4063 5772
1637 122 4 6 •
1649 123 3 14 ;
1665 129 3 4 -
1669 111 6 15 ;

1660 167 40 3 --
1784 147 20 25 2

2944 123 6 5 ■

1860 148 43 22 La
1919 148 158 25 Dernière
2094 147 109 23 Heure

151 243 109 19 UTILISEZ

187 271 37 13 noi

113 290 72 18 Petites
197 292 103 17 Annoncée

365 250 178 52 NOS
597 236 307 66 ÉCHOS

1000 240 138 19 CONSULTEZ

1052 269 36 13 noi

977 289 73 18 Fitltei
1062 289 102 16 Annoncei

85 360 191 28 Aujourd'hui
289 363 100 24 mardi

82 410 98 20 Monnaie,
194 412 11 16 S
219 412 26 19 h.,
261 418 8 9 •
284 413 35 16 Les
333 413 55 17 Trois
403 414 65 17 Valses
483 418 15 12 >.

86 437 55 19 Tare.
156 445 22 7 —
195 438 88 17 Relàcbp.

83 464 93 17 Galeries,
191 465 11 16 8
217 465 19 16 h.
253 466 37 19 1/2,
306 471 9 10 *
330 467 45 16 Jazz
391 471 16 13 ».
422 474 21 5 —
457 467 97 15 Dtrnlcre.

86 491 110 18 Alhambra,
210 492 11 16 8
234 491 21 18 b.
270 493 37 18 1/2,
322 498 9 10 «
346 492 66 18 VaLses
426 493 23 17 de
464 493 71 16 Vienne
550 496 16 13 ».

86 518 116 19 Vaudeville,
216 519 11 12 a
242 519 20 18 h,
275 519 28 20 30,
319 525 9 12 •
343 520 26 17 La
384 520 50 21 Cage
449 523 46 13 uni
509 519 84 18 l'oiBtftU
607 522 16 14 ».

85 544 85 19 UoUère,
184 545 10 17 8
208 545 18 16 h.
242 545 37 22 1/2,
294 552 8 8 «
317 546 25 19 Le
355 546 60 18 Train
429 549 48 17 pour
491 546 67 17 Venise
573 550 16 12 >.

86 570 64 20 Gaité,
165 571 11 18 8
190 571 21 18 h.
227 572 38 20 1/2,
282 578 9 10 a
307 572 98 18 Bruxelles
419 572 77 18 Timbré
513 578 15 11 ».

85 597 83 19 Théâtre
180 598 102 18 Flamand.
294 607 22 4 —
329 599 89 17 Relâche.

86 624 70 17 Folles-
158 624 59 20 Bergi
218 628 27 16 re,
259 626 11 17 8
285 625 26 20 h.,
328 632 9 9 ■
353 626 78 17 Brussel
445 625 99 20 geblokust
560 631 15 11 ».

85 667 76 18 VOYEZ
178 669 153 16 PROGRAMME
348 669 45 16 DES
410 669 112 17 CINEMAS.
540 669 82 17 MUSIC-

84 689 59 15 HAU.
157 689 29 17 ET
199 689 31 17 DE
243 688 63 18 T.8.F.
320 690 30 16 AU
364 689 202 17 COMMENCEMENT
580 689 43 16 DES

235 709 97 17 PETITES
348 710 124 16 ANNONCU-

214 752 287 39 Communiqués

90 792 71 32 des
186 792 170 35 théâtres
382 795 41 33 tt
448 795 176 33 concerts

105 866 98 17 Monnaie.
218 874 23 5 —
256 867 26 16 Ce
298 867 70 19 mardi,
384 867 12 16 k
411 867 22 17 20
450 867 25 18 h.,
493 872 9 10 a
519 866 35 18 Lee
569 866 56 18 Trou

81 886 67 17 Valses
162 892 8 9 a
191 890 46 13 avec
250 887 60 17 Mmes
322 887 65 17 Uvir.e
400 888 91 18 Mertens,
505 887 119 20 Lamprenne

82 909 21 14 et
118 906 67 19 Dénié;
203 907 46 17 MM.
266 907 91 18 Andrien.
375 908 80 19 Plergyl,
472 907 85 19 Claudel,
574 907 50 16 Tou-

83 926 57 19 tenel.
155 928 70 18 Parny.
238 935 23 5 —
274 928 100 19 Mercredi.
389 933 10 10 «
411 928 21 19 31
445 927 66 22 J'étais
524 928 34 16 Rot
573 932 16 11 ».
602 934 22 5 —

83 947 62 18 Jeudi,
161 950 24 14 en
199 947 90 19 matinée,
306 953 8 10 a
331 948 58 16 Faust
405 951 19 16 >;
439 952 26 13 en
479 948 67 18 soirée,
562 953 9 9 a
587 948 37 15 Ca-

84 967 80 17 vallerla
177 968 107 16 Rustlcana
298 973 8 10 a
321 970 20 15 et
354 974 10 10 «
377 969 25 16 Le
415 968 92 20 Jongleur
519 968 24 17 de
556 968 68 16 Notre-

83 987 61 17 Dame
163 993 15 11 a.
196 996 23 4 —
237 988 102 20 Vendredi,
358 994 9 10 a
385 989 36 17 Les
438 989 88 20 Dragons
544 988 24 18 de
586 988 38 16 VII-

140 1013 16 14 »,
172 1013 10 10 «
197 1008 25 17 Le
237 1009 79 19 Spectre
332 1009 24 17 de
372 1009 19 18 la
406 1010 49 16 Rose
473 1015 8 8 >
496 1010 22 17 et
533 1008 18 18 le
566 1008 59 16 ballet

83 1027 35 17 des
135 1028 80 17 Heures.
233 1037 22 4 —
273 1029 83 18 Samedi,
375 1033 25 13 en
418 1028 91 21 matinée,
529 1032 11 12 a
561 1029 17 15 ',:
599 1029 12 15 1:
620 1040 4 6 .

84 1048 83 17 Concert
183 1048 73 18 Walter
272 1050 95 17 Rummel:
386 1053 25 14 en
427 1049 67 19 soirée,
512 1054 10 10 .
538 1049 35 16 Les
590 1047 25 17 Pé-

83 1068 70 17 cheurs
166 1069 23 16 de
202 1069 64 18 Perles
279 1075 9 9 a
301 1071 22 15 et
336 1075 10 10 «
359 1070 25 16 Le
397 1070 69 16 Boléro
480 1075 16 11 a.
509 1077 21 5 —
545 1069 69 16 Diman-

84 1088 42 19 che,
145 1092 25 14 en
189 1089 91 20 matinée,
301 1095 9 10 a
329 1090 27 17 La
376 1090 80 17 Passion
476 1093 18 15 a;
514 1093 24 13 en
557 1089 61 16 soirée

84 1114 10 10 «
108 1109 35 17 Les
157 1110 55 16 Trois
226 1110 67 17 Valses
308 1116 16 11 a.
338 1118 22 5 —
374 1110 69 20 Lundi,
458 1116 9 11 a
482 1110 51 17 Mme
547 1110 75 16 Butter-

83 1129 30 20 Ily
126 1135 9 9 »
149 1132 20 14 et
183 1136 9 9 «
206 1130 24 16 Le
245 1131 80 19 Caprice
339 1131 96 19 Espagnol
449 1136 17 11 a.

107 1156 54 20 Pare,
180 1164 23 5 —
228 1156 35 17 Les
289 1156 97 17 dernières
412 1156 165 21 représentations
603 1155 22 18 de

90 1181 5 11 .
113 1176 61 18 aenrl
192 1177 25 17 rv
237 1182 15 14 a,
272 1176 17 17 le
309 1176 140 19 chef-d'œuvre
467 1177 24 16 de
510 1175 114 19 Pirandello,

84 1196 48 17 dont
147 1196 18 18 le
180 1196 66 18 succès
261 1199 102 18 augmente
379 1197 12 17 i
407 1197 73 20 chaque
495 1197 74 19 reprise
590 1199 25 13 au-

84 1218 47 15 ront
147 1216 38 18 lieu
201 1217 27 17 les
245 1217 53 19 Jeudi
315 1218 15 17 2,
349 1217 91 18 vendredi
456 1218 16 17 3,
489 1216 74 18 samedi
579 1217 11 16 4
605 1218 21 15 et

84 1236 103 18 dimanche
205 1237 11 17 5
234 1237 46 17 mal.
297 1237 96 17 Matinées
410 1237 18 17 le
445 1237 53 21 Jeudi
515 1237 11 17 2
547 1237 68 19 (Ascen-

84 1257 51 20 sion!
152 1258 21 17 et
187 1257 18 19 le
219 1257 103 18 dimanche
338 1258 12 16 à
366 1258 20 17 15
401 1258 75 16 heures.

107 1283 93 19 Galeries.
218 1291 23 5 —
259 1284 25 16 Oe
303 1283 63 17 mardi
384 1283 22 17 30
424 1283 56 19 avril,
500 1282 116 17 irrévocable-

84 1305 55 17 ment
160 1303 88 18 dernière
270 1304 155 20 représentation
445 1303 23 17 de
489 1304 63 18 Harry
574 1303 52 16 Baur

85 1322 50 18 dans
157 1329 9 9 a
187 1324 46 17 Jazz
255 1329 17 14 a,
293 1324 120 17 l'admirable
435 1323 52 21 pièce
509 1323 23 17 de
554 1322 71 18 Marcel

85 1344 78 19 Pagncl.
182 1344 94 17 Mercredi
296 1344 31 16 ler
345 1344 46 20 mal,
410 1344 76 17 relâche
505 1346 47 17 pour
571 1342 44 21 répé-

84 1364 60 18 tition
158 1364 95 21 générale.
266 1365 15 18 A
296 1365 62 19 partir
373 1364 23 17 de
409 1364 53 20 Jeudi
476 1364 11 16 2
501 1367 44 15 mas,
561 1363 64 16 Victor

84 1381 89 20 Frâncen
216 1386 21 15 et
270 1385 111 19 Jacqueline
415 1384 87 17 Prancell
535 1384 91 19 Joueron.

85 1410 9 8 .
108 1405 92 17 L'Amour
212 1404 80 21 Masqué
305 1410 16 14 a,
334 1405 25 17 de
370 1405 64 19 Sacha
447 1405 70 19 Guitry
530 1405 19 16 et
563 1402 63 19 André

84 1425 104 20 Messager.

107 1451 111 20 Alhambra.
234 1459 23 5 —
272 1456 10 10 «
298 1451 67 17 Valses
380 1450 25 18 de
420 1451 73 16 Vienne
510 1455 9 10 a
535 1451 31 16 est
582 1449 43 17 bien

85 1471 20 18 la
125 1471 73 20 grande
218 1471 86 20 opérette
324 1470 67 20 idéale,
412 1470 25 17 où
458 1470 18 17 la
496 1470 86 20 musique
602 1469 23 17 de

84 1492 79 17 Johann
178 1492 79 20 Strauss
272 1492 45 20 père
331 1493 21 15 et
367 1492 32 16 fils
414 1491 62 19 enjôle
490 1494 20 13 e.
526 1490 58 17 ravit.
599 1490 27 16 La

83 1511 127 20 distribution
227 1512 133 20 remarquable
378 1512 127 18 comprenant
521 1511 50 17 Tina
588 1511 35 15 Ba-

84 1532 58 19 rltza,
160 1532 140 18 Bartholomez.
319 1532 71 16 Hélène
408 1532 70 18 Cartry
495 1532 21 15 et
535 1531 53 16 »oute
607 1530 19 16 la

84 1552 114 17 nombreuse
211 1553 68 19 troupe
292 1552 49 20 plait
355 1552 119 17 infiniment.
488 1550 93 18 Mercredi
596 1551 30 16 1er

84 1572 47 19 mai.
148 1572 54 20 Jeudi
219 1572 10 17 2
250 1572 120 19 (Ascension)
390 1573 21 16 et
429 1571 102 18 dimanche
549 1571 16 19 3,
584 1574 32 13 ma-

85 1592 62 18 tinées
161 1593 11 16 â
188 1594 19 15 la
221 1593 76 17 heures.

107 1618 115 18 Vaudeville.
236 1627 22 4 —
270 1618 22 17 Si
304 1618 39 19 l'on
356 1619 46 16 veut
414 1621 67 16 passer
494 1621 37 12 ui.e
544 1616 72 20 réjouis-

84 1640 58 16 sante
158 1638 65 20 soirée,
240 1642 25 13 on
281 1638 41 18 doit
336 1638 48 18 aller
399 1638 41 18 voir
455 1638 92 18 Darman.
565 1641 15 12 .c
597 1638 29 16 ro:

85 1659 34 17 des
135 1659 101 20 comiques,
252 1658 50 17 dans
317 1659 18 17 le
350 1661 88 17 nouveau
453 1657 106 19 vaudeville
575 1662 9 10 a
599 1657 27 16 La

86 1683 46 16 cage
151 1683 47 13 sans
216 1679 83 17 z'oiseau
319 1684 16 11 a.
354 1679 35 16 Les
408 1678 112 17 trouvailles
538 1677 34 18 des
590 1680 25 14 au-

86 1701 60 18 teurs,
163 1700 49 17 deux
228 1699 126 20 spécialistes.
370 1699 48 16 Paul
433 1699 46 16 Max
496 1699 19 16 et
532 1698 45 18 Max
595 1697 31 17 VI-

85 1720 61 18 terbo.
163 1721 45 15 sont
226 1720 99 17 follement
343 1719 126 20 ingénieuses.
488 1719 25 17 Ce
531 1717 96 20 spectacle

86 1743 25 14 ne
130 1743 71 15 pourra
220 1740 51 17 tenir
290 1739 87 18 l'affiche
396 1743 37 16 que
453 1739 20 17 16
492 1739 54 20 Jou'S
564 1738 51 17 seule-

86 1761 60 16 ment.

109 1785 84 18 Molière.
206 1794 22 4 —
240 1786 60 16 Etant
313 1784 63 18 donné
390 1785 17 17 le
420 1788 44 17 gros
476 1784 66 17 succès
556 1783 70 18 obtenu

87 1810 37 18 par
143 1812 10 10 «
172 1807 25 16 Le
215 1806 61 17 Train
295 1809 49 17 pour
363 1805 69 17 Venise
452 1811 15 13 ».
487 1805 19 16 la
525 1804 102 17 délicieuse

87 1826 85 18 comédie
186 1827 23 19 de
223 1827 57 16 Louis
295 1826 89 19 Verneull
398 1828 20 15 et
433 1826 83 19 eGorges
530 1826 55 18 Berr,
599 1825 28 16 lea

85 1847 166 20 représentations
276 1850 24 13 en
325 1848 44 15 sont
395 1845 118 21 prolongées.
539 1845 87 17 Pendant

87 1867 89 22 quelques
193 1868 53 19 Jours
264 1870 68 14 encore
349 1867 50 16 cette
415 1866 53 20 pièce
484 1865 143 18 excellemment

85 1887 117 21 interprétée
216 1891 37 16 par
266 1887 80 18 Charles
359 1887 105 18 Schauten,
479 1885 80 19 Charles
573 1886 53 17 Gon-

87 1908 45 19 tler,
148 1907 105 18 Germaine
268 1907 77 19 Duclos,
362 1908 75 16 Gaston
454 1906 70 18 Varrès
540 1907 19 16 et
575 1904 53 18 René

86 1928 89 20 Darmor,
190 1928 44 17 fera
248 1928 28 16 lea
291 1927 70 18 délices
375 1927 34 17 des
424 1927 68 17 fidèles
507 1927 120 19 spectateurs

86 1948 24 17 de
123 1948 18 17 Ls
154 1948 77 20 gentille
243 1947 131 19 bonbonnière
387 1947 23 18 de
423 1947 20 18 la
455 1951 34 13 rue
502 1947 25 19 du
539 1946 88 18 Bastion.

111 1973 62 18 Gaité.
189 1982 22 5 —
224 1974 18 17 Tl
256 1977 24 13 ne
294 1973 45 17 faut
353 1976 36 18 pas
403 1976 94 17 manquer
510 1972 68 17 d'aller
593 1975 24 16 ap-

87 1994 78 21 plaudir
180 1999 10 10 «
205 1994 99 17 Bruxelles
318 1993 77 17 Timbré
411 1999 15 13 a,
442 1996 58 14 revue
515 1991 113 18 d'actualité

88 2015 23 17 de
128 2015 22 17 N.
168 2015 68 19 Baroy,
254 2014 49 17 dans
320 2014 81 21 laquelle
419 2013 119 20 triomphent
555 2013 73 19 chaque

88 2035 40 17 soir
144 2038 6 14 :
165 2035 84 19 Rittche,
263 2035 94 18 Festerat,
372 2034 93 17 Germain
479 2034 85 20 Benotst,
578 2033 50 17 Jean

87 2054 65 21 PieUe,
167 2055 19 17 J.
202 2055 68 19 Miller,
287 2055 24 16 G.
326 2054 60 20 Méry,
402 2055 21 18 p.
439 2055 79 18 France,
535 2055 53 18 Pany
604 2053 24 19 de

87 2075 55 19 Real,
155 2076 55 18 Tony
224 2075 64 20 Eagly,
304 2075 27 17 les
345 2075 123 20 Gaity-Girls
482 2075 20 16 et
515 2074 113 17 l'orchestre

87 2096 55 20 Tony
157 2096 55 16 Vaes.

111 2121 83 17 Théâtre
213 2121 101 17 Flamand.
332 2129 22 4 —
373 2121 26 16 Ce
417 2120 63 17 mardi
499 2120 27 19 30,
546 2119 82 17 relâche.

89 2142 95 17 Mercredi
202 2142 30 17 ler
249 2142 22 17 et
286 2141 54 21 Jeudi
357 2141 11 17 2
386 2141 45 18 mai.
450 2141 12 17 à
479 2141 22 17 20
519 2140 26 19 h.,
564 2146 9 11 a
591 2141 37 16 Het

89 2162 54 17 Land
158 2167 16 14 a,
188 2162 18 17 le
219 2162 66 17 drame
299 2161 79 17 d'Emile
392 2161 53 17 Zola.
459 2161 30 17 Un
504 2161 66 18 drame
584 2164 35 17 pro-

89 2182 113 17 fondément
216 2182 128 20 passionnant
359 2182 32 19 qui
406 2185 12 14 a
432 2181 89 17 retrouvé
535 2184 35 14 sou
585 2184 34 13 suc-

90 2202 31 17 cès
137 2203 24 18 de
177 2202 58 21 jadis.
251 2202 96 18 Vendredi
363 2203 9 15 3
390 2202 45 18 mal.
452 2202 83 16 relèche.
551 2200 77 17 Samedi

88 2224 12 16 4
112 2223 45 20 mal,
171 2222 93 21 première
276 2223 73 19 reprise
361 2222 24 17 de
397 2228 10 9 «
420 2223 59 17 Hoera
491 2222 20 16 'n
523 2222 76 19 Jongen
612 2226 15 14 a,

88 2243 19 17 le
120 2242 65 18 succès
199 2243 23 17 de
236 2243 34 17 fou
283 2243 38 17 rire
335 2242 24 18 de
371 2242 72 18 Arnold
458 2244 19 15 et
489 2242 60 17 Bach.

112 2268 158 20 Folies-Bergère.
286 2277 23 5 —
324 2269 52 16 Tous
391 2268 28 17 las
435 2269 54 19 soirs,
507 2273 12 12 a
535 2268 22 17 2u
574 2270 18 14 n.
609 2270 18 14 et

89 2289 53 20 Jeudi
162 2289 120 18 (Ascension)
300 2288 85 18 matinée
402 2288 12 18 à
430 2289 10 17 3
455 2288 21 18 h.
493 2288 26 19 15,
536 2288 19 17 la
572 2291 56 14 revue

90 2314 11 11 «
114 2309 78 17 Brussel
206 2309 99 20 geblokust
320 2315 15 13 a,
351 2309 23 17 de
387 2309 59 17 Baets
459 2310 21 16 et
494 2308 42 20 Léo,
551 2308 10 17 3
576 2310 53 15 actes

90 2331 20 16 et
125 2330 22 17 30
160 2329 91 18 tableaux
266 2330 107 18 amusants,
388 2333 46 13 avec
449 2329 69 17 Bsther
532 2328 96 20 rieltenre,

89 2350 52 17 Frits
158 2350 118 19 Vaerewyc-,
294 2349 45 17 José
356 2350 111 18 Morrlsson,
485 2349 74 17 Jeann.
578 2349 50 16 tViu-

90 2369 82 20 terberg,
187 2370 78 21 Devogt,
282 2370 72 20 Didier,
370 2371 16 15 B
384 2370 74 20 crodes,
474 2370 86 19 Immers,
576 2369 43 18 Van-

90 2390 24 17 de
130 2391 58 19 Gaer,
203 2389 80 22 Liliane,
300 2391 36 16 etc.

1008 528 148 20 Températures

990 550 85 17 maxlma
1097 548 64 16 mtnt—
1158 549 19 14 ut

641 570 98 18 Bruxelles
1023 570 19 16 1«
1130 568 10 16 •

643 590 68 19 Vlrton
1021 590 21 18 M
1128 588 12 17 1

642 610 81 19 Nivelles
1022 609 21 19 il
1129 608 12 16 »

641 630 80 21 Chimay
1022 630 21 20 17
1130 628 10 19 '

641 651 48 17 Brée
1022 650 21 17 W
1130 649 11 16 •

642 671 39 20 Spa
1022 670 20 17 17
1130 669 10 16 3

641 692 107 17 Tlrlemont
1023 691 20 16 1«
1131 690 10 15 »

645 712 73 17 Anvers
850 723 13 5 _
1021 711 21 18 Il
1129 709 11 17 •

642 732 141 19 Saint-Hubert
1022 731 21 18 Il
1130 729 11 17 ■

642 752 76 17 Salnle.
720 754 40 16 Ode
1023 750 21 18 Il
1131 750 10 15 3

642 773 84 17 Ostende
1023 772 20 17 14
1131 771 10 16 a

724 799 138 18 Observations
874 799 13 19 i
900 799 62 19 TJeeU,
976 798 12 17 k
1000 798 22 18 U
1035 798 69 19 Usures

645 824 112 18 Baromètre
780 826 50 16 (1012
851 825 93 17 millibars
964 825 18 19 I)
1093 823 77 16 759mm.
1172 822 9 15 7

644 845 102 17 Tendance
767 846 141 19 barométrique
1094 842 87 18 Descend

645 865 62 17 Heure
723 866 23 17 de
761 866 55 18 soleil
1107 863 11 17 0
1128 863 21 18 h.
1160 863 21 15 00

1144 882 41 19 13"S

1153 904 32 15 d-o

1139 923 43 18 *5Vt

1114 943 55 17 0mm.
1172 943 10 16 0

1128 963 54 17 S.-O.

1134 984 11 19 2
1156 987 26 14 m.

1113 1004 66 17 l'Il'O

112 2443 30 17 Un
163 2443 81 16 Concert
264 2442 24 18 de
308 2442 58 20 piano
386 2442 72 17 Walter
478 2442 87 18 Rumine!
585 2446 43 14 sera

90 2463 63 17 donné
166 2466 25 14 au
203 2462 84 18 Théâtre
298 2462 23 17 de
334 2463 20 16 la
366 2463 97 19 Monnaie,
475 2462 75 18 samedi
560 2464 11 16 4
583 2464 45 17 mal,

91 2483 12 18 â
123 2484 21 17 11
162 2484 75 16 heures.
257 2483 28 17 La
303 2482 85 18 location
406 2484 32 16 est
457 2484 84 16 ouverte.
559 2482 42 18 TéL
622 2486 6 15 :

92 2504 76 17 11.12.01
182 2504 21 17 tt
215 2503 85 18 11.12.02.

647 362 39 23 La
703 362 220 26 Température

738 411 112 17 INSTITUT
867 408 222 20 IIET-OHOLOGIQ-E

831 431 31 18 DE
877 430 121 21 BELGIQUE

737 484 117 17 BULLETIH
871 484 33 17 DU
920 484 22 17 2»
959 482 72 18 AVRIL
1049 481 41 17 1040

644 886 136 20 Température
800 887 103 18 maximum

644 906 136 19 Température
802 907 100 16 minimum

646 927 96 16 Humidité

645 946 40 16 Eau
710 947 94 16 recueillie

645 966 99 17 Direction
764 967 27 17 du
806 968 52 16 -vent

647 987 72 17 Vitesse
741 987 27 19 du
791 989 45 16 vent

644 1007 122 18 Déclinaison
785 1007 122 20 magnétique

646 1027 41 17 Ciel
701 1029 85 15 couvert.

645 1048 58 19 Soleil
716 1051 6 14 :
735 1048 51 17 lever
798 1049 10 16 5
820 1048 20 17 h.
853 1048 28 19 Il;
896 1047 81 17 coucher
988 1046 22 18 10
1022 1046 21 18 h.
1055 1046 21 17 01

646 1068 51 17 Lune
712 1073 5 13 :
731 1068 51 17 lever
794 1069 11 16 2
818 1069 20 16 h.
850 1069 29 18 24;
894 1067 82 18 coucher
989 1067 20 17 12
1022 1066 20 18 h.
1054 1066 22 17 54

841 1095 34 17 Les
891 1094 74 16 marées
983 1097 6 13 i

667 1121 85 16 Ostende
768 1124 5 14 :
786 1121 12 16 7
811 1121 69 17 heures
894 1121 20 16 13
928 1121 19 16 et
963 1120 19 17 11
996 1119 69 19 heures
1079 1119 27 16 48.

667 1141 73 17 Anvers
756 1144 6 14 :
777 1141 21 17 10
811 1141 69 17 heures
894 1141 20 17 19
926 1142 21 16 et
961 1140 21 17 22
995 1140 70 17 heures
1078 1139 22 17 4S

646 1209 11 9 «
670 1200 42 20 Les
726 1200 109 21 Galettes
847 1200 29 21 de
889 1200 114 20 Hollande
1016 1208 12 9 >

672 1247 75 22 L'idée
767 1249 69 25 qu'on
857 1247 105 26 pourrait
981 1246 84 23 établir
1085 1246 24 22 la
1129 1250 43 16 cen-

645 1277 54 17 sure
719 1277 15 17 a
754 1272 48 26 jeté
823 1272 75 22 l'émoi
919 1273 59 21 dans
999 1272 64 21 toute
1083 1271 23 21 la
1127 1270 45 21 Hol-

647 1298 75 22 lande,
746 1300 31 19 ce
802 1302 58 25 pays
881 1298 56 22 s'est
960 1297 99 23 aussitôt
1081 1299 104 18 souvenu

646 1327 44 41 Sue
713 1323 24 22 la
760 1323 82 21 liberté
866 1323 28 21 de
918 1323 24 21 la
965 1323 81 22 Presse
1070 1320 59 22 était
1152 1324 34 18 un

662 1352 65 20 ogme
746 1348 39 24 qui
803 1353 25 16 se
847 1347 138 23 confondait
1002 1351 57 17 avec
1077 1345 60 21 celui
1157 1345 28 21 de

646 1373 22 21 la
684 1373 81 22 liberté
780 1373 32 21 du
825 1377 64 26 pays.

672 1399 102 20 N'est-ce
789 1403 42 21 pas
846 1393 60 26 (fans
920 1397 33 21 les
968 1397 119 26 Pays-Bas
1102 1400 44 23 que
1160 1399 25 17 se

647 1423 98 25 publiait
763 1423 23 22 la
805 1423 105 22 fameuse
931 1432 9 9 •
962 1422 98 21 Gazette
1079 1421 29 22 de
1128 1420 44 21 Hol-

646 1448 69 21 lande
730 1458 9 11 a
754 1448 40 26 qui
807 1447 65 24 était,
885 1448 52 25 plus
950 1446 153 24 exactement,
1118 1453 9 15 ■
1142 1446 43 20 Les

647 1474 109 20 Gazettes
782 1473 29 22 de
836 1473 115 21 Hollande
978 1482 18 14 .,
1022 1475 98 21 organes
1145 1470 41 21 des

648 1498 99 26 réfugiés
765 1498 59 22 dans
842 1498 120 25 lesquelles
981 1497 27 21 ils
1027 1495 159 27 Imprimaient

647 1524 60 22 leurs
723 1523 107 22 défenses
846 1524 24 20 et
885 1523 62 22 leurs
962 1523 115 24 attaques,
1092 1520 94 22 surtout

647 1549 79 21 contre
741 1548 68 23 Louis
824 1549 62 22 XIV.

672 1573 97 25 D'après
794 1573 81 24 Hatin,
900 1571 129 24 l'historien
1055 1571 40 22 des
1120 1569 53 25 Jour-

648 1603 69 19 naux,
742 1608 9 10 a
777 1599 44 21 Les
846 1598 110 23 Gazettes
980 1597 29 20 de
1033 1595 115 23 Hollande
1175 1604 8 10 a

646 1623 90 21 étaient
759 1623 34 21 les
819 1623 110 22 Gazettes
955 1621 177 23 d'Amsterdam,
1157 1619 29 23 de

647 1648 81 27 Leyde,
747 1648 127 25 d'Utrecht,
894 1648 28 21 de
941 1646 145 26 Rotterdam,
1105 1645 29 21 de
1152 1645 33 21 La

648 1675 70 23 Haye,
732 1674 43 22 etc.
787 1684 29 5 —
828 1674 27 22 V.

652 1706 32 20 La
701 1705 95 21 fortune
812 1704 136 25 appartient
964 1708 47 18 aux
1028 1702 129 22 audacieux

677 1752 26 22 Si
716 1757 27 16 ce
757 1752 53 21 vieil
824 1751 75 25 adage
914 1752 36 20 est
965 1750 88 27 parfois
1067 1749 121 24 confirmé,

652 1778 16 20 il
681 1779 37 19 est
738 1778 113 24 pourtant
871 1776 85 26 prouvé
976 1780 45 21 que
1041 1776 24 20 la
1085 1776 103 20 Fortune

652 1808 29 18 va
700 1803 53 22 bien
772 1802 52 27 plus
855 1802 121 22 sûrement
1007 1806 48 17 aux
1073 1804 102 17 commer-

651 1829 68 24 çants
735 1828 76 22 avisés
828 1828 24 21 et
882 1827 114 26 prudents
1026 1826 39 25 qui
1082 1825 105 21 utilisent

652 1854 33 21 les
705 1853 87 22 Petites
811 1853 123 21 Annonces
954 1852 29 21 de
1005 1852 51 21 «La
1077 1850 110 21 Dernière

654 1879 75 21 Heure
744 1887 18 14 .,
1066 1875 122 22 (D4497/14

649 1910 121 22 Anastasie

674 1959 33 20 Oe
724 1958 56 24 mot,
797 1957 40 27 qui
854 1956 117 27 désignait
988 1956 23 22 la
1029 1959 103 21 censure,
1149 1954 39 22 fut

648 1983 85 25 adopté
753 1983 87 22 durant
859 1983 21 20 le
899 1981 86 22 second
1003 1981 100 26 Empire.

674 2009 123 21 Comment
806 2009 11 20 ?
838 2007 154 28 Simplement
1011 2010 70 22 parce
1100 2010 45 22 que
1165 2005 22 21 le

650 2038 54 17 nom
720 2032 59 23 était
794 2033 15 22 k
825 2033 23 21 la
863 2032 75 23 mode,
954 2036 89 17 comme
1059 2030 89 23 Arthur
1164 2030 24 21 et

650 2059 88 24 Ernest,
754 2059 56 21 chez
824 2058 34 20 les
874 2056 177 23 vaudevillistes.

674 2084 39 21 On
740 2083 22 23 le
790 2084 113 23 retrouve,
932 2087 30 16 en
991 2082 58 23 1874,
1077 2080 60 21 dans
1165 2079 22 21 le

652 2119 8 8 .
677 2108 194 25 Trombinoscope
888 2117 9 11 a
914 2107 28 21 de
957 2106 155 24 Touehatout,
1126 2105 62 21 suite

649 2134 28 21 de
691 2133 146 26 biographies
852 2133 201 25 tlntamaresques.
1066 2132 39 21 On
1119 2135 15 20 y
1148 2130 37 21 lit:

677 2168 9 10 .
701 2160 102 20 Censure
817 2168 9 10 .
844 2157 143 23 (Anastasie)
994 2162 6 17 :
1015 2157 90 21 Illustre
1118 2154 69 26 engin

650 2184 132 22 liberticide.
818 2182 44 22 née
899 2187 55 16 sous
991 2182 22 21 le
1050 2181 71 25 règne
1158 2180 29 21 de

649 2209 67 22 Louis
729 2209 68 23 XIII,
810 2209 44 20 etc.
868 2219 27 5 —
907 2208 28 22 V.

649 2240 87 24 Soyons
750 2239 130 24 optimistes

674 2289 77 24 Ayons
767 2287 122 22 confiance
905 2288 25 20 et
945 2291 31 16 ne
990 2290 60 18 nous
1065 2285 123 26 plaignons

649 2318 42 21 pas
719 2314 21 21 si
768 2314 77 21 même
873 2312 116 23 certaines
1019 2312 80 21 choses
1130 2316 59 16 nous

649 2340 134 24 manquent,
825 2339 17 21 il
883 2343 59 17 nous
984 2339 61 20 reste
1087 2337 102 25 l'Export

649 2365 188 25 Vandenheuvel,
857 2364 24 22 la
901 2364 119 21 meilleure
1042 2363 41 22 des
1103 2363 86 22 Bières.

1079 2389 110 22 (H4001/2

651 2424 33 20 La
698 2422 77 22 farine
789 2422 29 21 de
832 2422 104 22 froment

90 2556 80 21 Est-ce
187 2556 71 21 vrai?

116 2605 21 20 Il
152 2609 60 17 nous
228 2604 89 21 revient
334 2608 44 22 que
394 2603 33 22 les
444 2607 98 20 organes
559 2604 30 21 de
605 2604 23 21 la

90 2630 148 25 propagande
258 2630 130 21 allemande
409 2629 102 23 destinés
538 2631 13 21 à
579 2629 49 23 être

90 2656 123 20 distribués
241 2660 31 16 en
299 2655 110 25 Belgique
431 2656 25 20 et
478 2655 137 22 vraisembla-

89 2681 103 21 blement
206 2685 31 17 en
250 2681 96 24 France,
361 2681 105 21 arrivent
480 2680 15 23 k
509 2682 119 23 Bruxelles

89 2711 90 16 comme
200 2706 55 21 colis
276 2706 184 28 diplomatiques,
481 2706 105 23 adressés
614 2707 15 22 à

89 2732 152 21 l'ambassade
259 2732 164 24 d'Allemagne.

116 2758 63 21 C'est
198 2758 62 20 ainsi
281 2762 44 20 que
345 2758 104 21 seraient
470 2762 116 21 parvenus
614 2757 15 22 k

88 2783 119 21 Bruxelles
214 2787 33 17 un
253 2783 97 21 nombre
365 2783 158 21 considérable
529 2784 89 21 d'exem-

91 2809 85 25 plaires
193 2809 32 20 du
241 2809 91 21 volume
351 2818 9 9 »
378 2809 44 21 Les
438 2809 110 22 atrocités
566 2814 51 16 com-

90 2834 70 21 mises
174 2838 44 21 par
231 2834 34 21 les
278 2834 108 21 Polonais
401 2835 82 21 contre
497 2835 133 20 Allemands

91 2860 30 21 de
136 2860 101 24 Pologne
254 2868 10 10 >
281 2861 25 19 et
320 2860 65 22 aussi
399 2864 48 17 une
462 2860 107 26 quantité
586 2861 33 22 tm

93 2886 109 24 portante
226 2885 28 20 de
278 2885 24 21 la
326 2885 79 21 feuille
429 2886 29 20 de
482 2886 150 26 propagande

91 2910 133 21 allemande
239 2918 10 10 «
264 2910 136 21 Paris-Noir
416 2919 18 12 ..

118 2936 36 21 En
171 2936 68 20 vertu
256 2935 29 21 de
302 2935 139 23 l'immunité
459 2936 173 25 diplomatique,

91 2965 38 16 ces
140 2961 79 20 lourds
231 2961 24 20 et
265 2961 129 23 nombreux
406 2961 55 21 colis
473 2966 31 16 ne
515 2961 118 23 subissent

90 2990 79 17 aucun
183 2986 104 21 contrôle
303 2987 15 21 à
333 2986 96 21 l'entrée
444 2991 30 16 en
489 2987 117 26 Belgique.

117 3012 36 20 De
167 3011 85 25 pareils
266 3011 116 26 procédés,
397 3012 21 21 si
433 3013 68 21 notre
516 3013 102 23 informa-

92 3037 50 21 tion
171 3038 36 20 est
236 3038 86 23 exacte,
346 3042 30 16 ne
406 3038 136 25 portent-ils
565 3039 68 25 point

91 3063 100 21 atteinte
219 3062 16 21 k
261 3063 68 21 notre
357 3063 126 23 neutralité
492 3064 12 21 ?
525 3065 64 21 Nous
611 3065 22 20 le

91 3088 145 22 demandons
252 3088 15 21 à
282 3089 32 20 M.
331 3089 78 24 Spaak
426 3090 24 20 et
466 3089 14 21 à
496 3094 44 16 son
555 3090 65 22 admi-

90 3115 81 19 rateur
196 3114 113 24 Degrelle,
335 3114 126 25 champion
494 3115 139 25 Infatigable

90 3139 70 22 d'une
179 3139 110 25 Belgique
306 3140 149 23 strictement
472 3141 91 21 neutre.

117 3165 22 21 n
153 3166 36 20 est
203 3165 51 21 vrai
267 3169 45 21 que
328 3173 10 11 •
346 3166 137 23 Paris-Noir
491 3175 8 10 a
516 3167 61 21 n'est
591 3171 43 22 pas

90 3190 100 22 Interdit
211 3195 30 16 en
262 3191 117 25 Belgique,
401 3196 58 20 pour
481 3192 87 23 autant
589 3197 44 22 que

91 3220 60 17 nous
165 3216 117 22 sachions.

92 3255 111 20 L'affaire
218 3255 41 23 des
274 3255 77 22 bottes

119 3303 69 20 Cette
201 3303 129 24 intrigante
346 3302 134 25 expédition
494 3303 30 21 de
538 3304 97 20 souliers

93 3329 15 21 à
130 3332 34 18 un
184 3328 132 24 marchand
337 3329 29 21 de
394 3329 117 25 fourrage,
539 3330 40 25 qui
601 3330 35 23 dit

92 3354 90 23 D'avoir
199 3354 51 21 rien
268 3354 138 23 commandé
425 3355 29 21 de
472 3360 27 16 ce
516 3359 72 21 genre
605 3360 31 16 en

92 3379 112 26 Norvège,
224 3380 62 22 n'est
306 3385 42 19 pas
370 3385 84 17 encore
474 3380 114 22 éclaircle.
615 3381 21 21 H

93 3405 126 24 paraîtrait
240 3406 114 24 pourtant
373 3410 46 20 que
440 3406 23 21 le
484 3406 153 23 destinataire

93 3430 80 23 aurait
186 3430 115 22 demandé
314 3431 24 22 la
352 3431 174 26 réexportation
539 3432 30 23 de
576 3433 61 21 cette

94 3456 165 23 marchandise
275 3461 52 18 vers
344 3457 152 25 l'Allemagne
513 3458 24 21 et
554 3458 83 22 attend

94 3481 25 23 la
135 3481 87 23 licence
239 3482 178 25 d'exportation.

98 3520 37 20 Un
150 3519 71 21 fidèle

676 2471 33 21 La
723 2470 142 21 fabrication
878 2470 29 22 de
921 2469 89 21 farines
1024 2469 132 25 provenant
1161 2468 29 20 de

651 2496 23 22 la
691 2497 108 22 mouture
815 2495 114 21 exclusive
946 2494 41 21 des
1004 2494 49 21 blés
1070 2493 120 24 indigènes

651 2522 36 21 est
702 2520 127 23 désormais
845 2519 116 23 autorisée
978 2524 31 17 en
1024 2519 80 22 raison
1121 2518 29 21 de
1166 2519 23 21 la

651 2546 113 22 situation
780 2545 156 26 économique.

677 2572 39 21 On
726 2572 48 21 sait
785 2576 51 21 que,
847 2570 93 26 jusqu'à
951 2570 102 25 présent,
1064 2570 17 21 il
1094 2574 31 16 ne
1131 2573 47 22 pou-

650 2597 50 21 vait
714 2598 79 20 entrer
807 2596 60 22 dans
881 2596 25 21 la
920 2595 78 22 farine
1014 2595 71 26 qu'un
1100 2594 91 22 certain

652 2623 156 24 pourcentage
822 2621 29 23 de
865 2621 37 22 blé
916 2621 33 21 du
962 2625 65 21 pays.
1040 2630 28 6 —
1080 2620 31 22 X

649 2654 95 20 Grottes
765 2654 29 20 de
814 2654 55 21 Han
889 2653 25 21 et
934 2653 30 21 de
984 2651 129 23 Rochefort
1121 2657 7 16 :

648 2702 98 24 superbe
768 2701 128 24 excursion,
917 2701 79 21 routes
1017 2700 77 22 libres.
1116 2701 75 20 Cause

649 2728 177 23 circonstances,
841 2727 122 22 réduction
978 2727 89 26 except.
1073 2727 26 21 35
1108 2727 22 22 %
1139 2727 53 20 tous

649 2754 114 25 visiteurs,
782 2754 27 21 60
830 2754 22 22 %
874 2753 103 21 enfants.
1120 2753 70 22 (D555

652 2786 61 22 Pour
731 2785 22 23 le
769 2785 68 23 lundi

1208 222 108 51 LE
1365 216 380 57 CONSEIL

1221 293 110 50 DE
1357 286 373 57 CABINET

1322 400 40 32 IL
1381 399 31 33 A
1429 394 199 37 ENTENDU

1319 446 55 31 DE
1393 440 244 36 NOMBREUX

1361 489 224 35 RAPPORTS

1229 557 38 21 Un
1281 557 86 21 conseil
1381 556 30 21 de
1425 555 93 21 cabinet
1531 554 55 21 s'est
1601 555 63 20 tenu,
1678 550 66 22 lundi

1205 582 144 25 après-midi,
1362 582 30 21 de
1406 582 25 20 14
1444 581 24 21 h.
1481 581 26 20 30
1521 579 14 21 à
1549 580 25 20 18
1588 579 90 22 heures,
1690 580 55 17 sous

1204 607 23 21 la
1241 607 134 26 présidence
1389 607 29 21 de
1432 607 32 20 M.
1478 605 93 24 Pierlot,
1586 603 99 27 premier
1699 602 34 21 mi-

1204 633 79 22 nistre.

1389 664 39 20 LA
1441 662 120 22 MARINE

1230 697 32 19 M.
1277 696 112 23 Delfosse,
1404 696 106 21 ministre
1525 694 40 22 des
1580 691 153 25 Communica-

1205 721 68 24 tions,
1286 726 14 15 a
1313 720 84 25 exposé
1411 721 33 20 les
1457 724 103 18 mesures
1573 719 39 25 qui
1624 717 120 22 devraient

1205 746 102 25 présider
1329 746 15 23 il
1366 746 24 21 la
1412 746 58 21 mise
1493 750 30 17 en
1545 741 163 27 disponibilité,
1732 741 14 21 à

1205 770 102 25 l'avenir,
1320 771 41 21 des
1375 773 82 22 agents
1472 771 28 20 de
1514 771 23 20 la
1552 769 90 21 marine
1656 767 77 22 autori-

1204 796 36 21 sés
1253 796 16 21 à
1281 797 133 20 contracter
1427 801 33 15 un
1473 796 154 23 engagement
1641 793 59 22 dans
1713 792 34 21 les

1204 822 141 24 entreprises
1358 821 133 21 nationales
1505 819 161 22 d'armement.

1326 861 53 20 LES
1396 860 68 21 LOIS
1482 858 143 22 SOCIALES

1230 892 32 20 M.
1281 891 134 25 Balthazar,
1434 891 107 21 ministre
1559 890 33 20 du
1610 888 102 24 Travail,
1732 893 15 17 a

1205 917 45 22 fait
1266 919 97 22 rapport
1377 922 41 15 sur
1434 917 33 20 les
1483 915 174 22 modifications
1673 914 15 20 à
1704 917 30 21 ap-

1206 943 78 24 porter
1302 942 15 23 à
1335 943 23 22 la
1376 943 32 20 loi
1426 942 31 22 du
1475 943 14 20 4
1506 941 57 22 août
1582 941 51 21 1930
1651 939 97 22 relative

1205 972 47 16 aux
1273 967 138 23 allocations
1433 967 126 22 familiales
1581 970 47 17 aux
1651 964 84 22 travail-

1206 992 60 21 leurs
1280 992 104 22 salariés.

1232 1019 20 20 Il
1271 1023 15 16 a
1305 1018 84 25 exposé
1408 1022 30 17 au
1458 1017 86 21 conseil
1563 1017 34 20 les
1616 1016 132 21 conditions

1206 1043 59 21 dans
1283 1043 120 25 lesquelles
1422 1043 16 21 11
1457 1042 161 22 conviendrait
1637 1041 28 21 de
1684 1040 64 21 créer

1206 1073 32 16 un
1258 1069 70 20 fonds
1347 1069 30 20 de
1395 1068 126 21 solidarité.
1541 1069 38 20 Un
1599 1066 77 26 projet
1695 1070 52 17 sera

1206 1093 84 25 déposé
1308 1094 24 21 la
1349 1094 105 23 semaine
1472 1093 134 27 prochaine.

1245 1132 121 21 CONTRE
1380 1133 38 20 LA
1432 1132 117 21 HAUSSE
1562 1131 57 21 DES
1633 1129 76 21 PRIX

1232 1164 32 20 M.
1279 1164 36 20 De
1330 1164 121 24 Schryver,
1466 1163 107 21 ministre
1588 1163 42 20 des
1645 1161 104 21 Affaires

1205 1188 169 26 économiques,
1390 1194 14 15 a
1421 1189 45 21 fait
1481 1189 97 25 rapport
1592 1192 41 17 sur
1649 1187 33 21 l-'S
1697 1191 38 17 me-

1205 1218 66 18 sures
1287 1214 14 21 k
1318 1214 99 26 prendre
1434 1219 58 21 pour
1509 1214 107 25 prévenir
1631 1214 26 20 et
1673 1211 62 26 répri-

1206 1243 50 16 mer
1271 1239 33 21 les
1320 1239 58 21 abus
1394 1240 60 20 dans
1470 1240 21 21 le
1508 1242 128 19 commerce
1651 1237 30 21 de
1697 1241 38 16 cer-

1207 1265 76 20 taines
1309 1265 96 21 denrées
1432 1269 30 16 ou
1488 1263 177 22 marchandises
1690 1266 58 21 pour

1206 1294 68 20 parer
1291 1289 15 21 à
1323 1290 23 21 la
1364 1290 86 21 hausse
1466 1290 41 21 des
1525 1289 51 24 prix

1301 1323 36 20 LE
1353 1323 113 21 CREDIT
1481 1320 174 24 COMMUNAL

1234 1354 32 21 M.
1282 1354 68 24 Gutt,
1365 1354 108 22 ministre
1489 1353 40 22 des
1545 1353 115 22 Finances
1676 1356 15 16 a
1707 1356 28 16 ex-

1208 1378 54 25 posé
1281 1379 33 22 les
1332 1379 132 21 conditions
1482 1379 60 22 dans
1560 1377 120 30 lesquelles
1699 1376 16 21 il
1733 1381 15 20 y

1207 1404 65 21 avait
1283 1404 47 22 lieu
1341 1404 132 22 d'accorder
1484 1404 23 21 la
1518 1403 108 26 garantie
1638 1402 28 21 de
1678 1402 70 21 l'Etat

1208 1430 14 20 à
1238 1429 125 21 l'émission
1378 1430 28 21 de
1421 1430 58 20 bons
1494 1429 32 21 du
1541 1427 81 23 Crédit
1636 1428 99 22 Commu-

1209 1455 40 21 nal
1266 1454 28 21 de
1310 1455 117 25 Belgique.

1362 1486 53 21 LES
1434 1485 159 22 OFFICIERS

1234 1519 33 22 M.
1279 1518 22 21 le
1314 1518 107 22 ministre
1434 1518 29 21 de
1477 1518 23 21 la
1512 1516 102 22 Défense
1628 1515 120 22 nationale

1208 1548 15 16 a
1236 1543 46 24 fait
1295 1544 97 24 rapport
1403 1547 41 17 sur
1457 1543 33 21 les
1504 1546 103 18 mesures
1621 1541 14 22 à
1649 1540 99 26 prendre

1208 1573 58 20 pour
1287 1568 64 22 créer
1372 1568 40 21 des
1434 1568 81 21 cadres
1536 1567 127 21 d'officiers
1684 1570 64 17 com-

1206 1593 139 21 mlssionnés
1361 1597 30 17 ou
1408 1592 121 22 assimilés.

1232 1625 53 22 LES
1304 1625 144 22 EXAMENS
1469 1623 254 23 UNIVERSITAIRES

1234 1658 32 20 M.
1288 1657 101 24 Soudan,
1411 1657 107 20 ministre
1539 1656 29 21 de
1588 1655 161 21 l'Instruction

1208 1682 116 26 publique,
1342 1687 15 18 a
1376 1682 46 23 fait
1440 1682 98 27 rapport
1555 1686 41 16 sur
1615 1681 33 21 les
1667 1680 70 24 condi-

1209 1708 62 20 tions
1288 1708 59 20 dans
1364 1707 120 25 lesquelles
1502 1707 40 20 des
1559 1705 101 22 facilités
1678 1710 58 21 pour-

1208 1734 56 20 ront
1282 1732 49 22 être
1351 1732 121 22 accordées
1492 1737 47 16 aux
1558 1731 120 22 étudiants
1697 1736 39 16 mo-

1209 1757 84 25 bilisés,
1307 1763 29 16 en
1350 1763 44 16 vue
1408 1758 40 21 des
1462 1762 111 17 examens
1587 1755 162 26 académiques

1209 1785 24 20 et
1247 1784 42 21 des
1303 1788 113 17 concours
1430 1782 181 22 universitaires.

1328 1815 158 22 PROCHAIN
1500 1814 129 22 CONSEIL

1235 1848 32 21 Le
1284 1847 114 27 prochain
1414 1847 93 22 Conseil
1524 1850 59 19 aura
1599 1846 48 21 lieu
1663 1846 15 22 à
1695 1845 42 22 hui-

1210 1873 71 23 taine.
1293 1884 28 5 —
1333 1873 31 23 X.

1212 1948 37 29 LE
1264 1947 168 30 CONTROLE
1447 1947 40 28 DE
1506 1946 37 29 LA
1561 1945 188 31 NAVIGATION

1212 2001 82 28 DANS
1323 2001 38 28 LE
1400 2006 19 16 «
1433 1999 282 28 WESTERSCHELDE
1732 2005 17 16 »

1769 220 87 49 LE
1906 217 401 57 SCANDALE

1874 293 68 40 DE
1966 291 226 44 L'OFFICE

1848 352 96 40 DES
1971 343 252 51 IMPRIMÉS

1767 439 50 32 LE
1834 438 227 37 JUGEMENT
2074 438 75 35 EST
2161 437 144 33 RENDU

1810 511 116 34 TOUS
1947 513 74 33 LES
2042 506 222 40 PRÉVENUS

1805 557 88 33 ONT
1907 552 78 40 ÉTÉ
2004 551 265 43 CONDAMNÉS

1791 621 34 20 La
1853 621 37 20 21'
1912 621 118 23 Chambre
2057 620 190 24 correctionnelle
2276 621 31 20 du

1766 646 103 21 tribunal
1883 646 29 21 de
1925 647 126 26 Bruxelles,
2064 646 104 27 présidée
2182 651 43 21 par
2238 647 33 20 M.
2285 647 22 20 le

1766 672 181 29 vice-président
1966 674 113 28 Malbecq,
2099 678 14 17 a
2133 672 82 24 rendu,
2235 672 73 23 lundi,

1764 702 45 16 son
1826 700 122 23 jugement
1966 699 60 23 dans
2044 698 101 26 J'affaire
2165 698 28 20 de
2212 698 95 21 l'Office

1766 724 40 20 des
1825 724 125 25 imprimés.

1792 749 49 20 8on
1870 749 120 25 directeur,
2018 749 142 24 Constantin
2187 749 121 24 Buytaert,

1766 774 116 21 directeur
1898 779 31 16 au
1947 776 120 22 ministère
2083 776 40 21 des
2142 775 151 20 Communica-

1768 801 66 22 tions,
1851 801 30 20 né
1897 800 15 22 lt
1928 801 220 23 Mont-St-Amand,
2165 805 30 17 en
2212 800 51 22 1880
2274 805 5 19 ;

1792 826 49 22 Son
1857 826 115 24 chimiste.
1987 829 101 24 Georges
2103 827 159 23 Dumonceau,
2279 826 29 20 né

1767 852 15 20 à
1795 852 80 23 Leuze,
1889 856 30 16 en
1935 852 50 21 1887
1995 858 6 19 ;

1793 877 39 21 Un
1863 877 29 20 de
1922 882 37 17 ses
1991 881 82 25 agents
2104 877 204 26 réceptionnaires,

1766 902 79 21 Pierre
1862 902 162 28 Hernalsteen,
2041 904 31 22 né
2090 904 15 22 k
2123 903 131 24 Etterbeek,
2279 908 29 16 en

1768 929 57 23 1880,

1793 954 30 21 Et
1844 958 34 18 un
1899 954 28 21 de
1947 959 37 17 ses
2005 956 96 23 commis
2122 959 48 17 eux
2191 953 118 25 écritures,

1768 979 108 23 Edouard
1898 980 88 25 Ronck,
2009 982 29 22 né
2061 982 15 21 à
2098 980 77 25 Gand,
2198 984 30 16 en
2251 980 58 24 1889,

1793 1005 95 22 Etaient
1905 1007 128 24 poursuivis
2050 1010 90 19 comme
2157 1010 134 20 corrompus
2302 1011 5 17 ;

1768 1030 79 21 tandis
1876 1031 71 24 qu'un
1977 1032 143 22 fournisseur
2150 1031 29 21 de
2208 1031 102 24 l'Office,

1768 1057 99 23 Jacques
1889 1057 118 25 Dessaule,
2029 1059 29 21 de
2079 1056 140 23 nationalité
2241 1057 56 21 fran-

1768 1082 69 25 çaise,
1853 1082 30 22 né
1900 1086 31 17 au
1948 1083 66 26 Pecq,
2031 1089 31 18 en
2079 1083 58 24 1898,
2154 1083 123 22 industriel
2295 1084 15 20 à

1767 1107 280 28 Berchem-Ste-Agaihe,
2062 1109 75 23 l'était
2153 1113 89 16 co_-ine
2258 1113 39 16 cor-

1768 1135 103 22 rupteur.

1794 1158 102 21 Celui-ci
1908 1160 129 25 pratiquait
2048 1162 22 20 le
2085 1169 10 10 «
2110 1160 111 21 batchich
2236 1169 9 9 »
2254 1164 56 16 avec

1769 1184 126 21 virtuosité.
1908 1185 39 22 On
1959 1185 34 22 lui
2004 1186 134 26 reprochait
2149 1186 88 23 d'avoir
2250 1185 47 22 don-

1768 1209 30 21 né
1809 1209 73 22 70.000
1893 1210 80 21 francs
1984 1216 31 19 au
2026 1213 122 23 directeur,
2159 1211 72 22 53.871
2243 1211 30 21 fr.
2284 1212 26 20 50

1768 1239 31 17 au
1818 1236 114 24 enimiste,
1951 1237 59 22 3.000
2029 1239 80 22 francs
2128 1242 33 16 au
2178 1236 120 26 réception-

1769 1261 65 21 naire
1851 1263 24 18 et
1892 1262 59 21 6.000
1968 1262 79 24 francs
2064 1268 32 18 au
2112 1262 103 24 commis.

1794 1286 161 23 L'accusation
1979 1290 38 22 n'a
2041 1294 43 22 pas
2108 1288 124 22 découvert
2256 1288 54 25 qu'il

1767 1316 15 20 y
1797 1312 79 22 aurait
1890 1317 30 18 eu
1935 1313 40 22 des
1990 1315 182 26 complaisances
2187 1314 124 25 coupables

1768 1342 31 16 ou
1815 1338 40 20 des
1871 1338 96 23 fraudes
1983 1340 59 23 dans
2057 1342 34 21 les
2106 1340 129 24 livraisons,
2251 1340 60 21 mais

1769 1363 21 20 le
1809 1363 57 21 délit
1886 1365 73 20 existe
1979 1366 88 28 chaque
2086 1366 46 21 fois
2151 1366 72 24 qu'un
2243 1365 55 21 fonc-

1769 1389 116 22 tionnaire
1900 1392 95 23 accepte
2011 1396 32 17 un
2059 1392 95 23 cadeau,
2169 1391 30 21 de
2214 1391 97 28 quelque

1768 1416 85 19 nature
1868 1419 43 21 que
1926 1420 26 17 ce
1965 1417 52 24 soit,
2032 1422 58 21 pour
2104 1421 93 17 exercer
2211 1421 34 17 un
2258 1418 53 19 acte

1769 1440 75 20 même
1859 1441 64 24 juste
1938 1441 29 21 de
1982 1447 37 18 ses
2035 1443 125 23 fonctions.

1795 1466 43 20 Les
1854 1466 104 25 Inoulpés
1974 1469 131 24 plaidèrent
2120 1472 44 21 que
2180 1468 62 22 leurs
2248 1468 50 24 agis-

1767 1493 103 20 sements
1887 1496 30 17 ne
1934 1493 100 22 lésèrent
2050 1500 30 15 en
2095 1494 53 21 rien
2164 1494 34 20 les
2214 1493 98 22 intérêts

1768 1517 30 20 de
1812 1517 72 22 l'Etat
1898 1522 31 17 ou
1943 1519 30 20 de
1987 1520 39 24 qui
2040 1525 45 20 que
2099 1524 26 17 ce
2139 1520 54 21 soit.

1794 1543 33 20 Us
1842 1544 56 20 sont
1913 1544 139 23 néanmoins
2069 1545 143 22 condamnés
2222 1550 6 16 :
2247 1546 52 25 Buy-

1771 1570 62 21 taert
1848 1571 24 18 et
1887 1570 112 21 Dessaule
2015 1571 14 21 à
2045 1573 13 20 6
2073 1571 59 21 mois
2149 1571 28 21 de
2193 1571 80 25 prison
2289 1571 24 22 et

1769 1595 39 21 500
1838 1595 81 21 francs
1950 1596 122 24 d'amende
2081 1602 7 19 ;
2120 1597 153 22 Dumonceau
2297 1597 15 21 à

1768 1620 14 20 4
1802 1620 60 22 mois
1882 1622 25 19 et
1926 1622 41 21 500
1987 1622 80 22 francs
2077 1627 6 21 ;
2105 1623 157 22 Hernalsteen
2289 1624 24 20 et

1769 1646 82 20 Ronck
1867 1646 15 21 k
1898 1646 13 20 2
1926 1647 60 21 mois
2002 1650 25 20 et
2043 1649 38 20 100
2097 1648 88 23 francs.
2200 1649 63 21 Tous
2279 1649 34 21 les

1770 1671 60 21 deux
1849 1672 143 22 bénéficient
2010 1674 31 21 du
2058 1674 81 21 sursis.

1795 1697 32 21 Le
1847 1698 122 24 jugement
1988 1700 86 24 stipule
2094 1704 45 20 que
2159 1699 34 22 les
2212 1704 101 19 sommes

1770 1724 105 20 trouvées
1887 1728 30 16 en
1928 1724 23 21 la
1963 1726 130 23 possession
2103 1725 41 21 des
2151 1726 83 24 quatre
2245 1726 55 22 fonc-

1770 1749 129 22 tionnaires
1917 1751 90 22 restent
2026 1750 146 25 confisquées
2191 1756 31 17 au
2241 1752 73 25 profit

1769 1774 30 21 de
1813 1775 149 22 l'Assistance
1977 1777 109 25 publique
2102 1777 29 20 de
2146 1777 126 21 Bruxelles.

1795 1801 34 22 M.
1849 1801 22 20 le
1890 1801 115 22 substitut
2024 1802 121 22 Havenith
2171 1807 16 17 a
2214 1802 100 22 réclamé

1770 1826 157 21 l'arrestation
1948 1828 136 22 immédiate
2104 1828 29 21 de
2154 1829 116 25 Buytaert
2291 1830 24 22 et

1771 1852 28 20 de
1820 1852 119 26 Dessaule,
1959 1854 60 22 mais
2040 1854 22 21 le
2083 1854 104 21 tribunal
2208 1855 40 21 n'a
2268 1854 47 22 fait

1771 1877 62 21 droit
1845 1878 15 21 à
1872 1882 37 16 ses
1923 1878 147 26 réquisitions
2083 1880 69 25 qu'en
2166 1885 26 15 ce
2205 1881 40 26 qui
2257 1885 45 17 con-

1770 1907 69 20 cerne
1850 1904 113 23 Dessaule
1975 1905 45 28 qui,
2034 1905 68 23 étant
2114 1905 116 25 étranger,
2243 1910 59 22 pour-

1771 1929 47 22 rait
1832 1929 52 25 plus
1899 1930 136 23 facilement
2048 1936 26 17 se
2087 1932 128 21 soustraire
2229 1932 15 23 à
2259 1932 44 21 l'ac-

1771 1955 50 20 tion
1837 1955 137 25 dépressive.

1797 1981 21 23 Il
1831 1984 57 17 était
1901 1982 117 23 d'ailleurs
2029 1983 23 24 le
2062 1983 51 24 seul
2125 1982 16 24 &
2152 1987 31 19 ne
2195 1987 43 21 pas
2250 1987 53 18 com-

1772 2007 110 24 paraître.
1897 2018 28 4 —
1940 2008 25 20 E.

1234 2071 34 21 La
1284 2071 72 24 Haye,
1374 2070 26 21 29
1417 2069 66 22 avril.
1501 2080 27 5 —
1544 2069 127 22 L'autorité
1688 2069 54 21 mil!

1209 2097 59 21 taire
1287 2101 31 16 en
1336 2096 102 21 Zélande
1457 2101 15 16 a
1492 2095 80 21 décidé
1592 2100 43 21 que
1655 2096 23 21 la
1698 2095 41 30 pré

1207 2127 69 16 sence
1293 2123 56 20 d'un
1365 2122 71 25 pilote
1452 2122 107 25 pourrait
1575 2121 50 21 être
1642 2121 78 25 exigée
1738 2121 14 21 à

1209 2148 57 21 bord
1283 2148 40 21 des
1342 2148 92 21 navires
1452 2148 98 21 entrant
1568 2149 24 19 et
1608 2148 94 21 sortant
1720 2147 32 23 du

1210 2183 9 10 «
1235 2174 184 21 Westersehelde
1435 2182 19 13 a.

1234 2201 43 19 Les
1291 2200 102 22 bateaux
1405 2199 41 25 qui
1459 2200 95 20 entrent
1568 2199 96 22 doivent
1675 2204 27 16 se
1716 2199 22 21 di

1209 2226 60 22 riger
1282 2230 51 16 vers
1346 2225 22 21 le
1380 2225 82 22 navire
1474 2225 29 21 de
1516 2225 104 21 contrôle
1632 2224 120 22 stationné

1209 2252 60 20 dans
1283 2251 21 21 le
1318 2256 99 20 passage
1432 2251 29 21 de
1475 2251 141 25 Flessingue.

1234 2277 128 21 L'autorité
1377 2277 112 21 militaire
1505 2282 15 16 a
1538 2277 22 21 le
1576 2277 63 21 droit
1654 2277 86 22 d'inter-

1209 2303 50 21 dire
1276 2303 93 25 jusqu'à
1386 2303 84 21 nouvel
1488 2303 75 26 ordre,
1581 2303 22 20 le
1622 2307 98 21 passage
1738 2303 15 23 k

1210 2331 89 19 travers
1313 2334 26 16 ce
1354 2329 54 22 bras
1423 2329 29 21 de
1466 2334 57 16 mer.
1538 2340 26 4 —
1579 2329 79 25 Belga.

1270 2412 174 41 CONSEIL
1463 2412 236 43 COMMUNAL

678 2834 40 20 Un
732 2833 77 21 arrêté
824 2833 32 20 du
884 2832 107 21 ministre
1019 2832 41 20 des
1088 2831 104 21 Affaires

654 2858 160 24 économiques
833 2858 109 23 autorise,
959 2858 23 20 le
1000 2857 68 21 lundi
1085 2857 30 20 de
1134 2856 45 20 cha-

655 2888 45 20 que
718 2883 112 23 semaine,
847 2883 25 22 la
891 2883 111 21 livraison
1021 2886 48 17 aux
1086 2885 96 18 consom-

654 2908 103 21 mateurs
774 2907 41 22 des
826 2905 103 23 "viandes
945 2906 133 26 présentées
1094 2910 32 17 en
1141 2906 39 20 boi-

654 2934 35 19 tes
709 2932 146 25 métalliques
882 2931 212 25 hermétiquement
1114 2931 79 23 closes,

653 2958 62 22 ainsi
730 2962 44 21 que
790 2958 41 21 des
860 2957 163 26 préparations
1051 2957 30 21 de
1096 2956 97 23 viandes

654 2983 132 25 présentées
799 2983 28 20 de
840 2983 24 21 la
876 2982 76 23 même
964 2982 111 22 manière.

680 3009 32 19 Le
724 3008 74 24 lundi,
814 3008 54 24 jour
883 3012 56 16 sans
955 3007 85 21 viande
1056 3006 91 23 fraîche
1163 3010 31 18 eu

656 3033 135 25 frigorifiée,
807 3038 87 20 pourra
910 3032 49 22 être
976 3032 62 23 ainsi
1053 3031 23 22 le
1093 3031 53 27 jour
1162 3031 32 22 du

657 3067 9 9 »
674 3059 54 22 rata
743 3067 19 12 a.
774 3069 28 5 —
814 3059 31 22 x

653 3089 135 23 Week-End
804 3090 15 21 à
835 3089 25 22 U
875 3089 113 22 Monnaie

680 3138 96 20 Samedi
804 3142 30 16 en
863 3137 110 24 matinée,
1004 3137 15 21 à
1044 3137 25 21 15
1092 3136 84 22 heures
1186 3141 6 18 :

654 3171 10 10 °
672 3164 101 22 Concert
784 3163 29 22 de
825 3163 73 23 Piano
911 3163 88 22 Walter
1011 3162 109 23 Rummel
1128 3171 9 11 «
1143 3167 6 21 ;
1164 3167 30 17 en

653 3189 76 22 soirée
738 3194 6 17 ;
767 3198 9 10 »
796 3189 44 22 Les
858 3189 116 23 Pêcheurs
994 3189 29 22 de
1041 3189 78 21 Perles
1140 3198 9 10 a
1171 3189 25 22 et

656 3223 8 10 a
683 3215 31 20 Le
731 3215 82 22 Boléro
832 3223 9 11 •
852 3219 7 21 ;
877 3209 132 30 dimanche,
1027 3219 31 18 en
1073 3214 103 22 matinée
1187 3219 5 16 :

657 3249 9 9 a
682 3241 34 20 La
731 3240 97 21 Passion
845 3249 10 10 »
866 3245 7 20 ;
890 3244 31 17 en
934 3239 75 24 soirée
1019 3244 7 18 :
1044 3248 10 10 «•
1071 3241 43 21 Les
1128 3239 67 23 Trois

655 3266 80 20 Valses
745 3271 6 19 ;
774 3265 67 24 lundi
850 3270 7 16 :
882 3275 8 9 ■
912 3266 111 21 Madame
1043 3265 119 26 Butterfly
1184 3274 9 10 »

654 3292 26 20 et
694 3300 10 10 ■
719 3292 32 20 Le
765 3291 97 27 Caprice
876 3292 117 27 Espagnol
1009 3300 18 13 ».
1112 3291 83 22 (D3923

658 3323 176 24 L'importation
847 3323 41 20 des
901 3323 97 21 viandes

125 3567 63 21 C'est
204 3567 23 21 le
244 3568 92 21 notaire
353 3568 98 23 Brunet.
468 3569 111 21 sénateur
596 3573 44 21 par

98 3592 25 21 la
138 3592 69 25 grâce
222 3593 29 20 de
267 3593 112 26 Degrelle.
395 3593 21 23 H
431 3594 66 22 vient
512 3594 128 22 d'adresser

98 3622 33 16 au
142 3617 56 21 ehef
208 3618 30 21 de
249 3618 24 21 la
284 3618 151 25 propagande
448 3619 149 24 hitlérophile
610 3624 30 17 en

98 3642 111 30 Belgique
224 3647 47 17 une
287 3643 69 22 lettre
372 3644 208 23 d'attendrissante
596 3645 30 21 «ad-

95 3668 119 25 miration,
227 3668 61 25 style
302 3669 29 20 de
344 3669 24 22 la
382 3669 98 25 maison,
495 3670 25 22 et
525 3674 49 18 non
580 3670 61 26 style

101 3693 109 21 notarial.

127 3718 21 21 Il
166 3723 31 16 en
215 3723 15 16 a
248 3718 87 26 profité
354 3719 64 21 aussi
436 3724 60 21 pour
514 3720 128 22 demander

101 3744 69 24 qu'on
190 3743 109 22 établisse
319 3744 24 21 la
363 3749 98 18 censure
481 3749 32 18 en
531 3745 111 25 Belgique

99 3773 90 16 comme
203 3773 30 16 en
244 3769 123 22 Hollande.

127 3793 61 21 Mais
203 3794 32 21 M.
250 3794 23 20 le
287 3794 92 21 notaire
395 3795 36 21 est
446 3794 91 27 rempli,
551 3799 89 18 comme

100 3819 106 23 Degrelle
236 3823 31 16 en
295 3823 122 20 personne,
447 3819 29 21 de
508 3820 133 25 sympathie

98 3847 60 21 pour
174 3844 24 21 la
214 3844 97 25 France,
328 3845 25 20 et
368 3849 26 18 se
411 3845 36 21 dit
463 3845 62 25 pétri
542 3845 29 22 de
588 3846 40 22 l'es-

103 3868 48 25 prit
167 3869 110 25 français.
292 3870 186 21 Heureusement
493 3870 55 25 qu'il
564 3871 22 22 le
601 3871 42 22 dit.

99 3907 44 21 Les
158 3908 161 24 parachutes...
334 3913 33 15 un
384 3908 88 21 canard
481 3908 7 21 !

127 3956 67 21 Dans
210 3955 34 22 les
261 3955 96 23 milieux
374 3955 107 26 officiels,
498 3961 33 16 on
548 3956 95 23 dément

102 3980 168 21 l'information
288 3980 91 27 publiée
397 3985 43 21 par
458 3981 102 22 certains
577 3986 53 19 jour-

102 4010 63 16 naux
181 4006 25 21 et
220 4005 66 23 selon
301 4006 100 26 laquelle
416 4010 32 18 on
463 4006 79 22 aurait
557 4006 73 23 décou-

100 4031 52 20 vert
169 4035 31 16 en
217 4030 110 26 Belgique
345 4031 41 21 des
404 4031 141 25 parachutes
562 4031 80 23 lancés

102 4060 44 20 par
160 4056 41 20 des
215 4056 82 21 avions
310 4055 128 26 étrangers.
451 4066 27 7 —
493 4057 29 20 X.

101 4093 67 22 Dans
182 4094 53 21 tous
247 4093 34 21 lea
295 4098 40 17 cas
348 4093 97 22 rebelles

129 4142 104 23 Asthme,
249 4141 122 25 Sinusites,
388 4141 157 25 Végétations,
562 4143 68 21 Affec-

102 4168 63 21 tions
198 4167 139 26 chroniques
370 4167 32 23 du
435 4168 55 24 Nez,
522 4168 122 22 VEGETO

102 4193 114 23 VACCIN
231 4194 44 22 DU
291 4194 32 21 D'
340 4193 144 23 LAGAOHB
560 4195 84 21 (D3106

104 4232 59 20 Lord
177 4231 96 22 Halifax

129 4280 34 22 Ce
179 4284 63 19 nom,
258 4279 21 21 si
297 4279 97 22 brillant
411 4279 155 31 aujourd'hui,
584 4280 60 23 était

104 4305 15 21 à
133 4305 68 25 peine
216 4309 77 17 connu
308 4304 17 21 il
340 4309 15 20 y
369 4309 16 16 a
400 4304 60 22 deux
475 4310 31 16 ou
521 4300 57 27 trois
592 4311 51 17 ans.

103 4330 68 22 Celui
189 4329 40 26 qui
248 4334 67 21 passe
335 4334 59 22 pour
413 4334 34 17 un
467 4330 40 21 des
526 4331 118 21 meilleurs

103 4356 106 21 orateurs
228 4355 112 24 d'Europe
360 4355 36 21 est
414 4354 63 22 resté
495 4355 48 21 très
561 4356 83 26 simple

103 4375 25 26 et
144 4380 39 21 n'a
200 4380 85 25 jamais
302 4384 94 18 recours
412 4380 16 21 k
445 4380 40 21 des
502 4385 96 21 moyens
615 4382 29 22 de

105 4404 109 25 publicité
228 4406 133 24 tapageuse.

130 4430 69 22 Aussi
217 4434 32 18 on
268 4430 80 25 ignore
368 4430 54 21 bien
440 4431 100 20 souvent
558 4435 46 21 que
622 4431 22 21 le

105 4455 98 22 vicomte
216 4455 103 22 Halifax,
333 4454 117 22 troisième
464 4455 32 21 du
509 4460 63 20 nom,
585 4457 60 20 n'est

105 4481 68 21 autre
186 4484 44 21 que
243 4479 111 22 Frédérik
366 4480 97 25 Lindley
476 4480 80 24 Wood,
569 4485 63 17 mem-

105 4505 41 22 bre
167 4505 32 22 du
220 4505 140 23 Parlement,
381 4504 58 25 créé,
461 4509 31 17 en
515 4506 58 23 1926,
594 4506 50 21 lord

105 4530 92 25 Irwing,
214 4530 25 21 et
255 4529 70 24 élevé,
341 4534 55 18 sous
413 4535 26 17 ce
456 4535 64 18 nom,
536 4535 32 16 au
585 4535 61 20 rang

106 4555 29 22 de
149 4555 98 22 vice-roi
259 4555 41 21 des
314 4555 78 24 Indes,
406 4555 29 22 de
450 4556 52 21 1926
516 4555 15 22 à
546 4556 58 21 1931.

105 4581 28 22 V.

164 4643 225 34 DERNIERE
422 4644 173 34 MINUTE

116 4721 114 17 Nais-York.
244 4721 23 17 39
279 4720 57 18 avril.
350 4729 23 5 —
385 4721 42 17 Mrs
440 4720 65 18 Sarmh
518 4720 81 18 Delano,

101 4753 46 18 aère
167 4753 27 17 du
213 4753 102 20 président
334 4753 110 19 Roosevelt.
464 4757 13 14 a
497 4752 32 19 été
549 4753 54 20 prise

94 4787 49 18 d'un
156 4786 82 18 malaise
251 4787 54 17 alors
318 4787 70 20 qu'elle
401 4787 91 17 revenait
504 4790 26 14 en
544 4787 58 16 auto-

101 4820 64 17 nobile
183 4820 25 17 de
225 4820 138 20 Long-Island.
382 4820 41 17 Elle
441 4823 13 14 a
472 4819 33 18 été
523 4819 78 20 soigné-

95 4853 52 18 dans
158 4857 40 14 nn?
209 4853 121 21 pharmacie,
343 4854 26 17 où
382 4853 36 18 elle
431 4854 31 17 est
475 4853 64 18 restée
552 4853 51 18 deux

107 4890 65 14 eures.
192 4886 42 17 Elle
253 4890 12 13 a
285 4886 77 17 ensuite
382 4886 94 17 continué
495 4890 25 14 aa
539 4889 62 15 route,

96 4920 87 17 escortée
198 4923 38 16 par
249 4923 29 15 un
291 4920 64 20 grand
370 4920 83 18 nombre
466 4920 26 17 de
505 4920 98 20 policier»,

143 4953 37 17 ont
193 4952 27 18 dû
234 4952 21 17 la
269 4952 91 21 protéger
374 4954 69 16 contre
456 4956 40 14 une
510 4953 55 18 foule
578 4954 25 17 de

96 4986 86 18 curieux.

119 5019 29 17 La
163 5018 54 18 mère
231 5019 28 17 du
273 5018 104 20 président
390 5018 105 19 Roosevelt
509 5019 32 18 est
557 5019 46 20 igeo

120 5060 2 9 ;
137 5053 23 17 85
174 5056 44 13 ans.
234 5060 23 5 —
271 5052 80 19 Reuter.

685 3371 31 20 Le
735 3372 182 23 gouvernement
934 3371 65 21 vient
1017 3370 29 21 de
1065 3370 130 24 suspendre.

660 3396 211 25 temporairement,
889 3396 33 20 les
940 3396 73 20 droits
1031 3395 110 25 spéciaux
1158 3396 40 24 qui

660 3421 134 25 frappaient
807 3426 14 15 a
834 3421 168 24 l'importation
1018 3425 6 17 :
1039 3421 34 22 les
1086 3421 112 21 animaux

659 3446 93 23 vivants
768 3446 41 22 des
825 3445 92 26 espèces
934 3446 83 22 bovine
1033 3446 25 21 et
1074 3445 75 25 ovine,
1165 3445 33 23 les

660 3472 113 24 poulains,
788 3472 34 20 les
837 3471 96 22 viandes
949 3471 102 21 fraîches
1067 3475 31 18 ou
1113 3475 73 20 conge-

661 3496 46 22 lées
723 3496 90 24 bovine,
828 3496 68 23 ovine
912 3500 31 19 ou
957 3496 102 26 porcine,
1074 3496 25 22 la
1113 3496 86 21 viande

661 3521 90 22 fraîche
772 3521 129 25 chevaline,
921 3521 22 22 le
963 3521 116 23 saindoux
1098 3521 101 22 naturel.

661 3557 27 5 —
699 3547 31 21 X.

661 3578 122 24 Chirurgie
800 3578 30 20 de
848 3583 82 19 guerre

1233 2552 80 19 Anvers,
1335 2552 23 18 29
1379 2552 56 20 avril.
1458 2560 21 5 —
1501 2552 25 18 Le
1548 2553 72 17 conseil
1642 2553 109 16 communal

1210 2572 95 18 d'Anvers
1320 2573 47 17 s'est
1382 2572 62 20 réuni,
1461 2572 55 18 lundi
1532 2573 45 20 soir,
1592 2576 47 14 sous
1655 2572 20 18 la
1691 2573 51 21 prési-

1211 2593 60 17 dence
1289 2593 25 17 de
1331 2593 28 17 M.
1378 2593 81 19 Camille
1478 2593 116 21 Huysmans,
1613 2593 133 20 bourgmestre

1233 2614 79 17 L'ordre
1323 2614 27 16 du
1361 2614 46 19 Jour
1419 2617 25 13 ne
1457 2614 121 19 comprenait
1591 2617 36 17 que
1640 2614 34 16 des
1687 2615 66 20 points

1212 2634 76 18 d'ordre
1306 2634 150 20 admlnLstratll,
1473 2636 21 15 et
1511 2638 13 12 a
1541 2634 32 18 été
1590 2634 98 20 approuvé
1706 2638 46 13 sans

1212 2655 73 19 grande
1300 2655 115 18 discussion.

1233 2675 42 17 Une
1293 2675 121 21 proposition
1433 2675 24 18 de
1475 2675 135 18 modification
1629 2676 12 16 a
1660 2676 92 20 apporter

1213 2699 25 13 au
1253 2695 105 20 règlement
1373 2695 95 18 intérieur
1482 2695 27 18 du
1523 2695 73 18 conseil
1610 2699 45 14 sera
1669 2696 83 16 soumise

1213 2719 25 14 au
1256 2716 45 17 vote
1319 2719 26 14 au
1362 2719 57 14 oours
1437 2716 24 17 de
1479 2716 20 16 la
1517 2716 106 20 prochaine
1641 2715 76 18 séance.
1736 2715 16 17 Il

1212 2737 59 19 s'agit
1285 2736 58 18 d'une
1359 2737 135 16 modification
1509 2737 33 19 qui
1558 2736 46 17 tend
1620 2736 12 16 à
1648 2737 105 19 permettre

1213 2757 23 17 de
1249 2760 109 17 prononcer
1371 2757 20 17 la
1404 2760 87 16 censure,
1505 2756 18 18 le
1536 2760 34 14 oaa
1582 2756 90 20 échéant,
1686 2758 68 17 contre

1212 2781 28 13 un
1254 2777 103 19 conseiller
1371 2777 40 20 qui,
1427 2780 36 17 par
1478 2781 30 13 ses
1524 2777 142 20 Interruptions
1682 2777 60 17 intem-

1212 2798 90 20 pestives,
1317 2797 117 18 troublerait
1447 2798 71 17 l'ordre
1531 2797 25 17 de
1570 2797 125 19 l'assemblée.

1234 2818 29 16 En
1283 2818 30 17 fin
1332 2818 25 17 de
1376 2818 75 18 séance,
1472 2818 18 17 le
1510 2818 151 16 elérieo-rextste
1680 2817 71 18 Berch-

1213 2842 57 14 mans
1286 2842 13 15 a
1316 2838 100 20 interpellé
1433 2840 120 16 ooncernant
1569 2838 18 17 le
1603 2837 149 21 remplacement

1214 2859 12 18 k
1242 2859 89 19 l'hôpital
1347 2859 177 17 Sainte-E.U.-b«th
1539 2859 34 16 dea
1589 2858 118 18 infirmières
1723 2861 21 13 re-

1214 2879 89 20 ligieuses
1319 2882 37 19 par
1371 2879 37 19 dea.
1421 2879 118 17 infirmières
1554 2879 80 21 laïques.

1237 2899 81 16 D'autre
1331 2900 52 20 part,
1397 2899 26 16 M.
1437 2899 89 17 Wauters
1539 2903 12 13 a
1566 2898 101 21 Interpellé
1681 2902 25 13 au
1721 2901 31 15 su-

1213 2919 30 19 Jet
1260 2919 24 17 de
1302 2919 20 17 la
1340 2920 125 15 distribution
1483 2919 24 17 de
1525 2919 36 17 lait
1578 2919 51 17 dans
1646 2919 28 16 les
1692 2918 61 17 écoles

1215 2940 136 17 communales.

2327 217 122 53 LES
2502 218 367 54 TRAVAUX

2375 292 68 41 DE
2472 293 31 41 L
2505 295 36 40 A
2566 294 132 41 JONC
2699 292 125 41 TION

2366 372 84 33 LEUR
2470 365 85 42 ÉTAT
2572 372 260 35 D'AVANCEMENT

2431 419 24 32 A
2476 420 288 32 BRUXELLES-NORD

1824 2082 43 28 UN
1895 2082 116 29 PROJET
2036 2083 40 28 DE
2103 2083 35 28 M.
2164 2083 103 28 0TLET

1228 3008 515 53 MONITEUR

1307 3069 34 16 Se*
1356 3069 54 16 lundi
1425 3068 23 18 *9
1462 3069 22 18 et
1499 3068 61 17 msrdi
1576 3068 22 17 M
1613 3068 49 16 «"il

1427 3121 117 18 FINANCES

1237 3149 34 18 Bat
1286 3149 74 20 publiée
1376 3148 19 18 la
1409 3149 27 17 lot
1451 3149 87 16 allouant
1554 3149 35 16 des
1603 3148 73 18 crédita
1690 3148 54 21 provi-

1216 3170 61 18 soires
1296 3169 12 18 k
1328 3169 63 18 valoir
1409 3172 35 15 sur
1463 3169 28 19 les
1512 3170 80 19 budgets
1612 3169 25 18 de
1657 3169 97 17 l'exercice

1216 3185 51 24 lia.

1419 3211 107 15 INTFRIH
1536 3211 14 14 R

1238 3237 136 19 Commissaire
1395 3237 24 17 de
1440 3237 67 19 police.
1527 3244 24 7 —
1571 3237 34 16 Est
1626 3239 89 17 acceptée
1736 3236 20 18 la

1217 3258 104 17 démission
1342 3257 24 17 de
1388 3258 26 16 M.
1437 3257 71 20 Lepeer
1529 3269 27 7 _..
1578 3257 132 17 commissaire
1731 3257 25 17 de

1216 3279 80 19 Bru_ea.

688 3627 32 19 La
739 3630 81 20 guerre
838 3626 36 20 est
890 3625 119 26 peut-être
1027 3625 103 22 devenue
1147 3625 53 26 plus

662 3651 78 21 atroce
755 3655 45 21 que
816 3650 69 26 jadis,
900 3650 33 21 les
949 3655 96 21 moyens
1061 3650 29 21 de
1106 3651 52 20 tuer
1174 3655 26 16 se

662 3677 55 20 sont
735 3675 134 26 multipliés,
888 3675 60 21 mais
968 3676 64 20 aussi
1051 3676 34 20 les
1104 3679 96 21 moyens

662 3701 29 21 de
703 3701 114 26 soulager,
834 3701 30 22 de
881 3700 84 26 guérir,
982 3701 29 23 de
1029 3700 73 24 lutter
1119 3702 81 19 contre

663 3727 24 20 la
700 3726 133 25 septicémie
847 3726 25 20 et
885 3726 24 21 la
923 3725 137 27 grangrène,
1074 3725 29 22 de
1116 3725 72 21 réédu-

662 3756 57 20 quer
735 3751 33 21 les
784 3750 101 23 mutilés.

682 3778 43 21 Les
738 3776 111 26 premiers
862 3775 162 22 brancardiers
1037 3776 81 21 furent
1131 3776 70 24 créés,

663 3802 15 20 à
695 3801 94 22 l'armée
806 3801 29 22 de
852 3801 24 22 la
907 3801 96 21 Moselle
1033 3805 31 17 en
1095 3801 61 24 1793;
1172 3801 28 21 Us

664 3826 95 21 avaient
777 3831 35 17 un
831 3825 148 27 équipement
996 3825 87 27 spécial
1103 3827 25 20 et
1146 3830 43 23 por-

664 3851 77 21 taient
758 3851 60 21 dans
836 3851 22 22 le
876 3851 59 21 fond
953 3851 29 22 de
1000 3851 51 21 leur
1068 3851 82 25 shako,
1167 3856 34 16 un

664 3881 54 16 vase
730 3881 31 16 en
773 3876 37 21 fer
822 3876 69 22 blanc
904 3877 104 25 pouvant
1021 3876 106 21 contenir
1141 3876 61 21 deux

664 3902 65 20 litres
749 3901 67 21 d'eau
836 3901 25 22 et
880 3905 47 18 une
947 3900 88 26 éponge
1062 3901 104 22 destinée
1186 3902 15 20 à

666 3927 63 20 laver
745 3926 34 21 les
794 3926 73 25 plaies
884 3926 40 21 des
939 3926 93 25 blessés,
1047 3931 41 16 car
1103 3926 67 26 l'eau,
1186 3927 16 21 k

664 3952 61 20 cette
738 3951 94 25 époque,
848 3951 76 26 jouait
939 3955 34 18 un
988 3951 75 27 grand
1077 3951 49 22 rôle
1142 3952 59 22 dans

665 3977 33 21 les
717 3977 154 20 ambulances.
901 3976 9 8 '

695 4001 119 25 Napoléon
832 4001 142 25 réglementa
991 4001 23 21 le
1031 4005 67 22 corps
1116 4001 85 25 spécial

665 4026 40 22 des
720 4026 128 22 Infirmiers
863 4027 24 20 et
902 4026 79 22 donna
996 4031 44 17 son
1055 4026 89 23 entière
1158 4031 32 21 ap-

665 4052 123 24 probation
804 4051 16 21 à
849 4051 153 23 l'innovation
1031 4051 111 27 apportée
1171 4057 32 16 au

666 4077 120 25 transport
803 4076 41 21 des
862 4076 91 25 blessés,
971 4081 43 22 par
1031 4077 21 20 le
1070 4077 133 24 chirurgien

666 4102 92 24 Larrey,
770 4101 40 25 qui
821 4101 97 21 inventa
930 4106 48 17 une
989 4101 90 22 voiture
1092 4101 75 26 légère
1179 4103 24 20 et

665 4127 55 21 bien
737 4126 138 25 suspendue,
893 4127 13 20 à
924 4126 61 22 deux
1002 4131 74 19 roues,
1094 4131 58 20 pour
1169 4127 34 21 les

665 4157 57 20 pays
736 4152 68 24 plats,
818 4151 16 21 à
847 4152 83 24 quatre
944 4156 67 16 roues
1024 4156 60 22 pour
1097 4152 34 21 les
1145 4157 58 21 pays

667 4177 165 25 montagneux,
845 4177 24 20 et
888 4181 45 20 que
952 4176 97 22 tiraient
1067 4177 61 21 deux
1147 4177 44 21 che-

665 4207 68 17 vaux.
746 4202 67 21 Deux
829 4202 85 22 blesses
931 4202 126 25 pouvaient
1072 4207 16 21 y
1104 4202 99 26 prendre

666 4228 72 25 place.

691 4252 65 21 Voici
773 4252 23 21 le
812 4251 96 22 curieux
938 4251 138 23 traitement
1105 4256 46 23 que
1181 4252 22 22 le

667 4278 31 21 D'
719 4278 92 25 Larrey,
832 4276 133 26 chirurgien
986 4277 41 22 des
1047 4277 90 21 armées
1158 4277 33 21 im-

667 4302 106 25 périales,
791 4302 32 21 fit
841 4302 64 21 subir
923 4302 16 21 k
957 4303 99 23 Lannes,
1075 4302 73 22 blessé
1180 4303 25 21 et

665 4327 96 21 menacé
775 4327 69 21 d'une
858 4327 126 25 péritonite
1000 4332 7 16 :
1021 4332 90 16 comme
1125 4328 16 20 il
1156 4328 47 21 fui-

665 4352 45 22 lait
722 4352 16 21 à
752 4353 53 21 tout
818 4353 51 24 prix
884 4356 107 17 ramener
1005 4352 23 21 le
1041 4357 60 20 sang
1116 4357 51 16 vers
1179 4353 25 20 la

666 4377 136 25 périphérie,
836 4378 86 25 Larrey
955 4377 31 21 fit
1019 4382 128 17 assommer
1180 4380 25 18 et

666 4402 109 21 écorcher
789 4407 34 16 un
837 4407 54 20 gros
906 4403 106 23 mouton;
1030 4402 60 21 dans
1105 4403 23 20 la
1145 4407 59 21 peau

666 4432 83 16 encore
763 4427 116 24 fumante,
891 4427 17 21 11
922 4427 108 22 enferma
1043 4428 22 20 le
1079 4428 126 23 maréchal,

668 4452 68 26 après
754 4453 34 21 lui
806 4452 65 22 avoir
901 4452 47 22 fait
979 4457 47 17 une
1044 4452 95 22 friction
1158 4453 47 21 très

666 4477 92 22 chaude
769 4477 17 22 k
798 4478 78 20 l'huile
889 4477 29 22 de
931 4477 130 22 camomille
1074 4478 131 24 camphrée.

667 4503 29 21 Et
714 4503 18 20 il
744 4502 34 21 lui
795 4502 31 21 fit
844 4502 63 21 boire
924 4502 33 21 du
975 4502 41 21 thé
1034 4502 78 21 chaud
1130 4503 24 20 et
1171 4503 34 21 lui

667 4528 99 21 entoura
782 4527 35 22 les
833 4527 97 25 jambes,
948 4527 29 21 de
995 4528 96 21 flanelle
1108 4528 97 21 chaude.

667 4553 67 21 Cette
749 4552 97 26 étrange
860 4552 142 22 médication
1015 4552 86 23 réussit
1114 4553 79 26 parfai-

669 4578 97 21 tement.
780 4588 29 6 —
822 4578 29 21 Y.

665 4609 32 21 Le
708 4608 93 22 théâtre
810 4609 25 21 et
845 4609 24 21 la
880 4613 81 21 guerre

691 4657 44 20 Les
757 4656 76 22 loisirs
857 4656 41 22 des
919 4656 90 22 soldats
1033 4658 43 20 ont
1099 4658 105 25 toujours

666 4681 126 26 préoccupé
806 4682 63 20 leurs
882 4682 66 21 chefs
962 4682 16 22 k
991 4682 63 25 Juste
1068 4682 62 27 titre,
1145 4684 25 20 et
1183 4684 22 21 le

667 4706 91 22 théâtre
777 4711 47 17 aux
843 4706 90 22 armées
952 4707 39 21 fut
1009 4707 31 22 de
1058 4708 52 21 tout
1129 4709 76 24 temps

665 4732 81 24 l'objet
767 4731 29 22 de
819 4731 50 22 leur
890 4732 138 22 sollicitude.
1049 4733 44 21 Les
1115 4733 90 22 armées

665 4756 128 22 françaises
804 4757 29 20 de
844 4757 24 20 la
880 4756 144 23 Révolution,
1031 4757 70 22 Hères
1108 4758 29 21 de
1144 4758 61 21 leurs

666 4782 113 23 victoires,
803 4781 132 21 donnèrent
958 4782 15 22 à
998 4782 115 24 l'ennemi,
1137 4783 68 25 après

665 4807 132 24 Jemappes,
814 4807 21 20 le
851 4807 117 24 spectacle
985 4807 29 20 de
1032 4816 10 11 <
1060 4808 132 21 sans-culot-

667 4832 35 21 tes
732 4841 10 10 a
772 4831 179 25 applaudissant
979 4832 51 21 M'"
1059 4833 147 21 Montansier

666 4861 89 17 comme
772 4861 32 17 au
822 4858 75 22 temps
914 4857 30 21 où
961 4857 44 21 elle
1021 4857 77 25 jouait
1115 4858 16 22 k
1147 4859 46 20 Ver-

665 4882 85 23 sailles,
764 4882 87 20 devant
864 4882 24 20 la
900 4882 69 21 Cour.

691 4907 142 24 Bonaparte,
846 4906 69 26 après
928 4907 24 21 la
966 4911 129 21 campagne
1109 4908 96 23 d'Italie,

666 4931 31 22 fit
708 4932 67 24 jouer
788 4941 10 10 a
811 4933 34 20 La
856 4933 63 19 mort
931 4932 29 20 de
972 4931 72 22 César
1057 4941 9 10 a
1081 4933 24 21 et
1117 4937 88 21 envoya

667 4962 13 16 a
695 4956 92 24 Kléber,
800 4956 62 22 resté
876 4961 30 16 en
918 4958 89 24 Egypte
1020 4957 69 25 après
1102 4958 24 21 la
1141 4963 52 16 cam-

666 4986 83 21 pagne,
774 4986 47 16 une
846 4983 83 23 troupe
955 4982 28 21 de
1009 4982 138 22 comédiens.
1172 4984 34 21 La

667 5006 253 26 Comédie-Française,
936 5011 57 17 avec
1009 5007 84 21 Talma
1110 5012 31 17 en
1158 5007 49 22 tète

667 5032 28 21 de
707 5037 27 16 sa
747 5032 156 23 distribution,
915 5031 90 22 célébra
1018 5037 44 20 par
1074 5033 40 20 des
1127 5033 67 26 repré-

666 5057 131 21 sentations
818 5057 89 25 chaque
927 5057 96 21 victoire
1043 5057 29 21 de
1094 5058 112 25 l'Empire.

667 5082 38 21 Un
712 5082 104 24 parterre
829 5081 29 21 de
872 5081 46 21 rois
933 5081 139 26 l'applaudit
1087 5082 13 20 à
1114 5083 92 24 Erfurt;

668 5108 30 22 et,
714 5107 15 21 à
745 5107 94 22 Dresde,
855 5108 26 20 M
883 5107 5 12 1
890 5107 15 12 "
922 5107 91 25 George
1028 5112 26 16 se
1069 5107 32 21 fit
1117 5113 77 16 remar-

668 5136 56 22 quer
736 5132 59 20 dans
808 5141 9 10 a
831 5131 90 22 Phèdre
934 5142 18 11 a.

694 5157 62 21 Mais
782 5157 127 21 nombreux
936 5157 81 21 furent
1043 5157 34 21 les
1103 5158 104 21 théâtres

669 5181 141 22 d'amateurs
824 5181 92 21 montés
930 5186 44 21 par
989 5182 40 21 des
1043 5181 90 23 soldats
1151 5188 6 16 :
1174 5183 34 22 les

669 5207 133 20 cuirassiers
816 5206 28 21 de
857 5207 95 23 Suchet,
965 5207 85 25 jouant
1061 5212 49 18 aux
1122 5210 85 19 avant-

670 5232 82 25 postes,
769 5231 92 25 durent,
876 5236 33 16 un
923 5232 60 25 jour,
998 5233 94 20 monter
1107 5237 30 16 en
1152 5233 56 22 selle

669 5261 31 17 en
725 5257 115 20 costumes
864 5257 111 24 romains,
998 5257 34 21 les
1057 5262 97 17 zouaves
1180 5257 28 22 de

670 5282 54 20 Mac
738 5281 96 22 Mahon.
848 5286 30 16 en
892 5281 97 24 Crimée,
1004 5282 86 22 durent
1103 5287 46 16 une
1164 5277 44 27 fois

670 5307 103 23 changer
789 5306 29 21 de
834 5310 146 21 programme
997 5311 30 17 en
1044 5307 78 22 raison
1140 5307 28 21 de
1185 5307 23 21 la

670 5333 62 20 mort
743 5331 28 22 de
782 5331 60 22 deux
853 5331 89 22 d'entre
953 5336 45 17 eux
1008 5332 41 25 qui
1059 5332 106 21 tenaient
1175 5332 34 21 les

671 5356 111 24 premiers
795 5356 65 20 rôles.
874 5357 43 20 Les
930 5357 111 20 cavaliers
1055 5357 30 21 de
1097 5358 112 24 Bugeaud

671 5380 107 24 Jouaient
790 5389 9 10 a
813 5381 32 20 Le
857 5381 95 21 Colonel
964 5382 103 20 Chabert
1082 5391 19 14 a,
1112 5382 28 21 de
1152 5382 44 21 Bal-

672 5410 47 18 zac,
732 5410 30 16 en
774 5405 97 25 Algérie.

698 5430 80 23 Enfin,
791 5430 17 21 il
822 5430 54 21 faut
889 5430 58 21 citer
961 5430 22 21 le
997 5431 48 21 râle
1059 5431 82 22 dévolu
1156 5433 15 20 k
1186 5432 23 20 la

673 5454 244 25 Comédie-Française
938 5455 15 22 à
974 5456 65 21 Paris
1060 5456 106 29 pendant
1186 5456 23 21 la

673 5483 81 21 guerre
773 5479 29 21 de
822 5480 57 21 1870.
898 5481 39 20 On
955 5485 15 20 y
989 5481 56 25 joua
1064 5481 24 21 la
1107 5480 103 22 comédie

674 5508 58 22 pour
744 5504 40 21 des
796 5504 196 25 représentations
1004 5505 29 21 de
1045 5506 165 22 bienfaisance,

674 5530 25 20 et
718 5529 47 21 l'on
783 5533 15 20 y
817 5529 82 23 soigna
919 5530 41 21 des
979 5530 86 22 blessés
1085 5531 58 21 dans
1164 5535 47 17 une

674 5554 138 21 ambulance
824 5553 30 22 où
866 5553 34 21 les
911 5554 65 21 soins
986 5555 51 21 leur
1049 5555 90 23 étalent
1151 5556 48 21 don-

674 5578 42 22 nés
739 5583 43 21 par
804 5578 33 21 les
859 5578 77 21 mains
958 5579 40 21 des
1020 5580 70 22 belles
1112 5580 98 22 actrices

675 5603 78 22 muées
766 5608 31 17 en
811 5603 146 22 infirmières.
970 5615 28 6 —
1010 5604 29 23 Y.

1241 3346 68 41 DE
1332 3345 101 40 NOS
1457 3344 280 40 LECTRICES

1241 3399 69 41 DE
1338 3399 35 40 N
1374 3398 66 40 OS
1471 3397 132 41 LECT
1604 3398 133 39 EURS

1239 3470 53 19 Mous
1304 3471 120 17 accueillons,
1438 3473 44 14 sous
1495 3471 50 15 cette
1558 3470 95 18 rubrique,
1665 3471 28 16 les
1705 3472 51 14 com,

1220 3491 130 16 munlcations
1362 3489 121 21 présentant,
1497 3489 12 18 à
1522 3490 58 18 notre
1592 3490 47 18 avis,
1647 3492 27 15 un
1682 3489 75 18 certain

1220 3510 72 19 intérêt
1306 3509 77 22 généra!
1400 3511 19 18 et
1433 3514 25 13 ne
1472 3509 90 19 donnant
1577 3513 36 18 pas
1627 3510 104 18 ouverture
1745 3509 11 16 a

1220 3531 52 18 droit
1288 3531 24 17 de
1329 3530 87 20 réponse.

1241 3551 50 18 Saut*
1303 3551 52 17 déalr
1369 3551 99 16 contraire
1481 3551 109 16 nettement
1603 3551 91 19 exprimé,
1709 3553 49 14 nous

1221 3572 120 19 remplaçons
1353 3574 37 17 par
1402 3571 34 17 dea
1448 3570 86 18 initiales
1546 3570 21 17 la
1578 3571 101 19 signature
1686 3570 24 18 de
1723 3574 35 16 nos

1221 3592 163 20 correspondants
1400 3590 138 20 occasionnels.

1242 3612 87 19 Ceux-ci,
1346 3611 122 19 néanmoins,
1484 3611 79 18 doivent
1579 3614 49 14 nous
1644 3611 52 18 taire
1711 3614 37 15 con-

1221 3632 64 18 naître
1299 3632 52 16 leurs
1363 3635 45 14 nom
1424 3632 18 17 et
1456 3631 85 19 adresse,
1555 3631 48 17 c'est
1617 3634 38 14 une
1669 3632 88 19 question

1221 3652 144 18 d'élémentaire
1381 3651 102 19 confiance
1499 3652 12 17 a
1528 3653 56 15 notre
1600 3651 66 20 égard.

1242 3673 53 18 Nous
1310 3672 28 19 lei
1353 3672 67 20 prions
1435 3671 108 21 étalement
1559 3671 62 19 d'être
1636 3673 54 17 aussi
1706 3672 52 18 brefs

1221 3696 36 17 que
1272 3692 82 21 possible
1368 3693 20 16 et
1402 3695 49 16 nous
1466 3695 49 16 nous
1530 3691 101 20 réservons
1644 3692 24 18 de
1683 3691 76 19 réduire

1223 3713 40 19 leur
1281 3713 54 18 eoDie
1353 3716 24 13 au
1397 3713 57 16 s'rlct
1473 3712 114 18 nécessaire.

1799 2152 38 20 On
1855 2155 95 17 connaît
1967 2151 24 23 la
2008 2151 85 29 longue
2110 2152 60 22 lutte
2188 2153 128 25 entreprise

1772 2182 44 20 par
1834 2178 34 21 M.
1888 2177 66 22 Otlet
1973 2182 58 20 pour
2051 2178 84 23 établir
2156 2183 30 16 en
2205 2178 111 26 Belgique

1772 2207 47 18 une
1840 2203 46 21 cité
1907 2203 143 26 universelle,
2072 2204 80 21 centre
2173 2204 143 22 intellectuel

1772 2229 40 20 des
1825 2229 152 23 associations
1990 2230 24 20 et
2025 2230 41 22 des
2078 2230 179 23 connaissance-
2270 2231 34 21 hu-

1772 2255 97 22 maines.

1798 2281 67 21 Dans
1881 2280 22 22 le
1921 2281 42 21 but
1979 2281 115 22 d'éveiller
2110 2281 58 21 chez
2182 2286 38 17 ses
2237 2281 67 21 conci-

1773 2308 89 23 toyens,
1876 2306 103 22 l'intérêt
1993 2307 29 23 de
2036 2307 85 23 l'étude
2136 2307 32 21 du
2182 2307 86 23 milieu,
2284 2308 32 21 M.

1773 2332 66 21 Otlet
1850 2337 15 17 a
1878 2332 74 25 réuni,
1964 2332 66 24 place
2042 2333 135 23 Fontainas,
2191 2333 40 21 des
2245 2333 59 21 docu-

1773 2359 78 19 ments
1873 2358 106 21 formant
2000 2363 47 16 une
2069 2358 130 26 exposition
2223 2368 9 9 »
2255 2359 49 21 Bru-

1773 2383 78 23 xelles.
1869 2384 113 21 Brabant.
2002 2384 117 27 Belgique.
2137 2384 88 22 Monde
2247 2394 17 11 ».

1799 2409 22 23 Il
1836 2409 69 25 s'agit
1922 2409 56 22 d'un
1995 2409 191 27 développement
2203 2410 40 22 des
2260 2415 44 16 con-

1774 2436 134 21 naissances
1928 2435 125 22 humaines
2073 2435 59 24 dont
2151 2435 23 21 le
2195 2436 67 25 point
2288 2436 29 21 de

1773 2461 84 25 départ
1872 2462 36 20 est
1922 2461 126 23 Bruxelles.

1801 2487 35 20 En
1856 2488 99 24 partant
1975 2487 29 21 de
2024 2487 24 22 la
2068 2486 73 26 petite
2162 2487 76 25 patrie
2259 2491 59 21 pour

1773 2512 93 21 aboutir
1878 2517 32 17 au
1922 2513 86 21 monde
2019 2513 119 23 immense,
2150 2513 34 22 M.
2196 2513 66 21 Otlet
2274 2518 29 19 ap-

1775 2539 75 24 plique
1866 2542 35 19 un
1915 2538 105 26 principe
2037 2538 158 27 pédagogique
2210 2543 108 17 nouveau

1774 2564 46 24 qui,
1849 2564 60 23 dans
1937 2569 43 16 nos
2009 2564 81 24 écoles,
2118 2569 16 17 a
2162 2563 56 26 déjà
2240 2564 77 22 donné

1774 2589 148 23 d'excellents
1936 2589 118 23 résultats.

1801 2616 46 20 Sur
1866 2615 126 24 Bruxelles,
2013 2617 33 21 M.
2067 2615 66 23 Otlet
2152 2620 16 17 a
2188 2615 68 22 réuni
2277 2616 41 22 des

1774 2642 84 24 cartes,
1872 2641 41 22 des
1928 2641 146 28 graphiques,
2089 2641 41 22 des
2145 2640 117 27 tableaux,
2279 2642 38 21 des

1774 2667 137 22 sommaires
1934 2667 123 23 résumant
2080 2667 119 25 l'histoire,
2223 2667 82 22 l'évolu-

1775 2693 51 22 tion
1841 2694 25 22 et
1880 2693 23 22 le
1919 2692 192 28 développement
2126 2693 29 22 de
2170 2693 25 22 la
2211 2693 101 25 capitale

1800 2719 169 27 Remarquons,
1987 2723 30 16 en
2034 2719 105 24 passant,
2157 2719 34 21 les
2209 2719 109 23 tableaux

1775 2744 117 26 évoquant
1913 2744 111 22 l'histoire
2046 2744 29 22 de
2096 2749 135 17 communes
2253 2745 65 22 telles

1775 2770 167 23 qu'Etterbeek,
1961 2770 83 23 Ixelles
2062 2770 25 22 et
2103 2770 145 22 Molenbeek.

1801 2796 35 20 De
1857 2796 128 23 Bruxelles,
2005 2800 59 16 nous
2085 2800 98 20 passons
2205 2801 32 16 au
2257 2797 48 20 Bra-

1775 2821 66 24 bant,
1858 2821 53 25 puis
1928 2821 16 21 à
1961 2821 24 21 la
2002 2821 117 26 Belgique,
2137 2821 16 22 à
2170 2822 106 27 l'Europe
2295 2823 24 23 et

1775 2851 32 17 au
1823 2847 93 23 monde.
2009 2858 23 9 »-

1801 2873 87 21 Toutes
1907 2873 34 20 les
1959 2873 102 21 sciftl-es
2079 2873 56 20 sont
2153 2872 165 25 représentées.

1776 2898 62 21 Nous
1865 2899 117 23 trouvons,
2007 2902 31 17 en
2064 2898 125 24 raccourci,
2209 2899 66 20 toute
2294 2899 24 21 la

1775 2924 96 21 marche
1889 2924 29 20 de
1934 2923 146 22 l'humanité.

1802 2949 66 20 Dans
1890 2950 61 20 cette
1971 2949 111 24 synthèse
2105 2949 29 21 de
2155 2949 112 21 l'histoire
2290 2950 28 21 de

1775 2974 139 22 l'humanité
1931 2986 28 4 —
1977 2976 24 20 et
2018 2975 31 21 de
2065 2979 37 17 ses
2120 2974 104 22 déboires
2241 2986 28 5 —
2287 2980 31 17 on

1775 3001 80 20 aurait
1877 3005 38 21 pu,
1937 3005 60 16 nous
2018 3000 149 25 semble-t-il,
2189 3001 60 22 faire
2271 3006 47 17 une

1776 3026 66 26 place
1854 3026 52 25 plus
1918 3026 64 25 large
1995 3026 15 21 k
2021 3026 61 21 l'art.
2094 3026 103 22 N'est-ce
2210 3031 43 22 pas
2264 3027 55 22 l'art

1775 3052 46 24 qui,
1833 3056 30 16 en
1875 3056 38 16 ces
1926 3053 75 23 temps
2013 3051 29 22 de
2054 3051 134 26 dépression
2200 3057 118 20 nerveuse,

1776 3077 91 22 fournit
1879 3082 47 16 aux
1936 3077 85 25 esprits
2031 3077 140 25 souffrants,
2183 3077 22 22 le
2216 3078 103 26 viatique

1777 3103 22 20 le
1813 3103 52 24 plus
1880 3103 108 24 précieux
1997 3103 12 21 ?

1803 3129 32 20 M.
1858 3129 66 20 Otlet
1946 3133 91 16 caresse
2060 3128 22 21 le
2104 3128 54 21 rêve
2181 3129 69 21 d'une
2273 3129 46 22 cité

1776 3154 66 24 belge
1856 3154 54 25 qu'il
1925 3154 139 25 appellerait
2077 3154 23 21 le
2116 3163 9 10 »
2141 3151 144 28 Belgahéum
2301 3163 19 13 ».

1777 3180 49 22 Elle
1840 3180 74 20 serait
1929 3184 34 16 un
1979 3180 79 21 centre
2074 3180 29 21 de
2119 3180 77 21 toutes
2212 3180 34 21 les
2262 3185 44 16 con-

1778 3206 134 22 naissances
1926 3210 42 16 sur
1982 3205 24 21 la
2021 3206 117 24 Belgique.
2152 3206 22 20 Il
2188 3211 31 16 en
2233 3211 16 16 a
2265 3206 55 25 déjà

1777 3231 72 22 établi
1865 3231 24 22 la
1906 3232 126 24 maquette.

1804 3258 33 20 Ce
1854 3257 93 24 savant,
1966 3257 59 21 dont
2042 3257 22 21 le
2083 3257 78 21 Palais
2180 3257 105 21 Mondial
2304 3263 15 16 a

1776 3287 80 18 connu
1868 3282 34 22 les
1914 3282 62 26 pires
1988 3282 150 24 vicissitudes,
2152 3283 36 20 est
2200 3287 34 17 un
2241 3288 66 16 exem-

1778 3308 38 25 ple
1837 3308 83 22 vivant
1940 3308 155 25 d'optimisme
2117 3309 24 20 et
2162 3308 29 22 de
2213 3308 94 26 persévé-

1778 3338 77 17 rance.

1803 3360 44 20 Les
1859 3359 114 21 autorités
1985 3359 260 25 s'intéresseront-elles,
2259 3360 62 21 cette

1779 3385 51 24 fois,
1845 3386 16 21 à
1874 3389 38 17 ses
1927 3385 89 25 projets
2024 3386 12 21 ?
2050 3396 30 6 —
2093 3386 26 21 L.

1264 3770 191 24 FRATERNITE
1474 3771 39 22 ET
1534 3772 180 20 SOLIDARITE

1324 3829 119 22 Monsieur
1460 3829 118 25 l'Editeur,

1246 3863 73 20 Etant
1337 3862 88 23 T.T.R.,
1450 3865 60 17 nous
1535 3865 101 17 sommes
1662 3866 30 16 en
1719 3861 29 22 dé-

1221 3888 135 21 tachement
1378 3887 60 21 dans
1459 3891 34 17 un
1515 3887 115 24 régiment
1653 3887 107 22 flamand

1221 3914 24 20 et
1264 3913 63 24 logés
1347 3912 56 21 chez
1422 3913 133 24 l'habitant,
1575 3913 60 21 dans
1654 3917 34 17 un
1709 3913 52 22 tout

1221 3939 59 26 petit
1295 3938 82 25 village
1392 3938 30 21 où
1437 3942 115 21 personne
1566 3942 31 17 ne
1612 3939 65 24 parle
1692 3938 56 21 fran-

1220 3964 56 25 çais.
1296 3964 64 22 Nous
1380 3968 31 17 ne
1432 3964 152 21 connaissons
1605 3968 43 21 pas
1669 3964 23 21 le
1713 3964 35 21 fla-

1221 3990 79 21 mand.
1322 3989 88 25 Depuis
1432 3989 68 22 notre
1523 3989 96 25 arrivée,
1643 3994 38 16 ces
1704 3994 57 20 gens

1220 4016 55 20 sont
1296 4019 48 17 aux
1366 4014 70 25 petits
1458 4015 64 20 soins
1545 4019 58 21 pour
1626 4019 59 17 nous
1695 4020 6 19 ;
1733 4015 28 22 ils

1222 4045 58 17 nous
1291 4040 103 25 obligent
1405 4041 15 21 k
1431 4041 109 24 partager
1551 4040 34 21 les
1597 4041 70 26 petits
1678 4045 71 22 super-

1222 4066 47 22 flus
1286 4066 67 25 qu'ils
1369 4066 145 22 s'accordent
1531 4067 24 20 et
1572 4071 60 17 nous
1649 4067 112 23 donnent,

1223 4096 57 22 pour
1291 4092 22 20 le
1324 4091 123 26 logement,
1458 4091 52 26 plus
1521 4096 45 22 que
1577 4096 60 18 nous
1648 4096 31 18 ne
1691 4097 58 21 pour-

1222 4117 63 22 rions
1301 4112 93 26 désirer.

1247 4149 64 21 Nous
1339 4153 102 17 sommes
1469 4148 55 21 bien
1553 4148 104 25 ennuyés
1679 4149 30 21 de
1731 4152 31 18 ne

1223 4174 96 26 pouvoir
1333 4174 33 22 les
1382 4174 123 22 remercier
1520 4179 44 20 que
1581 4179 43 20 par
1638 4174 78 26 signes
1732 4179 30 17 ou

1222 4204 44 22 par
1283 4199 175 25 monosyllabes.

1248 4226 64 21 Nous
1335 4225 109 24 espérons
1467 4229 44 21 que
1534 4226 62 20 cette
1618 4225 71 21 lettre
1709 4230 54 16 sera

1224 4251 37 21 lue
1273 4255 43 20 par
1330 4251 101 21 certains
1443 4250 152 25 séparatistes
1609 4251 40 24 qui
1662 4250 101 26 prônent

1223 4281 44 20 que
1288 4276 127 20 Flamands
1437 4276 25 21 et
1483 4276 104 21 Wallons
1608 4281 31 16 ne
1660 4278 90 19 s'enten-

1224 4303 69 19 dront
1304 4301 92 26 jamais,
1407 4301 25 21 et
1442 4302 67 25 qu'ils
1521 4302 129 25 prendront
1660 4302 24 22 la
1695 4303 68 24 peine

1223 4327 29 21 de
1267 4327 65 21 venir
1345 4327 62 21 faire
1418 4331 35 17 un
1467 4328 52 20 tour
1533 4327 60 22 dans
1606 4332 44 17 nos
1663 4329 88 20 canton-

1223 4354 114 22 nements,
1359 4352 16 22 à
1397 4352 76 22 moins
1496 4353 66 25 qu'ils
1584 4357 31 17 ne
1644 4352 120 26 préfèrent

1224 4382 128 21 prononcer
1366 4378 41 21 des
1420 4378 92 22 idioties
1526 4378 88 22 devant
1626 4379 34 21 les
1674 4379 76 22 Cham-

1224 4404 59 21 bres.

1249 4429 64 20 Nous
1323 4433 100 16 sommes
1435 4429 101 21 certains
1548 4433 44 21 que
1604 4430 52 21 tous
1667 4430 34 21 les
1712 4434 39 17 mo-

1224 4454 76 21 bilisés
1316 4454 159 24 transplantés
1481 4455 109 24 jugeront
1597 4459 37 17 ces
1641 4455 123 22 Messieurs

1224 4484 90 17 comme
1327 4480 17 21 il
1359 4480 114 21 convient.

1250 4505 101 21 Veuillez
1363 4505 86 25 agréer,
1461 4506 120 21 Monsieur
1592 4506 117 25 l'Editeur,
1722 4511 42 16 nos

1224 4531 141 21 salutations
1381 4532 34 20 les
1433 4531 52 26 plus
1503 4531 148 24 distinguées.

1492 4556 15 22 4
1524 4557 87 24 T.T.R.,
1628 4558 111 21 Wallons.

2367 490 41 32 ET
2428 491 40 33 CE
2488 493 57 37 QUI
2569 494 101 33 RESTE
2690 494 23 32 A
2733 493 99 32 FAIRE

2455 558 84 24 (Voyez
2553 558 72 21 début
2640 564 59 20 page
2715 559 28 23 1.)
2759 566 6 5 -

2354 594 171 27 L'après-midi,
2553 597 33 21 les
2608 597 107 22 visiteurs
2743 598 43 20 ont
2814 600 55 21 par-

2329 623 72 17 oouru
2415 620 34 21 les
2463 623 99 20 travaux
2576 622 28 21 de
2620 623 22 20 la
2657 626 55 20 gare
2727 622 32 20 du
2773 621 70 21 Nord.

2355 644 33 21 Ils
2415 650 15 20 y
2459 646 81 22 furent
2568 652 66 20 reçus
2663 652 43 20 par
2735 647 32 20 M.
2796 647 74 20 Oscar

2330 670 124 25 Boghaert.
2478 672 39 25 qui
2543 673 72 24 dirige
2641 674 61 20 cette
2727 672 143 25 importante

2329 696 88 21 station
2433 696 28 21 de
2477 698 67 21 notre
2559 698 107 25 capitale.

2631 724 32 21 M.
2671 724 74 19 Oscar
2751 722 119 26 Boghaert

2606 753 15 16 a
2651 747 87 26 occupé
2769 742 101 27 dltbord,

2607 773 106 25 pendant
2740 777 57 17 onze
2825 776 33 17 an-

2607 798 62 24 nées,
2694 798 33 21 les
2752 797 118 21 fonctions

2607 824 29 20 de
2657 819 54 25 chef
2732 823 29 21 de
2780 822 90 22 station

2606 849 15 21 à
2636 848 199 23 Bruxelles-Midi,
2841 847 30 21 où

2607 875 33 20 M.
2666 874 79 21 Victor
2770 873 61 22 Gilis
2856 877 15 16 a

2608 899 48 25 pris
2680 904 27 15 sa
2732 898 139 21 succession.

2634 926 32 20 M.
2683 924 126 26 Boghaert,
2825 922 46 27 qui,

2607 949 115 26 depuis
2744 949 55 22 huit
2821 952 51 18 ans,

2607 975 73 24 dirige
2710 975 33 20 les
2773 974 98 21 services

2608 1000 28 21 de
2651 1001 23 20 la
2687 1004 56 21 gare
2757 999 32 21 du
2801 997 71 24 Nord,

2608 1030 15 16 a
2636 1025 37 21 été
2686 1029 84 22 promu
2783 1023 88 22 récem-

2608 1052 87 19 ment
2715 1054 39 17 au
2774 1048 98 27 grade

2608 1076 155 24 d'inspecteur
2785 1073 75 28 princi-

2609 1101 46 24 pal.

2635 1126 59 20 Bien
2712 1129 52 22 que,
2781 1123 91 23 hiérar-

2608 1151 206 25 chiquement,
2836 1153 38 17 ses

2609 1176 153 23 attributions
2798 1180 13 16 s
2818 1179 14 17 o
2839 1176 35 25 nj;

2587 1222 12 6 _
2608 1201 166 24 actuellement
2806 1199 69 23 celles

2345 1239 27 17 m.
2380 1240 138 18 boghaebt.
2530 1248 23 7 -
2563 1241 20 18 x
2609 1228 22 22 d'
2633 1232 8 16 1
2640 1232 16 17 "
2655 1232 10 15 1
2679 1228 49 21 h8U
2726 1252 11 9 .
2730 1228 10 19 t
2754 1226 42 35 f<»;
2797 1225 64 21 ction
2863 1234 10 4 -

2583 1254 5 6 '
2609 1252 74 24 nalre,
2711 1252 33 22 M.
2774 1251 101 21 Oscar

2332 1279 117 24 Boghaert
2462 1284 15 16 a
2491 1279 37 22 été
2541 1279 124 21 maintenu
2679 1277 59 21 dans
2751 1280 44 17 son
2809 1276 65 24 poste

2331 1303 28 21 de
2374 1304 55 22 chef
2444 1305 28 20 de
2485 1305 91 21 station
2590 1304 28 21 de
2632 1300 197 24 Bruxelles-Nord
2844 1299 30 21 où

2331 1328 16 22 il
2361 1329 57 21 rend
2433 1329 138 21 d'éminents
2584 1329 106 21 services.

2357 1354 96 21 Comme
2477 1355 15 22 k
2515 1353 199 23 Bruxelles-Midi,
2738 1350 124 23 l'établisse-

2331 1380 66 19 ment
2411 1379 29 21 de
2454 1380 23 20 la
2492 1380 111 21 Jonction
2618 1384 14 15 a
2648 1376 88 27 imposé
2751 1377 15 21 à
2780 1377 25 20 la
2820 1379 55 21 gare

2331 1403 31 22 du
2377 1404 64 21 Nord
2456 1405 164 24 d'importants
2635 1405 105 20 travaux.

2357 1429 32 22 Le
2409 1428 142 23 relèvement
2570 1429 29 22 de
2619 1429 23 22 la
2663 1427 152 26 plate-forme
2835 1425 41 21 de-

2332 1454 61 20 voies
2409 1456 35 19 est
2459 1454 119 23 d'environ
2593 1455 13 20 8
2620 1453 93 23 mètres.

2357 1479 22 22 Il
2398 1483 30 17 en
2447 1479 86 23 résulte
2553 1484 44 20 que
2617 1480 77 20 toutes
2714 1478 33 21 les
2766 1476 96 22 installa-

2333 1503 61 21 tions
2416 1505 127 20 anciennes
2564 1515 27 5 —
2612 1509 15 20 y
2648 1503 101 25 compris
2770 1502 22 21 le
2814 1500 50 23 bâti-

2332 1530 65 20 ment
2420 1529 41 22 des
2484 1530 99 21 recettes
2606 1540 27 5 —
2657 1528 82 25 depuis
2763 1528 23 21 la
2810 1527 65 25 place

2332 1554 84 24 Rogier
2438 1554 92 26 Jusqu'à
2553 1553 95 22 l'entrée
2671 1553 28 21 de
2723 1553 23 22 la
2769 1556 55 22 gare
2848 1551 28 21 de

2332 1580 153 24 Schaerbeek,
2499 1580 55 20 sont
2569 1579 15 22 à
2600 1578 97 23 démolir
2713 1579 24 20 et
2751 1578 15 22 à
2782 1581 82 17 recons-

2333 1604 72 21 truire
2419 1604 15 22 à
2448 1609 34 17 un
2495 1605 86 22 niveau
2594 1603 82 22 relevé.

2358 1630 32 20 Le
2406 1634 147 21 programme
2570 1630 29 21 de
2615 1628 137 23 réalisation
2769 1628 41 21 des
2827 1628 37 21 tra-

2333 1659 61 17 vaux
2408 1655 140 28 comportait
2562 1655 53 25 sept
2629 1653 101 27 grandes
2744 1653 92 28 phases.

2359 1680 42 21 Les
2419 1680 56 21 trois
2492 1679 124 28 premières
2632 1680 86 30 phases
2734 1679 55 20 sont
2805 1677 59 22 ache-

2333 1704 52 21 vées
2405 1705 81 25 depuis
2505 1705 22 21 le
2546 1705 59 20 mois
2625 1705 28 21 de
2672 1703 132 27 septembre
2823 1702 41 21 der-

2334 1729 56 21 nier.

2359 1755 61 21 Elles
2437 1754 176 26 comprenaient
2634 1759 6 16 :

2360 1780 31 20 Le
2413 1779 142 23 relèvement
2578 1778 105 23 définitif
2706 1778 40 21 des
2770 1776 95 22 installa-

2335 1804 61 21 tions
2414 1805 28 21 de
2459 1805 63 22 voies
2539 1805 67 21 entre
2623 1804 24 21 la
2664 1808 42 17 rue
2723 1803 32 22 du
2772 1802 106 22 Pavillon

2334 1831 24 19 et
2375 1829 95 22 l'entrée
2487 1830 29 21 de
2533 1830 24 21 la
2574 1834 55 21 gare
2647 1829 28 20 de
2693 1827 156 24 Schaerbeek;

2360 1855 33 20 La
2411 1855 160 22 construction
2589 1855 40 22 des
2647 1854 70 24 ponts
2736 1852 66 22 tubes
2820 1856 59 21 pour

2334 1880 23 20 la
2374 1880 63 25 ligne
2454 1880 28 23 de
2499 1880 224 22 Bruxelles-Namur
2740 1878 24 22 et
2781 1881 59 22 pour
2858 1876 21 21 le

2335 1905 175 21 raccordement
2534 1905 94 21 Laeken
2636 1914 11 5 -
2654 1903 120 21 Bruxelles
2782 1913 11 5 -
2801 1903 77 24 Quar-

2335 1929 168 29 tier-Léopold;

2361 1956 35 20 De
2410 1955 61 22 deux
2484 1960 66 16 murs
2564 1955 29 20 de
2607 1953 165 22 soutènement
2787 1953 25 20 et
2826 1952 40 26 plu-

2334 1980 74 21 sieurs
2426 1980 136 21 fondations
2580 1984 59 21 pour
2657 1979 101 26 poteaux
2776 1978 29 20 de
2822 1981 45 21 sup-

2335 2006 53 24 port
2402 2005 29 21 de
2445 2005 138 21 caténaires.

2361 2031 61 20 Elles
2436 2035 26 16 se
2478 2030 152 30 poursuivent
2645 2033 44 22 par
2708 2033 6 17 :

2361 2056 34 20 La
2422 2055 160 22 construction
2611 2055 40 21 des
2679 2054 60 21 deux
2769 2052 112 25 premiers

2336 2081 110 25 tronçons
2460 2080 32 21 du
2506 2081 59 24 pont
2579 2080 29 21 de
2621 2080 24 20 la
2659 2084 42 16 rue
2716 2078 32 22 du
2762 2077 115 24 Pavillon;

2361 2106 34 20 La
2426 2105 160 22 construction
2617 2104 40 21 des
2688 2103 138 22 fondations
2857 2102 24 21 et

2336 2131 69 21 d'une
2421 2131 76 25 partie
2513 2131 41 20 des
2570 2129 76 22 culées
2662 2130 25 20 et
2702 2129 29 21 de
2747 2129 24 20 la
2786 2128 46 25 pile
2849 2127 31 21 du

2337 2157 58 24 pont
2409 2156 28 21 de
2451 2156 24 20 la
2490 2160 41 17 rue
2546 2155 41 21 des
2601 2154 88 25 Palais;

2362 2182 47 20 Des
2431 2182 99 20 travaux
2552 2180 29 21 de
2604 2179 168 22 terrassement
2793 2178 25 21 et
2840 2177 41 22 des

2337 2206 99 21 travaux
2451 2206 29 21 de
2494 2206 72 23 voies;

2362 2232 47 20 Des
2433 2232 99 20 travaux
2557 2231 29 21 de
2609 2229 171 25 signalisation,
2804 2227 77 26 parmi

2337 2257 98 24 lesquels
2452 2256 16 21 il
2486 2256 54 21 faut
2557 2256 58 21 citer
2633 2255 21 21 le
2672 2254 163 25 déplacement
2852 2252 29 22 de

2336 2282 24 21 la
2374 2281 82 22 cabine
2470 2282 37 21 III
2521 2281 29 21 de
2563 2280 171 26 signalisation.

2363 2306 177 24 Actuellement,
2558 2306 34 21 les
2612 2306 100 21 travaux
2731 2304 29 21 de
2779 2304 24 22 la
2822 2307 47 21 qua-

2337 2331 82 21 trième
2435 2332 73 28 phase
2523 2331 55 21 sont
2593 2335 31 16 en
2640 2330 76 26 pleine
2731 2327 97 25 activité
2847 2333 6 17 :

2363 2357 178 23 L'achèvement
2566 2356 28 23 de
2619 2360 37 17 oes
2681 2355 76 22 divers
2782 2354 100 21 travaux

2337 2382 128 25 permettra
2483 2380 192 23 l'établissement
2693 2380 41 21 des
2752 2378 57 22 trois
2827 2382 42 21 pre

2337 2406 83 24 mières
2434 2407 63 21 voies
2510 2405 107 23 relevées.
2631 2406 33 21 La
2678 2405 58 21 mise
2751 2409 30 16 en
2794 2403 88 21 service

2337 2432 29 22 de
2380 2437 38 16 ces
2431 2432 63 22 voies
2508 2432 36 21 est
2558 2430 85 26 prévue
2658 2434 58 21 pour
2730 2430 22 21 le
2767 2428 72 23 début
2853 2428 29 21 de

2338 2458 59 21 1941.
2408 2458 21 20 A
2441 2461 26 17 ce
2479 2456 113 24 moment,
2603 2460 32 17 on
2648 2455 126 26 disposera,
2787 2458 30 17 en
2830 2453 52 26 plus

2338 2483 40 22 des
2400 2482 57 22 trois
2478 2482 63 22 voies
2562 2480 107 24 relevées,
2691 2480 29 22 de
2741 2484 57 18 onze
2820 2478 62 22 voies

2337 2507 149 22 maintenues
2498 2511 32 16 au
2542 2506 86 21 niveau
2640 2505 84 23 actuel.
2736 2506 34 21 La
2782 2503 101 22 relation

2338 2533 67 21 entre
2416 2533 24 22 la
2453 2537 55 20 gare
2521 2532 67 21 basse
2601 2532 24 20 et
2637 2531 25 21 la
2674 2535 56 21 gare
2743 2530 74 23 haute
2829 2533 53 17 sera

2338 2557 96 24 réalisée
2451 2562 31 17 au
2498 2561 85 20 moyen
2600 2556 68 22 d'une
2686 2555 124 26 passerelle
2827 2558 43 22 pro-

2338 2582 82 22 visoire
2433 2587 30 17 en
2475 2582 57 22 bois.
2543 2583 39 21 Du
2594 2580 51 24 côté
2658 2581 29 22 de
2699 2581 23 22 la
2735 2584 42 18 rue
2790 2579 92 22 d'Aers-

2338 2608 63 23 chot,
2415 2612 90 16 comme
2520 2607 15 21 à
2550 2607 23 20 la
2588 2611 56 20 gare
2659 2606 32 21 du
2706 2605 66 21 Midi,
2787 2609 31 16 on
2834 2604 35 21 dis-

2340 2638 83 20 posera
2447 2632 139 25 également,
2610 2636 31 17 au
2666 2631 63 21 droit
2746 2630 32 22 du
2796 2628 88 22 couloir

2341 2658 97 24 central,
2451 2657 69 21 d'une
2534 2657 73 25 petite
2621 2660 55 26 gare
2690 2654 113 22 d'arrivée
2815 2655 26 20 et
2855 2654 28 21 de

2338 2682 85 27 départ
2445 2683 109 21 donnant
2577 2686 67 17 accès
2668 2686 47 16 aux
2739 2680 58 21 trois
2820 2679 63 22 voies

2339 2707 100 23 relevées
2455 2712 43 22 par
2514 2708 40 20 des
2570 2707 107 21 escaliers
2693 2706 60 21 fixes
2768 2706 25 20 et
2807 2704 64 22 mobi-

2338 2734 40 21 les.

2365 2759 33 20 La
2421 2758 58 20 mise
2502 2762 30 16 en
2553 2757 88 21 service
2663 2756 41 21 des
2727 2755 72 22 douze
2820 2754 63 21 voies

2339 2783 100 23 relevées
2458 2782 50 22 doit
2526 2782 65 21 avoir
2610 2782 46 21 lieu
2675 2781 22 21 le
2715 2782 27 20 31
2762 2780 121 22 décembre

2340 2809 58 21 1942.

2365 2834 43 20 Les
2428 2833 120 21 chantiers
2566 2833 56 20 sont
2641 2836 31 17 en
2691 2831 77 26 pleine
2788 2829 96 23 activité

2339 2859 28 21 de
2379 2859 55 25 part
2445 2858 25 21 et
2481 2858 91 22 d'autre
2583 2858 24 20 et
2617 2857 34 21 les
2663 2857 101 21 travaux
2774 2860 26 16 se
2812 2859 59 23 pour-

2337 2883 95 22 suivent
2446 2883 60 21 dans
2521 2882 155 26 l'optimisme.
2692 2881 62 22 C'est
2768 2880 103 25 l'impres-

2338 2909 53 21 sion
2406 2913 45 21 que
2465 2908 48 21 l'on
2528 2908 118 24 remporte
2662 2906 29 22 de
2707 2906 61 22 cette
2783 2904 88 23 intéres-

2339 2934 68 21 sante
2420 2933 75 22 visite.
2508 2944 28 5 —
2548 2932 55 22 R.T.

1816 3459 88 29 MORT
1929 3459 39 28 DE
1996 3459 34 29 M.
2048 3459 98 30 JULES
2175 3459 124 29 FELLER

1805 3529 113 24 Verviers,
1937 3529 27 22 29
1983 3528 66 23 avril.
2068 3539 28 6 —
2114 3529 39 23 On
2172 3529 106 25 apprend
2298 3530 23 22 la

1779 3556 62 41 ïï'
1859 3560 14 16 s
1872 3559 106 38 ?2?
1994 3549 391 48 fcï22&£,,rta!_£N*->
2398 3572 141 19 successeur,
2553 3568 34 21 M.
2600 3567 74 22 Emile
2688 3568 36 21 De
2738 3568 78 22 Rasse,

1779 3581 19 21 F
1794 3608 8 10 ,
1798 3585 13 17 6
1818 3581 13 37 i
1828 3585 13 17 e
1854 3595 20 23 V
1875 3585 24 16 m
1899 3585 14 33 î
1913 3585 24 17 m
1938 3580 14 38 ?
1965 3585 13 17 e
2007 3606 10 12 ,
2036 3581 111 22 1Acaden
2146 3586 9 17 >
2155 3581 21 21 le
2192 3581 29 22 de
2236 3581 24 37 J?
2260 3586 18 16 11
2277 3579 59 27 »™'
2368 3594 32 17 I,e
2415 3592 120 19 nrésldent
2549 3592 34 19 lui
2596 3592 116 19 souhaite,
2728 3597 30 14 au
2774 3597 42 14 nor

1779 3608 25 20 et
1817 3606 29 21 de
1859 3606 133 21 littérature
2006 3606 117 25 française
2138 3607 24 20 et
2174 3607 104 20 membre
2293 3607 29 21 de

1780 3632 24 21 la
1821 3632 155 22 Commission
1992 3632 30 22 de
2038 3632 127 25 toponimie
2182 3632 24 22 et
2223 3632 31 22 de
2270 3633 40 21 dia-

1779 3657 127 25 lectologie.

1806 3689 20 21 n
1838 3689 45 25 fut,
1895 3689 107 25 pendant
2012 3689 30 22 de
2053 3690 96 24 longues
2160 3689 95 24 années,
2267 3694 42 21 pro-

1780 3715 90 21 fesseur
1893 3715 14 21 à
1930 3714 146 22 l'Université
2099 3715 29 21 de
2149 3714 69 25 Liège
2241 3715 24 23 et
2287 3716 36 21 est

1779 3740 100 21 l'auteur
1891 3740 56 21 d'un
1958 3740 101 24 système
2072 3740 181 25 d'orthographe
2265 3741 44 21 wal-

1780 3766 78 23 lonne,
1876 3766 39 24 qui
1933 3766 118 24 préludait
2068 3766 15 21 à
2101 3766 24 20 la
2143 3765 105 22 création
2267 3766 56 21 d'un

1781 3792 66 20 vaste
1859 3791 161 22 dictionnaire.

1806 3818 21 20 Il
1840 3816 61 22 était
1915 3817 100 21 l'auteur
2028 3817 30 21 de
2072 3817 129 21 nombreux
2215 3817 69 22 livres
2299 3817 24 21 et

1780 3847 25 16 se
1824 3842 92 24 signala
1936 3846 44 21 par
1999 3842 30 21 de
2048 3841 173 26 remarquables
2240 3841 83 23 étude-

1781 3867 155 25 folkloriques.

1807 3893 20 20 Tl
1841 3893 123 21 succombe
1979 3894 15 22 à
2008 3893 58 26 l'âge
2081 3893 29 22 de
2124 3893 26 21 80
2165 3897 51 17 ans.

2408 3007 38 28 LA
2461 3005 103 30 JEUNE
2582 3005 104 29 GARDE
2705 2999 157 34 LIBÉRALE

2514 3059 40 28 DE
2571 3058 142 29 TOURNAI

2365 3128 111 26 Tournai,
2493 3129 26 21 29
2536 3128 66 22 avril.
2618 3139 28 6 —
2661 3128 34 22 La
2712 3128 76 21 Jeune
2805 3126 80 23 Garde

2340 3153 95 23 libérale
2457 3153 151 27 progressiste
2630 3153 29 22 de
2680 3152 106 22 Tournai
2807 3152 25 21 et
2853 3152 33 22 du

2340 3179 88 21 canton
2446 3184 16 16 a
2481 3179 58 22 tenu
2557 3183 48 18 une
2624 3177 127 23 assemblée
2770 3177 115 25 générale,

2340 3209 30 17 en
2381 3209 45 17 son
2438 3204 67 24 local,
2518 3208 41 17 rue
2573 3204 40 21 des
2626 3204 143 24 Campeaux,
2781 3203 16 22 à
2809 3203 63 21 Tour-

2340 3229 48 22 nai.

2366 3260 22 21 U
2402 3265 16 21 y
2432 3260 67 21 avait
2513 3259 71 22 foule.
2598 3260 44 21 Les
2657 3260 110 24 rapports
2782 3259 91 25 permet-

2341 3286 52 21 tent
2412 3285 30 22 de
2461 3285 85 21 fonder
2565 3285 34 21 les
2618 3285 54 27 plus
2690 3284 88 26 gTands
2798 3284 88 25 espoirs

2341 3315 30 17 en
2385 3310 98 22 l'avenir
2497 3310 29 22 de
2541 3310 24 21 la
2580 3310 107 24 jeunesse
2702 3309 103 23 libérale.

2367 3342 33 20 La
2415 3341 99 22 réunion
2527 3341 56 21 s'est
2597 3341 95 22 ouverte
2707 3346 44 22 par
2764 3345 48 19 une
2826 3341 47 22 allo-

2341 3367 80 22 cution
2439 3366 32 22 du
2488 3365 127 27 président,
2633 3367 32 21 M.
2682 3367 68 22 Marc
2767 3367 118 21 Rimbout.

2341 3392 39 25 qui
2395 3397 15 16 a
2425 3391 111 22 remercié
2550 3396 38 17 ses
2602 3391 60 22 amis
2678 3391 88 23 d'avoir
2780 3391 106 27 répondu

2340 3417 21 21 si
2378 3417 129 22 nombreux
2523 3417 15 22 à
2554 3421 44 17 son
2614 3417 76 25 appel.

2367 3442 21 21 Il
2402 3447 16 16 a
2431 3441 66 21 salué
2511 3441 94 21 l'armée
2620 3441 40 27 qui
2674 3441 72 25 garde
2760 3446 43 16 nos
2818 3442 55 21 fron-

2342 3467 76 24 tières,
2434 3466 66 26 prête
2516 3467 15 21 à
2547 3467 52 22 tous
2615 3467 34 21 les
2663 3466 127 22 sacrifices.

2367 3493 22 20 Il
2403 3497 15 16 a
2432 3492 77 21 rendu
2522 3492 126 24 hommage
2662 3492 15 21 à
2692 3492 24 21 la
2730 3491 112 22 mémoire
2856 3492 30 21 de

2341 3518 33 21 M.
2386 3518 82 21 Albert
2479 3518 71 22 Asou,
2561 3517 23 22 le
2596 3517 76 25 grand
2684 3517 160 26 bourgmestre
2857 3517 30 23 de

2341 3543 110 24 Tournai,
2471 3542 40 26 qui
2530 3542 65 21 vient
2615 3542 28 20 de
2662 3542 96 23 mourir,
2778 3543 23 20 et
2820 3542 66 22 salué

2892 220 103 65 LES
3020 208 417 73 FAITS-DIVERS

2920 326 41 22 UN
2991 321 177 25 DESESPERE,
3196 329 29 7 —
3252 316 79 24 Mardi
3346 315 54 23 soir,
3415 313 22 20 le

2892 351 93 21 nommé
3001 352 61 20 Jean
3076 350 40 21 B..,
3131 346 43 25 âgé
3189 345 29 21 de
3233 344 27 20 38
3274 347 44 17 ans
3340 341 84 20 demeu-

2893 379 55 19 rant
2967 381 41 16 rue
3028 373 117 25 Oamusel,
3164 376 15 17 a
3198 370 38 21 été
3257 366 81 23 trouvé
3358 364 80 26 pendu

2891 402 60 22 dans
2965 407 27 17 sa
3005 400 118 23 chambre.
3137 397 98 24 D'après
3249 395 7 20 1
3264 392 100 25 enquête
3378 390 60 21 faite

2893 432 43 19 par
2954 427 22 21 la
2995 426 81 25 police,
3094 424 16 20 il
3128 422 86 22 résulte
3232 424 45 20 que
3295 419 45 20 B...
3359 421 15 16 a
3393 416 45 20 mis

2893 453 35 21 fin
2943 452 15 21 à
2971 457 37 16 ses
3022 452 65 24 jours
3102 453 58 21 pour
3174 446 118 23 échapper
3307 447 15 16 a
3336 446 47 17 une
3398 445 27 16 as-

2892 483 37 15 sez
2948 482 69 20 grave
3036 474 122 26 opération
3190 471 54 25 qu'U
3277 468 79 22 devait
3374 465 64 21 subir

2892 503 53 22 d'ici
2959 502 98 26 quelque
3071 502 84 22 temps.
3168 508 27 5 —
3208 497 29 21 D.

2944 540 108 22 MAROC
3066 548 28 6 —
3109 536 100 22 TERRE
3224 531 160 25 D'ACCUEIL

2917 565 140 23 L'ORIENT
3072 564 22 21 le
3110 563 52 25 plus
3178 560 86 26 proche
3280 558 29 21 de
3324 557 114 22 l'Europe,

2891 594 20 20 le
2929 593 79 20 mieux
3025 589 111 22 conservé
3154 588 60 21 dans
3231 590 38 17 ses
3287 587 96 20 mœurs,
3401 585 37 16 ses

2890 620 121 19 coutumes
3035 618 24 19 et
3082 620 37 16 ses
3143 612 159 23 monuments,
3333 609 22 20 le
3386 609 53 23 plus

2890 643 126 22 accessible
3049 646 32 16 au
3115 639 86 22 monde
3236 635 132 23 occidental
3403 635 36 18 est

2891 670 171 21 certainement
3085 667 21 22 le
3129 664 117 23 MAROC.
3268 663 33 21 Sa
3323 659 115 24 situation

2891 694 172 26 géographique
3089 693 22 23 le
3136 692 67 27 place
3230 694 30 17 en
3286 687 86 21 dehors
3398 685 41 21 des

2892 721 103 21 théâtres
3010 709 139 31 d'hostilités
3160 722 6 19 ;
3182 717 23 21 la
3220 711 146 29 tranquillité
3381 710 59 22 dont

2891 747 16 21 il
2920 747 67 24 jouit,
3001 746 33 21 les
3048 745 52 26 prix
3114 744 29 22 de
3157 744 23 21 la
3195 742 42 22 vie,
3245 741 54 22 bien
3307 744 30 17 en
3344 738 96 21 dessous

2892 773 28 20 de
2937 776 58 17 ceux
3012 770 120 26 pratiqués
3149 769 61 21 dans
3227 768 34 20 les
3277 767 81 20 autres
3375 766 65 22 pays,

2891 800 21 19 le
2931 798 183 21 ravitaillement
3131 794 124 22 abondant
3272 793 24 20 et
3315 789 77 23 facile,
3411 792 30 16 en

2892 825 52 20 font
2964 828 46 17 une
3030 823 81 24 région
3131 819 140 28 privilégiée.
3290 818 50 20 Son
3359 816 82 20 anmst

2892 852 35 18 est
2945 849 120 21 favorable
3084 852 30 16 en
3132 848 78 20 toutes
3227 844 99 21 saisons.
3344 841 63 21 L'été
3426 845 14 20 y

2892 878 35 18 est
2940 875 102 21 clément
3053 878 42 18 sur
3107 873 34 23 les
3154 872 70 22 côtes.
3238 871 42 21 Ses
3293 870 147 21 montagnes,

2892 902 30 20 où
2938 901 33 21 les
2986 901 113 20 sommets
3115 898 135 26 atteignent
3266 893 117 23 l'altitude
3400 892 41 21 des

2893 928 51 24 plus
2960 927 72 20 hauts
3048 926 50 25 pics
3115 925 29 20 de
3160 923 80 22 Suisse
3256 926 32 18 ou
3305 921 28 20 de
3350 920 91 21 France

2896 953 93 24 iDjebel
3009 951 113 24 Toubkal,
3144 951 60 21 4.168
3226 949 51 23 m.),
3299 946 91 23 offrent
3412 944 29 21 de

2893 978 156 24 magnifiques
3062 980 113 24 paysages
3188 976 24 20 et
3224 979 32 16 on
3269 978 14 23 y
3296 974 57 25 peut
3365 972 64 24 prati-

2892 1009 57 21 quer
2967 1003 147 26 l'alpinisme.

2919 1031 36 20 En
2978 1029 99 23 résumé,
3099 1029 22 20 le
3144 1028 82 21 Maroc
3249 1025 63 22 offre
3334 1028 48 17 une
3405 1023 37 19 vie

2893 1056 129 22 matérielle
3041 1055 70 23 facile
3137 1055 24 20 et
3186 1051 117 27 agréable,
3329 1050 61 22 dans
3409 1052 33 17 un

2893 1082 70 21 cadre
2986 1081 150 21 merveilleux
3158 1079 31 21 où
3211 1078 48 22 l'on
3282 1078 57 23 peut
3362 1079 81 22 passer

2893 1107 41 21 des
2948 1111 114 18 vacances
3075 1105 121 26 agréables
3210 1108 31 18 où
3255 1100 61 25 faire
3323 1106 34 17 un
3363 1101 80 25 séjour

2894 1133 117 25 prolongé,
3035 1133 60 20 dans
3118 1132 34 20 les
3175 1130 134 22 conditions
3333 1128 34 20 les
3391 1126 52 25 plus

2894 1159 139 21 favorables.

2913 1185 62 21 Pour
2988 1188 56 18 vous
3057 1183 85 22 rendre
3155 1187 31 17 au
3199 1183 89 23 Maroc,
3295 1182 148 21 renseignez-

2895 1214 56 17 vous
2970 1210 60 21 dans
3048 1210 34 21 les
3100 1213 100 21 agences
3219 1208 29 21 de
3268 1210 99 22 voyages
3386 1205 25 22 et
3429 1203 15 22 à

2894 1236 126 21 l'OFFICE
3035 1235 167 22 CHERIFIEN
3217 1234 44 22 DU
3276 1231 168 23 TOURISME,

2895 1262 32 24 25,
2944 1266 42 18 rue
3004 1262 28 21 de
3049 1262 24 20 la
3090 1260 152 27 République,
3260 1259 15 23 à
3292 1257 111 24 RABAT,
3420 1257 26 20 et

2895 1288 33 24 21,
2947 1292 42 17 rue
3008 1287 41 21 des
3068 1286 143 26 Pyramides,
3231 1285 15 21 à
3265 1284 74 22 Paris.

3278 1308 167 25 (H10000/6500

2924 1351 163 22 COLLISION
3100 1351 40 22 DE
3154 1348 173 24 CVCLISTES.
3339 1358 29 5 —
3379 1347 68 22 Deux

2898 1377 106 24 cyclistes
3019 1378 56 19 sont
3091 1376 79 21 entrés
3186 1380 31 16 en
3232 1374 107 21 collision
3355 1376 91 17 avenue

2899 1402 89 25 Louise,
3003 1402 16 21 à
3034 1402 85 25 l'angle
3134 1401 30 22 de
3180 1401 24 21 la
3220 1405 42 16 rue
3278 1399 29 21 de
3323 1399 23 20 la
3363 1397 83 21 Bonté.

2899 1429 58 21 L'un
2972 1428 76 23 d'eux,
3063 1428 22 20 le
3101 1426 94 22 nommé
3212 1424 130 24 Mennerie,
3358 1423 43 25 âgé
3417 1422 29 21 de

2900 1454 25 21 19
2944 1458 50 19 ans,
3014 1452 112 27 employé,
3145 1452 114 22 habitant
3276 1455 42 17 rue
3339 1450 107 23 Duques-

2899 1483 54 20 noy,
2968 1483 15 17 a
2999 1478 37 22 été
3053 1477 74 23 blessé
3143 1478 16 23 à
3174 1478 24 21 la
3215 1476 48 22 tète
3279 1477 25 20 et
3319 1479 48 17 aux
3383 1473 51 26 jam-

2900 1504 46 21 bes.
2960 1505 44 20 Les
3027 1504 64 21 soins
3115 1502 143 23 nécessaires
3283 1501 35 22 lui
3341 1501 44 20 ont
3409 1498 38 22 été

2899 1529 90 21 donnés
3009 1529 16 21 à
3038 1529 114 26 l'hôpital.
3171 1539 29 5 —
3218 1528 29 21 D.

2923 1569 84 22 POUR
3026 1568 179 22 DECRASSER
3223 1566 140 23 facilement
3381 1564 67 21 votre

2898 1593 105 22 vaisselle
3020 1595 25 20 et
3064 1593 113 22 torchons
3193 1593 30 21 de
3241 1591 97 25 cuisine,
3355 1594 92 17 servez-

2898 1624 56 16 vous
2965 1619 29 22 de
3006 1620 23 21 la
3041 1620 124 21 LESSIVE
3175 1619 44 21 DU
3232 1618 101 21 GENIE.
3348 1616 100 22 (H382-4

2928 1658 157 23 RENVERSE
3100 1658 61 22 PAR
3174 1657 62 22 UNE
3251 1656 90 22 AUTO.
3355 1666 28 6 —
3397 1655 52 22 Une

2900 1685 57 19 auto
2978 1688 15 17 a
3014 1683 116 25 renversé,
3152 1682 127 22 dimanche
3301 1680 148 27 après-midi,

2901 1714 90 17 avenue
3010 1709 41 21 des
3069 1709 108 24 Nations,
3194 1708 22 21 le
3234 1707 96 26 cycliste
3348 1706 101 25 Jacques

2902 1735 48 23 D...,
2969 1734 43 25 âgé
3032 1734 29 22 de
3082 1735 25 21 17
3121 1739 51 19 ans,
3193 1734 111 20 habitant
3323 1732 16 22 à
3359 1727 90 27 Ixelles,

2901 1764 41 16 rue
2956 1759 126 23 Malibran.
3089 1760 32 21 Le
3135 1759 71 25 Jeune
3221 1759 103 23 homme,
3337 1757 40 26 qui
3384 1756 66 24 avait

2901 1784 37 21 été
2953 1785 90 26 projeté
3057 1790 40 18 sur
3109 1785 22 21 le
3144 1785 35 21 sol
3192 1789 15 17 a
3220 1784 38 22 été
3271 1783 77 21 relevé
3361 1782 89 22 atteint

2901 1810 29 21 de
2943 1808 88 27 légères
3044 1811 115 21 blessures
3172 1814 47 17 aux
3231 1809 99 26 jambes.
3342 1819 29 5 —
3382 1808 22 21 D

2927 1850 52 21 LES
2997 1850 95 20 PATES
3110 1849 161 22 alimentaires
3290 1848 87 22 REMY
3394 1849 56 19 sont

2900 1874 77 22 riches
3006 1879 32 16 en
3070 1874 81 25 gluten
3181 1875 25 20 et
3234 1878 31 17 ne
3294 1873 156 22 contiennent

2901 1901 102 21 AUCUN
3024 1900 171 22 COLORANT.
3310 1899 139 21 (1/D2897-3

2933 1938 102 22 CHUTE
3052 1938 72 21 D'UN
3143 1937 156 22 CXCLISTE.
3316 1948 28 5 —
3360 1937 32 22 Le
3409 1941 29 20 cy-

2902 1964 67 21 cliste
2983 1964 113 24 François
3111 1964 42 24 H..,
3168 1963 44 25 âgé
3228 1963 29 22 de
3271 1963 27 21 33
3314 1967 52 19 ans,
3380 1961 57 23 habi-

2904 1990 54 20 tant
2973 1994 42 17 rue
3031 1989 83 25 Veydt,
3129 1988 88 24 suivait
3232 1989 106 21 l'avenue
3355 1987 29 22 de
3400 1987 50 22 VU-

2903 2014 77 24 vorde,
3001 2014 103 25 lorsqu'il
3125 2014 79 26 perdit
3225 2013 128 26 l'équilibre
3374 2014 26 20 et
3420 2013 31 21 fit

2903 2044 47 17 une
2966 2040 71 22 chute
3054 2045 26 16 se
3097 2040 105 22 blessant
3218 2044 48 17 aux
3283 2039 98 25 jambes.
3398 2038 21 22 Il
3436 2043 15 16 a

2903 2065 38 21 été
2954 2065 98 22 conduit
3067 2065 15 22 à
3098 2065 114 26 l'hôpital.
3227 2075 29 6 —
3270 2065 30 22 D.

2932 2104 120 21 ENFANT
3069 2103 190 22 IMPRUDENT.
3275 2114 28 5 —
3319 2103 133 21 Dimanche

2904 2134 32 17 un
2954 2130 130 24 garçonnet
3100 2129 123 22 s'amusait
3239 2129 15 21 à
3271 2128 61 22 faire
3350 2128 102 21 flamber

2903 2155 42 21 des
2958 2155 135 20 allumettes
3107 2154 61 22 dans
3181 2155 23 21 le
3218 2154 93 25 grenier
3325 2154 29 21 de
3367 2158 29 17 sa
3409 2153 30 21 de-

2904 2184 87 20 meure,
3006 2180 33 25 42,
3054 2184 91 19 avenue
3174 2180 85 21 Houba
3288 2179 29 22 de
3334 2179 118 24 Strooper,

2904 2206 92 24 lorsque
3015 2205 107 25 soudain,
3140 2205 30 21 de
3189 2205 69 21 vieux
3276 2204 95 26 papiers
3389 2204 50 22 s'en-

2905 2230 154 22 flammèrent
3083 2232 25 19 et
3133 2230 151 25 menaçaient
3309 2230 30 21 de
3364 2230 87 21 mettre

2904 2256 21 20 le
2940 2256 41 21 feu
2994 2260 48 17 aux
3056 2256 109 21 combles.
3179 2257 44 20 Les
3238 2256 118 26 pompiers
3371 2255 82 22 furent

2904 2281 95 25 appelés
3030 2282 25 21 et
3085 2282 141 24 parvinrent
3256 2281 150 25 rapidement
3437 2281 15 20 à

2904 2306 106 21 éteindre
3032 2312 27 15 ce
3082 2308 202 22 commencement
3314 2306 139 24 d'incendie.

2904 2342 28 5 —
2945 2332 28 20 D.

2904 2370 68 19 Exiges
2984 2371 17 16 le
3020 2370 78 17 SU-RK
3106 2370 74 16 raffiné
3187 2370 24 16 de
3218 2369 144 18 TIRLEHONT
3372 2371 79 16 (HDlSyl

2928 2403 55 23 LES
3013 2403 172 23 ACCIDENTS
3215 2403 121 23 D'AUTO.
3363 2414 29 11 -.
3420 2405 33 22 Le

2903 2429 95 25 cycliste
3014 2429 77 23 Raoul
3107 2429 54 24 V...,
3178 2430 26 21 17
3220 2434 52 19 ans.
3288 2434 43 17 rue
3348 2430 41 22 des
3405 2430 34 22 Bé-

2903 2455 88 24 guines,
3016 2455 14 24 à
3054 2455 146 25 Molenbeek,
3234 2456 97 22 roulant
3353 2461 43 17 rue
3421 2457 32 21 du

2904 2479 191 27 Grand-Bigard,
3113 2486 16 17 a
3147 2481 37 21 été
3203 2481 74 22 blessé
3295 2486 48 18 aux
3363 2482 90 23 ïambes

2903 2511 44 21 par
2965 2511 47 18 une
3029 2508 65 21 auto.

2929 2543 28 5 —
2969 2533 51 22 Rue
3033 2533 198 25 Vanderkindere,
3245 2533 15 21 à
3272 2533 78 26 Uccle,
3363 2533 22 22 le
3397 2538 43 20 gar-

2903 2562 45 20 çon
2968 2558 29 21 de
3017 2563 93 17 courses
3132 2558 127 27 -héophtle
3280 2560 55 24 G...,
3356 2560 26 20 18
3402 2564 51 18 ans.

2903 2588 42 17 rue
2967 2584 151 25 Boetendael,
3140 2585 97 22 roulant
3259 2585 16 22 à
3297 2585 60 26 vélo,
3377 2590 16 17 a
3415 2584 39 24 été

2903 2614 65 17 assez
2984 2610 170 23 sérieusement
3171 2610 74 22 blessé
3264 2616 43 23 par
3324 2616 48 17 une
3389 2612 64 22 auto.

2929 2646 29 5 —
2972 2636 118 21 L'ouvrier
3105 2636 92 25 peintre
3213 2638 62 20 Jean
3290 2638 54 22 B....
3360 2638 27 20 29
3402 2642 52 19 ans,

2903 2666 43 16 rue
2960 2661 29 21 de
3003 2661 24 21 la
3042 2662 155 25 Prévoyance,
3213 2664 135 20 traversant
3362 2663 23 21 le
3400 2668 41 16 car-

2904 2687 80 22 refour
2996 2687 29 21 de
3036 2688 24 21 la
3072 2691 67 21 porte
3151 2688 29 21 de
3192 2689 98 22 Namur.
3301 2694 16 16 a
3329 2688 38 22 été
3379 2688 75 22 blessé

2904 2714 15 20 à
2933 2713 24 21 la
2973 2713 48 21 tête
3036 2718 43 18 par
3093 2718 48 17 une
3155 2715 65 21 auto.

2930 2749 28 6 —
2978 2739 37 21 En
3037 2740 134 21 traversant
3192 2740 24 22 la
3238 2740 99 22 Grande
3358 2745 42 17 rue
3422 2745 32 17 au

2903 2764 63 24 Bols,
2979 2765 53 20 M""
3047 2766 92 20 Jeanne
3153 2766 55 24 R...,
3222 2767 27 20 50
3263 2771 52 19 ans,
3329 2766 30 22 de
3373 2767 24 21 la
3411 2771 42 17 rue

2904 2790 89 25 Joseph
3010 2791 149 23 Coosemans,
3177 2791 16 21 à
3210 2792 157 23 Schaerbeek.
3383 2797 15 17 a
3416 2792 38 22 été

2905 2816 87 22 blessée
3006 2820 44 21 par
3064 2821 48 17 une
3126 2818 65 21 auto.

2930 2852 28 5 —
2979 2842 32 20 Le
3034 2843 160 24 motocycliste
3218 2843 109 26 Philippe
3350 2844 53 25 V...,
3427 2845 27 21 39

2904 2871 50 19 ans,
2979 2871 43 17 rue
3053 2867 320 27 Champ-de-la-Couronne,
3398 2874 43 18 rou-

2904 2892 53 21 lant
2974 2897 43 16 rue
3034 2893 102 26 Léopold
3153 2894 40 25 I",
3211 2896 69 20 entra
3299 2900 30 17 en
3348 2896 106 21 collision

2905 2922 56 17 avec
2977 2922 47 18 une
3040 2921 64 21 auto.
3119 2920 22 21 Il
3156 2925 16 17 a
3188 2920 38 21 été
3242 2920 75 23 blessé
3333 2920 15 23 à
3364 2922 25 21 la
3405 2921 49 22 tète

2906 2945 24 19 et
2944 2948 47 17 aux
3004 2944 98 24 jambes.

2931 2980 28 5 —
2971 2970 119 24 Collision,
3103 2975 91 17 avenue
3207 2972 90 24 Louise,
3311 2974 68 21 entre
3393 2974 61 21 deux

2905 2996 75 20 autos.
2992 2996 89 23 Dégâts
3093 2997 120 22 matériels
3226 3003 65 17 assez
3304 2999 150 25 importants.

2905 3021 40 21 Un
2956 3021 40 21 des
3008 3022 161 23 conducteurs.
3180 3023 107 23 Maurice
3298 3025 55 23 D...,
3364 3025 28 22 40
3403 3030 50 19 ans,

2906 3046 30 21 de
2945 3046 24 23 la
2979 3051 42 18 rue
3033 3047 40 22 des
3084 3048 219 28 Champs-Elysées,
3313 3055 15 17 a
3340 3050 38 22 été
3389 3056 65 17 assez

2905 3072 168 22 sérieusement
3088 3074 74 22 blessé
3177 3074 16 23 k
3208 3076 22 21 la
3247 3075 55 22 tête.

2932 3108 28 6 —
2974 3098 53 22 Une
3042 3100 57 21 auto
3114 3104 15 17 a
3146 3100 74 22 blessé
3235 3106 66 17 assez
3316 3104 139 23 gravement

2906 3124 53 21 M""
2982 3125 107 25 Augusta
3112 3125 50 25 S...,
3186 3126 27 22 40
3236 3132 52 18 ans.
3312 3128 29 22 de
3364 3128 25 22 la
3412 3133 43 17 rue

2906 3149 128 23 Claessens.
3050 3155 32 17 au
3098 3153 107 21 moment
3220 3152 31 24 où
3268 3152 44 23 elle
3329 3154 126 22 traversait

2906 3176 22 19 le
2946 3175 126 23 boulevard
3089 3177 118 26 aAnspach.
3223 3189 29 6 —
3267 3179 29 23 D.

3482 205 28 7 —
3522 194 48 21 Des
3586 192 124 21 habitant»
3727 191 28 21 de
3771 193 109 27 Mlgnault
3891 207 20 13 u
3922 219 28 4 __

3456 221 49 26 pris
3522 219 29 21 de
3569 217 100 27 querelle
3686 218 25 20 et
3728 217 83 23 battus.
3828 222 75 27 Joseph
3915 216 43 33 ii"

3456 246 67 25 dyck,
3538 248 59 23 pour
3612 247 71 21 coup»
3698 243 15 22 à
3727 243 102 24 Malvina
3844 239 75 35 _»tïrM
3951 251 7 6 "

3456 271 83 23 cueille
3555 272 13 20 8
3584 271 66 23 Jours
3666 268 30 22 de
3712 269 77 25 prison
3806 273 23 20 et
3845 275 32 22 182
3891 266 39 35 (,jL
3935 266 16 20 r|
3951 276 7 6 -

3457 302 59 25 pour
3536 296 91 24 injure»
3638 298 5 17 :
3666 295 27 21 70
3713 295 80 22 francs
3803 301 5 20 ;
3830 299 88 27 Malvina
3933 307 25 20 ^'

3457 323 64 23 tercq
3534 325 59 23 pour
3606 324 71 21 coup»
3690 320 16 23 k
3718 321 91 23 Rosalie
3822 324 80 27 Roland
3912 318 47 34 4*2"

3456 354 25 17 ■e
3504 346 32 24 du
3558 347 108 25 premier,
3688 348 25 21 et
3734 348 60 21 cette
3815 350 92 28 dernière
3922 344 38 34 £2-

3457 379 72 21 coup»
3551 374 14 21 k
3588 372 106 22 Malvina
3705 377 6 16 :
3734 372 102 25 chacune
3858 379 32 22 182
3908 384 26 20 tn

3457 399 130 25 d'amende,
3605 403 57 16 avec
3679 398 73 22 sursis
3770 403 56 23 pour
3842 403 31 24 le»
3889 394 72 39 fei_ïï?

3484 443 27 4 —
3524 433 39 20 Du
3582 430 55 23 chef
3656 430 29 23 de
3704 435 70 21 coupa
3792 433 129 29 réciproques
3938 446 12 16 t

3481 463 58 10 nnr.
3560 456 124 17 r1'nmi.nHaa
3712 460 14 13 a
3754 458 120 15 Tél-t-oai--
3891 455 35 18 z^*
3941 455 20 19 'OQ

3934 478 28 24 Ht,

3894 518 21 22 lis
3917 516 7 5 -
3932 503 31 22 "*

3458 536 30 21 de
3508 536 150 23 Quaregnon.
3916 537 4 9 '
3931 525 11 20 tl
3941 530 19 21 *

3459 458 80 22 francs
3560 456 124 22 d'amende
3711 456 16 23 à
3753 458 121 27 Florestine
3892 464 34 23 Pi.l

3457 483 153 27 Journalière;
3631 482 15 21 à
3658 482 113 22 Léontlne
3782 485 112 26 Dubreuco
3906 479 56 32 ■>_?'■•

3458 510 66 23 Jules
3538 509 90 20 Pottlez
3642 509 24 20 et
3680 509 15 22 à
3709 509 64 22 Jules
3787 511 84 24 Pottlez
3883 507 32 34 fils
3931 503 25 38 tS
3955 508 8 17 1

2368 3594 32 20 Le
2415 3592 120 27 président
2549 3592 34 22 lui
2596 3592 117 25 souhaite,
2727 3597 32 17 au
2774 3597 56 17 nom
2846 3592 41 21 des

2342 3619 124 21 Jeunesses
2481 3617 114 25 libérales,
2608 3618 56 25 long
2679 3618 24 21 et
2716 3617 86 23 fécond
2816 3622 58 17 man-

2342 3643 49 22 dat.

2369 3667 73 26 Après
2464 3668 65 20 avoir
2550 3667 106 25 souligné
2678 3667 111 23 l'activité
2812 3667 29 22 de
2862 3668 24 21 la

2343 3694 75 21 Jeune
2440 3693 87 23 Garde,
2549 3693 17 22 il
2588 3698 16 17 a
2625 3692 99 23 sollicité
2745 3692 91 23 l'union
2858 3693 28 22 de

2343 3720 53 20 tous
2412 3718 61 21 dans
2488 3718 22 21 le
2527 3718 78 22 devoir
2622 3718 85 22 autour
2724 3718 40 21 des
2781 3718 105 22 couleurs

2343 3743 132 22 nationales
2494 3743 24 22 et
2537 3743 31 22 du
2587 3743 105 24 drapeau
2709 3742 61 23 bleu.

2369 3770 43 20 Les
2424 3767 126 23 secrétaire
2564 3768 24 22 et
2601 3768 109 22 trésorier
2722 3769 43 21 ont
2778 3767 108 25 présenté

2344 3794 39 22 des
2401 3794 109 24 rapports
2528 3793 40 26 qui
2586 3794 42 20 ont
2644 3792 120 22 enchanté
2782 3793 92 22 l'assem-

2343 3818 57 23 blée.

2369 3845 34 20 La
2416 3843 85 22 séance
2514 3843 56 22 s'est
2584 3843 113 23 terminée
2711 3848 44 22 par
2769 3848 46 17 une
2829 3848 45 17 cau-

2342 3869 60 21 serie
2418 3869 29 21 de
2462 3869 34 21 M.
2512 3869 59 22 Paul
2586 3869 85 25 Theys,
2685 3873 42 17 sur
2746 3873 7 18 :
2772 3878 10 11 «
2800 3868 74 23 Démo-

2343 3894 85 22 craties
2445 3894 25 21 et
2485 3893 135 23 Dictatures
2637 3903 19 12 >.

1783 3974 302 52 VESTIGES
2139 3975 92 52 DU
2286 3975 204 52 VIEUX
2497 3975 391 52 -BRUXELLES

2195 4038 253 14 >«»>aai»aas*»a^aa»»a%^_.>^«.

1807 4072 51 25 Que
1874 4072 115 22 reste-t-il
2006 4072 40 23 des
2061 4072 127 23 anciennes
2205 4072 118 21 enceintes

1782 4098 29 21 de
1824 4098 119 22 Bruxelles
1952 4098 12 21 ?

1808 4124 35 20 De
1858 4123 24 21 la
1897 4123 126 25 deuxième,
2039 4124 17 21 il
2071 4124 39 21 n'a
2123 4123 101 22 subsisté
2240 4127 44 22 que
2299 4123 24 22 la

1782 4150 68 19 Porte
1863 4149 29 21 de
1904 4149 47 22 Hal
1962 4149 47 26 qui,
2022 4154 43 22 par
2076 4149 61 22 suite
2150 4149 69 21 d'une
2231 4149 80 21 restau-

1783 4174 78 22 ration
1883 4174 146 27 maladroite,
2051 4181 15 17 a
2089 4174 38 23 été
2150 4174 119 26 défigurée
2292 4178 32 18 au

1782 4200 69 21 siècle
1870 4199 99 23 dernier.

1808 4226 43 21 Les
1867 4226 73 20 restes
1956 4226 41 21 des
2011 4227 112 25 premiers
2137 4226 117 25 remparts
2268 4226 56 21 sont

1783 4251 52 25 plus
1852 4251 148 25 importants.

1808 4277 36 20 De
1863 4276 100 25 ceux-ci,
1982 4277 23 22 le
2023 4278 76 25 grand
2118 4276 78 26 public
2215 4281 31 16 ne
2266 4280 44 18 con-

1784 4302 51 22 naît
1853 4307 31 15 en
1902 4302 94 25 général
2013 4307 45 21 que
2075 4304 24 20 la
2117 4303 64 21 Tour
2198 4302 77 23 Noire,
2293 4306 31 16 en

1784 4328 53 21 face
1855 4327 29 22 de
1902 4328 24 21 la
1944 4328 80 21 statue
2041 4329 30 21 de
2089 4329 88 23 Ferrer,
2195 4327 88 22 devant
2301 4327 23 22 le

1783 4353 83 21 chevet
1883 4353 29 21 de
1929 4353 24 21 la
1970 4355 107 21 nouvelle
2094 4354 69 23 église
2180 4353 131 22 Sainte-Ca-

1785 4379 98 21 therine.

1810 4405 31 19 Le
1857 4405 76 20 comte
1949 4405 88 24 Joseph
2053 4406 29 21 de
2097 4405 147 24 Borchgrave
2260 4404 64 21 d'Al-

1784 4431 62 22 tena,
1862 4429 125 21 secrétaire
2004 4430 29 22 de
2049 4431 24 21 la
2090 4429 91 23 Société
2198 4429 113 22 d'Archéo-

1784 4455 65 24 logie,
1868 4460 16 16 a
1903 4456 92 20 montré
2014 4456 16 22 k
2049 4457 40 22 des
2108 4456 60 22 amis
2187 4455 32 21 du
2237 4455 87 21 Vieux-

1784 4480 125 24 Bruxelles,
1925 4481 41 21 des
1981 4482 73 21 restes
2070 4483 32 20 du
2118 4481 51 25 plus
2185 4481 61 21 haut
2261 4481 51 21 Inté-

1785 4506 36 22 rêt
1835 4506 29 22 de
1879 4506 25 22 la
1919 4507 112 24 première
2046 4508 114 22 enceinte.

1229 4616 66 16 Dtvera

1247 4658 28 17 La
1290 4663 8 8 a
1313 4656 119 18 Fraternelle
1445 4656 35 17 dea
1493 4658 131 15 combattants
1639 4657 26 17 du
1680 4660 20 13 u-
1715 4657 41 21 régi-

1226 4678 54 18 ment
1298 4677 23 16 de
1340 4676 58 20 Ligne
1417 4682 9 9 a
1445 4680 12 13 a
1476 4677 87 20 composé
1582 4681 73 14 comme
1672 4678 40 17 suit
1730 4682 36 14 son

1227 4697 72 19 oonsell
1317 4697 179 17 d'administration
1516 4701 48 16 pour
1585 4698 73 17 1940-41
1681 4702 6 13 :
1707 4698 58 20 Prés.,

1226 4720 17 16 J.
1259 4718 82 19 Dupuls;
1358 4717 107 20 vice-prés.,
1481 4718 23 16 R.
1520 4718 95 17 Delobelle
1630 4720 20 15 et
1664 4719 37 17 Th.
1715 4719 51 17 The-

1226 4739 70 16 -lssen
1317 4738 99 18 (Anvers);
1437 4737 109 20 seci-.-gén.,
1565 4738 24 17 Q.
1609 4738 78 19 Dustin;
1707 4743 59 13 secr.-

1227 4759 45 20 adj.,
1287 4759 46 16 Max
1346 4758 75 19 Seljsn;
1436 4757 75 19 trésor..
1525 4758 22 17 R,
1563 4758 83 20 Parfait;
1662 4759 104 21 trés.-adj.,

1226 4780 21 16 C.
1264 4780 84 17 peeters;
1365 4778 94 16 membres
1476 4781 6 13 :
1498 4778 41 16 Em.
1555 4779 105 18 Defauwes.
1677 4779 15 16 P
1714 4780 42 16 Bau-

1226 4802 57 16 wens.
1296 4799 25 16 H.
1334 4797 144 20 Vanderbeken,
1492 4798 21 16 C.
1526 4799 111 17 Huberland
1654 4799 80 20 IMons),
1748 4800 12 16 J

1225 4819 87 18 Bienfait
1328 4818 80 19 (Liège),
1422 4819 22 16 A.
1457 4818 138 20 Vandernerre,
1609 4819 19 17 L.
1642 4819 124 17 Vanderhae-

1226 4843 37 16 gen
1278 4841 21 14 et
1316 4839 25 17 M.
1358 4838 131 18 Destobbeleir
1508 4839 118 18 (Flandres).
1643 4840 24 16 M.
1685 4840 42 17 Van
1743 4840 24 17 de

1227 4858 138 19 Meulebroeck,
1385 4858 131 19 bourgmestre
1535 4859 24 16 de
1579 4859 104 20 Bruxelles,
1704 4864 12 12 a
1736 4860 31 17 été

1226 4879 76 18 nommé
1316 4879 84 17 membre
1413 4879 109 17 d'honneur
1534 4879 24 16 de
1571 4879 20 17 la
1604 4880 124 17 Fraternelle.
1742 4880 25 18 Le

1227 4900 49 17 slèoe
1292 4899 60 17 social
1368 4899 23 16 de
1407 4898 19 18 la
1442 4899 118 17 Fraternelle
1576 4901 29 16 est
1620 4899 59 18 établi
1694 4904 35 13 rue
1743 4900 23 17 de

1227 4920 81 19 Laeken,
1324 4919 38 19 112,
1375 4919 14 18 à
1401 4918 106 18 Bruxelles.

1250 4952 9 9 a
1276 4947 30 15 Dn
1324 4946 52 16 Poilu
1394 4945 24 16 da
1435 4944 43 17 1914
1494 4948 25 12 aa
1537 4944 53 17 Poilu
1607 4945 23 17 de
1648 4946 42 16 1939
1707 4952 16 13 »,
1741 4950 25 14 te.

1226 4968 32 16 est
1278 4967 18 16 le
1317 4966 52 20 sujet
1390 4965 24 16 de
1435 4965 20 16 la
1476 4965 86 17 causerie
1583 4969 36 16 que
1641 4966 42 17 fera
1705 4966 62 18 l'abbé

1227 4988 79 18 Bergey.
1328 4986 18 16 le
1367 4985 92 18 vendredi
1481 4985 19 16 11
1521 4986 46 18 mat,
1589 4986 12 16 à
1621 4986 22 17 20
1665 4986 20 18 h.
1705 4987 29 19 30,
1755 4992 12 12 a

1227 5008 79 17 l'Union
1322 5005 104 21 Coloniale,
1443 5008 34 14 rue
1494 5005 24 17 de
1534 5005 94 20 Stassart,
1644 5006 29 19 34,
1690 5008 12 16 à
1718 5008 39 16 Bru

1228 5028 63 17 xelles.
1310 5030 25 13 au
1352 5026 61 20 profit
1430 5025 34 18 des
1480 5029 75 13 oeuvres
1572 5026 23 16 de
1613 5026 19 17 la
1650 5027 117 17 Fraternelle

1228 5050 34 15 des
1282 5047 84 17 Anciens
1386 5046 127 17 Combattant
1533 5046 25 16 du
1580 5047 21 16 9e
1623 5046 101 20 Régunsnt
1744 5048 24 16 de

1227 5068 67 21 Ligne.

1250 5093 41 17 Une
1310 5091 108 20 exposition
1438 5091 58 19 d'art,
1522 5094 97 17 groupant
1645 5093 123 19 Lnlqiement

1228 5113 34 17 des
1278 5116 76 14 oeuvres
1371 5112 99 17 d'anciens
1487 5111 133 18 combattants
1636 5112 27 17 du
1679 5113 22 17 9e
1718 5113 50 20 régs-

1228 5135 55 16 ment
1296 5133 24 17 de
1334 5133 64 20 Ligne,
1415 5134 31 16 est
1459 5134 79 15 ouverte
1552 5132 91 20 Jusqu'au
1658 5133 10 16 6
1683 5134 39 16 mal
1738 5135 30 15 in-

1229 5154 46 18 dus.
1291 5154 12 16 a
1318 5153 19 17 la
1353 5153 77 17 Maison
1444 5152 24 19 de
1484 5153 72 16 l'U.F.A
1559 5153 32 17 c.
1608 5156 34 14 rue
1657 5153 24 17 de
1698 5154 17 15 la
1732 5154 26 16 Ré-

1229 5177 64 17 gence.
1308 5174 27 18 85,
1349 5174 12 17 a
1375 5173 103 17 Bruxelles.
1493 5172 69 17 Entrée
1576 5173 54 17 libre.

1250 5200 24 17 Le
1285 5200 150 19 gouvernement
1447 5198 51 18 offre
1509 5202 38 13 une
1558 5199 68 16 bourse
1637 5199 23 16 de
1674 5200 58 16 1,,,1'IM)
1744 5202 16 14 ls

1230 5221 12 17 a
1256 5224 27 13 un
1298 5220 85 18 docteur,
1398 5223 28 14 un
1441 5219 105 20 Ingénieur,
1562 5222 27 13 un
1604 5219 125 20 pharmacien
1745 5223 24 13 ou

1230 5245 28 13 un
1274 5240 85 20 licencié,
1376 5243 26 14 ou
1417 5239 12 17 A
1447 5242 27 15 un
1491 5241 77 17 savant,
1586 5243 24 13 ou
1627 5243 12 13 a
1657 5243 26 13 un
1700 5240 68 17 artisu-

1229 5262 23 16 de
1265 5264 72 15 renom,
1350 5260 24 18 de
1388 5259 116 18 nationalité
1518 5260 58 19 belge,
1589 5260 34 19 qui
1636 5260 62 16 désire
1711 5264 49 16 pour-

1229 5281 65 17 suivre
1309 5284 31 14 ses
1356 5280 68 18 études
1439 5280 50 17 dans
1504 5283 38 13 une
1558 5280 105 17 université
1679 5283 24 14 ou
1720 5280 48 17 dan.

1229 5305 38 13 une
1286 5300 112 18 institution
1423 5300 164 20 d'enseignement
1612 5300 99 20 supérieur
1736 5301 34 16 des

1230 5322 98 19 Pays-Bas
1347 5324 24 13 ou
1390 5321 50 17 falre
1457 5321 34 16 des
1509 5320 114 17 recherches
1641 5324 25 13 ou
1684 5321 86 17 d'sutres

1230 5343 82 16 travaux
1332 5341 50 17 dans
1401 5341 29 17 ca'
1442 5344 53 17 pays.
1515 5340 35 17 Les
1570 5340 102 18 candidats
1692 5341 76 16 doivent

1231 5362 49 17 faire
1296 5362 96 20 parvenir,
1408 5362 59 16 avant
1485 5361 17 17 le
1519 5362 31 16 ler
1563 5361 50 20 juin,
1629 5364 25 14 au
1670 5361 100 17 ministère

1230 5382 24 17 de
1271 5381 133 18 l'Instruction
1422 5381 90 21 publique
1532 5381 103 18 (direction
1652 5381 24 17 de
1693 5381 67 17 l'ensei-

1230 5403 91 19 gnement
1334 5401 99 20 supérieur
1447 5403 20 16 et
1481 5402 33 16 des
1528 5402 90 19 sciences.
1634 5402 31 16 Ire
1678 5402 91 18 section),

1230 5423 28 17 42.
1274 5425 33 14 rue
1322 5422 23 17 de
1360 5422 93 20 Louvain,
1468 5422 12 16 a
1494 5422 98 17 Bruxelles
1609 5425 5 15 i
1631 5422 17 18 1)
1666 5425 26 13 un
1708 5422 62 16 currl-

1231 5442 63 17 culum
1313 5443 45 15 vltae
1379 5442 54 19 (date
1450 5442 24 16 de
1493 5443 108 17 naissance,
1625 5442 74 18 études,
1724 5446 36 12 exa-

1231 5466 60 14 mens,
1314 5463 56 18 etc.);
1393 5462 20 18 2)
1437 5465 38 14 une
1498 5463 46 17 note
1566 5466 34 13 sur
1622 5462 52 17 leurs
1697 5462 73 19 projets

1230 5482 93 18 d'études.

1253 5508 26 17 La
1298 5508 62 20 grand
1381 5511 93 14 eeneears
1495 5509 72 16 annuel
1588 5508 136 16 d'accordéons
1744 5508 24 16 de

1231 5528 62 20 Liège,
1309 5531 26 14 au
1350 5528 61 21 profit
1426 5529 34 16 des
1475 5528 96 18 Invalides
1584 5528 25 18 de
1624 5532 67 16 guerre
1707 5529 20 17 et
1742 5528 27 18 du

1232 5549 129 16 délassement
1382 5549 26 17 du
1431 5548 69 19 soldat,
1523 5552 50 13 aura
1595 5548 38 17 Heu
1655 5548 28 17 les
1705 5548 21 16 29
1748 5549 20 16 et

1232 5569 21 17 10
1271 5569 50 20 Juin,
1339 5570 21 16 tt
1378 5569 128 20 comprendra
1524 5569 44 19 sept
1585 5569 99 17 divisions.
1703 5568 65 17 Ecrire

1232 5592 25 14 au
1282 5590 129 19 compositeur
1434 5589 60 17 Emile
1518 5589 43 17 Van
1586 5589 69 19 Herck,
1681 5588 28 21 55,
1733 5591 35 14 rue

1230 5609 158 20 Grand-Vlnlve,
1404 5609 13 17 à
1433 5609 216 20 Jemeppe-sur-Meuse.

1849 5402 37 20 LA
1905 5403 85 21 TOUR
2009 5405 59 22 VUE
2088 5406 41 21 DE
2148 5403 121 22 L'ECOLE

1815 5427 41 21 DE
1866 5427 39 21 LA
1916 5429 61 21 RUE
1989 5430 40 21 DE
2041 5429 184 24 ROLLEBEEK.
2236 5439 29 5 —
2275 5428 28 21 V.

1815 5476 21 21 H
1857 5476 140 23 Intéressera
2018 5482 75 20 certes
2113 5484 44 18 nos
2178 5479 100 21 lecteurs
2298 5478 31 21 de

1791 5507 74 15 'avoir
1882 5503 32 22 où
1930 5504 24 20 et
1970 5507 119 21 comment
2104 5506 29 21 ils
2150 5505 102 25 peuvent
2268 5503 62 25 jeter

1789 5531 33 17 un
1843 5528 84 24 regard
1946 5533 42 16 sur
2009 5534 38 18 ces
2068 5532 98 23 reliques
2188 5529 140 21 vénérables.

1815 5553 65 21 Dans
1895 5554 24 21 la
1933 5558 56 17 cour
2003 5555 28 22 de
2046 5556 78 23 l'école
2138 5554 147 23 communale
2299 5554 30 21 de

1790 5577 23 21 la
1828 5582 42 17 rue
1887 5578 29 21 de
1932 5580 125 23 Rollebeek
2071 5587 26 16 se
2113 5582 82 21 trouve
2211 5584 47 17 une
2275 5580 54 21 tour

1789 5603 40 25 qui
1844 5608 17 17 a
1876 5604 38 21 été
1929 5606 126 22 restaurée.

2370 4073 39 20 On
2426 4073 106 24 rappelle
2550 4074 15 21 à
2583 4074 55 23 tort,
2655 4073 24 21 la
2697 4073 147 26 Steenpoort.

2369 4098 34 22 La
2425 4099 66 24 porte
2512 4098 50 23 dite
2584 4107 10 11 «
2617 4099 141 26 Steenpoort
2781 4108 9 11 »
2812 4104 17 17 a
2850 4099 38 22 été

2344 4123 104 23 démolie.
2470 4124 49 22 Elle
2539 4129 27 17 se
2588 4124 103 23 trouvait
2712 4129 34 18 un
2767 4129 47 22 peu
2835 4125 53 26 plus

2344 4149 54 25 loin,
2413 4154 30 17 en
2457 4150 114 22 direction
2585 4150 29 21 de
2628 4150 24 22 la
2666 4150 67 27 place
2747 4150 29 22 de
2789 4151 98 22 Dinant

2370 4175 39 22 On
2421 4175 91 27 appelle
2525 4176 64 22 aussi
2601 4176 24 22 la
2639 4177 53 21 tour
2705 4181 83 17 encore
2802 4177 86 22 debout

2345 4209 10 10 -i
2373 4201 83 20 Prison
2472 4201 170 22 d'Anneessens
2660 4210 18 16 »,
2694 4202 61 20 mais
2772 4207 116 20 personne

2344 4231 31 17 ne
2388 4227 48 21 sait
2451 4227 149 22 exactement
2614 4227 31 23 où
2660 4228 22 21 le
2698 4228 80 22 tribun
2793 4228 80 22 bruxel-

2344 4252 42 22 lois
2399 4252 40 22 fut
2452 4253 149 25 emprisonné
2614 4254 75 21 avant
2700 4258 44 17 son
2758 4253 130 26 exécution,

2344 4278 105 21 décrétée
2465 4283 44 20 par
2524 4279 24 21 le
2563 4280 104 24 marquis
2683 4279 30 22 de
2729 4278 59 23 Prié.

2370 4310 22 21 Il
2409 4311 36 20 est
2462 4310 123 24 dommage
2603 4310 54 25 qu'à
2673 4310 110 26 quelques
2801 4310 86 21 mètres

2344 4335 29 21 de
2389 4335 25 22 la
2431 4336 54 21 tour
2501 4336 29 21 de
2547 4336 24 21 la
2589 4340 56 17 cour
2662 4336 29 21 de
2708 4335 78 23 l'école
2803 4341 32 16 on
2852 4336 37 21 ait

2344 4360 62 25 érigé
2420 4366 47 17 une
2481 4361 95 22 énorme
2590 4362 128 23 cheminée,
2732 4362 52 24 plus
2799 4362 88 24 grande

2345 4391 44 21 .:,ue
2405 4387 24 21 la
2446 4388 53 20 tour
2517 4388 24 20 et
2557 4389 40 22 qui
2614 4387 24 21 la
2655 4388 86 21 déparx

2370 4419 32 20 Le
2419 4419 73 24 préau
2509 4419 29 20 de
2554 4418 78 21 l'école
2650 4419 36 20 est
2702 4417 82 22 décoré
2802 4419 29 20 de
2849 4420 24 19 ta-

2345 4444 84 21 bleaux
2447 4445 125 20 montrant
2591 4444 41 22 des
2651 4444 58 22 sites
2729 4444 107 25 disparus
2856 4449 31 17 ou

2344 4475 83 16 encore
2442 4470 115 21 existants
2572 4470 33 21 du
2620 4470 212 21 Vieux-Bruxelles.

2371 4502 43 21 Les
2428 4502 94 21 écoliers
2537 4502 33 21 les
2583 4501 44 21 ont
2639 4506 55 16 sous
2708 4501 33 21 les
2755 4505 60 18 veux
2829 4501 45 21 cha-

2345 4532 44 20 que
2404 4527 62 25 Jour.

2371 4560 35 20 De
2424 4559 24 20 la
2467 4563 42 16 rue
2527 4558 29 21 de
2573 4557 131 25 Rollebeek,
2723 4558 22 21 le
2764 4560 76 19 comte
2858 4559 29 21 de

2345 4584 147 25 Borchgrave
2512 4589 15 15 a
2548 4583 97 21 conduit
2663 4588 39 17 ses
2721 4583 85 22 Invités
2827 4586 16 20 k
2864 4588 23 17 la

2345 4610 66 26 place
2427 4610 29 21 de
2472 4609 99 21 Dinant.

2371 4636 116 20 Poussons
2503 4639 47 17 une
2567 4635 67 24 porte
2651 4634 109 22 donnant
2776 4635 60 21 dans
2854 4640 32 17 un

2345 4661 88 21 couloir
2454 4660 83 21 décoré
2559 4660 30 21 de
2611 4660 136 23 carrelages.
2769 4661 37 21 Au
2829 4661 59 22 fond

2345 4687 69 21 d'une
2431 4686 85 25 longue
2533 4685 60 22 allée
2608 4686 91 21 s'ouvre
2715 4690 48 17 une
2780 4691 63 17 cour.

2371 4712 58 21 Vers
2450 4712 24 20 la
2495 4716 42 16 rue
2559 4711 29 21 de
2609 4711 90 25 Villers,
2720 4716 33 17 on
2774 4712 113 22 découvre

2345 4742 33 16 un
2390 4742 54 16 mur
2456 4737 101 25 complet
2569 4737 29 21 de
2611 4737 23 21 la
2647 4737 114 25 première
2774 4738 113 22 enceinte.

2344 4764 43 20 Les
2399 4763 148 20 meurtrières
2558 4763 25 20 et
2594 4763 34 20 les
2640 4762 115 22 créneaux
2766 4764 56 21 sont
2833 4765 42 20 net-

2346 4790 90 20 tement
2450 4788 99 21 visibles.

2371 4815 66 20 Dans
2451 4814 110 20 l'énorme
2573 4813 115 25 muraille,
2702 4819 31 16 on
2747 4819 15 16 a
2777 4815 67 25 percé
2858 4816 29 20 de

2347 4840 83 24 petites
2445 4839 109 24 fenêtres,
2571 4843 41 17 car
2627 4844 26 16 ce
2669 4840 62 21 reste
2747 4840 31 21 de
2793 4840 24 21 la
2833 4845 41 21 pre-

2346 4865 71 21 mière
2442 4864 106 22 enceinte
2573 4864 75 22 forme
2673 4866 167 22 actuellement
2863 4867 25 21 la

2347 4891 74 22 partie
2436 4890 141 25 postérieure
2592 4890 29 21 de
2635 4890 58 22 logis
2708 4891 100 22 habités.

2372 4917 147 20 Continuons
2540 4916 68 21 notre
2630 4916 146 25 exploration
2798 4922 44 20 par
2864 4918 23 21 la

2347 4946 40 17 rue
2400 4941 29 22 de
2440 4941 83 22 Villers
2535 4942 24 20 et
2571 4941 161 22 franchissons
2745 4947 83 17 encore
2841 4948 46 16 une

2347 4969 72 24 porte.

2372 4993 64 20 Nous
2454 4994 96 19 entrons
2568 4992 60 21 dans
2647 4997 46 16 une
2712 4997 62 21 cave,
2793 4995 40 24 qui
2852 4999 34 15 es.,

2347 5023 29 16 en
2393 5017 82 22 réalité
2491 5017 23 21 le
2531 5017 42 21 bas
2589 5017 70 22 d'une
2676 5019 59 21 tour.

2372 5045 52 20 Une
2437 5043 92 21 fenêtre
2542 5042 150 22 inaccessible
2704 5049 15 19 y
2734 5044 107 25 dispense
2854 5050 33 16 un

2347 5071 53 23 Jour
2422 5068 180 26 parcimonieux.

2373 5096 33 20 La
2428 5094 111 22 locataire
2561 5098 59 17 nous
2642 5094 80 24 décrit,
2744 5099 57 17 avec
2824 5096 63 21 force

2346 5119 174 23 exclamations,
2533 5119 33 20 les
2579 5118 148 22 souffrances
2741 5120 40 21 des
2795 5121 79 22 prison-

2347 5146 62 20 niers
2420 5145 39 25 qui
2470 5149 15 20 y
2496 5144 123 25 gémirent.

2373 5171 49 21 Elle
2438 5170 105 25 s'apitoie
2560 5174 40 17 sur
2617 5170 22 21 le
2657 5170 45 21 falt
2718 5175 45 21 que
2780 5173 53 20 tout
2849 5177 26 16 es-

2348 5197 50 25 poir
2411 5196 116 21 d'évasion
2542 5196 50 20 leur
2605 5195 59 22 était
2677 5196 98 22 Interdit
2789 5197 15 22 à
2818 5202 69 17 cause

2347 5223 29 20 de
2392 5223 61 20 cette
2470 5221 91 21 fenêtre
2577 5220 81 26 percée
2674 5220 15 22 à
2706 5222 114 24 plusieurs
2837 5223 37 21 mè-

2348 5250 48 19 tres
2410 5248 29 20 de
2454 5249 107 18 hauteur.

2374 5274 61 20 Pour
2450 5272 133 25 apercevoir
2598 5273 21 20 le
2635 5272 61 21 haut
2711 5273 29 20 de
2755 5273 24 21 la
2795 5275 59 24 tour,
2870 5275 17 21 11

2348 5300 36 20 est
2400 5298 129 21 nécessaire
2545 5298 29 20 de
2591 5297 108 25 pénétrer
2714 5298 60 21 dans
2791 5299 24 21 la
2832 5304 57 17 cour

2348 5325 68 20 d'une
2432 5325 69 20 autre
2517 5323 69 24 école,
2602 5327 41 17 rue
2660 5323 40 21 des
2717 5323 114 24 Alexiens.

2374 5351 68 20 Cette
2460 5354 56 16 cour
2534 5349 36 20 est
2587 5353 42 16 sur
2647 5349 33 20 les
2699 5350 96 20 anciens
2814 5351 73 21 fossés

2348 5376 40 20 des
2398 5376 115 23 remparts
2523 5374 30 21 où
2564 5374 33 21 les
2607 5374 148 21 arbalétriers
2766 5375 30 21 de
2805 5376 82 21 Saint-

2348 5401 101 23 Georges
2467 5405 27 16 se
2512 5400 109 20 livraient
2639 5399 62 25 Jadis
2720 5400 15 21 à
2753 5400 51 22 leur
2822 5404 67 23 sport

2348 5426 82 21 favori.

2374 5452 63 20 C'est
2454 5451 15 21 à
2487 5452 37 19 cet
2542 5450 92 21 endroit
2652 5450 55 26 qu'il
2724 5456 15 19 y
2756 5456 16 16 a
2790 5453 98 25 quelque

2349 5479 82 22 temps,
2448 5481 31 15 on
2498 5476 145 21 redécouvrit
2660 5476 118 21 d'anciens
2795 5479 80 21 souter-

2349 5503 70 21 rains.

2374 5527 169 25 L'exploration
2563 5527 41 20 des
2623 5527 99 24 vestiges
2741 5527 29 21 de
2789 5528 24 20 la
2833 5533 41 21 pre-

2349 5553 70 22 mière
2440 5552 107 21 enceinte
2567 5556 32 17 ne
2617 5552 74 21 serait
2709 5557 44 20 pu
2774 5553 113 26 complète

2349 5583 54 16 sans
2423 5578 24 20 la
2467 5577 66 21 visite
2554 5577 41 21 des
2614 5577 73 21 restes
2707 5577 41 22 des
2767 5579 120 23 alentours

2348 5604 29 21 de
2392 5602 195 22 Sainte-Gudule.
2600 5612 29 6 —
2642 5603 26 21 L.

3529 567 40 22 700
3588 566 81 22 francs
3687 567 120 23 d'amende
3824 575 52 20 avec
3891 581 55 16 subi.
3956 587 8 10 .

3459 593 69 21 Louis
3549 591 115 25 Pinchon,
3685 592 115 23 houilleur
3826 595 14 22 à
3865 599 82 24 P&turaa

3459 623 59 21 pour
3535 622 72 20 coups
3624 617 15 22 à
3656 618 115 25 Augustin
3787 621 75 25 Capel.
3926 613 36 13 ™

3486 661 27 6 —
3530 650 39 22 Un
3586 649 176 23 effondrement
3779 651 30 23 du
3825 655 33 24 sol
3872 657 48 24 «'est
3932 670 29 11 _-.

3460 676 51 22 dult
3531 676 62 22 dans
3613 680 47 18 une
3680 680 41 17 rue
3741 676 29 22 de
3790 677 22 22 la
3832 672 137 34 commuiuilt

3461 702 114 23 Wasmes;
3591 701 22 21 le
3626 702 53 20 trou
3692 700 123 24 découvert
3826 716 26 6 —
3862 698 98 34 sanT-r».

3461 732 32 16 un
3510 727 87 22 ancien
3613 726 64 27 pult»
3693 726 30 22 de
3740 727 156 31 charbonnage
3909 722 60 36 datï„

3460 753 29 20 de
3503 752 117 26 plusieur»
3633 753 122 22 centaine»
3768 753 105 26 d'année»
3885 770 23 7 —
3918 768 12 16 g
3935 749 35 31 Tri

3461 778 114 21 douzaine
3599 777 29 22 de
3652 777 86 23 mètres
3760 779 30 23 de
3813 783 125 26 profondeur
3958 796 12 13 u

3461 804 38 25 n'y
3516 808 15 17 a
3547 807 31 18 eu
3594 807 79 17 aucun
3690 804 107 22 accident
3813 807 27 21 de
3855 807 96 31 persoruà

3487 846 28 6 —
3537 836 37 21 Au
3597 840 68 16 cour»
3687 835 31 22 de
3738 841 43 17 son
3804 840 79 23 travail
3901 849 35 18 sur
3951 850 21 17 u.

3461 861 121 22 chantier»
3607 865 31 18 en
3662 861 158 24 construction
3842 866 29 22 du
3893 867 78 25 noutaT

3462 888 185 23 gouvernement
3667 887 127 26 provincial
3821 889 14 23 à
3860 892 61 26 Mon*.
3946 905 14 10 »

3463 913 76 23 Verte,
3573 916 33 17 un
3642 916 137 20 manœuvre
3813 919 86 22 nommé
3921 908 53 35 'vS!

3462 938 173 22 Jean-Hubert,
3648 937 138 23 demeurant
3798 944 40 18 rue
3850 943 69 25 Victor
3930 940 44 28 BaT

3463 964 69 23 delet,
3553 962 15 22 à
3588 962 129 26 Maisière»,
3736 964 56 22 «'est
3812 966 67 24 blessé
3897 967 78 28 tu7ê«

3463 989 97 26 gauche.
3941 987 34 15 ""■

3489 1025 28 5 —
3529 1015 65 21 Nous
3607 1018 74 18 avons
3694 1014 36 22 dit
3743 1019 44 25 que
3799 1017 46 23 l'on
3856 1019 90 25 abatuit
3956 1035 20 9 _,

3464 1040 72 21 taillis
3554 1040 61 21 dans
3633 1040 21 20 le
3673 1040 49 21 bols
3740 1038 107 30 d'Havre;
3866 1050 29 19 un
3912 1036 64 36 bûch?

3464 1071 49 20 ron,
3525 1065 44 25 âgé
3581 1065 29 23 de
3622 1066 26 21 65
3660 1070 50 20 ans,
3722 1066 22 22 le
3755 1072 91 19 nomme
3858 1071 69 25 Dé»lr»i
3926 1083 2 12 :
3938 1078 30 19 d»i

3464 1092 109 26 planque,
3613 1091 139 23 demeurant
3790 1093 15 23 à
3841 1088 135 35 EtttnnutaT

3464 1115 68 24 Mont
3562 1117 56 21 s'est
3641 1117 78 22 donné
3743 1122 34 20 un
3799 1124 58 23 coup
3876 1123 26 23 de
3922 1133 55 19 _a__

3464 1143 60 21 dans
3538 1142 22 21 le
3573 1142 54 25 pied
3639 1142 71 22 droit.
3949 1140 28 15 ^

3490 1178 29 6 —
3534 1169 20 20 A
3570 1168 133 25 Jemappe»,
3719 1173 31 18 au
3767 1170 146 29 Pont-Canal,
3926 1177 52 22 l_m,

3465 1194 29 22 de
3510 1195 33 21 M.
3558 1194 78 22 Maur.
3652 1194 95 26 Dubois,
3763 1196 107 25 habitant
3884 1206 28 18 m
3926 1190 52 32 Pnr?

3465 1220 116 25 Beumlez,
3600 1225 14 16 a
3633 1220 86 27 dérapé
3737 1223 25 19 et
3779 1224 35 21 est
3830 1223 55 26 allée
3899 1233 23 17 se
3937 1217 42 34 _3

3465 1247 82 20 contre
3564 1250 32 16 un
3612 1247 87 24 poteau
3714 1247 40 26 qui
3769 1252 15 17 a
3798 1248 37 22 été
3850 1251 81 25 démoli.

3492 1282 28 6 —
3537 1272 34 21 La
3589 1272 63 22 Cour
3670 1272 106 22 d'asilses
3794 1274 31 23 du
3842 1276 95 26 Halnaut
3950 1288 29 16 on.

3466 1298 63 21 vrira
3542 1302 27 17 sa
3583 1298 90 22 session
3687 1298 22 22 le
3723 1298 66 23 lundi
3803 1301 12 21 6
3828 1303 46 21 mal
3886 1294 92 35 proe__B

3466 1324 60 21 mals
3548 1328 93 17 aucune
3663 1324 87 22 affaire
3771 1330 30 18 ne
3820 1332 51 18 sera
3891 1331 57 20 jugé»
3960 1331 19 20 S

3465 1349 99 24 jour-là.
3890 1342 8 14 '
3914 1342 12 15 "
3927 1342 21 14 w
3962 1342 17 19 "

3534 1375 39 21 Un
3587 1380 83 20 wagon
3685 1376 28 22 de
3728 1376 39 22 dix
3781 1378 81 23 tonnes
3875 1381 26 22 de
3913 1383 67 24 boule-

3466 1401 30 22 de
3512 1401 112 24 charbon,
3640 1402 96 24 expédié
3752 1403 32 21 du
3799 1405 108 27 Borinage
3926 1414 54 18 arrirt

3467 1427 16 21 à
3498 1427 88 23 Condé,
3601 1432 15 16 a
3632 1427 37 21 été
3685 1428 54 25 pillé
3754 1429 23 23 la
3793 1431 51 22 nuit
3858 1437 39 20 par
3911 1436 33 22 du
3955 1439 17 20 ta

3467 1457 90 17 connus
3569 1455 25 19 et
3605 1454 181 25 complètement
3798 1457 50 22 vidé
3859 1458 26 22 de
3894 1465 38 16 son
3942 1451 38 33 _>T

3467 1480 65 20 tenu.
3546 1479 126 26 L'enquête
3686 1485 15 16 a
3717 1480 45 22 falt
3775 1483 83 22 mettre
3871 1486 24 20 44
3908 1490 72 20 Dt____

3467 1509 43 17 nés
3532 1509 30 17 en
3584 1506 138 25 prévention
3744 1507 28 21 de
3793 1508 43 22 vol.
3854 1510 43 22 Dix
3916 1502 65 31 d'en?»

3468 1530 56 22 elles
3540 1532 43 21 ont
3599 1531 38 22 été
3653 1532 110 22 arrêtées.

3495 1567 27 5 —
3542 1556 158 23 Débouchant
3721 1558 56 23 d'un
3797 1560 90 25 chemin
3905 1564 26 23 de
3947 1568 35 20 tm.

3468 1587 72 20 verse,
3558 1587 34 17 un
3609 1583 102 25 cycliste,
3728 1585 33 20 M.
3779 1586 97 26 Georges
3893 1590 55 24 Nolle
3965 1597 17 17 u

3468 1613 51 19 ans.
3535 1609 118 22 directeur
3669 1609 95 25 d'usine,
3780 1611 106 24 habitant
3900 1615 13 22 à
3926 1618 48 23 Haut

3469 1635 74 24 mont,
3567 1639 15 17 a
3606 1635 38 21 été
3669 1637 128 24 tamponné
3820 1643 42 20 par
3883 1645 41 18 une
3943 1650 11 16 a
3954 1648 28 18 ut_

3468 1660 126 22 inconnue.
3609 1661 33 23 M.
3657 1661 66 23 Nolle
3738 1667 14 18 a
3768 1667 29 19 eu
3811 1664 22 21 le
3846 1666 66 23 crâne
3923 1657 59 36 oui_î

3469 1687 24 20 et
3513 1688 37 19 est
3569 1688 64 20 mort
3650 1692 58 17 sans
3727 1689 65 21 avoir
3811 1691 70 25 repris
3899 1698 83 20 connais.

3468 1716 79 19 sance.

3496 1751 118 22 NAMUR.
3639 1761 29 7 —
3692 1752 77 22 Lundi
3793 1754 134 27 après-midi,
3947 1765 37 17 vers

3471 1778 25 21 14
3510 1777 24 22 h.
3547 1778 34 24 30.
3594 1782 42 18 rue
3651 1778 29 22 de
3693 1778 87 26 l'Ange,
3794 1780 15 23 à
3823 1781 83 23 Namur
3923 1785 18 22 le
3950 1773 25 36 «5

3470 1803 43 22 dat
3529 1803 66 22 René
3612 1804 79 23 Jallet,
3708 1804 30 23 de
3753 1806 104 25 Laneffe,
3872 1813 13 17 a
3900 1809 32 23 été
3945 1817 30 17 rt»

3471 1829 65 20 versé
3551 1829 29 21 de
3595 1829 51 21 vélo
3660 1834 44 20 par
3719 1835 46 17 une
3780 1834 62 21 auto.
3855 1834 20 24 U
3887 1837 33 23 «st
3930 1837 54 24 blmi

3470 1854 15 22 à
3501 1854 23 21 la
3540 1855 55 21 tête.
3610 1856 22 20 Il
3647 1860 16 17 a
3678 1856 38 21 été
3732 1858 130 23 trans_orté
3876 1860 14 22 à
3903 1862 79 24 l'hôi_t_

3470 1880 118 24 militaire.

3496 1917 28 5 —
3536 1907 78 23 Lundi
3626 1908 84 25 matin,
3723 1913 47 17 une
3783 1911 56 22 auto
3851 1913 95 24 conduite
3955 1921 30 18 n_.

3470 1933 33 20 M.
3520 1932 98 23 Florent
3633 1934 116 24 Delcroix,
3766 1935 105 27 boucher,
3885 1940 72 24 suivait
3968 1944 17 20 k

3470 1962 43 17 rue
3535 1958 33 22 du
3591 1959 72 23 Haut,
3686 1960 16 23 à
3724 1961 113 23 Falisolle.
3858 1964 95 27 Soudain,
3970 1970 15 16 u

3471 1984 144 23 conducteur
3643 1987 42 20 eut
3710 1990 34 18 un
3772 1987 177 28 étourdissemenl;
3968 1982 17 35 S

3470 2010 71 22 lâcha
3554 2010 22 22 le
3590 2011 88 23 volant.
3689 2012 34 23 La
3736 2013 89 23 voiture
3839 2017 96 23 escalad»
3945 2020 39 22 lac

3471 2037 125 23 cotement,
3613 2041 112 19 renversa
3740 2043 47 17 une
3803 2044 104 22 passante
3921 2046 20 20 et
3952 2047 33 17 alla

3470 2066 26 16 se
3516 2062 59 23 leter
3592 2064 82 21 contre
3691 2064 24 21 la
3733 2064 83 25 façade
3833 2067 64 23 d'une
3912 2072 73 22 maison.

3471 2088 34 21 La
3528 2088 101 24 victime,
3653 2089 53 21 M"»
3730 2090 64 22 Jules
3817 2092 100 24 Somville
3941 2102 13 18 a

3471 2113 80 24 jambe
3577 2114 76 24 droite
3678 2115 90 26 broyée.
3792 2118 32 22 M.
3848 2119 94 24 Delorolz
3961 2128 25 17 est

3471 2139 145 25 légèrement
3629 2141 75 22 blessé
3716 2147 32 19 au
3762 2143 82 25 visage.

3498 2176 28 7 —
3545 2166 39 21 Un
3603 2167 93 22 ouvrier
3715 2168 69 24 d'une
3802 2170 79 24 scierie
3898 2173 25 21 de
3938 2187 48 10 ___.

3472 2191 45 21 loie
3532 2196 15 16 a
3563 2192 38 21 été
3616 2192 74 22 blessé
3705 2199 32 16 au
3752 2195 51 21 côté
3818 2196 64 26 droit,
3896 2203 26 17 en
3935 2205 43 19 pous-

3471 2218 57 22 sant
3546 2221 35 18 un
3599 2221 132 21 wagonnet,
3749 2220 21 21 n
3788 2226 15 16 a
3822 2222 103 25 plusieurs
3941 2227 45 22 cota

3472 2243 80 22 fêlées.

3501 2276 30 19 Si
3539 2276 246 24 -XICOLAS-WAES.
3797 2290 28 7 —
3835 2281 76 22 Vande
3921 2284 19 21 G
3968 2286 12 21 J

3473 2301 29 21 de
3527 2301 195 26 Beveren-Waes,
3747 2305 128 24 condamné
3897 2313 49 20 pour
3954 2301 33 32 'un

3472 2327 110 21 accident
3604 2328 87 23 d'auto,
3713 2331 35 20 est
3769 2331 46 23 allé
3837 2337 28 19 en
3885 2336 64 23 appel.
3964 2337 23 23 U

3473 2355 186 20 condamnation
3678 2357 36 21 est
3731 2357 140 24 maintenue,
3888 2364 48 18 avec
3949 2367 30 17 sai-

3472 2379 40 23 sis,
3524 2379 48 23 soit
3585 2380 42 23 350
3639 2381 81 22 francs
3734 2382 121 23 d'amende
3868 2387 22 19 et
3902 2390 84 21 respeaj.

3473 2406 96 22 vement
3584 2406 61 23 3,179
3662 2407 88 25 francs,
3768 2410 38 22 100
3822 2410 76 23 francs
3913 2416 20 18 et
3945 2415 42 22 UO

3473 2430 81 22 francs
3567 2431 30 22 de
3610 2432 135 25 dommages
3757 2436 25 22 et
3793 2435 94 23 intérêts
3898 2443 40 18 aux
3948 2442 39 19 trois

3474 2456 113 22 vlotlmes.

3499 2493 28 5 —
3543 2483 33 21 Le
3592 2484 141 23 Hollandais
3750 2486 53 22 W...
3821 2488 77 25 Klaas,
3912 2490 75 23 d'Aven-

3473 2508 65 22 hoor.
3555 2509 40 24 qui
3610 2514 112 20 renversa
3737 2517 57 17 avec
3808 2518 28 16 sa
3852 2515 79 22 voiture
3943 2517 44 22 Meu

3473 2534 108 23 Domien.
3598 2535 29 22 de
3644 2537 175 26 Nieuwkerken,
3837 2541 34 20 est
3886 2542 100 24 cond»_ii_

3473 2559 16 21 à
3509 2560 40 21 700
3569 2561 82 22 francs
3671 2563 129 25 d'amende.
3820 2566 134 26 Interdiction
3968 2570 19 20 it

3474 2586 112 22 conduire
3601 2592 30 17 en
3646 2588 112 27 Belgique
3771 2591 25 21 et
3809 2592 70 22 74.370
3892 2593 65 22 francs
3968 2600 18 17 nj

3474 2611 136 25 dommages
3626 2615 25 22 et
3666 2614 106 26 intirêti.

3500 2648 28 5 —
3545 2638 65 25 Thys
3629 2640 89 26 Alfred,
3737 2642 29 22 de
3785 2643 166 28 Saint-NIcolw,
3963 2648 24 21 et

3474 2664 132 21 condamné
3623 2666 15 22 à
3655 2666 40 22 700
3711 2667 81 22 francs
3809 2669 113 25 d'amende
3936 2673 19 22 et
3965 2677 21 17 un

3474 2689 60 22 mois
3556 2690 29 21 de
3608 2692 86 24 prison,
3717 2698 60 20 pour
3798 2695 64 21 avoir
3881 2697 67 22 vendu
3962 2703 24 18 sa

3474 2715 111 25 meubles,
3602 2718 70 22 saisis
3691 2723 44 21 par
3753 2720 106 23 huissier.

3539 2791 39 30 «.E
3604 2791 81 31 GALA
3711 2794 61 31 DES
3797 2795 152 32 VEDETTES

2934 3233 126 22 ANVERS.
3074 3245 29 5 —
3116 3236 37 21 Au
3169 3235 128 23 détriment
3312 3237 29 22 de
3355 3239 33 20 M.
3404 3241 37 19 An-

2909 3258 64 21 toine
2989 3259 138 25 Voutmans,
3142 3260 141 24 demeurant
3297 3267 43 17 rue
3355 3263 33 22 du
3403 3264 51 25 Roi,

2908 3288 32 16 on
2953 3288 15 17 a
2981 3284 52 22 volé
3045 3289 42 17 sur
3100 3290 34 17 un
3148 3287 114 26 tramway
3277 3288 29 21 de
3318 3288 25 22 la
3356 3288 64 26 ligne
3434 3289 20 24 5,

2908 3313 46 17 une
2966 3311 93 20 montre
3071 3311 25 20 et
3107 3311 85 22 chaîne
3204 3317 31 17 en
3246 3317 34 20 or,
3292 3313 69 22 d'une
3373 3314 82 22 valeur

2909 3334 28 21 de
2952 3335 60 21 7.500
3027 3335 87 22 francs.

2934 3371 28 5 —
2974 3361 37 21 Au
3030 3365 68 17 cours
3117 3361 29 21 de
3164 3362 24 21 la
3207 3362 55 22 nuit
3280 3363 114 25 dernière,
3413 3365 41 21 des

2909 3385 116 21 inconnus
3044 3391 26 16 se
3091 3388 56 20 sont
3167 3387 129 23 introduits
3316 3393 33 17 au
3369 3394 86 21 moyen

2909 3410 150 22 d'effraction
3076 3411 60 22 dans
3152 3412 25 22 la
3194 3412 110 23 demeure
3322 3414 41 22 des
3379 3415 75 21 frères

2908 3435 80 25 Elgen,
3008 3437 87 20 Courte
3115 3441 42 17 rue
3178 3437 29 21 de
3227 3438 131 22 l'Abattoir.
3378 3441 79 20 D'une

2908 3461 108 24 armoire,
3034 3461 29 22 ils
3082 3463 43 20 ont
3143 3462 52 22 volé
3213 3467 35 18 un
3266 3463 88 23 coffret
3372 3468 69 18 conte-

2908 3487 62 20 nant
2985 3491 48 17 une
3046 3491 90 18 somme
3152 3488 29 22 de
3196 3489 73 21 35.000
3284 3489 89 22 francs.

2935 3522 27 5 —
2975 3512 33 21 La
3023 3512 75 26 police
3114 3517 15 18 a
3145 3513 78 23 arrêté
3238 3514 23 21 le
3276 3515 95 22 nommé
3387 3516 55 22 Mar-

2909 3536 35 23 cel
2959 3537 56 24 D...,
3030 3537 141 23 demeurant
3186 3543 42 17 rue
3244 3539 41 22 des
3300 3541 115 25 Aveugles
3431 3541 25 22 et

2908 3561 41 25 qui
2962 3563 36 19 est
3009 3562 135 25 soupçonné
3157 3563 89 22 d'avoir
3259 3565 97 22 commis
3370 3570 34 17 un
3417 3567 38 21 vol

2909 3587 151 25 domestique.

2935 3623 29 5 —
2976 3612 55 22 Près
3049 3613 29 20 de
3094 3613 25 21 la
3135 3614 94 22 maison
3246 3615 40 22 des
3304 3616 112 25 douanes,
3433 3617 22 20 le

2910 3637 94 25 cycliste
3023 3639 29 20 H.
3073 3639 121 24 Janssens,
3221 3640 36 20 est
3284 3640 84 25 tombé,
3396 3642 15 22 à
3431 3642 23 21 la

2908 3662 63 22 suite
2990 3662 70 23 d'une
3080 3663 112 22 collision.
3218 3665 64 21 Pour
3309 3666 90 21 comble
3426 3667 30 21 de

2908 3688 116 24 malheur,
3045 3688 62 22 deux
3128 3690 80 21 autres
3236 3690 107 25 cyclistes
3372 3692 40 25 qui
3433 3692 22 21 le

2909 3713 124 24 suivaient,
3046 3715 56 19 sont
3117 3714 90 21 tombés
3221 3720 41 16 sur
3276 3716 35 22 lui
3325 3717 25 20 et
3364 3717 34 21 lui
3412 3718 44 20 ont

2909 3738 139 22 occasionné
3065 3739 41 20 des
3123 3740 121 22 blessures.

2934 3776 193 21 AUDENARDE.
3151 3787 29 5 —
3205 3777 40 23 Un
3270 3778 39 22 vol
3335 3779 121 23 d'environ

2907 3802 73 24 40,000
2997 3802 81 21 francs
3095 3807 16 16 a
3128 3802 38 21 été
3183 3803 105 25 commis,
3305 3804 24 21 la
3346 3805 61 25 nuit,
3424 3810 33 18 au

2907 3827 120 25 préjudice
3055 3827 40 22 des
3124 3828 76 25 époux
3227 3829 106 23 Richard
3361 3831 95 22 Vander

2907 3853 224 25 Haegen-Baeyens,
3150 3853 145 27 négociants,
3315 3856 142 24 demeurant

2908 3879 113 21 chaussée
3038 3879 95 24 d'Alost,
3151 3879 15 22 à
3183 3880 97 23 Ninove.

2934 3915 28 6 —
2979 3905 44 21 Les
3041 3904 75 22 frères
3134 3905 91 23 Arthur
3244 3907 25 21 et
3287 3908 63 22 Jean
3368 3909 88 22 Duffe-

2908 3931 54 24 leer,
2982 3930 140 22 demeurant
3141 3930 16 23 à
3176 3932 88 24 Pamel,
3284 3937 74 19 venus
3378 3935 15 23 à
3412 3935 31 22 Ni-

2908 3960 66 20 nove,
2986 3960 26 17 se
3026 3956 134 22 trouvaient
3173 3957 61 22 dans
3247 3962 34 18 un
3295 3959 59 25 café,
3368 3960 76 22 chaus-

2908 3981 38 22 sée
2960 3981 29 22 de
3002 3982 127 21 Bruxelles.
3142 3983 21 20 A
3175 3983 24 22 la
3213 3988 63 21 cour,
3289 3985 91 23 Arthur
3393 3986 63 23 Duf-

2908 4007 72 21 feleer
2995 4008 41 21 eut
3050 4011 48 18 une
3114 4009 165 23 conversation
3294 4015 57 17 avec
3367 4016 34 17 un
3417 4012 26 22 in-

2908 4037 85 17 connu.
3011 4033 102 22 Celui-ci
3132 4033 77 26 quitta
3228 4035 23 22 le
3269 4035 60 23 café.
3347 4037 39 22 Au
3403 4042 40 17 mo-

2908 4060 67 20 ment
2991 4058 28 22 de
3036 4058 90 22 vouloir
3141 4059 75 26 régler
3232 4065 45 17 son
3293 4063 100 26 compte,
3410 4065 33 20 Ar-

2908 4084 57 22 thur
2988 4084 122 21 Duffeleer
3133 4086 110 22 constata
3266 4087 26 22 la
3316 4088 140 26 disparition

2908 4110 29 21 de
2950 4114 45 17 son
3010 4110 153 25 portefeuille.

2933 4146 28 5 —
2973 4136 36 21 En
3023 4135 145 23 descendant
3180 4137 16 22 à
3208 4137 52 23 vive
3273 4138 82 26 allure,
3369 4140 15 23 à
3398 4140 51 23 vélo

2907 4163 24 20 la
2942 4161 51 22 côte
3005 4161 29 21 de
3044 4161 24 22 la
3080 4162 98 24 Cruche,
3190 4162 16 22 à
3216 4164 100 26 Renalx,
3327 4165 22 22 le
3359 4166 97 23 nommé

2907 4187 181 21 Charles-Louis
3116 4188 71 24 Roos,
3216 4189 141 24 demeurant
3387 4192 15 21 à
3431 4193 25 23 la

2909 4221 9 9 ..
2935 4212 92 22 Cruche
3042 4221 18 15 »,
3075 4217 44 21 par
3131 4214 64 22 suite
3209 4214 57 23 d'un
3280 4215 123 28 dérapage,
3419 4220 37 21 est

2908 4238 45 21 allé
2970 4242 26 17 se
3013 4238 61 25 jeter
3091 4243 42 17 sur
3150 4239 35 22 les
3203 4240 77 25 époux
3297 4242 57 25 G...,
3371 4244 42 25 qui
3429 4249 27 17 se

2908 4264 134 20 trouvaient
3051 4268 42 16 sur
3103 4265 23 20 le
3137 4265 102 23 trottoir.
3251 4267 101 23 Ceux-ci
3364 4269 78 22 tombè-

2907 4290 54 20 rent
2975 4290 25 21 et
3012 4289 83 21 furent
3108 4290 145 26 légèrement
3267 4293 93 26 blessés,
3375 4296 80 22 tandis

2907 4319 44 20 que
2969 4315 62 21 Roos
3049 4315 39 22 fut
3106 4316 82 25 relevé,
3207 4318 99 24 portant
3323 4324 48 18 une
3390 4321 66 25 large

2908 4340 102 22 blessure
3026 4340 15 22 à
3058 4341 24 21 la
3099 4341 56 23 tête.

2933 4379 183 23 CHARLEROL
3139 4390 29 6 —
3197 4381 134 24 Boulevard
3354 4385 102 25 Jacques

2907 4405 123 23 Bertrand,
3044 4409 34 16 un
3091 4408 117 22 occupant
3221 4407 30 22 de
3263 4407 25 23 la
3301 4409 154 25 plate-forme

2907 4430 32 21 du
2951 4431 121 24 tramway,
3083 4431 33 21 M.
3129 4432 74 21 Emile
3215 4433 36 20 De
3263 4434 93 25 Greefe,
3369 4436 44 25 âgé
3426 4437 29 21 de

2907 4456 26 20 63
2946 4460 51 20 ans,
3010 4456 82 25 marié,
3105 4457 55 25 père
3174 4458 29 21 de
3216 4458 62 23 deux
3291 4461 104 25 enfants,
3409 4463 33 21 ha-

2908 4481 78 22 bitant
2998 4485 42 18 rue
3054 4482 32 22 du
3100 4482 202 28 Château-dTEau,
3316 4486 15 22 à
3344 4487 110 22 Lodelin-

2907 4508 58 23 sart,
2983 4512 15 17 a
3016 4507 38 21 été
3072 4508 91 25 projeté
3183 4509 15 21 à
3216 4510 43 22 bas
3277 4511 33 22 du
3329 4514 82 21 convoi
3431 4515 24 21 et

2907 4533 21 20 si
2943 4533 144 24 grièvement
3103 4534 74 22 blessé
3192 4536 16 23 à
3224 4535 24 22 la
3264 4536 49 23 tête
3329 4538 55 25 qu'il
3399 4544 43 17 suc-

2908 4559 101 20 combait
3026 4563 45 21 peu
3087 4560 75 25 après.

2933 4595 28 4 —
2983 4585 62 23 Quai
3067 4585 29 21 de
3119 4586 113 24 Brabant,
3255 4587 33 21 M.
3311 4589 144 27 Mauriccen,

2908 4610 110 21 habitant
3032 4610 75 26 Liège,
3121 4615 15 17 a
3150 4611 38 22 été
3202 4613 108 22 renversé
3324 4618 45 22 par
3381 4615 74 24 l'auto

2907 4635 29 21 de
2947 4636 33 21 M.
2991 4637 104 20 Laurent
3105 4637 54 21 Van
3169 4638 79 25 MIste,
3259 4639 29 21 de
3299 4640 113 23 Selzaete.
3423 4643 32 21 Le

2908 4661 80 25 piéton
3001 4663 36 20 est
3049 4661 74 22 blessé
3135 4662 15 21 à
3163 4663 24 21 la
3200 4663 83 26 figure.

2934 4697 27 5 —
2977 4687 138 25 Dimanche,
3133 4692 52 18 vers
3201 4690 27 21 20
3244 4690 91 26 heures,
3353 4692 41 22 des
3411 4698 30 21 ga-

2908 4712 61 21 mins
2981 4714 44 20 ont
3036 4713 46 21 mis
3094 4713 22 21 le
3128 4713 41 22 feu
3182 4714 15 21 à
3210 4719 34 17 un
3256 4715 94 26 hangar
3363 4718 29 22 de
3405 4719 49 21 bri-

2908 4738 107 25 quetiers.
3044 4739 44 21 Les
3118 4739 82 25 dégâts
3229 4742 56 21 sont
3315 4742 94 24 évalués
3440 4745 15 22 à

2907 4764 60 22 3,000
2990 4764 89 22 francs.
3103 4765 43 21 Les
3171 4767 124 24 coupables
3320 4769 67 22 n'ont
3412 4775 43 19 pas

2907 4789 41 21 dix
2962 4794 51 17 ans.

2934 4825 27 5 —
2976 4815 34 21 La
3026 4815 74 27 police
3116 4820 16 17 a
3147 4817 78 21 arrêté
3241 4818 90 23 Marcel
3348 4821 99 22 Médard

2908 4840 43 25 âgé
2975 4840 29 21 de
3027 4841 26 21 35
3077 4845 51 20 ans,
3152 4846 31 17 en
3205 4843 120 25 logement
3348 4846 16 22 à
3387 4848 67 21 Mar-

2908 4865 234 27 chienne-Docherie,
3155 4868 128 24 recherché
3296 4875 60 21 pour
3370 4873 45 22 vol.

2934 4904 38 21 LA
2996 4904 159 23 LOUVIERE.
3179 4916 28 6 —
3231 4907 110 24 Clément
3363 4911 91 22 Dehal-

2909 4933 63 18 naut.
2984 4931 27 21 35
3022 4934 51 20 ans,
3085 4930 142 26 célibataire,
3239 4933 113 24 habitant
3363 4941 92 18 avenue

2908 4955 40 21 des
2960 4956 118 22 Cyclistes,
3090 4961 15 16 a
3117 4956 38 21 été
3166 4957 66 22 brûlé
3245 4959 14 22 à
3271 4959 24 22 la
3307 4961 75 21 cuisse
3394 4967 47 19 gau-

2908 4981 50 25 che,
2978 4981 61 21 dans
3058 4986 47 16 une
3125 4982 87 23 aciérie
3231 4984 29 21 de
3280 4986 173 23 Haine-Salnt-

2908 5007 85 21 Plerre.
3006 5007 33 21 La
3053 5007 94 22 victime
3160 5013 15 16 a
3189 5009 38 21 été
3240 5011 111 22 conduite
3365 5012 16 22 à
3394 5014 60 21 l'htV

2908 5032 66 24 pital.

2934 5068 26 5 —
2973 5058 20 20 A
3004 5058 34 20 La
3050 5058 211 28 Louvière-Bouvy,
3274 5062 89 22 Robert
3375 5065 79 26 Drug-

2908 5083 79 24 mand,
3008 5084 26 21 16
3054 5088 52 18 ans,
3127 5084 141 24 demeurant
3287 5092 43 18 rue
3351 5090 103 22 MlUnt-

2908 5108 147 25 des-Camps,
3070 5109 15 21 à
3099 5109 34 21 La
3148 5110 117 25 Louvière.
3281 5118 31 16 en
3327 5116 127 22 marchant

2907 5138 41 17 sur
2967 5138 44 17 un.
3020 5134 53 24 rail,
3092 5139 16 17 a
3128 5135 47 22 fait
3194 5141 47 17 une
3262 5139 72 22 chute
3354 5142 25 20 et
3397 5143 58 21 s'est

2909 5159 103 21 fracturé
3028 5160 22 20 le
3066 5160 54 24 pied
3136 5162 97 22 gauche,
3250 5164 21 20 n
3287 5169 15 17 a
3319 5165 38 22 été
3373 5168 67 21 trans-

2909 5185 65 23 porté
2989 5185 60 21 dans
3063 5190 47 17 une
3125 5187 108 24 clinique.

2934 5221 27 5 —
2979 5210 90 22 Arthur
3087 5212 122 25 Baudelet,
3226 5214 27 21 74
3271 5220 51 18 ans.
3341 5217 112 24 habitant

2906 5236 89 21 sentier
3017 5236 41 21 des
3081 5237 126 23 Meuniers,
3231 5241 36 20 est
3291 5243 79 21 tombé
3393 5245 61 21 dans

2907 5261 111 21 l'escalier
3040 5262 29 21 de
3088 5267 44 17 son
3153 5264 141 24 habitation.
3315 5269 40 21 On
3375 5271 79 21 craint

2908 5291 46 16 une
2969 5287 104 21 fracture
3088 5288 32 21 du
3135 5289 78 23 crâne.
3227 5291 33 21 La
3276 5293 94 23 victime
3384 5301 15 16 a
3415 5296 38 22 été

2908 5314 147 23 transportée
3072 5313 60 22 dans
3150 5319 48 17 une
3214 5316 107 25 clinique.

2934 5351 92 21 MONS.
3040 5362 28 5 —
3082 5353 33 20 La
3130 5354 108 21 nommée
3253 5356 80 22 Elodie
3348 5359 98 25 Hoyaux

2907 5377 85 24 épouse
3004 5377 84 21 Ernest
3100 5378 63 23 Cors,
3175 5381 146 22 marchande
3334 5384 29 20 de
3371 5385 82 22 beurre

2907 5402 15 21 à
2944 5402 79 24 Givry,
3045 5404 36 20 est
3102 5405 132 23 poursuivie
3256 5411 59 21 pour
3336 5409 103 24 falsifica-

2909 5428 49 20 tion
2968 5433 6 18 ;
2997 5428 34 21 les
3051 5430 93 22 experts
3164 5432 43 19 ont
3235 5432 82 23 trouvé
3337 5439 45 20 que
3408 5442 46 17 son

2908 5453 82 21 beurre
3008 5454 122 22 contenait
3148 5455 29 21 de
3196 5457 26 21 35
3241 5457 16 21 à
3275 5459 27 21 40
3321 5464 59 21 pour
3398 5464 55 21 cent

2907 5478 87 22 d'huile
3013 5479 30 21 de
3061 5480 97 21 sésame.
3178 5481 59 22 L'un
3257 5483 29 22 de
3304 5490 38 16 ses
3362 5487 84 22 clients

2907 5504 33 21 M.
2961 5505 107 25 Jaupart,
3090 5505 29 21 de
3140 5506 80 26 Givry,
3240 5513 27 17 se
3287 5513 67 22 porte
3376 5504 77 32 partie

2908 5530 67 21 civile
2995 5532 82 20 contre
3098 5530 50 22 elle.
3169 5532 32 21 Le
3223 5534 104 24 tribunal
3349 5537 24 22 la
3394 5544 45 17 con-

2907 5555 87 21 damne
3015 5556 15 21 à
3052 5556 60 21 3.500
3134 5557 81 22 francs
3237 5560 123 24 d'amende
3370 5568 7 19 ;
3409 5565 43 21 elle

2907 5584 86 21 payera
3000 5581 15 20 à
3022 5581 32 21 M.
3061 5582 102 25 Jaupart
3177 5583 23 21 le
3214 5584 70 23 franc
3300 5587 28 21 de
3344 5589 94 23 domma-

2907 5610 28 20 ge
2947 5606 75 22 moral
3034 5607 55 25 qu'il
3101 5608 130 23 réclamait.

3563 4072 86 31 POUR
3676 4075 40 28 LE
3740 4075 136 29 TRANSIT
3898 4074 37 29 OU

3514 4125 252 32 L'IMPORTATION
3794 4129 40 28 EN
3861 4125 109 32 FRANCE

3501 4948 148 30 PREMIER
3667 4951 98 29 LUNDI
3784 4950 80 30 SANS
3878 4942 97 35 VIANDE

3500 2861 113 24 Louvain,
3626 2863 28 20 29
3666 2864 60 21 avril
3773 2866 32 22 Le
3819 2866 52 27 gala
3884 2867 36 23 des
3931 2869 48 22 vedet-

3474 2886 43 23 tes,
3534 2887 116 25 organisé,
3666 2889 127 23 dimanche
3809 2891 53 25 soir,
3878 2897 29 17 au
3922 2884 65 32 théï-t

3474 2913 136 21 communal
3628 2913 29 21 de
3674 2914 113 25 Louvain,
3805 2921 44 20 par
3865 2917 38 22 des
3917 2919 63 21 militai-

3474 2941 37 15 res
3530 2941 32 18 au
3581 2938 75 25 profit
3674 2940 41 21 des
3734 2941 102 23 familles
3854 2942 133 26 néeessitws

3475 2961 41 21 des
3531 2963 119 22 mobilisés
3667 2965 28 21 de
3711 2966 106 22 Louvain
3833 2969 23 21 et
3871 2968 27 21 de
3912 2969 20 22 la
3944 2974 36 19 com-

3474 2987 87 31 pagnie
3579 2990 177 25 organisatrice,
3774 2997 14 16 a
3807 2993 85 22 obtenu
3908 2999 29 16 un
3950 2995 30 22 bril-

3474 3011 54 23 lant
3540 3013 89 23 succès.

3501 3044 36 22 De
3567 3046 152 23 nombreuses
3749 3049 113 23 autorités
3890 3051 99 25 miliUlrei,

3475 3069 62 22 ainsi
3558 3075 45 21 que
3624 3072 35 21 les
3681 3072 72 24 édiles
3774 3074 29 23 de
3824 3075 98 23 Louvain
3939 3081 42 17 imi-

3476 3095 76 21 taient
3573 3096 16 23 k
3610 3098 62 22 cette
3692 3098 82 26 soirée,
3794 3100 40 24 qui
3854 3104 99 20 rapporta
3967 3106 23 18 un

3475 3120 61 22 beau
3549 3120 89 26 pécule.
3880 3114 51 14 "^

3503 3152 75 25 Après
3617 3153 61 23 deux
3716 3160 125 18 morceaux
3878 3158 112 23 d'orchestre

3476 3177 108 23 exécutés
3607 3183 57 19 avec
3687 3182 114 22 maestria
3823 3187 43 21 par
3887 3183 21 22 le
3928 3187 62 22 groupe

3475 3203 99 21 musical
3598 3204 74 26 dirigé
3695 3210 44 23 par
3761 3207 22 21 le
3805 3209 97 24 premier
3921 3209 69 23 sernnt

3475 3227 53 21 Van
3555 3229 93 25 Geysel,
3674 3235 32 17 on
3732 3233 123 25 applaudit
3878 3226 111 30 succesàre-

3475 3253 68 22 tnent
3568 3259 7 17 :
3598 3255 53 21 M""
3674 3257 110 22 Suzanne
3805 3259 35 20 De
3861 3259 71 21 Gavre
3950 3259 40 22 dam

3475 3278 52 22 l'air
3540 3279 29 22 de
3581 3280 89 23 Rosine
3683 3282 32 22 du
3729 3292 9 10 a
3753 3283 97 23 Barbier
3862 3284 27 22 de
3901 3284 69 21 sévill»
3978 3293 11 14 >,

3475 3304 34 21 M.
3527 3304 55 22 José
3600 3306 87 23 Lesens
3706 3307 60 23 dans
3784 3309 51 22 l'air
3853 3309 28 22 de
3897 3309 93 25 Rodolphe

3475 3329 29 21 de
3519 3330 45 23 .La
3578 3331 133 25 Traviata.,
3725 3334 24 20 et
3762 3334 32 22 M
3806 3335 94 22 Francis
3912 3335 76 22 An_rieii

3476 3354 60 21 dans
3554 3355 53 22 l'air
3625 3356 29 22 de
3673 3358 77 25 Zurga
3769 3359 40 21 des
3828 3369 9 9 «
3857 3359 103 22 Pêcheurs
3972 3359 17 21 dl

3475 3379 80 23 Perles
3570 3391 17 14 .,
3601 3382 34 22 M.
3649 3383 178 27 Rogatchevsky
3841 3385 57 21 dans
3910 3384 80 22 l'aut-i»

3475 3405 33 22 du
3524 3415 9 10 a
3549 3406 46 22 Roi
3609 3407 57 23 dTTs
3681 3417 18 14 a.

3502 3431 56 22 Puis
3574 3431 34 22 les
3625 3432 134 27 danseuses,
3775 3435 118 24 conduites
3907 3440 39 24 par
3957 3434 34 24 M*

3475 3456 113 24 Mertens,
3603 3458 183 25 interprétèrent
3800 3461 65 20 entre
3878 3465 71 17 autres
3960 3463 31 18 une

3474 3480 71 23 scène
3561 3483 127 26 aquatique
3704 3485 139 22 charmante
3859 3496 9 9 .
3884 3487 40 20 Les
3937 3485 54 22 Ondl-

3475 3511 44 17 nes
3543 3516 20 15 »,
3586 3508 26 21 et
3634 3513 49 18 une
3706 3510 127 23 invitation
3856 3511 14 24 k
3893 3512 21 21 la
3935 3510 56 26 poé*

3477 3541 8 9 .
3510 3532 89 25 Pégase
3622 3543 10 11 »
3655 3534 41 28 qui
3717 3535 82 24 furent
3820 3535 172 26 vigoureusement

3475 3557 145 24 applaudies.

3502 3583 60 21 MM.
3578 3584 91 22 Marcel
3685 3586 104 22 Antoine
3805 3587 24 21 et
3845 3587 65 24 Willy
3924 3584 69 23 Cavaffl

3475 3607 125 24 menèrent
3615 3609 25 23 la
3656 3611 57 22 note
3730 3611 52 27 gaie
3798 3613 24 21 et
3838 3611 120 23 déridèrent
3970 3611 22 20 les

3475 3634 147 23 spectateurs
3636 3635 34 22 les
3683 3636 53 30 plus
3749 3641 87 22 graves.

3502 3659 34 21 La
3551 3659 76 22 soirée
3641 3665 26 16 se
3683 3660 101 23 termina
3800 3667 43 21 par
3857 3667 44 16 une
3913 3660 80 23 sauterie

3477 3682 48 23 très
3539 3684 95 22 animée
3649 3686 40 25 qui
3704 3687 60 22 dura
3780 3688 53 21 tard
3847 3688 57 23 dans
3917 3687 21 21 la
3949 3685 39 24 nul'

3479 3757 40 29 AU
3538 3757 126 31 CERCLE
3684 3755 136 35 LIBÉRAL
3835 3754 158 37 VERVIÉTOIS

3505 3828 114 25 Verviers,
3636 3830 26 21 29
3679 3831 66 21 avril.
3761 3843 28 5 —
3803 3831 85 26 Depuis
3903 3830 89 30 plusieurs

3478 3852 67 25 mois,
3557 3854 24 21 la
3594 3854 136 26 présidence
3743 3857 33 23 du
3788 3857 72 22 cercle
3872 3856 73 22 libéral
3955 3858 36 18 ver-

3479 3878 82 22 viétols
3576 3878 60 23 était
3649 3882 108 23 vacante.

3505 3904 64 22 C'est
3584 3906 34 21 M.
3634 3907 82 22 Justin
3732 3908 84 25 Despa,
3834 3912 31 17 un
3880 3906 54 24 actif
3946 3903 39 25 mili-

3479 3929 55 22 tant
3557 3929 29 22 de
3610 3931 25 21 la
3658 3932 114 26 première
3794 3933 71 22 heure
3887 3932 22 23 et
3929 3929 64 24 ancien

3479 3954 122 22 conseiller
3626 3957 130 24 provincial
3780 3958 87 24 libéral,
3890 3957 36 26 qui
3946 3953 48 24 vient

3479 3979 73 23 d'être
3570 3981 84 25 appelé
3672 3982 17 22 à
3707 3987 38 18 oes
3763 3983 116 22 fonctions
3896 3982 25 22 de
3937 3979 47 28 prési-

3479 4004 65 23 dent.

3504 4195 34 21 La
3559 4196 119 23 Chambre
3699 4198 30 21 de
3749 4200 132 21 Commerce
3899 4196 95 26 franc»-*

3478 4219 29 21 de
3521 4220 129 26 Bruxelles,
3664 4227 60 17 nous
3739 4224 158 25 communique
3912 4227 7 17 :

3506 4254 10 11 «
3534 4246 41 22 Un
3591 4247 78 22 arrêté
3687 4253 59 21 paru
3762 4254 32 17 au
3811 4259 10 9 ■
3839 4247 91 23 Journal
3943 4243 41 23 Offi-

3478 4269 44 23 ciel
3537 4280 9 10 a
3562 4271 33 23 du
3609 4273 26 21 10
3648 4274 67 25 avril,
3728 4274 97 24 prescrit
3837 4278 43 21 que
3893 4283 10 10 .
3915 4273 29 21 les
3954 4273 32 18 cer-

3479 4295 90 22 tificats
3586 4297 113 25 d'origine
3716 4301 24 20 et
3756 4299 107 23 d'intérêt
3879 4308 8 11 .
3903 4297 46 23 sont
3962 4294 22 22 dé-

3475 4321 101 21 sormais
3601 4322 157 27 obligatoires,
3782 4325 53 25 quel
3857 4328 43 22 que
3920 4321 39 23 soit
3977 4319 18 21 1«

3478 4345 87 25 régime
3587 4348 115 22 douanier
3730 4355 30 16 en
3788 4351 94 24 vigueur
3907 4351 49 23 pour
3977 4344 17 20 1"

3478 4371 88 22 transit
3579 4378 31 16 ou
3623 4374 170 25 l'importation
3805 4380 31 17 «n
3849 4376 87 20 France,
3947 4371 32 21 dal-

3478 4396 33 22 les
3529 4398 103 22 colonies
3648 4399 130 25 françaises
3795 4402 25 20 et
3836 4401 57 21 dans
3907 4399 29 21 les
3949 4398 44 21 a*S>

3477 4421 29 21 de
3527 4423 146 24 protectorat
3692 4430 31 17 ou
3743 4426 28 22 de
3790 4425 97 22 mandat
3904 4419 89 27 français,

3478 4446 41 21 des
3534 4448 108 24 produits
3658 4450 119 26 fabriqués
3792 4456 31 17 ou
3838 4448 121 26 originaires
3970 4447 23 18 ou

3477 4475 32 17 en
3528 4477 148 20 provenance
3695 4476 30 21 de
3743 4477 76 20 divers
3836 4480 61 21 pays,
3913 4472 49 22 dont
3974 4469 19 21 1»

3477 4497 111 27 Belgique
3609 4500 25 20 et
3652 4500 24 21 le
3694 4502 166 25 Luxembourg.
3878 4501 30 21 Ce
3925 4496 67 25 ré_in«

3478 4522 95 22 entrera
3594 4528 30 17 en
3645 4525 97 24 vigueur
3761 4527 22 21 le
3804 4527 31 22 1"
3854 4525 46 22 mai
3918 4522 42 22 19W
3975 4528 18 12 «

3476 4551 54 17 sera
3546 4549 132 25 applicable
3694 4551 15 22 à
3726 4553 76 20 toutes
3817 4552 33 20 les
3864 4544 118 27 marchandi-

3478 4576 38 17 ses
3541 4576 101 22 passant
3666 4580 30 17 en
3723 4577 103 21 douanes
3849 4573 113 26 françaises
3980 4573 12 16 »

3477 4598 76 23 partir
3566 4599 30 22 de
3608 4601 63 21 cette
3683 4602 63 21 date.

3504 4623 62 21 Pour
3587 4624 34 22 les
3642 4627 177 22 marchandises
3839 4627 16 21 à
3874 4620 117 27 destination

3477 4648 41 21 des
3539 4653 58 21 pays
3617 4652 102 23 neutres,
3739 4652 33 21 les
3792 4651 122 22 certificats
3930 4645 61 24 seront

3477 4672 100 23 délivrés
3592 4676 48 21 soit
3657 4681 44 20 par
3718 4677 33 21 les
3768 4677 91 21 consuls
3875 4676 27 21 de
3916 4672 74 23 France,

3476 4698 47 21 soit
3536 4704 45 21 par
3592 4700 35 22 les
3639 4702 94 22 consuls
3745 4703 29 21 de
3787 4698 203 26 Grande-Bretagne-

3503 4724 62 22 Pour
3583 4725 34 22 les
3634 4728 177 21 marchandises
3829 4724 110 27 expédiées
3952 4722 38 19 vers

3476 4748 24 22 la
3516 4749 98 24 France,
3630 4756 37 17 ses
3684 4753 107 23 colonies,
3807 4756 56 23 pays
3878 4751 27 22 de
3919 4747 61 28 protec-

3478 4774 64 21 torat
3556 4779 30 17 ou
3600 4781 56 16 sous
3670 4778 106 23 mandat,
3791 4778 33 21 les
3838 4774 114 24 certificats
3962 4772 18 18 se-

3477 4800 55 20 ront
3550 4800 99 23 délivrés
3667 4803 179 21 exclusivement
3861 4805 42 22 par
3917 4799 29 21 les
3958 4797 31 19 »""

3477 4824 83 22 torités
3575 4827 144 22 consulaires
3734 4827 133 26 françaises.
3955 4841 24 13 _,

3503 4849 45 22 Les
3566 4851 130 23 certificats
3713 4854 81 21 seront
3812 4850 92 25 délivrés
3920 4845 61 29 gratui-

3478 4875 91 21 tement
3584 4886 19 11 ».
3617 4888 28 5 —
3659 4878 25 21 Z.

3501 5017 39 21 On
3553 5022 15 17 a
3581 5019 76 25 passé,
3667 5025 58 17 sans
3736 5019 175 27 gémissements,
3922 5016 19 21 le
3950 5018 13 21 P
3962 5016 9 16 1
3970 5014 20 17 *"

3475 5041 59 21 mler
3548 5052 10 10 <
3573 5043 68 23 lundi
3652 5050 58 16 sans
3723 5045 84 22 viande
3821 5054 35 12 a...
3981 5058 8 6 .

3501 5068 44 21 Les
3561 5068 137 23 boucheries
3714 5072 24 20 et
3753 5071 33 20 les
3802 5066 145 25 charcuteries
3958 5065 30 17 on'

3475 5091 76 23 baissé
3563 5094 64 22 leurs
3639 5096 73 21 volets
3725 5100 30 18 ou
3768 5094 95 26 dégarni
3874 5093 55 21 leurs
3940 5089 48 20 eu*

3501 5118 66 21 Dans
3584 5119 34 22 les
3635 5121 87 25 grands
3738 5120 116 25 magasins
3870 5119 22 21 et
3907 5117 28 20 les
3949 5114 32 18 coo-

3476 5141 117 25 pératives
3616 5145 41 25 qui
3679 5147 43 20 ont
3745 5150 33 17 un
3802 5155 8 9 .
3836 5138 153 30 comparu™™'

3474 5167 86 22 viande
3574 5179 18 13 .,
3603 5170 34 21 les
3648 5171 60 21 scies
3720 5171 15 21 à
3746 5170 102 26 jambon,
3859 5169 31 20 les
3902 5165 86 22 hacnon*

3474 5193 24 20 et
3511 5193 34 21 les
3557 5197 116 20 couteaux
3686 5196 16 22 à
3714 5195 96 26 dépecer
3821 5195 41 21 ont
3874 5192 32 22 bel
3918 5192 20 19 et
3949 5190 39 18 bu-

3474 5217 90 23 chômé.
3971 5233 17 17 rt

3500 5244 67 21 Dans
3585 5245 34 21 les
3638 5247 153 22 restaurants,
3808 5249 31 17 on
3856 5249 15 16 a
3889 5242 27 21 d*
3915 5242 35 19 c0U
3945 5238 34 29 Jïî
3979 5262 9 11 r
3986 5245 2 5 '

3473 5269 55 20 cent
3540 5271 99 20 recettes
3651 5271 124 21 culinaires
3787 5274 57 22 pour
3854 5268 55 21 falre
3919 5265 68 20 outiu"

3474 5293 15 21 à
3507 5293 24 22 la
3550 5295 108 21 clientèle
3677 5296 21 21 le
3717 5295 90 21 carême
3825 5291 82 27 imposé
3924 5291 35 23 p»'
3972 5290 17 13 "

3474 5321 189 22 gouvernement.

3499 5344 44 21 Les
3559 5344 145 26 végétariens
3719 5347 43 20 ont
3775 5343 114 27 applaudi
3971 5357 6 7 .

3500 5369 66 21 Dans
3586 5371 103 20 certains
3708 5370 115 25 ménages,
3842 5369 15 21 à
3875 5366 76 22 1-neure
3951 5382 37 18 _,,t

3475 5393 22 21 la
3513 5395 123 23 provende,
3651 5400 32 16 on
3696 5396 56 20 s'est
3766 5399 84 21 aperçu
3864 5392 61 26 qu'on
3938 5390 41 17 aw

3473 5419 77 21 oublié
3567 5420 94 21 l'arrêté
3678 5421 64 24 royal
3760 5421 25 20 et
3801 5424 30 17 on
3848 5423 14 17 a
3879 5415 84 24 déjeune
3975 5415 13 12 »

3474 5443 24 22 la
3514 5444 96 22 fortune
3628 5445 31 21 du
3677 5446 48 25 pot,
3742 5450 30 16 en
3787 5449 26 17 se
3831 5454 9 9 .
3859 5438 106 25 rabattant
3978 5440 8 10 •

3473 5473 41 17 sur
3532 5469 34 21 les
3585 5470 66 25 pâtes
3670 5470 164 22 alimentaires,
3852 5468 31 20 les
3900 5464 30 28 l*ç
3932 5464 31 18 unl
3962 5462 25 30 S

3474 5493 33 21 les
3528 5494 69 24 oeufs,
3619 5495 21 20 le
3661 5495 100 25 poisson,
3782 5495 32 20 les
3836 5491 110 23 crustacés,
3962 5489 6 14 '
3968 5489 19 12 a

3474 5523 127 20 conserves,
3615 5519 24 21 la
3653 5520 91 21 volaille
3758 5524 30 17 ou
3802 5520 21 20 le
3835 5516 67 26 lapin.
3964 5530 23 17 Hi

3500 5544 38 21 On
3557 5545 40 21 n'a
3613 5544 77 22 même
3707 5550 43 20 pas
3767 5549 30 16 eu
3813 5539 137 28 l'Impression
3962 5539 24 34 J"

3475 5568 59 22 faire
3548 5569 53 21 acte
3615 5569 29 21 de
3658 5569 67 21 vertu
3740 5574 30 17 en
3784 5565 121 25 délaissant
3917 5564 18 19 le
3947 5564 29 19 "":

3474 5594 28 20 de
3520 5594 72 24 bœuf,
3609 5593 54 27 père
3681 5594 40 21 des
3738 5594 113 26 gastrites,
3866 5594 28 18 ou
3909 5589 20 19 la
3942 5594 11 14 a
3953 5589 8 13 1

3475 5618 52 22 lade
3541 5623 146 17 savoureuse.
3700 5630 28 6 —
3741 5620 30 20 X.
