3979 5633
1110 20 4 5 .

3350 2 4 5 ■

1737 149 18 22 2
1787 151 40 21 La
1869 152 150 20 Dernière
2065 151 93 22 laure
2194 150 17 21 2

238 265 6 17 i

616 232 193 44 IMOS
867 224 328 53 ÉCHOS

159 330 200 27 Aujourd'hui
385 331 102 23 mardi

118 392 93 18 ■tannai,,
222 392 11 17 t
243 392 26 24 ta.,
282 397 9 11 s
302 393 82 19 Quentin
396 392 91 17 Dunrard
499 396 17 12 ».

118 417 52 20 rare,
185 418 9 15 2
208 419 11 15 h
241 418 6 15 1
261 417 9 16 J
285 418 20 16 at
319 418 11 16 »
344 417 19 18 b.
378 417 37 19 1/9,
431 422 10 11 a
455 417 109 17 L'Bnnaanla
578 421 17 12 ».
611 424 19 6 —

138 437 98 17 Premsér..

118 464 88 15 Galerie»,
222 463 11 16 s
248 462 13 17 h
287 463 7 15 1
308 463 15 16 J.
341 467 9 11 a
369 462 27 16 La
414 461 39 17 Itla
471 461 92 17 Chambra
577 465 17 13 ».
611 469 21 5 —

117 488 98 16 Alb.-_.br,
236 495 22 6 —
270 488 85 16 Relâche,

119 513 59 18 liait»,
190 514 15 17 g
213 513 19 17 h.
250 515 35 16 12.
300 519 9 11 ,
325 515 53 14 Loula
395 514 38 15 XIV
449 517 11 10 .

118 539 107 17 Vaudeville,
244 539 11 16 ft
272 541 11 14 h
304 540 36 17 1/S,
359 543 9 12 4
375 540 48 15 J'oai
439 543 33 11 aa.
480 543 16 12 >.
577 529 15 22 ">

117 566 89 17 Warram.
220 572 16 5 -
253 564 79 18 Belicn»

119 590 126 16 Ambaaaador.
255 589 12 18 t
276 591 18 15 h.
307 589 37 18 1/2.
354 594 10 10 e
376 589 33 17 La»
420 589 55 17 {Mena
487 588 23 18 da
523 589 79 16 l'Amour
616 594 9 11 ,

114 609 80 17 Molière.
207 609 11 16 »
230 610 18 16 h.
262 609 35 18 1/2.
312 614 9 10 «
334 610 25 15 La
374 609 61 16 OrlII,
451 612 10 12 a

116 643 41 14 C'a,'
159 646 29 12 no.
198 642 12 16 S
220 643 18 15 h.
251 641 38 20 1/4,
300 647 10 11 e
319 642 18 17 O
348 642 42 18 Yaa.
401 642 56 17 Kltt»
466 645 17 14 ».

116 666 99 17 Folle«-Del
221 667 46 19 -.ère.
277 666 11 17 8
299 666 26 19 h.,
337 671 10 12 a
358 666 47 17 Miss
414 665 84 19 Belglura
510 670 17 14 ».

116 692 80 18 Théâtre
208 691 96 19 Flamand.
317 700 24 6 —
350 692 87 17 Relâche.

116 719 60 16 relais
190 718 60 18 d'Eté,
263 719 11 16 a
290 719 17 17 h.
322 718 38 19 1/4,
373 719 91 17 spectacle
478 718 55 15 varia.

221 750 22 8 —
253 745 58 16 Voies
324 749 25 13 an
360 744 39 17 tête
411 744 33 16 dea
453 743 69 18 Detllea
532 745 94 14 annonce

177 811 205 25 Communiauéi
394 808 48 28 des
455 808 127 27 Théâtres

284 853 28 22 et
336 849 127 25 Concerta

137 925 94 18 M.nnaie.
248 932 22 7 —
284 924 27 16 Ce
326 922 66 19 mardi,
411 922 12 17 à
441 923 20 17 20
478 922 25 19 h..
522 927 10 10 <
549 921 82 19 Quentin

98 954 4 4 ■
115 945 91 17 Durward
221 950 15 11 ..
250 951 21 5 —
282 942 97 17 Mercredi,
393 943 10 15 à
418 942 21 16 M
449 941 26 20 h.,
489 946 9 9 «
510 941 59 16 Thaïs
581 946 16 10 ».
610 948 22 4 —

114 964 55 17 Jeudi
187 964 12 16 i
212 963 21 16 20
244 963 27 18 h.,
284 967 10 11 e
307 962 26 16 La
343 962 59 16 Tosca
417 966 9 10 »
439 961 19 17 et
471 965 9 11 *
492 960 102 17 Tenut*on
606 960 24 15 d-

117 984 55 16 Poète
187 988 14 10 ».
217 990 21 7 —
249 982 97 17 Vendredi,
362 985 11 11 a
386 981 20 16 20
421 981 25 16 h..
462 986 8 7 ■
486 980 25 16 La
524 980 71 15 Muette
610 979 22 15 de

116 1003 69 17 Fortlci
200 1007 10 10 »
223 1002 20 16 et
257 1007 8 9 <
283 1001 82 16 Milcnkra
383 1006 14 11 ..
412 1008 19 3 —
447 999 80 18 Samedi,
543 999 12 15 â
570 999 20 17 14
605 998 26 17 h..

116 1026 10 11 .
138 1022 58 16 Faust
211 1025 18 14 »}
244 1020 12 17 à
270 1021 21 15 20
302 1020 26 17 b..
343 1024 11 11 «
365 1020 77 18 Mignon
457 1023 16 11 ».
487 1026 20 4 —
522 1017 108 17 Dimanche.

117 1040 20 18 à.
144 1041 23 17 14
183 1041 26 17 h..
227 1045 11 11 «
254 1040 34 17 Les
306 1040 57 15 Noces
382 1039 22 16 de
420 1038 67 19 Figaro
503 1040 17 14 «:
540 1041 10 11 a
569 1037 21 15 20
607 1037 25 15 h.,

116 1065 10 12 a
138 1061 81 16 Carmen
230 1064 17 11 ».
259 1067 23 5 —
290 1058 67 19 Lundi.
370 1058 11 16 A
395 1058 21 15 20
429 1057 25 17 h..
466 1062 8 8 •
488 1057 82 18 Quentin
584 1056 47 16 Dur-

117 1080 51 16 Tard
183 1084 17 11 ».
213 1085 21 9 —
248 1079 67 17 Mardi,
331 1078 12 16 à
358 1077 21 17 20
392 1077 26 17 h..
433 1081 8 9 •
458 1076 65 17 Louise
537 1080 17 11 ».

136 1112 52 17 Part*.
201 1117 24 8 —
238 1111 25 16 Oe
277 1110 61 16 mardi
352 1110 21 15 2B
388 1109 80 17 octobre,
484 1111 22 12 rn
522 1107 81 16 matinée
619 1107 10 15 è

108 1130 19 20 ,1
137 1130 20 19 h.
169 1127 30 22 Ut
209 1129 20 18 et
239 1132 23 17 en
274 1128 60 17 soirée
347 1128 11 16 à
369 1128 11 16 S
390 1128 19 16 h.
423 1127 36 17 1-3.
473 1132 8 9 «
493 1126 109 17 L'F.nncmle
617 1131 15 11 ».

116 1150 17 18 tl
145 1149 60 19 grand
215 1148 65 17 succès
292 1147 22 18 de
325 1147 80 17 l'année,
417 1147 23 16 do
452 1146 25 17 M.
489 1146 86 17 Antoine,
588 1148 45 14 avec

117 1170 18 16 la
146 1169 71 19 grande
229 1167 68 18 artiste
309 1168 49 16 Mme
370 1167 67 18 Sylvie.

104 1200 6 5 '
118 1195 6 8 '
136 1201 89 16 Galerie».
243 1208 23 5 —
282 1198 62 18 André
361 1197 56 18 Brûlé
427 1193 27 21 "et
468 1196 104 17 Madeleine
588 1196 43 19 Lely

116 1220 66 20 louent
200 1220 120 16 maintenant
339 1223 10 11 e
368 1218 25 16 La
409 1217 38 16 Ille
466 1216 92 17 Chambre
577 1221 16 13 ».
608 1216 22 16 di

114 1240 63 16 SacBa
190 1240 68 16 unit»

136 1271 106 16 Alhambra.
256 1277 23 6 —
293 1269 87 17 Relâche.
397 1269 15 15 A
429 1269 61 18 partir
506 1267 22 17 de
543 1266 87 17 vendredi

106 1289 48 18 'aolr
170 1290 19 16 1»
202 1289 71 19 grande
287 1294 9 9 «
308 1289 62 16 Bévue
384 1288 25 16 du
422 1286 112 17 centenaire
549 1291 16 15 ».
578 1289 52 15 spec-

115 1310 48 16 tacle
182 1308 125 18 merveilleux,
326 1308 87 16 tableaux
430 1308 20 15 et
469 1305 85 17 skctcb.es
573 1305 48 16 d'his-

116 1331 53 17 toire,
181 1331 37 16 ete.

137 1359 112 17 raoderllle.
261 1367 23 5 —
295 1358 99 17 Dernière»
408 1357 22 17 de
445 1357 102 17 l'Immense
561 1356 71 16 suce*sr

114 1384 11 12 e
134 1379 50 17 Joae
194 1382 37 18 pas
240 1383 17 13 ».
267 1378 49 17 Sous
323 1381 44 16 peu:
380 1382 10 11 «
398 1377 26 16 La
436 1377 74 16 Femme
519 1376 12 15 à
542 1376 60 15 Barbe
614 1380 16 10 ».

135 1410 63 18 Galté.
206 1418 16 6 —
221 1418 8 6 -
237 1410 16 17 n
263 1413 13 16 y
286 1414 12 12 a
310 1412 22 13 eu
342 1409 50 16 foule
402 1411 37 13 aux
450 1407 48 17 deux
509 1407 121 16 dominicales

114 1431 23 16 de
148 1431 17 17 la
177 1433 75 15 royeoze
264 1430 20 16 et
295 1429 96 17 foUement
403 1427 99 17 amusante
514 1427 83 18 opérette
608 1424 22 18 de

118 1450 25 16 M.
155 1450 57 17 Serge
223 1449 59 17 véber
293 1452 6 12 :
313 1455 9 9 .
336 1448 54 16 Louis
401 1447 41 16 XIV
454 1451 17 11 ».

124 1481 96 17 -aioliêra.
232 1487 24 6 —
266 1480 50 16 Tous
330 1479 27 17 1rs
372 1479 53 16 aolrs.
440 1484 8 8 .
464 1478 25 16 La
505 1476 62 18 Griffe
582 1482 16 13 ».
611 1477 22 15 de

109 1500 68 17 Henry
195 1500 106 17 Bernstein.
319 1502 44 13 avec
381 1498 63 18 Henry
461 1497 78 19 Krauss.
553 1497 30 15 est
601 1500 29 13 re-

114 1519 160 20 mar-quib'ement
286 1517 119 19 interprétée.

126 1562 4 4 .
138 1552 74 17 Caelr*-..
226 1558 24 7 —
261 1550 81 16 Rrtenax
355 1552 34 13 vos
400 1548 62 20 Fleces
477 1551 46 16 pour
537 1552 9 10 «
561 1548 17 16 O
592 1547 42 16 Tes.

114 1572 55 15 "tut*-
182 1576 17 11 ».

124 1600 4 5 '
137 1602 154 18 Folles-Bergère.
303 1608 23 6 —
337 1600 24 16 Le
372 1600 61 19 publie
446 1599 36 16 fait
493 1601 43 14 toua
548 1600 26 15 tes
586 1600 47 14 soirs

118 1626 37 13 unz
165 1621 72 17 chaude
248 1620 95 19 réception
354 1620 11 15 k
378 1624 9 10 «
398 1619 46 16 Misa
455 1618 83 17 Belclum
551 1622 16 11 ».
579 1618 55 16 Jeudi

113 1640 92 21 -dernière.

136 1672 81 17 Théâtre
240 1671 96 17 Flamand.
356 1678 22 5 —
400 1669 78 16 Demain
498 1669 97 17 mercredi,
618 1669 11 14 ft

105 1692 32 20 -30
148 1691 26 20 h.,
187 1697 9 10 i
208 1691 28 17 De
246 1689 189 19 Tweellngsbtoeders
445 1693 16 14 ».
473 1688 73 17 d'après
556 1688 76 16 Tristan

118 1707 91 23 Bernard.

137 1743 66 19 Cirque
217 1743 62 18 Royst.
294 1749 22 6 —
326 1741 107 18 Rappelons
446 1740 17 15 la
476 1739 121 16 réouverture
610 1739 21 15 de

117 1762 49 19 gala,
179 1762 17 16 le
208 1760 89 17 vendredi
309 1760 20 19 31
344 1759 80 17 octobre,
439 1758 53 16 veille
507 1758 23 16 de
544 1758 18 16 la
575 1758 58 15 Tous-

117 1781 57 17 ealnt.
190 1783 48 18 pour
250 1780 78 18 laquelle
344 1779 13 17 11
370 1779 29 16 est
413 1780 65 17 urgen-
495 1777 22 17 de
530 1780 64 16 passer
609 1780 24 13 au

114 1802 72 16 bureau
197 1800 23 17 Sa
234 1799 89 18 location.

114 1865 30 21 Le
157 1863 53 25 père
222 1864 30 21 du
265 1863 127 24 professeur
404 1861 92 21 Plccard

138 1911 30 21 Le
180 1910 128 26 professeur
317 1908 93 21 Plccard
421 1907 131 24 appartient
563 1906 15 21 à
590 1911 44 17 une

97 1932 9 23 C
112 1936 73 21 vieille
197 1935 88 21 famille
295 1933 164 22 universitaire.

137 1961 48 21 Son
200 1959 59 24 père,
274 1960 32 19 M.
321 1959 63 20 Jules
399 1957 100 22 Plccard.
513 1958 120 22 originaire

110 1985 31 22 de
167 1986 127 21 Lausanne,
322 1984 62 20 vient
413 1982 135 21 d'atteindre
577 1981 56 23 l'âge

110 2010 124 25 patriarcal
248 2010 28 21 de
290 2009 27 20 90
329 2013 49 16 ans.

137 2036 36 20 On
188 2035 33 20 lui
236 2034 50 21 doit
313 2034 29 20 de
371 2032 124 21 nombreux
525 2035 107 19 ouvrages

109 2060 156 24 scientifiques
282 2060 25 20 et
323 2059 16 19 11
356 2058 107 22 enseigna
480 2056 23 21 la
519 2056 82 21 chimie
619 2055 14 20 à

111 2086 80 20 l'Ecole
206 2084 172 24 polytechnique
392 2082 99 21 fédérale
506 2081 29 21 de
551 2081 82 20 Zurich

109 2110 30 21 de
152 2110 50 20 1862
216 2109 15 20 à
247 2109 49 19 1868
312 2108 24 20 et
349 2108 15 19 à
379 2106 141 21 l'Université
534 2107 28 20 de
577 2104 55 21 Bàle

112 2137 27 18 cie
149 2135 52 20 1869
212 2134 16 21 à
240 2134 56 20 1889.

133 2159 35 21 _L
182 2159 64 21 Jules
260 2157 100 21 Piccard.
374 2157 39 25 qui
429 2161 66 20 passe
509 2155 123 21 l'automne

110 2185 16 20 à
142 2183 128 22 Lausanne,
286 2187 26 16 sa
329 2182 52 20 ville
395 2180 85 23 natale,
494 2181 37 21 est
546 2180 21 21 le
584 2180 48 21 seul

110 2209 119 21 survivant
249 2207 29 22 de
299 2211 57 17 ceux
376 2206 39 24 qui
436 2204 133 22 assistèrent
588 2209 45 17 aux

111 2234 81 21 débuts
202 2233 29 21 de
246 2232 81 21 l'Ecole
341 2230 173 26 polytechnique
527 2229 106 23 fédérale,

109 2258 60 23 dont
181 2263 32 17 on
226 2257 80 21 fêtera,
321 2257 22 20 le
357 2257 13 19 7
383 2255 121 22 novembre
515 2255 117 25 prochain,

111 2284 24 21 le
146 2284 37 20 75e
196 2282 160 22 anniversaire.

136 2308 49 21 Son
196 2307 45 22 fils,
253 2307 20 21 le
286 2307 127 23 professeur
425 2305 98 21 Auguste
534 2304 99 21 Plccard.

109 2333 157 22 représentera
283 2330 142 22 l'Université
441 2330 66 21 Libre
526 2329 29 21 de
573 2330 46 19 Bru-

110 2358 69 20 xelles
193 2357 16 21 à
221 2357 59 21 cette
294 2355 132 22 cérémonie.
439 2365 27 5 —
478 2354 25 21 E.

109 2395 37 22 Aa
158 2394 96 21 chitean
266 2394 28 22 de
305 2393 91 21 Laeken

136 2440 32 22 Lo
179 2441 35 21 roi
222 2441 27 21 et
258 2440 24 20 la
294 2440 62 20 reine
366 2439 42 20 ont
418 2437 82 22 donné,
512 2437 120 21 dimanche

109 2467 54 21 soir,
174 2470 35 17 un
220 2465 66 20 dîner
296 2469 29 16 en
339 2464 118 20 l'honneur
470 2463 40 20 des
522 2462 110 21 membres

94 2492 8 17 !
112 2492 31 21 clu
155 2489 100 25 Congrès
266 2489 28 21 de
306 2489 110 20 l'Institut
428 2487 167 22 International
605 2487 28 20 de

110 2515 118 25 Physique.
240 2524 27 6 —
278 2514 26 21 T.

115 2553 109 21 Honneur
235 2557 47 15 aux
292 2551 79 21 braves
385 2555 55 20 gens

136 2598 32 22 Le
178 2598 36 21 roi
223 2598 26 21 et
260 2597 23 21 la
297 2597 62 22 reine
369 2596 139 22 assisteront,
518 2595 21 21 le
551 2595 24 21 16
588 2599 31 16 no-

113 2623 91 21 vembre
218 2621 117 25 prochain,
351 2626 30 16 au
398 2620 75 22 Palais
489 2620 40 21 des
544 2619 77 21 Acadé-

111 2648 64 22 mies,
188 2647 16 20 à
215 2647 23 20 la
250 2646 81 21 remise
344 2646 40 23 des
394 2645 156 25 récompenses
576 2649 55 19 pour

113 2672 63 26 actes
197 2671 28 22 de
237 2675 96 20 courage
341 2671 5 4 '
351 2671 26 20 et
393 2670 28 20 de
434 2668 155 22 dévouement.
606 2678 27 5 —

112 2694 76 27 Selga.

111 2741 49 21 Vne
174 2745 120 15 assurance
309 2740 76 19 contre
400 2738 21 20 le
435 2737 107 24 chômage

136 2786 48 21 Les
195 2786 167 23 commerçants
380 2784 74 21 avisés
473 2784 38 24 qui
531 2782 103 22 utilisent

111 2811 174 24 régulièrement
307 2810 41 20 ksi
358 2810 85 20 Petites
466 2810 120 19 Annonces
606 2809 28 19 de

114 2843 9 10 »
142 2837 31 19 La
191 2835 108 21 Dernière
315 2834 76 22 Heure
409 2842 18 15 *,
443 2838 30 16 ne
488 2833 146 20 connaissent

111 2865 42 20 pas
164 2860 34 21 les
207 2860 64 24 jours
282 2858 101 22 sombres
393 2858 28 21 de
433 2858 22 20 la
466 2859 74 20 morte
551 2857 82 21 saison.

110 2885 34 22 Us
155 2886 124 20 s'assurent
292 2884 79 21 contre
386 2884 22 20 le
420 2884 115 23 chômage.
553 2882 80 21 (D4497

112 2922 42 22 Les
168 2922 94 21 dévoués
277 2920 16 21 à
306 2921 117 20 l'honneur

136 2968 33 22 Le
186 2968 77 22 Cercle
279 2967 40 22 des
334 2967 137 21 Collecteurs
502 2965 30 22 du
548 2966 83 20 Denier

112 2993 41 22 des
165 2993 84 22 Ecoles,
265 2997 30 16 au
310 2997 66 16 cours
391 2992 67 20 d'une
473 2990 74 21 soirée
562 2989 56 22 char-

112 3019 84 20 mante,
207 3022 15 16 a
234 3017 107 21 remercié
352 3017 34 20 les
398 3015 131 21 collecteurs
554 3015 45 24 qui,
609 3014 22 21 le

113 3042 26 21 21
157 3041 75 25 Juillet
253 3041 96 22 dernier,
369 3041 92 20 avalent
503 3039 83 21 récolté
609 3040 22 19 la

112 3071 86 16 somme
212 3065 127 22 rondelette
370 3065 29 20 de
428 3065 25 20 13
454 3064 76 23 ,500.00
547 3064 83 20 francs.

112 3091 31 20 M.
159 3090 102 25 Adolphe
274 3090 104 22 Foucart,
394 3089 121 25 président,
531 3093 16 16 a
563 3092 68 17 remis

112 3118 47 19 aux
173 3115 100 21 lauréats
287 3115 24 20 la
323 3119 71 20 coupe
409 3114 84 21 offerte
507 3118 42 20 par
565 3114 31 20 M.
610 3113 20 21 le

113 3140 152 24 bourgmestre
286 3140 62 22 Max,
364 3138 117 25 président
500 3138 129 20 d'honneur.

114 3164 32 21 les
157 3164 115 21 médailles
285 3164 95 20 offertes
393 3168 43 19 par
448 3163 23 20 la
486 3162 51 20 ville
550 3164 24 20 et
598 3162 32 20 les

113 3188 142 22 distinctions
272 3188 95 20 offertes
381 3191 42 21 par
435 3187 21 21 le
474 3186 77 22 cercle,
566 3186 20 21 n
616 3191 14 16 a

113 3213 126 24 également
253 3213 69 21 remis
340 3216 45 18 aux
404 3212 60 20 Galx
482 3211 136 21 Philanthro-

114 3242 39 20 pes
163 3242 46 17 une
222 3242 70 20 coupe
306 3242 30 16 en
347 3237 105 21 souvenir
467 3236 27 22 de
508 3236 49 20 leur
572 3236 46 20 ami-

113 3261 49 21 cale
174 3261 167 21 collaboration.

138 3286 39 21 La'
191 3285 77 23 rwtrée,
289 3285 143 25 agrémentée
460 3285 27 21 de
507 3285 123 20 nombreux

111 3310 125 21 ■«hanteurs
252 3314 121 19 amateurs,
385 3311 53 20 s'est
454 3309 103 22 déroulée
573 3309 57 21 dans

120 3340 17 15 a
149 3335 51 25 plus
216 3335 96 22 franche
329 3333 123 23 cordialité.

115 3374 29 19 Le
157 3371 100 26 huatiuet
270 3373 28 20 de
312 3372 50 20 1883

139 3420 97 24 Lorsque
251 3419 32 25 M.
299 3420 62 20 Jules
376 3418 93 23 Destrée
486 3419 46 25 prit
547 3418 24 22 la
588 3423 29 20 pa-

113 3443 47 22 role
177 3443 57 24 hier,
246 3448 30 16 au
292 3444 75 21 Palais
382 3444 40 23 des
438 3443 138 22 Académies,
589 3444 28 21 de-

114 3469 57 20 vant
182 3472 44 18 une
236 3468 123 21 assistance
368 3468 76 24 sélect,
455 3472 30 17 on
496 3467 40 22 eût
548 3468 70 22 enten-

115 3492 32 21 du
161 3496 46 17 une
220 3493 95 21 mouche
329 3492 67 21 voler.

139 3517 106 21 L'ancien
263 3517 110 24 ministre,
389 3517 38 24 qui
447 3518 77 20 manie
546 3516 23 21 la
588 3521 28 21 pa-

114 3541 48 22 role
175 3541 25 21 et
210 3539 33 24 les
254 3545 101 18 nuances
370 3545 54 17 avec
452 3545 33 17 un
513 3542 37 20 art
576 3545 54 18 sans

115 3565 78 24 pareil,
209 3566 65 24 parla
292 3571 54 16 avec
364 3565 100 22 émotion
481 3567 32 19 du
532 3566 100 23 banquet

115 3590 40 21 des
171 3597 9 9 •
193 3589 73 23 Jeune
281 3590 105 24 Belgique
402 3597 10 10 »
426 3590 29 21 de
471 3590 56 21 1883.

139 3614 66 21 Cette
219 3614 80 22 année,
313 3615 21 20 le
346 3614 52 25 Jury
410 3615 38 23 qui
461 3615 77 21 devait
553 3614 66 22 décer-

115 3642 42 18 ner
172 3638 22 23 le
213 3638 51 25 prix
282 3639 29 20 de
329 3638 127 22 littérature
473 3638 76 23 s'était
566 3638 66 22 réuni

115 3663 36 22 et.
153 3663 62 21 avait
226 3662 219 22 sentencieusement
465 3662 88 23 déclaré
578 3663 54 25 qu'il

115 3687 38 24 n'y
169 3687 63 22 avait
250 3691 42 19 pas
308 3687 45 21 Heu
367 3688 28 21 de
410 3687 104 23 désigner
531 3692 32 16 un
581 3687 38 21 lau-

115 3711 56 21 réat.

139 3736 31 20 Et
185 3742 9 11 •
209 3735 31 23 Le
252 3736 60 20 Mâle
326 3743 18 16 »,
356 3737 30 20 de
415 3736 94 22 Camille
534 3737 84 21 Lemon-

116 3761 56 21 nier.
186 3760 78 21 venait
276 3761 29 21 de
320 3760 106 25 paraître.

140 3785 72 21 Toute
225 3789 46 17 une
283 3785 55 19 belle
354 3785 102 24 Jeunesse
471 3786 101 23 ardente,
588 3786 44 20 fle-

116 3812 31 20 re.
161 3808 174 26 Indépendante,
346 3809 102 24 exprima
461 3815 26 16 sa
502 3809 72 22 colère
603 3815 30 16 au

116 3838 64 17 cours
193 3833 30 22 de
236 3837 26 18 ce
276 3833 100 24 banquet
389 3834 38 24 qui
439 3834 34 22 vit
483 3834 88 25 George
585 3835 46 19 Ro-

117 3857 102 21 denbach
233 3857 98 25 prendre
343 3858 24 20 la
379 3859 77 23 parole
477 3862 58 21 pour
560 3859 73 21 flétrir

116 3882 22 21 la
154 3881 98 22 décision
265 3882 76 23 Inepte
354 3881 40 22 des
408 3881 120 22 officiels...

141 3907 96 23 Lorsque
250 3907 25 19 M
294 3905 64 22 Jules
370 3906 93 21 Destrée
475 3909 41 19 eut
528 3907 52 21 bien
592 3906 29 26 pé-

116 3929 64 22 nétré
210 3934 43 18 son
282 3930 112 21 auditoire
408 3931 28 21 de
451 3931 182 21 l'enthousiasme

118 3954 187 21 révolut'onnaire
320 3955 39 23 qui
375 3954 97 22 animait
488 3955 33 21 les
536 3963 10 10 «
561 3956 73 21 Jeune

118 3978 104 25 Belgique
240 3986 18 16 »,
272 3978 98 24 lorsqu'il
386 3979 32 21 les
434 3980 40 20 eut
490 3979 88 24 décrits,
593 3979 29 23 dé-

116 4003 113 24 daigneux
251 4003 41 20 des
316 4002 109 23 subsides,
447 4003 127 24 méprisant
600 4004 34 21 les

118 4027 141 21 décorations
271 4027 25 21 et
312 4028 33 20 les
361 4027 122 22 honneurs,
495 4028 95 22 hochets
606 4029 28 20 de

118 4052 23 21 la
154 4051 83 22 vanité.
250 4051 16 21 11
279 4051 56 21 finit
346 4056 43 19 par
400 4056 38 16 ces
452 4051 60 22 mots
527 4056 6 16 :

144 4083 10 10 •
172 4077 28 19 Et
215 4079 56 18 vous
285 4079 68 19 voyez
364 4075 53 21 bien
432 4080 42 19 que
486 4075 33 22 les
536 4083 9 9 •
562 4076 73 21 Jeune

118 4100 106 24 «vigique
236 4108 9 8 •
258 4101 42 20 ont
311 4098 71 23 réussi
396 4099 93 24 puisque
503 4104 57 18 nous
573 4105 49 16 som-

117 4129 51 17 mes
191 4124 100 21 devenus
316 4123 17 21 à
355 4124 67 21 notre
449 4123 53 21 tour
520 4125 40 20 des
579 4125 56 21 offl-

117 4149 78 20 e:e<s...
212 4155 11 10 •

143 4173 31 20 Et
188 4172 53 23 d'un
258 4173 42 20 ton
313 4171 96 23 funèbre
425 4177 7 16 :

145 4204 11 10 *
174 4197 59 20 Nous
247 4200 97 18 sommes
358 4198 99 20 devenus
472 4197 39 21 des
528 4198 107 21 a-ca-dé-

118 4220 150 23 ml-clens!..^
277 4227 13 12 «
303 4228 28 8 —
345 4219 25 23 L.

141 4295 253 46 DERNIÈRE
417 4302 199 39 MINUTE

176 4600 5 5 .
199 4589 108 21 co**bsbb
324 4591 15 17 a
353 4590 109 21 sxoon_
477 4605 19 4 ...

83 4630 63 24 »<—
161 4632 60 17 PRIX
236 4632 34 17 DO
285 4632 124 19 PAVTLLCIÎI.
424 4642 24 5 —
462 4634 17 18 S.
496 4634 63 22 Osbjr.
576 4635 20 17 1.

77 4670 73 17 U__e:
166 4669 17 18 8.
198 4670 86 19 Pounds.

104 4707 47 18 Boa
158 4707 64 20 placée
235 4710 7 15 :
253 4707 126 19 Karambire.
392 4709 107 21 Kachaine,
510 4710 86 22 Kankla,

83 4744 135 20 FlAmarande,
235 4745 116 20 Rubiconde.
366 4746 63 19 Prem.
443 4747 50 18 Beur
502 4762 5 7 ,
525 4749 49 20 Kc-yi

81 4781 51 19 Aaa..
143 4783 86 20 8tl(m=o,
238 4783 71 20 Lugny,
320 4784 91 21 baquiTE,
419 4785 37 22 Oo.
464 4787 58 17 Banv
530 4787 56 21 D:»p

83 4821 87 19 Ouul!e.
273 4832 6 15 ,

84 4861 74 18 utr*--*******
173 4873 5 5 .
191 4859 57 23 «sr-,
258 4861 50 19 »jo*.
320 4861 41 19 m»
362 4865 7 17 :
382 4862 46 20 tjo.

105 4897 6 9 '

237 5036 30 19 !t*I

229 5157 20 42 É

700 333 40 20 La
759 333 232 22 Tompératur»

744 393 108 15 INSTITUT
866 392 215 18 METVOUULUGIQCE

831 418 30 16 BC
878 418 117 17 BELGIQUE

731 483 112 17 BULLETIN
857 483 32 16 DU
902 483 20 16 SI
934 482 107 17 OCTOBBE
1056 483 41 16 1030

721 516 92 15 situitloD
827 514 155 20 atmosphérique,
995 514 11 16 k
1019 515 9 15 1
1041 514 65 17 benm

677 548 39 16 Une
731 547 107 20 dépression
853 547 43 16 s'est
915 547 74 16 creusa
1004 549 31 13 sur
1051 546 18 16 lu
1087 546 79 17 Poiogn-i

658 567 40 17 (740
712 571 40 11 mm.
758 571 11 10 i.
784 566 36 16 Elle
835 569 12 13 A
861 566 95 16 maintenu
971 568 32 13 «ur
1019 568 34 13 nos
1067 564 74 20 réglons
1155 565 15 15 le

655 590 43 12 cour
701 591 9 10 n
714 588 19 13 nt
748 585 69 20 polaire
828 585 60 16 direct
900 585 31 19 qui
944 586 64 14 nmfn*
1020 587 66 14 rncore
1097 587 20 13 ce
1131 587 38 12 m.i-

656 606 34 16 tln.
702 604 32 17 de*
745 605 54 16 venta
811 603 22 18 de
844 604 111 16 nord-ouest
964 603 89 19 modérés,
1065 606 37 13 une
1113 602 48 17 nébu-

657 624 54 17 losité
734 623 38 18 très
791 623 88 20 variable,
901 623 87 20 quelques
1006 622 68 17 ondées
1092 622 21 17 et
1134 624 36 13 u-**>

657 644 125 18 température
794 643 60 17 basse.

677 663 36 16 Des
742 662 140 20 perturbations
908 661 117 19 cyclonlquei
1052 662 71 15 ventnt
1149 660 21 17 d*.

657 682 69 16 l'océan
748 682 119 19 progressent
886 684 33 13 sur
937 681 26 16 les
984 680 36 17 Iles
1039 680 132 18 Britanniques

656 704 41 13 vera
711 702 46 16 l'est.
775 701 48 16 Elles
836 700 102 16 établiront
954 699 75 17 demain
1045 702 32 13 sur
1091 702 34 13 nos
1142 698 19 16 ré-

655 721 53 19 gions
722 723 25 14 un
759 722 79 15 courant
850 720 94 16 maritime
956 719 60 17 moins
1029 718 48 17 froid
1091 718 22 16 de
1125 718 46 16 sud-

657 740 58 16 ouest.

746 773 33 15 Les
793 770 135 21 températures
942 771 11 16 à
968 771 9 15 1
990 771 67 16 heures
1073 775 5 11 :

676 804 20 16 O»
711 804 11 16 à
738 803 82 17 Londres
832 803 19 16 et
865 802 50 17 Oslo.
932 802 8 16 1
953 801 11 16 à
980 801 122 16 8iii-t-Hu.be:
1108 804 6 12 t
1134 801 10 15 2
1159 802 10 14 a

657 824 58 17 Paris.
734 823 95 16 Bruielles
847 826 19 15 et
884 821 76 17 Vienne.
977 821 9 16 3
1005 821 12 15 à
1035 820 77 19 Prague.
1132 821 10 14 «
1160 819 11 17 à

657 843 77 16 Utrecht
757 842 10 16 S
781 843 11 14 k
808 842 63 16 Rome.
884 842 10 15 6
909 841 12 15 à
934 839 107 18 Stockholm
1057 841 19 15 et
1091 840 81 16 Madrid.

657 862 10 16 î
679 862 12 15 i
707 862 63 16 Berlin
786 863 17 14 ei
819 860 122 17 Helstnr-fors.
956 860 12 16 I
982 859 11 16 à
1008 859 129 19 Copenhague.
1152 859 20 15 10

657 881 11 16 k
680 881 81 16 Ostende
773 882 20 15 et
807 881 19 15 14
839 880 12 15 à
864 880 95 16 Varsovie.

719 912 134 17 Observations
866 911 11 16 à
892 912 59 17 l'eele,
965 910 11 17 à
992 911 9 16 1
1016 910 66 17 heures
1098 915 6 11 t

656 944 108 16 Baromètre
783 945 4 14 1
793 943 40 17 1019
848 941 91 18 millibars
956 942 18 18 3)
1086 942 73 15 764mm.
1162 942 9 14 S

654 963 134 19 Température
799 962 101 16 maximum
1141 961 29 14 ***1

655 983 133 17 Température
803 982 97 16 minimum
1143 980 29 15 1"9

656 1002 95 16 Humidité
1092 999 21 16 08
1126 1002 17 15 P-
1155 1003 16 12 c.

656 1022 39 16 Eau
710 1020 93 17 recueillie
1078 1018 10 17 3
1104 1022 42 12 mm.
1163 1019 7 14 I

656 1041 94 16 Direction
768 1040 25 16 du
807 1043 45 15 vent
1113 1037 56 16 Ouest

656 1060 70 16 Vitesse
738 1059 25 17 du
775 1060 45 15 vent
1080 1057 10 15 2
1104 1056 68 17 mètres

655 1079 56 16 S-»le'l
725 1082 5 12 :
742 1079 50 16 lever
804 1078 10 14 «
825 1077 19 17 h.
855 1077 28 17 28:
897 1076 79 18 coucher
989 1077 20 16 16
1019 1076 12 16 h
1049 1076 26 16 36.

657 1099 49 16 Lune
721 1102 4 12 :
741 1098 49 16 lever
806 1098 18 15 13
838 1098 19 16 h.
871 1097 28 17 43;
913 1096 79 17 coucher
1006 1096 19 16 21
1039 1096 18 16 h.
1072 1095 14 16 1.

657 1118 70 16 Meures
741 1117 23 16 de
776 1116 53 17 soleil
1055 1115 7 16 1
1079 1114 57 17 heure
1152 1114 20 15 80

657 1137 118 16 Déclinaison
789 1135 119 19 magnétique*'
1100 1132 72 18 10-W-u

868 1169 73 16 Marées
952 1173 6 11 i

657 1200 81 18 Ostende
752 1204 4 13 :
769 1201 10 16 4
792 1200 68 17 heures
873 1200 20 16 04
906 1200 19 16 et
937 1199 20 16 18
970 1199 67 16 heures
1050 1197 26 17 33.

659 1222 69 15 Anvers
743 1224 5 13 :
762 1220 10 17 1
784 1220 68 16 heures
861 1220 22 16 35
895 1219 21 16 et
928 1218 20 17 19
959 1218 67 16 heures
1037 1217 21 16 59

656 1291 106 26 L'épopée
774 1293 27 19 ào
813 1291 108 23 Nleuport

680 1340 42 20 Les
750 1339 130 24 opérations
906 1339 27 19 de
964 1335 147 22 l'Inondation
1142 1335 30 20 du

658 1364 59 20 frrnt
736 1364 39 20 de*;
794 1363 108 20 Flandres
915 1366 42 18 oue
972 1361 99 23 rappelle
1086 1360 21 21 le
1123 1364 38 16 mo-

656 1390 96 18 nument
771 1387 60 21 érit-é
852 1387 56 20 hier,
928 1386 14 21 à
959 1385 115 23 Nleuport.
1096 1384 77 21 furent

657 1412 117 24 héroïques
788 1412 23 19 et
826 1412 87 20 ardues.

682 1442 19 21 Il
715 1443 50 20 faut
777 1442 40 21 lire
828 1443 21 20 le
864 1441 89 24 journal
968 1442 30 19 du
1012 1440 163 21 commandant

657 1468 27 19 R.
697 1467 68 20 Thv*.
781 1466 82 22 chargé
878 1467 39 19 des
932 1465 129 22 cpérat'ons
1072 1465 90 20 d'ouver-

656 1493 50 19 ture
719 1492 23 20 et
755 1492 28 20 de
797 1491 123 20 fermeture
944 1490 39 20 des
1010 1493 93 18 vannes,
1117 1492 57 19 pour

656 1521 24 14 5e
696 1516 81 20 rendre
795 1516 89 19 comnte
896 1516 29 19 de
938 1516 22 19 la
976 1513 113 22 difficulté
1104 1513 24 21 et
1143 1513 31 20 du

656 1540 86 24 danger
757 1545 42 19 que
815 1538 153 26 présentaient
984 1539 21 20 le
1019 1537 88 22 travail.

682 1570 37 21 Un
733 1571 57 23 jour,
807 1575 31 15 un
855 1569 162 23 scaphandrier
1033 1571 36 19 est
1083 1567 91 23 désigné

656 1599 57 16 t>our
730 1594 111 21 effectuer
859 1598 45 16 une
921 1592 93 25 plongée
1030 1593 85 20 devant
1129 1596 45 17 une

656 1619 73 21 écluse

683 1650 75 20 Avant
782 1655 25 15 sa
833 1650 110 20 descerte.
958 1653 29 16 on
1015 1648 88 24 explore
1128 1647 45 21 sol-

657 1673 152 23 (mcusemeiit.
840 1678 30 16 au
901 1678 81 19 moyen
998 1673 27 20 de
1039 1672 99 23 perches,
1153 1671 21 21 le

657 1698 55 21 fend
726 1699 27 20 dc
770 1698 21 21 la
805 1697 85 21 rivière,
901 1701 57 17 pour
971 1696 48 21 voir
1029 1696 35 22 s'il
1091 1695 71 22 n'exis-

657 1723 42 20 tait
716 1727 73 16 aucun
809 1722 95 21 courant
920 1722 27 21 de
968 1721 55 21 fond
1039 1722 134 22 dangereux.

683 1754 66 20 L'eau
764 1754 34 20 est
815 1753 78 20 calme.

682 1784 29 20 le
723 1783 107 25 plongeur
843 1783 103 21 descend.

682 1815 57 20 Tout
753 1814 15 20 à
783 1819 62 19 coup,
859 1814 21 20 le
895 1814 62 20 câble
973 1815 28 20 de
1016 1814 101 20 remonte
1132 1817 42 17 due

657 1839 105 20 tiennent
788 1838 32 21 les
849 1839 91 20 soldats,
954 1840 36 18 est
1015 1837 160 24 brusquement

656 1862 93 21 arraché
765 1863 28 20 de
810 1862 60 22 leurs
884 1863 81 22 mains.
977 1862 50 21 Une
1042 1866 74 17 vanne
1132 1865 29 17 ou-

656 1887 62 20 vert»
733 1892 15 15 n
764 1887 50 20 créé
829 1891 32 16 vn
877 1887 96 20 courant
986 1886 80 24 auquel
1080 1886 48 21 rien
1144 1890 30 17 ne

656 1912 53 23 peut
724 1910 90 22 résister
828 1911 22 21 et
866 1911 21 21 le
902 1910 147 21 malheureux
1061 1911 35 21 est
1110 1910 54 23 litté-

656 1935 110 21 ralement
779 1935 74 24 aspiré
863 1940 50 17 veis
925 1936 20 20 le
960 1935 99 24 gouffre!

681 1967 37 19 On
743 1971 24 16 se
797 1965 107 25 précipite
918 1966 50 24 plus
983 1964 53 23 loin,
1051 1966 28 21 de
1094 1965 79 21 l'autre

655 1989 49 22 côté
724 1990 29 21 où
767 1995 29 16 cn
809 1989 78 25 espère
897 1989 21 22 le
931 1991 48 19 veir
993 1990 112 21 revenir...

680 2021 19 20 Tl
715 2021 93 21 revient,
820 2025 28 16 en
864 2020 63 21 effet,
955 2020 59 21 mais
1043 2021 58 20 dans
1122 2020 50 23 quel

654 2045 58 21 état!
728 2046 47 20 Son
787 2049 81 17 casaue
893 2044 95 22 arraché
1014 2046 90 20 montre
1130 2049 42 17 son

655 2069 75 25 visage
746 2069 118 21 meurtri...

681 2101 37 19 On
733 2104 102 20 prat-que
854 2100 21 21 la
895 2100 134 24 respiration
1047 2099 126 22 artificielle

654 2125 101 24 pendant
773 2130 44 16 une
830 2125 75 20 heure.
918 2125 69 20 Peine
1002 2124 89 25 perdue.

681 2155 37 21 Un
731 2154 65 22 hérr.s
810 2155 64 20 entre
888 2155 40 21 des
941 2155 115 21 milliers...
1071 2165 26 5 —
1110 2154 24 22 L.

654 2198 29 20 Lc
697 2198 67 24 Belge
778 2198 34 20 est
825 2197 96 21 sociable

680 2244 31 21 Ce
726 2245 37 20 oui
781 2244 98 21 confond
895 2244 90 21 surtout
1002 2244 32 21 les
1052 2244 123 24 étrangers,

654 2268 28 21 ici
697 2269 14 20 à
728 2268 121 24 Bruxelles,
865 2269 54 21 c'est
936 2269 27 20 dc
981 2270 47 19 voir
1045 2269 20 21 le
1081 2269 94 21 nombre

654 2295 111 19 vraiment
775 2294 106 20 fabuleux
892 2294 27 21 de
929 2293 94 22 sociétés
1035 2295 28 20 de
1073 2294 102 24 muslqt-**

652 2320 24 18 et
695 2319 77 20 autres
791 2319 38 24 qui
848 2318 146 21 déambulent
1014 2319 20 21 le
1053 2319 120 21 dimanche

653 2348 38 15 sur
703 2343 32 21 les
746 2343 138 21 boulevards.

679 2375 69 20 Ainsi,
760 2375 120 20 dimanche
894 2374 95 21 dernier,
1002 2375 65 21 entre
1082 2375 24 20 10
1117 2376 45 19 heu-

654 2404 35 16 res
697 2400 23 20 et
733 2400 24 19 10
766 2399 82 21 heures
858 2400 24 20 et
891 2400 80 23 demie,
982 2400 21 20 le
1014 2400 73 23 temps
1097 2400 77 21 daller

653 2425 28 20 d*
700 2425 22 19 la
741 2425 84 20 Bourse
843 2424 13 21 à
874 2424 23 21 la
912 2429 53 18 gare
983 2424 31 21 du
1031 2425 67 21 Nord,
1116 2430 58 15 nous

654 2451 93 19 n'avons
761 2453 41 17 pas
815 2450 118 20 rencontré
945 2449 73 21 moins
1031 2450 28 21 de
1072 2449 51 21 huit
1137 2455 25 15 so-

653 2474 67 21 ciétés
734 2475 28 19 ds
775 2475 107 23 musique.

678 2505 30 20 Et
722 2506 115 20 Dourtant.
854 2510 74 16 aucun
945 2504 89 25 cortège
1052 2510 28 16 ou
1098 2509 64 17 mani-

655 2530 106 22 festation
779 2530 80 21 n'était
874 2530 70 24 prévu
960 2535 56 20 pour
1030 2531 23 19 la
1069 2530 105 21 matinée.

679 2562 20 19 H
716 2562 38 22 n'y
770 2566 14 15 a
800 2566 41 19 pas
858 2561 14 20 à
886 2562 48 19 dirp
954 2566 5 15 :
980 2569 8 8 «
1007 2561 31 21 Le
1055 2561 68 22 Beiffe
1140 2561 34 21 est

655 2585 189 22 essentiellement
860 2585 102 22 sociable.
980 2594 9 9 »
1005 2595 27 6 —
1045 2585 26 21 A.

655 2631 30 19 La
699 2630 75 20 boue...
787 2629 28 23 de
830 2630 113 19 Bruxelles

679 2677 31 20 Le
726 2681 110 19 repavage
850 2676 28 21 de
895 2676 22 21 la
932 2681 41 16 rue
989 2676 28 20 de
1035 2676 102 21 Brabant
1151 2677 24 20 et

653 2701 30 21 du
694 2702 121 20 boulevard
824 2701 127 24 Botanique
960 2702 93 23 produit
1063 2705 31 17 un
1106 2701 56 21 bour-

654 2726 48 21 bier
714 2726 112 21 étonnant
839 2729 42 22 par
893 2730 38 17 ces
944 2727 74 24 temps
1030 2726 28 21 de
1071 2726 79 24 pluies.

677 2758 30 19 Et
720 2757 51 24 plus
782 2757 61 22 d'un,
855 2763 31 15 cn
900 2757 90 20 retrant
1003 2757 55 20 chez
1072 2756 38 24 lui,
1121 2756 53 21 s'est

653 2782 68 20 attiré
735 2783 59 20 cette
809 2782 135 24 apostrophe
956 2780 77 22 sévère
1048 2785 6 16 :

677 2823 27 5 —
716 2813 60 20 .Mais
788 2813 71 22 enfin,
871 2813 116 20 comment
998 2812 83 20 fais-tu
1089 2812 12 20 ?
1114 2811 61 22 C'est

655 2837 143 21 merveilleux
809 2839 87 19 comme
907 2837 26 20 tu
945 2841 26 16 as
982 2836 22 21 le
1016 2837 45 21 don
1074 2836 29 21 de
1113 2839 50 18 mar-

654 2862 54 21 cher
720 2863 58 21 dans
790 2862 22 20 la
825 2862 58 20 boue
892 2862 6 19 !

679 2887 20 20 A
716 2887 55 21 cela.
787 2887 127 22 Messieurs,
929 2886 112 25 répondez
1060 2890 7 16 :

679 2921 26 5 —
717 2911 25 21 Si
758 2913 24 19 tu
798 2916 57 16 veux
870 2912 75 20 savoir
957 2911 115 21 comment
1086 2911 22 24 je
1124 2910 51 22 fais,

655 2941 39 16 vas
706 2937 58 20 donc
777 2936 58 21 faire
845 2941 45 16 une
902 2936 71 22 petite
986 2936 136 24 promenade
1135 2941 40 15 rue

652 2962 29 20 de
694 2961 103 21 Brabant
812 2966 29 16 ou
854 2961 121 20 boulevard
991 2961 133 23 Botanique.
1139 2961 34 20 Tu

653 2991 83 17 verras,
749 2987 53 20 c'est
816 2985 46 22 très
875 2985 79 25 simple
965 2986 6 20 !
985 2995 27 6 —
1021 2985 21 21 A

654 3030 29 20 Le
695 3029 116 21 mémorial
823 3030 31 20 da
865 3038 10 10 •
888 3030 27 20 B.
928 3030 36 20 101
977 3036 12 11 »

678 3077 42 20 Les
735 3076 95 25 Anglais
845 3076 140 21 voudraient,
1002 3075 102 22 d'accord
1120 3080 54 16 avec

652 3102 22 20 la
688 3102 93 20 France,
792 3101 22 21 le
827 3101 49 21 voir
888 3100 73 25 ériger
975 3101 15 20 à
1003 3095 117 26 Beauvaïs.

678 3126 51 22 Une
745 3126 150 24 souscription
909 3126 106 24 publique
1032 3131 51 15 sera
1101 3126 61 20 Inces-

653 3152 114 20 samment
786 3151 91 21 ouverte
895 3155 56 20 pour
971 3155 42 19 que
1033 3151 75 24 puisse
1126 3149 49 22 être

652 3175 84 25 planté,
753 3180 29 17 au
797 3175 58 22 haut
869 3176 29 21 de
914 3175 23 21 la
951 3175 72 21 fatale
1038 3175 88 23 colline,
1142 3180 31 16 un

653 3201 71 22 phare
745 3201 124 24 grandiose.
887 3200 20 21 Il
927 3201 113 20 viendrait
1059 3200 116 21 renforcer

652 3226 21 21 Je
685 3225 99 25 b*_lisage
794 3226 28 20 de
834 3226 22 20 îa
868 3226 64 21 route
945 3225 106 21 aérienne
1062 3225 111 21 Londres-

653 3251 70 20 Paris.
732 3261 26 4 —
768 3251 22 20 J.

653 3295 29 20 Le
693 3295 48 20 sort
752 3295 30 19 du
797 3301 8 12 *
820 3295 26 19 R.
860 3295 37 19 ICO
911 3301 10 13 ■

677 3340 165 24 Qu'advient-il
855 3340 30 21 du
900 3348 9 8 •■
924 3340 26 20 R.
965 3340 37 20 100
1015 3348 10 8 •
1034 3340 13 20 ?

677 3366 30 20 Le
725 3370 103 16 nouveau
849 3365 104 21 ministre
974 3366 28 20 de
1023 3364 55 21 l'Air
1095 3368 15 17 a
1129 3364 45 21 fait

651 3390 124 24 suspendre
787 3391 52 20 tous
850 3391 97 20 travaux
958 3390 22 21 le
992 3391 146 19 concernant.

677 3414 110 21 L'hélium
803 3425 27 5 —
845 3420 33 16 un
895 3419 42 20 gaz
954 3415 180 20 ininflammable
1151 3415 24 20 et

652 3440 144 24 inexplosible
811 3450 26 5 —
862 3441 59 20 n'est
947 3444 41 20 pas
1014 3439 160 21 actuellement

651 3464 97 25 produit,
760 3469 29 16 en
802 3464 138 25 Angleterre,
952 3469 31 16 en
996 3464 115 25 quantités
1123 3464 37 20 suf-

654 3490 95 20 fisantes
764 3493 43 17 oue
826 3494 58 20 pour
903 3490 121 24 permettre
1044 3489 21 21 le
1084 3489 77 24 gonfle-

651 3515 65 20 ment
727 3514 29 21 de
769 3513 114 22 l'aéronef.

677 3538 158 25 I/hvdrogène.
859 3539 38 24 lui,
917 3538 84 21 .semble
1025 3538 77 21 devoir
1125 3537 48 22 être

652 3563 181 22 définitivement
849 3562 142 23 abandonné.
1005 3574 25 5 -—
1046 3564 20 20 J.

652 3608 107 21 Sacrifice
774 3607 95 21 humain
877 3608 13 19 ?

676 3654 43 20 Les
737 3654 99 21 sombres
855 3654 115 25 pratiques
989 3653 30 21 du
1036 3653 137 21 Boudhlsmp.

653 3679 108 21 vont-elle
775 3679 99 20 renaître
883 3679 11 20 ?

678 3704 30 20 Le
731 3705 175 22 gouvernement
928 3703 89 24 anglais
1039 3704 63 20 avait
1123 3704 49 20 tout

653 3728 44 21 fait
705 3732 57 21 pour
771 3732 16 20 y
798 3729 82 20 mettre
890 3733 32 16 un
934 3730 77 19 terme.
1022 3728 36 21 On
1071 3727 101 25 apprend

652 3753 127 24 cependant
790 3753 51 24 qu'à
852 3754 81 20 Barrli.
944 3754 58 20 dans
1012 3752 21 22 lc
1044 3753 90 20 district
1145 3752 28 21 de

653 3778 140 24 Sambalpur.
813 3778 32 21 les
865 3778 109 22 autorités
993 3779 42 20 ont
1053 3778 120 20 découvert

652 3800 30 23 le*
688 3807 65 20 corps
777 3802 103 26 décapité
908 3803 53 21 d'un
989 3803 68 24 jeune
1084 3802 89 24 enfant,

653 3827 89 21 victime
757 3828 29 20 de
802 3828 22 20 la
839 3829 61 20 secte
913 3829 115 22 religieuse
1044 3829 40 19 des
1101 3834 9 12 a
1125 3828 47 19 V/i-

653 3851 71 22 zards.
741 3861 8 8 -

681 3877 44 20 Sur
748 3877 40 21 des
813 3877 87 21 feuilles
924 3877 28 22 de
973 3878 101 24 palmier,
1098 3878 75 20 toutes

655 3901 101 24 proches,
779 3901 32 21 les
831 3901 87 25 prêtres
940 3902 118 21 officiante
1082 3902 92 21 avalent

654 3925 71 22 décrit
739 3926 33 21 lss
784 3926 166 22 circonstance»
964 3927 28 22 de
1007 3927 23 21 la
1048 3935 8 8 ■
1073 3927 87 21 cérémo-

655 3950 36 21 nie
705 3959 18 12 -.
736 3951 46 21 Des
794 3951 108 22 animaux
913 3952 90 21 vivante
1016 3952 87 22 étaient
1114 3952 47 21 tom-

655 3974 44 23 bés,
714 3980 29 16 en
758 3975 72 22 même
846 3976 73 25 temps
933 3981 43 20 que
991 3977 20 21 le
1023 3977 84 24 gamin,
1121 3981 52 17 sous

656 3999 20 22 le
688 4000 94 21 couteau
796 4001 39 21 des
846 4001 135 25 fanatiques.
993 4011 27 6 —
1029 4001 22 21 J.

656 4044 17 18 A
686 4048 81 20 propos
779 4044 31 20 da
822 4044 48 20 mot
884 4052 9 9 «
907 4044 93 21 Yankee
1012 4051 12 12 »

679 4089 24 20 L'
717 4096 8 11 ■
739 4086 92 28 Ënglish
844 4099 34 11 -*...
891 4090 54 20 c'est
956 4089 113 25 l'Anglais.
1081 4090 54 21 Cela
1145 4095 28 16 va

657 4114 49 21 tout
726 4115 53 19 seul.
801 4114 59 21 Mais
880 4114 20 21 le
922 4122 9 9 -
954 4114 92 22 Yankee
1065 4123 35 11 -■-■
1121 4115 52 21 c'est

656 4137 147 22 l'Américain.
820 4139 162 24 L'appellation
998 4144 28 16 ne
1044 4144 25 16 se
1086 4139 88 24 Justifie

656 4163 51 24 plus
724 4163 60 20 aussi
801 4163 137 21 facilement.
953 4164 133 24 Cependant
1105 4171 10 9 -
1134 4169 40 15 en-

657 4187 58 24 gllsh
727 4197 8 7 -
749 4189 24 20 et
784 4194 8 11 ■
804 4187 85 24 yankee
902 4195 8 11 ■
922 4189 111 22 auraient,
1044 4189 14 20 à
1070 4188 105 23 l'origine,

657 4216 44 16 uns
718 4212 153 22 signification
890 4212 121 25 identique.

682 4243 95 23 Lorsque
798 4242 32 21 les
851 4242 92 24 Anglais
965 4241 163 25 débarquèrent
1146 4248 29 16 au

657 4268 105 20 Nouveau
764 4267 101 22 -Monde,
885 4267 28 20 ils
933 4266 117 22 entrèrent
1069 4272 28 16 en
1117 4267 59 22 lutte

657 4296 54 16 avec
725 4292 32 20 les
772 4292 182 23 Peaux-Rouges.
967 4293 43 19 Ces
1025 4292 106 22 derniers,
1147 4297 29 16 au

657 4316 44 21 lieu
715 4316 28 21 de
758 4321 5 15 :
781 4323 9 11 ■
807 4316 87 24 english
910 4323 9 11 ■
935 4316 166 24 prononcèrent
1111 4317 53 20 bien-

658 4340 34 21 tôt
707 4347 9 11 ■
732 4341 102 24 Yengeez
848 4348 19 13 -,
880 4341 34 20 De
927 4340 151 22 déformation
1093 4345 29 17 en
1136 4340 28 22 dé-

658 4365 122 21 formation
794 4372 9 11 ■
816 4366 102 22 Yengeez
929 4373 8 9 -*
951 4365 79 21 devint
1041 4373 9 9 «
1059 4366 91 20 Yankee
1159 4374 17 12 -,

657 4399 26 6 —
696 4390 21 21 J.

659 4436 34 20 En
710 4434 86 21 famille

685 4481 101 23 Mariage
805 4479 101 24 original,
922 4478 57 22 hier,
995 4477 14 22 &
1026 4478 100 21 Preston.
1145 4478 30 21 Le

659 4505 108 21 détective
780 4504 82 21 Woods
872 4503 103 25 épousait
987 4503 22 20 la
1023 4502 83 21 femme
1117 4502 46 26 poli-

659 4530 45 20 cier
723 4530 66 19 Hilda
805 4529 76 20 Jones.

684 4559 58 21 Leur
755 4563 80 17 roman
847 4558 101 21 d'amour
960 4556 67 22 eut-Il
1040 4561 56 20 pour
1109 4557 67 20 cadre

658 4585 28 20 de
698 4584 70 21 début
779 4588 31 16 un
823 4591 9 8 «
847 4582 122 25 poste-fixe
981 4590 9 9 -
1004 4581 28 21 de
1044 4581 23 21 la
1079 4582 84 20 circula-

659 4609 49 20 tion
719 4607 180 23 métropolitaine
908 4607 11 20 ?
934 4607 29 20 Se
974 4605 174 25 développa-t-il
1162 4606 15 21 à

658 4633 118 21 l'occasion
789 4632 66 21 d'une
873 4639 9 9 «
899 4631 58 21 rafle
975 4639 9 9 •
1006 4630 57 21 dans
1077 4630 33 21 les
1123 4629 52 22 bas-

659 4657 67 21 fonds
738 4656 133 21 londoniens
879 4656 11 20 ?
903 4665 27 6 —
942 4655 21 21 J.

660 4709 10 11 t
685 4699 107 23 Liberté»,
806 4698 81 22 liberté
899 4698 76 22 chérie
983 4697 7 22 !
1008 4704 12 13 »

684 4746 85 26 Depuis
782 4746 55 22 1780,
848 4745 33 21 les
893 4744 92 25 Anglais
998 4743 53 22 sont
1061 4742 74 26 privés
1149 4743 28 21 de

659 4771 122 25 spectacles
795 4771 21 20 le
829 4769 127 21 dimanche.

684 4796 51 20 Une
750 4795 144 21 ordonnance
912 4794 28 21 de
959 4792 100 26 l'époque
1080 4802 27 5 —
1125 4792 39 20 tou-

659 4821 62 24 jours
732 4824 29 16 en
770 4820 91 24 vigueur
871 4828 27 6 —
907 4818 95 22 interdit
1010 4816 166 22 formellement

660 4845 32 21 les
707 4843 197 30 représentations,
922 4847 30 16 au
969 4846 53 17 nom
1041 4841 31 21 du
1090 4842 87 23 respect

659 4869 30 21 du
702 4868 101 26 principe
815 4868 31 21 du
859 4872 66 20 repos
935 4866 128 22 dominical.

684 4899 38 21 Un
731 4899 67 20 fonds
808 4897 103 22 national
922 4897 28 21 de
961 4896 150 25 protestation
1121 4900 43 17 con-

659 4924 36 21 tre
709 4924 59 20 oette
783 4922 129 25 prétention
927 4921 111 21 excessive
1052 4920 28 21 de
1095 4921 71 20 l'auto-

660 4948 44 21 rité
716 4947 174 24 ecclésiastique,
904 4946 63 20 vient
983 4945 69 21 d'être
1066 4944 56 22 créé.

673 4972 41 21 Les
723 4976 97 17 sommes
830 4971 123 21 recueillies
964 4970 112 21 serviront
1085 4969 14 21 à
1108 4973 57 21 pour-

660 4996 72 21 suivre
743 4996 23 21 la
779 4996 58 21 lutte
847 5000 57 20 pour
913 4994 148 24 l'abrogation
1085 4994 30 21 du
1126 4994 39 20 tex-

661 5020 23 21 te
695 5020 142 21 Indésirable.
849 5029 28 6 —
889 5019 22 21 J.

661 5064 49 21 Une
720 5064 65 24 grève
796 5064 28 20 de
836 5062 93 26 parente

1194 333 52 20 Cela
1258 332 87 25 dépend
1356 331 49 25 qui..

1228 388 14 5 -
1255 378 30 21 L?
1297 380 72 22 temp-s
1381 378 28 20 de
1421 379 100 23 compter
1532 377 87 25 jusqu'à
1634 378 41 21 100.
1687 378 23 19 et

1193 403 22 23 je
1229 404 45 19 suis
1288 402 15 20 à
1315 407 54 15 vous
1380 403 5 19 I
1398 417 13 6 ..

1218 428 107 19 Combien
1354 428 28 19 dc
1409 427 44 20 fois
1479 427 146 22 l'entond-on,
1652 427 59 20 cette

1193 452 81 23 phrase
1283 453 11 18 ?

1218 477 36 20 Un
1267 477 65 21 docte
1344 477 82 20 savant
1438 477 52 19 s'est
1501 476 54 20 livre
1567 476 14 20 à
1593 475 27 21 de
1633 479 78 20 graves

1193 502 130 20 recherches
1336 506 56 19 pour
1402 501 136 20 déterminer
1551 500 20 20 lc
1585 502 72 21 temps
1670 500 28 20 né-

1192 526 94 20 cessaire
1301 526 14 19 à
1329 527 59 19 cette
1403 525 162 20 énumération.

1218 551 54 21 Cela
1286 550 95 24 dépend,
1394 550 69 21 dit-il,
1476 551 27 19 de
1516 549 121 20 l'individu.

1217 575 24 20 Si
1252 575 53 21 c'est
1317 580 31 15 un
1359 574 97 21 homme,
1466 579 30 16 cn
1506 579 44 15 une
1561 578 28 16 ou
1599 574 57 20 deux
1668 573 30 20 mi-

1193 601 72 21 nutes,
1278 600 129 20 maximum,
1422 608 7 6 ■■
1445 599 14 19 il
1471 601 36 18 est
1519 598 13 20 à
1545 603 53 15 vous
1610 606 17 13 ».

1218 624 49 21 Une
1290 623 82 21 femme
1395 632 8 9 «
1425 623 84 23 réglera
1531 623 96 21 l'affaire
1651 630 8 11 »
1683 627 28 15 en

1193 650 79 23 quatre
1288 653 28 16 cu
1333 648 51 23 cinq
1400 648 104 20 minutes.

1218 674 64 20 Mais,
1301 673 19 20 si
1338 673 55 20 c'est
1411 677 31 16 un
1462 673 87 21 enfant,
1568 672 24 20 et
1610 672 62 19 selon
1691 672 20 19 le

1194 697 65 25 degré
1276 698 27 21 dc
1316 701 42 16 son
1375 698 141 21 instruction,
1533 701 54 16 vous
1603 701 28 15 en
1646 700 67 15 aurez

1193 726 56 20 pour
1259 724 49 22 sept
1321 721 14 21 à
1348 722 50 20 huit
1411 722 104 23 minutes,
1527 722 23 19 et
1563 720 92 23 Quelque
1668 720 44 20 fois

1193 747 44 20 ciix.

1218 772 29 19 Et
1270 771 137 24 quelquefois
1432 771 88 23 Jamais,
1546 770 94 20 n'est-ce
1665 773 47 20 pas,

1194 796 112 20 monsieur
1322 795 20 21 le
1356 796 80 19 savant
1448 796 4 19 !
1469 805 27 5 —
1508 796 25 19 A.

1196 832 65 17 Divers

1216 874 25 16 Le
1256 874 92 16 Conserva
1350 873 47 15 taire
1411 872 83 17 Africain
1509 872 87 18 organise
1610 871 17 16 le
1644 871 20 15 12
1677 874 33 12 no-

1197 893 78 18 »embre.
1291 896 24 12 au
1330 892 74 17 théAtre
1418 892 23 16 de
1456 892 17 15 U
1487 891 94 17 Monnaie,
1597 893 36 13 une
1649 892 62 17 repre-

1195 912 95 16 sentrttlon
1307 912 23 15 dr
1345 911 43 19 gala
1402 915 24 12 au
1443 909 59 20 profil
1515 910 22 16 de
1555 911 61 14 toutes
1629 909 28 16 lee
1670 909 32 16 crè-

1196 932 44 15 ches
1261 931 23 16 de
1304 930 160 19 raf-q.omerat~.un
1482 929 115 18 bruxelloise.
1620 929 27 15 Au
1669 932 43 14 pro-

1196 954 82 15 gremme
1292 954 5 11 :
1309 956 9 7 -
1331 950 69 16 Manon
1413 955 16 11 ».
1440 949 88 16 location.
1539 948 17 19 3,
1568 951 33 13 rue
1610 948 33 15 des
1652 945 50 18 Char-

1196 971 60 15 treux,
1272 969 25 16 du
1312 969 21 16 25
1347 973 24 12 au
1387 969 19 16 31
1424 969 81 15 octobre.

1217 996 22 14 I.e
1258 996 69 14 ('(irnir
1345 995 32 15 des
1392 993 90 17 Journées
1496 992 110 18 .Coloniales
1623 992 23 15 de
1664 991 37 17 Bru-

1196 1014 55 16 xelle».
1267 1013 108 19 orgpnl'tr*»
1405 1013 17 16 le
1439 1011 71 17 srmedi
1539 1011 10 16 8
1566 1011 105 17 novembre.
1700 1012 11 13 &

1195 1034 21 15 20
1228 1033 12 16 h
1262 1033 36 17 1/2.
1313 1033 11 15 A
1340 1030 62 19 l*4*Mle
1417 1034 90 16 moyenne
1519 1031 21 17 A.
1553 1033 33 13 rue
1600 1030 68 16 Ernest
1681 1030 31 16 Al-

1195 1052 46 17 Icrd.
1253 1052 26 17 4Ï,
1292 1055 36 13 une
1339 1051 59 16 soirée
1408 1054 46 15 pour
1465 1051 17 15 la
1494 1049 120 17 distribution
1627 1048 33 17 des
1670 1049 41 19 prix

1196 1075 37 12 «ux
1247 1071 89 17 calleete-i
1347 1075 9 12 s
1370 1072 19 14 et
1403 1070 113 16 collectrices
1531 1069 22 15 dc
1567 1069 18 15 Ir
1598 1068 77 19 Journée
1691 1069 21 15 dc

1196 1091 71 16 Tsborn
1289 1091 39 15 Un*
1342 1091 41 18 pur!
1386 1090 16 15 le
1416 1089 88 16 nvisicnle
1515 1089 68 16 sutvrn.

1216 1116 24 16 Le
1259 1108 73 23 Conseil
1348 1115 106 16 communal
1469 1114 74 16 d'Uccle
1561 1117 20 13 se
1599 1113 69 16 rendra
1688 1116 23 12 nu

1196 1135 94 16 cimetière
1307 1135 16 16 ie
1343 1135 29 15 ler
1390 1133 103 18 novembre,
1511 1135 46 16 pour
1574 1132 67 17 rendre
1659 1131 53 17 hom-

1196 1158 54 12 mni--*
1265 1157 36 13 aux
1319 1154 77 15 nncirns
1411 1152 128 17 combattnr.ts
1552 1154 11 15 y
1582 1150 90 17 Inhumés.
1689 1151 24 15 Le

1196 1173 74 17 cortè*-e
1287 1173 32 16 des
1335 1171 90 19 membres
1442 1172 24 15 du
1483 1168 79 19 Conseil,
1580 1171 33 15 des
1629 1170 83 19 pnrents.

1197 1193 32 15 dea
1245 1192 78 17 sociétés
1341 1191 95 18 d'snrlen/i
1453 1190 128 17 combattants
1597 1191 20 14 ct
1634 1189 32 16 des
1683 1193 20 12 so-

1196 1212 57 16 ciétés
1264 1211 67 17 locrilea
1350 1215 20 12 se
1381 1211 81 16 formera
1476 1210 11 15 à
1499 1209 20 16 10
1531 1210 18 15 h.
1565 1208 35 20 1/2,
1613 1208 70 16 devant
1695 1209 17 15 la

1197 1232 72 15 Maison
1283 1230 128 19 Communalr,
1424 1229 29 16 Un
1467 1229 84 16 discours
1565 1231 41 13 sera
1620 1227 93 20 prononcé

1198 1254 33 15 pir
1247 1250 24 17 M.
1287 1251 16 16 le
1317 1249 133 19 bourgmestre.

1218 1275 33 18 Le*
1268 1280 57 14 rpmT-.
1343 1275 82 16 Gustave
1442 1273 182 17 Hebbellnek-Marie
1639 1272 75 17 Chand-

1196 1296 33 17 ler,
1241 1294 110 16 demeurant
1363 1297 32 13 rue
1406 1293 22 17 de
1439 1293 93 17 Courtrai.
1544 1292 27 17 27.
1583 1292 11 15 k
1606 1291 61 19 Gand,
1679 1292 34 15 ont

1198 1314 37 16 lété
1248 1313 51 18 lundi
1313 1313 49 16 L'urs
1376 1315 55 14 noces
1445 1312 47 16 d'or.

1217 1339 34 16 Les
1267 1339 37 16 Fils
1321 1340 19 15 et
1356 1339 55 15 Fill-s
1428 1338 32 15 des
1477 1337 131 16 CcmbatUnts
1626 1337 22 15 de
1667 1337 46 16 18.10.

1197 1362 44 13 avec
1257 1358 40 18 leur
1311 1358 83 19 drnpeau
1411 1358 20 14 et
1446 1356 48 16 celui
1508 1356 33 15 des
1558 1356 117 15 Volontaires
1691 1355 21 15 dc

1199 1378 80 16 Fleures,
1297 1381 21 13 se
1335 1376 68 17 rendru
1421 1375 16 16 le
1454 1376 30 15 1er
1499 1375 98 17 novembre
1616 1377 24 13 au
1658 1375 47 16 cime-

1197 1397 46 17 tière
1258 1397 82 18 d'nv-re.
1355 1396 11 15 ft
1381 1396 10 15 9
1406 1398 18 13 n.
1441 1395 6 15 1
1460 1395 16 18 S.
1491 1397 47 16 pour
1553 1393 66 17 fleurir
1632 1394 27 16 lee
1674 1397 30 12 mo-

1197 1417 88 16 numents
1300 1410 40 22 des'
1346 1415 128 16 combattants
1489 1414 22 15 c~e
1529 1413 46 17 1830.
1591 1412 123 17 d'Alexandre

1196 1436 114 16 Oend-blen.
1321 1435 23 15 d»
1354 1435 40 15 Van
1404 1433 132 20 Campenhoiit
1546 1434 20 14 et
1576 1432 23 16 de
1611 1432 24 16 de
1643 1432 71 16 Potier.

1197 1456 42 19 puis
1253 1455 17 17 le
1284 1455 109 15 mrnnment
1415 1453 10 15 à
1441 1453 18 15 la
1472 1452 88 16 mémoire
1587 1451 33 16 des
1643 1451 71 17 soldats

1198 1475 85 18 tranças
1298 1475 59 15 morts
1370 1476 24 13 en
1407 1472 87 19 Belgique
1510 1475 23 12 en
1548 1470 98 17 1870-1871.

1227 1552 34 27 LA
1284 1544 134 35 LIBERTÉ
1440 1550 39 27 ET
1501 1550 33 26 LA
1558 1541 127 35 DIGNITÉ

1339 1597 38 27 DE
1395 1595 34 27 LA
1445 1594 97 27 PRESS
1547 1595 17 27 E

1223 1652 74 21 Oand.
1312 1652 26 19 26
1354 1650 95 21 octobre.
1477 1660 27 5 —
1529 1649 32 21 La
1574 1649 86 21 section
1676 1648 39 21 des

1197 1678 108 20 Flandres
1318 1676 27 21 dc
1360 1675 153 21 l'Association
1537 1674 28 20 de
1588 1674 23 20 la
1637 1674 78 19 Presse

1197 1702 67 23 Belge
1279 1701 52 20 «'est
1348 1700 83 21 réunie,
1448 1703 25 16 ce
1488 1698 127 23 dimanche,
1631 1702 30 16 en
1677 1702 25 15 as-

1196 1726 96 20 semblée
1306 1724 110 25 générale.

1223 1750 88 21 L'ordre
1327 1750 29 19 du
1375 1748 51 24 jour
1444 1747 91 21 suivant
1550 1752 14 15 a
1582 1746 36 21 été
1634 1746 50 20 voté
1701 1745 14 21 k

1196 1773 141 22 l'unanimité
1354 1778 5 15 :
1380 1781 8 8 »
1406 1773 31 19 La
1453 1772 86 20 section
1553 1772 39 20 des
1607 1771 108 20 Flandres

1196 1799 28 20 de
1236 1798 153 20 l'Association
1401 1798 28 19 de
1441 1797 22 20 la
1474 1797 77 20 Presse
1561 1796 75 23 Belge,
1647 1795 56 21 affir-

1196 1828 36 16 me
1247 1823 21 20 la
1283 1822 89 20 volonté
1380 1821 48 20 'des
1440 1821 145 23 Journalistes
1599 1820 75 23 belges
1687 1819 28 20 de

1197 1848 118 20 continuer
1328 1847 13 20 à
1355 1845 113 24 s'inspirer
1492 1845 39 21 des
1554 1844 121 21 traditions
1688 1846 27 18 de

1197 1870 85 22 llbert*.
1303 1871 28 20 de
1356 1870 86 24 probité
1465 1871 25 20 et
1510 1869 27 21 de
1556 1868 146 21 désintéresse-

1195 1896 65 20 ment
1265 1901 42 19 que
1315 1895 47 20 leur
1369 1896 40 19 ont
1416 1894 88 24 léguées
1510 1894 60 21 leurs
1582 1892 64 21 aînés
1660 1896 56 21 pour

1196 1921 23 19 la
1243 1919 92 22 défense
1349 1919 28 21 de
1390 1919 60 20 leurs
1463 1918 69 23 idées;
1548 1918 99 24 proteste
1661 1921 54 16 avec

1197 1945 89 22 énergie
1297 1945 78 20 contre
1386 1944 61 19 toute
1459 1946 132 17 manœuvre
1614 1941 38 25 qui
1674 1946 29 15 au-

1197 1970 45 19 rait
1256 1974 57 19 pour
1330 1969 41 19 but
1387 1968 119 20 d'asservir
1522 1967 33 20 les
1571 1967 113 23 Journaux
1701 1965 15 21 à

1196 1994 40 20 des
1250 1993 166 21 combinaisons
1431 1991 136 21 financières
1583 1990 133 25 équivoques

1196 2019 23 20 et
1230 2022 56 20 pour
1294 2017 59 21 effet
1364 2018 28 19 de
1403 2017 76 24 porter
1490 2016 131 24 gravement
1630 2015 73 20 attein-

1197 2043 24 20 te
1234 2042 15 20 à
1263 2042 22 20 la
1298 2041 86 25 dignité
1409 2041 27 20 de
1462 2041 23 20 la
1510 2039 142 25 corporation
1664 2039 24 21 et
1701 2039 15 20 à

1197 2066 184 25 llndSpendance
1396 2065 27 21 de
1439 2065 22 21 la
1477 2066 84 19 Presse.
1575 2073 9 9 ■

1811 229 162 27 NOUVELLE
1989 223 182 32 LITTÉRAIRE

1732 296 54 46 LE
1816 273 434 69 LAPIN'D'AUGUSTE

1934 385 115 24 INEDIT

1218 2138 41 29 UN
1286 2137 144 30 HUISSIER
1456 2136 63 28 MAL
1534 2135 160 29 ACCUEILLI

1223 2208 91 19 Anvers.
1326 2206 25 19 26
1364 2205 96 20 octobre.
1475 2214 25 5 —
1513 2204 37 20 Un
1565 2203 96 20 huissier
1673 2207 30 16 an-

1197 2232 89 20 versois.
1310 2232 31 19 M.
1365 2230 107 22 François
1484 2229 72 21 Aerts,
1581 2228 134 20 demeurant

1196 2260 40 16 rue
1254 2255 92 23 Everdy.
1360 2253 76 21 s'était
1450 2253 71 21 rendu
1536 2257 54 16 avec
1607 2252 58 20 deux
1680 2251 23 21 té-

1196 2280 74 20 moins
1288 2284 30 15 au
1335 2278 103 21 domicile
1453 2278 30 20 du
1503 2277 81 21 docker
1603 2277 24 19 P.
1647 2276 56 20 Jans-

1197 2309 58 17 sens,
1278 2304 35 20 dit
1342 2310 8 10 »
1366 2303 30 20 Le
1410 2302 75 23 Major
1499 2310 16 15 »,
1541 2302 135 19 demeurant
1701 2300 14 20 à

1195 2328 141 21 Bouchhout.
1353 2332 39 16 rue
1408 2327 81 21 Helles,
1501 2331 58 20 pour
1572 2329 14 20 y
1601 2324 66 21 saisir
1682 2324 33 20 les

1196 2353 104 23 maubles,
1329 2353 20 20 le
1376 2352 81 20 docker
1472 2356 29 15 ne
1515 2350 88 24 payant
1617 2354 41 20 pas
1673 2353 41 16 son

1196 2378 66 23 loyer.

1221 2402 96 24 Lorsque
1339 2401 110 20 l'huissier
1468 2405 24 16 se
1512 2399 112 25 présenta.
1645 2399 57 20 Jans-

1194 2431 54 16 sens
1260 2426 32 20 lui
1304 2426 94 20 Interdit
1412 2424 91 21 l'entrée
1518 2424 27 21 de
1558 2428 25 16 sa
1595 2423 94 21 maison.

1222 2451 30 20 M.
1265 2451 65 20 Aerts
1345 2455 23 15 so
1381 2449 76 21 rendit
1470 2449 15 20 à
1499 2449 23 20 la
1534 2448 71 25 police
1620 2452 56 20 pour
1691 2452 24 15 se

1196 2475 57 21 faire
1281 2475 91 20 assister
1398 2478 42 20 par
1451 2473 21 20 le
1485 2473 157 21 commissaire,
1657 2472 58 20 mais

1195 2500 111 24 lorsqu'ils
1317 2500 115 19 revinrent
1444 2497 51 25 près
1508 2498 28 20 de
1550 2498 22 19 la
1587 2497 87 20 maison
1688 2496 27 21 dc

1196 2524 115 21 Janssens,
1325 2523 96 20 celui-ci.
1438 2523 39 19 fou
1494 2522 96 21 furieux,
1606 2522 64 20 saisit
1684 2525 31 16 un

1195 2548 100 21 revolver
1308 2549 23 20 et
1346 2548 22 20 le
1380 2547 125 23 déchargea
1520 2550 42 20 par
1577 2547 80 23 quatre
1671 2545 44 20 fols

1195 2577 40 16 sur
1265 2572 111 21 l'huissier
1404 2572 38 24 qui
1457 2571 38 20 fut
1507 2571 85 20 atteint
1605 2575 43 19 par
1660 2570 56 20 trois

1196 2597 70 22 balles
1284 2601 5 16 :
1302 2601 45 16 une
1362 2596 57 21 dans
1433 2596 23 20 la
1470 2595 53 22 tête,
1535 2599 45 17 une
1595 2595 14 21 k
1621 2594 94 25 l'épaule

1195 2623 24 19 et
1230 2627 45 15 une
1287 2626 29 16 au
1329 2621 57 24 pied.

1221 2646 31 21 Le
1267 2646 82 20 docker
1364 2646 47 24 prit
1425 2645 87 20 ensuite
1525 2644 23 21 la
1565 2643 57 22 fuite
1635 2642 15 22 à
1666 2643 36 21 tra-

1196 2674 49 17 vers
1256 2670 31 21 les
1298 2670 102 25 prairies,
1413 2669 123 24 menaçant
1547 2668 29 21 de
1588 2673 41 16 son
1642 2668 60 20 revol-

1196 2699 39 17 ver
1248 2699 55 16 ceux
1316 2695 37 24 qui
1368 2695 21 20 le
1404 2693 175 26 poursuivaient.
1593 2692 63 21 Ainsi
1672 2693 16 20 il
1701 2697 14 16 a

1196 2723 30 20 pu
1238 2719 136 25 s'échapper.

1222 2743 101 24 Quoique
1344 2744 132 23 gravement
1497 2742 78 23 blessé,
1587 2746 29 16 on
1638 2741 78 25 espère

1196 2768 69 21 sauvé
1275 2768 111 20 l'huissier
1397 2769 72 19 Aerts.

1201 2845 62 28 UNE
1283 2839 113 34 SOIRÉE
1412 2846 17 25 A
1446 2845 14 17 «
1482 2837 201 37 L'ÉTINCELLE
1703 2851 14 17 »

1219 2907 133 19 L'excellent
1384 2906 72 20 cercle
1480 2913 9 9 •
1513 2905 132 20 L'Etincelle
1668 2912 10 9 »
1701 2908 15 16 a

1195 2931 81 22 donné,
1291 2931 127 21 dimanche,
1434 2935 45 16 une
1494 2930 179 24 représentation
1689 2929 27 20 de

1194 2957 23 20 la
1234 2957 47 21 très
1295 2958 119 19 amusante
1431 2956 62 24 pièce
1511 2956 27 20 de
1556 2956 85 19 Fuston
1659 2955 44 19 Ber-

1194 2982 65 21 nard.
1274 2990 9 8 •
1299 2982 42 21 Les
1354 2982 112 19 Jumeaux
1480 2981 28 20 de
1522 2980 112 23 Brighton
1647 2987 18 12 ».

1218 3008 33 19 La
1269 3007 57 20 salle
1346 3007 27 20 de
1394 3007 24 19 la
1437 3010 41 16 rue
1500 3006 31 20 du
1552 3005 85 20 Marais
1657 3004 58 21 était

1193 3033 86 20 comble
1299 3033 30 20 et.
1349 3031 39 21 dès
1406 3031 33 22 les
1459 3031 121 24 premières
1600 3029 116 25 répliques,

1195 3059 21 19 le
1229 3058 75 24 public
1317 3058 37 20 fut
1368 3057 92 23 conquis
1473 3061 43 19 par
1530 3056 22 20 la
1567 3055 97 24 parfaite
1679 3055 25 20 in-

1196 3083 147 24 terprétation
1361 3083 40 20 des
1419 3082 135 23 vainqueurs
1570 3081 30 20 du
1617 3080 99 20 Tournoi

1194 3108 142 24 dramatique
1358 3108 30 19 du
1406 3107 103 20 Brabant
1529 3106 39 24 qui
1586 3110 15 16 a
1621 3105 44 21 mis
1685 3108 31 19 «n

1194 3133 146 25 compétition
1364 3132 133 24 vingt-trois
1519 3131 83 21 cercles
1627 3131 74 20 d'ama-

1192 3160 69 19 teurs.

1220 3185 30 19 M.
1269 3184 50 20 Van
1338 3183 113 22 Beneden,
1470 3182 114 20 l'heureux
1603 3181 113 24 président

1196 3210 26 20 de
1234 3209 129 21 l'Etincelle,
1375 3208 14 20 à
1401 3208 22 20 la
1436 3208 35 20 fin
1485 3207 53 21 d'un
1551 3207 57 22 acte,
1623 3206 28 20 l'a
1662 3210 42 19 rap-

1193 3234 50 25 pelé
1260 3239 44 15 aux
1320 3234 141 24 spectateurs
1476 3234 26 20 et
1517 3236 15 16 a
1549 3232 113 20 vivement
1680 3231 23 19 fé-

1193 3260 60 21 licité
1270 3264 41 15 son
1330 3259 117 23 régisseur,
1463 3258 31 20 M.
1511 3257 82 20 Daniel
1612 3256 102 23 Régnier,

1192 3289 43 20 que
1256 3285 63 21 toute
1340 3283 138 21 l'assistance
1496 3287 15 15 a
1531 3281 184 25 généreusement

1192 3309 105 21 acclamé.

1218 3335 62 20 Nous
1302 3338 71 16 avons
1395 3334 35 21 dit
1452 3337 42 20 que
1517 3332 197 24 l'Interprétation,

1192 3364 87 17 comme
1295 3360 24 20 la
1336 3359 56 21 mise
1410 3363 30 16 en
1457 3358 74 21 scène,
1546 3358 38 19 fut
1601 3361 54 17 sans
1674 3356 27 20 dé-

1194 3386 64 20 faut..
1290 3385 72 20 Outre
1392 3385 31 19 M.
1453 3383 82 21 Daniel
1565 3382 104 24 Régnier,
1700 3381 17 20 il

1193 3410 54 21 faut
1260 3410 96 21 féliciter
1370 3414 55 16 sans
1438 3408 89 21 réserve
1542 3412 57 20 pour
1612 3407 49 20 leur
1676 3411 27 16 ex-

1191 3435 95 21 cellente
1308 3434 155 25 comprsitlon.
1484 3434 74 19 Mmes
1591 3431 123 21 Germaine

1191 3461 84 22 Kinon,
1295 3460 65 21 Philo
1380 3459 104 24 Régnier,
1514 3458 94 20 Juliette
1642 3456 70 21 Sche-

1192 3490 56 20 pens
1259 3488 24 18 et
1294 3484 72 22 Tonla
1378 3483 118 23 Gerlache,
1508 3484 23 20 et
1542 3483 30 20 du
1585 3482 49 21 côté
1647 3482 54 20 hom-

1195 3515 54 18 mes.
1264 3510 56 21 MM.
1334 3510 54 23 Guy
1401 3508 119 22 Gerlache.
1535 3508 71 20 Emile
1621 3507 95 20 Ressler.

1193 3537 66 19 Louis
1276 3536 99 23 G'orgcs
1394 3535 23 20 et
1436 3534 32 20 les
1487 3533 97 24 parfaits
1603 3532 112 23 romiques

1194 3560 84 22 Marcel
1293 3560 98 20 Antoine
1405 3560 25 20 et
1443 3559 54 20 Max
1512 3559 70 20 Orlet.
1596 3567 25 6 —
1636 3557 26 21 C.

1321 3637 121 27 CERCLE
1463 3629 129 34 LIBÉRAL

1264 3684 38 27 DE
1321 3681 325 29 DILBEEK-ITTERBEEK

1221 3752 29 20 Le
1263 3750 70 21 cercle
1346 3755 13 15 a
1372 3750 77 21 offert,
1461 3748 93 21 samedi,
1566 3747 14 21 à
1591 3752 36 16 ses
1640 3751 60 16 mem-

1193 3776 57 21 bres,
1264 3780 42 16 son
1322 3774 147 21 tarditionnel
1483 3773 99 23 banquet
1595 3771 90 21 annuel.

1219 3798 127 25 Remarqué
1359 3798 73 24 parmi
1445 3797 138 20 l'assistance
1596 3797 20 20 le
1631 3795 81 20 comité

1195 3829 29 16 au
1239 3823 70 25 grand
1324 3822 97 24 complet
1435 3823 24 19 et
1471 3822 28 20 de
1512 3821 144 20 nombreuses
1670 3819 29 20 da-

1193 3853 54 16 mes.

1204 3872 70 26 Après
1287 3871 136 22 l'allocution
1437 3870 30 20 da
1474 3868 121 26 président.
1601 3868 31 20 M.
1639 3867 72 24 Bijte-

1193 3897 54 23 blcr,
1260 3897 20 20 le
1294 3893 244 25 secrétaire-trésorier.
1551 3893 30 20 M.
1595 3893 19 19 A
1629 3892 27 21 de
1670 3891 41 20 Se-

1195 3921 40 25 lys.
1248 3926 14 15 a
1276 3920 44 22 fait
1335 3924 31 16 un
1380 3918 82 25 exposé
1475 3918 28 20 de
1519 3917 23 21 la
1556 3916 107 25 politique
1677 3915 22 20 lo-

1195 3945 56 24 cale,
1266 3945 58 20 ainsi
1337 3948 42 20 que
1395 3944 27 19 de
1437 3943 22 20 la
1473 3942 110 20 situation
1596 3940 31 21 du
1641 3940 71 21 cercle

1195 3962 78 28 deniils
1287 3973 25 16 ea
1330 3968 107 21 création,
1452 3972 29 16 en
1499 3966 55 20 1923.

1220 3994 36 21 Un
1274 3993 102 25 pressent
1395 3992 65 24 appel
1475 3990 66 24 appel
1556 3989 15 21 k
1586 3988 85 21 l'union
1689 3988 23 21 et

1194 4022 29 17 au
1245 4022 108 17 concours
1375 4017 27 20 de
1422 4014 50 23 tous
1493 4014 33 21 les
1546 4013 111 21 membres
1675 4012 37 20 fut

1195 4042 128 25 également
1337 4041 44 20 fait
1397 4044 56 20 pour
1468 4039 21 21 le
1504 4038 91 25 progrès
1610 4037 27 21 de
1654 4037 58 20 cette

1193 4066 69 21 union
1272 4064 148 22 communale.

1219 4090 51 21 Une
1285 4089 92 21 collecte
1394 4089 37 20 fut
1449 4088 56 20 faite
1520 4091 57 19 pour
1593 4086 24 20 la
1634 4085 78 21 Salnt-

1195 4114 89 21 Nlcolas
1298 4113 39 21 des
1351 4113 93 21 enfants
1458 4112 28 20 de
1500 4110 151 25 l'Orphelinat
1664 4110 35 20 Ra-

1195 4138 113 21 tionaliste
1327 4138 28 20 de
1374 4137 83 20 Forest.
1478 4137 61 19 Mme
1555 4134 158 21 Gallemaerts,

1194 4161 95 25 cha>gée
1308 4161 27 21 de
1356 4161 58 21 cette
1436 4160 99 23 mission,
1556 4159 40 20 eut
1615 4163 31 16 un
1667 4157 45 21 bon

1195 4185 82 21 succès.

1217 4211 56 19 MM.
1284 4210 114 21 Leemins.
1409 4210 27 20 de
1445 4208 69 24 Selys,
1524 4207 111 23 Wilmart,
1644 4207 67 19 Lam-

1194 4233 69 21 botte.
1274 4234 96 21 Warnls.
1382 4234 23 19 et
1415 4234 61 20 Mme
1487 4232 109 22 Gcurlcks
1607 4236 25 16 se
1642 4230 71 21 firent

1196 4257 118 24 applaudir
1332 4258 59 20 dans
1412 4257 60 21 leurs
1493 4256 84 21 vieilles
1598 4255 114 21 chansons

1200 4281 126 24 populaires
1347 4281 27 20 de
1398 4281 72 20 même
1495 4284 42 20 que
1563 4279 148 23 l'Infatigable

1196 4304 63 21 Théo
1270 4305 33 20 De
1317 4305 137 21 Brackeleer.
1468 4309 29 16 au
1510 4304 74 24 piano.

1222 4329 33 19 La
1273 4328 72 24 partie
1366 4329 111 20 dansante
1498 4332 23 17 se
1543 4328 96 21 termina
1660 4327 51 20 bien

1197 4352 58 22 tard,
1272 4351 57 21 dans
1344 4352 21 20 la
1383 4352 50 24 plus
1450 4353 95 20 franche
1561 4351 110 21 codlalité.

1302 4428 134 26 VIOLENT
1454 4428 148 26 INCENDIE

1224 4488 92 21 Anvers,
1329 4488 25 20 26
1365 4487 96 21 octobre.
1484 4497 27 5 —
1536 4488 37 20 Un
1584 4488 84 20 violent
1679 4488 24 20 in-

1200 4512 77 21 cendie
1294 4512 52 20 s'est
1363 4511 94 23 déclaré,
1474 4516 24 16 ce
1516 4512 80 21 matin,
1612 4512 58 20 dans
1685 4517 30 15 un

1198 4537 102 23 magasin
1316 4536 27 20 de
1360 4536 22 20 la
1396 4540 40 16 rue
1449 4536 30 20 du
1497 4536 125 22 Chevreuil,
1638 4536 15 20 à
1667 4537 34 19 An-

1199 4564 56 18 vers,
1268 4561 93 19 servant
1372 4560 28 20 de
1413 4559 67 25 dépôt
1493 4560 27 20 de
1534 4560 104 20 meubles.

1224 4584 55 21 Hier
1301 4585 51 21 soir,
1377 4584 21 20 le
1421 4584 152 24 propriétaire,
1586 4585 37 23 qui
1637 4584 77 21 habite

1198 4608 321 23 Montagne-aux-Corneilles,
1536 4608 63 20 avait
1625 4608 90 23 nettoyé

1199 4632 175 22 l'auto-camlon,
1388 4633 51 23 puis
1450 4631 57 21 était
1520 4631 76 21 rentré
1609 4632 55 20 chez
1677 4632 37 20 lui.

1224 4656 37 21 Un
1277 4656 106 20 locataire
1401 4656 29 20 du
1446 4656 109 24 magasin,
1569 4661 30 16 au
1615 4658 100 18 moment

1199 4680 77 21 d'aller
1298 4685 23 15 se
1345 4680 101 22 coucher,
1459 4683 50 18 crut
1532 4680 113 24 percevoir
1670 4685 45 16 une

1199 4704 69 21 odeur
1279 4704 27 20 de
1320 4703 68 21 brûl*.

1225 4728 19 21 Il
1257 4728 29 21 fit
1298 4728 21 21 le
1330 4729 51 19 tour
1394 4728 29 21 du
1437 4728 109 24 magasin,
1556 4729 58 20 mais
1626 4728 77 25 n'aper-

1199 4753 40 24 çut
1253 4753 48 20 rien
1316 4752 130 21 d'anormal.

1225 4777 34 21 Au
1275 4781 65 16 cours
1352 4776 27 21 de
1396 4777 21 19 la
1434 4777 56 21 nuit,
1504 4776 116 21 l'Incendie
1636 4776 80 24 éclata,

1199 4801 127 21 détruisant
1339 4801 50 20 tout
1400 4801 21 20 le
1434 4801 102 23 magasin
1548 4801 26 20 et
1584 4805 42 16 son
1637 4802 66 19 conte-

1198 4829 38 17 nu.
1251 4825 43 21 Les
1307 4825 78 23 dégâts
1400 4825 37 24 qui
1452 4826 52 19 sont
1520 4824 45 21 très
1577 4824 72 22 élevés
1663 4826 51 19 sont

1199 4850 102 21 couverts
1313 4854 42 20 par
1365 4850 141 20 l'assurance.

1224 4921 17 27 A
1260 4921 34 27 LA
1314 4920 171 27 MUTUELLE
1501 4920 193 27 CONGOLAISE

687 5110 41 21 Les
743 5110 94 24 parents
865 5108 40 21 des
930 5106 72 22 élèves
1016 5106 27 22 de
1058 5106 75 23 l'école
1150 5110 27 18 de

662 5134 108 21 Sanbaels
783 5133 53 21 sont
849 5136 31 17 en
892 5131 73 25 grève.

687 5158 31 21 Ils
730 5157 97 25 gardent
841 5156 60 22 leurs
912 5155 94 22 enfants
1021 5155 54 21 chez
1087 5159 50 17 eux.

688 5183 29 19 Le
738 5186 66 20 corps
822 5179 135 27 professoral
976 5184 48 17 erre
1048 5178 118 22 mélancoli-

661 5206 106 24 quement
780 5206 58 20 dans
851 5205 33 20 les
895 5204 80 20 locaux
988 5204 105 20 scolaires
1105 5203 60 21 aban-

662 5230 91 21 donnés.
767 5230 30 21 Le
811 5228 108 26 pourquoi
931 5228 28 21 de
972 5227 98 21 l'affaire
1078 5228 12 19 1

687 5254 83 25 Depuis
781 5254 40 21 des
830 5253 91 21 années,
934 5252 33 20 les
979 5251 117 21 Intéressés
1106 5252 59 20 récla-

662 5282 64 17 ment
740 5283 46 17 une
803 5276 178 23 modernisation
998 5276 40 21 des
1056 5275 123 22 bâtiments

663 5303 23 20 et
698 5302 30 21 du
741 5302 109 21 matériel.

688 5327 97 22 N'ayant
801 5331 30 19 pu
844 5325 89 21 obtenir
964 5324 142 21 satisfaction
1138 5329 41 20 par

664 5350 23 21 la
698 5352 48 19 vole
771 5349 187 23 administrative.
971 5349 27 20 Ils
1026 5350 53 19 sont
1103 5349 75 23 passés

665 5378 43 17 aux
722 5375 66 20 actes.
799 5384 27 7 —
836 5374 24 22 3.

915 5411 217 30 :'œ:M^t&.i

1225 4982 92 21 Anvers.
1333 4981 25 19 26
1375 4980 96 20 octobre.
1488 4989 26 5 —
1531 4980 32 20 La
1581 4985 9 12 »
1609 4979 108 21 Mutuelle

1199 5006 131 24 Congolaise
1354 5012 8 11 •
1386 5010 14 15 a
1423 5006 61 22 tenu,
1506 5004 148 24 aujourd'hui,
1676 5009 40 15 son

1198 5030 122 22 assemblée
1344 5029 103 24 générale
1482 5029 182 20 extraordinaire.
1686 5029 31 19 La

1197 5056 81 21 séance
1298 5055 56 20 était
1383 5054 100 25 présidée
1509 5058 42 20 apr
1575 5054 20 21 lc
1625 5053 92 21 docteur

1199 5080 126 24 Dreypond,
1344 5079 181 24 vice-président,
1543 5079 79 20 assisté
1641 5078 28 20 de
1687 5078 30 19 M.

1198 5105 50 21 Van
1268 5104 67 22 Rlels,
1367 5103 180 24 vice-président,
1574 5104 24 20 ct
1624 5103 92 20 Charles

1198 5129 79 21 Vande
1292 5129 91 20 Voorde.

1223 5154 31 20 Le
1267 5153 92 21 docteur
1373 5153 119 24 Dreypond
1505 5157 14 16 a
1533 5152 82 25 évoqué
1630 5152 20 20 le
1664 5157 39 15 sou-

1198 5178 64 20 venir
1277 5178 40 20 des
1333 5177 103 25 disparus
1452 5178 24 20 et
1491 5178 30 19 M.
1537 5177 78 21 Vande
1631 5177 86 20 Voorde

1198 5207 15 16 a
1224 5202 103 25 présenté
1339 5202 20 20 le
1372 5203 93 23 rapport
1478 5202 112 20 financier
1603 5202 28 20 de
1644 5201 22 20 la
1680 5206 24 14 so-

1198 5227 58 20 ciété
1270 5228 56 19 dont
1340 5227 21 21 le
1376 5227 83 24 capital
1472 5226 77 21 s'élève
1564 5226 15 20 à
1592 5226 82 21 285,000
1690 5226 27 19 fr.

1223 5252 21 20 Il
1258 5251 36 21 fut
1308 5251 93 24 procédé
1417 5251 87 21 ensuite
1518 5251 14 20 à
1547 5251 22 20 la
1584 5251 79 20 remise
1678 5250 39 20 des

1199 5275 241 25 plaquettes-souvenir
1470 5280 45 16 aux
1533 5275 121 23 Jubilaires,
1672 5274 33 20 fai-

1199 5301 53 19 sant
1264 5301 73 23 partie
1349 5301 27 20 dc
1391 5301 22 19 la
1426 5300 81 20 société
1521 5300 78 24 depuis
1611 5300 25 19 25
1650 5303 42 16 ans
1710 5303 5 15 :

1200 5325 55 19 MM.
1268 5325 125 21 Duchesne,
1404 5326 25 19 A.
1442 5326 92 20 Jansen.
1545 5324 99 21 Scliultz.
1656 5324 61 19 Mat-

1199 5348 59 24 thys.
1271 5349 109 20 Wllmost.
1393 5349 116 24 Claehout,
1522 5350 74 19 Baker
1609 5350 23 19 et
1645 5349 20 20 le
1679 5352 37 16 cc-

1185 5370 75 24 Monel
1271 5373 50 21 Van
1334 5372 55 22 Jèle.

1758 442 29 19 Lc
1794 441 74 20 destin
1881 441 35 19 est
1929 440 85 24 parfois
2027 440 117 20 d'humeur
2158 439 90 22 bizarre,

1730 465 44 24 qui,
1785 465 52 20 d'un
1850 464 90 20 homme
1952 463 159 24 spécialement
2123 462 56 21 doué
2190 466 55 20 pour

1730 494 31 16 un
1777 489 86 21 certain
1880 488 64 21 ordre
1957 487 119 21 d'activité,
2092 488 43 19 fait
2150 489 95 17 souvent

1732 514 19 19 le
1767 514 85 22 martyr
1869 512 65 20 d'une
1951 510 131 26 profession,
2099 511 53 19 hors
2169 510 28 21 de
2211 514 35 15 ses

1731 538 84 20 cordes,
1835 541 35 15 ou.
1903 537 18 19 si
1940 540 53 16 vous
2012 536 71 19 aimez
2103 535 80 21 mieux,
2204 534 43 23 qui,

1730 561 53 20 d'un
1799 561 89 19 homme
1904 560 28 20 né
1947 564 56 19 pour
2015 559 47 20 être
2079 559 105 21 heureux,
2198 559 48 18 sort

1732 590 30 15 un
1775 585 63 23 parla
1853 583 55 21 voué
1923 588 28 15 au
1965 584 50 23 plus
2028 583 91 19 affreux
2131 583 39 19 des
2184 583 50 18 tour-

1732 610 79 20 ments,
1825 608 57 20 celui
1895 608 65 20 d'une
1973 607 34 20 vie
2018 606 89 24 gAchâe.

1756 633 105 22 Auguste,
1873 636 52 15 mon
1939 632 45 19 ami
1998 630 97 23 Auguste
2109 634 41 19 que
2165 630 49 19 tout
2226 628 19 20 le

1731 656 80 20 monde
1831 656 58 19 aime
1906 657 23 18 et
1948 655 99 23 respecte
2065 653 14 21 à
2095 653 151 23 Begude-sur-

1732 681 53 21 Roc,
1803 681 33 19 est
1853 684 44 15 une
1914 679 90 19 victime
2019 679 27 20 de
2062 682 24 16 ce
2102 678 74 19 dEstln
2194 677 40 19 fan-

1732 704 92 20 taisiste.
1838 704 87 20 Pourvu
1941 702 65 20 d'une
2021 702 51 19 Ame
2087 701 27 20 de
2130 700 116 24 vagabond

1732 729 27 19 de
1769 729 24 19 la
1801 728 97 20 brousse.
1910 727 21 23 Je
1944 730 56 16 veux
2010 725 48 21 dire
2069 725 28 20 de
2109 724 139 22 braconnier,

1732 752 57 23 pétri
1801 751 156 23 d'aspirat.ons
1968 750 100 21 fleurant
2079 749 68 23 l'àpre
2156 751 92 17 ser.teur

1732 776 28 20 de
1773 776 23 19 la
1811 775 106 23 garouille
1931 775 23 19 et
1969 774 27 19 de
2011 773 122 23 l'argentis;
2150 772 29 20 né
2192 776 56 18 pour

1732 800 60 19 vivre
1805 800 27 19 de
1844 800 59 19 cette
1915 798 34 20 vie
1962 798 55 20 libre
2029 799 23 19 et
2062 797 73 24 pleine
2145 795 90 21 d'indici-

1732 824 47 20 bles
1798 823 55 23 joies
1869 822 38 24 qui
1925 822 19 19 le
1963 821 150 24 promènerait
2130 820 14 20 à
2163 822 86 18 travers

1733 850 94 17 coteaux
1842 848 23 19 et
1880 846 93 22 vallons,
1988 845 20 21 le
2024 844 53 21 fusil
2092 844 14 20 à
2119 843 94 24 l'épaule
2226 846 23 17 et

1732 876 26 15 sa
1771 872 74 19 meute
1859 870 130 20 auscultant
2000 870 32 19 les
2044 868 94 21 fourrés.
2150 868 98 22 Auguste

1734 895 78 20 devint
1826 899 32 16 un
1872 895 51 23 Jour
1937 898 41 19 par
1992 893 23 20 la
2043 893 61 21 force
2117 892 40 20 des
2173 892 78 20 choses

1736 922 39 18 (on
1791 918 87 24 appelle
1896 918 58 20 ainsi
1973 917 91 24 parfois,
2081 916 21 20 le
2121 915 78 20 Destin
2204 918 5 13 i
2229 915 20 19 le

1732 943 81 21 maitre
1829 942 124 20 incontesté
1967 942 65 19 d'une
2045 941 40 20 des
2098 940 51 23 plus
2164 943 85 19 grr-^es

1732 968 78 19 firmes
1822 965 166 22 commer:lales
2002 965 28 19 de
2043 963 206 24 Begude-sur-Roc.

1758 992 60 20 C'est
1828 990 48 21 dire
1888 990 65 23 qu'au
1965 989 43 20 lieu
2021 989 28 19 de
2059 992 25 16 se
2095 988 60 20 lever
2167 988 20 19 le
2199 991 37 15 ma-

1734 1015 34 20 tin
1780 1019 58 19 pour
1848 1014 58 20 faire
1919 1017 41 16 son
1977 1019 8 11 »
1999 1013 80 23 saquet
2094 1021 16 12 -,
2125 1012 31 19 (1)
2173 1011 77 23 garnir

1733 1044 25 15 sa
1774 1038 89 24 gourde,
1876 1040 23 17 et
1914 1037 82 20 enfiler
2011 1041 35 16 ses
2061 1034 96 25 guêtres,
2171 1039 26 16 ce
2212 1034 38 24 qui

1733 1063 41 21 eût
1785 1063 36 19 été
1833 1067 25 15 sa
1872 1065 80 21 propre
1966 1061 109 20 vocation.
2087 1060 99 21 Auguste
2199 1063 40 15 sau-

1735 1088 21 19 te
1770 1087 29 21 du
1816 1085 26 21 lit
1857 1089 55 20 pour
1924 1085 105 21 endosser
2043 1084 20 20 le
2078 1084 78 19 veston
2171 1084 79 19 neutre

1735 1111 38 23 qui
1786 1111 56 23 plait
1853 1114 44 16 aux
1907 1108 109 21 chalands
2028 1113 41 19 par
2076 1113 25 15 sa
2113 1108 74 19 bonne
2198 1111 41 16 cou-

1733 1139 34 19 pe,
1785 1134 95 24 prendre
1896 1133 181 24 prosaïquement
2092 1135 41 17 son
2147 1130 104 21 chocolat

1735 1164 29 15 au
1776 1159 47 22 lait,
1830 1160 23 18 et
1865 1163 24 16 se
1901 1158 153 22 claquemurer
2066 1156 58 20 dans
2130 1159 31 16 un
2169 1155 83 20 bureau

1733 1183 63 21 vitré,
1814 1182 29 20 où
1865 1183 21 19 la
1908 1181 102 21 clientèle
2028 1180 32 20 lut
2081 1179 95 24 apporta
2197 1182 53 17 sans

1733 1207 114 20 sourciller
1864 1205 28 21 de
1908 1205 81 20 solides
2005 1203 97 25 pépètes.

1759 1231 71 20 Riche
1847 1230 108 23 d'argent,
1973 1229 99 22 Auguste
2090 1227 72 20 l'est...
2194 1225 58 21 mais

1734 1255 21 20 le
1772 1254 108 21 bonheur,
1894 1258 22 18 je
1933 1253 63 23 parle
2012 1252 28 20 de
2055 1256 25 16 ce
2095 1251 102 20 bonheur
2214 1250 36 23 qui

1734 1283 54 16 vous
1809 1278 45 20 fait
1873 1278 53 20 hors
1946 1277 27 20 de
1993 1278 50 18 tous
2063 1275 80 23 soucis,
2160 1277 91 21 pousser

1734 1304 63 18 votre
1828 1302 102 19 chanson
1949 1300 61 20 aussi
2028 1300 51 20 bien
2098 1303 38 15 sur
2152 1299 24 19 la
2195 1298 56 19 cime

1737 1327 54 20 d'un
1801 1327 79 19 coteau
1892 1330 42 19 que
1947 1325 65 24 glffle
2024 1324 21 20 le
2058 1324 54 20 vent
2124 1323 27 20 de
2166 1331 8 8 •
2189 1327 66 16 sers-,

1736 1356 42 19 que
1809 1351 58 19 dans
1899 1350 22 19 la
1950 1349 86 20 cabane
2079 1348 116 20 croulante
2225 1346 29 20 où

1735 1376 81 22 l'orage
1832 1379 55 15 vous
1903 1372 140 22 immobilisa,
2058 1376 25 16 ce
2099 1371 102 21 bonheur
2215 1373 38 20 qui

1736 1399 73 20 aurait
1826 1398 31 20 dû
1871 1398 48 20 être
1935 1397 22 21 le
1972 1397 56 21 sien,
2043 1396 57 20 celui
2115 1399 49 16 vers
2181 1394 71 24 lequel

1736 1423 54 20 tend
1805 1424 49 19 tout
1869 1427 42 15 son
1927 1420 54 27 $tre.
1996 1425 53 16 mon
2064 1420 68 19 brave
2146 1418 46 20 ami
2205 1419 35 19 Au-

1736 1449 63 22 guste
1820 1451 28 16 ne
1868 1446 21 19 le
1908 1444 94 21 connaît
2020 1448 47 20 pas.
2086 1448 29 15 ou
2133 1442 73 24 guère,
2224 1442 29 20 de

1736 1472 45 20 loin
1799 1475 28 16 en
1847 1470 52 21 loin,
1914 1469 83 24 quand,
2014 1468 34 20 las
2063 1467 28 21 de
2106 1466 101 21 souffrir,
2236 1465 15 20 il

1735 1495 108 21 s'évadait
1863 1498 56 20 pour
1941 1498 31 15 un
1994 1493 73 22 temps
2085 1491 28 20 de
2133 1494 26 16 sa
2177 1490 76 24 prison

1736 1519 71 21 dorée.

1764 1544 20 19 A
1790 1542 207 24 Begude-sur-Roc,
2013 1545 58 16 nous
2084 1543 98 16 sommes
2198 1539 58 19 deux

1738 1568 38 26 qui
1789 1567 78 19 vivons
1884 1566 28 19 de
1930 1566 22 19 la
1970 1565 35 19 vie
2022 1564 112 24 qu'aurait
2150 1563 32 20 dû
2196 1563 60 19 vivre

1737 1592 62 19 laml
1814 1591 106 23 Auguste,
1934 1590 59 19 mais
2009 1589 56 20 dont
2081 1588 20 20 le
2117 1588 81 19 Destin
2213 1588 30 19 Im-

1736 1615 114 25 pitoyable
1870 1614 97 21 l'écarta,
1987 1614 39 23 J'ai
2044 1612 91 21 nommé
2155 1611 101 24 Falquet,

1738 1640 35 21 dit
1790 1648 9 8 »
1820 1638 167 21 Barre-de-Fer
2006 1645 17 16 »,
2043 1638 57 19 dont
2119 1637 23 22 Je
2162 1640 55 16 vous
2234 1636 21 20 a!

1738 1665 95 19 souvent
1849 1663 69 24 parlé,
1930 1664 25 19 et
1970 1662 46 20 mol
2032 1666 42 19 que
2088 1665 54 16 vous
2156 1664 29 16 ne
2202 1664 42 16 con-

1737 1688 87 20 naissez
1836 1692 41 19 pas
1892 1685 171 25 d'aujourd'hui.

1764 1712 41 20 Ses
1817 1712 62 23 jours
1892 1712 27 19 de
1932 1715 104 17 vacance,
2048 1709 99 24 Auguste
2159 1709 31 20 les
2204 1713 40 19 pas-

1738 1741 24 16 se
1778 1737 103 22 toujours
1896 1740 54 15 avec
1969 1739 57 16 nous
2045 1734 64 22 deux,
2127 1734 25 20 ct
2171 1737 85 16 comme

1739 1765 58 16 nous
1808 1761 33 19 lui
1857 1764 76 17 avons,
1949 1764 56 19 pour
2019 1764 26 15 sa
2060 1758 56 20 belle
2130 1758 57 21 âme,
2202 1757 55 20 voué

1739 1790 44 15 une
1796 1785 59 20 sorte
1870 1784 28 20 de
1911 1784 66 21 culte,
1992 1783 94 24 Falquet
2099 1783 24 19 ct
2152 1782 51 21 mol,
2220 1786 36 16 ces

1738 1809 104 24 jours-là,
1860 1813 57 15 nous
1933 1813 56 15 nous
2005 1808 103 19 donnons
2126 1807 50 20 tout
2191 1806 14 20 à
2219 1806 30 20 lui

1739 1834 50 24 plus
1803 1834 100 19 heureux
1915 1832 28 20 de
1956 1832 21 20 le
1991 1832 48 20 voir
2052 1831 54 21 hors
2117 1830 28 21 de
2159 1836 25 16 sa
2199 1831 53 20 mal-

1738 1863 42 15 son
1794 1858 29 20 de
1839 1861 130 17 commerce,
1998 1856 62 22 aller,
2074 1856 69 21 venir,
2155 1855 102 22 frétiller,

1738 1882 84 20 vivre...
1841 1882 52 23 quoi
1903 1882 14 21 !,
1935 1886 42 19 que
1998 1881 33 20 s'il
2052 1885 57 15 nous
2130 1879 94 23 échéait,
2242 1880 15 19 à

1738 1910 58 16 nous
1812 1906 65 22 deux,
1894 1906 23 19 la
1932 1905 110 21 certitude
2061 1904 69 22 d'être
2144 1905 14 19 k
2174 1904 63 23 Jama-

1739 1935 16 15 is,
1767 1930 64 20 l'abri
1844 1930 30 20 du
1887 1930 83 21 besoin,
1984 1929 67 21 chose
2065 1930 145 23 proprement
2222 1929 24 19 In-

1738 1954 140 21 concevable.

1749 1980 8 8 *
1764 1979 38 21 Or,
1813 1983 67 18 voyez
1892 1982 85 17 comme
1990 1978 54 21 c'est
2055 1977 85 20 bizarre
2168 1979 89 19 (encore

1740 2008 32 15 un
1785 2003 103 20 mauvais
1904 2004 50 18 tour
1971 2003 30 20 du
2018 2003 86 21 Destin,
2121 2002 52 20 bien
2190 2001 59 21 surit

1738 2027 60 20 alors
1815 2031 43 20 que
1874 2027 21 20 le
1912 2027 70 24 gibier
2021 2027 104 19 foisonne
2144 2031 52 15 sous
2215 2031 42 15 nos

1737 2056 48 19 pas,
1798 2052 58 20 dans
1869 2051 33 21 les
1914 2051 92 20 chasses
2020 2050 130 22 ordinaires,
2162 2051 39 19 dès
2214 2055 42 19 que

1738 2076 61 20 l'ami
1811 2077 98 22 Auguste
1923 2075 106 24 apparaît
2041 2076 14 19 k
2068 2079 42 17 nos
2121 2076 66 20 côtes,
2201 2079 57 17 nous

1740 2104 70 16 avons
1830 2104 31 16 un
1882 2101 46 20 mal
1948 2101 28 19 de
1990 2100 73 21 chien,
2079 2104 29 16 ou
2125 2100 75 23 plutôt
2217 2104 42 15 nos

1739 2125 79 19 chiens
1831 2126 42 18 ont
1885 2128 32 17 un
1930 2125 45 19 mal
1991 2124 98 21 énorme,
2102 2123 15 21 à
2132 2124 57 20 faire
2205 2128 41 16 sau-

1739 2150 35 19 ter
1786 2149 33 19 les
1832 2149 74 23 lapins
1916 2149 40 19 des
1968 2148 87 21 fourrés
2067 2148 29 20 où
2107 2149 27 19 ils
2147 2148 110 24 pullulent

1739 2173 194 20 habituellement.

1764 2198 71 20 Alors,
1848 2197 95 24 Falquet
1954 2197 28 20 de
1989 2197 59 20 râler
2059 2198 25 19 et
2094 2197 28 22 de
2136 2201 109 20 gourman

1739 2222 39 19 der
1792 2222 105 21 Fanfare,
1912 2222 89 20 Finaud
2017 2222 24 20 et
2055 2222 98 21 Bellone.
2169 2222 38 23 qui
2228 2226 28 16 ne

1739 2248 164 22 comprennent
1909 2247 77 23 goutte
2001 2246 15 20 à
2029 2247 37 19 cet
2077 2247 84 20 étatdc
2174 2247 84 20 choses.

1763 2270 60 20 Mais
1838 2271 99 23 Auguste
1952 2270 47 20 s'en
2012 2270 93 22 f...iche,
2122 2271 32 20 lui
2169 2271 37 23 qui
2223 2273 34 17 est

1738 2294 182 21 délicieusement
1953 2294 92 23 éreinté,
2056 2296 26 19 et
2112 2295 38 24 qui
2171 2295 86 24 prévoit

1739 2323 57 19 pour
1809 2319 20 20 le
1851 2319 129 20 lendemain
2000 2324 46 16 une
2066 2328 8 7 -
2082 2319 163 24 migraine-sou

1738 2343 64 20 venir
1818 2350 17 16 »,
1853 2343 43 21 due
1915 2343 14 20 à
1947 2344 126 23 l'ingestion
2092 2343 164 24 fréquemment

1738 2367 96 24 répétée,
1846 2367 28 21 de
1893 2372 25 16 ce
1937 2368 82 20 satané
2035 2368 39 20 vin
2092 2368 28 20 de
2138 2368 118 23 grenache,

1738 2392 56 20 dont
1812 2392 94 24 Falquet
1921 2397 14 15 a
1949 2392 20 21 le
1987 2392 92 20 secret...

1762 2426 27 4 —
1808 2416 61 20 Vous
1889 2420 28 16 en
1939 2416 68 20 faites
2040 2421 47 19 pas,
2103 2417 151 26 exjilte-t-ll...

1762 2441 128 20 L'essentiel
1912 2442 35 18 est
1969 2445 45 19 que
2033 2441 52 23 J'aie
2107 2441 62 20 brûlé
2191 2442 63 23 vingt

1736 2464 139 22 cartouihes.
1891 2464 89 21 déchire
1997 2469 38 16 ma
2053 2464 56 21 belle
2126 2465 85 20 culotte
2227 2465 27 21 de

1736 2489 64 23 drap,
1816 2488 79 21 dévoré
1913 2489 39 20 des
1967 2489 150 20 charcuteries
2132 2489 123 20 détendues

1737 2516 44 17 aux
1795 2513 146 23 arthritiques
1955 2514 24 19 et
1990 2514 79 22 gueulé
2083 2513 14 20 à
2112 2513 71 23 pleins
2197 2517 44 19 pou-

1737 2541 65 16 mons
1820 2538 49 20 tout
1888 2541 53 16 mon
1959 2536 121 24 répertoire
2096 2538 27 19 de
2140 2537 114 20 chansons

1737 2561 27 20 de
1777 2561 86 20 chasse.

1763 2590 59 21 liais
1837 2592 59 20 cette
1911 2591 74 20 bonne
1999 2591 96 20 humeur
2110 2596 30 16 ne
2155 2590 44 21 fait
2214 2595 41 20 pas

1737 2616 66 20 notre
1815 2615 89 20 affaire.

1762 2639 66 20 Aussi
1841 2640 65 22 Jugez
1919 2639 28 20 de
1961 2640 65 20 notre
2040 2638 113 25 désespoir
2167 2640 88 23 lorsque

1737 2664 50 20 hier
1798 2663 15 21 à
1825 2663 62 22 midi,
1898 2663 14 20 à
1923 2663 83 20 l'heure
2019 2663 30 21 du
2062 2671 9 8 «
2083 2664 81 23 saquet
2177 2672 7 8 ■>
2198 2667 58 16 nous

1737 2692 56 15 nous
1807 2687 142 24 regardâmes
1963 2687 95 24 Fa.îquet
2070 2688 24 19 et
2105 2687 52 23 moi,
2170 2687 84 20 arrives

1737 2712 33 20 les
1784 2712 107 24 premiers
1903 2711 51 24 près
1967 2712 27 20 de
2008 2712 22 19 la
2044 2711 104 21 fontaine
2162 2711 93 23 fraîche,

1741 2737 109 22 (Auguste
1860 2736 131 21 descendait
2001 2736 28 20 de
2040 2736 22 21 la
2070 2739 62 19 serre
2141 2741 31 15 en
2183 2735 60 20 chan

1739 2760 52 20 tant
1809 2760 14 20 à
1842 2759 116 21 tue-tête),
1988 2764 55 16 sans
2061 2764 42 20 que
2120 2760 28 19 de
2166 2764 42 16 nos
2222 2760 22 23 gi-

1740 2784 97 21 becières
1853 2784 66 22 sortit
1934 2784 21 20 le
1972 2784 101 21 moindre
2086 2784 70 24 gibier
2171 2784 28 20 de
2213 2784 44 24 poil

1740 2813 29 15 ou
1782 2808 27 20 de
1819 2808 82 24 plume.

1736 2846 4 8 ,
1762 2842 27 5 —
1801 2833 62 19 Nous
1890 2836 97 16 sommes
2014 2832 145 21 déshonorés!
2176 2833 78 23 pleura

1738 2856 99 24 Falquet.
1950 2867 4 4 ■
1966 2866 4 4 -
1994 2863 6 5 -

1763 2890 26 5 —
1802 2881 65 19 Cette
1880 2880 44 21 fois
1937 2884 42 20 que
1991 2884 29 16 va
2033 2880 47 20 dire
2091 2880 113 23 Auguste?
2218 2884 24 15 re-

1738 2905 57 23 pris-
1797 2905 22 22 je
1835 2909 30 16 en
1881 2904 66 21 écho!

1763 2938 26 5 —
1801 2929 43 19 Pa.*,
1856 2934 31 15 un
1900 2932 56 20 coup
1970 2929 28 19 de
2011 2928 60 21 fusil,
2082 2929 55 20 c'est
2150 2930 105 18 navrant-

1762 2963 28 5 —
1802 2952 21 21 Il
1837 2952 51 22 faut
1902 2952 109 24 pourtant
2025 2952 52 24 qu*ll
2091 2957 29 16 en
2133 2952 39 20 tue
2185 2952 42 20 un!

1763 2976 112 24 Accablés,
1886 2981 57 16 nous
1954 2980 56 17 nous
2022 2976 73 20 étions
2107 2980 56 16 ass:s
2174 2980 39 16 sur
2222 2975 33 21 les

1739 3005 48 16 rocs
1806 3000 63 21 lissés
1887 3000 38 24 qui
1942 3000 128 20 encerclent
2085 3000 24 20 la
2123 3004 85 18 source,
2227 2999 29 21 où

1737 3029 41 16 nos
1796 3025 95 23 gourdes
1909 3024 119 24 prenaient
2047 3024 21 20 le
2086 3024 63 22 frais,
2166 3024 89 23 lorsque

1740 3049 105 22 Fanfare,
1851 3048 23 21 la
1890 3049 96 20 chienne
2000 3049 29 20 de
2043 3049 101 23 Falquet.
2158 3049 23 19 la
2197 3049 61 20 seule

1740 3074 38 22 qui
1789 3074 113 23 rapporte,
1908 3074 46 19 s'en
1970 3073 43 20 mit
2027 3074 15 19 à
2057 3078 63 17 nous,
2133 3074 63 19 toute
2212 3073 34 20 fré-

1739 3098 95 22 tillante,
1847 3102 32 16 un
1890 3097 95 24 superbe
1998 3097 63 24 lapin
2074 3097 57 20 dans
2144 3098 31 19 les
2188 3101 61 16 crocs

1762 3137 27 6 —
1801 3127 20 21 Il
1835 3128 34 19 est
1882 3131 81 16 encore
1975 3127 87 20 vivant!
2077 3126 126 24 exultai-Je.

1764 3152 59 20 Mais
1837 3151 99 24 Falquet,
1943 3151 37 24 qui
1993 3151 63 21 avait
2068 3156 41 15 son
2124 3151 55 22 idée,
2192 3151 66 21 sauta

1737 3180 39 16 sur
1788 3175 21 21 le
1821 3176 76 23 gibier,
1909 3176 21 20 le
1943 3175 67 24 glissa
2021 3176 58 19 dans
2092 3180 45 15 une
2150 3175 79 20 bourse
2241 3175 15 20 k

1739 3200 68 22 furet,
1814 3200 51 20 bien
1879 3200 80 21 ficelle,
1965 3201 25 19 et
2000 3200 67 22 l'alla,
2079 3204 47 16 non
2137 3199 47 21 loin
2197 3200 27 21 de
2236 3200 22 20 là

1738 3225 81 19 cacher
1830 3224 57 20 dans
1899 3224 21 21 le
1933 3223 82 21 fourré.

1762 3259 26 4 —
1801 3249 20 19 Il
1834 3249 63 20 n'eut
1910 3253 41 19 pas
1963 3249 20 20 le
1994 3250 81 22 temps,
2087 3252 26 16 ce
2125 3247 64 22 sacré
2202 3247 41 20 Fal-

1739 3274 53 22 quet
1808 3273 29 22 de
1853 3277 37 15 me
1905 3273 49 19 dire
1970 3273 25 20 ni
2010 3273 53 23 quoi
2079 3273 25 19 ni
2123 3273 124 23 qu'est-ce..

1738 3298 99 23 Auguste
1852 3296 100 23 arrivait,
1969 3297 103 23 toujours
2088 3296 120 24 chantant,
2225 3302 31 15 un

1740 3322 50 19 brin
1806 3322 28 19 de
1854 3321 93 23 bruyère
1966 3321 78 24 planté
2064 3321 58 21 dans
2140 3326 42 16 son
2203 3321 43 21 cha-

1741 3350 64 20 peau.

1762 3379 28 6 —
1800 3370 67 21 Drôle
1878 3370 28 20 de
1916 3370 86 22 chasse,
2012 3370 57 20 fit-il
2081 3374 59 20 pour
2149 3374 59 16 nous
2219 3370 25 21 ta-

1740 3395 103 23 quiner...
1858 3395 27 20 Je
1900 3399 37 16 me
1947 3395 46 20 suis
2006 3395 93 24 attaqué
2114 3399 45 16 aux
2171 3394 88 23 merles,

1738 3419 93 25 h^toire
1846 3419 28 21 de
1888 3423 36 16 me
1938 3419 112 20 distraire.

1762 3453 26 4 —
1800 3443 26 20 81
1836 3443 25 20 tu
1875 3448 29 16 en
1917 3443 63 20 avais
1991 3447 81 16 encore
2086 3442 38 21 tué
2136 3442 118 25 quelqu'un

1737 3467 85 23 gronda
1832 3467 102 24 Falquet.
1943 3467 87 21 faisant
2039 3467 61 20 mine
2110 3468 28 19 de
2147 3471 24 16 se
2182 3471 72 16 vexer.

1762 3492 60 19 Mais
1839 3491 32 20 les
1888 3490 124 21 victuailles
2030 3491 109 20 sortirent
2158 3491 39 20 des
2216 3495 38 16 sa-

1738 3517 71 22 quets.
1839 3516 24 19 et
1894 3519 25 16 ce
1952 3515 36 21 fut
2020 3516 49 20 tout
2088 3515 27 20 de
2132 3515 73 21 même
2224 3519 31 16 un

1737 3540 81 23 joyeux
1833 3539 107 23 déjeuner
1955 3540 28 20 de
1995 3539 86 21 chasse,
2094 3538 86 24 malgré
2193 3539 60 20 l'X...

1739 3563 27 21 de
1777 3563 155 24 l'après-midi,
1944 3568 54 16 avec
2010 3569 30 15 un
2053 3563 85 20 terrain
2149 3563 61 20 ultra
2218 3567 38 16 sec

1738 3589 21 18 et
1770 3588 39 22 des
1818 3588 79 20 chiens
1907 3587 38 24 qui
1954 3592 30 16 ne
1993 3587 123 24 pouvaient
2124 3591 42 19 pas
2175 3587 78 21 suivre,

1761 3621 26 5 —
1804 3612 60 21 Faut
1882 3612 110 23 pourtant
2012 3616 42 19 que
2074 3611 25 20 tu
2119 3610 139 24 dégringoles

1737 3641 31 16 un
1789 3637 69 23 lapin,
1881 3636 81 21 insista
1984 3637 100 23 Falquet,
2108 3636 76 20 tandis
2208 3640 47 19 que,

1736 3662 81 24 joyeux
1829 3662 25 20 et
1866 3666 73 20 repus,
1951 3666 58 16 nous
2022 3661 130 24 reprenions
2165 3665 42 16 nos
2218 3661 27 20 fu-

1735 3687 46 20 sils.

1760 3722 27 5 —
1804 3712 28 20 Je
1848 3717 57 15 veux
1924 3711 52 21 bien
1995 3712 52 22 moi.
2064 3711 70 24 rigole
2151 3712 103 22 Auguste,

1737 3737 57 21 mais
1807 3742 80 16 encore
1901 3737 81 21 faut-Il
1996 3742 43 19 que
2054 3737 23 24 Je
2091 3737 20 20 le
2125 3737 49 19 vole
2184 3736 32 20 I...

1760 3772 27 5 —
1804 3763 34 19 Tu
1857 3762 20 21 le
1893 3767 83 18 verras,
1994 3762 51 24 jura
2062 3762 101 23 Falquet.
2179 3766 29 16 ou
2226 3761 31 24 J'y

1736 3787 90 24 perdrai
1841 3792 54 16 mon
1910 3792 79 16 nom...
2004 3788 34 19 Va
2052 3789 23 19 te
2090 3787 77 24 poster
2180 3791 39 15 sur
2234 3787 23 19 la

1737 3821 9 8 »
1760 3813 92 20 Bouche
1867 3813 29 20 du
1910 3813 59 20 Four
1983 3820 35 12 "...
2037 3813 75 20 (Cette
2125 3812 86 20 bouche
2226 3811 29 21 du

1735 3838 60 20 Four
1807 3839 36 19 est
1857 3842 31 16 un
1900 3837 91 21 énorme
2006 3838 79 20 rocher
2099 3841 67 16 creux
2180 3841 41 19 par
2236 3836 20 20 le

1736 3863 40 20 bas
1790 3862 38 24 qui
1845 3863 89 20 domine
1951 3863 28 20 de
1996 3863 64 21 haut,
2076 3862 32 20 les
2124 3862 93 20 halllers
2233 3862 23 20 et

1736 3888 22 20 la
1774 3888 139 20 chênaie...).
1928 3888 68 22 Nous,
2012 3892 57 16 nous
2085 3887 72 20 allons
2175 3886 69 21 -faire

1735 3913 21 20 le
1774 3913 106 20 Sarradel
1899 3914 24 20 et
1941 3913 54 21 c'est
2011 3912 52 21 bien
2081 3916 51 16 rare
2151 3917 11 15 s
2164 3912 21 20 il
2204 3912 52 20 n'en

1735 3939 77 19 monte
1831 3942 41 20 pas
1893 3942 38 16 un.

1762 3963 110 24 Toujours
1891 3963 119 23 chantant,
2031 3962 99 24 Auguste
2152 3962 70 24 partit
2243 3962 15 20 à

1736 3990 85 19 travers
1841 3989 20 19 lc
1883 3988 82 21 fourré.

1760 4024 27 5 —
1804 4013 133 21 Laisse-mol
1958 4013 65 23 faire,
2042 4017 37 16 me
2098 4012 86 22 souffla
2204 4013 40 19 Fal-

1736 4039 77 24 quet...
1838 4038 108 21 Emmène
1971 4039 32 21 les
2026 4038 78 21 chiens
2125 4038 31 23 et.
2176 4037 36 21 s'il
2235 4037 21 21 le

1737 4064 57 22 faut,
1816 4063 43 21 tire
1877 4064 50 20 leur
1950 4063 33 21 les
2005 4063 87 21 oreilles
2115 4067 57 20 pour
2194 4063 64 24 qu'Us

1737 4090 102 20 donnent
1855 4089 27 20 de
1899 4088 22 20 la
1936 4090 58 19 voix.

1761 4115 61 20 J'eus
1841 4114 193 20 Immédiatement
2054 4118 44 16 une
2116 4117 72 20 vague
2208 4113 49 21 Idée

1736 4140 30 20 du
1789 4139 131 24 subterfuge
1944 4138 100 25 qu'allait
2067 4139 113 24 employer
2203 4143 55 16 mon

1735 4164 126 21 camarade.

1761 4190 95 21 Parbleu
1867 4190 5 19 !
1889 4189 22 21 le
1928 4188 62 26 lapin
2009 4189 28 21 de
2053 4188 123 22 Fanfare...

1761 4217 20 19 A
1796 4215 78 21 droite,
1890 4215 14 20 k
1919 4214 93 24 gauche,
2027 4219 29 15 en
2071 4214 59 24 long,
2145 4219 29 16 en
2190 4215 66 23 large,

1740 4241 23 23 je
1782 4240 70 21 battis
1870 4240 21 20 lc
1907 4239 112 22 Sarradel.
2037 4244 54 16 sans
2108 4239 89 22 obtenir
2228 4245 31 16 un

1735 4265 49 21 seul
1799 4265 51 20 aboi
1866 4265 40 20 des
1921 4265 79 20 chiens
2009 4264 6 20 !

1763 4300 26 6 —
1795 4291 35 19 En
1844 4290 71 20 avant
1929 4290 33 20 les
1976 4290 93 23 oreilles,
2085 4295 37 15 me
2139 4290 76 23 dis-je.
2227 4295 29 15 en

1735 4315 119 20 saisissant
1867 4314 94 23 Finaud,
1974 4314 55 21 dont
2043 4314 23 20 la
2081 4318 66 20 gorge
2161 4316 35 20 est
2210 4314 36 20 for-

1735 4339 103 21 midable.

1761 4366 29 20 Et
1808 4365 100 20 Fanfare
1927 4365 24 20 ct
1970 4364 92 21 Bellone
2081 4365 128 22 d'accourir,
2228 4370 30 15 en

1736 4390 105 21 donnant
1856 4391 28 20 dc
1900 4390 23 20 la
1940 4388 56 24 voix,
2013 4393 29 17 au
2059 4394 90 16 secours
2166 4390 27 20 dc
2209 4390 49 20 leur

1737 4415 126 21 camarade.

1761 4440 109 21 Là-haut,
1886 4440 51 21 tcut
1954 4440 99 20 là-haut,
2071 4444 39 16 sur
2126 4439 23 20 la
2167 4440 91 20 Bouche

1737 4465 30 19 du
1781 4466 65 21 Four,
1860 4465 24 20 la
1896 4465 122 20 silhouette
2033 4465 120 22 d'Auguste
2166 4470 25 15 se
2205 4469 41 19 pro-

1736 4489 61 20 filait
1808 4494 39 16 sur
1861 4489 22 20 la
1896 4489 124 21 blancheur
2034 4489 96 21 calcaire
2143 4490 30 19 du
2187 4490 69 19 mont.

1761 4514 49 20 Aux
1826 4514 63 21 abois
1908 4514 27 20 dc
1953 4515 22 19 la
1994 4515 82 21 meute,
2094 4514 15 19 il
2125 4519 25 15 se
2169 4515 87 23 pencha

1737 4538 97 22 d'abord,
1850 4539 20 20 le
1888 4539 52 20 fusil
1956 4539 57 24 prêt,
2028 4538 129 21 auscultant
2172 4539 28 20 de
2216 4544 41 15 son

1736 4563 74 20 mieux
1827 4564 33 20 les
1877 4563 80 21 défilés
1974 4564 127 24 hypocrites
2118 4564 29 20 du
2165 4563 89 23 halller;

1737 4588 51 23 puis
1799 4588 23 23 je
1832 4588 20 20 le
1864 4588 34 20 vis
1909 4589 97 22 épauler,
2018 4589 53 20 d'un
2083 4589 61 22 geste
2154 4588 39 23 vif,
2204 4590 41 18 tau-

1736 4613 35 20 dis
1785 4617 42 19 que
1840 4617 26 16 se
1881 4612 111 23 déchirait
2007 4614 20 20 le
2042 4613 83 20 silence
2139 4613 30 20 du
2185 4614 71 22 mont,

1735 4641 52 16 sous
1805 4637 23 19 la
1847 4636 132 22 détonation
1997 4637 67 21 sèche
2083 4638 27 19 de
2126 4642 41 16 son
2188 4642 68 16 arme.

1763 4671 26 5 —
1799 4662 33 21 Ça
1843 4661 47 21 doit
1898 4666 14 19 y
1922 4662 54 23 être,
1986 4668 36 16 me
2032 4663 79 22 dis-je!

1760 4686 83 19 Mais...
1861 4690 103 17 nouveau
1982 4692 57 19 coup
2056 4687 27 19 de
2101 4686 37 20 feu
2151 4686 6 19 !

1759 4720 28 4 —
1797 4711 79 19 Diable
1887 4712 5 18 !
1907 4711 30 22 fit
1950 4711 22 20 la
1986 4712 50 20 voix
2050 4712 27 19 de
2090 4710 100 24 Falquet.
2201 4715 41 17 sou-

1736 4734 53 20 dain
1806 4735 62 23 surgi
1883 4735 51 23 près
1951 4737 28 19 de
1996 4736 70 20 mol...
2084 4736 95 19 Diable!
2199 4736 44 20 l'au-

1737 4759 73 20 rait-il
1829 4760 97 24 manqué
1936 4761 12 20 ?

1764 4793 28 5 —
1811 4784 20 20 A
1851 4786 69 19 mort!
1955 4786 66 20 hurla
2042 4790 29 16 au
2089 4785 46 20 loin
2166 4785 23 20 la
2206 4786 50 20 voix

1736 4807 143 24 d'Auguste...

1760 4833 30 19 Et
1802 4833 94 24 Falquet
1911 4838 82 20 poussa
2008 4839 32 16 un
2054 4834 77 24 soupir
2145 4834 28 20 de
2186 4835 56 20 satis-

1737 4857 93 20 faction.

1761 4881 139 23 Cependant.
1920 4884 105 23 Auguste,
2045 4883 65 20 notre
2131 4883 52 21 ami.
2204 4884 38 19 des-

1735 4906 91 20 cendait
1844 4906 28 20 de
1892 4911 41 16 son
1951 4910 69 21 poste,
2052 4907 145 21 brandissant
2228 4913 26 15 sa

1737 4931 66 22 proie.

1760 4965 26 4 —
1802 4956 59 20 Faut
1878 4956 61 21 boire
1956 4962 31 16 un
2004 4962 57 17 coup
2078 4961 56 19 pour
2150 4961 104 20 marquer

1735 4979 117 22 l'aubaine,
1871 4981 76 21 exulta
1966 4982 99 24 Falquet.

1761 5004 59 20 Mais
1834 5005 105 23 Auguste,
1955 5007 44 23 qui,
2014 5007 38 23 j'ai
2069 5006 71 20 oublié
2155 5006 27 20 dc
2199 5011 55 16 vous

1735 5029 21 20 le
1774 5029 54 22 dire,
1845 5031 35 19 est
1897 5030 52 21 bien
1968 5031 20 21 le
2006 5031 49 24 plus
2074 5031 91 19 fameux
2184 5031 70 23 tireur

1735 5058 43 19 que
1794 5054 23 24 Je
1833 5055 123 22 connaisse.
1972 5056 98 23 Auguste
2086 5059 57 17 nous
2159 5056 93 23 regarda

1736 5079 50 19 tous
1805 5079 31 19 les
1853 5079 63 23 deux,
1934 5084 54 17 avec
2005 5085 44 16 une
2067 5080 71 20 larme
2155 5080 85 21 d'atten-

1736 5103 133 20 drissement
1884 5104 57 21 dans
1954 5110 36 15 ses
2004 5106 55 19 bons
2073 5109 57 19 yeux
2144 5105 27 20 de
2186 5105 67 20 brave

1736 5128 57 24 type.

1760 5163 28 5 —
1802 5153 59 21 Vous
1874 5158 54 16 avez
1942 5155 66 20 voulu
2023 5159 35 15 me
2074 5154 57 19 faire
2145 5153 108 24 honneur,

1734 5178 76 23 quand
1829 5176 79 23 même,
1926 5182 59 18 nous
2002 5178 85 21 dit-il...
2108 5178 69 24 Soyez
2196 5179 44 20 heu-

1736 5206 54 16 reux
1804 5202 63 22 donc,
1882 5207 55 17 vous
1949 5207 15 20 y
1977 5208 53 16 avez
2043 5203 93 20 réussi...
2152 5204 33 19 Au
2201 5208 39 19 pre-

1735 5228 56 19 mier
1804 5231 64 18 coup.
1882 5227 38 24 J'ai
1934 5228 70 24 coupé
2020 5228 21 20 la
2055 5228 95 20 ficelle...
2167 5229 35 19 Au
2216 5232 23 16 se-

1735 5252 64 21 cond,
1815 5246 40 29 j'ai
1871 5252 38 21 tué
1925 5252 20 21 le
1962 5253 62 22 lapin
2041 5252 37 22 qui
2092 5257 25 15 se
2132 5253 90 20 sauvait
2232 5253 6 19 !

1760 5276 65 21 Alors
1844 5277 93 23 Falquet
1956 5278 74 19 baissa
2050 5277 21 20 le
2091 5281 47 17 nez,
2157 5279 24 19 et
2201 5277 52 22 moi,

1735 5301 23 24 je
1772 5302 112 19 m'activai
1900 5301 14 21 à
1930 5302 125 21 déboucher
2071 5306 37 15 ma
2122 5302 89 22 gourde.

2042 5332 75 20 PAUL
2135 5332 91 20 RIVES.

1764 5377 27 17 Ul
1805 5377 69 18 Saquât
1888 5381 5 12 r
1908 5381 32 14 aac
1952 5378 11 16 à
1974 5378 58 20 (Iblcr
2045 5379 20 15 at
2077 5377 12 16 k
2102 5377 109 19 provisions.

2271 228 149 60 CENT
2454 215 222 72 ANNÉES
2714 227 75 60 DE

2370 303 318 57 LITTÉRATURE

2357 384 65 38 EN
2450 383 182 40 BELGIO
2635 384 68 37 UE

2290 468 61 30 UNE
2370 462 116 35 SEANCE
2506 466 38 30 DE
2563 467 108 30 GRAND
2689 466 83 30 GALA

2293 513 39 29 DE
2352 505 188 37 L'ACADEMIE
2559 511 39 29 DE
2619 511 147 33 BELGIQUE

2359 582 38 29 EN
2418 575 152 36 PRÉSENCE
2589 581 42 30 DU
2651 581 54 30 ROI

2811 227 196 62 LES
3089 226 771 62 FAITS-DIVERS

2297 649 57 20 Pour
2373 648 113 21 s'associer
2509 647 14 20 à
2546 648 23 19 la
2587 648 136 20 célébration
2759 648 30 20 du

2271 672 127 25 centenaire
2419 674 27 19 de
2466 672 183 24 l'indépendance
2669 673 121 21 nationale.

2272 698 132 21 l'Académie
2421 698 62 22 belge
2500 698 28 20 de
2545 697 81 23 languo
2642 699 24 18 et
2683 698 27 19 de
2727 698 50 19 litté-

2272 724 76 20 rature
2359 723 123 23 françaises
2493 727 14 15 a
2519 724 54 18 tenu
2583 722 119 21 dimanche
2714 722 76 24 après-

2272 748 54 20 midi
2340 753 44 16 une
2394 748 81 22 séance
2489 747 57 20 dans
2558 747 22 19 la
2594 747 83 23 grande
2692 747 55 20 salle
2760 748 30 19 du

2273 773 74 21 Palais
2362 775 38 19 des
2414 772 136 21 Académies.

2297 797 30 21 Le
2341 798 34 20 roi
2389 798 31 20 fit
2433 802 42 16 son
2490 797 77 20 entrée
2583 797 15 19 à
2613 797 12 20 3
2640 796 87 21 heures.

2298 823 33 20 Au
2346 823 83 20 bureau
2442 821 92 21 avalent
2548 822 46 23 pris
2608 821 62 24 place
2685 823 30 18 M.
2729 822 62 20 Dou-

2274 848 96 22 trepont.
2386 848 117 20 directeur.
2520 847 62 20 Jules
2598 847 99 21 Destrée.
2713 847 78 19 Valêre

2272 872 77 23 Gilles.
2368 873 99 23 Georges
2484 872 84 23 Rency.
2585 871 207 22 Dumont-Wllden,

2272 897 100 21 Maurice
2388 897 121 22 Wilmotte,
2527 899 24 17 et
2565 897 51 20 tous
2633 896 32 21 les
2681 896 111 20 membres

2273 922 28 20 dc
2316 924 64 19 notre
2396 922 114 20 académie
2524 921 121 20 nationale.

2297 947 30 20 Le
2346 947 120 21 secrétaire
2486 946 121 24 perpétuel,
2627 945 31 20 M.
2690 946 100 21 Gustave

2273 972 50 19 Van
2337 973 66 23 Zype.
2416 973 74 19 donne
2504 971 83 20 lecture
2599 971 27 19 de
2641 975 110 20 messages
2765 972 27 19 de

2273 997 114 20 confrères
2399 998 117 22 étrangers
2530 997 23 19 et
2566 997 143 20 notamment
2720 996 28 20 de
2762 997 30 19 M.

2275 1022 103 20 Edouord
2402 1021 130 24 Montpetlt,
2555 1020 45 24 qui.
2622 1021 27 20 de
2673 1021 119 21 Montréal,

2274 1047 88 20 adresse
2378 1048 20 20 le
2412 1047 61 20 salut
2489 1045 109 21 fraternel
2612 1046 38 20 des
2665 1045 127 21 Canadiens

2274 1071 14 20 à
2304 1072 22 19 la
2343 1072 111 24 Belgique.

2274 1108 34 21 LE
2326 1109 146 20 DISCOURS
2491 1109 38 19 DE
2547 1108 30 19 M.
2596 1107 197 21 DOUTREPONT

2299 1146 30 20 M.
2350 1147 99 23 Georges
2469 1144 148 25 Doutrepsnt,
2638 1144 111 21 directeur
2767 1144 26 21 de

2275 1170 134 24 l'académie,
2426 1176 15 15 a
2457 1170 71 20 choisi
2545 1174 87 16 comme
2648 1170 61 23 sujet
2723 1170 28 20 de
2767 1174 27 15 sa

2275 1196 188 20 communication
2484 1200 5 15 :
2510 1204 8 8 »
2537 1195 58 20 Cent
2611 1193 84 22 années
2711 1195 27 20 de
2755 1194 27 20 lit-

2274 1221 99 20 térature
2386 1226 29 15 en
2432 1220 105 24 Belgique
2555 1228 17 12 ».
2591 1227 9 9 «
2618 1220 69 19 Notre
2701 1223 80 20 compa-

2275 1246 57 22 gnie,
2347 1246 33 20 dit
2395 1247 32 19 M.
2442 1245 147 24 Doutrepont,
2605 1249 24 16 se
2643 1244 54 22 doit,
2712 1244 14 20 à
2740 1244 40 20 l'oc-

2275 1270 76 20 casion
2367 1271 30 20 du
2413 1270 136 22 centenaire,
2566 1270 27 20 de
2608 1270 86 20 dresser
2711 1273 32 16 un
2759 1269 23 20 bi-

2275 1295 39 20 lan
2329 1296 27 20 de
2370 1297 65 19 notre
2448 1296 133 19 littérature.
2597 1303 9 9 .
2622 1294 20 20 Il
2657 1295 56 19 rend
2728 1294 53 20 hom-

2275 1324 64 19 mage
2356 1325 29 15 au
2401 1321 34 19 roi
2451 1320 44 25 qui,
2512 1320 39 21 dès
2569 1319 55 22 1910,
2638 1319 115 21 accordait
2768 1323 26 16 sa

2275 1346 124 23 protection
2420 1350 44 15 aux
2484 1346 87 19 Lettres
2591 1344 81 23 belges.
2692 1344 29 20 Le
2740 1348 42 16 cen-

2275 1371 93 21 tenaire,
2386 1371 101 23 explique
2504 1370 112 22 l'orateur,
2633 1374 25 15 se
2677 1369 70 20 divise
2766 1373 29 16 en

2276 1395 57 20 deux
2351 1396 82 23 phases
2455 1395 116 20 distinctes
2595 1399 6 14 :
2625 1394 23 20 la
2669 1394 126 20 littérature

2277 1420 27 20 dc
2322 1421 49 19 1830
2387 1421 15 19 à
2419 1421 49 19 1880
2484 1422 25 18 et
2524 1419 54 21 celle
2595 1419 28 20 de
2641 1419 50 19 1880
2707 1418 15 21 à
2740 1419 55 20 1930.

2301 1446 76 20 Avant
2391 1446 56 21 1880,
2462 1445 58 20 ainsi
2536 1449 43 20 que
2595 1444 21 20 le
2632 1445 116 19 montrent
2764 1444 32 20 les

2277 1475 83 16 revues,
2373 1472 65 18 nctre
2452 1470 127 20 littérature
2593 1469 73 24 prend
2681 1469 103 19 conscien-

2276 1500 25 15 ce
2320 1494 155 23 d'elle-même,
2494 1494 76 21 tandis
2589 1499 42 19 que
2650 1493 23 20 la
2691 1493 105 24 Belgique

2275 1520 87 21 entrait
2377 1520 57 20 dans
2450 1525 44 15 une
2510 1520 37 20 ère
2561 1518 110 21 nouvelle.
2687 1519 31 19 M.
2733 1519 50 19 Dou-

2276 1546 91 22 trepont
2385 1544 77 20 Insiste
2483 1545 88 20 ensuite
2591 1548 40 16 sur
2651 1543 21 21 ie
2690 1542 45 21 fait
2754 1547 42 20 que

2283 1578 4 6 -
2307 1569 125 21 littérature
2451 1570 63 24 belge
2533 1577 8 11 »
2560 1570 59 19 n'est
2635 1573 42 19 pas
2695 1573 31 16 un
2743 1568 54 20 vain

2277 1597 48 17 mot
2340 1595 19 19 si
2375 1595 44 19 l'on
2435 1595 59 20 tient
2508 1595 89 23 compte
2610 1598 44 19 que
2668 1594 33 20 les
2716 1592 80 21 belles-

2278 1619 77 20 lettres
2373 1620 53 19 sont
2443 1620 19 19 le
2482 1620 77 19 miroir
2578 1619 66 20 d'une
2662 1618 135 20 nationalité

2277 1645 24 19 et
2315 1644 53 20 d'un
2383 1644 194 20 inldividuallsme.
2592 1650 5 5 •

2303 1670 19 19 Il
2342 1669 82 20 définit
2441 1669 20 20 le
2477 1669 113 20 caractère
2609 1669 28 20 de
2655 1668 142 24 l'expression

2278 1694 62 23 belge
2358 1698 29 16 cn
2403 1694 100 23 français
2521 1695 23 18 et
2562 1694 101 23 explique
2678 1697 42 20 que
2738 1693 59 20 cette

2277 1719 128 24 expression
2425 1723 29 15 ne
2474 1718 48 20 doit
2543 1723 40 19 pas
2602 1719 48 20 être
2670 1717 128 21 confondue

2278 1748 53 16 avec
2354 1744 22 20 la
2399 1743 126 21 littérature
2547 1744 27 20 de
2594 1743 22 20 la
2638 1744 86 19 France
2747 1747 51 16 sous

2278 1769 101 24 prétexte
2396 1773 42 20 que
2459 1769 22 19 la
2501 1769 87 20 France
2607 1769 23 20 et
2650 1769 22 19 Ja
2692 1767 105 25 Belgique

2279 1794 101 20 utilisent
2395 1794 23 20 la
2434 1793 73 20 même
2522 1793 89 23 langue.

2303 1820 30 19 Le
2349 1819 111 20 directeur
2476 1819 28 19 de
2522 1818 134 20 l'Académie
2674 1818 45 21 fait
2735 1818 51 20 l'his-

2279 1844 85 24 torique
2381 1843 28 21 de
2424 1843 23 20 la
2463 1843 127 20 littérature
2604 1842 64 24 belge
2682 1843 79 24 depuis
2775 1843 23 20 la

2279 1868 140 21 Révolution.
2435 1869 35 19 Au
2486 1868 127 20 lendemain
2629 1868 28 20 de
2673 1868 22 20 la
2710 1867 76 24 procla-

2278 1894 88 20 mation
2384 1892 198 24 dinaépendance.
2600 1893 16 20 11
2635 1897 15 19 y
2667 1893 63 20 avait
2745 1892 55 20 chez

2279 1923 57 16 nous
2354 1918 28 21 de
2397 1918 125 20 nombreux
2540 1917 117 23 écrivains,
2675 1917 58 20 mais
2751 1917 49 20 leur

2278 1942 101 22 manière
2400 1942 58 21 était
2479 1942 84 23 lourde,
2598 1942 144 25 provinciale,
2776 1941 26 21 e(T

2280 1969 85 20 sentait
2380 1968 51 24 trop
2444 1972 42 16 son
2500 1967 59 21 désir
2573 1966 97 22 d'Imiter
2684 1967 70 20 Paris.
2769 1968 31 19 Ce

2279 1994 57 19 n'est
2357 1992 103 25 qu'après
2480 1993 121 23 cinquante
2623 1996 49 19 ans,
2694 1996 29 16 en
2743 1992 56 22 1880,

2279 2023 43 19 que
2337 2023 25 16 se
2378 2018 129 20 manifesta'
2519 2021 45 17 une
2580 2017 106 21 brillante
2703 2017 84 20 Renais-

2278 2048 75 16 sance.

2303 2069 31 19 M.
2354 2069 142 23 Doutrepont
2512 2067 72 21 décrit
2602 2067 23 20 la
2643 2067 110 21 situation
2771 2067 27 20 de

2280 2095 22 18 la
2319 2093 105 24 Belgique
2442 2093 75 24 placée
2534 2093 64 20 entre
2616 2092 144 24 l'Allemagne
2777 2093 23 19 et

2279 2119 23 19 la
2321 2118 86 21 France
2427 2120 24 19 et
2467 2117 139 21 bénéficiant
2624 2118 30 20 de
2672 2116 127 21 Tlnfluence

2280 2144 39 21 des
2335 2144 57 20 deux
2408 2143 97 24 grandes
2520 2143 145 20 littératures.

2303 2169 31 20 Le
2345 2168 164 21 chef-d'œuvre
2522 2169 29 19 de
2562 2167 24 21 la
2598 2167 127 22 littérature
2736 2167 63 24 belge

2280 2194 92 20 d'avant
2388 2193 55 23 1880,
2458 2193 34 20 dit
2505 2193 111 23 l'orateur,
2631 2193 54 20 c'est
2699 2192 15 21 1'
2729 2200 10 9 •
2753 2193 45 20 Ue-

2280 2218 120 25 lensplegel
2415 2225 18 18 »,
2446 2218 28 21 de
2488 2218 94 21 Charles
2595 2217 28 21 de
2637 2218 85 20 Coster.

2302 2244 116 20 L'orateur
2436 2244 110 20 s'attache
2564 2243 145 21 maintenant
2727 2243 15 20 k
2758 2242 27 21 dé-

2279 2269 56 21 crire
2349 2269 21 20 le
2385 2273 128 16 renouveau
2529 2268 109 20 littéraire
2652 2267 146 21 nationaliste

2279 2294 62 24 belge
2354 2294 30 20 du
2398 2293 138 21 demi-siècle
2547 2293 39 24 qui
2599 2293 63 21 vient
2674 2293 28 21 de
2712 2292 73 21 s'écou-

2279 2319 37 20 ler.
2329 2320 20 19 Il
2362 2318 83 25 évoque
2457 2318 94 21 Camille
2564 2318 134 21 Lemonnier
2711 2318 38 24 qui
2762 2318 23 20 di-

2277 2345 45 21 sait
2338 2349 6 15 :
2362 2344 169 21 «Nous-mêmes
2544 2347 30 17 ou
2587 2343 79 24 périr",
2676 2343 57 20 Ivan
2747 2343 51 20 Gil-

2278 2370 40 20 kln
2330 2371 24 20 et
2366 2370 32 20 les
2410 2369 111 21 écrivains
2532 2369 93 21 ardente
2638 2368 27 20 de
2678 2368 22 20 la
2715 2368 83 20 -Jeune

2277 2394 125 24 Belgique-,
2416 2394 39 23 qui
2472 2394 116 20 Inscrivait
2604 2398 30 16 en
2650 2393 47 21 tête
2712 2393 28 20 de
2755 2397 43 16 son

2278 2420 97 22 premier
2396 2419 95 20 numéro
2515 2422 6 16 :
2543 2426 10 9 «
2577 2419 86 23 Soycns
2685 2422 58 16 nous
2754 2418 6 19 1
2786 2425 10 10 »

2278 2441 52 24 Puis
2350 2445 16 19 il
2385 2448 66 20 passe
2482 2447 29 17 en
2541 2448 68 16 revue
2640 2443 146 24 l'épanouisse-

2278 2471 64 20 ment
2356 2470 39 20 des
2409 2468 159 21 belles-lettres
2583 2467 81 25 belges,
2678 2467 109 24 épanouis-

2277 2495 88 19 sement
2381 2494 113 21 couronné
2509 2498 30 16 en
2556 2493 49 20 1920
2621 2497 43 20 par
2676 2492 24 21 la
2715 2493 71 20 fonda-

2279 2520 48 20 tion
2341 2520 27 20 de
2382 2519 133 20 l'Académie
2528 2518 69 24 belge.

2344 2556 147 21 DISCOURS
2508 2556 38 20 DE
2561 2556 30 19 M.
2606 2555 129 20 DESTREE

2303 2588 32 20 M.
2345 2588 63 20 Jules
2420 2586 100 23 Destrée.
2531 2586 81 20 ancien
2624 2585 110 23 ministre,
2746 2590 41 20 per-

2280 2613 21 20 le
2313 2612 60 22 alors
2385 2612 31 21 du
2426 2612 26 20 27
2464 2612 46 20 mai
2525 2611 56 23 1883,
2593 2611 117 21 décrivant
2721 2611 24 21 la
2756 2611 44 20 soif

2279 2639 28 20 de
2318 2637 75 25 pcésie
2405 2638 39 24 qui
2456 2636 154 22 caractérisait
2622 2636 24 20 la
2658 2636 102 23 jeunesse
2773 2636 28 20 de

2278 2667 27 16 sa
2324 2662 138 23 génération,
2477 2662 86 24 malgré
2580 2661 164 21 l'Indifférence
2761 2660 27 25 gé-

2280 2685 76 23 nérale
2373 2688 31 21 du
2420 2688 73 23 grand
2508 2686 75 25 public
2596 2687 24 20 et
2637 2686 28 21 de
2680 2686 24 20 la
2718 2689 82 21 presse.

2303 2713 21 21 Il
2335 2713 34 21 dit
2380 2713 120 22 comment,
2510 2711 86 24 malgré
2616 2711 15 21 1'
2643 2719 10 10 «
2665 2711 122 25 Imperméa-

2280 2738 63 21 bilité
2363 2747 8 8 -
2395 2738 40 21 des
2455 2737 104 25 pouvoirs
2580 2736 87 25 publics
2688 2737 24 21 et
2729 2736 28 21 de
2778 2735 23 21 la

2279 2762 144 25 bourgeoisie,
2435 2763 32 21 les
2479 2762 139 20 littérateurs
2629 2762 27 20 de
2669 2761 22 20 la
2704 2768 10 10 «
2727 2761 73 21 Jeune

2279 2788 105 24 Belgique
2402 2796 9 9 »
2430 2787 144 21 bataillèrent
2590 2791 54 16 avec
2662 2794 10 9 «
2688 2790 32 16 un
2737 2790 62 16 coeur

2279 2814 56 19 neuf
2349 2813 59 20 dans
2421 2816 32 17 un
2468 2812 52 21 vieil
2533 2812 90 21 univers
2638 2819 19 13 ».

2304 2839 21 19 Il
2344 2838 56 20 rend
2420 2837 119 23 hommage
2559 2837 15 20 k
2594 2836 103 21 Edmond
2712 2836 88 21 Picard,

2279 2863 44 23 qui,
2341 2867 86 16 comme
2447 2861 134 22 animateur,
2599 2860 54 21 aida
2670 2861 116 20 considéra-

2278 2888 100 20 blement
2395 2887 24 20 la
2437 2895 9 8 -
2467 2887 72 20 Jeune
2554 2886 106 24 Belgique
2680 2894 18 15 »,
2716 2885 83 24 dirigée

2279 2917 42 20 par
2338 2913 55 20 Max
2408 2911 90 21 Waller.

2304 2938 32 20 M.
2356 2937 94 21 Destrée
2469 2937 62 20 trace
2553 2941 31 16 un
2604 2936 98 24 portroit
2722 2936 65 20 émou-

2279 2963 56 20 vant
2352 2963 28 20 de
2395 2962 105 24 quelques
2517 2961 111 21 membres
2645 2961 27 20 de
2688 2960 23 20 la
2727 2961 73 20 Jeune

2280 2988 106 24 Belgique
2399 2988 39 24 qui
2451 2987 78 20 furent
2541 2991 36 16 ses
2588 2986 58 20 amis
2659 2986 46 21 très
2718 2986 65 20 chers
2794 2990 6 16 :

2280 3014 135 21 Verhaeren,
2425 3012 138 22 Eeckhoudt,
2575 3011 137 21 Rodenbach
2723 3012 24 19 et
2758 3011 42 20 Gl-

2279 3038 63 20 raud.

2306 3064 20 20 Il
2336 3063 102 24 souligne
2452 3062 24 21 la
2489 3061 116 25 discipline
2619 3065 43 20 que
2673 3061 32 22 les
2721 3069 9 9 »
2746 3061 42 20 Jeu-

2281 3093 29 16 ne
2328 3088 106 24 Belgique
2453 3096 9 9 »
2480 3087 105 21 s'étalent
2603 3085 103 26 Imposée,
2724 3086 23 20 la
2765 3086 24 20 ré-

2280 3114 76 20 action
2370 3115 78 19 centre
2463 3113 21 21 le
2498 3112 76 25 parler
2589 3111 125 23 bruxellois,
2730 3111 20 21 le
2763 3116 24 15 re-

2280 3139 38 20 fus
2336 3139 97 20 d'imiter
2450 3138 33 21 les
2502 3137 110 21 écrivains
2628 3137 106 23 français,
2753 3136 48 20 être

2279 3165 29 20 de
2324 3164 54 20 chez
2394 3163 34 20 soi
2445 3164 24 19 et
2485 3163 28 20 dc
2530 3167 42 16 son
2586 3162 80 24 temps,
2683 3162 70 20 écrire
2769 3165 30 16 en

2283 3189 106 23 français,
2401 3189 47 20 être
2462 3188 61 22 libre,
2535 3186 155 25 n'appartenir
2702 3186 15 21 à
2729 3190 73 17 aucun

2281 3214 61 24 parti
2357 3214 115 24 politique.

2305 3240 64 19 Deux
2383 3239 84 23 grands
2480 3238 91 21 artistes
2582 3237 83 24 belges:
2680 3237 62 20 Mme
2757 3237 44 20 Eve

2280 3265 93 20 Francis
2394 3264 24 20 et
2440 3264 31 20 M.
2495 3262 76 21 Victor
2593 3263 110 21 Francen,
2726 3262 28 20 de
2777 3261 23 20 la

2279 3288 244 24 Comédie-Française,
2546 3287 47 21 très
2616 3287 125 24 applaudis,
2765 3287 22 19 di-

2280 3316 51 19 sent
2348 3314 88 21 ensuite
2452 3314 39 19 des
2508 3313 90 24 poèmes
2615 3313 28 20 de
2661 3311 94 23 Giraud,
2773 3312 28 19 de

2280 3340 135 20 Verhaeren.
2432 3349 27 5 —
2475 3338 24 21 L.

2833 348 58 21 UNE
2911 348 121 20 GRANGE
3053 347 163 21 INCENDIÉE.
3238 357 26 6 —
3287 349 27 19 Di-

2807 373 96 20 manche
2917 373 139 23 après-midi,
3070 373 32 20 les
3115 373 112 24 pompiers
3238 373 88 19 Molcn-

2808 397 88 20 beekols
2917 397 77 20 furent
3016 397 108 21 Informés
3145 401 41 19 par
3208 396 119 24 téléphone

2809 422 67 21 qu'un
2899 422 102 20 Incendie
3023 425 67 19 grave
3112 421 91 21 sévlsalt
3223 422 58 19 dans
3305 421 23 19 la

2808 450 83 19 ïrrange
2903 447 28 19 de
2942 447 31 18 M.
2984 446 149 21 Paternoster.
3144 451 40 16 rue
3195 446 30 20 du
3235 446 92 20 Grand-

2810 471 87 20 BlE.ird,
2911 471 14 19 à
2942 470 307 22 Bcrchem-Sainte-AKalhe.

2834 496 19 18 A
2876 495 47 20 leur
2945 495 91 21 arrivée,
3058 495 31 20 les
3111 496 104 19 flammes
3237 495 91 20 avalent

2809 520 45 23 pris
2868 524 44 16 une
2924 519 84 23 grande
3021 520 116 20 extension
3150 522 23 18 ct
3185 520 144 22 menaçaient

2809 544 26 21 de
2848 549 24 16 se
2888 548 108 19 propager
3012 543 14 20 à
3041 544 142 20 l'habitation
3199 543 129 24 principale.

2810 568 41 21 Les
2870 568 118 23 pompiers,
3006 572 52 16 sous
3076 569 31 20 les
3123 569 76 20 ordres
3217 569 30 20 du
3267 572 49 16 com-

2811 593 111 19 mandant
2941 593 49 20 Van
3011 592 82 20 Nérom
3112 594 24 19 et
3154 593 30 20 du
3204 593 125 20 lieutenant

2811 618 88 22 Demey,
2918 621 24 16 se
2958 617 84 20 mirent
3060 622 29 15 cn
3108 618 75 19 devoir
3201 618 87 20 d'isoler
3308 617 20 20 le

2812 642 88 19 brasier.
2916 641 70 24 Après
3000 642 109 23 plusieurs
3125 642 79 20 heures
3220 642 109 21 d'efforts,

2810 667 27 19 ils
2850 666 120 20 réussirent
2986 666 14 20 à
3016 665 113 24 préserver
3144 666 141 21 l'habitation
3300 666 28 20 de

2811 692 29 18 M.
2853 691 149 19 Paternoster.

2837 714 72 21 Lundi
2924 715 80 21 matin,
3017 714 14 24 à
3046 715 12 19 2
3074 714 23 21 h.
3113 715 31 22 30,
3157 715 116 20 l'incendie
3288 716 41 23 put

2811 739 46 21 être
2871 739 107 21 maîtrisé.
2992 739 59 21 Tout
3066 741 33 19 est
3113 739 90 20 détruit.
3215 740 35 20 On
3266 740 51 24 Igno-

2812 769 23 14 re
2847 764 31 20 les
2890 768 78 16 causes
2979 764 30 20 du
3021 764 97 20 sinistre.
3129 764 41 20 Les
3181 764 85 24 dégâts,
3277 769 41 19 par-

2812 788 123 21 tiellement
2946 789 104 20 couverts
3065 793 42 20 par
3122 789 141 21 l'assurance,
3277 790 52 18 sont

2811 812 89 21 évalués
2911 813 15 20 à
2939 814 50 23 plus
3002 814 27 20 de
3041 814 69 22 50,000
3123 814 83 19 francs.
3220 813 48 20 Une
3282 814 35 19 ins-

2812 838 97 20 truction
2922 839 34 19 est
2968 838 98 20 ouverte.
3078 848 26 5 —
3114 838 28 20 D.

2901 876 144 30 MONNAIE
3064 887 12 8 -
3097 876 148 30 VICTORIA
3256 885 30 21 ■

2881 919 25 16 La
2925 919 41 19 plus
2987 919 46 16 belle
3056 919 109 20 production
3184 919 86 19 parlante

2381 3416 340 51 ZELLICK

2366 3502 61 17 Mardi
2438 3502 21 15 29
2469 3501 81 17 octobre,
2560 3499 11 17 i
2583 3500 20 16 11
2614 3499 67 17 heures
2692 3499 21 18 _5

2315 3554 58 16 PRIX
2387 3554 42 15 DES
2443 3552 96 16 SAPHIRS
2555 3550 57 17 (4,000
2625 3549 30 17 fr..
2669 3549 8 15 l
2678 3560 10 14 fc
2685 3548 31 17 200
2727 3547 33 19 It».)

2283 3580 23 16 IA
2317 3579 69 16 vendre
2398 3580 36 13 aux
2446 3575 103 17 enchères.)
2562 3575 34 16 Les
2606 3574 84 16 chevaux
2700 3577 24 12 ne
2733 3573 65 16 .eront

2302 3602 34 16 pas
2346 3598 11 15 fc
2368 3596 90 17 réclamer
2471 3596 58 15 avant
2540 3595 18 15 la
2570 3597 68 13 course,

2302 3638 5 3 .
2324 3623 86 17 Jochems

2281 3644 52 15 R.-A.
2349 3641 88 17 Barthels

2281 3663 24 15 M.
2325 3663 84 15 Martens
2430 3659 20 17 ..."

2280 3683 23 16 Lt
2319 3681 72 17 Bodnrt

2281 3702 21 18 H.
2321 3701 45 16 Ellis

2281 3721 45 18 Cap.
2342 3720 22 17 X.
2380 3719 40 16 Van
2433 3718 22 16 de
2468 3719 65 14 "Werve

2282 3741 17 15 P.
2323 3740 125 16 Schucrmans

2281 3760 26 17 Lt.
2314 3759 59 16 baron
2385 3762 37 12 van
2434 3757 68 19 Zuylen
2514 3768 10 4 ..

2281 3778 49 16 Edm.
2346 3777 78 17 Boulvin

2280 3798 51 16 Edm.
2345 3797 80 17 Boulvin

2279 3818 20 15 C.
2313 3817 18 16 J.
2345 3815 109 18 Bechbache

2280 3838 62 15 Baron
2356 3837 109 17 Brugmann

2279 3857 19 15 P.
2314 3856 86 17 Mathieu

2280 3877 21 17 D.
2324 3876 82 16 Madoux

2547 3620 9 16 4
2568 3618 112 17 Bruxelloise
2697 3631 18 3 ...
2731 3618 36 17 11.0
2778 3618 20 16 53

2547 3640 9 15 5
2567 3639 58 16 Loute
2731 3638 36 17 11.0
2778 3638 21 15 56

2547 3659 9 16 3
2568 3658 79 16 Felhour
2730 3657 37 19 15,0
2778 3657 21 16 5G

2548 3679 9 15 0
2568 3678 68 16 Juliers
2728 3677 37 16 11.0
2777 3677 20 15 9a

2547 3698 9 15 5
2567 3697 57 16 Table
2640 3697 48 15 Rase
2691 3706 18 7 ...
2730 3696 37 18 11,0
2778 3695 20 16 53

2546 3717 9 15 3
2567 3717 63 16 Siroco
2740 3715 27 17 9.0
2778 3715 20 17 53

2548 3737 19 15 10
2577 3736 87 18 Qulrinal
2740 3735 27 17 7,0
2778 3735 19 16 51

2547 3756 9 14 ■i
2567 3756 89 15 Posltano
2740 3754 27 17 7.0
2778 3754 20 15 40

2546 3775 10 16 9
2567 3774 75 17 Dinette
2740 3773 27 17 7.0
2778 3773 21 16 49

2545 3796 10 15 3
2566 3795 75 16 Sidoine
2740 3793 27 17 7.0
2778 3793 21 16 48

2546 3815 9 16 3
2567 3815 25 16 Bc
2611 3815 69 18 Strong
2740 3813 27 16 7.0
2778 3813 21 16 46

2547 3834 9 16 3
2567 3833 101 17 Barbacole
2741 3832 27 17 7.0
2778 3832 21 15 4B

2547 3855 8 15 3
2567 3853 109 16 Roussellne
2740 3852 28 17 7.0
2778 3852 21 15 46

2547 3874 9 14 3
2568 3873 85 19 Senégall
2740 3871 28 19 7,0
2778 3871 22 17 46

2282 3907 58 16 TRIX
2357 3907 43 15 DES
2418 3905 140 17 EMERAUDES
2577 3903 57 19 (4,000
2651 3902 31 18 lr..
2700 3902 48 19 2,100
2763 3903 33 17 m.)

2281 3933 22 17 (A
2314 3931 70 16 vendre
2397 3934 36 15 aux
2446 3930 103 19 enchères.)
2564 3929 35 16 Les
2610 3929 84 16 chevaux
2706 3928 91 19 pourront

2299 3951 41 16 être
2353 3950 89 17 réclami-5
2456 3951 58 15 avant
2531 3949 19 16 la
2565 3951 71 14 course.

2282 3978 13 15 A
2317 3976 77 17 Bourlet
2539 3974 19 24 |6
2569 3973 75 18 Pélican
2731 3973 37 17 15.0
2779 3973 21 17 60

2281 3996 35 18 Jtn
2331 3997 20 16 C-
2367 3995 91 20 Repelaer
2547 3994 10 16 4
2568 3994 77 19 Mignon
2732 3993 37 16 13.0
2780 3992 21 17 58

2281 4018 12 14 A
2318 4015 71 17 Freake
2547 4014 10 15 4
2568 4013 40 17 Tlio
2624 4014 33 16 Gr.
2675 4013 39 18 Boy
2742 4013 27 18 7,5
2780 4013 20 15 58

2281 4037 20 15 D.
2319 4036 84 15 D'Hoore
2547 4034 10 16 5
2568 4033 44 16 Star
2626 4033 38 18 Boy
2741 4031 29 19 7.5
2780 4032 21 17 66

2281 4056 16 15 J.
2311 4055 40 16 Van
2366 4054 59 17 Stalle
2547 4053 11 16 5
2568 4052 92 17 Pêcadllle
2732 4052 37 17 11.5
2780 4051 21 17 5t>

2547 4072 11 16 4
2568 4072 38 17 HUl
2616 4072 53 19 Slxty
2731 4072 38 18 11.5
2780 4071 20 17 53

2548 4092 9 16 6
2569 4092 90 17 Hermoye
2742 4091 27 17 7.5
2780 4090 20 17 53

2548 4112 10 15 9
2568 4111 56 16 Little
2639 4111 56 17 PlOW.
2708 4122 17 4 ...
2742 4110 27 17 7.5
2780 4110 21 16 53

2548 4132 10 15 9
2569 4131 87 19 QutnAUX
2742 4130 27 17 7.5
2780 4130 19 16 51

2548 4151 10 16 7
2569 4150 103 17 Artémiséa
2693 4161 18 5 ...
2742 4150 27 18 7,5
2780 4149 20 17 51

2547 4172 10 15 4
2569 4170 84 16 Vlchnou
2742 4169 28 17 7.5
2781 4169 19 19 5t

2548 4190 10 16 6
2568 4188 117 18 Ooldenblrd.
2709 4200 18 5 ...
2742 4188 28 18 7.5
2781 4189 19 16 61

2548 4210 10 16 6
2568 4209 70 16 Garcia
2742 4207 28 18 7,6
2780 4207 20 17 51

2548 4229 9 15 3
2568 4230 85 17 oraspry
2742 4227 27 18 9,5
2780 4227 21 16 49

2548 4249 9 16 3
2569 4248 64 17 Mlchu
2742 4247 27 18 7.5
2780 4246 21 16 49

2548 4267 9 17 5
2568 4267 108 19 Seigneurie
2742 4267 27 17 7.5
2780 4266 21 16 49

2548 4288 10 15 5
2568 4288 77 16 Lucette
2742 4285 27 17 7.5
2780 4285 21 16 49

2547 4307 10 16 3
2568 4307 77 17 Ascarlo
2742 4305 27 17 7.5
2780 4305 20 16 47

2548 4327 9 16 3
2568 4326 76 17 Sidoine
2742 4325 28 18 7,5
2780 4324 21 17 47

2323 4074 106 17 Hendrickx

2282 4090 20 22 A".
2318 4095 28 16 De
2362 4094 71 16 Winter

2282 4115 21 17 H.
2316 4114 38 18 Say

2280 4134 16 16 J.
2312 4134 41 15 Vnn
2365 4132 60 18 Stalle

2282 4153 26 16 W.
2323 4153 49 16 Tulk

2282 4174 38 15 Mrs
2335 4173 64 16 Lorett
2413 4170 66 18 Salvln

2282 4194 19 15 A.
2320 4193 27 16 De
2363 4192 73 16 Winter

2282 4213 39 15 Mrs
2340 4211 111 17 Pemberton

2282 4232 48 16 Mme
2348 4231 20 17 F.
2385 4231 49 16 Neve

2284 4252 18 16 E.
2325 4250 54 17 Polet

2283 4272 12 14 n
2306 4272 21 14 -A
2350 4269 89 17 Barthels

2281 4291 19 15 P.
2316 4290 85 16 Mathieu

2282 4311 87 15 Dr-ronno
2385 4310 23 15 de
2426 4307 88 18 Crawhes

2282 4329 51 17 Edm.
2348 4328 79 17 Boulvin

2313 4354 58 16 PRIX
2384 4353 42 16 DES
2440 4351 101 17 TOPAZES
2556 4350 56 18 '8.000
2625 4350 31 17 fr..
2671 4349 47 19 1,100

2282 4381 60 14 Baron
2359 4379 108 18 Brugmann

2281 4399 13 16 L
2312 4398 124 18 Molssonnler

2281 4419 16 17 J.
2317 4418 40 16 Vnn
2372 4417 60 16 Stalle

2281 4438 39 15 Mrs
2332 4439 21 14 A.
2367 4436 111 16 Pemberton

2281 4457 62 15 Baron
2358 4456 110 18 Brugmann

2282 4477 17 15 J.
2323 4476 57 16 Rolin

2280 4496 17 16 J.
2312 4494 166 19 Verheyleweghen

2548 4377 9 16 3
2569 4375 127 20 Ballycnssldy
2770 4375 21 16 67

2547 4397 10 15 4
2568 4396 46 16 Miss
2627 4395 54 19 Mary
2769 4395 21 15 66

2546 4415 10 17 3
2568 4415 82 16 Nemésis
2668 4414 30 17 IU
2767 4414 31 17 601

2548 4435 10 16 3
2568 4433 99 17 Townblrd
2769 4434 21 14 ai

2546 4454 10 16 3
2567 4454 82 19 Captaln
2668 4454 68 17 Girons
2745 4464 11 4 **
2769 4452 21 16 53

2547 4474 10 16 3
2568 4474 77 15 Minime
2769 4472 20 16 81

2546 4493 10 15 3
2567 4492 73 17 Kabalo
2768 4491 20 17 61

2327 4519 58 16 PRIX
2400 4519 43 15 DES
2458 4518 69 15 RUBIS
2543 4516 56 16 14.000
2612 4516 31 18 fr..
2656 4516 48 18 2.6CQ
2720 4518 32 17 m.)

2356 4543 112 18 (Handicap,
2479 4541 105 20 gentléTnen
2595 4541 20 16 et
2626 4540 92 20 officiers)

2547 4566 9 17 5
2567 4567 74 18 Angora
2767 4566 22 17 70

2545 4587 10 15 4
2566 4585 50 18 Belle
2634 4582 124 20 Comédienne
2768 4585 30 17 751

2545 4606 10 15 7
2566 4605 92 19 Asphodel
2720 4610 35 11 t....
2767 4604 30 18 754

2546 4625 10 16 T
2566 4625 83 17 Voltaire
2664 4625 78 18 Battery
2767 4624 20 16 73

2547 4644 11 16 5
2568 4644 62 17 Yacht
2765 4643 19 16 71

2545 4664 10 15 5
2566 4664 75 16 Fromln
2767 4662 20 16 70

2545 4683 10 15 5
2566 4682 56 17 Wh»t
2638 4683 58 18 Again
2766 4681 20 16 70

2545 4704 9 15 9
2565 4702 88 19 Qulnaux
2766 4700 29 17 67|

2544 4723 10 14 9
2565 4722 57 16 Little
2638 4721 69 16 Flower
2735 4731 18 5 ...
2765 4718 30 18 671

2546 4741 10 16 5
2567 4741 98 16 Boblnettc
2761 4739 21 16 67

2714 4770 3 5 ,
2762 4757 23 17 «A

2283 4574 29 10 ;>...:
2319 4573 22 10 t*n
2357 4568 76 16 Lunden

2280 4589 18 15 P.
2312 4588 25 16 du
2348 4588 39 18 Roy
2400 4588 22 15 dc
2435 4587 89 19 Bllcquy..

2279 4608 19 15 P.
2316 4607 84 16 Mathieu

2281 4627 60 15 Baron
2356 4626 78 16 Lunden

2279 4647 45 17 Cap.
2341 4645 91 16 Bonvalet

2279 4665 18 17 P.
2315 4665 84 15 Mathieu

2279 4684 35 16 Jhr
2328 4684 14 16 C
2365 4684 91 18 Repelaer

2279 4703 17 15 J.
2314 4703 42 16 Van
2373 4702 59 17 Stalle

2280 4723 20 14 H.
2314 4723 37 17 Say

2279 4741 19 17 E.
2317 4740 177 17 Casimir-Lambert
2519 4753 4 3 .

2280 4761 19 15 A.
2316 4761 94 15 Dewinter
2536 4758 3 18 I
2547 4761 17 16 U
2577 4761 51 16 Sixte

2278 4780 39 18 Cap
2340 4779 91 17 Bonvalet
2536 4775 16 22 Il
2564 4779 72 19 Réputé

2279 4800 13 14 A
2316 4799 94 17 Dewinter
2536 4799 18 21 ,5
2564 4798 81 17 Cladûns
2764 4796 21 15 65

2279 4818 21 16 Lt
2314 4818 59 16 baron
2386 4818 23 16 de
2420 4818 78 16 Rosslu»
2544 4818 10 16 9
2564 4819 25 16 So
2602 4818 46 16 Mild
2763 4814 21 16 •*

2279 4837 39 16 Mrs
2337 4837 110 17 Pemberton
2536 4838 19 16 ,6
2565 4837 71 16 Garcia-
2761 4834 21 16 •*

2317 4861 55 16 PPIX
2385 4861 43 16 DES
2444 4861 85 17 STRASS
2545 4861 56 18 (6.000
2616 4861 31 17 tr..
2660 4860 48 16 2.400
2723 4859 33 16 nU

2959 946 57 31 DU
3038 946 150 30 MONDE

2834 998 479 91 ATLANTIC

2858 1114 70 16 Sonore
2938 1121 22 5 —
2971 1113 97 16 Chantant
3080 1121 22 5 —
3110 1113 78 16 Parlant
3200 1112 90 19 Français

2928 1148 71 16 avec
3014 1142 45 22 le*
3072 1142 150 21 meilleurs

2916 1176 146 30 ARTISTES
3081 1175 153 31 FRANÇAIS

2862 1218 62 16 Evitez
2942 1217 18 17 la
2975 1218 58 16 cohue
3052 1217 22 17 de
3092 1217 18 17 la
3126 1216 85 18 dernière
3227 1217 66 16 séance

2929 1241 24 13 en
2972 1237 92 17 assistant
3079 1240 37 13 aux
3131 1237 92 17 matinées

2837 1266 160 16 *S9999mmsmsois
3016 1265 117 17 censures
3153 1265 150 17 *HC4*mmstmtm

2839 1299 34 19 LE
2886 1298 54 20 FEU
2954 1299 17 18 A
2986 1297 197 21 SCHAERBEEK.
3193 1307 25 5 —
3230 1298 105 20 Pendant

2817 1323 109 20 l'absence
2940 1323 28 20 de
2982 1323 31 20 M.
3025 1323 100 21 Martier,
3139 1322 110 24 tapissier,
3263 1322 60 21 domi-

2816 1348 50 20 cilié
2881 1348 32 23 86,
2931 1352 40 16 rue
2990 1347 97 23 Rubens,
3105 1347 16 20 à
3139 1347 146 23 Schaerbeek,
3305 1352 30 15 un

2815 1373 104 20 incendie
2933 1377 13 15 a
2961 1372 72 21 éclaté
3045 1372 120 21 dimanche
3180 1372 58 20 dans
3252 1372 22 20 la
3288 1372 34 20 soi-

2816 1398 43 20 rée,
2870 1398 58 19 dans
2940 1402 25 15 sa
2978 1398 111 19 demeure.

2841 1422 30 21 Le
2888 1422 90 20 moteur
2994 1422 54 20 d'un
3065 1422 61 21 auto,
3143 1422 80 20 remisé
3238 1422 58 20 dans
3312 1421 23 20 la

2817 1446 168 23 porte-cochère
3001 1446 28 20 ds
3047 1450 42 16 son
3106 1446 135 23 habitation,
3258 1450 15 16 a
3291 1447 45 23 pris

2817 1471 44 20 feu.
2875 1471 43 20 Les
2945 1471 104 21 flammes
3076 1471 145 20 s'étendirent
3246 1471 77 23 rapide-

2816 1496 64 20 ment
2897 1495 15 20 à
2930 1495 22 20 la
2970 1495 132 21 carrosserie
3121 1495 30 21 du
3169 1494 107 21 véhicule.
3291 1495 45 20 Par

2818 1520 58 20 suite
2897 1520 53 20 d'un
2972 1521 95 20 courant
3087 1520 63 23 d'air,
3170 1521 168 23 suppose-t-on.

2818 1545 32 20 les
2864 1544 105 20 flammes
2982 1550 24 16 se
3019 1546 54 19 sont
3087 1545 180 23 communiquées
3279 1545 15 19 à
3306 1549 32 15 un

2818 1570 31 20 lot
2862 1570 28 19 de
2904 1570 175 21 marchandises,
3092 1569 143 24 entreposées
3245 1569 58 20 dans
3317 1569 20 20 le

2818 1594 105 20 corridor.
2935 1594 93 20 Bientôt
3041 1594 39 20 des
3095 1594 128 23 tapisseries
3237 1595 23 19 et
3274 1594 51 20 d'au-

2820 1620 45 20 tres
2879 1619 170 20 marchandises
3064 1619 141 20 flambaient.
3220 1619 42 19 Les
3274 1623 52 20 pom-

2819 1643 58 24 piers
2894 1647 151 16 communaux
3066 1643 148 21 accoururent
3234 1647 53 16 avec
3307 1648 31 15 un

2820 1668 103 24 puissant
2944 1668 103 20 matériel
3069 1672 39 16 sur
3127 1667 32 21 les
3181 1668 66 20 lieux.
3269 1667 70 25 Après

2819 1693 38 20 3/4
2869 1692 90 21 d'heure
2973 1692 109 23 d'efforts,
3095 1692 32 21 les
3139 1692 105 20 flammes
3255 1694 42 19 ont
3309 1697 29 20 pu

2819 1717 48 21 être
2884 1717 116 20 étouffées.
3021 1718 36 19 On
3078 1718 78 20 estime
3176 1718 33 21 les
3227 1717 78 24 dégAts
3324 1717 15 20 à

2820 1742 49 24 plus
2884 1742 27 20 de
2925 1743 81 19 100.000
3021 1743 83 19 francs.
3118 1752 26 5 —
3156 1742 27 20 D.

3372 347 161 21 CORSAIRES
3551 347 40 20 DU
3608 347 169 21 COMMERCE.
3793 358 26 5 —
3834 347 32 20 Le

3348 373 131 19 cordonnier
3495 372 75 20 André
3586 372 93 23 Borghs.
3694 373 25 18 22
3732 377 49 17 ans,
3796 373 55 22 origi-

3350 398 61 19 naire
3432 397 96 22 d'Uccle,
3549 398 24 18 et
3596 396 21 20 le
3641 396 109 23 jardinier
3773 396 91 25 Eugène

3348 421 83 23 Hoslet,
3446 421 26 20 62
3486 426 48 17 an--,
3549 421 27 21 de
3591 421 175 21 Grez-Doiceau.
3780 426 24 16 se
3820 421 33 20 fai-

3346 446 75 20 saient
3435 450 76 19 pa&ser
3526 450 55 19 pour
3595 445 131 24 négociants
3739 450 28 15 en
3778 447 50 19 vins
3842 446 24 19 et

3347 475 29 15 en
3391 470 158 24 champaKnes.
3565 470 30 20 Ils
3611 470 70 20 firent
3696 470 171 23 d'importantes

3349 495 142 19 commandes
3507 494 55 20 chez
3575 494 40 21 des
3641 495 116 22 grossistes
3785 494 28 20 de
3844 494 21 20 ln

3349 519 62 23 place
3431 522 25 18 ct
3475 519 118 20 vendirent
3613 519 32 20 les
3667 519 49 20 vins
3737 518 71 22 livrés,
3825 523 41 16 en-

3348 544 91 20 dessous
3451 544 27 20 de
3492 545 47 19 leur
3551 544 83 21 valeur,
3646 548 39 15 car
3692 544 26 19 ils
3725 548 29 15 ne
3761 543 108 24 payaient

3349 572 39 20 pas
3402 569 58 20 leurs
3474 568 155 20 fournisseurs.

3375 593 30 20 Ce
3422 594 56 19 beau
3497 597 124 16 commerce
3637 598 28 16 ne
3684 593 92 23 pouvait
3795 592 75 23 durer,

3349 617 85 24 plainte
3446 617 36 21 fut
3493 616 100 24 déposée.
3605 617 86 23 Borghs
3703 618 24 19 et
3738 616 78 21 Hoslet
3827 619 43 18 ont

3349 645 106 20 comparu
3469 642 84 20 devant
3565 642 22 19 la
3603 642 35 20 lDe
3654 642 112 20 Chambre
3781 645 74 16 correc-

3350 666 106 20 tionnelle
3469 667 27 20 de
3509 667 120 21 Bruxelles,
3642 668 37 22 qui
3692 667 32 20 les
3736 671 14 15 a
3760 666 96 20 condam-

3350 691 46 22 nés,
3411 691 20 20 le
3443 691 96 22 premier
3553 691 14 20 à
3581 691 58 20 deux
3653 695 42 16 ans
3708 692 28 19 de
3750 691 82 24 prison,
3846 691 24 20 et

3350 716 20 21 le
3385 716 83 20 second
3483 715 15 20 à
3513 716 34 19 six
3560 715 63 21 mois.
3638 725 25 5 —
3675 715 34 21 W.

3376 752 102 21 TOMBE
3490 752 75 20 DANS
3580 753 34 19 LE
3628 752 100 19 CANAL.
3739 761 27 6 —
3778 751 36 21 Un
3827 756 28 16 ou-

3351 777 64 20 vrier.
3429 776 96 21 Adelson
3540 776 76 21 Paraf.
3628 775 41 24 âgé
3683 776 28 19 de
3727 776 24 19 17
3765 780 48 17 ans.
3827 776 30 20 do-

3351 801 82 20 micilié
3463 801 14 20 à
3504 801 143 22 Quaregnon.
3662 799 82 21 roulait
3757 800 14 20 à
3787 800 49 21 vélo
3847 800 22 20 le

3352 825 53 24 long
3414 826 30 19 du
3456 825 66 20 canal
3535 829 56 20 pour
3602 825 89 19 rentrer
3702 824 54 20 chez
3766 825 38 19 lui.
3816 824 56 20 Près

3351 850 28 21 de
3394 850 87 20 l'écluse
3495 850 28 21 de
3540 849 128 24 Jemappes.
3682 849 16 19 il
3714 848 83 24 dérapa
3811 849 59 19 dan»

3351 873 23 20 la
3385 873 56 21 boue
3453 875 23 19 et
3488 874 37 21 fut
3536 872 86 26 projeté
3633 873 58 20 dans
3702 872 20 21 le
3734 872 73 21 canal.
3819 873 51 20 Une

3353 898 140 20 demi-heure
3507 897 66 25 après
3584 902 25 16 sa
3621 897 75 21 chute,
3708 901 30 16 on
3750 897 42 23 put
3805 896 53 25 repé-

3352 922 54 19 cher
3427 922 20 20 le
3472 923 146 20 malheureux
3643 922 69 23 jeune
3738 922 90 20 homme
3854 924 16 18 a

3353 945 63 21 l'état
3428 947 28 20 de
3467 947 102 20 cadavre.

3377 981 56 17 PLl'S
3452 983 44 15 ot'K
3515 983 90 17 JAMAIS,
3620 984 18 18 je
3654 984 39 16 suis
3711 983 86 19 partisan
3814 983 23 17 de
3853 982 19 17 le

3354 1001 84 17 chicorée
3450 1003 108 18 Trapolstcs
3571 1003 82 16 Vlncart.
3814 1002 59 19 <DT9»

3377 1032 62 17 POL'R
3454 1033 74 17 VOTRE
3543 1034 72 16 SANTE
3628 1037 61 17 exigez
3703 1035 77 19 partout
3792 1035 19 16 la
3823 1034 40 16 célè-

3358 1053 31 16 bre
3402 1053 96 16 Hoise-All
3513 1054 31 16 des
3560 1055 104 16 Brasserie*
3677 1059 9 10 «
3703 1054 87 19 Impérial
3806 1058 9 10 •
3836 1054 26 15 Au-

3356 1074 47 14 cune
3416 1072 50 16 blére
3481 1074 48 15 n'est
3543 1074 49 15 aussi
3604 1074 95 19 dlgcstlve.
3806 1072 68 17 «D3465

2876 1809 7 7 '
2910 1808 58 16 VOUS
2988 1808 55 17 ETES
3063 1809 27 15 LE
3110 1808 115 16 BIENVENU
3244 1808 13 16 A

2964 1840 237 48 PARIS

2939 1931 281 49 HOTEL

2868 1995 427 73 MODERNE

2950 2087 54 16 Place
3024 2087 23 16 de
3065 2087 19 16 la
3105 2087 111 19 République

3024 2112 39 17 Tél.
3077 2112 43 17 Adr.
3135 2117 6 13 :

3002 2138 99 17 Otelderne
3111 2138 54 17 Paris

2887 2164 101 16 Chambres
3005 2164 65 19 depuis
3085 2165 22 15 85
3121 2164 65 16 francs
3200 2165 19 15 et
3236 2164 41 19 plus

2929 2206 31 16 600
2972 2206 98 17 chambres

2929 2226 31 15 300
2973 2225 55 17 salles
3041 2226 23 16 de
3080 2225 44 17 bain

2928 2248 109 16 CONPORT
3054 2248 114 16 MODERNE

2928 2271 115 16 Restaurant
3061 2278 9 5 -
3086 2270 96 17 Brasserie

2928 2289 89 20 Dactylos
3034 2290 61 16 toutes
3110 2290 77 19 langues

2928 2310 86 15 Bureaux
3030 2311 20 15 et
3069 2309 64 17 salons
3150 2309 62 19 privés

2543 4887 10 15 4
2565 4887 82 15 Arablan
2665 4885 49 17 Bsrb
2733 4895 18 5 ...
2763 4883 20 16 64

2544 4906 9 15 4
2564 4905 103 17 Oleb&man
2760 4902 29 17 62|

2543 4925 9 16 3
2564 4924 62 17 Sadda
2640 4924 48 17 Jako
2762 4921 21 16 5»

2543 4945 13 16 y
2565 4945 62 16 Luttle
2650 4943 92 18 Toujours
2753 4941 24 15 5*

2544 4964 9 15 5
2564 4963 72 17 Record
2760 4959 25 24 M,

2543 4983 10 15 5
2564 4981 88 17 PécadUlI
2757 4977 30 18 M

2542 5002 10 15 7
2563 5002 34 16 Roi
2610 5002 23 16 de
2645 4999 62 18 Trèfle

2543 5021 9 15 fl
2564 5021 90 15 Hermove

2541 5040 10 16 5
2563 5039 47 17 Rêve
2626 5039 45 18 d'Or

2541 5059 9 15 4
2562 5059 62 16 Petl«

2540 5078 9 15 4
2561 5077 109 18 Armstrong
2689 5087 17 4 ...

2541 5097 9 16 3
2561 5098 47 15 Java
2623 5097 39 16 Ba**

2279 4886 60 15 O.Ton
2355 4886 108 18 Brugmann
2489 4897 18 5 ...

2278 4905 61 15 B.-ron
2355 4905 108 20 Brugmann
2489 4916 18 5 ...

2276 4924 17 16 J.
2307 4925 41 15 Van
2363 4924 58 17 Stalle

2277 4944 22 15 Lt
2316 4944 21 15 B.
2355 4943 17 16 J.
2389 4944 82 15 Momma,
2489 4955 17 4 ...

2276 4962 39 16 Mrs
2333 4962 22 18 H.
2373 4962 54 16 Rudd

2276 4981 16 18 J.
2306 4982 40 15 Van
2360 4981 60 17 Stalte

2276 5000 17 17 J.
2308 5001 78 18 Moyson

2277 5021 19 16 A.
2314 5020 27 16 Ue
2356 5019 71 18 Winter

2276 5039 39 16 Mrs
2328 5040 19 15 A.
2362 5039 21 15 D.
2397 5039 109 16 Pemberton

2276 5059 20 17 A.
2313 5059 20 16 E.
2350 5058 76 17 l'Ansan

2276 5077 61 16 Baron
2353 5077 108 19 Brugmann

2275 5097 22 17 O.
2313 5097 116 17 Parmentier

2277 5120 55 16 IT.IX
2347 5120 42 16 DES
2405 5120 152 17 AMETHYSTES
2576 5120 55 18 16.000
2647 5119 21 17 tr,

2439 5144 187 18 (Welter-handlcap)

2276 5169 61 16 Barrin
2353 5170 107 18 Brugmann
2540 5170 10 15 6
2561 5169 110 17 Conscience

2276 5189 19 15 C.
2311 5189 40 16 Vnn
2367 5189 61 16 t'Hoff
2541 5189 9 16 4
2562 5188 95 17 Florentin

2275 5207 62 17 Baron
2353 5207 76 17 Lunden

2276 5227 38 15 Mrs
2328 5227 19 15 P.
2360 5227 48 18 Lévy

2275 5245 18 16 P.
2310 5245 85 17 Mathieu

2275 5264 18 16 P.
2309 5265 85 16 Mathieu

2275 5284 14 15 F
2307 5284 25 15 du
2343 5284 39 18 Roy
2394 5283 23 17 de
2429 5283 76 20 BllcQuy

2275 5302 32 16 Ed.
2328 5302 51 19 Odry

2275 5322 62 15 Boron
2353 5322 107 18 Brugmann

2275 5340 22 17 Lt
2310 5341 48 15 J-B.
2371 5341 81 16 Moroma

2275 5360 11 15 J
2309 5359 41 16 Van
2367 5359 60 18 Stalle

2275 5378 38 19 Eug
2334 5378 73 19 Mignot

2759 5015 19 18 N

2759 5034 21 17 56

2759 5054 21 16 56

2759 5072 21 16 66

2758 5092 21 16 61

2692 5117 47 19 2,300
2755 5116 31 16 m)

2540 5208 9 15 6
2561 5208 72 18 Angora

2541 5227 19 16 10
2571 5227 46 16 Brin
2634 5225 26 17 d'i
2670 5224 41 17 erbe
2728 5235 4 4 -

2541 5247 10 14 7
2562 5243 103 21 Asphodel'

2541 5265 9 15 5
2562 5264 75 16 Wardln

2539 5285 10 14 5
2560 5283 85 17 Lucullua

2541 5304 8 15 3
2560 5303 102 16 Ttntonnet

2539 5324 9 14 4
2560 5322 103 16 Glebaman

2540 5342 10 15 3
2560 5342 55 16 Lutte
2633 5339 91 19 Toujours

2539 5361 10 15 6
2559 5360 89 19 Perquem

2539 5380 10 14 7
2560 5379 95 17 Mcr**UiM

2757 5318 30 17 531

2846 2376 167 21 RENVERSÉE
3043 2377 58 19 PAR
3131 2375 42 20 UN
3203 2374 125 21 MOTOCY-

2820 2402 107 20 CLISTE.
2944 2411 27 5 —
2987 2401 126 20 Dimanche
3129 2400 52 22 Botr,
3197 2399 24 21 la
3236 2399 103 20 nommée

2820 2427 106 20 Julienne
2938 2426 79 24 Drops,
3030 2425 109 21 habitant
3149 2429 41 16 rue
3203 2425 28 19 de
3244 2423 84 24 l'Acéty-

2820 2451 56 23 lène,
2892 2450 16 20 à
2933 2450 143 23 Anderlecht,
3105 2454 30 16 en
3163 2450 130 20 traversant
3318 2448 21 20 la

2820 2475 107 21 chaussée
2938 2476 27 20 de
2977 2475 84 22 Forest,
3072 2474 15 21 k
3098 2474 119 25 proximité
3228 2474 28 20 de
3267 2474 23 19 la
3300 2478 39 16 rue

2822 2501 67 23 Egide
2907 2500 158 22 Walschaorts,
3083 2504 15 15 a
3115 2499 36 20 été
3168 2498 116 21 renversée
3300 2503 40 19 par

2820 2525 21 20 le
2857 2524 152 24 motocycliste
3026 2524 101 20 Armand
3144 2524 75 24 Storp,
3234 2523 106 20 habitant

2820 2554 41 17 rue
2872 2553 45 17 aux
2928 2550 86 19 Laines.
3027 2549 48 20 Elle
3086 2554 14 16 a
3112 2548 37 21 été
3160 2548 85 20 relevée
3257 2548 83 20 blessée

2821 2575 14 19 à
2846 2575 23 20 la
2879 2574 47 21 tète
2938 2575 24 19 et
2970 2578 45 16 aux
3026 2574 94 23 jambes.
3130 2574 45 21 Des
3186 2573 62 20 soins
3257 2573 32 20 lui
3300 2574 40 19 ont

2821 2600 36 20 été
2867 2599 86 21 donnés
2965 2603 42 20 par
3018 2604 31 15 un
3060 2597 109 22 médecin.
3180 2598 32 20 La
3223 2597 71 25 police
3305 2598 24 20 in-

2822 2624 79 20 forme.
2911 2633 28 6 —
2947 2624 28 21 D.

2846 2662 35 20 LE
2895 2661 97 20 TEMPS
3007 2661 78 20 C'EST
3100 2660 38 20 DE
3153 2659 149 21 L'ARGENT.
3316 2670 26 5 —

2820 2687 35 20 En
2867 2686 127 24 dépensant
3006 2691 9 12 *
3027 2690 33 17 un
3071 2690 43 20 peu
3126 2686 28 20 de
3166 2685 74 24 temps
3253 2693 9 8 -
3274 2684 15 20 à
3300 2684 41 20 lire

2821 2712 33 21 les
2872 2711 85 20 Petites
2974 2712 120 19 Annonces
3111 2710 28 20 de
3158 2717 9 9 »
3185 2710 32 19 La
3234 2708 107 21 Dernière

2821 2736 75 21 Heure
2915 2743 10 10 »
2945 2740 55 16 vous
3018 2735 95 20 éviterez
3131 2735 28 21 de
3177 2734 80 25 perdre
3272 2734 58 20 beau-

2820 2765 58 20 coup
2893 2760 29 21 de
2938 2760 74 24 temps
3028 2765 29 16 en
3071 2759 131 21 démarches
3218 2759 97 20 inutiles.

3261 2783 80 21 (D4497

2846 2816 58 21 VOL
2922 2815 69 21 D'UN
3009 2814 235 22 PORTE-B1XLETS.
3262 2823 27 6 —
3305 2814 34 19 En

2821 2840 144 23 descendant,
2991 2840 121 21 dimanche
3138 2840 52 22 soir,
3216 2839 31 20 du
3274 2839 67 22 tram,

2822 2866 63 23 place
2901 2866 28 20 de
2942 2865 23 20 la
2978 2865 77 22 Reine,
3070 2865 24 19 la
3108 2864 106 20 nommée.
3228 2863 113 20 Victorlne

2820 2890 92 20 Elsocht
2934 2890 135 20 demeurant
3083 2893 42 16 rua
3139 2889 155 20 Notre-Dame
3310 2888 30 20 du

2822 2915 113 22 Sommeil,
2948 2919 15 15 a
2973 2914 37 21 été
3023 2914 89 20 victime
3125 2914 66 19 d'une
3203 2913 90 20 voleuse
3304 2913 38 23 qui

2822 2940 32 20 lui
2868 2945 15 15 a
2895 2939 81 21 dérobé
2991 2944 41 16 son
3047 2938 157 25 porte-billets,
3218 2938 124 20 contenant

2823 2965 38 20 D50
2872 2965 78 25 frçncs
2960 2966 23 19 et
2993 2964 39 20 des
3045 2964 89 23 papiers
3144 2962 124 21 d'affaires.
3278 2971 27 6 —
3315 2962 22 20 D

2849 3002 58 20 VOL
2922 3002 19 19 A
2955 2999 279 21 BRAINE-LE-COMTE.
3249 3008 27 6 —
3287 2998 45 20 Nui-

2823 3027 113 20 tamment
2953 3026 40 20 des
3010 3025 88 20 voleurs
3112 3029 24 16 se
3152 3024 54 20 sont
3223 3023 120 20 introduits

2822 3052 54 20 chez
2887 3052 32 19 M.
2932 3051 119 23 Duqucsne
3069 3054 5 15 :
3089 3049 28 20 ils
3130 3050 42 19 ont
3184 3048 62 21 forcé
3260 3048 20 20 le
3293 3048 37 20 cof-

2826 3076 100 22 fre-fort,
2950 3074 77 22 enlevé
3051 3074 28 21 de
3099 3074 96 24 l'argent
3219 3073 59 20 ainsi
3301 3077 42 19 que

2822 3102 74 20 divers
2916 3100 74 24 pièces
3010 3100 28 20 de
3058 3100 74 20 tissus.
3149 3099 37 20 On
3207 3099 35 20 est
3261 3101 40 17 sur
3319 3097 23 20 la

2823 3126 62 20 trace
2900 3125 39 21 des
2954 3124 125 23 coupables.

2845 3169 106 17 MADAME,
2967 3172 99 13 avert-vous
3082 3167 43 19 déjà
3142 3170 24 13 vu
3181 3166 27 17 les
3221 3165 82 19 étalagrs
3316 3165 22 16 de

2824 3189 18 17 ln
2860 3189 90 16 MAtEON
2968 3187 146 17 CORTHOUTS:
3134 3190 24 13 on
3176 3190 23 12 en
3216 3186 51 18 parle
3282 3185 56 15 beau-

2825 3212 52 15 ccup.
2898 3209 49 15 leurs
2970 3208 53 16 robes
3044 3208 19 15 et
3083 3207 100 16 manteaux
3203 3205 71 16 d'hiver
3296 3205 42 14 sont

2825 3229 69 15 Inédits
2913 3236 20 5 —
2954 3227 15 17 1.
2989 3230 33 13 rue
3038 3226 24 17 du
3080 3225 82 18 Marche.
3182 3224 8 16 1
3211 3232 19 5 —
3251 3223 35 16 1»5.
3306 3226 31 12 rne

2825 3249 67 17 Haute.
2911 3247 36 16 1«5.
3282 3242 34 16 |D1
3317 3246 9 10 *'
3328 3242 10 14 7

2849 3274 31 19 IL
2904 3273 33 19 SE
2959 3271 57 20 TUE
3038 3270 37 22 EN
3100 3267 174 23 NETTOYANT
3297 3266 40 19 UN

2824 3297 159 20 REVOLVER.
3006 3305 26 5 —
3055 3295 30 20 Le
3109 3292 119 21 chauffeur
3250 3289 85 21 Albénc

2824 3321 107 21 Dendael.
2948 3319 41 24 âgé
3006 3319 27 20 de
3049 3319 24 19 32
3088 3322 47 17 ans.
3149 3315 77 22 marié,
3241 3314 52 24 père
3308 3313 27 19 de

2824 3347 58 19 deux
2894 3345 69 25 petits
2974 3343 93 21 enfants
3080 3343 23 19 et
3115 3339 108 22 domicilié
3237 3339 13 19 à
3264 3339 59 18 Tour-

2824 3370 44 21 nai,
2885 3368 118 23 nettoyait,
3017 3366 118 21 dimanche
3152 3363 138 24 après-midi,
3304 3366 31 16 un

2823 3394 99 20 revolver
2946 3392 52 24 qu'il
3022 3390 84 21 n'avait
3117 3394 40 18 pas
3169 3386 116 24 déchargé.
3298 3386 37 19 Un

2823 3423 56 19 coup
2890 3416 76 25 partit,
2977 3417 23 19 et
3010 3416 22 19 la
3043 3414 58 20 balle
3111 3412 120 23 l'atteignit
3240 3416 29 15 au
3280 3415 43 15 ven-

2823 3443 40 21 tre,
2876 3442 21 20 le
2912 3441 67 20 tuant
2993 3440 46 20 net.

2845 3477 62 16 rOVB
2926 3476 59 16 ETBE
3003 3476 12 15 à
3032 3476 18 16 la
3071 3474 84 16 dernière
3172 3473 59 17 mode.
3251 3472 13 16 11
3281 3472 58 16 suffit

2823 3497 95 16 d'acheter
2931 3499 30 12 ses
2975 3495 103 16 vêtements
3091 3494 11 15 à
3115 3494 19 16 la
3150 3493 75 16 Grande
3241 3492 96 18 Fabrique.

2822 3516 26 18 36.
2864 3519 32 13 rue
2911 3515 23 16 de
2949 3514 19 17 la
2983 3513 135 20 Vierge-Noire.
3271 3511 67 17 (D3405

2845 3547 59 21 UNE
2926 3545 176 22 CARTOUCHE
3126 3544 131 20 EXPLOSE
3268 3544 56 19 PRE-

2820 3571 210 21 MATUREMENT.
3045 3579 26 5 —
3086 3569 60 21 Hier,
3160 3569 33 19 les
3206 3568 86 20 soldats
3307 3567 29 20 du

2820 3596 64 24 génie
2896 3594 86 24 étaient
2994 3593 93 25 occupés
3101 3593 14 20 à
3130 3592 93 21 démolir
3238 3593 23 19 la
3274 3593 63 23 porte

2820 3619 151 22 d'Herentkal,
2985 3618 88 20 faisant
3087 3618 73 23 partie
3176 3617 28 21 de
3219 3617 118 20 l'enceinte

2821 3644 98 21 fortifiée
2930 3643 38 24 qui
2981 3643 35 20 est
3027 3641 145 22 condamnée.
3184 3641 50 21 Une
3248 3641 77 20 cartou-

2820 3669 41 20 che
2874 3668 28 21 de
2913 3667 115 24 dynamite
3041 3672 14 15 a
3068 3667 44 20 fait
3123 3666 115 24 explosion
3248 3665 77 24 préma-

2821 3693 120 21 turément,
2962 3692 42 20 elle
3027 3691 30 21 fit
3079 3691 88 21 tomber
3190 3695 45 15 une
3253 3690 84 23 grande

2821 3717 103 25 quantité
2934 3717 27 20 de
2972 3716 90 25 pierres.
3074 3716 29 20 Le
3116 3715 128 20 lieutenant
3256 3715 83 19 Renier

2821 3744 23 19 et
2852 3747 32 15 un
2892 3741 154 21 sous-offlclér
3057 3741 41 20 ont
3107 3739 36 22 été
3153 3739 89 21 blessés.
3253 3740 73 20 Trans-

2821 3767 64 24 porté
2898 3766 15 20 à
2926 3765 109 25 l'hôpital,
3060 3766 22 20 le
3104 3765 128 20 lieutenant
3245 3768 15 20 y
3274 3769 15 15 a
3303 3764 36 20 été

2821 3791 74 24 gardé.

2842 3829 64 18 Exiges
2922 3828 17 16 le
2955 3828 57 16 Ssere
3029 3827 75 15 Raffiné
3121 3827 23 16 da
3157 3826 109 16 Tirlemont.
3285 3826 51 16 IRSlt

2847 3861 51 20 LES
2922 3860 111 20 FRERES
3055 3859 94 23 ZICOT,
3173 3859 39 20 EN
3236 3859 91 20 CASSA-

2822 3885 78 20 TION.
2915 3894 27 5 —
2957 3885 38 19 On
3009 3884 93 20 connait
3114 3884 21 20 le
3153 3883 68 20 crime
3238 3883 39 20 des
3292 3882 35 20 frè-

2821 3914 36 16 res
2871 3909 71 20 Henri
2956 3909 23 20 et
2993 3909 107 23 François
3112 3908 69 22 Zlcot,
3193 3908 28 20 de
3235 3907 104 20 Velaine-

2822 3933 151 21 sur-Sambre.
2986 3933 38 24 qui
3039 3932 164 22 assassinèrent
3218 3932 48 20 leur
3281 3932 59 24 père,

2822 3963 30 16 en
2866 3958 54 21 août
2936 3958 56 20 1929.
3009 3958 33 20 La
3058 3961 53 17 cour
3127 3957 102 20 d'assises
3247 3956 28 21 de
3293 3956 46 20 Na-

2822 3984 50 20 mut
2883 3983 33 20 les
2929 3983 128 19 condamna
3074 3986 6 16 :
3096 3982 113 23 François,
3224 3981 14 20 à
3253 3981 25 20 20
3292 3985 48 17 ans.

2823 4009 23 19 et
2857 4007 77 22 Henri,
2944 4006 15 21 à
2972 4007 24 20 10
3009 4011 42 16 ans
3061 4006 28 21 de
3101 4007 96 19 travaux
3209 4004 78 22 forcés.
3298 4005 42 20 Les

2823 4032 71 20 frères
2905 4031 100 22 Zlcot.se
3019 4031 53 21 sont
3085 4035 97 20 pourvus
3210 4034 28 16 en
3263 4034 63 16 cassa-

2823 4057 55 20 tion.

2822 4093 80 18 DENTS,
2915 4094 19 15 E.
2939 4093 133 18 Warmoot.SO.
3079 4096 29 13 av.
3115 4092 127 17 ClemenceaD.
3254 4091 40 16 Br—
3294 4090 44 16 Midi

3273 4109 65 17 ID237*.

2848 4139 52 21 LES
2921 4138 228 21 CAMBRIOLEURS
3171 4137 38 22 DE
3231 4135 105 21 VILLAS.

2823 4173 25 5 —
2860 4163 42 20 Les
2916 4162 159 21 cambrioleurs
3088 4162 27 21 de
3128 4161 64 20 villas
3207 4160 29 20 du
3252 4159 83 20 Namu-

2824 4188 45 20 rols
2889 4187 179 24 comparaîtront
3090 4186 83 20 devant
3196 4184 20 20 le
3237 4182 97 21 tribunal

2823 4212 161 22 correctionnel
2995 4211 29 20 de
3032 4212 91 20 Namur,
3135 4209 19 20 le
3165 4209 25 20 30
3199 4207 94 21 octobre.
3303 4206 30 19 La

2823 4236 74 21 bande
2910 4241 24 15 se
2945 4240 102 20 compose
3072 4235 39 20 des
3138 4233 54 20 trois
3217 4231 92 20 détenus
3326 4234 5 14 :

2823 4261 71 20 Oscar
2910 4260 92 22 Martin,
3017 4259 80 20 Ernest
3111 4258 80 20 Hallet.
3207 4256 23 19 et
3246 4253 87 21 Nicolas

2822 4285 124 21 Thlrionet.
2956 4287 25 19 et
2994 4284 28 21 de
3036 4283 79 20 Féllcle
3129 4279 112 23 Doumont
3253 4279 23 19 et
3288 4278 43 19 Lu-

2823 4310 49 20 clne
2885 4309 64 22 Pilet,
2960 4309 36 23 qui
3009 4308 52 20 sont
3071 4306 107 25 prévenus
3191 4304 28 20 de
3232 4302 62 20 recel.

2850 4353 9 13 a
2873 4344 162 22 SOUVENIRS
3048 4351 10 9 -
3073 4343 37 20 DE
3123 4339 122 22 GUERRE.
3257 4347 26 5 —
3295 4338 36 19 On

2823 4371 62 20 vient
2905 4370 28 19 de
2956 4367 119 22 découvrir,
3085 4366 56 20 dans
3153 4364 20 20 le
3185 4363 57 24 petit
3253 4366 78 19 square

2823 4394 121 25 précédant
2970 4394 20 19 le
3015 4390 128 23 Musée*des
3156 4387 147 21 Beaux-Arts,
3317 4391 14 15 a

2822 4420 71 19 Mons.
2906 4418 57 20 deux
2977 4415 106 25 grenades
3097 4412 66 22 Mills,
3176 4411 65 24 qu'on
3253 4415 14 15 a
3282 4411 49 19 tout

2822 4444 44 19 lieu
2879 4443 28 21 de
2920 4441 70 20 croire
3000 4440 46 20 être
3059 4441 78 18 encore
3162 4434 111 24 chargées.
3299 4435 31 19 La

2822 4470 108 21 personne
2944 4465 37 24 qui
2997 4468 14 15 a
3027 4461 80 25 déposé
3120 4465 36 15 ces
3173 4459 100 21 terribles
3290 4463 28 16 en-

2821 4492 49 23 gins
2884 4491 14 19 k
2910 4490 35 19 cet
2958 4487 88 21 endroit
3058 4484 73 22 aurait
3144 4489 29 19 pu
3188 4484 143 19 occasionner

2821 4520 31 15 un
2866 4511 160 26 épouvantable
3038 4509 107 21 accident.

2845 4548 134 23 ETRANGE
3001 4544 195 23 DISPARITION.
3219 4554 26 5 —
3268 4545 50 19 Mer-

2821 4575 58 20 credi
2895 4573 93 20 dernier,
3004 4574 32 16 un
3052 4569 159 24 entrepreneur
3225 4568 27 21 de
3269 4569 48 20 Bau-

2820 4600 61 19 dour.
2894 4598 31 19 M.
2939 4595 82 24 Joseph
3034 4595 100 20 Daneau,
3146 4593 42 23 âgé
3202 4593 27 20 de
3243 4593 24 20 45
3282 4597 48 19 ans,

2819 4622 75 21 venait
2905 4621 14 20 à
2930 4621 72 19 Mons.
3013 4622 30 17 en
3053 4617 80 22 l'étude
3159 4617 53 20 d'un
3235 4617 94 22 notaire,

2819 4646 91 21 toucher
2924 4648 43 16 une
2981 4647 84 16 somme
3078 4641 27 21 de
3119 4642 57 22 5,000
3189 4641 82 21 francs.
3284 4642 45 20 Peu

2819 4670 69 24 après,
2901 4673 29 16 on
2942 4668 20 24 Ifi
2973 4667 33 21 vit
3018 4667 57 20 dans
3088 4670 30 16 un
3132 4665 50 21 café
3204 4666 28 20 de
3257 4667 72 20 Mons,

2817 4693 84 22 attablé
2914 4696 52 16 avec
2981 4690 108 24 plusieurs
3105 4694 126 20 personnes.
3245 4690 83 25 Depuis

2817 4723 25 15 ce
2854 4716 105 21 moment,
2973 4719 29 16 on
3016 4715 54 24 perd
3084 4715 61 21 toute
3157 4715 61 20 trace
3232 4714 27 21 de
3273 4715 44 20 l'en-

2817 4744 134 22 trepreneur,
2966 4739 37 24 qui
3019 4740 37 19 n'a
3068 4739 51 24 plus
3134 4743 81 20 reparu
3230 4739 54 20 chez
3297 4740 31 20 lui

2816 4766 24 20 et
2855 4765 37 20 n'a
2904 4763 50 25 plus
2968 4764 74 20 donné
3059 4764 62 23 signe
3136 4763 28 20 de
3177 4764 41 19 vie.
3233 4764 31 20 M.
3281 4765 35 19 Da-

2816 4794 58 16 neau
2890 4788 55 21 était
2962 4787 46 21 très
3021 4788 73 22 sobre;
3111 4792 26 16 sa
3153 4787 85 22 famille
3252 4793 23 15 se
3292 4793 24 15 re-

2815 4814 49 20 fuse
2877 4812 14 21 à
2904 4812 111 22 admettre
3027 4811 138 26 l'hypothèse
3175 4812 66 21 d'une
3254 4812 75 25 fugue.

2841 4850 35 19 LA
2891 4849 148 20 FATALITE.
3050 4860 26 4 —
3091 4850 37 20 Un
3142 4850 88 20 ouvrier
3245 4851 73 20 terras-

2814 4875 51 20 sier.
2899 4873 107 23 François
3037 4874 89 22 Bcelen,
3142 4874 41 24 âgé
3200 4875 27 20 de
3242 4875 25 18 57
3281 4879 48 18 ans.

2816 4897 95 21 rentrait
2925 4897 55 20 chez
2996 4898 38 21 lui.
3051 4898 14 20 à
3083 4898 95 23 Denaln.
3195 4903 26 16 sa
3236 4900 93 23 Journée

2815 4921 113 23 terminée.
2955 4922 19 20 Il
2997 4922 56 21 buta
3067 4923 77 20 contre
3155 4923 23 20 la
3189 4922 95 23 bordure
3298 4924 31 21 du

2814 4945 89 21 trottoir
2917 4946 30 20 et.
2964 4945 45 21 tète
3023 4951 31 16 en
3068 4947 75 21 avant,
3159 4947 77 21 tomba
3250 4948 79 20 contre

2814 4971 20 19 le
2849 4969 54 21 bord
2917 4974 29 16 en
2960 4970 36 20 fer
3010 4971 53 20 d'un
3090 4971 105 24 soupltall
3219 4972 29 21 de
3268 4977 60 16 cave.

2813 4993 80 21 Relevé
2912 4994 20 19 le
2950 4993 68 22 crâne
3036 4995 106 23 fracturé,
3159 4997 25 20 et
3200 4997 128 22 transporté

2813 5018 15 20 à
2844 5017 107 24 l'hôpital,
2970 5018 16 20 il
3002 5019 35 20 est
3054 5021 59 19 mort
3126 5020 58 21 dans
3198 5020 22 20 la
3234 5017 51 24 nuit
3300 5023 28 20 de

2813 5042 105 20 vendredi
2930 5041 14 20 ù
2957 5043 91 20 samedi.

2837 5077 37 20 DE
2897 5077 133 21 KARACHI
3053 5080 38 19 EN
3112 5080 168 21 AUSTRALIE.
3301 5091 27 6 —

2811 5100 150 21 L'Australien
2975 5101 92 22 Oarden
3077 5104 53 20 s'est
3142 5104 77 21 envolé
3231 5105 14 20 â
3255 5105 71 22 l'aube

2811 5125 13 20 k
2846 5125 54 20 bord
2919 5125 66 20 d'une
3006 5127 129 21 avlonnette
3158 5128 14 20 à
3189 5129 136 21 destination

2811 5148 152 21 d'Allahabad.
2989 5150 126 22 L'aviateur
3138 5154 88 22 compte
3237 5157 23 17 se
3273 5158 40 16 ren-

2811 5172 38 21 dre
2873 5177 28 16 en
2923 5173 113 21 Australie
3060 5179 41 20 par
3114 5177 81 23 petites
3206 5177 83 24 étapes.
3300 5187 24 5 —

2811 5197 89 20 Reuter.

2835 5227 41 20 ON
2899 5228 133 23 REPECHE
3055 5230 35 20 LE
3112 5231 135 20 CADAVRE
3257 5232 68 20 D'UN

2810 5251 133 21 DISPARU.
2960 5261 27 5 —
3005 5253 61 21 Nous
3081 5258 70 17 avons
3170 5255 85 23 signalé
3274 5255 39 20 der-

2810 5275 125 20 nièrement
2948 5275 21 20 la
2983 5276 133 25 disparition
3130 5279 28 20 de
3170 5280 62 19 Jules
3243 5279 81 21 André.

2810 5299 25 19 49
2858 5304 48 16 ans.
2932 5300 93 23 gardien
3037 5302 93 22 d'autos,
3143 5303 15 20 à
3171 5304 92 19 Dînant.
3286 5304 38 19 On

2810 5323 62 20 vient
2884 5323 28 20 de
2924 5325 80 20 retirer
3014 5329 41 17 son
3067 5327 95 21 cadavre
3175 5328 39 19 des
3226 5332 58 15 eaux
3296 5328 27 19 de

2809 5347 23 20 la
2853 5348 83 21 Meuse,
2949 5348 15 20 à
2976 5349 87 22 l'écluse
3089 5351 28 20 de
3142 5351 180 20 Tailfer-Lustln.

2809 5371 52 21 Ceci
2875 5372 109 22 confirme
2997 5374 138 25 l'hypothèse
3148 5375 53 21 d'un
3214 5375 108 21 accident.

3411 1275 28 16 On
3452 1278 84 14 annonce
3550 1276 17 16 la
3581 1277 50 15 mort
3642 1276 23 15 de

3454 1302 94 15 Monsieur
3560 1301 83 16 Edmond
3658 1301 118 16 BOUSSABT

3554 1320 122 17 Pharmacien
3722 1328 11 11 a

3412 1347 81 16 Membre
3505 1346 22 17 de
3538 1347 18 15 la
3567 1346 121 16 Commission
3699 1346 124 16 d'aaalatanoa

3532 1366 85 19 pobllque
3638 1366 73 16 d't'ccle

3390 1384 69 17 Décoré
3472 1385 23 16 de
3505 1386 18 15 la
3536 1385 85 16 Médaille
3633 1386 25 15 du
3669 1386 28 15 roi
3709 1386 68 14 Albert,
3790 1385 23 16 da
3824 1384 19 16 ta

3392 1405 54 16 Croix
3457 1405 23 16 de
3492 1405 98 15 Mutualité
3601 1407 19 14 et
3633 1406 22 15 de
3667 1405 19 15 la
3698 1405 86 14 Médaille
3795 1408 50 12 corn-

3432 1424 120 16 mémoratlve
3570 1424 23 16 dn
3613 1424 72 17 Comité
3706 1423 95 18 National,

3392 1449 24 16 né
3432 1450 12 16 à
3458 1450 60 17 Mons.
3533 1449 17 17 le
3563 1450 21 16 29
3597 1449 42 19 Juin
3656 1449 41 15 1663
3713 1449 25 18 ,et
3751 1448 66 17 décédé
3833 1449 11 16 *

3391 1469 60 18 Uccle.
3464 1470 17 15 le
3496 1470 20 15 34
3531 1470 75 15 octobre
3623 1469 45 15 1930.

3413 1489 34 16 Les
3460 1488 109 18 funérailles
3580 1488 69 17 civiles,
3661 1488 69 16 suivies
3743 1488 22 16 da
3776 1487 59 18 l'Inhu-

3391 1508 72 16 mation
3477 1508 48 16 dans
3539 1508 17 16 le
3568 1511 70 12 caveau
3650 1507 23 16 da
3687 1507 77 17 famllie.
3777 1511 24 13 au
3816 1508 28 16 ol-

3392 1526 76 17 metiére
3484 1527 23 16 de
3524 1527 124 16 Safnt-GUlcs
3669 1526 175 19 <Dccle-Ca]avo«t),

3393 1548 33 14 ont
3439 1550 23 12 eu
3475 1546 37 16 lieu
3526 1546 16 16 le
3554 1546 53 16 lundi
3618 1546 21 16 27
3652 1547 84 16 courant.

3415 1565 60 19 Uccle,
3489 1566 27 17 96,
3532 1569 33 13 ruo
3578 1566 110 16 Beecttman.
3812 1566 31 17 (A)

3414 1617 29 16 On
3458 1620 85 13 annonça
3557 1617 18 15 la
3589 1617 49 16 mort
3649 1617 22 16 de

3472 1642 95 17 Monsieur
3580 1643 87 19 François
3679 1642 97 17 BBACKX

3416 1667 95 17 Directeur
3529 1668 98 16 honoraire
3643 1669 23 15 de
3684 1669 19 15 la
3723 1667 101 16 Maternité

3552 1688 23 16 de
3590 1682 95 22 Druxeïles

3394 1715 91 14 survenue
3499 1713 125 18 Inopinément
3640 1713 16 16 le
3671 1713 21 15 25
3707 1712 74 16 octobre
3798 1712 45 17 1330.

3415 1733 23 16 Le
3450 1733 67 15 service
3529 1733 83 17 funèbre,
3621 1733 49 16 suivi
3679 1732 22 15 de
3713 1731 130 17 l'Inhumation

3394 1754 24 13 au
3429 1751 92 17 cimetière
3532 1752 89 17 d'Ixelles.
3632 1755 42 12 sera
3685 1749 70 18 célébré
3766 1751 17 17 la
3794 1754 40 14 mar-

3394 1771 19 16 di
3425 1771 20 16 28
3458 1773 83 16 courant,
3556 1772 11 16 à
3581 1772 19 16 10
3612 1772 74 15 heures.

3415 1790 36 19 108,
3461 1794 32 13 rue
3505 1791 83 17 coff&rt.
3811 1791 30 17 (A)

3414 1842 28 16 On
3460 1846 85 13 annonce
3561 1841 19 17 la
3594 1842 51 15 mort
3660 1841 22 17 da

3449 1868 96 16 Monsieur
3562 1867 84 16 Maurice
3666 1867 118 16 COLIGNON

3392 1894 106 16 Tolontaire
3513 1894 23 15 de
3551 1895 74 16 guerre:
3641 1892 68 16 Décoré
3725 1893 23 15 da
3759 1892 20 16 la
3791 1892 55 17 Croix

3412 1914 23 15 de
3446 1917 66 15 guerre
3522 1912 58 19 belge,
3590 1912 19 15 la
3618 1911 56 16 Croix
3684 1912 23 15 dc
3717 1915 66 15 guerre
3792 1912 43 16 fran-

3412 1933 56 18 çaise,
3480 1933 19 15 la
3513 1931 87 17 Médaille
3613 1931 23 16 de
3650 1931 66 17 l'Tser,
3729 1931 19 16 la
3761 1931 84 15 Médaille

3413 1951 162 17 eommémorative
3585 1952 19 14 et
3614 1951 18 15 la
3644 1950 87 16 Médaille
3742 1950 22 16 da
3775 1951 19 15 la
3804 1951 32 16 Vic-

3413 1972 48 15 toire
3471 1968 103 20 1914-1918*:

3391 1997 24 15 né
3424 1997 11 15 k
3446 1998 77 16 Anvers,
3532 1996 17 16 le
3559 1995 21 17 16
3590 1994 96 17 décembre
3696 1995 47 17 1897.
3752 1996 20 16 at
3781 1996 65 15 décédé

3392 2017 13 14 k
3418 2016 96 18 Niangara
3531 2015 72 19 (Congo
3617 2014 71 19 Belgel,
3703 2014 17 17 le
3733 2015 21 16 16
3766 2016 81 18 aeptem-

3393 2036 71 15 tembre
3477 2034 46 17 1036.

3414 2054 25 16 La
3454 2054 140 16 réinhumation
3609 2057 12 12 a
3636 2057 23 12 eu
3673 2053 37 17 Heu
3723 2054 48 17 dans
3785 2053 17 17 la
3814 2057 23 13 ca-

3393 2076 47 13 veau
3455 2073 23 16 de
3494 2073 77 17 famille,
3590 2077 25 12 au
3633 2073 93 16 cimetière
3745 2073 25 17 du
3787 2073 48 16 Kiel.

3415 2093 77 17 Anvers,
3502 2093 16 17 8.
3528 2096 33 13 rue
3572 2093 22 16 de
3605 2093 134 16 Damhoudere.
3815 2094 30 15 IA)

3416 2143 29 16 On
3459 2146 85 14 annonce
3559 2143 18 17 la
3592 2145 48 15 mort
3654 2144 22 15 de

3453 2169 86 16 Madame
3554 2169 60 16 Veove
3629 2169 61 16 A-bert
3707 2169 72 16 DAVID

3457 2188 35 17 née
3504 2188 171 17 I^onie-Clémcnce
3688 2189 69 16 Robert

3394 2212 78 18 décédée
3490 2214 11 16 à
3519 2214 100 18 Bruxelles,
3635 2215 18 15 ie
3668 2214 21 16 25
3706 2214 75 16 octobre
3800 2214 46 18 1930,

3395 2233 11 16 k
3423 2232 47 20 l*&ge
3487 2234 22 15 de
3525 2233 21 16 50
3560 2236 41 14 ans.

3415 2252 139 17 L'inhumation
3566 2256 12 13 a
3589 2256 23 13 eu
3623 2253 37 16 lieu
3670 2252 17 17 le
3698 2252 52 17 lundi
3763 2253 21 16 27
3796 2254 43 15 octo-

3395 2271 32 17 bre
3443 2272 46 15 1930.

3415 2291 27 18 49,
3455 2295 32 12 rue
3503 2292 22 16 de
3538 2291 19 17 la
3572 2291 142 17 Blanchisserie.
3814 2291 31 19 (A)

3361 2383 18 26 A
3396 2383 35 27 LA
3448 2383 144 28 MEMOIRE
3616 2384 78 27 0'EO.
3714 2383 168 28 THIRI0NET

3387 2451 92 22 Namur,
3502 2451 25 20 26
3548 2451 96 20 octobre.
3664 2461 26 5 —
3714 2451 126 20 Dimanche
3863 2450 16 21 à

3363 2475 25 20 10
3401 2475 24 20 h.
3438 2476 26 19 30
3477 2476 30 20 du
3522 2476 80 21 matin,
3618 2481 14 14 a
3646 2480 29 16 eu
3691 2475 51 23 lieu,
3755 2476 15 20 à
3786 2475 93 21 Jambes

3365 2500 114 22 (Namur),
3505 2500 173 24 l'inauguration
3704 2500 67 20 d'une
3798 2500 80 24 plaque

3362 2524 194 21 eommémorative
3567 2524 77 22 scellée
3656 2524 58 21 dans
3724 2524 22 20 la
3757 2524 81 24 façade
3851 2524 27 21 de

3362 2548 23 20 la
3408 2549 87 20 maison
3517 2549 76 20 natale
3614 2549 28 20 de
3664 2548 115 21 l'écrivain
3791 2549 87 22 wallon,

3361 2573 30 19 M.
3404 2573 102 20 Edouard
3521 2574 124 22 Thirionet,
3659 2575 61 19 mort
3734 2573 144 21 récemment.

3388 2598 33 20 La
3442 2597 85 21 famille
3551 2599 24 20 et
3601 2598 32 20 les
3658 2598 57 20 amis
3741 2598 30 20 du
3798 2597 81 21 défunt

3362 2621 86 21 étaient
3460 2622 107 24 présents,
3580 2622 58 20 ainsi
3651 2627 42 19 que
3714 2622 34 21 les
3771 2621 108 24 autorités

3363 2646 157 21 communales.
3532 2647 37 20 On
3581 2647 140 23 remarquait
3731 2647 148 22 notamment.

3362 2671 30 20 M.
3405 2671 107 23 François
3525 2672 102 22 Bovesse,
3641 2671 91 24 député;
3746 2672 31 19 M.
3789 2672 89 22 Lacroy,

3363 2695 113 23 président
3491 2696 28 20 de
3537 2695 155 21 l'Association
3711 2696 40 20 des
3766 2695 113 21 Ecrivains

3362 2719 99 21 Wallons
3497 2720 170 23 Combattants;
3706 2720 31 20 M.
3768 2720 110 23 Tournav,

3362 2745 99 19 membre
3484 2744 28 21 de
3533 2744 23 20 la
3578 2744 74 21 même
3677 2745 148 22 Association;
3849 2745 28 21 de

3362 2769 123 20 nombreux
3509 2768 112 21 écrivains
3646 2769 99 22 wallons,
3755 2770 56 20 dont
3823 2770 55 20 MM.

3362 2793 97 22 Sacotte,
3485 2793 98 21 Calozet,
3614 2794 121 23 Wartique,
3750 2794 20 20 le
3785 2798 93 20 graveur

3362 2818 116 20 namurois
3488 2818 31 19 M.
3529 2818 77 23 Henry
3617 2818 92 20 Bodart.

3388 2842 121 23 Signalons
3534 2842 28 20 de
3587 2842 143 21 nombreuses
3742 2843 136 23 délégations

3362 2866 28 20 de
3402 2866 93 20 sociétés
3508 2867 81 20 locales
3611 2872 54 15 avec
3686 2868 118 22 drapeaux.

3388 2890 86 21 Tandis
3488 2892 66 22 qu'on
3567 2891 128 21 découvrait
3708 2891 22 20 la
3745 2892 84 23 plaque,
3845 2891 31 20 M.

3362 2914 101 23 Lacroix,
3475 2919 116 20 prononça
3604 2920 32 16 un
3651 2916 96 20 discours
3758 2915 119 25 rappelant

3363 2938 91 22 l'œuvre
3468 2940 28 20 de
3507 2939 114 21 l'écrivain
3635 2941 89 23 disparu
3752 2941 23 20 et
3800 2940 64 24 déplo-

3365 2964 52 19 rant
3428 2968 25 15 sa
3464 2964 60 20 mort
3533 2963 149 25 prématurée;
3694 2965 15 20 Il
3719 2964 66 21 remit
3794 2965 22 20 la
3828 2964 36 25 pla-

3364 2991 43 20 que
3420 2992 45 16 aux
3480 2988 108 21 autorités
3601 2990 151 20 communales
3766 2989 111 24 jamblses.

3389 3012 31 20 Le
3433 3012 87 25 cortège
3532 3018 24 16 se
3568 3014 74 20 rendit
3662 3014 58 20 alors
3743 3018 29 16 au
3794 3014 70 19 Monu-

3365 3038 63 19 ment
3443 3041 45 16 aux
3505 3039 77 22 Morts,
3600 3038 63 24 place
3681 3038 150 21 Communale,
3847 3037 29 21 où

3359 3078 3 9 t
3365 3065 44 15 une
3439 3061 65 23 gerbe
3531 3061 36 21 fut
3595 3062 91 21 déposée
3715 3066 28 16 en
3771 3061 106 21 souvenir

3365 3084 123 22 d'Edouard
3502 3086 121 20 Thlrionet.

3361 3150 135 33 JOURNÉE
3528 3151 146 32 LIBÉRALE
3697 3157 18 26 A
3739 3156 138 29 MALINES

3384 3215 101 21 Malines.
3499 3217 25 18 26
3535 3216 94 20 octobre.
3642 3227 27 4 —
3682 3217 95 21 Malines
3791 3222 16 16 a
3820 3222 43 16 con-

3356 3244 37 18 nu,
3411 3240 124 23 dimanche,
3553 3245 44 16 une
3616 3241 34 20 vie
3668 3241 91 21 libérale
3777 3242 96 24 Intense,

3391 3265 116 20 l'occasion
3529 3265 65 21 d'une
3616 3267 170 20 manifestation
3805 3271 54 20 orga-

3356 3289 61 21 nisée
3433 3294 41 19 par
3490 3291 32 20 les
3537 3291 110 20 msmbres
3664 3292 26 19 de
3707 3292 166 23 lavant-garde

3356 3314 96 23 libérale,
3463 3319 30 16 en
3508 3316 118 23 hommage
3641 3317 22 20 et
3678 3321 29 15 en
3722 3317 104 20 souvenir
3841 3316 31 21 du

3356 3340 72 22 grand
3459 3340 159 25 philanthrope
3629 3359 11 4 _
3647 3341 103 21 Edouard
3782 3341 92 23 Pécher,

3356 3365 112 22 d'Anvers,
3479 3367 25 19 et
3517 3366 14 20 à
3544 3365 117 21 l'occasion
3674 3367 30 19 du
3719 3367 33 19 10*
3766 3366 93 20 anniver-

3356 3390 59 20 saire
3429 3390 27 20 rie
3469 3390 23 20 la
3506 3391 120 20 fondation
3640 3392 29 19 du
3684 3395 81 21 groupe
3780 3392 38 20 des
3830 3391 29 20 da-

3356 3419 47 16 mes
3418 3417 23 19 et
3454 3415 137 23 demoiselles
3607 3416 107 21 libérales.

3461 3494 75 28 ELLE
3548 3493 61 28 TUA
3624 3494 58 27 SON
3701 3495 72 26 MARI

3437 3532 38 28 ET
3488 3532 36 27 SE
3527 3533 16 26 S
3558 3532 95 28 TROIS
3668 3533 37 26 EN
3711 3533 95 28 FANTS

3452 3589 41 21 (De
3506 3589 64 20 notre
3582 3588 184 24 correspondant)

3383 3618 70 22 Paris,
3469 3618 26 20 26
3511 3618 96 21 octobre.
3623 3629 27 4 —
3668 3619 53 20 (Par
3737 3618 136 27 iéléphone_

3380 3653 3 5 ■
3402 3644 61 20 Mme
3482 3644 84 22 Lintot,
3584 3643 141 21 mécontente
3745 3643 28 21 de
3792 3644 23 20 la
3833 3644 42 22 vie,

3358 3668 38 24 qui
3411 3669 66 19 tenta
3495 3669 27 20 de
3541 3673 24 16 se
3583 3668 95 21 suicider
3694 3673 30 16 en
3740 3669 135 20 entraînant

3357 3698 43 16 son
3415 3694 82 21 enfant
3514 3694 57 20 dans
3587 3694 22 20 ia
3625 3695 60 20 mort
3701 3696 24 19 et
3740 3694 37 24 qui
3794 3698 15 16 a
3823 3698 39 16 sur-

3359 3718 61 24 vécu,
3434 3719 76 21 tandis
3524 3724 42 19 que
3580 3719 20 20 le
3612 3719 58 24 petit
3681 3719 98 21 mourait
3792 3718 71 25 asphy-

3361 3743 42 24 xié,
3423 3749 16 15 a
3457 3749 30 17 eu
3504 3744 58 21 deux
3575 3744 132 22 imitatrices
3724 3748 29 17 en
3783 3749 43 20 peu
3846 3745 28 20 de

3360 3769 78 23 temps.

3385 3794 98 20 D'abord
3495 3794 118 20 Domlnica
3624 3794 65 23 Musl,
3703 3794 56 21 dont
3772 3794 33 21 les
3818 3793 58 21 deux

3361 3818 91 24 ■\lettes
3467 3821 53 19 sont
3534 3820 90 20 moites,
3638 3819 60 20 alors
3713 3818 160 25 qu'ellc-mêmo

3362 3845 85 20 n'avait
3464 3845 36 21 été
3525 3844 187 25 qu'incommodée
3729 3849 41 19 par
3788 3844 20 21 le
3822 3848 49 21 gaz;

3360 3869 70 23 enfin,
3447 3869 73 23 Agnès
3538 3869 66 23 Celle,
3621 3870 38 23 qui
3675 3873 28 15 va
3719 3864 155 28 comparaître,

3361 3894 69 22 lundi,
3445 3895 84 20 devant
3546 3894 20 20 le
3585 3895 51 23 jury
3651 3898 52 15 sjus
3722 3892 152 24 l'inculpation

3362 3919 82 21 d'avoir
3458 3919 106 24 asphyxié
3577 3923 46 16 non
3636 3918 122 20 seulement
3772 3922 35 17 ses
3820 3917 54 21 trois

3359 3944 99 23 enfants,
3470 3945 58 20 mais
3539 3948 78 16 encore
3629 3947 42 17 son
3683 3943 63 19 mari.

3384 3969 73 24 Agnès
3475 3969 110 23 Lagncau,
3603 3968 25 19 20
3647 3971 47 17 ans,
3713 3966 60 21 avait
3789 3966 81 24 épousé

3360 3995 30 19 M.
3402 3994 60 21 Celle
3477 3994 54 20 dont
3545 3993 41 20 elle
3600 3991 55 21 était
3669 3992 23 19 la
3707 3991 72 20 bonne
3793 3993 24 18 et
3830 3990 39 24 qui

3360 4020 60 19 avait
3438 4019 25 19 28
3479 4023 41 15 ans
3537 4018 27 19 de
3578 4016 51 25 plus
3645 4016 83 24 qu'elle.
3745 4016 47 20 Elle
3808 4019 15 16 a
3841 4019 29 17 eu

3359 4043 53 21 trois
3430 4043 96 20 enfants.

3384 4068 102 20 D'abord,
3497 4067 113 20 fabricant
3620 4066 28 20 de
3671 4066 70 20 fleurs
3752 4065 104 22 artificiel-

3358 4093 37 21 les.
3405 4093 30 19 M.
3447 4091 59 20 Celle
3516 4091 61 19 avait
3586 4090 52 20 cédé
3647 4094 42 16 son
3700 4091 103 22 magasin
3815 4094 57 20 pour

3357 4117 89 20 acheter
3477 4120 44 15 une
3554 4115 131 20 teinturerie
3702 4114 16 21 à
3738 4116 133 20 Vlncennes.

3354 4142 64 21 Mais,
3438 4140 54 21 trois
3511 4144 43 17 ans
3570 4140 71 23 après,
3660 4141 31 19 M.
3711 4140 61 21 Celle
3793 4140 78 21 tomba

3353 4165 88 21 malade
3456 4166 25 20 et
3497 4169 25 16 ce
3540 4164 37 21 fut
3594 4165 22 20 la
3633 4165 84 20 femme
3734 4166 38 23 qui
3790 4167 39 20 eut
3847 4165 23 20 la

3354 4191 81 22 charge
3450 4190 30 19 du
3491 4189 95 25 ménage
3601 4191 24 19 et
3639 4190 31 20 du
3684 4191 109 23 magasin.

3380 4215 41 20 Les
3437 4215 94 20 affaires
3544 4215 110 21 n'étaient
3668 4220 42 20 pas
3725 4216 145 20 florissantes,

3355 4239 32 20 les
3399 4239 150 20 fournisseurs
3567 4240 109 20 n'étaient
3712 4240 50 25 plus
3796 4240 74 24 payés.

3352 4264 107 19 D'accord
3474 4268 54 16 avec
3540 4268 43 16 san
3595 4265 64 21 mari,
3673 4264 24 20 la
3711 4265 83 19 femme
3809 4263 60 22 Celle

3353 4288 61 20 avait
3426 4288 76 20 décidé
3517 4289 28 20 de
3559 4289 83 20 vendre
3657 4289 24 20 la
3694 4289 136 20 teinturerie.

3377 4313 31 20 Le
3421 4314 24 19 12
3458 4318 67 18 mars,
3539 4318 29 16 au
3582 4314 78 22 matin,
3674 4314 42 20 elle
3730 4314 36 19 fut
3778 4313 93 25 appelée

3353 4342 30 16 au
3394 4337 120 25 téléphone
3527 4343 42 20 par
3582 4344 31 15 un
3628 4339 102 19 amateur
3743 4338 37 24 qui
3795 4338 32 21 lui
3841 4338 30 20 fi^

3351 4362 118 22 connaître
3486 4367 42 16 son
3543 4363 66 21 offre.
3626 4363 47 21 Elle
3692 4364 51 20 crut
3760 4363 108 20 entendre

3351 4392 33 15 un
3401 4388 83 20 chiffre
3502 4388 108 20 Inférieur
3626 4388 15 20 â
3657 4388 57 20 celui
3731 4388 62 24 exigé
3812 4392 56 20 pom'

3350 4412 73 24 régler
3440 4413 21 20 le
3477 4414 77 23 passif.
3573 4414 47 19 Elle
3636 4412 91 21 s'affola
3742 4414 23 20 et
3783 4412 85 24 résolut

3352 4438 28 19 de
3393 4442 26 16 se
3433 4439 51 19 tuer
3495 4442 53 16 avec
3562 4443 35 15 ses
3611 4438 100 21 enfants,
3726 4437 55 21 dont
3795 4437 73 22 l'aine,

3351 4467 32 15 un
3395 4466 89 20 garçon,
3496 4463 61 20 avait
3571 4463 24 19 10
3607 4467 47 18 ans,
3665 4464 23 18 et
3699 4462 21 20 le
3732 4462 51 25 plus
3794 4462 75 25 Jeune,

3351 4492 45 16 une
3411 4487 87 23 fillette,
3512 4488 62 20 avait
3588 4488 34 19 six
3637 4492 48 16 ans.
3700 4487 30 20 Le
3744 4492 45 16 ion*
3802 4491 66 19 venu,

3350 4512 42 20 elle
3413 4512 33 21 les
3464 4513 86 20 coucha
3571 4513 57 20 dans
3647 4517 45 16 une
3709 4513 108 22 chambre
3837 4513 31 21 du

3350 4537 201 23 rez-de-chaussée,
3573 4537 109 21 s'Installa
3706 4538 59 21 dans
3787 4538 23 20 la
3832 4543 25 15 se-

3350 4562 76 22 conde,
3443 4563 24 19 et
3485 4562 74 20 ouvrit
3578 4567 32 15 un
3629 4562 89 21 robinet
3737 4563 16 21 à
3772 4568 47 20 gaz.
3838 4564 29 20 Le

3350 4587 58 20 mari
3425 4587 57 20 était
3501 4587 84 21 couché
3606 4587 16 20 à
3641 4587 86 25 l'étage,
3749 4589 118 20 au-dessus

3349 4612 29 20 de
3392 4612 23 20 la
3431 4612 106 21 chambre
3554 4612 40 21 des
3609 4613 100 20 enfants.

3374 4637 31 20 Le
3424 4637 135 23 lendemain,
3579 4642 30 16 ne
3629 4639 85 23 voyant
3732 4638 68 22 sortir
3816 4642 39 21 per-

3349 4666 71 16 sonne
3437 4663 27 20 dc
3479 4662 22 20 la
3517 4663 94 23 maisen,
3626 4664 24 20 et
3662 4664 23 20 la
3700 4664 105 24 boutique
3820 4667 34 17 res-

3350 4687 52 21 tant
3422 4687 91 21 fermée,
3535 4688 39 20 des
3607 4689 84 21 voisins
3726 4687 140 27 pénétrèrent

3352 4713 57 20 dans
3421 4713 20 20 le
3454 4713 106 23 pavillon.
3575 4714 63 20 Dans
3652 4719 31 15 un
3697 4714 27 20 lit
3741 4719 5 15 :
3763 4714 55 20 trois
3828 4717 26 20 pe-

3349 4737 40 20 tits
3409 4737 116 23 cadavres;
3549 4743 30 16 au
3599 4739 97 24 premier
3717 4739 64 24 étage
3805 4742 7 17 :
3834 4737 30 21 M.

3349 4762 60 21 Celle
3430 4762 47 21 éatl
3497 4763 60 20 mort
3575 4763 116 25 asphyxié;
3715 4764 70 22 enfin.
3806 4763 58 21 Mme

3349 4788 61 20 Celle
3426 4788 57 21 était
3499 4788 119 21 inanimée.

3406 4813 28 20 Je
3452 4813 47 20 n'ai
3518 4817 41 21 pas
3577 4814 67 21 voulu
3662 4815 52 19 tuer
3731 4818 53 16 mon
3803 4812 61 22 mari,

3350 4837 96 24 dit-elle,
3470 4838 16 20 k
3506 4838 157 25 l'instruction.
3698 4840 85 19 Encore
3818 4841 43 21 que

3349 4863 80 24 J'eusse
3444 4863 15 21 k
3476 4867 36 17 me
3531 4864 101 24 plaindre
3650 4864 27 20 de
3693 4868 42 16 son
3754 4863 110 21 caractère

3348 4888 94 23 violent;
3466 4889 17 20 il
3505 4888 88 21 m'était
3611 4888 125 21 seulement
3771 4886 80 23 indiffé-

3348 4914 58 19 rent.
3424 4921 10 10 •

3352 4985 59 26 AUX
3435 4978 102 33 HÉROS
3558 4977 301 39 TCHÉCOSLOVAQUES

3373 5046 111 22 Vouziers,
3494 5045 25 20 26
3529 5044 94 21 octobre.
3634 5054 27 6 —
3669 5045 43 21 Cet
3723 5044 135 26 après-midi,

3350 5074 14 15 a
3379 5074 27 15 eu
3425 5070 43 20 lieu
3485 5069 14 19 à
3515 5068 111 22 Chestres,
3640 5068 51 24 près
3707 5069 27 22 de
3751 5070 107 21 Vouziers,

3348 5093 172 23 l'inauguration
3537 5092 29 20 du
3583 5094 132 20 monument
3731 5098 44 16 aux
3790 5092 77 22 morts'-

3347 5116 197 23 tchécoslovaques.

3373 5141 30 20 Le
3416 5140 132 20 monument
3564 5144 23 16 se
3604 5140 77 20 trouve
3696 5141 15 20 à
3725 5146 32 16 un
3771 5140 90 22 endroit-

3348 5164 30 20 du
3391 5164 92 23 champs
3495 5163 28 20 de
3535 5164 91 21 bataille
3638 5164 111 22 d'oatobre
3764 5165 54 23 1918,
3829 5163 28 22 où

3345 5188 36 20 fut
3392 5186 83 25 engagé
3486 5187 20 20 le
3515 5191 64 25 corps
3589 5187 40 21 des
3637 5188 148 23 légionnaires
3794 5187 51 22 tché-

3347 5211 147 23 coslovaques,
3506 5211 37 23 qui
3557 5210 67 21 laissa
3638 5217 32 16 un
3684 5214 72 22 grand
3767 5213 89 20 nombre

3346 5235 28 20 de
3385 5234 66 20 héros
3462 5238 39 16 sur
3512 5235 20 20 le
3544 5235 90 20 terrain-

3371 5259 30 19 Le
3415 5259 131 20 monument
3561 5263 14 15 a
3588 5260 36 22 été
3639 5259 61 22 élevé
3715 5265 40 20 par
3767 5261 20 20 le
3801 5263 41 21 gou-

3344 5283 130 19 vernement
3487 5281 188 26 tchécoslovaque.
3686 5285 32 20 La
3728 5282 125 24 cérémonie,

3345 5305 46 20 très
3409 5305 139 23 émouvante,
3566 5311 14 15 a
3598 5307 37 22 été
3651 5309 99 23 présidée
3766 5311 40 21 par
3823 5306 30 20 M.

3344 5329 95 23 Osusky,
3458 5329 102 21 ministre
3580 5331 29 21 de
3625 5330 194 27 Tchéccslovaqjiie
3838 5328 16 20 à

3345 5353 69 22 Paris,
3437 5352 78 21 assisté
3535 5353 30 22 du
3588 5354 91 25 général
3699 5353 110 24 GouraueJ.
3827 5359 28 19 "»

3345 5374 81 23 HV.'a*.
3850 5386 8 4 -
