3872 5493
58 113 505 66 RABATTEUR

75 199 79 49 DE
189 199 355 51 BALUSTRES

96 293 33 32 LE
147 293 136 33 TRAVAIL
302 297 165 32 NOCTURNE
486 300 38 30 DE

82 338 126 33 MORREN
229 340 60 30 FUT
309 341 233 33 PROMPTEMENT

241 377 140 39 EXÉCUTÉ

91 453 36 31 ET
145 452 86 31 CELUI
252 455 43 30 DU
312 448 217 38 DÉBLAIEMENT

156 497 60 30 FUT
236 498 88 31 AUSSI
345 500 116 29 RAPIDE

172 557 80 25 (Voyez
267 560 68 21 début
350 566 55 19 page
422 561 26 22 1.1

79 589 31 21 Né
127 587 13 20 à
156 588 99 20 Louvain
273 594 29 15 en
321 590 54 23 1898,
389 591 90 20 Morren
493 593 34 18 est
545 592 19 20 le

58 614 109 25 prototype
192 613 29 19 du
244 613 111 20 Flamand
376 614 103 24 intégral.
502 617 64 21 Têtu,

59 637 163 23 farouchement
241 638 91 19 attaché
351 638 15 20 à
384 643 27 15 sa
432 643 58 18 terre
508 641 24 19 et
552 641 14 20 à

59 668 24 16 sa
93 665 53 17 race,
158 660 44 19 bon
217 665 84 16 comme
317 662 20 19 le
353 663 60 23 pain,
429 663 56 20 doué
501 665 64 20 d'une

62 689 53 19 force
131 684 144 25 prodigieuse,
294 685 15 20 il
327 691 79 19 campe
426 692 30 15 un
474 693 80 19 person-

61 715 52 20 nage
125 709 145 25 passionnant
282 714 29 15 cn
321 714 25 16 sa
359 711 107 20 rusticité.

85 736 64 19 jeune
171 732 76 22 marié,
267 733 51 24 père
341 734 27 20 de
389 736 92 21 famille,
498 738 55 19 colla-

62 760 95 21 borateur
168 757 80 23 d'élite,
260 758 15 19 11
288 759 90 20 sacrifie
394 761 49 19 tout
461 765 4 15 :
482 761 84 20 famille

62 785 21 19 et
104 781 92 20 intérêts
219 781 14 20 à
258 782 63 21 ridée
347 783 52 24 qu'il
423 789 25 16 se
469 785 43 20 fait
537 786 28 20 do

61 809 19 19 la
96 806 89 20 Justice.

83 838 8 7 -
107 830 41 19 Les
163 830 130 20 Allemands
307 832 40 19 ont
360 832 45 22 tué,
420 832 58 25 pillé.
490 834 65 20 Incen-

58 853 39 21 dié,
108 853 75 20 violé...
195 854 57 20 donc
263 853 15 22 11
288 857 35 18 est
335 856 59 23 Juste
406 860 48 21 que,
466 861 29 16 au
506 862 62 16 cœur

57 877 69 22 même
140 878 26 20 de
183 887 8 7 ■■
204 878 100 21 Louvain
317 880 21 19 la
349 880 107 21 Torturée
470 890 17 14 »,
502 882 54 20 flam-

56 904 32 19 be,
104 907 28 14 cn
147 902 78 20 lettres
241 904 113 23 capitales,
370 905 21 20 la
408 906 161 23 proclamation

57 927 25 19 de
99 926 47 20 leur
162 927 132 20 déchéance.
313 936 8 10 »

81 950 34 20 En
129 955 37 16 ces
178 951 104 24 quelques
298 951 70 24 lignes
382 954 57 19 tient
455 954 102 24 l'intégra-

56 975 39 19 lité
111 975 26 20 de
154 976 196 23 l'argumentation
366 978 27 20 de
409 979 96 19 Morren.

82 999 29 19 Le
131 999 56 21 voici
205 999 71 21 rendu
296 1000 13 20 à
329 1001 21 19 la
370 1001 84 21 liberté.
473 1002 76 24 Assagi
559 1003 10 19 ?

57 1024 50 19 Non
125 1028 40 19 pas
176 1025 4 18 !
197 1025 62 18 Dans
276 1030 23 14 ce
314 1026 98 19 Louvain
428 1027 52 23 qu'il
497 1026 73 22 adore,

58 1047 32 20 les
102 1047 93 24 langues
208 1050 52 18 vont
274 1048 48 20 leur
335 1050 66 19 train,
414 1050 19 19 il
446 1050 55 21 faut,
515 1054 55 19 pour

59 1072 116 19 l'honneur
188 1073 27 19 dc
229 1072 20 19 la
264 1072 56 23 ville,
333 1078 41 19 que
386 1074 22 18 la
419 1073 152 21 Balustrade...

61 1104 8 7 «
82 1095 143 21 ladeuzienne
237 1106 8 6 •>
259 1107 26 4 —
296 1096 92 21 rétablie
400 1097 77 23 depuia
488 1108 25 4 —
525 1097 33 20 dis-

59 1120 98 22 paraisse
174 1120 14 20 à
205 1125 107 15 nouveau.

84 1145 89 18 Morren
190 1145 35 18 n'a
241 1149 40 18 pas
296 1146 89 21 accepté
401 1145 19 18 le
436 1145 83 19 verdict
534 1145 35 23 qui

58 1165 30 20 l'a
102 1167 85 23 frappé.

84 1191 36 18 On
138 1195 13 14 a
169 1190 56 20 beau
245 1191 30 19 lui
296 1191 73 22 parler
388 1191 30 19 du
437 1191 86 23 respect
542 1192 27 18 de

58 1212 21 19 la
99 1213 117 23 propriété,
235 1218 87 18 essayer
341 1215 26 18 dc
387 1210 32 23 îiïT
437 1215 56 18 faire
510 1219 47 14 com-

58 1236 93 22 prendre
171 1238 81 18 raison.
271 1238 56 18 Rien
345 1238 35 22 n'y
399 1238 49 19 fait.

83 1260 90 18 Morren
197 1264 13 15 a
235 1261 86 18 déclaré
340 1260 24 19 lu
386 1264 77 19 guerre
483 1261 14 19 à
520 1262 50 22 Mgr

57 1283 106 20 Ladeuze,
183 1284 112 22 coupable,
316 1283 13 19 à
348 1288 35 14 ses
404 1287 62 19 yeux,
487 1284 83 20 d'avoir

58 1306 59 19 trahi
137 1306 23 18 la
179 1306 75 22 vérité,
273 1306 92 20 l'amitié
386 1309 26 18 de
434 1307 93 20 Warren
547 1310 22 18 et

57 1330 22 19 la
96 1329 79 24 pensée
194 1330 30 19 du
241 1330 100 20 cardinal
362 1330 99 20 Mercier.

82 1354 28 18 Le
124 1356 87 16 recteur
223 1353 137 23 magnifique
373 1358 13 15 a
400 1355 71 23 gagné
484 1355 23 19 la
519 1360 38 19 pre-

58 1377 65 20 mière
139 1377 101 19 manche.

82 1402 89 18 Morren
189 1402 50 17 veut
256 1401 62 19 avoir
332 1406 26 14 sa
372 1402 118 20 revanche.

82 1426 40 18 Les
137 1423 83 20 années
236 1426 98 21 passent.

84 1449 46 19 1929
144 1459 9 5 -
167 1448 24 19 30
204 1457 10 5 -
227 1447 24 20 31
267 1458 10 5 -
290 1448 48 19 32...
351 1449 91 21 Morren
453 1455 28 14 nc
493 1449 65 20 désar-

59 1478 34 16 me
112 1475 46 21 pas.

171 1501 154 21 DIMANCHE
342 1502 12 19 4
370 1502 86 20 JUIN...

84 1533 27 19 Le
126 1531 117 20 dimanche
257 1532 13 18 4
285 1531 50 22 juin
354 1532 54 20 1933.
426 1533 90 19 Morren
532 1536 26 16 ar-

62 1558 49 20 rive,
127 1555 13 20 â
158 1555 11 18 2
189 1555 80 18 heures
288 1555 30 19 du
337 1556 79 19 matin,
435 1557 13 18 â
464 1557 22 19 la
507 1556 62 23 place

63 1583 29 19 du
105 1578 83 24 Pauple.
204 1579 19 19 Il
239 1577 58 20 défie
312 1582 43 15 son
370 1580 102 19 ennemie
488 1580 23 18 la
523 1581 34 18 Ba-

64 1602 90 24 lustrade
170 1601 37 24 qui
225 1602 41 19 luit
282 1603 61 18 toute
361 1601 102 24 blanche,
479 1607 53 16 sous
549 1603 19 20 le

65 1630 39 21 ciel
119 1626 80 22 étoile...

90 1654 34 19 On
152 1650 94 22 imagine
275 1649 108 20 aisément
402 1655 42 15 son
463 1650 105 24 soliloque

69 1678 62 20 muet.

93 1700 46 21 puis
157 1701 38 22 par
207 1697 31 20 les
253 1697 97 21 ferrures
363 1699 29 19 du
408 1698 160 23 paratonnerre

72 1727 34 23 qui
122 1728 21 15 se
163 1725 75 17 trouve
261 1726 30 15 au
313 1723 49 19 coin
385 1722 28 19 de
437 1722 24 19 la
478 1727 40 15 rue
542 1723 26 19 de

71 1749 71 23 l'Aigle,
158 1750 14 15 .u
191 1750 23 15 se
234 1746 59 19 hisse
313 1751 14 15 a
342 1746 23 19 la
383 1747 60 18 force
462 1746 39 20 des
520 1747 49 18 Doi-

71 1776 55 18 Enets
139 1780 23 5 —
175 1774 31 15 un
223 1769 64 20 lourd
304 1771 102 18 marteau
422 1774 29 15 en
467 1770 91 20 bandou-

68 1798 46 20 lière
126 1805 25 4 —
163 1794 101 23 jusqu'au
280 1794 55 19 faite
350 1794 30 19 du
395 1795 138 19 monument.

89 1819 119 22 Entreprise
221 1818 65 19 d'une
300 1817 84 20 audace
398 1817 52 20 folle
464 1823 30 15 au
505 1823 65 15 cours

66 1845 24 19 ris
101 1842 88 24 laquelle
203 1841 17 22 il
234 1842 72 23 risque
318 1842 38 19 dix
370 1842 43 19 fois
424 1843 27 19 de
464 1847 23 15 se
501 1843 70 19 briser

65 1869 29 19 les
107 1871 29 16 os.

87 1892 11 19 2
112 1891 22 20 h.
150 1891 22 20 15
189 1891 6 19 !
211 1890 101 20 Moment
324 1890 100 20 solennel
440 1894 56 21 pour
508 1891 51 19 Mor-

63 1921 60 15 ren...

89 1948 8 8 ■
111 1939 77 20 Boum!
204 1947 34 10 •*...
249 1940 24 18 et
288 1945 8 11 ■
308 1938 80 20 Boum!
399 1945 8 11 ■
421 1939 22 19 et
458 1946 4 10 ■
475 1939 94 21 Boum!»

63 1965 22 19 et
98 1972 9 8 •■
120 1964 68 19 Boum
204 1963 5 19 !
226 1972 16 10 ».
256 1963 18 19 A
287 1962 85 23 chaque
384 1967 77 15 cour.se
476 1963 29 20 du
520 1963 51 20 bras

63 1986 128 25 correspond
208 1985 148 22 l'éclatement
373 1987 53 20 d'un
440 1986 40 21 des
496 1986 63 21 balus-

63 2013 61 19 tres...

87 2037 42 18 Des
144 2033 158 24 noctambules,
320 2034 100 24 apeurés.
438 2034 96 21 a!ertent
551 2035 21 20 le

64 2062 59 22 poste
144 2060 26 19 de
191 2058 70 24 police
285 2059 27 20 de
335 2059 21 19 la
376 2058 159 21 Grand'Place.

87 2084 39 19 Les
143 2084 84 23 agents,
245 2083 150 20 commissaire
415 2087 29 15 en
463 2083 52 23 tête,
534 2087 26 16 ac-

62 2109 96 19 courent.

86 2133 32 18 La
131 2132 119 19 silhouette
270 2132 28 19 de
318 2132 91 19 Morren
428 2135 24 15 se
473 2130 101 23 détache,

62 2157 66 19 noire,
143 2160 39 15 sur
197 2157 24 19 la
238 2154 79 25 pâleur
332 2155 93 20 laiteuse
441 2155 27 20 de
484 2155 23 19 la
524 2159 38 15 cor-

62 2181 70 19 niche.

87 2213 8 8 •i
110 2205 89 19 Morren
212 2213 25 6 —
250 2208 39 15 car
299 2203 91 19 Morren
403 2206 13 16 a
428 2202 35 20 été
475 2206 97 17 reconnu

62 2228 191 20 immédiatement
278 2232 42 19 par
344 2226 32 20 les
400 2227 120 19 serviteurs
544 2227 28 19 de

62 2252 77 19 l'ordre
154 2262 27 4 —
197 2253 98 20 Morren,
310 2255 53 15 vous
378 2251 47 19 êtes
442 2251 59 19 fou...
517 2251 45 19 Des-

63 2277 79 19 cendez
164 2277 5 18 !
193 2284 9 8 •>

88 2309 8 6 -
114 2300 99 20 Aussitôt
229 2304 41 19 que
287 2298 82 24 j'aurai
385 2298 42 19 fini
445 2305 17 17 »,
476 2297 97 24 répond-

62 2324 16 20 Il
94 2329 30 14 en
140 2324 61 19 riant
215 2323 28 20 de
262 2323 73 19 toutes
350 2326 36 15 ses
404 2322 65 19 dents
490 2323 5 18 !

87 2348 124 19 Posément,
229 2346 176 23 régulièrement,
423 2349 53 15 sans
495 2346 78 22 perdre

63 2376 43 15 une
124 2371 95 20 seconde
239 2371 20 19 le
279 2369 97 21 contrôle
397 2369 27 19 de
443 2373 36 15 ses
495 2370 78 22 forces,

62 2397 90 18 Morren
168 2395 106 20 continue
291 2394 22 19 la
329 2394 100 21 besogne.

87 2421 29 18 Le
134 2418 150 21 commissaire
314 2417 42 20 lait
379 2417 32 19 les
426 2417 147 19 sommations

64 2444 95 23 d'usage.

88 2468 67 20 Peine
180 2466 89 24 perdue.
293 2466 39 19 Les
351 2464 101 23 policiers
475 2463 98 21 mettent

63 2491 99 20 revolver
177 2495 30 15 au
223 2491 62 23 point
301 2490 22 19 et
337 2489 37 19 des
388 2487 73 20 salves
477 2488 13 19 à
507 2489 65 19 blanc

63 2519 51 15 son:
135 2514 66 20 tirées
220 2518 48 16 vers
286 2513 93 21 Morren,
395 2512 36 24 qui
451 2512 58 19 reste
529 2513 31 19 im-

64 2539 102 23 passible.

91 2573 4 5 ■
114 2562 76 21 Schiet
204 2566 62 16 maar
277 2572 25 4 —
307 2559 95 21 crie-t-il
415 2559 81 24 joyeux
502 2569 26 4 —
534 2560 40 20 dat

64 2587 46 20 kan
128 2587 40 23 mij
188 2587 46 19 niet
252 2584 92 21 schillen
364 2584 5 19 I
392 2592 8 8 «
475 2584 13 12 *

94 2613 19 19 (■
134 2611 62 19 Tirez
212 2609 139 20 seulement...
367 2607 48 20 cela
430 2612 28 15 ne
478 2612 34 15 me
533 2607 26 20 dé-

66 2639 68 19 range
151 2639 28 15 en
198 2634 46 19 rien
265 2633 5 19 !
291 2635 19 17 ■•>

91 2659 35 19 Un
138 2656 87 21 dernier
241 2663 8 11 ■
265 2656 51 19 Anh
333 2656 5 19 !
357 2663 34 13 »...
407 2656 20 19 le
442 2664 8 8 «
465 2655 80 20 travail
561 2664 8 9 »

64 2683 32 17 est
119 2680 115 20 terminé...

88 2705 18 19 Il
123 2706 34 18 est
175 2705 11 19 3
204 2705 22 18 h.
245 2704 29 19 15.

87 2728 138 23 L'opération
245 2733 14 14 a
279 2728 56 20 donc
356 2727 55 21 duré
431 2727 140 20 exactement

63 2756 41 15 une
119 2752 27 19 de
148 2752 30 19 mi
180 2752 86 19 -heure.

86 2776 51 20 Plus
153 2780 31 15 un
197 2775 98 20 balustre
308 2780 28 15 ne
352 2774 101 21 subsiste.

86 2801 90 18 Morren
193 2804 24 15 se
237 2800 68 19 frotte
324 2800 32 19 les
373 2800 79 19 mains,
471 2799 20 20 n
509 2800 64 19 court

62 2824 55 20 dans
131 2823 23 20 la
170 2823 115 24 gouttière,
299 2823 84 23 rejoint
397 2822 130 21 l'extrémité
544 2823 29 20 du

62 2849 165 22 paratonnerre,
241 2848 100 22 toujours
355 2846 61 20 armé
427 2848 26 19 de
464 2851 41 15 son
513 2850 48 15 mar-

62 2874 58 20 teau,
136 2873 22 18 et
174 2871 137 24 entreprend
327 2871 23 19 la
365 2871 89 19 terrible
471 2871 102 19 descente

62 2896 56 20 dans
140 2896 32 19 les
193 2895 84 20 mêmes
299 2895 126 20 conditions
446 2898 41 21 que
509 2894 66 21 celles

62 2921 35 23 qui
115 2919 185 21 caractérisèrent
319 2919 137 20 l'ascension.

85 2944 29 20 Le
126 2943 150 21 commissaire
286 2942 78 21 cueille
376 2942 158 20 délicatement
543 2946 31 16 un

62 2968 90 19 Morren
167 2966 78 23 hilare,
261 2968 38 22 qui
314 2966 75 20 s'écrie
407 2971 6 15 :
431 2974 8 8 »
456 2967 34 19 Eh
506 2965 51 20 bien
567 2967 6 19 !

63 2992 30 19 les
113 2992 76 20 amis...
205 2992 16 20 il
236 2992 59 18 reste
314 2995 80 15 encore
415 2991 39 19 des
472 2989 101 24 Belsges...

63 3020 39 19 pas
121 3015 49 20 vrai
180 3015 5 20 !
206 3023 10 10 »

87 3040 39 20 Tel
141 3041 34 19 est
189 3043 42 16 son
247 3038 150 22 exclamation
413 3038 84 19 ultime.

75 3070 57 20 SUR
147 3069 51 20 LES
215 3069 89 19 LIEUX
321 3069 40 20 DU
376 3076 10 10 «
402 3068 131 20 SINISTRE
551 3074 11 11 »

87 3100 83 22 Quand
186 3104 57 14 nous
260 3099 100 19 arrivons
376 3102 39 15 sur
430 3098 32 19 les
479 3098 64 22 lieux,
559 3097 16 19 il

63 3126 33 17 est
112 3124 12 19 7
140 3124 81 19 heures
235 3123 32 20 30.

87 3148 33 19 La
132 3148 63 23 place
209 3148 30 19 du
252 3146 81 24 Peuple
347 3147 35 18 est
396 3146 61 19 noire
471 3145 26 20 de
510 3149 54 16 mon-

63 3171 34 22 de.
114 3173 42 18 Les
174 3171 172 20 commentaires
362 3174 54 17 vont
431 3170 48 19 leur
498 3169 60 20 train
569 3173 5 15 :

63 3204 9 8 •i
86 3196 19 19 II
118 3196 29 19 l'a
161 3196 50 18 tout
224 3195 28 19 de
266 3194 72 20 même
352 3198 40 16 eue
410 3194 5 19 !
434 3203 34 10 »...
482 3194 23 19 et
519 3193 57 20 dans

62 3221 59 19 cette
142 3219 110 20 réflexion
274 3219 51 18 cent
343 3218 44 19 fois
404 3217 112 20 entendue
544 3217 32 19 lea

62 3243 145 20 Louvanistes
221 3242 97 19 mettent
331 3246 43 15 une
387 3240 103 20 indicible
504 3241 72 19 fierté.

88 3266 180 24 Réquisitionnés
288 3270 42 18 par
348 3267 52 21 Mgr
418 3265 107 20 Ladeuze.
545 3264 32 20 les

64 3299 10 9 •
97 3290 102 24 délégués
221 3299 30 10 "...
270 3290 28 20 de
320 3288 22 20 la
360 3290 70 19 ferme
449 3289 38 19 des
510 3288 66 20 boues

63 3315 139 23 s'emploient
223 3314 14 19 à
257 3313 126 24 supprimer
402 3312 34 21 les
456 3313 73 19 traces
549 3312 27 20 de

63 3339 121 19 l'attentat.

88 3363 42 19 Les
143 3370 8 8 »
165 3361 66 20 lazzis
245 3368 10 11 •
271 3361 99 20 fusent...
385 3362 37 19 On
437 3368 10 10 ■
461 3360 89 20 charrie
566 3368 9 9 •

63 3386 32 20 les
110 3386 138 20 charieurs...

89 3411 44 18 Des
154 3414 52 15 rues
231 3409 129 23 adjacentes
384 3408 33 20 les
441 3416 10 10 «
476 3407 99 22 admira-

64 3435 59 19 tours
142 3442 9 9 »
169 3434 100 19 affluent
284 3437 54 16 sans
357 3437 67 16 cesse.

180 3463 39 20 AU
235 3463 222 20 COMMISSARIAT

90 3495 32 18 Au
143 3493 169 22 commissariat,
334 3497 30 15 on
387 3496 57 16 nous
465 3492 110 20 confirme

68 3517 161 20 l'arrestation...
246 3517 24 19 et
285 3521 57 16 nous
357 3517 142 22 découvrons,
519 3517 56 19 dans

72 3544 28 16 un
109 3542 47 20 coin
169 3541 29 19 du
213 3541 84 20 bureau
312 3540 29 20 du
356 3540 59 22 chef,
430 3541 20 20 le
466 3543 64 20 corps
545 3540 30 19 du

75 3563 46 21 délit
140 3570 6 15 :
165 3569 31 16 un
214 3564 70 20 solide
303 3565 105 20 marteau
426 3565 27 19 de
471 3563 92 20 démolis-

77 3591 42 17 seur
137 3590 6 19 1

212 3613 74 20 CHEZ
305 3612 125 20 MORREN

101 3648 9 8 *
121 3642 119 22 Chauffeur,
252 3646 39 16 rue
305 3644 27 20 de
344 3642 124 23 l'Entrepôt
481 3639 91 24 n'2..!**

100 3665 40 20 Sur
153 3666 17 20 le
184 3666 51 21 bord
252 3667 30 19 du
297 3666 73 23 canal,
386 3670 30 16 en
432 3666 61 23 plein
506 3669 57 20 quar-

76 3688 40 20 tier
128 3690 108 23 populaire,
251 3695 58 15 nous
325 3692 106 18 trouvons
447 3691 23 19 la
487 3690 86 19 maison

75 3711 25 21 de
115 3714 88 20 Morren.
218 3716 29 19 Sa
262 3716 82 19 femme
360 3714 51 20 dort
424 3718 86 16 encore.
527 3714 46 19 Elle

74 3737 73 22 arrive,
159 3738 92 24 apeurée,
265 3738 70 20 suivie
349 3739 29 19 de
391 3742 42 15 son
448 3737 38 21 fils
497 3736 77 24 Emile,

73 3764 29 16 un
120 3769 8 9 «
145 3763 128 20 marmouset
290 3771 9 5 -
316 3764 26 19 de
360 3763 34 19 six
409 3766 47 16 ans.

95 3794 24 5 —
132 3785 53 24 Qu'y
203 3786 69 24 a-t-il,
289 3786 116 21 Monsieur
426 3785 11 21 î
458 3785 20 21 H
497 3790 29 16 ne
544 3785 29 20 l'a

73 3812 38 20 pas
129 3810 46 23 fait,
194 3812 91 20 n'est-ce
304 3815 41 20 pas
370 3811 11 20 ?

94 3843 24 5 —
129 3833 29 23 Si,
176 3834 109 21 Madame.

94 3858 56 19 Mme
161 3859 87 20 Morren
260 3859 55 20 fond
325 3863 30 16 cn
367 3859 91 19 larmes:
473 3866 9 9 «
496 3857 76 24 Qu'al-

72 3880 108 22 lons-naus
198 3883 94 22 devenir,
308 3883 20 20 le
349 3883 57 24 petit
422 3884 23 19 et
463 3881 45 21 mol
530 3883 10 19 ?
562 3890 9 9 »

95 3906 53 19 Mais
161 3907 38 19 elle
215 3912 23 15 se
254 3907 95 24 reprend
365 3908 52 19 bien
432 3906 44 20 vite
496 3911 5 15 :
520 3914 9 9 «
546 3907 26 19 Je

71 3929 54 20 m'en
145 3930 90 23 doutais,
256 3931 73 21 allez...

94 3953 40 20 J'ai
147 3955 60 20 veillé
224 3956 86 23 Jusqu'à
325 3956 57 20 deux
400 3955 80 19 heures
497 3959 29 15 en
545 3958 27 15 ne

71 3976 19 20 le
111 3980 78 21 voyant
210 3984 40 19 pas
272 3981 107 19 rentrer...
403 3978 53 22 Puis
480 3978 22 23 je
525 3978 47 20 suis

72 4001 78 21 tombée
164 4003 116 22 endormie,
296 4003 108 21 terrassée
421 4007 42 19 par
479 4002 31 20 la-
518 4002 43 20 fati-

73 4028 54 19 gue...
141 4026 18 21 Il
171 4028 34 23 n'y
220 4032 14 15 a
245 4028 49 20 rien
310 4028 14 20 à
339 4028 32 20 lui
387 4026 67 21 dire...

182 4057 33 20 LE
227 4059 63 19 MOT
300 4057 39 21 DE
352 4057 36 20 LA
401 4057 50 19 FIN

94 4085 26 20 Le
130 4086 54 24 petit
196 4089 67 19 Emile
276 4089 53 19 s'est
345 4086 111 25 approché
471 4087 27 20 de
506 4090 65 16 nous:

74 4108 17 20 B
108 4113 51 17 nous
177 4113 84 19 montre
282 4112 215 23 orgueilleusement,
517 4112 56 19 dans

75 4136 37 17 une
124 4135 61 20 niche
200 4137 26 19 de
244 4137 23 19 la
282 4136 121 21 commode,
420 4140 32 15 un
469 4139 104 16 morceau

75 4158 23 20 de
116 4157 19 21 la
154 4160 101 23 première
277 4160 129 21 balustrade
427 4158 96 21 détruite
545 4163 27 15 en

76 4180 47 23 1928.
138 4183 46 23 puis
202 4185 107 20 demande
330 4183 191 21 innocemment...

98 4212 8 9 "
122 4206 68 23 Denkt
205 4208 37 24 gij,
258 4208 119 24 Mijnheer,
394 4208 40 19 dat
449 4207 23 21 ik
488 4211 25 15 er
530 4210 43 19 nog

76 4232 37 17 een
124 4231 47 20 stuk
186 4237 42 16 van
244 4234 61 22 Papa
324 4233 52 19 deze
394 4232 53 19 keer
464 4231 34 19 zal
515 4230 57 23 krij-

77 4257 37 19 gen
129 4255 9 19 ?
152 4262 8 11 ■

102 4278 17 18 ("
136 4279 139 24 Croyez-vous
294 4286 41 19 que
354 4281 59 20 cette
433 4279 43 20 fois
493 4283 79 15 encore

78 4304 46 17 mon
134 4303 55 25 Papa
200 4306 56 19 m'en
268 4306 100 20 donnera
381 4309 31 15 un
424 4303 149 20 morceau?").

405 4328 59 20 Jean
478 4328 70 19 Josse.

588 118 116 47 LA
761 119 334 47 MAISON

666 185 60 46 DE
757 185 58 46 LA
847 185 163 48 PRESSE

622 254 29 43 A
684 242 84 55 ÉTÉ
800 244 265 58 INAUGURÉE

1121 114 508 72 LEDÉSARÎV3EMENT

1179 205 45 45 A
1257 205 79 47 LA
1368 205 42 47 S.
1436 206 55 46 D.
1515 207 53 44 N.

587 359 21 29 A
628 359 178 32 L'OCCASION
826 362 41 30 DU
881 363 68 30 XIX*
962 359 138 37 C0NGR.ÈS

673 402 41 31 DE
732 404 39 30 LA
790 405 109 32 PRESSE
919 407 95 31 BELGE

642 472 61 30 UNE
722 474 169 32 BRILLANTE
910 470 134 39 RÉUNION

612 533 29 19 Lo
660 534 65 20 XIX-
741 537 99 21 Congrès
855 538 27 20 de
902 539 22 19 la
943 539 75 21 Presse
1039 541 60 22 belge

587 557 36 23 qui
638 561 24 16 se
679 559 63 22 tient,
756 560 59 21 cette
832 561 78 24 année,
924 562 14 20 &
954 564 120 23 Bruxelles,
1087 569 12 14 a

587 581 35 19 été
635 582 99 23 préparé,
748 585 85 19 samedi
847 587 51 20 soir,
913 591 41 20 par
967 591 42 17 une
1024 588 64 21 récep-

588 604 48 21 tion
651 606 14 19 à
681 607 22 19 la
718 608 100 20 nouvelle
833 610 88 21 Maison
937 612 27 19 de
981 613 21 19 la
1018 612 83 22 Presse,

588 633 38 16 rue
644 631 30 19 du
687 632 100 23 Marquis
800 634 36 23 qui
854 639 13 15 a
882 635 35 20 été
934 636 167 20 officiellement

589 655 120 22 inaugurée
729 659 40 20 par
789 659 58 19 cette
867 659 93 20 réunion
982 660 44 20 très
1048 661 41 19 bril-

589 678 67 21 lante.

614 702 55 21 MM.
682 704 72 20 Prans
767 705 97 23 Fischer,
877 707 113 24 président
1003 708 27 20 de
1046 708 44 19 l'As-

589 727 109 20 sociation
719 728 101 22 générale
843 731 26 20 de
892 731 21 20 la
936 733 75 19 Presse
1035 732 66 23 belge.

590 752 98 23 Georges
705 754 25 18 A.
745 754 75 24 Detry,
836 755 112 23 président
967 756 27 19 de
1014 757 87 18 l'Union

591 776 180 23 professionnelle
785 779 27 19 de
828 779 22 19 la
862 780 82 20 Presse,
958 779 131 20 administra-

591 800 54 19 trice
660 801 28 20 de
705 801 21 20 la
743 802 86 20 malsdn
846 805 22 17 et
885 804 97 22 Auguste
999 804 103 19 Thomas,

592 822 112 25 président
726 825 27 20 de
777 825 21 20 la
821 827 85 19 section
926 827 129 20 bruxelloise
1076 828 25 18 de

592 848 159 24 l'Association,
773 852 41 17 ont
838 855 51 18 reçu
909 851 32 19 les
961 851 141 19 nombreuses

592 873 162 22 personnalités
772 875 36 23 qui
828 875 90 19 avalent
937 877 53 17 tenu
1010 876 13 19 à
1043 879 48 16 mar-

592 900 53 20 quer
665 902 41 19 par
723 897 47 20 leur
787 898 103 23 présence
910 899 48 19 leur
977 898 125 23 sympathie

592 924 45 15 aux
663 921 137 23 organismes
828 922 171 23 professionnels
1026 922 28 20 de
1081 921 22 21 la

594 945 81 19 Presse.
696 946 74 19 Parmi
792 946 53 19 elles
866 951 23 14 se
914 945 125 21 trouvaient
1062 950 30 16 no-

593 969 109 19 tamment
718 970 54 18 MM.
788 970 110 21 Poncelet.
914 970 112 23 président
1042 970 26 19 dc
1082 970 20 18 la

593 993 110 19 Chambre
718 993 38 20 des
774 993 180 22 ReDréscntants,
989 994 19 19 le
1025 994 66 19 minis-

594 1018 32 17 tre
639 1015 39 21 des
691 1016 97 20 Affaires
801 1017 127 22 étrangères
940 1018 24 20 et
977 1018 59 18 Mme
1048 1017 54 19 Paul

595 1040 105 22 Hymans;
715 1040 102 23 Lippens,
831 1042 100 18 ministre
947 1040 26 20 de
989 1042 102 19 l'Instruc-

595 1064 46 19 tion
660 1064 111 24 publique;
792 1065 18 18 le
829 1065 72 19 comte
921 1064 111 20 Vanutelll
1052 1065 51 21 Rey,

595 1088 156 19 ambassadeur
768 1087 94 23 d'Italie;
885 1087 172 20 1'ambas.sadeur
1076 1088 27 18 dc

595 1112 82 19 France
696 1112 24 18 et
741 1112 58 18 Mme
820 1112 55 19 Paul
896 1111 100 22 Claudel;
1020 1112 19 19 le
1061 1111 30 20 mi-

595 1135 68 19 nistre
682 1135 149 22 d'Allemagne
847 1136 24 18 et
891 1135 21 19 la
934 1136 106 18 comtesse
1061 1138 42 16 von

595 1159 44 19 und
664 1163 26 15 zu
716 1159 154 21 Lerchenfeld;
898 1159 19 18 le
942 1159 100 19 ministre
1066 1159 37 18 des

594 1182 113 21 Pays-Bas
725 1183 25 18 ct
767 1183 60 18 Mme
846 1186 43 15 van
909 1182 82 23 Nispen
1011 1183 33 18 tôt
1064 1182 27 19 Se-

595 1209 88 18 venaer;
700 1206 19 18 le
734 1205 100 20 ministre
848 1206 26 19 de
886 1204 71 21 Suède
970 1207 23 18 ct
1005 1206 59 18 Mme
1077 1205 26 20 dt*

594 1228 90 23 Dardel;
705 1230 54 19 Otto
777 1229 68 22 Krag.
864 1227 99 22 ministre
983 1230 26 18 de
1029 1230 62 18 Dane-

594 1252 69 22 mark,
681 1253 20 18 lo
720 1253 100 19 ministre
841 1253 26 19 de
887 1253 100 18 Lettonie
1005 1253 23 19 et
1045 1252 58 19 Mme

595 1275 102 23 Lasdine;
716 1277 20 19 le
751 1276 82 23 chargé
852 1275 115 20 d'affaires
986 1276 27 19 dc
1032 1275 60 20 Tché-

594 1299 135 24 coslovaquie
746 1301 22 18 et
785 1301 60 18 Mme
861 1299 68 19 Karel
946 1299 105 20 Dittricn.

617 1323 30 19 Le
666 1328 136 19 gouverneur
823 1323 30 19 du
875 1323 101 19 Brabant
999 1325 23 17 et
1044 1323 59 19 Mme

594 1346 64 20 Nens.
670 1348 55 18 MM.
737 1348 49 18 Van
798 1347 26 19 de
836 1347 88 19 Kclder.
935 1346 99 22 Adolphe
1046 1347 58 20 Max,

593 1370 149 23 bourgmestre
757 1370 27 20 de
799 1370 120 20 Bruxelles.
933 1371 171 21 Wauwcrman-s,

594 1393 171 20 Huisman-Van
789 1393 44 20 den
858 1394 60 20 Nest,
942 1393 110 22 échevins,
1076 1394 27 18 de

594 1417 88 23 Biolley,
705 1417 92 23 greffier
817 1417 30 19 du
866 1416 76 21 Sénat.
965 1417 98 19 Pauwels
1081 1417 23 20 ct

593 1441 51 20 José
663 1441 74 20 Berta.
758 1440 92 24 greffier
868 1444 24 17 et
911 1440 194 23 greffier-adjoint

593 1465 26 20 de
635 1465 22 18 la
672 1465 117 20 Chambre,
805 1464 31 19 les
852 1464 176 19 fonctionnaires
1044 1465 48 19 atta-

593 1488 52 20 chés
660 1493 44 15 aux
719 1488 107 19 Cabinets
839 1487 39 20 des
892 1489 119 21 ministres,
1024 1489 81 22 Fonck,

593 1512 109 19 directeur
714 1511 89 24 général
817 1512 27 19 de
858 1511 138 23 l'exposition
1009 1512 27 20 dc
1051 1511 54 23 1933,

593 1534 104 22 Lamalle.
714 1535 110 19 directeur
843 1535 90 23 général
950 1537 23 18 et
994 1535 111 24 Henning,

593 1559 125 23 Inspecteur
734 1563 30 15 en
781 1559 52 19 chef
851 1559 39 19 des
907 1559 101 20 chemins
1026 1560 26 19 de
1071 1561 34 19 fer

593 1582 78 23 belges,
691 1582 21 21 le
734 1582 127 23 professeur
883 1583 179 23 Heger-Gilbcrt.
1086 1585 18 19 le

592 1606 85 19 colonel
701 1606 220 24 Kupfferschlacger,
945 1607 159 21 commandant

592 1630 104 19 militaire
713 1630 29 19 du
756 1630 74 20 Palais
846 1631 27 19 de
886 1631 22 19 la
924 1631 90 20 Nation.

616 1655 31 18 M.
669 1654 97 24 Georges
788 1656 24 18 A.
833 1655 76 22 Detry,
931 1656 127 20 animateur
1079 1657 25 20 dc

592 1677 143 24 l'entreprise,
751 1678 38 24 qui
805 1683 13 14 a
835 1680 81 23 permis
931 1680 29 19 dc
976 1679 92 21 réaliser
1085 1681 19 19 lu

593 1702 99 19 nouvelle
707 1703 88 19 Maison
807 1702 27 20 de
848 1705 22 19 la
882 1704 83 22 Presse,
980 1708 14 15 a
1008 1708 86 20 pronon-

592 1726 24 20 cé
632 1730 43 16 une
691 1726 128 20 allocution.

617 1750 18 19 Il
650 1755 15 14 a
678 1751 91 22 rappelé
783 1751 32 19 les
828 1751 82 20 efforts
921 1752 117 20 constants
1051 1752 54 20 faits

593 1774 78 23 depuis
698 1775 126 24 vingt-cinq
857 1780 42 15 ans
929 1780 56 20 pour
1016 1776 90 21 réaliser

593 1797 89 21 l'œuvre
701 1798 121 24 inaugurée
842 1805 24 15 ce
884 1799 52 20 soir.
955 1800 19 20 Il
992 1805 30 15 en
1041 1805 15 15 a
1073 1801 33 20 dit

594 1821 30 20 les
635 1823 123 23 avantages
769 1824 24 18 et
806 1828 15 15 a
832 1823 99 24 exprimé
944 1824 32 20 les
988 1826 105 19 remercie-

594 1849 73 17 ments
684 1848 27 20 de
731 1847 89 20 l'Union
836 1847 182 25 professionnelle
1037 1850 23 19 et
1079 1849 26 20 de

594 1871 21 19 la
627 1871 142 23 corporation
782 1872 39 19 des
832 1871 150 24 Journalistes,
994 1877 44 15 aux
1051 1876 43 20 pou-

595 1895 57 19 voirs
663 1894 85 24 publics
759 1898 24 17 et
795 1895 14 20 à
822 1897 50 18 tous
884 1901 55 15 ceux
949 1896 36 23 qui
999 1897 40 20 ont
1049 1897 45 19 don-

594 1919 27 20 né
635 1920 49 19 leur
700 1920 68 23 appui
783 1919 14 19 à
814 1919 143 24 l'entreprise.

618 1942 43 20 Les
682 1943 46 19 très
749 1942 122 21 nombreux
894 1942 144 25 Journalistes
1056 1944 39 24 pré-

594 1968 62 18 sents
679 1968 41 19 ont
741 1968 133 19 sanctionné
897 1972 36 15 ses
957 1968 86 23 paroles
1067 1973 39 19 par

594 1992 38 19 des
650 1990 216 24 applaudissements
882 1992 94 20 nourris.

620 2015 37 19 Un
680 2015 109 20 excellent
807 2017 91 18 concert
918 2016 26 20 de
969 2015 137 25 symphonie,

595 2039 69 23 dirigé
677 2044 42 19 par
733 2039 21 20 le
769 2039 115 21 violoniste
899 2041 30 19 M.
944 2040 76 20 Prima
1035 2040 72 24 Sylva,

595 2068 15 14 a
627 2062 93 24 apporté
736 2064 23 19 la
777 2064 52 19 note
848 2064 115 23 artistique
982 2064 15 20 à
1015 2064 22 19 la
1056 2063 39 20 réu-

596 2088 54 19 nion
663 2088 37 23 qui
711 2088 53 19 s'est
781 2088 117 20 continuée
914 2093 42 19 par
973 2092 42 16 une
1031 2089 64 19 saute-

596 2112 31 19 rie
643 2111 45 20 très
703 2111 93 20 animée.
810 2121 26 5 —
851 2113 24 19 C.

759 2136 34 20 LE
808 2136 133 20 CONGRES

620 2165 33 19 La
664 2164 80 21 séance
759 2165 26 19 de
799 2166 80 20 travail
892 2166 29 19 du
934 2165 99 23 Congrès
1046 2165 26 20 dc
1086 2165 22 19 la

596 2189 76 19 Presse
685 2189 61 23 belge
758 2189 53 19 s'est
824 2190 66 18 tenue
904 2189 118 20 dimanche
1035 2189 73 20 matin

596 2213 57 19 dans
666 2213 23 19 la
704 2212 55 20 salle
773 2212 40 20 dea
827 2212 156 20 délibérations
1001 2214 30 19 du
1048 2214 48 19 Con-

596 2237 41 19 seU
659 2237 128 23 provincial,
808 2241 52 15 sous
883 2237 23 19 la
929 2236 127 24 présidence
1081 2236 27 20 de

597 2260 30 20 M.
649 2260 97 22 Fischer,
769 2260 112 23 président
904 2259 28 22 de
956 2260 103 20 l'Associa
1061 2260 46 19 tion

597 2284 101 23 générale
717 2284 27 20 de
763 2284 24 19 la
804 2285 77 19 Presse
897 2284 68 23 belge,
983 2284 79 20 assisté
1081 2284 27 21 de

597 2309 29 19 M.
639 2309 109 22 Lecomte,
764 2307 124 21 secrétaire.

621 2331 32 21 M.
671 2331 91 20 Fischer
781 2336 15 15 a
814 2332 77 19 ouvert
913 2332 32 19 les
966 2332 94 19 travaux
1080 2336 29 15 en

595 2358 141 21 prononçant
752 2360 43 15 une
810 2356 120 20 allocution
943 2355 57 21 dans
1014 2355 94 24 laquelle

597 2380 15 20 il
633 2384 14 15 a
666 2380 54 19 tenu
739 2380 15 19 à
774 2384 104 18 marquer
898 2379 23 20 la
937 2380 124 21 continuité
1081 2380 27 19 de

597 2403 89 20 l'œuvre
706 2403 39 20 des
765 2403 97 23 Congrès
881 2403 26 20 de
927 2404 22 19 la
968 2404 76 19 Presse
1065 2403 44 24 qui,

597 2427 84 23 chaque
701 2427 78 22 année,
801 2428 92 22 apporte
917 2428 37 19 des
977 2427 90 24 progrès
1086 2428 23 19 et

596 2454 43 16 une
655 2450 155 20 coordination
825 2451 49 23 plus
888 2451 80 21 étroite
984 2454 44 16 aux
1043 2451 54 19 insti-

597 2475 85 19 tutions
702 2474 26 20 de
748 2479 79 20 presse.
847 2476 19 18 A
885 2475 58 20 cette
964 2474 109 23 occasion,
1093 2474 15 20 il

597 2503 15 14 a
631 2499 71 20 rendu
726 2499 118 23 hommage
868 2498 15 20 à
905 2499 106 20 l'activité
1030 2500 24 19 et
1078 2501 30 17 au

596 2522 146 21 dévouement
757 2521 40 21 des
815 2522 91 20 anciens
923 2522 131 25 présidents.

621 2547 20 19 Il
654 2551 14 15 a
682 2546 112 22 remercié,
806 2547 93 20 ensuite,
912 2548 33 19 les
957 2546 102 24 pouvoirs
1067 2549 29 20 pu-

596 2570 53 20 blics
663 2571 27 19 de
705 2570 22 19 la
737 2571 127 23 sympathie
877 2570 63 24 qu'ils
954 2571 40 18 ont
1009 2570 98 20 montrée

597 2598 28 16 au
643 2594 99 23 Congrès
763 2595 24 18 et
808 2594 206 23 particulièrement
1036 2595 30 18 M.
1088 2594 18 19 le

595 2622 138 20 gouverneur
751 2618 30 19 du
799 2617 101 20 Brabant
919 2618 22 20 et
959 2622 36 15 ses
1014 2617 91 20 services

596 2642 179 20 administratifs.

620 2666 31 21 M.
669 2666 117 22 Heyvaert,
804 2665 91 24 greffier
913 2667 26 20 de
958 2664 21 21 la
998 2665 108 24 province,

595 2694 13 15 a
627 2689 100 24 répondu
742 2694 28 15 en
788 2689 39 20 des
845 2691 82 18 termes
944 2689 36 24 qui
999 2690 40 18 ont
1055 2692 40 19 pro-

594 2715 69 22 voqué
676 2714 39 20 des
731 2713 215 24 applaudissements
962 2713 46 20 très
1023 2712 43 20 vifs
1081 2712 27 20 de

595 2738 136 20 l'assistance
748 2738 112 19 unanime.

620 2763 31 19 M.
662 2762 90 19 Fischer
762 2766 14 15 a
786 2762 62 19 salué
859 2761 22 20 la
891 2761 104 24 présence
1007 2765 29 16 au
1048 2762 48 19 Con-

596 2786 48 24 grès
657 2787 26 18 de
696 2787 30 18 M.
738 2786 109 21 Clément,
857 2785 90 23 délégué
959 2785 26 20 de
1000 2785 22 19 la
1034 2788 74 20 presse

596 2811 30 19 du
644 2810 170 20 Grand-Duché
833 2810 27 20 de
879 2809 160 23 Luxembourg.

622 2834 30 19 M.
667 2833 101 21 Clément
786 2838 14 15 a
818 2831 100 25 répondu
936 2838 29 14 cn
982 2832 127 24 exprimant

597 2858 31 19 les
640 2858 134 20 sentiments
788 2858 27 19 de
828 2858 72 18 bonne
913 2856 77 22 amitié
1002 2857 39 19 des
1054 2861 43 15 con-

597 2882 70 19 frères
685 2882 30 20 du
734 2886 54 19 pays
806 2881 56 20 dont
880 2881 32 20 les
930 2880 110 22 destinées
1057 2880 40 21 éco-

597 2906 115 22 nomiques
728 2907 52 18 sont
799 2904 107 20 associées
925 2909 44 15 aux
985 2904 81 20 nôtres.

622 2930 85 23 L'objet
718 2931 143 22 proprement
870 2930 34 19 dit
915 2930 27 19 de
955 2931 22 18 la
990 2927 93 21 réunion
1096 2933 13 15 a

598 2954 35 20 été
650 2953 82 21 aterdé
749 2954 87 19 ensuite
855 2953 36 23 qui
911 2952 57 20 était
984 2953 21 19 la
1025 2952 73 20 discus-

597 2978 50 19 sion
662 2978 27 19 de
708 2977 22 20 la
748 2977 178 24 réorganisation
943 2977 120 23 organique
1083 2977 26 20 de

599 3001 108 21 l'Institut
731 3005 56 20 pour
809 3001 155 22 Journalistes,
987 3001 38 23 qui
1045 3000 51 20 fonc-

598 3026 76 19 tionne
686 3026 78 22 depuis
778 3025 67 20 douze
860 3029 47 15 ans.

623 3049 31 21 ML
666 3051 68 20 Dons,
746 3049 113 24 président
872 3049 120 20 fondateur
1002 3049 28 19 de
1044 3049 53 19 l'Ins-

599 3074 60 21 titut,
675 3073 14 19 à
704 3072 107 20 l'activité
826 3074 27 18 de
871 3072 36 25 qui
924 3072 16 20 il
958 3076 14 16 a
988 3072 35 21 été
1039 3073 71 19 rendu

598 3098 124 22 hommage,
740 3101 41 19 par
797 3097 24 19 la
840 3096 83 20 lecture
946 3096 53 20 d'un
1018 3097 92 22 rapport

600 3121 44 20 très
654 3121 83 20 nourri,
749 3124 15 16 a
774 3123 78 18 ouvert
861 3120 20 20 le
894 3120 73 21 débat,
978 3120 80 23 auquel
1070 3122 40 18 ont

599 3145 45 21 pris
657 3145 52 24 part
722 3145 55 20 MM.
790 3145 100 21 Tasnier,
903 3145 105 22 Vlietlnk,
1020 3145 90 19 Liesen-

599 3170 75 23 borgh,
689 3170 33 19 De
736 3169 93 23 G-eynst.
840 3168 96 23 Fischer,
948 3169 86 21 Henen,
1048 3168 50 20 Hou-

598 3194 71 20 siaux,
686 3193 105 20 Thomas.
809 3192 70 24 Olyff,
895 3193 38 23 qui
952 3193 39 19 ont
1010 3193 43 19 fait
1072 3193 38 19 des

599 3218 138 22 suggestions
756 3216 46 20 très
821 3216 65 20 utiles
905 3217 25 19 et
949 3216 46 20 très
1015 3216 83 20 intéres-

599 3242 82 19 santes.

625 3266 30 18 M.
676 3265 104 21 Thomas,
800 3264 114 25 président
935 3264 26 20 de
983 3264 23 20 la
1025 3264 85 20 section

599 3288 137 22 bruxelloise,
754 3289 86 22 lorsque
860 3293 24 15 ce
904 3288 63 23 point
986 3287 26 21 de
1031 3287 79 21 l'ordre

599 3313 31 19 du
644 3314 51 22 jour
708 3313 36 20 fut
758 3312 81 23 épuisé,
852 3317 13 14 a
878 3312 71 20 rendu
965 3312 116 24 hommage
1096 3312 14 18 â

599 3337 105 20 l'activité
721 3336 27 20 de
765 3336 56 20 MM.
837 3336 96 23 Fischer,
951 3335 120 24 président,
1088 3337 22 19 et

599 3361 99 19 Maurice
719 3361 123 21 Duwaerts,
863 3360 111 20 directeur
997 3361 30 20 du
1050 3360 48 19 Con-

599 3385 56 25 grès.

624 3410 41 19 Les
682 3408 156 23 congressistes
854 3412 23 15 se
895 3409 52 19 sont
964 3407 88 23 rendus,
1069 3412 29 16 en-

599 3433 65 22 suite,
688 3432 15 20 à
727 3433 95 19 l'ancien
846 3432 61 20 hôtel
932 3431 126 20 communal
1082 3432 27 19 de

599 3457 95 23 Laeken,
713 3456 29 20 où
762 3461 31 15 un
810 3456 69 19 lunch
895 3456 49 19 leur
964 3460 14 15 a
998 3456 34 20 été
1052 3456 58 19 servi

599 3485 41 20 par
658 3481 33 19 les
708 3480 62 20 soins
788 3480 27 20 de
834 3478 197 22 l'administration
1048 3484 50 15 com-

599 3505 90 20 munale
708 3504 27 20 de
756 3506 21 19 la
798 3504 50 19 ville
869 3504 26 19 de
914 3503 115 20 Bruxelles
1047 3504 23 19 et
1090 3503 19 19 le

598 3528 80 21 comité
691 3528 116 23 teshnlque
819 3527 28 20 de
861 3526 143 24 l'Exposition
1017 3527 27 20 de
1057 3526 54 23 1935,

598 3552 148 24 l'après-midi
765 3552 83 20 devant
867 3551 47 20 étre
935 3550 99 31 employé
1055 3551 13 21 à
1088 3550 23 20 la

598 3577 63 19 visite
681 3576 38 20 des
737 3576 97 20 terrains
851 3574 30 21 du
899 3574 87 24 Heysel.

145 4384 36 28 UN
202 4386 256 29 TAMPONNEMENT
480 4385 18 27 A

130 4428 383 31 SAINT:PIERRE-DES-CORPS

107 4466 63 26 Tours,
183 4473 12 18 t
209 4474 53 22 juin.
277 4485 26 4 —
320 4474 53 20 Près
390 4473 27 20 de
434 4473 22 19 la
474 4476 52 20 gare
544 4471 27 19 de

92 4492 23 26 ?"'
116 4492 18 18 ln
135 4494 217 28 '.-Pierre-des-Corps,
379 4498 104 23 l'express
509 4496 63 19 Nan-

92 4515 85 34 JrtVwa
188 4525 13 15 i
214 4523 125 23 tamponné,
354 4526 49 15 vers
418 4522 12 18 '2
446 4521 80 20 heures
541 4519 30 20 du

91 4540 33 32 tr?
130 4561 11 11 o
164 4546 36 17 une
210 4547 85 19 navette
307 4547 86 19 faisant
405 4547 19 19 le
435 4543 84 22 service
532 4547 28 16 en-

92 4564 29 15 tre
129 4564 94 23 aamt-Pis.
224 4574 32 16 rre
258 4571 25 19 .(j
283 4575 24 15 es
309 4571 82 23 -Ccrps
401 4571 23 19 et
433 4570 78 19 Tours.

112 4588 26 32 i_e
152 4588 76 26 lourtfon
244 4595 26 20 de
287 4600 23 15 ce
327 4595 89 20 dernier
433 4594 85 21 convoi,
535 4591 36 24 qui

87 4631 45 15 ms-s,
163 4612 45 23 évea
207 4617 35 22 *«.
258 4620 33 19 est
307 4620 55 19 sorti
380 4619 39 19 des
436 4617 60 22 rails,
514 4615 57 21 ainsi

86 4637 28 16 qu
121 4637 27 16 un
164 4639 51 20 autre
227 4645 74 21 wagon
317 4648 24 15 se
358 4644 107 20 trouvant
482 4646 30 15 au
528 4640 31 20 mi-

85 4657 41 19 lieu
138 4657 27 21 du
176 4664 70 21 convoi.

84 4680 68 37 hs^il
148 4687 13 19 8
162 4684 48 33 ''^
220 4692 11 15 v
231 4693 102 22 °F»geurs
346 4693 40 19 ont
400 4694 53 20 reçu
466 4689 39 21 des
518 4693 41 16 con-

84 4705 79 21 tusions
175 4709 20 20 di
196 4714 67 21 verses.
275 4726 25 4 —
312 4716 22 19 H
335 4721 13 14 a
350 4720 45 15 vas.

135 4762 56 30 UNE
213 4767 107 32 GROSSE
345 4764 171 35 INDEMNITÉ

80 4820 45 38 ats.?!
127 4823 29 20 Cc!
155 4824 16 34 ï!
170 4825 48 23 10lm
220 4843 5 8 s
241 4831 11 19 3
269 4833 56 22 Juin.
344 4843 25 5 —
388 4833 70 20 Outre
477 4832 23 19 la
518 4835 55 16 con-

81 4847 118 23 aaninathm
212 4854 12 19 à
239 4854 20 20 la
275 4857 73 22 prison
362 4856 55 20 dont
432 4857 31 19 M.
478 4855 95 20 Torsten

81 4871 96 35 SS?"«
184 4878 14 16 a
210 4876 34 23 été
260 4879 21 19 fr
282 4881 56 22 aPP*
351 4885 28 15 en
395 4879 115 21 deuxième
526 4879 47 20 1ns-

80 4898 36 31 tïï
125 4911 20 18 m'
164 4898 129 25 'indemnité
317 4904 51 23 qu'il
391 4904 47 20 doit
462 4908 74 17 verser
560 4908 13 15 a

80 4919 111 41 «■^portée
202 4923 14 21 à
231 4926 96 23 1,500,000
343 4932 129 16 couronnes.
486 4938 26 5 —
525 4927 48 20 Ha-

93 4996 176 37 CONVENTION
284 5007 277 30 RUSSO-POLONAISE

82 5065 108 27 .Moscou,
204 5071 11 20 3
229 5072 55 23 juin.
298 5084 25 4 -
337 5075 32 19 De
384 5075 95 23 l'agence
494 5077 56 19 Tass
568 5080 5 15 :

83 5102 32 23 „„',
123 5093 111 26 Kretlnsky
247 5097 23 19 et
283 5097 20 19 le
320 5098 99 21 ministre
436 5099 27 20 de
479 5099 95 24 Pologne

83 5117 34 14 oni
129 5117 57 21 signé
201 5123 41 16 une
259 5120 98 21 nouvelle
372 5123 133 20 convention
520 5127 56 20 pour

84 5157 22 21 de
120 5161 32 21 tro
152 5144 11 15 e
167 5164 28 19 uè
198 5143 23 19 Ct
242 5143 19 21 le
283 5143 120 25 règlcment
423 5146 40 20 deB
484 5147 91 20 conflits

84 5183 37 35 .„fè
120 5184 25 22 lle
140 5208 13 10 „
157 5190 80 22 remi)l!1
238 5195 11 6 ''
250 5195 37 16 era
302 5193 22 19 la
339 5194 132 19 convention
485 5194 26 20 de
528 5195 47 20 1925

84 5211 142 22 «tueuement
236 5218 30 16 en
279 5215 95 24 vigueur.
387 5226 25 6 —
424 5217 75 24 Belga.

634 3628 139 34 CONGRÈS
798 3632 37 27 DE
864 3632 211 28 MUTUALISTES

624 3701 73 22 Gand.
708 3702 12 18 4
729 3701 55 23 juin.
793 3710 26 4 —
829 3700 30 20 Le
870 3700 36 19 46e
916 3698 98 24 Congrès
1026 3699 81 20 annuel

598 3726 27 21 de
658 3726 89 20 l'Union
777 3724 114 20 nationale
909 3724 38 19 des
965 3723 143 20 Fédérations

599 3749 140 20 mutualistes
753 3749 91 19 neutres
860 3748 27 20 de
904 3747 104 24 Belgique
1024 3748 54 30 t__
1095 3745 14 21 à

598 3773 90 25 présent
702 3778 35 15 ses
750 3773 79 19 assises
844 3772 14 20 à
874 3772 73 19 Gand.
1038 3767 40 25 ASt

624 3798 30 20 Ce
668 3796 98 24 Congrès
778 3800 28 16 va
820 3796 26 20 de
860 3795 49 24 pair
921 3799 53 16 avec
986 3794 20 21 le
1018 3795 36 20 50e
1066 3799 30 15 an-

597 3821 120 21 niversaire
737 3821 27 20 de
783 3820 22 20 la
823 3818 86 22 Société
935 3819 100 23 gantoise
1066 3819 41 19 (De

598 3846 63 20 Ware
676 3844 188 24 Brocderllcfdelp
879 3851 9 11 »
914 3844 25 20 et
950 3848 14 15 a
976 3841 80 22 débuté
1069 3847 26 15 sa-

598 3870 58 19 medi
687 3873 41 20 par
761 3869 23 20 la
815 3868 114 24 réception
948 3867 39 20 des
1007 3866 101 24 délégués

597 3894 114 23 étrangers
728 3893 38 24 qui
782 3893 38 19 fut
836 3892 55 20 faite
911 3896 42 20 par
972 3891 21 20 le
1013 3895 81 19 groupe-

598 3919 62 19 ment
674 3917 90 24 gantois
790 3917 41 20 des
859 3915 93 21 sociétés
967 3915 141 20 mutualistes

598 3943 95 19 neutres.

621 3966 125 20 Dimanche
759 3964 79 22 matin,
851 3968 32 16 un
896 3963 87 23 cortège
995 3963 112 24 imposant

597 3991 146 23 comprenant
753 3989 39 20 des
802 3988 138 24 délégations
949 3988 26 20 de
988 3986 120 22 Bruxelles.

598 4015 89 22 Anvers,
702 4014 106 22 Louvain,
824 4013 80 22 Lierre,
921 4012 98 21 Pleuras,
1037 4010 70 24 Liège,

597 4039 56 23 Huy,
669 4039 69 21 Alost,
754 4038 93 22 Renaix,
865 4037 106 22 Solgnies,
988 4034 119 22 Wetteren.

597 4063 74 22 Gand,
680 4063 49 20 etc..
738 4066 24 16 se
773 4062 73 19 forma
858 4061 82 20 devant
951 4060 19 20 le
983 4059 56 20 local
1048 4059 27 20 de
1085 4059 22 19 la

597 4086 85 20 Société
695 4086 102 23 jubilaire
813 4093 9 8 »
837 4086 32 19 De
882 4085 64 19 Ware
958 4083 149 21 Broederllef-

597 4110 26 20 de
640 4119 8 7 »
664 4111 25 19 et
701 4115 25 16 se
740 4110 91 23 dirigea,
843 4109 100 23 musique
954 4113 30 16 en
999 4107 45 21 tète
1058 4112 49 15 vers

597 4134 19 21 le
634 4134 93 20 Marché
744 4138 45 15 aux
805 4133 83 20 Grains
906 4132 29 20 où
951 4132 31 20 les
997 4131 110 20 membres

597 4158 122 23 dirigeants
732 4158 26 20 de
772 4158 23 19 la
807 4156 120 21 Mutualité
941 4161 29 15 en
984 4155 45 21 fête
1041 4156 23 19 et
1076 4156 31 19 les

597 4181 101 24 délégués
714 4182 38 20 des
767 4181 157 24 groupements
939 4180 115 23 étrangers
1069 4179 25 20 fu-

597 4206 50 20 rent
660 4210 64 18 reçus
737 4210 29 16 au
782 4205 57 20 local
852 4209 41 20 par
909 4204 19 20 le
945 4203 86 21 Comité
1043 4204 29 19 de
1085 4204 21 20 la

598 4230 131 20 Fédération
744 4229 101 24 composé
861 4229 27 20 de
901 4229 55 19 MM.
971 4227 59 21 Léon
1044 4227 62 20 Pori-

597 4254 54 22 niot.
665 4253 121 24 président;
801 4253 86 20 Arthur
900 4254 32 18 De
946 4253 91 22 Keyser.
1048 4252 59 19 vice-

597 4278 119 23 président,
733 4279 48 20 etc.,
801 4277 58 20 ainsi
878 4281 42 19 que
938 4281 42 19 par
1000 4276 22 20 la
1040 4277 55 19 Com-

597 4302 91 19 mission
700 4302 39 19 des
751 4301 64 20 fétes.

622 4326 44 19 Des
684 4326 76 22 gerbes
776 4325 78 19 furent
869 4325 92 19 remises
978 4328 43 16 aux
1036 4327 58 16 mem-

597 4350 50 19 bres
660 4349 30 20 du
702 4348 80 21 comité
795 4349 28 20 de
835 4349 23 19 la
870 4348 86 20 Société
968 4348 102 23 Jubilaire
1084 4347 22 22 et

597 4374 20 20 le
631 4374 39 19 vin
682 4373 123 20 d'honneur
819 4372 36 20 fut
868 4372 76 21 offert,
956 4372 13 20 à
983 4372 23 20 11
1021 4372 84 20 heures.

595 4398 41 19 Les
649 4397 157 23 congressistes
821 4397 46 19 fort
881 4396 122 20 nombreux
1019 4398 40 18 ont
1070 4396 36 19 été

597 4426 63 18 reçus
675 4421 14 20 à
707 4420 77 20 l'hôtel
813 4420 28 20 de
868 4420 50 20 ville
937 4424 41 19 par
996 4419 110 21 l'autorité

596 4444 146 21 communale.

622 4470 31 19 M.
668 4468 108 20 l'échevin
795 4468 137 22 Carpentier.
950 4468 105 20 souhaita
1085 4467 22 20 la

596 4493 122 20 bienvenue
730 4493 23 19 et
765 4492 55 20 MM.
833 4491 99 21 Pcrlniot
943 4493 22 18 et
978 4492 32 19 De
1022 4492 84 22 Keyser

597 4517 143 23 répondirent
754 4520 29 15 au
799 4520 53 15 nom
864 4516 40 19 des
919 4516 162 22 congressistes.

621 4539 156 25 L'après-midi
797 4540 32 19 les
847 4540 93 19 travaux
958 4539 30 20 du
1009 4539 98 23 Congrès

596 4566 41 19 ont
650 4564 88 21 débuté.
753 4564 41 19 Les
805 4563 97 20 sections
916 4568 23 14 se
954 4564 51 18 sont
1019 4562 87 21 réunies

597 4590 22 19 et
634 4593 24 16 se
674 4589 52 19 sont
741 4586 105 24 occupées
861 4587 39 19 des
912 4588 104 22 rapports
1041 4588 65 18 entre

596 4612 93 21 sociétés
708 4611 142 21 mutualistes
865 4611 23 19 et
905 4610 32 20 les
955 4611 152 19 commissions

596 4637 143 21 d'assistance
752 4635 110 23 publique,
876 4634 26 20 de
917 4634 150 23 l'application
1079 4634 27 20 de

597 4660 87 21 l'arrêté
697 4660 61 23 royal
772 4659 30 20 du
815 4659 24 19 22
849 4658 115 20 décembre
977 4658 54 20 1931.
1044 4658 27 20 de
1085 4659 21 20 la

596 4684 119 21 mutualité
728 4684 78 19 neutre
820 4683 13 19 à
846 4683 21 19 la
879 4686 128 18 campagne,
1019 4682 38 19 des
1069 4686 25 15 so-

597 4708 68 21 ciétés
679 4707 117 21 mutuelles
813 4706 28 21 de
858 4706 95 20 maladie
968 4706 23 19 et
1008 4705 32 20 les
1056 4710 38 15 mu-

596 4732 91 21 tualités
699 4732 27 20 de
738 4731 98 20 retraite.

618 4783 139 35 CONGRÈS
775 4783 124 32 D'ÉTATS
923 4785 165 28 AGRICOLES

620 4855 115 22 Bucarest.
749 4854 13 20 4
777 4854 56 24 juin.
847 4863 27 5 —
887 4851 146 24 Aujourd'hui
1049 4851 47 20 s'ou-

596 4886 37 15 vre
652 4880 14 20 à
679 4878 114 24 Bucarest,
806 4879 23 20 la
842 4876 137 22 Conférence
993 4876 39 20 des
1045 4875 64 19 Etats

596 4905 107 24 agricoles
715 4904 27 20 de
758 4903 54 19 l'Est
826 4902 24 20 et
865 4901 31 20 du
911 4901 82 19 Centre
1010 4900 26 20 de
1050 4899 46 20 l'Eu-

596 4934 59 20 rope.

622 4954 64 21 Cette
707 4950 137 23 Conférence
864 4952 109 20 groupera
990 4948 32 20 les
1049 4946 48 20 délé-

596 4978 54 24 gués
663 4977 40 20 des
718 4977 12 19 8
745 4976 64 19 Etats
824 4973 37 25 qui
874 4972 127 21 décidèrent
1016 4975 29 15 tn
1061 4970 48 20 1930

597 5004 27 19 de
639 5003 84 20 former
738 5004 32 15 un
782 4998 48 21 seul
845 4997 48 21 bloc
909 4997 33 19 dlt
959 5003 8 11 .
982 4995 53 20 Bloc
1050 4994 48 23 agri-

597 5027 46 20 cole
658 5026 27 21 de
701 5024 54 20 l'Est
769 5021 110 25 européen
892 5029 17 13 ».
925 5024 56 20 pour
994 5019 22 19 la
1031 5017 67 21 défen-

597 5056 23 15 se
641 5051 27 19 de
687 5049 59 20 leurs
762 5046 94 21 intérêts
876 5043 145 26 particuliers.

622 5076 42 19 Les
681 5077 55 20 pays
753 5071 103 21 suivants
872 5069 52 19 sont
943 5066 137 25 représentés
1102 5070 6 15 :

597 5096 113 25 Esthonle,
731 5094 108 22 Lettonie,
855 5092 103 23 Pologne,
978 5089 119 22 Tchécoslo-

597 5123 85 24 vaquie,
711 5119 104 24 Hongrie,
841 5116 130 23 Roumanie,
985 5114 122 23 Yougosla-

598 5152 13 15 V
622 5171 42 20 Les
676 5158 167 35 représentants
855 5164 28 21 de
895 5163 22 21 la
931 5161 70 22 Grèce
1012 5162 23 20 et
1049 5160 26 21 de
1086 5162 24 20 la

598 5194 95 24 Turquie
708 5190 131 22 assleteront
851 5192 44 17 aux
907 5188 94 19 travaux
1012 5190 29 16 en
1052 5189 43 20 qua-

598 5219 38 22 lité
653 5215 181 24 d'observateur».
847 5221 27 7 —
889 5211 76 23 Belg».

1185 300 41 31 ON
1246 301 320 47 AVANCEJ.ENTEMENT

1203 369 42 30 UN
1264 369 145 31 RAPPORT
1428 360 124 39 ADOPTÉ

1195 415 21 28 A
1229 413 61 31 UNE
1304 413 90 30 BELLE
1407 405 156 38 MAJORITÉ

1150 473 95 23 Genève,
1261 474 11 19 3
1286 474 54 23 juin.
1356 484 25 4 —
1395 474 29 19 Le
1440 472 111 25 problème
1567 473 27 20 de
1609 471 22 21 la

1126 498 117 19 limitation
1261 499 38 19 des
1316 498 106 23 dépenses
1438 498 27 21 de
1481 497 90 20 défense
1589 501 29 15 na-

1125 522 82 20 tionale
1225 527 13 14 a
1256 522 48 22 falt,
1322 522 147 23 aujourd'hui,
1486 526 31 15 un
1531 525 100 16 nouveau

1125 550 45 20 pas,
1184 546 13 19 à
1212 545 20 20 la
1247 546 131 20 conférence
1393 546 29 20 du
1437 545 169 21 désarmement.

1150 570 31 19 La
1195 570 141 20 commission
1348 571 39 18 des
1403 570 112 23 dépenses,
1530 569 56 20 dont
1601 570 31 19 les

1125 595 137 19 conclusions
1277 596 76 18 seront
1368 594 108 19 discutées
1492 593 113 21 mercredi,
1618 592 14 21 à

1126 618 20 19 la
1160 618 130 20 conférence
1302 619 30 19 du
1345 618 169 21 désarmement,
1527 622 14 14 a
1554 618 77 18 retenu

1125 642 14 20 à
1153 642 137 19 l'unanimité
1304 646 22 15 et
1338 642 76 20 décidé
1426 642 27 19 dc
1466 641 166 19 recommander

1126 666 13 20 à
1157 667 21 18 la
1196 666 137 22 conférenco,
1347 666 21 19 la
1385 665 103 24 publicité
1502 666 23 18 et
1543 665 19 19 le
1579 669 52 15 con-

1127 690 54 20 t.ôle
1196 690 39 19 des
1248 689 107 24 dépenses
1369 689 122 19 militaires.

1152 714 58 19 Pour
1226 714 20 19 la
1263 713 69 20 limite
1349 714 38 19 des
1403 713 112 23 dépenses,
1532 712 30 19 les
1579 717 42 14 con-

1127 738 95 19 clusions
1239 738 29 19 du
1289 738 96 23 rapport,
1404 736 123 19 favorables
1548 735 13 20 à
1584 735 37 20 l'In-

1127 762 84 20 clusion
1229 762 26 19 de
1273 762 22 19 la
1312 762 94 19 réforme
1424 761 56 18 dans
1498 760 22 19 la
1537 763 84 16 conven-

1128 786 47 19 tion
1192 786 29 19 du
1238 785 169 22 désarmement,
1423 785 39 18 ont
1478 782 35 20 été
1530 783 104 23 adoptées

1128 813 40 20 par
1179 813 43 16 une
1233 809 103 23 majorité
1347 808 153 20 substantielle
1512 807 27 20 de
1551 808 22 19 18
1585 812 48 15 voix

1128 834 76 19 contre
1213 833 18 20 5.

1153 857 41 20 Les
1209 857 49 23 cinq
1274 857 64 19 Etats
1351 856 120 23 opposants
1482 854 52 20 sont
1552 859 6 15 :
1575 855 46 20 Alle-

1128 885 87 19 magne,
1232 880 71 22 Italie,
1319 879 109 24 Bulgarie.
1446 878 68 22 Cuba.
1532 878 103 24 Hongrie.

1154 905 46 19 Ont
1215 905 80 22 adopté
1310 908 43 15 une
1368 903 95 20 attitude
1478 904 131 22 expectante
1627 909 5 14 :

1129 929 31 19 les
1180 929 137 21 Etats-Unis,
1337 928 20 19 la
1374 926 222 24 Grande-Bretagne,
1616 928 19 19 le

1129 953 92 19 Canada
1236 953 23 18 et
1270 952 109 19 l'Estonie.

1154 977 41 18 Ces
1212 977 63 18 Etats
1290 977 51 18 sont
1357 975 69 19 d'avis
1442 979 41 19 que
1500 974 20 20 le
1536 975 99 24 principe

1129 999 26 20 de
1172 1000 21 19 la
1206 999 94 20 réforme
1315 1000 47 18 doit
1377 998 46 21 Ôtre
1438 999 92 19 tranché
1545 999 90 20 d'abord

1129 1028 41 19 par
1185 1024 21 19 la
1222 1023 140 20 commission
1377 1021 108 24 générale,
1500 1023 22 19 ct
1535 1027 45 15 non
1596 1028 40 19 par

1130 1048 20 19 la
1171 1047 140 19 commission
1331 1045 38 21 des
1389 1045 112 24 dépenses.
1521 1046 74 22 Enfin,
1617 1048 18 19 le

1129 1071 79 23 Japon,
1224 1073 48 17 tout
1287 1075 28 15 en
1329 1070 118 22 acceptant
1463 1069 19 20 le
1498 1070 98 24 principe
1609 1072 26 19 de

1130 1095 21 19 la
1164 1094 119 19 limitation
1296 1093 38 20 dès
1345 1091 147 24 maintenant,
1504 1095 77 19 estime
1594 1099 41 19 que

1129 1119 150 22 l'application
1297 1118 47 19 doit
1361 1122 28 15 en
1406 1117 47 20 être
1470 1118 93 20 différée
1581 1123 43 19 pen-

1130 1142 55 19 dant
1198 1142 104 23 quelques
1316 1141 90 22 années.
1416 1150 25 6 —
1455 1142 80 20 Havas.

1206 1178 199 18 AMENDEMENT
1421 1177 141 24 FRANÇAIS

1155 1206 95 22 Genève,
1263 1207 12 18 3
1288 1206 55 23 Juin.
1356 1216 26 5 —
1392 1207 32 19 La
1435 1206 124 23 délégation
1573 1208 51 19 fran-

1129 1231 58 22 çaise
1205 1230 13 19 â
1236 1231 21 18 la
1274 1229 130 20 conférence
1422 1230 29 20 du
1469 1230 169 23 désarmement,

1130 1255 96 21 prenant
1242 1255 48 18 acte
1306 1254 30 20 du
1352 1255 50 19 vote
1414 1254 61 24 émis,
1490 1259 25 15 ce
1531 1255 78 23 matin,
1624 1256 14 20 à

1130 1278 21 19 la
1168 1278 140 19 commission
1325 1277 39 20 des
1381 1278 106 24 dépenses
1504 1279 26 20 de
1547 1279 91 21 défense

1130 1302 121 21 nationale,
1266 1306 13 15 a
1291 1300 86 25 déposé,
1390 1306 40 16 sur
1444 1303 20 19 le
1477 1303 83 20 bureau
1575 1304 27 20 de
1617 1305 21 19 la

1130 1325 137 23 conférence,
1282 1328 38 19 des
1334 1327 168 20 amendements
1513 1328 97 20 destinés
1625 1329 13 20 à

1130 1349 129 22 Introduire,
1271 1349 57 20 dans
1340 1350 20 20 le
1372 1350 73 24 projet
1456 1350 148 26 britannique,
1616 1353 21 20 la

1131 1373 121 20 limitation
1268 1373 85 24 globale
1369 1375 39 20 des
1424 1374 106 25 dépenses
1546 1377 80 20 militai-

1130 1400 41 17 res.

1156 1421 46 20 Elle
1218 1422 47 19 fera
1281 1421 27 21 de
1324 1422 78 24 même,
1417 1424 177 22 incessamment,
1610 1431 27 15 en

1130 1449 25 15 ce
1173 1446 36 23 qui
1227 1450 107 16 concerne
1351 1447 22 20 la
1390 1449 141 23 suppression
1549 1450 23 20 et
1588 1450 39 20 l'In-

1131 1470 218 21 ternationalisation
1362 1471 27 21 de
1407 1471 22 21 la
1445 1472 134 22 fabrication
1592 1475 33 23 pri-

1131 1495 38 18 vée
1187 1494 38 19 des
1244 1499 72 16 armes
1332 1496 23 19 et
1371 1497 122 21 munitions
1511 1498 27 21 de
1554 1503 84 18 guerre.

1131 1525 25 8 —
1169 1518 82 20 Havas.

1200 1556 104 19 PIERRE
1328 1557 239 21 D'ACHOPPEMENT

1153 1584 97 23 Genève,
1266 1586 12 19 3
1295 1586 57 23 juin.
1368 1597 26 4 —
1408 1587 33 19 La
1457 1588 101 23 question
1576 1589 27 19 de
1617 1589 22 19 la

1129 1608 134 20 fabrication
1280 1610 39 20 des
1337 1614 72 17 armes
1424 1612 24 20 et
1465 1612 39 20 des
1518 1613 120 18 munition.,

1127 1636 24 15 se
1164 1632 135 24 présentera,
1312 1635 22 19 la
1345 1635 98 19 semaine
1456 1635 127 24 prochaine,
1590 1636 49 19 tant

1128 1656 83 20 devant
1229 1657 22 19 la
1272 1658 131 20 conférence
1426 1659 30 20 du
1477 1659 163 20 désarmement

1127 1684 42 20 que
1188 1681 57 20 dans
1263 1681 31 19 les
1312 1681 165 22 conversations
1492 1684 117 23 politiques
1626 1685 13 19 à

1127 1705 70 20 Paris,
1209 1709 53 15 sous
1277 1710 31 15 un
1323 1706 51 23 jour
1387 1706 114 24 beaucoup
1517 1708 71 19 moins
1603 1707 24 19 fa-

1128 1729 88 19 vorable
1231 1733 41 20 que
1285 1729 20 20 le
1319 1730 111 24 problème
1444 1731 27 19 de
1483 1731 22 19 la
1519 1731 121 19 limitation

1128 1752 135 24 budgétaire.
1277 1754 65 20 C'est,
1358 1755 29 18 du
1405 1754 77 24 moins,
1499 1759 24 15 ce
1539 1755 37 23 qui
1592 1758 36 16 res-

1127 1780 47 17 sort
1187 1777 27 19 de
1227 1777 21 19 la
1261 1777 80 20 séance
1353 1778 103 23 publique
1470 1780 66 18 tenue
1548 1778 80 23 aujour-

1128 1801 61 19 d'hui
1204 1806 42 19 par
1259 1801 20 19 le
1293 1802 79 20 comité
1386 1802 90 23 spécial.

1154 1825 91 23 Jusqu'à
1264 1830 24 15 ce
1308 1826 56 22 jour,
1383 1827 20 19 le
1423 1827 80 20 comité
1518 1826 82 24 spécial
1616 1830 23 15 se

1129 1849 77 19 trouve
1227 1849 68 19 divisé
1315 1854 27 14 en
1365 1850 56 19 deux
1448 1850 82 23 parties
1561 1850 79 23 égales.

1129 1874 63 18 Dans
1207 1873 19 19 le
1243 1877 65 19 camp
1321 1873 41 19 des
1376 1874 64 19 Etats
1455 1874 37 23 qui
1503 1878 24 15 se
1540 1874 101 19 refusent

1129 1897 15 20 à
1164 1897 23 19 la
1208 1897 185 22 réglementation
1414 1898 27 19 de
1464 1899 22 18 la
1507 1897 134 20 fabrication

1129 1920 73 23 privée
1215 1922 25 17 et
1254 1920 80 21 d'Etat,
1347 1921 99 22 figurent
1460 1921 32 19 lea
1503 1921 138 23 Etats-Unis,

1130 1944 149 23 l'Angleterre,
1293 1945 20 19 le
1331 1946 80 22 Japon,
1426 1945 88 23 l'Italie,
1529 1945 101 19 l'Allema-

1130 1973 41 19 gne
1192 1970 23 17 et
1233 1969 23 19 la
1274 1969 72 19 Perse.

1156 1993 62 19 Dans
1243 1992 19 19 le
1283 1996 65 20 camp
1373 1992 86 24 opposé,
1482 1997 24 15 se
1531 1993 110 21 trouvent,

1131 2021 43 15 aux
1189 2016 61 20 côtés
1267 2017 27 19 de
1312 2016 22 19 la
1352 2017 84 19 Prance
1455 2022 5 14 :
1480 2017 122 23 l'Espagne,
1620 2018 21 19 la

1131 2040 101 23 Pologne,
1254 2040 20 19 le
1295 2041 135 21 Danemark,
1453 2042 21 18 la
1496 2041 103 23 Turquie,
1621 2042 20 19 le

1131 2064 107 23 Mexique.
1258 2065 30 19 Le
1310 2064 111 24 problème
1438 2069 24 15 se
1485 2069 77 19 posera
1585 2066 56 19 donc

1130 2092 29 16 en
1179 2089 73 18 entier
1268 2089 82 19 devant
1371 2088 23 19 la
1414 2089 140 19 commission
1575 2088 54 24 géné-

1131 2112 45 19 rale
1193 2112 85 23 lorsque
1297 2112 85 20 celle-ci
1400 2112 129 21 l'abordera,
1546 2117 28 15 en
1590 2116 39 20 pre-

1131 2136 67 20 mière
1220 2136 89 23 lecture,
1332 2135 230 21 vraisemblablement
1583 2141 48 16 mer-

1131 2160 59 20 credi
1202 2160 114 23 prochain.
1330 2169 26 5 —
1369 2160 81 19 Havas.

1168 2196 31 19 M.
1221 2196 226 19 PAUL-BONCOUR
1471 2196 134 19 S'EXCUSE

1155 2226 68 22 Lyon.
1241 2225 11 20 3
1271 2226 56 22 Juin.
1345 2235 26 5 —
1389 2226 31 19 M.
1439 2226 171 19 Paul-Boncour
1629 2231 12 14 a

1131 2249 136 24 télégraphié
1286 2250 15 19 à
1318 2248 31 22 M.
1369 2250 96 19 Herriot.
1481 2249 113 24 président
1615 2250 27 20 de

1131 2273 23 19 la
1173 2273 146 20 Commission
1339 2273 41 19 des
1397 2273 97 20 Affaires
1515 2273 128 23 étrangères

1132 2297 26 20 de
1173 2297 23 19 la
1211 2297 117 23 Chambre,
1343 2301 56 19 pour
1412 2297 20 20 îe
1447 2297 59 24 prier
1520 2297 27 19 de
1562 2297 69 20 l'excu-

1130 2324 36 16 ser
1181 2321 26 19 de
1223 2325 27 15 ne
1266 2321 92 23 pouvoir
1371 2324 24 16 se
1402 2320 115 24 présenter
1523 2321 61 23 Jeudi
1591 2324 41 20 pro-

1131 2345 67 20 chain
1215 2344 82 20 devant
1316 2344 23 20 la
1356 2345 147 21 commission,
1521 2349 29 15 en
1568 2344 75 20 raison

1131 2368 38 20 des
1181 2368 166 20 conversations
1358 2368 237 20 franco-américaines
1607 2369 36 23 qui

1131 2392 104 20 devaient
1254 2393 62 18 avoir
1334 2392 45 19 lieu
1398 2392 115 22 mercredi,
1530 2392 58 20 niais
1606 2392 37 24 qui

1132 2418 40 18 ont
1188 2416 36 21 été
1239 2415 112 22 reportées
1369 2416 13 19 à
1401 2415 60 24 jeudi
1479 2417 23 19 et
1520 2417 37 22 qui
1577 2415 53 20 dure-

1132 2440 51 20 ront
1197 2439 112 24 peut-être
1327 2440 61 19 toute
1405 2439 23 20 la
1443 2438 98 25 journée.
1555 2449 26 5 —
1596 2440 34 19 Ha-

1132 2468 45 15 vas.

1693 58 17 21 3
1740 58 38 20 La
1795 55 149 23 Dernière
1959 58 101 21 Kcuro
2089 59 17 21 3
2163 67 3 12 i

1651 123 103 47 UNE
1781 121 373 49 MANŒUVRE

1725 191 59 45 DE
1802 188 189 48 GERMAN
1995 192 46 45 IA
2059 193 22 45 ?

1707 283 70 32 ELLE
1795 281 156 33 POURRAIT
1972 284 131 32 OBTENIR

1707 326 117 33 L'EFFET
1843 320 116 37 OPPOSÉ
1977 329 22 30 A
2016 329 88 31 CELUI

1762 370 122 36 QU'ELLE
1898 370 152 33 POURSUIT

1726 441 27 30 SI
1772 438 70 32 ELLE
1861 437 62 32 S'EN
1941 439 88 32 TIENT
2042 442 42 29 AU

1653 483 183 32 MORATOIRE
1849 481 54 30 DES
1913 482 112 32 DETTES
2035 478 125 37 PRIVÉES

1682 545 101 21 Londres,
1810 543 12 19 3
1850 541 54 23 Juin.
1931 553 26 5 —
1982 544 41 21 Les
2048 545 111 21 nouvelles

1657 569 148 22 d'Allemagne
1832 564 85 22 faisant
1943 568 85 22 prévoir
2039 574 31 15 un
2085 574 61 15 mora-

1658 594 53 19 toire
1731 594 38 18 des
1783 592 72 19 dettes
1874 590 83 28 privées
1975 592 29 20 du
2022 594 69 19 Reich
2108 595 51 18 sont

1658 617 122 20 accueillies
1794 618 51 17 avec
1859 614 83 20 réserve
1957 616 55 20 dans
2026 617 30 20 les
2071 618 88 19 milieux

1658 642 120 19 financiers
1792 638 91 23 anglais.

1684 666 61 19 Dans
1760 665 20 19 la
1794 661 54 22 Cité,
1862 666 29 15 on
1905 667 19 18 a,
1938 668 28 15 en
1977 664 62 23 effet,
2053 665 95 24 l'impres-

1657 690 49 19 sion
1719 693 41 19 que
1773 692 35 15 ces
1822 689 99 16 rumeurs
1934 689 50 18 sont
1997 690 65 19 mises
2075 694 28 16 en
2116 691 32 18 cir-

1658 714 98 19 culation
1771 715 55 21 pour
1845 709 77 21 attirer
1941 711 124 22 l'attention
2084 718 39 16 sur
2141 715 19 19 le

1659 742 38 15 cas
1715 734 117 24 allemand,
1847 734 14 19 à
1880 734 22 19 la
1920 735 61 21 veille
1999 736 27 21 de
2045 738 21 19 la
2084 738 65 19 confé-

1658 766 65 15 rence
1739 757 139 24 économique
1893 758 115 25 mondiale,
2024 761 27 20 de
2067 762 66 22 façon
2147 762 13 19 à

1659 786 30 19 lui
1707 786 83 19 donner
1806 787 42 15 une
1866 783 96 20 certaine
1978 783 158 24 prééminence.

1684 809 30 21 81.
1735 807 103 21 toutefois
1861 809 31 15 un
1911 809 117 19 moratoire
2048 809 56 21 était
2122 809 27 20 dé-

1659 832 65 23 crété,
1740 832 16 20 il
1773 836 27 15 ne
1814 826 42 23 falt
1872 832 40 20 pas
1926 830 27 21 de
1969 832 65 20 doute
2051 838 41 19 que
2109 833 40 20 l'Al-

1660 857 100 23 lemagne
1772 861 28 14 ne
1812 854 119 20 trouverait
1943 855 55 24 plus,
2009 861 38 16 sur
2060 858 21 19 la
2093 858 68 23 place,

1660 881 31 19 les
1709 880 95 20 facilités
1821 877 132 21 financières
1967 881 37 22 qui
2021 881 31 20 lui
2069 883 40 18 ont
2127 881 35 21 été

1660 904 115 20 accordées
1790 901 181 26 précédemment.
1984 914 26 5 —
2023 905 89 21 Reuter.

1740 970 178 30 MACDONALD
1943 971 54 29 EST
2021 968 118 33 RENTRÉ

1824 1022 17 26 A
1865 1020 135 30 LONDRES

1750 1091 40 20 (De
1806 1088 62 20 notre
1882 1089 175 22 correspondant.
2061 1092 5 18 )

1684 1119 104 22 Londres,
1807 1119 12 18 3
1838 1116 54 24 juin.
1911 1127 25 5 —
1958 1118 52 20 (Par
2029 1119 125 24 téléphoné!

1661 1152 23 5 —
1694 1144 28 18 Le
1733 1142 94 24 premier
1838 1139 105 25 ministre,
1955 1142 30 21 M.
1996 1143 98 23 Ramsay
2101 1144 57 19 Mac.

1660 1166 92 23 Donald,
1764 1168 35 18 est
1811 1164 61 21 entré
1885 1163 138 24 aujourd'hui
2035 1168 14 19 â
2061 1166 103 22 Londres,

1661 1191 82 18 venant
1762 1191 26 20 de
1808 1187 149 22 Losslemouth
1980 1190 96 21 (Ecosse)
2099 1190 29 21 où
2148 1190 15 20 il

1660 1213 56 20 était
1735 1214 42 21 allé
1797 1214 73 22 passer
1889 1211 101 24 quelques
2008 1213 61 23 jours
2086 1214 26 20 de
2128 1218 24 15 re-

1660 1241 39 20 pos
1713 1236 14 20 à
1743 1242 25 15 sa
1786 1236 83 21 maison
1887 1234 26 21 de
1931 1239 126 22 campagne.

1685 1262 30 19 M.
1729 1258 138 23 MacDonald
1880 1263 13 15 a
1906 1260 95 22 effectué
2012 1261 20 20 le
2044 1266 81 18 voyage
2136 1266 28 15 en

1662 1285 70 20 tvion.

1751 1348 39 27 UN
1814 1344 142 30 TRAMWAY
1978 1347 96 28 VERSE

1177 2540 35 25 LE
1229 2540 95 26 CRIME
1342 2539 70 27 D'UN
1432 2539 174 27 PARESSEUX

1229 2606 41 18 (De
1285 2605 63 19 notre
1363 2604 190 23 correspondant.)

1159 2634 69 21 Paris,
1245 2634 12 19 3
1276 2634 56 22 Juin.
1349 2643 27 5 —
1396 2634 54 19 (Par
1467 2632 133 25 téléphone.)
1617 2643 27 5 —

1134 2658 36 19 Un
1185 2658 74 20 crime,
1275 2658 55 19 dont
1346 2658 93 19 l'auteur
1455 2662 33 18 est
1504 2662 31 15 un
1550 2657 93 23 ouvrier,

1134 2682 102 20 Frédéric
1251 2682 76 23 Wolff,
1339 2682 25 19 44
1380 2686 47 16 ans.
1441 2686 54 15 sans
1510 2682 80 19 travail
1604 2682 39 19 de-

1133 2706 50 43 guis
1195 2706 57 19 deux
1267 2711 47 18 ans,
1329 2711 13 14 a
1358 2706 34 20 été
1407 2706 92 20 commis
1513 2706 14 19 à
1543 2707 99 18 Cronen-

1148 2735 47 18 urg.
1209 2730 110 22 faubourg
1333 2730 27 20 de
1376 2730 138 22 Strasbourg.

1160 2754 69 20 WolfX
1244 2755 68 19 vivait
1328 2759 44 15 aux
1388 2754 100 20 crochets
1501 2755 27 20 do
1543 2758 26 16 sa
1585 2754 46 20 mai-

1134 2778 76 24 tresse,
1226 2779 72 19 Marie
1315 2779 62 23 Ress,
1394 2779 25 19 40
1437 2783 47 17 ans,
1500 2783 102 15 serveuse
1617 2779 26 20 de

1135 2804 133 22 restaurant,
1282 2804 23 18 et
1319 2803 94 21 celle-ci,
1427 2803 57 19 lasse
1499 2803 27 19 de
1540 2803 103 20 subvenir

1136 2831 44 15 aux
1194 2827 87 19 besoins
1294 2827 27 19 de
1336 2831 42 15 son
1394 2828 84 19 amant,
1495 2828 60 18 avait
1571 2828 61 19 mani-

1134 2851 64 22 festé,
1215 2851 15 20 à
1249 2851 132 20 différentes
1400 2851 99 23 reprises,
1518 2852 125 20 l'intention

1135 2875 27 20 de
1175 2875 165 21 l'abandonner.

1160 2900 29 19 Le
1206 2900 118 19 meurtrier
1340 2900 87 22 conçut,
1443 2900 27 20 de
1484 2905 36 15 ces
1535 2905 109 17 menaces,

1135 2927 32 16 un
1182 2924 82 19 violent
1279 2924 163 21 ressentiment,
1456 2926 24 18 et
1493 2925 61 20 avait
1569 2925 75 20 décidé

1135 2947 27 20 de
1177 2952 24 15 se
1215 2952 87 19 venger.

1157 2972 19 20 Il
1190 2972 104 22 attendit,
1306 2971 86 25 jusqu'à
1405 2972 12 19 2
1430 2973 80 20 heures
1522 2972 30 21 du
1565 2972 79 24 matin,

1136 2996 20 19 le
1173 2997 75 18 retour
1265 2996 28 20 de
1309 3001 26 14 sa
1350 2995 115 21 maitresse
1484 2996 14 20 à
1514 3001 41 15 son
1572 2997 60 20 domi-

1136 3020 47 19 cile.
1200 3020 83 23 Quand
1299 3021 88 19 survint
1404 3021 71 19 Marie
1493 3021 61 22 Ress,
1572 3021 16 19 il
1605 3021 26 20 de-

1135 3044 83 20 manda
1232 3044 39 20 des
1288 3044 144 23 explications
1449 3046 23 19 et
1489 3049 43 16 une
1549 3044 94 21 violente

1136 3068 122 20 discussion
1272 3068 123 23 s'engagea.

1161 3092 105 24 Soudain,
1279 3092 70 20 Wolff
1364 3093 43 19 tira
1422 3097 32 16 un
1468 3095 93 18 couteau
1576 3093 27 20 de
1618 3098 25 15 sa

1135 3116 70 24 poche
1226 3117 22 19 et
1269 3121 28 15 en
1319 3117 94 23 plongea
1434 3117 22 20 la
1473 3118 65 22 lame,
1558 3117 14 20 à
1593 3118 38 24 plu-

1135 3140 70 20 sieurs
1238 3141 99 23 reprises,
1354 3141 57 20 dans
1431 3141 23 21 la
1486 3146 65 19 gorge
1571 3142 27 20 de
1618 3147 24 15 sa

1136 3164 122 23 niaitresse.

1160 3188 31 20 La
1205 3190 88 19 victime
1306 3190 119 21 s'affaissa,
1438 3190 135 24 grièvement
1586 3191 45 20 bles-

1135 3212 42 20 sée.
1199 3213 32 21 La
1251 3214 58 19 lame
1332 3214 69 20 brisée
1420 3214 30 20 du
1472 3218 94 17 couteau
1587 3215 57 20 était

1135 3236 71 21 restée
1233 3237 57 20 dans
1306 3238 22 20 la
1346 3242 72 19 gorge.
1445 3239 47 20 Elle
1511 3241 44 20 eut,
1572 3239 60 20 néan-

1135 3262 73 19 moins
1219 3261 22 20 la
1252 3262 61 20 force
1323 3262 28 20 de
1363 3267 24 15 se
1400 3262 86 21 traîner
1497 3264 78 23 jusque
1587 3264 56 20 dans

1134 3289 26 16 sa
1173 3286 112 22 chambre,
1301 3285 28 21 où
1344 3287 41 19 elle
1401 3287 83 24 expira.

1160 3310 77 22 Quant
1250 3314 29 16 au
1290 3311 123 21 meurtrier,
1427 3311 16 20 il
1456 3311 45 24 prit
1515 3311 22 20 la
1550 3312 56 20 fuite
1621 3314 22 18 et

1136 3333 44 20 alla
1198 3334 119 22 s'attabler,
1335 3339 32 15 un
1384 3339 44 19 peu
1445 3336 50 23 plus
1512 3336 56 22 tard,
1587 3336 56 21 dans

1136 3362 31 15 un
1188 3357 50 20 café
1260 3358 28 20 où
1310 3358 15 20 il
1348 3359 146 21 consommait
1513 3361 118 22 tranquille-

1136 3383 68 23 ment,
1217 3383 75 23 quand
1306 3383 32 19 les
1350 3383 102 24 policiers
1464 3389 24 15 se
1498 3385 105 20 saisirent
1616 3387 27 20 de

1136 3405 37 21 lul.

1134 3469 36 26 LE
1185 3469 139 34 BANQUET
1338 3470 56 27 DES
1408 3465 236 40 "HUMORISTES,,

1161 3533 29 21 Le
1213 3534 122 23 quatrième
1356 3535 65 20 salon
1443 3536 38 20 des
1504 3536 139 24 humoristes,

1136 3558 101 22 organisé
1252 3562 41 20 par
1308 3559 20 19 le
1344 3563 144 20 groupement
1501 3560 27 21 de
1542 3561 88 20 dessina-

1136 3582 67 23 teurs,
1219 3590 8 8 ■■
1244 3584 31 18 La
1290 3583 60 20 Mine
1366 3584 117 20 Souriante
1500 3593 17 14 >•,
1533 3590 14 15 a
1561 3585 82 21 obtenu

1137 3609 30 16 un
1178 3606 75 20 succès
1263 3606 128 21 réellement
1403 3608 118 20 inattendu
1533 3610 37 22 qui
1582 3615 14 15 a
1608 3611 34 19 étt

1136 3629 52 24 fêté,
1205 3630 84 20 samedi
1304 3631 52 22 soir,
1375 3636 29 15 en
1422 3636 31 15 un
1472 3632 103 24 banquet,
1595 3638 36 16 cor-

1136 3653 51 22 dial,
1201 3653 96 24 bruyant
1310 3656 22 18 et
1344 3656 161 24 sympathique.

1160 3678 86 19 Autour
1257 3678 29 20 du
1297 3679 113 23 président
1420 3680 123 21 d'honneur
1554 3682 26 20 de
1593 3690 8 8 "
1612 3683 31 19 La

1135 3701 61 21 Mine
1217 3702 117 20 Souriante
1356 3711 17 14 ...
1393 3704 30 19 M.
1443 3705 92 20 Camille
1557 3707 86 22 Gosset,

1136 3725 84 20 étaient
1230 3726 74 20 réunis
1315 3727 26 19 de
1353 3728 121 20 nombreux
1485 3730 95 22 artistes,
1592 3731 39 19 l'or-

1136 3749 128 23 ganisateur
1276 3750 30 20 du
1319 3751 74 22 Salon,
1403 3752 30 20 M.
1445 3753 83 20 Marcel
1541 3754 102 23 Antoine,

1136 3774 22 19 et
1169 3774 59 19 Mme
1240 3774 84 20 Marcel
1334 3775 103 23 Antoine,
1448 3777 30 21 M.
1489 3778 23 18 et
1522 3778 60 20 Mme
1594 3779 48 19 Van

1135 3797 122 24 Cleemput,
1268 3798 30 19 M.
1311 3799 16 22 't
1338 3799 47 23 Sas,
1397 3800 52 20 Mlle
1460 3801 52 20 Elza
1521 3802 122 23 Delbovier,

1135 3821 30 20 M.
1178 3822 33 19 De
1223 3822 94 24 Marchi,
1328 3823 30 19 M.
1372 3824 22 19 et
1407 3824 59 20 Mme
1479 3825 53 19 Max
1544 3827 98 22 Moreau,

1135 3846 31 21 M.
1181 3846 157 24 Cnapellnckx,
1354 3848 30 19 M.
1400 3848 23 19 et
1438 3849 59 19 Mme
1512 3849 77 21 Albert
1601 3851 41 19 Le-

1135 3869 55 23 noir,
1208 3871 55 19 MM.
1283 3871 103 19 Fernand
1407 3872 78 21 Leane.
1505 3874 56 22 Rali,
1581 3875 62 22 Klec,

1134 3894 139 22 Lempereur.
1296 3895 39 22 Ex,
1358 3895 139 21 Jean-Emile
1522 3899 23 18 ct
1569 3899 72 19 Jules-

1134 3918 71 19 Marie
1230 3918 104 23 Canneel,
1361 3919 132 24 Hendrickx,
1519 3922 123 24 Strastcny,

1134 3942 115 22 Mosdyck;
1267 3943 81 19 notons
1366 3948 78 15 encore
1467 3949 5 15 :
1492 3946 31 19 M.
1541 3947 24 18 et
1582 3947 60 21 Mme

1134 3966 128 23 Agramont.
1280 3967 31 19 M.
1329 3967 27 20 de
1375 3967 21 20 la
1415 3969 69 22 Berge
1501 3970 92 24 Fleurie,
1613 3972 28 19 M.

1134 3990 101 24 Philippe
1253 3991 102 22 Quersin,
1372 3992 60 19 Mme
1449 3993 68 23 Mady
1534 3994 107 24 Purnode,

1134 4015 65 19 Mlles
1215 4015 127 20 Hellemans
1355 4017 23 18 et
1393 4016 96 23 Gllesch,
1504 4018 31 20 M.
1551 4019 90 23 Piccolo,

1134 4039 42 21 etc.

1158 4063 35 19 Au
1207 4063 90 22 dessert,
1310 4063 30 21 M.
1354 4063 92 21 Camille
1460 4065 79 20 Gosset
1553 4068 37 19 eut
1603 4067 39 20 des

1134 4088 58 18 mots
1211 4087 106 20 aimables
1337 4092 55 19 pour
1412 4089 49 19 tout
1480 4089 19 20 le
1518 4091 90 22 monde;
1626 4092 16 20 il

1133 4111 101 23 souligna
1250 4111 124 20 l'initiative
1388 4112 57 24 prise
1461 4117 41 19 par
1515 4120 8 11 <■
1539 4115 31 19 La
1586 4116 44 19 Der-

1135 4135 60 20 nière
1207 4136 73 19 Heure
1294 4144 8 9 •>
1316 4140 55 19 pour
1383 4140 134 20 encourager
1530 4138 30 20 les
1572 4139 69 20 des.'.i-

1134 4160 92 19 nateurs
1234 4160 142 22 humoristes;
1389 4160 16 21 il
1416 4161 47 19 leva
1472 4166 42 15 son
1524 4167 62 15 verre
1595 4163 14 20 à
1621 4164 20 20 la

1134 4183 121 25 prospérité
1276 4184 27 20 de
1322 4191 8 10 ■
1353 4184 31 20 La
1403 4185 61 20 Mine
1485 4186 118 21 Souriante
1626 4196 16 11 ».

1134 4208 84 20 Marcel
1230 4208 95 20 Antoine
1337 4212 113 20 prononça
1462 4213 31 16 un
1506 4211 58 19 toast
1576 4211 64 23 rimé;

1134 4232 140 20 d'excellents
1287 4233 96 21 artistes,
1395 4233 41 19 tels
1448 4237 41 19 que
1503 4234 59 20 Mme
1574 4235 68 24 Mady

1134 4257 108 22 Purnode,
1261 4257 129 23 cantatrice,
1405 4257 20 20 le
1444 4257 126 21 fantaisiste
1590 4260 52 19 Max

1134 4281 92 20 Moreau
1248 4281 64 20 (dont
1333 4281 31 20 les
1381 4284 93 19 œuvres,
1493 4282 65 20 d'une
1579 4287 63 16 verve

1135 4305 44 20 très
1194 4304 145 24 personnelle,
1353 4305 77 20 furent
1445 4309 43 17 une
1503 4305 139 24 révélation),

1134 4329 21 20 la
1172 4330 73 20 bonne
1261 4329 95 24 pianiste
1373 4328 78 23 Ratke,
1467 4329 20 20 le
1503 4329 74 21 diseur
1592 4331 38 20 Pic-

1133 4354 54 22 colo,
1202 4353 104 20 Fernand
1321 4353 73 20 Leane
1410 4354 23 19 et
1447 4353 85 20 Marcel
1545 4355 96 20 Antoine

1134 4381 85 18 encore,
1230 4378 82 22 mirent
1327 4378 49 19 tous
1388 4377 31 20 les
1432 4377 101 21 convives
1546 4378 28 20 de
1587 4379 54 20 belle

1134 4404 22 18 et
1172 4402 135 20 exubérante
1323 4402 100 20 humeur.
1440 4403 30 19 Ce
1485 4402 36 20 fut
1537 4407 31 15 un
1584 4402 57 24 juste

1134 4427 117 22 hommage
1268 4427 23 19 et
1306 4430 85 16 comme
1406 4430 44 16 une
1466 4425 175 22 démonstration

1134 4450 27 20 de
1174 4449 84 22 fidélité
1273 4454 29 16 au
1316 4453 139 21 programme
1469 4450 27 20 de
1512 4458 8 8 «
1537 4450 31 20 La
1581 4451 60 20 Mine

1134 4474 118 20 Souriante
1266 4483 17 12 ».
1296 4483 26 7 •—
1336 4475 28 22 a.

1133 4539 202 27 PRISONNIERS
1351 4539 74 26 FAUX
1440 4538 204 28 M0NNAYEURS

1155 4605 116 22 Lisbonne,
1292 4605 12 19 4
1321 4605 56 23 Juin.
1396 4615 26 4 —
1441 4605 31 19 La
1493 4604 70 24 police
1580 4604 61 20 vient

1132 4629 26 19 de
1173 4628 115 21 découvrir
1303 4633 41 19 que
1361 4630 27 20 de
1404 4629 55 20 faux
1474 4628 74 20 billets
1563 4628 27 20 de
1606 4629 37 19 500

1133 4653 86 22 pesetas
1233 4652 26 21 de
1274 4652 22 20 la
1310 4653 92 23 Banque
1414 4653 122 23 d'Espagne
1550 4653 37 23 qui
1600 4652 32 20 cir-

1133 4676 97 20 culaient
1241 4677 77 23 depuis
1329 4681 32 16 un
1374 4677 86 19 certain
1473 4677 72 23 temps
1556 4676 84 21 étaient

1131 4700 112 23 fabriqués
1254 4700 56 20 dans
1323 4701 23 19 la
1358 4701 74 23 prison
1445 4700 26 20 de
1483 4699 108 23 Limoelri,
1602 4700 27 20 de-

1131 4724 50 23 puis
1196 4724 55 21 1931,
1263 4728 41 19 par
1319 4729 31 15 un
1365 4728 81 20 groupe
1462 4724 26 20 de
1504 4723 99 22 détenus.

1156 4748 93 20 Ceux-ci
1264 4747 76 21 furent
1365 4747 109 21 dénoncés
1501 4752 42 20 par
1566 4752 32 16 un
1612 4748 27 20 de

1133 4771 58 19 leurs
1210 4772 137 19 camarades.
1368 4773 40 18 Les
1429 4772 103 24 gardiens
1553 4776 28 16 ne
1601 4771 30 21 s'é-

1134 4795 72 19 talent
1222 4799 92 19 aperçus
1331 4795 26 20 de
1373 4796 56 20 rien.
1445 4806 26 5 —
1484 4796 81 20 Havas.

1209 4857 119 27 CONTRE
1352 4853 214 33 L'HITLÉRISME

1159 4924 90 21 Anvers,
1260 4923 13 19 4
1284 4923 55 23 Juin.
1351 4932 27 5 —
1390 4923 37 20 Un
1439 4923 87 24 cortège
1540 4924 101 24 composé

1134 4947 53 20 d'un
1201 4947 79 19 millier
1293 4946 27 21 de
1334 4947 154 23 participants,
1502 4948 50 19 tous
1564 4948 77 23 jeunes

1133 4975 53 19 gens
1200 4970 63 20 vêtus
1275 4970 27 20 de
1317 4970 107 20 chemises
1437 4971 74 20 bleues
1525 4972 23 19 et
1561 4976 66 16 crava-

1133 4995 34 19 tes
1184 4998 84 19 rouges,
1285 4994 100 20 clamant
1402 4994 48 19 leur
1465 4994 67 21 haine
1547 4999 56 19 pour
1618 4995 21 20 la

1133 5022 77 19 guerre
1239 5018 23 19 et
1292 5017 142 23 l'hitlérisme,
1452 5022 14 15 a
1482 5022 109 19 parcouru
1609 5019 31 20 les

1133 5041 132 24 principales
1278 5040 84 20 artères
1374 5041 27 19 de
1416 5041 22 19 la
1453 5042 56 19 ville.

1158 5066 30 19 Le
1196 5064 88 23 cortège
1294 5064 55 20 était
1359 5064 92 23 précédé
1461 5065 65 19 d'une
1537 5065 90 20 multitu-

1134 5089 26 20 de
1173 5088 27 21 de
1213 5087 117 21 bannières
1341 5092 78 19 rouges
1430 5089 24 19 et
1464 5088 90 24 protégé
1564 5093 41 20 par
1616 5089 23 20 la

1134 5112 75 25 police.

1157 5136 92 20 Aucune
1264 5134 169 21 manifestation
1447 5134 80 21 hostile
1541 5139 29 16 ne
1587 5137 52 19 s'est

1133 5158 100 26 produite
1248 5162 38 16 sur
1303 5159 21 19 le
1341 5161 111 20 parcours.

1157 5183 30 20 Le
1205 5181 86 25 cortège
1310 5186 14 16 a
1338 5180 67 22 défilé
1420 5181 83 21 devant
1518 5180 76 22 l'hôtel
1611 5182 27 21 de

1131 5206 58 22 ville,
1392 5224 4 7 ,
1551 5224 4 2 .

1755 1414 42 21 (De
1811 1412 62 20 notre
1887 1413 191 23 correspondant).

1685 1444 105 23 Londres,
1809 1443 11 19 3
1838 1440 56 25 Juin.
1911 1452 27 5 —
1959 1442 53 21 (Par
2031 1443 135 25 téléphone).

1664 1477 23 6 —
1704 1467 37 21 Un
1759 1465 99 22 accident
1875 1464 52 21 s'est
1945 1467 89 22 produit
2052 1472 24 16 ce
2095 1468 71 20 matin

1661 1496 39 16 sur
1729 1492 22 19 la
1777 1492 57 22 ligne
1861 1489 27 19 de
1917 1491 105 24 tramway
2041 1500 9 8 »
2058 1491 108 20 Victoria-

1662 1516 117 20 Woolwich
1787 1524 16 10 ».

1687 1539 37 21 Un
1745 1539 106 22 tramway
1872 1536 92 21 dérailla
1985 1540 25 18 et
2032 1543 68 16 versa.
2123 1540 44 19 Des

1662 1564 103 24 passants
1784 1564 22 18 et
1826 1561 38 20 des
1880 1561 115 21 habitants
2011 1564 39 20 des
2070 1567 97 16 maisons

1662 1588 94 19 voisines
1772 1587 30 20 du
1819 1585 42 20 Heu
1878 1585 26 19 de
1920 1585 116 21 l'accident
2051 1592 25 15 se
2093 1587 62 23 portè-

1663 1613 50 18 rent
1732 1615 29 15 au
1779 1613 87 17 secours
1884 1609 38 19 des
1942 1613 125 21 voyageurs,
2085 1607 70 27 empri-

1662 1634 81 21 sonnés
1760 1638 51 16 sous
1825 1633 32 19 les
1871 1631 78 22 débris.

1687 1659 19 20 Il
1726 1660 37 22 n'y
1782 1658 60 19 avait
1862 1656 168 22 heureusement
2051 1661 40 21 que
2112 1662 43 21 qua-

1662 1683 58 20 torze
1736 1685 119 22 personnes
1869 1679 57 21 dans
1939 1680 21 21 le
1975 1683 112 22 tramway.

1686 1707 58 20 Tout
1755 1707 21 19 le
1789 1704 78 22 monde
1878 1704 37 19 fut
1924 1704 49 25 plus
1985 1710 29 16 ou
2025 1707 72 19 moins
2110 1706 45 24 griè-

1662 1732 88 18 vement
1766 1729 68 20 blessé
1848 1728 56 20 mais
1919 1732 29 16 on
1963 1730 59 19 n'eut
2038 1733 15 17 a
2068 1728 100 25 déplorer

1663 1758 73 17 aucun
1752 1753 69 21 décès.

1686 1778 70 23 Après
1771 1777 60 20 avoir
1844 1779 51 19 reçu
1910 1776 39 20 des
1962 1777 62 19 soins
2038 1777 15 20 à
2066 1777 101 23 l'hôpital

1662 1801 58 21 situé
1736 1802 14 19 ft.
1766 1805 43 20 peu
1823 1800 26 20 de
1863 1800 99 20 distance
1978 1801 28 19 de
2022 1801 102 20 l'endroit
2141 1802 27 19 de

1662 1825 123 21 l'accident,
1800 1824 22 20 la
1836 1823 89 25 plupart
1939 1824 39 20 des
1992 1824 80 21 blessés
2087 1826 81 23 purent

1663 1853 108 20 regagner
1787 1850 47 19 leur
1850 1846 106 21 domicile.

1708 1912 35 27 LA
1767 1910 147 32 BELGIQUE
1941 1912 17 26 A
1983 1912 144 27 VARSOVIE

1688 1978 110 22 Varsovie,
1813 1977 12 20 3
1839 1976 55 24 juin.
1909 1987 26 4 —
1947 1978 29 20 Le
1991 1977 94 20 vicomte
2100 1977 69 20 Davl-

1663 2007 67 17 i:non.
1747 2005 100 17 nouveau
1864 2000 99 21 ministre
1980 2001 26 20 de
2020 2001 103 24 Belgique
2141 2006 28 16 en

1663 2027 102 22 Pologne,
1785 2031 13 14 a
1817 2025 72 20 remis,
1908 2025 147 23 aujourd'hui,
2071 2030 36 15 ses
2126 2026 32 19 let-

1664 2052 44 18 tres
1722 2050 26 20 de
1765 2048 90 21 créance
1871 2052 29 16 au
1915 2048 113 23 président
2043 2050 27 19 de
2086 2050 23 18 la
2125 2049 33 19 Ré-

1665 2073 101 24 publique
1781 2073 118 24 polonaise,
1915 2076 31 16 au
1963 2077 64 15 cours
2044 2072 66 21 d'une
2129 2077 28 15 au-

1664 2099 76 19 dience
1755 2094 118 23 solennelle
1892 2095 37 25 qui
1945 2097 39 19 eut
2002 2097 45 19 lieu
2066 2101 29 16 au
2115 2098 43 18 châ-

1665 2125 52 17 teau
1745 2119 146 26 présidentiel,
1920 2124 29 15 en
1977 2120 102 23 présence
2097 2122 26 18 de
2141 2122 30 19 M.

1665 2146 65 24 Beck,
1748 2145 99 20 ministre
1867 2143 38 20 des
1923 2144 97 20 Aîfaires
2039 2144 132 23 étrangères,

1664 2169 92 20 entouré
1772 2169 26 20 de
1816 2172 35 15 ses
1869 2168 67 19 hauts
1955 2168 175 20 fonctionnaires
2147 2169 24 19 et

1665 2195 38 19 des
1717 2193 62 21 chefs
1791 2193 38 19 des
1841 2191 97 20 maisons
1949 2191 63 21 civile
2025 2192 23 19 et
2060 2191 111 21 militaire.

1689 2217 30 20 Le
1734 2219 92 18 vicomte
1842 2215 121 23 Davignon,
1991 2215 56 20 dans
2073 2215 86 20 l'allocu-

1664 2241 47 20 tion
1728 2240 51 25 qu'il
1795 2244 13 15 a
1824 2238 121 25 prononcée
1962 2239 15 20 à,
1989 2240 58 19 cette
2064 2240 107 21 occasion,

1665 2270 14 14 a
1692 2264 100 23 souligné
1805 2261 113 24 l'analogie
1933 2263 38 19 des
1986 2262 110 21 destinées
2108 2264 26 19 de
2150 2263 22 20 la

1665 2288 95 23 Pologne
1773 2288 23 19 et
1807 2287 26 20 de
1845 2286 22 19 la
1878 2286 109 24 Belgique.
1997 2287 20 19 Il
2029 2287 51 19 loua
2092 2286 69 20 l'éner-

1665 2313 34 21 gie
1715 2315 24 16 et
1754 2312 23 19 la
1793 2311 85 20 volonté
1895 2314 53 16 aveo
1960 2310 115 23 lesquelles
2090 2310 24 20 la
2129 2311 31 19 Po-

1665 2336 64 23 logne
1758 2335 110 19 s'affirma
1899 2338 30 15 au
1959 2334 128 20 lendemain
2105 2334 27 20 de
2149 2334 22 20 la

1665 2364 84 18 guerre,
1765 2363 41 16 son
1823 2356 138 24 intelligence
1979 2360 24 17 et
2020 2361 42 16 son
2079 2362 93 19 courage

1665 2383 57 20 dans
1736 2383 23 19 la
1770 2382 55 20 lutte
1841 2381 74 21 contre
1930 2381 24 20 la
1966 2381 55 20 crise
2036 2380 100 23 actuelle.

1689 2408 63 18 Dans
1764 2411 26 15 sa
1803 2404 97 25 réponse,
1913 2406 30 19 M.
1954 2405 105 20 Moscicki
2071 2404 102 24 souligna

1665 2431 23 19 la
1701 2430 125 24 sympathie
1842 2433 40 20 que
1896 2429 23 19 la
1932 2429 104 24 Belgique
2047 2430 25 19 et
2085 2433 42 16 son
2140 2433 32 16 roi

1665 2454 109 22 inspirent
1794 2455 13 19 à
1825 2452 21 21 la
1861 2452 102 21 Pologne.

1690 2475 20 23 Il
1731 2477 78 21 insista
1828 2481 38 15 sur
1884 2476 32 20 les
1935 2476 74 24 points
2024 2477 28 19 de
2072 2477 101 20 contacts

1665 2503 98 19 existant
1784 2502 62 19 entre
1867 2500 33 20 les
1922 2500 57 20 deux
2000 2505 54 19 pays
2074 2501 24 19 et
2119 2504 42 20 rap-

1666 2526 51 22 pela
1735 2530 41 19 que
1793 2526 26 19 de
1839 2524 120 20 nombreux
1977 2524 115 20 étudiants
2111 2524 51 23 polo-

1667 2550 49 20 nais
1731 2549 142 24 poursuivent
1892 2548 58 20 leurs
1968 2548 77 20 études
2065 2549 57 19 dans
2142 2549 31 19 les

1666 2574 87 20 centres
1775 2572 153 20 d'instruction
1950 2572 27 20 de
2001 2572 111 21 Belgique.

1689 2598 35 19 En
1747 2596 127 22 terminant,
1896 2596 20 20 le
1938 2595 113 24 président
2075 2596 29 19 fit
2125 2600 47 15 res-

1665 2621 68 19 .lortir
1748 2620 23 20 la
1791 2619 104 22 nécessité
1917 2620 52 20 d'un
1988 2623 41 20 rap
2031 2619 80 23 proche
2113 2620 61 20 ment

1666 2645 134 19 intellectuel
1816 2645 24 21 et
1856 2644 146 23 économique.
2015 2653 26 5 —
2057 2643 75 23 Belga.

1667 2701 138 33 CONGRÈS
1830 2707 37 26 DE
1897 2706 35 27 LA
1960 2705 215 28 FRATERNELLE

1807 2756 56 27 DES
1886 2756 29 26 3e
1938 2756 37 26 ET
1996 2756 46 26 23e

1695 2822 103 22 Ostende,
1816 2821 12 20 4
1847 2821 55 23 juin.
1918 2831 25 4 —
1961 2821 123 20 Dimanche
2103 2821 70 20 matin

1668 2848 52 19 s'est
1734 2846 82 23 ouvert,
1833 2845 14 20 à
1865 2846 102 21 Ostende,
1982 2846 19 19 le
2019 2845 97 24 Congrès
2133 2850 30 15 an-

1670 2871 52 19 nuel
1743 2871 27 20 de
1790 2870 23 20 la
1832 2870 134 19 Fraternelle
1989 2870 38 20 des
2048 2871 25 19 3e
2094 2872 23 18 et
2138 2870 36 20 23e

1668 2895 121 23 régiments
1804 2894 27 20 de
1847 2894 73 23 Ligne.

1694 2920 31 18 La
1740 2918 90 21 défense
1845 2918 27 20 de
1888 2919 56 19 leurs
1956 2917 93 21 Intérêts
2063 2918 112 20 matériels

1668 2944 61 19 avait
1748 2942 77 25 appelé
1840 2942 91 24 quelque
1949 2943 37 19 300
2005 2943 90 20 anciens
2114 2947 49 15 com-

1668 2968 102 19 battants
1788 2970 69 20 ayant
1874 2970 124 20 appartenu
2015 2971 45 16 aux
2078 2967 97 23 glorieux

1668 2992 120 23 régiments
1802 2992 23 19 et
1837 2991 22 20 la
1873 2991 82 23 grande
1968 2991 55 20 salle
2036 2991 31 20 du
2077 2990 56 21 local
2147 2991 27 19 de

1670 3017 20 19 ia
1710 3015 136 20 Fraternelle
1867 3017 34 18 est
1922 3015 146 20 archicomble
2088 3016 86 23 lorsque

1669 3041 22 19 la
1706 3039 79 20 séance
1798 3039 95 24 plénière
1909 3039 86 20 débute.

1694 3064 74 19 Parmi
1783 3064 31 19 les
1828 3063 123 22 assistants,
1962 3068 56 15 nous
2032 3068 143 20 remarquons

1669 3089 20 19 le
1715 3088 124 20 lieutenant
1866 3087 88 23 général
1978 3089 127 22 Descamps,
2131 3089 43 22 qui,

1669 3113 100 23 pendant
1786 3112 22 19 la
1826 3116 83 19 guerre,
1926 3112 13 19 à
1956 3113 22 19 la
1996 3111 45 21 tête
2059 3112 29 20 du
2106 3112 25 20 3e
2149 3113 26 19 de

1669 3138 74 21 Ligne,
1760 3138 106 22 partagea
1886 3136 31 19 les
1936 3136 140 20 souffrances
2093 3137 28 19 de
2140 3141 35 15 ses

1668 3161 91 19 soldats.

1694 3186 29 18 Le
1739 3186 25 18 3e
1781 3185 26 20 de
1824 3185 67 22 Ligne
1907 3185 34 19 est
1955 3184 127 24 représenté
2098 3189 42 19 par
2155 3185 20 19 le

1669 3210 73 22 major
1756 3209 120 23 Claessens,
1889 3209 22 19 et
1923 3209 53 19 c'est
1987 3209 58 19 ainsi
2057 3214 42 18 que
2112 3209 63 20 vieux

1669 3235 22 19 et
1710 3236 114 17 nouveaux
1846 3232 151 21 fraternisent.

1693 3257 31 20 Le
1753 3257 220 19 lieutenant-colonel
2000 3258 75 23 Serra,
2102 3261 73 16 connu

1668 3286 57 19 pour
1743 3286 41 15 son
1805 3281 144 19 dévouement
1970 3286 84 15 comme
2076 3281 99 20 médecin

1669 3306 100 23 pendant
1786 3305 22 19 la
1823 3309 83 19 guerre,
1922 3306 34 19 est
1972 3306 203 23 particulièrement

1668 3331 21 19 le
1714 3330 108 19 bienvenu
1845 3329 72 23 parmi
1940 3333 37 16 ces
1996 3330 101 19 hommes
2121 3330 54 19 dont

1669 3354 109 23 plusieurs
1792 3357 39 18 ont
1848 3357 27 16 eu
1891 3353 57 20 leurs
1965 3354 109 20 blessures
2091 3354 84 23 guéries

1668 3382 42 19 par
1727 3378 38 21 lui.

1695 3403 36 18 On
1743 3401 92 24 procède
1847 3401 13 20 à
1872 3401 107 20 l'élection
1992 3402 52 20 d'un
2056 3402 117 24 président.

1695 3426 58 20 C'est
1769 3430 29 15 au
1818 3425 72 23 major
1908 3425 140 21 Lenormand
2067 3426 107 23 qu'échoit

1668 3451 37 19 cet
1717 3450 108 19 honneur.
1837 3449 20 19 Il
1868 3451 69 21 prend
1950 3450 62 22 place
2022 3454 39 16 sur
2074 3450 100 20 l'estrade

1669 3478 44 16 aux
1734 3474 90 23 longues
1846 3473 157 20 acclamations
2024 3474 39 20 des
2085 3475 89 19 anciens

1669 3498 157 21 combattants.

1693 3523 30 19 Le
1737 3521 112 24 président
1863 3525 64 16 ouvre
1943 3522 31 20 les
1985 3522 140 20 discussions.

1694 3546 112 19 Plusieurs
1829 3545 111 24 questions
1959 3547 53 18 sont
2037 3547 92 20 traitées
2150 3547 24 19 et

1668 3570 101 19 donnent
1783 3570 43 19 lieu
1838 3569 14 20 à
1866 3569 38 19 des
1918 3569 110 24 échanges
2042 3570 26 20 de
2083 3574 57 16 vues.
2155 3570 19 19 Il

1667 3594 72 23 s'agit,
1752 3599 28 15 en
1793 3592 94 25 premier
1898 3593 50 24 lieu,
1960 3594 26 20 de
2001 3595 22 19 la
2035 3594 99 20 création
2147 3595 26 19 de

1670 3617 135 21 mutualités.

1693 3642 93 19 L'octroi
1800 3642 26 19 de
1840 3641 22 21 la
1875 3641 60 20 carte
1950 3642 26 19 de
1990 3642 38 20 feu
2043 3642 72 20 donne
2130 3642 43 20 Ueu

1668 3666 14 20 à
1697 3666 39 20 des
1751 3666 108 22 échanges
1873 3665 27 19 de
1915 3669 52 16 vues
1982 3666 118 23 multiples.

1693 3690 41 20 Les
1748 3689 90 20 anciens
1852 3689 88 20 veulent
1951 3690 14 19 à
1981 3691 48 19 tout
2042 3690 50 24 prix
2106 3689 68 21 éviter

1668 3714 32 20 les
1716 3714 54 20 abus
1785 3714 23 20 et
1823 3712 148 21 contrôleront
1986 3714 27 20 de
2029 3714 45 20 très
2088 3713 51 25 près
2154 3715 19 19 le

1669 3737 80 22 travail
1763 3738 29 20 du
1803 3735 118 22 ministère.

1693 3762 52 20 Plus
1761 3762 52 22 loin,
1831 3761 16 20 il
1860 3760 65 24 s'agit
1941 3761 39 20 des
1997 3761 93 22 intérêts
2107 3766 54 20 pure-

1667 3790 64 16 ment
1744 3785 111 21 matériels
1868 3785 37 20 des
1919 3786 91 20 anciens
2023 3786 150 20 combattants

1668 3810 23 20 et
1707 3812 38 20 des
1760 3810 103 24 pensions
1879 3809 142 21 d'invalidité.

1692 3835 32 19 La
1739 3833 102 22 question
1854 3833 39 20 des
1904 3833 72 23 pleins
1991 3834 102 23 pouvoirs
2108 3834 23 20 et
2146 3834 27 20 de

1668 3859 48 19 leur
1734 3856 149 26 répercussion
1899 3861 27 16 ne
1947 3857 73 20 donne
2038 3862 40 19 pas
2097 3857 44 21 Heu
2160 3857 13 20 à

1669 3882 38 20 des
1724 3882 138 20 discussions.
1878 3881 40 19 Les
1935 3881 147 21 Fraternelles
2099 3881 62 20 atten-

1669 3906 53 20 dent
1739 3907 31 19 les
1785 3904 142 22 instructions
1942 3905 30 20 du
1987 3905 80 20 comité
2082 3905 90 20 central.

1693 3931 37 19 Un
1742 3930 51 23 long
1808 3928 90 24 cortège,
1912 3928 22 20 la
1948 3930 99 23 musique
2063 3929 29 20 du
2106 3929 24 20 3e
2146 3929 26 20 de

1666 3955 68 23 Ligne
1746 3959 28 15 en
1788 3954 51 22 tête,
1851 3953 51 20 s'est
1916 3953 71 20 formé
2001 3954 22 19 et
2037 3953 98 20 traversa
2149 3953 22 20 la

1668 3979 50 20 ville
1727 3984 24 15 se
1763 3977 95 21 rendant
1868 3981 28 16 au
1908 3977 131 20 monument
2049 3982 44 15 aux
2103 3978 69 19 morts

1668 4003 97 23 glorieux
1787 4003 38 19 des
1845 4000 118 24 régiments
1984 4001 118 20 ostendais.
2124 4002 48 19 Une

1667 4026 122 21 cérémonie
1801 4025 129 21 émouvante
1943 4029 14 19 y
1970 4030 13 14 a
1997 4025 50 20 lieu.

1692 4050 132 25 Cependant
1842 4053 40 20 que
1900 4054 8 9 «
1927 4049 31 20 La
1978 4048 161 24 Brabançonne
2162 4057 8 10 »

1667 4075 104 23 retentit*
1783 4079 29 15 en
1834 4073 108 22 sourdine,
1966 4073 39 19 des
2029 4073 69 20 fleurs
2122 4074 49 19 sont

1667 4099 103 23 déposées
1781 4099 23 19 et
1815 4099 30 19 les
1856 4096 112 24 drapeaux
1978 4097 133 22 s'inclinent.

1692 4123 36 19 Un
1743 4123 64 22 diner
1821 4121 44 21 très
1877 4120 79 22 animé,
1971 4125 28 15 au
2014 4124 64 16 cours
2091 4120 80 24 duquel

1667 4147 31 20 les
1714 4147 119 20 anciennes
1850 4145 168 21 connaissances
2036 4150 23 15 se
2079 4145 80 20 renouè-

1667 4172 56 20 rent,
1739 4171 85 20 clôtura
1839 4170 57 20 cette
1912 4168 107 24 première
2035 4169 91 24 journée
2142 4170 29 20 du

1667 4195 103 23 Congrès.

1692 4220 78 21 Lundi,
1790 4219 31 19 les
1840 4217 88 21 anciens
1943 4218 60 19 iront
2021 4218 76 19 visiter
2116 4217 44 21 l'an-

1668 4244 49 19 cien
1730 4244 60 19 front
1804 4244 22 19 et
1837 4243 19 19 le
1868 4241 59 20 Nord
1941 4242 27 19 de
1982 4242 21 19 la
2017 4242 92 21 France.

2181 125 113 46 LA
2328 121 359 50 FRANCE

2210 196 64 35 IRA
2297 196 26 34 A
2346 195 48 36 LA
2418 185 238 45 CONFÉRENCE

2311 238 21 42 É
2334 243 174 38 CONOMIQ
2510 242 48 37 UE

2219 318 70 31 ELLE
2302 318 44 31 S'Y
2360 311 194 37 PRÉSENTERA
2568 315 80 32 AVEC

2228 363 57 29 SON
2299 362 167 30 POTENTIEL
2483 361 158 30 NATIONAL

2248 431 70 29 BIEN
2332 424 135 36 RÉSOLUE
2479 430 21 29 A
2514 430 39 29 NE
2565 429 57 30 PAS

2229 474 34 30 SE
2276 474 122 30 LAISSER
2411 473 110 30 DICTER
2539 472 40 31 LA
2592 472 49 31 LOI

2273 536 39 17 (Dp
2328 534 63 19 notre
2407 533 188 23 correspondant.)

2210 564 68 22 Paris,
2296 564 11 19 3
2325 563 56 24 Juin.
2397 573 25 5 —
2443 563 52 19 (Par
2514 562 130 24 téléphone.!
2666 572 25 5 —

2184 588 30 20 M.
2234 588 110 21 Daladier,
2372 586 112 25 président
2503 586 29 20 du
2564 585 94 23 Conseil,
2677 591 13 15 a

2184 612 95 22 conféré,
2311 611 85 20 samedi
2430 611 136 24 après-midi,
2587 615 52 15 avec
2660 611 30 19 M.

2185 637 97 22 Georges
2298 637 94 20 Bonnet,
2408 636 101 19 ministre
2522 635 38 20 des
2576 635 114 19 Finances.

2185 660 19 20 Il
2220 665 14 15 a
2250 663 50 19 reçu
2315 659 85 20 ensuite
2415 659 30 20 M.
2460 658 75 20 Piétri.

2210 684 36 19 On
2266 688 66 19 pense
2352 687 41 19 que
2413 687 35 16 ces
2468 683 164 20 conversations
2651 683 39 19 ont

2186 713 54 18 pour
2270 709 60 21 objet
2358 708 21 19 la
2409 707 175 24 représentation
2615 706 27 20 de
2669 707 22 20 la

2185 732 84 20 France
2298 733 14 18 à
2341 732 23 20 la
2391 731 130 20 conférence
2551 731 140 22 économique

2186 757 117 20 mondiale.

2211 781 34 18 Au
2261 784 64 15 cours
2345 780 51 20 d'un
2417 780 78 23 exposé
2511 780 51 23 qu'il
2582 784 15 15 a
2615 779 44 21 fait
2678 778 14 20 à

2186 803 138 25 Strasbourg,
2343 804 13 19 ft.
2375 804 115 19 l'occasion
2508 803 27 20 de
2554 804 22 19 la
2593 803 99 20 semaine

2186 828 113 22 coloniale,
2321 829 30 18 M.
2372 828 77 19 Albert
2470 828 100 21 Sarraut,
2592 827 100 19 ministre

2187 851 38 20 des
2238 851 106 22 Colonies,
2358 853 83 18 venant
2453 851 14 20 à
2479 851 74 24 parler
2565 850 27 21 de
2603 853 22 18 la
2638 855 43 16 con-

2187 875 94 22 férence,
2295 880 13 15 a
2323 876 43 19 falt
2380 876 21 19 la
2416 874 137 22 déclaration
2565 875 102 20 suivante
2685 879 6 15 :

2214 907 8 8 <■
2237 900 60 19 Nous
2307 900 59 19 irons
2378 900 14 19 à
2405 900 22 19 la
2438 899 130 20 conférence
2581 900 99 20 économi-

2187 927 41 19 que
2244 923 116 20 mondiale.
2377 923 60 20 Nous
2468 927 55 16 nous
2539 922 154 25 présenterons

2188 952 52 14 avec
2254 948 63 18 notre
2334 947 107 23 potentiel
2458 947 107 20 national.
2580 948 60 19 Nous
2657 948 24 19 tâ-

2188 971 93 19 cherons
2296 971 27 19 de
2351 970 73 24 prêter
2439 971 22 20 la
2488 971 62 20 main
2564 976 44 15 aux
2622 970 59 24 règle-

2188 996 73 18 ments
2278 995 36 23 qui
2327 996 77 18 seront
2421 994 119 24 envisagés,
2557 999 51 16 sous
2625 996 20 19 le
2662 996 20 19 si-

2188 1023 42 19 gne
2245 1019 64 19 d'une
2327 1018 158 21 collaboration
2500 1020 114 20 confiante
2631 1021 63 19 entre

2189 1043 31 19 les
2239 1042 96 24 peuples,
2350 1042 57 20 mais
2425 1047 46 15 non
2488 1047 41 19 pas
2547 1043 13 20 à
2579 1047 55 16 ceux
2652 1048 42 19 que

2189 1065 102 21 dicterait
2310 1071 42 15 une
2372 1066 88 21 volonté
2478 1068 112 19 sournoise
2609 1067 27 21 de
2655 1067 27 21 dé-

2189 1091 93 23 pouiller
2295 1090 31 20 les
2344 1090 80 20 voisins
2441 1091 15 19 à
2471 1095 41 16 son
2530 1092 75 23 profit.

2214 1114 135 20 Souhaitons
2367 1115 65 23 qu'on
2449 1116 71 19 arrive
2538 1116 14 20 à
2569 1115 38 21 des
2624 1116 59 20 résul-

2190 1138 45 20 tats
2245 1138 96 20 féconds.
2355 1147 8 8 ->

2214 1163 29 18 Le
2257 1163 100 19 ministre
2370 1167 14 15 a
2396 1163 75 23 ajouté
2487 1168 6 15 :
2507 1170 8 11 ■
2528 1164 37 19 Un
2577 1163 77 25 peuple
2667 1164 27 21 de

2189 1187 108 22 quarante
2316 1187 96 19 millions
2430 1186 82 21 d'âmes
2529 1188 36 23 qui
2583 1189 53 23 peut
2654 1189 30 19 s'é-

2190 1210 76 23 pauler
2283 1215 39 16 sur
2338 1215 31 14 un
2386 1210 83 24 empire
2487 1211 27 20 de
2530 1211 100 21 soixante
2645 1213 38 19 mil-

2191 1234 55 19 lions
2261 1234 136 20 d'habitants
2413 1239 27 15 ne
2452 1239 24 15 se
2491 1235 65 20 laisse
2571 1240 41 19 pas
2626 1236 70 21 dicter

2191 1258 21 20 la
2227 1258 28 19 loi
2269 1263 41 18 par
2324 1259 115 23 n'importe
2452 1260 43 22 qui.
2510 1267 9 9 »

2259 1294 121 20 CONSEIL
2398 1295 54 19 DES
2471 1295 157 20 MINISTRES

2214 1323 42 19 Les
2277 1323 112 20 ministres
2409 1328 24 15 se
2449 1323 123 24 réuniront,
2593 1325 69 23 lundi,
2683 1325 14 20 à

2191 1346 96 24 l'Elysée,
2299 1352 52 15 sous
2364 1348 22 19 la
2397 1346 126 25 présidence
2537 1348 27 21 de
2578 1349 30 20 M.
2620 1349 77 21 Albert

2191 1370 93 21 Lebrun.

2216 1396 30 18 Ce
2261 1396 87 19 Conseil
2358 1399 50 17 sera
2420 1399 92 21 presque
2527 1397 170 21 exclusivement

2191 1419 103 20 consacré
2308 1419 14 20 à
2337 1419 22 20 la
2374 1420 104 24 politique
2491 1421 128 22 extérieure.

2277 1456 151 20 ENTREVUE
2446 1457 166 20 PROCHAINE

2216 1485 95 20 Suivant
2333 1486 38 19 des
2394 1486 111 21 nouvelles
2526 1491 123 20 parvenues
2671 1487 27 21 de

2192 1508 95 24 Genève,
2303 1510 57 20 Lord
2372 1509 163 25 Londonderry,
2550 1511 21 21 le
2586 1511 111 24 capitaine

2192 1533 62 19 Eden
2273 1534 23 19 et
2312 1534 30 21 M.
2362 1534 99 19 Norman
2480 1535 68 19 Davis
2565 1539 24 16 se
2609 1536 77 20 trouve-

2193 1557 57 22 ront,
2262 1557 60 23 jeudi
2333 1558 115 23 prochain,
2459 1558 14 20 à
2484 1558 69 24 Parts,
2565 1559 28 20 où
2604 1559 28 20 Ils
2644 1564 43 15 con-

2193 1580 99 20 féreront
2313 1586 53 15 avec
2387 1582 55 20 MM.
2464 1583 105 20 Daladier
2586 1584 24 19 et
2630 1584 67 20 Paul-

2193 1605 107 20 Boncour.

2192 1657 4 4 .
2229 1641 34 19 LE
2279 1641 80 20 CHILI
2375 1643 36 19 ET
2427 1643 49 20 LES
2490 1643 170 22 ETATS-UNIS

2326 1666 73 20 SONT
2418 1666 143 21 D'ACCORD

2214 1695 64 19 New-
2279 1694 67 24 York,
2366 1696 11 19 3
2398 1696 55 23 Juin.
2473 1706 27 5 —
2519 1697 36 19 On
2570 1697 82 20 mande
2672 1697 27 21 de

2191 1718 13 19 1'
2217 1727 8 7 «
2241 1719 128 20 Associated
2382 1720 65 19 Press
2461 1728 9 9 »
2487 1724 7 16 :

2214 1742 34 20 En
2262 1742 127 20 conclusion
2401 1743 27 20 de
2439 1743 59 20 leurs
2510 1744 124 20 entretiens
2647 1749 53 16 avec

2191 1766 29 19 M.
2235 1766 123 24 Roosevelt,
2373 1767 31 20 M.
2419 1768 80 19 Torres
2513 1768 23 19 et
2551 1769 33 20 les
2598 1767 102 25 délégués

2191 1790 92 19 chiliens
2297 1790 14 20 à
2324 1789 24 20 la
2361 1790 131 21 conférence
2507 1792 141 23 économique
2661 1793 39 19 ont

2191 1813 100 21 annoncé
2308 1814 64 24 qu'ils
2388 1815 84 21 étaient
2486 1815 83 20 arrivés
2583 1816 15 19 à
2613 1819 32 16 un
2662 1820 26 15 ac-

2191 1838 53 19 cord
2259 1837 97 24 complet
2370 1842 40 15 sur
2427 1838 32 20 les
2475 1838 52 21 buts
2542 1839 28 20 de
2583 1839 24 20 la
2624 1839 64 21 confé-

2190 1865 65 16 rence
2271 1861 148 24 économique.
2432 1872 27 5 —
2471 1861 75 25 Belga.

2194 1898 118 18 L'ITALIE
2326 1898 151 20 APPROUVE
2488 1898 213 21 L'ANGLETERRE

2219 1927 76 23 Rome.
2307 1927 12 19 3
2333 1927 55 23 Juin.
2399 1937 27 5 —
2436 1927 41 20 Les
2490 1928 111 23 journaux
2612 1928 89 21 italiens

2195 1953 95 17 mettent
2308 1956 28 14 en
2350 1952 64 19 relief
2431 1952 20 19 le
2468 1953 84 22 parfait
2569 1953 78 20 accord
2665 1954 36 22 qui

2195 1975 68 19 existe
2277 1976 62 19 entre
2352 1976 23 19 la
2388 1975 61 20 thèse
2463 1977 105 19 italienne
2580 1978 23 18 et
2615 1977 22 20 la
2651 1977 38 19 thè-

2194 2004 24 15 se
2231 2000 107 19 soutenue
2351 2004 41 19 par
2404 2000 31 21 M.
2448 2000 83 20 Neville
2544 2000 156 22 Chamberlain

2195 2023 57 19 dans
2270 2028 41 15 son
2329 2024 98 19 discours
2446 2029 43 15 aux
2509 2025 139 22 Communes,
2663 2030 38 15 sur

2196 2048 31 19 les
2243 2047 51 20 buts
2309 2047 28 20 de
2354 2047 22 20 la
2402 2048 130 21 conférence
2561 2049 141 25 économique

2196 2071 110 20 mondiale
2325 2072 23 20 et
2367 2072 31 20 les
2416 2076 91 20 moyens
2525 2073 105 20 d'arriver
2648 2074 13 19 à
2681 2074 21 20 la

2195 2095 97 20 solution
2307 2095 27 20 de
2352 2095 22 20 la
2388 2097 55 19 crise
2460 2096 141 25 économique
2621 2103 5 14 :
2646 2099 44 19 dan

2196 2124 38 18 ger
2252 2119 64 20 d'une
2335 2119 171 21 dévalorisation
2521 2121 122 21 monétaire
2662 2126 41 19 par

2196 2143 126 22 l'Inflation,
2336 2144 82 24 reprise
2432 2144 28 21 de
2474 2144 103 22 l'activité
2592 2146 98 20 économi-

2196 2172 48 19 que,
2262 2168 114 20 condition
2393 2169 53 20 d'un
2462 2171 76 18 retour
2555 2170 27 20 de
2600 2170 21 20 la
2639 2172 52 19 tran-

2196 2191 85 24 quillité
2298 2192 104 24 politique
2416 2195 23 18 et
2456 2193 27 20 de
2498 2194 22 19 la
2537 2195 116 20 confiance
2667 2196 25 19 In-

2197 2216 155 23 ternationale,
2380 2218 142 23 suppression
2540 2218 39 21 des
2596 2219 107 20 barrières

2197 2240 130 20 douanières
2344 2242 119 19 excessives
2481 2243 23 19 et
2521 2242 27 20 de
2565 2243 22 19 la
2603 2243 100 20 nouvelle

2197 2264 104 23 politique
2319 2264 38 20 des
2374 2266 221 22 contingentements.

2222 2288 56 19 Bien
2296 2289 122 23 qu'aucune
2441 2291 188 20 communication
2649 2292 42 20 offi-

2197 2310 61 21 cielle
2275 2317 28 15 ne
2315 2314 115 22 permette,
2445 2313 106 25 juwiu'lci,
2566 2314 28 21 de
2609 2315 95 24 préciser

2197 2335 110 21 l'attitude
2318 2337 107 20 italienne
2437 2337 13 20 à
2462 2337 81 24 l'égard
2554 2338 27 21 de
2594 2340 22 19 la
2627 2339 70 21 confé.

2198 2364 64 16 rence
2279 2359 142 25 économique
2438 2362 66 20 d'une
2520 2364 58 22 part,
2594 2364 24 20 et
2633 2364 15 20 à
2665 2363 27 21 l'é-

2198 2383 55 23 gard
2262 2384 26 19 de
2300 2383 123 22 l'échéance
2434 2388 31 19 du
2478 2386 23 20 15
2510 2387 49 23 Juin
2571 2387 27 20 de
2609 2388 22 19 la
2643 2388 60 20 dette

2198 2407 105 20 italienne
2325 2413 30 15 au
2375 2412 173 20 gouvernement
2568 2411 38 20 des
2628 2413 75 19 Etats-

2198 2431 55 20 Unis
2272 2432 85 20 d'autre
2374 2434 58 22 part,
2449 2434 99 21 l'accueil
2566 2435 43 20 fait
2628 2436 28 20 ici
2675 2441 28 16 au

2198 2455 98 21 discours
2318 2456 27 20 de
2366 2458 31 19 M.
2432 2458 83 20 Neville
2547 2460 158 21 Chamberlain

2197 2480 82 19 semble
2292 2480 101 24 indiquer
2406 2486 42 19 que
2461 2482 110 21 l'attitude
2582 2489 41 18 que
2636 2488 56 20 pren-

2199 2504 40 19 dra
2257 2504 84 23 l'Italie,
2358 2506 20 20 si
2396 2506 41 19 elle
2455 2510 28 16 ne
2500 2507 100 24 s'inspire
2618 2513 40 19 pas
2677 2509 27 20 de

2199 2527 109 22 l'attitude
2325 2529 27 19 de
2372 2529 148 24 l'Angleterre,
2534 2532 83 20 évitera
2636 2535 27 18 de
2681 2539 23 15 se

2199 2552 79 20 mettre
2297 2554 152 20 ouvertement
2467 2559 27 15 en
2510 2556 124 23 opposition
2652 2561 52 18 avec

2200 2576 46 19 elle.
2260 2586 25 4 —
2298 2576 81 24 Havas.

2254 2619 39 19 ON
2313 2619 129 21 PREPARE
2460 2622 50 20 LES
2531 2622 117 21 LOCAUX

2221 2648 103 22 Londres,
2335 2650 11 18 3
2360 2649 56 23 juin.
2427 2660 26 5 —
2465 2652 36 19 On
2514 2652 93 20 termine
2622 2652 72 20 actuel-

2197 2671 89 22 lement,
2306 2677 28 15 au
2354 2673 74 20 musée
2449 2674 27 20 de
2495 2676 211 24 Southkenslngton,

2196 2695 32 19 les
2241 2696 181 23 aménagements
2437 2698 117 21 nécessités
2568 2704 41 18 par
2620 2700 22 19 la
2655 2700 40 21 réu-

2197 2720 52 18 nion
2268 2720 27 19 de
2314 2720 23 19 la
2354 2721 130 22 conférence
2504 2723 147 24 économique.

2221 2744 31 18 M.
2275 2744 89 21 Avenol,
2382 2745 117 21 secrétaire
2521 2746 89 23 général
2634 2748 27 20 de
2684 2748 23 20 la

2197 2768 22 18 S.
2234 2768 27 19 D.
2279 2768 32 23 N.,
2327 2768 36 23 qui
2380 2768 95 24 dirigera
2492 2771 125 23 également
2633 2771 21 20 le
2670 2777 23 14 se

2196 2790 105 21 crétariat
2320 2792 26 19 de
2364 2794 23 19 la
2405 2793 137 23 conférence,
2559 2795 35 19 est
2612 2795 94 20 attendu

2197 2815 28 19 ici
2241 2816 72 19 mardi
2329 2816 108 23 prochain
2450 2818 23 19 et
2488 2822 24 15 se
2528 2819 83 19 mettra
2627 2819 67 20 immé-

2196 2839 124 21 diatement
2337 2844 29 15 en
2383 2842 92 22 rapport
2489 2846 53 16 avec
2560 2843 31 19 M.
2609 2844 85 18 MacDo-

2197 2863 54 20 nald
2271 2863 49 20 afin
2340 2864 112 22 d'arrêter,
2473 2865 99 21 d'accord
2595 2871 53 16 avec
2668 2867 31 19 lui

2196 2886 32 20 les
2245 2887 140 24 dispositions
2402 2888 87 21 d'ordre
2506 2889 107 22 matériel.

2221 2917 30 19 Le
2267 2918 33 19 roi
2316 2918 85 22 George
2417 2919 19 19 V
2449 2923 143 19 prononcera,
2607 2920 20 20 le
2646 2921 30 23 12,
2692 2921 15 20 &

2197 2942 23 18 15
2234 2942 85 23 heures,
2335 2942 20 19 le
2370 2942 98 20 discours
2482 2944 124 21 inaugural.

2222 2972 30 20 M.
2266 2971 140 21 MacDonald
2421 2973 96 28 prendra
2528 2974 87 20 ensuite
2627 2973 23 21 la
2664 2978 31 20 pa-

2196 2995 46 20 role
2257 3000 29 15 en
2301 3000 26 15 sa
2346 2996 82 24 qualité
2448 2996 26 20 de
2493 2996 119 25 président.

2222 3025 58 19 C'est
2296 3025 167 24 probablement
2491 3032 29 15 au
2549 3032 64 15 cours
2641 3028 64 20 d'une

2197 3048 79 20 séance
2306 3049 102 22 plénière.
2440 3051 228 21 vraisemblablement
2686 3052 19 20 le

2196 3073 133 21 lendemain,
2343 3078 41 19 que
2398 3074 33 19 les
2445 3075 63 19 chefs
2520 3075 40 20 des
2572 3069 134 30 principales

2198 3097 135 23 délégations
2347 3099 132 22 exposeront
2494 3098 32 21 les
2538 3103 53 16 vues
2606 3100 26 19 de
2647 3100 59 19 leurs

2197 3122 183 21 gouvernements
2396 3122 122 23 respectifs.

2222 3152 62 18 Dans
2303 3150 32 21 les
2353 3151 81 21 cercles
2448 3151 131 21 londoniens
2597 3153 27 20 de
2642 3154 23 20 la
2683 3155 19 20 S

2198 3175 25 19 D.
2238 3176 32 21 N.,
2285 3179 29 15 on
2326 3179 66 19 pense
2408 3180 41 19 que
2464 3176 21 19 la
2502 3176 106 23 première
2622 3177 83 20 session

2198 3199 27 19 de
2243 3199 24 19 la
2283 3199 130 20 conférence
2432 3204 28 15 ne
2479 3199 118 24 dépassera
2614 3205 41 20 pas
2672 3202 34 19 six

2197 3223 115 20 semaines.
2327 3223 48 19 Une
2394 3223 79 20 séance
2493 3223 96 24 plénière
2607 3225 87 23 enregis-

2199 3246 77 20 trerait
2291 3246 59 21 alors
2364 3246 32 20 les
2410 3247 106 20 résultats
2529 3249 74 23 acquis
2618 3253 42 20 par
2674 3249 32 20 les

2199 3270 96 23 comités,
2312 3271 23 19 et
2355 3270 16 20 il
2389 3272 35 19 est
2443 3270 92 24 possible
2556 3276 41 20 que
2617 3276 39 16 sur
2673 3273 33 20 les

2198 3294 110 20 nouvelles
2324 3294 69 23 lignes
2408 3295 37 23 qui
2457 3295 48 19 leur
2518 3295 98 22 seraient
2630 3296 75 22 fixées,

2199 3322 35 16 ces
2253 3318 134 23 organismes
2410 3319 144 23 poursuivent
2576 3321 59 19 leurs
2658 3321 36 19 tra-

2199 3346 56 15 vaux
2269 3341 15 20 à
2299 3341 95 21 Genève.

2222 3367 19 19 n
2259 3366 34 19 est
2310 3366 111 20 d'ailleurs
2439 3366 14 20 à
2471 3367 64 19 noter
2553 3371 41 20 que
2611 3368 55 20 c'est
2684 3368 21 19 le

2198 3390 81 19 conseil
2290 3390 26 19 de
2328 3390 22 19 la
2361 3390 75 20 S.D.N.
2449 3390 37 24 qui
2498 3391 33 19 est
2544 3391 51 23 juge
2608 3392 39 19 des
2660 3391 34 20 dis-

2198 3414 106 22 positions
2316 3413 15 20 à
2344 3414 94 23 prendre
2451 3418 30 16 en
2494 3415 58 20 cette
2567 3414 100 22 matière.
2680 3425 26 5 —

2200 3438 78 19 Havas.

2709 125 96 57 LES
2855 124 362 59 EXHIBITIONS
3239 114 511 51 GRANDEUR

2805 208 323 46 DANGEREUSES

2740 303 41 29 UN
2801 301 234 31 PARACHUTISTE
3054 302 136 30 DESCEND

2905 346 37 29 EN
2962 346 66 29 MER

2710 417 28 29 IL
2756 415 53 31 EST
2822 416 21 29 A
2857 414 42 30 UN
2918 414 95 30 DOIGT
3032 414 48 30 D'Y
3100 414 121 30 LAISSER

2913 457 39 30 LA
2972 457 49 30 VIE

2806 519 41 22 (De
2861 519 65 20 notre
2939 516 188 25 correspondant.)

2740 548 103 24 Londres,
2856 548 12 20 3
2878 547 55 25 Juin.
2946 557 26 5 —
2986 546 53 20 (Par
3050 545 132 25 téléphone.)
3195 555 22 6 —

2715 573 37 19 Un
2786 573 151 24 parachutiste
2974 570 125 22 américain,
3134 569 86 21 nommé

2716 598 64 22 Wing
2794 597 131 23 Wyndham,
2939 599 14 16 a
2965 595 43 19 fait
3021 598 43 16 une
3078 594 101 19 descente
3193 598 27 15 en

2715 625 53 19 mer,
2787 619 140 25 aujourd'hui
2949 618 137 25 après-midi,
3105 619 15 19 it
3141 619 79 18 Rams-

2716 647 57 21 gate,
2784 646 23 19 et
2820 650 14 14 a
2847 644 57 20 failli
2917 644 77 23 perdre
3009 643 21 19 la
3044 642 40 20 vie.

2743 675 43 19 Des
2801 674 91 20 milliers
2906 674 27 19 de
2947 676 120 21 personnes
3082 672 36 23 qui
3133 673 89 21 passent

2718 699 30 20 les
2761 702 106 16 vacances
2878 698 27 20 de
2917 697 21 20 la
2948 697 118 20 Pentecôte
3078 696 13 19 à
3103 696 119 22 Ramsgate

2717 724 22 19 et
2756 722 31 21 les
2804 722 102 20 environs
2921 726 24 15 se
2962 719 169 22 rassemblèrent
3147 723 38 16 sur
3202 719 21 19 la

2717 747 71 24 plage,
2800 750 55 20 pour
2870 747 47 19 voir
2932 746 19 19 le
2966 744 151 25 parachutiste
3133 743 78 20 descen-

2718 772 38 19 dre
2776 771 52 19 d'un
2847 771 65 19 avion
2931 770 76 19 volant
3022 769 14 20 à
3055 769 50 23 plus
3122 768 26 19 de
3169 767 55 23 2,500

2718 795 62 24 pieds
2793 795 27 19 de
2833 795 103 19 hauteur.

2743 823 138 25 L'opération
2898 828 23 15 se
2936 823 90 20 déroula
3057 821 167 21 normalement.

2718 849 58 23 Muit
2792 849 19 19 le
2829 851 52 17 vent
2895 851 80 20 poussa
2992 847 104 20 l'homme
3113 849 48 16 vers
3178 845 34 20 l'O-

2718 873 62 22 céan,
2795 873 23 19 et
2833 871 74 25 quand
2922 871 16 20 II
2953 876 14 19 y
2983 870 75 23 tomba
3073 880 25 5 —
3114 869 21 20 la
3151 869 73 20 marée

2718 897 64 21 étant
2794 896 45 20 très
2850 897 69 19 haute
2928 905 26 5 —
2964 896 16 19 11
2991 896 37 19 lut
3039 892 103 23 entraîné
3153 898 41 20 par
3204 893 20 20 le

2719 920 99 23 courant,
2833 924 49 16 vers
2895 920 21 20 la
2931 919 68 20 haute
3014 922 54 18 mer.

2743 952 35 18 Au
2804 949 100 21 moment
2918 948 28 21 où
2959 949 19 20 le
3005 947 219 22 canot-automobile,

2720 974 82 23 envoyé
2814 975 14 19 à
2841 979 41 15 son
2894 978 94 18 secours,
2998 973 117 24 parvenait
3128 978 14 14 a
3156 972 19 20 le
3189 976 23 15 re-

2718 999 94 24 joindre,
2827 999 20 19 le
2863 998 151 24 parachutiste
3031 996 55 21 était
3101 996 14 21 à
3130 995 53 21 bout
3198 996 26 20 dc

2719 1024 77 19 forces.

2744 1053 65 23 Wing
2826 1052 133 23 Wundham,
2976 1052 55 20 dont
3046 1050 73 21 c'était
3136 1050 21 20 la
3174 1053 38 20 pre-

2719 1076 67 21 mière
2804 1077 103 19 descente
2926 1081 29 15 en
2973 1075 220 22 Grande-Bretagne,
3212 1078 13 15 a

2720 1100 86 21 déclaré
2818 1104 42 20 que
2890 1100 55 20 l'eau
2962 1100 56 20 était
3045 1098 78 23 froide,
3138 1098 22 20 la
3176 1097 49 24 plus

2720 1124 70 21 froide
2803 1124 52 29 qu'il
2871 1124 33 20 ait
2919 1123 80 24 Jamais
3015 1122 88 21 trouvée
3119 1127 29 16 au
3162 1126 63 16 cours

2720 1149 27 20 de
2759 1153 35 16 ses
2807 1146 62 22 ébats
2882 1148 55 20 dans
2950 1148 31 20 les
2994 1148 59 20 flots.

2778 1179 27 19 Je
2826 1178 110 20 défaillais
2953 1177 14 20 à
2986 1177 100 21 l'instant
3106 1176 70 21 même
3198 1175 28 21 où

2721 1203 44 19 l'on
2779 1206 35 16 me
2828 1202 80 23 hissait
2919 1202 57 20 dans
2990 1202 19 19 le
3023 1201 67 21 canot
3106 1208 17 16 »,
3137 1201 88 23 ajouta-

2722 1227 45 22 t-il.

3316 185 56 46 ET
3404 181 271 49 DECADENCE

3258 281 42 30 UN
3319 278 212 33 EX-ARCHIDUC
3547 277 188 32 D'AUTRICHE

3271 325 52 30 VIT
3343 319 209 35 PÉNIBLEMENT
3571 322 22 30 A
3613 321 108 31 BERLIN

3260 401 60 35 ÂGÉ
3339 406 40 29 DE
3397 406 31 29 65
3448 405 69 32 ANS,
3539 403 29 31 IL
3586 404 90 30 VIENT
3696 402 39 31 DE

3356 449 34 30 SE
3408 447 121 32 MARIER
3554 446 83 32 POUR

3343 492 39 31 LA
3401 485 165 37 TROISIÈME
3584 490 68 31 FOIS

3267 567 82 22 Berlin,
3368 566 13 20 S
3401 566 56 24 Juin.
3472 575 27 6 —
3516 564 147 24 Aujourd'hui
3684 567 15 17 e
3718 562 35 22 été

3243 590 89 24 oélébré,
3346 589 14 20 à
3374 590 82 21 Berlin,
3467 589 21 20 le
3503 588 98 23 mariage
3616 588 27 20 de
3658 587 95 20 l'ancien

3243 613 104 21 archiduc
3366 612 234 25 Léopold-Ferdlnand
3620 611 134 22 d'Autriche,

3243 638 38 23 qui
3302 638 32 19 vit
3356 637 155 20 actuellement
3531 636 14 20 à
3566 635 76 21 Berlin
3662 639 53 16 «ous
3732 634 21 21 le

3244 665 53 16 nom
3317 662 26 19 de
3363 661 96 23 Léopold
3478 660 124 23 Woelsllng,
3623 664 53 15 avec
3692 660 61 19 Mnw

3244 685 66 20 Clara
3324 685 138 23 Pawlowsky.

3269 715 103 19 L'ancien
3388 714 104 21 archiduc
3505 717 35 19 est
3556 712 141 25 aujourd'hui
3713 712 41 24 âgé

3246 738 25 20 de
3282 739 24 19 65
3319 743 48 19 ans;
3381 743 26 15 sa
3418 739 81 20 femme
3511 739 30 19 ea
3553 742 14 16 a
3578 738 33 21 39.

3270 769 30 19 M.
3316 768 95 23 Léopold
3428 768 135 23 Woeslsllng.
3580 768 37 24 qui
3635 767 33 20 est
3683 765 72 23 marîé

3246 796 55 20 pour
3321 792 22 19 la
3362 792 109 21 troisième
3492 792 48 23 fols,
3557 795 69 20 ga£.le
3648 790 93 21 difficile-

3247 816 61 20 ment
3323 820 27 15 sa
3365 816 34 19 vie
3416 820 28 15 en
3460 816 84 20 faisant
3559 815 40 20 des
3612 814 143 22 conférence*

3246 841 23 18 et
3287 844 28 15 cn
3335 840 80 19 tenant
3434 840 27 19 de
3481 840 67 23 petits
3566 839 57 20 rôles
3642 839 58 20 dans
3715 838 39 20 des

3248 864 59 20 films
3323 863 137 24 historiques.
3476 873 26 5 —
3518 862 75 25 Belga.

1691 4307 60 27 UNE
1776 4300 183 33 DÉLÉGATION
1985 4305 166 34 FRANÇAISE

1843 4356 18 26 A
1882 4354 117 28 ANVERS

1691 4425 90 20 Anvers,
1791 4423 12 19 4
1814 4421 55 24 juin.
1879 4429 26 6 —
1913 4420 49 20 Une
1974 4420 125 23 délégation
2112 4422 26 20 de
2149 4423 20 19 la

1666 4447 50 21 ville
1729 4448 28 19 de
1773 4445 137 23 Dunkerque.
1925 4445 114 22 composée
2056 4445 29 20 du
2102 4449 68 16 inaue

1665 4472 30 19 M.
1712 4471 92 20 Charles
1818 4468 109 22 Valentin,
1942 4467 26 20 de
1985 4469 56 19 MM.
2057 4468 113 24 Verlesyen,

1666 4495 67 23 Dorp.
1744 4495 95 20 Tanchts,
1853 4491 75 21 Viane,
1942 4491 98 23 adjoints
2052 4493 29 19 du
2095 4494 76 20 maire,

1665 4519 39 19 des
1721 4518 110 20 membres
1843 4516 29 20 du
1889 4515 87 20 Conseil
1994 4516 120 24 municipal
2132 4521 26 16 ac-

1666 4547 133 19 compagnes
1815 4541 27 19 de
1856 4539 46 20 leur
1920 4539 81 20 femme
2017 4540 24 19 et
2055 4539 27 21 de
2098 4541 61 20 l'Har-

1666 4567 72 21 monie
1759 4563 131 25 municipale
1911 4563 27 19 de
1957 4564 139 23 Dunkerque,
2118 4569 51 15 avec

1666 4590 113 22 étendard,
1792 4589 34 20 est
1836 4585 82 22 arrivée
1933 4586 13 20 â
1959 4588 91 21 Anvers,
2063 4592 24 16 ce
2098 4588 72 20 matin

1666 4614 14 19 à
1695 4614 22 20 11
1730 4614 22 20 h.
1764 4613 30 20 30.

1692 4639 32 19 La
1737 4636 123 23 délégation
1873 4638 13 15 a
1901 4633 34 20 été
1950 4638 64 16 reçue
2029 4635 14 19 à
2054 4635 75 20 l'hôtel
2144 4635 26 20 de

1665 4662 50 20 ville
1731 4666 41 19 par
1785 4660 29 20 M.
1828 4657 90 22 Camille
1932 4658 132 22 Huysmans,
2078 4658 92 20 entouré

1666 4685 38 20 des
1725 4684 108 22 échevins,
1851 4682 30 19 M.
1899 4681 88 23 Baelde,
2009 4682 99 23 Verrept,
2129 4682 30 20 So-

1666 4713 64 18 mers.
1744 4708 109 22 Debruyn.

1691 4732 70 24 Après
1778 4731 22 20 la
1818 4728 150 26 présentation
1983 4729 29 19 du
2031 4733 81 20 groupe
2130 4734 40 18 par

1666 4757 20 20 le
1702 4756 76 21 maire,
1793 4755 30 19 M.
1837 4752 110 22 Valentin.
1960 4753 22 19 la
1998 4752 122 21 bienvenue
2134 4754 34 19 fut

1665 4779 114 21 souhaitée
1810 4781 43 16 aux
1882 4775 64 20 hôtes
1966 4781 42 19 par
2027 4777 30 20 M.
2078 4777 91 20 Camille

1666 4805 132 22 Huysmans.

1691 4828 49 19 Une
1752 4826 63 20 visite
1830 4825 38 19 des
1879 4822 66 21 salles
1957 4823 85 20 clôtura
2057 4823 23 20 la
2094 4823 64 24 récep-

1666 4852 53 19 tion.
1741 4847 140 27 Après-midi,
1902 4847 33 19 les
1956 4847 102 20 visiteurs
2075 4852 24 15 se
2119 4848 51 19 sont

1665 4873 129 24 embarqués
1805 4872 14 20 &
1830 4871 54 20 bord
1893 4870 52 20 d'un
1956 4870 81 21 bateau
2048 4875 56 20 pour
2113 4871 57 21 faire

1666 4903 43 15 une
1725 4896 115 21 excursion
1855 4894 57 20 dans
1925 4894 21 19 le
1960 4894 56 23 port.

1690 4921 101 21 Demain,
1803 4920 27 19 ils
1840 4918 74 22 seront
1925 4922 64 19 reçus
2001 4922 41 19 par
2053 4920 23 19 la
2085 4917 84 21 colonie

1666 4945 110 23 française
1789 4944 110 19 d'Anvers.

1728 4995 232 33 DÉRAILLEMENT
1989 4997 121 27 MORTEL

1690 5060 114 24 Belgrade,
1817 5059 12 20 3
1843 5057 55 24 Juin.
1912 5067 26 4 —
1948 5057 36 20 Un
1999 5057 60 20 train
2072 5056 30 20 du
2116 5056 41 20 che-

1665 5085 48 19 min
1723 5085 27 20 de
1761 5085 35 19 fer
1804 5087 14 16 *
1829 5082 47 20 vole
1887 5080 85 23 étroite,
1982 5082 38 22 qui
2030 5082 97 18 traverse
2138 5080 31 20 les

1666 5109 74 19 monts
1753 5107 135 22 bosniaques,
1900 5109 14 15 a
1927 5104 96 23 déraillé,
2035 5108 38 16 sur
2087 5104 22 20 la
2121 5104 48 20 côte

1665 5132 105 22 dalmate,
1783 5133 55 21 pour
1855 5132 43 17 une
1915 5131 65 17 cause
1997 5132 78 16 encore
2091 5128 66 19 incon-

1665 5159 51 18 nue.

1690 5178 20 21 Il
1721 5183 14 19 y
1746 5182 14 16 t
1772 5177 53 24 trois
1836 5176 68 20 morts
1916 5175 22 20 et
1951 5175 55 20 neuf
2016 5174 86 24 blessés,
2114 5175 54 20 dont

1664 5202 58 21 deux
1739 5200 134 25 grièvement
1890 5198 99 22 atteint*.
2002 5206 27 8 —
2045 5198 81 21 Haras.

2270 3507 34 26 LA
2321 3506 168 28 CONFIANCE
2508 3508 125 27 DEVRAIT

2380 3552 148 33 RÉGNER...

2222 3622 133 23 Hambourg,
2373 3623 12 19 3
2401 3622 56 24 Juin.
2473 3633 27 5 —
2517 3624 31 19 M.
2567 3623 132 21 Kaufmann

2198 3646 201 20 reichsstatthalter
2419 3647 27 19 de
2463 3647 135 23 Hambourg,
2620 3653 13 15 a
2654 3653 52 18 reçu

2198 3674 23 16 ce
2242 3670 72 20 matin
2334 3670 20 19 le
2374 3674 65 19 corps
2459 3670 130 24 consulaire,
2610 3672 56 20 dont
2686 3672 20 20 le

2197 3693 77 23 doyen,
2295 3694 31 19 M.
2348 3694 103 23 Mulaert,
2473 3696 76 20 consul
2571 3694 89 25 général
2678 3696 28 20 de

2197 3717 109 23 Belgique,
2320 3717 31 20 lui
2366 3722 14 15 a
2394 3717 102 24 présenté
2508 3718 32 20 les
2552 3719 102 20 souhaits
2668 3720 38 20 des

2197 3741 165 23 représentants
2382 3742 38 19 des
2441 3742 64 20 Etats
2525 3741 122 25 étrangers.

2220 3771 32 19 La
2264 3775 65 16 cause
2341 3771 25 20 de
2379 3770 21 21 la
2413 3772 54 19 crise
2481 3771 111 21 mondiale
2606 3772 99 25 actuelle,

2197 3799 14 15 a
2232 3794 86 21 déclaré
2340 3796 31 18 M.
2390 3795 103 22 Mulaert,
2516 3797 35 18 est
2573 3796 89 21 surtout
2685 3796 20 21 le

2196 3822 94 19 manque
2303 3820 27 20 de
2342 3819 117 20 confiance
2472 3818 89 26 général
2574 3820 37 23 qui
2624 3820 82 21 accroit

2196 3842 32 19 les
2251 3841 128 23 difficultés,
2402 3843 57 19 mais
2480 3844 59 19 cette
2558 3844 110 20 situation
2691 3849 14 15 a

2196 3865 49 20 tout
2262 3870 28 15 au
2308 3866 72 19 moins
2396 3866 124 24 l'avantage
2537 3867 27 20 de
2578 3867 129 21 démontrer

2195 3889 129 20 clairement
2339 3889 14 20 à
2367 3890 51 20 tous
2431 3890 22 20 la
2467 3890 143 24 dépendance
2626 3890 68 21 écono-

2195 3913 72 23 mique
2285 3914 39 19 des
2341 3913 90 24 peuples
2444 3914 64 20 entre
2525 3919 48 17 eux.

2220 3943 30 20 M.
2267 3943 133 20 Kaufmann
2415 3948 13 16 a
2447 3944 82 23 assuré,
2547 3945 26 20 de
2590 3949 42 16 son
2650 3945 54 21 côté,

2195 3970 40 20 que
2250 3967 19 19 le
2283 3967 78 24 peuple
2376 3967 112 21 allemand
2502 3968 56 21 était
2571 3968 134 23 loyalement

2195 3990 86 23 disposé
2303 3991 14 19 à
2337 3991 121 20 collaborer
2477 3996 29 16 au
2528 3991 177 22 rétablissement

2195 4015 26 19 de
2234 4015 23 19 la
2267 4015 117 20 confiance
2396 4016 63 19 entre
2472 4016 32 19 les
2517 4016 95 25 peuples.
2623 4016 18 20 U
2653 4017 52 19 s'est

2195 4039 32 19 dit
2242 4039 121 20 convaincu
2378 4039 67 24 qu'un
2460 4040 70 23 grand
2544 4044 40 20 pas
2597 4044 51 16 sera
2662 4040 43 20 fait

2196 4062 56 20 dans
2267 4063 57 20 cette
2343 4062 46 21 voie
2407 4063 110 24 lorsqu'on
2536 4068 56 16 aura
2607 4068 97 16 reconnu

2194 4091 41 15 son
2250 4086 79 23 égalité
2344 4087 26 20 de
2385 4087 76 21 droits.
2475 4097 26 5 —
2514 4087 74 24 Belga.

2260 4156 142 27 BATAILLE
2428 4157 76 27 DANS
2529 4157 34 27 LA
2588 4157 59 27 RUE

2220 4222 68 23 Sofia,
2302 4223 11 19 3
2327 4222 56 24 juin.
2395 4233 25 5 —
2431 4224 63 19 Deux
2506 4227 92 19 groupes
2612 4225 27 18 de
2653 4224 37 18 Ma

2194 4247 118 19 cedoniens
2328 4251 23 15 se
2367 4249 51 18 sont
2432 4247 53 20 livré
2502 4246 89 21 bataille
2607 4246 14 20 à
2637 4251 66 19 coups

2195 4271 27 20 rte
2243 4270 116 21 revolvers,
2379 4272 35 18 cet
2435 4270 137 22 après-midi,
2593 4269 57 21 dans
2671 4271 32 19 les

2195 4299 49 15 rues
2258 4295 27 19 de
2298 4294 69 20 Sofia.

2219 4318 36 20 Un
2270 4318 164 20 michaeloviste
2451 4323 14 14 a
2482 4317 36 21 été
2536 4318 46 22 tué;
2603 4322 30 15 un
2651 4322 41 18 pro

2195 4342 142 23 toguerotiste
2357 4341 135 24 grièvement
2513 4341 76 20 blessa».

2219 4365 41 20 I.es
2290 4367 74 18 autres
2393 4366 152 19 combattants
2563 4365 40 21 ont
2620 4365 45 22 pris
2680 4365 22 20 ln

2195 4389 63 21 fuite.
2269 4399 25 6 —
2306 4390 81 19 Havas.

2196 4459 26 26 IL
2235 4459 17 26 A
2264 4458 98 27 PERDU
2381 4458 135 27 L'ESPOIR
2535 4458 36 26 DE
2584 4452 118 33 RÉGNER

2218 4524 82 20 Berlin.
2318 4524 11 19 3
2346 4523 56 24 Juin.
2417 4532 27 6 —
2460 4524 43 18 Par
2517 4524 20 20 le
2555 4523 43 20 fait
2615 4523 28 20 de
2660 4528 40 15 son

2194 4549 96 21 mariage
2305 4552 52 16 avec
2370 4547 52 20 Mlle
2437 4551 42 15 von
2493 4547 100 22 Salviati.
2604 4546 20 21 lo
2639 4551 50 21 prin-

2194 4577 23 15 ce
2236 4572 125 20 Guillaume
2379 4571 28 19 de
2425 4572 77 18 Prusse
2522 4575 13 15 a
2553 4571 59 20 cessé
2627 4571 68 20 d'êtn»

2193 4600 55 20 pour
2262 4600 32 16 les
2308 4595 137 23 légitimistes
2459 4594 129 23 allemands,
2605 4599 30 15 un
2651 4595 38 23 pré-

2193 4621 95 19 tendant
2304 4618 102 21 éventuel
2426 4620 14 18 a
2461 4618 23 20 la
2503 4621 111 16 couronne
2636 4622 53 17 prus-

2191 4644 85 19 sienne.

2217 4666 204 21 L'administration
2436 4667 26 19 de
2477 4665 122 21 l'ancienne
2614 4666 86 20 maison

2194 4690 72 24 royale
2285 4690 26 20 de
2327 4691 79 18 Prusse
2424 4689 72 24 publie
2513 4688 15 21 b.
2541 4690 37 19 cet
2596 4690 67 22 égard
2680 4689 20 20 le

2193 4714 152 23 communiqué
2361 4713 90 20 suivant
2471 4717 6 16 ;

2220 4747 8 6 »
2247 4739 18 18 A
2280 4742 25 14 sa
2321 4735 110 25 majorité,
2447 4738 20 19 le
2485 4736 74 23 prince
2574 4736 126 20 Guillaume

2194 4761 26 21 de
2239 4762 78 19 Prusse
2336 4765 14 15 a
2367 4760 95 20 renoncé
2481 4764 15 15 a
2511 4761 50 19 tous
2579 4760 32 20 les
2631 4760 70 23 droits,,

2193 4785 118 21 découlant
2328 4788 55 17 oour
2399 4784 32 19 lui
2448 4784 23 19 et
2484 4787 26 16 sa
2528 4783 172 23 primogénlture

2195 4814 52 15 Dour
2261 4808 19 20 le
2292 4812 38 16 cas
2342 4808 28 20 où
2384 4807 15 20 il
2412 4807 136 21 conclueralt
2560 4812 31 15 un
2602 4807 98 23 mariage

2193 4833 109 20 contraire
2318 4836 44 15 aux
2375 4831 70 22 règles
2458 4835 30 16 en
2503 4831 90 22 vigueur
2609 4831 56 20 dans
2677 4831 23 20 la

2193 4857 85 20 maison
2292 4855 80 23 royale.
2387 4863 9 9 .

2217 4881 59 19 C'est
2292 4879 20 20 le
2328 4883 39 16 cas
2381 4878 142 20 maintenant
2540 4882 42 20 par
2597 4878 57 21 suite
2672 4881 27 17 de

2192 4908 41 16 son
2254 4903 69 19 union
2345 4906 53 16 avec
2416 4902 52 20 Mlle
2490 4906 43 15 von
2554 4901 99 22 Salviati,
2674 4911 25 5 —

2193 4928 73 24 Belga.

2299 4989 137 28 VICTOIRE
2458 4983 137 33 ASSURÉE

2216 5055 191 22 Rlo-de-Janelro.
2422 5056 13 19 3
2452 5055 55 23 Juin.
2524 5065 26 5 —
2565 5054 99 24 Quoique
2678 5055 20 20 le

2193 5079 169 25 dépouillement
2383 5079 39 20 des
2444 5078 104 20 élections
2570 5078 29 20 du
2620 5079 12 19 3
2652 5079 46 20 mai

2192 5108 27 16 ne
2234 5103 44 20 soit
2290 5107 40 20 pas
2345 5101 100 23 terminé,
2459 5102 33 20 les
2505 5101 105 21 résultats
2624 5103 75 23 acquis

2191 5128 56 20 dans
2258 5127 68 20 douze
2338 5126 64 20 Etats
2416 5125 115 20 confèrent
2544 5129 32 16 un
2589 5128 108 20 avantage

2190 5150 94 21 sensible
2312 5154 44 15 aux
2384 5149 70 24 partis
2484 5150 215 23 gouvernementaux

2191 5174 55 21 dont
2261 5173 24 21 la
2300 5173 89 21 victoire
2403 5173 82 20 semble
2501 5171 94 22 assurée.
2610 5181 26 7 —
2650 5173 36 21 Ba-

2191 5201 45 18 va*

2291 5257 3 3 ■
2314 5254 15 12 -,
2342 5259 4 8 ,

2419 5250 59 20 iA.**,
2483 5240 59 29 n'fsè-
2547 5255 6 9 s
2556 5238 104 31 tfà**fK'
2672 5244 7 6 '

2773 1284 278 33 SOUS-SECRÉTAIRE
3077 1282 105 33 D'ÉTAT

2722 1333 86 34 RADIÉ
2833 1338 37 28 DE
2884 1338 126 28 L'ORDRE
3028 1338 56 28 DES
3100 1337 129 28 AVOCATS

2811 1406 41 22 (De
2866 1405 64 20 notre
2945 1403 187 25 correspondant.)

2744 1435 70 22 Parl6,
2827 1436 12 19 3
2857 1435 56 24 Juin.
2928 1445 26 5 —
2974 1434 53 21 (Par
3044 1434 26 21 fil
3087 1433 98 25 spécial.)
3204 1443 25 5 —

2721 1460 36 20 On
2770 1460 45 19 sait
2828 1463 41 20 que
2884 1459 20 19 le
2916 1460 95 19 barreau
3026 1459 27 19 de
3068 1458 99 22 Poitiers,
3182 1457 34 20 ins-

2721 1484 89 20 truisait
2828 1487 44 16 une
2889 1482 85 24 plainte
2991 1483 76 19 contre
3098 1485 32 16 un
3150 1482 26 19 de
3194 1485 35 15 ses

2721 1508 115 21 membres,
2853 1507 30 19 M.
2902 1507 86 19 Gaston
3003 1506 74 22 Hulin,
3094 1504 123 21 sous-secré-

2721 1531 56 20 taire
2788 1531 75 21 d'Etat
2874 1531 15 19 à
2901 1530 23 20 la
2933 1530 92 20 Guerre.

2745 1562 30 18 Le
2795 1561 23 19 19
2836 1560 52 21 mal.
2904 1559 23 20 la
2944 1560 59 20 Cour
3033 1559 86 24 d'appel
3137 1559 27 20 de
3178 1559 40 19 Poi-

2722 1585 59 20 tiers,
2795 1584 58 20 dans
2868 1588 31 15 un
2914 1584 61 19 arrêt
2989 1583 143 23 longuement
3144 1584 24 18 et
3183 1582 36 20 for-

2722 1608 85 20 tement
2821 1607 87 23 motivé,
2927 1607 106 20 déclarait
3051 1606 150 21 inadmissible
3208 1606 22 19 la

2722 1632 108 21 demande
2849 1633 27 20 de
2899 1631 126 20 récusation
3049 1630 106 21 formulée
3190 1634 39 19 par

2722 1657 29 19 M.
2767 1657 87 19 Gaston
2869 1655 75 22 Hulin.
2959 1654 181 21 sous-secrétalre
3157 1654 73 20 d'Etat

2722 1679 15 20 à
2749 1680 23 19 la
2785 1681 92 20 Guerre,
2892 1680 75 20 contre
2983 1679 55 19 MM.
3053 1678 28 20 de
3096 1678 23 20 la
3135 1678 96 23 Grange,

2722 1704 126 22 bâtonnier;
2865 1703 91 24 Mérine,
2968 1703 27 20 de
3008 1702 63 21 Leffe
3087 1705 22 18 et
3123 1702 27 20 de
3161 1702 70 22 Roux,

2722 1728 109 20 membres
2847 1728 30 19 du
2893 1727 83 20 conseil
2994 1727 26 19 de
3036 1726 78 21 l'ordre
3132 1726 29 19 du
3179 1726 40 19 bar-

2723 1756 54 16 reau
2793 1753 28 20 de
2838 1750 100 21 Poitiers.

2745 1783 33 19 M.
2791 1781 70 20 Hulin
2873 1781 56 20 était
2944 1780 123 20 condamné
3083 1784 44 16 aux
3143 1779 87 24 dépens.

2746 1811 31 20 M.
2790 1811 69 19 Hulin
2872 1810 53 20 s'est
2940 1810 94 20 aussitôt
3047 1813 84 20 pourvu
3145 1814 29 16 en
3180 1813 39 15 cas-

2722 1835 74 20 sation
2808 1836 76 18 contre
2894 1835 36 19 cet
2941 1833 60 21 arrêt
3012 1834 27 20 de
3051 1834 23 19 la
3086 1834 67 21 Cour;
3169 1833 62 22 mais,

2725 1859 19 19 le
2768 1859 90 23 pourvoi
2882 1857 86 21 n'étant
2997 1862 40 19 pas
3058 1857 118 23 suspensif,
3212 1856 20 20 le

2723 1882 82 21 conseil
2823 1882 27 20 de
2869 1882 78 19 l'ordre
2967 1886 15 15 a
2999 1880 104 22 entendu,
3121 1880 57 20 dans
3208 1880 23 19 la

2723 1905 92 25 Journée
2832 1905 31 20 du
2892 1906 12 19 2
2921 1905 56 23 Juin.
3003 1906 30 19 M.
3052 1905 87 20 Gaston
3156 1904 76 22 Hulin,

2725 1929 130 25 présentant
2871 1934 28 15 sa
2911 1929 97 20 défense.

2749 1959 70 25 Après
2835 1964 30 15 en
2878 1960 61 19 avoir
2955 1958 102 21 délibéré,
3068 1958 21 20 le
3106 1959 82 20 conseil
3207 1958 26 20 de

2724 1984 79 20 l'ordre
2820 1989 14 14 a
2850 1983 117 25 prononcé,
2983 1983 56 23 hier,
3054 1982 22 20 la
3089 1983 64 23 peine
3169 1982 26 20 dc
3211 1983 22 18 la

2725 2007 119 21 radiation.

2750 2039 31 18 M.
2797 2038 69 19 Hulin
2883 2038 48 19 fera
2947 2037 64 23 appel
3027 2037 26 19 de
3065 2036 59 20 cette
3137 2035 97 21 décision

2725 2063 83 20 devant
2823 2061 22 20 la
2861 2062 59 20 Cour
2935 2062 27 20 de
2979 2061 98 20 Poitiers.

2750 2093 34 19 M*
2799 2091 133 24 Campinchi
2949 2090 129 24 présentera
3094 2095 27 15 sa
3138 2089 97 21 défense.

2726 2117 36 19 On
2774 2116 45 19 sait
2830 2116 66 23 qu'on
2908 2115 106 23 reproche
3029 2115 15 19 à
3058 2115 31 19 M.
3103 2114 69 20 Hulin
3188 2114 35 19 d'a-

2725 2140 48 20 voir
2788 2139 99 21 commis,
2899 2139 16 19 il
2932 2144 13 18 y
2964 2143 15 15 a
2994 2139 62 23 vingt
3074 2142 47 16 ans.
3137 2142 31 15 un
3186 2138 49 19 acte

2726 2164 110 20 contraire
2849 2163 15 19 &
2876 2163 121 20 l'honneur.
3007 2162 37 20 Un
3055 2161 68 21 débat
3135 2162 61 19 avait
3207 2165 28 15 eu

2725 2188 44 19 lieu
2784 2188 14 19 à
2809 2192 24 15 oe
2846 2187 59 23 sujet
2920 2187 14 19 à
2947 2186 22 20 la
2982 2186 110 21 Chambre
3108 2185 23 20 et
3147 2185 20 19 le
3183 2184 39 24 pré-

2725 2212 74 20 sident
2810 2212 29 19 du
2847 2210 88 21 Conseil
2946 2210 61 20 avait
3018 2210 90 19 couvert
3119 2213 41 15 son
3171 2212 63 16 sous-

2725 2235 116 20 secrétaire
2860 2234 79 21 d'Etat,
2951 2237 30 16 en
2996 2233 116 20 déclarant
3124 2233 51 24 qu'il
3190 2234 32 17 s'a-

2726 2259 77 24 gissait
2819 2258 142 23 simplement
2978 2257 30 20 du
3026 2258 43 19 fait
3086 2261 41 20 que
3141 2257 30 19 M.
3187 2257 36 18 Hu-

2726 2283 39 23 lin,
2781 2282 90 24 désigné
2887 2285 56 20 pour
2960 2281 90 20 assister
3067 2281 14 19 à
3097 2285 31 15 un
3144 2280 91 23 congrès

2725 2307 28 20 de
2770 2307 23 19 la
2805 2306 67 23 Ligue
2889 2306 39 19 des
2945 2304 75 21 Drofts
3035 2305 27 19 de
3075 2304 115 22 l'Homme,
3207 2307 28 15 ne

2725 2332 31 22 s'y
2771 2330 55 21 était
2840 2334 41 19 pas
2892 2329 72 20 rendu
2978 2330 23 18 et
3014 2328 84 20 n'avait
3111 2332 40 20 pas
3165 2327 70 20 rendu

2726 2349 24 25 la"
2760 2358 84 16 somme
2859 2354 26 19 de
2900 2354 72 19 trente
2987 2353 82 20 francs,
3080 2352 37 24 qui
3128 2352 32 19 lui
3175 2351 60 20 avait

2725 2379 35 20 été
2773 2378 78 20 remise
2862 2381 56 20 pour
2931 2381 69 19 payer
3011 2380 36 16 tes
3059 2375 62 21 frais.

2750 2408 50 20 Une
2820 2406 94 26 querelle
2934 2405 104 25 politique
3058 2405 75 21 s'était
3151 2405 83 24 greffée

2726 2436 39 15 sur
2776 2432 58 20 cette
2850 2431 88 23 affaire.
2957 2431 30 19 M,
3005 2430 69 19 Hulin
3091 2429 65 20 étant
3173 2427 49 21 radi-

2726 2454 157 21 cal-socialiste
2914 2456 23 19 et
2954 2453 96 21 certains
3066 2453 110 20 membres
3205 2453 30 20 du

2726 2480 94 20 barreau
2834 2480 26 19 de
2872 2478 92 20 Poitiers
2978 2477 149 24 appartenant
3140 2482 28 14 au
3183 2481 40 19 par-

2727 2504 18 20 ti
2760 2502 110 24 royaliste.

3343 940 106 33 TRAITÉ
3473 945 196 28 COMMERCIAL

3272 1025 97 23 Tallinn,
3387 1025 12 20 3
3418 1025 55 23 Juin.
3491 1034 26 6 —
3534 1024 30 20 Le
3584 1025 171 22 gouvernement

3248 1050 62 20 vient
3331 1049 27 20 de
3377 1049 144 20 sanctionner
3542 1048 20 20 le
3584 1048 110 24 protocole
3716 1049 40 19 des

3248 1073 165 21 modifications
3431 1071 115 25 apportées
3564 1076 30 16 au
3610 1072 67 20 traité
3695 1077 48 16 com-

3248 1097 91 21 mercial
3354 1096 191 20 esto-lithuanlen.

3272 1127 41 20 Les
3339 1126 57 21 deux
3421 1126 83 24 parties
3529 1125 40 21 ont
3592 1125 94 22 renoncé
3712 1129 44 17 aux

3249 1151 121 23 avantages
3386 1149 163 24 exceptionnels
3568 1148 189 26 réciproquement

3248 1175 118 21 consentis.
3380 1185 26 4 —
3419 1174 82 20 Havas.

3252 1265 60 27 UNE
3321 1264 174 28 COMPAGNIE
3503 1264 37 26 DE
3549 1263 210 27 MALFAITEURS

3275 1337 82 22 Berlin,
3371 1337 12 19 3
3401 1336 55 24 Juin.
3474 1345 27 6 —
3516 1337 33 19 La
3567 1335 69 23 police
3655 1340 14 15 a
3688 1337 71 19 réussi

3249 1361 15 19 à
3278 1362 80 19 mettre
3371 1361 23 19 la
3407 1361 61 20 main
3481 1364 40 16 sur
3532 1364 43 15 une
3590 1359 71 21 bande
3678 1360 26 20 de
3719 1364 28 15 vo-

3251 1385 58 20 leurs
3327 1385 57 20 forte
3402 1384 27 20 de
3444 1384 24 20 90
3485 1384 146 23 malfaiteurs,
3648 1382 97 24 parfaite-

3251 1410 61 19 ment
3331 1408 113 23 organisée
3472 1409 24 19 et
3527 1408 73 20 armée
3619 1408 43 23 qui,
3680 1406 79 24 depuis

3250 1433 103 24 quelques
3370 1433 62 21 mois,
3449 1432 89 20 mettait
3555 1436 28 15 en
3601 1435 68 19 coupe
3686 1429 73 24 réglée

3251 1457 22 20 ia
3287 1457 76 23 région
3379 1456 27 20 de
3421 1456 199 22 Recklinghausen.
3631 1464 26 6 —
3671 1454 76 23 Belga.

3253 1532 39 27 UN
3315 1531 286 28 TRANSBORDEMENT
3629 1531 38 27 EN
3697 1531 64 27 MER

2782 2566 37 27 LE
2837 2560 183 32 MILLÉNAIRE
3039 2564 144 28 NORMAND

2754 2633 131 22 Coutanges,
2906 2632 11 19 3
2939 2632 55 23 juin.
3014 2641 26 5 —
3056 2630 146 24 Aujourd'hui
3223 2636 12 13 a

2728 2661 27 15 eu
2771 2657 45 19 lieu
2832 2656 22 19 la
2869 2655 91 23 journée
2976 2655 136 20 d'ouverture
3126 2655 39 19 des
3181 2654 56 20 fétes

2729 2681 30 18 du
2776 2680 121 20 millénaire
2918 2679 116 22 normand,
3053 2683 51 15 sous
3125 2678 23 19 la
3167 2678 58 23 prési-

2730 2705 67 19 dence
2819 2704 30 19 du
2866 2703 100 20 ministre
2988 2704 26 19 de
3037 2702 137 20 l'Education
3196 2706 28 15 na-

2730 2727 88 22 tionale,
2838 2726 66 20 assité
2921 2726 38 20 des
2976 2725 192 21 sous-secrétaires
3188 2726 37 19 d'E-

2729 2752 35 19 tat
2780 2755 44 16 aux
2841 2753 103 19 Travaux
2961 2749 83 25 publics
3062 2751 22 19 et
3100 2753 29 17 au
3147 2749 78 20 Touris-

2729 2779 41 16 me.
2784 2784 27 6 —
2824 2775 82 19 Havas.

2785 2844 111 27 400.000
2919 2843 106 28 LITRES
3051 2842 141 28 D'ALCOOL

2915 2894 140 27 BRULENT

2753 2962 69 22 Paris.
2839 2961 12 20 3
2868 2961 55 24 Juin.
2938 2971 27 4 —
2979 2961 45 19 Peu
3041 2961 69 19 avant
3127 2959 61 23 midi,
3204 2963 31 17 un

2730 2986 100 19 incendie
2848 2986 53 19 s'est
2920 2984 86 21 déclaré
3026 2984 57 20 dans
3102 2989 43 15 une
3165 2983 58 21 fabri-

2729 3014 40 19 que
2785 3010 27 19 de
2828 3009 80 20 levure,
2924 3009 14 20 à
2954 3008 190 20 Maisons-Alfort.

2754 3040 29 18 Le
2798 3039 38 20 feu
2852 3043 12 15 a
2880 3038 46 24 pris
2939 3038 116 19 naissance
3070 3038 56 19 dans
3142 3039 19 19 le
3176 3036 48 22 bâti-

2731 3063 61 19 ment
2805 3063 27 20 de
2846 3062 22 20 la
2882 3062 149 20 rectification
3044 3063 23 20 et
3081 3062 80 22 400,000
3174 3062 63 19 litres

2730 3086 91 20 d'alcool
2836 3085 95 21 brûlent.

2754 3116 42 19 Les
2817 3116 109 23 pompiers
2947 3114 27 21 de
2994 3115 63 21 Paris
3075 3115 52 20 sont
3146 3119 39 17 sur

2731 3138 63 21 lieux.
2807 3149 25 4 —
2844 3139 81 19 Havas.

3205 3116 31 19 los

2808 3201 39 26 UN
2874 3201 137 28 POLICIER
3037 3196 117 33 D'ÉLITE

2822 3269 41 19 (De
2877 3269 65 19 notre
2956 3269 189 22 correspondant.)

2752 3297 105 22 Londres,
2875 3297 12 19 3
2907 3297 55 23 juin.
2982 3307 26 5 —
3031 3297 53 20 (Par
3103 3296 134 25 téléphone).

2727 3330 26 4 —
2770 3321 59 20 C'est
2842 3325 43 17 une
2902 3321 56 19 lutte
2975 3322 125 22 Incroyable
3115 3322 66 23 qu'un
3198 3325 39 19 po-

2728 3344 96 20 llceman
2843 3349 13 15 a
2874 3344 31 20 dû
2923 3345 105 23 soutenir,
3047 3349 25 16 ce
3092 3345 79 23 matin,
3190 3349 48 16 vers

2728 3368 13 19 4
2756 3368 87 21 heures,
2860 3370 77 18 contre
2955 3369 50 24 cinq
3021 3369 163 21 cambrioleurs.

2753 3393 20 18 Il
2784 3397 28 14 ne
2828 3393 112 23 triompha
2955 3397 40 19 pas
3006 3403 26 4 —
3045 3394 21 20 le
3079 3393 88 20 combat
3183 3392 55 20 était

2728 3416 111 19 vraiment
2854 3417 49 23 trop
2917 3416 74 23 inégal
3004 3426 27 5 —
3044 3417 57 19 mais
3114 3417 17 20 il
3145 3421 14 15 a
3173 3421 53 16 mon-

2729 3440 33 19 tré
2779 3444 30 15 un
2823 3444 56 16 cran
2895 3440 121 20 admirable
3030 3440 14 20 à
3060 3440 57 21 cette
3130 3441 108 20 occasion.

2753 3470 40 18 Les
2809 3470 50 23 cinq
2876 3469 91 21 voleurs,
2979 3470 122 20 descendus
3117 3470 65 20 d'une
3197 3474 29 15 au-

2729 3493 23 19 to
2765 3493 56 20 dans
2834 3498 31 14 un
2877 3494 98 23 quartier
2987 3495 30 19 du
3031 3494 97 20 Sud-Est
3139 3495 27 19 de
3179 3495 58 24 Irf)n-

2729 3517 56 21 dres,
2801 3521 24 15 se
2844 3517 82 20 mirent
2944 3522 30 15 en
2992 3518 76 19 devoir
3085 3518 27 20 de
3131 3517 70 21 briser
3215 3518 22 19 la

2729 3541 122 19 devanture
2870 3541 64 20 d'une
2954 3541 116 24 bijouterie
3089 3543 23 18 et
3128 3542 50 20 d'en
3196 3545 29 15 en-

2729 3565 59 18 lever
2808 3568 43 16 une
2872 3565 100 23 quantité
2993 3564 138 24 appréciable
3153 3564 26 21 de
3197 3565 28 20 ba-

2728 3592 59 20 gues,
2802 3589 26 19 de
2841 3590 98 18 montres
2953 3590 23 18 et
2989 3589 27 20 de
3031 3589 82 23 bijoux.

2753 3619 65 21 Mais,
2833 3618 67 21 attiré
2918 3622 42 20 par
2978 3618 20 20 le
3016 3618 66 23 bruit,
3098 3622 33 16 un
3148 3618 89 25 policier

2729 3642 73 21 arriva
2815 3645 39 17 sur
2866 3642 32 19 les
2912 3642 58 19 lieux
2984 3642 30 22 et,
3027 3642 64 23 après
3106 3643 61 19 avoir
3179 3642 46 20 don-

2729 3665 27 20 né
2773 3670 31 15 un
2819 3670 55 19 coup
2890 3666 26 20 de
2931 3666 72 20 sifflet
3014 3666 97 20 strident
3126 3670 55 19 pour
3196 3669 29 19 ap-

2729 3689 60 24 peler
2805 3694 36 15 ses
2855 3690 108 23 collègues
2981 3689 14 20 à
3014 3689 70 24 l'aide,
3101 3689 16 20 il
3136 3690 101 22 chargea,

2729 3713 61 20 armé
2808 3714 26 19 de
2850 3717 27 16 sa
2893 3715 122 22 matraque,
3032 3715 32 20 les
3080 3713 155 21 cambrioleurs

2728 3737 85 23 surpris
2828 3741 41 20 par
2888 3737 57 20 cette
2965 3737 97 23 attaque.

2753 3767 37 19 Un
2804 3767 38 20 des
2856 3767 85 20 voleurs
2952 3768 36 19 fut
2999 3767 84 23 envoyé
3094 3770 40 16 sur
3146 3766 20 20 le
3180 3766 45 20 trot-

2729 3791 43 19 toir
2784 3795 41 20 par
2839 3795 30 16 un
2881 3794 57 18 coud
2953 3792 26 19 de
2995 3791 114 23 matraque
3123 3791 13 20 à
3151 3790 21 20 la
3187 3790 37 19 mâ-

2728 3815 81 20 choire.

2754 3844 19 20 Il
2791 3849 13 19 y
2821 3845 66 21 resta,
2904 3845 82 20 étendu
3002 3849 54 15 sans
3071 3844 165 21 connaissance.

2753 3875 103 19 Revenus
2873 3874 26 20 de
2916 3874 48 20 leur
2977 3874 64 23 émoi,
3057 3874 31 20 les
3104 3874 77 24 quatre
3195 3878 29 15 au-

2728 3898 45 19 tres
2794 3897 136 24 engagèrent
2952 3902 42 15 une
3018 3898 55 19 lutte
3095 3902 54 15 sans
3167 3898 67 19 merci

2728 3926 55 19 pour
2800 3922 86 20 abattre
2906 3922 19 19 le
2945 3922 95 24 policier,
3058 3926 29 15 cn
3105 3926 24 15 se
3144 3923 90 18 servant

2728 3945 140 20 notamment
2884 3945 52 20 d'un
2953 3946 101 20 marteau
3071 3945 23 20 et
3112 3945 38 20 des
3169 3945 65 20 outils

2728 3969 69 24 ayant
2808 3969 57 20 servi
2881 3973 28 16 au
2925 3968 152 24 cambriolage.
3175 3981 15 9 *

2752 4000 35 19 Un
2804 3999 74 19 voleur
2892 3999 39 20 eut
2947 4000 19 19 le
2981 4000 73 21 visage
3071 3999 49 20 tout
3136 3999 98 22 meurtri,

2728 4023 56 20 mais
2795 4023 19 19 le
2826 4022 89 24 policier
2928 4023 34 20 fut
2975 4024 128 22 gravement
3113 4022 80 21 touché
3206 4026 28 16 au

2727 4047 50 19 bras
2792 4047 91 24 gauche,
2898 4047 49 23 puis
2961 4047 36 19 fut
3009 4046 90 23 expédié
3114 4051 39 15 sur
3167 4048 21 19 le
3201 4046 32 20 sol

2727 4071 53 19 d'un
2793 4071 90 19 fameux
2897 4074 55 20 coup
2966 4071 26 19 de
3007 4072 101 18 marteau
3120 4071 14 19 à
3147 4070 22 20 la
3183 4070 51 20 tête.

2751 4101 42 19 Les
2815 4100 138 20 malfaiteurs
2975 4100 179 23 s'empressèrent
3176 4100 58 20 alors

2727 4123 27 21 de
2776 4128 110 16 ramasser
2908 4124 48 20 leur
2973 4128 139 19 compagnon
3134 4124 100 22 toujours

2728 4147 105 21 inanimé.
2858 4148 20 19 le
2903 4147 177 24 transportèrent
3102 4148 58 19 dans
3184 4148 48 19 leur

2727 4172 83 20 voiture
2821 4172 23 20 et
2859 4170 157 23 démarrèrent.

2750 4201 36 19 Un
2799 4204 92 21 passant
2905 4201 60 20 avait
2980 4200 64 21 voulu
3057 4201 126 20 intervenir.
3197 4201 35 20 Un

2726 4225 77 20 bandit
2819 4225 65 22 lança
2900 4225 19 19 le
2935 4226 100 18 marteau
3051 4227 56 19 dans
3121 4230 27 14 sa
3162 4225 59 20 direc-

2725 4248 53 22 tion,
2792 4248 57 20 mais
2863 4253 27 15 ne
2906 4248 118 23 l'atteignit
3039 4252 46 20 pas.
3096 4250 29 19 Le
3141 4250 92 22 passant

2725 4272 122 23 renvoyant
2865 4276 52 16 avec
2938 4272 60 20 force
3020 4271 19 21 le
3061 4272 113 23 projectile
3194 4277 39 15 sur

2725 4296 68 19 l'auto
2808 4296 36 23 qui
2861 4296 60 19 avait
2937 4295 51 24 déjà
3005 4295 107 24 démarré,
3129 4296 57 20 mais
3203 4297 29 19 lui

2725 4325 45 15 non
2782 4320 49 23 plus
2846 4324 27 15 ne
2890 4319 71 20 blessa
2976 4324 115 20 personne.

2749 4350 74 19 Avant
2844 4349 98 20 l'arrivée
2965 4350 97 19 d'autres
3081 4349 107 25 policiers,
3210 4351 22 20 la

2725 4373 84 20 voiture
2828 4372 56 21 était
2902 4374 53 19 hors
2973 4374 27 20 de
3019 4377 48 16 vue.

2749 4403 101 21 Ranimé,
2867 4403 20 19 le
2905 4403 89 23 policier
3011 4403 70 20 blessé
3099 4408 14 15 a
3128 4407 30 21 pu
3177 4404 43 20 don-

2724 4431 40 15 ner
2777 4431 31 15 un
2823 4427 148 23 signalement
2988 4427 94 23 complet
3098 4428 27 20 de
3139 4432 36 15 ses
3191 4428 29 20 ad-

2725 4452 105 18 versaires
2848 4451 27 20 de
2892 4451 71 20 même
2982 4455 41 20 que
3041 4451 57 21 celui
3116 4452 28 19 de
3158 4452 74 19 l'auto.

2748 4481 32 18 La
2797 4481 77 20 chasse
2891 4481 128 21 s'organisa,
3036 4482 56 19 mais
3109 4485 24 15 ce
3149 4482 46 19 soir
3210 4481 21 20 la

2724 4504 68 23 police
2810 4505 55 21 n'est
2883 4509 40 18 pas
2940 4509 78 16 encore
3033 4509 111 19 parvenue
3159 4505 14 19 â
3191 4509 29 18 ap-

2723 4528 124 22 préhender
2864 4528 30 20 les
2911 4528 97 23 fuyards.

3347 1600 41 20 (De
3404 1600 64 18 notre
3483 1599 181 22 correspondant)

3277 1629 103 22 Londres,
3400 1629 12 19 3
3432 1628 56 24 juin.
3508 1638 26 5 —
3554 1629 54 19 <Par
3625 1627 136 24 téléphoner.

3253 1662 25 7 —
3293 1654 30 18 Le
3341 1653 94 23 premier
3453 1656 80 19 voyage
3551 1652 28 19 de
3597 1652 23 19 la
3637 1652 74 19 saison
3730 1651 31 20 du

3253 1681 83 20 vapeur
3359 1685 8 7 «
3376 1676 70 28 Royal
3466 1675 66 24 Eagle
3541 1683 8 10 ■
3575 1676 37 24 qui
3635 1679 74 16 assure
3729 1679 32 15 un

3252 1702 82 19 service
3349 1700 94 23 régulier
3460 1701 63 18 entre
3541 1699 97 20 Londres
3655 1700 25 19 et
3698 1700 63 20 Mar-

3252 1726 58 23 gate,
3326 1729 14 15 a
3356 1725 35 19 été
3407 1725 90 22 marqué
3514 1727 41 20 par
3571 1728 31 15 un
3617 1723 106 19 incident.

3277 1755 30 20 Le
3325 1759 83 19 vapeur
3429 1754 59 20 avait
3506 1754 119 23 embarqué
3644 1754 34 19 six
3699 1755 63 18 cent*

3253 1783 121 20 passagers.

3277 1810 20 19 A
3311 1808 139 22 mi-chemin,
3466 1812 31 16 un
3513 1808 101 20 accident
3629 1807 86 20 survint
3733 1810 29 16 au

3254 1833 127 24 gouvernail
3405 1833 24 19 et
3452 1834 21 19 le
3497 1831 159 21 commandant
3681 1831 83 20 estima

3254 1857 51 24 qu'il
3321 1857 57 20 était
3394 1861 46 15 non
3453 1855 122 20 .seulement
3591 1854 124 25 impossible
3735 1855 28 19 de

3254 1881 117 20 continuer
3388 1879 21 22 le
3429 1883 88 20 voyage,
3538 1880 56 19 mais
3615 1879 64 24 qu'en
3699 1879 64 19 outre

3255 1905 15 20 U
3282 1910 28 15 ne
3323 1905 90 23 pouvait
3426 1905 93 19 aborder
3530 1908 29 15 au
3572 1901 153 22 débarcadère.

3279 1935 20 20 Il
3311 1935 65 23 lança
3385 1939 31 15 un
3424 1939 54 15 sans
3489 1934 26 20 fil
3526 1938 55 20 pour
3593 1932 107 20 réclamer
3712 1932 39 20 l'as-

3255 1960 95 19 sistance
3372 1959 53 19 d'un
3445 1961 63 16 autre
3529 1961 88 19 vapeur.
3638 1957 126 19 HeureuM-

3256 1984 67 22 ment,
3342 1982 17 20 il
3377 1987 15 19 y
3411 1986 30 15 en
3460 1982 60 19 avait
3541 1986 32 15 un
3592 1985 51 15 sous
3664 1979 101 25 pression

3255 2007 57 20 dans
3327 2006 21 20 le
3364 2007 57 22 port.
3435 2005 19 20 Il
3469 2005 69 23 partit
3555 2004 99 20 aussitôt,
3673 2006 91 19 comme

3257 2036 20 14 ia
3290 2035 47 16 mer
3350 2030 56 20 était
3420 2029 124 23 tranquille,
3558 2029 32 19 les
3605 2028 56 20 deux
3675 2028 90 19 navires

3257 2055 80 23 purent
3357 2053 111 20 s'aborder
3489 2057 54 15 sans
3564 2051 111 21 difficulté
3696 2052 25 19 et
3743 2051 21 19 le

3257 2078 192 20 transbordement
3464 2076 40 21 des
3516 2076 37 20 600
3567 2079 114 21 passagers
3696 2079 23 16 se
3736 2074 29 20 flt

3257 2107 52 15 sans
3326 2102 106 19 Incident,

3281 2132 58 20 Mais
3354 2131 120 20 l'aventure
3489 2131 60 19 avait
3565 2130 132 20 néanmoins
3713 2135 40 19 pro-

3258 2156 67 23 voqué
3342 2155 90 24 quelque
3449 2154 146 24 inquiétude...

3258 2213 172 60 CASINO
3469 2213 62 58 DE
3571 2213 196 58 KNOCKE

3352 2295 91 58 EST
3481 2294 188 59 OUVERT

3331 2403 166 36 RÉUNIONS
3519 2407 174 31 AMICALES

3453 2448 20 15 A.
3487 2448 18 15 S.
3519 2447 19 16 C.
3552 2447 19 15 L.

3339 2468 25 17 19,
3382 2470 33 13 rue
3433 2467 32 15 des
3483 2467 89 16 Minimes,
3592 2466 93 16 Bruxelles

3258 2486 149 17 RESTAURANT
3418 2486 104 16 FEMININ:
3536 2486 59 18 Repas
3606 2486 78 18 complet
3696 2482 70 20 3ft.lt

3327 2506 97 16 PENSION
3440 2506 62 15 POUR
3519 2505 84 16 JEUNES
3619 2505 78 16 FILLES

3259 2526 76 15 Pension
3352 2525 87 18 complète
3458 2529 4 11 :
3480 2526 9 14 9
3506 2525 63 15 Irancs
3585 2528 34 15 par
3634 2525 48 18 Jour.
3700 2523 66 16 (D5068

3300 2580 227 37 AFFECTIONS
3553 2580 52 36 DU
3629 2580 88 36 REIN

3326 2623 126 27 Gravelle
3461 2639 31 6 —
3506 2622 203 27 Rhumatismes

3388 2655 244 27 Artério-Sclérose

3274 2692 4 66 I
3288 2700 174 58 EVIAN
3472 2698 277 68 -CACHAT,

3288 2776 48 27 Eau
3354 2775 31 28 de
3403 2774 95 37 régime
3519 2782 45 27 par
3585 2768 179 46 excellence^

3432 2857 171 35 SOCIÉTÉ

3291 2906 76 30 DES
3387 2905 185 31 CHEMINS
3595 2906 52 29 DE
3667 2906 75 29 FER

3439 2950 153 29 BELGES

3390 3005 107 15 NOUVEAU
3512 3004 125 17 FASCICULE

3281 3030 25 15 La
3319 3029 71 16 Société
3405 3030 31 15 des
3451 3029 82 16 chemins
3548 3029 22 16 de
3586 3030 28 15 1er
3629 3030 59 17 boites
3702 3030 70 15 mettra

3259 3053 24 12 cn
3310 3051 58 15 vente,
3394 3049 11 15 k
3432 3049 59 18 partir
3516 3049 25 15 du
3567 3049 78 18 premier
3670 3049 47 18 Juin,
3743 3051 28 13 ua

3261 3072 83 12 nouveau
3359 3068 87 16 fascicule
3462 3069 36 14 Ibia
3513 3071 18 12 et
3545 3072 26 11 un
3586 3071 82 13 nouveau
3683 3067 89 17 fasclcult

3261 3088 38 15 lter
3311 3088 25 15 du
3348 3088 66 15 recueil
3427 3087 69 16 officiel
3508 3087 31 16 des
3553 3088 55 15 tarifs
3619 3090 46 16 pour
3676 3087 17 16 le
3707 3089 53 13 trans-

3260 3108 41 17 port
3314 3107 32 15 des
3360 3106 137 16 marchandises
3511 3110 23 12 en
3548 3106 77 16 services
3638 3106 98 16 Intérieurs
3750 3107 21 15 at

3261 3127 65 15 mixtes
3338 3126 65 18 belges.

3282 3146 22 15 Le
3327 3146 86 15 fascicule
3435 3145 37 15 Ibis
3493 3146 83 15 contient
3597 3145 18 16 la
3637 3145 134 16 classification

3261 3164 83 19 générale
3366 3165 31 16 des
3418 3165 145 17 marchandises;
3586 3164 16 16 le
3623 3164 86 16 fascicule
3732 3164 38 16 lter

3261 3184 97 18 comprend
3372 3184 26 15 les
3412 3184 83 16 barèmes
3508 3183 97 19 généraux,
3620 3184 16 15 le
3651 3183 73 16 tableau
3738 3184 33 15 des

3261 3203 46 16 frais
3329 3204 115 16 accessoires,
3464 3203 16 15 le
3503 3203 45 16 tarif
3570 3203 32 16 des
3623 3203 102 16 formalités
3747 3205 24 13 ea

3261 3222 71 16 douane
3344 3224 20 14 ct
3375 3222 26 16 les
3413 3222 56 16 tarifs
3481 3222 85 19 spéciaux
3578 3226 23 12 eu
3614 3223 80 18 vigueur.

3281 3242 34 15 Ces
3326 3242 128 18 publications,
3465 3242 109 18 conjuguées
3586 3245 43 12 avec
3640 3242 16 16 le
3667 3242 86 15 fascicule
3762 3242 10 15 L

3261 3261 24 16 du
3303 3262 29 15 ler
3347 3265 50 11 murs
3415 3262 45 16 1933.
3476 3262 111 18 remplacent
3603 3261 27 16 les
3647 3261 28 15 fa;.
3677 3260 66 16 aïeules
3761 3260 9 16 1

3260 3281 19 15 et
3295 3280 37 16 lbls
3346 3281 36 15 mis
3396 3284 23 12 en
3434 3281 75 18 vigueur
3524 3280 17 16 le
3557 3281 29 15 1er
3600 3280 46 16 avril
3662 3280 47 18 1930;
3725 3280 45 16 clic»

3261 3301 79 17 peuvent
3355 3300 39 15 étre
3410 3300 88 16 obtenues
3513 3300 47 15 dans
3576 3301 60 15 toutes
3651 3299 26 16 les
3689 3299 83 16 stations

3260 3319 22 15 dc
3293 3319 19 16 la
3322 3319 70 16 Société
3404 3322 35 12 aux
3450 3319 41 19 prix
3502 3319 83 16 suivants
3597 3322 5 12 :

3283 3339 92 15 Fascicule
3388 3339 14 16 1.
3417 3339 20 15 10
3447 3340 30 16 tr.;
3491 3338 86 16 fascicule
3591 3338 42 18 lbls,
3646 3339 10 16 a
3668 3338 32 18 fr.;
3713 3337 48 17 fasci-

3261 3358 39 15 cule
3314 3358 42 17 lter.
3368 3358 21 15 30
3400 3358 69 15 francs.

3281 3377 29 15 Un
3329 3377 115 18 Lupplement
3464 3377 11 15 à
3495 3381 29 12 ces
3543 3377 123 19 publications
3684 3376 86 19 paraîtra

3261 3396 155 17 mensuellement.
3500 3401 6 8 •

3281 3416 33 15 IaOs
3327 3414 115 20 expéditeurs
3455 3415 83 16 désireux
3550 3415 57 16 d'être
3621 3416 54 15 tenus
3688 3419 24 12 au
3725 3418 34 13 cou-

3261 3436 43 15 rant
3320 3435 31 15 des
3367 3435 136 16 modifications
3518 3437 88 17 pourront
3621 3435 97 15 s'abonner
3734 3437 38 13 aux

3261 3454 124 18 suppléments
3401 3455 45 15 dont
3463 3454 12 16 il
3491 3455 53 18 s'agit
3561 3456 113 16 moyennant
3687 3458 27 14 un
3729 3457 31 12 ver-

3261 3475 71 14 sement
3349 3473 68 16 annuel
3433 3473 22 16 de
3473 3473 20 16 10
3509 3474 23 15 fr.
3548 3477 11 12 n
3576 3473 48 16 l'une
3641 3473 32 16 des
3689 3473 82 16 stations

3261 3492 54 19 dépôt
3328 3493 22 15 dc
3364 3495 53 13 vente
3431 3492 93 19 Indiquées
3537 3492 81 19 ci-après
3632 3496 5 12 :

3282 3513 68 14 Anvers
3370 3512 196 18 «Bassins-Entrepôt),
3586 3513 78 17 (Agence
3681 3515 79 13 commer-

3260 3531 62 17 ciale),
3336 3529 96 18 Bruxelle»
3446 3531 67 18 (Midi),
3526 3531 93 16 Bruxelles
3636 3531 71 18 (Nord),
3722 3531 37 15 Bru-

3261 3550 55 16 xelles
3334 3551 79 16 ■Oue.'.;,.
3430 3550 92 16 Bruxelles
3539 3551 66 16 'Petite
3621 3550 41 19 Ile),
3677 3550 93 16 Bruxelles

3265 3570 55 14 'Tour
3341 3572 19 13 et
3382 3571 70 16 Ti.xisi,
3475 3570 94 16 Charlerol
3594 3570 60 17 <Sud),
3676 3569 92 18 Courtrai,

3260 3589 55 15 Oand
3336 3589 115 17 (St-Plerrc),
3469 3589 76 18 Hesselt.
3564 3589 51 18 Liège
3637 3589 114 15 (Guillemin**
3756 3594 12 11 ■,

3260 3608 86 19 Louvain,
3365 3609 58 17 Mons,
3440 3608 74 19 Namur,
3532 3609 81 16 Tournai
3641 3610 19 14 ct
3685 3608 84 16 Verviers

3264 3627 70 18 lOuestj
3339 3638 4 4 .
3615 3627 152 18 (Communiqué.)

3375 3677 118 16 KERMESSE
3511 3678 31 15 DU
3558 3677 95 16 DOt'DOU

3280 3697 24 15 Le
3318 3696 96 17 dimanche
3430 3696 18 16 11
3462 3696 46 19 Juin,
3523 3696 18 16 la
3557 3696 69 16 Société
3640 3696 31 16 des
3686 3695 83 17 chemins

3261 3716 22 16 de
3303 3716 28 16 fer
3350 3716 60 18 belges
3430 3716 84 18 organise
3535 3719 43 12 avec
3598 3716 17 15 le
3635 3718 88 13 concours
3743 3716 26 16 du

3260 3735 80 19 Touring
3357 3735 44 16 Club
3419 3735 22 15 de
3458 3735 90 18 Belgique,
3567 3735 11 16 k
3596 3734 97 17 l'occasion
3710 3735 22 16 de
3750 3735 19 15 la

3260 3755 90 16 kermet.se
3362 3755 24 15 du
3397 3754 81 17 Doudou,
3491 3758 35 12 une
3538 3754 95 16 cxcurt.lon
3646 3754 11 15 k
3669 3754 53 16 Mons
3734 3757 36 16 par

3260 3774 49 15 train
3325 3773 68 20 spécial
3410 3773 11 16 à
3437 3773 74 17 marche
3538 3773 62 19 rapide
3628 3777 41 16 m-ju,
3695 3773 73 16 horalrs

3259 3792 82 19 ci-après
3354 3795 6 12 :

3279 3812 93 16 Bruxelles
3391 3812 60 17 (Midi)
3470 3812 65 19 départ
3549 3816 11 12 a
3576 3813 10 15 8
3601 3813 18 15 h.
3635 3813 53 15 Mons
3703 3812 66 19 départ

3260 3832 20 15 18
3292 3832 18 15 h.
3325 3832 26 17 21;
3366 3831 53 16 Mons
3433 3831 70 16 arrivée
3516 3831 11 16 k
3541 3832 10 15 9
3564 3831 19 16 h.
3596 3831 93 16 Bruxelles
3705 3831 61 19 iMldi)

3259 3849 11 19 k
3285 3851 19 16 18
3317 3851 18 16 h.
3348 3851 26 15 24.

3280 3870 51 16 Cette
3349 3870 69 18 grande
3435 3869 90 17 solennité
3544 3869 107 20 folklorique
3670 3871 99 18 comporte,

3259 3890 120 17 notamment,
3393 3890 18 15 la
3425 3889 81 16 fami-use
3520 3890 104 18 procession
3637 3890 25 16 du
3675 3890 36 15 Car
3724 3889 46 17 d'Or

3259 3909 18 15 ct
3291 3909 16 15 le
3319 3909 73 15 combat
3405 3908 102 19 légendaire
3520 3908 24 16 du
3558 3909 90 18 Lumeçon
3661 3911 24 14 au
3699 3912 33 13 son
3746 3909 23 16 ds

3259 3928 18 16 la
3290 3928 81 18 miisslque
3383 3928 42 15 bien
3437 3931 71 13 connue
3520 3929 24 14 du
3557 3928 81 16 Doudou.

3279 3948 14 15 A
3309 3947 96 16 l'occasion
3421 3948 22 15 dc
3459 3949 48 14 cette
3523 3948 101 18 excursion,
3639 3948 54 16 visite
3709 3948 49 16 facul-

3259 3966 56 16 tative
3335 3967 31 15 des
3387 3966 111 17 Intéressant
3500 3970 8 12 s
3526 3966 71 16 musées
3617 3967 22 16 de
3658 3967 67 17 l'Hô'el
3746 3968 23 15 da

3258 3985 50 17 Ville,
3318 3986 25 18 è*
3355 3986 17 15 la
3384 3986 82 18 chapelle
3479 3986 153 19 Ste-Murguerlte
3647 3987 38 17 (I2o
3697 3986 68 20 siècle^

3258 4005 96 16 asct.r,_.on
3367 4006 24 15 du
3404 4005 73 18 beflroi.
3491 4007 35 14 ete.

3279 4025 42 15 Prix
3334 4025 24 15 du
3370 4028 67 15 voyage
3453 4028 4 12 :
3470 4025 20 16 26
3504 4025 23 16 fr.
3540 4029 23 12 en
3576 4026 20 15 2e
3609 4025 58 16 class*
3679 4026 20 16 et
3712 4026 19 16 15
3744 4026 25 16 fr.

3257 4046 23 13 en
3294 4044 20 15 3e
3328 4044 63 15 classe.

3278 4063 33 15 Les
3324 4063 60 16 billets
3396 4064 42 15 sont
3451 4067 23 13 cn
3487 4064 54 16 vente
3554 4067 24 12 au
3590 4064 48 18 siège
3652 4064 24 16 du
3688 4065 81 17 Tourn.*

3257 4082 45 15 Club
3314 4082 22 15 de
3347 4082 90 19 Belgique.
3450 4083 26 17 44,
3489 4086 32 13 rue
3532 4083 22 16 de
3566 4083 18 16 la
3596 4084 37 17 Loi,
3645 4084 19 15 et
3675 4084 12 15 à
3699 4083 18 16 la
3728 4085 28 13 sta-

3259 4102 37 14 tion
3309 4102 22 15 de
3345 4102 92 16 Bruxelles
3453 4103 69 16 (Midi).
3613 4102 152 21 iCommu;*N^ué.)

2777 4591 34 26 LA
2837 4591 81 27 MORT
2944 4591 69 26 D'UN
3038 4591 142 27 CYCLISTE

2815 4657 41 21 (De
2871 4657 63 19 notre
2949 4657 188 23 correspondant.)

2747 4680 104 22 Londres,
2870 4681 11 19 3
2901 4681 56 23 juin.
2976 4692 25 4 —
3024 4681 53 19 (Par
3096 4680 133 24 téléphone).

2733 4714 13 5 -
2762 4705 29 19 Le
2806 4708 93 16 coroner
2915 4705 26 19 de
2957 4704 124 20 Richmond
3098 4710 12 14 a
3128 4705 42 20 fait
3187 4709 42 15 une

2732 4728 83 22 ■nquéte
2838 4728 140 23 aujourd'hui
3000 4733 39 15 sur
3057 4728 21 19 la
3097 4730 59 18 mort
3177 4728 51 20 d'un

2722 4752 88 22 cycliste
2825 4756 109 15 survenue
2949 4752 14 20 à
2979 4751 23 20 la
3015 4752 57 19 suite
3088 4752 64 19 d'une
3168 4751 48 20 colli-

2721 4776 49 19 sion
2784 4779 52 16 avec
2849 4779 43 16 une
2907 4775 139 20 automobile,
3059 4775 105 20 mercredi
3179 4775 38 19 der-

2723 4799 54 20 nier.

2746 4829 30 19 Le
2798 4829 88 19 nommé
2908 4828 97 20 William
3027 4829 84 22 Putter,
3133 4828 25 20 58
3181 4832 47 17 aas.

2721 4852 90 20 roulant
2824 4852 14 20 à
2852 4852 54 22 vélo,
2919 4852 82 23 dérapa
3016 4853 22 19 ct
3051 4857 24 14 se
3089 4852 48 23 jeta
3151 4853 76 18 contre

2723 4880 42 16 une
2785 4877 59 18 auto.
2864 4876 112 20 L'homme
3000 4875 134 24 grièvement
3158 4875 69 20 blessé

2722 4901 35 19 Cut
2773 4899 125 24 transporté
2914 4900 14 19 à
2943 4899 99 24 l'hôpital
3057 4900 24 20 ct
3095 4903 30 15 on
3141 4898 86 24 prévint

2720 4928 26 15 sa
2762 4923 91 21 famille.
2869 4924 28 19 Le
2912 4927 39 16 cas
2966 4923 55 20 était
3037 4923 85 23 urgent.

2745 4953 59 19 Mais
2820 4952 85 21 celle-ci
2919 4952 56 21 était
2988 4953 71 23 partie
3077 4956 55 19 pour
3147 4952 79 23 Epsom

2721 4980 55 20 pour
2788 4981 14 19 y
2817 4977 89 19 assister
2920 4980 29 16 au
2964 4977 89 19 fameux
3066 4976 74 24 derby.

2744 5006 48 23 Que
2806 5006 56 20 faire
2871 5006 11 19 ?
2897 5006 32 19 La
2943 5005 69 24 police
3026 5009 84 20 envoya
3125 5009 31 16 un
3172 5005 42 20 télé-

2721 5034 97 19 gramme
2832 5034 29 15 au
2873 5029 117 21 secrétaire
3006 5028 88 25 général
3111 5030 26 19 de
3153 5029 21 20 la
3190 5033 26 15 so-

2720 5053 56 21 ciété
2793 5053 104 24 hippique
2914 5053 36 24 qui
2968 5053 65 23 lança
3050 5057 31 15 un
3098 5052 69 22 radio,
3183 5057 43 16 une

2720 5078 58 20 sorte
2797 5077 28 20 de
2847 5085 8 8 «
2864 5077 22 19 S.
2905 5078 26 19 O.
2950 5077 38 19 S.»
3010 5080 56 20 pour
3073 5076 112 24 -prévenir
3204 5076 23 21 la

2721 5101 80 20 femme
2817 5101 25 19 et
2854 5100 23 20 la
2891 5099 46 21 fille
2954 5101 29 20 du
3001 5099 77 21 blessé.

2746 5124 101 20 Oelles-ci
2871 5124 71 24 partir
2962 5127 30 16 en
3013 5124 61 19 toute
3097 5123 53 21 hâte
3172 5128 55 21 pour

2721 5147 97 24 l'hôpital
2832 5146 28 21 où
2874 5147 52 20 elles
2938 5147 79 20 eurent
3030 5151 78 16 encore
3122 5146 20 22 le
3156 5148 71 24 temps

2721 5171 27 22 de
2772 5170 116 22 recueillir'
2904 5171 31 20 lea
2955 5171 112 21 dernières
3086 5171 87 25 paroles
3197 5173 28 19 du

2720 5194 150 22 malheureux.

3292 4150 227 37 CHEMINS
3542 4151 66 37 DE
3632 4151 94 37 FER

3343 4201 57 30 DU
3423 4201 258 30 NORD-BELGE

3257 4261 130 16 EXCURSION
3400 4262 57 15 DANS
3471 4262 27 15 I.A
3511 4263 82 15 VALLEE
3607 4263 29 15 DE
3649 4263 28 15 LA
3689 4263 77 17 MEUSE

3419 4288 100 15 Dimanche
3533 4288 19 15 18
3565 4287 40 19 Juin

3277 4312 57 16 Train
3348 4312 67 19 spécial
3430 4319 8 9 .1
3453 4313 75 15 marche
3542 4312 62 19 rapide
3618 4313 18 16 et
3649 4312 12 17 k
3674 4313 41 19 prix
3728 4313 38 16 très

3256 4331 70 16 réduits
3337 4335 45 15 pour
3393 4332 70 16 Dinant
3475 4335 18 12 et
3505 4332 59 16 Civet.

3278 4350 69 19 Départ
3359 4352 22 15 de
3394 4351 145 19 Liége-Longdos
3551 4351 11 15 h
3576 4352 9 15 7
3596 4351 18 16 h.
3630 4352 26 18 15;
3670 4351 70 17 arrivée
3753 4351 12 16 à

3256 4370 55 16 Olvel
3327 4372 10 15 à
3354 4371 10 15 9
3380 4370 18 16 h.
3415 4371 25 15 50.
3457 4370 68 16 Retour
3542 4374 4 11 :
3563 4370 65 19 départ
3644 4370 22 16 de
3682 4371 53 16 Civet
3751 4368 13 19 k

3258 4390 19 14 IB
3288 4390 18 15 h.
3318 4390 26 17 30,
3357 4391 69 14 arrlvre
3437 4391 11 15 à
3460 4390 150 18 Llégc-Longdoz,
3622 4390 11 15 A
3644 4390 20 15 32
3675 4390 19 16 h.
3706 4390 26 16 14.

3277 4408 33 16 Les
3328 4409 59 16 arrêts
3402 4412 20 12 se
3441 4408 61 16 feront
3520 4412 36 12 aux
3573 4412 53 15 gzres
3644 4409 94 16 suivantes
3754 4411 10 15 i

3256 4427 75 19 Ougrée,
3362 4428 84 18 Seraing,
3465 4428 33 15 Val
3518 4427 120 19 8t-Lambert,
3670 4428 95 15 Fléir.slls-

3255 4447 65 17 Haute.
3332 4447 177 20 Huy-Nor^.>yvolr.
3520 4447 75 18 Dînant,
3607 4447 96 18 Waulsort,
3716 4448 47 15 H*v

3256 4467 45 14 tlére
3312 4468 19 14 et
3343 4467 146 17 Heer-Aglmont.

3275 4486 43 15 Prix
3331 4485 33 16 dus
3379 4485 60 16 billets
3454 4489 23 11 au
3493 4485 65 19 départ
3573 4485 22 16 de
3611 4485 151 19 Liége-Longdos,

3254 4504 76 19 Ougrée.
3348 4504 82 19 Seraing.
3449 4504 32 16 Val
3498 4505 114 16 St-Lnmbert
3631 4507 17 14 et
3667 4504 96 17 Flémallt-

3255 4524 59 15 Haute
3328 4527 5 12 :
3345 4524 27 15 En
3383 4524 20 15 2e
3415 4524 63 18 cla-.se,
3489 4524 20 16 30
3521 4524 67 20 fr.;^en
3599 4524 20 15 3e
3631 4524 63 18 classe,
3706 4524 21 16 20
3738 4524 25 17 fr.

3255 4543 26 15 Au
3296 4543 65 18 départ
3374 4543 22 15 de
3410 4543 99 18 Huy-Nord
3525 4546 6 12 :
3544 4546 23 12 en
3582 4543 19 15 2e
3615 4542 64 19 classe,
3693 4543 21 16 23
3728 4543 33 17 Ir.;

3254 4565 23 12 en
3292 4562 20 15 3e
3326 4562 63 17 classe,
3406 4562 18 15 15
3439 4562 23 15 fr.

3275 4581 73 15 Faculté
3367 4581 22 15 de
3407 4582 71 14 revenir
3496 4584 23 12 en
3537 4581 67 16 bateau
3620 4581 22 16 de
3661 4581 69 16 Dinant
3749 4580 12 17 à

3254 4600 69 16 Namur
3337 4604 5 11 :
3356 4600 114 18 supplément
3484 4600 22 16 de
3520 4600 9 16 3
3543 4600 23 15 fr.
3580 4601 20 15 30
3613 4604 23 12 en
3651 4601 39 15 1ère
3702 4600 59 16 class»

3253 4622 19 13 et
3285 4620 10 15 2
3307 4621 22 14 rr.
3343 4619 19 16 50
3375 4623 23 12 en
3409 4619 21 16 2e
3442 4619 64 16 classe.

3274 4639 27 15 En
3319 4641 58 15 outre,
3397 4642 31 12 sur
3446 4638 17 16 le
3482 4641 87 16 parcours
3589 4638 133 16 Dinnnt-Givet
3742 4638 19 17 eb

3254 4658 105 16 vice-vers...
3376 4657 26 16 les
3418 4660 99 15 voyageurs
3531 4660 42 13 sont
3589 4657 90 16 autorisés
3694 4657 11 16 k
3721 4661 28 13 em-

3253 4678 76 17 prunter
3348 4676 26 16 les
3391 4677 59 15 trains
3469 4676 101 16 ordinaires
3589 4680 44 12 avec
3651 4677 39 15 leur
3708 4676 53 16 billet

3253 4701 8 9 *
3276 4696 50 15 train
3338 4696 22 15 de
3373 4696 64 18 plaisir
3450 4701 15 11 ».
3478 4698 18 13 et
3509 4699 11 12 a
3532 4696 73 16 scinder
3617 4696 38 15 leur
3668 4698 67 16 voyage
3747 4694 12 18 k

3252 4715 49 15 l'une
3314 4715 31 15 des
3358 4718 53 15 gares
3423 4714 68 16 situées
3503 4718 32 12 sur
3547 4719 20 12 ce
3580 4717 93 17 parcours.
3685 4723 6 5 -

3273 4734 35 15 Des
3328 4734 104 15 réductions
3453 4735 121 17 importantes
3594 4736 41 14 sont
3656 4734 103 16 consenties

3252 4756 31 12 sur
3293 4750 33 18 Tes
3344 4753 41 18 prix
3402 4753 81 15 d'entrée
3502 4756 35 12 aux
3555 4755 70 16 grottes
3642 4753 22 16 de
3682 4753 76 19 Dlnsnt,

3250 4775 33 12 sur
3294 4772 26 15 les
3332 4775 87 15 parcours
3431 4775 22 13 en
3466 4772 78 16 bateaux
3557 4776 23 12 ou
3592 4776 24 12 en
3628 4773 64 16 canots
3704 4773 44 15 auto-

3251 4791 74 16 mobiles

3271 4810 48 16 Pour
3332 4810 16 15 le
3360 4809 63 19 détail,
3435 4810 93 16 consulter
3540 4810 26 16 les
3578 4810 84 17 affiches.
3690 4810 65 18 (Com.»

3252 4890 127 75 POUR
3408 4890 197 75 VENDRE
3628 4890 129 77 PLUS

3316 4995 129 37 UTILISEZ
3458 4989 236 45 RÉGULIÈREMENT

3323 5049 50 36 LES
3379 5048 113 38 PETITES
3498 5049 148 38 ANNONCES
3653 5050 37 37 DE

3293 5115 47 38 La
3360 5115 150 39 Dernière
3532 5116 104 39 Heure

3716 4984 49 233 J
