3425 4997
2119 3 4 5 ■
2129 6 11 5 .-
2154 10 2 2 .
2166 1 2 2 ■
2176 1 2 5 :
2182 6 5 3 -
2202 1 9 12 .',
2221 1 4 8 3
2236 2 3 6 i
2248 1 2 2 ■
2276 4 6 5 ■.

1441 214 44 33 Het
1496 213 93 33 Laatste
1602 213 88 31 Nienws
1703 229 10 6 -
1728 211 31 32 17
1772 210 122 33 December
1908 211 64 32 1936

156 314 139 121 IN
394 310 267 123 HET
750 304 895 129 PARLEMENT

879 455 21 20 o

180 500 115 61 Een
336 495 180 64 reeks
545 516 122 40 van
702 491 452 76 interpellaties
1186 493 55 60 in
1273 491 87 64 de
1393 496 220 61 Kamer

449 577 380 66 Allerhande
861 581 55 59 in
950 576 128 63 den
1111 579 237 63 Senaat

242 681 201 47 KAMER

86 755 146 28 Vergadering
243 759 47 16 van
303 752 130 25 Woensdag
445 753 26 20 16
482 751 125 23 December

96 788 55 22 HET
167 783 138 24 VERKEER
322 780 272 24 IEPER-ROESELARE

108 828 35 21 De
153 825 85 21 Kamer
250 822 89 22 zetelde
352 820 256 26 Woensdagnamiddag

89 856 68 23 onder
178 850 194 26 voorzitterschap
394 855 48 17 van
463 850 48 21 den
532 849 26 22 h.
580 849 27 21 C.

86 881 162 26 HUYSMANS.
515 896 90 5 ...

111 916 46 20 Een
170 910 65 22 reeks
249 913 47 18 van
309 907 169 26 interpellaties
493 907 65 23 staat
573 910 30 21 op

87 943 26 21 de
127 939 91 27 agenda.

109 972 33 20 De
152 969 24 21 h.
188 966 119 23 BUTAYE
324 965 45 23 (VI.
382 966 56 24 nat,
452 964 67 23 Ned.)
535 965 71 21 lnter-

86 999 89 27 pelleert
195 1000 53 18 over
268 995 30 22 de
320 994 216 25 noodzakelijkheid
559 999 46 16 van

85 1029 39 21 liet
138 1026 82 22 herstel
236 1028 47 18 van
298 1024 43 21 het
357 1023 156 21 treinverkeer
528 1027 31 21 op
575 1023 30 21 de

84 1055 104 28 spoorlijn
209 1051 203 28 Ieper-Roeselare.
435 1053 56 21 mits
512 1052 84 22 inscha-

85 1086 70 23 keling
176 1087 45 18 van
248 1082 47 21 den
323 1081 144 21 bestaanden
495 1082 102 20 autobus-

84 1113 76 22 dienst.

84 1150 36 21 DE
132 1146 227 23 TAALREGELING
371 1146 48 21 BIJ
432 1146 60 20 HET
505 1146 101 21 LEGER

108 1176 108 23 Generaal
228 1175 97 24 DENIS,
337 1174 108 21 minister
456 1179 47 17 van
516 1175 80 21 Lands-

82 1205 144 25 verdediging,
246 1204 67 21 dient
333 1203 134 25 vervolgens
486 1203 44 23 het
549 1206 44 19 ont-

84 1240 56 20 werp
154 1234 25 21 ta
194 1232 144 22 betreffende
354 1233 31 21 de
401 1232 152 25 taalregeling
570 1233 33 25 bij

83 1264 39 22 het
136 1263 64 25 leger.
218 1262 42 21 Dit
277 1263 104 23 ontwerp
400 1261 75 22 wordt
493 1266 62 17 naar
572 1263 32 20 de

81 1291 137 25 afdeelingen
233 1290 124 25 gezonden.

117 1329 179 23 TERUGKEER
309 1328 62 21 TOT
385 1328 61 20 HET
463 1329 60 20 OEB
530 1329 33 20 IT

108 1361 31 20 De
154 1359 23 21 h.
193 1357 140 22 MISSIAEN
355 1359 65 21 (soc.)
441 1356 161 25 taterpelleert

85 1391 103 19 eveneens
206 1390 54 17 over
279 1385 42 24 het
341 1384 105 25 algeheel
466 1384 133 22 mislukken

88 1420 39 18 van
143 1415 29 22 de
190 1414 66 25 proef
275 1417 113 21 genomen
408 1414 37 20 tot
464 1413 137 25 exploitatie

84 1449 40 17 van
136 1444 39 21 het
187 1441 206 27 personenverkeer
406 1441 112 21 tusschen
532 1442 68 24 leper

81 1478 27 16 en
119 1471 117 23 Roeselare
248 1471 57 21 door
317 1470 87 22 middel
418 1475 47 16 van
478 1475 44 17 een
535 1471 58 21 auto-

85 1501 116 21 busdienst.
212 1499 38 24 Hij
263 1502 81 21 vraagt
353 1498 43 21 dat
407 1503 55 17 men
474 1499 39 21 die
523 1499 68 24 proef-

84 1529 87 24 neming
187 1532 41 16 zou
244 1528 52 24 stop
313 1527 78 22 zetten
408 1527 60 21 daar
483 1531 27 17 er
526 1531 75 17 zware

84 1556 113 26 geldelijke
209 1555 111 22 verliezen
334 1559 48 17 aan
397 1555 134 21 verbonden
545 1555 55 25 zijn.

149 1595 201 22 HOOFDELIJKE
368 1594 164 21 STEMMING

107 1631 36 25 Bij
156 1630 136 24 hoofdelijke
305 1629 126 25 stemming
444 1629 75 22 wordt
531 1630 61 21 daar-

83 1664 32 17 na
129 1663 136 20 overgegaan
281 1658 36 20 tot
334 1658 30 21 de
380 1658 157 25 goedkeuring
555 1661 47 18 van

83 1689 28 21 de
131 1687 127 25 begrooting
278 1690 47 17 van
346 1686 125 25 Openbare
494 1686 106 23 Werken,

84 1721 43 17 van
147 1718 28 21 de
197 1715 169 24 buitengewone
389 1715 142 24 begrooting,
553 1718 48 17 van

83 1746 28 20 de
127 1742 195 22 moederlandsche
341 1742 136 25 begrooting
494 1748 49 17 van
561 1743 31 21 ko-

85 1772 72 23 loniën
168 1777 29 17 en
211 1776 44 16 van
267 1771 30 21 de
310 1771 136 24 begrooting
459 1775 47 17 van
518 1771 30 21 de
561 1771 31 21 do-

86 1800 70 24 taties.

201 1838 39 20 DE
251 1837 226 21 HUISHUURWET

111 1876 33 20 De
157 1875 21 22 h.
193 1874 115 22 HOSSEY
328 1875 75 22 (soc).
420 1874 33 24 bl]
471 1874 134 23 ordemotie,

86 1904 77 24 vraagt
177 1902 28 23 de
221 1901 130 26 verlenging
369 1905 47 18 van
432 1902 32 20 de
479 1901 128 21 huishuur-

86 1933 47 19 wet.
146 1930 35 21 die
194 1929 66 21 einde
276 1929 128 21 December
419 1929 127 24 verstrijkt.
561 1930 46 19 Die

86 1957 123 25 verlenging
226 1958 21 20 is
264 1956 124 25 gewettigd
407 1956 82 21 omdat
508 1957 30 21 de
557 1961 40 15 om-

85 1985 158 24 standigheden
254 1989 45 20 nog
309 1984 78 22 steeds
397 1985 104 22 bestaan,
511 1984 39 21 die
560 1984 37 25 gel-

86 2013 42 21 den
142 2012 29 25 bij
186 2012 29 20 de
228 2012 151 24 afkondiging
394 2017 47 15 van
454 2013 30 19 de
500 2011 51 21 wet.

109 2041 33 20 De
150 2040 22 23 h.
182 2040 136 22 BOVESSE,
329 2040 107 20 minister
446 2043 47 17 van
502 2039 103 23 Justitie,

86 2067 121 21 antwoordt
224 2067 42 22 dat
284 2067 42 21 het
346 2066 260 24 uitzonderingsregiem

85 2095 46 21 niet
142 2094 82 25 eeuwig
237 2094 46 21 kan
297 2094 121 21 behouden
431 2094 93 24 blijven,
538 2098 69 17 maar

86 2122 80 21 belooft
175 2122 30 22 de
214 2122 57 21 zaak
282 2121 115 25 dringend
407 2122 25 20 te
443 2121 77 21 zullen
530 2121 77 21 bestu-

85 2149 82 21 deeren.

129 2185 170 21 ANTWOORD
324 2185 60 21 VAN
407 2184 151 22 MINISTER

282 2213 114 22 JASPAR

109 2256 33 21 De
158 2256 24 22 h.
199 2256 33 21 M.
251 2256 29 20 H.
298 2255 120 23 JASPAR.
436 2254 108 22 minister
561 2259 47 17 van

86 2283 186 24 Verkeerswezen,
292 2283 66 21 dient
378 2283 92 21 daarna
488 2283 31 21 de
538 2283 72 20 inter-

86 2310 113 25 pellanten
212 2314 47 18 van
272 2309 127 23 antwoord.

101 2338 31 21 (Is
143 2338 41 21 het
197 2337 77 21 toeval
286 2337 42 22 dat
339 2342 31 20 op
382 2337 36 22 dit
429 2337 123 25 oogenblik
563 2337 47 21 alle

87 2365 95 21 rexisten
195 2365 29 21 de
238 2365 52 20 zaal
304 2364 104 22 verlaten
424 2365 22 21 ?)

108 2393 33 20 De
152 2392 106 22 minister
270 2394 66 20 toont
347 2397 47 16 aan
406 2392 43 22 dat
459 2393 30 21 de
500 2393 101 20 autobus-

88 2419 70 21 dienst
180 2421 66 24 leper
245 2431 27 4 —
271 2420 123 20 Roeselare
415 2419 57 21 sluit
492 2422 50 19 met
565 2424 43 16 een

88 2448 42 20 veel
139 2448 106 24 geringer
255 2446 81 22 verlies
345 2449 49 20 dan
405 2447 80 21 indien
496 2451 54 17 men
561 2448 46 20 den

88 2471 130 24 treindienst
239 2474 49 22 had
309 2474 128 21 behouden.
459 2475 32 20 Er
510 2474 37 21 zal
568 2479 29 19 ge-

89 2502 78 21 streeld
180 2501 92 21 worden
287 2506 60 17 naar
360 2502 43 21 het
417 2501 127 25 gebruiken
559 2505 48 18 van

91 2528 69 21 betere
164 2536 4 3 ■
173 2529 145 21 autobussen.

125 2570 190 20 REXISTISCHE
326 2569 254 22 INTERPELLATIES

111 2605 31 20 De
149 2606 23 22 h.
181 2606 120 21 LEGROS
314 2607 60 20 (rex)
387 2606 158 24 interpelleert
555 2610 54 18 over

89 2631 26 23 de
124 2633 147 25 aanhouding
283 2637 46 17 van
341 2634 134 19 rexistische
487 2634 114 23 journalis-

89 2663 40 17 ten.
141 2661 39 24 Hij
194 2661 50 20 laat
257 2660 195 22 veronderstellen
465 2661 43 21 dat
519 2661 30 21 de
562 2661 38 21 bla-

87 2687 48 24 den,
147 2688 38 22 die
197 2688 121 24 hiertegen
330 2688 50 22 niet
392 2690 165 23 protesteeren,
570 2691 31 18 on-

85 2714 38 21 der
139 2719 13 15 «
168 2715 90 21 occulte
272 2719 15 16 »
301 2715 123 21 invloeden
438 2716 71 20 staan
524 2719 32 18 en
572 2721 27 19 ge-

85 2744 74 22 waagt
177 2747 47 16 van
241 2742 46 21 den
307 2747 13 16 «
338 2742 240 23 munitieleverancier
597 2747 12 16 »

84 2769 19 20 J.
115 2769 111 25 Delvigne
237 2770 38 21 die
287 2771 48 20 niet
347 2771 132 20 verontrust
490 2771 93 21 wordt...

108 2797 43 21 Die
165 2797 106 21 woorden
284 2797 134 22 verwekken
431 2797 76 26 heftig
521 2798 89 25 protest

83 2828 30 20 op
128 2825 29 21 de
174 2825 166 21 socialistische
359 2825 99 25 banken,
476 2829 126 17 voorname-

84 2850 42 25 lijk
142 2856 107 20 vanwege
266 2852 29 20 de
313 2852 41 21 hh.
371 2853 171 23 BRUNFAUT,
559 2853 51 20 HE-

84 2878 67 25 NON.
164 2880 138 22 PIERARD,
315 2879 39 22 die
366 2885 87 20 roepen
469 2885 7 17 :

109 2916 27 5 —
152 2906 39 26 Gij
209 2907 48 21 zult
273 2911 74 18 onzen
364 2905 82 23 vriend
463 2907 50 23 niet
529 2908 80 24 langer

84 2933 99 25 beleedig
183 2939 30 16 en
226 2935 6 20 I
246 2935 28 20 W
274 2935 17 25 ij
303 2935 77 21 zullen
389 2935 44 22 het
443 2935 51 21 nlet
504 2935 86 21 dulden
600 2936 7 20 I

109 2961 34 20 De
153 2961 23 21 h.
187 2962 96 21 HUBIN
296 2964 75 21 (soc),
381 2962 38 21 die
430 2966 64 17 meer
505 2967 46 19 nog
561 2963 48 21 dan

84 2987 29 21 de
131 2989 99 21 anderen
247 2989 156 25 opgewonden
419 2989 106 25 geraakt,
543 2991 67 23 roept

85 3014 32 25 bij
130 3015 120 26 herhaling
262 3017 36 21 tot
310 3018 47 21 den
370 3016 152 25 interpellant
536 3021 8 17 :

109 3053 27 4 —
147 3047 12 16 «
170 3044 97 24 Crapule
282 3045 6 20 I
302 3049 14 16 »
327 3044 103 21 Lafaard
445 3045 6 20 I

110 3070 35 21 De
156 3071 24 20 h.
192 3071 76 21 Hubin
280 3072 65 23 loopt
357 3076 61 17 naar
429 3071 47 22 den
487 3071 25 21 h.
524 3072 86 24 Legros

85 3097 39 22 toe
135 3102 29 16 en
176 3100 65 23 voegt
251 3103 74 18 eraan
337 3100 39 20 toe
391 3103 7 17 :

111 3134 27 6 —
150 3125 46 21 Dat
207 3126 33 25 gij
253 3130 44 18 een
311 3131 13 16 «
338 3126 94 25 crapule
446 3131 13 16 »
473 3126 49 24 zijt,
535 3127 37 21 zal
584 3127 25 21 ik

85 3154 17 16 u
116 3152 108 22 herhalen
240 3155 80 20 buiten
335 3153 31 22 de
380 3153 152 26 vergadering
547 3158 31 18 en
592 3159 17 17 u

85 3177 26 21 ln
123 3178 40 24 het
174 3180 90 24 gezicht
277 3181 68 21 slaan
362 3183 6 19 l

110 3206 34 21 De
153 3208 193 21 VOORZITTER
356 3209 94 20 hamert
460 3208 111 26 geweldig
580 3213 31 17 en

85 3236 101 19 verzoekt
201 3240 7 16 :

108 3271 27 6 —
145 3263 118 24 Beleedigt
275 3268 58 19 geen
344 3263 134 25 afwezigen.
490 3263 119 25 Beleedlgt

86 3291 102 20 evenmin
201 3290 118 23 elkander.

108 3317 35 21 De
151 3316 24 21 h.
185 3316 159 22 FIEULLIEN
358 3318 94 23 (kath.),
463 3318 33 25 bij
507 3319 94 20 ordemo-

85 3342 37 25 tie,
143 3345 83 24 vraagt
249 3349 102 17 waarom
375 3345 55 21 deze
454 3345 156 25 interpellatie

85 3371 46 22 nlet
146 3372 138 24 toegevoegd
299 3372 74 21 wordt
387 3377 48 16 aan
449 3373 31 21 de
493 3373 106 21 behande-

86 3397 46 26 ling
143 3404 46 17 van
202 3400 30 20 de
246 3399 140 25 begrooting.

108 3426 106 22 Minister
241 3427 134 21 BOVESSE
403 3427 149 22 aanvaardde
580 3430 29 18 de

86 3453 145 26 zelfstandige
266 3454 157 25 interpellatie
457 3455 82 20 omdat
573 3455 36 25 hij

86 3481 99 22 wenscht
208 3487 41 16 zoo
273 3486 67 20 gauw
363 3482 110 24 mogelijk
497 3482 111 25 volledige

86 3506 115 25 klaarheid
214 3510 25 22 te
252 3509 103 24 brengen
369 3510 25 21 in
407 3509 30 21 de
449 3510 60 21 zaak
521 3510 22 23 J.
556 3510 44 20 Del-

86 3534 63 25 vigne
162 3541 30 17 en
205 3537 29 20 de
248 3536 152 26 aanhouding
413 3542 47 16 van
473 3537 136 21 rexistische

86 3561 153 26 journalisten,
271 3564 167 22 waaromtrent
469 3565 140 24 verwarring

87 3591 56 21 werd
155 3591 106 25 gesticht.

111 3617 31 21 De
156 3618 24 21 h.
197 3620 225 23 VANDERVELDE,
439 3619 108 23 minister
563 3624 46 17 van

90 3643 208 27 Volksgezondheid,
327 3647 141 25 protesteert
496 3652 115 17 eveneens

89 3670 62 25 tegen
172 3674 41 20 het
234 3674 134 25 beleedigen
389 3679 47 16 van
457 3680 44 16 een
521 3675 88 23 vriend,

88 3702 51 18 voor
146 3701 57 21 wien
212 3701 80 22 elkeen
302 3702 29 21 de
341 3702 102 25 grootste
452 3702 159 25 waardeering

88 3724 67 25 heeft.

112 3754 34 22 De
161 3755 23 21 h.
202 3756 119 22 LEGROS
340 3757 49 21 kan
407 3756 135 26 vervolgens
560 3757 49 24 zijn

89 3779 148 27 interpellatie
262 3784 150 22 voortzetten.
440 3785 40 24 Hi]
508 3785 103 24 begrijpt

89 3807 48 22 niet
147 3809 41 23 dat
198 3815 53 18 men
263 3812 117 24 Delvigne.
394 3817 31 20 op
437 3813 60 20 wien
509 3817 94 16 vermoe

88 3834 56 23 dens
160 3837 83 26 rusten,
260 3840 26 21 in
304 3839 101 25 vrijheid
436 3839 56 23 laat.
523 3840 86 23 terwijl

89 3860 151 29 journalisten,
260 3867 38 20 die
319 3867 48 24 zijn
387 3867 84 22 schuld
491 3867 118 25 bewijzen,

87 3891 159 23 aane-ehouden
262 3895 99 20 worden.

111 3917 103 25 Minister
224 3921 223 22 VANDERVELDE.
458 3933 28 5 —
495 3922 114 24 Delvigne

89 3944 52 23 ginu
155 3951 53 16 -reen
223 3948 79 19 e-.v--.io
316 3955 20 14 w
336 3950 25 20 et
375 3949 24 20 te
413 3949 88 21 bulten.

108 3972 33 21 De
158 3974 23 20 h.
198 3974 120 25 LEGRCin
337 3978 113 23 herhaalt
467 3978 49 23 zijn
535 3977 62 21 bewe-

84 3999 48 25 ring
148 4002 41 21 dat
205 4004 28 21 de
252 4006 151 23 aanhouding
421 4009 48 18 van
487 4005 30 22 de
535 4005 61 21 rexis-

84 4026 69 23 tische
174 4031 151 25 journalisten
348 4033 200 25 wederrechtelijk
569 4038 28 20 ge-

84 4054 86 26 beurde.

97 4084 164 24 ANTWOORD
280 4090 61 20 VAN
362 4090 62 20 DEN
444 4090 150 21 MINISTER

108 4113 33 20 De
158 4115 23 22 h.
201 4116 137 25 BOVESSE.
357 4119 108 21 minister
485 4122 48 17 van
553 4119 44 20 Jus-

87 4139 53 23 titie,
159 4143 64 22 dient
243 4146 95 21 snreker
358 4152 48 16 van
428 4146 127 22 antwoord.
578 4147 29 21 In

86 4171 38 17 een
135 4170 108 24 beoaalde
256 4179 52 17 oers
319 4176 93 20 worden
424 4180 56 16 over
490 4177 30 20 de
533 4175 75 21 zaken

87 4198 109 22 waarover
212 4201 41 21 het
270 4202 52 21 hier
339 4206 56 20 gaat
412 4203 29 21 de
458 4203 80 24 gekste
556 4204 42 20 din-

86 4226 39 38 gen
138 4228 91 22 verteld.
244 4230 35 20 De
293 4230 24 21 h.
331 4231 85 21 Levrros
431 4232 67 21 heeft
514 4236 92 17 eesnro-

88 4250 44 27 ken,
146 4254 25 21 ln
186 4255 51 22 heel
254 4258 154 25 voorzichtige
424 4259 184 24 bewoordingen,

86 4282 41 19 van
138 4282 108 23 beoaalde
257 4286 122 21 invloeden
391 4292 111 16 waaraan
515 4288 29 21 de
557 4292 40 16 ma-

90 4306 117 27 gistratuur
228 4317 42 18 zou
292 4315 166 21 onderwornen
480 4316 56 23 zijn.
557 4316 52 20 zerrt

87 4338 25 17 oe
127 4338 108 26 minister.
254 4342 75 21 Moes*-
348 4343 36 22 dit
402 4343 42 23 het
464 4346 66 21 geval
550 4343 56 24 zijn.

88 4363 41 22 «an
139 4370 41 18 zou
193 4369 42 21 het
247 4371 86 23 regiem
346 4375 43 19 erg
401 4371 51 21 ziek
465 4372 58 24 zijn:
539 4376 68 16 maar

91 4393 94 26 wrakkig
201 4397 22 21 is
239 4402 27 16 er
280 4398 63 22 niets
360 4404 47 16 van
424 4404 70 17 waar.
511 4400 36 20 De
565 4400 30 20 mi-

93 4419 62 24 nster
170 4427 46 18 van
233 4425 95 22 Justitie
344 4427 67 21 heeft
428 4427 46 22 alle
490 4427 119 22 mlrldelsn

95 4448 21 18 ■a
127 4447 39 25 het
178 4452 61 21 werk
253 4454 88 23 gesteld
354 4454 39 23 dle
406 4455 37 20 hii
458 4456 37 22 tot
509 4456 49 20 ziin
573 4457 30 20 be-

93 4475 110 28 schikking
220 4481 48 22 had
286 4487 40 17 om
345 4484 31 21 de
394 4484 75 21 feiten
488 4484 25 22 te
532 4485 69 20 beteu-

92 4503 58 25 gelen
164 4511 116 19 waarover
295 4511 96 22 snreker
407 4512 43 23 het
466 4513 48 21 had
533 4518 29 16 en
579 4513 31 20 de

92 4532 112 25 Parketten
225 4537 91 22 hebben
338 4540 26 22 in
384 4540 60 22 volle
465 4541 138 21 onafhanke-

92 4560 89 24 lijkheid
195 4566 136 22 gehandeld.

90 4586 57 24 •Op
163 4591 29 21 de
209 4593 135 24 rexistische
363 4596 94 22 banken
477 4598 74 21 wordt
570 4602 29 19 ge-

88 4615 96 25 roepen:

111 4651 26 8 —
147 4645 53 23 Drie
211 4650 118 21 maanden
341 4652 25 20 te
378 4652 52 21 laat
437 4652 10 22 f

111 4670 33 21 Oe
156 4673 23 21 h.
195 4676 162 23 BRUNFAUT
373 4680 75 21 Csoc).
465 4692 23 5 —
486 4692 4 5 .
502 4682 35 21 Te
550 4681 58 24 laat.

89 4699 70 39 sojwls
170 4702 28 22 de
208 4704 24 20 h.
247 4705 79 21 R^dic
336 4706 7 20 !
359 4707 116 23 (Gelach.)

112 4726 33 21 De
163 4729 23 22 h.
206 4732 131 22 BOVESSE
357 4736 90 22 verwin
467 4738 31 19 de
518 4738 80 20 rexisti-

87 4754 51 21 sche
149 4761 51 19 ners
211 4764 42 17 een
265 4761 163 25 leugenarMit-
440 4765 106 22 rei-mste
552 4766 56 21 heb-

89 4782 42 20 Ben
145 4788 96 20 gegeven
257 4793 46 17 van
320 4790 30 21 de
365 4791 157 27 behandeling
536 4798 64 18 waar-

87 4811 44 21 aan
149 4812 28 21 de
195 4817 166 22 aaneebouden
381 4819 153 24 Journalisten
553 4826 56 16 wer-

87 4838 45 22 «s»
148 4842 170 28 onderworpen.
336 4846 44 22 Dit
398 4849 101 24 verwekt
518 4849 91 27 heftige

627 683 202 24 onderbrekingen
848 687 32 20 op
899 682 30 21 de
949 682 138 22 rexistische
1107 682 48 21 ban-

630 716 54 18 ken.

655 742 36 19 De
703 741 25 20 h.
739 740 141 21 BOVESSE.
893 750 28 4 —
933 740 68 20 Geen
1013 739 70 21 enkel
1095 740 71 19 rexls-

632 770 62 21 tisch
717 768 302 25 volksvertegenwoordiger
1043 772 44 16 zou
1110 768 55 20 deze

629 797 145 24 beweringen
788 797 53 20 hier
856 798 91 21 durven
960 795 123 24 herhalen.

653 826 37 21 De
706 825 25 21 h.
750 825 105 21 SINDIC
876 826 71 21 (rex).
964 835 29 6 —
1009 823 138 22 Hansworst
1157 823 6 21 I

628 854 120 24 Poesjenel
759 854 7 20 I

644 883 45 20 .De
701 884 82 20 kamer
797 886 106 19 reageert
917 886 32 16 en
961 882 35 23 de.
1003 882 25 20 h.
1041 880 123 21 LERUIT-

627 911 39 21 TE
685 913 61 19 (rex)
764 912 56 20 doet
835 910 118 25 geweldig.

649 939 47 20 De.
700 939 109 20 minister
821 940 142 20 antwoorat:
976 938 58 21 Men
1045 939 49 21 kan
1107 941 58 20 geen

626 969 45 24 vrij
693 969 168 23 parlementair
882 968 50 23 zijn
953 972 31 17 en
1005 965 158 24 tezelfdertijd

626 1000 171 20 genooxzamen
819 1000 48 18 aan
890 996 30 20 de
943 994 95 24 bevelen
1061 999 48 16 van
1130 994 23 20 ie-

625 1025 75 21 mand
716 1025 39 21 die
773 1029 60 20 geen
850 1025 52 20 deel
920 1024 118 21 uitmaakt
1057 1027 46 16 van
1119 1023 44 20 het

626 1054 138 24 parlement.
783 1052 195 25 (Toejuichingen
994 1052 32 24 bij
1044 1051 29 21 de
1089 1054 64 17 meer-

626 1082 105 21 derheid.
754 1081 93 23 Protest
871 1081 32 24 bij
926 1080 30 20 de
979 1080 123 21 rexisten).
1126 1079 36 19 De

626 1110 125 21 voorzitter
769 1110 95 22 hamert
881 1113 30 16 en
929 1109 30 20 de
978 1109 89 20 kalmte
1085 1106 76 22 treedt

626 1142 60 19 weer
699 1141 33 19 in.

651 1167 36 21 De
703 1167 108 21 minister
827 1167 58 20 leest
901 1165 136 25 vervolgens
1052 1169 45 16 een
1112 1167 41 17 ver-

624 1195 52 24 slag
698 1199 47 17 van
768 1195 46 20 den
837 1195 129 23 prokureur
988 1194 43 21 des
1053 1193 107 22 Konings

626 1226 24 19 te
664 1222 95 22 Brussel
774 1223 100 20 waaruit
890 1222 69 24 blijkt
974 1222 43 20 dat
1031 1221 30 20 de
1076 1224 75 20 aange-

624 1253 125 20 houdenen
756 1252 50 19 met
812 1251 29 20 de
848 1252 88 18 meeste
951 1247 212 23 voorkomendheid

627 1280 94 21 werden
744 1278 133 22 behandeld
900 1283 32 17 en
954 1278 49 20 hen
1025 1277 51 21 niet
1099 1276 61 20 werd

625 1309 62 20 belet
706 1308 52 21 hun
778 1307 118 23 advokaat
917 1309 25 19 te
963 1306 149 24 raadplegen,
1133 1305 27 19 in

624 1336 71 25 strijd
710 1339 50 20 met
775 1336 100 23 hetgeen
892 1335 62 21 werd
969 1333 110 22 beweerd.

654 1376 28 4 —
694 1364 30 21 In
737 1364 45 21 «Le
794 1364 60 23 Pays
866 1362 71 21 Réel»
949 1366 31 16 en
993 1362 26 20 in
1031 1365 44 17 een
1088 1360 75 22 ander

626 1394 55 22 blad
700 1393 92 21 werden
812 1392 29 21 de
859 1392 76 21 feiten
953 1390 139 23 moedwillig
1110 1393 40 16 ver-

624 1422 72 21 keerd
714 1420 151 26 voorgesteld,
884 1420 52 24 zegt
954 1419 30 21 de
1003 1419 25 20 h.
1048 1419 109 21 Bovesse;

624 1450 94 21 ziedaar
731 1450 45 20 hoe
789 1449 31 21 de
833 1449 117 23 openbare
963 1447 109 25 meening
1086 1445 72 21 wordt

626 1477 142 25 voorgelicht
779 1477 7 20 I

651 1507 35 21 De
702 1506 108 21 minister
825 1505 57 21 leest
900 1504 135 24 vervolgens
1050 1507 44 17 een
1110 1506 40 17 ver-

624 1537 51 22 slag
689 1540 47 16 van
748 1536 49 20 den
811 1532 244 26 prokureur-generaal
1071 1531 31 25 bij
1118 1531 41 20 het

626 1562 138 26 beroepshof
780 1564 24 20 te
820 1561 94 21 Brussel
928 1565 55 16 over
998 1561 42 22 het
1056 1558 93 25 verdwij-

623 1596 48 16 nen
686 1592 36 21 uit
735 1590 31 21 de
779 1589 87 26 griffie,
880 1594 47 17 van
941 1588 165 24 dokumenten,
1120 1587 38 20 die

624 1619 136 24 aanleiding
778 1619 40 24 gaf
836 1619 36 21 tot
890 1618 41 20 het
950 1615 150 27 gerechtelijk
1118 1619 32 16 on-

623 1648 105 23 derzoek,
743 1652 32 16 en
790 1651 55 17 over
860 1646 30 21 de
906 1645 167 21 verschillende
1089 1643 69 21 fazen

625 1681 48 17 van
695 1676 36 21 dit
751 1676 130 21 onderzoek
908 1674 43 21 dat
972 1672 77 22 leidde
1071 1673 36 21 tot
1128 1672 31 21 de

624 1703 153 25 aanhouding
797 1708 46 17 van
864 1696 164 28 verscheidene
1049 1700 101 21 verdach-

625 1734 46 20 ten.
692 1733 61 20 Deze
773 1732 103 21 laatsten
898 1731 92 20 werden
1011 1729 26 21 in
1058 1728 101 25 vrijheid

624 1760 89 25 gesteld
742 1765 47 16 van
816 1761 85 19 zoodra
928 1759 51 20 hun
1007 1756 151 24 aanhouding

624 1790 52 22 ntet
697 1793 64 16 meer
781 1787 162 23 noodzakelijk
965 1791 48 16 was
1035 1789 55 17 voor
1111 1785 48 20 den

625 1817 90 25 goeden
730 1821 61 21 gang
807 1821 46 16 van
868 1816 43 22 het
926 1814 136 21 onderzoek.
1078 1813 82 21 Alleen

624 1847 59 19 twee
697 1845 80 21 bleven
792 1843 177 25 aangehouden.

655 1874 29 20 In
705 1873 38 22 dit
765 1872 86 21 laatste
874 1872 90 23 verslag
986 1870 75 21 wordt
1084 1870 68 25 insge-

625 1902 56 24 lijks
700 1900 131 27 gehandeld
851 1905 55 16 over
925 1900 41 21 het
986 1899 129 21 onderzoek
1134 1899 26 21 in

625 1930 104 21 verband
750 1932 49 19 met
820 1929 42 20 het
883 1928 93 21 leveren
997 1931 47 17 van
1066 1931 94 20 wapens

624 1963 31 17 en
665 1957 100 21 munitie
777 1961 30 17 en
818 1957 42 21 het
871 1957 151 21 rekruteeren
1034 1960 47 17 van
1092 1959 59 16 man-

623 1986 120 24 schappen
764 1990 55 16 voor
839 1985 43 21 het
901 1984 137 23 Spaansche
1059 1983 100 25 republi-

626 2014 110 21 keinsche
752 2013 70 25 leger.

651 2043 34 21 De
703 2042 108 20 minister
828 2042 94 24 betoogt
937 2041 43 23 dat
997 2040 45 22 ook
1059 2040 26 20 in
1103 2040 56 20 deze

625 2070 58 22 zaak
704 2071 43 22 het
766 2070 85 24 parket
870 2069 49 24 zijn
939 2069 76 23 plicht
1035 2068 67 21 heeft
1122 2073 29 20 ge-

624 2099 71 21 daan.

651 2128 35 19 De
704 2127 24 21 h.
747 2126 123 21 CARTON
889 2126 41 20 DE
947 2125 103 21 WXART
1071 2125 86 21 (kath.)

625 2157 84 22 vraagt
724 2155 43 21 dat
784 2155 31 20 de
831 2154 107 21 minister
954 2154 29 21 de
1001 2152 151 26 wetsbepalin-

625 2188 45 19 gen
691 2183 82 21 inzake
793 2183 42 20 het
856 2182 150 21 rekruteeren
1027 2185 48 16 van
1094 2185 58 16 man-

625 2211 122 25 schappen
759 2215 56 17 voor
827 2211 42 20 het
882 2211 62 23 leger
956 2214 48 17 van
1017 2214 44 16 een
1074 2213 78 17 vreem-

625 2239 30 22 de
674 2239 156 24 mogendheid
847 2243 43 16 zou
909 2237 134 22 toelichten.

653 2268 35 20 De
701 2267 149 21 MINISTER
862 2269 55 23 gaat
929 2271 31 20 op
972 2267 36 21 dit
1020 2266 96 21 verzoek
1128 2266 32 21 ln.

627 2296 35 20 De
676 2295 94 21 kwestie
783 2296 61 20 werd
857 2300 47 16 aan
917 2295 42 20 het
972 2294 92 22 oordeel
1078 2294 74 21 onder-

627 2328 93 20 worpen
732 2328 46 16 van
792 2323 201 21 vooraanstaande
1006 2322 155 23 magistraten

627 2356 30 16 en
671 2351 203 24 rechtskundigen.

657 2379 83 22 Indien
757 2380 25 20 in
798 2379 50 21 vele
863 2379 106 24 gevallen
983 2379 51 20 nlet
1050 2379 61 21 werd
1127 2379 26 21 in-

628 2412 115 20 gegrepen
758 2407 95 22 beduidt
865 2407 37 24 dit
916 2407 77 20 alleen
1005 2407 43 21 dat
1060 2412 28 16 er
1100 2411 61 20 geen

628 2436 72 21 reden
714 2438 39 20 toe
769 2435 103 22 bestond.
889 2436 103 20 (Protest
1004 2440 30 19 op
1046 2436 31 20 de
1090 2436 63 21 rexis-

627 2464 75 20 tische
717 2464 112 21 banken).

652 2492 35 20 De
703 2492 23 20 h.
743 2492 134 21 BOVESSE
893 2492 154 21 schandvlekt
1061 2494 38 20 tot
1112 2492 47 21 slot

626 2520 30 21 de
680 2520 153 24 handelwijze
856 2525 46 16 van
925 2521 29 21 de
977 2520 183 25 paniekzaaiers,

626 2548 39 21 die
682 2551 50 19 met
749 2548 105 22 llnksche
872 2548 109 25 politieke
1001 2549 159 24 bedoelingen,

626 2576 31 20 de
676 2577 117 23 openbare
811 2581 108 20 meening
939 2577 121 24 bedriegen
1079 2582 33 16 en
1129 2577 31 21 de

627 2604 144 22 volksmassa
787 2605 110 24 ophitsen
911 2610 32 16 en
959 2605 129 22 misleiden.

656 2633 57 20 Zich
737 2635 36 21 tot
794 2633 31 21 de
847 2634 102 20 rexisten
971 2634 128 21 wendende
1121 2633 29 22 be-

629 2660 57 23 sluit
702 2661 36 24 hij
755 2664 48 20 met
818 2662 31 21 de
866 2662 106 21 woorden
993 2667 7 17 :

655 2699 28 5 —
696 2689 27 21 Ik
737 2690 98 23 veracht
849 2695 35 16 uw
899 2691 124 21 aanvallen
1037 2696 30 16 en
1083 2693 23 20 Ik
1122 2691 28 21 be-

630 2717 69 24 klaag
718 2723 22 16 u.
763 2718 155 24 (Langdurige
937 2720 174 24 toejuichingen
1128 2724 31 21 op

629 2746 30 20 de
675 2746 94 21 banken
785 2751 47 17 van
848 2748 29 21 de
894 2748 179 23 meerderheid).

630 2784 56 21 EEN
704 2784 125 21 TWEEDE
846 2785 235 22 INTERPELLATIE
1098 2787 60 20 VAN

771 2813 60 20 DEN
853 2814 27 19 II.
898 2814 119 21 LEGROS

655 2851 36 21 De
707 2851 24 21 h.
747 2852 120 20 LEGROS
887 2854 69 24 (rex),
972 2854 65 20 komt
1053 2855 105 23 opnieuw

629 2884 48 16 aan
695 2880 44 22 het
759 2880 78 21 woord
857 2884 39 16 om
915 2881 47 20 den
983 2882 107 21 minister
1112 2887 47 16 van

629 2908 96 21 Justitie
748 2910 25 21 te
795 2908 177 24 interpelleeren
993 2914 55 16 over
1069 2910 30 21 de
1122 2911 36 20 be-

631 2936 143 25 leedigingen
795 2941 49 16 aan
865 2937 47 20 den
935 2938 94 24 Koning
1051 2943 31 17 en
1104 2944 55 16 over

629 2964 30 21 de
674 2965 125 21 aanvallen
814 2965 72 21 welke
901 2970 29 20 op
945 2966 48 24 zijn
1009 2971 98 19 persoon
1122 2973 27 19 ge-

629 2993 63 21 richt
711 2993 92 21 werden
824 2994 26 20 in
870 2994 43 22 het
934 2994 116 21 weekblad
1072 2996 77 21 «L'Ac-

629 3021 51 21 tion
696 3022 104 21 Wallone
808 3028 13 16 »
836 3027 48 16 van
900 3023 26 21 15
941 3023 135 23 November.

655 3050 100 24 Spreker
782 3053 83 22 vraagt
886 3051 44 20 dat
958 3052 85 20 zonder
1071 3053 88 24 verwijl

629 3082 44 17 een
692 3079 211 26 rechtsvervolging
923 3084 44 16 zou
986 3080 92 21 worden
1097 3081 53 25 inge-

628 3107 67 21 steld.
715 3107 70 21 Werd
804 3112 26 17 er
849 3108 67 20 reeds
935 3108 46 21 iets
1000 3109 26 19 in
1045 3109 56 21 dien
1120 3110 40 21 zin

629 3135 97 24 gedaan,
744 3138 83 22 vraagt
843 3136 36 24 hij
895 3137 49 21 den
959 3136 114 24 minister.

654 3163 35 21 De
710 3164 24 21 h.
755 3165 163 20 TRUFFAUT
941 3166 75 25 (soc),
1036 3166 124 24 verklaart,

629 3191 25 24 ln
675 3192 48 22 ziin
744 3192 173 24 hoedanigheid
938 3198 47 15 van
1007 3193 153 23 hoofdredak-

629 3221 52 21 teur
696 3225 47 16 van
757 3221 41 22 het
814 3221 60 25 blad,
889 3221 30 21 de
934 3223 217 25 verantwoordelijk-

628 3248 55 21 heid
701 3253 30 20 op
749 3250 24 20 te
791 3254 86 16 nemen
896 3254 56 17 voor
969 3250 43 21 het
1029 3252 130 23 gewraakte

629 3277 90 21 artikel.
735 3278 70 22 Nooit
822 3278 61 21 werd
899 3279 30 20 de
946 3279 95 24 Koning
1057 3279 25 21 ln
1100 3280 50 21 Wal-

631 3305 60 20 lonië
721 3306 124 25 beleedigd,
866 3307 53 24 zegt
946 3307 96 24 spreker
1064 3308 38 21 tot
1129 3308 31 20 de

629 3334 109 23 rexisten,
760 3336 47 20 wat
828 3335 43 21 het
893 3336 67 23 geval
981 3335 51 21 niet
1054 3336 21 20 is
1097 3341 63 17 waar

629 3362 32 23 gij
676 3364 49 20 met
740 3367 36 17 uw
792 3364 170 24 verbondenen,
977 3364 31 20 de
1023 3364 129 22 nationalis-

629 3390 48 25 ten,
695 3390 159 25 komploteert

656 3418 99 24 Spreker
771 3420 92 24 betoogt
879 3421 42 21 dat
937 3420 30 21 de
983 3421 113 24 schrijver
1113 3426 47 17 van

630 3445 41 22 het
690 3447 85 21 artikel
793 3448 77 21 alleen
887 3449 68 21 heeft
973 3449 76 22 willen
1068 3454 83 20 reagee-

630 3479 43 17 ren
695 3476 69 24 tegen
786 3481 43 16 een
850 3477 124 21 verkeerde
997 3478 163 24 Interpretatie

630 3507 47 16 van
692 3504 29 20 de
738 3504 144 26 koninklijke
898 3506 56 21 rede
969 3510 56 16 over
1038 3511 58 16 onze
1112 3507 40 21 bui-

630 3531 152 22 tenlandsche
801 3533 102 24 politiek.

656 3560 35 20 De
711 3560 23 21 h.
755 3561 96 21 HUBIN
875 3563 76 23 (soc),
971 3563 77 23 houdt
1067 3568 25 17 er
1112 3568 49 17 aan

629 3588 25 23 te
674 3588 121 22 verklaren
813 3590 43 22 dat
874 3591 36 24 hij
929 3591 31 21 de
979 3592 124 24 teekening
1122 3593 38 20 die

629 3616 43 22 het
690 3616 109 23 bedoelde
816 3618 84 22 artikel
916 3620 146 21 Illustreerde
1080 3621 72 24 walge-

630 3644 44 25 lijk
688 3645 73 22 vindt.

658 3675 36 22 De
714 3674 24 21 h.
760 3675 159 22 FIEULLIEN
945 3677 85 22 (kath.)
1055 3677 105 21 betreurt

632 3702 43 20 dat
689 3702 30 22 de
733 3702 24 23 h.
771 3704 114 22 Truffaut
899 3705 55 20 deze
970 3705 124 24 teekening
1109 3705 50 20 niet

630 3730 68 21 heeft
714 3731 134 24 afgekeurd.
864 3733 36 20 De
914 3733 96 24 Koning
1028 3734 20 20 is
1063 3734 30 20 de
1109 3738 41 16 ver-

631 3758 96 24 dediger
742 3764 45 16 van
803 3764 43 17 ons
861 3761 161 24 grondgebied,
1039 3762 28 20 de
1083 3761 67 21 teeke-

631 3786 59 25 ning
702 3787 21 21 is
735 3788 123 25 smadelijk
871 3794 56 16 voor
939 3789 49 24 zijn
1001 3794 105 20 persoon.

658 3815 36 21 De
721 3816 23 21 h.
759 3817 61 20 VAN
847 3817 161 23 GLABBEKE
1039 3818 59 22 (lib.)
1129 3822 30 17 en

632 3844 161 21 TRUFFAUT
809 3845 92 25 krijgen
917 3846 43 21 het
976 3851 31 19 op
1023 3846 37 21 dit
1077 3850 73 20 oogen-

633 3871 47 21 blik
694 3877 47 16 aan
752 3875 47 20 den
811 3873 52 21 stok
875 3879 30 18 en
918 3874 30 21 de
960 3874 125 21 voorzitter
1096 3874 64 21 moet

632 3899 124 25 Ingrijpen.

658 3929 36 22 De
709 3929 24 20 h.
749 3930 173 23 HUYSMANS,
951 3930 131 24 voorzitter,
1110 3935 42 17 ver-

631 3955 78 22 klaart
727 3957 43 24 dat
788 3958 42 20 het
848 3958 155 22 Staatshoofd
1022 3959 75 21 boven
1115 3962 45 17 een

631 3984 125 25 teekening
775 3987 115 20 verheven
909 3987 21 22 is
947 3987 37 21 die
1004 3987 90 24 getuigt
1112 3991 47 16 van

630 4012 48 21 den
691 4013 106 21 slechten
809 4015 83 20 smaak
905 4020 47 17 van
965 4016 47 20 den
1026 4016 133 20 teekenaar.

632 4040 41 25 Hij
688 4042 67 24 voegt
768 4047 26 16 er
808 4047 47 18 aan
869 4044 49 20 toe:

658 4077 27 8 —
700 4070 29 20 Bc
744 4070 65 21 houd
827 4075 26 16 er
869 4075 48 16 aan
933 4074 24 20 te
973 4076 86 21 zeggen
1075 4071 43 21 dat
1135 4071 25 21 ik

630 4096 43 22 het
695 4097 101 24 jammer
816 4099 58 20 vind
894 4099 42 21 dat
959 4101 54 20 deze
1035 4099 125 24 teekening

634 4125 131 22 verscheen.
782 4127 122 22 Daarmee,
921 4132 68 16 meen
1006 4128 31 22 ik,
1054 4128 48 20 kan
1118 4127 44 21 het

634 4153 104 21 incident
751 4154 36 21 als
801 4154 104 24 gesloten
919 4156 95 20 worden
1028 4155 133 24 aangezien.

659 4182 35 20 De
709 4181 23 23 h.
748 4182 226 24 VANDERVELDE.
989 4183 109 23 minister
1114 4187 47 17 van

638 4209 220 25 Volksgezondheid,
883 4211 118 21 verklaart
1024 4211 126 22 uitdrukke-

633 4237 42 24 lijk
688 4238 42 20 dat
741 4241 28 20 de
781 4239 54 20 rede
847 4244 46 17 van
904 4239 46 22 den
961 4240 96 24 Koning
1069 4244 31 20 op
1112 4244 40 16 ver-

632 4266 56 20 zoek
711 4271 47 16 van
781 4267 28 21 de
832 4267 120 21 ministers
974 4269 62 21 werd
1058 4268 93 24 gepubli-

633 4293 75 21 ceerd.

658 4323 46 19 Tot
720 4322 45 21 slot
781 4324 74 22 wordt
871 4324 46 20 den
934 4325 149 20 MINISTER
1099 4324 61 21 VAN

631 4350 137 21 JUSTITIE
787 4351 109 24 gehoord,
915 4352 40 20 die
974 4352 118 22 uiteenzet
1111 4352 52 23 hoe,

633 4379 161 24 onmiddellijk
807 4385 33 16 na
854 4380 41 20 het
909 4380 147 24 verschijnen
1070 4386 47 15 van
1130 4381 31 21 de

624 4412 24 15 ■<t
661 4407 83 23 Action
757 4408 122 22 Wallonne
893 4413 13 15 »
918 4408 36 25 hij
967 4413 45 16 een
1025 4408 138 21 onderhoud

633 4436 49 20 had
694 4436 49 20 met
754 4439 47 20 den
812 4436 247 25 prokureur-generaal
1072 4436 34 25 blj
1119 4437 44 20 het

634 4464 140 25 beroepshof
785 4466 24 20 te
820 4464 65 23 Luik,
896 4470 31 15 en
939 4465 25 20 in
975 4464 72 21 welke
1059 4465 93 21 omstan-

633 4492 116 24 digheden
764 4493 62 20 werd
841 4492 104 21 besloten
960 4497 59 20 geen
1033 4492 119 25 vervolgin-

633 4525 44 20 gen
693 4521 25 20 in
735 4521 24 20 te
775 4524 113 21 spannen.

659 4549 36 20 De
712 4549 152 24 vergadering
882 4549 73 21 wordt
972 4554 40 15 om
1028 4553 71 18 zeven
1117 4553 46 17 uur

634 4576 141 25 opgeheven.

660 4605 157 24 Vergadering
831 4604 142 25 Donderdag
987 4610 39 16 om
1043 4606 25 20 14
1081 4610 52 16 uur.

1185 683 31 21 de
1228 684 162 21 huishuurwet
1402 688 31 18 en
1445 687 49 18 van
1505 684 31 21 de
1548 683 162 25 ontvankelijk-

1186 712 57 21 heid
1263 717 47 18 van
1329 712 43 23 het
1391 712 100 21 voorstel
1511 712 96 24 Misson,
1627 713 36 20 tot
1685 712 26 20 in-

1191 740 108 25 trekking
1316 745 47 16 van
1379 740 43 22 het
1438 740 95 21 dekreet
1550 744 32 21 op
1598 740 30 22 de
1644 739 70 21 oefen-

1187 767 101 24 pleinen.
1304 777 29 5 —
1351 766 175 25 Goedgekeurd.

1185 816 232 22 SLACHTOFFERS
1438 815 60 22 VAN
1519 815 201 22 ONGEVALLEN

1212 855 91 21 Zonder
1336 854 73 22 debat
1442 854 75 21 wordt
1537 854 43 21 het
1614 855 106 24 ontwerp

1184 884 160 24 goedgekeurd
1357 887 45 16 van
1415 882 123 22 voorrecht
1550 883 41 20 ten
1605 884 53 21 bate
1672 887 48 18 van

1183 912 152 21 slachtoflers
1368 915 47 17 van
1433 910 145 24 ongevallen,
1610 915 110 17 wanneer

1184 945 45 16 een
1242 940 43 21 der
1298 939 104 26 partijen
1416 938 86 22 failliet
1517 940 21 21 ls
1552 940 26 20 of
1591 944 32 20 op
1637 940 82 23 eenige

1184 969 87 20 andere
1285 968 92 21 manier
1392 968 52 21 nlet
1459 967 94 22 betalen
1567 968 56 21 kan.

1253 1017 59 20 HET
1330 1015 319 22 SENAATSREGLEMENT

1210 1055 36 20 De
1260 1055 25 22 h.
1300 1054 60 21 VAN
1375 1054 114 21 DIEREN
1509 1055 45 23 (VI.
1569 1056 57 23 nat.,
1642 1054 77 26 Ned.),

1184 1083 119 25 verdedigt
1314 1082 49 25 zijn
1377 1082 100 22 voorstel
1491 1085 37 21 tot
1541 1083 116 26 wijziging
1671 1088 48 18 van

1184 1110 116 21 artikelen
1321 1110 27 21 32
1370 1114 32 16 en
1424 1110 26 22 62
1474 1114 47 17 van
1543 1111 43 23 het
1608 1112 102 21 Senaats-

1183 1140 133 24 reglement,
1331 1139 36 22 dit
1380 1143 61 17 naar
1455 1140 135 25 aanleiding
1604 1146 47 16 van
1667 1145 42 21 per-

1182 1168 131 24 soonlijken
1331 1168 52 24 last,
1402 1168 166 22 ondervonden
1586 1169 58 23 door
1662 1170 55 20 hem

1183 1197 56 20 toen
1256 1196 35 24 hij
1312 1201 43 16 een
1375 1196 113 24 bepaalde
1507 1198 128 25 gemengde
1655 1198 53 21 kom-

1183 1225 77 20 missie
1277 1228 48 17 van
1342 1224 90 22 Kamer
1451 1229 30 17 en
1498 1226 90 22 Senaat
1605 1231 52 17 wou
1674 1226 33 25 bij-

1183 1257 86 16 wonen.

1194 1301 177 21 JURYLEDEN
1388 1302 39 20 EN
1442 1302 261 23 NATURALISATIES

1207 1348 36 20 De
1256 1347 82 25 lijsten
1352 1352 47 17 van
1413 1348 123 25 Juryleden
1553 1349 51 22 1937
1619 1354 30 17 en
1665 1350 52 21 1938

1182 1375 93 22 worden
1290 1376 166 27 goedgekeurd,
1471 1377 105 21 alsmede
1589 1378 31 21 de
1636 1378 80 25 lijsten

1182 1407 48 17 van
1249 1403 184 22 naturalisaties.

1257 1453 31 20 EN
1313 1453 41 20 DE
1377 1452 262 23 GLASBLAZERIJEN

1206 1492 36 20 De
1255 1492 25 20 h.
1294 1492 144 21 MERTENS
1456 1495 66 21 (soc.)
1540 1494 120 25 verdedigt
1673 1494 43 23 het

1181 1519 224 26 vierploegenstelsel
1438 1521 26 21 in
1494 1522 31 21 de
1557 1522 159 22 automatieke

1182 1548 277 26 vensterglasblazerijen.

1202 1599 224 21 GEBREKKIGEN
1443 1600 40 21 EN
1499 1600 201 22 VERMINKTEN

1210 1637 37 20 De
1266 1636 24 21 h.
1312 1637 120 21 MOULIN
1457 1638 76 24 (soc),
1553 1638 164 25 verslaggever,

1184 1663 121 26 verdedigt
1328 1664 43 23 het
1393 1666 107 25 ontwerp
1523 1665 37 23 tot
1583 1665 134 25 intrekking

1185 1696 47 18 van
1245 1692 85 21 artikel
1344 1693 13 20 5
1371 1697 47 17 van
1431 1693 43 23 het
1487 1693 132 25 koninklijk
1634 1694 83 20 besluit

1184 1724 48 16 van
1248 1720 26 20 31
1292 1720 49 22 Mei
1360 1720 51 21 1933
1428 1726 32 20 op
1475 1721 31 21 de
1523 1721 130 26 uitkeering
1669 1725 48 17 aan

1184 1746 155 26 gebrekkigen
1357 1753 30 16 en
1406 1748 154 23 verminkten.

1210 1774 48 21 Het
1281 1775 105 26 ontwerp
1408 1776 73 21 wordt
1502 1776 167 25 goedgekeurd.

1227 1827 216 22 STATISTISCHE
1458 1827 217 22 OPZOEKINGEN

1211 1864 48 21 Het
1272 1865 105 25 ontwerp
1390 1870 31 19 op
1435 1864 29 21 de
1479 1864 144 23 statistische
1637 1870 69 20 opzoe-

1184 1891 88 25 kingen
1290 1896 61 17 naar
1370 1893 46 21 den
1436 1892 208 25 demografischen,
1664 1892 44 21 eko-

1185 1919 139 22 nomischen
1343 1924 31 17 en
1393 1919 102 22 socialen
1514 1921 110 21 toestand
1643 1920 74 21 wordt

1184 1946 167 24 goedgekeurd.

1253 1992 61 20 HET
1330 1991 319 22 SENAATSREOLEMENT

1211 2029 48 22 Het
1274 2029 71 21 debat
1360 2034 54 16 over
1429 2030 29 20 de
1474 2030 158 24 voorgestelde
1647 2029 61 26 wijzi-

1184 2057 57 24 ging
1263 2061 45 17 van
1330 2057 42 21 het
1393 2057 230 24 Senaatsreglement
1643 2058 73 21 wordt

1185 2084 137 25 voortgezet.

1211 2112 36 21 De
1263 2112 24 20 h.
1303 2112 127 20 DESSAIN
1450 2111 82 27 (kath.,
1548 2112 66 23 Ned.)
1634 2113 82 25 vraagt

1185 2139 26 20 of
1225 2139 38 21 die
1277 2139 115 25 wijziging
1406 2139 42 21 wel
1462 2140 30 20 de
1505 2144 127 20 opgerezen
1647 2140 69 21 moei-

2374 289 100 89 De
2518 288 282 92 nieuwe
2843 282 476 113 Taalregeling

2598 413 93 110 bij
2738 412 121 93 het
2904 417 207 107 Leger

2380 576 77 44 HET
2487 575 212 46 ONTWERP
2731 574 236 46 INGEDIEND
3000 574 56 46 BIJ
3089 574 53 45 DE
3174 568 150 53 KAMER

1877 1039 123 25 Minister
2013 1039 117 24 Bovesse

1741 1092 121 26 lijkheden
1879 1094 108 26 oplossen
2004 1094 43 22 zaL

1768 1122 37 22 De
1834 1122 24 22 h.
1890 1123 99 21 OLYFF
2022 1122 68 24 (lib.),
2108 1121 166 25 verslaggever,

1741 1150 81 20 meent
1847 1151 44 22 dat
1917 1150 30 21 de
1974 1148 158 26 voorgestelde
2158 1148 117 26 wijziging

1741 1181 60 20 geen
1815 1179 117 25 oplossing
1947 1179 27 23 is.

1764 1205 37 22 De
1820 1206 135 26 begrooting
1974 1211 48 16 van
2041 1202 170 25 Ekonomische
2231 1206 33 20 Za-

1736 1233 48 23 ken
1803 1235 74 22 wordt
1895 1235 131 25 hoofdelijk
2045 1234 160 25 goedgekeurd
2223 1235 50 21 met

1738 1262 39 21 118
1792 1265 69 23 tegen
1877 1265 25 20 19
1917 1267 117 18 stemmen
2048 1264 32 25 bij
2098 1264 11 21 1
2124 1263 149 25 onthouding

1742 1291 40 21 (de
1798 1292 24 21 h.
1839 1293 30 21 de
1886 1293 105 25 Griinne,
2008 1294 67 23 rex.),
2092 1292 39 22 die
2147 1293 31 21 de
2194 1293 80 25 tegen-

1735 1320 127 26 stemming
1879 1327 48 16 van
1944 1322 49 25 zijn
2010 1321 190 26 partijgenooten
2217 1322 46 21 wet-

1740 1348 51 25 tigt.

1764 1378 37 20 De
1819 1378 25 21 h.
1864 1379 61 20 VAN
1945 1379 114 21 DIEREN
2079 1378 52 25 zegt
2150 1378 72 22 welke
2241 1378 30 21 de

1740 1404 133 23 beteekenis
1891 1410 47 17 van
1956 1407 30 21 de
2004 1405 147 26 wijzigingen
2169 1406 27 24 is,
2214 1405 59 22 door

1739 1431 57 22 hem
1813 1434 149 24 voorgesteld.

1762 1460 36 21 De
1818 1461 195 21 VOORZITTER
2030 1462 81 21 meent
2148 1461 44 22 dat
2229 1461 43 22 het

1734 1488 100 22 voorstel
1857 1489 89 22 nieuwe
1969 1489 133 22 nuttelooze
2124 1489 146 25 moeilijkhe-

1736 1515 39 21 de»
1798 1517 155 21 veroorzaken
1969 1518 43 21 zal.

1760 1544 35 21 De
1816 1544 24 21 h.
1862 1545 41 21 DE
1925 1546 127 20 GRUNNE
2076 1546 61 21 (rex)
2162 1545 108 25 verlangt

1735 1571 44 21 dat
1790 1573 160 25 maatregelen
1962 1574 118 24 getroffen
2092 1573 94 22 worden
2197 1573 75 25 opdat

1734 1604 59 20 geen
1807 1601 182 24 moeilijkheden
2003 1606 64 17 meer
2081 1602 120 21 ontstaan.

1759 1628 37 22 De
1815 1629 195 21 VOORZITTER
2027 1629 57 22 stelt
2103 1634 56 16 voor
2177 1630 44 21 dat
2239 1630 31 22 de

1737 1657 108 21 bureelen
1863 1662 47 17 van
1927 1658 89 21 Kamer
2033 1663 30 16 en
2081 1658 90 21 Senaat
2188 1662 83 17 samen

1735 1684 29 21 de
1780 1685 93 21 kwestie
1888 1686 90 21 zouden
1993 1686 113 25 oplossen.

1760 1712 35 22 De
1813 1713 23 21 h.
1855 1714 60 20 VAN
1934 1714 113 20 DIEREN
2066 1713 136 22 handhaaft
2220 1714 49 25 zijn

1736 1741 106 24 voorstel,
1867 1743 84 23 vraagt
1974 1742 145 24 hoofdelijke
2143 1742 126 25 stemming

1737 1773 31 16 en
1779 1769 55 22 doet
1846 1775 46 16 aan
1905 1771 29 20 de
1946 1770 103 21 rexisten
2061 1771 84 21 teeken
2156 1770 73 25 opdat
2240 1771 31 25 zij

1736 1797 56 22 deze
1803 1799 50 20 met
1863 1798 55 21 hem
1929 1799 91 21 zouden
2030 1799 102 21 eischen.
2154 1799 36 22 13e
2201 1799 63 22 rexis-

1736 1825 42 21 ten
1791 1826 70 21 staan
1874 1826 36 21 als
1923 1826 43 22 één
1979 1831 56 16 man
2048 1831 29 19 or

1763 1853 47 21 Het
1824 1854 98 21 voorstel
1936 1855 75 20 wordt
2024 1855 131 24 afgewezen
2168 1856 50 20 met
2232 1855 39 22 110

1736 1881 70 25 tegen
1821 1882 26 20 18
1860 1882 117 22 stemmen
1994 1883 51 21 (rex
2058 1887 31 17 en
2104 1883 114 22 Vl.-nat.).

1830 1931 223 22 EKONOMISCHE
2074 1933 101 20 ZAKEN

1887 1960 232 22 GOEDGE'-EURI.

1762 1999 36 21 De
1809 1999 135 26 begrooting
1955 2005 45 16 van
2012 2001 169 21 Ekonomische
2191 2001 80 22 Zaken

1737 2027 74 21 wordt
1825 2027 130 26 hoofdelijk
1970 2029 167 25 goedgekeurd.

1767 2056 47 21 Het
1833 2057 105 24 ontwerp
1957 2057 73 20 wordt
2049 2057 165 25 goedgekeurd.

1766 2084 89 21 Hierna
1873 2086 72 20 wordt
1962 2086 30 21 de
2008 2087 151 24 vergadering
2176 2087 89 25 opgehe-

1739 2117 51 16 ven.
1813 2113 117 24 Volgende
1953 2115 150 25 vergadering
2125 2115 147 25 Donderdag,

1742 2141 25 20 17
1782 2142 133 23 December,
1932 2144 25 20 10
1972 2148 29 17 en
2018 2144 25 20 14
2058 2149 51 16 uur.

2329 664 41 21 DE
2389 664 296 22 HOOFDBEPALINGEN
2705 664 94 21 ERUIT

2321 714 48 22 Het
2383 715 106 24 ontwerp
2505 719 48 18 van
2568 715 89 21 nieuwe
2675 714 153 25 taairegeling

2296 743 33 25 bij
2343 743 42 22 het
2398 743 70 25 leger,
2481 748 161 20 aangenomen
2656 745 58 20 door
2727 744 47 20 den
2789 744 31 21 ka-

2295 772 136 21 binetsraad
2449 777 30 17 en
2497 773 131 25 Woensdag
2645 773 58 21 door
2721 772 47 21 den
2786 772 33 21 mi-

2293 802 75 21 nister
2388 806 47 22 vap
2455 802 228 25 Landsverdediging
2704 800 123 26 ingediend

2296 829 33 25 bij
2349 830 31 21 de
2399 830 97 22 Kamer,
2520 830 67 23 komt
2605 834 31 20 op
2655 829 42 23 het
2715 829 113 25 volgende

2294 861 57 18 neer
2368 864 7 17 :

2393 897 85 21 VOOR
2492 897 40 20 DE
2546 896 181 22 OFFICIEREN

2320 947 49 21 Het
2385 946 200 25 taaiprogramma
2603 951 48 17 van
2669 948 42 20 het
2729 950 99 18 examen

2293 976 107 22 leidende
2426 976 38 21 tot
2488 975 47 22 den
2561 976 73 24 graad
2660 981 48 17 van
2734 976 93 21 officier

2294 1004 76 22 wordt
2391 1004 138 21 verzwaard.
2550 1004 36 20 De
2608 1004 220 21 kandidaat-onder-

2294 1032 120 23 luitenant
2431 1034 65 20 moet
2513 1034 30 21 de
2562 1032 88 21 tweede
2667 1033 50 22 taal
2735 1033 26 20 in
2778 1037 41 16 zoo-

2294 1066 68 17 verre
2378 1061 101 24 kennen,
2497 1061 44 24 dat
2558 1061 35 23 hij
2611 1062 83 20 zoowel
2713 1065 55 17 voor
2784 1065 45 16 een

2292 1091 141 21 Vlaamsche
2450 1091 36 22 als
2502 1094 56 18 voor
2575 1095 44 16 een
2636 1090 121 21 Waaische
2774 1094 45 16 een-

2292 1120 56 22 heid
2366 1120 49 20 kan
2431 1119 94 22 worden
2542 1118 139 25 aangeduid.
2698 1118 121 24 Maatrege-

2292 1147 40 22 len
2344 1148 49 25 zijn
2405 1148 114 23 voorzien,
2530 1147 38 23 die
2581 1148 30 20 de
2623 1146 123 22 officieren
2760 1147 25 21 in
2797 1147 31 21 de

2292 1176 152 25 gelegenheid
2460 1176 94 21 moeten
2569 1174 86 22 stellen
2671 1174 89 25 tijdens
2777 1175 50 21 hun

2292 1205 117 25 loopbaan
2420 1204 53 22 hun
2483 1204 83 21 kennis
2577 1208 47 17 van
2636 1204 29 21 de
2678 1202 88 23 tweede
2778 1202 49 22 taal

2293 1233 37 21 uit
2345 1233 26 21 te
2384 1233 103 21 breiden.

2320 1261 54 21 Van
2392 1260 30 22 de
2442 1261 100 24 hoogere
2561 1259 123 22 officieren
2705 1259 74 22 wordt
2797 1259 31 22 de

2295 1290 112 25 grondige
2423 1289 84 22 kennis
2524 1294 47 16 van
2589 1289 30 22 de
2634 1290 59 20 twee
2709 1288 65 22 talen
2792 1292 28 20 ge-

2294 1318 82 22 ëischt.
2393 1318 127 22 Eenzelfde
2537 1318 88 24 regiem
2643 1317 64 25 geldt
2725 1321 56 17 voor
2798 1317 31 21 de

2295 1347 124 24 officieren
2441 1347 37 21 uit
2499 1347 30 21 de
2553 1346 224 21 bestuursdiensten.

2361 1396 34 21 IN
2410 1397 40 20 DE
2465 1396 162 21 MILITAIRE
2642 1394 121 23 SCHOOL

2319 1437 31 21 In
2370 1436 31 22 de
2422 1436 114 21 Militaire
2557 1435 86 22 School
2664 1435 95 21 worden
2780 1434 47 22 alle

2294 1466 93 21 vakken
2403 1465 151 21 onderwezen
2572 1465 26 20 in
2614 1465 30 21 de
2660 1464 50 21 taal
2728 1464 102 24 gekozen

2292 1495 59 21 door
2365 1495 48 21 den
2428 1494 103 25 leerling.
2547 1492 282 25 Herhalingsoefeningen

2295 1524 94 21 worden
2404 1523 123 24 gehouden
2543 1523 25 20 in
2584 1522 30 21 de
2630 1521 87 21 andere
2733 1520 56 22 taal.

2318 1553 50 21 Alle
2389 1553 134 24 algemeene
2545 1552 26 20 of
2590 1551 138 21 kollektieve
2749 1549 69 21 mede-

2290 1582 123 25 deelingen
2431 1581 94 22 worden
2543 1579 116 22 verstrekt
2676 1579 26 21 in
2719 1581 30 20 de
2767 1579 60 21 twee

2292 1611 76 23 talen:
2389 1609 155 23 indivldueele
2563 1607 190 25 mededeelingen
2772 1610 48 16 wor-

2291 1640 47 21 den
2353 1639 91 25 gedaan
2456 1639 25 21 in
2495 1638 30 21 de
2538 1637 50 23 taal
2602 1641 47 17 van
2662 1637 48 21 den
2723 1634 104 25 leerling.

2320 1667 110 22 Dezelfde
2455 1666 132 25 beginselen
2611 1664 83 26 gelden
2717 1668 57 17 voor
2795 1663 31 21 de

2293 1697 88 21 andere
2403 1695 112 22 militaire
2536 1692 291 26 onderwijsinrichtingen.

2290 1725 52 21 Alle
2358 1724 123 22 omvatten
2499 1724 58 21 twee
2574 1721 155 25 zelfstandige
2747 1721 69 21 afdee-

2291 1754 79 24 lingen
2386 1753 69 21 ofwel
2486 1751 121 26 zittingen,
2623 1751 38 20 die
2678 1748 150 22 afwisselend

2291 1781 174 22 Nederlandsch
2484 1780 27 21 of
2528 1780 107 21 Fransch
2652 1779 56 25 zijn.

2362 1829 171 22 EENTALIGE
2552 1826 201 23 REGIMENTEN

2318 1871 31 20 In
2361 1875 82 17 zoover
2456 1869 36 24 als
2505 1868 117 25 mogelijk,
2636 1867 76 21 zullen
2726 1867 30 21 de
2768 1865 50 25 regi-

2290 1899 97 21 menten
2404 1897 116 26 Ingericht
2536 1896 93 22 worden
2647 1900 30 20 op
2693 1894 133 24 eentaligen

2292 1926 131 26 grondslag.
2446 1925 131 25 Opleiding,
2598 1922 167 25 kommando's,
2789 1922 29 21 be-

2290 1955 75 23 velen,
2401 1953 198 24 mededeelingen,
2635 1951 192 23 bestuursnota's,

2292 1988 57 18 enz.,
2368 1983 93 22 worden
2481 1982 116 21 verstrekt
2616 1982 26 20 ln
2662 1980 29 21 de
2710 1979 50 22 taal
2780 1983 48 17 van

2296 2012 30 20 de
2339 2011 104 22 eenheid.

2317 2040 36 21 De
2396 2038 154 25 taalregeling
2585 2038 26 20 ln
2646 2035 182 22 bestuurszaken

2290 2068 65 26 geldt
2366 2072 56 16 voor
2434 2067 46 21 alle
2491 2065 169 25 betrekkingen
2670 2065 51 21 met
2732 2064 30 22 de
2773 2065 44 20 bur-

2292 2096 97 25 gerlijke
2408 2095 139 21 overheden.

2876 686 62 22 Voor
2947 686 30 21 de
2987 685 111 26 grondige
3108 684 91 22 kennis*
3204 684 67 23 dient
3280 679 30 27 dè
3319 682 64 23 helft
3394 679 4 6 '

2850 719 47 17 van
2908 715 30 22 de
2949 716 91 23 punten
3053 713 107 24 behaald,
3173 717 55 17 voor
3240 713 43 22 het
3294 711 89 23 andere

2849 748 99 16 examen
2962 743 30 21 de
3007 743 57 20 twee
3080 741 98 25 vijfden.

2882 772 48 20 Het
2954 771 157 21 eindexamen
3127 788 3 4 .
3140 774 47 17 van
3201 787 3 3 .
3210 769 31 21 de
3265 765 115 28 Militaire

2850 799 85 21 School
2946 804 30 16 en
2986 800 31 21 de
3027 798 173 26 gelijkgestelde
3211 800 112 19 examens
3334 800 38 18 om-

2851 829 83 20 vatten
2951 833 6 16 :
2973 828 82 25 opstel,
3070 827 97 26 gesprek
3180 832 56 16 over
3248 826 93 22 theorie
3354 829 32 18 en

2850 856 166 25 reglementen,
3036 860 32 18 en
3089 860 44 16 een
3153 855 110 24 oefening
3283 853 101 23 waaruit

2851 885 69 24 blijkt
2939 884 44 22 dat
3003 885 30 22 de
3053 877 332 28 kandidaat-onderluitènantl

2851 913 119 21 bekwaam
2993 913 21 21 is
3036 916 39 17 om
3098 917 44 16 een
3166 910 164 26 beschuldigde
3352 913 32 18 en

2848 941 50 25 zijn
2912 940 147 25 verdedigers
3073 942 24 20 te
3114 941 116 21 verstaan.
3258 943 11 16 :■

2875 970 29 21 In
2919 970 67 24 geval
3002 969 29 22 de
3047 968 131 22 kandidaat
3194 968 43 21 het
3253 967 130 22 verëischte

2849 998 82 21 aantal
2944 998 91 25 punten
3046 997 51 21 niet
3109 997 102 23 behaalt,
3221 997 49 21 kan
3281 996 36 26 hij
3330 995 52 22 zich

2848 1031 48 17 aan
2907 1031 43 17 een
2962 1027 76 21 nieuw
3049 1030 99 17 examen
3159 1026 172 25 onderwerpen,
3342 1025 44 22 ten

2849 1055 88 22 minste
2955 1054 51 21 drie
3024 1058 31 18 en
3075 1054 41 21 ten
3137 1053 97 25 hoogste
3255 1054 26 21 12
3300 1057 74 18 maan-

2848 1084 47 21 den
2913 1083 94 21 nadien.
3027 1083 38 25 BI]
3084 1083 31 21 de
3132 1082 142 25 mislukking
3294 1082 25 22 ta
3338 1085 46 18 een

2850 1111 88 22 tweede
2952 1115 100 17 examen
3065 1111 73 25 krijgt
3150 1111 30 20 de
3193 1110 131 22 kandidaat
3336 1113 49 22 nog

2849 1144 44 17 een
2914 1140 59 21 kans
2994 1139 32 25 bi]
3048 1139 42 21 het
3111 1139 153 23 eindexamen
3286 1139 47 20 van
3352 1138 32 22 de

2849 1168 113 21 Militaire
2979 1167 92 24 School,
3090 1167 33 25 bij
3142 1168 42 22 het
3200 1167 174 25 overgangsexa-

2849 1200 55 17 men
2917 1201 46 17 van
2976 1196 30 21 de
3017 1196 156 21 Oefenschool
3185 1196 26 20 of
3224 1195 32 25 bi]
3269 1196 43 20 het
3324 1195 49 20 laat-

2849 1226 37 19 ste
2902 1229 99 17 examen
3015 1229 57 17 voor
3086 1223 199 23 onderluitenant.

2918 1274 123 21 GEZOND
3043 1273 276 22 HEIDSOFFICIEREN

2874 1311 36 22 De
2916 1312 329 25 kandldaat-gezondheidsoff
3245 1313 57 22 lcler
3312 1312 76 26 krijgï

2848 1346 45 16 een
2906 1342 92 21 soldaat
3010 1343 25 20 te
3046 1342 160 24 ondervragen
3219 1341 38 22 die
3270 1337 55 29 lijdt
3337 1345 49 18 aan

2850 1376 44 16 een
2912 1371 130 25 inwendige
3059 1371 81 23 ziekte,
3158 1371 103 21 alsmede
3279 1375 44 17 een
3341 1371 35 21 sol-

2848 1399 59 23 daat
2918 1399 104 24 lijdende
3034 1404 46 17 aan
3091 1404 44 17 een
3148 1399 139 25 uitwendige
3298 1399 86 25 ziekte;

2849 1428 36 24 hi]
2901 1428 74 25 krijgt
2990 1429 30 21 de
3036 1430 24 20 te
3076 1433 73 20 geven
3164 1432 84 20 zorgen
3265 1427 79 23 uiteen
3360 1429 26 21 te

2850 1458 80 20 zetten
2945 1462 31 16 en
2992 1458 31 20 de
3041 1457 75 22 ziekte
3132 1458 26 21 te
3175 1457 123 20 verklaren
3314 1457 26 21 'n
3356 1457 31 21 de

2850 1490 149 20 aangegeven
3013 1486 55 21 taal.

2875 1515 50 20 Een
2936 1516 231 21 overeenstemmend
3179 1516 99 19 examen
3290 1513 22 21 ls
3321 1516 67 19 voor.

2849 1544 54 20 zien
2913 1548 56 17 voor
2980 1543 30 21 de
3022 1543 141 25 apothekers
3176 1547 30 17 en
3217 1543 30 20 de
3257 1543 130 21 veeartsen.

2849 1572 36 22 De
2903 1572 55 24 jury
2973 1572 75 21 wordt
3064 1572 132 24 bijgestaan
3213 1572 59 20 door
3287 1575 45 17 een
3348 1574 39 21 ge»

2850 1601 114 21 neesheer
2984 1601 134 24 aangeduid
3140 1601 59 21 door
3221 1604 44 18 een
3288 1603 47 18 van
3356 1599 31 22 de

2851 1630 59 21 twee
2925 1628 190 22 taalakademles.

3047 1679 142 22 MAJOORS

2876 1719 49 21 Het
2944 1723 98 17 examen
3062 1723 56 16 voor
3136 1718 104 24 majoors
3257 1719 81 22 omvat
3356 1717 32 23 de

2849 1747 113 25 grondige
2987 1747 85 21 kennis
3095 1751 48 17 van
3165 1747 30 23 de
3217 1746 89 22 tweede
3328 1745 59 23 taal.

1287 2211 81 72 De
1414 2207 737 95 Nederlandsch-Belgische

1517 2339 410 93 Betrekkingen

1183 2486 76 45 EEN
1283 2487 237 47 GELUKKIGE
1540 2489 246 46 OMMEKEER
1806 2490 60 45 OP
1886 2490 189 46 VELERLEI
2098 2490 151 46 GEBIED

1382 2619 47 31 Vao
1448 2630 69 22 onzen
1537 2621 142 37 bijzonderen
1698 2634 22 21 m
1745 2623 127 33 edewerker
1892 2626 32 30 nit
1945 2624 45 31 Den
2011 2624 63 38 Haag

1232 2680 41 21 DE
1290 2682 212 23 BEVINDINGEN
1520 2685 61 21 V.AN
1600 2687 61 21 DEN

1271 2709 29 21 H.
1319 2710 124 22 CARTON
1462 2712 41 21 DE
1522 2713 103 23 WIART

1208 2756 99 25 Tijdens
1328 2759 43 20 het
1402 2760 96 24 verblijf
1526 2762 27 21 in
1583 2763 135 23 Nederland

1179 2789 47 16 van
1245 2786 109 22 minister
1373 2792 48 17 van
1439 2789 77 25 Staat,
1535 2791 69 24 graaf
1624 2792 89 22 Carton

1180 2813 31 20 de
1233 2814 82 24 Wiart.
1335 2816 40 21 die
1395 2817 54 20 hier
1470 2818 27 21 in
1516 2818 55 21 Den
1590 2820 68 24 Haag
1680 2822 36 20 als

1178 2843 126 21 voorzitter
1335 2849 47 17 van
1414 2845 30 22 de
1467 2847 249 25 Interparlementaire

1180 2871 67 24 Uple,
1264 2875 51 19 met
1334 2874 48 21 den
1400 2875 246 26 sekretaris-generaal
1664 2878 52 21 dier

1180 2901 149 26 organisatie,
1347 2903 49 21 den
1415 2903 97 22 Zwitser
1530 2905 102 25 Leopold
1652 2907 65 21 Bois-

1177 2933 54 20 sier,
1249 2930 81 24 eenige
1347 2931 79 24 dagen
1441 2933 107 21 vertoefd
1566 2934 74 24 heeft,
1657 2936 50 21 had-

1178 2957 49 22 den
1244 2959 38 23 wij
1301 2964 45 16 een
1363 2960 139 22 onderhoud
1518 2963 51 20 met
1585 2963 57 21 hem
1660 2968 56 16 over

1177 2986 50 24 zijn
1247 2987 73 22 thans
1340 2988 121 24 opgedane
1481 2990 140 22 indrukken.

1205 3015 29 20 Al
1256 3016 51 23 zijn
1328 3017 31 21 de
1382 3018 165 22 ekonomische
1569 3020 136 25 moeilijkhe-

1178 3042 49 23 den
1243 3044 27 21 in
1288 3045 141 24 Nederland,
1447 3047 70 21 aldus
1533 3047 31 22 de
1580 3049 25 21 h.
1625 3049 90 21 Carton

1178 3071 31 21 de
1224 3073 82 26 Wiart,
1319 3078 48 21 nog
1382 3075 52 22 niet
1448 3080 162 20 overwonnen,
1625 3081 26 17 er
1666 3078 50 24 zijn

1180 3100 57 22 toch
1255 3102 116 22 teekenen
1391 3108 48 17 van
1456 3104 110 27 opleving
1584 3106 132 22 merkbaar.

1180 3130 27 21 Ik
1228 3131 48 23 heb
1296 3132 53 22 hier
1371 3134 175 24 buitengewone
1567 3139 148 21 aangename

1179 3159 78 23 dagen
1285 3161 178 24 doorgebracht,
1493 3164 46 20 ben
1568 3163 149 26 geestdriftig

1179 3192 55 19 over
1255 3189 30 21 de
1308 3190 72 24 wijze,
1403 3195 94 20 waarop
1521 3196 33 17 we
1578 3194 138 22 ontvangen

1179 3216 56 24 zijn.
1248 3217 47 23 Het
1309 3223 48 17 was
1370 3219 44 24 mij
1429 3220 133 24 natuurlijk
1575 3225 46 17 een
1634 3225 72 21 vreug-

1180 3244 30 21 de
1223 3246 35 20 tal
1271 3251 46 17 van
1331 3251 123 20 personen,
1465 3248 40 22 die
1517 3248 25 21 ik
1555 3249 23 21 al
1591 3254 48 16 van
1651 3254 56 16 vroe-

1181 3277 40 20 ger
1237 3274 82 27 kende,
1337 3281 60 16 weer
1413 3279 24 19 te
1453 3277 60 22 zien.

1205 3312 121 23 Tusschen
1348 3315 135 21 Nederland
1512 3321 31 18 en
1566 3316 80 24 België
1676 3317 28 21 be-

1179 3341 65 21 staat
1256 3342 78 22 heden
1350 3346 41 19 ten
1405 3344 68 24 dage,
1487 3344 108 25 gelukkig
1610 3350 44 16 een
1668 3345 37 21 uit-

1179 3369 112 23 stekende
1314 3372 223 26 verstandhouding.
1561 3373 39 24 Bij
1626 3377 44 17 ons
1692 3373 22 22 is

1179 3401 33 22 er,
1233 3400 46 20 ook
1299 3404 31 20 op
1352 3400 138 26 taalgebied,
1511 3402 68 21 sinds
1600 3406 45 17 een
1667 3402 46 24 tijd

1181 3427 72 25 reeds,
1275 3432 44 17 een
1341 3429 132 22 ommekeer
1494 3430 99 24 gaande,
1614 3432 48 20 wat
1683 3431 31 20 de

1180 3454 135 27 erkenning,
1334 3458 44 21 ook
1396 3458 27 21 in
1439 3460 31 21 de
1487 3458 113 25 praktijk,
1618 3463 47 17 van
1682 3459 31 20 de

1180 3483 84 24 gelijke
1283 3485 97 24 rechten
1400 3491 47 16 van
1466 3487 44 23 het
1530 3487 125 21 Vlaamsch
1675 3488 28 20 be-

1182 3511 65 22 treft.
1264 3513 29 21 Ik
1308 3514 66 24 juich
1390 3515 37 21 dit
1443 3516 45 23 toe,
1503 3515 73 25 gelijk
1592 3516 24 21 ik
1632 3520 39 16 me
1687 3520 27 16 er

1180 3543 56 17 over
1250 3542 107 25 verheug,
1374 3543 43 22 dat
1433 3544 31 21 de
1481 3544 67 21 beide
1566 3544 148 21 buurlanden

1180 3573 30 19 op
1227 3573 42 18 zoo
1283 3571 80 24 menig
1379 3572 88 24 gebied,
1483 3573 42 21 ten
1541 3574 106 20 nauwste
1663 3573 50 20 met

1180 3596 81 21 elkaar
1277 3600 181 22 samenwerken.

1414 3651 61 20 HET

1215 3675 464 26 WEDERKEERIGHEIDSVERDRAG

1207 3721 31 19 In
1257 3721 37 21 dit
1312 3722 104 22 verband
1437 3728 58 17 wees
1516 3724 30 21 de
1566 3725 75 23 hooge
1661 3724 43 20 Bel-

1181 3748 78 24 gische
1277 3750 108 23 bezoeker
1402 3756 26 16 er
1444 3753 73 20 onder
1532 3757 65 17 meer
1612 3757 47 19 nog
1675 3757 38 19 op.

1181 3776 45 22 hoe
1244 3782 25 15 er
1287 3778 76 22 sedert
1381 3784 44 16 een
1444 3785 60 20 paar
1520 3781 61 25 jaar,
1597 3781 66 21 dank
1680 3780 31 25 zij

1181 3808 45 17 een
1243 3805 162 25 daaromtrent
1423 3809 105 24 gesloten
1545 3809 106 25 verdrag,
1669 3812 45 18 een

1181 3833 321 29 wederkeerigheidsregeling
1538 3839 50 20 met
1625 3837 79 21 betrek-

1181 3861 56 25 king
1258 3863 37 21 tot
1313 3863 43 21 het
1374 3865 58 22 door
1453 3866 121 25 Belgische
1595 3866 119 21 arbeiders

1182 3891 27 21 ln
1233 3891 132 23 Nederland
1389 3898 30 16 en
1443 3894 57 22 door
1523 3894 189 22 Nederlandsche

1181 3919 119 22 arbeiders
1318 3921 26 20 in
1360 3922 80 25 België
1460 3924 24 20 te
1504 3924 109 24 genieten
1632 3922 72 22 ouder-

1181 3948 178 24 domspensioen
1376 3950 97 23 bestaat.
1489 3953 105 20 Doordat
1608 3952 30 21 de
1654 3951 49 21 laat-

1181 3976 52 20 sten
1247 3977 30 21 de
1289 3978 93 22 eersten
1394 3983 114 22 verreweg
1522 3981 26 22 ln
1562 3980 150 25 getalsterkte

1181 4005 150 24 overtreffen,
1348 4007 66 24 vergt
1429 4008 37 21 dit
1482 4013 47 16 van
1544 4010 30 20 de
1591 4007 122 26 Belgische

1181 4032 116 22 schatkist
1317 4035 49 21 niet
1388 4036 175 26 onbelangrijke
1585 4037 82 24 offers,
1687 4037 26 19 in

1183 4062 58 22 1933,
1254 4066 31 20 op
1298 4064 14 20 4
1325 4063 103 23 millioen
1441 4065 71 21 frank
1528 4066 103 24 geschat.
1645 4065 68 21 Maar

1182 4089 66 21 zulke
1262 4090 74 22 offers
1351 4092 49 23 zijn
1414 4093 29 21 de
1457 4094 86 21 moeite
1559 4094 87 21 waard.

1208 4117 52 21 Ten
1279 4118 70 21 slotte
1370 4122 71 23 sprak
1461 4122 31 21 de
1512 4122 25 21 h.
1566 4122 90 22 Carton
1683 4123 30 19 dB

1193 4230 220 55 Vervroegde
1433 4232 266 57 Terugbetaling

1208 4308 66 28 van
1296 4293 73 46 niet
1390 4293 297 56 gekonverteerde

1738 2687 75 25 Wiart
1831 2692 47 21 nog
1897 2690 51 20 met
1967 2689 51 21 veel
2036 2688 35 21 lof
2091 2693 56 17 over
2164 2692 44 17 mr.
2227 2689 35 21 Pa-

1737 2717 54 24 tijn,
1820 2718 49 21 den
1896 2717 202 25 tegenwoordigen
2129 2717 143 21 Nederland-

1737 2750 75 17 senen
1829 2748 85 22 gezant
1931 2748 24 18 te
1973 2747 101 24 Brussel,
2091 2746 56 21 dien
2165 2746 36 22 hii
2220 2747 42 20 des-

1738 2774 64 25 tijds,
1822 2775 56 20 toen
1899 2775 37 23 hij
1958 2779 45 16 een
2023 2775 61 23 wijle
2104 2774 109 25 Belgisch
2233 2779 28 20 ge-

1738 2806 57 20 zant
1812 2804 26 21 ln
1857 2804 53 20 Den
1928 2804 69 24 Haag
2015 2808 54 21 was,
2086 2804 60 20 daar
2163 2803 37 22 als
2219 2803 44 22 bur-

1738 2834 128 21 gemeester
1888 2832 51 21 had
1960 2833 79 20 leeren
2060 2833 96 21 kennen
2177 2836 33 16 en
2233 2833 39 20 be.

1739 2861 130 22 wonderen.

2215 2888 31 21 R.

2430 2142 256 23 OVERGANGSTIJD

2317 2187 46 22 Het
2383 2186 105 25 ontwerp
2506 2186 101 21 voorziet
2625 2187 45 19 een
2688 2187 130 21 overgangs-

2291 2216 54 24 tijd,
2367 2215 39 22 die
2434 2214 102 25 afhangt
2557 2218 48 16 van
2633 2211 195 26 uiteenloopende

2292 2243 218 25 omstandigheden,
2532 2242 77 21 zooals
2631 2241 30 21 de
2686 2239 142 24 uitbreiding

2293 2277 48 17 van
2362 2272 41 23 het
2424 2271 82 22 aantal
2527 2270 123 21 officieren
2671 2270 39 21 die
2731 2268 98 26 grondig

2293 2300 175 22 Nederlandsch
2485 2300 100 21 kennen.
2603 2299 35 20 De
2654 2296 176 25 overgangstijd

2291 2330 37 21 zal
2339 2329 78 21 steeds
2428 2330 37 22 tot
2476 2328 42 22 het
2530 2327 124 23 minimum
2667 2326 94 21 worden
2774 2326 44 21 her-

2295 2357 54 22 leid.
2381 2357 72 21 Aldus
2469 2356 36 21 zal
2522 2356 44 21 het
2581 2356 63 24 leger
2660 2359 95 17 nauwer
2770 2357 49 18 aan-

2293 2386 87 22 sluiten
2393 2385 33 25 bij
2441 2385 30 22 de
2485 2385 129 24 bevolking,
2628 2383 86 22 zonder
2728 2383 101 21 afbreuk

2293 2415 26 20 te
2336 2416 61 21 doen
2416 2418 47 16 aan
2481 2413 49 25 zijn
2547 2412 106 24 eenheid,
2671 2411 100 21 eenheid
2789 2410 40 21 die

2293 2441 222 22 hoofdvoorwaarde
2555 2441 21 20 is
2598 2445 48 17 van
2665 2444 45 19 ons
2729 2439 99 21 militair

2293 2470 101 22 statuut.

2336 2520 85 22 VOOR
2436 2520 41 21 DE
2492 2516 294 24 ONDERLUITENANTS

2321 2555 49 21 Het
2381 2555 212 24 toegangsexamen
2605 2557 56 16 voor
2673 2552 31 21 de
2715 2549 113 23 Militaire

2296 2584 85 21 School
2395 2588 32 17 en
2439 2583 30 21 de
2484 2586 112 18 examens
2610 2581 107 22 leidende
2732 2582 36 20 tot
2782 2581 50 21 den

2296 2612 75 25 graad
2383 2616 48 17 van
2444 2610 192 22 onderluitenant
2648 2609 123 21 omvatten
2784 2612 46 17 een

2296 2642 69 25 proef
2380 2646 55 17 over
2449 2641 31 21 de
2496 2639 112 26 grondige
2623 2638 84 22 kennis
2722 2642 49 17 van
2785 2641 47 18 een

2296 2675 49 18 van
2364 2671 31 21 de
2414 2670 59 21 twee
2493 2668 135 22 landstalen
2647 2672 31 17 en
2699 2672 45 17 een
2763 2666 69 25 proef

2296 2705 56 16 over
2367 2700 30 21 de
2413 2698 152 23 elementaire
2580 2697 84 21 kennis
2679 2701 49 17 van
2743 2696 31 21 de
2789 2699 34 17 an-

2295 2729 56 22 dere
2366 2727 126 23 landstaaL

2319 2759 37 20 De
2367 2756 112 26 grondige
2491 2755 85 21 kennis
2588 2759 47 16 van
2646 2754 30 21 de
2689 2753 51 22 taal
2750 2752 76 22 wordt

2293 2783 100 28 bepaald
2409 2786 59 21 door
2485 2789 44 16 een
2547 2783 68 25 proef
2632 2787 56 16 over
2706 2782 43 20 het
2766 2781 60 21 taai-

2293 2817 150 23 programma
2454 2817 46 16 van
2512 2812 30 22 de
2554 2812 112 22 athenea;
2679 2810 30 22 de
2722 2814 95 16 aanvan-

2293 2843 87 25 kelijke
2391 2841 84 21 kennis
2490 2841 57 20 door
2560 2845 45 16 een
2616 2838 143 25 schriftelijk
2772 2843 45 16 exa-

2292 2875 57 17 men
2371 2869 151 22 omvattende
2545 2868 89 24 thema,
2656 2866 116 25 vertaling
2794 2869 32 17 en

2293 2899 83 25 opstel.

1783 2983 84 60 Ter
1902 2982 110 60 Eere
2044 3002 93 39 van
2175 2977 346 65 Beeldhouwer
2556 2979 236 59 Rousseau

1757 3128 61 35 EEN
1840 3127 236 36 PLECHTIGHEID
2099 3127 34 34 IN
2154 3126 63 35 HET
2235 3125 146 37 MUSEUM
2394 3125 71 35 VAN
2486 3124 166 37 SCHOONE
2673 3122 153 36 KUNSTEN

2192 3192 38 34 TE
2251 3191 141 36 BRUSSEL

1347 4356 204 57 Obligatiën

1768 4364 105 32 Tijdens
1885 4364 34 25 de
1933 4364 89 25 Victor
2035 4362 237 26 Eousseau-hulde.
2286 4362 60 24 Van
2358 4361 69 25 links
2439 4367 66 19 naar
2515 4361 98 30 rechts,
2628 4361 32 25 de
2673 4361 47 24 hh.
2734 4361 47 31 Hy-

2058 4404 85 24 mans,
2162 4398 137 24 Rousseau
2317 4403 33 19 en
2367 4397 28 25 J.
2414 4397 85 25 Hoste

2999 2604 127 24 Generaal
3145 2604 88 28 Denis,

2879 2640 120 24 minister
3020 2645 52 19 van
3094 2638 257 32 Landsverdediging

2848 2697 102 21 Worden
2964 2701 75 17 eraan
3054 2697 168 24 enderworpen
3239 2700 8 17 :
3262 2696 30 22 de
3308 2696 79 25 gebre-

2846 2726 109 21 veteerde
2965 2726 84 21 zoowel
3060 2726 36 20 r.ls
3107 2726 30 20 de
3148 2725 238 25 niet-gebreveteerde

2846 2755 131 21 officieren.
2998 2756 47 20 Het
3064 2756 81 21 omvat
3163 2759 44 17 een
3227 2754 159 22 theoretische

2847 2784 168 26 uiteenzetting
3026 2784 27 21 of
3063 2788 45 17 een
3119 2783 118 22 taktische
3250 2783 74 21 lezir.**
3348 2784 38 21 tot

2847 2813 32 21 de
2899 2813 130 23 officieren,
3050 2813 103 22 alsmede
3171 2816 44 17 een
3234 2812 69 25 proef
3321 2816 55 17 over-

2847 2841 190 23 eenstemmende
3056 2844 50 20 met
3123 2841 30 23 de
3173 2840 146 26 uitoefening
3338 2844 48 18 van

2848 2871 43 21 het
2904 2871 67 21 ambt
2983 2875 48 17 van
3045 2870 124 22 voorzitter
3183 2874 47 17 van
3243 2869 47 22 den
3304 2869 75 25 krijgs-

2847 2900 60 21 raad

2877 2928 39 25 Bij
2931 2927 142 26 mislukking
3087 2927 26 21 ta
3126 2931 45 17 een
3185 2927 76 21 eerste
3275 2929 107 19 examen,

2850 2956 50 21 kan
2913 2961 55 18 men
2981 2956 52 22 zich
3047 2961 39 17 zes
3099 2955 119 21 maanden
3231 2953 88 23 nadien
3333 2957 49 18 aan

2849 2990 46 16 een
2910 2985 87 23 tweede
3012 2984 173 24 onderwerpen.

2877 3014 36 20 De
2925 3013 68 25 proef
3004 3017 55 17 over
3071 3014 30 21 de
3114 3012 111 25 grondige
3237 3010 85 22 kennis
3333 3010 50 21 kan

2849 3041 109 25 afgelegd
2978 3041 94 22 worden
3092 3040 34 25 bij
3146 3040 42 22 het
3208 3039 105 21 verlaten
3334 3042 48 17 van

2850 3071 31 21 de
2894 3069 112 22 militaire
3018 3069 81 21 school
3111 3074 31 17 en
3156 3068 64 25 geldt
3234 3071 56 17 voor
3300 3069 30 21 de
3343 3070 31 21 ge-

2850 3099 66 21 heele
2936 3098 97 23 verdere
3052 3097 123 24 loopbaan.

2969 3143 289 25 ONDEROFFICIEREN

2876 3188 36 21 De
2925 3187 250 23 kandidaat-sergeant
3186 3184 67 21 dient
3266 3183 30 21 de
3309 3182 64 22 effec-

2849 3217 61 21 tieve
2925 3215 85 21 kennis
3025 3219 46 17 van
3088 3214 31 21 de
3134 3214 51 20 taal
3200 3216 47 17 van
3262 3211 49 25 zijn
3327 3214 45 18 een-

2849 3245 57 21 heid
2923 3245 26 22 te
2966 3243 118 25 bewijzen.
3102 3242 47 23 Het
3166 3243 150 23 programma
3334 3241 47 19 van

2848 3274 38 22 dit
2904 3277 100 18 examen
3022 3273 63 21 slaat
3102 3276 33 20 op
3153 3270 43 22 het
3216 3269 159 25 taaiprogram-

2850 3307 41 17 ma
2900 3307 48 16 van
2958 3301 43 21 het
3012 3300 78 22 vierde
3102 3298 183 24 atheneum]aar
3296 3296 26 22 of
3333 3300 49 18 van

2848 3331 44 21 het
2908 3330 71 24 derde
2996 3328 143 23 middelbare
3154 3326 137 24 studiejaar.

2874 3360 81 25 Opdat
2973 3364 45 16 een
3038 3357 166 22 onderofficier
3223 3361 43 16 zou
3285 3356 99 20 kunnen

2847 3393 118 20 overgaan
2981 3391 48 18 van
3046 3391 46 17 «een
3108 3385 150 23 taaleenheid
3275 3388 60 18 naar
3353 3383 31 21 de

2847 3418 94 21 andere,
2957 3417 65 21 moet
3037 3416 37 24 hij
3091 3420 45 16 een
3152 3411 231 25 overeenstemmend

2846 3450 100 18 examen
2963 3445 142 25 ondergaan.

2873 3476 31 20 In
2917 3476 31 20 de
2961 3473 208 22 kadettenscholen
3182 3472 75 22 wordt
3270 3471 32 22 de
3314 3471 60 21 twee-

2847 3504 32 22 de
2890 3504 51 21 taal
2955 3502 98 26 grondig
3066 3502 157 21 onderwezen.

2914 3551 190 23 TOEPASSING
3119 3551 60 21 VAN
3194 3551 41 21 DE
3249 3549 67 23 WEI

2873 3594 48 20 Het
2934 3594 105 23 ontwerp
3054 3591 99 21 voorziet
3168 3590 82 21 verder
3263 3590 30 21 de
3307 3588 68 22 maat-

2853 3622 95 25 regelen
2971 3620 116 22 Vereischt
3109 3618 163 25 onmiddellijk
3296 3623 32 17 na
3350 3618 32 21 de

2847 3651 155 25 goedkeuring
3015 3653 47 17 van
3074 3648 30 22 de
3116 3650 46 20 wet
3172 3653 7 17 :
3193 3647 128 26 inrichting
3335 3651 47 17 van

2846 3681 43 20 het
2905 3679 135 25 taairegiem
3056 3682 47 17 van
3117 3678 30 20 de
3162 3677 173 25 gegradeerden
3349 3680 34 17 en

2846 3712 49 18 van
2915 3709 30 21 de
2965 3707 115 22 soldaten,
3102 3706 128 26 inrichting
3253 3710 49 17 van
3321 3705 61 22 taal-

2846 3737 150 24 afdeelingen
3017 3737 27 20 in
3066 3738 42 18 net
3130 3735 98 21 militair
3250 3735 131 25 onderwijs,

2846 3766 98 24 grondig
2960 3769 99 17 examen
3077 3769 55 16 voor
3148 3764 72 21 dezen
3237 3764 38 22 die
3291 3769 27 18 er
3333 3763 49 21 den

2846 3794 94 21 wensch
2959 3795 39 20 toe
3017 3793 73 23 uiten,
3109 3793 159 25 maatregelen
3286 3793 28 22 ta
3331 3797 43 17 ver-

2846 3823 63 21 band
2924 3823 49 20 met
2986 3822 30 21 de
3029 3822 165 22 commando's.

2871 3852 31 20 In
2917 3851 51 21 1938
2982 3851 76 21 zullen
3071 3851 105 21 dezelfde
3191 3851 92 25 regelen
3297 3851 85 25 gelden

2845 3884 57 17 voor
2915 3880 30 21 de
2960 3880 153 25 krijgsschool
3127 3885 31 16 en
3174 3880 76 21 zullen
3264 3880 118 25 eentalige

2845 3909 146 24 regimenten
3013 3909 109 24 gevormd
3144 3909 54 24 zijn.
3220 3909 29 21 In
3272 3909 51 21 1989
3344 3909 37 21 zal

2847 3937 44 23 het
2900 3937 76 22 nieuw
2986 3937 200 25 taaiprogramma
3195 3938 120 24 toegepast
3325 3941 48 17 wor-

2845 3966 47 20 den
2906 3968 47 19 wat
2966 3966 87 21 betreft
3065 3966 43 21 het
3121 3968 210 23 toegangsexamen
3344 3966 37 21 tot

2845 3994 31 21 de
2893 3994 112 22 militaire
3022 3994 87 22 school.
3127 3995 29 21 In
3176 3995 51 21 1941
3246 3995 74 21 wordt
3337 3994 44 22 het

2837 4024 129 24 -toegepast
2976 4028 31 20 op
3019 4023 41 21 het
3073 4023 207 25 uitgangsexamen
3292 4026 47 19 Van
3349 4024 31 21 de

2845 4052 112 21 militaire
2967 4052 80 22 school
3059 4056 31 17 en
3101 4052 27 21 ln
3141 4053 52 21 1942
3204 4057 31 20 op
3247 4053 48 21 den
3304 4053 76 25 graad

2848 4085 47 16 van
2908 4081 98 24 majoor.

2925 4132 9 17 I
3102 4116 19 22 O

2897 4160 68 60 De
2996 4168 166 65 groote
3195 4161 135 73 Hoop

2925 4268 92 40 van
3051 4245 254 64 Roosevelt

2937 4350 75 35 Voor
3025 4348 54 37 den
3092 4348 192 38 wereldvrede

785 4646 224 45 SENAAT

655 4717 157 26 Vergadering
827 4723 46 16 van
889 4717 136 28 Woensdag,
1040 4719 26 20 16
1081 4720 54 20 Dec.

630 4754 224 22 HUISHUURWET
875 4755 39 20 EN
936 4755 225 22 OEFENPLEINEN

654 4794 36 20 De
706 4794 24 22 h.
749 4794 102 23 VINCK,
867 4794 203 23 ondervoorzitter,
1087 4796 75 22 meldt

628 4826 47 17 aan
688 4821 29 22 de
728 4823 57 20 orde
796 4823 30 21 de
838 4822 264 27 inoverwegingneming
1114 4828 47 18 van

627 4849 44 23 het
683 4850 101 23 voorstel
811 4850 77 27 Clays,
902 4851 37 22 tot
964 4851 135 26 verlenging
1113 4857 50 18 van

1186 4467 64 21 MET
1267 4468 120 22 INGANG
1405 4470 61 22 VAN
1482 4472 14 21 1
1512 4472 134 21 JANUARI
1663 4472 52 21 1937

1211 4516 227 25 Belanghebbenden
1452 4521 93 22 worden
1561 4527 26 16 er
1601 4527 48 17 aan
1664 4522 44 19 her-

1185 4543 85 22 innerd
1291 4545 42 20 dat
1355 4546 29 20 de
1406 4547 182 26 afgestempelde
1608 4549 107 21 effekten

1186 4575 46 17 van
1245 4572 29 21 de
1288 4572 88 23 Schuld
1388 4574 13 20 5
1414 4574 17 21 t.
1443 4575 31 24 h.,
1487 4580 47 17 van
1548 4577 58 22 1925.
1618 4577 50 20 met
1681 4576 25 20 in-

1185 4603 63 21 gang
1263 4604 47 17 van
1326 4600 12 20 1
1353 4601 100 23 Januari
1469 4603 57 23 1937.
1541 4604 37 21 als
1592 4605 52 24 pari
1659 4608 48 16 wor-

1185 4625 47 21 den
1251 4626 161 25 terugbetaald
1431 4634 47 17 aan
1497 4631 30 21 de
1545 4631 104 22 loketten
1669 4635 46 16 van

1184 4653 31 21 de
1230 4654 124 22 Nationale
1369 4656 68 21 Bank
1451 4662 46 16 van
1512 4659 79 25 België
1606 4659 26 21 te
1646 4659 64 21 Brus-

1184 4680 41 25 sel,
1240 4685 32 18 en
1288 4682 80 21 buiten
1383 4683 30 21 de
1429 4683 133 24 hoofdstad.

1211 4719 61 21 Deze
1291 4719 65 22 titels
1373 4720 103 26 brengen
1494 4725 50 20 met
1561 4724 88 25 ingang
1668 4727 47 17 van

1184 4746 126 23 hierboven
1327 4748 162 24 aangeduiden
1506 4752 83 21 datum
1605 4757 59 19 geen
1681 4751 26 20 in-

1185 4774 60 22 trest
1262 4779 64 18 meer
1343 4780 37 20 op.

1211 4801 55 23 Wat
1279 4803 31 21 de
1322 4803 152 27 Inschrijving
1487 4806 25 21 in
1527 4806 42 21 het
1583 4806 131 22 Grootboek

1185 4833 46 17 van
1247 4829 55 23 deze
1317 4830 82 22 schuld
1415 4831 94 26 betreft,
1524 4832 64 24 loopt
1599 4834 34 23 de
1647 4833 68 22 rente

1185 4861 47 18 van
1248 4856 28 23 af
1291 4857 57 23 dien
1364 4858 83 23 datum
1463 4859 52 23 nlet
1529 4864 72 19 meer.

1746 4457 41 20 DE
1804 4457 210 22 ZEVENTIGSTE
2031 4455 202 23 VERJAARDAG

1853 4486 62 21 VAN
1928 4486 62 20 DEN
2004 4485 141 21 MEESTER

1759 4520 30 21 In
1801 4520 43 22 het
1854 4521 110 20 Museum
1976 4525 48 16 van
2036 4520 107 21 Schoone
2155 4518 111 22 Kunsten

1733 4547 25 21 te
1790 4549 101 23 Brussel,
1925 4548 63 22 werd
2007 4547 260 25 Woensdagnamiddag

1733 4575 72 22 hulde
1820 4577 112 24 gebracht
1947 4582 48 16 aan
2011 4576 160 21 beeldhouwer
2186 4576 80 20 Victor

1732 4604 127 24 Rousseau,
1871 4606 38 20 die
1921 4605 107 25 zeventig
2038 4605 54 24 jaar
2104 4604 21 21 is
2137 4603 129 25 geworden.

1760 4633 80 21 Onder
1857 4633 30 22 de
1906 4633 149 24 aanwezigen
2075 4632 121 22 bevonden
2213 4632 53 21 zich

1732 4661 185 23 staatsmlnister
1930 4662 59 20 Paul
2003 4662 115 24 Hymans;
2135 4660 30 22 de
2179 4661 25 21 h.
2217 4661 49 20 Jan

1732 4688 94 25 Lasdin,
1839 4690 84 24 gezant
1937 4694 47 16 van
1996 4689 109 24 Letland;
2121 4689 135 24 burgemees-

1733 4716 37 20 ter
1790 4718 64 22 Max,
1875 4717 102 25 schepen
1999 4717 117 21 Huisman
2150 4722 47 16 van
2218 4717 48 21 den

1732 4745 67 23 Nest;
1817 4746 30 21 de
1863 4746 41 20 hh.
1920 4746 115 23 Montald,
2052 4746 54 20 Van
2121 4745 30 22 de
2168 4746 97 22 Voorde,

1732 4772 26 20 L.
1774 4773 92 25 Solvay.

1758 4800 105 22 Namens
1879 4802 43 21 het
1939 4802 135 23 inrichtend
2091 4801 108 24 komiteit
2218 4806 48 18 van

1732 4827 31 23 de
1783 4829 71 22 hulde
1875 4830 84 21 voerde
1979 4830 36 22 dr.
2036 4831 28 20 A.
2084 4830 119 25 Dekeyzer
2222 4830 44 22 het

1732 4858 78 20 woord
1821 4861 40 19 om
1873 4859 31 21 de
1916 4858 117 25 loopbaan
2045 4862 49 18 van
2104 4859 48 22 den
2164 4858 101 22 meester

2289 4454 25 21 te
2328 4454 116 24 schetsen,
2458 4454 98 25 waarbij
2571 4454 37 25 hij
2622 4453 141 25 aantoonde,
2776 4453 47 21 hoe

2288 4482 44 21 het
2362 4482 69 21 leven
2448 4487 47 16 van
2526 4482 82 21 Victor
2639 4483 128 22 Rousseau,
2785 4482 37 20 als

2289 4510 98 21 mensch
2398 4515 30 17 en
2438 4510 36 21 als
2484 4510 151 24 kunstenaar,
2645 4515 45 17 een
2700 4509 122 22 voorbeeld

2289 4543 47 16 van
2349 4540 81 23 groote
2442 4539 138 25 eerlijkheid
2593 4539 26 21 is.
2632 4540 98 20 Daarna
2741 4538 71 21 maak-

2288 4570 26 19 te
2331 4567 36 24 hij
2385 4571 48 17 aan
2449 4568 42 20 het
2507 4571 107 16 museum
2631 4567 43 20 het
2690 4566 131 21 borstbeeld

2289 4599 47 17 van
2352 4595 122 25 Koningin
2490 4595 81 22 Astrid
2585 4596 58 20 door
2658 4595 47 21 den
2721 4594 100 21 meester

2288 4626 63 18 over.

2315 4662 36 22 De
2368 4662 25 21 h.
2411 4662 54 21 Van
2482 4662 122 25 Puyvelde,
2624 4662 197 21 hoofdkonserva-

2288 4691 45 22 tor,
2349 4690 89 22 dankte
2454 4690 43 21 het
2514 4690 135 22 inrichtend
2665 4690 108 22 komiteit
2790 4694 30 17 en

2290 4718 84 21 bracht
2387 4718 73 21 hulde
2473 4723 48 16 aan
2534 4718 31 22 de
2577 4719 73 20 kunst
2663 4723 47 16 van
2723 4718 48 21 den
2783 4722 28 20 ge-

2289 4745 84 24 vierde,
2387 4750 96 17 waarna
2497 4746 31 21 de
2542 4746 25 22 h.
2581 4747 22 21 J.
2619 4746 79 24 Hoste,
2712 4746 109 21 minister

2289 4779 46 16 van
2353 4775 125 24 Openbaar
2495 4774 139 25 Onderwijs,
2650 4774 26 21 in
2694 4779 42 17 een
2753 4774 68 21 korte

2288 4803 126 24 toespraak
2425 4808 27 15 er
2463 4807 32 21 op
2507 4807 66 21 wees,
2585 4802 46 22 hoe
2644 4803 30 21 de
2686 4802 73 22 kunst
2772 4807 48 17 van

2289 4830 80 22 Victor
2389 4831 120 21 Rousseau
2528 4831 31 22 de
2578 4828 76 25 zielen
2676 4830 94 24 verheft
2787 4834 33 19 en

2287 4858 31 24 de
2329 4859 98 25 geesten
2438 4858 120 23 verruimt.

2936 4434 41 21 DE
2995 4434 215 21 KONFERENTIE
3228 4434 61 22 VAN

2858 4461 121 22 BUENOS
2998 4462 90 21 AIRES
3108 4463 58 20 EEN
3184 4462 181 22 VOORBEELD

2872 4499 162 25 Washington,
3046 4500 26 21 16
3083 4501 55 20 Dec.
3148 4511 29 5 —
3186 4500 122 22 President
3319 4501 51 21 Roo-

2845 4527 74 22 sevelt
2936 4527 21 21 is
2972 4527 37 21 uit
3024 4528 94 21 Buenos
3134 4527 66 22 Aires
3215 4528 25 21 te
3255 4527 114 26 Washing-

2846 4555 43 21 ton
2912 4555 172 24 teruggekeerd.
3107 4555 41 25 Hij
3171 4555 142 23 verklaarde,
3334 4555 43 21 dat

2846 4586 13 16 «
2871 4582 30 21 de
2926 4582 185 24 onophoudende
3135 4583 116 25 pogingen
3276 4587 47 19 van
3347 4582 30 22 de

2845 4610 154 21 Konferentie
3018 4615 47 17 van
3083 4611 93 21 Buenos
3194 4611 67 22 Aires
3277 4611 32 21 de
3325 4612 52 20 ontn

2844 4637 101 25 zaglijke
2964 4638 63 25 hoop
3046 4638 97 25 wettigt,
3162 4638 72 21 welke
3254 4638 38 25 wij
3313 4637 64 23 allen

2844 4668 89 20 voeden
2940 4672 20 16 ».

2871 4695 61 22 Deze
2951 4695 147 22 konferentie
3118 4696 41 20 zal.
3179 4695 94 25 volgens
3292 4693 76 24 Roose-

2844 4722 55 24 velt.
2918 4727 48 17 aan
2986 4722 45 22 alle
3051 4723 197 21 Amerikaansche
3268 4718 108 27 volkeren

2843 4750 53 21 hun
2919 4749 143 26 gedragslijn
3086 4749 179 26 voorschrijven,
3288 4755 31 17 en
3342 4750 27 22 te-

2843 4782 58 17 vens
2913 4782 44 16 een
2970 4777 121 22 voorbeeld
3103 4778 50 24 zijn
3165 4783 55 17 voor
3231 4778 30 21 de
3273 4777 102 26 gansche

2843 4805 92 21 wereld.
2957 4805 66 25 «Wij
3046 4804 49 25 zijn
3117 4805 72 25 goede
3212 4805 98 24 buren*,
3333 4808 41 23 Z09

2843 4832 90 22 besloot
2956 4833 30 21 de
3010 4832 127 27 president,
3161 4838 49 17 «en
3234 4833 38 25 wij
3297 4831 77 23 zullen

2843 4860 73 25 goede
2930 4861 74 21 buren
3019 4859 115 26 blijven.»
