4203 6034
20 0 5 33 ;

85 0 11 16 .,

98 302 79 34 Voici
195 300 28 32 le
241 299 56 32 bon
316 308 101 28 moyen
438 295 33 33 de
491 304 120 29 narguer

155 346 27 32 la
201 357 18 20 «
238 355 98 28 guerre
355 343 49 31 des
420 340 77 33 nerfs
515 339 34 31 »!

105 403 37 21 La
166 408 12 13 «
188 404 88 21 guerre
299 399 44 20 des
367 397 70 20 nerfs
447 401 19 16 ».
490 394 96 20 chacun
608 390 30 20 de

75 432 65 17 nous
154 427 25 20 la
192 424 80 23 mène,
286 423 49 20 bon
349 421 43 26 gré
406 420 51 21 mal
470 423 51 22 grss.

107 453 73 21 Selon
203 456 48 19 que
273 455 44 15 vos
341 448 70 20 nerfs
433 442 146 24 resteront
601 445 32 15 ou

76 485 58 17 non,
150 483 61 16 vous
228 475 166 25 triompherez
409 474 30 20 de
453 471 65 21 celte
534 469 99 23 renode

77 507 113 22 difficile,
210 510 32 16 ou
262 509 63 16 vous
346 509 31 16 en
397 505 69 16 serez
486 495 109 23 victime!

108 533 26 21 Si
157 537 63 16 vous
242 536 62 15 vous
327 530 84 19 sentez
433 525 97 22 atteint,
554 524 18 19 il
595 524 34 33 UJJ

78 560 79 24 porte,
179 558 78 19 avant
278 555 69 20 toute
370 552 80 20 chose,
473 553 30 16 ue
526 549 104 18 fortuie..

77 586 72 20 votre
164 583 109 25 système
287 584 109 18 nerveux
410 583 31 17 en
454 575 131 23 stimulant
600 578 31 15 vo-

78 610 39 20 tre
138 609 148 22 organisme.
305 606 67 19 Pour
390 603 52 20 cela
462 601 16 20 il
499 604 60 16 vous
578 598 54 20 tout

78 628 113 31 recourir
208 636 17 21 à
242 641 35 15 un
295 633 93 24 régime
406 629 102 24 capable
526 629 31 19 de
575 631 55 16 com-

78 669 92 19 penser
187 664 36 19 les
240 661 83 24 pertes
340 659 89 20 vitales
447 657 25 21 et
489 655 31 20 de
538 659 26 15 re
566 652 75 21 tablir

78 690 72 19 vetro
181 686 117 26 équilibre
328 681 127 26 physiq.ic.
484 678 150 21 Sura.iment

78 712 120 26 équilibré
233 709 163 22 concentrant
424 706 35 20 les
488 704 146 21 substan-cs

79 739 116 22 virantes
217 738 25 20 et
267 734 133 22 naturelles
425 732 30 20 ia
478 731 62 20 niait
565 731 70 21 'orge

81 767 120 25 Eerméc),
216 767 33 19 du
265 764 44 21 lait
324 768 47 18 pur
386 763 25 19 et
426 762 34 19 du
476 760 74 28 jaune
566 757 75 22 d'œuf

78 792 72 23 Irais,
163 788 173 23 rovomaltine
352 789 110 20 donnera
475 790 17 14 a
507 788 43 16 veM
565 783 70 21 nerfs

79 823 35 16 un
131 818 85 24 regain
232 816 31 20 de
279 814 81 20 forces
377 816 23 19 et
418 813 30 20 de
463 809 145 21 réîittr.nce.

109 843 136 26 Supportée
264 848 47 18 par
330 842 37 20 les
387 839 124 22 estomacs
530 838 37 20 les
587 837 55 22 plus

80 871 112 22 délicats,
204 867 172 24 l'Cvomaltine
388 871 27 15 se
428 864 105 25 prépare
545 868 60 16 avec
617 862 25 20 la

78 897 57 24 pins
150 895 93 25 grande
261 892 93 21 fasi'.ati
376 896 6 15 s
400 891 17 19 il
431 889 76 20 suffit
523 888 31 20 de
571 886 54 25 quel-

79 927 62 19 ques
157 918 126 23 cuillerées
298 916 78 26 jetées
394 920 31 16 en
443 915 65 26 pluie
525 914 62 20 dan3
602 916 34 16 un

79 947 93 21 liquide
194 945 81 21 chaud
300 950 6 15 s
331 943 51 22 lait,
404 941 50 22 thé.
478 939 56 22 café
555 949 28 5 —
605 941 31 17 ou

79 975 83 23 même
178 973 158 23 simplement
351 972 32 19 de
400 970 70 21 l'eau.

108 1001 38 21 Ne
166 1004 122 18 manquez
307 1003 46 18 pas
372 997 31 20 de
411 993 113 24 Tlonner.
544 998 29 16 ce
593 997 49 15 soir

80 1032 96 16 encore,
195 1030 48 16 une
260 1026 69 19 tasse
348 1021 181 22 d'Ovomaltlne
547 1018 95 22 chaude

82 1053 18 22 à
123 1053 70 21 votre
215 1051 65 20 mari
305 1050 25 21 et
353 1049 16 20 à
393 1053 44 16 vos
461 1047 108 20 enfants.
592 1044 49 20 Son

80 1084 86 16 arôme
187 1077 69 23 égale
276 1075 64 21 celui
360 1075 34 20 du
413 1073 114 21 chocolat
546 1073 22 20 le
587 1070 56 22 Plus

81 1105 45 21 fin.
578 1095 61 22 (218)

89 1142 94 13 m,...
194 1140 155 14 ...99...
360 1134 262 18 •••........'*

218 1166 30 23 la

1822 209 124 22 NATION
1963 209 115 24 BELGE,
2094 210 13 19 5
2122 209 185 23 NOVEMBRE
2323 209 53 19 1D3C
2388 209 4 21 !

86 1168 79 93 La
180 1166 115 93 Vie

108 1324 45 38 La
172 1322 162 39 situation
354 1321 61 37 des
434 1316 178 50 dispensés

84 1377 45 38 du
150 1375 133 39 service
303 1383 42 30 en
366 1374 111 45 temps
497 1371 44 37 de
559 1369 78 49 paix

121 1458 35 24 Le
175 1456 123 25 minisire
318 1456 32 23 de
371 1455 25 24 la
415 1452 115 25 Défense
550 1451 78 25 Natio-

86 1489 62 25 nale
170 1486 187 31 communique
379 1486 25 24 la
426 1486 62 23 noie
508 1484 132 26 suivante,

86 1521 46 30 qui
148 1519 104 30 répond
267 1518 15 24 à
298 1518 46 23 des
360 1514 204 28 commentaires
580 1521 47 17 sou-

88 1553 63 22 vent
171 1551 62 23 faits
255 1550 67 23 dans
342 1549 25 23 le
387 1547 93 32 public
502 1553 33 17 au
573 1546 67 29 sujet

86 1583 149 24 d'hommes
255 1580 140 30 dispensés
414 1580 36 23 du
469 1577 103 25 service
592 1576 36 25 mi-

72 1603 105 36 litaire
194 1619 33 17 en
244 1614 87 28 temps
349 1611 31 23 de
399 1610 64 31 paix
480 1611 25 24 et
524 1609 44 30 qui
588 1610 52 21 met

86 1652 36 17 au
139 1645 75 29 point
231 1644 57 23 leur
304 1642 137 25 situation.
456 1641 56 24 Elle
529 1640 99 24 intéres-

86 1683 30 18 se
136 1674 146 33 également
301 1674 38 23 les
359 1673 145 25 étudiants:

112 1721 30 5 —
156 1710 38 20 On
208 1710 58 21 s'est
280 1707 94 25 parfois
388 1705 90 23 étonné
491 1707 64 20 dans
567 1705 23 21 le
603 1709 33 19 pu-

84 1736 52 22 blic
148 1737 32 21 de
194 1736 61 22 voir,
268 1736 64 19 dans
346 1735 36 19 les
396 1733 183 20 circonstances
594 1729 53 25 pré-

74 1766 4 4 '
86 1764 90 20 sentes,
191 1762 44 20 des
251 1762 86 22 jeunes
352 1765 60 18 sens
427 1758 142 21 maintenus
583 1758 63 19 dans

85 1789 69 21 leurs
180 1789 83 21 foyers
289 1787 67 21 alors
381 1791 47 17 que
455 1786 43 19 des
524 1783 121 21 miliciens

86 1815 56 23 plus
163 1813 60 24 âgés
245 1815 44 19 ont
311 1811 39 22 été
372 1810 119 25 rappelés.
512 1810 37 20 La
570 1812 67 16 situa-

85 1841 54 21 tion
157 1841 42 22 qui
217 1837 115 26 apparaît
349 1842 95 16 comme
462 1838 25 19 la
503 1837 55 22 plus
575 1839 62 20 para-

86 1866 87 21 doxale
193 1866 37 20 est
249 1865 61 21 celle
328 1865 30 21 de
377 1863 122 20 miliciens
518 1862 41 23 qui
578 1861 68 21 n'ont

85 1892 82 22 même
188 1897 46 18 pas
256 1895 118 18 comparu
395 1889 92 20 devant
508 1889 22 20 le
553 1887 92 20 bureau

85 1918 34 22 de
140 1918 167 20 recrutement
329 1917 26 20 et
376 1915 41 22 oui
440 1915 57 20 sont
518 1911 128 26 dispensés

86 1944 35 21 du
136 1943 99 21 service.
250 1943 116 20 D'autres
381 1940 138 23 cependant
533 1940 44 20 ont
591 1938 55 21 subi

86 1969 120 22 l'examen
223 1967 112 23 médical,
351 1968 45 20 ont
411 1966 39 21 été
466 1969 124 18 reconnus
605 1969 32 19 ap-

86 1997 46 20 tes,
149 1995 63 21 mais
228 1995 68 21 n'ont
312 1993 90 24 jamais
418 1992 39 22 è.ê
472 1990 100 26 appelés
589 1995 57 16 sous

87 2021 37 21 les
140 2022 132 22 drapeaux.

115 2054 73 22 Cette
214 2053 120 21 situation
361 2056 124 20 provoque
513 2050 43 21 des
583 2055 54 15 com-

86 2081 146 20 mentaires:
256 2079 45 21 elle
320 2077 93 23 résulte
433 2078 43 20 des
496 2077 47 21 lois
563 2080 30 17 en
613 2075 25 21 vi-

87 2111 85 19 gueur.

115 2132 71 25 Pans
207 2131 25 21 la
253 2129 121 25 première
397 2128 124 24 catégorie
543 2133 27 17 se
592 2132 45 15 ran-

87 2159 61 23 gent
165 2158 35 20 les
216 2157 112 21 hommes
345 2156 42 23 qui
404 2156 43 20 ont
464 2154 40 21 été
519 2152 128 26 dispensés

87 2184 36 21 du
145 2183 95 20 service
262 2188 32 16 en
314 2183 83 22 temps
419 2182 30 19 de
472 2180 58 24 paix
552 2183 95 17 comme

86 2210 99 21 soutien
203 2209 30 20 de
251 2208 94 22 famille
362 2213 33 15 ou
412 2212 95 15 comme
525 2206 124 20 membres

87 2235 33 21 de
137 2235 95 20 famille
250 2234 153 21 nombreuse.

116 2261 70 20 Dans
208 2261 26 20 la
255 2260 105 21 seconde
382 2260 111 22 figurent
515 2262 69 26 ceux^
599 2257 48 23 qui,

88 2286 17 21 à
120 2291 34 16 un
169 2287 111 20 moment
295 2284 87 23 donné,
398 2287 43 19 ont
456 2283 39 22 été
511 2282 89 22 libérés
614 2283 33 20 du

88 2313 96 20 service
205 2312 63 21 actif
288 2318 32 15 en
341 2312 81 21 temps
443 2312 30 19 de
495 2310 58 23 paix
574 2314 73 16 parce

87 2344 49 19 que
156 2339 23 21 le
198 2338 145 22 contingent
361 2336 138 24 présentait
518 2336 44 20 des
582 2335 60 20 excé

88 2365 74 20 dents
181 2369 46 18 par
247 2364 102 23 rapport
368 2368 33 15 au
420 2362 103 21 nombre
542 2362 44 22 des
604 2360 35 21 mi-

89 2390 88 21 liciens
201 2389 17 22 à
242 2390 148 22 incorporer.
415 2389 71 20 Cette
510 2393 98 16 mesure
632 2392 17 15 a

89 2415 41 22 été
141 2415 72 23 .prise
231 2415 100 21 d'office
348 2415 16 20 à
382 2415 54 20 leur
452 2414 77 23 égard
547 2419 62 17 pour
626 2414 22 19 le

88 2441 81 23 motif,
190 2447 31 15 ou
242 2441 57 21 bien
320 2441 71 22 qu'ils
412 2440 94 22 étaient
526 2440 122 20 membres

88 2468 74 20 d'une
182 2467 95 21 famille
297 2467 155 21 nombreuse,
472 2471 31 15 ou
524 2466 56 19 bien
602 2469 47 19 que

89 2494 124 23 plusieurs
233 2492 80 21 frères
333 2493 100 20 avaient
453 2491 58 24 déjà
530 2491 72 21 servi.

116 2519 23 21 Il
157 2519 115 21 convient
289 2519 123 23 d'ajouter
429 2523 48 17 que
494 2522 42 16 ces
553 2517 97 23 disren-

89 2550 41 16 ses
150 2546 33 19 du
203 2545 94 21 service
316 2550 32 15 en
366 2545 82 21 temps
465 2544 32 22 de
516 2544 58 23 paix
591 2545 57 19 sont

88 2570 134 22 accordées
243 2576 47 17 par
310 2571 44 20 des
378 2569 154 23 iurulietions
553 2570 31 20 de
605 2569 35 20 mi-

89 2597 48 20 lice
159 2596 157 21 absolument
337 2596 195 21 indéoendantes
554 2599 25 18 et
601 2594 39 20 sui-

89 2623 64 21 vant
169 2623 45 20 des
232 2622 80 23 règles
330 2622 92 23 rigides
440 2621 103 21 établies
562 2626 45 16 oar
625 2622 24 20 la

89 2648 41 22 loi.

118 2674 67 20 C'est
204 2679 88 16 encore
310 2674 26 20 la
354 2674 32 20 loi
406 2672 42 24 qui
467 2673 51 21 fixe
537 2673 36 21 les
591 2671 49 22 obli-

90 2699 100 24 gations
207 2700 43 21 des
268 2698 139 22 intéressés.
425 2699 33 20 I1&
476 2700 57 20 sont
550 2698 100 21 inscrits

90 2726 65 20 dans
178 2725 25 21 la
226 2724 98 22 réserve
347 2725 31 21 de
402 2724 167 22 recrutement
586 2729 54 21 .pen-

91 2751 62 21 dant
173 2752 26 19 25
218 2757 47 17 ans
284 2752 31 21 et.
334 2756 34 16 au
386 2755 73 16 cours
476 2750 33 21 de
527 2751 65 21 cette
610 2749 31 24 pé-

91 2777 76 22 riode,
193 2778 108 22 pouvent
326 2777 54 21 être
404 2776 101 24 appelés
530 2780 60 17 sous
613 2776 37 21 les

90 2803 129 24 drapeaux
236 2808 31 15 en
285 2808 44 16 cas
347 2803 31 21 de
395 2807 90 19 guerre
502 2807 33 16 ou
552 2802 99 23 lorsque

90 2829 25 21 le
133 2828 126 22 territoire
277 2829 39 21 e3t
334 2828 109 22 menacé.

119 2862 63 21 Bien
201 2863 115 22 entendu,
335 2863 83 20 toutes
437 2862 35 20 les
491 2861 160 24 dispositions

92 2888 58 21 .sont
167 2888 79 22 prises
262 2892 64 18 pour
342 2892 53 19 que,
412 2887 64 21 dans
493 2887 37 21 les
546 2887 97 21 circons-

91 2913 89 22 tances
201 2913 150 23 envisagées,
373 2914 31 20 ils
425 2914 80 22 soient
527 2913 116 20 immédia

91 2939 96 21 tement
206 2939 101 23 appelés
325 2945 59 16 sous
403 2940 35 20 les
457 2944 90 15 armes.

121 2966 38 19 En
183 2971 29 16 ce
235 2967 42 21 qui
300 2971 85 15 concei
390 2971 31 14 ne
445 2966 36 20 les
518 2965 134 22 étudiants,

91 2991 97 21 ceux-ci
212 2992 108 22 peuvent
344 2991 98 22 obtanir
465 2992 44 20 dos
532 2989 80 23 sursis
629 2989 23 28 ,à

92 3021 167 17 concurrence
277 3017 31 22 de
326 3018 63 22 cinq.

120 3042 40 21 Au
182 3043 80 20 terme
283 3044 32 20 de
338 3043 67 20 leurs
427 3042 94 24 études,
544 3043 30 21 ils
597 3043 56 21 font

93 3067 55 22 leur
169 3068 95 21 service
286 3069 125 22 militaire,
434 3068 48 26 qui,
505 3073 63 19 pour
589 3070 62 21 tous,

93 3095 40 19 est
149 3095 38 19 de-
196 3095 27 19 17
237 3094 70 22 mois.

120 3120 23 20 Il
158 3120 78 20 serait
252 3120 123 22 contraire
390 3119 17 22 à
421 3119 106 22 l'Intérêt
543 3121 33 20 du
592 3125 61 19 pays

93 3145 31 21 de
143 3146 116 20 modifier
275 3152 45 15 sur
337 3152 28 15 es
383 3146 70 23 point
471 3147 25 20 la
513 3146 140 23 législation

94 3176 44 16 sur
155 3172 24 20 la
195 3172 88 21 milice.
300 3172 47 20 Les
364 3173 111 20 recteurs
491 3172 31 20 de
539 3178 45 15 nos
600 3172 43 21 uni-

94 3197 107 21 versités
228 3199 45 19 ont
301 3197 40 22 été
369 3197 172 25 catégoriques
568 3196 18 23 à
613 3199 40 20 cet

94 3222 84 25 égard.

121 3249 40 20 En
182 3250 70 22 effet,
272 3250 23 20 le
315 3255 62 18 pays
395 3250 55 20 doit
469 3251 102 20 trouver
590 3250 63 21 dans

94 3275 76 21 l'élite
196 3275 174 22 intellectuelle
396 3276 95 22 formée
518 3277 64 19 dans
609 3281 45 16 nos

94 3300 199 22 établissements
332 3302 172 21 d'Instruction
530 3301 115 24 supérieu-

94 3331 35 19 re,
151 3328 37 20 les
208 3328 87 21 cadres
317 3328 42 23 qui
380 3329 110 20 forment
511 3328 143 21 l'armature

97 3353 31 22 de
154 3354 25 19 la
202 3353 95 22 nation,
322 3355 57 21 tant
403 3354 63 21 dans
492 3354 23 22 le
541 3354 114 20 domaine

96 3379 157 23 scientifique
281 3379 200 24 qu'économique
509 3380 25 20 et
574 3380 70 23 politi-

95 3409 54 19 que.
168 3405 42 23 Or,
227 3405 164 24 interrompre
408 3406 36 21 les
461 3405 87 22 études
565 3406 30 22 de
613 3411 32 16 no-

95 3430 39 21 tre
160 3431 114 22 jeunesse
298 3431 168 21 estudiantine
490 3432 77 20 serait
591 3432 64 20 tarir

95 3455 27 23 la
136 3461 87 17 source
236 3457 35 20 du
285 3458 168 21 recrutement
465 3458 33 20 de
512 3462 41 17 ces
568 3458 87 20 cadres

95 3485 29 20 •et
135 3501 3 3 .
147 3483 37 22 les
207 3482 186 23 répercussions
415 3489 32 16 en
470 3484 111 22 seraient
602 3489 54 18 pro-

87 3524 4 3 .
95 3507 91 21 fondes
204 3513 63 18 peur
286 3509 108 21 l'avenir.

123 3540 118 24 L'armée,
261 3542 81 23 partie
362 3541 140 24 intégrante
521 3543 30 21 de
570 3544 25 21 la
613 3548 34 15 na-

96 3566 61 24 tion,
180 3568 143 21 souffrirait
346 3568 34 21 du
404 3567 81 23 même
507 3569 51 20 mal
582 3574 74 18 parce

84 3609 4 3 .
96 3597 49 18 que
166 3593 200 22 l'incorporation
387 3594 63 21 dans
471 3599 35 16 un
526 3595 53 20 seul
600 3600 46 15 con-

97 3618 100 23 tingent
221 3620 30 21 de
276 3620 140 20 l'ensemble
441 3621 44 19 des
523 3619 133 25 étudiants,

95 3644 98 21 arrivés
215 3644 17 22 à
254 3645 82 21 divers
358 3646 84 21 stades
463 3647 31 20 de
517 3647 67 21 leurs
605 3646 42 22 étu-

97 3670 51 22 des,
172 3671 131 21 donnerait
326 3676 34 16 un
383 3671 169 22 considérable
589 3671 59 22 excé-

97 3696 61 21 dent
177 3697 30 19 de
228 3697 88 21 cadres
335 3698 83 20 tandis
438 3703 53 18 que,
525 3699 64 20 dans
622 3699 35 21 les

96 3722 160 23 contingents
272 3723 121 23 suivants,
412 3723 18 21 il
447 3728 18 19 y
481 3724 84 21 aurait
583 3723 65 24 pénu-

98 3747 39 22 rie
163 3748 101 23 portant
289 3748 165 23 précisément
480 3755 44 15 sur
549 3751 36 21 les
612 3750 36 21 élé-

99 3768 84 26 ments
206 3774 36 21 les
266 3774 55 23 plus
344 3774 172 25 intéressants,
539 3777 48 21 tels
611 3781 47 18 que

99 3798 150 25 ingénieurs,
269 3799 133 24 médecins,
422 3801 46 22 etc.

105 3820 43 25 "H
170 3825 116 22 convient
307 3827 140 23 cependant
468 3826 126 23 d'insister
615 3833 44 16 sur

98 3850 25 21 le
139 3851 49 20 fait
203 3856 48 18 que
266 3852 100 21 si'nous
381 3852 102 21 devions
499 3852 52 22 être
568 3853 80 22 entraî-

98 3875 47 23 nés
161 3877 63 20 dans
240 3882 50 16 une
306 3883 96 18 guerre,
418 3879 69 20 toute
503 3879 26 21 la
544 3880 114 22 jeunesse

100 3903 176 21 estudiantine,
301 3904 42 21 aui
367 3904 144 24 appartient
533 3905 126 21 d'ailleurs

98 3927 18 22 à
138 3929 25 20 la
185 3927 98 23 réserve
305 3930 32 20 de
372 3931 174 23 recrutement,
582 3932 77 21 serait

100 3953 214 25 immédiatement
329 3954 101 25 appelée
444 3962 60 16 sous
520 3957 35 22 les
570 3963 90 16 armes.

128 4014 66 22 C'est
207 4020 32 16 au
253 4020 73 22 camp
339 4016 72 25 qu'on
424 4016 116 26 apprécie
553 4017 22 21 le
590 4018 63 20 bien-

99 4040 77 22 fondé
195 4042 30 21 de
244 4047 27 16 ce
290 4042 121 26 principe:
432 4044 102 21 acheter
552 4045 33 21 du
604 4046 53 20 Bon

103 4072 63 20 pour
187 4067 102 22 acheter
311 4069 81 22 moins
413 4071 112 24 souvent,
546 4070 110 25 principe

100 4093 138 22 invariable
255 4095 31 20 de
302 4094 175 26 Heldenbsrgh
494 4096 22 20 &
533 4096 37 24 C*,
587 4097 67 20 l'uni-

101 4119 105 21 formier
222 4119 149 27 spécialiste,
386 4122 34 23 19,
438 4126 44 17 rue
498 4122 158 26 Duquesnoy.

102 4145 136 23 Bruxelles.
555 4149 99 21 (2007-9)

577 4176 77 20 (1518)

103 4218 59 21 Ant.
181 4215 160 29 LESUI5SE,
360 4221 129 22 ex-maître
508 4222 60 21 taill.
587 4222 71 21 milit.

187 4245 81 25 Coupe
283 4247 26 20 et
322 4249 75 23 façon
411 4248 163 25 impeccables

204 4273 112 22 officiers
331 4276 26 18 et
372 4276 188 21 sous-officiers.

161 4299 119 21 chaussée
297 4300 30 21 de
343 4300 97 25 Wavre,
456 4302 34 21 91.
507 4302 88 23 Ixelles

594 4329 62 23 (219)

342 4367 80 20 «-**.
646 4378 8 6 .

132 4400 48 48 ia
202 4402 154 48 situation
377 4403 254 51 hebdomadaire

161 4467 41 47 de
224 4467 34 47 la
280 4468 133 58 Banque
436 4470 169 49 Nationale

212 4535 37 24 au
266 4527 18 31 2
303 4527 148 33 novembre
469 4530 79 31 1939

332 4595 98 21 ACTIF

106 4618 160 24 Encaisseur
310 4636 7 7 .
345 4637 7 8 .
379 4636 8 8 .
415 4624 31 20 fr.
461 4623 32 21 la
495 4624 143 23 020.470.022.
639 4625 26 20 50

106 4645 105 23 Devises
244 4647 146 25 étrangères
422 4650 26 20 et

133 4672 138 22 valeurs-or
475 4675 193 24 4.093.102.834,76

107 4697 82 22 Billon
210 4699 26 21 et
256 4699 82 22 divers
371 4714 8 6 .
406 4714 7 7 .
441 4714 6 7 .
496 4700 171 25 214.004.362,40

107 4722 161 24 Portefeuille
298 4725 77 22 effets
404 4730 45 16 sur

136 4749 25 21 la
178 4750 117 23 Belgique
310 4764 111 9 ....
476 4752 192 23 2,776.602.-550.32

107 4773 161 24 Portefeuille
299 4777 77 21 effets
404 4782 45 16 sur

135 4800 134 25 l'étranger
310 4816 110 9 ....
511 4802 156 25 18.499.313,10

107 4825 116 24 Avances
244 4833 45 17 sur
309 4829 75 20 fonds
405 4834 34 19 pu-

135 4851 63 22 blics
220 4853 84 23 belges
338 4868 110 8 ....
476 4854 196 24 1.037.710.527.71*

107 4876 124 24 Créances
249 4883 45 17 sur
312 4879 77 22 l'Etat
407 4895 8 6 .
442 4895 6 7 ,
497 4880 171 24 708.795.722,12

108 4902 84 24 Fonds
217 4904 96 21 nubiles
337 4919 110 8 ....
476 4905 193 24 1.595.870.905.44

108 4927 150 24 .Immeubles
290 4931 31 22 de
354 4930 95 23 service

136 4953 114 24 matériel
269 4957 25 20 et
313 4956 113 22 mobilier
442 4973 7 6 .
498 4958 154 23 160.000.000,-

302 5008 73 20 Total
385 5013 7 15 :
418 5009 30 20 fr.
463 5009 206 22 28.625.056.238.35

333 5033 114 21 PASSIF

110 5055 90 23 Billets
228 5058 32 20 de
288 5057 100 26 banque
419 5064 30 16 en

138 5082 146 22 circulation
315 5098 7 6 .
349 5099 7 7 .
383 5099 8 7 .
419 5085 31 22 fr.
465 5085 207 25 27.143.845.400,—

111 5107 117 22 Comntes
241 5112 116 18 courant:**
368 5116 7 15 :

138 5133 91 21 Trésor
247 5135 83 22 public
373 5150 10 8 .
408 5150 6 9 «

139 5159 90 21 Divers

111 5182 98 23 Capital

112 5209 124 22 Réserves
255 5212 25 20 et
299 5214 112 20 comptes

140 5235 226 25 d'amortissement

527 5137 144 23 8.776.931,28

499 5162 172 24 .854.449.939,79

500 5189 141 22 200.000.000,

508 5239 163 22 417.983.9G730

311 5288 72 21 Total
393 5294 7 15 :
422 5290 31 20 fr.
468 5290 204 24 28.626.056.238,35

193 5338 149 22 Proportion
360 5339 31 21 de
409 5340 166 23 l'encaisse-or
586 5347 7 16 :

113 5360 18 23 &
149 5362 141 22 l'ensemble
309 5365 46 21 des
373 5368 177 21 engagements
570 5367 17 22 à
605 5373 48 16 vue
661 5373 8 17 :

111 5385 26 20 64
146 5384 27 22 34
192 5397 20 11 m.
231 5392 18 15 i.
265 5388 86 21 contre
366 5388 62 21 6>.00
443 5394 23 21 p.
482 5395 20 18 c.
518 5391 23 22 le
555 5391 28 21 26
599 5393 56 20 octo-

113 5413 45 23 bre
173 5409 60 27 19à9.

115 5441 17 11 Sa
349 5439 96 21 ♦•♦-.
661 5451 5 8 .

205 5473 55 48 UN
283 5473 123 49 AVION
429 5475 53 48 EN
504 5478 75 48 FEU

114 5536 84 50 AUX
218 5538 454 72 INDES_NEERLANDAISES

176 5625 68 41 Cinq
264 5638 151 28 personnes
434 5627 173 36 carbonisées

300 5678 37 25 La
352 5678 83 31 Haye,
448 5680 15 23 4
478 5682 152 25 novembre.

147 5714 35 25 Ce
200 5716 83 24 matin
301 5716 67 25 dans
385 5716 54 25 l'Ile
456 5717 129 25 d'Ambon
607 5719 56 23 (Est

115 5743 29 24 6e
161 5744 77 27 Java)
261 5752 35 17 un
315 5746 79 24 avion
410 5746 128 25 militaire
556 5748 33 23 dé
603 5748 50 24 l'ar-

114 5773 55 27 mée
190 5775 46 25 des
255 5775 81 25 Indes
355 5776 198 25 néerlandaises
572 5784 15 17 a
606 5778 58 29 pris

115 5804 43 25 feu
176 5808 26 22 et
219 5806 61 24 s'est
298 5806 91 24 écrasé
407 5813 33 18 au
459 5807 40 24 sol
516 5814 52 23 peu
586 5807 79 29 après

115 5836 76 24 «voir
220 5835 110 25 décollé.
350 5836 47 23 Ses
425 5835 65 33 cinq
518 5837 147 29 occupants

114 5867 48 24 •nt
182 5865 41 25 été
243 5864 165 27 carbonisés.

660 300 137 65 POUR
848 298 99 67 NOS
992 296 227 67 SOLDATS

692 420 51 26 Les
765 420 112 26 soldats-
891 426 33 18 en
948 424 146 25 campagne
1117 419 100 30 paient,

660 451 90 30 faut-il
777 452 24 23 le
830 450 113 30 répéter,
974 449 23 24 le
1027 448 79 24 lourd
1135 449 82 24 tribut

661 481 150 31 qu'impose
831 481 24 25 le
874 480 77 25 souci
969 479 136 24 d'assurer
1125 480 93 22 contre

660 513 72 23 toute
749 510 160 25 éventualité
925 511 25 22 la
966 508 109 30 défense
1091 507 36 25 du
1144 516 74 23 pays.

661 542 22 24 Il
701 549 30 18 se
750 541 116 31 conçoit,
885 540 47 24 des
951 540 63 25 lors,
1035 545 50 24 que
1105 538 114 24 chacun,

661 572 68 25 dans
751 577 26 19 ta
798 577 104 19 mesure
925 570 33 24 de
980 576 42 16 ses
1044 568 175 31 possibilités:

661 601 131 31 s'ingénie
812 602 17 24 à
850 600 114 24 adoucir
985 599 59 24 leur
1063 600 66 23 sort.
1151 599 68 23 C'est

660 632 134 30 pourquoi
813 631 25 24 la
857 629 97 26 Nation
974 630 87 29 Belge,
1080 629 137 29 confiante

660 663 67 24 dans
751 663 25 22 lu
797 659 150 32 générosité
970 659 33 23 de
1026 666 42 17 ses
1092 660 122 25 lecteurs,

664 692 50 32 fait
739 694 24 21 si
790 690 145 25 volontiers
961 689 67 24 écho
1053 695 54 18 aux
1132 688 86 24 désirs

663 723 79 29 qu'ils
758 720 160 31 expriment.

696 753 40 23 On
758 755 172 24 remarquera
951 756 51 22 que
1023 748 68 25 dans
1113 748 26 24 la
1160 748 58 24 liste

662 782 157 24 ci-dessous,
836 780 103 28 chaque
956 778 132 25 demande
1105 780 39 23 est
1160 781 48 28 pré-

662 812 82 25 cédée
764 811 63 24 d'un
849 809 120 25 numéro.
989 808 64 25 Cela
1071 815 69 18 nous
1160 813 50 25 per-

664 844 61 24 met,
748 841 122 28 déférant
892 840 71 24 ainsi
984 840 17 23 à
1023 845 35 17 un
1081 838 74 24 désir
1176 844 34 18 ex-

662 871 87 32 primé
769 878 50 23 par
838 872 25 22 la
883 869 115 30 Défense
1017 866 151 28 Nationale,
1184 867 35 26 de

662 908 155 24 supprimer
840 899 170 26 l'indication
1033 900 33 23 de
1089 897 93 26 l'unité
1204 898 16 24 à

662 931 113 32 laquelle
802 930 210 31 apapitiennent
1038 928 38 23 les
1104 927 99 24 intéres-

661 962 51 24 sés.
741 962 53 24 Par
822 961 118 25 ailleurs,
970 958 186 30 l'application
1185 957 34 23 de

663 993 68 23 celte
751 990 72 31 règle
843 997 67 16 nous
930 989 45 24 oh'
977 989 41 29 ige
1037 989 16 22 à
1073 987 147 25 demander

660 1029 55 17 aux
731 1023 113 23 lecteurs
861 1020 128 24 désireux
1004 1020 34 23 de
1054 1017 135 30 répondre
1204 1017 15 24 A

666 1051 70 24 l'une
761 1049 48 25 des
835 1048 147 24 demandes
1008 1047 151 30 exprimées
1185 1046 33 23 rie

663 1089 68 17 nous
749 1081 126 30 indiquer
893 1088 50 23 par
959 1080 84 24 lettre,
1061 1079 53 23 soit
1131 1077 89 29 l'objet

666 1112 78 31 qu'ils
764 1119 30 17 se
816 1112 149 27 proposent
986 1109 34 24 de
1042 1110 94 22 mettre
1157 1107 17 24 à
1196 1106 25 24 la

665 1142 162 30 disposition
851 1141 63 24 d'un
936 1139 96 26 soldat,
1054 1138 53 24 soit
1128 1138 24 24 le
1174 1144 37 17 nu-

665 1173 74 24 méro
759 1172 34 24 de
814 1171 138 29 référence
974 1170 46 29 qui
1040 1174 182 23 accompagna

665 1203 103 29 chaque
804 1201 139 24 demande.
978 1200 73 24 .Vous
1087 1203 134 25 pourrons

663 1233 71 23 ainsi
749 1232 59 25 leur
822 1230 204 29 communiquer
1041 1227 170 32 personnelle-

664 1265 72 22 ment
753 1261 126 26 l'adresse
896 1262 15 23 à
928 1259 113 31 laquelle
1058 1258 33 25 ils
1108 1257 113 24 devront

664 1293 70 31 faire
754 1292 128 31 parvenir
902 1291 58 24 leur
980 1288 89 26 envoi.

809 1335 48 33 ON
879 1332 201 35 DEMANDE...

664 1397 49 22 101.
731 1403 13 15 «
765 1397 92 24 Soldat,
876 1397 79 20 classe
973 1395 28 21 18
1027 1393 96 22 faisant
1141 1392 80 27 partie

725 1424 31 21 de
787 1424 25 19 la
843 1423 78 25 police
954 1420 138 26 supplétive
1124 1422 97 17 comme

726 1450 111 21 courrier
878 1448 178 26 motocycliste,
1100 1445 121 22 demande

727 1478 69 20 veste
821 1477 25 20 et
870 1475 92 22 culotte
987 1480 30 16 on
1040 1475 54 21 cuir
1117 1478 31 16 en
1173 1473 48 19 bon

727 1503 60 21 état.

666 1538 45 20 102.
726 1537 54 21 Une
797 1536 129 24 vingtaine
942 1534 136 23 d'homme»
1094 1536 119 22 apparem-

726 1564 71 20 ment
810 1563 52 21 très
877 1563 57 20 bien
948 1561 69 26 'ogés
1034 1561 25 20 et
1074 1559 106 24 nourris,
1195 1563 27 17 ae

730 1590 56 20 font
808 1590 44 20 des
874 1590 111 20 chevaux
1005 1587 53 26 gisis
1080 1591 75 21 parce
1176 1588 47 23 que

727 1616 23 22 le
769 1616 81 20 matin
870 1615 31 21 ils
921 1614 162 21 n'entendent
1104 1618 46 20 pas
1169 1612 44 20 tou-

725 1644 70 25 jours
821 1644 22 19 le
868 1642 95 20 clairon
996 1642 32 19 lu
1060 1639 83 24 réveil,
1169 1639 54 21 leur

729 1670 70 25 poste
824 1674 26 16 se
876 1669 119 20 trouvant
1020 1669 71 19 assez
1115 1665 50 22 loin
1190 1666 33 20 du

728 1697 102 21 bureau.
852 1695 46 21 Ces
919 1696 89 19 braves
1029 1692 193 23 consciencieux,

727 1723 149 21 voudraient
892 1721 64 22 donc
973 1725 35 17 un
1025 1718 197 23 réveille-matin.

666 1757 48 21 103.
730 1757 39 21 Un
786 1756 113 21 artilleur
914 1762 30 15 en
959 1755 120 24 Campme
1095 1752 77 21 serait
1188 1755 26 17 re-

729 1783 161 21 connaissant
904 1782 16 21 à
936 1788 12 14 «
962 1786 34 16 un
1012 1780 44 21 -tes
1071 1779 87 22 flâèles
1175 1778 37 20 lec-

728 1811 70 19 teurs
819 1809 31 20 de
872 1807 26 23 la
919 1808 94 20 Nation
1036 1807 77 24 Belge
1135 1804 31 22 de
1189 1805 33 20 lui

729 1840 118 21 precurer
870 1841 50 16 une
941 1835 70 23 paire
1035 1833 31 20 de
1088 1832 81 22 bottes
1191 1836 31 16 en

728 1863 161 22 caoutchouc,
908 1868 23 19 p.
950 1861 34 23 43,

667 1897 48 21 104.
729 1895 106 23 ...tandis
866 1894 76 26 qu'un
975 1893 81 21 soldat
1081 1893 15 20 d
1097 1902 14 15 e
1136 1892 27 21 T.
1188 1892 35 23 A„

728 1923 72 21 outre
818 1927 49 16 une
884 1922 69 25 paire
970 1920 30 21 de
1017 1920 82 21 bottes
1108 1925 30 20 .p.
1153 1918 69 24 42-43,

728 1949 115 21 voudrait
863 1953 35 16 un
920 1947 163 21 dictionnaire
1102 1945 122 25 français-

730 1976 120 21 flamand.

668 2010 46 21 105.
732 2010 40 21 Un
795 2007 127 23 maréchal
949 2007 30 21 de
1004 2006 65 27 logis
1102 2004 121 22 demande

730 2041 64 20 pour
815 2039 45 17 son
882 2034 100 26 peloton
1005 2038 48 16 une
1077 2030 151 25 mandoline;

730 2069 34 15 un
779 2061 137 22 accssrdéon
931 2066 32 16 ou
977 2060 54 21 tout
1046 2059 72 22 autre
1134 2057 81 22 instru-

729 2090 70 20 ment
818 2088 126 21 similaire.

668 2123 47 21 106.
729 2122 104 21 D'autre
855 2121 64 27 part,
940 2126 34 16 un
995 2119 82 22 soldat
1096 2118 33 21 du
1150 2116 26 23 C.
1197 2117 27 27 T,

728 2149 78 21 serait
830 2148 111 21 heureux
973 2147 31 20 ûe
1034 2144 118 27 posaîider
1176 2147 47 17 une

729 2176 70 26 paire
817 2173 30 23 de
866 2174 82 21 bottes
968 2177 32 17 ou
1017 2173 30 20 de
1066 2172 108 21 bottines
1193 2168 21 22 lé-

730 2202 78 25 gères,
824 2201 115 26 pointure
956 2200 34 21 42.

669 2236 46 22 107.
730 2236 39 21 Un
781 2235 99 26 lissjnard
896 2235 30 20 de
938 2234 26 21 !a
976 2233 79 21 classe
1069 2232 27 21 89
1110 2229 114 23 voudrait

732 2263 129 23 beaucoup
894 2261 29 20 de
957 2260 97 20 choses:
1080 2263 35 16 un
1143 2257 82 26 phono

732 2294 60 16 avec
808 2288 99 25 disques
921 2292 32 16 ou
968 2292 34 16 un
1015 2286 70 25 po."te
1100 2284 16 21 à
1131 2283 94 26 galène,

731 2316 58 24 puis
807 2315 118 25 quelques
945 2313 75 21 livres
1040 2313 31 20 de
1091 2310 83 26 poésie
1195 2314 30 16 en

728 2342 113 25 français
863 2342 25 20 et
912 2346 30 16 en
966 2338 114 22 flamand
1103 2339 24 19 et
1149 2337 76 26 puis-

732 2374 49 16 une
800 2368 113 25 musique
931 2367 14 21 à
967 2367 102 20 bouche.

668 2402 47 21 108.
729 2402 71 20 Deux
816 2400 94 21 soldats
927 2399 31 21 de
974 2398 134 22 forteresse
1126 2397 89 34 deman-

740 2428 61 21 dent
822 2427 44 21 des
886 2427 82 20 bottes
988 2430 31 16 en
1039 2425 59 20 cuir.
1120 2429 24 20 p.
1164 2422 34 21 43.

669 2463 47 20 109.
731 2463 39 20 Un
798 2460 112 21 mobilisé
938 2459 91 21 wallon
1065 2457 95 22 faisant
1189 2456 38 22 lea

732 2488 125 21 fonctions
870 2488 30 21 de
915 2486 107 21 fourrior
1037 2486 63 20 dans
1116 2489 34 15 un
1163 2481 54 26 régi-

731 2516 70 20 ment
823 2514 32 21 où
877 2515 36 20 les
934 2512 56 22 9/10
1012 2510 58 22 sont
1092 2508 133 24 flamands,

732 2541 116 21 voudrait
864 2545 49 16 une
929 2538 151 26 gratninBire
1097 2535 128 24 flamande

732 2572 63 21 pour
815 2568 35 20 lui
870 2568 26 20 et
915 2566 119 26 quelques
1054 2562 101 23 soldats.

669 2603 48 21 110.
731 2603 54 20 Une
805 2601 119 22 douzaine
945 2601 30 21 de
994 2600 101 21 'oueurs
1116 2595 110 24 d'échecs

730 2628 134 21 sollicitent
879 2627 29 23 de
925 2632 46 16 nos
988 2627 106 20 lecteurs
1120 2629 31 16 un
1184 2623 41 26 jeu

732 2654 119 22 d'échecs.
876 2654 36 21 Ils
936 2653 124 25 njos.tent:
1088 2658 15 14 *
1125 2651 100 21 Comme

732 2677 70 26 nous*
833 2686 78 16 avons
937 2679 140 26 également
1105 2677 122 27 plusieurs

732 2708 94 21 soldats
840 2707 157 22 nécessiteux
1009 2717 28 4 —
1051 2705 26 20 et
1089 2704 63 21 trois
1166 2703 60 20 dont

731 2737 37 20 les
786 2735 108 21 familles
912 2733 114 23 habitent
1043 2732 22 21 la
1087 2732 96 20 France
1201 2740 26 5 —

728 2767 63 16 nous
801 2761 95 22 serions
907 2762 111 19 heureux
1029 2755 123 24 d'obtenir
1164 2761 62 21 pour

730 2794 48 15 eux
791 2788 117 26 quelques
922 2786 138 22 vêtements
1073 2784 26 21 et
1112 2785 43 19 ries
1169 2782 48 21 dou-

732 2820 81 16 ceurs.
830 2821 14 15 »

672 2849 47 22 111.
749 2849 55 21 Une
823 2846 146 28 compagnie
986 2845 33 22 du
1037 2843 72 26 génie
1126 2842 101 23 voilant

733 2876 98 20 monter
848 2880 47 16 une
913 2870 166 25 bibUothèoûe
1096 2870 77 22 serait
1189 2868 29 22 dé-

735 2902 95 23 sireuse
854 2901 29 21 de
905 2899 111 21 recevoir
1039 2898 44 20 des
1107 2897 75 20 livres
1203 2895 25 21 et

734 2932 95 17 revues.

672 2963 47 20 112.
733 2962 40 21 Un
789 2960 128 22 maréchal
933 2960 30 20 de
977 2959 64 24 logis
1056 2958 52 20 met
1125 2956 56 21 tout
1197 2959 32 17 en

734 2993 85 16 œuvre
836 2992 63 20 pour
918 2986 116 21 distraire
1051 2989 41 16 £es
1110 2984 119 20 hommes.

736 3015 34 21 3a
781 3013 156 26 dramatique
950 3012 102 24 n'ayant
1063 3015 46 20 pas
1119 3007 110 24 marché,

734 3040 18 21 il
769 3036 167 26 souhaiterait
950 3038 75 26 qu'on
1040 3038 37 24 loi
1093 3035 85 22 envoie
1195 3038 34 17 un

734 3066 64 26 petit
819 3065 104 22 cinéma.

673 3100 48 22 113.
736 3107 12 14 •e
768 3100 123 26 Quelques
932 3097 147 26 camarades
1118 3096 111 22 wallons,

738 3127 91 25 perdus
843 3127 62 20 dans
918 3126 37 20 les
968 3123 100 27 ré^iofas
1083 3122 146 22 flaamandes,

736 3153 149 21 s'adressent
905 3152 16 21 à
937 3151 26 21 la
980 3149 139 27 générosité
1138 3148 16 21 d
1155 3159 14 14 e
1186 3153 44 16 vos

735 3180 108 21 lecteurs
856 3184 62 20 pour
932 3179 97 19 obtenir
1043 3179 44 19 des
1100 3176 75 21 livres
1188 3176 45 24 qui

734 3207 55 20 leur
800 3205 191 26 permettraient
1002 3204 30 19 d»
1045 3207 88 22 passer
1143 3201 76 26 agréa-

736 3233 110 21 blement
869 3229 37 25 lés
929 3231 104 26 longues
1055 3228 93 22 soirées
1170 3228 51 21 d'hi-

735 3264 52 17 ver.
802 3265 14 15 »

674 3293 48 21 114.
736 3294 41 20 Un
796 3292 138 22 lieutenant
953 3296 65 18 nous
1038 3289 49 23 fait
1105 3288 27 22 la
1150 3287 81 23 même

737 3319 122 21 demande
882 3325 12 15 «
903 3323 63 21 pour
989 3315 115 23 distraire
1125 3320 40 17 ses
1186 3314 36 22 sol-

737 3347 57 20 dats
808 3352 19 14 ».

674 3372 47 22 115.
735 3372 40 21 Un
798 3371 99 26 rappelé
918 3371 100 25 lignard
1037 3370 42 25 qui
1100 3368 63 21 n'est
1185 3373 46 20 pas

737 3398 52 22 très
809 3398 69 21 riche
900 3398 121 24 demande
1044 3395 46 25 *i«
1111 3394 70 25 paire
1202 3394 29 20 de

737 3424 83 22 bottes
838 3431 25 15 n.
879 3424 28 21 41
925 3423 48 25 1/2,
1010 3425 49 19 tire
1093 3421 71 26 paire
1202 3419 29 22 de

740 3451 122 21 «chaudes
885 3448 156 24 chaursettes
1065 3449 26 20 et
1114 3447 118 27 quelques

737 3479 80 22 lames
836 3478 30 21 de
885 3477 81 21 raaoir
988 3474 133 24 (Gillette).

677 3505 47 21 116.
739 3505 123 24 Quelques
882 3504 26 20 T.
927 3504 40 19 Tr.
987 3501 73 22 isolés
1078 3501 33 21 du
1131 3500 92 21 canton-

736 3533 102 19 nement
857 3530 134 23 sollicitent
1010 3535 14 15 et
1043 3534 34 16 un
1097 3528 73 21 vieux
1192 3527 39 22 (?)

739 3556 128 22 radiateur
891 3555 134 26 électssique
1048 3562 20 14 ».

676 3584 48 22 117.
738 3585 39 20 Un
797 3583 125 26 brigadier
941 3583 32 20 de
990 3582 134 23 forteresse
1144 3580 79 22 désire-

740 3611 50 20 rait
823 3617 13 13 eas
860 3606 47 25 uhe
932 3611 150 22 grammaire
1107 3606 126 22 flamande

739 3636 64 22 ainsi
834 3642 47 20 que
912 3635 44 21 des
985 3635 75 21 livres
1091 3634 142 22 instructifs

740 3663 112 22 français
874 3669 19 15 ».

678 3690 48 21 118.
741 3698 14 12 ap
778 3689 149 21 Mitrailleur
958 3687 106 22 cherche
1098 3687 81 20 rasoir
1201 3684 33 22 <ie

740 3714 90 25 sûreté,
849 3715 24 21 le
890 3716 54 22 sien
964 3715 78 24 ayant
1061 3713 40 22 été
1120 3713 75 24 égaré
1214 3718 20 17 »,

678 3742 47 22 119.
740 3743 86 21 Soldat
842 3742 90 21 wallon
949 3740 100 26 rappelé
1064 3746 31 15 en
1110 3744 63 21 pay3
1189 3738 37 21 fla-

739 3768 84 24 mand,
844 3767 120 23 demande
985 3761 163 28 dictionnaire
1166 3766 59 20 fran-

740 3793 182 28 çais-flamand.
941 3800 14 15 »

679 3822 47 21 120.
742 3815 12 27 i
773 3821 86 21 Soldat
876 3821 30 21 de
926 3820 26 21 T.
973 3820 27 21 T.
1019 3818 132 22 désirerait
1170 3822 56 17 rece-

742 3848 54 20 voir
812 3847 147 22 harmonica
976 3844 142 23 Chromatie
1125 3845 36 20 'af
1163 3845 25 21 in
1205 3844 30 21 de

742 3874 107 25 dissiper
867 3874 23 20 le
911 3873 89 22 cafard
1021 3872 31 22 de
1073 3876 40 17 ses
1132 3874 103 19 cooams

740 3901 26 20 et
782 3901 23 20 le
823 3900 52 21 slert
895 3904 90 22 proore
1002 3898 111 25 pendant
1130 3898 37 21 'es
1184 3898 41 21 lon-

742 3932 62 20 gues
823 3926 92 21 soirées
933 3924 100 22 d'hiver.
1051 3931 14 11 *

678 3953 48 21 121.
743 3953 131 21 Artilleurs
889 3952 150 22 demandent
1047 3950 93 22 vieilles
1148 3954 89 18 revues

743 3980 26 20 et
792 3979 155 26 périodiques
979 3983 96 17 comm^
1098 3984 13 15 «
1134 3976 93 22 Mousti-

742 4009 48 22 que
806 4012 19 17 »,
841 4006 47 22 etc.

680 4031 48 22 122.
743 4039 13 14 «
772 4032 56 21 ...les
845 4032 149 24 obligations
1011 4032 33 21 du
1061 4030 95 23 service
1172 4034 72 16 »ious-

744 4059 7 19 t
765 4059 93 20 tnnent
876 4057 58 22 écar
946 4057 26 22 es
991 4057 29 22 de
1038 4057 55 22 to-Jt
1112 4057 49 20 Heu
1178 4056 47 22 civi-

740 4084 54 21 lisé.
816 4085 71 21 Nous
912 4082 58 24 (dès
991 4083 151 22 fantassins)
1168 4087 59 16 man-

743 4112 89 24 quons,
849 4110 30 21 de
905 4109 141 26 cigarettes,
1072 4109 83 25 tabac,
1182 4109 46 20 cho-

744 4136 72 27 colat,
834 4136 119 25 lainages,
969 4136 53 22 etc)
1040 4140 21 18 ».

682 4163 47 22 123.
744 4164 34 24 Et
799 4163 65 22 voici
885 4159 55 27 une*
953 4162 160 22 soUiclldiion
1135 4167 34 16 un
1189 4166 49 20 peu

745 4189 107 25 spéciale
874 4189 57 21 d'un
952 4188 80 21 soldat
1053 4189 30 20 de
1103 4188 135 21 forteresse

744 4216 138 21 formulant
900 4215 24 22 le
944 4219 57 18 vœu
1022 4216 27 20 Ae
1066 4214 110 21 recevoir
1194 4214 44 20 des

743 4243 75 21 livres
857 4247 34 17 ou
928 4242 44 20 des
1008 4246 89 17 revues
1134 4240 93 22 d'archi-

744 4270 104 22 tecture,
869 4268 206 27 principalement
1095 4272 64 20 peux
1179 4267 50 21 trai-

743 4296 57 20 tant
821 4295 32 21 de
873 4294 149 21 menuiserie
1043 4296 25 19 e*
1089 4293 45 21 eies
1155 4293 83 26 styles.

683 4321 47 21 124.
747 4328 12 13 c
782 4320 107 26 Caporal
918 4321 33 20 du
980 4320 78 27 génie,
1084 4320 67 24 isclé,
1176 4321 62 20 dem.

744 4348 82 20 bottes
847 4353 24 20 p.
893 4348 34 22 43,
949 4348 28 20 T.
1000 4347 24 21 S.
1045 4347 35 23 F.,
1102 4347 56 24 lect,
1180 4346 58 24 dict,

744 4373 255 26 français-flamands.
1015 4381 12 13 »

683 4407 47 21 125.
744 4407 39 21 Un
799 4407 138 21 lieutenant
951 4407 49 20 fait
1015 4407 73 24 appel
1102 4405 16 22 à
1128 4406 27 21 la
1167 4404 62 27 géné-

747 4434 76 21 rosité
847 4434 32 21 de
901 4439 46 15 nos
968 4433 107 21 lecteurs
1100 4438 63 20 pour
1185 4437 45 22 pro-

747 4464 73 17 curer
837 4460 18 24 k,
872 4464 41 16 ses
930 4460 120 23 hommes,
1070 4459 44 21 des
1131 4459 58 25 jeux
1209 4459 30 20 de

746 4487 57 21 tous
824 4490 96 23 genres.

685 4512 46 21 12G.
746 4519 13 13 et
784 4513 34 21 Le
843 4510 100 27 caporal
968 4512 65 21 Jean
1052 4511 41 23 U.,
1119 4510 120 22 demande

746 4543 63 20 pour
825 4538 23 21 le
848 4547 14 14 s
882 4540 112 21 hommes
1013 4539 44 20 des
1075 4538 81 25 livres,
1175 4538 65 25 jeux,

747 4564 44 21 des
807 4565 81 25 pièces
905 4567 62 23 pour
981 4564 120 24 hommes,
1119 4569 35 16 un
1169 4564 70 25 poste

746 4591 77 21 serait
837 4591 58 21 bien
910 4595 66 20 reçu.

685 4616 48 22 127.
747 4618 38 20 Un
802 4617 125 24 brigadier
943 4617 121 20 demande
1080 4616 65 21 deux
1158 4616 83 25 paires

748 4643 30 21 de
800 4643 110 22 bottines
932 4643 30 21 de
983 4642 104 26 football
1110 4647 64 20 pour
1195 4647 45 16 son

747 4669 87 26 équipe
854 4670 87 25 (point.
956 4670 28 20 40
1000 4674 26 20 et
1041 4670 38 21 43)
1097 4675 16 14 «
1127 4674 60 16 aveo
1203 4668 37 21 les

748 4696 216 23 remerciements
977 4701 62 20 pour
1050 4692 144 25 l'amabilité
1208 4696 33 21 du

747 4721 122 22 donateur
888 4728 21 17 »,

686 4747 47 21 128.
748 4748 70 20 Deux
836 4748 95 21 soldats
950 4750 39 20 du.
1002 4747 70 27 génie
1093 4747 149 22 voudraient

748 4772 43 22 des
812 4773 75 23 livres
908 4774 62 27 pouf
991 4772 139 29 apprendre
1151 4773 23 23 le
1196 4771 36 23 fla-

749 4800 83 22 mand.

688 4825 46 22 129.
749 4833 13 13 t
776 4826 69 21 Voici
859 4824 94 25 l'hiver.
965 4827 70 20 Pour
1047 4830 64 17 nous
1126 4825 116 22 distraire

749 4852 25 21 et
802 4857 63 16 nous
890 4852 146 22 réchauffer
1065 4857 47 21 que
1138 4852 103 25 peut-on

749 4879 101 20 trouver
865 4879 29 21 de
911 4881 82 18 mieux
1009 4879 89 25 qu'une
1113 4878 81 26 partie
1212 4878 29 20 de

746 4904 121 22 football?
884 4904 88 22 Hélas!
992 4909 64 17 nous
1074 4905 103 22 n'avons
1196 4909 47 20 pas

748 4930 31 22 de
792 4930 93 22 ballon!
901 4931 67 21 Tous
982 4936 54 16 mes
1050 4930 147 22 camarades
1206 4930 36 20 -de

750 4957 25 21 la
797 4957 145 25 compagnie
963 4958 109 19 seraient
1093 4961 50 17 aux
1164 4960 78 23 anges

753 4982 23 21 si
802 4987 35 17 nn
864 4989 29 18 ae
919 4989 44 15 vos
990 4982 121 22 aimables
1136 4981 108 23 lecteurs

751 5008 134 25 pouvaient
903 5014 62 16 nous
984 5015 31 15 en
1035 5013 118 22 precurer
1170 5014 41 16 un.
1229 5014 13 15 »

689 5034 47 21 1330.
752 5041 12 14 c
785 5034 40 21 Un
848 5035 99 25 c&poral
971 5035 121 22 demande
1115 5040 33 16 un
1172 5035 72 22 radio

753 5060 68 22 (tous
847 5061 131 23 courants)
1008 5066 32 16 ou
1066 5061 85 26 phono
1171 5066 61 17 com-

751 5087 58 25 plet.
826 5093 13 14 »

690 5113 46 21 131.
766 5120 13 13 «s
793 5113 71 20 Deux
879 5112 94 24 soldats
986 5115 29 21 B.
1030 5114 34 22 M.
1078 5114 26 22 et
1119 5114 28 21 O.
1162 5114 24 21 E
1203 5114 29 21 de-

750 5140 121 20 mandent
900 5140 63 21 deux
990 5140 84 25 paires
1104 5142 30 20 de
1161 5140 83 23 hottes

755 5166 34 25 (p.
806 5166 27 20 44
850 5168 26 18 et
891 5165 38 23 45)
946 5171 30 17 en
993 5166 153 22 caoutchouc
1164 5171 32 17 ou
1213 5170 31 17 en

751 5191 60 24 cuir,
830 5190 106 26 usagées
951 5191 82 22 même
1058 5191 65 22 mais
1141 5197 31 18 ne
1191 5196 45 22 pre-

752 5218 63 21 nant
828 5223 44 20 pas
885 5217 62 23 l'eau
961 5225 20 14 ».

689 5243 47 22 132.
753 5244 51 21 Des
823 5237 135 28 musiciens
974 5243 138 23 cantonnés
1129 5245 62 21 dans
1209 5248 34 17 un

749 5270 63 25 petit
833 5269 97 26 village,
952 5270 154 22 recevraient
1127 5274 60 18 avec
1208 5275 27 17 re-

752 5296 179 22 connaissance
949 5293 118 29 quelques
1084 5296 82 21 livres.

689 5322 47 23 133.
769 5329 13 9 '■
801 5322 83 25 Ayant
901 5320 81 23 formé
998 5326 34 18 un
1051 5323 113 20 crehotro
1181 5321 63 24 dans

753 5347 72 23 notre
852 5348 200 24 cantonnement,
1079 5347 17 22 il
1121 5353 32 17 ne
1180 5352 63 17 nous

753 5379 107 21 manque
879 5374 55 26 plus
953 5374 89 26 qu'une
1060 5375 134 24 trompette
1213 5379 32 16 ou

752 5406 35 17 un
808 5401 89 26 piston.
918 5399 39 22 No
979 5400 183 25 pcurri.'z-vous
1183 5405 62 16 nous

751 5428 102 21 trouver
871 5426 79 24 cela?.

691 5453 46 21 134.
752 5451 71 25 Deux
845 5452 114 22 hommes
982 5452 32 21 du
1040 5451 71 26 génie
1136 5452 108 22 seraient

751 5480 109 20 heureux
896 5478 31 23 de
964 5477 116 31 possède."
1106 5478 82 21 bottes
1212 5483 32 16 en

753 5505 153 22 caoutchouc
927 5504 128 27 pointures
1077 5505 26 19 40
1125 5505 25 20 et
1170 5505 33 20 43.

689 5531 48 21 135.
755 5538 13 13 ee
781 5531 51 21 Des
845 5530 95 23 soldats
953 5529 92 27 perdus
1058 5528 64 22 dans
1135 5535 34 16 un
1183 5528 62 27 petit

753 5557 89 26 village
862 5557 112 22 seraient
994 5556 110 21 heureux
1129 5556 30 21 de
1180 5560 56 18 rece-

753 5583 55 22 voir
829 5583 43 22 des
895 5583 76 32 petits
1001 5582 58 24 jeux
1087 5579 31 24 de
1142 5582 103 21 sociétés

750 5614 64 27 pour
830 5615 28 16 se
876 5607 117 23 distraire
1011 5608 63 21 dans
1091 5608 54 22 leur
1162 5609 74 21 cham-

751 5634 60 26 brée
830 5641 21 15 ».

690 5661 48 21 186.
753 5669 15 12 .
785 5660 105 24 Soldats,
912 5660 63 22 dans
995 5665 35 15 un
1052 5659 97 23 endroit
1170 5659 65 22 aban-

753 5687 81 22 donné
852 5688 151 21 demandent
1013 5687 41 24 jeu
1066 5687 30 20 de
1107 5685 92 25 dames,
1212 5691 34 15 nu

753 5714 64 24 petit
838 5711 110 25 réchaud
968 5713 18 21 à
1006 5711 78 22 alcool
1106 5716 32 17 ou
1161 5711 16 22 à
1196 5712 39 21 bri-

753 5739 98 26 quettes
864 5739 69 22 Meta
947 5740 26 21 et
986 5738 30 22 de
1030 5738 57 21 auol
1103 5737 64 24 faire
1179 5738 31 21 do
1222 5739 25 20 la

754 5765 110 23 lumière,
885 5771 14 16 »

692 5791 47 22 187.
755 5791 39 21 On
814 5791 77 21 ferait
912 5791 22 21 le
953 5791 115 22 bonheur
1088 5789 44 22 des
1152 5790 94 22 soldats

752 5816 74 21 d'une
859 5817 137 24 infirmerie
1033 5815 149 22 vétérinaire
1213 5820 32 18 en

756 5842 58 21 leur
837 5844 127 24 envoyant
988 5841 143 26 cigarettes,
1159 5843 77 21 choco-

753 5867 45 26 lat,
819 5868 125 26 écharpes,
966 5868 51 26 pull
1030 5873 65 19 over,
1118 5869 65 25 jeux.

1279 290 64 79 La
1384 289 483 81 Commémoration
1907 289 70 77 de
2015 285 319 82 l'Armistice

1614 400 392 79 austro-italien

1270 545 34 21 Le
1329 544 14 21 3
1368 544 133 22 novembre
1534 545 61 20 1918.
1628 545 37 20 les
1697 544 103 21 Italiens

1243 572 99 20 entrent
1355 570 16 22 à
1386 571 98 24 Trente,
1500 571 76 20 Udine
1591 575 23 20 et
1629 571 103 20 Trieste.

1270 598 46 22 Le^
1335 597 97 20 arcées
1448 597 241 24 austr.vaonçiolses
1707 596 93 21 étalent

1242 623 177 22 littéralement
1434 623 147 21 annihilées:
1601 624 89 21 300X00
1707 622 92 26 prlfton-

1242 650 67 20 niers
1326 649 62 20 5.000
1408 654 93 16 canens
1521 649 94 21 étaient
1633 649 96 21 tombés
1748 652 49 18 aux

1244 676 80 21 mains
1348 677 43 19 des
1414 676 156 25 vainqueurs.
1593 676 147 22 L'Autriche
1762 676 30 20 de-

1243 703 55 24 puis
1312 704 21 19 si
1347 695 142 33 longtemps
1504 702 109 26 fatiguée
1627 704 30 19 de
1673 703 25 20 la
1712 706 88 20 guerre

1244 729 25 20 et
1287 728 114 25 aspirant
1418 728 16 21 à
1450 729 24 20 lu
1492 729 63 24 paix,
1573 734 17 15 n
1598 729 69 20 avait
1683 728 54 21 ul;s
1754 733 46 20 que

1242 755 22 22 la
1287 760 128 16 ressource
1435 756 30 20 de
1486 756 128 24 capituler.

1270 782 35 20 Le
1330 781 141 21 lendemain
1494 784 20 22 4,
1538 782 38 19 les
1600 781 73 21 hostil
1685 780 38 21 tés
1748 785 53 21 pre-

1825 543 160 24 Depraetere,
2012 543 38 20 les
2077 543 126 25 généraux
2230 543 97 21 Pontus
2352 544 26 20 et

1824 570 107 22 Deisser,
1947 570 23 20 le
1986 569 95 21 colonel
2099 570 111 22 Louvau.
2227 569 64 21 Jean
2307 570 72 19 Goos-

1824 601 64 15 sens.

1851 623 54 19 N09
1930 622 177 24 compatriotes
2133 623 115 24 reçurent
2275 627 33 15 au
2334 621 46 21 bas

1824 649 30 21 de
1875 648 120 21 l'escalier
2014 648 81 20 d'hun*
2106 654 44 15 eur
2169 651 22 19 le
2212 655 12 14 a
2243 648 138 20 Directoire

1825 676 30 19 de
1875 676 25 20 la
1919 674 149 21 Fédération
2089 675 43 20 des
2153 675 99 21 a.n.iens
2274 674 99 20 combat-

1830 702 64 20 tants
1915 701 100 20 Italiens
2037 706 30 15 en
2090 702 117 25 Belgique
2231 707 12 14 »
2268 699 113 25 -'Omposé

1827 728 51 21 des:
1899 728 138 24 capitaines
2053 728 29 20 de
2101 727 96 22 réserve
2216 728 25 20 L.
2261 727 79 20 Ruffv
2359 727 23 19 di

1826 754 122 23 Calubiii,
1986 753 126 25 président
2150 752 103 25 'âdetal;
2295 753 81 20 soldat

1825 780 69 21 Bello
1908 781 88 20 Oreste
2017 780 126 25 président
2163 782 24 20 ie
2202 781 22 20 la
2240 780 95 20 section
2352 780 30 20 de

1268 1640 44 25 Au
1323 1647 78 18 cours
1412 1640 32 25 de
1456 1640 25 25 la
1493 1638 155 29 cérémonie,
1658 1638 25 25 le
1694 1636 134 32 président
1847 1638 35 25 du
1896 1646 14 15 «
1921 1636 147 25 Directoire
2077 1645 22 21 »,
2113 1636 75 31 après
2203 1634 73 26 avoir
2290 1633 97 32 déposé

1270 1681 52 18 une
1338 1680 143 21 couronne,
1498 1672 48 25 fait
1562 1673 23 24 le
1601 1672 69 25 salut
1686 1671 107 25 fasciste
1810 1671 101 25 devant
1928 1672 25 23 la
1971 1671 66 25 dalle
2056 1670 97 25 sacrée.
2171 1670 47 25 Ses
2236 1668 151 25 camarades

1314 1707 104 26 imitent
1435 1713 50 18 son
1502 1709 72 27 geste
1582 1713 7 21 ;
1609 1706 38 24 les
1664 1704 124 31 délégués
1805 1704 18 25 b
1832 1705 78 30 elges,
1928 1704 118 30 chapeau
2063 1704 55 28 bas,
2136 1711 28 17 se
2182 1701 160 27 recueillent.

1827 1747 128 21 Bruxelles
1960 1753 5 18 ;
1989 1746 241 21 lieutenant-colonel
2252 1746 131 20 Cambiaso

1830 1774 113 21 Ernesto.
1962 1773 128 26 président
2107 1773 42 21 des
2169 1772 112 22 officiers
2300 1772 30 20 de
2350 1771 27 21 ré-

1829 1805 81 19 serve;
1924 1800 124 24 capitaine
2065 1800 29 20 de
2110 1799 98 21 réserve
2222 1798 86 24 Raffo,
2323 1797 64 21 vice-

1247 1750 86 21 nalent
1349 1750 37 20 fin
1404 1755 44 15 sur
1464 1750 22 20 le
1503 1750 69 20 front
1589 1748 92 24 italien,
1698 1748 94 20 l'armis-

1247 1777 49 21 tice
1314 1776 62 21 était
1393 1774 77 27 signé.

1306 1802 25 21 A
1344 1802 45 22 LA
1403 1801 109 22 PLACE
1527 1801 48 22 DU
1589 1800 154 23 CONGRES

1275 1829 196 22 Annuellement,
1491 1827 25 22 la
1534 1830 57 21 date
1610 1829 136 24 historique
1767 1826 36 21 est

1247 1855 180 21 commémorée
1446 1860 46 20 par
1510 1855 35 20 les
1564 1855 176 25 groupements
1760 1854 34 20 ita-

1248 1882 62 21 liens
1326 1881 111 21 résidant
1454 1882 16 21 à
1487 1881 139 25 l'étranger.

1275 1907 224 24 Antérieurement,
1515 1907 16 22 à
1547 1906 134 25 Bruxelles,
1697 1906 25 21 la
1739 1904 54 23 céré-

1248 1935 82 21 monie
1355 1934 63 21 était
1441 1933 129 26 organisée
1594 1938 59 16 .sous
1686 1933 22 20 le
1743 1930 59 23 haut

1248 1962 136 25 patronage
1405 1961 30 20 de
1454 1959 164 22 l'ambassade
1640 1959 102 21 d'Italie.

1274 1989 50 20 Des
1338 1987 111 21 officiers
1463 1986 98 22 italiens
1573 1992 31 15 en
1617 1985 94 26 grande
1723 1989 80 19 tenue,

1248 2014 72 20 sabre
1344 2018 33 16 au
1401 2013 68 24 clair,
1493 2012 139 22 montaient
1655 2016 48 17 une
1727 2009 76 27 tforde

1248 2040 138 21 d'honneur
1399 2040 91 20 autour
1503 2039 34 21 du
1549 2037 117 24 tombeau
1680 2038 34 21 du
1728 2045 15 14 <*
1755 2037 41 21 Sol-

1249 2067 43 20 dat
1310 2067 112 20 Inconnu
1442 2072 20 15 ».

1275 2092 170 25 Aujourd'hui,
1471 2093 24 20 la
1518 2091 139 22 cérémonie
1680 2090 61 21 s'est
1766 2088 29 22 dé-

1250 2118 81 22 roulée
1352 2123 60 19 sans
1432 2123 81 17 aucun
1534 2119 106 24 apparat
1660 2118 25 20 et
1694 2118 68 20 'sans
1781 2117 24 20 la

1249 2145 117 26 présence
1388 2145 29 21 de
1438 2149 169 21 personnages
1629 2143 114 21 officiels.

1277 2171 106 24 Samedi,
1410 2171 16 21 à
1451 2171 27 20 10
1505 2171 30 23 h-,
1562 2170 88 25 quatre
1678 2169 127 25 drapeaux

1249 2198 83 25 belges
1351 2198 39 22 (F.
1406 2198 30 21 N.
1455 2198 25 23 L,
1497 2197 28 21 U.
1541 2197 27 21 F.
1587 2197 27 20 A.
1632 2197 33 23 C,
1682 2195 74 21 Croix
1775 2195 29 20 de

1248 2223 8 22 1
1264 2225 63 20 Ycer
1343 2225 25 22 yt
1384 2223 74 22 Croix
1473 2225 34 20 du
1522 2223 63 22 Feu)
1604 2222 161 22 encadraient
1780 2221 26 20 la

1249 2250 71 21 Dalle
1341 2249 96 22 Sacrée.

1277 2278 40 20 Du
1335 2276 54 22 côté
1404 2276 70 25 belge
1490 2280 63 19 noua
1570 2280 78 16 avers
1664 2273 140 27 remarqué:

1249 2303 60 22 MM.
1330 2302 165 25 Reckelbush.
1516 2303 30 20 de
1568 2303 25 20 la
1613 2301 193 22 Confédération

1249 2330 134 21 Nationale
1406 2329 44 22 des
1475 2329 102 21 anciens
1601 2328 168 21 combattants
1798 2333 6 19 ;

1829 1827 127 25 président
1981 1826 44 21 des
2052 1826 150 20 volontaires
2228 1825 29 20 de
2284 1829 99 20 guerre,

1831 1853 124 25 capitaine
1973 1853 29 20 de
2020 1851 98 22 réserve
2135 1851 107 26 Vlgliani
2259 1850 126 27 Agostlno,

1829 1879 133 21 secrétaire
1982 1878 107 27 général.

1857 1906 34 23 Le
1905 1906 125 24 capitaine
2044 1905 80 21 Ruffo
2139 1906 23 20 di
2178 1904 116 22 Calabria
2308 1909 25 16 se
2349 1903 28 21 dé-

1830 1932 104 21 tachant
1955 1933 33 20 du
2009 1937 93 20 groupe
2123 1932 30 20 de
2175 1936 39 16 «e**
2233 1931 153 21 camarades,

1830 1958 117 26 s'avança
1968 1959 136 19 lentement
2126 1963 57 16 vers
2205 1957 24 21 la
2251 1957 71 21 Dalle
2345 1957 33 20 Sa-

1831 1984 61 25 crée,
1916 1986 92 20 devant
2032 1984 105 26 laquelle
2162 1985 47 20 une
2233 1983 154 25 magnifique

1831 2017 124 18 couronne
1974 2012 41 20 fut
2034 2010 110 25 déposée.
2206 2011 4 9 '

1858 2037 144 26 Cependant
2025 2042 47 20 que
2094 2037 36 21 les
2151 2033 126 28 drapeaux
2298 2035 88 22 s'ir.cli-

1830 2064 86 21 naiënt
1939 2064 111 25 pendant
2074 2068 47 21 que
2143 2064 36 21 les
2203 2062 134 21 assistants
2360 2066 27 16 se

1830 2091 170 23 recueillaient
2022 2090 91 20 durant
2134 2094 33 16 un
2190 2090 117 20 nroment.

1855 2119 37 19 La
1921 2115 139 23 cérémonie
2093 2115 127 24 terminée,
2244 2120 46 16 nos
2314 2114 72 22 hôtes

1830 2144 99 21 Râlions
1949 2142 132 22 défilèrent
2099 2142 136 21 lentement
2254 2142 92 20 devant
2364 2141 22 20 le

1831 2170 132 20 Tombeau.

1858 2197 51 19 Peu
1926 2197 77 20 avant
2019 2195 67 24 midi,
2105 2196 30 20 ils
2152 2195 116 25 reçurent
2284 2199 32 17 en
2334 2193 54 20 leur

1830 2229 13 14 «
1858 2223 96 20 Maison
1968 2229 12 14 »
1993 2222 31 21 de
2036 2222 26 20 la
2075 2227 43 15 rue
2133 2221 30 21 de
2177 2222 129 23 L'vourne,
2321 2220 67 21 leurs

1830 2249 65 20 amis
1910 2248 90 26 belges.

1859 2276 90 20 Courte
1964 2275 126 24 réception
2102 2275 136 25 empreinte
2252 2274 30 21 de
2295 2274 25 20 la
2333 2273 55 23 dIus

1831 2302 55 21 vive
1903 2301 129 21 cordialité
2052 2302 25 22 et
2094 2306 33 16 au
2145 2306 72 16 cour.-.-
2236 2301 30 20 de
2282 2299 106 26 laquelle

1831 2333 32 15 on
1881 2329 45 23 but
1942 2328 16 21 à
1974 2328 90 24 l'Italie
2082 2328 26 20 et
2124 2327 17 21 à
2157 2329 25 20 la
2196 2327 126 25 Belgique.

1263 2413 47 49 LE
1339 2428 19 35 «
1372 2409 130 52 FOYER
1526 2412 54 49 DU
1604 2410 154 50 SOLDAT
1772 2426 20 35 »

1319 2481 42 48 de
1384 2479 34 49 la
1442 2493 60 35 rue
1527 2480 42 48 de
1589 2477 152 59 l'Hôpital

1282 2576 33 21 M.
1335 2576 55 21 Van
1409 2575 96 21 Schelle
1526 2581 16 16 a
1562 2574 48 25 m!a
1629 2573 178 26 gratuitement

1254 2604 18 22 à
1292 2605 26 20 la
1338 2601 146 27 disposition
1506 2605 30 19 de
1559 2601 104 22 l'Armée
1686 2602 33 20 du
1740 2601 70 20 Salut

1255 2635 47 16 une
1319 2630 97 21 maison
1433 2629 119 22 familiale
1568 2634 63 20 pour
1647 2634 45 15 nos
1708 2627 101 23 soldats,

1254 2658 34 23 54,
1308 2663 50 16 rue.
1371 2656 30 21 de
1422 2655 124 26 l'Hôpital,
1565 2657 17 21 à
1601 2655 134 22 Bruxelles.

1283 2684 159 20 L'ouverture
1463 2684 29 20 de
1521 2688 27 15 ce
1576 2687 113 16 nouveau
1710 2688 12 13 «
1730 2682 80 24 Foyer

1256 2710 33 21 du
1312 2710 85 21 Soldat
1405 2716 12 14 »
1441 2717 15 15 a
1479 2715 30 16 eu
1533 2710 56 23 lieu,
1612 2709 118 21 vendredi
1751 2708 58 24 eolr,

1256 2743 31 17 en
1306 2737 118 27 présence
1443 2738 33 21 du
1494 2736 113 21 ministre
1613 2736 43 21 »de
1676 2735 65 21 Man.

1284 2765 84 20 Parmi
1400 2765 35 20 les
1466 2762 180 28 personnalités
1677 2762 134 26 présentes,

1257 2797 32 15 on
1309 2791 181 21 reconnaissait
1510 2793 24 19 la
1554 2789 117 22 colonelle
1692 2789 72 26 Mary
1782 2788 29 21 B.

1257 2819 88 23 Booth,
1365 2818 59 21 chef
1444 2818 30 20 de
1495 2816 105 21 l'Armée
1628 2817 33 21 du
1689 2817 71 20 Salut
1780 2820 31 16 en

1257 2846 128 25 Belgique;
1405 2845 79 22 Mnaes
1501 2844 55 20 Van
1572 2844 81 23 Molle,
1671 2843 81 23 Mulle,
1767 2843 35 20 Le-

1257 2872 89 24 moine,
1370 2871 111 26 Eytnael,
1503 2869 108 25 Crémer,
1633 2870 91 23 Jooris,
1745 2870 66 20 Hus-

1257 2899 67 25 quin,
1356 2898 171 23 Vercammen,
1561 2897 170 23 Meissonnier,
1757 2897 55 21 Van

1257 2925 149 24 Remoortel,
1418 2925 55 20 Van
1487 2925 136 24 Coubergh,
1633 2923 137 25 Halewyck
1783 2924 28 20 de

1257 2953 93 21 Heusel
1368 2953 26 20 et
1412 2952 114 23 Collinet;
1547 2951 60 21 MM.
1624 2951 81 23 Blum,
1724 2951 79 24 bourg-

1259 2978 92 23 mestre
1375 2980 29 19 de
1429 2978 167 24 Schaerbeek;
1621 2978 111 23 Messire,
1755 2977 58 20 chef

1259 3007 30 20 de
1307 3006 103 21 Cabinet
1429 3010 33 17 au
1479 3004 129 22 ministère
1627 3005 30 21 de
1675 3005 128 20 l'Informa-

1260 3033 62 25 tion;
1342 3034 24 20 le
1384 3033 103 20 docteur
1505 3032 70 21 René
1594 3031 75 24 Sand,
1687 3030 117 26 représen-

1259 3060 56 22 tant
1332 3060 25 19 le
1372 3058 113 22 ministre
1504 3058 29 21 de
1551 3061 25 19 la
1592 3056 76 22 Santé
1686 3057 127 27 publique;

1259 3087 23 20 le
1304 3086 95 21 co'.onel
1421 3086 105 24 Gilbert;
1549 3085 24 21 le
1595 3086 102 24 "pasteur
1719 3085 95 20 Bloem-

1258 3114 89 20 rnaert.
1363 3111 130 23 aumônier
1508 3116 31 17 en
1555 3112 57 21 chef
1627 3113 34 21 du
1676 3111 65 22 culte
1757 3116 45 20 pro-

1259 3140 102 20 testant.

1287 3174 34 20 Le
1342 3173 81 25 major
1443 3172 83 21 Cohen
1547 3173 71 20 salua
1636 3178 41 15 ses
1697 3172 71 21 hôtes
1789 3172 26 21 et

1261 3199 72 26 après
1359 3206 48 15 une
1433 3200 134 22 allocution
1592 3201 30 21 de
1648 3201 24 20 la
1697 3199 117 21 colonelle

1260 3227 81 21 Eooth
1364 3227 42 27 qui
1429 3226 31 21 fit
1482 3226 124 22 acclamer
1628 3228 22 19 le
1673 3226 48 20 Roi
1744 3229 24 20 et
1790 3226 24 20 la

1260 3254 103 21 Famille
1378 3253 100 25 Royale,
1494 3254 58 20 MM.
1567 3255 29 20 de
1611 3254 59 21 Man
1684 3255 25 19 et
1723 3253 22 21 le
1760 3257 44 20 pas-

1260 3282 57 19 teur
1339 3281 153 20 Blommaert
1514 3280 95 26 prirent
1628 3281 27 21 la
1676 3279 90 27 parole.

1288 3308 47 21 Les
1358 3307 133 21 assistants
1514 3309 44 20 ont
1580 3307 96 21 ensuite
1697 3305 74 22 visité
1792 3306 26 20 le'

1260 3334 74 21 home
1358 3334 42 26 qui
1424 3334 133 24 comporte,
1582 3331 185 28 agréablement
1791 3333 24 21 et

1261 3361 126 25 gaiement
1404 3359 87 22 ornées
1510 3361 29 20 de
1556 3360 98 26 plantes
1672 3360 25 21 et
1714 3361 30 20 de
1762 3359 45 21 dra-

1261 3392 87 21 peaux,
1365 3388 42 20 des
1423 3387 75 23 salles
1515 3387 29 21 de
1561 3382 99 29 lecture,
1676 3387 30 20 de
1723 3392 83 15 corres-

1260 3415 136 25 pondance,
1412 3415 30 20 de
1457 3414 58 25 jeux
1531 3415 26 20 et
1573 3416 29 20 de
1618 3413 165 22 conférences.

1500 3447 81 24 ♦«♦

1259 3488 215 58 Nouvelles
1502 3488 50 57 de
1588 3490 35 55 la
1656 3488 160 58 Colonie

1424 3587 172 26 Léopoldvillc,
1616 3589 12 19 4
1649 3588 139 21 novembre.

1288 3622 34 21 Le
1338 3621 47 22 Roi
1400 3629 15 15 a
1431 3622 90 26 chargé
1537 3623 22 20 le
1573 3627 157 21 gouverneur
1744 3621 62 26 géné-

1263 3650 37 20 ral
1322 3649 143 24 Ryckmans
1487 3649 35 21 de.
1537 3650 23 21 le
1581 3648 156 25 représenter
1756 3648 16 22 à
1792 3649 25 20 la

1262 3675 139 22 cérémonie
1409 3676 199 24 d'inauguration
1625 3676 32 20 du
1671 3677 146 20 monument

1262 3707 34 17 au
1309 3703 37 20 roi
1361 3702 86 21 Albert
1460 3704 17 21 à
1490 3702 186 22 Elisabethvllle
1691 3705 25 19 et
1730 3704 30 20 de
1775 3702 30 21 dé

1264 3734 75 20 poser
1361 3734 47 16 une
1432 3734 125 17 couronne
1580 3735 32 17 en
1633 3734 48 18 son
1704 3734 58 17 nom
1784 3734 33 16 au

1263 3757 56 25 pied
1337 3756 33 23 du
1387 3757 153 22 monument.

1407 3789 193 25 Elisabethvllle,
1618 3790 13 21 4
1650 3790 139 22 novembre.

1290 3815 35 22 Le
1345 3817 48 21 Roi
1414 3821 16 16 a
1450 3816 92 26 chargé
1569 3817 23 21 le
1619 3817 95 21 colonel
1740 3817 77 24 Haas,

1264 3843 177 21 commandant
1456 3846 22 20 le
1493 3846 162 23 groupement
1671 3844 29 21 de
1708 3844 25 20 la
1739 3844 78 21 Force

1265 3869 115 26 publique
1405 3871 15 20 d
1428 3870 194 25 Elisabethvllle,
1647 3871 28 21 de
1701 3871 117 21 remettre

1265 3901 31 16 en
1316 3901 46 16 son
1382 3901 58 17 nom
1461 3901 34 17 un
1516 3897 87 22 fanion
1629 3897 17 23 à
1672 3897 25 21 la
1721 3898 96 21 section

1265 3922 86 25 locale'
1357 3924 30 21 de
1402 3924 25 22 la
1442 3923 85 26 Cofag.
1798 3931 6 15 i

1434 3957 173 25 Léopoldvllle,
1622 3959 13 20 4
1652 3959 138 21 novembre.

1291 3984 40 21 Un
1349 3984 53 21 avis
1421 3986 33 20 du
1470 3986 196 25 gouvernement
1683 3986 136 24 provincial

1266 4011 108 25 rappelle
1396 4015 49 18 aux
1466 4011 182 29 commerçants
1676 4011 71 26 qu'ils
1776 4012 43 21 ont

1265 4036 152 26 l'obligation
1432 4033 132 27 d'aiflcher
1578 4040 36 23 IS3
1629 4038 55 25 prix
1698 4040 30 21 de
1744 4038 75 22 détail

1266 4063 42 24 des
1321 4064 194 24 marchandises.
1527 4064 90 26 L'avis.
1619 4065 85 25 ajoute
1716 4070 47 22 que
1776 4066 43 21 des

1266 4090 141 27 poursuites
1419 4093 86 20 seront
1519 4091 126 24 entamées
1659 4092 85 23 contre
1759 4095 61 19 ceux

1838 2472 549 97 NECROLOGIE

1865 2619 184 22 Mademoiselle
2085 2618 137 22 Madeleine
2256 2617 136 24 TAMINE,

1835 2646 137 21 Directrice
1989 2648 29 20 de
2036 2645 121 23 l'Institut
2174 2643 206 26 Médico-Pédago-

1836 2674 73 23 gique
1926 2672 30 21 de
1973 2672 113 21 Bierbais
2103 2671 27 21 O.
2147 2672 30 20 N.
2194 2672 27 20 E.
2227 2676 6 16 ;

1865 2698 114 23 Madame
2002 2699 97 20 Jeanne
2123 2697 135 24 TAMINE,
2282 2702 32 15 en
2337 2695 45 23 reli-

1835 2725 58 25 gion
1909 2726 71 20 Sœur
1996 2724 231 25 Marie-Françoise,
2246 2726 32 20 du
2293 2724 98 21 Monas-

1837 2751 53 21 tèra
1911 2752 42 20 des
1975 2752 154 24 Religieuses
2150 2750 240 24 Concentionnistei;

1862 2779 47 20 Le3
1925 2778 107 21 familles
2045 2778 129 20 TAMINE
2186 2781 25 15 er
2225 2776 113 24 DIEUX,

1838 2810 62 17 nous
1917 2805 82 24 prient
2016 2805 149 21 d'annoncer
2181 2805 25 20 la
2222 2805 66 19 mort
2304 2803 30 20 de

2027 2832 173 25 MONSIEUtt

1862 2864 504 69 PMJLTAJVSirNË

1997 2937 237 24 Directeur-adjoint

1838 2964 16 22 h
1865 2964 26 21 la
1903 2963 43 22 Sté
1959 2963 45 21 Gle
2017 2963 191 24 Métallurgique
2220 2963 31 22 de
2264 2961 128 22 Hoboken.

2000 2990 91 21 Uslns3
2105 2991 31 20 do
2150 2988 78 22 Oolen

1838 3015 90 22 décédé
1944 3015 17 22 à
1975 3016 63 25 l'âge
2054 3017 29 19 de
2098 3018 28 19 44
2142 3020 52 20 ans,
2208 3014 17 22 à
2241 3017 25 20 la
2279 3015 112 25 Clinique

1837 3043 181 24 Saint-Joseph,
2035 3046 16 22 à
2069 3042 118 23 Louvain,
2204 3042 69 21 muni
2292 3041 43 21 des
2352 3046 28 15 se-

1841 3075 73 15 cours
1930 3070 29 20 de
1974 3070 25 20 la
2013 3068 122 26 Religion.

1867 3093 185 22 L'inhumation
2072 3095 62 20 dans
2153 3094 23 20 le
2197 3098 93 16 caveau
2307 3094 32 21 de
2358 3093 25 20 fa-

1839 3121 66 21 mille
1920 3121 16 21 à
1951 3120 116 24 Nivelles,
2082 3127 16 15 a
2113 3125 30 18 eu
2158 3115 127 28 lieu'dan3
2299 3122 25 20 la
2337 3121 55 25 plus

1837 3147 88 22 stricte
1943 3146 115 22 intimité.

1867 3173 40 21 Un
1921 3173 97 21 service
2033 3174 109 21 solennel
2159 3177 61 20 pour
2237 3173 22 20 le
2276 3177 72 21 repos
2364 3174 29 19 de

1839 3204 45 16 son
1902 3199 57 21 âme
1977 3204 57 16 sera
2053 3199 96 21 célébré
2167 3205 31 16 en
2218 3201 24 19 la
2262 3198 131 26 Collégiale

1838 3226 225 24 Salnte-Gertrude,
2087 3226 17 21 à
2127 3225 115 24 NfvelJes,
2266 3227 22 20 le
2313 3226 80 21 mardi

1841 3253 11 20 7
1868 3253 142 23 novembre,
2026 3253 16 21 à
2058 3253 26 20 10
2101 3252 96 22 heures.

1866 3279 35 21 Le
1920 3278 102 26 présent
2041 3279 54 20 avis
2116 3278 64 21 tient
2201 3278 48 22 lieu
2269 3279 31 21 de
2319 3279 75 20 faire-

1842 3305 63 25 part.

1868 3331 104 21 Institut
1988 3330 279 27 Méclico-Péda-Jogique
2283 3332 30 20 de
2328 3331 59 21 Bier-

1841 3356 54 22 bais
1910 3362 45 16 rar
1970 3354 273 25 Mont-Saint-Guibcrï.

1870 3383 141 23 Monastère
2038 3385 43 19 des
2108 3383 154 26 Religieuses
2288 3383 107 28 Concep-

1841 3409 130 24 tlonnistcâ
1987 3409 17 22 à
2019 3410 115 22 Nivelles.
2329 3410 62 22 (762)

2410 292 119 111 LES
2616 290 345 111 MARCHES

2495 458 202 24 BRUXELLES,
2713 459 14 20 4
2744 458 133 20 novembre

2430 492 91 16 Pommes
2534 492 24 16 de
2571 493 58 16 terre.
2643 491 23 16 45
2679 491 13 15 A
2704 491 24 16 3.">
2742 491 28 15 les
2784 491 34 15 100
2832 490 32 19 kR.
2870 494 6 13 :
2890 490 70 16 ehnux-

2408 515 60 15 t.eurs
2489 514 35 16 250
2538 514 13 15 4
2564 515 35 15 ûoo
2614 514 27 15 les
2656 513 43 17 100;
2714 512 28 21 i.l.
2757 512 44 16 2.25
2814 513 12 15 à
2841 512 44 16 3.73
2899 511 61 20 pièce;

2407 529 67 24 ciiuux'
2487 536 68 16 blancs
2571 535 24 16 65
2611 535 13 15 à
2639 535 25 16 90
2682 534 28 17 las
2727 534 43 19 100;
2788 534 25 17 id.
2831 533 42 22 0.75
2890 533 13 17 k
2921 533 41 16 1.25

2408 558 61 20 pièce;
2491 558 64 17 choux
2578 560 76 16 rouges.
2677 556 24 16 75
2722 556 13 16 k
2758 556 33 16 100
2812 556 28 16 les
2863 556 44 18 loo;
2930 555 25 16 :d.

2406 580 44 16 0.75
2463 580 14 16 à
2491 578 43 19 1.33
2549 579 62 19 pièce:
2626 579 63 15 choux
2703 579 60 15 verta.
2778 577 45 17 0.75
2836 577 13 17 k
2865 577 44 16 1.25
2923 576 31 20 piè-

2407 605 30 16 ce;
2453 603 63 15 cîi.jux
2531 601 24 16 de
2571 600 107 20 Bruxcilaf,
2694 600 11 15 4
2721 599 13 17 &
2750 600 11 15 5
2776 599 18 17 le
2809 600 32 18 kg.
2848 602 5 14 :
2869 599 93 18 carotics.

2406 624 24 16 3,"i
2447 623 13 17 k
2478 623 23 16 45
2519 623 26 16 les
2564 623 35 15 100
2617 623 44 18 kg.;
2680 621 32 21 id.,
2731 620 44 18 0.50
2792 621 13 16 â
2822 621 44 15 0.65
2884 621 17 16 le
2918 620 26 19 kg
2958 632 3 4 .

2408 645 33 18 Id..
2460 645 44 17 0.75
2520 645 13 15 à
2550 645 8 15 1
2578 645 20 15 la
2615 643 63 19 botte;
2698 643 54 17 lèves
2768 643 14 16 à
2798 646 79 17 couper.
2893 643 11 15 4
2922 642 15 16 à
2953 642 11 16 C

2408 669 17 15 le
2443 668 32 18 kfi.
2482 670 5 14 :
2507 666 88 16 haricots
2611 666 60 16 verta.
2690 665 12 16 3
2719 665 13 16 à
2749 666 11 15 S
2780 665 16 16 le
2815 668 43 16 Kg.:
2877 665 83 15 haricutf

2408 689 115 19 princesses,
2538 689 9 15 4
2561 687 13 17 à
2586 687 12 17 6
2610 687 18 17 le
2641 688 43 19 kg.;
2699 687 80 16 salades
2794 690 6 13 :
2815 686 24 17 de
2851 686 37 18 blé,
2903 686 11 17 4
2927 689 11 13 a
2952 686 12 16 5

2409 712 16 15 Id
2444 711 43 18 kK.;
2509 710 78 20 laitues,
2605 709 44 17 0.40
2667 708 14 17 il
2698 709 11 16 0
2718 708 9 16 f
2729 708 12 17 5
2761 711 17 14 .a
2798 708 75 19 plante;
2894 707 70 19 petites

2409 733 78 19 laitues,
2506 732 11 16 3
2536 732 13 15 à
2568 731 11 16 4
2598 731 17 16 le
2635 731 44 19 kg.:
2700 730 70 17 frisé**
2789 730 44 17 U.30
2851 730 13 16 û.
2883 730 44 17 0.50
2945 729 18 17 la

2409 755 76 19 plante:
2502 755 89 19 Oignons,
2607 752 24 17 70
2646 753 13 16 à
2674 752 24 17 90
2715 753 27 16 les
2762 753 33 15 100
2810 752 43 21 kg.;
2871 751 19 17 id
2898 762 6 8 .
2921 751 44 17 0.00

2408 779 13 13 a
2438 775 44 18 1.10
2498 776 16 16 le
2530 775 44 18 kg.:
2592 774 25 18 Id.
2634 774 43 17 0.75
2692 777 14 13 a
2721 775 10 15 1
2748 774 19 16 la
2784 774 64 18 hotte;
2864 773 94 20 poireaux

2410 798 43 16 1.25
2471 797 13 16 k
2503 797 12 16 2
2534 797 18 16 la
2573 797 64 17 botte:
2658 796 76 17 céleris,
2756 797 10 15 l
2785 795 14 16 à
2819 796 23 16 10
2861 796 21 16 la
2900 796 64 16 boite:

2409 819 88 20 cerfeuil.
2516 820 10 14 4
2547 818 13 16 à.
2578 818 12 16 5
2609 818 17 17 le
2645 818 43 20 kg.;
2708 818 65 19 pera-i.
2794 818 8 15 1
2823 817 12 17 â
2854 817 11 16 2
2885 818 17 16 le
2921 819 32 18 kg.

2408 842 68 19 oseille
2491 840 11 16 2
2517 840 13 16 û,
2544 840 11 16 3
2571 840 17 17 le
2603 841 26 18 kg
2640 844 6 14 ;
2661 839 99 20 éplnards,
2776 838 11 16 *
2801 839 14 16 à
2828 839 44 17 2.50
2887 839 16 16 le
2920 839 43 20 kg-:

2410 863 60 17 radis.
2493 861 44 17 0.75
2557 861 15 17 à
2594 862 43 16 1.25
2658 862 18 16 1-»
2700 862 63 17 botte;
2787 862 77 19 navets.
2886 861 44 16 0.25
2953 864 11 12 a

2410 885 44 16 0.10
2472 885 19 16 la
2510 884 64 16 botte:
2593 884 85 16 endives.
2698 883 44 16 0.30
2759 886 13 13 a
2789 883 44 16 0.40
2851 883 19 16 la
2889 883 76 18 plante:

2410 906 92 16 tomates.
2522 905 8 16 1
2549 905 14 16 à
2579 905 12 16 5
2608 906 17 16 le
2643 905 45 18 ks.:
2706 905 105 18 chicorée,?.
2829 904 44 17 0.75
2889 907 12 13 a
2919 905 12 16 2
2950 908 16 12 .e

2410 928 33 18 l:g.
2449 932 5 14 ;
2472 927 83 20 saUlfls,
2571 926 12 16 2
2599 927 13 16 &
2627 926 43 22 2.75
2686 927 17 16 U
2719 926 33 19 kg.
2758 929 6 14 :
2781 927 57 16 charn
2840 930 89 16 pignons,
2947 925 17 18 7,

2413 950 22 16 13
2452 950 20 16 et
2490 949 24 16 16
2531 949 18 16 le
2567 948 33 19 kp.
2605 952 6 13 :
2630 949 69 16 beurre
2717 948 26 17 du
2761 951 56 19 pays,
2836 949 22 15 1S
2877 949 12 15 â
2908 948 21 16 21
2950 948 16 15 >

2412 972 43 18 kg.;
2471 971 60 17 œufa.
2549 970 44 17 0.05
2609 970 12 16 i
2638 971 10 16 1
2663 969 61 21 pièce.

2437 1043 76 21 MONS,
2532 1043 11 16 3
2562 1043 112 16 novembre.
2694 1050 25 5 —
2734 1042 47 17 Lait
2800 1043 69 21 entier,
2886 1043 20 16 le
2922 1042 45 17 lïtrc

2413 1065 73 18 1.60-2;
2506 1066 37 16 lait
2560 1065 85 21 turbiné,
2662 1064 53 19 1.20;
2732 1064 69 17 beurre
2819 1065 26 16 du
2863 1068 49 16 paya
2929 1068 38 12 non

2410 1087 49 18 sa'é,
2479 1087 18 16 le
2513 1087 20 21 k.
2551 1086 33 19 23;
2602 1087 49 18 salé.
2670 1086 33 19 22;
2723 1086 90 19 fro:na;;e
2829 1086 65 19 blane,
2914 1086 52 16 1.25-

2413 1110 7 15 1
2424 1109 30 20 ,5'»
2458 1113 5 13 ;
2483 1112 48 14 œui.
2551 1109 21 15 la
2590 1109 52 18 p'ece
2663 1109 9 15 1
2678 1112 5 14 ;
2703 1112 23 12 en
2745 1111 71 16 caisse,
2835 1108 17 17 le
2871 1109 44 15 cent
2933 1108 24 15 E5
2961 1111 5 14 ;

2412 1133 88 16 pomoiea
2518 1130 23 16 de
2560 1131 58 17 terre,
2639 1130 29 16 les
2687 1130 35 16 100
2739 1129 20 17 k.
2778 1130 98 16 0.45-0.60
2881 1133 5 15 ;
2904 1130 64 16 choux

2412 1153 60 19 verta,
2494 1151 76 20 0.75-1;
2592 1152 64 16 choux
2677 1151 76 21 blancs,
2775 1151 107 18 1.20-1.30:
2904 1152 64 16 choux

2413 1177 76 18 rousc*,
2513 1173 107 19 1.20-1.30;
2643 1174 86 21 chlcons,
2754 1174 17 16 lo
2793 1174 20 15 k.
2839 1173 97 16 1.50-1.75
2962 1176 6 14 ;

2411 1197 64 15 ciioux
2493 1196 25 17 de
2537 1195 108 18 Bruxelles.
2665 1196 9 15 1
2684 1193 54 20 75-2;
2759 1196 93 18 carottes,
2873 1195 19 16 la
2912 1194 55 17 botte

2411 1217 106 20 0.10-0.30;
2533 1218 77 17 n-iveta.
2625 1216 107 18 0.40-0.50:
2747 1217 100 21 poireaux,
2859 1216 107 18 0.60-O.fcO;

2412 1242 89 16 oignons.
2524 1239 75 17 0.80-1:
2621 1238 54 22 aulx,
2696 1238 75 19 4-1.50;
2793 1238 100 19 épln^rds.
2917 1237 51 17 1.25-

2412 1261 51 18 1.50;
2481 1259 73 21 fNMlUa.
2571 1260 105 21 2.23-2,50;
2695 1260 87 21 cerreuil,
2799 1260 107 19 3.25-3.50;
2924 1263 34 16 per-

2409 1283 32 19 sil.
2460 1282 107 19 3.50-3.75;
2585 1277 82 22 célerîna
2685 1282 62 19 pleins
2767 1281 88 19 (Lianes)
2876 1283 20 15 la
2913 1282 54 16 botte

2411 1305 42 16 5-6:
2468 1305 117 20 ordinaires,
2599 1304 43 18 4-5;
2656 1304 80 17 salades
2753 1304 78 19 laitues,
2848 1304 52 19 pièce
2915 1303 51 16 0.30-

2411 1326 53 19 0.40;
2484 1326 92 17 scaroles.
2595 1326 107 19 0.25-0.40;
2722 1325 79 17 endives
2820 1325 76 20 frisées,
2915 1325 52 16 0.25-

2411 1348 53 18 0.40:
2480 1348 69 17 salado
2563 1348 24 16 de
2603 1347 37 20 blé,
2656 1348 17 17 le
2689 1348 19 16 k.
2726 1347 9 18 1
2738 1347 92 22 ,50-1.7.1;
2846 1350 85 15 crefiBon,
2948 1347 18 16 la

2411 1369 55 17 botte
2479 1370 106 18 0.10-0.50;
2600 1370 93 20 tomate3,
2707 1370 17 16 lo
2739 1370 19 16 k.
2774 1369 106 19 2.25-3.50;
2895 1369 70 19 poires.

2411 1391 74 18 0.80-3:
2499 1394 94 18 pommes,
2607 1391 74 19 0.60-2;
2696 1391 79 19 raisin.-*.
2787 1391 75 19 3.50-9;
2876 1394 90 16 oranges,

2411 1414 18 16 ls
2447 1414 19 16 k.
2485 1413 33 17 3-3
2526 1413 32 19 00;
2578 1413 80 18 citrons.
2678 1412 106 20 0.70-0.75;
2805 1411 58 22 paille
2881 1413 86 17 fromciit

2410 1435 69 17 battue
2493 1430 96 26 màrhlne,
2601 1435 28 16 les
2642 1435 47 17 1000
2701 1435 19 17 k.
2734 1435 45 18 300;
2795 1434 25 17 Id.
2834 1434 77 19 avoine.
2923 1434 45 19 230;

2411 1456 25 17 id.
2451 1457 66 19 seigie.
2532 1457 45 17 250:
2592 1457 25 16 id.
2631 1460 53 16 orge,
2699 1456 45 20 200;
2759 1457 48 17 fo;n.
2821 1456 45 19 550;
2880 1456 85 17 houblon

2410 1479 80 16 d'Alost
2505 1479 54 18 1939.
2576 1478 29 17 les
2620 1479 23 17 50
2659 1479 20 17 k.
2696 1478 46 19 970;
2761 1479 24 16 "d.
2805 1479 23 16 de
2844 1478 122 19 Popcrlnghc

2413 1501 53 20 1939,
2479 1500 47 19 900;
2545 1502 91 18 .roment,
2652 1502 27 15 les
2697 1501 35 16 100
2748 1500 19 16 It.
2784 1500 44 19 135;
2844 1500 60 19 selftie
2920 1503 37 14 nou-

2411 1526 56 18 veau,
2488 1522 43 18 110,
2552 1523 76 20 f.oine,
2647 1522 32 17 90;
2700 1525 53 17 orga,
2775 1522 44 18 112;
2841 1525 125 16 escourgeon,

2412 1543 44 20 123;
2476 1544 70 19 farine.
2565 1543 44 20 154;
2628 1544 105 17 ordinaire.
2752 1543 33 19 78;
2803 1547 42 15 son,
2863 1543 54 19 9.50;
2937 1546 29 13 *^-

2412 1566 36 16 bec
2468 1565 95 20 Indigène,
2584 1566 18 16 le
2621 1566 20 16 k.
2664 1565 65 19 10-12;
2749 1565 81 18 moules,
2852 1565 20 17 2:
2892 1566 65 15 crevet-

2412 1588 36 18 te».
2468 1587 32 19 10;
2518 1587 86 18 harengs
2621 1590 65 18 saurs,
2703 1587 19 16 la
2739 1587 53 19 pièce
2809 1586 105 21 1.20-1.75;
2932 1587 23 16 ha-

2412 1613 57 14 rengs
2483 1609 59 19 salés,
2559 1608 52 19 1.25;
2627 1609 48 19 raie,
2692 1609 17 16 le
2725 1609 19 16 k.
2764 1609 30 18 14;
2810 1609 107 20 cabillaud,
2934 1608 31 19 lf;

2411 1631 57 19 colin.
2485 1631 33 18 14:
2535 1631 83 18 merlan.
2636 1631 22 18 8;
2674 1631 45 18 plie,
2737 1630 32 19 12;
2788 1630 64 20 flotte,
2869 1631 32 17 16;
2917 1630 48 17 so'.-ï.

2412 1652 33 19 26;
2464 1652 62 19 poule,
2547 1652 19 17 lï
2585 1652 53 20 pièce
2658 1652 66 18 16-18;
2744 1652 73 22 poulet,
2835 1651 66 20 12-16;
2920 1655 47 16 pou-

2412 1674 54 20 Uiie,
2490 1674 66 18 14-20;
2580 1674 80 19 pigeons
2682 1674 75 20 Jeunes,
2780 1674 20 16 la
2822 1674 69 19 couple
2912 1674 55 18 9-10;

2412 1695 64 19 vieux.
2491 1695 42 19 7-8;
2549 1696 60 21 lapin,
2623 1696 20 16 la
2656 1696 53 19 pièce
2724 1695 66 19 16-18;
2806 1695 81 19 canard,
2903 1694 57 19 12-14

2436 1731 105 21 VIÎITON.
2558 1732 12 17 3
2587 1732 111 16 novembre.
2718 1740 26 4 —
2760 1731 81 20 Bourre,
2860 1732 18 17 le
2895 1732 21 17 k.
2935 1731 32 19 20;

2412 1754 59 18 œufs,
2489 1754 20 16 la
2525 1754 95 16 douzaine
2637 1754 32 18 10;
2686 1754 74 19 poules,
2777 1754 54 19 pièce
2847 1753 33 20 18;
2897 1754 71 19 .aplns.

2412 1775 33 20 25;
2464 1779 88 16 pommes
2570 1777 23 15 de
2610 1777 58 17 terre,
2687 1775 29 17 les
2733 1775 35 17 100
2786 1776 27 20 k.,
2830 1776 30 16 48.

2437 1808 182 24 SAlNf-TROND,
2637 1812 11 16 4
2665 1812 120 20 novembre..
2794 1820 25 4 —
2833 1811 127 20 Transparen-

2413 1835 30 16 tes
2457 1834 27 17 du
2499 1834 88 17 Cronccl.
2604 1833 107 19 0,60-0.70:
2726 1834 86 19 Jacques
2827 1834 17 16 le
2860 1834 41 21 Bel,
2916 1833 51 22 0,35-

2412 1856 44 16 0.40
2460 1859 5 16 ;
2484 1856 70 16 double
2573 1856 60 16 belles
2650 1855 68 19 fleurs.
2738 1855 71 17 0.50-0.
2813 1855 23 17 C0
2840 1860 5 14 ;
2864 1850 103 24 dtreop'ap-

2412 1878 37 19 pei,
2469 1878 107 18 0.40-0.45;
2596 1878 133 21 Stoofappel3,
2748 1877 107 19 0*0-0.45;
2876 1878 50 16 belle
2944 1879 24 14 de

2414 1899 90 20 Boskocp
2532 1899 107 18 0.70-0.S0;
2663 1899 93 17 reinettes
2779 1899 117 19 Descartiie.
2919 1898 50 22 1.60-

2416 1921 40 16 '.70
2485 1921 94 17 reînottca
2597 1919 86 20 étolléef.,
2704 1920 106 21 .'.90-1.20;
2831 1921 93 17 :emettes
2944 1920 24 17 in

2413 1943 88 21 Canada,
2523 1942 106 20 1.30-1.50;
2651 1943 93 17 reinettes
2765 1943 24 17 de
2809 1942 84 19 Chônée,
2917 1942 51 18 1.40-

2414 1964 52 19 1.60;
2491 1964 93 17 reinettes
2608 1964 68 21 grises,
2701 1964 98 17 1.20-1.50
2825 1968 6 16 ;
2855 1964 114 20 Rambourg

2414 1986 82 21 d'hiver,
2519 1986 105 22 1,15-1.23;
2646 1986 71 21 simple
2741 1986 60 18 belles
2824 1986 69 19 fleura.
2917 1986 52 17 0.50-

2413 2008 52 19 0.60;
2487 2008 93 17 frnasche
2600 2008 60 17 belles
2680 2008 68 21 fleurs,
2770 2008 107 19 0.43-5.60;
2898 2008 70 17 Keule-

2414 2033 53 18 maii,
2491 2027 106 21 0.50-0.55;
2621 2030 63 17 Marie
2706 2030 74 19 Joseph
2803 2030 89 18 d'Othée,
2917 2030 51 17 0.70-

2415 2051 9 16 *1
2433 2052 23 17 f/C
2461 2055 4 15 ;
2486 2051 67 17 cour'o
2571 2051 81 20 pendue.
2672 2051 107 21 1.50-1.70;
2798 2052 110 19 Empereur
2924 2051 36 17 Ale-

2414 2074 81 22 xandre,
2521 2074 106 18 1.20-1.50;
2654 2074 136 17 Gravenstein.
2819 2074 70 21 0.85-1.
2893 2073 23 17 10
2920 2073 49 19 ;B!e-

2414 2096 74 17 marck,
2509 2095 107 18 0.73-0.95:
2636 2095 133 17 Hollandsche
2788 2096 109 19 Klompjcs,
2917 2096 51 16 0.85-

2415 2117 52 18 1.20;
2484 2117 70 16 beurré
2570 2117 75 22 Hardy,
2662 2116 107 20 1.50-1.75;
2787 2117 70 17 double
2874 2117 94 20 Philippe,

2415 2139 106 18 1.10-1.30;
2541 2138 136 21 Keizcrlnnën,
2696 2139 105 20 0.70-0.90;
2823 2139 86 17 William
2929 2139 31 16 Du-

2414 2161 73 18 chesse,
2511 2160 106 19 1.60-1.30;
2640 2160 70 19 beurré
2730 2161 120 19 durondeau,
2873 2161 65 17 1,75-2
2964 2165 5 14 ;

2414 2182 69 17 beurrô
2502 2182 50 21 Diel,
2570 2182 74 19 1.80-2;
2664 2183 94 19 Setsyr.eur
2775 2183 68 19 Percn.
2862 2183 107 17 1.60-1.50:

2415 2204 68 18 Soldat
2507 2204 121 18 Laboureur,
2653 2204 107 19 1.30-1.70;
2784 2204 108 17 Conseillef
2914 2204 15 17 à
2951 2205 20 16 la

2413 2226 58 20 Cour,
2486 2226 106 21 1.60-1.80;
2607 2227 75 16 Jeanne
2697 2227 67 19 d'Are,
2778 2226 107 19 1.60-1.90;
2900 2227 69 16 beurré

2414 2242 125 25 Clairgnèau,
2563 2247 106 20 1.60-1.80;
2690 2247 106 18 Calebasse
2815 2248 57 19 Bosc,
2894 2247 75 19 î.80-2;

2415 2269 101 21 Légipont,
2531 2269 106 19 1.20-1.40;
2651 2270 93 19 Doyenné
2758 2270 25 16 du
2796 2270 85 21 Comice,
2895 2269 75 20 1.80-2;

2416 2291 131 18 Alexandrine
2566 2291 110 19 Douillard.
2697 2291 107 19 1.60-1.90:
2824 2292 57 17 Saint
2901 2292 68 19 Remy,

2414 2313 107 18 0.70-0.80;
2542 2314 55 16 Jules
2618 2313 104 22 d'Airoles,
2743 2313 105 21 2.10-2.25;
2871 2314 99 17 DuchesEc

2416 2334 148 20 d'Angoulôme.
2587 2335 98 17 1.80-2.10
2709 2339 5 14 :
2736 2335 102 17 Comtesse
2860 2336 23 17 de
2906 2336 63 16 Paris.

2416 2356 74 21 .130-2;
2514 2357 96 17 fondante
2633 2357 105 22 Thlerrînt,
2759 2357 108 19 1.50-1.75;
2890 2357 82 17 CharleE

2416 2378 75 20 Imest.-
2505 2377 97 18 1.60-1.00
2626 2382 6 15 ;
2653 2379 70 16 beurré
2744 2378 151 20 d'iïardenjont,
2919 2379 51 17 1.70-

2417 2401 50 17 190:
2485 2401 65 19 polrea
2567 2401 83 17 d'hiver.
2667 2401 107 19 1.40-1.60;
2792 2401 87 22 Cointes,
2896 2401 75 17 0:90-1:

2415 2422 52 22 noix,
2481 2422 107 19 0.90-1.10;
2604 2426 97 16 marrons,
2716 2422 107 20 2.50-2.75;
2838 2423 80 17 marché
2932 2422 39 18 ciil-

2416 2447 40 15 me:
2474 2444 75 19 beurre,
2568 2444 18 17 le
2601 2444 20 16 k.
2640 2444 67 19 20-21;
2725 2445 58 21 œufs,
2800 2446 28 16 les
2844 2445 30 18 26.
2891 2445 33 18 23;
2942 2445 19 16 la-

2417 2466 43 19 pins
2481 2466 65 21 vieux,
2567 2465 53 20 5.E0;
2642 2467 75 20 jeunes,
2738 2466 43 17 3-4:
2804 2467 81 19 pigeons
2905 2467 64 18 vieux.

2416 2488 68 20 coup'3
2500 2488 43 17 4-5:
2561 2488 81 19 pigeons
2658 2488 75 19 jeunes.
2752 2488 42 19 7-8;
2813 2488 73 20 poules.
2904 2489 67 17 25-30:

2417 2510 83 19 poulets,
2519 2510 67 18 25-30:
2605 2511 99 17 canards.,
2717 2510 53 20 pièce
2788 2510 67 17 13-15-
2874 2510 48 21 oies,
2939 2510 33 17 20-

2417 2531 32 18 25;
2469 2532 93 18 froment,
2583 2532 28 16 les
2630 2532 36 16 100
2684 2532 29 19 k..
2732 2532 90 17 135-140*
2840 2533 67 19 seigle.
2928 2533 44 16 115-

2417 2553 44 17 120:
2477 2553 76 18 avoine.
2570 2553 91 19 105-110;
2677 2556 89 17 pommes
2782 2554 24 17 de
2820 2554 52 17 terre
2887 2554 85 18 MuJzcn.

2418 2575 66 19 35-38;
2507 2574 106 20 Industrie.
2635 2576 67 18 32-35;
2726 2576 38 17 Roi
2785 2576 100 21 Edouard,
2907 2576 66 18 50-55;

2417 2597 64 17 "Rtolle
2501 2599 66 17 rotjce.
2587 2597 57 17 50-53
2648 2601 5 15 ;
2674 2597 121 20 Eerste'eng.
2815 2598 57 17 40-45
2876 2602 5 14 :
2901 2598 71 19 Eigen-

2418 2618 80 19 he'mer.
2516 2618 66 20 40-42;
2599 2618 64 21 paille,
2682 2619 28 17 les
2725 2619 48 18 1000
2788 2620 28 19 k.,
2832 2620 142 19 250-260;foin.

2417 2639 90 19 3B0-370;
2529 2640 102 20 porcelets.
2652 2639 66 21 80-S5;
2738 2644 72 19 veaux,
2828 2641 91 21 290-300;
2937 2645 27 13 va-

2417 2662 46 16 ches
2483 2662 93 20 laitières,
2599 2662 112 18 3000-3100.

2442 2691 123 22 TOURNAI,
2581 2692 12 15 4
2608 2691 112 18 novembre.
2736 2700 26 4 —
2776 2692 80 20 Beurre,
2870 2693 19 17 le
2904 2692 20 18 k.
2941 2693 32 16 22-

2417 2712 32 19 23;
2462 2713 59 21 œufs,
2532 2713 28 16 les
2573 2713 30 20 26,
2615 2713 66 20 24-25;
2693 2713 83 20 poulets.
2789 2713 42 20 5-6;
2844 2714 71 20 lapins,
2929 2714 43 20 4-5;

2418 2734 87 19 pigeons.
2525 2734 28 17 les
2570 2735 52 16 deux
2638 2735 43 19 6-7;
2700 2738 89 17 pommes
2807 2736 24 17 de
2848 2737 53 17 terre
2919 2737 18 17 le
2953 2737 14 16 k

2417 2756 105 17 0.30-0.40.

2442 2785 90 19 YPRES,
2553 2785 12 17 4
2584 2786 113 17 novembre.
2716 2794 27 5 —
2760 2787 68 19 seigle,
2848 2787 29 17 les
2897 2787 36 18 100
2953 2788 19 16 k.

2419 2807 89 18 118-120;
2525 2808 77 21 avoine,
2618 2807 67 20 88-93;
2702 2811 47 17 orge
2765 2809 23 17 de
2803 2809 111 20 brasseurs,
2929 2810 45 16 140-

2420 2829 44 18 144;
2488 2832 47 17 orge
2556 2829 122 22 fourragère,
2701 2829 90 21 130-131;
2813 2831 49 21 pois,
2884 2831 90 17 147-150-

2420 2850 102 19 féveroles,
2544 2850 91 20 128-130;
2656 2855 89 16 pommes
2765 2852 24 17 de
2809 2853 58 19 terre.
2887 2852 58 18 80-36
2968 2858 6 15 ;

2417 2872 76 17 beurre,
2509 2873 18 17 le
2540 2873 21 17 k.
2575 2873 100 18 17.50-19:
2689 2874 59 17 œufs,
2763 2875 21 17 la
2797 2874 54 20 pièce
2865 2875 108 21 0.88-0.92;

2419 2894 102 22 porcelets,
2537 2895 21 17 la
2573 2895 42 17 tète
2630 2895 87 18 170-200.
2734 2896 18 17 le
2767 2896 20 17 k.
2804 2897 54 18 8.50;
2875 2897 60 19 paille
2951 2898 23 16 de

2421 2916 92 19 froment,
2535 2917 29 16 les
2585 2917 36 17 100
2641 2918 21 16 k.
2685 2917 67 19 16-18;
2773 2918 25 17 de
2820 2919 67 21 seigle,
2908 2919 67 18 14-16:

2419 2938 98 19 d'avoine.
2535 2938 66 19 18-20;
2618 2939 74 20 d'roge,
2710 2940 66 18 20-23;
2796 2940 41 17 foin
2854 2941 24 16 de
2896 2942 73 18 prairie

2419 2959 67 19 32-36;
2505 2960 25 17 de
2548 2959 65 21 trèfle.
2631 2961 66 19 34-36;
2716 2960 24 18 de
2757 2962 85 19 luzerne.
2861 2963 68 17 33-40:
2947 2963 27 17 lin

2418 2980 52 18 hmt.
2487 2981 67 21 88-90;
2572 2982 112 18 betteraves
2699 2983 133 20 fourragères,
2849 2984 28 17 les
2892 2985 48 17 1000
2953 2985 15 17 k

2419 3003 64 17 SS-90.

3005 290 204 77 Rhume
3223 312 53 54 de
3289 288 237 80 Cerveau
3551 279 11 74 1
3574 287 25 63 ^
3600 310 47 40 es
3663 287 196 62 Théâtres
3877 287 24 61 à
3919 286 192 70 BrazeBei

3006 376 60 22 Pour
3072 376 96 27 degager
3175 376 31 23 les
3213 377 129 25 mucosités,
3349 377 104 27 soulager
3459 376 54 23 l'irri-

3006 404 73 21 tation
3098 409 22 16 et
3141 404 94 22 faciliter
3255 405 21 22 la
3295 405 142 26 respiration,
3456 403 68 23 faites

3006 430 80 22 fondre
3094 437 30 15 un
3134 438 43 20 peu
3185 432 30 22 de
3224 431 120 28 VapoRub
3352 431 68 22 Vicks
3428 431 58 22 dans
3493 431 31 22 de

3004 456 60 23 l'eau
3074 458 125 23 bouillante
3207 464 24 17 et
3241 460 125 27 aspirez-en
3376 459 32 22 les
3418 464 105 22 vapeurs.

3158 485 94 23 Mettez
3269 487 64 21 aussi
3350 486 31 22 de
3397 485 127 28 l'onguent

3117 534 13 6 ,.
3157 514 58 22 dans
3226 514 88 26 chaque
3325 514 85 22 narine.

1265 4120 43 22 qui
1329 4122 30 17 ne
1378 4123 28 15 se
1427 4118 210 22 conformeraient

1266 4141 185 28 prescription».

1663 4123 46 22 pas

1778 4124 41 16 ces

1867 3472 39 23 On
1922 3478 63 17 nous
2001 3472 53 26 prie
2072 3473 148 23 d'annoncer
2233 3473 26 23 îe
2273 3474 74 21 ^6063
2365 3475 28 21 de

2033 3505 172 22 MONSIECI1

1885 3536 198 49 Philippe
2108 3539 245 37 STERCKX

1839 3597 110 17 survenu
1967 3592 17 21 à
2004 3592 162 24 Schaerbeek,
2185 3594 24 22 le
2227 3594 14 20 ?■
2262 3593 132 21 novembre

1842 3619 60 24 1D39,
1921 3620 62 20 dans
2000 3624 29 16 sa
2045 3619 41 21 85a
2103 3617 88 26 année,
2207 3621 69 20 muni
2294 3620 43 22 des
2355 3619 31 21 Se-

1841 3650 73 16 cours
1933 3645 29 20 de
1978 3647 26 19 la
2019 3645 121 25 Religion.

1869 3672 37 21 La
1921 3670 139 23 cérémonie
2079 3671 129 25 religieuse
2225 3676 25 20 et
2265 3671 121 22 l'inhuma-

1842 3697 52 21 tion
1907 3703 33 16 au
1954 3696 125 22 cimetière
2094 3698 30 20 de
2138 3697 156 22 Schaerbeek
2306 3697 45 22 ont
2365 3703 30 16 eu

1844 3724 48 21 lieu
1908 3724 63 21 dans
1988 3722 130 22 l'intimité.

1871 3750 34 20 Le
1926 3748 102 26 présent
2045 3751 55 21 avis
2122 3749 62 22 tient
2204 3749 49 23 lieu
2272 3750 31 22 de
2324 3750 73 21 faire-

1845 3776 63 26 part.

1871 3802 34 25 50,
1921 3807 43 17 rue
1979 3802 75 21 Lefra
2056 3807 52 16 nco.
2333 3803 62 22 (760)

1870 3864 40 22 Un
1924 3865 95 22 service
2033 3871 63 20 pour
2110 3866 22 22 le
2148 3870 71 21 repos
2234 3867 28 21 de
2277 3865 72 22 l'âme
2364 3865 32 22 du

1975 3899 186 22 BEVEREND
2173 3900 90 21 PERE

1871 3930 173 52 Henri
2087 3931 285 51 DEMAIN

1885 3997 88 24 Prêtre
1987 3998 31 21 de
2033 3999 26 21 la
2072 3998 151 26 Compagnie
2238 3997 30 22 de
2283 3997 74 22 Jésus

1846 4024 89 22 décédé
1952 4026 22 19 le
1990 4025 27 21 20
2034 4022 100 23 octobre
2151 4025 60 24 1333,
2227 4030 59 16 cera
2302 4024 95 22 célébré

1842 4056 31 16 en
1888 4050 92 27 l'église
1992 4052 34 20 du
2038 4050 97 27 Collège
2149 4051 171 25 Saint-Michel
2341 4053 57 21 bou-

1828 4072 6 33 \
1845 4078 85 21 levard
1944 4074 178 26 Saint-Michel,
2138 4079 22 21 le
2175 4078 80 23 mardi
2269 4078 14 21 7
2298 4082 99 16 novem-

1905 4103 100 21 woa'hna'
2008 4108 24 16 n.
2049 4107 12 14 a.
2083 4103 28 21 IQ
2127 4104 95 23 heurese-
2232 4122 5 6 .
2244 4124 13 5 ^
2322 4122 3 5 .
2333 4104 50 21 "'7fil

1265 4190 28 9 —
1292 4189 16 9 m

1577 4190 63 24 7SSZ

1342 4229 210 85 Pour
1591 4231 121 84 les
1754 4232 557 110 philatélistes

1375 4406 125 25 SOCtAAl.
1506 4408 126 24 BUREAU
1641 4408 80 25 VOOS
1731 4409 51 24 N.I.

1381 4657 401 50 NEDERL-INDIË

1336 4888 124 26 SOOAAL
1467 4889 128 26 BUREAU
1604 4891 79 24 VOOR
1691 4892 50 23 N.I.

2430 3076 191 65 Marchés
2666 3078 305 65 Commerciaux

2599 3163 203 68 d'Anvers

2564 3249 45 21 DU
2623 3250 14 20 4
2652 3249 186 23 NOVEMBRE

2444 3301 54 19 Nous
2510 3302 89 18 donnons
2611 3303 109 19 el-dessous
2733 3303 28 18 les
2773 3308 58 14 cours
2843 3305 101 20 pratiqués
2956 3309 17 14 o*

2420 3324 114 18 obtenahles
2556 3324 132 20 aujourd'hui.

2444 3346 24 17 N.
2485 3346 22 17 B.
2523 3354 21 5 —
2560 3346 54 17 Nous
2629 3346 104 21 rappeldns
2746 3347 49 20 qu'il
2809 3349 34 19 n'y
2855 3352 14 14 a
2883 3348 83 19 actuelle-

2421 3369 53 15 ment
2494 3368 61 20 qu'un
2577 3369 42 16 seul
2640 3369 80 17 marche
2741 3371 76 16 officiel
2841 3374 6 14 :
2871 3371 49 18 celui
2942 3372 33 16 de.=

2420 3392 74 14 sucres.

2425 3420 118 26 ORGES
2557 3426 9 20 :

2444 3452 30 17 En
2493 3452 68 17 franc*
2581 3455 7 14 :
2607 3452 65 20 Plata,
2693 3453 60 18 65/68
2771 3453 32 21 legs,
2830 3458 36 14 sur
2883 3455 92 17 steamrr.

2445 3474 43 18 132;
2508 3474 65 20 Plata,
2593 3475 61 16 titan
2673 3475 41 20 lig..
2735 3477 96 17 disposai!).
2833 3482 16 12 o.
2870 3477 45 18 137:
2936 3478 31 16 Da-

2444 3496 57 19 nube,
2528 3495 59 19 58/59
2614 3496 41 20 kg.,
2682 3496 115 22 disponible,
2824 3499 44 19 115;
2895 3500 81 16 Canada

2445 3517 74 17 FeedW
2540 3521 36 13 sur
2598 3519 92 19 steamer,
2715 3520 44 18 US:
2783 3519 84 18 Canada
2888 3520 89 18 Western

2443 3538 37 20 III.
2502 3542 35 14 sur
2556 3540 93 19 steamer,
2671 3540 45 20 UT;
2736 3541 84 18 Canada
2839 3541 90 19 Western
2950 3543 20 16 II

2444 3561 116 23 disponible,
2582 3562 77 20 110.30;
2680 3562 84 18 Canada
2782 3563 60 22 Teed.
2862 3564 109 21 disponible

2444 3583 42 17 îu.

2426 3613 88 26 MAIS
2529 3621 10 19 :

2444 3645 31 17 Rn
2492 3646 69 17 francs
2581 3649 6 14 :
2605 3645 60 18 sPlata
2682 3646 67 23 Jaune,
2766 3647 115 21 JLsponlble.
2899 3648 76 20 113.50;

2445 3667 34 21 id.,
2499 3670 36 14 sur
2556 3668 93 22 steamer,
2671 3667 34 19 US
2713 3669 33 20 50;
2769 3669 132 21 clnquantlno
2922 3671 54 19 plata

2445 3692 66 18 rouge,
2527 3690 115 22 disponible,
2659 3690 45 20 138;
2721 3691 35 22 Id.,
2773 3694 35 14 sur
2823 3693 93 18 steamer,
2934 3691 41 19 138.

2425 3719 165 27 AVOINES
2605 3727 8 19 :

2444 3750 30 17 En
2490 3751 68 18 francs
2575 3755 6 13 :
2596 3751 111 24 Indigène***,
2721 3752 43 24 2.75
2777 3757 19 17 p.
2814 3757 36 20 m.,
2864 3755 51 19 wkg.
2931 3754 44 18 Int..

2425 3788 10 7 3
2445 3776 58 14 nouv.
2521 3773 47 22 rêc,
2584 3772 63 18 03.50.

2425 3803 151 27 SEIGLES
2591 3812 8 19 :

2444 3835 29 16 En
2491 3835 67 17 fraies
2577 3838 6 15 ;
2600 3835 83 18 Danube
2704 3836 60 19 71/72
2778 3836 28 20 kg
2814 3849 4 6 .
2835 3841 35 14 sur
2883 3837 92 19 steamer.

2445 3856 45 19 108;
2512 3857 65 21 Pista,
2601 3857 59 18 71/75
2682 3853 41 25 kg.,
2746 3858 89 18 attendu.
2858 3859 45 21 110;
2925 3860 44 17 Rou-

2444 3879 61 18 main,
2525 3879 60 18 71/72
2605 3879 41 22 kg.,
2667 3880 88 20 flottant,
2776 3880 73 18 105.50.

2426 3907 201 28 FROMENTS
2641 3917 8 18 :

2450 3939 109 22 Indigènes,
2583 3943 58 16 nouv.
2666 3941 47 22 rèo.,
2737 3942 70 21 départ
2830 3942 13 18 3
2865 3942 37 20 3/4
2925 3942 48 20 0/0la

2445 3960 43 19 142.

2427 3993 146 32 Exotiques
2586 3999 9 21 :

2444 4023 29 18 On
2486 4025 42 16 cote
2541 4029 11 11 «
2564 4024 118 18 transborde
2693 4029 11 13 >
2717 4029 6 14 :
2736 4025 103 19 Manltoba
2852 4027 122 20 Atlantique,

2445 4049 24 13 en
2486 4045 73 20 dollar»
2579 4048 5 15 s
2602 4046 11 18 8
2636 4047 53 20 8.89;
2708 4046 18 21 3,
2745 4047 53 20 3.45;
2816 4049 10 16 4
2850 4046 54 22 8.78;
2921 4046 55 21 tonrk

2445 4066 55 18 Hard
2520 4067 75 18 WMter
2613 4067 11 19 1
2643 4069 64 23 (atome,
2726 4068 53 20 3.83;
2800 4069 54 18 Hard
2873 4069 75 18 Wlnter
2967 4071 8 17 1

2445 4089 65 20 Oblto,
2534 4089 54 20 8.75;
2611 4090 82 22 Rosafé,
2716 4091 23 17 82
2763 4091 41 22 kg.,
2828 4091 53 20 8.23;
2908 4092 64 17 Bahia

2445 4110 24 17 80
2489 4110 41 21 kg.,
2551 4111 52 22 3.45;
2624 4112 93 20 Barusao,
2737 4113 24 17 81
2780 4114 42 20 Kg.,
2841 4113 54 20 3.27;
2915 4114 61 17 Néco-

2445 4131 55 20 chîa,
2517 4132 23 18 79
2554 4133 42 23 kg.,
2610 4133 51 18 3.45.

2446 4162 87 18 Flottant
2551 4165 33 16 (on
2599 4165 83 17 dollars)
2701 4169 5 12 :
2721 4165 101 17 Manltoba
2840 4167 114 18 Atlantique

2444 4184 18 19 2,
2479 4184 53 19 3.80:
2549 4185 18 20 3.
2582 4185 54 21 3.78;
2653 4187 55 16 Dark
2723 4186 56 18 Hard
2795 4187 75 17 Wlnter
2885 4188 10 17 1
2911 4188 64 17 Golfe.

2445 4206 53 18 3.78:
2522 4207 55 17 Hnrd
2600 4207 75 17 Wlnter
2697 4209 10 16 1
2729 4209 64 18 ajolfc.
2819 4209 53 19 3.60;
2896 4209 75 18 Rosàfe

2445 4228 23 16 81
2487 4228 41 22 kg.,
2547 4228 54 21 3.11;
2621 4230 70 22 Bahia,
2709 4230 24 17 S0
2751 4230 42 22 kg.,
2811 4230 53 20 3.32;
2884 4231 87 17 Barusso

2445 4249 23 17 81
2485 4249 27 20 kg
2521 4263 5 9 ,
2541 4247 51 21 3.15.

2445 4270 39 18 Bur
2502 4271 160 21 embarquement
2681 4274 106 17 novembre
2807 4275 35 18 (en
2861 4274 83 20 dollars)

2444 4291 56 18 Hard
2516 4293 76 18 Wlnter
2606 4295 11 16 1
2633 4294 64 19 Golfe.
2713 4294 51 18 3.57.

2445 4312 103 20 Tendance
2568 4319 5 13 :
2591 4315 101 18 soutenue.

2424 4344 161 28 GRAINES
2605 4346 48 26 DE
2673 4346 63 27 LIN
2752 4354 8 18 :

2445 4374 37 19 Lin
2501 4376 65 20 Plata.
2586 4377 114 20 disponible.
2719 4377 36 19 333
2774 4383 51 13 nom.

2446 4397 105 18 Tendance
2571 4401 6 15 :
2595 4399 69 18 calme.

2424 4435 233 27 TOURTEAUX

2444 4466 37 18 Lin
2500 4468 111 20 Amérique,
2629 4469 114 21 disponible,
2762 4470 43 19 137:
2825 4471 89 21 flottant,
2931 4472 45 17 137:

2444 4488 99 21 Indigène,
2565 4490 115 22 disponible,
2699 4490 44 18 132:
2762 4491 113 18 Tourteaux
2894 4486 52 29 côcp'
2968 4497 8 13 i

2444 4510 49 19 Java
2518 4514 5 14 t
2546 4509 64 23 extra.
2632 4512 44 18 136:
2699 4512 75 19 tendre.
2798 4513 44 20 Î34;
2863 4514 113 18 Tourteaux

2446 4532 96 19 Babasiu,
2559 4532 45 20 115:
2619 4533 114 18 Tourteaux
2746 4534 24 18 de
2785 4535 57 19 mais,
2859 4536 42 17 125.

2445 4553 104 19 Tendance
2569 4557 6 15 :
2593 4556 95 16 soutenue

2426 4583 138 27 HUILES
2580 4593 7 16 :

2447 4615 30 17 De
2492 4615 28 17 lin
2537 4618 6 15 :
2558 4616 75 17 offerte
2647 4616 13 17 k
2674 4616 36 18 515
2725 4617 20 17 fr
2765 4618 29 17 les
2807 4618 36 17 100
2857 4618 52 18 kiloa
2922 4619 55 17 netto

2448 4637 71 20 départ
2539 4638 94 16 intérieur
2651 4642 24 13 en
2695 4640 102 16 tambours
2816 4640 25 18 de
2861 4640 92 17 location.

2426 4665 104 28 SUIFS
2548 4668 47 25 ET
2612 4668 173 27 GRAISSES
2800 4677 8 18 :

2445 4699 54 20 Nord
2513 4699 118 22 Américain,
2643 4703 34 14 sur
2689 4701 160 20 embarquement
2869 4706 23 13 en
2905 4702 72 17 dollars

2449 4720 48 19 (olf)
2521 4725 5 13 :
2549 4722 63 16 Eïtra
2630 4722 42 16 nléo
2691 4723 32 17 oil,
2745 4722 23 18 34
2788 4724 44 17 1/2:
2852 4722 65 18 Prime
2937 4724 41 16 oléo

2446 4743 33 20 oll,
2495 4743 24 16 2J
2534 4743 45 19 3/8:
2597 4744 63 18 Bxtra
2675 4744 42 17 oléo
2733 4744 63 20 Btoclt.
2813 4745 23 16 23
2851 4745 44 19 5/S;
2913 4745 65 17 Prime

2447 4763 42 17 oléo
2504 4764 63 18 stock,
2584 4764 29 17 22.

2446 4786 40 17 Siid
2502 4786 110 17 Américain
2632 4788 31 15 "en
2678 4784 84 22 dollars)

2447 4807 32 18 17;
2498 4805 104 19 Matadero
2619 4809 45 19 fuir.
2684 4809 27 16 lf".

2447 4827 143 21 Oléo-atéfyine
2615 4827 42 20 (en'
2671 4829 84 19 dollars)

2446 4849 40 20 jus,
2503 4849 33 21 24;
2553 4850 128 23 Cookingfat,
2697 4850 30 18 22,

2992 753 48 48 LA
3063 747 179 55 JOURNÉE
3265 752 52 46 DE
3339 750 208 48 DIMANCHE

3163 848 216 22 EXPOSITIONS

3016 890 23 5 —
3053 881 62 20 Cercle
3129 881 106 21 ArtMique.
3250 882 9 17 5
3280 886 32 13 rue
3325 880 23 17 de
3361 881 17 16 ia
3393 878 37 19 Loi.
3446 878 101 22 Ex.-xisitior*

2993 904 118 21 d'aqum-ilei
3125 908 19 14 et
3159 903 23 19 dp
3196 903 68 19 dc^bini
3279 908 23 12 au
3319 901 44 20 b*rh
3381 902 96 21 (jusqu'au
3493 902 10 18 5
3520 906 24 13 no-

2993 927 71 17 vembre
3067 930 7 16 )
3078 940 4 4 .

3019 958 19 4 —
3057 948 70 19 Uileric
3142 950 24 17 de
3181 949 17 16 la
3215 947 65 18 Toison
3296 947 51 17 d'Or.
3365 947 29 18 13.
3411 950 69 14 svcn-Je
3496 947 22 16 de
3535 947 15 15 I»

2998 971 60 17 ï"oisîon
3070 977 12 12 q
3090 972 30 16 Ur.
3132 970 53 18 Salon
3197 969 110 19 d'itisemCle

3016 1001 26 4 —
3054 992 70 19 Gr-Ierw
3137 993 32 18 des
3182 992 80 19 Carmrs,
3277 996 30 12 rue
3321 990 31 19 des
3367 990 58 19 Petit*
3439 989 79 20 Carmes.
3533 990 18 17 9.

2994 1014 23 18 Le
3031 1014 70 23 peintre
3114 1016 37 17 Luc
3165 1015 27 17 Lie
3206 1012 70 20 Decker
3291 1013 94 21 (jusqu'au
3401 1014 21 17 17
3436 1012 114 18 novembre).

3020 1048 19 3 —
3058 1038 25 17 La
3100 1037 58 18 Petite
3175 1036 77 18 Chérie.
3268 1037 18 17 J.
3302 1039 69 15 iviaiK
3387 1034 70 19 Louùe.
3475 1036 77 19 Jacques

2995 1059 74 21 Madyol
3088 1058 96 22 (jusqu'au
3201 1059 11 17 9
3230 1059 113 18 novt-mbre).

3018 1091 21 4 —
3057 1082 70 18 Galerie
3143 1081 25 17 La
3184 1080 81 19 Licorne.
3284 1081 41 18 166.
3340 1083 85 14 ctausS-*-ce
3440 1079 22 18 de
3479 1078 65 19 Charle-

2994 1102 32 19 rol.
3038 1104 25 18 Le
3074 1107 67 16 groupe
3153 1102 91 18 Nord-Art
3259 1102 95 21 (jusqu'au
3366 1103 11 16 9
3390 1102 113 19 novembre).

3019 1135 22 4 —
3056 1126 24 18 La
3095 1125 82 19 Licorne.
3192 1126 29 18 23.
3236 1129 31 13 rue
3279 1124 23 19 de
3317 1124 16 18 la
3349 1123 107 18 Madeleine.
3472 1122 80 18 DesM-K-

2996 1151 106 17 morKnypes
3125 1152 17 13 ei
3168 1146 82 19 ariettes
3272 1145 83 20 décorée»
3377 1146 81 18 d'Aubin
3484 1144 68 22 Parque

2997 1169 95 21 (jusqu'au
3110 1170 18 18 H
3145 1169 116 19 i.oveaibre).

3017 1200 26 4 —
3055 1191 26 19 Le
3094 1191 69 21 Studio,
3178 1192 18 20 2,
3209 1196 31 13 rue
3253 1191 31 19 des
3299 1190 56 18 Petits
3369 1189 80 19 Cannes.
3464 1190 24 18 Le
3502 1193 42 18 pein-

2995 1217 26 15 tre
3036 1214 23 19 G.
3074 1213 107 19 L'la^scli(«en
3198 1213 96 21 (jusqu'au
3311 1215 22 17 16
3348 1212 115 19 novembre).

3018 1245 24 4 —
3056 1235 61 19 Cercle
3132 1236 22 19 de
3170 1237 16 18 b
3203 1235 92 21 Librairie,
3314 1235 28 18 il.
3359 1240 31 12 rue
3406 1234 68 21 Koyaie
3492 1231 61 25 (place

2995 1257 30 19 des
3038 1258 76 19 Pzlais).
3128 1259 24 18 Le
3164 1257 70 27 peintre
3247 1256 47 20 Vital
3309 1257 73 18 Reullcr
3396 1256 58 22 (juxj.
3467 1257 11 17 9
3491 1258 60 16 nov.).

3020 1289 22 4 —
3056 1280 71 19 Galerie
3146 1278 89 22 Dielrteb,
3255 1280 99 21 Montagne
3371 1279 23 18 de
3412 1278 18 18 la
3448 1277 55 20 Cour.
3523 1277 22 19 37

2995 1303 45 22 Jeen
3055 1302 34 19 Del
3092 1308 45 13 .'aux
3154 1302 94 21 (jusqu'au
3264 1304 11 17 8
3289 1302 114 18 novembre*.

3018 1332 23 6 —
3058 1325 64 18 Studio
3138 1325 58 21 Arles,
3213 1326 30 18 37.
3260 1329 31 14 rue
3309 1324 99 21 Montagne
3423 1323 23 19 de
3462 1322 18 19 la
3497 1321 55 21 Cour,

2994 1346 52 18 Salon
3062 1346 109 19 d'ensemcle

3020 1379 22 5 —
3058 1368 90 21 Nord-Art
3175 1371 40 18 166.
3230 1368 86 20 chaussée
3332 1368 22 19 de
3369 1366 99 22 Charlerol.
3484 1371 60 17 exposi-

2995 1391 37 19 tion
3051 1392 95 21 (jusqu'au
3163 1393 11 17 9
3191 1391 114 18 novembre).

3020 1423 24 4 —
3057 1412 64 21 Musée
3138 1420 25 13 ou
3182 1413 143 20 Conservuioire,
3343 1411 51 23 place
3412 1411 24 20 du
3457 1411 47 19 Petit
3524 1411 26 18 Sa-

2995 1436 48 21 blon,
3064 1437 6 17 i
3075 1437 10 13 7
3087 1450 5 5 .
3111 1437 117 17 instrumenta
3247 1436 72 18 inciais
3336 1439 19 14 et
3372 1435 100 21 exotique*,
3490 1433 55 20 collec-

2996 1459 37 18 tion
3050 1458 114 21 folklorique.
3181 1457 67 19 Visites
3264 1457 95 21 publiques
3374 1459 20 15 et
3410 1456 87 21 gratuites
3513 1458 41 16 tous

2995 1481 26 18 les
3036 1480 60 19 lundis
3111 1485 18 14 et
3146 1481 63 19 ieudis.
3225 1481 22 18 de
3264 1482 20 16 14
3301 1480 12 19 à
3332 1481 21 17 16
3369 1479 69 18 heures.

3019 1512 24 4 —
3056 1502 59 19 Palais
3133 1503 31 18 des
3184 1501 117 20 Eerux-Arts.
3321 1501 53 19 Salon
3394 1500 23 19 de
3436 1501 18 18 la
3473 1499 79 19 Défense

2997 1525 72 18 Passive
3086 1525 95 21 (jusqu'au
3199 1527 6 16 1
3210 1526 10 17 2
3236 1525 105 19 novembre)
3346 1538 4 4 .

3018 1555 3 5 ■
3020 1555 24 5 —
3056 1547 54 18 Ecole
3128 1550 22 15 n°
3168 1548 11 17 5
3204 1547 75 17 Avenue
3295 1546 33 19 des
3344 1546 82 20 Eperons
3443 1545 50 21 d'Or,
3513 1545 23 17 16

2996 1570 35 18 IVe
3050 1569 99 22 exposition
3170 1568 162 23 photographique,
3350 1568 95 21 artistique
3463 1570 19 16 et
3500 1568 46 18 d'/cu

2996 1591 87 19 mentaire
3100 1590 92 22 organisée
3210 1596 32 17 par
3260 1591 17 18 le
3296 1590 72 19 Comité
3386 1589 72 19 Ixellois
3474 1589 24 19 de
3516 1589 30 18 l'U

2995 1613 22 19 C.
3031 1614 16 18 A
3069 1613 95 22 (jusqu'au
3179 1614 11 18 6
3205 1614 114 19 novembre).

3018 1645 25 4 —
3056 1636 71 18 Galerie
3144 1636 88 21 Dimich,
3250 1637 30 19 83,
3299 1635 99 21 Montagne
3413 1634 24 19 de
3453 1633 18 19 la
3489 1634 48 18 Cour

2994 1658 18 19 le
3030 1658 71 21 peintre
3118 1658 68 22 Tytfiat
3207 1658 95 21 (jusqu'au
3322 1658 21 18 15
3362 1657 114 18 novembre).

3018 1689 27 4 —
3057 1680 62 19 Cercle
3137 1679 86 19 PurtaeLi.
3240 1679 56 18 Hôtel
3313 1680 22 18 de
3353 1679 42 17 ville
3412 1679 23 19 de
3453 1677 84 19 Vilvordc
3547 1683 6 13 :

2994 1703 101 22 exposition
3111 1702 31 18 des
3158 1707 69 14 œuvres
3242 1702 30 18 de*
3289 1702 88 18 membres
3391 1702 26 18 du
3433 1701 69 19 Cercle.

3142 1735 88 19 Salons
3244 1735 31 20 de
3292 1735 115 22 province

3019 1773 25 4 —
3058 1763 70 20 Galerie
3146 1764 94 20 Memlinc,
3258 1769 32 13 rue
3308 1763 104 21 Flamande,
3431 1764 30 19 24,
3480 1763 12 19 à
3511 1763 35 18 Bru

2996 1791 36 16 ges.
3049 1786 26 19 Le
3092 1787 70 20 peintre
3181 1787 76 21 Georges
3273 1787 29 19 de*
3313 1786 82 19 Sloovere
3416 1786 95 22 (jusqu'au
3531 1786 22 17 10

2998 1809 115 19 novembre).

3214 1840 123 21 DIVERS

3018 1880 26 4 —
3057 1871 60 20 PaMs
3131 1872 24 18 du
3171 1871 47 19 Midi
3228 1877 6 13 :
3249 1870 100 24 exfKftitka
3364 1871 23 18 de
3402 1870 80 19 volailles
3498 1873 19 17 et
3532 1870 22 19 de

2997 1893 59 22 lapjis
3079 1893 136 21 reproducteurs
3238 1893 92 21 orgLnîâée
3353 1898 32 17 par
3408 1893 18 19 la
3449 1892 105 19 Fédération

2996 1915 109 22 provinciale
3121 1916 31 17 des
3169 1915 78 20 Sociétés
3261 1915 125 19 d'Aviculture
3402 1916 25 19 du
3445 1916 85 17 Brabant.

3019 1947 25 4 —
3058 1940 22 17 10
3106 1937 25 22 lï..
3157 1938 65 22 Rallye
3247 1937 111 23 Brabançon,
3384 1937 87 22 Ch;:pelle
3496 1938 58 18 Saint-

2997 1960 77 21 Hubert,
3093 1960 45 19 Parc
3155 1961 23 19 de
3195 1961 101 17 Tervueren
3308 1966 5 13 :
3333 1955 59 25 Messe
3408 1960 23 18 de
3449 1960 105 19 St-Hubcrt.

3018 1991 27 4 —
3058 1984 22 18 10
3095 1984 19 18 li.
3129 1984 31 20 30,
3176 1982 73 19 Musées
3264 1982 75 21 Royaux
3353 1983 53 18 d'Art
3420 1985 20 16 et
3454 1982 12 19 d
3475 1982 79 18 Histoire

3002 2005 183 21 (Cinquantenaire).
3213 2004 126 19 Conférence:
3367 2005 46 18 «La
3438 2005 69 18 Tombe
3532 2005 23 18 de

2998 2022 63 24 Sîakht
3070 2033 17 17 »,
3106 2033 32 16 par
3156 2027 46 19 Mlle
3220 2027 28 19 M.
3266 2026 115 20 Werbrouck.

3019 2059 26 4 —
3059 2051 20 16 11
3099 2050 25 21 h.,
3144 2050 59 21 Eglise
3221 2050 80 18 St-Remi
3323 2048 212 23 (Bruxelles-Maritime)
3549 2053 5 14 :

2998 2072 69 19 Service
3081 2073 80 19 solennel
3177 2073 11 18 à
3203 2071 17 19 la
3236 2072 84 18 mémoire
3334 2072 25 18 du
3375 2072 26 18 roi
3417 2071 68 22 Albert,
3501 2071 22 19 de
3538 2071 17 18 la

2997 2095 49 18 reine
3060 2094 60 19 Astrid
3134 2098 19 15 et
3165 2094 32 19 des
3210 2093 106 23 paroissiens
3331 2096 54 16 morts
3400 2099 45 18 pour
3459 2095 17 18 la
3491 2094 63 22 patrie.

3020 2125 27 5 —
3060 2117 19 17 11
3095 2116 26 22 h.,
3135 2117 76 18 InsUltit
3223 2117 32 19 des
3267 2117 42 18 Arts
3321 2120 19 15 et
3354 2116 80 22 Métiers,
3449 2117 30 20 50,
3494 2116 26 18 Bd
3533 2116 22 18 de

2997 2138 104 22 l'Abattoir,
3114 2139 115 19 distribution
3242 2139 23 19 de
3278 2139 39 22 prix
3330 2145 35 12 aux
3377 2139 59 18 élèves
3448 2139 31 18 des
3493 2138 62 19 Ecoles

2997 2161 23 20 de
3036 2162 89 21 peinture,
3142 2161 97 22 plomberie
3256 2165 17 16 et
3291 2161 212 22 tapi*js:ers-garn!sscurs.

3021 2193 26 4 —
3061 2185 21 18 15
3103 2183 25 22 h..
3148 2185 58 21 Foyer
3226 2182 113 20 Intellectuel
3361 2184 34 20 (U.
3416 2184 19 18 P.
3455 2183 22 18 de
3498 2183 58 18 Sr.int-

2999 2206 74 21 Gillej),
3095 2208 28 18 13.
3144 2211 32 14 rue
3195 2206 73 20 Sterckx
3279 2212 5 13 :
3305 2206 141 21 reptsésentatlon
3467 2205 89 20 théâtrale

2997 2232 12 13 *
3017 2228 25 19 Le
3054 2229 54 18 Train
3122 2229 80 18 fantôme
3210 2234 17 15 »,
3240 2233 43 15 avec
3295 2228 17 18 le
3323 2230 87 17 toncours
3422 2229 22 18 de
3457 2228 18 18 la
3486 2228 69 19 sectien

2996 2251 54 18 d'Art
3064 2251 79 19 théâtral
3157 2252 24 19 du
3198 2251 21 20 F.
3234 2251 17 19 L

3019 2282 28 6 —
3059 2274 22 18 15
3098 2273 26 21 h.,
3142 2273 122 22 «Demain»,
3282 2278 61 14 œuvre
3358 2272 92 19 nationale
3467 2272 81 19 d'Educa-

2998 2295 38 19 tion
3053 2295 96 23 phj-sique.
3166 2295 66 19 moral-:
3247 2298 20 16 et
3282 2295 71 19 sociale.
3372 2296 30 19 54.
3419 2300 31 14 rue
3468 2296 89 17 Montser-

2998 2319 28 16 rat
3036 2323 6 13 :
3060 2318 37 19 fête
3112 2324 23 13 au
3152 2318 81 19 bénéiïce
3249 2318 32 19 des
3297 2317 77 19 familles
3389 2318 31 19 des
3436 2317 67 19 soldats
3520 2321 37 15 rao-

2997 2339 67 21 bilbés.

3020 2371 27 5 —
3060 2363 21 19 H
3097 2362 27 20 h..
3141 2363 97 19 Cimetière
3253 2363 23 18 de
3292 2362 118 20 Schaerbeek.
3425 2362 130 22 Inauguration

2998 2384 25 20 du
3038 2384 93 20 mémorial
3147 2387 21 17 A.
3184 2386 94 18 Goossens.

3020 2415 27 6 —
3060 2408 22 19 11
3099 2406 26 21 h..
3142 2407 61 20 Union
3219 2406 146 23 professionnelle
3381 2406 87 19 d'auxilîa
3469 2406 5 12 :
3476 2412 27 14 res
3521 2407 28 18 mé-

2999 2428 71 19 dicaux.
3092 2430 72 19 Maison
3185 2429 31 19 des
3238 2429 93 20 Médecins
3354 2429 41 21 (54,
3417 2428 97 20 boulevard
3534 2429 24 18 de

2998 2451 109 21 Waterloo).
3122 2451 117 20 Conférence.
3255 2453 27 18 Dr
3296 2451 109 22 Jean-Louis
3421 2452 48 18 Petit
3479 2457 6 14 :
3501 2452 48 21 Aper-

2999 2478 32 17 çus
3045 2479 32 13 sur
3091 2476 18 17 la
3124 2474 112 21 physiologie
3252 2473 113 20 musculaire.

3022 2505 27 5 —
3061 2498 23 17 14
3097 2496 25 21 h..
3134 2496 121 19 L'Harmonie
3268 2497 69 22 postale
3352 2497 41 22 (il,
3405 2496 85 20 chaussée
3501 2496 48 19 d'An-

2999 2519 58 21 vers).
3072 2519 86 19 Audition
3172 2519 91 19 niusîcaK

3022 2550 23 4 —
3061 2542 22 18 17
3098 2540 25 22 h..
3139 2542 58 21 Foyer
3209 2543 24 18 de
3246 2540 60 20 l'Ame
3321 2541 29 21 (7,
3364 2546 32 13 me
3410 2540 23 20 de
3445 2540 19 20 la
3478 2540 70 19 Révolu-

3000 2563 58 19 tion).
3079 2563 116 19 Conférence.
3214 2564 29 19 M.
3262 2564 23 19 E.
3303 2563 87 19 Wietrîch
3400 2570 5 13 :
3427 2563 93 19 Grrndeur
3537 2565 20 16 et

2999 2585 92 19 servitude
3103 2587 24 18 du
3143 2586 71 19 travail.

3023 2617 26 4 —
3061 2609 23 18 17
3095 2609 26 20 h.,
3133 2610 44 17 Vers
3188 2609 17 19 la
3216 2608 76 19 lumiîw
3305 2609 40 20 (11.
3357 2613 32 14 rue
3400 2607 65 20 Hrnest
3477 2608 80 19 Allard).

3001 2630 117 20 Conférence.
3130 2630 27 19 M.
3172 2630 21 19 F.
3206 2631 98 21 Lavanchy
3314 2636 5 14 :
3334 2631 39 22 Que
3384 2630 64 20 sais-tu
3460 2631 23 18 de
3495 2629 61 20 Dieu?

1337 5133 402 52 NEDERL-INDIË

1429 5734 371 41 NEDERL-lNDIEl
1855 5734 373 41 ■NEDERL-fNDJE

1897 5782 54 15 MU*»*
1959 5783 58 13 W»»
2024 5783 34 14 *K*
2064 5783 22 13 **>

1419 5857 79 26 Voici
1512 5863 53 20 une
1581 5856 123 27 nouvelle
1719 5856 68 28 série
1801 5857 35 26 de
1851 5860 109 26 timbres
1973 5859 48 27 des
2034 5859 81 27 Indes
2129 5859 201 32 Néerlandaises

2803 4788 103 16 Matadero
2921 4789 51 19 £ocd

2809 4830 64 17 Extra
2896 4831 80 20 premie»

2475 4930 190 63 Marchés
2685 4931 252 65 Américains

2442 5038 109 34 COTONS
2569 5040 37 32 DE
2623 5040 159 37 NEW-YORK.
2800 5043 18 32 4
2837 5044 126 33 novembre

2596 5091 78 17 ii.Mur»
2699 5092 114 18 prérMfrnrt

2450 5111 114 22 Décembre,
2585 5113 45 20 903;
2651 5116 61 17 mars.
2733 5115 46 19 887;
2801 5115 40 17 mai
2868 5116 46 20 87d;
2935 5118 37 18 juil-

2450 5132 27 18 let
2500 5133 42 17 890.

2607 5155 33 17 CI*
2644 5157 43 17 tare
2704 5158 25 15 du
2746 5158 50 18 Joot*

2450 5176 114 19 Dêcembre.
2580 5177 91 21 915-016;
2687 5182 62 18 mars,
2763 5180 45 20 900;
2825 5182 47 18 mal.
2889 5182 91 18 801-892-

2449 5197 71 21 juillet,
2538 5198 88 19 87G-87T.
2974 5196 6 7 '

2471 5263 157 39 BOURSE
2649 5266 50 37 DE
2722 5265 215 43 NEW-YORK

2589 5316 38 18 Dl'
2643 5317 13 17 et
2672 5316 145 20 NOVEMBRE

2428 5364 105 18 Anicotmi
2549 5367 74 19 ssoiipasr
2703 5367 46 22 34s£
2780 5369 24 18 35
2933 5372 24 17 34
2961 5373 15 9 w

2427 5386 98 18 e.lhleora
2544 5387 52 18 Bi»«i
2703 5390 45 19 oo^i
2779 5391 46 20 90H
2855 5399 27 10 —
2933 5394 46 18 SSH

2425 5407 103 20 Csinaajlan
2546 5409 77 19 Pacifia.
2639 5420 30 13 ....
2716 5411 33 21 S14
2793 5414 33 19 usa,
2855 5421 28 9 _
2946 5415 34 19 svt

2425 5429 90 20 Ol.rja.l.r
2530 5431 52 17 Ccrù
2603 5445 24 7 ...
2703 5433 45 17 80*
2779 5435 25 17 90
2855 5443 28 7 —
2933 5436 25 17 88

2426 5450 56 18 Cob».
2500 5451 41 18 Gai
2555 5454 21 16 ol
2592 5452 25 22 N,
2634 5453 32 21 ï..
2703 5455 46 22 31%
2780 5456 46 20 31!4
2855 5465 28 8 —
2933 5458 46 17 aiu.

2426 5472 82 18 Oe.ieiaal
2525 5473 75 19 Motor»
2703 5476 46 20 am
2780 5477 45 21 BSH
2856 5486 26 8 —
2933 5472 46 24 ctiï

2428 5494 92 18 Inl.mat.
2541 5495 68 18 Nlask.l
2703 5497 46 21 40%
2781 5499 46 20 40%
2855 5506 28 9 —
2933 5500 46 20 40%

2428 5515 104 20 Montgeim.
2553 5517 58 18 W*r,1
2703 5519 46 20 64%
2781 5520 24 18 5S
2855 5528 28 8 _
2934 5521 45 20 a4%

2427 5537 54 17 New*
2484 5538 51 17 York
2554 5539 107 21 Uvitral...
2704 5541 45 20 21%
2781 5542 24 17 32
2855 5549 29 9 —
2933 5542 45 20 21%

2427 5558 61 18 NortSi
2512 5562 155 21 AmertCeUI......
2704 5562 46 20 22%
2781 5563 45 21 22%
2855 5571 19 9 —
2873 5571 10 9 •
2934 5564 45 19 31%

2428 5580 92 20 Répudie
2535 5582 52 17 e.a.l
2704 5582 47 22 28%
2783 5585 45 20 27%
2857 5593 27 8 —
2934 5584 44 20 20%

2428 5603 94 17 âouthem
2545 5603 76 18 p&sslfte
2641 5618 23 7 ...
2705 5605 24 17 17
2781 5605 46 22 17%
2856 5614 28 8 —
2934 5606 45 22 16%

2428 5624 97 18 S.analsrd
2540 5624 31 18 Ou
2583 5626 23 17 of
2620 5624 24 20 M.
2658 5625 13 19 1
2702 5627 48 20 48%
2781 5628 47 20 48%
2856 5635 28 9 —
2934 5627 45 21 48%

2432 5646 70 17 ITnltcd
2524 5648 89 17 Alrcraft
2704 5648 46 21 47%
2781 5650 24 16 50
2855 5656 29 9 —
2934 5649 45 20 49%

2428 5667 21 18 U.
2464 5668 20 16 B.
2501 5668 77 18 ItubMI
2705 5669 46 20 41%
2781 5671 47 20 41%
2856 5678 28 8 —
2935 5671 45 20 41%

2429 5688 22 19 0.
2467 5688 19 19 a
2503 5688 52 20 St«4l
2705 5689 45 23 78%
2781 5691 46 21 78%
2856 5700 27 8 —
2933 5690 25 20 76

2593 5720 191 17 rnANSAlslK.N»

2429 5746 127 18 Précèdent.»
2695 5749 55 18 1.070
2757 5750 37 18 000

2428 5767 26 19 C»
2469 5763 51 29 jour.
2537 5770 11 15 A
2563 5769 22 17 11
2601 5769 14 19 t
2694 5770 81 19 210.000

2428 5790 26 17 C»
2469 5785 49 23 iour.
2533 5790 14 18 t
2561 5791 22 17 14
2598 5789 14 20 H
2731 5800 23 5 —

2429 5811 26 21 Ut
2469 5814 51 19 »UI,
2694 5813 98 22 4,000.000

2601 5841 119 21 BROKEnS
2742 5841 69 19 U>AN

2433 5868 30 20 Cn
2485 5869 118 20 diminution
2659 5880 32 6 .—
2730 5876 53 16 «...

3001 2689 66 48 LES
3089 2686 173 51 CINEMAS
3284 2691 27 46 A
3332 2689 221 47 BRUXELLES

3023 2784 25 17 A.
3062 2784 24 22 B,
3101 2784 22 17 C.
3139 2793 25 4 —
3177 2782 74 22 Quatre
3264 2788 27 13 au
3305 2785 91 16 Paradis.
3411 2784 58 18 Errol
3483 2784 70 20 Flynn.

3000 2806 22 17 O.
3039 2807 24 16 de
3080 2806 106 17 Havilland
3209 2807 76 16 Walter
3299 2807 100 18 Connelly.

3024 2829 94 16 AGOllA.
3135 2836 23 5 —
3175 2827 84 18 Paradis
3276 2828 67 20 perdu.
3360 2828 91 17 Fcrnand
3468 2828 84 19 Gravey.

3000 2849 103 18 Micheline
3120 2849 73 18 Presle.
3211 2850 64 16 Elvir..
3293 2850 93 19 Popesco.
3404 2850 84 17 Alerme.
3507 2851 45 15 Ei.f.

3000 2872 54 16 adm'
3059 2876 12 12 ■.

3024 2894 180 22 AMBA5SAD0R.
3233 2902 24 5 —
3286 2894 34 16 Ma
3351 2894 64 17 Tante
3444 2894 109 16 Dictateur.

3000 2915 121 20 Marguerite
3140 2916 87 16 Moreno.
3248 2917 23 15 A.
3292 2916 95 16 Bernard.
3408 2916 94 19 Charpin.
3521 2917 24 15 Ai-

3000 2941 49 13 mes.
3067 2938 109 21 Actualité^
3191 2935 134 19 nombreuses.
3344 2938 46 16 Enf.
3407 2938 71 16 admis.
3494 2938 52 16 Séan-

3000 2963 33 12 ces
3054 2963 6 13 :
3080 2960 30 19 14,
3129 2959 29 19 16.
3179 2959 29 20 18.
3226 2959 30 19 20,
3276 2959 24 16 22
3318 2960 18 15 h.

3025 2980 61 17 CINE
3106 2980 65 18 MAX.
3192 2989 25 4 —
3235 2980 30 17 La
3284 2980 128 18 Chevauchée
3433 2981 122 18 fantastique

3003 3003 70 19 (Stage
3095 3003 86 22 Coach),
3202 3003 25 16 de
3248 3003 52 16 John
3321 3002 59 18 Ford.
3404 3003 56 17 Vers,
3484 3003 71 19 nrigin.

3002 3025 124 16 Sous-titres.

3025 3045 64 18 CINE
3108 3046 57 16 VOG.
3184 3054 25 5 —
3227 3046 78 17 Service
3323 3046 24 17 de
3365 3046 61 17 Luxe.
3446 3046 110 17 Constance

3001 3066 85 18 Benneft
3112 3067 84 17 Vincent
3213 3068 63 17 Price.

3024 3088 136 18 COLISEUM.
3183 3098 21 4 —
3225 3089 54 17 Ceux
3299 3090 34 19 qui
3354 3089 83 17 Veillent
3459 3090 59 17 (avec
3544 3092 11 13 e

3000 3114 94 14 concours
3109 3111 24 17 de
3146 3111 81 17 l'armée
3240 3112 74 18 belge).
3329 3113 15 15 A
3358 3111 66 20 Coups
3437 3111 24 17 -îe
3476 3111 62 19 Poing
3537 3114 4 7 1
3540 3114 13 12 ».

3001 3133 46 16 Enf.
3071 3133 71 17 admis.
3166 3133 69 17 Séanc.
3241 3137 5 12 :
3270 3133 30 20 10.
3323 3133 62 19 11.35.
3410 3134 22 16 13
3439 3133 24 17 35
3494 3133 60 19 15.35,

3001 3154 62 20 17.50.
3078 3155 55 16 19.40
3147 3156 20 15 et
3183 3155 62 17 21.45.

3026 3176 97 17 CltOSLY
3139 3177 118 17 LEOPOLD
3273 3176 38 17 in.
3328 3185 25 4 —
3367 3177 65 17 Petite
3447 3177 108 16 Princesse.

3000 3198 77 19 Bhlrley
3089 3198 85 20 Temple.
3189 3198 88 17 Entants
3290 3199 65 16 admi3

3025 3219 97 18 CROSLY
3144 3219 79 19 NORD.
3243 3228 24 5 —
3289 3215 118 22 Actualités.
3429 3220 127 20 Programme

3002 3242 54 16 varia
3082 3242 46 16 Enf.
3147 3242 71 17 admis.

3025 3263 147 18 MARIVAUX.
3192 3272 23 4 —
3237 3263 101 18 Monsieur
3356 3264 132 21 Brotonnea.u_
3510 3264 44 16 R&i-

3002 3289 39 13 mu.
3057 3285 76 17 Josette
3147 3284 51 20 Day.
3213 3285 65 20 Marg.
3294 3285 75 21 Pierry.
3385 3286 47 16 Enf.
3447 3289 38 14 non
3502 3286 52 16 adm.

3001 3306 72 17 Céanc.
3078 3310 6 13 r
3107 3307 63 21 14.30,
3193 3307 60 18 16.40.
3279 3307 61 18 18.90.
3364 3308 23 16 21
3409 3308 20 17 h.
3434 3311 7 17 ;
3463 3311 44 13 sam
3536 3310 18 14 ti

3002 3329 58 16 d!m.:
3081 3329 30 18 14.
3134 3329 29 20 16,
3184 3329 30 20 18.
3234 3329 24 17 20
3279 3330 20 16 et
3318 3329 25 17 22
3365 3331 17 15 h.

3026 3351 162 16 METROPOLE.
3208 3359 24 4 —
3251 3351 151 17 Circonstances
3421 3351 134 17 atténuantes.

3002 3372 70 17 Michel
3084 3371 75 18 Blmon.
3175 3372 83 19 Arletty.
3275 3372 46 17 Enf.
3337 3374 38 15 don
3389 3372 71 17 admis.
3476 3372 79 18 Séanc:

3001 3397 42 13 sem
3054 3397 5 13 :
3079 3393 61 20 14.30.
3157 3393 55 18 16.40
3236 3394 60 19 1S.50,
3314 3394 22 16 21
3353 3394 31 20 h.;
3400 3397 62 14 sam.:
3481 3395 29 20 14,
3527 3395 23 16 16

3003 3415 61 22 13.05,
3081 3415 62 19 20.10,
3161 3415 65 19 22.15;
3245 3416 58 17 dim.:
3322 3416 29 20 13.
3368 3416 28 17 15.
3416 3416 23 17 17
3447 3416 24 17 05
3495 3417 30 16 19.
3527 3416 23 17 :0

3002 3437 61 17 21.15.

3027 3459 31 16 FA
3062 3459 50 17 THE
3132 3458 108 18 PALACE.
3263 3467 21 5 —
3305 3459 100 17 Monsieur
3425 3459 129 18 Brotonneati.

3003 3480 77 17 Raimu.
3101 3481 77 18 Josette
3197 3480 51 20 Day.
3270 3481 64 20 Marg.
3358 3481 71 19 Pierry.
3451 3481 46 17 Enf.
3519 3484 37 14 non

3003 3502 70 16 admis.

3026 3523 91 18 PLAZA.
3130 3531 26 6 —
3168 3523 30 17 La
3212 3524 105 17 Charrette
3332 3525 95 18 fantôme,
3443 3524 24 19 de
3482 3524 18 18 J.
3516 3525 41 16 Du-

3002 3545 68 22 vtvier,
3089 3546 79 19 d'après
3185 3546 67 17 Selma
3268 3547 110 19 ^agerloff.
3397 3547 22 16 L.
3437 3547 78 17 Jouvet.
3533 3547 21 17 P.

3003 3567 94 19 Fresnay.
3118 3567 64 17 Marie
3201 3568 48 17 Bell.
3270 3568 104 17 Micheline
3392 3568 96 20 Franccy.
3509 3569 47 16 Enf.

3003 3591 38 14 non
3056 3589 72 17 admis.

3026 3610 76 17 ROXY.
3117 3619 23 4 —
3153 3610 47 18 Mlle
3215 3610 92 18 Docteur.
3322 3611 23 17 P.
3359 3611 106 18 Blanchar.
3480 3611 24 17 V.
3518 3611 31 17 Ro-

3003 3635 76 14 mance.
3100 3632 22 22 P.
3143 3632 95 20 Fresnay.
3259 3633 22 17 L.
3303 3634 78 16 Jouvet.
3397 3633 34 17 *M.
3451 3634 105 16 Personne.

3002 3654 19 17 J.
3043 3654 67 22 Berry.
3130 3654 42 17 Jos.
3193 3655 55 16 Gaël.
3269 3655 47 17 Enf.
3336 3659 39 13 non
3394 3655 71 17 admis.

3027 3676 94 17 STUDIO
3136 3676 172 18 ARENRERC—
3325 3677 29 16 La
3367 3678 72 15 Source
3453 3680 39 13 aux
3509 3677 40 16 Lou-

3004 3699 74 18 foques.
3094 3697 80 17 Martha
3191 3698 60 19 Raye.
3269 3698 42 17 Bob
3327 3699 60 19 Hope.
3405 3698 57 20 Andy
3476 3698 79 17 Devine.

3026 3720 108 17 STUART.
3154 3727 23 6 —
3197 3720 92 17 Bonheur
3322 3724 36 13 en*
3377 3720 102 17 Location.
3513 3722 43 15 Ane

3002 3741 82 20 Bhir'ey.
3099 3740 58 20 Ruby
3171 3741 75 18 Keeler.
3262 3742 68 17 James
3345 3741 79 17 Ellison.
3439 3741 48 18 Enf.
3504 3741 46 18 adm

3027 3763 136 17 VARIETES.
3184 3771 22 5 —
3226 3763 60 17 Tétea
3305 3764 24 16 de
3349 3763 76 17 Pioche.
3446 3763 72 17 Laurel
3537 3765 18 15 et

3002 3784 74 20 Hardy.
3098 3785 62 19 Après
3190 3785 86 20 l'Orage.
3308 3785 73 17 Robert
3412 3785 143 20 Montgomery.

3003 3806 46 17 Enf.
3066 3806 71 17 admis.

3593 388 129 17 MONNAIE.
3740 396 26 6 —
3796 388 27 17 Ce
3856 388 102 16 dimanche
3976 391 24 13 en
4029 392 76 19 matindi

3570 415 11 10 c
3598 411 63 16 Faust
3677 415 17 12 3.
3713 410 112 19 Rappelons
3841 414 38 15 que
3895 409 121 18 dorénavant
4033 415 26 14 ica
4074 418 35 14 ma.

3571 433 62 16 tinées
3648 433 157 15 commenceront
3820 432 15 16 k
3851 432 22 16 15
3888 432 19 15 h.
3924 434 19 14 et
3958 435 37 15 que
4011 433 17 16 le
4043 435 68 20 théâtre

3572 455 43 15 Tera
3635 454 77 17 rellche
3731 454 18 17 le
3771 454 109 20 dimanche,
3900 456 24 13 ea
3943 456 68 18 CMrce.
4030 455 17 16 le
4066 457 44 20 1uq<u

3574 477 56 15 feauf
3648 476 18 16 le
3685 475 53 17 lundi
3759 475 22 17 13
3799 477 20 15 et
3838 475 17 17 le
3875 475 53 19 Jeudi
3950 476 39 16 1G).
4009 484 22 5 —
4048 477 62 24 Mardi,

3571 497 22 17 7^
3610 498 154 19 représentation
3782 498 23 16 de
3822 502 10 9 *
3849 497 29 16 La
3895 497 59 16 Roir.e
3971 496 111 23 Flanamettt
4095 494 15 27 »!

3570 528 24 5 —
3610 519 100 20 Mercredi,
3729 524 11 10 *
3755 520 29 16 La
3799 520 88 16 B:i-sociie
3902 524 17 11 ».
3936 527 18 4 —
3974 519 98 25 Vendredi,
4086 528 24 13 t*.

3571 542 52 19 prise
3638 543 24 15 de
3677 547 10 9 «
3704 542 43 16 Don
3762 541 103 19 Quichotte
3880 546 18 16 >,
3913 542 24 16 d«
3952 540 103 21 Macaenet.
4070 549 40 16 av^

3572 564 51 16 Mme
3642 564 95 16 Eolotlne.
3758 563 47 21 MM.
3824 563 23 17 c't
3865 563 72 16 Groote
3956 564 19 15 et
3994 564 85 21 Colonne,
4095 571 16 15 et

3572 586 17 16 ls
3609 586 60 16 ballet
3689 590 11 11 «
3731 586 30 16 En
3796 585 118 16 Bessarabie
3933 589 17 12 *.
3987 594 20 3 —
4037 588 68 19 Saine-*)

3571 611 11 11 «
3603 608 63 16 Faust
3687 612 17 12 ».
3727 615 24 4 —
3771 606 115 22 Dimanche,
3907 610 23 13 en
3952 607 89 20 matinée.
4060 614 9 11 <
4087 612 25 18 Lj

3572 630 88 17 Ba?3chj
3676 634 17 12 ».
3710 637 24 4 —
3750 629 27 17 Le
3792 629 53 16 lundi
3863 629 28 20 13,
3906 629 12 16 k
3934 629 23 16 '20
3972 630 18 15 h.
4006 630 29 17 30.
4051 635 61 18 un.fjue

3572 651 68 16 rtrltal
3655 651 23 16 de
3692 651 59 19 piano
3766 651 24 16 de
3804 650 51 17 Wi.lt
3857 654 22 13 er
3893 650 95 16 Rtimmel.

3597 673 74 16 PARC.
3689 680 25 5 —
3729 672 116 18 Dimanche,
3864 675 23 14 en
3904 671 86 19 matinée
4007 673 20 17 et
4042 677 22 15 en
4080 678 32 17 soi.

3572 694 39 22 rée,
3631 699 12 11 <
3663 694 27 17 M.
3713 694 18 17 le
3750 693 115 18 Trouhadec
3886 697 24 13 sa
3921 694 13 15 -s
3956 698 36 14 par
4011 695 19 16 la
4048 697 64 19 déoau*

3572 717 35 17 che
3628 721 18 13 »,
3669 717 24 15 de
3714 716 55 16 Jutes
3792 716 100 17 Rnmnin.i.
3917 719 47 13 avec
3987 716 44 17 Mlle
4052 718 61 21 Bertht

3572 738 76 19 Angely
3665 739 19 15 et
3700 738 27 16 M.
3744 738 86 19 Gorges
3845 737 66 20 Mony.

3596 760 57 16 Je.Ml
3675 760 18 16 0.
3718 759 95 20 première
3835 759 86 17 matinûe
3943 759 94 19 llt'Oralre
4057 762 21 18 de
4096 765 18 18 It

3572 783 66 15 f-ais-m
3659 786 10 10 «
3690 782 28 16 On
3739 785 24 13 ne
3783 781 71 16 badine
3875 785 36 15 pas
3930 785 48 13 avec
3998 782 82 19 l'Amour
4097 792 10 11 »

3572 804 91 17 d'Aifred
3680 804 23 16 de
3720 804 82 19 Musset,
3818 806 19 14 a*
3844 807 22 13 ec
3882 804 46 16 Mlle
3943 803 77 17 Martbe
4034 802 78 24 Dugard.'

3572 826 120 16 Conférence
3710 829 36 15 p.ir
3763 825 27 21 M_
3807 824 72 17 Lucien
3896 825 122 19 Christophe.

3596 848 79 16 Samedi
3691 847 21 16 11
3728 847 111 17 novembre,
3856 851 23 12 cn
3896 848 85 15 matince
3982 862 6 7 t
4001 848 56 19 Cycle
4070 851 36 18 clas-

3572 869 55 19 sique
3641 874 10 9 *
3665 868 89 17 L'Avare
3768 874 9 10 »
3792 870 23 15 de
3829 869 86 16 Molicre.

3596 889 136 18 GALERIES.
3750 898 23 5 —
3789 890 74 19 Depuis
3878 891 92 16 vendredi
3986 891 11 16 3
4013 895 98 21 novembre,

3572 913 87 15 création
3674 915 13 13 a
3702 912 101 17 Bruxelles
3817 913 24 16 de
3856 917 9 10 *
3882 912 48 17 Rien
3945 913 60 18 qu'un
4021 914 63 19 Baiser
4097 908 14 25 »'

3573 934 87 16 comédie
3685 934 94 16 musicale
3803 934 24 16 de
3851 934 86 18 Gc^rpes
3962 934 88 19 D??ance.
4073 932 41 25 aveé

3572 955 67 19 Kenry
3655 956 63 15 Carat
3736 957 19 15 et
3773 955 72 17 Davia.
3863 956 74 18 Sopîila
3953 956 80 22 Bctcny,
4049 959 64 19 Pjjbert

3573 978 68 16 Boss's
3659 978 20 16 et
3697 978 44 18 Guy
3759 977 48 17 Lou.
3828 977 93 22 Matinée,
3940 978 101 18 dimanche
4057 980 11 17 5
4084 985 28 14 no.

3573 998 86 18 vetabr*.

3586 1036 5 5 .
3596 1021 57 16 Cette
3675 1020 86 17 comédie
3781 1021 102 20 musicale,
3904 1021 62 19 pleine
3987 1022 23 16 de
4031 1023 48 17 pa!?ô
4096 1027 17 17 «t

3573 1042 23 17 de
3614 1041 106 20 fraîcheur,
3738 1046 46 13 sera
3800 1042 143 20 accompagnée
3960 1047 36 15 par
4011 1044 102 22 l'orchestre

3573 1064 88 17 d'André
3679 1064 106 17 Fclleman.

3595 1085 57 17 Jeudi
3665 1086 12 16 9
3692 1086 110 19 novembre,
3816 1086 86 17 matinée
3916 1087 110 17 enfantine:
4040 1092 9 11 «
4063 1090 50 18 Btan*

3573 1108 36 16 che
3623 1108 61 17 Keipe
3699 1108 19 16 et
3734 1108 28 16 les
3777 1108 12 16 7
3803 1108 64 16 Nains
3881 1112 18 12 >.

3598 1130 153 16 AI.ir.\M«RA.
3766 1138 25 4 —
3805 1130 52 16 Tous
3873 1134 49 12 ceux
3936 1131 33 18 qui
3984 1132 34 15 ont
4032 1136 23 12 vu
4069 1138 9 11 «
4091 1134 23 18 La

3573 1150 53 17 Tour
3643 1151 26 16 du
3687 1151 71 17 Monde
3776 1155 25 13 cn
3820 1152 23 16 80
3862 1152 59 16 Jours
3941 1156 11 10 >
3970 1153 75 18 parlent
4061 1156 21 16 de
4097 1157 17 17 la

3573 1173 85 20 richesse
3671 1174 20 15 et
3705 1173 24 17 de
3744 1173 18 16 la
3777 1173 71 17 beauté
3862 1174 25 17 de
3900 1177 22 13 ce
3935 1174 119 20 magnifique
4066 1180 46 17 spec.

3574 1194 57 20 tae!e,
3652 1194 24 17 de
3696 1195 131 19 l'ingéniosité
3847 1196 20 15 et
3886 1195 24 17 de
3930 1196 20 15 la
3968 1196 100 19 splendeur
4085 1200 28 18 des

3574 1216 68 17 décors
3657 1217 24 15 <t
3698 1216 34 17 des
3749 1217 106 19 costumes,
3871 1217 35 16 des
3922 1217 94 20 cortèges,
4032 1219 32 17 des
4078 1220 28 19 bal-

3575 1238 43 16 lets.
3640 1238 58 16 Voilà
3716 1238 45 17 bien
3781 1239 18 16 le
3818 1239 98 18 cpoctacîe
3936 1239 51 17 idéal
4006 1240 23 17 de
4049 1242 65 19 famille

3573 1260 33 19 qui
3625 1263 69 14 amuse
3713 1262 20 14 et
3752 1261 102 16 enchante.

3599 1281 27 17 Ce
3650 1282 51 21 jour,
3724 1282 93 18 mat'née.
3841 1282 14 16 k
3877 1282 24 17 14
3923 1283 20 16 h.
3968 1283 29 17 30.
4021 1284 62 21 soirée,
4104 1287 11 18 k

3575 1303 23 16 20
3618 1304 19 16 h.
3660 1304 29 20 15.
3711 1304 112 19 Rcppelons
3843 1304 48 19 qu'il
3912 1308 13 15 y
3944 1307 14 13 a
3977 1305 34 16 des
4030 1308 84 18 matinéa

3575 1326 45 16 tous
3639 1326 28 15 les
3685 1325 70 21 Jeudis,
3775 1326 86 16 samedis
3879 1327 20 16 et
3918 1326 118 17 dimanches.

3600 1354 86 18 GAITE.
3707 1363 25 5 —
3753 1355 137 19 Aujourd'hui,
3913 1359 22 13 en
3957 1356 84 18 matinée
4060 1359 18 16 et
4095 1363 20 15 en

3575 1376 62 17 soirée
3660 1375 34 20 (16
3713 1377 19 16 h.
3753 1378 19 15 et
3792 1377 24 16 20
3834 1377 19 17 h.
3874 1376 33 17 301
3912 1391 4 7 ,
3935 1377 51 17 deux
4005 1379 110 19 représenta,

3575 1398 51 16 tlon-s
3643 1398 23 17 de
3682 1398 19 16 la
3717 1399 122 19 matjnlfiquo
3855 1404 9 9 *
3881 1399 66 17 Revue
3961 1400 24 16 de
4000 1400 20 16 la
4034 1401 52 18 Galtô
4098 1408 15 15 »,

3574 1420 24 17 de
3615 1420 48 16 Noël
3681 1420 71 21 Barcy,
3770 1421 117 19 interprétée
3905 1421 165 19 mcslctralcment
4085 1428 30 16 par

3575 1442 72 16 Esther
3665 1442 98 17 Dc'.tenre.
3782 1442 79 17 Rittclie
3878 1444 20 15 et
3916 1443 96 19 Fcrterct,
4031 1445 31 17 Jef
4078 1446 37 18 Mil.

3575 1463 33 18 1er,
3624 1462 23 23 T_
3661 1463 68 21 Early,
3744 1464 49 16 Paul
3807 1464 83 20 France.
3904 1464 23 17 G.
3942 1464 65 22 Letty,
4021 1466 63 17 Fannv
4096 1469 19 17 de

3575 1484 55 19 Real,
3653 1485 114 17 l'humorlse
3788 1486 73 17 Marcel
3882 1487 84 16 Antoine
3985 1487 33 19 qui
4038 1489 77 20 prérentt

3575 1510 34 13 son
3624 1507 102 19 populaire
3741 1508 76 16 Rlache.
3835 1507 38 18 Les
3889 1508 22 16 12
3925 1508 60 20 Gaity
3999 1509 56 17 Glrls.
4070 1511 45 21 Tony

3575 1528 53 17 Vaes
3643 1530 20 15 et
3679 1533 35 13 son
3730 1530 106 16 orchestre.

3598 1550 95 17 Location
3708 1551 24 16 de
3747 1552 23 16 10
3784 1552 20 16 h.
3820 1552 24 16 30
3857 1551 14 17 k
3886 1552 24 16 20
3924 1552 20 17 h.
3962 1552 42 20 (tél.
4020 1553 87 21 17.16.90)

3600 1571 176 18 VAUDEVILLE.
3794 1581 25 4 —
3836 1578 11 10 «
3864 1573 29 17 La
3909 1573 66 18 Rsvue
3991 1574 23 17 33
4031 1579 10 11 »
4056 1568 60 28 éclipsa

3575 1594 66 17 tou'es
3656 1595 28 16 les
3699 1594 125 20 précédentes
3840 1595 19 16 et
3874 1599 21 12 ce
3909 1595 53 18 n'est
3978 1600 35 15 pas
4027 1601 35 15 peu
4074 1598 40 19 dire.

3575 1615 54 17 C'est
3646 1620 26 13 un
3688 1616 43 17 vrai
3748 1616 53 20 régal
3817 1617 90 19 d'esprit,
3922 1618 24 16 de
3960 1618 62 17 eatlre
4035 1619 19 16 et
4068 1621 40 17 d'hu-

3575 1641 63 15 mour,
3657 1638 50 16 dans
3724 1638 62 20 lequel
3803 1642 36 13 nos
3857 1639 85 19 grandes
3960 1640 86 17 vedettes
4062 1643 53 17 natla.

3576 1660 61 19 nalcs,
3661 1660 88 18 Gustave
3771 1660 74 17 Llbcau
3868 1662 19 15 et
3910 1661 74 16 Marcel
4005 1662 56 18 Rcels
4081 1665 35 18 foot

3576 1682 105 16 mervcKle.
3702 1682 27 16 IÎ3
3746 1683 46 16 sont
3810 1683 102 16 d'ailleurs
3930 1684 90 16 entouré*
4037 1688 35 16 par
4085 1689 31 15 une

3577 1703 150 19 interprétation
3749 1704 24 16 de
3795 1704 56 16 choix
3876 1708 5 13 :
3917 1705 104 17 Germa-'ne
4053 1707 62 21 Brolta,

3576 1724 52 17 Léon
3645 1725 72 19 Carny,
3736 1725 57 20 Giby
3810 1726 97 20 Haublen.
3924 1726 103 20 Llverdan.
4042 1727 69 21 Louard

3576 1746 51 17 Fred
3646 1747 62 18 Colin,
3730 1747 71 17 Prtval
3820 1747 83 17 M^hele
3922 1748 68 19 Ro7ct.
4010 1749 48 20 Bllly
4075 1745 41 27 Put,'

3576 1768 48 17 Max
3642 1769 69 16 JorriB.
3732 1769 46 22 etc.,
3809 1772 48 14 avec
3889 1770 110 17 l'excellent
4029 1772 87 19 orchestre

3577 1790 101 19 d'Edgard
3696 1791 65 16 Roeîs.

3601 1811 27 17 Ce
3643 1812 51 18 Jour,
3712 1812 109 22 dimanche,
3838 1813 93 22 matinée,
3946 1814 14 16 k
3975 1814 23 16 15
4013 1815 30 19 h.;
4057 1816 54 18 soirée

3576 1836 13 13 a
3603 1833 24 17 20
3643 1834 19 16 h.
3678 1834 30 16 30.

3601 1862 124 18 MOLIERE.
3742 1872 24 4 —
3781 1863 138 19 Aujourd'hui,
3938 1864 13 17 k
3965 1865 24 16 15
4003 1865 28 19 h.,
4046 1870 23 13 en
4081 1871 29 14 ma-

3577 1884 57 19 tinée,
3652 1885 19 16 et
3686 1884 14 16 à
3715 1884 24 17 20
3756 1885 18 16 h.
3792 1885 29 18 30.
3840 1890 23 12 en
3879 1886 69 21 soirée,
3965 1886 50 17 deux
4030 1887 86 19 dernières

3578 1906 167 19 représentations
3760 1907 24 17 de
3801 1911 10 11 «
3829 1907 28 16 La
3873 1907 79 18 Chance
3967 1912 18 14 ».
4002 1909 24 17 de
4040 1909 45 18 Jean
4098 1911 19 17 de

3577 1927 78 17 Lntraz.
3676 1928 38 17 Les
3733 1929 101 16 amateurs
3854 1929 24 17 de
3897 1929 64 20 pièces
3979 1930 53 19 gaies
4050 1931 67 19 doivent

3577 1949 49 16 donc
3640 1954 21 12 se
3675 1950 64 22 hftter_
3754 1952 16 15 A
3787 1950 64 20 partir
3863 1951 24 17 de
3902 1952 84 20 demain,
4001 1952 13 16 k
4027 1953 22 16 20
4062 1953 17 17 h.
4091 1954 21 17 30

3578 1971 111 19 représenta
3693 1972 51 16 tions
3762 1972 23 17 de
3805 1977 10 10 *
3834 1973 65 18 Sapho
3916 1978 17 14 ».
3951 1977 48 13 avec
4015 1974 59 18 Cécile
4088 1977 22 16 Bo-

3577 1993 34 19 rd,
3632 1993 137 18 ex-soclétalre
3788 1995 23 16 de
3831 1995 21 16 la
3869 1995 209 20 ComSrlIe-Françalse.
4095 1998 22 17 Le

3578 2015 44 19 prix
3637 2016 99 16 ord'nalre
3753 2016 34 17 des
3805 2016 65 20 places
3887 2020 13 13 a
3916 2017 32 17 été
3965 2017 98 18 maintenu
4077 2023 41 16 pour

3578 2040 32 13 ces
3633 2038 167 18 représentations
3823 2039 172 16 extraordinaires.
4020 2040 28 16 En
4069 2042 41 16 mati-

3577 2059 46 16 nées
3642 2059 102 19 spécules,
3766 2060 28 17 les
3815 2060 53 19 jeudi
3887 2060 12 17 9
3919 2061 20 16 et
3957 2062 75 16 samedi
4052 2062 20 17 11
4089 2066 21 14 no-

3579 2081 84 17 vembre.
3683 2081 64 17 Cécile
3763 2082 69 18 jouera
3850 2082 98 17 Célimène
3965 2083 50 18 dano
4030 2083 18 19 I#
4063 2088 10 12 «
4087 2084 23 18 Mi-

3577 2103 107 19 santhrope
3700 2107 17 15 ».
3734 2103 24 16 de
3773 2103 80 17 Molière
3877 2104 29 16 La
3921 2105 84 16 location
4020 2108 47 16 pour
4080 2107 37 17 tous

3578 2128 32 13 ces
3626 2125 109 18 spectacles
3751 2126 31 15 est
3797 2125 81 17 ouverte
3895 2126 24 17 de
3936 2127 22 15 11
3974 2126 14 16 à
3997 2127 28 19 .19
4041 2128 77 19 h.,.tou»

3578 2146 28 16 les
3623 2146 61 18 jours.

3603 2168 103 17 PATRIA.
3725 2176 26 6 —
3767 2168 28 17 Le
3813 2169 68 17 Cercle
3899 2173 11 11 «
3928 2170 79 17 Science
4024 2170 19 17 et
4061 2171 32 17 Art
4108 2176 10 12 »

3578 2190 92 18 organise
3687 2190 14 16 k
3719 2190 106 17 l'occasion
3843 2191 26 16 du
3888 2191 91 17 réveillon
3997 2192 24 17 de
4038 2191 45 20 NoM
4096 2196 22 15 m

3578 2211 47 19 gala
3643 2214 26 13 au
3688 2212 61 19 profit
3766 2212 26 16 du
3810 2213 100 16 réconfort
3927 2217 40 12 aux
3984 2214 80 17 soldats,
4081 2215 14 16 n
4107 2219 12 16 y

3578 2236 45 14 sera
3643 2233 90 19 présenté
3754 2237 37 14 une
3811 2237 58 14 revue
3889 2235 24 16 de
3932 2235 65 17 Mario
4015 2235 42 17 Van
4075 2237 43 20 Oorp

3579 2255 88 16 Intitulée
3682 2259 11 11 c
3707 2255 31 17 Un
3751 2256 48 16 vent
3813 2256 24 17 de
3852 2256 57 17 folles
3923 2261 11 11 »
3948 2260 35 13 Hur
3998 2257 18 17 le
4028 2258 70 17 monde.

3602 2284 123 17 THEATRE
3741 2285 134 18 FLAMAND.
3891 2294 24 4 —
3929 2286 57 17 Trois
4000 2287 53 17 actes
4066 2289 46 19 capti-

3578 2307 60 15 vants
3659 2306 59 17 d'une
3739 2307 102 16 fraîcheur
3862 2308 94 22 extrême,
3978 2308 49 17 dans
4048 2310 71 18 .esqueli

3577 2327 46 17 sont
3641 2328 103 17 racontées
3760 2329 28 16 les
3805 2329 129 17 émeuvantes
3952 2330 103 17 aventures
4069 2331 50 18 d'une

3579 2350 117 16 charmante
3710 2350 58 18 jeune
3785 2351 48 16 f!I!e.
3850 2351 60 16 Voilà
3924 2355 22 13 ce
3961 2355 38 15 que
4013 2356 48 13 nous
4074 2353 45 17 offre

3579 2376 10 10 *
3607 2371 39 17 Het
3662 2372 70 19 Mei3je
3748 2373 19 15 in
3784 2373 24 16 de
3824 2373 98 17 Schnduw
3937 2377 17 16 »,
3970 2374 22 16 la
4006 2374 45 19 jolie
4064 2375 47 17 comé-

3579 2393 31 16 die
3628 2397 24 13 en
3668 2393 12 17 3
3697 2394 55 17 actes
3769 2395 24 16 de
3809 2395 76 16 Walter
3900 2395 50 17 Ellis
3966 2397 20 15 et
4001 2396 35 19 qui
4048 2400 71 16 marqnt

3578 2412 27 19 fau
3621 2418 125 17 programme
3761 2416 24 17 de
3800 2420 21 13 ce
3836 2417 104 17 dimanche
3954 2417 12 17 5
3980 2418 106 18 novembre,
4099 2421 20 14 es

3579 2437 87 17 matinée
3684 2438 20 16 et
3722 2441 24 13 en

3579 2460 54 15 aussi
3651 2459 13 16 à
3682 2463 49 13 ceux

3577 2481 12 16 9
3604 2481 111 20 novembre,

3603 2511 91 17 FOLIES
3696 2511 139 22 -BERGERE-.
3849 2519 26 5 —
3888 2512 28 16 Le
3931 2516 12 11 <
3958 2512 84 20 Boomps
4055 2512 13 17 à
4080 2513 40 17 Dal-

3578 2535 25 16 sy
3619 2537 18 15 -.
3654 2532 21 17 la
3692 2533 89 18 nouvelle
3800 2534 61 16 danse
3878 2533 14 17 à
3911 2534 63 19 grand
3992 2535 71 19 succès,
4080 2538 40 15 avec

3579 2554 28 17 les
3621 2555 47 19 gfrlj
3681 2556 20 16 et
3715 2555 17 16 le
3747 2555 71 22 public,
3833 2556 102 17 tambours
3948 2557 20 15 et
3982 2557 86 17 clairon/,
4082 2560 29 13 .con-

3579 2576 43 16 duit
3635 2576 14 16 à
3662 2577 20 16 la
3695 2577 82 16 victoire
3792 2580 37 13 -îar
3843 2578 53 16 Alice
3910 2577 65 22 Meva,
3991 2578 79 19 quelque
4081 2579 38 19 part

3581 2601 23 14 en
3631 2598 99 20 Belgique,
3757 2601 48 14 avec
3830 2598 127 22 Vaeretvyck,
3983 2599 91 20 Devuyst.
4097 2601 21 15 M.

3579 2619 73 18 Orban.
3673 2620 29 17 les
3720 2620 107 17 chanteurs
3846 2621 107 20 Morrlsspn
3974 2622 19 16 et
4011 2621 43 20 Llly
4070 2622 43 17 Geor-

3579 2645 40 15 ges,
3634 2641 11 17 3
3659 2642 54 17 clous
3728 2643 55 16 entre
3796 2642 24 17 38
3834 2643 67 16 autres
3915 2643 67 17 succès
3995 2643 24 17 de
4031 2644 20 16 la
4062 2647 50 16 super-

3579 2666 58 14 revue
3651 2663 117 18 bruxellolre
3783 2668 11 11 <
3808 2665 80 17 Brussel
3902 2665 76 16 Neuter
3992 2669 11 11 »
4016 2666 32 18 qui
4061 2666 51 16 triom-

3579 2685 37 18 phe
3635 2686 44 16 tous
3697 2685 29 17 les
3741 2686 52 16 soirs
3810 2690 41 13 aux
3868 2686 163 20 Folies-Bergère.
4049 2687 63 17 Diman-

3579 2706 42 19 che,
3639 2707 93 17 matinée.

3604 2729 136 17 ANCIENNE
3757 2729 139 20 BELGIQUE.
3915 2739 26 4 —
3957 2730 95 20 Jusqu'au
4068 2731 10 17 9
4092 2735 22 13 no-

3580 2751 80 16 vembre
3687 2754 6 13 :
3718 2751 38 16 Les
3781 2752 72 18 quatre
3875 2752 75 18 Gilson.
3976 2752 144 20 trempling-act;

3579 2772 101 20 Gaston's.
3697 2772 109 20 Jongleurs;
3824 2774 28 16 les
3868 2773 120 19 Sawarthos,
4006 2775 113 18 cascadstin;

3579 2793 29 17 les
3622 2794 102 21 Georgy's,
3741 2795 108 19 perchistes
3864 2796 21 17 et
3897 2796 47 16 José
3959 2796 109 20 Rosenberg
4080 2798 40 15 avec

3580 2819 36 13 son
3636 2816 62 18 gT3nd
3717 2817 107 17 orchestre.

3605 2837 57 18 MON
3675 2838 121 18 VILLAGE.
3812 2847 24 4 —
3849 2839 138 21 Aujourd'hui,
4001 2839 14 17 à
4029 2840 22 16 15
4063 2840 19 17 h.
4095 2839 25 19 38,

3581 2859 175 17 irrévocablement
3773 2860 88 17 dernière
3878 2860 87 18 matinée
3981 2862 24 16 de
4022 2866 11 11 <
4050 2861 46 17 Tous
4109 2861 12 17 k

3582 2881 63 17 l'Abri
3670 2885 18 17 »,
3713 2882 173 17 l'extraordinaire
3911 2886 59 14 revue
3995 2884 34 18 qui
4053 2883 68 16 totalise
4127 2883 12 18 \

3580 2902 47 19 déjà
3648 2903 44 19 plus
3713 2903 24 17 de
3759 2903 23 17 50
3805 2904 167 20 représentations
3992 2904 67 17 consêc
4066 2906 53 15 ttives.

3580 2925 73 20 Soirée,
3669 2925 13 16 à
3698 2925 24 16 20
3737 2925 20 17 h.
3774 2926 12 16 3
3787 2926 18 16 0.

3605 2946 34 17 LE
3659 2947 139 17 PERUCHET
3820 2948 152 17 (Marionnettes
3992 2948 73 19 d'Art).
4085 2948 35 19 1M,

3580 2968 95 17 chauscée
3693 2968 25 18 de
3735 2969 109 17 Charlerol.
3863 2978 26 4 —
3907 2970 129 19 Aujourd'hui
4055 2970 58 17 diman-

3580 2990 42 20 che,
3639 2990 14 16 à
3669 2991 23 16 15
3708 2991 27 21 h.,
3753 2991 86 16 matinée
3856 2992 109 16 enfantine.
3984 2993 32 15 An
4031 2995 89 16 proirram-

3579 3014 38 15 me.
3632 3012 18 17 le
3662 3013 45 18 plus
3719 3016 46 15 gros
3776 3014 69 16 soecès
3859 3014 24 16 de
3896 3014 92 16 Pcrrau'.t
4000 3018 11 11 «
4023 3014 29 16 La
4063 3014 57 17 Féerie

3580 3034 24 17 ds
3620 3034 112 17 Cendrillon
3747 3039 18 17 »,
3781 3039 38 12 une
3834 3036 135 16 merveilleuse
3984 3035 137 20 interprétation
4133 3048 20 10 _,

3580 3056 86 16 enrichie
3684 3056 49 17 d'un
3750 3058 85 18 superbe
3851 3057 68 17 ballet.
3937 3058 59 20 Tous,
4013 3061 47 13 vous
4076 3058 37 15 vien-

3580 3077 46 17 drez
3640 3078 45 16 voir
3696 3082 27 12 un
3737 3079 144 17 chef-d'œuvre
3895 3080 35 16 des
3944 3079 138 17 marionnettes
4093 3075 28 23 qni

3581 3103 45 13 sera
3642 3100 51 16 suivi
3710 3100 35 17 de3
3761 3101 73 16 clowns
3850 3101 29 17 les
3894 3101 45 20 plus
3955 3101 120 17 fantasnues.
4090 3100 24 17 Lo-

3580 3121 67 17 cation
3662 3122 25 16 de
3702 3122 24 16 10
3740 3121 14 18 k
3767 3123 25 16 14
3805 3123 20 16 h.
3845 3123 44 18 (tél.
3906 3123 106 18 37.26.63).
4027 3123 59 18 Visite
4098 3123 23 16 do

3581 3143 68 17 Musée
3667 3143 24 17 de
3709 3144 20 16 la
3746 3143 139 18 Marionnette.

3006 3858 93 34 Institut
3124 3858 156 39 St-Berthain,
3309 3858 249 33 Maionne-iez-Namur

3032 3905 26 19 48
3074 3903 80 22 élèves
3169 3905 29 20 de
3214 3905 121 22 Malcnne,
3348 3909 44 16 sur
3405 3903 29 21 50
3447 3903 112 25 rappelée

3004 3935 16 21 à
3042 3931 121 20 l'examen
3187 3930 60 21 oral,
3270 3930 44 20 ont
3337 3929 80 21 réussi
3440 3930 118 19 l'examen

3006 3956 157 22 d'admission
3181 3957 16 21 à
3215 3956 90 22 l'Ecole
3322 3955 95 26 Royale
3434 3954 124 22 Militaire.

3031 3983 26 21 27
3071 3982 58 21 sont
3142 3981 93 22 classés
3247 3987 31 16 en
3290 3982 72 21 ordre
3376 3982 60 25 utile
3451 3988 6 15 :
3471 3981 28 22 10
3510 3986 48 16 aux

3006 4014 82 15 armes
3102 4008 127 27 spéciales,
3245 4009 27 20 17
3290 4013 48 18 aux
3353 4013 83 17 armes
3451 4008 108 25 simples.

3031 4036 14 20 2
3065 4035 59 21 sont
3147 4034 92 22 classés
3260 4035 36 20 les
3319 4035 63 21 deux
3403 4038 120 22 premiers
3544 4033 15 20 à

3004 4060 123 25 l'épreuve
3142 4060 127 23 littéraire,
3283 4065 44 17 sur
3340 4061 41 21 710
3395 4059 137 22 candidats.

3031 4089 14 19 9
3064 4086 87 24 élèves,
3168 4092 45 16 sur
3230 4089 14 19 9
3263 4086 135 25 présentés,
3417 4088 44 20 ont
3480 4086 79 22 réussi

3005 4114 119 20 l'examen
3143 4112 160 23 d'adrtilssiOii
3330 4117 49 17 aux
3406 4111 154 23 Universités

3009 4140 99 22 tEcolefi
3124 4138 131 27 spéciales)
3275 4139 59 22 dont
3350 4141 23 20 le
3389 4140 43 20 1er
3446 4141 17 22 à
3480 4138 80 26 Liège,

3005 4166 97 21 session
3120 4167 30 20 de
3168 4165 81 26 juillet
3266 4165 25 22 et
3308 4167 23 20 le
3349 4167 41 20 1er
3407 4165 17 21 à
3443 4165 118 25 Louvain,

3005 4193 95 20 session
3119 4192 129 20 d'octobre.
3480 4192 77 21 (1892J

3735 2424 11 8 c
3761 2424 24 9 uc
3800 2424 21 9 est
3836 2424 104 10 usiucuiisuc
3954 2424 12 10 o
3981 2424 25 10 ii'j
4010 2429 4 4 .
4020 2424 8 10 e
4031 2424 17 9 ni
4051 2424 34 12 ure,
4099 2424 20 11 m

3735 2442 11 12 n
3764 2438 64 18 «t,!ri>
3850 2439 34 17 (15
3901 2439 20 16 h.
3940 2439 24 16 3C
3983 2440 20 16 et
4020 2439 23 17 20
4059 2440 27 21 h.)
4103 2441 17 17 et

3750 2460 25 16 du
3793 2459 55 18 Mndi
3866 2460 17 21 6,
3901 2461 95 17 mercredi
4012 2461 12 17 8
4041 2462 18 16 et
4074 2462 44 19 Jeudi

3735 2481 8 16 k
3756 2482 24 16 20
3791 2473 21 26 S.

3582 3217 183 39 TABLEAU
3788 3217 74 39 DES
3883 3217 237 40 SPECTACLES

3699 3307 139 18 DIMANCHE
3849 3309 12 16 5
3873 3308 143 17 NOVEMBRE

3789 3366 137 18 THEATRES

3582 3396 99 18 Monnaie.
3693 3405 26 5 —
3731 3396 24 17 15
3767 3396 20 17 h.
3805 3400 7 13 :
3825 3401 11 11 «
3849 3397 63 16 Faust
3924 3400 21 15 »;
3958 3397 18 16 le
3989 3396 46 19 soir,
4047 3394 73 18 relâche.

3581 3417 59 23 Pare.
3653 3426 30 15 —,
3692 3418 23 17 14
3729 3419 20 16 h.
3767 3419 24 16 45
3804 3419 21 16 et
3839 3418 25 17 20
3877 3419 20 16 h.
3913 3419 23 16 45
3953 3421 6 14 :
3974 3422 11 12 <
3998 3418 27 17 M.
4040 3418 17 17 le
4069 3417 52 16 Trou-

3606 3440 62 17 hadea
3684 3440 50 17 saisi
3749 3443 37 16 par
3801 3440 21 17 la
3838 3440 100 17 débauche
3952 3444 20 13 >.

3582 3462 96 17 Galeries.
3692 3470 26 5 —
3734 3462 23 17 15
3771 3462 20 17 h.
3808 3463 21 16 et
3842 3462 25 17 20
3881 3463 20 16 h.
3917 3462 24 17 CO
3960 3465 7 14 :
3982 3466 12 12 «
4009 3461 48 17 Rien
4070 3460 51 20 qu'un

3606 3484 71 16 Baiser
3692 3487 20 14 >.

3582 3506 118 17 Alhambra.
3719 3513 26 5 —
3762 3506 23 16 14
3803 3506 21 16 h.
3845 3505 24 17 30
3887 3506 21 16 et
3926 3505 24 17 20
3967 3506 20 16 h.
4008 3505 24 17 15
4050 3507 7 15 :
4073 3507 13 13 <
4098 3502 35 18 Lf'

3605 3526 54 18 Tour
3672 3528 27 16 du
3713 3527 71 17 Monde
3798 3531 24 13 en
3835 3527 25 17 80
3872 3528 60 16 Jours
3944 3531 12 12 »

3582 3549 66 17 Galte.
3663 3557 26 4 —
3704 3549 24 17 15
3743 3549 21 17 h.
3781 3550 21 16 et
3818 3549 23 17 20
3856 3550 21 17 h.
3893 3549 25 18 30
3935 3552 7 14 :
3959 3553 12 12 «
3985 3549 30 17 La
4028 3548 61 18 Revue
4102 3547 19 16 de

3607 3571 21 16 la
3643 3571 59 16 Galte
3718 3575 19 13 >.

3584 3592 114 17 Vaudeville
3719 3600 24 6 —
3758 3593 24 16 15
3795 3593 20 16 h.
3831 3593 20 17 et
3865 3592 24 17 20
3902 3593 21 17 h.
3939 3593 24 17 30
3979 3595 7 15 :
4000 3596 12 12 <
4024 3591 29 17 La
4065 3591 57 16 Revui

3606 3615 27 16 du
3646 3614 115 17 Vaudeville
3775 3615 23 16 39
3814 3618 18 13 y.

3582 3635 88 18 Molière.
3683 3644 26 5 —
3722 3636 23 17 15
3759 3637 19 16 h.
3793 3637 21 16 et
3826 3636 24 17 20
3863 3636 20 17 h.
3897 3635 25 18 30
3937 3639 7 14 :
3957 3639 12 12 «
3982 3636 30 16 La
4024 3635 71 17 Chance
4105 3637 15 12 >.

3582 3657 86 18 Théitre
3681 3657 106 18 Flamand.
3800 3666 25 4 —
3837 3658 24 16 15
3872 3658 21 17 h.
3907 3658 25 17 30
3947 3658 20 17 et
3979 3658 24 17 20
4016 3660 20 14 n.
4050 3660 7 14 :
4068 3660 11 12 <
4088 3653 35 19 Bit

3608 3679 70 19 Meisje
3691 3680 20 16 in
3725 3680 25 16 de
3763 3679 98 17 Schaduw
3873 3683 19 13 ».

3583 3701 167 19 FoHes-Bersere.
3766 3708 26 6 —
3809 3701 23 17 15
3848 3702 20 16 h.
3886 3701 21 17 et
3922 3699 24 19 20
3963 3701 15 17 h
4002 3704 8 14 :
4027 3704 12 13 «
4054 3696 69 20 BruaMi

3606 3723 75 17 Neuter
3695 3726 18 14 ».

3607 3745 173 17 MUSIC-HALLS
3794 3745 34 17 ET
3842 3744 162 19 SPECTACLES
4017 3741 87 19 DIVERS

3583 3767 100 17 Ancienne
3700 3767 99 19 Belgique.
3815 3775 26 4 —
3857 3768 19 16 A
3891 3767 65 19 partir
3971 3767 25 16 de
4010 3766 23 17 14
4047 3765 18 17 h.
4080 3763 21 18 30
4115 3765 6 15 !

3607 3788 121 17 Music-hall.

3582 3809 47 18 Mon
3644 3810 84 19 VIHaee.
3741 3818 26 5 —
3779 3810 23 17 15
3815 3810 14 17 h
3849 3810 24 17 30
3886 3810 20 17 et
3918 3810 24 18 20
3953 3810 21 17 h.
3988 3809 32 18 30:
4034 3813 11 12 c
4056 3808 45 17 Tow
4110 3805 12 17 *

3606 3832 64 16 l'Abri
3691 3835 18 13 ».

3584 3855 58 17 Cnity
3661 3854 86 18 Cabaret
3764 3854 98 19 Dancing.
3880 3862 22 5 —
3921 3854 64 17 Soirée
4002 3852 13 18 à
4032 3851 57 21 partir
4102 3849 20 18 4*

3607 3875 24 17 20
3654 3876 75 16 heures,
3756 3877 7 13 t
3768 3876 123 16 Attraction»
3913 3875 104 17 diverses).

3583 3897 28 17 Le
3628 3896 97 18 Pérnchet
3744 3897 152 18 (Marionnettes
3912 3897 77 21 d'Art),
4006 3896 40 21 104,
4061 3895 38 17 chai
4115 3899 6 5 •

3608 3918 32 17 sée
3656 3919 23 16 de
3696 3918 120 19 Charlerol).
3832 3927 25 4 —
3872 3919 23 17 15
3909 3919 31 17 h.:
3957 3923 12 12 «
3983 3918 31 17 La
4028 3916 61 21 Féerie
4101 3914 20 18 i»

3607 3940 113 17 Cendrillon
3735 3945 11 11 »
3763 3941 20 16 et
3799 3940 28 17 les
3843 3940 79 18 clowns.

3135 4217 3 3 '
3150 4218 73 11 »•■»■•
3233 4216 179 13 *-»•*-•*»*»'•*»•»
3418 4217 8 12 4

3057 4240 61 37 Les
3137 4240 120 38 stocks
3278 4252 19 21 «
3318 4238 138 40 visibles
3476 4253 20 20 »

3001 4292 43 38 de
3055 4292 147 40 froment
3214 4292 165 38 canadien
3391 4291 167 39 s'élèvent

3066 4343 21 39 à
3107 4344 140 38 environ
3274 4344 40 38 12
3335 4344 161 38 milliards

3067 4395 72 39 530
3164 4394 142 41 millions
3332 4396 43 39 de
3401 4395 95 40 litres

3191 4471 128 27 Londres,
3336 4471 15 23 4
3368 4472 153 24 novembre.

3042 4501 34 23 Le
3091 4501 64 24 haut
3171 4500 183 25 commissaire
3370 4502 36 24 du
3422 4502 107 24 Canada
3544 4509 15 17 a

3003 4538 63 22 reçu
3081 4531 128 26 d'Ottawsi
3224 4538 35 18 un
3272 4530 170 32 télégramme
3455 4538 90 19 annon-

3003 4564 61 27 çant
3081 4562 78 30 qu'au
3175 4560 32 25 27
3224 4562 109 24 octobre
3358 4562 38 24 les
3411 4562 91 25 stocks
3517 4569 26 17 vi-

3003 4592 81 23 sibles
3114 4591 33 24 de
3177 4592 115 23 froment
3322 4592 132 24 canadien
3483 4591 62 26 s'éle-

3004 4622 88 23 vaient
3114 4622 15 24 à
3149 4620 164 29 340,084,502
3334 4621 117 25 bushels.
3474 4621 81 27 (Reu-

3003 4651 62 26 tr.)

3038 4682 40 22 (N.
3097 4682 29 20 D.
3145 4682 27 21 U
3190 4681 42 22 R.)
3253 4682 40 22 Un
3310 4682 89 21 buashol
3418 4682 38 21 ert
3475 4682 54 26 égal
3547 4683 16 22 à

3003 4707 13 19 S
3031 4707 103 25 gr.llons,
3147 4708 50 22 soit
3212 4708 27 20 38
3254 4708 70 21 l'.trei
3338 4708 33 24 85.
3387 4709 58 21 Cela
3460 4709 48 21 tait
3524 4714 32 16 un

3008 4733 63 21 total
3095 4733 128 22 d'environ
3247 4734 27 21 12
3297 4734 124 23 milliards
3445 4735 41 22 5130
3510 4736 44 20 mil-

3008 4760 63 20 lions
3091 4761 30 20 de
3140 4759 70 23 litres
3230 4761 30 21 de
3280 4761 117 24 froment.

3824 3971 83 20 ■©•e*-

3717 4000 70 37 LES
3824 4000 182 38 CHANGES

3856 4080 88 17 Londres
3969 4079 12 18 4
3999 4077 101 22 novembre.

3608 4101 93 21 Belgique
3725 4105 24 14 en
3772 4101 88 22 belgas»),
3883 4101 104 18 2100-2420
3991 4106 6 14 s
4019 4100 53 18 P»rU
4094 4098 36 24 (M,

3586 4123 86 19 francs),
3702 4123 90 20 1T8-177T
3818 4124 66 17 Suisse
3912 4125 34 18 (en
3971 4124 83 19 straniss),
4076 4119 46 18 H80-

3584 4145 56 19 1705;
3657 4146 127 16 Amsterdam
3802 4146 34 17 (en
3851 4146 89 21 florins),
3957 4144 87 20 752-758;
4058 4142 55 19 Copen-

3584 4166 64 20 hague
3662 4168 34 17 (en
3709 4168 126 19 couronnes),
3847 4167 57 20 2100;
3918 4167 111 17 Stockholm
4043 4166 30 17 (en
4084 4165 30 15 cou-

3584 4190 90 17 ronnes).
3692 4188 114 19 1670-1690:
3823 4189 46 17 Oslo
3887 4190 34 16 (en
3937 4188 122 18 couronnes),
4075 4183 47 19 17M-

3584 4209 58 20 177:0
3660 4210 59 17 Italie
3739 4210 33 19 (en
3791 4210 64 19 lires).
3877 4210 57 20 7850;
3953 4210 76 17 Madrid
4049 4209 30 17 (en
4094 4208 20 17 pe-

3585 4232 72 21 setas),
3678 4232 57 19 3375;
3757 4232 111 17 New-York
3888 4236 25 13 en
3933 4232 90 18 dollars),
4043 4226 77 21 402-t04:

3585 4253 143 17 Buenos-Aires
3750 4254 56 19 (peso
3825 4254 69 20 papier
3910 4256 68 16 contre
3994 4253 64 18 livre),
4074 4251 47 16 cours

3584 4275 103 22 officieux,
3706 4275 114 20 1690-1740;
3839 4277 83 16 Caïaaala
3939 4280 24 13 en
3981 4271 87 24 dollars),
4084 4269 37 20 44*-

3584 4296 42 17 447.

3828 4319 76 22 •*•»
4100 4316 6 21 !

3646 4348 91 32 3.000
3758 4351 141 38 pompiers
3919 4349 156 33 londoniens

3666 4393 165 40 participent
3852 4396 18 31 à
3891 4395 8 31 1
3910 4396 143 30 extinction

3634 4437 96 34 d'an...
3756 4439 125 34 incendie
3906 4440 156 39 imaginaire

3805 4514 116 23 Londres,
3940 4514 15 20 43
3973 4510 127 24 novembre.

3614 4546 72 21 Trois
3707 4547 67 21 mille
3795 4548 124 25 pompiers
3940 4545 137 22 londoniens
4094 4540 28 21 du

3587 4573 81 25 temps
3681 4576 31 20 de
3725 4579 89 21 guerre
3827 4576 44 20 ont
3884 4573 119 26 accompli
4014 4572 51 21 leur
4075 4567 39 23 mis-

3586 4600 56 21 sion
3657 4606 33 16 au
3705 4606 73 17 cours
3793 4602 58 21 d'un
3866 4601 112 20 incendie
3993 4594 128 29 imaginaire

3587 4629 42 23 qui
3646 4632 27 16 se
3688 4628 80 22 serait
3784 4627 91 22 étendu
3890 4632 44 16 sur
3950 4630 100 22 presque
4065 4620 56 25 toute

3584 4647 29 27 ta
3628 4654 57 21 \rille
3702 4654 30 20 de
3748 4654 110 21 Londrass
3874 4654 16 21 à
3905 4655 25 22 la
3945 4653 63 22 suite
4023 4652 28 20 de
4065 4652 56 18 wm

3588 4680 104 21 aériens.
3707 4681 42 21 Six
3762 4680 70 22 cents
3845 4680 123 26 appareils
3982 4679 42 23 ont
4036 4674 35 26 été
4082 4673 39 22 mi»

3587 4711 31 16 en
3636 4707 89 21 action.

3616 4733 45 22 Cet
3674 4734 110 22 exercice
3797 4736 40 20 est
3850 4736 22 20 le
3887 4734 54 26 pleis
3954 4732 78 27 grand
4044 4730 37 26 qui
4092 4727 29 20 «t

3587 4760 91 25 jamais
3692 4760 39 23 été
3745 4760 88 22 réalisé
3846 4761 17 23 à
3876 4761 114 21 Londres?.

3040 4844 132 81 Les
3210 4846 401 79 midinettes
3643 4847 447 80 travaillent..*

3021 5764 44 25 Au
3081 5763 90 27 milieu
3189 5765 46 27 des
3252 5765 47 26 dés
3314 5763 18 27 i
3349 5764 105 29 coudre,
3471 5763 36 26 du
3525 5762 37 31 fil,
3579 5765 46 27 des
3639 5771 113 27 paquets
3767 5767 151 31 d'aiguilles,
3932 5765 45 26 des
3991 5763 79 26 tissus,
4081 5756 31 47 j**

3020 5803 123 24 masques
3161 5797 15 25 à
3194 5804 50 24 gaz
3261 5796 87 32 gisent
3365 5805 46 18 sur
3427 5796 38 26 les
3484 5796 92 25 tables.
3593 5797 85 28 Leurs
3695 5800 70 26 étuis
3782 5800 116 31 pendent
3915 5800 16 25 à
3947 5805 51 19 une
4015 5794 22 26 é'
4040 5799 12 17 3
4055 5795 26 32 ^
4082 5793 7 18 1
4088 5790 23 18 *

3024 5828 137 27 L'activité
3180 5830 81 27 règne
3280 5831 66 24 dans
3366 5830 37 25 les
3423 5828 103 26 ateliers
3546 5829 34 24 de
3593 5832 25 25 la
3633 5832 81 26 haute
3730 5837 111 21 couture
3855 5832 151 33 parisienne.
4020 5822 92 30 Activ*

3284 5866 28 23 et
3323 5862 108 28 habiles,
3444 5862 38 26 les
3494 5862 153 28 midinettes
3658 5869 50 23 ont
3717 5866 27 26 k
3754 5866 110 27 sourire.

4172 5872 25 161 I
