3856 5435
76 91 103 22 IL^marW

1676 91 89 27 VERS
1786 90 158 29 L'AVENIR
1960 92 67 26 —3
2045 91 64 27 MAI

387 236 143 74 Sur

214 329 143 61 tout
364 351 148 43 mon
529 341 205 76 corps,
746 347 5 48 l

149 473 8 6 .
178 402 274 99 l'exquise
468 407 295 76 douceur]

414 486 64 41 du

173 530 211 86 IMmrft
397 532 322 89 GaidhmnmS

261 625 13 11 *»

210 654 167 35 IUovLT<{\ioi
389 669 33 14 un
439 658 55 27 bain
507 656 128 36 Quotidien
643 671 58 16 avec

193 690 57 27 S—*'
266 690 204 31 leaavonCadum
480 693 145 28 asaure-t-îlà
631 704 67 19 votre

188 733 69 29 («au,
262 727 123 32 Madame,
390 741 46 15 une
445 728 109 30 douceur
560 735 138 28 ravissante,

188 775 34 15 un
234 767 62 24 teint
307 762 31 29 de
351 762 78 30 âeur?
442 765 77 29 Parce
538 774 47 27 tjue
598 765 100 31 Cadum.

186 803 95 24 nettoie
290 810 8 17 1
306 800 121 35 éfïiderme
436 816 13 12 «
459 808 11 21 à
476 801 59 29 fond
543 801 50 33 »,le
603 803 93 32 tonifie,

186 837 24 26 le
222 837 103 27 stimule.
333 837 77 28 Parce
420 845 47 27 <Jue
479 852 27 14 sa
516 852 97 15 mousse
622 838 63 29 abon-

186 873 72 25 dante
274 873 83 27 donne
377 887 45 14 aux
443 879 72 23 tissus
535 889 48 14 une
603 874 92 29 vitalité

150 923 5 5 •
184 907 114 29 nouvelle
311 917 26 20 et
347 914 13 22 &
371 908 22 29 la
407 918 61 27 (>eau
485 924 47 15 une
545 917 99 29 exquise
657 920 26 19 to-

185 944 80 27 nalité.
279 944 106 34 Cadum,
395 945 23 29 le
431 946 109 29 meilleur
552 946 44 29 des
604 960 88 15 savons

183 979 32 28 de
229 986 93 26 beauté,
334 995 31 14 ne
379 988 73 22 coûte
465 991 47 26 (Jue
525 994 17 17 Q.
554 982 27 29 fr.
591 994 35 21 25
634 984 6 27 !
653 983 41 32 Et,

182 1016 82 28 vendu
276 1022 48 22 très
337 1031 47 18 sec,
396 1017 18 29 il
425 1017 58 30 dure
497 1018 53 36 |>lus
558 1018 58 29 d'un
624 1025 70 23 mois.

182 1053 47 27 Un
237 1064 46 16 sou
291 1061 42 27 f»ar
339 1059 61 29 jour,
405 1054 125 33 Madame,
538 1064 63 27 f>our
608 1060 74 30 acqué-

181 1092 39 27 rir,
240 1101 41 15 sur
296 1097 57 20 tout
369 1099 69 19 votre
459 1100 78 26 cor^s,
554 1090 23 29 le
596 1091 99 28 «Teint

183 1125 128 31 Cadum»,
322 1125 9 28 1
339 1125 62 29 éclat
416 1132 77 23 satiné
506 1136 26 19 et
546 1126 24 29 la
584 1126 99 29 merveil-

182 1161 68 27 leuse
261 1164 54 24 irait:
318 1161 59 28 heur
390 1161 32 29 de
434 1161 23 29 la
465 1168 135 29 jeunesse...

261 1219 266 91 Savon
543 1219 288 91 Cadum

945 1018 183 50 wja&mm

972 1120 83 19 PRODurr

977 1139 62 18 &ELGE

77 1391 350 107 Choses
484 1396 803 127 radiophonipes

103 1581 229 51 CHOSES
373 1582 68 46 ET
478 1583 156 48 CENS
674 1585 10 60 f

203 1643 82 48 DU
332 1643 204 49 MICRO

444 1734 194 33 Décoration

106 1787 183 26 Félicitations
305 1794 36 19 au
355 1789 98 29 joyeux
469 1798 13 15 «
496 1788 95 26 Slache
608 1797 13 15 »
638 1788 31 23 de

71 1818 266 30 Badio-Schaerbeek,
361 1819 17 24 à
402 1820 45 30 qui
470 1819 24 25 le
527 1825 130 23 gouverne-

71 1850 75 25 ment
162 1849 73 26 vient
252 1849 32 25 de
301 1849 125 25 décerner
442 1849 38 25 les
496 1849 99 30 palmes
613 1849 57 24 d'or

70 1879 35 29 Se
121 1879 102 27 l'Ordre
239 1881 33 25 de
286 1880 27 25 la
328 1880 145 25 Couronne.

107 1911 69 25 Mais
192 1918 27 18 ce
232 1910 68 26 n'èét
314 1918 49 23 pas
377 1911 16 25 à
408 1912 64 24 titre
486 1911 32 25 de
532 1910 138 30 radiopho-

73 1942 75 27 nitte
163 1949 49 24 que
229 1942 99 26 Marcel
345 1942 114 27 Antoine
476 1949 18 18 a
512 1942 42 24 été
572 1941 98 29 décoré,

72 1973 72 26 mais
161 1973 30 24 de
207 1972 145 31 fondateur
366 1972 34 25 de
425 1973 26 25 la
476 1982 14 15 «
507 1973 74 24 Mine
605 1972 54 25 Sou-

73 2003 89 26 riante
180 2012 23 21 »,
220 2004 32 25 de
262 2011 36 18 .ce
307 2005 108 28 'ùroupe
432 2003 185 25 d'humoristes
643 2003 28 24 et

74 2035 199 25 caricaturistes
289 2035 53 30 qui,
358 2034 52 26 l'an
425 2034 112 29 dernier,
554 2033 117 29 exposait

75 2065 20 26 à
113 2066 25 24 la
157 2065 98 25 Bourse
276 2065 31 25 de
326 2066 110 28 Namur,
455 2072 52 18 une
525 2063 147 25 abondante

77 2095 125 26 sélection
223 2096 135 29 d'oeuvres,
380 2102 78 19 cause
487 2094 187 29 d'inextingui-

78 2127 54 25 bles
146 2126 78 26 rires.

395 2157 60 32 Les
468 2157 173 32 émissions

434 2197 181 33 wallonnes

110 2251 55 26 Une
182 2250 150 29 délégation
348 2249 126 25 wallonne
491 2257 18 17 a
527 2249 42 25 été
585 2255 85 24 reçue,

73 2280 27 26 le
114 2279 16 28 '9
144 2280 76 30 avril,
235 2287 50 23 par
298 2280 37 25 M.
351 2280 144 30 Bouchery,
511 2287 62 18 avec
587 2279 84 30 lequel

77 2312 49 25 elle
140 2320 16 16 a
171 2319 31 17 eu
219 2319 33 17 un
267 2312 60 28 long
343 2311 114 29 échange
471 2311 32 25 de
517 2317 72 18 vues.
603 2311 24 24 Il
641 2316 31 18 en

75 2343 99 25 résulte
190 2348 48 24 que
253 2342 43 25 s'il
309 2349 33 18 ne
356 2344 63 27 peut
434 2342 56 25 être
506 2342 120 29 question
641 2341 31 23 de

73 2373 77 26 eréer
176 2380 38 18 un
242 2375 75 28 poste
347 2373 116 24 national
494 2371 177 30 d'expression

75 2404 201 25 exclusivement
295 2403 134 29 wallonne,
447 2403 37 25 M.
504 2403 24 25 le
546 2402 125 25 Ministre

74 2437 42 23 est
130 2435 117 25 d'accord
260 2441 62 18 avec
336 2435 37 24 les
388 2434 163 30 organismes
564 2433 107 24 wallons

72 2471 70 24 pour
162 2467 134 24 constater
318 2466 93 29 qu'une
441 2464 232 26 décentralisation

79 2496 8 5 '
96 2499 137 27 nportante
253 2496 46 25 des
319 2496 113 25 services
451 2495 219 29 radiophoniques

74 2527 111 29 officiels
202 2526 129 31 s'impose.

109 2558 145 30 Toutefois,
271 2558 21 25 il
308 2565 34 18 ne
359 2558 56 24 voit
431 2557 27 25 la
474 2556 148 30 possibilité
639 2555 32 25 de

76 2589 99 26 Jimner
191 2588 171 30 satisfaction
378 2594 53 19 aux
448 2587 86 31 justes
553 2586 108 25 revendi-

75 2620 104 25 cations
199 2619 139 25 wallonnes
369 2619 60 28 qu'à
459 2618 137 24 l'occasion
626 2616 45 24 des

77 2650 116 30 départs.
437 2659 15 12 »

110 2681 25 25 Il
147 2681 49 25 n'a
205 2687 37 24 pu
254 2681 144 29 promettre
412 2679 33 25 de
458 2679 110 30 différer
581 2678 38 24 les
633 2678 31 23 ré-

192 2711 161 29 envisagées,
369 2710 114 27 admises
499 2716 51 23 par
565 2709 24 25 le
606 2708 66 25 Par-

110 2772 159 30 Cependant,
284 2772 20 24 il
322 2774 40 22 est
379 2771 82 25 d'avis
479 2778 48 22 que
544 2769 24 26 le
583 2769 88 29 projet

91 2803 102 30 equissé
213 2810 51 22 par
284 2802 39 25 les
353 2801 120 30 délégués
505 2802 30 23 de
565 2799 107 26 l'Union

158 2833 189 30 parfaitement
368 2833 57 24 être
445 2831 96 26 réalisé
561 2830 110 30 parallè-

166 2856 5 39 j
181 2871 60 18 -aux
247 2877 5 10 ■.
258 2864 129 29 réformes
405 2863 123 25 actuelles
555 2864 27 23 et
606 2861 23 25 û
654 2867 18 18 a

74 2895 106 31 _romis.
193 2895 32 25 de
242 2894 152 26 l'examiner
411 2901 62 17 avec
491 2894 27 24 la
534 2893 60 30 plus
611 2892 59 24 vive

75 2926 140 26 attention.

499 2954 138 26 Toizémoi.

154 3044 59 61 A
254 3044 111 61 L'I.
406 3042 75 63 N.
526 3042 65 61 R.

112 3159 208 22 ADJONCTIONS
341 3158 63 21 AUX
426 3156 213 23 PROGRAMMES

104 3198 13 15 «
138 3193 35 20 LA
195 3192 184 21 PROCESSION
401 3191 41 21 OU
462 3190 179 21 SAINT-SANG

63 3211 12 29 I
97 3232 14 4 -
127 3225 4 4 •
282 3220 19 20 A
317 3217 122 23 BRUGES
454 3222 13 16 s

88 3280 8 4 .
104 3262 33 24 Le
150 3261 80 22 mardi
242 3261 16 21 4
271 3259 53 27 met,
340 3260 17 21 à.
372 3260 25 21 19
411 3260 25 22 h.
451 3259 33 27 15,
497 3258 35 23 11.
546 3259 29 21 N.
589 3258 29 22 R.
632 3262 29 17 ra-

78 3289 161 23 diodiffusera,
260 3293 41 16 sur
320 3292 44 17 son
384 3286 62 22 onde
465 3286 126 26 française,
610 3289 61 22 pour

77 3317 25 20 la
122 3316 77 22 Radio
219 3315 140 25 Catholique
380 3314 79 28 Belge,
480 3318 48 17 une
547 3312 124 23 actualité-

78 3344 149 25 enregistrée,
242 3342 24 22 le
279 3343 14 21 3
308 3342 55 24 mai,
378 3342 16 20 à
407 3342 97 24 Bruges:
512 3351 29 5 —
554 3345 33 17 au
601 3344 69 17 cours

77 3370 32 23 de
123 3368 26 24 la
164 3376 14 16 f
191 3370 138 21 Procession
345 3369 33 21 du
394 3367 144 27 Saint-Sang
554 3373 21 19 ».

104 3398 142 26 Rappelons,
263 3397 92 21 d'autre
372 3396 63 27 part,
453 3400 45 21 que
516 3395 23 22 le
556 3395 115 22 mercredi

80 3426 13 20 6
110 3426 54 23 mai,
181 3426 14 19 à
213 3426 24 20 18
254 3425 22 20 h.
296 3425 29 22 15,
343 3424 33 22 IT.
392 3424 29 21 N.
437 3423 29 22 R
480 3422 191 27 radiodiffusera,

77 3456 44 18 sur
135 3456 45 17 son
194 3451 61 22 onde
270 3451 126 27 française,
412 3454 47 17 une
474 3450 87 21 séance
574 3449 32 22 de
619 3454 43 17 mu-

78 3479 68 25 sique
162 3478 32 22 de
211 3479 117 23 chambre,
347 3477 93 22 donnée
457 3481 44 22 par
519 3478 58 19 MM.
595 3477 78 21 Franz

78 3506 75 28 Wlgy,
172 3505 123 22 violoniste
320 3504 60 22 Paul
399 3504 99 25 Collaer,
517 3504 110 27 pianiste,
645 3504 27 21 et

78 3533 67 24 Mme
160 3533 87 23 Berthe
263 3532 87 25 Albert,
366 3532 137 21 cantatrice.

105 3560 33 24 Le
168 3563 148 22 programme
346 3558 97 22 réunira
465 3558 43 21 des
537 3562 74 21 pages
641 3557 33 22 de

78 3588 140 21 Beethoven.
237 3586 90 22 Claude
342 3586 107 24 Debussy
465 3586 26 21 et
506 3585 109 21 Maurice
628 3586 37 19 Ra-

79 3615 43 21 vel.
156 3629 5 12 ,

209 3647 24 20 U.
261 3646 105 25 glorieux
383 3644 162 27 anniversaire

252 3680 35 21 LE
307 3679 191 22 CENTENAIRE

121 3708 39 21 DU
183 3707 158 21 REGIMENT
361 3706 56 21 DES
438 3705 194 23 GRENADIERS

80 3755 7 9 ,
94 3738 46 25 .*Le
155 3739 126 18 *unrmn<-.hp
297 3740 14 21 9
325 3735 60 29 mai,"
396 3740 35 22 IX
446 3739 29 22 N.
490 3740 28 21 R
533 3738 131 24 radiodiffu-

80 3772 63 24 sera,
157 3764 45 25 sur'
213 3771 44 18 son
272 3766 62 22 onde
349 3766 125 26 française,
490 3766 29 21 de
536 3766 24 20 11
577 3767 22 21 h.
615 3767 27 20 25
658 3766 16 21 à

84 3796 25 20 12
122 3796 23 22 h.
160 3800 23 17 et
195 3794 31 22 de
238 3794 27 22 20
280 3795 22 20 h.
317 3795 25 19 30
356 3793 16 22 à
385 3794 26 20 21
425 3794 23 21 h.
461 3793 33 27 30,
508 3797 34 17 un
554 3793 120 21 ensemble

79 3821 32 24 da
125 3823 136 25 reportages
274 3820 124 22 consacrés
412 3824 48 17 aux
474 3819 144 22 cérémonies
631 3820 45 25 qui:

81 3853 30 19 se
128 3847 149 23 dérouleront
297 3848 16 21 à
333 3847 127 28 Bruxelles,
480 3852 31 18 en
530 3847 147 22 célébration

81 3876 33 22 du
127 3874 141 23 Centenaire
282 3875 32 21 du
328 3875 125 25 Régiment
467 3874 42 22 des
522 3874 150 23 Grenadiers.

78 3917 8 14 ,
99 3899 53 26 "Les
167 3904 135 23 reportages
317 3901 30 22 de
362 3906 39 17 ces
415 3901 104 22 diverses
533 3901 132 22 manifesta-

80 3929 67 22 tions
164 3930 81 21 seront
262 3928 95 22 assurés
375 3933 44 21 par
436 3929 33 20 M.
486 3928 189 26 Louis-Philippe

80 3956 134 17 TTftTnWmnR

110 3984 96 20 D'autre
217 3983 62 27 part,
290 3983 23 21 le
324 3982 112 22 vendredi
448 3982 26 21 14
484 3982 56 28 mai,
551 3982 17 21 à
577 3982 28 22 21
616 3982 58 25 h.20,

81 4009 38 23 IX
132 4010 28 21 N.
174 4010 29 23 R
216 4009 191 25 radiodiffusera,
421 4013 41 17 sur
476 4013 44 17 son
533 4008 63 22 onde
609 4008 56 22 fran-

85 4033 77 30 çaise,'
176 4041 59 21 pour
256 4036 26 22 la
303 4036 98 23 Solidra,
423 4040 34 17 un
478 4036 96 21 concert
594 4034 79 23 donné

81 4067 46 23 par
138 4063 23 22 le
172 4068 15 17 <
197 4063 212 23 Radio-Orchestre
419 4062 31 22 de
460 4063 35 22 IX
506 4063 29 24 N.
546 4063 29 22 R
587 4067 19 23 »,
617 4067 57 18 sous

82 4091 26 21 la
123 4090 112 21 direction
249 4090 30 22 de
293 4091 34 22 M.
341 4090 60 21 Paul
415 4090 89 24 Gason,
519 4089 16 22 à
548 4090 125 21 l'occasion

83 4116 111 26 toujours
214 4117 34 22 du
268 4117 142 22 Centenaire
430 4116 35 22 du
484 4116 127 26 Régiment
631 4116 42 22 des

83 4144 151 22 Grenadiers.

143 4184 36 22 LE
199 4183 140 23 THEATRE
362 4182 253 26 RADIOPHONIQUE

109 4217 63 22 Pour
197 4217 29 22 la
249 4217 105 24 semaine
379 4216 34 23 du
432 4217 15 21 9
465 4221 34 17 au
519 4216 26 22 15
565 4218 48 20 mai
640 4217 34 22 les

83 4244 130 24 Emissions
231 4244 94 22 Parlées
342 4244 140 26 Françaises
499 4243 32 22 de
547 4243 36 23 IX
599 4242 30 25 M.
646 4245 29 21 R

84 4271 137 21 annoncent
240 4270 26 22 la
295 4270 186 24 radiodiffusion,
510 4269 31 23 de
559 4270 117 26 plusieurs

84 4296 79 27 pièces
176 4297 31 22 de
220 4297 94 22 théâtre
330 4302 8 17 :

110 4334 30 6 —
154 4324 33 22 Le
202 4323 127 23 dimanche
345 4325 14 21 9
374 4325 56 25 mal,
446 4324 18 22 à
480 4324 27 22 16
523 4325 30 26 h.,
569 4324 106 22 création

85 4351 71 24 d'une
174 4350 65 26 pièce
257 4351 186 26 radiophonique
459 4350 32 23 de
508 4352 34 23 M.
560 4351 117 21 Gustave-

84 4377 59 22 Max
157 4378 99 20 Stevens
273 4382 8 17 :
297 4383 14 16 c
324 4378 48 21 Dix
384 4378 149 22 Prisonniers
547 4383 19 16 ».

111 4415 30 6 —
154 4405 34 23 Le
204 4404 67 23 lundi
288 4405 27 21 10
329 4406 56 27 mal,
402 4405 15 21 à
434 4406 26 20 21
478 4406 22 23 h.
519 4406 32 24 10,
567 4405 109 22 audition

87 4431 69 22 d'une
167 4431 104 21 comédie
281 4436 32 17 en
323 4436 33 17 un
367 4432 53 21 acte
430 4432 31 22 de
471 4433 32 20 M.
514 4432 162 22 Emile-André

85 4458 90 21 Robert
191 4462 7 18 :
212 4462 15 17 c
240 4459 43 21 Les
296 4459 186 21 Ambassadeurs
495 4464 20 18 ».

111 4495 31 6 —
155 4485 34 21 Le
203 4484 115 22 mercredi
334 4486 26 20 12
377 4486 54 24 mai,
447 4485 17 22 à
478 4486 27 21 21
522 4487 29 25 h.,
568 4485 108 23 audition

85 4512 58 22 d'un
162 4512 83 23 sketch
269 4512 31 23 de
326 4514 111 20 Mauville
459 4517 8 19 :
488 4518 13 16 «
520 4513 100 22 Faisons
646 4518 35 17 un

87 4538 84 22 sketch
186 4538 184 27 radiophonique
384 4545 19 16 ».

71 4563 18 31 ?'
104 4564 26 34 ,-'
164 4572 161 23 L'EUPENER
345 4573 258 22 MANNEKWARTET

302 4600 20 21 A
336 4599 44 25 L'I,
394 4600 28 22 N.
438 4602 25 20 R.

113 4636 36 19 _«
159 4632 128 22 dimanche
301 4633 14 21 9
328 4634 56 24 mal,
399 4633 16 22 à
430 4634 26 21 18
469 4634 25 24 h.
509 4634 33 27 15,
556 4634 35 22 IX
605 4635 29 22 N.
649 4635 27 21 R.

87 4662 117 25 assurera,
222 4663 41 18 sur
279 4663 45 18 son
339 4659 63 22 onde
418 4660 120 26 française
560 4661 26 21 la
602 4662 66 20 radio-

89 4685 115 22 diffusion
232 4685 56 23 d'un
310 4686 95 22 concert
432 4687 74 25 vocal,
529 4687 77 21 donné
634 4693 44 21 par

87 4712 19 22 1*
118 4716 16 18 c
146 4712 108 26 Eupener
268 4713 200 22 Mannerkwartet
482 4719 20 18 ».

231 4752 14 16 t
258 4747 252 23 RADIO-JEUNESSE
524 4754 13 15 »

196 4778 15 17 ■
225 4774 37 22 LE
276 4775 79 21 JOUR
372 4776 56 21 DES
444 4776 100 22 MERES
559 4780 14 17 »

231 4801 54 22 LES
303 4802 237 22 MARIONNETTES

199 4827 39 22 DE
265 4833 13 16 «
295 4829 250 22 RADIO-JEUNESSE
560 4835 14 15 »

116 4861 35 23 Le
166 4861 126 22 dimanche
308 4862 14 21 9
337 4862 56 27 mai,
409 4862 15 21 à
442 4863 25 21 18
483 4863 30 24 h.,
529 4863 71 25 après
614 4865 67 20 avoir

91 4888 88 22 chanté
196 4892 32 18 en
243 4888 84 22 chœur
342 4888 25 22 la
383 4894 14 16 «
413 4889 114 22 Chanson
542 4890 31 21 de
588 4890 25 22 la
628 4891 44 21 Lai-

89 4919 35 18 ne
140 4920 21 19 »,
180 4915 35 21 les
232 4915 122 21 auditeurs
370 4915 31 22 de
419 4920 14 17 c
451 4917 197 23 Radio-Jeunesse
668 4924 13 15 »

92 4942 137 21 écouteront
245 4941 126 22 l'émission
386 4942 33 21 du
434 4943 248 24 Petit-Journal-Parlé

91 4969 26 22 et
134 4968 38 25 les
188 4968 111 26 réponses
318 4970 111 20 savantes
447 4972 24 21 et
489 4971 130 25 plaisantes
637 4976 45 21 que

92 4995 25 23 le
136 4994 136 27 professeur
289 4995 69 21 Plum
376 4995 106 23 donnera
500 4997 17 21 à
534 4997 64 24 leurs
618 5003 64 20 ques-

127 5026 36 17 ns.

156 5063 5 4 ■
182 5052 61 25 UNE
262 5056 99 22 HEURE
380 5057 38 21 DE
439 5058 155 22 FANTAISIE:

127 5085 5 7 '
149 5082 56 22 LE8
220 5084 182 20 DUETTISTES
420 5084 208 24 NEERLANDAIS

110 5116 93 22 POLLY
223 5115 34 20 ET
276 5115 86 20 LOUIS
382 5114 110 20 NOIRET
511 5115 16 19 A
544 5114 44 22 L'I.
603 5115 26 20 N.
646 5114 27 23 R

123 5151 33 20 Le
167 5148 127 17 <tm«nrh«
306 5150 12 19 9
333 5151 45 18 mal
381 5167 4 7 .
398 5148 17 21 4
427 5149 25 20 20
466 5149 88 23 heures,
567 5148 35 22 IX
614 5148 28 22 N.
654 5147 29 22 R

301 5179 42 18 sur
358 5179 44 18 son
417 5174 62 22 onde
494 5174 127 29 flamande,
637 5178 47 18 une

162 5222 18 5 _
202 5202 92 22 donnée
314 5206 44 22 par
378 5202 36 22 la*
432 5201 19 23 d
448 5205 20 18 a
466 5205 15 18 s
478 5201 31 23 W
507 5202 51 22 stes
578 5201 106 22 néerlan-

160 5225 193 30 ■WDyiet"touls
366 5228 89 25 Notret.

754 1583 124 21 L'HEURE
898 1584 56 21 DES
974 1585 99 21 BEAUX
1094 1585 128 24 DISQUES

692 1609 91 22 T.IOIS
800 1611 121 22 SIECLES
939 1612 38 20 DE
996 1612 135 25 MUSIQUE
1150 1613 132 21 D'ORGUE

719 1649 33 21 Le
766 1648 127 22 dimanche
907 1649 13 20 9
936 1648 55 24 mai,
1007 1647 15 21 à
1037 1648 26 20 22
1078 1647 24 21 h.
1119 1647 32 23 10,
1167 1647 34 21 l'I.
1215 1647 28 20 N.
1259 1646 28 21 R.

693 1675 189 24 radiodiffusera,
902 1679 41 16 sur
961 1679 44 16 son
1024 1674 61 21 onde
1104 1672 128 27 flamande,
1252 1677 32 16 un

693 1703 70 21 choix
779 1703 116 21 d'oeuvres
912 1707 60 20 pour
990 1706 72 20 orgue
1079 1701 84 21 écrites
1181 1705 44 20 par
1242 1699 42 21 des

694 1729 99 22 maîtres
805 1729 104 21 illustres
922 1731 25 20 et
959 1728 155 25 enregistrées
1126 1732 57 16 avec
1196 1727 23 21 le
1231 1731 45 17 con-

694 1761 69 17 cours
776 1756 30 21 de
819 1756 115 21 virtuoses
947 1755 101 26 réputés.

722 1784 33 20 Le
773 1788 155 22 programme,
946 1782 132 22 commenté
1097 1787 43 20 par
1158 1782 33 22 M.
1209 1781 78 21 André

694 1811 114 24 Marchai,
830 1810 97 22 réunira
948 1811 43 21 des
1012 1814 73 21 pages
1107 1809 30 21 de
1166 1808 123 21 Pachelbel

698 1839 144 23 (1653-1706),
859 1837 140 21 Buxtehude
1020 1834 134 23 (1637-UJ7)
1175 1837 24 20 et
1216 1836 71 21 Jean-

696 1865 125 21 Sébastien
837 1865 74 21 Bach.

724 1892 116 25 Ajoutons
854 1896 45 21 que
913 1892 23 21 le
950 1891 95 21 concert
1060 1895 26 16 se
1101 1890 128 21 terminera
1244 1894 44 20 par

695 1919 23 21 le
736 1919 83 25 poèma
837 1918 170 26 symphonique
1026 1923 13 16 «
1057 1916 155 24 Chevauchée
1229 1917 49 20 Noc-

698 1947 70 20 turne
782 1946 24 21 et
821 1946 73 21 Lever
907 1945 31 21 de
951 1944 72 22 Soleil
1037 1950 13 15 »
1068 1945 46 25 (op.
1130 1944 35 22 55)
1184 1944 32 21 du
1220 1943 59 21 'célè-

698 1973 41 21 bre
752 1973 158 25 compositeur
922 1972 91 21 finnois
1026 1972 62 21 Jean
1101 1970 108 22 Sibelius.

803 2006 40 21 UN
859 2006 114 21 SEANCE
990 2004 188 23 COMMENTEE

874 2033 52 21 LES
945 2032 162 22 PIONNIERS

779 2060 37 21 DE
833 2060 36 20 LA
885 2059 204 22 CIVILISATION
1108 2058 96 21 BELGE

911 2087 39 21 AU
967 2086 104 22 CONGO

723 2121 63 21 Pour
802 2121 23 21 le
841 2120 68 21 lundi
926 2121 26 20 10
968 2120 60 28 mai^
1041 2119 15 21 à
1074 2120 25 23 18
1116 2120 30 24 h.,
1164 2119 34 21 les
1214 2119 66 21 Emis-

697 2148 66 20 sions
774 2147 94 21 Parlées
878 2147 141 25 Françaises
1030 2146 30 22 de
1071 2147 35 21 IX
1117 2147 28 20 N.
1157 2147 28 20 R.
1197 2150 82 17 annon-

697 2175 55 20 cent
766 2174 25 22 la
803 2174 184 21 radiodiffusion
1000 2173 70 22 d'une
1083 2173 107 23 nouvelle
1203 2173 85 21 séance

694 2202 33 21 du
747 2202 64 25 cycle
830 2201 112 22 consacré
961 2206 48 17 aux
1029 2206 13 16 «
1062 2201 123 21 Pionniers
1210 2200 30 21 de
1266 2200 25 21 la

697 2229 148 21 Civilisation
861 2229 72 24 Belge
951 2233 31 16 au
999 2228 82 25 Congo
1098 2233 19 16 ».
1135 2227 69 22 Cette
1220 2227 58 21 séan-

697 2260 33 20 ce,
750 2260 91 17 comme
860 2255 36 21 les
915 2254 159 28 précédentes,
1093 2259 54 17 sera
1166 2253 123 26 présentée

698 2287 44 21 par
754 2278 34 26 M.
802 2283 177 22 Gaston-Denis
991 2282 86 22 Périer.

699 2316 59 21 UNE
779 2316 123 21 GRANDE
923 2316 108 21 ŒUVRE
1052 2316 37 20 DE
1109 2314 178 22 BEETHOVEN

821 2347 13 16 «
853 2343 37 20 LA
909 2344 27 20 9e
954 2342 178 22 SYMPHONIE
1152 2347 13 14 »

737 2374 55 17 sous
808 2370 23 21 la
845 2369 114 23 direction
975 2369 29 21 de
1021 2370 30 20 M.
1067 2369 59 22 Flor.
1141 2369 108 24 Alpaerts

724 2403 33 21 Le
770 2402 67 21 lundi
853 2403 26 20 10
893 2402 55 27 mai,
963 2402 16 21 à
993 2402 27 20 20
1034 2402 30 26 h.,
1079 2402 34 22 l'I.
1127 2402 28 20 N.
1170 2401 28 21 R.
1212 2400 68 22 radio-

697 2429 123 24 diffusera,
837 2434 41 16 sur
894 2433 45 17 son
954 2428 61 22 onde
1032 2429 125 25 française,
1174 2432 47 17 une
1237 2428 42 21 exé-

697 2457 81 20 cution
794 2457 30 20 de
838 2456 24 21 la
877 2461 14 16 «
906 2457 27 20 9e
948 2455 145 26 Symphonie
1108 2461 19 21 »,
1143 2455 31 21 de
1188 2455 92 21 Beetho-

698 2488 52 22 ven,
762 2483 93 21 donnée
867 2487 57 17 avec
935 2483 23 21 le
970 2487 114 17 concours
1095 2482 30 21 de
1136 2482 16 21 1'
1164 2487 14 16 «
1190 2482 100 21 Orches-

699 2512 37 19 tr;
749 2510 114 21 National
875 2510 31 23 de
917 2510 112 25 Belgique
1043 2515 13 15 »
1069 2510 24 21 et
1106 2509 43 21 des
1162 2514 14 16 «
1188 2509 102 21 Chœurs

699 2538 54 20 Arti
765 2537 81 21 Vocali
859 2542 20 22 »,
892 2537 120 24 d'Anvers,
1026 2541 55 17 sous
1095 2537 24 20 la
1132 2536 115 22 direction
1261 2535 29 22 de

697 2564 34 24 M.
746 2564 62 22 Flor.
824 2564 116 25 Alpaerts.

725 2591 99 21 Solistes
841 2596 6 16 :
863 2591 77 22 Mmes
953 2590 116 22 Claudine
1081 2591 86 26 Boons,
1180 2594 109 22 soprano,

697 2618 25 21 et
736 2618 118 21 Francine
868 2618 99 27 Lepage,
982 2617 56 25 alto,
1054 2618 25 20 et
1094 2617 59 21 MM.
1168 2617 120 26 Alphonse

698 2645 101 24 Peeters,
813 2645 76 24 ténor,
902 2645 25 21 et
940 2645 41 21 Jef
994 2645 53 20 Van
1060 2644 140 27 Schoeland,
1214 2644 75 24 basse.

751 2678 31 21 Ls
798 2678 73 21 micro
887 2677 16 22 à
919 2678 93 25 l'Opéra
1031 2678 72 25 Royal
1122 2678 114 21 Flamand

937 2705 113 21 d'Anvers

698 2738 11 14 s
731 2732 248 22 L'ANTWERPSCHE
1002 2732 133 21 MUZICAL
1158 2732 97 21 KRING
1277 2737 12 15 »

723 2770 56 17 sous
797 2766 23 22 la
839 2766 111 22 direction
970 2766 29 21 de
1018 2766 32 21 M.
1069 2766 70 21 Karel
1159 2765 104 22 Candael

725 2793 33 21 Le
770 2792 69 22 lundi
854 2793 26 21 10
893 2793 56 27 mai,
963 2797 17 17 a
993 2793 27 20 21
1034 2792 32 25 h.,
1079 2792 35 22 IX
1128 2793 29 22 N.
1171 2793 28 21 R
1213 2792 69 22 radio-

696 2819 123 28 diffusera,
837 2823 42 17 sur
897 2824 44 16 son
959 2819 62 22 onde
1039 2819 128 26 flamande,
1185 2824 61 21 pour
1264 2820 25 21 la

696 2846 107 25 Librado,
819 2851 34 17 un
868 2850 96 20 concert
978 2846 79 24 donné
1073 2846 16 22 à
1103 2847 95 25 l'Opéra
1213 2847 76 25 Royal

695 2873 117 22 Flamand
837 2873 120 25 d'Anvers,
978 2878 44 21 par
1042 2873 16 22 t
1079 2878 14 17 «
1120 2875 168 24 Antwerpsche

696 2900 119 22 Mu-diale
831 2901 78 25 Kring
925 2906 20 22 »,
963 2905 56 17 sous
1035 2901 25 21 la
1077 2901 115 22 direction
1209 2901 31 22 de
1256 2902 33 21 M

697 2927 74 22 Karel
786 2927 107 22 Candael
907 2929 25 20 et
948 2932 57 17 avec
1020 2928 23 21 le
1057 2932 115 17 concours
1186 2928 30 22 de
1231 2928 58 22 Mlle

697 2954 58 21 Lola
770 2955 111 27 Bobesco,
897 2954 26 22 la
939 2955 71 25 Jeune
1027 2955 125 24 violoniste
1167 2956 124 22 roumaine

696 2983 40 23 qui
750 2986 27 16 se
790 2981 123 25 distingua
926 2982 22 21 si
962 2981 166 26 brillamment,
1143 2982 48 21 lors
1206 2982 33 22 du
1252 2982 27 22 ré-

694 3008 56 21 cent
767 3008 120 22 Concours
904 3009 171 21 international
1091 3009 96 25 Eugène
1203 3010 85 25 Ysaye.

721 3035 34 21 Le
769 3039 150 21 programme
935 3035 97 22 réunira
1047 3035 42 22 des
1105 3036 134 25 fragments
1255 3036 33 22 du

696 3061 84 26 poème
794 3062 172 25 symphonique
984 3067 6 16 :
1008 3068 14 16 «
1037 3063 35 22 La
1087 3064 157 21 Pacification
1258 3063 31 22 de

695 3088 73 22 Gand
785 3094 20 22 »,
822 3088 31 22 de
871 3090 70 21 Peter
958 3089 92 25 Benoit,
1067 3090 26 21 la
1110 3095 14 16 f
1142 3091 145 25 Symphonie

694 3117 133 25 Espagnole
847 3122 20 20 »,
887 3121 60 21 pour
968 3117 79 21 violon
1067 3118 26 20 et
1113 3117 126 25 orchestre,
1260 3118 31 21 de

695 3143 64 27 Lalo,
774 3143 81 24 soliste
874 3148 6 16 :
897 3144 58 21 Mlle
969 3144 58 21 Lola
1040 3144 111 28 Bobesco,
1166 3145 24 21 et
1206 3150 14 15 «
1233 3145 55 20 Fin-

696 3169 83 22 landia
794 3175 20 20 »,
829 3170 31 22 de
875 3170 108 25 Sibelius.

776 3203 38 22 LA
831 3203 210 22 RADIOPHONIE
1057 3205 147 20 SCOLAIRE

722 3241 37 17 .lu
774 3241 69 17 cours
858 3237 31 24 de
904 3237 25 21 la
945 3238 104 21 semaine
1065 3237 33 22 du
1113 3238 14 21 9
1141 3242 33 17 au
1191 3238 25 21 15
1231 3239 56 24 mai,

694 3263 36 25 IX
744 3264 29 21 N.
787 3265 29 21 R
830 3264 190 26 radiodiffusera,
1034 3269 43 17 sur
1090 3269 45 17 son
1149 3265 63 21 onde
1225 3265 57 21 fran-

695 3291 69 27 çaise,
785 3291 62 22 deux
867 3291 98 22 séances
985 3291 30 22 de
1035 3297 14 16 «
1068 3292 35 21 La
1123 3291 164 26 Radiophonie

695 3318 104 22 Scolaire
817 3323 20 21 »,
856 3318 136 25 organisées
1010 3323 46 21 par
1073 3319 23 21 le
1114 3318 125 23 Ministère
1258 3318 30 22 de

696 3345 161 21 l'Instruction
874 3345 118 26 publique.

721 3372 33 21 Le
769 3372 77 21 mardi
862 3372 25 21 11
902 3373 55 27 mat,
973 3373 14 20 à
1004 3373 24 20 14
1044 3374 23 22 h.
1086 3377 6 17 :
1111 3373 17 20 1.
1143 3373 99 21 Lecture
1257 3372 30 22 de

696 3403 14 16 c
728 3399 76 25 Pages
823 3399 31 21 de
872 3400 35 20 La
925 3399 118 24 Fontaine
1061 3404 20 20 »,
1100 3404 46 21 par
1164 3400 33 21 M
1217 3399 72 22 Carlo

695 3425 79 25 Liten;
791 3426 21 23 2.
827 3426 111 21 Causerie
952 3430 43 17 sur
1008 3426 100 25 Mozart,
1122 3430 46 22 par
1181 3426 23 22 le
1218 3427 29 22 R.
1261 3427 27 21 P.

697 3451 98 26 Lebacq.

722 3479 33 21 Le
768 3479 116 22 mercredi
898 3479 26 21 12
937 3480 56 27 mai,
1008 3480 15 20 à
1039 3481 24 19 14
1078 3481 23 22 h.
1120 3485 6 16 :
1144 3481 17 19 1.
1176 3480 112 23 Causerie

697 3510 45 20 par
756 3506 66 21 Mme
835 3506 88 21 Barzin
941 3511 6 16 :
965 3512 14 15 «
993 3507 45 21 Les
1052 3507 70 21 Fêtes
1137 3507 33 21 du
1185 3507 95 22 Couron-

697 3533 97 21 nement
814 3533 34 21 du
866 3534 47 20 Roi
932 3533 153 25 l'Angleterre
1105 3539 14 16 »
1135 3539 7 20 ;
1164 3534 20 21 2.
1211 3535 77 25 Leçon

698 3559 122 28 d'anglais,
834 3564 47 21 par
895 3560 65 21 Mme
975 3560 130 22 Marcousé.

725 3586 46 21 Ces
786 3587 119 22 causeries
919 3588 88 24 seront,
1022 3592 92 17 comme
1129 3587 30 22 de
1174 3588 116 25 coutume,

697 3613 127 23 encadrées
836 3618 45 21 par
893 3613 42 22 des
948 3614 125 22 émissions
1085 3614 31 24 de
1128 3615 107 26 musique
1246 3620 32 17 en-

695 3640 119 25 registrée.

737 3673 82 22 DEUX
836 3674 156 21 CONCERTS
1007 3674 240 26 SYMPHONIQUES

724 3707 64 21 Pour
799 3707 25 21 la
835 3707 106 22 semaine
951 3707 35 22 du
997 3708 13 21 9
1023 3712 33 18 au
1068 3708 26 21 15
1105 3708 56 27 mal,
1172 3708 36 22 IX
1219 3709 29 22 N.
1260 3709 29 22 R.

697 3737 110 18 annonce
818 3733 26 22 la
856 3733 189 26 radiodiffusion,
1059 3739 41 19 sur
1112 3735 64 21 l'une
1187 3740 33 17 ou
1232 3735 48 22 l'au-

698 3760 37 21 tre
748 3760 31 22 de
792 3765 39 17 ses
844 3760 81 28 ondes,
938 3760 31 22 de
982 3761 63 22 deux
1057 3762 108 21 concerts
1179 3763 111 25 sympho-

696 3787 83 25 nlques
793 3787 60 21 dont
866 3788 61 21 voici
940 3788 24 21 le
976 3792 150 21 programme
1143 3793 7 17 :

723 3814 33 21 Le
769 3814 79 21 mardi
862 3814 26 21 11
902 3815 56 27 mai,
973 3815 15 20 à
1002 3816 26 20 20
1043 3816 17 20 h
1086 3815 62 22 onde
1162 3816 125 26 française,

696 3840 143 22 l'Crchestre
860 3841 176 26 Symphonique
1056 3843 31 21 de
1106 3843 35 21 IX
1162 3843 29 21 N.
1211 3844 29 22 R.
1261 3848 27 17 se

697 3867 54 23 fera
777 3868 121 24 entendre,
912 3873 61 21 pour
999 3868 26 22 la
1044 3869 77 22 Radio
1148 3870 141 25 Catholique

696 3894 78 25 Belge,
793 3894 63 22 dans
874 3895 43 22 des
936 3899 73 22 pages
1028 3895 31 25 de
1078 3896 108 29 Wagner,
1206 3897 81 27 Viottl,

696 3921 61 21 Paul
772 3921 91 28 Gilson,
879 3922 112 25 Thomas,
1007 3923 102 25 Puccini,
1124 3924 122 22 Massenet
1263 3925 25 20 et

697 3947 77 22 VerdL

723 3975 34 21 Le
768 3975 91 22 samedi
872 3976 26 21 15
909 3976 55 27 mal,
977 3978 16 19 a
1005 3976 26 21 20
1043 3976 31 27 h.,
1085 3977 62 21 onde
1158 3977 129 26 flamande,

696 4001 144 22 l'Orchestre
857 4002 177 26 Symphonique
1059 4007 27 17 se
1103 4004 53 21 fera
1174 4004 115 22 entendre

696 4027 63 22 dans
775 4028 199 27 l'interprétation
1005 4029 30 22 de
1060 4034 73 22 pages
1151 4030 30 22 de
1199 4032 89 25 Weber,

697 4056 108 28 Wagner,
839 4056 108 26 Gounod,
981 4057 138 25 Verheyden
1160 4058 128 26 Massenet,

697 4082 102 28 Rossinl,
816 4083 112 29 Debussy,
945 4084 93 21 Mozart
1055 4084 24 21 et
1097 4082 120 27 Cbabrier.

701 4115 59 22 UNE
781 4117 107 21 SOIREE
911 4117 176 22 CONSACREE
1108 4118 19 22 A
1148 4119 37 21 LA
1208 4120 81 21 MERE

726 4148 34 21 Le
771 4149 78 22 mardi
862 4150 26 21 11
900 4151 56 25 mai,
970 4155 16 17 a
998 4151 28 21 20
1039 4151 31 26 h,
1082 4150 35 22 IX
1130 4151 29 22 N.
1172 4152 29 21 R.
1214 4152 68 22 radio-

698 4174 123 29 diffusera,
838 4181 42 17 sur
896 4181 44 17 son
957 4177 62 22 onde
1035 4177 128 26 flamande,
1181 4183 48 17 une
1244 4180 35 20 soi-

699 4201 40 21 rée
753 4204 125 20 consacrée
894 4204 14 20 à
924 4210 12 15 «
952 4206 34 21 La
1000 4204 66 22 Mère
1081 4210 20 17 ».

823 4237 58 21 UNE
900 4238 77 22 PAGE
995 4238 173 22 D'HISTOIRE

842 4264 34 21 LE
896 4265 251 21 COURONNEMENT

740 4289 38 22 DE
798 4290 23 20 S.
841 4291 31 20 M.
891 4291 35 22 LE
947 4292 52 22 ROI
1022 4293 226 20 D'ANGLETERRE

726 4323 32 21 Le
773 4324 115 21 mercredi
903 4325 26 21 12
943 4326 50 20 mai
1008 4326 121 25 prochain,
1145 4330 27 17 se
1186 4325 96 22 déroule-

699 4350 61 24 ront,
780 4350 17 21 à
815 4351 110 28 Londres,
946 4352 35 22 les
1001 4352 61 22 fêtes
1096 4352 134 22 fastueuses
1256 4353 33 21 du

700 4376 190 23 Couronnement
918 4378 33 22 du
972 4380 45 20 Roi
1045 4379 161 25 d'Angleterre
1233 4384 48 17 aux-

700 4403 94 25 quelles,
809 4404 83 24 depuis
908 4406 21 19 si
944 4405 134 26 longtemps
1094 4406 62 28 déjà,
1171 4406 26 21 la
1212 4406 68 22 Gran-

701 4429 157 26 de-Bretagne
873 4435 27 17 se
915 4432 99 25 prépare
1029 4437 57 17 avec
1100 4433 81 23 fièvre.

726 4456 35 21 La
772 4456 73 26 radio,
860 4462 30 16 en
902 4463 39 18 ces
954 4460 174 21 circonstances
1141 4461 147 25 historiques,

701 4487 54 19 sera
772 4483 31 25 la,
835 4484 71 22 fidèle
923 4485 16 21 à
957 4491 44 16 son
1025 4487 50 21 rôle
1098 4487 192 23 d'informatrice.

701 4510 78 21 Grâce
792 4510 17 21 à
822 4511 50 26 elle,
886 4511 35 21 les
934 4512 122 23 auditeurs
1068 4514 34 21 du
1114 4514 87 21 monde
1214 4515 76 21 entier

700 4537 108 21 suivront
824 4542 53 20 pas.
885 4537 17 22 à
918 4543 44 20 pas
979 4539 160 23 l'éblouissant
1156 4542 26 21 et
1198 4542 84 21 archaï-

702 4568 44 20 que
764 4563 94 26 cortège
876 4565 41 24 qui
933 4565 128 26 déroulera,
1078 4568 30 21 de
1127 4569 163 22 Westminster

702 4590 79 26 Abbey
799 4590 17 21 à
832 4591 164 26 Burldngham
1015 4594 90 27 Palace,
1123 4595 25 21 la
1166 4595 125 26 splendeur

702 4617 87 24 unique
801 4617 58 21 d'un
872 4619 97 24 antique
982 4619 147 23 cérémonial.

728 4644 31 21 Et
776 4644 60 21 voici
853 4644 23 21 le
894 4645 58 25 plan
969 4646 141 23 d'ensemble
1127 4649 42 21 des
1187 4652 95 23 reporta-

702 4675 41 20 ges
756 4670 59 23 dont
829 4671 24 20 la
866 4673 192 22 retransmission
1072 4680 53 16 sera
1137 4677 96 21 assurée
1246 4682 44 20 par

701 4697 36 23 IX
750 4697 28 21 N.
791 4697 36 27 R.,
841 4702 44 20 par
898 4698 36 21 les
948 4700 102 21 stations
1063 4701 130 26 françaises
1207 4704 25 21 et
1246 4708 45 21 par

703 4724 25 20 la
742 4724 90 21 station
847 4725 75 21 suisse
935 4725 31 21 de
979 4726 97 22 Sottens
1093 4733 7 16 :

731 4751 25 20 10
770 4750 31 28 h,
816 4751 27 21 30
861 4755 6 17 :
883 4752 96 24 Arrivée
992 4752 33 22 du
1039 4754 45 21 Roi
1097 4755 17 21 à
1129 4757 163 22 Westminster

702 4777 85 25 Abbey.
805 4778 232 26 Reportages-parlés
1068 4785 44 21 par
1129 4783 59 21 MM.
1212 4784 80 22 Louis-

704 4804 108 25 Philippe
828 4805 132 21 Kammans
975 4807 25 20 et
1016 4807 88 22 Michel
1118 4809 78 26 Ferry.

732 4830 24 21 11
772 4831 85 21 heures
875 4836 6 16 :
898 4832 122 22 Diffusion
1035 4834 29 21 de
1078 4835 25 20 la
1116 4836 137 24 cérémonie

732 4858 25 20 13
768 4858 25 21 h.
805 4858 27 21 30
844 4858 16 21 à
873 4859 26 21 14
910 4859 25 22 h.
951 4864 6 17 :
971 4860 90 25 Départ
1072 4861 34 22 du
1117 4863 51 22 Roi.
1178 4864 105 25 Reporta-

705 4884 103 25 ge-parlé
822 4890 45 21 par
880 4886 34 21 M
928 4887 186 27 Louis-Philippe
1129 4890 99 22 gam^n
1230 4896 30 17 r,.,

733 4911 25 23 15
772 4911 25 22 h.
811 4911 17 22 à
844 4913 25 22 15
883 4912 25 25 h.
922 4913 27 22 30
967 4918 6 16 :
989 4914 96 22 Arrivée
1098 4915 33 22 du
1145 4917 45 21 Roi
1204 4917 16 22 à
1234 4919 50 21 Buc-

705 4938 114 24 kingham
839 4939 90 22 Palace.
956 4941 214 26 Reportage-parlé,
1197 4949 44 20 par
1260 4947 27 20 M

704 4964 89 22 Michel
809 4965 79 26 Ferry.

873 5001 59 22 UNE
951 5002 147 22 CAUSERIE
1120 5008 7 16 :

744 5031 15 18 «
778 5027 81 22 TOUR
879 5028 39 22 UN
939 5029 128 22 CONSEIL
1084 5030 171 23 SUPERIEUR

873 5069 6 4 .
914 5055 56 22 DES
983 5056 78 22 ARTS
1074 5060 13 16 »

732 5089 34 21 Le
777 5090 115 23 mercredi
906 5091 26 21 12
944 5091 55 26 mal,
1013 5090 17 21 à
1043 5090 26 22 18
1082 5091 31 24 h.,
1125 5091 35 21 IX
1174 5091 28 22 N.
1216 5092 27 22 R.
1257 5098 28 15 ra-

707 5115 159 26 diodiffusera,
892 5122 42 17 sur
950 5122 45 17 son
1013 5117 62 22 onde
1098 5118 125 25 française,
1247 5123 48 18 une

707 5143 105 21 causerie
831 5143 30 22 de
881 5144 33 22 M.
935 5145 61 23 Jean
1018 5145 102 24 Delville,
1141 5145 105 22 membre
1265 5146 30 22 de

708 5169 139 25 l'Académie
861 5171 89 26 Royale
964 5171 31 22 de
1009 5171 112 26 Belgique
1142 5173 40 25 qui
1196 5172 100 23 traitera

707 5195 31 22 de
747 5195 29 23 la
788 5197 105 21 création
903 5198 62 22 d'un
978 5203 15 17 c
1006 5198 95 22 Conseil
1113 5198 127 26 Supérieur
1252 5200 43 22 des

709 5223 56 20 Arts
780 5228 21 20 ».

1421 157 53 21 LES
1493 155 122 22 GRANDS
1634 154 155 22 CONCERTS

1497 183 39 21 DU
1554 182 156 22 MERCREDI

1462 216 13 14 «
1493 210 52 20 LES
1563 208 157 22 PRIMITIFS
1736 213 13 15 »

1337 255 61 19 Pour
1410 252 22 20 le
1444 250 113 22 mercredi
1571 250 25 20 12
1608 250 55 23 mai,
1676 249 15 21 à
1703 249 27 22 20
1741 248 30 25 h.,
1784 247 34 22 IX
1830 247 29 21 N.
1871 248 28 22 R.

1310 283 107 19 annonce
1431 278 25 21 la
1467 277 190 26 radiodiffusion,
1670 280 41 16 sur
1724 279 45 18 son
1781 273 61 22 onde
1855 274 35 21 fla-

1310 306 92 27 mande,
1419 304 34 22 du
1485 304 39 24 12e
1540 304 95 21 concert
1660 302 30 21 de
1712 301 26 22 la
1768 301 59 21 série
1858 301 41 22 des

1310 339 14 16 «
1341 332 97 22 Grands
1455 331 99 21 Maîtres
1570 330 31 22 de
1617 329 25 22 la
1659 329 108 25 Musique
1784 333 20 17 ».

1337 360 54 21 Ceci
1404 363 56 16 avec
1474 358 23 21 le
1509 361 114 18 concours
1636 356 30 21 de
1678 356 25 20 la
1716 361 13 15 «
1742 354 107 22 Maîtrise
1862 356 38 20 St-

1310 387 119 21 Rombaut
1444 390 19 19 »,
1479 389 55 16 sous
1549 384 24 21 la
1587 383 116 21 direction
1717 382 29 21 de
1761 382 33 21 M.
1809 382 23 21 le
1846 382 46 21 cha-

1310 414 71 22 noine
1399 413 51 20 Van
1466 411 88 21 Nuffel.

1337 441 38 20 On
1391 438 122 26 entendra,
1528 443 31 16 en
1575 437 100 25 premier
1690 437 53 23 lieu,
1758 436 26 20 la
1798 441 14 16 «
1826 436 75 21 Missa

1311 467 62 25 Quai
1390 467 87 20 Donna
1494 470 19 19 »,
1531 463 128 23 d'Orlando
1676 463 30 21 de
1723 464 87 20 Lassus
1831 463 71 21 (1532-

1312 495 71 21 1694).

1337 522 37 19 Au
1387 524 68 17 cours
1468 519 42 20 des
1525 517 141 22 Intermèdes
1680 517 101 25 d'orgue,
1794 517 33 20 M
1841 517 60 23 Flor.

1310 548 96 20 Peeters
1417 546 125 21 exécutera
1548 543 200 22 Successivement
1759 548 47 16 une
1818 548 12 16 «
1841 544 61 20 Can-

1311 578 60 17 zona
1382 578 20 22 »,
1413 572 31 21 de
1455 572 106 21 l'illustre
1573 572 108 24 Philippe
1692 571 30 21 de
1733 571 83 21 Monte
1831 570 72 21 (1521-

1313 601 61 21 1603)
1393 600 24 21 et
1434 604 47 16 une
1496 604 13 15 «
1525 599 114 20 Fantasia
1655 604 12 15 »
1683 598 32 21 du
1731 597 90 21 célèbre
1836 602 56 20 orga-

1312 628 70 23 niste,
1401 627 60 21 J.-P.
1483 626 128 21 Sweelinck
1636 625 144 24 (1562-1621),
1803 625 40 24 qui
1864 625 38 20 fut

1311 654 49 21 l'un
1380 653 42 21 des
1442 652 98 22 maîtres
1559 653 35 21 les
1614 652 53 26 plus
1687 650 102 22 célèbres
1809 651 30 21 de
1859 656 43 17 son

1311 681 84 25 temps.

1337 707 75 25 Après
1429 707 25 20 la
1470 711 83 21 messe,
1570 711 33 16 on
1620 705 116 21 entendra
1753 709 32 17 en
1801 706 102 23 premier

1311 734 48 21 lieu
1374 739 13 16 «
1403 734 45 22 Ein
1463 734 104 20 frohlich
1582 733 84 21 Wesen
1682 737 19 19 »,
1717 732 29 21 de
1761 732 22 21 J.
1799 731 103 24 Obrecht

1314 762 63 21 (vers
1397 761 133 23 1430-1505),
1549 764 31 18 en
1612 758 74 25 enfin,
1712 758 16 21 1'
1748 763 13 16 «
1780 758 123 25 Organum

1312 787 86 25 triplex
1412 792 20 22 »,
1446 787 30 21 de
1490 787 96 21 Pérotin
1604 786 64 21 (vers
1682 785 72 23 1180).

1337 807 80 32 Enfin,
1434 814 63 21 cette
1513 813 60 21 belle
1589 812 85 21 séance
1691 812 30 21 de
1738 813 106 25 musique
1861 818 32 16 an-

1310 842 84 20 cienne
1426 846 32 16 se-
1485 841 128 20 terminera
1639 844 44 20 par
1715 839 139 22 l'exécution
1873 841 30 21 de

1311 868 16 21 1'
1342 873 13 16 «
1369 869 123 24 Organum
1505 866 158 26 quadruplum
1676 871 19 22 »,
1710 871 59 21 pour
1782 866 84 22 chœur
1879 868 24 21 et

1311 895 121 21 orchestre
1446 895 30 21 de
1491 894 102 23 Pérotin,
1607 894 109 24 composé
1731 898 40 16 sur
1786 893 22 21 le
1823 893 80 23 thème

1311 927 14 16 «
1340 922 118 21 Sederunt
1472 921 119 25 principes
1607 925 19 16 ».

1312 962 40 21 UN
1374 960 141 23 CONCERT
1536 960 38 21 DE
1597 959 136 25 MUSIQUE
1756 960 146 22 MODERNE

1337 1002 33 20 Le
1385 1001 66 25 Jeudi
1468 1000 24 20 13
1509 1000 54 23 mai,
1580 999 15 21 à
1610 999 27 20 20
1653 999 30 23 h.,
1699 998 62 21 onde
1777 999 124 25 française,

1310 1028 143 22 l'Orchestre
1468 1026 176 25 Symphonique
1659 1025 30 21 de
1704 1020 34 29 ri.
1754 1026 28 23 N.
1796 1026 35 24 R,
1847 1031 54 17 sous

1311 1055 26 21 la
1352 1055 115 20 direction
1482 1053 31 21 de
1530 1054 32 21 M.
1578 1054 77 20 Franz
1671 1052 86 27 André,
1771 1052 132 26 exécutera,

1312 1087 60 20 pour
1388 1081 25 21 la
1428 1080 78 27 Resef,
1522 1079 43 22 des
1581 1084 73 21 pages
1670 1079 30 21 de
1717 1079 145 26 Strawinsky
1879 1082 24 20 et

1313 1107 104 23 Richard
1428 1108 104 22 Strauss.
1545 1107 99 21 Solistes
1660 1111 6 16 :
1680 1106 59 21 MM.
1751 1106 151 26 Voordecker,

1310 1134 174 26 violoncelliste,
1503 1134 80 24 Broos,
1603 1133 87 27 altiste.
1711 1134 100 24 Desclin,
1832 1134 62 22 violo-

1312 1162 69 26 niste,
1397 1162 25 20 et
1437 1160 100 24 Baudet,
1554 1161 197 21 clarinete-basse.

1337 1189 34 20 La
1390 1187 100 21 seconde
1509 1188 78 24 partie
1606 1187 30 21 de
1655 1191 27 18 ce
1701 1188 96 20 concert
1815 1198 29 5 —
1862 1190 40 24 qui

1313 1219 53 17 sera
1384 1214 170 21 radiodiffusée
1572 1214 16 21 à
1604 1214 77 25 partir
1698 1214 31 24 de
1746 1215 27 20 21
1791 1215 24 22 h.
1834 1215 27 21 15
1877 1226 28 5 —

1311 1246 53 17 sera
1384 1241 126 21 consacrée
1531 1241 16 21 à
1567 1241 138 21 l'exécution
1727 1246 57 16 avec
1804 1241 23 21 le
1848 1246 45 17 con-

1311 1273 69 19 cours
1393 1268 30 22 de
1437 1269 64 20 Mme
1515 1268 127 27 Serverius,
1656 1268 138 26 cantatrice,
1808 1268 29 21 de
1844 1269 58 21 trois

1311 1296 100 21 extraits
1424 1295 34 21 du
1470 1295 91 23 célèbre
1573 1295 72 25 opéra
1658 1300 14 16 «
1685 1295 110 21 Wozzeck
1809 1300 19 22 »,
1843 1296 60 21 d'Al-

1313 1323 48 21 ban
1373 1323 69 24 Berg.

1338 1350 32 20 Le
1388 1352 96 19 concert
1514 1354 27 16 se
1559 1350 134 23 terminera,
1712 1349 74 24 enfin,
1810 1353 45 21 par
1879 1350 24 21 la

1312 1381 14 17 «
1342 1377 89 21 Course
1447 1376 33 21 du
1497 1376 133 25 Printemps
1648 1381 19 19 »,
1684 1380 81 17 œuvre
1781 1376 77 25 pleine
1874 1377 30 21 de

1312 1403 60 24 sève,
1389 1403 41 25 qui
1447 1403 38 21 fut
1516 1403 102 25 inspirée
1647 1407 32 17 au
1702 1402 86 22 maitre
1805 1403 98 22 Charles

1312 1430 116 21 Koechlin
1442 1434 44 21 apr
1500 1430 145 20 l'admirable
1658 1435 13 15 «
1684 1430 68 21 Livre
1765 1429 30 24 de
1807 1430 26 21 la
1845 1431 48 21 Jun-

1312 1457 37 25 gle
1363 1461 20 20 »,
1398 1456 30 21 de
1442 1456 113 25 Rudyard
1569 1456 104 26 Kipling.

1453 1497 37 21 EN
1510 1497 171 22 L'HONNEUR
1700 1497 64 21 DE...

1426 1539 24 6 ...
1469 1523 207 22 L'INFANTERIE
1695 1523 98 22 BELGE

1340 1551 37 21 ET
1391 1551 38 21 DE
1445 1551 36 21 LA
1497 1551 191 21 FEDERATION
1705 1551 171 21 NATIONALE

1462 1578 56 21 DES
1534 1578 224 21 COMBATTANTS

1339 1619 32 20 Le
1385 1618 111 21 vendredi
1511 1619 25 20 14
1550 1619 54 24 mai,
1619 1623 15 16 a
1648 1618 27 21 20
1689 1618 30 26 h.,
1734 1618 34 22 l'I.
1782 1619 28 22 N.
1824 1619 28 21 R.
1866 1623 27 16 ra-

1311 1645 162 24 diodiffusera,
1493 1650 41 16 sur
1554 1650 44 16 son
1617 1644 62 22 onde
1699 1645 125 27 française,
1844 1650 58 21 pour

1312 1672 24 21 la
1353 1671 99 24 Solidra,
1470 1677 47 16 une
1534 1672 74 21 soirée
1626 1672 125 21 consacrée
1769 1671 15 21 à
1800 1672 16 20 1'
1834 1677 13 16 «
1864 1673 30 20 In-

1313 1699 102 20 fanterie
1428 1699 72 25 Belge
1514 1705 11 14 »
1540 1703 23 16 et
1578 1699 14 20 ù
1606 1699 23 20 la
1644 1704 12 15 «
1669 1698 141 22 Fédération
1822 1699 72 21 Natio-

1313 1726 54 20 nale
1382 1725 43 21 des
1440 1726 169 21 Combattants
1624 1731 19 15 ».

1340 1753 69 20 Cette
1423 1752 91 28 séance,
1529 1752 92 22 donnée
1636 1757 56 17 avec
1707 1753 23 21 le
1744 1757 114 17 concours
1872 1753 32 21 du

1313 1785 13 16 «
1345 1779 212 24 Radio-Orchestre
1574 1779 30 24 de
1623 1779 34 24 l'I.
1675 1780 29 21 N.
1722 1780 29 22 R.
1769 1784 20 24 »,
1808 1779 95 23 réunira

1313 1811 33 16 un
1362 1807 119 21 ensemble
1497 1806 64 21 varié
1577 1807 146 25 d'éjiissionB
1739 1806 125 22 musicales
1880 1809 24 20 et

1315 1834 97 25 parlées.
1429 1835 79 20 Parmi
1524 1839 40 16 ces
1579 1834 125 28 dernières,
1721 1839 33 17 un
1770 1835 84 21 sketch
1869 1840 27 17 ra-

1313 1861 158 25 diophonique
1486 1861 31 21 de
1532 1861 32 21 M.
1582 1861 59 21 Paul
1656 1861 93 22 Brohée
1768 1866 7 17 :
1793 1867 14 16 «
1823 1862 81 25 Vague

1315 1888 30 21 de
1357 1888 126 21 Chansons
1495 1893 19 22 »,
1528 1889 40 24 qui
1580 1888 121 26 évoquera,
1714 1894 31 16 en
1758 1893 34 18 un
1804 1889 101 28 langage

1313 1919 131 17 savoureux
1463 1918 24 20 et
1507 1914 90 26 simple,
1618 1915 34 21 les
1672 1915 82 22 scènes
1773 1915 30 22 de
1823 1915 25 22 la
1867 1918 36 20 vie

1314 1946 32 16 au
1360 1942 72 22 front.

1368 1983 49 20 Une
1435 1982 113 25 première
1565 1982 108 23 audition
1691 1987 31 17 en
1742 1983 109 25 Belgique

1326 2014 12 15 s
1359 2010 89 21 PRINS
1469 2010 65 21 MAX
1556 2010 102 20 KEURT
1678 2010 64 21 ZIJN
1763 2011 95 20 BRUID
1877 2016 13 15 »

1437 2036 110 25 Opérette
1561 2036 29 23 de
1607 2037 63 21 West
1684 2037 24 21 et
1725 2036 58 22 Heid

1460 2063 104 25 Musique
1577 2063 29 21 de
1620 2063 53 21 Cari
1688 2063 73 22 Zeller

1342 2105 32 20 Le
1388 2104 112 21 vendredi
1514 2104 26 21 14
1553 2104 55 24 mai,
1623 2103 15 22 à
1652 2104 27 21 20
1692 2104 31 24 h.,
1736 2104 35 21 l'I.
1785 2104 29 21 N.
1827 2104 29 23 R.
1869 2110 28 16 ra-

1315 2130 163 26 diodiffusera,
1492 2135 41 17 sur
1546 2135 44 17 son
1602 2130 63 22 onde
1677 2131 129 27 flamande,
1818 2131 26 21 la
1855 2136 42 21 pre-

1314 2158 73 20 mière
1406 2158 107 21 audition
1532 2162 32 18 en
1580 2158 113 24 Belgique
1711 2158 71 21 d'une
1799 2158 106 25 opérette

1314 2185 30 24 de
1360 2185 65 21 West
1440 2185 25 21 et
1480 2184 68 28 Heid,
1563 2186 107 24 musique
1686 2185 29 21 de
1731 2185 56 22 Cari
1803 2185 75 22 Zeller
1897 2191 6 17 :

1315 2216 13 16 «
1347 2212 70 23 Prinz
1435 2212 57 20 Max
1511 2212 68 21 keurt
1597 2212 67 24 zinjn
1683 2212 74 21 Bruid
1775 2218 20 18 »,
1813 2213 92 21 version

1315 2238 108 21 nouvelle
1441 2238 30 22 de
1489 2238 158 25 Quedenfeldt
1664 2239 25 21 et
1707 2240 146 25 Brugmann,
1871 2245 28 17 ar-

1314 2267 140 23 rangement
1469 2266 100 21 musical
1582 2265 30 22 de
1626 2267 27 20 A.
1667 2265 143 24 Brouckner.

1348 2310 13 15 «
1382 2306 217 21 DELASSEMENT
1620 2306 222 22 INTELLECTUEL
1861 2313 13 15 »

1343 2338 11 14 :
1370 2333 204 21 TANNHAUSER
1589 2338 19 19 »,
1622 2333 29 21 de
1668 2334 101 21 Richard
1784 2334 96 22 Strauss

1341 2374 33 21 Le
1390 2373 91 21 samedi
1498 2374 26 20 15
1540 2374 55 26 mai,
1613 2373 16 22 à
1647 2374 26 20 14
1689 2374 24 21 h.
1729 2375 34 24 30,
1780 2374 35 22 IX
1831 2376 29 21 N.
1877 2376 27 21 R

1315 2400 189 24 radiodiffusera,
1521 2405 41 19 sur
1579 2406 44 16 son
1639 2402 61 21 onde
1717 2403 125 28 française,
1859 2408 46 18 une

1316 2427 84 21 séance
1412 2427 30 21 de
1455 2433 12 16 «
1480 2427 164 23 Délassement
1657 2429 148 23 Intellitutuel
1817 2422 25 35 »,'
1850 2431 46 21 don-

1316 2454 44 22 né.;
1374 2459 56 18 sous
1443 2454 35 21 les
1492 2455 108 25 auspices
1613 2455 33 21 du
1660 2456 123 22 Ministère
1796 2456 30 22 de
1840 2457 57 23 l'Ins-

1315 2482 104 20 truction
1434 2482 116 24 publique.

1340 2509 37 20 Au
1393 2513 149 20 programme
1562 2513 7 17 :
1588 2514 47 16 une
1652 2509 112 23 sélection
1780 2510 116 27 d'enregis-

1316 2535 115 21 trements
1446 2535 30 24 de
1491 2536 134 25 fragments
1640 2536 30 22 de
1686 2542 12 16 <t
1713 2538 159 22 Tannhauser
1887 2544 18 22 »,

1316 2562 145 21 commentée
1478 2567 45 21 par
1539 2563 33 21 M
1589 2564 105 21 Maurice
1710 2565 114 25 Bragard.

1397 2606 52 22 LES
1466 2607 130 22 HOMMES
1612 2608 38 21 AU
1667 2608 132 22 TRAVAIL
1816 2615 8 16 :

1421 2638 12 15 a
1448 2634 52 21 LES
1515 2634 260 23 CONSTRUCTEURS
1789 2641 13 15 »

1339 2675 63 19 Pour
1415 2674 24 20 le
1452 2675 91 21 samedi
1557 2676 25 21 15
1596 2676 56 27 mal,
1666 2676 16 21 à
1695 2677 28 21 21
1737 2677 31 27 h.,
1781 2677 35 22 les
1830 2679 66 21 Emis-

1314 2700 65 22 sions
1397 2701 94 21 Parlées
1510 2702 139 25 Françaises
1667 2703 30 21 de
1715 2704 35 21 IX
1768 2705 29 22 N.
1815 2705 29 22 R.
1863 2710 33 16 an-

1313 2728 104 20 noncent
1434 2728 26 20 la
1483 2728 183 22 radiodiffusion
1696 2730 72 22 d'une
1795 2732 115 23 nouvelle

1315 2753 85 21 séance
1432 2754 34 21 du
1484 2755 63 24 cycle
1567 2761 13 15 «
1598 2756 45 20 Les
1661 2757 112 21 Hommes
1798 2762 33 17 au
1849 2758 64 22 Tra^

1317 2780 48 21 vail
1377 2785 21 16 ».

1452 2865 57 47 La
1544 2865 221 50 Semaine

1324 2925 25 46 à
1383 2925 508 63 Radio-Luxembourg

1370 3034 141 23 SEMAINE
1530 3035 42 23 DU
1590 3037 14 21 2
1621 3036 42 22 AU
1682 3038 14 21 g
1714 3037 57 23 MAI
1791 3039 58 21 1937

1352 3083 36 23 Le
1404 3083 138 24 Péle-Mêle
1556 3084 155 25 Music-Hall
1730 3090 7 19 :
1757 3087 27 22 le
1796 3086 75 24 lundi
1889 3087 15 24 3

1316 3114 61 29 mai,
1400 3113 84 24 soirée
1507 3115 206 27 montmartoise,
1744 3120 63 19 avec
1837 3117 68 23 Jean

1311 3144 112 23 Marsac.

1352 3180 166 24 Paris-Babel
1538 3186 7 18 :
1566 3187 63 18 sous
1646 3187 31 18 ce
1696 3183 70 27 titre,
1781 3184 35 22 M.
1836 3185 72 23 Jean-

1314 3211 109 22 Masson
1436 3216 180 19 commencera
1628 3212 27 23 le
1666 3212 77 25 lundi
1756 3214 14 23 3
1783 3215 56 23 mal
1851 3219 53 19 une

1313 3241 120 23 nouvelle
1452 3242 67 22 série
1537 3242 34 23 de
1589 3243 237 27 radio-reportages
1844 3249 50 19 con-

1314 3271 90 23 sacrés
1420 3276 54 18 aux
1490 3272 138 24 différents
1646 3273 108 24 milieux
1766 3274 138 27 étrangers

1314 3302 34 22 de
1361 3302 29 22 la
1401 3302 115 26 capitale
1530 3303 139 28 française.

1350 3337 117 25 Théâtre
1485 3343 7 19 :
1509 3338 26 24 le
1550 3340 88 22 mardi
1652 3340 16 22 4
1681 3340 63 27 mai,
1761 3347 13 15 «
1790 3340 36 23 Le
1840 3340 54 24 Bar-

1315 3367 56 24 bier
1386 3368 34 23 de
1432 3368 95 24 Sé-fiiHe
1545 3375 21 21 »,
1583 3369 116 24 comédie
1714 3371 34 22 de
1763 3370 131 24 Beaumar-

1315 3397 82 29 chais,
1407 3398 138 27 présentée
1556 3404 51 21 par
1620 3406 12 15 c
1646 3400 38 22 La
1694 3400 85 24 Petite
1791 3400 83 24 Scène
1882 3407 20 17 ».

1350 3435 38 23 La
1406 3435 160 27 Symphonie
1583 3436 157 27 Pathétique
1758 3437 34 23 de
1811 3437 92 23 Tohal-

1315 3465 104 25 kowsky
1435 3466 71 21 clora,
1519 3466 26 23 le
1559 3466 73 26 Jeudi
1647 3466 17 22 &
1676 3467 55 23 mai
1747 3468 25 22 le
1783 3466 73 27 cycle
1869 3468 35 23 de

1314 3501 14 15 c
1341 3495 38 23 La
1390 3495 161 27 Symphonie
1567 3502 21 17 ».

1351 3531 105 27 Maryse
1467 3532 83 27 Vildy,
1565 3532 33 22 1"
1609 3533 59 26 prix
1682 3533 35 23 du
1730 3538 127 19 concours
1870 3534 34 24 de

1314 3561 59 23 voix
1387 3566 93 21 graves
1492 3562 34 23 de
1538 3562 104 27 l'Opéra
1654 3564 34 22 de
1699 3563 82 27 Paris,
1794 3563 99 24 chante-

1314 3596 31 18 ra
1355 3592 17 22 à
1383 3591 273 28 Radio-Luxembourg
1665 3593 26 22 le
1702 3593 102 24 samedi
1815 3593 15 23 8
1840 3594 62 23 mai.

1398 3642 70 23 Deux
1483 3644 118 21 concerts
1618 3643 201 27 symphoniques

1350 3691 36 22 Le
1399 3691 72 26 Jeudi
1485 3691 15 24 6
1514 3691 63 27 mai,
1592 3691 17 24 à
1623 3691 15 23 2
1652 3692 27 23 h.
1693 3692 38 27 30,
1746 3692 157 24 l'Orchestre

1312 3721 118 23 donnera
1453 3726 39 19 un
1514 3722 85 26 grand
1623 3725 107 23 concert
1752 3722 141 27 symphoni-

1313 3755 56 22 que,
1387 3756 64 18 avec
1468 3751 25 24 le
1509 3756 127 19 concours
1653 3752 35 23 de
1701 3752 109 24 l'altiste
1828 3752 64 24 fran-

1312 3781 70 27 çaise
1404 3781 70 24 Alice
1495 3781 120 28 Merckël,
1637 3782 127 23 direction
1790 3787 6 18 :
1820 3782 82 24 Henri

1311 3811 98 23 Pensis.

1349 3848 75 22 Dans
1441 3848 28 23 la
1488 3848 129 27 première
1637 3848 87 27 partie
1739 3849 37 22 du
1796 3850 106 23 concert

1313 3877 70 24 Alice
1397 3878 115 23 Mexckel
1527 3878 99 27 Jouera,
1643 3878 193 27 accompagnée
1851 3883 51 23 par

1312 3907 163 28 l'Orchestre,
1498 3908 26 23 le
1547 3908 128 23 Concerto
1697 3913 67 22 pour
1787 3908 56 24 alto
1866 3910 36 23 de

1314 3938 127 23 Haendel.
1468 3938 168 23 L'Orchestre
1660 3938 176 27 inteiprétera
1859 3942 36 20 en

1312 3968 76 23 outre
1407 3968 110 23 Prélude
1536 3971 29 22 et
1580 3969 71 23 Mort
1670 3968 119 24 d'Yseult
1807 3969 34 23 de
1858 3968 44 24 Ri-

1312 3997 84 24 dhard
1416 3998 112 26 Wagner
1548 3999 28 23 et
1595 3999 39 22 les
1654 4004 14 16 <
1689 3998 125 24 Préludes
1834 4005 13 15 s
1868 3999 34 23 de

1311 4028 85 22 Franz
1410 4028 76 23 Liszt.

1349 4064 37 23 La
1398 4064 136 23 deuxième
1545 4065 87 25 partie
1645 4065 142 26 comprend
1801 4069 99 19 comme

1313 4094 39 23 31"
1359 4097 30 23 et
1399 4094 120 23 dernière
1528 4094 126 23 émission
1665 4095 37 22 du
1711 4095 72 26 cycle
1795 4095 35 22 de
1841 4101 13 16 <
1863 4093 37 26 La

1311 4124 161 26 Symphonie
1484 4129 13 16 »
1509 4123 28 24 la
1547 4124 45 22 VI*
1601 4124 160 26 Symphonie
1771 4129 35 18 en
1816 4124 26 23 si
1853 4128 38 22 mi-

1312 4158 67 18 neur
1400 4154 49 23 (La
1465 4153 169 27 Pathétique)
1655 4154 34 23 de
1706 4154 193 27 Tchaïkowsky.

1348 4191 36 22 Le
1394 4190 102 25 samedi
1511 4191 14 22 8
1537 4191 62 26 mai,
1614 4192 16 22 à
1642 4190 28 23 21
1685 4191 27 23 h.
1723 4191 37 26 30,
1774 4190 117 24 l'Orches-

1313 4221 40 22 tre
1376 4220 118 23 donnera
1515 4225 39 18 un
1576 4222 107 22 concert
1703 4220 197 28 symphonique,

1314 4255 62 18 avec
1392 4250 25 23 le
1433 4255 127 18 concours
1574 4251 34 23 de
1622 4250 28 25 la
1665 4250 147 23 cantatrice
1828 4251 62 23 fran-

1313 4280 70 26 çaise
1406 4280 104 26 Maryse
1528 4280 82 27 Vildy,
1633 4280 128 24 direction
1785 4275 10 28 !
1820 4280 81 24 Henri

1311 4310 98 23 Pensis.

1349 4346 104 26 Maryse
1468 4346 75 26 Vildy
1558 4346 135 28 chantera,
1710 4347 191 26 accompagnée

1312 4381 49 21 par
1380 4376 163 26 l'Orchestre,
1562 4377 48 22 des
1628 4376 126 23 mélodies
1770 4376 35 23 de
1822 4376 80 24 Louis

1313 4406 105 26 Aubert,
1435 4406 138 23 Chausson
1589 4407 28 22 et
1634 4406 107 23 Gabriel
1756 4406 93 24 Fauré.

1349 4442 167 23 L'Orchestre
1549 4442 174 27 inteiprétera
1763 4443 29 23 la
1826 4443 76 24 Suite

1314 4472 132 28 française
1460 4473 33 22 de
1507 4473 125 27 François
1646 4472 136 29 Couperin,
1798 4473 97 23 orches-

1313 4503 101 22 tration
1427 4503 33 23 de
1474 4503 117 23 Maurice
1604 4503 109 26 Thiriet,
1728 4503 29 23 la
1771 4503 130 24 Première

1313 4533 150 26 Rhapsodie
1481 4533 137 23 roumaine
1637 4533 33 23 de
1688 4533 69 23 Stan
1774 4532 127 25 Golestan

1313 4563 28 23 et
1359 4563 28 23 la
1407 4563 37 23 n°
1465 4563 159 26 Symphonie
1640 4568 35 18 en
1692 4563 35 23 do
1745 4562 105 27 majeur
1867 4564 35 23 de

1313 4593 95 23 Robert
1430 4593 160 24 Schumann.

1401 4642 47 22 Les
1469 4642 117 24 concerts
1606 4643 32 22 de
1659 4642 155 23 l'Orchestre

1419 4673 27 22 et
1465 4672 34 23 du
1518 4673 60 21 Jazz
1597 4673 31 22 de
1647 4672 25 22 la
1688 4671 101 24 Station

1350 4720 35 22 Le
1400 4719 75 24 lundi
1490 4720 13 22 3
1519 4720 61 25 mai,
1597 4720 17 23 à
1629 4720 28 22 12
1671 4719 27 23 h.
1717 4725 6 17 :
1739 4720 106 22 concert
1857 4725 34 18 va-

1314 4749 38 23 rié
1367 4754 67 22 pour
1449 4754 50 18 nos
1516 4750 137 25 auditeurs
1665 4750 109 26 suisses;
1794 4749 17 23 à
1829 4749 28 23 12
1873 4750 27 23 h.

1315 4779 28 23 30
1360 4784 7 18 :
1381 4780 119 26 musique
1511 4780 138 26 ancienne;
1665 4781 15 21 à
1694 4780 27 22 22
1734 4780 25 22 h.
1773 4780 28 21 20
1819 4784 7 18 :
1841 4784 51 19 con-

1314 4810 56 23 cert
1385 4809 82 27 varié;
1488 4810 17 22 à
1520 4810 29 22 23
1565 4810 28 23 h.
1612 4815 6 18 :
1633 4810 120 26 musique
1770 4810 32 22 de
1818 4810 83 23 danse

1314 4844 50 22 par
1378 4839 25 23 le
1419 4840 69 22 Jazz.

1351 4876 35 23 Le
1404 4877 86 22 mardi
1508 4876 15 23 4
1541 4877 61 26 mai,
1623 4877 16 22 à
1660 4877 27 22 12
1706 4877 27 22 h.
1758 4881 7 18 :
1782 4876 119 28 musique

1315 4906 128 27 d'opéras;
1461 4906 16 22 à
1494 4906 27 23 13
1535 4906 27 23 h.
1582 4911 7 18 :
1605 4911 38 18 un
1656 4907 78 26 quart
1748 4906 106 24 d'heure
1868 4907 33 23 de

1315 4936 122 23 marches
1453 4936 259 27 luxembourgeoises.

1352 4973 34 22 Le
1400 4972 128 25 mercredi
1543 4973 14 22 5
1573 4973 61 26 mai,
1650 4973 17 22 à
1682 4973 28 22 12
1725 4973 26 23 h
1772 4978 7 18 :
1796 4974 106 22 concert

1316 5003 32 22 de
1362 5003 120 26 musique
1497 5002 33 23 de
1547 5003 83 23 danse
1644 5007 50 22 par
1709 5002 25 23 le
1748 5003 72 26 Jazz;
1842 5003 16 23 à
1872 5003 28 23 21

1316 5032 25 25 h.
1359 5033 29 22 50
1411 5037 6 18 :
1438 5033 54 23 airs
1509 5033 149 26 populaires
1674 5033 33 23 de
1725 5033 58 23 1900
1800 5032 17 23 à
1836 5032 65 28 1937,

1316 5067 62 18 avec
1399 5062 26 24 le
1444 5067 127 19 concours
1587 5063 33 23 de
1643 5063 54 22 M»»
1716 5062 187 24 MulleT-Grad-

1316 5092 68 24 wohl
1400 5093 30 23 et
1443 5093 35 23 M.
1497 5092 104 26 Venant
1616 5092 95 24 Pauké.

1352 5129 36 24 Le
1401 5130 72 27 Jeudi
1487 5130 14 23 6
1517 5130 62 26 mai,
1595 5131 17 22 à
1628 5130 28 22 12
1670 5130 27 23 h.
1715 5135 7 18 :
1741 5130 122 23 marches
1874 5130 29 23 et

1316 5159 96 28 valses;
1432 5160 17 23 à
1467 5160 29 23 12
1512 5160 26 26 h.
1556 5160 29 24 40
1606 5165 7 18 :
1632 5161 106 22 concert
1755 5158 80 25 varié.

1352 5196 37 24 Le
1401 5197 125 24 vendredi
1535 5197 16 23 7
1566 5197 62 27 mal,
1642 5196 17 23 à
1673 5197 28 23 12
1715 5197 27 23 h.
1760 5201 12 19 r
1784 5196 118 23 Muslnue

1317 5226 142 27 française;
1481 5227 17 23 à
1517 5227 28 22 13
1563 5227 28 23 h.
1614 5230 9 20 s
1643 5230 40 19 un
1699 5227 80 26 quart
1795 5219 108 30 cTtoeûre

3668 2342 29 89 r

1946 2338 73 129 Il
2080 2340 395 127 abhorre
2536 2388 97 79 ce
2694 2354 155 151 qui
2906 2368 151 101 est
3114 2386 431 85 nouveau
3590 2342 35 125 !
3662 2342 31 125 !

2072 2526 50 66 Il
2168 2532 143 61 s'en
2358 2530 180 64 tient
2581 2530 46 64 à
2676 2529 68 66 la
2794 2531 305 66 routine.

2073 2614 184 65 Mais
2288 2613 42 64 il
2362 2614 235 82 garde
2630 2617 193 63 aussi
2863 2637 119 43 ses
3008 2638 227 42 maux
3258 2614 97 65 de
3378 2611 151 67 tête
3547 2617 20 61 !

2457 2723 277 94 Mais
2807 2726 377 93 vous?

2069 2871 198 61 Vous
2320 2864 159 67 êtes
2533 2866 413 82 perspicace
2998 2876 75 54 et
3124 2864 444 85 intelligent!

2068 2984 152 54 Vous
2232 2978 200 59 voulez
2445 2977 128 59 bien
2586 2977 137 58 faire
2735 2991 156 45 votre
2905 2977 160 72 profit
3076 2978 102 58 des
3192 2977 118 72 plus
3324 2982 243 54 récentes

2069 3049 364 60 découvertes
2464 3048 75 60 de
2572 3048 52 58 la
2648 3053 233 65 Science,
2906 3071 94 36 car
3026 3070 141 37 vous
3196 3070 172 37 savez
3397 3054 142 63 qu'in-

2072 3120 394 58 lassablement
2497 3119 52 58 la
2586 3124 219 54 Science
2838 3118 222 60 marche
3093 3141 124 37 vers
3243 3119 50 58 le
3322 3122 247 67 progrès.

2072 3231 136 54 Pour
2243 3239 142 46 cette
2423 3231 199 64 raison,
2658 3247 140 37 vous
2829 3225 272 71 prendrez
3128 3225 303 59 désormais
3465 3223 103 60 des

2068 3310 151 129 "A
2288 3324 101 115 K
2458 3324 105 115 K
2630 3324 65 113 E
2764 3324 91 115 R
2924 3324 65 113 E
3050 3324 77 113 T
3176 3320 77 115 T
3318 3322 65 113 E
3446 3310 123 129 S"

2068 3479 45 42 le
2140 3480 197 42 remède
2364 3491 229 35 nouveau,
2621 3479 205 51 préparé
2851 3481 181 40 suivant
3060 3477 85 40 des
3173 3476 224 42 formules
3426 3478 123 40 scien-

2066 3530 188 50 tifiques
2290 3538 51 33 et
2376 3530 73 49 qui
2487 3529 171 50 dissipe
2696 3530 29 40 à
2764 3529 199 41 l'instant
2996 3527 181 40 TOUTES
3218 3526 67 40 les
3326 3526 216 42 douleurs
3557 3529 10 38 !

2067 3581 118 40 C'est
2211 3592 92 29 une
2330 3579 284 42 découverte
2633 3579 62 41 du
2715 3578 294 42 Pharmacien
3029 3575 109 41 bien
3157 3588 146 29 connu
3324 3578 245 39 DUMONT.

2066 3663 52 30 Les
2140 3663 272 36 "AKKERETTES",
2434 3663 90 37 grâce
2546 3663 19 29 à
2586 3663 65 29 leur
2672 3665 203 35 composition,
2897 3666 50 25 ont
2967 3660 29 29 le
3019 3660 96 36 grand
3137 3664 151 34 avanlage
3310 3660 93 30 d'être
3423 3661 58 29 très
3497 3660 72 29 bien

2066 3699 171 38 supportées
2260 3708 55 29 par
2337 3699 44 29 les
2404 3707 170 29 personnes,
2598 3708 76 26 pour
2697 3699 157 37 lesquelles
2877 3695 125 37 l'emploi
3027 3694 40 30 de
3091 3695 142 30 calmants
3251 3694 151 31 habituels
3422 3695 73 30 n'est
3515 3703 53 29 pas

2065 3743 68 21 sans
2156 3736 237 29 inconvénients.
2417 3734 53 29 Les
2493 3732 263 31 "AKKERETTES"
2780 3743 40 20 ne
2844 3735 117 27 causent
2984 3730 101 37 jamais
3108 3730 56 30 des
3190 3731 132 30 troubles
3348 3731 160 29 d'estomac
3537 3735 30 23 et

2067 3771 81 28 n'ont
2171 3780 101 20 aucun
2296 3770 68 29 effet
2389 3769 128 30 nuisible
2541 3779 48 20 sur
2605 3770 30 29 le
2658 3778 99 28 coeur,
2782 3770 29 29 le
2834 3769 57 29 foie
2915 3770 29 25 et
2970 3765 43 29 les
3039 3766 85 29 reins.
3144 3765 197 31 Absolument
3357 3766 191 30 inoffensives
3557 3764 8 30 I

2064 3825 80 30 C'est
2160 3827 31 29 le
2206 3827 68 37 plus
2291 3835 142 21 nouveau
2450 3831 30 24 et
2496 3826 30 30 le
2542 3826 68 38 plus
2627 3827 123 29 efficace
2766 3824 117 31 remède
2900 3827 115 24 contre:

2067 3885 122 33 Maux
2225 3883 52 35 de
2313 3882 97 40 tête,
2442 3882 207 44 Migraine,
2681 3885 120 31 Maux
2832 3879 52 34 de
2920 3878 129 40 dents,
3085 3882 189 33 Douleurs
3304 3877 263 41 musculaires.

2068 3925 246 51 Névralgies,
2337 3925 186 33 Douleurs
2547 3922 323 37 rhumatismales,
2886 3922 174 42 Epoques
3076 3922 299 38 douloureuses,
3390 3920 179 41 Malaise,

2067 3969 206 37 Insomnie,
2303 3966 379 40 Refroidissements,
2707 3965 156 42 Grippe,
2889 3962 211 41 Influenza,
3128 3964 113 35 Accès
3263 3964 53 35 de
3336 3963 140 40 fièvre,
3498 3968 70 30 etc.

2056 4040 1537 281 AKKERETTES

2118 4375 100 28 POUR
2247 4374 70 29 VOS

1925 4416 289 48 FOURNITURES
2251 4417 54 46 DE
2343 4415 169 48 BUREAU

1924 4480 173 24 adressez-vous
2108 4485 32 17 au
2151 4481 96 25 Journal
2257 4481 72 22 tVers
2340 4480 121 22 l'Avenir».
2473 4479 39 21 460

1925 4573 62 20 avec
2000 4568 166 28 Rubinsteln;
2186 4570 17 22 à
2217 4569 28 23 21
2262 4569 26 23 h.
2308 4574 6 18 :
2332 4568 119 26 musique
2466 4570 34 18 an-

1926 4599 86 28 glaise.

1961 4629 35 23 Le
2011 4629 101 22 samedi
2129 4629 15 23 8
2161 4629 62 26 mai,
2241 4629 16 22 à
2275 4629 27 22 12
2319 4628 26 23 h.
2366 4633 8 18 :
2392 4626 116 25 musique

1925 4657 156 28 d'opérettes
2101 4659 28 22 et
2150 4659 34 22 de
2204 4658 81 27 films;
2312 4658 16 22 à
2350 4657 28 23 13
2400 4657 26 22 h.
2449 4655 29 23 30
2500 4659 7 17 :

1925 4688 118 27 musique
2062 4688 148 27 espagnole.

1981 4731 45 22 Les
2044 4730 75 23 hôtes
2136 4731 31 22 de
2188 4729 268 24 Radio-Luxembourg

1961 4773 35 23 Le
2007 4773 87 24 mardi
2105 4773 15 22 4
2133 4773 62 26 mai,
2210 4773 17 23 à
2240 4773 28 23 13
2282 4772 26 24 h.
2322 4773 36 25 45,
2372 4769 92 25 récital
2477 4769 33 22 de

1925 4804 79 28 piano
2022 4807 51 23 par
2090 4803 147 23 Madeleine
2254 4799 184 26 Buck-Lambé.

1961 4834 39 22 Au
2019 4837 167 23 programme
2206 4833 48 23 des
2273 4836 102 19 œuvres
2394 4831 31 21 ie
2445 4828 56 23 Cho-

1925 4864 52 27 pin,
1992 4862 130 24 Schubert
2137 4863 29 23 et
2179 4863 146 24 Granados.

1960 4894 36 23 Le
2017 4893 71 27 Jeudi
2109 4893 15 22 6
2140 4893 63 26 mai,
2224 4893 17 23 à
2265 4893 28 23 13
2314 4892 25 22 h.
2361 4891 36 25 45,
2417 4889 94 23 Marie-

1925 4923 112 25 Thérèse
2054 4923 33 23 de
2104 4923 102 26 Cuyper
2222 4923 128 23 chantera
2369 4921 47 22 des
2432 4919 68 23 mélo-

1924 4955 57 25 dies
2001 4954 27 22 et
2049 4953 55 23 airs
2125 4953 32 23 de
2178 4953 141 25 Massenet,
2341 4949 169 27 Chamlnade,

1925 4983 133 26 Bemberg,
2077 4983 172 26 Charpentier
2268 4983 27 22 et
2312 4981 140 23 Massenet.

1961 5014 36 23 Le
2008 5013 125 24 vendredi
2144 5013 14 23 7
2173 5013 62 27 mai,
2250 5012 17 23 à
2281 5012 29 23 22
2326 5012 26 22 h.
2366 5010 36 26 30,
2415 5011 95 24 séance

1926 5045 32 23 de
1971 5043 120 27 musique
2104 5043 34 24 de
2152 5042 125 24 chambre
2290 5046 50 23 par
2353 5041 26 23 le
2393 5040 118 27 Quatuor

1925 5073 239 27 Luxembourgeois.

1963 5103 40 25 Au
2020 5108 165 23 programme
2203 5103 25 23 le
2251 5102 117 27 Quatuor
2388 5102 32 23 de
2441 5103 71 22 Bols-

1924 5135 89 25 deffre.

1962 5163 36 26 Lé
2006 5164 103 25 samedi
2121 5164 14 23 8
2146 5164 62 27 mai,
2220 5165 17 23 à
2248 5164 29 23 13
2288 5164 28 22 h.
2326 5163 37 29 45,
2376 5162 27 24 le
2413 5163 89 28 planis-

1924 5197 30 23 te
1967 5195 73 24 René
2056 5195 123 26 Delporte
2193 5194 91 27 Jouera
2298 5193 48 24 des
2361 5197 104 21 œovws
2477 5193 35 25 de

1926 5225 101 26 Chopin
2045 5226 30 22 et
2088 5224 189 24 "DanleM>snr.

2643 4389 138 37 OFFRES
2813 4390 198 37 D'EMPLOIS

2536 4455 41 22 ON
2599 4454 148 21 DEMANDE
2768 4454 31 23 de
2820 4455 59 21 bons
2900 4455 154 25 empierreurs
3075 4458 47 17 aux

2535 4482 119 21 chantiers
2668 4481 189 25 Lixon-Courtin,
2871 4487 16 17 a
2901 4481 94 22 Vedrin.
3010 4482 38 24 S'y
3063 4480 58 26 pies.

2535 4508 97 22 Marché
2648 4512 48 17 aux
2711 4509 119 22 Bestiaux.
3057 4508 65 21 10593

2560 4544 42 20 ON
2619 4543 149 22 DEMANDE
2783 4544 152 21 APPRENTI
2951 4542 146 21 BOUCHER

2535 4571 50 20 Rue
2598 4569 96 22 Florent
2708 4571 105 26 Dethier,
2827 4571 19 21 1.
3058 4568 64 20 11615

2535 4605 41 20 ON
2596 4604 149 21 DEMANDE
2764 4605 49 21 fort
2833 4604 110 25 apprenti
2962 4606 87 22 garçon
3069 4602 54 20 bou-

2534 4630 62 23 cher.
2611 4630 100 22 Adresse
2725 4631 90 21 bureau
2827 4631 34 21 du
2874 4630 101 26 Journal.
3058 4627 63 21 11752

2535 4671 42 20 ON
2605 4671 149 22 DEMANDE
2783 4672 47 21 bon
2852 4672 109 20 monteur
2989 4669 30 21 de
3047 4672 75 18 roues.

2535 4697 82 25 Cycles
2633 4698 121 26 Splendor,
2768 4704 45 16 rue
2828 4698 106 25 Adolphe
2949 4696 92 22 Bastin.
3058 4694 64 22 11923

2535 4739 98 21 SALON
2651 4740 40 21 DE
2709 4740 153 22 COIFFURE
2878 4739 106 21 hommes
3000 4735 122 24 demande,

2534 4770 60 20 pour
2610 4767 130 25 remplacer
2756 4768 94 25 patron,
2867 4766 92 21 ouvrier
2975 4764 30 21 de
3021 4763 101 25 premier

2535 4792 74 25 ordre,
2621 4798 70 18 conn.
2703 4799 75 21 coupe
2790 4794 88 22 dames.
2891 4792 166 25 Decottignies,
3070 4795 46 17 ave>

2535 4823 46 18 nue
2597 4820 44 22 des
2657 4822 105 24 Acacias,
2780 4822 45 26 120,
2842 4821 101 21 Jambes.

3059 4819 63 20 11916

2535 4864 42 21 ON
2609 4865 74 24 DEM.
2715 4864 163 22 demi-ouvrier
2909 4860 212 25 sernirier-poêlier.

2535 4891 111 28 Lapaille,
2661 4892 68 26 place
2744 4893 25 20 L.
2785 4891 85 26 Godin,
2886 4889 128 23 Salzinnes.
3058 4888 65 21 11884

2537 4926 41 20 ON
2590 4927 73 20 DEM.
2676 4931 87 20 garçon
2774 4926 30 20 de
2815 4928 99 22 courses,
2925 4922 30 22 de
2968 4922 25 20 15
3005 4921 16 21 à
3034 4922 25 21 17
3071 4926 52 20 ans,

2535 4952 102 22 sachant
2653 4953 78 21 rouler
2748 4953 15 20 à
2779 4952 58 23 vélo.
2854 4949 117 23 Crémerie
2986 4949 21 20 F
3006 4948 79 21 laman
3087 4949 36 24 de,

2535 4979 54 26 9-11,
2604 4984 43 17 rue
2661 4980 31 21 de
2705 4980 26 21 la
2745 4979 117 21 Monnaie.
3057 4976 66 21 11949

2535 5014 287 21 BOUCHERIE-CHARC
2825 5013 16 20 U
2844 5011 90 22 TEKIE
2970 5008 66 23 René
3079 5011 45 20 De-

2535 5041 194 27 gueldre-Procès,
2746 5042 15 20 J
2761 5040 86 23 ambes,
2863 5038 61 21 dem.
2941 5037 182 25 arprentl.11693

2536 5077 42 20 ON
2599 5077 73 21 DEM
2694 5077 48 20 fort
2763 5073 110 27 apprenti
2893 5066 135 30 boulanger.
3048 5071 75 21 S'adr.

2533 5104 34 25 40,
2584 5108 43 17 rue
2642 5102 178 23 Saint-Nicolas.
3057 5098 66 22 11960

2631 5138 44 20 ON
2691 5135 148 23 DEMANDE
2854 5133 174 22 COURSIERE

2535 5165 21 27 3,
2568 5169 43 17 rue
2622 5164 31 22 de
2664 5164 132 24 l'OuVTage.
3058 5160 66 22 11694

2535 5199 43 21 ON
2593 5199 148 21 DEMANDE
2757 5195 211 23 FILOCHEUSES.
2984 5196 21 19 A
3020 5195 102 20 l'Oiseau

2536 5225 57 21 Bleu
2617 5226 31 22 18.
2662 5229 43 17 me
2719 5224 42 21 des
2774 5224 133 20 Brasseurs.
3058 5220 65 22 1173G

3234 4381 198 36 DEMANDES
3447 4381 197 36 D'EMPLOIS

3146 4442 246 22 CHAUFF.-MECAN.
3412 4442 167 28 expérimenté,
3598 4442 137 26 certificats,

3146 4469 99 21 cherche
3254 4468 68 25 place
3333 4469 91 21 voiture
3434 4474 33 17 ou
3477 4470 100 21 camion
3588 4469 146 25 Adr.Jl.11952

3145 4503 151 22 ROADMAN
3314 4504 72 25 belge,
3404 4505 25 21 18
3445 4509 45 17 ans
3505 4505 30 21 de
3550 4505 115 25 pratique,
3680 4508 56 17 con-

3145 4530 72 22 naiss.
3232 4530 79 21 toutes
3326 4530 95 26 régions
3437 4532 152 25 touristiques
3604 4531 131 26 françaises

3144 4558 25 20 et
3188 4557 132 21 Itinéraires
3339 4558 16 21 à
3373 4558 77 25 grand
3468 4559 78 27 trafic,
3563 4558 99 26 possède
3679 4558 56 22 tous

3144 4585 87 25 permis
3250 4585 113 26 français,
3389 4586 101 22 cherche
3516 4587 67 25 place
3607 4585 129 23 chauffeur

3144 4616 59 20 pour
3223 4616 108 25 voyages,
3350 4614 136 21 excursions
3504 4618 33 17 ou
3556 4613 122 26 transport
3696 4617 30 17 ra-

3144 4638 60 25 pide
3225 4639 106 22 Prudent
3352 4641 25 20 et
3398 4640 124 22 endurant.
3549 4641 79 20 Ecrire
3653 4639 81 25 Empé,

3144 4665 71 21 Hôtel
3228 4665 31 22 de
3273 4667 97 26 France,
3386 4667 119 22 Malonne.
3667 4666 67 22 11755

3145 4700 189 28 COMPTABLE,
3351 4702 62 24 long,
3430 4704 68 25 prat.,
3514 4701 100 21 cherche
3628 4701 98 25 compta-

3145 4726 65 22 bilité
3227 4727 62 25 mod.
3305 4732 33 17 ou
3355 4728 93 25 import.
3465 4728 73 22 Cond.
3555 4727 179 26 avantageuses.

3145 4753 79 24 Rcfér.
3237 4755 38 21 1er
3287 4755 75 21 ordre.
3374 4756 52 21 Ecr.
3438 4756 25 21 a
3476 4756 33 24 C,
3522 4756 49 22 bur.
3582 4753 35 23 du
3627 4754 28 26 JL
3668 4754 66 22 11478

3149 4807 114 38 •»■■
3298 4807 282 38 ENSEIGNEMENT

3177 4869 524 50 STENO-DArTYLOfiRAPHIE

3146 4934 44 23 Ch.
3213 4932 107 29 Berhin,
3341 4935 21 25 4,
3385 4940 50 18 rue
3456 4933 157 24 St-Nicolas.
3634 4930 101 26 Namur

3142 4963 75 22 Cours
3236 4963 101 26 gratuits
3356 4963 123 22 machines
3497 4963 17 21 à
3530 4960 107 24 calculer.
3682 4961 55 23 682S

3810 4862 6 14 :

3280 5015 94 34 GENS
3393 5015 44 35 DE
3457 5013 138 36 MAISON

3358 5061 161 22 DEMANDES

3146 5114 86 21 DAME
3249 5117 79 19 veuve.
3345 5112 28 21 45
3391 5116 51 22 ans,
3459 5110 50 22 très
3525 5109 23 24 b.
3565 5109 88 26 bourg,
3670 5109 63 26 part,

3145 5140 72 26 éduc,
3233 5139 140 26 catholique,
3389 5139 78 21 excell.
3483 5136 50 26 rét,
3548 5135 109 27 dévouée,
3672 5135 62 23 dé*

3144 5171 27 18 re
3184 5167 116 22 situation
3314 5166 71 24 conf,
3398 5165 86 25 diriger
3497 5163 76 24 mais,
3586 5162 71 22 dame
3670 5167 54 18 com-

3144 5193 93 27 pagnie,
3267 5192 218 26 accompagnatrice
3515 5193 108 22 voyages.
3654 5190 79 20 Ecrire

3146 5220 31 23 M.
3193 5219 28 21 O.
3236 5218 39 24 M,
3290 5218 90 22 bureau
3394 5218 32 21 du
3441 5216 100 26 journal.
3667 5216 65 22 11897

245 5362 15 22 i
274 5380 4 3 .
