4036 5801
1807 189 133 24 Samedi
1958 187 18 23 6
1993 187 126 25 février

45 278 122 51 LES
200 269 373 55 MINISTRES

115 345 82 50 EN
231 341 166 50 CONS
400 340 101 50 EIL

79 447 41 35 LA
138 444 116 35 REMISE
273 443 42 32 DE
332 443 42 32 LA
393 441 143 34 REPONSE

154 490 100 34 BELGE
271 490 24 32 A
314 489 144 33 LONDRES

141 563 42 33 LA
195 562 95 34 MORT
302 561 47 34 DU
362 562 113 33 BARON

92 610 41 35 DE
153 609 219 32 BORCHGRAVE
392 606 131 34 DEVANT

116 643 42 46 LÀ
177 655 90 33 COUR
284 655 43 32 DE
348 654 43 33 LA
410 654 87 33 HAYE

68 730 36 21 Un
117 726 92 23 Conseil
223 726 30 22 de
267 726 93 21 cabinet
375 727 54 21 s'est
444 726 56 21 tenu
515 729 44 17 ven-

46 753 64 25 dredi,
127 752 15 21 à
160 752 24 20 la
201 751 36 21 fin
255 751 30 22 de
302 751 158 26 l'après-midi,
477 754 54 17 sous
548 749 24 21 la

46 777 125 29 présidence
189 776 28 22 de
234 777 33 21 M.
285 781 47 18 van
350 775 106 25 Zeeland,
473 774 99 26 premier

46 802 105 25 ministre.

67 835 31 21 M.
110 833 84 26 Spaak,
206 832 39 26 qui
258 832 77 23 devait
346 838 25 16 se
383 831 83 22 rendre
477 830 16 22 à
503 830 69 21 Mons

45 863 53 25 pour
110 858 100 25 prendre
223 858 24 21 la
260 858 78 24 parole
353 858 58 21 dans
425 861 33 17 un
471 854 101 25 meeting

45 883 119 27 trlpartite,
175 888 26 18 se
213 882 73 22 retira
299 882 41 22 dès
353 883 13 20 5
379 882 89 21 heures.

94 921 39 21 LA
148 921 163 24 POLITIQUE
328 917 189 25 EXTERIEURE

67 959 77 23 Avant
158 964 45 17 son
218 958 89 26 départ,
321 958 18 21 11
354 963 16 16 a
384 957 45 22 mis
444 956 22 22 le
481 954 91 22 Conseil

45 989 28 19 au
86 985 99 21 courant
200 984 28 22 de
242 989 38 16 ses
294 983 127 21 entretiens
435 985 55 16 avec
506 980 53 20 l'am-

45 1008 121 24 bassadeur
185 1009 132 24 d'Espagne.
336 1007 20 21 Il
374 1012 15 15 a
406 1006 45 21 fait
469 1005 54 25 part
540 1004 33 21 du

45 1033 133 25 compromis
190 1037 41 17 sur
244 1033 23 20 la
280 1033 54 20 base
347 1030 84 26 duquel
444 1030 33 21 les
490 1034 69 16 reven-

45 1058 110 23 dications
169 1057 75 26 belges
259 1058 73 24 quant
345 1056 15 20 à
374 1056 23 21 la
410 1055 61 21 mort
485 1054 31 21 du
530 1054 29 21 ba-

45 1088 38 18 ron
95 1083 30 21 de
137 1083 145 25 Borchgrave
294 1081 79 22 seront
384 1079 90 26 portées
487 1078 86 22 devant

45 1109 21 21 la
78 1109 61 20 Cour
152 1107 30 21 de
194 1108 33 19 La
240 1108 71 23 Haye.

67 1139 21 21 H
110 1143 16 16 a
148 1137 47 22 fait
216 1137 97 25 rapport
335 1135 129 26 également
486 1139 41 17 sur
550 1134 24 21 la

46 1163 107 23 situation
176 1160 180 23 internationale
379 1161 26 21 et
429 1165 15 16 a
467 1159 45 22 mis
536 1164 37 16 ses

46 1187 107 25 collègues
177 1191 31 17 au
231 1187 98 20 courant
352 1185 41 21 des
416 1183 157 26 négociations

47 1218 27 18 en
94 1216 72 19 cours,
187 1216 27 16 ce
237 1211 38 25 qui
299 1215 15 16 a
335 1209 77 22 donné
434 1209 47 21 lieu
503 1208 15 22 à
541 1213 33 16 un

46 1238 96 24 échange
158 1236 28 21 de
201 1240 55 17 vues
271 1239 31 17 au
316 1235 62 24 sujet
392 1234 33 21 du
441 1242 10 10 »
467 1237 108 18 nouveau

46 1265 98 20 Locarno
157 1269 18 16 »,
188 1260 29 22 de
230 1260 24 21 la
266 1259 97 26 réponse
376 1258 65 25 belge
454 1258 15 22 k
482 1258 23 22 la
518 1259 57 21 note

46 1286 98 26 anglaise
158 1286 25 22 et
198 1285 28 22 de
241 1284 98 22 l'accord
353 1284 84 21 d'Oslo.

69 1319 32 20 La
111 1316 96 29 réponse
220 1315 15 21 à
247 1315 24 22 la
281 1315 56 21 note
350 1314 102 24 anglaise
468 1313 106 27 (réponse

47 1339 112 26 favorable
181 1340 15 22 à
219 1345 46 17 une
288 1339 135 22 conférence
446 1338 41 22 des
510 1339 51 24 puis-

47 1372 75 18 sances
139 1365 208 23 ex-locarniennes)
367 1369 53 16 sera
437 1363 106 22 adressée
560 1363 16 21 à

47 1391 95 24 Londres
160 1390 61 21 dans
239 1390 33 21 les
291 1389 109 26 premiers
420 1388 64 25 jours
504 1389 29 21 de
551 1388 24 22 la

48 1416 95 23 semaine
160 1414 132 26 prochaine.

49 1460 45 24 IES
119 1459 195 22 DIFFICULTES
339 1458 236 22 INDUSTRIELLES

70 1498 30 21 M.
114 1497 21 21 le
151 1496 105 22 ministre
271 1496 41 22 des
326 1496 102 21 Affaires
443 1495 133 26 étrangères

49 1529 12 17 a
73 1521 81 26 exposé
170 1526 30 16 au
216 1521 91 21 Conseil
323 1521 33 21 les
370 1520 130 22 difficultés
514 1520 49 22 rela-

49 1548 52 21 tives
117 1546 14 21 à
148 1546 23 21 la
187 1545 140 21 fabrication
343 1545 29 21 de
388 1545 77 21 l'acier
481 1546 24 21 et
522 1545 15 21 à
553 1545 23 21 la

48 1570 130 29 production
191 1571 25 20 et
232 1575 30 16 au
277 1570 52 26 prix
344 1570 40 21 des
401 1570 121 22 charbons.

71 1598 36 20 On
122 1595 46 22 sait
183 1600 44 20 que
243 1595 113 25 plusieurs
372 1595 120 21 laminoirs
506 1595 31 21 de
552 1594 25 22 la

49 1621 73 25 région
140 1620 29 21 de
187 1620 70 21 Mons
275 1621 26 20 et
319 1620 30 21 de
368 1619 120 22 Charleroi
508 1624 56 16 man-

49 1646 65 26 quent
132 1645 30 21 de
180 1645 105 23 charbon
305 1645 24 21 et
347 1644 102 23 d'autres
468 1644 109 22 matières

49 1669 122 28 premières.

71 1703 33 20 En
119 1705 26 17 ce
161 1700 40 25 qui
216 1705 114 17 concerne
345 1700 23 22 le
382 1699 53 26 prix
450 1700 41 21 des
506 1700 58 20 char-

49 1727 58 23 bons,
124 1725 23 22 le
165 1725 180 25 gouvernement
363 1730 16 16 a
396 1724 81 22 estimé
496 1725 69 25 qu'au-

49 1755 53 19 cune
115 1750 40 22 des
167 1750 183 22 considérations
363 1749 112 21 avancées
488 1754 43 20 par
544 1749 33 21 les

50 1777 88 24 patrons
157 1774 167 22 charbonniers
341 1779 59 21 pour
418 1773 117 27 expliquer
553 1773 24 21 la

49 1801 78 22 hausse
142 1799 40 23 des
197 1800 115 21 charbons
327 1804 18 17 n
351 1800 36 21 est
402 1798 174 22 déterminante.

49 1825 18 22 Il
77 1829 16 17 a
104 1823 85 26 chargé
202 1824 22 22 le
237 1824 106 21 ministre
356 1824 40 21 des
410 1823 102 21 Affaires
523 1822 40 22 éco-

50 1848 113 26 nomiques
174 1849 30 22 de
215 1848 110 26 préparer
337 1849 33 21 les
382 1853 102 17 mesures
497 1852 43 21 que
553 1847 24 21 la

49 1874 107 23 situation
169 1873 125 26 comporte.

49 1912 32 22 LE
93 1911 116 22 STATUT
220 1911 57 21 DES
291 1910 118 22 AGENTS
422 1910 40 21 DE
475 1909 102 21 L'ETAT

71 1949 31 21 M.
114 1948 23 22 le
149 1947 100 26 premier
261 1946 107 22 ministre
381 1952 15 16 a
409 1947 56 21 saisi
478 1947 22 20 le
514 1947 49 20 Con-

50 1974 37 22 seil
98 1973 30 21 de
141 1972 177 25 l'avant-projet
330 1971 100 22 d'arrêté
443 1971 65 25 royal
522 1975 41 21 por-

50 1998 48 22 tant
111 1997 75 22 statut
200 1997 41 20 des
255 1997 81 23 agents
351 1996 29 22 de
395 1996 76 24 l'Etat,
485 1992 90 24 élaboré

51 2028 38 21 par
102 2023 32 20 M.
149 2021 24 22 le
188 2021 156 21 commissaire
360 2021 65 24 royal
441 2022 80 20 Camu.
538 2021 37 19 Un

51 2046 77 24 comité
140 2045 135 22 ministériel
288 2045 110 22 restreint
412 2051 15 15 a
441 2045 37 22 été
491 2043 84 25 chargé

51 2073 25 21 de
86 2077 26 16 se
124 2071 67 21 livrer
203 2070 15 21 k
231 2070 112 22 l'examen
357 2070 28 21 de
398 2071 39 20 cet
449 2069 128 30 important

52 2095 121 23 document.
186 2095 21 21 Il
220 2095 68 24 s'agit
300 2094 32 21 du
345 2094 76 22 même
434 2093 83 22 comité
530 2093 33 21 mi-

53 2120 94 23 nistériel
169 2119 110 22 restreint
303 2123 44 22 que
371 2119 60 21 celui
455 2119 39 25 qui
517 2119 45 20 s'oc-

53 2150 50 21 cupe
125 2144 162 22 actuellement
308 2144 30 21 de
367 2143 25 21 la
426 2142 150 22 constitution

54 2171 47 21 d'un
116 2169 90 22 Conseil
221 2168 84 22 d'Etat.

89 2213 50 22 LES
156 2211 184 23 ACCIDENTES
356 2212 40 20 DE
413 2212 39 20 LA
467 2211 66 21 MER

76 2252 27 20 Le
120 2250 91 22 Conseil
229 2250 55 21 s'est
303 2248 83 27 occupé
407 2248 88 22 ensuite
514 2248 50 21 d'af-

58 2276 57 22 faires
129 2274 194 22 administratives
336 2275 26 21 et
375 2274 146 21 notamment
536 2273 41 20 des

62 2310 8 9 ■
82 2299 120 23 accidentés
217 2308 9 9 »
242 2299 30 22 de
285 2299 23 21 la
322 2303 56 17 mer.

79 2326 26 20 Le
123 2323 111 27 prochain
258 2323 91 22 Conseil
371 2327 58 18 aura
450 2322 48 23 lieu
519 2326 44 18 ven-

57 2349 59 24 dredi,
130 2349 15 22 à
159 2349 25 21 16
197 2349 25 21 h.
236 2349 32 21 30.
281 2360 28 5 —
321 2349 30 20 X.

76 2421 74 31 VERS
176 2422 37 29 LA
235 2421 50 29 FIN
312 2421 93 29 D'UNE
423 2414 102 35 GRÈVE
540 2419 17 29 ?

78 2485 69 24 Mons,
161 2485 13 21 5
187 2484 91 23 février.
291 2494 27 6 —
330 2484 34 21 La
377 2483 68 25 grève
459 2488 31 16 au
503 2483 64 21 Char-

56 2510 97 24 bonnage
170 2510 29 21 de
216 2508 264 23 Hensies-Fommerœul
497 2509 36 20 est
551 2512 29 17 en

56 2534 68 25 légère
140 2534 145 22 diminution.

78 2559 51 22 Plus
141 2564 77 17 aucun
229 2559 105 21 incident
346 2563 30 17 ne
390 2558 54 22 s'est
456 2558 100 25 produit.

55 2630 16 21 A
82 2630 107 25 l'Hôpital
202 2630 103 25 français

76 2677 191 22 L'ambassadrice
285 2677 30 21 de
333 2677 95 23 France,
446 2677 53 21 M™
516 2676 64 21 Jules

54 2702 102 24 Laroche,
173 2707 16 16 a
206 2702 68 21 visité
291 2702 34 21 les
343 2701 124 22 différents
483 2701 96 21 services

55 2727 24 21 de
94 2727 109 25 l'Hôpital
219 2727 111 24 français.

77 2752 113 21 Conduite
204 2756 44 20 par
261 2753 58 20 MM.
333 2752 65 20 Edm.
413 2752 60 20 Zorn
487 2750 53 25 père
554 2750 24 20 et

54 2776 41 25 fils,
114 2777 191 24 respectivement
325 2776 116 25 président
459 2776 25 21 et
503 2774 61 21 admi-

54 2801 228 25 nistrateur-délégué
301 2801 28 22 de
346 2801 98 22 l'œuvre,
462 2800 26 20 M
489 2802 14 11 m
505 2802 8 10 *
531 2800 33 20 La-

54 2827 65 20 roche
131 2827 54 20 s'est
196 2826 87 21 arrêtée
295 2826 81 25 auprès
387 2825 28 20 de
427 2825 87 24 chaque
525 2829 40 16 ma-

54 2852 55 23 lade,
124 2851 157 21 s'intéressant
294 2851 16 20 à
325 2850 63 21 l'état
403 2850 28 20 de
446 2849 48 21 l'un
509 2849 24 21 et
549 2849 28 21 de

54 2876 84 23 l'autre,
150 2876 24 21 et
186 2875 137 25 prodiguant
335 2875 15 20 k
362 2875 89 20 chacun
463 2874 42 21 des
516 2874 62 21 mots

54 2901 92 24 d'espoir
160 2901 24 19 et
197 2900 219 23 d'encouragement.
430 2910 28 5 —
473 2900 25 20 Z.

51 2938 38 20 .ta
102 2936 91 21 Conseil
209 2936 92 24 général
317 2937 33 20 du
365 2937 26 20 P.
407 2937 28 20 O.
450 2937 28 20 B.

82 2984 23 20 le
123 2984 87 21 bureau
230 2984 31 21 du
280 2984 92 21 Conseil
390 2984 94 25 général
502 2985 33 21 du
553 2985 25 21 P.

63 3008 20 21 0.
93 3009 22 20 B.
130 3013 15 16 a
158 3009 68 24 siégé,
241 3009 109 21 vendredi
364 3010 143 24 après-midi,
521 3015 59 20 pour

62 3034 101 19 examiner
183 3034 25 20 la
226 3034 112 21 situation
358 3034 109 25 politique
488 3035 24 21 et
531 3035 35 21 dif-

60 3058 89 21 férentes
172 3059 119 24 questions
314 3059 202 23 administratives.

79 3084 61 21 Cette
156 3083 98 22 réunion
269 3084 36 21 est
321 3084 157 25 préparatoire
494 3084 16 21 à
526 3085 42 21 l'as-

59 3108 86 21 semblée
157 3109 100 24 plénière
271 3109 31 21 du
314 3109 92 21 Conseil
418 3109 93 25 général
524 3114 44 17 con-

59 3133 72 25 voquée
145 3138 58 20 pour
215 3134 112 21 mercredi
341 3135 118 24 prochain.
472 3145 29 5 —
512 3135 29 21 Y.

61 3171 51 20 Chez
127 3171 34 21 les
176 3171 104 21 libéraux
296 3172 118 20 anversois

80 3219 163 21 L'Association
261 3219 94 21 libérale
375 3220 23 21 et
417 3220 151 22 constitution-

60 3244 50 22 nelle
126 3245 116 24 d'Anvers,
259 3249 15 17 a
290 3244 114 22 constitué
427 3249 43 17 son
494 3246 87 21 bureau

60 3274 78 17 comme
148 3270 48 21 suit
209 3274 5 16 :
228 3270 123 25 président,
361 3271 32 20 M.
403 3271 109 22 Fernand
522 3272 46 21 Bos-

60 3299 63 19 mans,
152 3296 90 23 avocat;
272 3296 191 25 vice-présidents
487 3301 6 17 :
522 3298 59 20 MM.

61 3320 76 21 Marcel
154 3320 130 22 Osterrieth
308 3322 25 20 et
357 3321 96 22 Charles
477 3322 104 25 Borgers,

61 3346 119 21 conseillers
200 3351 163 20 communaux;
386 3347 122 22 secrétaire
526 3353 6 16 :
548 3349 33 20 M.

62 3371 75 21 Marcel
154 3372 51 20 Van
222 3372 29 21 de
267 3372 75 24 Putte,
358 3372 129 25 Ingénieur;
506 3375 62 19 secré-

62 3396 152 25 taire-adjoint
229 3401 6 17 :
250 3398 32 20 M.
295 3398 60 21 Jean
367 3399 108 23 Vroman,
489 3399 90 24 avocat;

62 3421 96 22 trésorier
177 3427 6 16 :
201 3423 32 21 M.
250 3423 97 21 Charles
362 3424 52 21 Van
431 3424 77 24 Geert,
525 3429 43 16 avo-

62 3448 37 20 cat.

63 3484 57 18 DIvBr,

593 267 131 51 PLUS
755 267 66 51 DE
852 267 142 50 DEUX
1025 267 103 51 ANS

726 337 34 48 O
762 337 64 49 NT
857 337 117 50 PASS
975 329 29 59 É

644 439 113 33 DEPUIS
776 439 43 32 LA
838 438 235 34 CATASTROPHE

670 479 133 39 MINIÈRE
822 485 43 32 DE
884 485 167 33 GRESFORD

657 557 38 33 LE
714 557 153 33 RAPPORT
886 550 180 45 D'ENQUÊTE

680 603 96 32 VIENT
795 596 114 40 D'ÊTRE
928 598 115 38 PUBLIÉ

689 672 44 23 (De
748 672 68 21 notre
832 673 195 25 correspondant.)

620 704 107 23 Londres,
742 704 13 20 5
770 703 90 22 février.
873 715 29 5 —
919 705 55 21 (Par
988 702 140 26 téléphone).

594 741 28 5 —
632 730 56 20 Plus
699 730 30 20 de
740 730 61 20 deux
813 735 44 15 ans
869 730 67 25 après
948 730 24 21 la
984 729 92 22 terrible
1087 733 28 16 ca-

595 755 120 25 tastrophe
727 755 30 20 de
770 755 24 20 la
806 756 63 21 mine
882 756 29 21 de
924 755 118 23 Gresford,
1055 754 39 24 qui
1107 753 21 20 le

594 781 25 21 22
631 780 130 26 septembre
773 781 57 24 1934,
842 781 70 22 coûta
922 782 25 20 la
958 781 35 21 vie
1005 780 15 21 à
1031 780 39 21 265
1081 779 33 20 mi-

594 811 77 19 neurs,
686 807 24 20 la
725 807 148 21 commis^on
887 806 120 25 d'enquête
1022 803 106 22 nommée

595 837 58 21 pour
670 832 118 21 examiner
804 833 35 20 les
854 838 81 16 causes
951 833 29 20 de
997 830 131 25 l'explosion

595 858 141 23 meurtrière,
749 858 66 21 vient
826 858 30 21 de
869 859 89 25 publier
971 862 43 16 son
1027 856 101 24 rapport.

620 884 168 23 Quatre-vingt
802 884 59 21 neuf
877 884 99 21 témoins
991 882 79 21 furent
1086 885 29 16 en-

595 909 85 21 tendus
698 909 88 21 durant
812 910 125 21 trente-six
962 909 70 24 jours,
1057 907 24 20 et
1099 906 29 20 de

594 935 118 25 multiples
728 935 111 25 enquêtes
856 937 24 20 et
896 933 175 25 investigations
1088 932 27 20 fu-

594 961 54 20 rent
663 961 144 24 entreprises.

623 995 9 9 «
660 986 234 24 Malheureusement,
920 986 36 21 dit
981 985 22 21 le
1031 993 9 9 •«
1062 983 66 20 News

595 1012 123 20 Chronicle
740 1021 10 10 >
773 1012 24 21 la
817 1013 63 20 seule
900 1011 97 24 critique
1017 1013 44 20 que
1081 1008 47 20 l'on

595 1037 77 25 puisse
688 1038 59 20 faire
763 1038 142 21 concernant
920 1037 21 21 le
956 1035 102 25 rapport,
1073 1034 55 19 c'est

595 1067 44 20 que
652 1063 94 21 celui-ci
757 1064 120 25 n'apporte
890 1067 42 20 pas
944 1062 29 21 de
985 1059 143 23 conclusions

595 1089 123 21 formelles.

622 1114 114 25 Pourquoi
748 1115 39 20 265
800 1114 102 21 mineurs
914 1112 82 22 ont-ils
1007 1110 50 26 péri
1069 1110 59 20 dans

595 1140 24 21 la
635 1141 149 24 catastrophe
798 1141 12 20 ?

623 1166 62 20 C'est
699 1166 15 20 à
729 1167 53 24 quoi
795 1170 91 17 aucune
900 1164 96 24 réponse
1010 1160 118 23 définitive

597 1192 60 20 n'est
672 1192 96 24 donnée,
783 1192 20 20 si
818 1192 53 20 tant
886 1191 35 20 est
935 1189 53 25 qu'il
1002 1193 15 19 y
1031 1187 46 20 soit
1090 1185 25 21 ré-

597 1217 85 25 pondu,
696 1218 95 24 puisque
805 1217 34 21 les
852 1216 56 22 trois
921 1214 147 25 rapporteurs
1081 1211 35 21 dif-

597 1242 78 22 fèrent
689 1243 73 21 d'avis
776 1247 40 16 sur
829 1247 26 16 ce
869 1241 72 25 point.

622 1269 63 20 Mais
698 1269 18 20 il
730 1269 85 20 ressort
829 1266 137 22 néanmoins
981 1265 32 21 du
1027 1263 101 25 rapport,

597 1298 44 20 que
659 1294 113 25 l'enquête
790 1298 16 16 a
822 1292 73 21 révélé
920 1291 128 21 l'existence
1073 1289 56 20 d'un

598 1319 50 21 état
665 1320 30 21 de
713 1321 68 19 chose
799 1319 41 21 des
857 1318 52 24 plus
927 1316 145 22 scandaleux,
1090 1314 38 24 qui

598 1345 91 21 devrait
706 1349 95 21 pousser
820 1344 21 20 le
860 1342 76 26 public
955 1341 15 21 à
988 1341 77 24 exiger
1083 1344 46 16 une

598 1371 53 25 plus
667 1371 80 20 stricte
764 1369 128 25 inspection
908 1368 41 21 des
965 1367 74 20 mines
1056 1366 24 20 et
1096 1370 33 15 un

598 1397 130 20 châtiment
740 1396 51 24 plus
803 1394 76 22 sévère
891 1398 58 20 pour
961 1397 57 16 ceux
1030 1392 39 25 qui
1080 1391 37 21 vio-

598 1422 49 21 lent
658 1422 34 21 les
701 1421 144 24 règlements.

624 1448 44 20 Les
685 1447 140 24 dépositions
843 1445 40 21 des
901 1444 99 22 témoins
1017 1442 113 26 prouvent

599 1478 44 20 que
662 1473 34 20 les
716 1472 43 21 lois
778 1471 107 21 minières
905 1469 88 21 étaient
1012 1468 105 21 constam-

599 1499 66 20 ment
681 1497 83 22 violées
780 1502 31 16 ou
828 1496 97 21 rendues
942 1494 148 25 inopérantes
1106 1493 24 20 et

599 1529 31 16 on
649 1529 16 15 a
684 1523 74 21 même
777 1522 107 25 quelques
903 1520 90 21 raisons
1012 1520 29 19 de
1059 1523 57 19 soup-

599 1554 86 20 çonner
710 1553 44 20 que
760 1549 3 4 '
780 1549 33 19 les
838 1546 129 25 supérieurs
992 1544 138 24 obligeaient

599 1575 61 21 leurs
674 1573 156 22 subordonnés
844 1573 14 20 à
873 1577 38 16 ces
924 1570 138 22 infractions
1077 1569 15 21 à
1105 1569 24 20 la

600 1600 37 22 loi.
1057 1620 7 8 ,
1106 1619 7 9 ,

626 1626 37 20 Sir
683 1626 79 23 Henry
781 1624 98 23 Walker,
906 1621 117 26 président
1050 1620 29 21 de
1105 1620 25 20 la

599 1651 145 21 commission
759 1649 119 25 d'enquête
893 1647 117 21 découvrit
1024 1651 43 19 que
1081 1650 48 16 non

599 1677 127 20 seulement
738 1676 24 20 la
772 1674 136 22 ventilation
922 1674 27 20 de
961 1673 25 20 la
997 1672 62 21 mine
1072 1671 58 20 était

599 1702 122 23 mauvaise,
737 1701 59 21 mais
810 1705 44 20 que
869 1700 24 21 la
907 1698 112 22 direction
1034 1696 96 22 désirait

600 1727 82 25 garder
695 1732 26 16 ce
734 1726 45 21 fait
791 1725 80 22 secret.

625 1753 21 20 Il
661 1752 118 21 découvrit
795 1755 82 17 encore
893 1754 43 20 que
952 1749 33 20 les
1002 1747 129 26 explosions

599 1778 94 21 voulues
711 1777 24 21 et
754 1776 139 22 nécessaires
912 1775 88 25 parfois
1018 1774 60 21 dans
1096 1773 34 20 les

599 1803 97 22 travaux
713 1802 100 23 miniers,
832 1801 89 21 étaient
938 1799 119 22 exécutées
1075 1804 55 15 sans

600 1829 61 21 tenir
678 1828 90 25 compte
792 1828 42 20 des
857 1826 130 21 conditions
1012 1824 119 26 spécifiées

598 1855 60 20 dans
675 1854 22 20 le
716 1853 77 21 décret
811 1852 79 21 relatif
908 1856 46 16 aux
973 1850 108 26 explosifs
1101 1855 30 16 en

599 1884 69 19 usage
681 1879 58 20 dans
750 1878 34 20 les
795 1877 75 21 mines
881 1877 29 20 de
922 1877 109 20 charbon.
1043 1876 87 20 Celles-

598 1906 28 22 ci,
642 1904 70 24 dit-il,
728 1904 108 20 devaient
851 1903 49 20 être
916 1902 116 21 vivement
1048 1901 70 21 exécu-

599 1930 55 23 tées,
669 1930 51 20 afin
735 1929 29 21 de
779 1929 125 24 permettre
921 1933 45 15 aux
982 1928 105 20 hommes
1103 1928 28 20 de

599 1955 109 22 terminer
724 1955 50 20 leur
790 1954 83 21 travail
889 1953 16 22 à
921 1954 82 24 temps.

624 1981 21 20 Il
660 1980 117 21 découvrit
792 1985 82 15 encore
889 1984 44 20 que
948 1979 25 21 la
988 1979 31 21 loi
1033 1979 30 21 de
1078 1978 54 22 huit

598 2007 83 21 heures
696 2005 58 22 était
769 2005 178 25 complètement
962 2004 99 25 ignorée.

624 2032 21 20 Il
661 2036 25 16 se
703 2031 56 24 peut
776 2030 81 24 même,
874 2030 106 25 poursuit
996 2031 23 20 le
1037 2039 9 10 «
1066 2031 66 20 News

598 2057 122 21 Chronicle
733 2066 10 9 »
757 2056 54 25 qu'il
822 2061 15 19 y
850 2056 34 21 ait
896 2056 52 25 plus
960 2056 68 24 qu'on
1040 2060 30 16 ne
1077 2056 55 20 veut

598 2083 80 20 laisser
693 2082 50 21 voir
758 2081 99 22 derrière
873 2082 77 21 toutes
966 2086 37 16 ces
1019 2081 100 24 irrégula-

598 2108 62 24 rités,
678 2113 40 15 car
735 2113 46 19 peu
797 2108 30 20 de
844 2107 142 25 dépositions
1003 2107 71 21 faites
1090 2107 42 21 ont

599 2133 36 22 été
649 2133 177 24 satisfaisantes,
841 2134 24 20 et
879 2133 34 20 les
926 2132 163 25 propriétaires
1102 2137 31 16 ne

598 2159 114 21 semblent
730 2159 130 21 nullement
878 2158 106 21 désireux
1003 2158 88 20 d'aider
1109 2158 24 20 la

598 2184 147 21 commission
757 2184 120 25 d'enquête
888 2184 60 21 dans
960 2189 36 15 ses
1007 2183 113 24 investiga-

599 2210 62 21 tions
674 2210 15 20 à
702 2209 127 22 l'intérieur
841 2210 30 20 de
883 2210 25 20 la
920 2210 70 20 mine.

624 2236 32 21 Le
674 2235 77 22 blâme
769 2236 37 21 est
823 2240 30 16 en
871 2235 77 25 partie
964 2234 108 25 repoussé
1090 2239 43 20 par

599 2261 146 25 l'inspecteur
761 2266 30 15 en
808 2261 55 20 chef
878 2266 41 15 sur
934 2260 34 21 les
984 2260 93 25 épaules
1093 2260 39 20 des

599 2287 106 21 hommes
716 2286 40 26 qui
768 2286 43 21 ont
823 2286 104 21 consenti
940 2286 15 21 à
967 2286 71 21 violer
1050 2286 34 20 les
1095 2284 25 21 rè-

600 2312 119 25 glements.
733 2311 121 22 Peut-être
868 2312 84 20 ont-ils
965 2316 29 16 eu
1008 2311 53 23 tort,
1074 2310 59 21 mais

599 2338 112 25 pourquoi
729 2337 89 21 blâmer
836 2338 40 20 des
894 2338 104 19 hommes
1016 2335 84 21 d'obéir
1117 2335 15 20 à

600 2364 41 21 des
653 2363 131 25 supérieurs
797 2363 72 24 ayant
881 2363 22 20 le
917 2362 60 21 droit
990 2362 29 20 de
1032 2362 33 20 les
1077 2365 41 16 ren-

601 2394 69 19 voyer
690 2388 15 21 à
725 2389 87 20 l'heure
831 2388 31 21 où
881 2388 18 21 il
919 2387 92 22 existait
1031 2386 53 21 tant
1103 2386 29 20 de

601 2414 111 25 chômage
726 2414 60 21 dans
800 2413 127 22 l'industrie
940 2411 165 22 charbonnière
1120 2411 11 19 ?

627 2447 32 21 Le
674 2446 49 21 seul
736 2445 92 22 remède
843 2445 34 21 est
890 2449 46 16 une
949 2443 118 25 puissante
1081 2442 38 21 tra-

601 2472 120 21 de-union.
735 2471 62 21 Mais
810 2471 50 21 cela
873 2469 132 25 n'empêche
1018 2468 53 24 qu'il
1086 2468 45 20 soit

602 2497 140 21 wandaleux
761 2497 83 24 qu'une
862 2495 53 21 telle
934 2494 102 24 pression
1055 2493 76 25 puisse

603 2522 49 22 être
666 2522 91 21 exercée
771 2526 39 16 sur
824 2521 39 20 des
876 2520 109 21 hommes.
1011 2538 5 5 .

628 2548 62 23 Bref,
710 2547 90 21 conclut
819 2546 21 20 le
862 2555 8 8 «
891 2546 65 19 News
976 2544 122 21 Chronicle
1119 2553 10 10 »

603 2573 111 25 l'enquête
729 2578 15 14 a
759 2576 30 17 au
804 2571 74 21 moins
893 2570 14 21 à
922 2570 104 21 montrer
1041 2575 30 15 au
1086 2574 32 20 pu-

603 2599 44 20 blic
661 2603 25 16 ce
700 2598 38 24 qui
752 2602 24 15 se
790 2601 66 20 passe
870 2596 59 20 dans
942 2596 34 20 les
989 2596 75 20 mines
1079 2596 24 20 et
1116 2594 15 21 à

603 2624 62 25 quels
676 2627 79 20 graves
765 2622 98 23 dangers
874 2621 33 21 les
917 2621 103 21 mineurs
1030 2625 25 17 se
1065 2621 53 21 trou-

602 2649 55 21 vent
668 2646 99 32 exposés.
779 2647 21 20 Il
812 2647 71 20 serait
895 2646 47 21 bon
955 2646 61 21 aussi
1029 2651 44 20 que
1085 2646 48 21 l'on

601 2679 25 16 se
639 2673 76 21 rendit
729 2672 90 24 compte
833 2677 44 19 que
890 2672 22 20 le
926 2672 76 24 public
1016 2672 60 20 n'est
1089 2676 42 20 pas

600 2699 52 25 prêt
667 2698 15 20 à
698 2697 130 21 considérer
844 2698 24 20 la
884 2697 62 21 mort
961 2697 30 21 de
1007 2697 38 20 265
1063 2697 56 21 hom-

600 2729 48 16 mes
660 2728 89 16 comme
762 2728 33 16 un
808 2723 81 25 simple
901 2723 104 21 incident
1017 2723 102 24 regretta-

599 2749 36 21 ble
649 2756 19 15 ».

78 3527 68 17 Service
169 3528 93 18 Educatif,
284 3527 75 18 Musées
380 3532 73 13 roTaux
478 3529 56 18 (Parc
555 3529 26 16 du

62 3546 167 21 Cinquantenaire).
245 3556 24 5 —
284 3549 106 16 Dimanche
408 3549 10 16 7
435 3548 77 19 lévrier,
530 3548 12 18 k
561 3548 20 17 10

63 3566 55 18 hsures
135 3569 28 18 30,
180 3569 26 16 M.
225 3569 20 16 A.
264 3568 95 17 Chamson
377 3569 86 17 donnera
481 3572 38 13 une
536 3572 46 13 con-

63 3585 63 19 lérence
145 3591 34 14 sur
197 3593 10 11 «
214 3588 36 17 Les
268 3589 114 17 Harmonies
400 3589 82 20 perdues
501 3589 26 16 du
544 3589 38 16 Fa-

63 3605 27 18 Uld
102 3608 22 16 de
138 3608 101 17 Versailles
246 3613 16 12 ».

78 3633 110 18 Fraternelle
209 3635 33 16 des
262 3634 116 17 Grenadiers
398 3635 142 17 Combattants.
560 3642 23 6 —

64 3652 92 18 Dimanche
178 3654 12 17 7
212 3654 71 17 février
306 3655 48 18 19J7,
377 3659 11 13 a
412 3656 21 16 14
456 3655 75 19 heures,
554 3655 28 19 23,

64 3672 77 18 chaussée
154 3674 23 17 de
189 3674 91 19 Louvain,
293 3674 12 17 à
317 3675 103 19 Bruxelles,
434 3675 103 17 assemblée
550 3674 23 21 gé-

64 3692 52 18 nérale
138 3695 89 16 annuello
250 3698 6 13 :
278 3696 90 18 rapports
390 3695 151 17 administratifs
563 3695 20 15 et

65 3712 99 20 financiers;
183 3714 91 18 élections
292 3715 119 20 statutaires,
429 3716 37 16 etc.
484 3715 17 17 A
518 3715 22 17 17
556 3714 27 20 h.,

65 3733 139 19 représentation
222 3734 102 17 théâtrale.

79 3759 120 18 Conférences
214 3761 101 16 d'Histoire
329 3761 20 17 et
363 3761 24 17 de
399 3761 128 17 Littératures
541 3761 42 16 Jui-

66 3781 27 14 icl
105 3787 23 5 —
140 3781 26 16 M.
181 3780 18 17 le
214 3781 68 17 rabbin
295 3781 18 17 J.
328 3781 77 20 Kaplan
420 3781 24 17 de
458 3781 62 19 Paris,
535 3781 38 17 don-

66 3800 35 25 nera
111 3803 37 14 une
160 3800 118 19 conférence,
290 3801 101 17 dimanche
404 3801 11 17 7
426 3801 72 17 février
510 3801 49 19 1937,
571 3805 13 13 a

67 3817 14 18 10
91 3819 18 17 h.
124 3821 26 18 30,
166 3821 50 16 dans
231 3821 18 16 le
264 3821 67 17 Grand
346 3821 105 19 Auditoire,
468 3822 26 18 65,
511 3824 34 14 rue
560 3821 24 17 de

67 3837 13 17 U
88 3840 98 20 Concorde,
200 3841 13 17 à
225 3841 104 17 Bruxelles.
342 3841 56 20 Sujet
413 3845 6 13 :
435 3846 10 12 t
452 3841 98 17 Judaïsme
564 3841 21 16 et

67 3857 57 20 tatlce
138 3860 76 18 sociale.
222 3866 10 10 >

81 3885 116 19 L'assemblée
213 3886 88 21 générale
316 3888 34 16 des
366 3887 87 20 délégués
469 3888 23 16 de
507 3887 77 17 l'Union

69 3903 84 20 Nationale
168 3907 33 16 des
216 3907 91 17 Officiers
322 3908 23 16 de
360 3907 81 17 Réserve
457 3908 23 16 de
495 3907 89 20 Belgique

70 3926 33 16 ttra
115 3926 44 19 lieu,
174 3927 18 16 le
206 3927 102 17 dimanche
323 3928 20 15 28
357 3927 71 17 février
443 3928 48 18 1937.
506 3928 21 16 et
541 3931 44 13 sera

71 3945 42 18 X-iTle
134 3947 45 16 d'un
199 3947 92 19 déjeuner
311 3951 24 13 en
355 3947 102 17 l'honneur
476 3948 34 16 des
531 3947 54 16 chefs

71 3963 15 17 fc
96 3969 52 17 corps
165 3967 24 16 de
205 3966 96 20 Belgique.

85 3991 63 18 Société
168 3993 33 16 des
221 3993 127 16 Conférences
366 3993 95 21 Agricoles
480 3994 20 16 et
519 3994 63 16 Hortl-

74 4010 30 18 t*s
116 4012 93 16 d'Ixelles.
222 4020 22 5 —
257 4013 77 16 Samedi
348 4013 10 16 6
372 4012 76 20 février,
462 4013 12 16 k
489 4013 20 16 15
524 4013 19 17 h.
557 4014 25 17 30,

77 4032 49 16 "due
143 4033 26 16 du
185 4033 76 19 Pesage.
280 4033 27 18 59,
325 4032 113 17 conférence
455 4036 36 16 par
508 4034 26 15 M.
551 4033 31 16 Ed.

79 4052 20 15 <Q
108 4052 157 19 Cauwenberghe.
278 4052 55 19 Sujet
349 4056 5 12 :
370 4057 9 11 <
387 4052 93 20 Quelques
493 4056 34 13 cas
540 4056 46 16 par-

76 4071 63 18 --nilers
151 4072 12 17 à
175 4072 100 20 envisager
286 4072 50 17 dans
348 4072 19 17 la
380 4072 53 17 taille
445 4072 26 17 du
483 4072 71 20 poirier
566 4072 20 17 et

74 4091 15 15 tt
95 4092 72 19 pécher.
174 4097 10 11 »

85 4116 37 18 Paul
137 4118 72 17 Dillens
224 4122 69 16 expose
308 4122 30 13 ses
352 4118 91 17 tableaux
457 4118 27 17 du
498 4119 11 17 fl
524 4121 26 14 au
565 4119 22 16 17

72 4137 58 19 ■wrler.
147 4139 27 18 13,
190 4142 34 13 rue
240 4139 66 19 Veydt.

85 4156 98 19 Cnlversité
202 4159 26 16 du
247 4158 78 17 Travail
344 4159 24 16 de
387 4158 105 17 Charleroi.
511 4166 23 5 —
551 4158 26 17 Di-

72 4176 63 18 manche
151 4178 10 16 7
176 4178 76 19 février,
268 4178 12 18 à
295 4179 21 17 17
332 4178 74 20 heures,
422 4178 113 17 conférence
551 4181 36 17 par

72 4194 16 17 K-
100 4197 18 17 L.
136 4198 40 16 Géo
193 4198 76 20 Déloge.
287 4199 55 19 Sujet
361 4202 6 14 :
387 4203 10 12 «
404 4199 29 16 En
450 4198 137 21 vagabondant

60 4231 3 4 .
72 4216 22 16 "ir
106 4217 26 17 les
148 4218 85 17 chemins
249 4219 23 16 de
288 4219 144 20 Buenos-Ayres
439 4224 16 12 ».

87 4241 21 18 U
120 4244 67 17 Pédale
200 4245 24 16 de
236 4245 106 19 Cureghem
354 4246 89 19 organise
456 4249 36 13 son
504 4245 33 17 bal
551 4249 34 12 an-

59 4260 47 19 'Wel
118 4267 47 16 pour
179 4265 17 16 le
211 4265 11 17 S
236 4264 76 22 février,
328 4265 37 20 119,
380 4269 35 13 rue
429 4266 74 19 Wayez,
518 4265 12 18 i
545 4266 40 16 An-

61 4279 88 22 ■■■Urlecht.

59 4322 8 6 ,
86 4308 54 19 Jeune
156 4310 64 18 Garde
235 4310 78 18 libérale
329 4311 23 17 de
367 4312 58 17 Jette.
440 4319 24 6 —
479 4312 106 17 Dimanche

61 4327 27 20 ■
102 4329 73 20 février,
195 4331 11 16 k
226 4331 22 16 18
266 4332 75 18 heures,
360 4332 62 19 grand
441 4332 33 17 thé
493 4333 91 19 dansant,

76 4358 8 7 --
96 4350 50 18 Place
162 4351 83 19 Laneau,
263 4351 12 16 à
292 4352 58 16 Jette.

87 4374 13 17 A
114 4376 93 18 l'Institut
223 4377 99 20 supérieur
339 4377 103 18 d'Histoire
459 4378 24 17 de
499 4378 50 17 l'Art
565 4377 21 18 et

76 4393 130 29 l'Archéologie,
225 4397 13 16 k
257 4397 103 20 Bruxelles,
380 4398 16 19 9,
416 4401 34 14 rue
469 4399 25 16 du
514 4398 71 20 Musée,

76 4413 16 21 A,
101 4416 66 17 Lebeer
180 4417 77 20 parlera
269 4417 55 17 lundi
337 4418 10 16 8
360 4417 76 20 février,
450 4418 12 17 à
477 4419 21 17 18
510 4419 75 18 heures,

77 4433 13 17 fc
101 4435 93 19 l'Histoire
210 4437 23 16 de
249 4437 21 17 la
284 4437 87 18 Gravure
386 4438 98 17 flamande
501 4442 24 13 au
541 4439 43 16 XV*

78 4455 45 22 «cle,
140 4457 20 16 et
177 4456 12 17 k
208 4457 20 16 17
246 4457 20 17 h.
284 4457 37 19 1/4,
338 4458 27 16 M.
382 4458 37 16 Léo
436 4461 38 14 van
491 4459 94 19 Puyvelde

79 4475 63 18 «itéra
154 4477 24 18 de
190 4477 67 17 Giotto
269 4478 20 17 et
301 4477 23 16 de
336 4481 36 13 son
384 4478 60 17 Ecole.
457 4479 64 16 Mardi
533 4479 11 16 9
556 4478 30 17 fé-

78 4494 40 27 Jfler,
129 4496 12 16 à
154 4497 20 16 17
186 4497 19 17 h.
219 4497 37 19 1/4,
267 4497 27 19 M.
306 4498 36 16 Léo
354 4501 38 13 van
403 4498 95 19 Puyvelde
509 4499 77 19 parlera

79 4516 20 14 «i
110 4517 91 19 esquisses
215 4517 24 16 de
253 4517 83 17 Rubens.
349 4518 94 16 Mercredi
457 4519 10 16 3
481 4518 77 20 février,
573 4518 13 17 k

81 4538 10 11 •
99 4539 22 16 a.,
133 4537 25 16 M.
171 4537 40 19 Edg
229 4537 28 16 De
269 4537 76 18 Bruyne
357 4538 83 16 traitera
451 4540 24 15 de
487 4538 38 17 l'Es
527 4538 32 17 thé
561 4539 25 16 tl-

81 4553 20 22 fw
113 4556 18 16 et
145 4557 24 16 de
183 4557 20 16 la
217 4557 121 19 Philosophie
353 4557 24 17 de
391 4558 54 19 l'Art,
461 4560 20 15 et
495 4558 13 16 à
524 4559 20 16 17
559 4559 25 18 h.,

81 4575 18 14 **
108 4577 100 17 premières
219 4577 94 17 ébauches
325 4577 129 20 d'Esthétique
466 4578 50 17 dans
526 4578 21 17 la
559 4579 27 16 ci-

78 4596 80 17 ."--wation
176 4600 85 16 grecque.

92 4620 21 16 Au
124 4622 62 17 Palais
198 4623 34 16 des
244 4623 124 18 Beaux-Arts.
380 4631 23 5 —
413 4624 128 19 L'important
552 4628 25 13 en-

84 4640 46 18 sable
140 4642 33 17 des
183 4643 42 19 plus
236 4643 61 16 beaux
306 4643 75 17 dessins
391 4643 86 20 français
487 4644 25 16 du
522 4644 64 16 Musée

74 4658 22 24 .5
106 4660 74 22 Louvre,
197 4663 135 16 actuellement
347 4665 67 15 ouvert
431 4667 25 13 au
471 4664 65 16 Palais
552 4665 34 16 des

84 4678 95 21 fcaux-Arts
193 4683 20 16 et
226 4683 33 19 qui
272 4683 65 16 devait
350 4683 71 17 fermer
434 4688 30 12 ses
477 4685 66 18 portes
556 4684 30 16 dl-

84 4698 58 27 Juiche
156 4703 10 15 7
179 4702 77 21 février,
269 4706 44 13 sera
326 4703 90 20 prolongé
429 4704 90 19 Jusqu'au
532 4704 11 17 9
556 4704 30 17 fé-

79 4718 36 19 'JAtt
126 4722 67 18 inclus.

94 4743 19 20 ta
125 4748 143 17 manifestation
283 4749 23 17 de
320 4749 108 19 sympathie
442 4749 80 20 Léopold
536 4750 51 18 Rosy

86 4764 28 18 *fe
124 4768 37 17 lieu
174 4769 18 16 lé
205 4769 101 17 dimanche
320 4769 10 17 7
343 4769 76 20 février,
433 4769 12 17 à
460 4770 20 16 10
493 4770 20 17 h.
527 4770 20 16 30
561 4771 26 16 du

87 4786 44 22 P-lh,
148 4788 12 16 à
177 4789 20 16 la
215 4790 74 15 Maison
307 4789 24 17 de
348 4790 20 16 la
384 4790 73 18 Presse,
474 4790 17 18 4.
509 4793 34 14 rue
561 4790 26 17 du

87 4804 65 29 *{hiuis,
166 4808 12 17 k
190 4809 103 17 Bruxelles.
305 4809 29 16 Au
346 4812 56 14 cours
414 4809 23 17 de
449 4810 51 16 cette
512 4809 74 21 séance,

88 4824 16 29 £1
112 4830 39 14 sera
164 4828 96 20 publique,
274 4832 20 13 se
308 4829 43 17 fera
363 4827 21 18 la
398 4829 68 18 remise
480 4833 12 13 a
505 4829 82 21 Léopold

89 4845 26 19 **ï
134 4848 22 16 de
177 4848 19 17 la
217 4848 97 20 plaquette
335 4852 25 13 en
380 4849 75 20 bronze,
476 4853 65 13 oeuvre
561 4850 26 17 du

88 4864 70 29 JJptfur
171 4868 81 20 Jacques
265 4868 71 20 Marin,
349 4871 90 15 souvenir
451 4869 24 17 de
488 4872 30 14 ses
532 4870 55 16 amis.

89 4884 22 29 5J-
124 4888 82 17 Maurice
223 4888 101 19 Wllmotte,
342 4889 83 19 Georges
440 4889 70 19 Rency,
529 4889 60 16 G.-M.

89 4903 67 24 fc-ulgue
167 4909 20 16 et
197 4908 81 20 Léopold
288 4909 50 19 Rosy
349 4912 12 16 y
371 4909 106 19 prendront
486 4908 21 17 la
516 4909 71 20 parole,

91 4933 27 17 Ao
129 4934 185 19 radio-télégramme
328 4938 87 13 annonce
429 4939 36 15 que
479 4935 18 16 le
511 4935 76 17 navlre-

90 4950 29 20 P«
127 4957 10 12 «
147 4954 96 17 Mercator
255 4959 17 15 >,
284 4954 62 17 arrivé
358 4954 12 17 k
381 4955 66 16 Loblto
463 4955 95 20 (Angola),
571 4955 18 17 le

91 4970 11 25 J*
110 4974 67 17 janvier
193 4974 81 20 dernier,
292 4978 12 13 a
321 4974 61 20 quitté
399 4978 21 14 ce
436 4976 45 18 port
497 4976 18 17 le
531 4975 11 16 2
558 4975 30 17 fé-

91 4988 28 19 "«r
130 4994 47 17 1937.

93 5013 124 30 .jJ-uie-Garde
227 5019 78 18 libérale
315 5020 23 17 de
348 5020 57 17 Jette.
415 5028 22 5 —
445 5021 53 17 Voici
508 5021 20 17 la
538 5025 51 13 com-

93 5036 59 29 P-jion,
167 5043 49 16 pour
231 5040 48 20 1937,
294 5040 26 17 du
335 5040 73 17 Comité
423 5041 24 16 de
461 5041 20 16 la
495 5041 18 17 J.
528 5041 24 19 G.
567 5040 21 18 L.

92 5058 58 27 £*ette
162 5063 5 13 :
179 5060 98 19 président
290 5063 5 13 :
307 5060 68 17 Erauw
385 5061 97 18 Fernand;
494 5061 95 20 vlee-pré-

93 5078 44 26 £'"'e
154 5083 5 12 :
173 5080 110 16 Deconlnck.
296 5080 95 19 Suzanne;
407 5080 159 20 vice-présidents
582 5084 6 14 :

102 5098 83 19 ■•"telaere
203 5100 74 18 Gilbert
295 5101 19 16 et
331 5100 109 20 Meysmans
457 5101 83 18 Gaston:
559 5104 30 14 se-

94 5116 51 28 2J»lre
160 5124 6 13 ;
179 5120 89 17 Lambert
280 5120 73 18 Albert;
368 5120 198 20 secrétaire-adjointe
582 5124 6 14 :

94 5136 91 25 ïr^-elaere
204 5140 103 19 Lucienne;
328 5139 90 18 trésorier

623 2808 133 29 BIZARRE
775 2807 158 30 ACCIDENT
948 2808 19 28 A
983 2808 125 28 TILLIER

626 2879 95 22 Namur,
741 2878 13 21 5
775 2877 90 22 février.
885 2888 28 5 —
932 2878 32 20 Le
990 2877 82 21 lieudit
1099 2877 33 20 les

603 2911 9 11 s
626 2904 67 20 Deux
706 2903 70 21 Haies
790 2911 19 15 »,
822 2903 16 21 à
850 2902 86 24 Tillier,
950 2907 15 16 a
978 2902 37 21 été
1028 2902 21 21 le
1063 2902 56 21 théâ-

600 2928 36 21 tre
650 2928 56 21 d'un
720 2927 110 25 singulier
845 2927 112 21 accident.

625 2953 32 20 Le
673 2953 91 20 chariot
780 2952 156 25 appartenant
952 2952 15 20 à
983 2952 32 20 M.
1031 2951 101 23 Fosslon,

601 2978 128 24 exploitant
749 2977 24 21 la
800 2977 74 21 ferme
895 2977 40 21 des
963 2977 134 24 Comognes,
1118 2977 15 20 à

601 3002 206 23 Noville-les-Bois,
820 3003 24 20 et
857 3001 95 21 conduit
963 3006 44 20 par
1019 3002 32 21 M.
1064 3002 56 20 Pros-

601 3032 42 20 per
659 3027 69 25 Thys,
746 3032 15 15 a
777 3027 37 21 été
831 3026 117 26 précipité,
966 3031 44 20 par
1027 3026 59 21 suite
1105 3026 27 21 de

602 3053 168 20 circonstances
787 3056 81 17 encore
886 3052 48 20 mal
951 3051 105 24 définies,
1074 3051 59 21 dans

602 3081 46 17 une
672 3076 116 23 tranchée,
805 3077 113 24 profonde
935 3077 29 20 de
982 3077 11 20 1
1010 3080 31 17 m.
1059 3076 26 21 50
1109 3077 24 20 et

602 3102 63 24 large
681 3102 28 20 de
725 3102 13 19 2
754 3101 91 21 mètres.

628 3127 32 21 Le
670 3126 90 21 chariot
771 3127 32 24 s'y
814 3127 35 20 est
859 3126 112 24 renversé,
982 3126 34 21 les
1025 3131 67 16 roues
1104 3131 30 15 en

603 3151 57 24 l'air,
676 3151 79 21 tandis
770 3156 44 20 que
829 3151 34 21 les
879 3151 80 25 quatre
976 3151 103 21 chevaux
1096 3151 25 20 at-

603 3176 57 21 telés
673 3177 48 20 s'en
734 3176 95 21 tiraient
842 3181 55 16 sans
911 3180 75 17 aucun
999 3176 54 23 mal,
1067 3180 66 20 grâce

603 3206 31 16 au
654 3201 131 24 sang-froid
807 3201 32 21 du
866 3201 146 24 conducteur,
1032 3201 39 25 qui
1099 3201 35 21 est

603 3225 130 25 également
749 3225 114 21 Indemne.

629 3252 43 20 Les
689 3250 81 26 dégâts
786 3250 117 21 matériels
919 3251 55 21 sont
989 3251 143 24 Importants.

640 3324 58 29 LES
724 3323 154 30 CONFLITS
904 3324 39 28 DU
968 3324 130 28 TRAVAIL

698 3393 43 24 (De
757 3393 68 21 notre
841 3393 195 25 correspondant.)

626 3424 72 24 Paris,
718 3426 12 20 5
749 3424 91 21 février.
863 3425 56 20 (Par
937 3424 28 21 fil
984 3424 105 25 spécial).
1107 3435 17 5 -

601 3450 38 20 Un
657 3450 89 20 certain
762 3450 97 20 nombre
877 3450 28 20 de
923 3450 95 20 conflits
1035 3450 31 20 du
1084 3450 37 20 tra

601 3474 46 21 vail
661 3475 110 20 viennent
785 3474 28 21 de
827 3479 25 16 se
866 3474 106 26 produire
987 3475 59 20 dans
1059 3475 24 20 la
1096 3474 25 22 ré

602 3499 53 24 gion
672 3500 137 24 parisienne.

627 3525 62 20 C'est
706 3524 60 21 ainsi
782 3529 45 20 que
844 3524 33 21 les
894 3524 96 21 commis
1007 3524 128 25 chapeliers

602 3550 42 20 ont
674 3549 61 20 cessé
765 3549 22 21 le
817 3549 90 24 travail,
938 3549 59 21 ainsi
1027 3554 44 20 que
1101 3549 34 21 les

602 3574 100 21 ouvriers
715 3574 41 21 des
770 3574 121 21 crémeries
905 3574 23 21 et
942 3574 150 25 fromageries
1105 3575 29 20 de

603 3599 94 21 France.

628 3624 39 20 Un
689 3624 90 21 certain
801 3625 96 21 nombre
922 3625 28 20 de
975 3625 96 21 dockers
1093 3624 41 21 des

603 3649 115 23 magasins
734 3649 116 24 généraux
867 3650 28 21 de
912 3650 153 21 Saint-Denis
1080 3650 54 20 sont

604 3673 128 24 également
747 3679 30 16 en
791 3674 74 24 grève.

628 3698 32 21 Le
681 3700 92 20 contrat
794 3699 100 21 collectif
915 3699 92 21 n'étant
1027 3704 43 20 pas
1091 3704 35 17 en

604 3727 51 16 core
669 3723 64 24 signé
748 3724 66 24 après
830 3724 60 21 deux
905 3724 58 21 mois
978 3725 29 20 de
1021 3729 101 21 pourpar-

603 3747 52 24 lers,
668 3748 109 22 l'entente
790 3749 96 24 n'ayant
899 3754 32 20 pu
944 3754 26 16 se
983 3750 60 20 faire
1057 3754 41 17 sur
1111 3750 24 20 la

604 3773 105 24 question
730 3774 40 21 des
791 3774 101 24 salaires,
913 3774 21 21 le
956 3775 83 21 travail
1061 3780 15 16 a
1096 3774 38 22 été

604 3797 136 21 abandonné
761 3798 128 25 également
909 3804 44 20 par
972 3800 21 20 le
1012 3800 123 25 personnel

605 3822 67 21 d'une
685 3823 103 25 fabrique
803 3824 29 21 de
845 3825 148 21 monuments
1006 3824 129 21 funéraires

605 3847 24 20 et
648 3851 42 20 par
708 3848 33 21 les
759 3849 136 21 chauffeurs
913 3849 68 23 d'une
1000 3850 135 24 compagnie

605 3872 29 21 de
648 3872 66 22 taxis.

1151 252 532 62 L'ÉPILOGUE

1201 334 149 52 D'UN
1385 321 247 62 PROCÈS

1193 437 45 32 UN
1257 435 118 33 ANCIEN
1394 429 175 37 PRÉSIDENT
1588 432 46 33 DU

1215 482 131 33 CONSEIL
1367 481 59 32 DES
1445 480 170 33 MINISTRES

1196 528 158 43 FRANÇAIS
1374 526 57 33 EST
1450 519 181 40 CONDAMNÉ

1186 602 89 31 POUR
1294 600 86 32 ABUS
1400 600 41 31 DE
1463 598 181 33 CONFIANCE

1244 666 43 23 (De
1302 665 68 20 notre
1386 663 197 26 correspondant.)

1172 697 72 23 Paris,
1263 697 13 21 5
1295 696 91 21 février.
1409 696 55 20 (Par
1482 695 29 21 fil
1529 694 106 25 spécial).
1654 704 27 6 —

1146 723 31 20 Le
1203 721 102 21 tribunal
1329 720 166 21 correctionnel
1520 725 14 15 a
1558 718 123 26 prononcé,

1147 748 37 20 cet
1199 746 142 26 après-midi,
1356 750 36 16 ses
1408 745 131 25 jugements
1555 749 30 17 en
1601 749 25 16 ce
1642 744 39 25 qui

1147 776 111 17 concerne
1277 771 33 20 les
1330 771 97 20 affaires
1445 770 29 21 de
1492 769 189 22 l'Electro-Câble

1147 798 24 21 at
1185 797 29 21 de
1228 797 24 20 la
1266 796 90 21 Société
1370 795 181 25 d'équipements
1565 795 41 20 des
1620 795 62 20 voies

1147 822 86 21 ferrées
1248 822 24 20 et
1287 821 86 24 grands
1389 820 102 22 réseaux.

1172 847 32 20 M.
1235 846 110 24 François
1374 845 95 24 Marsal,
1500 844 118 26 président
1649 845 33 21 du

1148 872 85 21 conseil
1258 871 217 22 d'administration,
1500 870 83 20 ancien
1607 869 61 26 prési-

1147 897 56 21 dent
1218 896 31 20 du
1263 896 92 21 Conseil
1370 897 24 19 et
1407 896 32 20 M.
1453 895 65 21 René
1533 894 97 25 Gérard,
1645 895 23 20 di-

1147 923 90 20 recteur
1249 921 99 24 général,
1360 922 43 20 ont
1415 920 37 21 été
1465 920 146 24 condamnés,
1624 920 45 21 cha-

1147 951 46 17 cun
1205 947 14 21 â
1233 946 59 21 deux
1305 951 44 17 ans
1361 946 29 20 de
1402 946 79 24 prison
1494 946 24 20 et
1530 946 59 23 2,000
1602 945 80 21 francs

1147 971 126 24 d'amende,
1294 975 58 20 pour
1371 971 25 20 la
1416 970 111 25 première
1549 970 94 24 affaire;
1667 970 15 20 k

1147 997 82 24 quinze
1249 996 59 20 mois
1329 996 28 20 de
1379 996 78 24 prison
1478 996 24 20 et
1522 996 59 23 2,000
1601 995 81 21 francs

1148 1021 120 22 d'amende
1286 1025 58 20 pour
1361 1021 24 20 la
1402 1020 105 24 seconde,
1524 1025 56 16 avec
1598 1020 71 21 confu-

1147 1047 51 20 sion
1213 1046 40 22 des
1268 1046 59 21 deux
1342 1046 85 25 peines.

1175 1072 38 20 On
1233 1071 47 21 sait
1299 1076 44 20 que
1362 1072 58 19 MM.
1440 1071 89 20 Marsal
1549 1071 24 20 et
1593 1070 90 22 Gérard

1149 1096 89 22 étaient
1250 1096 128 26 poursuivis
1391 1101 59 21 pour
1462 1096 57 21 abus
1532 1096 29 21 de
1575 1097 95 21 confian-

1149 1127 26 17 ce
1189 1122 24 21 et
1226 1122 126 22 infraction
1367 1127 45 16 aux
1425 1122 43 21 lois
1482 1127 39 16 sur
1534 1122 34 21 les
1581 1121 102 22 sociétés.

1175 1148 157 21 L'accusation
1361 1148 49 21 leur
1438 1147 132 25 reprochait
1598 1148 86 21 d'avoir

1150 1172 76 22 utilisé
1239 1178 59 26 pour
1311 1173 100 21 d'autres
1425 1173 86 25 firmes,
1525 1173 33 21 les
1572 1173 69 21 fonds
1655 1174 29 21 de

1150 1198 23 21 la
1188 1198 83 21 société
1286 1199 66 25 qu'ils
1367 1198 142 25 dirigeaient.

1175 1224 33 20 Ils
1227 1223 89 22 étalent
1334 1229 29 16 en
1383 1225 66 20 outre
1468 1224 79 24 l'objet
1565 1224 29 21 de
1612 1229 59 20 pour-

1150 1249 71 21 suites
1241 1254 58 20 pour
1319 1249 149 22 distribution
1494 1250 30 21 de
1550 1250 134 21 dividendes

1150 1274 80 21 fictifs.

1193 1333 37 27 LE
1246 1333 75 27 GALA
1340 1332 59 28 DES
1416 1340 15 18 «
1447 1332 77 28 SANS
1544 1332 67 28 NOM
1629 1340 15 17 »

1174 1397 94 21 Bientôt
1285 1397 22 21 le
1324 1396 59 25 petit
1398 1396 112 21 carnaval
1524 1400 68 17 verra
1607 1396 25 21 la
1647 1395 36 21 48*

1148 1422 178 22 sortie-collecte
1343 1422 41 20 des
1401 1421 131 25 populaires
1549 1421 24 22 et
1589 1425 81 22 sympa-

1149 1448 91 24 thiques
1264 1456 8 9 «
1282 1448 60 19 Sans
1364 1447 60 20 Nom
1432 1455 9 8 »
1466 1446 136 22 recueillant
1625 1447 59 20 dans

1150 1474 51 19 tout
1219 1472 124 23 Bruxelles,
1361 1472 41 20 des
1419 1472 70 21 fonds
1506 1476 58 20 pour
1581 1472 34 20 les
1632 1476 38 16 œu-

1150 1503 51 16 vres
1215 1498 29 20 de
1259 1497 100 21 colonies
1372 1496 109 21 scolaires
1498 1501 6 16 :
1524 1505 9 10 »
1541 1497 32 20 Le
1587 1496 97 25 Progrès

1149 1523 28 21 de
1189 1522 119 22 Bruxelles
1315 1531 9 10 »
1337 1522 26 21 et
1374 1522 27 22 l'«
1409 1522 145 21 Association
1566 1522 40 22 des
1618 1522 65 22 Mar-

1149 1548 98 24 çunvins
1254 1555 17 13 ».

1175 1573 61 24 Déjà
1254 1572 35 21 les
1307 1572 128 24 dirigeants
1454 1572 31 21 du
1504 1572 72 23 cercle
1598 1576 7 17 :
1625 1573 52 20 MM

1149 1598 88 20 Marcel
1250 1597 138 25 Longueval,
1403 1598 73 20 l'actif
1491 1598 24 21 et
1529 1597 87 21 dévoué
1631 1597 40 26 pré-

1149 1623 86 23 sident;
1256 1622 66 22 Jules
1341 1623 108 24 Georges,
1468 1623 22 21 le
1509 1623 120 22 talenteux
1647 1623 24 20 di-

1149 1648 92 20 recteur
1255 1648 29 20 de
1299 1648 24 21 la
1339 1648 92 22 chorale
1445 1648 25 22 et
1484 1648 63 21 leurs
1562 1648 58 21 bons
1635 1648 36 21 col-

1149 1673 145 21 laborateurs
1317 1677 6 16 :
1346 1673 58 21 MM.
1426 1674 22 20 J.
1469 1674 35 20 De
1525 1673 114 24 Doncker,
1658 1674 26 19 P.

1150 1698 134 24 Assoignon,
1303 1698 29 21 G.
1349 1698 111 24 Delande,
1478 1698 42 21 Ch.
1537 1698 100 24 Mlnten,
1655 1698 29 21 G.

1149 1723 101 24 Hennés,
1268 1723 51 24 etc.,
1335 1723 126 25 préparent
1478 1723 61 22 cette
1556 1723 59 23 belle
1632 1728 40 16 ma-

1149 1748 138 21 nifestation
1303 1748 211 25 philanthropique.

1175 1773 117 21 Vendredi
1307 1773 54 24 soir,
1379 1778 31 16 on
1429 1779 15 15 a
1460 1773 85 25 répété,
1562 1779 32 15 en
1610 1773 74 25 grand

1150 1798 59 24 gala,
1226 1798 34 22 les
1276 1798 85 26 joyeux
1378 1799 154 25 pots-pourris
1550 1799 38 24 qui
1605 1798 80 23 seront

1150 1823 98 21 chantés
1261 1828 43 20 par
1318 1824 24 20 la
1355 1824 99 21 chorale.
1467 1824 35 21 La
1514 1824 50 21 fête
1576 1824 54 21 s'est
1642 1823 29 21 dé-

1149 1849 78 20 roulée
1252 1853 31 17 au
1307 1849 102 21 Théâtre
1434 1849 139 21 Communal
1598 1848 87 22 devant

1150 1878 46 17 une
1214 1874 127 21 assistance
1357 1874 88 21 record.

1177 1899 38 21 On
1227 1899 167 22 reconnaissait
1407 1900 60 20 dans
1479 1899 34 22 les
1525 1899 63 24 loges
1604 1903 6 16 :
1626 1898 57 22 MM.

1150 1924 112 21 l'échevin
1280 1925 109 23 Catteau;
1410 1924 87 22 Robert
1514 1924 78 23 Ulens,
1610 1923 61 25 prési-

1151 1949 57 21 dent
1236 1950 32 20 du
1296 1949 175 21 Conservatoire
1499 1949 113 23 Africain;
1644 1948 40 21 Ed.

1151 1975 105 23 Oostens,
1277 1974 118 25 président
1417 1974 28 23 de
1467 1974 146 21 l'Assistance
1636 1973 36 20 dis-

1151 1999 71 23 crète;
1242 2000 52 21 Van
1311 2000 124 22 Eeckhout,
1452 1999 51 22 vice
1518 1998 118 25 président
1652 1997 32 22 du

1153 2031 9 11 «
1177 2025 96 23 Progrès
1287 2032 18 19 »,
1322 2024 22 22 le
1360 2025 31 20 D'
1409 2025 99 22 Masure,
1525 2023 118 25 président
1661 2023 23 20 et

1150 2050 137 24 Kufferath,
1303 2049 179 25 vice-président
1498 2049 40 20 des
1556 2056 9 11 »
1573 2049 110 23 Marçun-

1152 2075 52 20 vins
1212 2082 17 17 »,
1244 2075 44 21 etc.

1177 2100 34 20 La
1226 2100 71 20 soirée
1314 2099 85 21 débuta
1415 2103 43 20 par
1473 2103 46 17 une
1535 2097 149 22 entraînante

1151 2125 128 21 exhibition
1294 2125 31 20 du
1341 2133 9 10 «
1359 2125 47 20 Hot
1420 2124 48 20 and
1483 2123 77 24 Swing
1568 2131 9 10 »
1593 2122 91 21 lauréat

1152 2150 33 20 du
1201 2150 80 20 récent
1297 2153 112 17 concours
1425 2149 30 22 de
1471 2148 57 24 jazz.
1545 2149 45 19 Les
1606 2147 79 21 autres

1152 2174 138 21 attractions
1309 2184 28 5 —
1358 2174 48 22 très
1427 2172 182 25 gracieusement
1630 2171 41 26 pré-

1152 2200 91 21 sentées
1257 2203 43 20 par
1312 2198 50 21 M'"
1377 2198 66 24 Nelly
1457 2199 90 23 Coupez
1560 2208 29 5 —
1602 2197 83 22 eurent

1152 2225 103 20 chacune
1278 2224 22 20 le
1322 2228 53 19 gros
1398 2222 78 22 succès
1498 2222 92 25 qu'elles
1613 2222 59 20 méri-

1153 2249 74 20 taient
1252 2253 6 16 :
1282 2248 64 21 René
1368 2248 83 24 Picolo,
1474 2248 22 21 le
1518 2247 119 25 trépidant
1660 2248 25 20 et

1152 2274 104 24 spirituel
1271 2273 138 23 fantaisiste,
1426 2273 88 20 chanta
1529 2272 50 21 seul
1593 2283 29 5 —
1636 2272 49 21 fort

1152 2298 109 25 applaudi
1276 2308 28 5 —
1319 2298 58 24 puis,
1393 2302 56 17 avec
1464 2298 68 21 Yvan
1547 2297 91 24 Tiarko,
1654 2301 30 17 en

1151 2323 122 24 duettistes
1283 2323 15 19 à
1309 2323 24 20 la
1342 2322 104 21 manière
1458 2323 29 20 de
1497 2323 57 20 Pills
1564 2323 24 20 et
1599 2323 83 23 Tabet;

1151 2348 93 20 Marthe
1260 2348 80 23 Coeck,
1357 2348 28 20 de
1399 2348 25 20 la
1439 2348 117 24 Monnaie,
1572 2348 75 21 dansa
1661 2347 24 22 la

1153 2381 8 9 ■
1170 2373 67 20 Valse
1252 2372 41 21 des
1306 2373 105 23 Fleurs»,
1426 2373 53 25 puis
1495 2372 144 22 «Libellule»
1656 2373 29 20 de

1151 2397 100 24 Chopin;
1267 2398 88 20 Marcel
1368 2398 100 21 Antoine
1483 2398 60 20 dans
1556 2402 34 16 un
1603 2398 82 20 sketch

1151 2422 73 21 inédit
1242 2422 99 21 derrière
1359 2422 22 21 le
1398 2423 82 20 rideau
1500 2431 9 10 «
1518 2423 85 21 Slache
1619 2423 26 21 et
1663 2423 21 20 le

1150 2447 113 21 Fantôme
1271 2456 9 9 »
1302 2447 109 25 présenta
1430 2452 31 16 au
1482 2448 76 24 public
1578 2452 34 17 un
1630 2452 42 21 per-

1149 2477 103 19 sonnage
1265 2472 54 24 déjà
1332 2473 119 24 populaire
1463 2472 15 21 à
1490 2473 128 24 Bruxelles;
1633 2473 52 25 puis

1150 2497 17 20 il
1180 2497 35 21 dit
1226 2497 178 25 quelques-unes
1416 2498 29 21 de
1457 2502 37 18 ses
1506 2498 116 21 meilleurs
1633 2503 39 16 oeu-

1150 2526 50 17 vres
1215 2523 58 20 dont
1286 2523 119 20 l'hilarant
1422 2531 9 10 «
1440 2523 82 20 Schele
1536 2523 48 20 Mie
1592 2531 9 9 »
1607 2528 6 19 ;
1629 2523 43 20 Nel-

1150 2547 24 25 ly
1189 2548 90 23 Coupez
1294 2558 28 4 —
1337 2548 54 24 déjà
1406 2548 108 21 nommée
1527 2559 28 4 —
1570 2548 115 21 confirma

1151 2577 43 16 son
1209 2573 48 20 très
1273 2573 122 24 personnel
1412 2573 75 22 talent
1504 2573 28 23 de
1548 2573 90 21 diseuse
1655 2578 30 15 en

1150 2597 156 26 interprétant
1332 2598 40 20 des
1400 2598 117 21 chansons
1542 2599 25 20 et
1593 2598 92 25 poèmes

1151 2622 48 21 très
1222 2623 132 23 différents;
1382 2623 33 21 les
1440 2624 79 20 «Sans
1542 2624 86 22 Nom»,
1652 2623 33 21 les

1151 2647 109 22 vaillants
1276 2648 105 24 pierrots,
1399 2648 139 21 chantèrent
1555 2653 31 17 en
1603 2648 83 21 chœur

1152 2672 34 22 les
1209 2673 155 24 pots-pourris
1389 2673 118 24 composés
1530 2678 44 19 par
1597 2673 87 21 Marcel

1151 2698 100 21 Antoine
1264 2699 24 20 et
1300 2698 40 25 qui
1353 2698 54 21 sont
1420 2703 88 16 comme
1521 2703 48 17 une
1581 2698 105 21 revuette

1151 2723 71 20 rimée
1241 2723 28 20 de
1287 2723 66 21 toute
1371 2723 135 24 l'actualité;
1527 2728 29 16 en
1575 2723 58 21 voici
1652 2728 33 16 un

1151 2748 85 20 extrait
1263 2748 39 24 qui
1329 2753 25 16 se
1381 2748 86 21 chante
1492 2753 42 17 sur
1559 2748 52 21 l'air
1629 2748 54 22 de...

1152 2781 9 10 «
1169 2773 118 24 Butterfly
1294 2782 10 10 .
1323 2777 7 17 :

1215 2805 38 18 Qui
1273 2805 65 17 est-il?
1358 2804 48 17 D'où
1426 2805 89 17 vient-Il?

1215 2832 54 16 Dans
1284 2831 27 17 les
1327 2831 79 20 champs
1421 2831 15 17 U
1451 2831 63 18 arrive

1216 2859 41 19 Que
1276 2858 73 16 falt-11?
1369 2859 41 18 Que
1429 2858 80 17 veut-il?

1215 2885 63 20 Qu'on
1293 2884 85 17 l'arrête!
1395 2885 62 19 Qu'on
1471 2885 18 16 le
1505 2884 84 20 perfore!

1215 2912 37 16 Ou!
1266 2912 93 18 traquons
1373 2911 17 16 le
1404 2911 127 19 doryphore...
1547 2911 37 17 etc.

1177 2938 34 21 La
1234 2943 76 19 grosse
1331 2938 102 25 surprise
1456 2938 28 22 de
1507 2938 24 20 la
1552 2937 73 21 soirée
1647 2937 38 21 fut

1151 2963 146 25 l'apparition
1309 2963 28 20 de
1350 2964 23 20 la
1385 2963 137 21 charmante
1534 2963 91 21 vedette
1636 2963 49 24 Lily

1151 2988 101 24 Bourget
1264 2988 59 21 dans
1335 2988 41 21 des
1387 2988 140 21 intermèdes
1538 2988 145 21 inattendus:

1152 3013 42 22 elle
1207 3018 133 19 commença
1351 3018 43 20 par
1405 3013 50 20 dire
1466 3013 28 21 de
1506 3013 111 20 délicieux
1630 3012 42 25 poè-

1152 3042 57 20 mes;
1225 3038 52 24 puis
1289 3039 65 21 toute
1367 3043 84 16 menue
1463 3039 67 20 entre
1544 3038 59 20 deux
1616 3038 57 20 énor-

1152 3068 48 16 mes
1214 3064 82 24 pianos
1312 3063 176 25 (accompagnée
1503 3068 43 19 par
1560 3063 63 22 John
1636 3063 49 20 Ou-

1152 3093 61 16 werx
1231 3089 24 21 et
1271 3089 61 20 Jean
1347 3089 96 21 Delhez)
1464 3088 43 21 elle
1524 3088 89 21 chanta
1630 3087 15 21 à
1662 3088 24 20 la

1152 3114 70 23 façon
1243 3114 30 20 de
1291 3113 107 24 Mireille;
1422 3113 72 24 enfin,
1515 3113 96 20 voulant
1631 3117 55 16 sans

1152 3139 41 20 nul
1207 3139 71 20 doute
1291 3138 148 21 déconcerter
1453 3143 43 16 son
1510 3138 77 24 public
1603 3146 9 10 «
1620 3138 47 24 Peg
1676 3146 8 9 »

1153 3164 74 20 dansa
1244 3164 59 20 dans
1320 3164 22 20 le
1358 3164 60 23 style
1436 3163 125 21 américain
1578 3168 31 16 en
1628 3172 9 9 «
1646 3163 41 24 top

1152 3189 43 20 hat
1204 3198 8 8 »
1218 3193 5 18 :
1239 3189 51 25 puis
1303 3193 46 16 une
1364 3197 9 9 «
1382 3189 100 20 Czardas
1491 3197 9 9 »
1514 3188 121 23 endiablée
1647 3188 39 24 qui

1153 3214 37 20 fut
1213 3214 73 21 bissée
1309 3214 203 22 d'enthousiasme;
1538 3213 34 21 les
1594 3214 79 24 specta-

1153 3240 63 22 teurs
1237 3239 53 21 n'en
1311 3239 120 25 croyaient
1451 3239 26 21 nl
1497 3239 63 20 leurs
1580 3243 59 20 yeux
1660 3238 26 20 ni

1154 3264 61 21 leurs
1230 3264 96 21 oreilles.

1179 3289 29 20 Et
1223 3290 61 21 cette
1298 3289 127 21 révélation
1441 3289 38 24 qui
1495 3288 84 22 corsait
1595 3288 22 21 le
1632 3293 42 20 pro-

1154 3318 102 21 gramme
1277 3314 37 21 fut
1335 3314 21 23 le
1376 3314 67 25 point
1463 3314 60 21 final
1545 3314 68 21 d'une
1633 3313 53 21 bien

1154 3338 54 25 jolie
1227 3339 49 21 fête
1293 3339 40 24 qui
1352 3339 46 21 fait
1416 3340 108 20 honneur
1541 3343 47 17 aux
1609 3347 8 10 «
1626 3339 61 21 Sans

1154 3364 59 20 Nom
1221 3371 18 14 ».
1254 3374 28 5 —
1297 3365 28 20 G.

1245 3430 38 28 LE
1310 3431 141 28 PREMIER
1477 3424 121 36 BLESSÉ

1301 3482 39 28 DE
1365 3482 185 29 BARCELONE

466 5141 122 17 Deketelaere

95 5166 47 13 t-aT".
158 5166 19 10 ui
179 5166 30 10 rec
211 5166 18 10 lae
231 5166 31 10 ura
279 5166 33 10 oes
329 5166 49 11 ieieo
397 5166 5 11 ;
420 5160 76 17 Vander
512 5162 76 15 Haccr-n

95 5176 37 27 2"}
140 5180 20 15 et
171 5179 108 17 Oeconinck
290 5180 63 19 Wllly;
366 5180 139 17 commissaires
519 5184 6 13 :
537 5181 46 16 Dax-

103 5161 20 18 ';*-
121 5160 3 6 ,
125 5160 16 15 n;
158 5159 104 17 directeurs
279 5160 33 16 des
329 5159 49 18 fêtes

108 5202 4 6 ■
120 5196 55 21 Agnès
188 5200 21 17 et
222 5200 89 16 Lambert
324 5200 64 20 Emile.

96 5216 64 31 Jtaêes
169 5225 33 17 des
213 5226 117 15 Beaux-Arts
340 5233 24 5 —
373 5225 97 17 Diffusion
482 5225 107 20 artistique.

97 5254 12 16 a
110 5241 91 21 °imanche
212 5245 11 17 7
233 5245 75 19 février,
320 5245 12 17 k
344 5246 21 17 10
375 5246 19 18 h.
407 5246 36 18 1/2,
454 5246 46 17 Mlle
509 5247 22 16 T.
543 5247 47 16 Cor-

97 5266 12 21 j
113 5262 65 19 Parlera
188 5266 25 16 du
225 5270 10 11 «
242 5266 85 17 Portrait
336 5266 26 16 du
372 5266 79 16 docteur
461 5266 104 20 Schevrlng
572 5271 17 15 »,

93 5281 25 29 ■krl
117 5303 3 7 ,
136 5287 30 14 cas
182 5285 88 17 Cranach
288 5285 18 17 le
322 5285 65 18 Vieuv.
405 5286 54 16 Cette
477 5286 112 17 conférence

98 5302 24 24 _t
134 5303 35 18 lieu
187 5308 25 14 au
229 5305 65 17 Musée
311 5305 55 17 d'Art
384 5306 74 20 ancien,
476 5309 34 15 rue
528 5306 23 17 de
569 5306 21 16 la

92 5323 64 19 .T--i.ee.

99 5340 22 32 &
129 5348 67 18 Comité
212 5350 82 17 Général
311 5351 46 16 d'En
359 5352 18 15 tr
378 5351 48 17 'aide
443 5352 24 16 de
482 5351 109 20 l'ac-Elomé-

99 5378 8 15 l
114 5367 17 15 *-»
149 5369 109 18 bruxelloise
279 5371 48 18 fera,
349 5375 21 13 ce
391 5372 72 16 samedi
484 5372 10 16 6
515 5372 75 17 février,

85 5386 93 29 K^-uecte
193 5390 103 17 habituelle
312 5394 25 13 au
353 5394 68 16 moyen
436 5392 24 16 de
476 5391 116 19 l'enveloppe

99 5410 18 26 Ç
117 5406 7 13 e
124 5416 4 4 -
141 5407 46 19 dans
202 5410 163 20 l'agglomération
381 5411 118 17 bruxelloise.
515 5412 25 16 Le
556 5414 36 16 pu-

99 5487 23 26 -,!*
134 5490 42 20 Ville
193 5495 23 17 de
233 5495 99 18 Charleroi
349 5496 54 17 vient
420 5496 107 21 d'acquérir
544 5500 48 17 pour

85 5511 55 27 l»b$
139 5512 35 18 wée
174 5529 5 4 -
190 5515 76 18 H»tallé
276 5516 50 17 dans
336 5516 18 17 le
365 5517 68 17 nouvel
443 5517 53 17 hôtel
507 5517 23 17 de
541 5517 50 18 ville.

100 5549 5 4 -
111 5542 25 17 v,„
141 5534 32 14 eau
186 5538 23 13 Qe
223 5536 49 16 P*ul
285 5536 62 17 -trfduc
363 5539 6 14 :
385 5541 10 11 «
409 5535 25 19 Le
449 5537 67 17 Orand
531 5536 62 18 Canal

100 5552 60 24 ..-.--"■se
175 5557 17 16 »,
207 5556 33 19 qm
254 5555 32 17 fut
301 5555 68 21 exposé
384 5556 115 18 récemment
514 5557 13 17 A
542 5557 45 17 Bru-

608 3932 81 28 PLUS
712 3933 155 29 TERRIBLE
892 3934 64 34 QUE
988 3935 36 28 LA
1050 3934 86 29 MORT

634 3994 85 25 Berlin,
730 3996 12 20 5
754 3995 89 22 février.
853 4007 28 5 —
892 3998 38 20 On
940 3997 85 21 mande
1038 3998 28 20 de
1077 3998 47 21 Var-

609 4020 61 20 sovie
683 4025 31 15 au
725 4021 28 20 D.
764 4022 27 20 N.
803 4022 27 20 B.
845 4026 7 17 :

635 4045 33 20 La
678 4047 192 23 correspondance
882 4056 9 10 «
902 4048 26 20 A.
938 4048 26 20 T.
974 4048 24 21 E.
1010 4057 9 10 »
1032 4052 105 18 annonce

610 4074 43 20 que
667 4071 86 23 Radek,
767 4072 143 24 Sokolnikov,
924 4072 87 21 Arnold
1025 4074 24 20 et
1063 4073 74 21 Stroi-

610 4095 37 20 lov
659 4097 42 19 ont
713 4095 36 21 été
761 4097 88 24 dirigés,
862 4098 27 20 de
902 4098 24 21 la
939 4098 77 25 prison
1029 4098 108 25 centrale,

610 4124 53 17 sous
680 4124 45 17 une
749 4122 147 22 surveillance
921 4123 83 24 sévère,
1028 4123 15 21 à
1066 4124 71 20 Nart-

611 4145 89 24 chlyak,
714 4150 31 16 en
759 4146 92 26 Sibérie,
866 4148 30 21 où
911 4148 28 21 ils
954 4149 84 20 auront
1053 4148 15 21 à
1082 4148 42 21 exé-

611 4171 64 20 cuter
690 4170 39 21 des
744 4171 96 22 travaux
854 4172 74 22 forcés
943 4173 58 22 dans
1016 4173 33 21 les
1063 4173 74 21 mines

611 4195 28 21 de
653 4195 23 21 la
689 4195 85 25 région.
785 4207 28 5 —
824 4198 77 24 Belga.

611 4275 41 29 UN
668 4275 59 29 FOU
744 4276 63 28 TUE
825 4277 63 29 UNE
904 4278 100 29 JEUNE
1022 4279 115 28 FEMME

705 4344 43 24 (De
763 4345 66 21 notre
844 4348 192 23 correspondant.)

632 4375 72 24 Paris,
718 4376 12 20 5
745 4375 88 21 février.
845 4388 28 5 —
889 4379 54 20 (Par
956 4378 138 26 téléphone.)
1110 4389 28 5 —

606 4401 27 19 M
634 4403 14 10 m
649 4403 9 10 >
682 4400 124 21 Germaine
827 4402 132 25 Demergue,
982 4403 56 24 âgée
1060 4404 29 21 de
1111 4404 26 21 32

607 4429 49 19 ans,
671 4424 63 21 mère
749 4425 29 20 de
792 4425 59 21 deux
864 4426 95 22 fillettes
973 4428 29 21 de
1017 4429 81 24 quatre
1114 4429 23 20 et

607 4450 29 20 de
651 4449 37 21 six
703 4453 49 20 ans,
769 4454 15 16 a
799 4449 37 21 été
853 4452 125 21 assassinée
994 4452 15 21 à
1025 4453 112 24 Bollènes,

608 4474 83 24 village
705 4473 60 21 situé
782 4478 32 16 au
829 4476 58 20 nord
903 4476 120 26 d'Orange,
1040 4477 60 21 dans
1115 4478 22 20 le

607 4499 119 22 Vaucluse.

633 4523 66 21 Alors
713 4522 80 25 qu'elle
806 4524 93 24 vaquait
913 4524 14 21 à
940 4530 36 17 ses
989 4527 148 24 occupations

607 4547 157 26 journalières,
779 4547 23 21 la
816 4548 158 23 malheureuse
987 4551 39 21 fut
1040 4551 98 22 abordée

607 4578 40 16 sur
661 4573 25 20 la
700 4573 66 20 route
781 4576 43 21 par
838 4577 33 16 un
884 4574 104 21 Individu
1002 4576 32 20 du
1049 4576 88 24 village,

608 4597 116 21 Philomin
738 4596 141 25 Dardahlon,
895 4598 41 23 âgé
951 4599 28 21 de
994 4600 25 20 40
1035 4605 49 19 ans,
1099 4600 40 25 qui

607 4627 25 16 se
647 4623 50 23 jeta
710 4625 41 17 sur
764 4621 51 20 elle.
829 4622 77 20 Avant
919 4627 43 20 que
975 4624 51 20 M""
1041 4626 84 19 Demer-

608 4651 43 20 gue
663 4647 35 20 ait
709 4650 33 21 pu
755 4645 111 25 esquisser
878 4650 31 16 un
922 4648 62 22 geste
995 4648 30 22 de
1038 4648 100 25 défense,

608 4672 134 24 l'agresseur
760 4670 46 21 tira
825 4670 60 20 deux
903 4675 69 21 coups
990 4673 29 21 de
1036 4674 103 20 revolver

608 4698 39 23 qui
675 4695 167 25 l'atteignirent
870 4699 32 16 au
930 4697 78 21 ventre
1029 4699 26 20 et
1077 4698 15 21 à
1114 4698 24 22 la

608 4721 80 21 cuisse.

633 4746 32 21 Le
685 4744 123 22 meurtrier
827 4749 27 16 se
873 4744 77 21 rendit
969 4746 89 21 ensuite
1080 4746 15 22 à
1115 4747 24 21 la

608 4770 158 24 gendarmerie
780 4769 30 21 où
823 4769 17 20 il
853 4768 92 21 déclara
961 4773 7 17 :
984 4777 9 11 a
1008 4770 65 22 Cette
1087 4772 51 25 fois,

608 4795 41 25 j'ai
665 4794 40 22 tué
721 4799 46 16 une
784 4794 86 21 femme
887 4801 19 13 ».

636 4821 95 19 Comme
743 4819 117 21 Philomin
872 4818 134 22 Dardahlon
1014 4820 62 21 avait
1081 4821 47 21 l'ha-

611 4845 79 21 bitude
707 4846 29 20 de
754 4845 61 21 tenir
832 4844 41 20 des
890 4848 83 20 propos
989 4845 152 26 incohérents,

611 4875 32 17 on
656 4876 31 15 ne
701 4871 22 20 le
737 4871 53 20 crut
804 4874 48 21 pas.
866 4869 62 21 Mais
942 4868 15 22 à
971 4870 63 23 midi,
1047 4872 32 20 M.
1093 4872 34 21 De-

611 4901 100 19 mergue,
722 4896 88 24 surpris
820 4896 30 20 de
861 4899 32 16 ne
905 4899 43 20 pas
959 4895 48 20 voir
1018 4900 27 16 sa
1057 4896 84 22 femme

611 4926 89 16 comme
716 4921 140 24 d'habitude,
874 4920 103 21 effectua
994 4920 40 21 des
1049 4922 80 21 recher-

611 4947 56 21 ches
683 4947 24 21 et
722 4946 118 22 découvrit
856 4945 22 22 le
893 4945 99 21 cadavre
1007 4946 29 20 de
1052 4946 78 22 l'infor-

612 4972 76 21 tunée.

635 4998 33 20 Le
682 4997 105 22 criminel
802 5002 16 17 a
833 4996 37 22 été
886 4994 82 23 arrêté.
983 4995 22 21 H
1019 5000 53 17 sera
1087 5001 43 19 pro-

610 5021 131 22 bablement
757 5021 98 22 Interné.
872 5020 118 21 Philomin
1006 5020 135 22 Dardahlon

610 5046 98 21 donnait
727 5046 81 25 depuis
827 5046 96 22 environ
942 5049 47 16 une
1007 5044 75 22 année
1100 5046 42 21 des

610 5070 76 25 signes
700 5071 30 21 de
745 5071 166 24 dérangement
926 5069 108 22 cérébral.

1183 3551 94 24 Anvers,
1294 3551 13 20 5
1325 3550 90 23 février.
1431 3561 28 5 —
1475 3552 31 20 Le
1523 3551 92 21 nommé
1632 3552 44 20 Fer-

1157 3577 89 20 dinand
1266 3576 140 24 Zutnersfer,
1425 3576 42 24 âgé
1487 3577 29 20 de
1535 3577 25 20 36
1580 3582 50 19 ans,
1649 3577 41 21 fils

1157 3602 28 21 de
1203 3602 53 25 père
1274 3602 104 24 polonais
1395 3602 59 20 mais
1471 3603 72 23 ayant
1560 3602 53 25 opté
1631 3607 59 20 pour

1157 3628 23 20 la
1191 3627 116 25 Belgique,
1319 3627 64 21 avait
1394 3627 36 20 été
1442 3627 119 25 incorporé
1574 3633 30 15 au
1616 3628 22 20 8*
1650 3628 26 20 ré-

1157 3653 88 24 giment
1262 3653 138 23 d'artillerie,
1416 3653 73 20 classe
1506 3654 58 20 1930.
1579 3653 111 25 Lorsqu'il

1157 3679 38 19 fut
1206 3678 81 25 appelé
1298 3683 30 15 en
1340 3678 91 21 octobre
1444 3679 51 20 1936
1507 3683 57 20 pour
1576 3679 59 20 faire
1646 3683 44 16 son

1156 3708 75 20 camp,
1246 3708 31 16 on
1292 3704 22 20 le
1329 3704 126 20 rechercha
1469 3704 134 21 vainement
1617 3704 15 20 à
1646 3709 43 16 son

1157 3729 111 23 domicile,
1282 3729 15 20 à
1310 3730 151 24 Borgerhout.
1474 3730 36 19 En
1524 3730 121 23 revanche,
1658 3734 32 16 on

1157 3755 77 24 apprit
1246 3759 44 21 que
1303 3755 81 24 depuis
1395 3755 22 20 le
1428 3755 59 20 mois
1499 3755 29 20 de
1539 3755 82 24 Juillet,
1632 3756 46 19 Fer-

1157 3780 88 21 dinand
1260 3780 59 21 était
1333 3780 63 25 parti
1409 3785 59 20 pour
1483 3780 144 25 l'Espagne...
1643 3780 47 21 Dès

1157 3806 52 23 lors,
1224 3806 17 20 il
1256 3806 39 20 fut
1308 3805 82 25 réputé
1405 3805 124 21 déserteur.

1182 3832 32 20 Le
1232 3832 25 19 15
1275 3831 119 21 décembre
1411 3832 100 23 suivant,
1527 3831 18 21 il
1562 3831 81 21 rentra
1660 3836 30 16 en

1156 3857 109 24 Belgique
1284 3857 24 20 et
1326 3857 38 20 fut
1382 3856 154 26 appréhendé.
1554 3857 22 20 Il
1592 3857 98 21 raconta

1157 3887 43 20 que
1216 3882 22 21 le
1253 3883 25 19 15
1293 3882 82 24 juillet,
1391 3882 68 25 après
1474 3883 63 20 avoir
1552 3883 76 20 vendu
1643 3887 47 16 une

1157 3908 108 20 machine
1277 3907 15 21 à
1304 3908 70 20 cliver
1386 3908 22 21 le
1420 3908 112 24 diamant,
1544 3908 18 20 il
1574 3908 59 21 était
1645 3908 45 21 allé

1157 3932 15 21 à
1188 3933 127 21 Barcelone
1332 3938 59 20 pour
1408 3934 34 20 les
1459 3934 59 20 Jeux
1536 3934 154 24 Olympiques.

1157 3959 31 20 Le
1205 3959 24 19 19
1245 3959 83 24 Juillet,
1343 3959 24 20 la
1381 3958 87 22 révolte
1484 3958 75 22 éclata
1574 3959 15 21 à
1604 3960 73 20 Barce-

1158 3984 58 20 lone.
1228 3985 36 19 En
1277 3985 98 23 passant
1387 3985 67 24 plaza
1467 3985 122 24 Catalana,
1601 3985 22 20 le
1636 3984 41 25 pré-

1157 4014 61 16 venu
1228 4010 38 20 fut
1278 4009 81 25 frappé
1371 4015 43 19 par
1424 4015 46 15 une
1481 4010 60 21 balle
1551 4011 29 20 de
1590 4010 87 21 mitrail-

1158 4035 61 20 leuse
1234 4035 75 24 partie
1325 4035 29 20 de
1369 4035 79 21 l'hôtel
1463 4036 40 20 des
1517 4036 84 24 postes.
1616 4036 22 20 Il
1653 4035 24 21 sé-

1157 4060 85 24 journa
1255 4060 96 25 quelque
1365 4061 75 24 temps
1454 4060 15 21 à
1482 4061 105 25 l'hôpital
1600 4061 31 21 où
1644 4061 47 21 l'on

1157 4090 31 15 ne
1204 4086 43 24 put
1263 4086 99 20 extraire
1378 4086 24 20 la
1418 4086 60 21 balle
1494 4086 64 24 logée
1574 4086 60 21 dans
1650 4087 41 20 l'os

1157 4111 91 25 iliaque.
1262 4111 61 24 Puis,
1337 4111 17 20 il
1369 4111 31 22 fit
1412 4112 35 20 les
1460 4111 136 21 démarches
1610 4111 68 22 néces-

1158 4136 72 21 saires
1249 4136 82 25 auprès
1351 4137 31 20 du
1401 4137 80 21 consul
1500 4137 29 21 de
1548 4137 109 25 Belgique
1675 4137 16 21 à

1158 4162 132 23 Barcelone,
1307 4162 39 24 qui
1362 4162 56 21 finit
1435 4167 43 20 par
1494 4162 34 21 lui
1543 4162 98 22 délivrer
1657 4168 34 16 un

1158 4187 172 25 lalsser-passer
1340 4192 59 20 pour
1411 4188 24 20 la
1446 4188 116 25 Belgique.

1184 4213 33 20 La
1231 4212 95 21 défense
1339 4213 79 24 plaida
1431 4218 45 20 que
1489 4214 22 20 le
1525 4213 101 26 prévenu
1639 4214 39 21 n'a-

1158 4238 50 21 vait
1226 4238 86 24 Jamais
1332 4243 29 16 eu
1380 4239 131 20 l'intention
1532 4239 28 21 de
1581 4244 25 16 se
1625 4244 54 16 sous-

1159 4263 71 21 traire
1243 4263 15 21 à
1271 4268 37 16 ses
1321 4264 138 24 obligations
1471 4264 126 25 militaires,
1611 4265 24 20 et
1649 4270 29 16 en-

1158 4293 52 16 core
1224 4289 76 21 moins
1314 4289 29 21 de
1356 4289 125 25 participer
1494 4289 16 22 k
1523 4290 24 21 la
1560 4290 87 21 révolte
1661 4295 31 16 en

1158 4315 112 24 Espagne.

1184 4340 32 20 Le
1237 4339 84 21 conseil
1342 4340 29 20 de
1393 4344 86 20 guerre,
1500 4340 101 25 acquitte
1621 4345 58 21 pure-

1159 4366 66 20 ment
1239 4366 23 20 et
1275 4365 147 25 simplement
1435 4365 60 21 celui
1508 4366 39 24 qui
1561 4366 64 21 avait
1637 4371 55 19 reçu

1159 4390 62 21 l'une
1236 4390 40 21 des
1291 4390 124 25 premières
1430 4391 72 21 balles
1516 4390 70 22 tirées
1601 4391 15 21 à
1631 4392 48 20 Bar-

1159 4416 85 21 celone.

1706 262 120 51 LES
1879 259 358 53 FINANCES

1787 333 63 48 DE
1878 332 65 49 LA
1966 329 189 51 FRANCE

1781 433 59 33 UN
1862 427 143 38 DÉBAT
2024 425 142 39 ANIMÉ

1740 479 63 33 AU
1823 477 375 35 PALAIS-BOURBON

1755 557 45 33 M.
1820 555 164 34 AURIOL
2009 548 175 38 RÉPOND

1798 604 93 32 AUX
1911 600 229 39 CRITIQUES

1730 667 72 25 Paris,
1812 669 13 20 5
1836 668 90 21 février.
1936 676 27 5 —
1971 665 33 20 La
2015 665 115 21 Chambre
2142 670 14 16 a
2167 669 57 21 pour-

1704 693 66 24 suivi,
1784 699 25 15 ce
1824 694 82 23 matin,
1920 692 22 21 la
1956 690 60 21 suite
2029 690 30 21 de
2072 691 24 20 la
2110 691 128 21 discussion

1705 718 32 21 du
1749 719 101 22 collectif
1864 719 28 21 de
1905 716 97 26 janvier.

1730 744 32 23 Le
1777 745 99 24 premier
1891 744 40 20 des
1946 741 111 24 orateurs,
2072 741 32 20 M.
2120 741 116 20 d'Aillcres

1708 769 104 22 (Sarthe)
1831 770 99 23 regrette
1944 771 44 20 que
2002 766 24 21 la
2040 767 53 21 taxe
2109 766 84 25 unique
2208 766 28 21 de

1705 795 12 20 6
1735 799 23 21 p.
1774 800 20 16 c.
1811 799 96 17 menace
1923 793 29 21 de
1969 792 78 24 porter
2065 792 98 21 atteinte
2181 791 15 21 à
2212 791 24 23 la

1705 820 126 25 prospérité
1844 821 32 20 du
1889 819 58 26 petit
1960 821 133 17 commerce.

1730 846 33 20 M.
1781 846 86 22 Auriol,
1885 844 104 21 ministre
2008 842 40 21 des
2065 843 120 23 Finances,
2204 841 34 22 lui

1704 870 89 25 répond
1804 872 68 24 qu'en
1883 873 75 18 aucun
1970 872 39 16 cas
2020 867 22 22 le
2053 867 60 25 petit
2123 871 101 17 commer-

1705 900 26 16 ce
1746 900 31 17 ne
1792 896 136 26 supportera
1943 892 134 23 l'incidence
2093 893 28 22 de
2137 893 23 22 la
2175 897 60 16 nou-

1706 921 57 19 Vê11»9
1778 922 53 18 t9.Xfî

1730 948 33 20 M.
1781 949 115 18 Hartman
1930 943 159 23 (Haut-Rhin)
2123 942 114 22 demande

1705 976 44 21 que
1761 972 47 21 l'on
1821 972 95 22 accorde
1930 970 39 21 des
1982 968 91 25 crédits,
2087 968 51 21 afin
2151 968 72 22 d'effa-

1705 1002 39 16 cer
1761 998 21 20 le
1799 997 117 26 préjudice
1934 993 67 23 causé
2018 998 47 17 aux
2081 993 99 22 rentiers
2196 991 42 23 des

1706 1027 135 17 assurances
1856 1021 94 23 sociales
1964 1023 43 21 par
2021 1023 33 16 un
2069 1018 127 21 décret-loi.

1731 1049 31 20 Le
1781 1048 106 21 ministre
1907 1047 39 21 des
1964 1044 115 22 Finances
2098 1044 33 20 lui
2149 1043 89 26 répond

1705 1077 44 21 que
1762 1073 21 21 le
1795 1071 179 27 gouvernement
1985 1069 110 22 rétablira
2107 1069 33 21 les
2153 1068 85 21 crédits

1706 1099 128 25 supprimés
1848 1103 43 21 par
1906 1098 21 21 le
1941 1095 72 23 Sénat
2028 1095 15 21 à
2058 1095 81 21 l'autre
2155 1093 69 22 collec-

1706 1124 37 21 tif.

1769 1161 179 23 DISCUSSION
1960 1159 56 21 DES
2028 1157 145 22 ARTICLES

1732 1202 34 20 La
1784 1201 116 21 Chambre
1919 1198 35 22 est
1972 1196 90 22 ensuite
2081 1194 80 27 passée
2180 1195 15 22 &
2213 1194 24 22 la

1706 1227 128 20 discussion
1846 1227 40 20 des
1898 1222 96 24 articles.

1732 1258 33 21 M.
1781 1258 79 21 Auriol
1875 1254 101 28 rappelle
1992 1257 43 21 que
2052 1252 101 23 certains
2169 1256 57 17 accu-

1706 1284 54 19 sent
1779 1283 21 21 le
1822 1279 178 28 gouvernement
2020 1278 72 21 d'être
2113 1276 74 23 formé
2209 1277 29 20 de

1706 1308 151 21 visionnaires
1872 1308 39 24 qui
1925 1306 41 22 ont
1979 1304 22 22 le
2015 1303 81 22 déficit
2110 1307 58 21 pour
2182 1302 43 22 doc-

1707 1334 60 20 trine
1780 1333 140 25 budgétaire.

1732 1365 22 20 Il
1764 1370 15 20 y
1789 1370 15 16 a
1815 1365 111 25 pourtant
1936 1366 28 17 eu
1974 1360 29 22 de
2013 1360 127 21 nombreux
2151 1359 73 22 vision-

1706 1390 78 21 naires
1799 1391 72 21 avant
1887 1393 43 18 eux
1944 1387 24 21 et
1983 1386 39 25 qui
2036 1387 67 21 n'ont
2117 1390 43 21 pas
2176 1384 62 22 cessé

1708 1417 158 24 d'augmenter
1885 1416 21 20 le
1925 1412 79 23 déficit
2026 1416 7 17 :
2053 1412 58 20 MM.
2130 1411 108 24 Tardieu,

1706 1442 72 21 Laval
1788 1442 25 21 et
1823 1441 60 21 Paul
1893 1437 117 26 Reynaud,
2021 1437 153 21 notamment.

1733 1473 118 21 L'orateur
1870 1469 100 27 rappelle
1989 1468 61 22 alors
2069 1472 50 22 que,
2139 1468 59 21 dans
2216 1466 22 22 le

1707 1498 86 25 budget
1815 1497 115 22 ordinaire
1953 1498 29 17 en
2005 1498 73 19 cours,
2100 1493 18 21 il
2141 1498 14 16 a
2178 1492 61 22 fallu

1707 1524 96 21 inscrire
1818 1523 60 21 deux
1893 1519 110 24 milliards
2016 1520 25 20 et
2056 1519 62 20 demi
2132 1522 58 21 pour
2205 1517 34 21 les

1707 1549 85 21 crédits
1812 1548 126 22 militaires.
1959 1546 44 19 Sur
2024 1544 34 21 les
2078 1545 26 20 29
2126 1543 113 21 milliards

1708 1579 43 20 que
1763 1575 24 21 la
1799 1573 118 22 trésorerie
1930 1570 140 22 demandera
2082 1573 31 17 au
2124 1568 81 24 crédit,
2217 1568 21 21 le

1707 1600 180 24 gouvernement
1904 1595 75 23 actuel
1994 1595 40 21 n'a
2051 1599 43 20 que
2112 1598 58 21 pour
2187 1593 52 21 dix-

1707 1625 54 21 huit
1774 1625 65 21 cents
1851 1623 100 22 millions
1964 1620 28 21 de
2005 1618 193 28 responsabilités.

1733 1657 34 20 La
1782 1656 76 21 Suisse
1873 1660 15 16 a
1901 1651 103 25 souscrit,
2017 1656 31 16 en
2061 1652 27 20 24
2101 1651 90 24 heures,
2205 1649 34 22 les

1708 1686 98 17 sommes
1822 1679 137 23 demandées
1973 1681 58 21 pour
2045 1681 43 17 son
2103 1675 136 24 armement,

1708 1707 149 25 l'Angleterre
1869 1710 30 16 en
1911 1702 147 23 trente-huit.
2070 1702 26 21 Si
2108 1706 30 16 en
2150 1702 88 20 France

1707 1733 18 20 il
1741 1737 15 20 y
1773 1732 63 21 avait
1852 1731 40 21 des
1908 1728 89 23 retards
2013 1732 58 21 pour
2087 1726 152 24 l'armement,

1708 1758 23 21 la
1748 1757 72 21 honte
1837 1761 31 16 en
1884 1755 71 22 serait
1971 1753 15 21 à
2003 1757 58 17 ceux
2078 1752 39 26 qui
2133 1752 106 21 refusent

1708 1783 49 21 leur
1769 1786 110 17 concours
1891 1784 56 22 pour
1959 1779 40 20 des
2009 1778 91 21 raisons
2110 1777 129 25 politiques.

1733 1815 31 20 Le
1781 1813 105 22 ministre
1903 1813 40 20 des
1957 1810 113 21 Finances
2087 1809 46 21 fait
2148 1808 90 22 ensuite

1708 1839 21 24 le
1743 1838 79 26 procès
1836 1839 40 20 des
1890 1836 131 23 détenteurs
2034 1835 29 21 de
2077 1835 109 25 capitaux
2200 1833 40 25 qui

1707 1865 105 21 refusent
1829 1861 144 26 d'accomplir
1989 1861 50 20 leur
2056 1860 78 21 devoir
2150 1859 76 25 patrio-

1708 1890 62 24 tique
1785 1890 26 20 et
1825 1889 39 25 qui
1880 1887 98 26 peuvent
1994 1885 48 22 être
2058 1884 119 26 comparés
2192 1888 47 17 aux

1708 1914 97 25 émigrés
1822 1914 28 21 dc
1866 1914 24 21 la
1906 1911 133 23 révolution.
2055 1911 22 21 Il
2093 1910 86 21 félicite
2197 1914 29 16 en-

1707 1940 60 21 suite
1779 1939 33 21 les
1823 1938 140 26 épargnants
1975 1937 57 20 dont
2043 1936 33 21 les
2087 1935 81 25 dépôts
2180 1935 59 22 dans

1707 1966 34 20 les
1752 1965 84 20 caisses
1846 1964 122 25 d'épargne
1979 1962 159 24 augmentent.

1733 1996 118 21 L'orateur
1863 1994 104 26 poursuit
1978 1998 43 16 son
2032 1992 84 26 exposé
2129 1997 30 17 en
2170 1997 56 17 mon-

1708 2022 65 20 trant
1786 2021 55 25 qu'il
1854 2022 35 20 est
1901 2019 130 26 impossible
2044 2019 29 20 de
2087 2019 106 20 financer
2205 2018 34 20 les

1707 2047 111 25 dépenses
1836 2046 119 21 militaires
1972 2049 56 16 sans
2044 2044 60 20 faire
2123 2043 68 26 appel
2208 2047 32 17 au

1708 2070 79 27 crédit,
1801 2072 55 24 qu'il
1867 2072 37 20 est
1917 2069 127 22 nécessaire
2058 2069 29 21 de
2100 2068 110 26 procéder
2224 2068 15 21 à

1707 2098 41 20 des
1758 2102 99 16 avances
1866 2101 46 16 aux
1922 2095 97 25 grandes
2028 2093 155 25 collectivités,
2194 2098 46 17 aux

1708 2123 104 21 chemins
1824 2123 27 20 de
1863 2123 42 20 fer.
1915 2122 21 20 Il
1946 2120 93 25 indique
2050 2119 55 25 qu'il
2115 2124 14 16 a
2142 2119 84 21 deman-

1708 2147 28 22 dé
1751 2148 16 22 à
1782 2153 37 16 ces
1834 2147 102 21 derniers
1951 2146 21 20 le
1986 2145 198 21 remboursement
2198 2144 42 21 des

1707 2173 36 22 six
1762 2173 113 21 milliards
1895 2173 39 25 qui
1953 2171 49 21 leur
2022 2171 42 20 ont
2083 2170 38 22 été
2140 2169 100 23 avancés

1708 2203 43 21 par
1765 2199 76 21 l'Etat.

1734 2231 32 20 M.
1779 2230 79 21 Auriol
1872 2228 89 22 déclare
1975 2227 89 22 ensuite
2078 2226 54 26 qu'il
2145 2225 82 27 s'appli-

1708 2260 71 20 quera
1803 2255 16 22 à
1843 2254 127 22 consolider
1994 2253 99 21 l'accord
2118 2252 41 21 des
2183 2252 57 21 trois

1708 2281 99 24 grandes
1825 2279 156 24 démocraties,
2004 2283 32 15 en
2059 2282 44 17 vue
2127 2277 113 21 d'obtenir

1709 2311 45 15 une
1770 2305 97 22 sécurité
1884 2305 77 22 totale.
1976 2304 22 20 Il
2012 2308 31 16 va
2058 2303 78 21 falloir
2152 2302 88 21 arrêter

1708 2331 24 21 la
1748 2331 85 21 hausse
1850 2331 40 20 des
1908 2330 56 25 prix,
1981 2329 60 21 mais
2057 2329 24 20 la
2098 2329 84 20 hausse
2199 2328 41 21 des

1708 2356 58 26 prix,
1782 2356 71 25 dit-il,
1868 2356 37 21 est
1921 2360 32 16 un
1969 2353 144 27 phénomène
2130 2353 110 21 mondial.

1736 2396 9 11 «
1763 2388 32 24 Si,
1810 2392 88 16 comme
1913 2387 30 21 l'a
1958 2386 35 21 dit
2006 2386 33 23 M.
2054 2385 109 22 Fernand
2177 2385 50 20 Lau-

1708 2413 59 25 rent,
1783 2412 140 26 poursuit-il,
1939 2412 23 21 la
1977 2415 69 17 cause
2062 2411 28 20 de
2107 2410 24 21 la
2145 2410 82 21 restric-

1709 2439 50 21 tion
1773 2439 41 21 des
1829 2438 84 21 crédits
1927 2436 122 22 intérieurs
2064 2436 59 21 était
2137 2436 24 20 la
2176 2440 51 16 com-

1708 2464 100 25 position
1824 2464 33 20 du
1872 2462 185 25 gouvernement,
2073 2461 51 21 cela
2139 2461 101 25 poserait

1709 2494 32 16 un
1755 2489 115 25 problème
1885 2488 46 21 très
1946 2491 67 22 grave
2028 2488 24 20 et
2065 2491 59 16 nous
2137 2491 31 16 ne
2181 2490 59 16 nous

1708 2515 131 20 laisserions
1852 2519 43 20 pas
1909 2513 87 21 arrêter
2009 2517 43 21 par
2065 2512 34 21 les
2113 2511 127 21 difficultés

1708 2544 44 20 que
1767 2544 58 16 nous
1840 2544 72 16 avons
1927 2542 101 17 connues
2043 2542 30 16 en
2088 2537 57 21 1925.
2161 2546 10 10 »

1735 2572 35 20 En
1783 2571 128 22 terminant
1923 2570 21 21 le
1956 2569 104 21 ministre
2074 2569 40 21 des
2127 2568 113 21 Finances

1709 2597 45 20 fait
1767 2596 68 26 appel
1846 2596 16 21 à
1874 2596 23 20 la
1909 2600 89 19 sagesse
2009 2595 30 20 de
2052 2595 52 20 tous
2115 2594 61 20 dans
2187 2593 40 21 l'in-

1709 2622 60 22 térêt
1788 2622 29 21 de
1837 2621 24 21 la
1880 2620 97 22 sécurité
1997 2619 128 21 financière
2146 2618 39 25 qui
2204 2619 37 21 est

1709 2647 144 25 inséparable
1868 2647 28 21 de
1911 2647 24 20 la
1949 2645 97 22 sécurité
2060 2644 127 22 nationale.

1860 2685 53 21 LES
1926 2683 160 25 CRITIQUES

1734 2725 33 20 M.
1780 2723 112 25 Reynaud
1906 2721 72 26 prend
1991 2721 24 21 la
2028 2720 85 26 parole.
2125 2731 28 5 —
2164 2720 22 21 Il
2199 2720 28 21 dé-

1709 2749 61 22 clare
1786 2749 54 25 qu'il
1855 2753 14 19 y
1885 2753 15 15 a
1916 2746 129 26 opposition
2059 2747 66 20 entre
2141 2746 24 20 la
2180 2746 48 25 poli-

1709 2775 62 24 tique
1794 2773 127 22 monétaire
1944 2771 92 22 libérale
2059 2772 32 20 du
2113 2775 114 20 gouverne-

1708 2801 66 20 ment
1788 2801 26 20 et
1829 2804 26 16 sa
1872 2798 107 25 politique
1995 2797 148 25 économique
2159 2797 69 20 autar-

1709 2826 88 24 cique.

1735 2858 21 20 Il
1769 2857 82 20 estime
1865 2860 44 21 que
1924 2856 31 20 M.
1970 2854 78 22 Auriol
2062 2859 52 16 sera
2129 2853 82 21 amené
2225 2853 16 21 à

1709 2882 115 21 contrôler
1837 2882 33 20 les
1882 2882 108 23 changes,
2003 2880 14 21 à
2030 2879 108 22 dévaluer
2151 2883 90 16 encore.

1708 2908 22 20 Il
1746 2907 114 21 demande
1878 2911 31 16 au
1925 2906 105 20 ministre
2045 2905 31 21 de
2095 2913 10 10 «
2123 2904 76 21 savoir
2216 2908 25 17 se

1709 2937 79 20 passer
1804 2932 41 21 des
1859 2931 205 24 encouragements
2080 2930 40 21 des
2136 2929 92 21 vélodro-

1709 2962 49 17 mes
1775 2967 18 11 ».

1735 2991 35 19 En
1784 2989 36 21 fin
1833 2989 28 20 de
1874 2988 89 24 séance,
1975 2988 33 20 M.
2021 2987 99 20 Flandin
2133 2986 79 21 monte
2226 2985 15 21 à

1709 3015 23 20 la
1750 3014 98 21 tribune.

1735 3041 34 19 La
1784 3040 60 22 suite
1861 3039 31 21 du
1909 3039 70 21 débat
1994 3039 36 20 est
2045 3036 111 26 renvoyée
2173 3036 15 21 à
2205 3037 36 20 cet

1710 3065 143 25 après-midi.
1866 3075 27 5 —
1906 3065 85 20 Havas.

1761 3112 37 20 LE
1816 3111 164 22 COLLECTIF
1997 3111 40 21 DE
2056 3111 127 21 JANVIER

1879 3136 54 20 EST
1948 3135 118 22 ADOPTÉ

1731 3167 72 23 Paris,
1823 3168 12 20 5
1856 3167 90 21 février.
1965 3177 28 5 —
2011 3168 34 19 La
2064 3166 84 22 séance
2166 3167 29 21 de
2216 3166 24 21 la

1706 3192 122 24 Chambre,
1847 3193 38 19 cet
1903 3191 143 25 après-midi,
2066 3197 15 15 a
2100 3191 37 21 été
2156 3196 71 16 consa-

1705 3216 52 21 crée
1773 3216 15 21 à
1803 3217 23 20 la
1841 3217 60 21 suite
1917 3217 29 21 de
1962 3216 24 21 la
2000 3216 128 21 discussion
2144 3216 32 21 du
2191 3217 36 20 col-

1706 3241 64 21 lectif
1785 3241 30 21 de
1830 3241 97 25 janvier.

1731 3267 33 19 M.
1781 3266 84 21 Pihelli
1882 3266 91 20 déclare
1992 3270 42 20 que
2052 3265 72 21 l'Etat
2140 3266 40 20 n'a
2197 3270 43 20 pas

1707 3290 86 21 avancé
1811 3295 34 16 un
1862 3291 100 20 centime
1980 3295 58 20 pour
2056 3291 21 20 le
2095 3295 146 20 programme

1706 3316 40 20 des
1765 3315 85 25 grands
1869 3316 98 21 travaux
1986 3316 28 20 de
2032 3315 25 21 la
2076 3315 52 21 ville
2146 3315 29 22 de
2193 3316 34 20 Pa-

1705 3341 40 20 ris.

1731 3365 33 20 M.
1777 3365 79 20 Auriol
1868 3364 89 26 répond
1970 3369 44 20 que
2027 3364 22 21 le
2061 3364 180 25 gouvernement

1707 3391 35 20 est
1755 3389 52 25 prêt
1819 3389 15 21 à
1846 3390 60 20 faire
1919 3390 40 20 des
1972 3394 99 16 avances
2083 3389 15 21 à
2109 3390 25 20 la
2146 3389 53 21 ville
2211 3390 29 20 de

1706 3414 72 24 Paris,
1798 3415 61 20 mais
1878 3414 128 21 seulement
2026 3418 58 20 pour
2105 3414 80 24 qu'elle
2206 3414 35 21 ait

1707 3439 21 21 le
1744 3440 75 23 temps
1834 3439 28 20 de
1878 3438 109 25 procéder
2002 3438 15 21 à
2031 3439 41 20 des
2087 3439 128 24 emprunts.

1732 3463 74 25 Après
1824 3464 99 20 diverses
1941 3463 174 24 interventions,
2134 3463 94 21 l'ensem-

1707 3487 37 22 ble
1764 3488 33 21 du
1816 3488 101 21 collectif
1939 3488 28 21 de
1988 3488 90 24 janvier
2100 3488 35 20 est
2156 3487 84 25 adopté

1710 3514 48 20 (315
1777 3513 101 21 millions
1904 3513 29 20 de
1957 3512 86 21 crédits
2068 3512 114 25 accordés,
2202 3513 39 21 100

1707 3537 100 21 millions
1822 3538 29 20 de
1864 3537 85 22 crédits
1964 3537 116 23 annulés).

1732 3563 34 19 La
1785 3562 116 21 Chambre
1921 3562 83 24 adopte
2024 3562 21 21 le
2065 3562 77 25 projet
2161 3562 29 21 de
2210 3561 32 22 loi

1708 3586 99 21 tendant
1823 3587 16 20 à
1855 3587 136 20 l'ouverture
2008 3586 28 21 de
2052 3591 122 16 nouveaux
2191 3586 37 21 cré-

1707 3611 47 20 dits
1768 3616 57 19 pour
1839 3611 148 24 l'assistance,
2001 3611 23 20 la
2038 3612 129 24 protection
2181 3612 24 20 et
2219 3612 23 20 le

1707 3636 167 24 rapatriement
1888 3636 41 21 des
1942 3636 110 24 Français
2066 3636 134 25 d'Espagne.

1733 3661 34 20 La
1783 3660 83 22 séance
1882 3662 37 19 est
1937 3660 89 21 ensuite
2043 3660 68 22 levée.

1733 3686 128 20 Prochaine
1876 3685 84 21 séance
1975 3685 83 21 mardi.
2072 3696 28 5 —
2114 3686 86 20 Havas.

1762 3723 39 20 LA
1817 3723 88 21 MORT
1922 3723 43 20 DU
1981 3722 204 21 JOURNALISTE

1844 3748 90 20 LOUIS
1949 3747 154 20 DELAPREE

1733 3778 72 24 Paris,
1819 3779 12 20 5
1845 3778 90 21 février.
1948 3788 28 5 —
1991 3778 55 21 (Par
2052 3775 146 27 'téléphone.)
2215 3789 27 4 —

1707 3803 34 20 La
1761 3804 62 20 mort
1841 3803 33 20 du
1894 3802 136 25 journaliste
2050 3803 103 24 français
2172 3803 69 21 Louis

1708 3827 118 25 Delaprée,
1847 3827 72 21 blessé
1939 3827 61 21 alors
2020 3827 54 24 qu'il
2093 3828 101 21 rentrait
2213 3828 29 20 de

1708 3852 93 20 Madrid
1812 3852 59 21 dans
1884 3857 32 16 un
1928 3852 69 21 avion
2008 3852 30 21 de
2049 3852 151 21 l'ambassade
2213 3853 28 19 de

1708 3878 94 22 France,
1819 3882 14 15 a
1849 3877 37 20 été
1909 3875 98 26 évoquée
2029 3877 110 20 vendredi
2162 3876 79 26 après-

1708 3901 57 21 midi
1775 3901 16 21 à
1802 3901 23 21 la
1836 3902 122 24 Chambre,
1970 3901 29 21 de
2008 3900 71 25 façon
2090 3901 95 24 quelque
2197 3906 45 20 peu

1708 3926 144 24 inattendue,
1867 3931 44 20 par
1926 3927 33 20 M.
1975 3926 92 24 Cousin,
2084 3925 84 26 député
2184 3931 45 16 con-

1707 3952 119 20 servateur
1839 3951 30 21 de
1880 3951 73 21 Paris.

1734 3977 21 19 A
1770 3975 121 21 l'occasion
1907 3976 29 21 de
1952 3975 24 21 la
1991 3974 127 22 discussion
2133 3976 42 21 des
2191 3975 37 21 cré-

1709 4000 46 21 dits
1776 4000 28 21 de
1824 4000 176 24 régularisation
2019 4000 91 21 relatifs
2131 4005 31 16 au
2181 4000 48 21 bud-

1709 4026 38 23 get
1768 4025 29 20 de
1818 4025 47 20 l'an
1886 4025 97 23 dernier,
2003 4025 32 20 M.
2057 4024 86 21 Cousin
2164 4030 15 15 a
2200 4025 28 20 de-

1709 4049 91 25 mandé,
1820 4054 30 16 en
1870 4050 65 23 effet,
1955 4048 84 25 quelles
2058 4049 140 21 indemnités
2218 4050 24 20 la

1708 4075 89 20 France
1814 4076 66 23 reçut
1899 4075 32 19 du
1949 4075 179 23 gouvernement
2146 4074 29 21 de
2194 4075 35 20 Va-

1709 4099 64 21 lence
1787 4103 31 16 au
1830 4099 62 24 sujet
1905 4099 29 20 de
1947 4097 83 22 l'avion
2043 4098 103 26 français
2159 4099 83 20 abattu

1709 4128 43 20 par
1766 4123 118 21 l'aviation
1899 4124 28 20 de
1941 4122 99 22 Madrid.

1735 4149 43 20 Les
1794 4148 164 21 communistes
1974 4148 43 20 ont
2033 4148 143 24 interrompu
2193 4147 36 21 fré-

1709 4173 134 24 quemment
1860 4173 115 24 l'orateur,
1993 4171 15 21 à
2027 4172 38 24 qui
2085 4172 21 21 le
2124 4172 119 25 président

1710 4202 15 16 a
1741 4198 45 20 fait
1803 4198 105 20 observer
1923 4202 43 20 que
1982 4196 22 21 le
2020 4196 106 22 ministre
2142 4197 40 21 des
2198 4197 31 21 Af-

1710 4222 71 21 faires
1795 4221 131 25 étrangères
1939 4220 83 22 n'était
2034 4226 44 20 pas
2091 4221 15 21 à
2119 4226 43 16 son
2176 4222 66 21 banc.

1734 4247 119 20 L'orateur
1868 4247 55 20 n'en
1941 4251 16 16 a
1973 4250 43 21 pas
2033 4246 75 21 moins
2126 4246 117 25 poursuivi

1710 4276 29 16 en
1758 4271 120 21 déclarant
1895 4272 68 24 qu'on
1980 4274 31 16 ne
2028 4270 49 21 doit
2095 4275 43 20 pas
2156 4271 87 21 oublier

1710 4300 43 20 que
1766 4296 40 20 des
1819 4296 100 21 familles
1932 4294 146 22 attendaient
2091 4296 21 20 le
2125 4295 118 25 paiement

1710 4321 29 20 de
1757 4320 142 21 l'indemnité
1917 4321 25 21 et
1959 4320 24 20 la
2000 4319 60 25 prise
2078 4320 29 21 de
2123 4321 121 21 sanctions

1710 4345 80 21 contre
1803 4345 34 21 les
1849 4344 129 26 coupables.

1736 4369 61 21 Mats
1820 4374 113 20 personne
1966 4369 96 24 n'ayant
2084 4368 105 26 répondu
2211 4374 33 16 au

1710 4398 55 16 nom
1783 4394 32 20 du
1833 4394 185 24 gouvernement,
2036 4393 119 23 l'incident
2172 4399 16 16 a
2206 4390 37 25 élé

1711 4418 89 22 déclaré
1814 4418 53 22 clos.

1206 4476 142 28 LITVIN0V
1370 4476 233 29 AMBASSADEUR
1630 4476 17 29 ?

1187 4538 85 25 Berlin,
1284 4540 12 19 5
1309 4538 89 21 février.
1409 4549 28 5 —
1448 4539 37 20 On
1497 4538 85 21 mande
1594 4539 28 21 de
1633 4539 47 22 Var-

1162 4564 61 21 sovie
1237 4568 31 16 au
1281 4565 28 20 D.
1322 4565 28 20 N.
1363 4564 27 21 B.
1407 4568 7 17 :

1188 4589 69 21 Selon
1270 4589 39 21 des
1320 4589 117 21 nouvelles
1448 4589 29 21 de
1488 4589 100 24 Moscou,
1599 4590 33 20 M.
1642 4589 51 21 Lit-

1162 4614 68 20 vinov
1251 4619 14 16 a
1286 4618 36 20 eu,
1343 4613 198 22 immédiatement
1563 4613 67 25 après
1651 4619 43 16 son

1162 4640 84 23 retour,
1261 4643 32 16 un
1308 4639 114 21 entretien
1436 4643 55 17 avec
1505 4639 89 21 Staline
1609 4643 31 17 au
1653 4644 28 16 su-

1162 4664 34 24 jet
1216 4664 29 21 de
1264 4664 122 25 reproches
1406 4664 68 24 qu'on
1493 4663 35 22 lui
1547 4664 64 22 avait
1629 4664 65 26 faits,

1163 4689 60 21 ainsi
1236 4689 51 25 qu'à
1300 4694 27 16 sa
1340 4689 92 21 femme.

1189 4715 37 20 On
1243 4714 58 21 croit
1316 4719 44 20 que
1376 4715 32 20 M.
1424 4714 105 21 Lltvinov
1545 4714 71 21 serait
1631 4719 50 16 rem-

1163 4739 65 25 placé
1242 4740 59 20 dans
1315 4744 36 16 ses
1365 4739 117 21 fonctions
1496 4740 28 20 de
1539 4740 155 21 commissaire

1163 4765 40 20 des
1217 4765 102 20 Affaires
1332 4764 138 24 étrangères,
1483 4769 44 20 par
1539 4765 32 20 M.
1585 4765 109 20 Krestin-

1163 4790 41 23 ski,
1221 4790 59 20 mais
1296 4789 52 25 plus
1363 4789 174 25 probablement
1553 4794 82 16 encore
1651 4794 43 20 par

1163 4815 32 20 M.
1207 4815 90 20 Tairov.

1188 4840 32 20 M.
1230 4840 106 20 Litvinov
1346 4839 71 22 serait
1427 4839 92 22 nommé
1531 4839 164 22 ambassadeur

1164 4864 14 22 à
1193 4865 108 23 Londres,
1315 4865 66 20 Paris
1396 4870 30 15 ou
1440 4866 80 19 Rome.
1534 4875 27 5 —
1574 4864 79 25 Belga.

706 5138 63 34 TUÉ
795 5145 58 27 PAR
880 5143 64 30 UNE
967 5141 82 30 AUTO

639 5213 109 23 Louvain,
764 5214 12 20 5
793 5213 90 21 février.
898 5223 28 6 —
941 5211 69 22 Jeudi
1025 5211 52 24 soir,
1093 5215 52 16 vers

614 5238 13 20 8
640 5238 90 24 heures,
743 5238 22 21 le
778 5238 69 24 jeune
861 5237 92 25 cycliste
968 5237 102 21 Gustave
1085 5236 59 20 Sen-

614 5263 47 23 ten,
675 5262 42 25 âgé
731 5263 28 20 de
774 5263 24 20 11
812 5268 50 19 ans,
875 5264 25 20 et
912 5261 114 22 domicilié
1040 5265 55 17 avec
1108 5265 37 16 ses

614 5288 95 23 parents
727 5287 110 21 chaussée
855 5287 140 24 d'Aerschot,
1013 5286 16 21 à
1047 5285 97 24 Wilsele,

614 5316 15 16 a
644 5312 37 20 été
694 5312 113 24 renversé,
822 5312 110 21 chaussée
947 5311 140 24 d'Aerschot,
1101 5315 44 20 par

614 5337 72 20 l'auto
698 5338 107 20 conduite
818 5342 43 19 par
874 5337 21 21 le
908 5336 93 22 nommé
1014 5337 60 20 Jean
1087 5336 45 20 Ber-

614 5366 50 19 gen,
680 5361 136 21 demeurant
830 5362 16 21 k
860 5362 109 21 Hersselt.

640 5393 33 20 La
687 5393 72 24 petite
774 5393 92 21 victime
882 5393 38 21 fut
935 5392 134 25 gravement
1083 5392 50 21 bles-

614 5416 38 21 sée
668 5417 15 21 à
697 5418 24 20 la
736 5418 54 23 tête,
805 5419 25 19 et
844 5419 56 19 c'est
915 5418 59 20 dans
989 5423 34 16 un
1037 5417 51 21 état
1103 5417 29 21 dé-

614 5441 90 24 sespéré
723 5442 80 24 qu'elle
822 5443 39 20 fut
879 5443 108 20 conduite
1006 5442 15 21 à
1040 5441 105 25 l'hôpital

615 5467 53 19 civil
688 5467 29 20 de
738 5467 109 25 Louvain,
869 5467 30 21 où
920 5467 43 21 elle
985 5468 36 20 est
1041 5466 104 24 décédée,

614 5491 109 21 vendredi
734 5491 82 25 matin,
828 5492 41 21 des
880 5492 71 21 suites
962 5492 68 21 d'une
1042 5492 102 21 fracture

615 5515 32 22 du
660 5516 76 21 crâne.

640 5547 32 21 Le
684 5548 97 25 parquet
794 5548 28 22 de
833 5548 103 22 Louvain
949 5553 15 17 a
976 5548 46 23 falt
1033 5553 46 17 une
1092 5548 40 21 des-

616 5572 66 21 cente
696 5577 40 17 sur
749 5572 34 23 les
797 5573 68 22 lieux.

1195 4923 53 40 EN
1271 4922 207 48 QUELQUES
1501 4922 147 40 LIGNES

1164 5004 41 14 ::-::
1219 5002 164 16 D'Ellsabethville
1399 5006 5 12 :
1418 5003 39 15 Par
1469 5003 50 16 suite
1532 5002 33 17 des
1578 5002 62 20 pluies
1652 5002 32 16 vio-

1162 5021 66 19 lentes,
1242 5025 37 13 une
1292 5022 71 19 galerie
1376 5022 24 17 de
1413 5022 20 16 la
1446 5022 50 16 mine
1510 5023 40 15 d'or
1563 5022 24 17 de
1599 5023 95 18 Karungu

1161 5041 46 20 Bay,
1232 5045 25 13 au
1280 5042 73 19 Kenya,
1378 5045 12 14 a
1412 5041 31 18 été
1467 5042 116 17 subitement
1606 5042 87 19 inondée,

1162 5062 73 18 noyant
1250 5065 26 13 un
1291 5062 76 16 mineur
1381 5061 95 20 européen
1490 5062 21 16 et
1526 5062 48 17 trois
1588 5062 105 19 indigènes.

1162 5089 22 4 —
1200 5082 115 19 Incopresse.

1165 5103 41 14 ::-::
1223 5102 28 16 De
1266 5101 102 21 Chang-hai
1385 5106 6 12 :
1407 5102 92 19 L'agence
1515 5102 85 17 chinoise
1615 5101 79 18 Central

1162 5120 54 17 News
1231 5125 87 13 annonce
1334 5125 36 16 que
1384 5121 28 17 les
1427 5122 63 16 forces
1505 5122 189 19 gouvernementales

1162 5140 33 19 qui
1213 5141 101 17 marchent
1332 5145 34 13 sur
1384 5141 73 17 l'Ouest
1475 5142 85 16 seraient
1579 5141 84 17 arrivées
1682 5141 12 16 k

1162 5160 35 16 Lin
1209 5161 61 19 Tung,
1283 5161 13 17 k
1309 5162 21 16 20
1343 5161 109 17 kilomètres
1465 5161 13 17 à
1490 5162 48 16 l'Est
1551 5161 23 17 de
1587 5162 48 16 Stan
1648 5162 46 16 Fou.

1163 5187 22 5 —
1200 5180 76 17 Reuter.

1165 5202 42 14 ::-::
1222 5201 28 16 De
1264 5201 110 20 Cherbourg
1389 5205 6 13 :
1410 5201 31 17 TJn
1455 5204 92 17 passager
1561 5201 95 17 canadien
1671 5202 23 16 de

1163 5219 23 16 l'«
1198 5220 104 19 Aqultanla
1313 5226 18 14 »,
1341 5221 180 20 Joseph-Raymond
1533 5221 80 18 Leclerc,
1626 5221 59 17 débar-

1164 5239 35 19 qué
1214 5243 45 13 avec
1274 5241 33 17 des
1321 5241 117 17 volontaires
1452 5244 49 16 pour
1515 5241 106 20 l'Espagne,
1636 5245 13 12 a
1664 5242 30 15 été

1163 5259 67 17 écroué
1246 5264 44 13 sous
1306 5261 133 19 l'inculpation
1454 5261 77 18 d'usage
1547 5261 24 16 de
1586 5261 48 17 faux
1649 5265 36 16 pas-

1163 5280 70 18 seport.
1248 5288 23 4 —
1285 5281 69 17 Havas.

1166 5302 42 13 ::-::
1224 5300 28 15 De
1265 5300 126 20 Washington
1407 5304 7 13 :
1429 5301 31 16 On
1475 5301 99 18 confirme,
1589 5301 24 16 de
1628 5304 66 14 source

1163 5318 100 19 officielle,*
1277 5323 36 16 que
1329 5321 21 16 la
1367 5321 55 19 grève
1439 5321 98 16 maritime
1553 5321 27 16 du
1596 5321 99 19 Pacifique

1164 5339 29 15 est
1207 5339 97 17 terminée.
1316 5348 23 4 —
1350 5340 77 17 Reuter.

1167 5361 42 13 ::-::
1226 5359 136 17 D'Alexandrie
1379 5364 7 13 :
1403 5361 30 16 Un
1450 5361 56 16 avion
1523 5361 130 19 appartenant
1670 5363 25 14 au

1164 5378 67 16 navire
1251 5380 131 17 porte-avions
1401 5380 124 20 britannique
1545 5386 10 9 «
1575 5380 89 17 Olorious
1685 5385 9 10 >

1164 5398 46 16 s'est
1223 5398 64 17 écrasé
1301 5403 25 12 au
1340 5400 33 16 sol.
1388 5400 34 17 Ses
1435 5400 50 17 deux
1498 5401 105 18 occupants
1615 5401 35 16 ont
1663 5400 32 17 été

1164 5417 48 17 tués.
1228 5425 23 5 —
1265 5418 77 18 Reuter.

1166 5441 42 13 ::-::
1222 5438 28 16 De
1263 5438 99 17 Mulhouse
1377 5443 6 12 :
1396 5440 36 16 Les
1445 5439 92 20 grévistes
1550 5439 34 17 des
1597 5439 62 17 mines
1671 5440 24 16 de

1164 5458 76 19 potasse
1258 5458 85 16 d'Alsace
1360 5460 35 15 ont
1412 5459 71 19 décidé,
1501 5460 13 16 k
1530 5459 127 19 l'unanimité,
1675 5459 20 16 la

1164 5478 71 19 reprise
1249 5477 26 17 du
1289 5478 70 16 travail
1372 5482 48 16 pour
1433 5483 21 13 ce
1468 5479 107 17 dimanche.
1589 5487 24 4 —
1624 5480 70 16 Havas.

1166 5500 42 14 ::-::
1225 5497 28 16 De
1268 5497 92 20 Belgrade
1377 5503 7 12 :
1399 5499 31 17 Un
1446 5499 132 20 communiqué
1593 5499 73 17 officiel
1683 5503 12 13 a

1164 5517 31 17 été
1215 5516 64 21 publié
1299 5517 100 18 déclarant
1419 5522 36 16 que
1476 5520 26 16 M.
1524 5520 61 15 Ru-nu
1606 5519 49 17 Aras
1675 5519 20 16 et

1163 5538 26 16 M.
1204 5537 158 19 Btoyadinovitch
1374 5541 20 14 se
1407 5539 45 16 sont
1465 5538 111 18 rencontrés
1590 5542 25 14 au
1628 5539 58 17 minis-

1164 5557 41 17 tère
1220 5557 34 17 des
1268 5557 85 18 Affaires
1368 5557 116 21 étrangères,
1500 5558 24 18 où
1540 5559 24 16 ils
1580 5559 35 17 ont
1629 5561 25 15 «u
1668 5561 27 15 un

1164 5577 45 21 long
1226 5577 20 17 et
1263 5577 72 18 cordial
1352 5577 102 18 entretien.
1471 5586 24 5 —
1509 5579 71 17 Havas.

1787 4491 37 27 LE
1843 4491 102 28 GESTE
1965 4490 209 28 INOPPORTUN

2258 258 103 53 DES
2402 255 393 53 VOLONTAIRES

2304 326 145 41 POUR
2471 323 279 42 L'ESPAGNE

2384 378 31 40 L
2415 376 223 41 OYALIST
2639 377 31 39 E

2316 454 206 40 AMÉRICAINS,
2553 456 183 34 CANADIENS

2342 504 41 33 ET
2401 497 95 40 MÊME
2515 502 194 34 ALLEMANDS

2295 577 47 33 ILS
2361 578 37 32 SE
2417 577 147 32 RENDENT
2579 575 48 33 AU
2646 573 109 34 FRONT

2379 636 84 25 (Voyez
2478 635 71 21 début
2564 639 60 20 page
2639 633 29 26 1.)

2283 666 139 25 Cherbourg,
2438 668 13 19 5
2466 666 91 22 février.
2571 676 29 6 —
2613 663 180 26 Quatre-vingt-

2258 692 81 23 quatre
2358 692 140 21 volontaires
2517 696 59 20 pour
2594 691 121 24 l'Espagne
2736 693 44 20 gou-

2257 717 177 23 vernementale,
2458 722 59 19 pour
2541 717 24 20 la
2589 716 95 25 plupart
2707 713 73 22 améri-

2258 741 71 24 cains,
2342 742 132 24 canadiens,
2487 742 122 25 espagnols
2621 742 24 21 et
2658 739 135 23 allemands,

2258 767 42 20 ont
2312 766 115 26 débarqué
2438 767 29 22 de
2480 767 15 20 1'
2509 775 9 10 «
2532 766 127 25 Aquitanla
2672 774 18 12 ».

2283 791 33 20 Ils
2342 792 42 20 ont
2410 797 33 16 un
2469 792 148 24 équipement
2642 789 151 24 confortable,

2258 817 147 23 comportant
2421 817 41 21 des
2478 817 72 21 effets
2565 816 73 24 kakis,
2655 821 33 16 un
2705 814 88 26 paletot

2258 841 29 21 de
2313 841 50 21 cuir
2390 841 85 25 fourré,
2502 847 47 16 une
2575 841 63 22 boite
2665 841 15 21 à
2708 844 73 21 panse-

2258 866 84 23 ments,
2355 866 43 20 etc.

2284 891 71 20 Leurs
2381 892 132 25 passeports
2533 892 43 21 ont
2596 891 37 22 été
2660 891 120 25 soigneuse-

2258 916 66 19 ment
2336 915 59 21 visés
2408 921 42 19 par
2462 917 24 20 la
2498 916 73 26 police
2584 916 105 26 spéciale.

2284 941 43 19 Les
2342 940 140 22 volontaires
2497 942 42 20 ont
2554 942 49 24 pris
2618 941 22 22 le
2655 941 65 22 train
2734 943 60 23 pour

2259 965 31 20 Le
2301 965 83 21 Havre.
2394 966 34 20 Us
2437 971 25 16 se
2472 966 114 21 rendront
2595 966 94 21 ensuite
2696 965 16 22 à
2721 965 73 25 Paris,

2259 989 95 24 puisïn
2369 991 111 23 Espagne.
2493 1002 28 4 —
2534 991 85 21 Havas.

2269 1021 119 21 BATEAU
2405 1022 149 25 FRANÇAIS
2572 1022 207 22 ARRAISONNE?

2283 1052 208 24 St-Jean-de-Luz,
2505 1054 12 19 5
2531 1052 91 22 février.
2634 1064 28 4 —
2675 1054 38 20 Un
2726 1053 53 25 Jour-

2257 1077 40 20 nal
2310 1077 32 20 du
2353 1077 47 20 soir
2413 1082 15 15 a
2441 1077 76 25 publié
2530 1082 48 17 une
2589 1078 153 21 information
2754 1083 25 16 se-

2258 1101 39 21 lon
2317 1101 97 25 laquelle
2434 1106 33 16 un
2487 1102 85 22 bateau
2591 1102 110 25 français,
2720 1103 29 21 de
2768 1103 25 21 la

2257 1126 94 22 flottille
2363 1127 30 21 de
2406 1126 72 25 pêche
2492 1127 28 20 de
2533 1127 202 22 St-Jean-de-Luz
2748 1132 31 16 au-

2258 1151 47 21 rait
2324 1151 37 21 été
2382 1152 135 20 arraisonné
2537 1152 51 20 hier
2607 1157 31 16 en
2657 1157 44 16 vue
2721 1153 28 21 de
2769 1153 23 20 la

2257 1176 51 21 côte
2321 1176 86 24 basque
2420 1181 43 20 par
2477 1177 41 21 des
2529 1177 93 21 navires
2635 1177 105 25 insurgés
2753 1182 28 17 ar-

2258 1201 54 21 més.
2335 1202 69 21 Cette
2424 1201 106 23 nouvelle
2552 1202 37 21 est
2612 1201 115 23 démentie
2750 1207 31 17 au-

2257 1226 117 24 jourd'hui
2391 1231 44 20 par
2452 1227 34 21 les
2503 1226 113 22 autorités
2633 1227 134 21 maritimes.

2284 1252 82 20 Aucun
2384 1251 104 21 incident
2506 1251 29 21 de
2553 1252 37 20 cet
2608 1252 67 21 ordre
2691 1256 31 17 ne
2739 1252 54 21 s'est

2258 1277 99 25 produit.
2372 1287 28 5 —
2413 1277 85 21 Havas.

2327 1308 33 20 M.
2377 1308 175 20 CABALLERO
2569 1308 41 20 AU
2625 1307 102 21 FRONT

2286 1339 100 24 Madrid,
2402 1340 13 20 5
2432 1339 91 21 février.
2538 1349 28 6 —
2581 1339 32 20 Le
2629 1338 86 21 conseil
2732 1338 50 20 délé-

2260 1364 44 24 gué
2317 1369 58 20 pour
2388 1364 24 22 la
2425 1364 95 21 défense
2534 1364 29 22 de
2576 1363 94 22 Madrid
2683 1363 84 25 publie,
2781 1363 15 20 à

2260 1389 65 24 Midi,
2342 1389 22 21 le
2381 1388 161 25 communiqué
2559 1388 94 22 suivant
2674 1393 6 16 :

2286 1415 66 20 Dans
2368 1414 34 21 les
2418 1414 103 21 secteurs
2537 1414 32 20 du
2586 1414 58 20 Parc
2661 1413 30 21 de
2707 1412 89 21 l'Ouest

2261 1439 24 21 et
2302 1439 29 21 de
2349 1439 24 21 la
2392 1439 51 21 Cité
2462 1438 167 24 universitaire,
2648 1438 34 21 les
2700 1437 96 22 rebelles

2260 1465 43 20 ont
2315 1463 65 22 tenté
2393 1464 15 21 à
2421 1464 113 24 plusieurs
2547 1463 98 25 reprises
2658 1463 29 21 de
2700 1467 83 20 repren-

2260 1489 41 21 dre
2315 1489 34 21 les
2362 1489 117 20 nouvelles
2493 1488 112 25 positions
2619 1487 119 26 conquises
2753 1492 43 21 par

2260 1514 34 21 les
2308 1514 75 21 forces
2397 1514 92 24 loyales.

2286 1539 33 21 Us
2335 1539 42 21 ont
2393 1538 38 22 été
2447 1538 95 25 partout
2558 1537 126 25 repoussés.

2286 1565 34 19 La
2331 1564 67 20 visite
2409 1564 30 20 de
2450 1564 32 20 M.
2494 1564 74 25 Largo
2581 1563 121 21 Caballero
2714 1562 15 21 k
2740 1562 44 21 l'ar-

2260 1588 52 21 mée
2328 1589 32 20 du
2375 1589 66 20 front
2457 1589 29 20 de
2502 1588 93 20 Madrid
2612 1593 15 15 a
2643 1587 37 21 été
2697 1587 87 21 accueil-

2260 1614 30 21 lie
2306 1618 56 16 avec
2378 1613 179 22 enthousiasme.
2572 1613 31 21 Le
2620 1612 54 21 chef
2690 1612 33 22 du
2739 1616 44 21 gou-

2260 1638 142 24 vernement,
2417 1638 106 21 ministre
2538 1638 31 21 de
2583 1638 24 21 la
2622 1638 96 23 Guerre,
2734 1642 15 16 a
2764 1641 33 20 pu

2260 1668 25 16 se
2302 1663 84 21 rendre
2403 1663 91 31 compte
2512 1663 32 21 du
2561 1663 89 25 parfait
2667 1662 51 21 état
2735 1662 48 21 d'or-

2261 1688 132 24 ganisation
2410 1688 28 21 de
2456 1687 24 21 la
2497 1687 95 22 défense
2608 1688 29 21 de
2654 1688 25 21 la
2696 1686 99 26 capitale

2261 1714 24 20 et
2303 1713 32 21 du
2353 1713 75 21 moral
2445 1713 48 21 très
2511 1712 63 22 élevé
2592 1713 41 21 des
2650 1712 101 25 troupes.
2769 1722 28 6 —

2260 1739 85 20 Havas.

2372 1770 129 21 EGALITE
2516 1770 58 22 DES
2592 1769 93 22 SEXES

2286 1800 107 25 Valence,
2413 1802 13 20 5
2446 1800 91 21 février.
2555 1811 29 5 —
2602 1801 39 20 Du
2660 1800 88 21 bureau
2767 1800 29 22 de

2261 1830 77 20 presse
2353 1825 204 26 gouvernemental
2574 1830 7 16 :

2287 1852 31 21 Le
2332 1851 105 22 ministre
2450 1851 30 22 de
2494 1851 24 21 la
2531 1851 88 22 Justice
2633 1856 15 16 a
2661 1850 135 26 promulgué

2261 1881 33 16 un
2313 1876 130 26 important
2462 1876 78 22 décret
2558 1876 80 22 relatif
2658 1881 46 17 aux
2724 1876 72 22 droits

2262 1902 28 21 de
2303 1902 24 20 la
2341 1902 91 24 femme,
2445 1902 41 24 qui
2498 1902 77 24 Jouira
2587 1901 127 22 désormais
2727 1902 69 21 d'une

2261 1926 113 26 complète
2387 1927 83 24 égalité
2484 1932 55 17 avec
2551 1927 115 22 l'homme.
2678 1927 21 21 Il
2712 1927 71 21 n'exis-

2262 1953 50 21 tera
2330 1957 90 17 aucune
2444 1952 128 22 différence
2596 1952 60 22 dans
2679 1952 117 22 l'exercice

2262 1978 40 21 des
2315 1978 74 21 droits
2401 1977 106 26 civiques.

2287 2004 32 20 Le
2329 2003 103 24 mariage
2442 2008 31 15 ne
2485 2003 104 20 donnera
2600 2007 77 16 aucun
2687 2002 109 26 privilège

2262 2028 122 22 d'autorité
2401 2029 16 21 à
2434 2029 48 20 l'un
2500 2033 31 16 ou
2548 2028 15 22 k
2581 2029 81 20 l'autre
2681 2028 41 21 des
2739 2033 44 16 con-

2261 2054 79 25 joints.
2353 2054 43 21 Les
2410 2053 138 25 obligations
2561 2053 184 22 matrimoniales
2758 2058 27 17 se-

2261 2081 56 20 ront
2328 2078 112 26 réparties
2452 2079 67 21 entre
2531 2079 21 21 le
2565 2079 61 21 mari
2638 2080 24 20 et
2674 2079 24 20 la
2710 2079 86 21 femme

2261 2104 261 26 proportionnellement
2534 2104 16 22 à
2562 2104 61 21 leurs
2635 2109 96 20 moyens
2744 2104 39 21 éco-

2261 2130 126 25 nomiques.

2287 2156 44 20 Les
2347 2155 74 21 droits
2444 2155 80 21 seront
2546 2154 130 25 Identiques
2700 2159 40 17 sur
2763 2154 34 22 les

2261 2180 103 26 enfants,
2381 2180 24 22 la
2421 2180 92 22 maison
2528 2181 26 21 et
2569 2180 34 22 les
2620 2180 133 26 propriétés.
2769 2191 29 5 —

2261 2206 79 24 Belga.

2319 2237 189 21 OPERATIONS
2529 2236 208 22 CONTRARIÉES

2286 2268 100 25 Madrid,
2406 2269 13 20 5
2440 2267 90 22 février.
2550 2279 28 5 —
2596 2269 48 20 Des
2663 2268 134 25 opérations

2260 2293 130 22 combinées
2408 2294 41 21 des
2467 2294 226 24 gouvernementaux
2711 2298 25 16 se
2754 2293 29 21 dé-

2261 2320 92 21 roulent
2376 2319 164 22 actuellement
2564 2320 66 20 entre
2653 2319 143 21 Pozoblanco

2261 2346 24 20 et
2303 2345 121 24 Arjonilla,
2443 2345 60 21 dans
2520 2345 24 21 la
2563 2345 108 25 province
2690 2345 29 21 de
2737 2346 58 19 Cor-

2261 2371 65 20 doue.
2337 2371 135 21 L'artillerie
2483 2370 114 22 collabore
2608 2370 15 21 k
2634 2371 94 21 l'action
2739 2375 44 17 con-

2261 2396 35 21 tre
2308 2396 34 21 les
2353 2396 106 25 insurgés
2470 2396 39 25 qui
2522 2397 152 21 manifestent
2685 2401 47 16 une
2744 2401 39 15 cer-

2261 2421 64 22 taine
2337 2421 94 22 activité
2443 2421 53 26 près
2508 2422 29 21 de
2549 2423 111 21 Porcuna.
2672 2432 28 5 —
2710 2422 86 21 Havas.

2391 2487 95 27 CAVES
2503 2487 162 28 INONDEES

2288 2545 95 23 Anvers,
2395 2545 13 20 5
2421 2544 90 21 février.
2523 2555 29 5 —
2563 2545 46 20 Par
2621 2544 60 21 suite
2694 2544 41 21 des
2747 2545 38 20 for-

2262 2571 35 20 tes
2321 2570 74 25 pluies
2418 2570 39 25 qui
2481 2571 54 20 sont
2558 2570 103 21 tombées
2684 2570 65 21 toute
2773 2570 24 20 la

2260 2595 103 25 Journée,
2382 2596 30 20 de
2432 2595 48 21 très
2498 2596 149 20 nombreuses
2666 2600 68 16 caves
2753 2596 43 20 ont

2262 2621 37 21 été
2311 2621 111 21 inondées
2434 2620 15 22 à
2461 2622 94 22 Anvers,
2567 2620 165 25 spécialement
2737 2621 60 20 dans

2261 2646 34 21 les
2307 2647 115 24 quartiers
2434 2647 50 24 sud,
2497 2647 30 21 de
2540 2647 133 24 Zurenborg
2686 2647 25 21 et
2722 2645 61 22 Israé-

2261 2671 47 22 lite.
2321 2672 44 21 Les
2378 2672 116 25 pompiers
2507 2674 43 20 ont
2563 2671 37 22 été
2614 2671 76 26 requis
2703 2676 34 17 un
2750 2676 46 21 peu

2260 2697 96 25 partout
2368 2702 59 20 pour
2439 2698 65 20 vider
2516 2698 34 21 les
2563 2702 74 17 caves.

1809 4556 43 23 (De
1867 4555 68 21 notre
1951 4554 194 24 correspondant.)

1739 4587 108 23 Londres,
1861 4587 13 20 5
1888 4586 90 21 février.
1991 4596 28 5 —
2035 4586 56 20 (Par
2104 4585 142 25 téléphone).

1713 4623 28 4 —
1752 4613 32 20 Le
1795 4612 182 24 correspondant
1988 4611 110 24 politique
2110 4612 32 20 du
2156 4620 9 10 »
2179 4612 67 20 News

1714 4638 122 21 Chronicle
1851 4647 9 9 »
1876 4638 34 20 dit
1923 4637 70 25 qu'un
2006 4637 89 20 certain
2108 4637 96 20 nombre
2217 4637 29 20 de

1714 4663 114 21 membres
1845 4663 32 20 du
1893 4662 134 21 Parlement
2044 4661 89 22 étaient
2150 4662 84 24 aujour-

1714 4689 64 20 d'hui
1794 4689 137 24 impatients
1947 4688 29 20 de
1992 4687 109 24 soulever,
2118 4692 32 16 au
2166 4687 67 21 Parle-

1714 4714 72 23 ment,
1801 4714 25 20 la
1840 4714 107 24 question
1962 4713 33 20 du
2010 4713 62 20 salut
2087 4713 53 20 nazi
2155 4718 45 20 que
2215 4713 32 20 fit

1714 4739 32 20 M.
1759 4744 46 16 von
1818 4740 141 23 Ribbentrop
1973 4742 32 16 au
2016 4738 41 24 roi,
2070 4738 47 21 lors
2130 4738 30 21 de
2172 4738 24 21 la
2207 4738 26 21 ré-

1715 4764 92 25 ception
1822 4764 166 25 diplomatique
2003 4763 32 21 du
2050 4764 70 23 jeudi.

1740 4791 43 20 Les
1800 4790 176 20 ambassadeurs
1991 4789 26 20 et
2033 4789 117 21 ministres
2166 4788 69 22 étran-

1715 4820 51 20 gers
1777 4815 107 21 s'étaient
1895 4815 78 21 réunis
1984 4818 59 21 pour
2054 4814 120 25 présenter
2185 4815 62 20 leurs

1715 4841 81 21 lettres
1809 4841 30 20 de
1853 4840 96 21 créance
1963 4839 16 21 à
1993 4840 89 24 George
2096 4841 33 19 VI
2144 4840 30 24 et,
2187 4840 48 21 lors-

1715 4871 44 20 que
1770 4871 26 16 ce
1808 4866 39 21 fut
1858 4866 22 20 le
1892 4867 53 19 tour
1955 4866 31 20 de
1996 4865 33 20 M.
2041 4870 45 15 von
2097 4866 150 24 Ribbentrop,

1715 4892 17 20 il
1749 4891 31 21 fit
1796 4896 32 16 au
1843 4891 35 21 roi
1894 4892 23 20 le
1933 4890 62 22 salut
2010 4890 60 24 nazi,
2086 4890 16 21 à
2118 4891 25 21 la
2159 4892 88 23 grande

1716 4917 100 25 surprise
1830 4917 42 20 des
1887 4917 79 20 autres
1980 4915 143 25 diplomates.

1741 4942 93 25 Depuis,
1851 4942 36 20 dit
1902 4942 23 20 le
1941 4941 181 24 correspondant
2137 4941 111 25 politique

1715 4967 33 21 du
1762 4976 10 10 «
1787 4968 67 20 News
1867 4967 122 21 Chronicle
2003 4975 19 15 »,
2035 4967 37 20 cet
2085 4967 104 21 incident
2202 4967 46 21 fait

1716 4992 78 25 l'objet
1810 4993 28 20 de
1854 4992 127 21 nombreux
1996 4992 177 21 commentaires
2188 4992 60 21 dans

1716 5018 34 21 les
1769 5018 94 20 milieux
1883 5017 174 25 diplomatiques
2077 5018 25 20 et
2121 5022 114 20 gouverne-

1715 5043 118 21 mentaux.
1847 5042 141 22 Néanmoins
2003 5047 31 16 on
2049 5043 70 21 doute
2133 5043 54 25 qu'il
2201 5043 46 21 soit

1716 5069 85 24 permis
1817 5068 16 21 à
1848 5073 58 16 ceux
1922 5069 42 20 des
1980 5067 96 25 députés
2092 5068 40 25 qui
2147 5069 44 20 ont
2207 5073 28 16 ex-

1715 5093 74 26 primé
1801 5094 22 21 le
1835 5093 62 21 désir
1909 5094 29 20 de
1950 5093 103 21 soulever
2065 5093 24 21 la
2100 5094 112 24 question,
2224 5094 25 20 la

1716 5119 102 21 semaine
1838 5119 132 24 prochaine,
1991 5118 15 21 à
2025 5118 25 21 la
2071 5119 115 21 Chambre
2207 5119 41 21 des

1716 5145 145 23 Communes,
1873 5144 29 21 de
1914 5144 108 21 modifier
2033 5143 83 22 l'ordre
2127 5144 42 21 des
2179 5149 57 20 ques-

1716 5170 62 20 tions
1792 5175 31 15 au
1837 5174 145 20 programme
1995 5168 185 26 parlementaire.

1742 5196 44 20 Cet
1797 5195 103 21 Incident
1912 5200 15 15 a
1939 5194 48 25 pris
1998 5194 107 21 d'autant
2116 5195 53 25 plus
2180 5195 55 21 d'im-

1716 5221 117 24 portance,
1846 5220 109 21 continue
1968 5220 22 20 le
2003 5220 188 24 correspondant,
2203 5225 45 20 que

1716 5246 22 20 le
1752 5255 10 9 •
1777 5247 66 19 News
1856 5245 123 21 Chronicle
1992 5254 10 10 »
2016 5244 76 22 révéla
2105 5246 52 20 hier
2169 5250 44 20 que
2226 5246 22 21 le

1716 5271 92 21 cabinet
1819 5271 139 21 considérait
1967 5271 34 20 les
2012 5270 105 21 activités
2127 5271 122 25 politiques

1717 5298 24 19 et
1753 5297 29 20 de
1795 5296 148 25 propagande
1954 5295 30 22 de
1995 5296 33 20 M.
2041 5300 45 16 von
2099 5296 149 25 Ribbentrop,

1716 5326 89 16 comme
1822 5322 127 20 contraires
1966 5325 47 17 aux
2035 5325 29 16 us
2081 5322 25 21 et
2129 5322 119 21 coutumes

1717 5348 54 19 d'un
1793 5347 164 20 ambassadeur
1978 5346 113 21 accrédité
2112 5346 16 22 &
2148 5347 25 21 la
2193 5352 56 16 cour

1716 5372 166 23 Saint-James.

1742 5398 36 20 De
1789 5397 58 25 plus,
1860 5398 24 20 et
1896 5397 52 21 tout
1960 5396 61 22 aussi
2033 5396 134 25 important,
2179 5397 35 21 est
2226 5397 22 21 le

1717 5422 46 21 fait
1776 5423 70 24 qu'un
1860 5427 86 20 groupe
1959 5422 32 21 du
2004 5422 63 24 parti
2080 5423 168 23 conservateur,

1717 5448 65 24 petit,
1798 5448 60 20 mais
1874 5447 48 21 très
1937 5447 109 23 influent,
2064 5448 71 23 ayant
2151 5448 25 20 la
2191 5453 44 16 con-

1718 5473 77 21 fiance
1807 5473 30 21 de
1850 5473 33 20 M.
1895 5477 46 17 von
1954 5472 148 25 Ribbentrop,
2115 5473 37 21 est
2164 5472 84 26 opposé

1717 5498 16 21 à
1748 5498 24 21 la
1787 5498 62 24 ligne
1863 5498 110 25 politique
1988 5502 44 20 que
2047 5498 74 24 prend
2136 5499 33 20 M.
2183 5499 66 20 Eden

1718 5528 30 16 en
1764 5528 45 16 vue
1825 5523 55 21 d'un
1897 5523 83 21 accord
1996 5521 94 26 général
2106 5528 31 16 en
2153 5524 96 25 Europe,

1717 5553 44 20 par
1773 5548 130 26 opposition
1915 5548 16 22 &
1943 5552 47 18 une
2002 5548 94 22 entente
2110 5548 126 26 anglo-alle-

1717 5574 91 21 mande.

2367 2763 142 28 FACTEUR
2525 2756 166 34 RENVERSÉ

2288 2821 94 24 Anvers,
2402 2821 13 20 5
2436 2820 91 21 février.
2546 2831 28 5 —
2593 2821 32 20 Le
2644 2820 92 21 facteur
2755 2820 42 21 des

2262 2847 77 24 postes
2355 2847 52 20 Van
2423 2846 153 20 Oudenaerde
2592 2846 81 20 faisait
2688 2851 27 16 sa
2731 2846 53 21 tour-

2262 2872 44 20 née
2320 2872 15 20 à
2347 2871 51 22 vélo
2411 2871 15 21 à
2438 2871 101 25 Wilryck
2551 2872 101 24 lorsqu'il
2665 2876 15 16 a
2692 2871 37 21 été
2742 2876 43 16 ren-

2261 2897 64 20 versé
2343 2901 43 20 par
2404 2901 46 16 une
2467 2897 63 22 auto.
2548 2896 70 21 Resté
2635 2896 104 22 inanimé
2756 2901 41 16 sur

2261 2922 25 20 la
2297 2921 111 22 chaussée
2420 2922 18 20 il
2449 2927 16 15 a
2477 2921 37 22 été
2526 2921 132 26 transporté
2671 2921 15 21 à
2698 2927 44 16 son
2753 2922 30 20 do-

2262 2947 75 21 micile
2350 2952 44 20 par
2407 2947 191 21 l'automobiliste.
2611 2948 38 20 Un
2662 2947 106 23 médecin
2782 2952 15 16 a

2262 2973 105 21 constaté
2380 2973 29 21 de
2421 2978 81 19 graves
2514 2973 84 21 lésions
2610 2973 110 21 internes.

2318 3038 52 28 SIR
2394 3038 133 27 NEVILLE
2550 3038 194 27 HENDERSON

2332 3079 230 27 AMBASSADEUR
2578 3079 17 26 A
2613 3078 116 28 BERLIN

2362 3143 43 21 (De
2419 3142 69 20 notre
2503 3141 196 25 correspondant.)

2289 3167 108 25 Londres,
2412 3168 12 20 5
2438 3168 91 20 février.
2542 3178 28 5 —
2587 3168 55 21 (Par
2656 3167 142 25 téléphone).

2261 3204 28 5 —
2299 3194 31 20 Le
2343 3203 8 9 «
2364 3194 68 20 News
2441 3193 123 21 Chronicle
2576 3202 9 10 »
2598 3193 105 25 apprend
2713 3198 26 16 ce
2750 3193 47 20 soir

2263 3223 44 20 que
2321 3218 38 21 Sir
2374 3219 87 20 Neville
2475 3219 143 23 Henderson,
2632 3218 166 21 ambassadeur

2263 3245 162 20 actuellement
2437 3244 15 20 à
2462 3244 183 24 Buenos-Ayres,
2656 3248 15 16 a
2682 3243 37 21 été
2731 3244 53 20 choi-

2263 3270 20 20 si
2295 3274 60 20 pour
2367 3269 108 21 succéder
2487 3269 15 21 à
2515 3270 38 20 Sir
2565 3270 52 20 Eric
2629 3270 88 24 Phipps
2729 3274 56 16 nom-

2262 3295 38 21 mé
2313 3295 15 21 à
2340 3295 72 24 Paris,
2426 3300 30 16 en
2468 3294 86 25 qualité
2568 3295 187 21 d'ambassadeur
2768 3295 29 21 de

2263 3321 224 24 Grande-Bretagne
2505 3320 16 21 à
2538 3320 86 21 Berlin.

2289 3346 38 20 Sir
2346 3346 87 21 Neville
2453 3346 135 21 Henderson
2608 3346 68 20 entra
2696 3346 59 20 dans
2774 3345 24 21 la

2263 3371 99 22 carrière
2379 3371 165 25 diplomatique
2562 3376 29 16 en
2609 3372 58 20 1905.

2288 3397 22 20 U
2325 3402 16 16 a
2356 3397 58 21 tenu
2428 3397 191 21 successivement
2634 3397 40 20 des
2689 3396 78 25 postes
2782 3397 16 20 &

2265 3422 66 21 Paris
2350 3424 24 19 et
2393 3422 15 21 à
2427 3423 80 24 Rome,
2525 3423 53 24 puis
2597 3427 30 16 en
2647 3422 58 24 1929,
2724 3422 17 20 il
2761 3422 38 20 fut

2263 3447 93 21 nommé
2370 3448 107 21 ministre
2491 3452 15 16 a
2520 3448 119 24 Belgrade.
2653 3447 22 21 Il
2690 3448 39 20 fut
2743 3452 42 20 pro-

2265 3478 40 16 mu
2315 3478 32 16 au
2356 3473 76 21 même
2441 3473 66 25 poste
2516 3478 31 16 en
2556 3473 133 24 Argentine,
2700 3478 30 16 en
2741 3473 58 21 1935.

2289 3534 41 28 UN
2349 3533 148 29 MESSAGE
2513 3533 39 28 DE
2568 3534 33 28 M.
2617 3532 182 30 ROOSEVELT

2289 3596 160 24 Washington,
2469 3596 13 20 5
2502 3595 90 21 février.
2611 3606 28 5 —
2657 3596 33 20 M.
2710 3596 74 20 Roose-

2265 3622 54 24 velt,
2333 3622 60 20 dans
2408 3626 33 16 un
2456 3626 104 19 message
2574 3626 31 15 au
2620 3620 97 25 congrès
2731 3626 16 16 a
2760 3626 27 16 re-

2264 3647 136 21 commandé
2416 3652 47 16 une
2478 3646 183 25 réorganisation
2676 3647 33 21 du
2724 3647 62 25 systè-

2264 3678 38 15 me
2317 3672 128 25 judiciaire.

2289 3699 32 19 Le
2335 3703 103 19 message
2453 3698 36 20 est
2503 3697 155 25 accompagné
2673 3698 55 21 d'un
2742 3703 43 20 pro-

2264 3723 35 24 jet
2310 3724 29 20 de
2350 3724 32 20 loi
2393 3724 58 20 dont
2463 3724 33 20 les
2506 3724 137 24 principaux
2655 3723 78 25 points
2744 3724 54 20 sont

2265 3749 32 20 les
2309 3749 106 21 suivants
2430 3753 6 16 :

2292 3775 18 20 1.
2323 3785 28 4 —
2362 3774 114 21 Accorder
2489 3779 31 16 au
2532 3773 124 26 président,
2669 3774 22 21 le
2703 3774 96 25 pouvoir

2265 3800 28 20 de
2302 3804 106 16 nommer
2419 3804 32 16 un
2461 3800 55 24 juge
2526 3799 124 26 suppléant
2659 3800 60 20 dans
2728 3800 58 20 n'im-

2264 3826 66 24 porte
2351 3826 52 24 quel
2425 3825 102 21 tribunal
2549 3825 94 24 fédéral,
2665 3826 89 24 lorsque
2775 3826 23 20 le

2266 3851 103 20 titulaire
2389 3851 39 20 n'a
2448 3856 44 25 pas
2511 3850 154 22 démissionné
2686 3851 60 21 dans
2765 3851 35 20 les

2265 3876 35 21 six
2322 3876 59 21 mois
2403 3876 68 25 après
2493 3876 65 21 avoir
2580 3877 87 21 atteint
2687 3876 59 25 l'âge
2768 3877 30 20 de

2264 3903 26 20 70
2306 3907 49 17 ans.

2289 3927 22 21 2.
2325 3938 29 5 —
2368 3927 114 21 Accorder
2499 3926 15 22 à
2529 3927 24 21 la
2569 3928 62 20 Cour
2647 3926 112 26 suprême,
2775 3927 23 20 le

2264 3953 95 24 pouvoir
2375 3953 29 20 de
2422 3958 104 15 nommer
2543 3958 33 15 un
2593 3953 112 21 assistant
2721 3953 64 20 admi-

2263 3978 106 21 nistratif
2382 3983 59 20 pour
2453 3978 118 21 surveiller
2584 3979 21 20 le
2618 3978 129 21 calendrier
2758 3978 27 24 ju-

2265 4004 93 20 diciaire
2375 4004 40 20 des
2432 4004 124 20 tribunaux
2572 4003 112 21 fédéraux
2700 4004 28 20 de
2745 4008 40 20 pre-

2265 4029 71 20 mière
2349 4029 112 23 instance,
2476 4030 24 19 et
2514 4030 125 24 permettre
2654 4034 32 16 au
2700 4029 54 20 chef
2769 4029 29 20 de

2266 4055 23 20 la
2308 4055 62 20 Cour
2389 4054 106 25 suprême
2521 4055 121 24 d'envoyer
2667 4055 42 20 des
2733 4054 66 25 juges

2266 4084 58 20 pour
2339 4080 65 20 aider
2419 4085 38 15 ces
2472 4079 131 25 tribunaux,
2619 4080 112 24 lorsqu'ils
2745 4080 54 21 sont

2265 4105 110 21 débordés
2388 4110 43 19 par
2444 4105 34 20 les
2492 4105 96 21 affaires
2602 4110 29 16 en
2645 4110 73 16 cours.

2290 4131 20 20 3.
2322 4141 28 5 —
2360 4131 96 20 Aucune
2468 4130 101 21 décision
2580 4130 121 24 judiciaire
2713 4135 31 16 ne
2756 4130 29 21 de-

2264 4161 42 15 vra
2321 4155 49 21 être
2384 4156 67 24 prise,
2466 4160 43 20 par
2523 4161 77 15 aucun
2615 4156 102 20 tribunal
2732 4155 53 21 fédé-

2264 4181 42 24 ral,
2317 4186 56 16 sans
2383 4181 64 21 avoir
2457 4181 73 21 averti
2541 4186 30 16 au
2581 4181 116 24 préalable
2707 4181 91 21 l'attor-

2265 4211 44 20 ney
2323 4206 93 24 général
2430 4207 40 20 des
2483 4207 143 23 Etats-Unis,
2640 4207 25 20 et
2677 4206 76 21 donné
2767 4211 31 17 au

2266 4233 179 23 gouvernement
2458 4231 88 21 fédéral
2560 4232 21 21 le
2595 4233 75 24 temps
2683 4231 103 22 nécessai-

2266 4262 25 16 re
2308 4262 59 20 pour
2384 4258 60 20 faire
2468 4257 120 21 connaître
2612 4262 43 16 son
2678 4257 68 25 point
2769 4258 30 20 de

2266 4288 50 16 vue.

2291 4309 21 20 4.
2330 4319 29 5 —
2377 4309 127 24 Lorsqu'un
2523 4308 104 21 tribunal
2646 4313 59 16 aura
2724 4308 74 21 rendu

2266 4339 46 15 une
2326 4333 101 22 décision
2440 4339 40 15 sur
2492 4339 46 16 une
2552 4334 105 24 question
2670 4334 30 20 de
2712 4334 87 20 consti-

2267 4359 154 24 tutionnalité,
2434 4364 33 16 un
2480 4359 67 25 appel
2559 4360 73 20 direct
2644 4360 25 20 et
2679 4359 120 20 immédiat

2266 4385 86 20 devant
2361 4385 25 20 la
2396 4385 62 20 Cour
2468 4384 106 25 suprême
2584 4385 71 20 devra
2665 4384 49 22 être
2724 4384 62 25 possi-

2266 4410 43 24 ble,
2327 4411 25 20 et
2369 4415 46 16 une
2433 4410 55 21 telle
2505 4410 106 25 question
2629 4415 58 16 aura
2704 4409 95 25 priorité

2266 4440 40 16 sur
2319 4435 77 21 toutes
2409 4436 35 20 les
2458 4436 78 20 autres
2550 4440 30 16 en
2593 4436 106 21 instance
2712 4435 86 21 devant

2265 4461 24 20 la
2303 4461 63 21 Cour
2379 4460 113 25 suprême.

2291 4487 32 20 Le
2340 4486 84 25 projet,
2441 4486 36 21 s'il
2500 4486 59 21 était
2582 4486 60 24 voté,
2666 4485 133 22 affecterait

2266 4511 113 25 plusieurs
2396 4512 113 20 membres
2525 4512 29 21 de
2569 4512 25 21 la
2609 4512 63 20 Cour
2687 4510 112 25 suprême,

2267 4541 29 16 en
2311 4537 139 25 particulier,
2463 4542 43 16 son
2520 4538 61 24 chef,
2595 4537 22 21 le
2630 4537 54 24 juge
2698 4536 101 24 Hughes.

2265 4573 29 5 —
2304 4562 94 22 Reuter.

2305 4621 59 29 LES
2388 4621 154 29 CONFLITS
2569 4621 39 29 DU
2633 4620 132 29 TEXTILE

2292 4690 111 24 Verviers,
2420 4690 13 20 5
2450 4689 91 21 février.
2557 4700 28 5 —
2600 4688 88 25 Depuis
2703 4688 97 25 quelque

2267 4716 76 25 temps
2358 4715 61 25 déjà,
2435 4715 41 21 des
2491 4714 146 26 pourparlers
2651 4714 55 21 sont
2721 4714 66 21 entre-

2267 4741 48 25 pris
2332 4746 43 20 par
2393 4741 34 20 les
2443 4740 95 21 milieux
2555 4740 127 24 dirigeants
2698 4739 103 21 ouvriers

2267 4767 32 20 du
2311 4766 79 21 textile
2402 4765 127 25 verviétois,
2540 4765 78 21 visant
2630 4764 15 21 à
2656 4764 25 21 la
2692 4769 97 20 suppres-

2267 4792 51 21 sion
2332 4792 33 21 du
2378 4791 83 22 travail
2474 4791 29 21 de
2516 4791 53 20 nuit
2582 4790 32 21 du
2626 4790 95 21 samedi.

2293 4817 40 24 Or,
2348 4817 23 21 le
2386 4816 63 22 bruit
2464 4821 15 16 a
2493 4815 90 25 circulé,
2599 4815 16 21 à
2630 4815 110 24 Verviers,
2756 4820 44 21 que

2267 4843 34 20 les
2326 4842 104 21 ouvriers
2454 4841 103 22 seraient
2582 4840 98 24 décidés,
2706 4840 42 21 dès
2774 4846 27 16 ce

2268 4868 94 24 samedi,
2381 4867 15 21 k
2413 4872 31 16 ne
2462 4872 43 20 pas
2522 4871 26 17 se
2564 4865 120 26 présenter
2701 4870 60 21 pour
2778 4867 22 21 le

2268 4893 84 22 travail
2365 4893 30 21 de
2408 4893 60 21 nuit.

2293 4919 34 20 La
2341 4918 108 21 Centrale
2463 4916 117 26 syndicale
2593 4916 29 21 de
2635 4916 112 25 Verviers,
2760 4917 41 25 qui

2268 4948 86 20 groupe
2368 4948 47 16 une
2429 4948 78 20 grosse
2520 4942 76 25 partie
2611 4942 41 21 des
2667 4942 87 21 affiliés
2768 4943 33 21 du

2268 4969 80 21 textile
2361 4969 29 20 de
2402 4968 112 24 Verviers,
2527 4973 16 15 a
2555 4967 46 21 fait
2614 4967 89 25 publier
2715 4972 72 21 cepen-

2268 4995 59 20 dant
2346 4994 41 21 des
2406 4994 136 20 manifestes
2561 4992 60 21 dans
2640 4992 98 25 lesquels
2756 4993 44 21 elle

2268 5019 91 21 déclare
2371 5024 44 20 que
2428 5019 22 21 le
2463 5018 84 21 travail
2560 5018 29 20 de
2601 5018 54 21 nuit
2667 5018 33 21 du
2712 5019 89 21 samedi

2267 5044 111 22 continue
2391 5043 90 26 Jusqu'à
2493 5043 84 21 nouvel
2590 5043 68 21 ordre
2672 5043 24 21 et
2709 5048 44 21 que
2767 5044 34 21 les

2268 5070 102 21 ouvriers
2383 5069 94 21 doivent
2486 5068 125 22 -s'abstenir
2624 5068 29 21 de
2667 5073 68 21 poser
2748 5070 53 21 tout

2268 5096 52 20 acte
2331 5094 124 22 irréfléchi.

2293 5121 22 20 A
2327 5120 25 21 la
2363 5119 139 22 Fédération
2515 5119 32 21 du
2559 5118 89 26 peigné,
2661 5120 39 24 qui
2715 5124 85 20 groupe

2268 5150 97 20 presque
2380 5146 52 20 tout
2447 5145 22 20 le
2484 5145 91 21 restant
2589 5144 42 21 des
2646 5144 94 25 affiliés,
2755 5145 45 21 soit

2268 5171 114 24 plusieurs
2404 5170 96 21 milliers
2524 5170 28 20 de
2576 5169 120 26 membres,
2719 5175 32 17 on
2775 5175 26 17 se

2268 5196 91 21 montre
2373 5195 53 25 plus
2439 5195 148 25 circonspect.

2294 5222 38 20 On
2352 5221 90 21 déclare
2461 5221 53 20 tout
2532 5220 94 21 d'abord
2646 5225 44 20 que
2710 5221 22 21 le
2750 5221 50 21 mot

2269 5246 67 25 grève
2351 5251 32 16 ne
2399 5246 57 25 peut
2472 5245 49 22 être
2537 5245 31 21 ici
2585 5245 112 25 employé;
2716 5251 47 20 car,
2780 5247 21 20 si

2268 5272 75 21 même
2363 5272 34 21 les
2417 5272 102 20 ouvriers
2538 5276 26 16 se
2584 5271 130 21 décidaient
2734 5272 16 21 à
2770 5277 30 16 ne

2268 5302 44 20 pas
2324 5302 25 16 se
2362 5296 119 26 présenter
2494 5301 32 17 au
2539 5296 83 21 travail
2635 5301 60 20 pour
2708 5297 21 21 le
2742 5297 46 21 deu-

2268 5322 75 21 xième
2358 5323 53 21 tour
2426 5322 32 21 du
2473 5321 94 24 samedi,
2582 5321 29 21 ils
2625 5322 176 25 reprendraient

2269 5347 87 25 malgré
2378 5348 53 20 tout
2451 5347 114 24 l'ouvrage
2587 5347 22 21 le
2631 5347 66 21 lundi
2719 5348 82 24 matin,

2269 5378 89 15 comme
2369 5372 140 21 d'habitude.

2294 5399 34 19 La
2341 5397 137 22 Fédération
2491 5398 60 20 n'est
2563 5402 43 20 pas
2619 5397 67 25 fixée,
2698 5398 75 25 quant
2786 5398 15 21 à

2268 5423 25 21 la
2308 5423 100 21 décision
2423 5428 44 20 que
2482 5422 24 21 la
2521 5422 107 25 majorité
2644 5423 41 21 des
2698 5423 103 21 ouvriers

2270 5448 120 25 adoptera;
2413 5448 60 21 mais
2493 5448 43 20 elle
2557 5448 79 24 ajoute
2657 5453 50 20 que,
2727 5449 74 24 quelle

2269 5478 44 20 que
2324 5473 45 21 soit
2380 5474 24 20 la
2414 5473 100 25 position
2525 5473 68 24 prise,
2604 5473 43 21 elle
2658 5478 26 17 se
2693 5474 108 21 trouvera

2270 5499 14 20 à
2298 5498 51 21 leur
2362 5498 50 21 côté
2426 5503 60 20 pour
2498 5498 35 21 les
2545 5499 110 22 soutenir.

2295 5524 34 21 La
2351 5523 106 26 question
2480 5523 32 22 du
2535 5523 84 23 travail
2642 5525 29 20 de
2693 5524 54 22 nuit
2769 5524 33 22 du

2270 5549 87 21 samedi
2370 5549 108 21 va-t-elle
2491 5548 60 22 faire
2563 5549 76 25 surgir
2650 5554 33 17 un
2695 5554 107 18 nouveau

2270 5574 83 21 conflit
2365 5574 60 22 dans
2436 5574 22 22 le
2471 5574 79 22 textile
2563 5575 30 21 de
2604 5575 118 22 Verviers?

2818 257 169 66 DES
3009 256 342 67 EPAVES

2840 347 133 49 MYS
2974 339 191 60 TÉRIE
3169 346 155 54 USES

2852 448 80 32 D'OU
2942 448 159 32 VIENNENT
3110 450 56 31 CES
3178 448 134 39 QUATRE

2813 494 104 32 CORPS
2936 487 134 41 REJETÉS
3097 495 67 33 PAR
3189 496 43 32 LA
3251 495 71 33 MER
3334 494 16 32 ?

2813 566 171 38 POURQUOI
3002 566 74 32 L'UN
3100 567 59 32 DES
3178 567 171 32 CADAVRES

2870 612 102 33 A-T-IL
2991 612 54 33 LES
3064 612 102 33 MAINS
3185 613 106 33 LIEES?

2910 677 44 24 (De
2969 677 68 21 notre
3052 677 196 25 correspondant.)

2839 708 73 24 Paris,
2925 709 13 20 5
2952 708 90 22 février.
3054 718 28 5 —
3099 708 55 21 (Par
3166 708 142 27 téléphone),
3321 719 27 6 —

2813 734 21 21 U
2848 738 15 20 y
2877 738 15 17 a
2905 734 61 21 deux
2978 734 66 24 jours
3057 733 41 22 des
3110 733 113 26 pécheurs
3236 735 113 21 revenant

2814 759 32 22 du
2859 759 64 25 large
2936 759 160 22 découvrirent
3109 764 40 16 sur
3161 759 41 21 des
3214 760 93 21 rochers
3320 760 29 21 de

2814 785 25 21 la
2855 784 52 22 côte
2926 784 134 22 vendéenne
3078 783 42 22 les'
3129 789 67 22 corps
3213 785 95 21 mutilés
3325 786 25 21 et

2813 810 83 26 ligotés
2909 810 29 22 de
2951 810 61 22 deux
3024 810 122 24 Inconnus,
3158 810 49 22 l'un
3220 810 15 22 fc
3248 811 23 20 la
3285 810 64 22 Gué-

2813 836 85 22 rinlère
2915 835 16 22 fc
2948 836 172 23 Noirmoutiers,
3137 835 82 22 l'autre
3236 835 15 22 fc
3269 836 79 21 Saint-

2813 861 213 22 Jean-des-Monts.

2839 888 67 20 Deux
2924 887 79 21 autres
3021 886 111 22 cadavres
3149 886 112 22 viennent
3278 886 72 23 d'être

2813 912 86 25 rejetés
2916 917 44 21 par
2977 913 25 21 la
3020 917 50 17 mer
3087 916 50 18 non
3154 912 49 22 loin
3221 912 30 22 de
3269 913 79 20 Saint-

2814 938 257 22 Gilles-Crolx-de-Vie.

2840 965 62 21 C'est
2918 969 31 17 au
2966 973 10 10 .
2985 964 62 21 Petit
3063 964 91 21 Rocher
3162 972 9 10 »
3189 968 41 16 sur
3245 962 25 22 la
3285 967 52 17 com-

2814 995 70 16 mune
2895 990 30 21 de
2935 989 270 25 Brétlgnolles-sur-Mer
3216 989 70 24 qu'un
3296 993 42 21 pre-

2814 1016 59 21 mier
2884 1020 68 20 corps
2964 1015 39 21 fut
3015 1014 95 26 signalé.
3123 1014 21 22 U
3157 1014 114 25 s'agissait
3284 1014 29 22 de
3326 1014 25 22 la

2814 1041 114 26 dépouille
2945 1041 56 22 d'un
3025 1041 94 21 homme
3143 1040 30 22 de
3189 1040 27 21 40
3229 1039 15 22 fc
3257 1040 26 20 45
3301 1044 50 20 ans,

2814 1068 69 20 d'une
2900 1067 65 21 taille
2983 1067 29 20 de
3030 1067 11 20 1
3049 1071 30 17 m.
3085 1067 27 21 «5
3130 1066 103 23 environ,
3250 1065 88 22 entière-

2814 1094 65 20 ment
2891 1098 33 16 nu
2935 1093 25 21 et
2970 1093 60 21 dont
3041 1092 137 21 l'annulaire
3189 1091 63 21 droit
3263 1091 89 26 portait

2814 1123 47 16 une
2871 1119 100 21 alliance
2981 1119 55 22 d'or,
3048 1118 80 21 tandis
3139 1117 52 25 qu'à
3203 1121 42 17 son
3257 1117 94 25 poignet

2814 1145 89 23 gauche
2916 1144 135 21 s'attachait
3065 1148 46 16 une
3124 1144 92 20 montre
3230 1142 29 22 de
3272 1142 79 22 métal.

2840 1170 96 20 D'autre
2958 1170 60 24 part,
3040 1170 22 21 le
3084 1169 99 22 cadavre
3205 1169 67 24 porte
3294 1168 57 21 trois

2814 1195 69 21 dents
2899 1195 109 21 aurifiées
3023 1194 15 22 fc
3054 1195 24 21 la
3093 1195 118 20 mâchoire
3225 1193 126 22 inférieure

2816 1221 24 21 et
2854 1220 61 22 deux
2929 1220 15 22 fc
2958 1221 24 21 la
2997 1220 118 23 mâchoire
3130 1219 138 26 supérieure.

2841 1246 91 21 L'autre
2948 1251 68 20 corps
3031 1246 39 25 qui
3086 1246 39 21 fut
3139 1245 74 25 rejeté
3230 1245 59 22 dans
3304 1249 47 18 une

2816 1275 56 17 anse
2889 1272 28 20 de
2933 1271 24 22 la
2973 1272 66 24 plage
3056 1272 29 21 de
3102 1271 249 21 Salnt-Gilles-Croix-

2816 1296 88 24 de-Vie,
2921 1296 58 22 était
2995 1302 30 16 en
3041 1297 181 25 décomposition
3239 1297 24 22 et
3278 1296 18 22 il
3311 1297 39 21 n'a

2816 1325 43 20 pas
2872 1321 37 21 été
2922 1322 99 25 possible
3035 1323 28 21 de
3077 1322 100 26 préciser
3190 1322 58 26 l'âge
3262 1322 33 22 du
3308 1321 29 23 dé-

2816 1347 61 20 funt.

2842 1372 75 21 D'une
2928 1372 65 22 taille
3005 1373 28 21 de
3046 1373 12 21 1
3070 1378 31 16 m.
3113 1374 26 20 70
3152 1373 102 24 environ,
3266 1373 72 21 l'hom-

2816 1401 38 17 me
2873 1397 55 22 vêtu
2946 1398 68 21 d'une
3032 1403 96 17 vareuse
3145 1399 157 22 bleu-marine
3320 1403 30 17 ne

2816 1422 88 25 portait
2930 1428 43 20 pas
3000 1424 29 21 de
3056 1424 119 26 pantalon.
3203 1425 43 21 Ses
3272 1424 77 22 mains

2816 1447 89 22 étalent
2927 1449 119 21 attachées
3067 1449 99 22 derrière
3187 1449 22 23 le
3232 1450 41 21 dos
3294 1455 56 16 avec

2816 1476 46 18 une
2878 1474 130 24 cordelette,
3023 1474 39 26 qui
3077 1475 80 22 faisait
3172 1480 30 17 en
3216 1476 67 21 outre
3297 1475 52 23 tout

2817 1498 22 21 le
2852 1499 54 21 tour
2919 1499 32 21 du
2964 1504 72 20 corps.

2843 1525 44 20 Ces
2907 1523 124 26 dépouilles
3052 1525 120 25 apportées
3192 1531 44 20 par
3254 1526 35 22 les
3307 1531 30 17 va-

2817 1554 55 19 gues
2889 1554 41 17 sur
2946 1550 24 21 la
2986 1550 51 21 côte
3054 1551 139 24 vendéenne,
3211 1552 54 21 sont
3281 1556 69 16 cause

2816 1575 69 21 d'une
2899 1575 102 21 émotion
3015 1575 39 25 qui
3068 1581 29 16 va
3111 1576 113 22 croissant
3236 1577 77 25 parmi
3326 1577 24 22 la

2816 1601 144 24 population.

2841 1626 35 20 La
2901 1626 123 25 proximité
3050 1626 29 22 de
3105 1626 100 22 bateaux
3231 1627 119 25 étrangers

2817 1651 73 25 ayant
2906 1651 72 22 croisé
2995 1652 170 22 dernièrement
3181 1653 60 21 dans
3257 1653 34 21 les
3305 1657 32 22 pa-

2816 1681 67 20 rages
2898 1681 31 17 ne
2944 1678 57 24 peut
3016 1682 43 20 pas
3074 1677 49 22 être
3139 1682 33 17 un
3188 1678 76 21 indice
3280 1678 57 22 suffi-

2817 1702 61 23 sant,
2895 1707 41 17 car
2952 1707 31 18 on
3000 1703 46 22 sait
3062 1708 45 21 que
3124 1704 41 21 des
3181 1704 110 22 cadavres
3307 1708 30 17 en-

2818 1727 88 22 traîné»
2937 1732 44 21 par
3011 1728 34 22 les
3075 1728 110 22 courants
3215 1728 136 26 océaniques

2817 1753 130 23 effectuent
2959 1754 98 21 souvent
3069 1754 41 21 des
3123 1754 83 25 trajets
3219 1753 48 23 très
3279 1754 72 25 longs.

2886 1820 38 28 LE
2948 1814 169 35 SÉNATEUR
3147 1819 137 30 G0DDINQ

2945 1867 19 28 A
2991 1860 235 36 LÉ0P0LDVILLE

2842 1923 159 24 Léopoldviile,
3017 1925 13 20 5
3046 1923 91 21 février.
3153 1934 27 6 —
3195 1923 32 22 Le
3243 1923 109 22 sénateur

2815 1948 115 25 Godding,
2948 1948 111 22 d'Anvers
3076 1948 39 26 qui
3133 1948 77 22 s'était
3228 1948 123 26 embarqué

2816 1973 15 20 à
2847 1973 57 22 bord
2919 1974 32 21 du
2965 1973 116 26 paquebot
3098 1982 9 11 «
3124 1973 152 25 Léopoldviile
3294 1982 9 11 »
3321 1978 31 18 en

2816 1998 143 21 destination
2975 1998 33 22 du
3023 1999 86 25 Congo,
3126 1999 36 21 est
3178 1998 74 22 arrivé
3269 1999 51 22 hier
3336 1999 16 23 fc

2816 2023 159 25 Léopoldviile.

2840 2048 32 21 Le
2887 2049 109 21 sénateur
3010 2049 108 25 Godding
3132 2049 91 25 compte
3238 2049 114 21 effectuer

2816 2077 33 17 un
2863 2078 86 20 voyage
2963 2074 16 20 à
2993 2074 89 21 travers
3095 2074 24 21 la
3133 2074 95 22 colonie.
3241 2085 29 6 —
3282 2075 57 21 Inco-

2816 2103 84 21 presse.

2919 2158 38 28 LE
2981 2159 116 27 BANDIT
3118 2159 136 28 SPILERS

2896 2198 59 28 EST
2967 2192 177 34 CONDAMNÉ
3156 2200 17 26 A
3187 2198 91 29 MORT

2914 2263 45 23 (De
2973 2263 68 20 notre
3057 2262 196 26 correspondant.)

2842 2294 72 24 Paris,
2928 2295 12 20 5
2954 2294 90 21 février.
3056 2304 29 6 —
3101 2294 56 22 (Par
3170 2293 142 26 téléphone).
3325 2303 26 7 —

2816 2319 114 21 Mercredi
2950 2319 64 21 avait
3032 2319 74 25 repris
3126 2319 15 20 à
3160 2320 50 20 Pau
3230 2319 22 21 le
3272 2318 80 26 procès

2817 2344 32 20 du
2867 2344 83 21 bandit
2968 2344 93 25 Spilers.
3079 2345 21 20 Il
3118 2344 57 22 s'est
3190 2343 86 22 achevé
3294 2349 46 16 ven-

2816 2369 66 21 dredi
2900 2374 43 20 par
2960 2374 47 16 une
3025 2369 182 22 condamnation
3225 2369 15 21 à
3257 2369 69 21 mort.

2843 2395 38 20 On
2902 2400 26 15 se
2950 2394 106 21 souvient
3078 2395 41 20 des
3140 2394 95 22 séances
3257 2399 82 17 mouve-

2816 2420 104 20 mentées
2939 2419 40 25 qui
2999 2420 141 20 illustrèrent
3160 2420 24 20 la
3203 2419 88 21 session
3311 2419 41 21 des

2817 2445 83 21 assises
2913 2449 31 16 en
2958 2445 125 20 novembre
3097 2444 92 22 dernier
3207 2449 6 16 :
3229 2449 31 16 en
3275 2444 77 25 pleine

2817 2470 113 21 audience
2945 2470 22 21 le
2982 2469 119 26 président
3117 2470 32 21 du
3164 2469 54 26 jury
3234 2470 64 21 avait
3314 2469 37 22 été

2816 2495 91 20 déclaré
2922 2500 87 19 pourvu
3024 2495 56 22 d'un
3093 2495 86 21 conseil
3193 2495 121 24 judiciaire
3328 2495 24 21 et

2816 2520 122 24 incapable
2952 2524 44 21 par
3010 2520 140 25 conséquent
3165 2520 28 20 de
3208 2519 73 25 siéger
3295 2524 45 20 par-

2817 2545 33 20 mi
2866 2545 34 20 les
2915 2545 69 24 jurés.
3002 2546 39 20 On
3056 2550 30 17 en
3101 2545 60 21 était
3177 2544 54 26 déjà
3247 2549 31 17 au
3293 2545 46 21 deu-

2816 2570 75 21 xième
2906 2570 54 24 Jour
2975 2570 31 21 du
3022 2570 86 24 procès.
3124 2570 87 25 Spilers
3227 2570 41 21 dut
3284 2569 16 22 fc
3314 2569 38 24 cet

2815 2595 144 24 événement,
2974 2595 86 25 unique
3075 2595 62 21 dans
3150 2595 34 21 les
3200 2595 98 21 annales
3312 2594 27 25 Ju-

2816 2620 107 21 diciaires
2936 2620 159 25 provinciales,
3112 2620 28 21 de
3157 2624 121 17 conserver
3293 2624 46 21 pen-

2816 2645 60 21 dant
2891 2645 97 25 quelque
3002 2646 78 24 temps
3095 2650 34 16 un
3144 2650 46 20 peu
3206 2645 103 25 d'espoir.

2842 2671 47 22 Des
2901 2670 171 24 cambriolages,
3085 2674 47 17 une
3144 2670 122 24 quinzaine
3279 2671 15 21 à
3306 2674 46 21 peu

2816 2696 59 24 près,
2896 2696 97 20 commis
3013 2696 46 20 soit
3079 2695 16 22 fc
3115 2695 135 25 Périgueux,
3269 2696 47 20 soit
3336 2695 16 22 k

2816 2721 114 20 Toulouse
2946 2725 31 16 ou
2994 2720 14 22 à
3024 2721 88 20 Tarbes
3128 2721 22 20 le
3167 2720 106 21 tenaient
3289 2719 62 22 serré

2816 2746 60 20 dans
2892 2750 34 16 un
2942 2746 82 21 réseau
3040 2745 160 25 inextricable;
3220 2746 25 21 et
3261 2746 53 24 puis
3330 2744 22 22 le

2816 2771 71 22 crime
2902 2771 30 21 de
2947 2771 249 23 Saint-Jean-de-Luz,
3212 2770 22 22 le
3250 2770 102 22 meurtre

2817 2796 28 21 de
2870 2796 86 24 l'agent
2979 2796 109 23 Fautouf,
3113 2796 39 24 qui
3177 2795 64 21 avait
3264 2796 88 24 surpris

2817 2821 87 24 Spilers
2919 2825 30 17 en
2963 2821 64 21 train
3042 2820 30 21 de
3085 2821 137 21 cambrioler
3235 2820 26 21 la
3274 2820 65 24 bijou-

2817 2846 57 20 terie
2891 2847 123 22 Cousseau,
3030 2845 60 22 était
3106 2850 48 17 une
3170 2846 182 21 condamnation

2817 2871 109 20 certaine.
2946 2871 36 20 De
3000 2871 63 20 sorte
3082 2870 107 25 qu'après
3207 2870 62 21 deux
3288 2870 65 25 jours

2817 2896 134 20 d'audience
2971 2896 24 21 et
3015 2896 69 24 après
3102 2896 24 21 la
3145 2896 146 24 dramatique
3311 2895 29 21 dé-

2817 2920 115 21 claration
2950 2920 29 21 de
2997 2920 87 25 l'agent
3100 2920 80 25 Lajus,
3199 2920 76 21 criant
3293 2920 60 21 dans

2817 2942 22 24 le
2850 2945 100 24 prétoire
2965 2950 6 16 :
2987 2954 9 9 «
3006 2946 61 20 C'est
3079 2945 39 25 lui,
3130 2945 25 25 je
3166 2945 22 22 le
3199 2945 123 21 reconnais
3332 2946 5 20 !
3342 2954 9 10 »

2817 2970 22 21 le
2860 2971 50 20 sort
2933 2971 28 20 de
2983 2970 87 25 Spilers
3092 2975 31 17 ne
3145 2969 81 22 faisait
3248 2970 54 25 plus
3323 2969 30 22 de

2817 2996 71 20 doute
2905 3000 59 20 pour
2979 3000 121 20 personne.

2842 3021 118 20 L'homme
2980 3020 39 25 qui
3038 3020 78 23 s'était
3133 3020 73 21 évadé
3224 3020 58 21 trois
3301 3020 51 24 fois,

2817 3045 39 24 qui
2872 3046 78 20 s'était
2966 3046 67 20 enfui
3051 3046 192 21 successivement
3259 3046 33 20 du
3309 3046 30 21 ba-

2817 3075 51 19 gne,
2890 3070 29 20 de
2940 3070 24 21 la
2986 3070 73 21 Santé
3080 3071 25 21 et
3126 3070 30 22 de
3177 3070 24 21 la
3221 3070 81 25 prison
3323 3070 30 21 de

2817 3096 118 23 Bayonne,
2951 3096 39 20 n'a
3006 3100 33 20 pu
3056 3096 134 21 renouveler
3206 3100 43 16 son
3267 3095 86 25 exploit

2817 3121 60 20 dans
2887 3121 24 20 la
2922 3120 79 25 prison
3013 3121 28 20 de
3052 3122 49 20 Pau
3113 3121 30 21 où
3153 3120 18 21 11
3182 3120 81 21 faisait
3274 3120 79 25 l'objet

2817 3146 69 20 d'une
2903 3146 151 20 surveillance
3071 3146 49 20 très
3136 3145 134 26 parculière.

2842 3171 32 20 Le
2897 3171 54 24 jury
2973 3171 73 23 ayant
3068 3171 104 24 répondu
3196 3171 143 20 affirmative-

2817 3196 65 20 ment
2895 3196 17 20 k
2924 3196 79 20 toutes
3015 3196 35 20 les
3064 3195 124 25 questions,
3202 3200 56 18 sans
3273 3200 67 17 accor-

2817 3221 41 20 der
2870 3221 30 21 de
2914 3221 170 21 circonstances
3097 3220 156 26 atténuantes,
3266 3221 87 25 Spilers

2818 3250 16 16 a
2846 3246 39 20 été
2899 3246 130 21 condamné
3042 3246 16 21 à
3070 3246 69 21 mort.

2953 3305 265 45 PREMIÈRE

2853 3363 134 39 REPR
2990 3356 199 46 ÉSENTA
3188 3363 127 39 TION

2819 3434 194 21 VAUDEVILLE.
3023 3445 28 4 —
3061 3434 34 20 La
3105 3434 76 21 Petite
3192 3435 95 23 Guerre,
3297 3434 44 25 opé-

2845 3459 154 21 rette-bouffe
3010 3460 28 21 de
3049 3460 119 23 Wicheler,
3179 3460 104 25 musique
3293 3465 49 16 nou-

2846 3485 57 21 velle
2916 3485 30 21 de
2959 3485 120 21 Waltham
3092 3486 25 20 et
3129 3486 69 25 Wllly
3210 3486 92 24 Maury.

2845 3543 92 24 Libeau,
2950 3543 60 21 dans
3021 3543 24 21 la
3058 3552 10 10 «
3081 3543 76 21 Petite
3169 3543 90 21 Guerre
3271 3552 19 12 >.
3302 3542 38 22 C'é-

2820 3569 45 20 tait
2881 3569 61 21 deux
2958 3574 31 16 ou
3005 3569 57 21 trois
3078 3573 43 16 ans
3137 3569 72 21 avant
3224 3569 90 23 l'autre,
3329 3568 25 21 la

2820 3595 105 24 sérieuse,
2945 3594 24 21 la
2988 3594 94 24 grande.
3101 3595 44 20 Lui
3164 3595 24 20 et
3207 3599 67 19 nous,
3292 3594 62 22 cette

2819 3620 87 24 reprise
2919 3624 59 17 nous
2991 3620 109 24 rajeunit.
3114 3620 26 20 Si
3153 3620 47 20 l'on
3213 3621 61 19 veut.

2845 3646 34 20 La
2892 3645 64 25 pièce
2970 3646 36 20 est
3018 3650 47 16 une
3078 3650 77 19 grosse
3169 3646 110 24 pochade.
3292 3645 62 21 Pour

2820 3671 72 20 éviter
2914 3670 71 21 d'être
3006 3675 114 17 reconnus
3140 3676 45 20 par
3206 3676 47 15 une
3276 3680 9 9 «
3309 3675 32 17 an-

2820 3696 81 21 cienne
2918 3706 18 14 »,
2952 3697 53 20 tous
3019 3696 35 21 les
3069 3695 82 26 gradés
3166 3701 31 16 en
3212 3701 142 20 manœuvre,

2820 3722 32 20 du
2868 3721 117 25 capitaine
3002 3727 31 15 au
3050 3722 105 21 ministre
3171 3722 31 21 de
3217 3722 25 21 la
3259 3723 95 23 Guerre,

2820 3747 54 21 font
2890 3747 191 21 successivement
3105 3748 108 20 endosser
3230 3752 31 17 au
3284 3747 70 21 brave

2819 3773 92 24 Libeau,
2926 3773 82 24 simple
3022 3773 155 24 ordonnance,
3191 3773 41 21 des
3246 3773 108 25 tuniques

2820 3799 29 20 de
2866 3799 53 24 plus
2937 3803 30 16 en
2983 3798 53 25 plus
3053 3798 131 25 galonnées.
3200 3799 83 23 Quelle
3299 3803 42 20 pro-

2820 3824 89 20 motion
2918 3824 6 20 !
2941 3824 32 21 Le
2987 3824 61 21 reste
3063 3824 36 21 est
3113 3829 46 16 une
3174 3824 77 21 habile
3267 3824 74 25 exploi-

2820 3850 75 20 tation
2908 3849 33 21 du
2952 3849 127 26 quiproquo
3091 3849 62 21 ainsi
3164 3849 77 23 établi.
3253 3850 88 20 L'excel-

2820 3875 51 21 lent
2890 3875 24 21 et
2933 3874 100 25 regretté
3053 3875 113 21 Wicheler
3186 3880 30 16 en
3235 3880 41 16 use
3296 3879 59 21 pour

2820 3901 59 20 faire
2893 3900 132 21 accumuler
3037 3905 44 20 par
3093 3905 44 16 son
3149 3900 69 22 héros
3230 3900 34 21 les
3277 3901 77 24 gaffes

2820 3926 33 20 les
2872 3926 53 25 plus
2943 3926 191 21 monumentales.
3152 3926 62 21 Mais
3232 3926 56 21 c'est
3306 3925 48 22 très

2819 3951 44 24 gai.
2874 3952 45 20 Les
2930 3951 60 21 deux
3000 3951 111 25 premiers
3123 3952 63 20 actes
3197 3951 92 22 surtout
3299 3952 55 20 sont

2820 3977 55 20 d'un
2894 3977 148 21 mouvement
3068 3976 47 22 très
3140 3977 110 24 heureux,
3275 3977 79 21 tandis

2820 4003 69 24 qu'au
2904 4011 10 10 .
2930 4002 58 21 trois
3003 4012 10 9 .
3029 4002 94 21 l'action
3137 4002 108 21 demeure
3259 4007 34 16 un
3307 4002 46 21 bon

2820 4029 76 23 temps
2909 4032 31 17 au
2954 4028 66 24 point
3032 4028 69 21 mort.

2845 4054 44 20 Les
2904 4053 115 24 échanges
3035 4053 156 24 d'uniformes,
3207 4052 82 22 traités
3304 4053 37 21 sui-

2820 4079 58 20 vant
2891 4083 34 16 un
2941 4079 110 21 amusant
3065 4078 123 21 crescendo
3202 4078 60 21 dans
3276 4078 23 21 le
3313 4078 41 25 jeu

2820 4105 24 20 et
2859 4103 140 25 compliqués
3013 4104 29 20 de
3057 4104 162 21 substitutions
3234 4104 29 20 de
3279 4104 61 24 godil-

2820 4130 45 20 lots
2885 4130 44 20 ont
2948 4129 78 22 induit
3047 4128 113 22 aisément
3181 4129 22 21 le
3224 4129 77 26 public
3323 4134 30 17 en

2819 4154 53 25 Joie.

2845 4180 86 21 Libeau
2946 4185 16 16 a
2976 4180 45 21 mis
3035 4184 47 17 une
3096 4180 103 21 certaine
3214 4180 139 25 coquetterie

2820 4205 15 21 à
2856 4205 115 25 emporter
2990 4210 32 16 un
3043 4210 53 20 gros
3115 4205 79 21 succès
3214 4206 59 21 dans
3293 4206 61 21 cette

2819 4231 103 21 création
2937 4231 29 21 de
2980 4230 113 25 jeunesse.
3107 4231 21 20 Tl
3143 4232 54 20 s'est
3211 4231 99 24 montré,
3324 4232 30 20 de

2820 4256 56 21 bout
2895 4261 30 16 en
2944 4256 63 24 bout,
3032 4256 69 21 d'une
3126 4261 84 16 saveur
3234 4257 120 25 profonde,

2820 4281 117 22 raffinant
2951 4286 41 16 sur
3005 4287 43 16 son
3062 4282 98 24 procédé
3174 4283 53 20 tout
3241 4287 29 16 en
3283 4282 58 21 nota-

2820 4308 68 23 tions,
2901 4312 30 16 en
2944 4307 85 25 petites
3042 4308 97 21 touches
3152 4308 121 25 comiques.

2845 4333 31 20 Et
2891 4337 26 17 sa
2932 4332 68 22 scène
3015 4333 32 21 du
3062 4332 79 22 thème
3157 4333 29 21 de
3201 4337 153 20 manœuvres,

2820 4358 82 25 exposé
2919 4363 40 16 sur
2974 4358 35 21 les
3024 4358 87 21 formes
3126 4359 30 20 de
3172 4363 27 17 sa
3213 4359 141 24 partenaire,

2820 4388 21 18 a.
2857 4388 90 16 comme
2964 4388 31 16 au
3010 4384 100 25 premier
3125 4384 61 25 Jour,
3201 4384 154 25 grandement

2819 4408 74 25 réjoui
2905 4409 25 21 la
2941 4409 64 21 salle.

2846 4435 20 20 A
2885 4439 37 16 ses
2940 4434 69 24 côtés,
3029 4435 93 21 Simone
3141 4435 94 24 Vaudry
3253 4435 60 21 dans
3331 4435 23 21 le

2820 4460 48 21 rôle
2888 4460 29 21 de
2937 4460 131 22 l'avenante
3088 4461 91 24 Estelle,
3200 4460 67 25 Gaby
3287 4461 67 20 Hau-

2820 4485 60 24 bien,
2892 4485 39 25 qui
2943 4491 82 20 campe
3038 4491 55 16 avec
3105 4486 50 21 brio
3167 4486 187 21 l'ex-demoiselle

2821 4511 14 20 à
2850 4511 121 21 militaires
2986 4516 70 17 cause
3070 4512 30 20 de
3115 4511 52 22 tout
3181 4511 23 22 le
3218 4511 55 24 mal,
3287 4511 68 24 Nelly

2820 4536 87 25 0*Rlss,
2931 4537 113 24 Marchai,
3069 4542 30 16 en
3124 4537 166 21 commandant
3314 4537 40 24 qui

2820 4566 92 20 repasse
2937 4562 156 24 ordonnance,
3116 4562 140 22 Lambrette.
3280 4562 74 24 Billy-

2821 4587 54 25 Pitt,
2890 4588 84 24 Camy,
2988 4588 102 21 d'autres
3104 4592 88 18 encore.
3206 4598 28 6 —
3246 4588 28 20 R.
3287 4587 26 21 L.

2832 4652 177 30 BOURSE
3031 4653 57 30 DE
3110 4651 235 31 NEW-YORK

2910 4723 88 20 Extrait
3010 4723 30 20 de
3053 4723 23 20 la
3089 4723 51 21 cote
3153 4723 108 19 officielle

2869 4748 159 22 communiqué
3041 4752 43 20 par
3098 4748 104 22 l'Agence
3216 4747 85 22 Reuter

3103 4805 112 20 New-York,
3230 4806 10 17 5
3254 4804 76 19 lévrier.

2841 4832 20 15 Cl
2864 4832 9 15 ii
2876 4832 47 15 turc
2941 4839 24 5 —
2981 4831 59 17 AHicd
3065 4831 102 18 Chemical,
3186 4831 40 19 333;
3252 4831 101 17 American

2819 4852 46 18 Can,
2880 4852 33 16 106
2927 4852 39 18 1/3;
2979 4851 101 17 American
3093 4851 100 19 Radlator,
3206 4851 23 17 37
3242 4851 40 20 7/8;
3297 4852 45 16 Ame-

2820 4873 52 15 rican
2887 4871 93 20 Smelting
2995 4871 39 17 and
3047 4871 97 20 Reflnlng,
3159 4872 21 16 93
3196 4871 39 19 1/4;
3251 4871 102 17 American

2819 4892 107 19 Téléphone
2939 4892 20 16 et
2971 4891 111 20 Telegraph,
3097 4891 31 16 183
3141 4891 40 19 7/8;
3195 4891 101 17 American
3309 4892 44 16 Wa-

2819 4911 98 19 terworks,
2936 4911 22 17 35
2976 4911 40 19 3/8;
3042 4911 105 17 Anaconda
3172 4911 80 20 Copper,
3271 4911 22 17 64
3310 4911 42 20 3/8;

2819 4931 105 17 Atchinaon
2936 4931 77 19 Topeka
3025 4930 13 17 i
3050 4931 63 16 Santa
3124 4930 32 20 Fé,
3168 4931 22 17 73
3204 4932 36 16 1/2.

2840 4952 104 15 Baltimore
2958 4951 39 16 ani
3010 4950 56 19 Ohlo,
3079 4951 22 16 33
3116 4951 39 19 1/8;
3169 4951 112 17 Bethlehem
3295 4951 57 19 Steel,

2819 4971 21 17 81
2858 4971 41 20 3/4;
2919 4970 63 17 Brazil
2984 4971 33 16 lan
3035 4971 92 16 Traction
3146 4971 57 19 Llght
3223 4971 39 17 and
3281 4971 72 19 Power,

2819 4991 21 17 23
2857 4991 41 19 3/4;
2917 4990 100 17 Canadlan
3035 4990 79 19 Pacific,
3133 4991 21 17 16
3172 4991 40 19 1/8;
3232 4991 120 19 Chesepeake

2820 5011 38 16 and
2876 5011 55 18 Ohlo,
2951 5010 29 18 66;
3000 5010 90 20 Chrysler
3108 5011 133 19 Corporation,
3261 5011 32 17 136
3312 5011 40 20 1/8;

2819 5031 54 19 Coty,
2887 5030 11 17 7
2912 5030 39 19 1/3;
2966 5030 31 17 Ou
3011 5031 50 16 Font
3074 5030 24 17 de
3111 5031 98 19 Nemoura,
3225 5031 37 17 172.

2840 5051 92 16 Eastman
2953 5050 74 19 Kodak,
3048 5050 32 17 173
3101 5051 39 18 1/4;
3161 5051 84 16 Général
3265 5051 86 19 Electric,

2818 5071 21 16 61
2852 5070 40 19 1/4;
2905 5070 84 17 Général
3001 5071 78 17 Motors,
3093 5070 22 17 67
3126 5070 41 19 3/4;
3181 5070 79 17 Hudson
3273 5072 78 18 Motors,

2821 5091 21 16 31
2858 5091 40 19 7/8;
2914 5090 65 20 Hydro
2995 5090 81 17 Electric
3091 5090 109 19 Sécurities,
3218 5091 27 20 11;
3262 5091 81 17 Interna-

2819 5110 62 16 tional
2904 5111 109 17 Harvcster,
3038 5110 40 19 104;
3103 5110 55 17 Inter
3181 5110 172 20 Telephone-Tele-

2819 5130 66 19 graph,
2901 5130 21 16 13
2935 5129 39 19 3/8.

2840 5150 109 17 Kennecott
2964 5150 80 19 Copper,
3061 5150 20 16 59
3097 5150 41 19 3/8;
3155 5149 57 18 Mack
3227 5150 78 18 Truclcs,
3322 5150 29 19 50;

2818 5169 92 17 National
2924 5170 42 16 Citv
2979 5169 62 19 Bank,
3056 5170 22 16 63
3093 5170 39 19 1/3;
3147 5170 106 17 New-York
3267 5169 85 20 Central,

2819 5190 21 16 42
2860 5190 40 19 3/4;
2921 5189 80 17 Norfolk
3021 5189 39 18 and
3080 5190 93 18 Western,
3193 5190 40 19 361;
3255 5190 97 17 Northern

2818 5209 79 19 Pacific,
2909 5209 22 16 38
2943 5209 40 19 3/8;
2995 5209 119 17 Paramount
3126 5210 72 17 Publlx,
3212 5210 22 16 36
3246 5210 39 18 5/8.

2840 5229 127 19 Fensylvania
2983 5229 97 19 Rai.road,
3098 5230 21 16 41
3137 5230 39 18 7/6;
3194 5229 66 18 Public
3276 5229 76 17 Service

2819 5249 21 17 of
2855 5249 127 20 New-Jersey,
2998 5249 22 17 50
3038 5249 39 19 1/2;
3095 5249 88 17 Pullman
3200 5250 103 19 Company,
3322 5249 29 19 70;

2819 5269 49 17 Pure
2886 5269 37 18 Oil,
2943 5269 29 18 23;
2992 5269 62 16 Radio
3073 5269 127 19 Corporation
3219 5270 21 16 of
3259 5269 92 19 America,

2820 5289 20 18 11
2855 5289 41 19 3/8;
2912 5289 92 19 Readlng,
3020 5289 23 16 43
3058 5289 40 19 3/4;
3114 5289 76 20 Sacony
3205 5289 84 17 Vacuum
3306 5290 37 16 Cor-

2820 5308 95 20 poration,
2935 5309 20 16 18
2975 5309 38 18 1/3;
3033 5308 61 20 Royal
3111 5309 64 17 Dutch
3194 5309 59 19 Shell,
3271 5309 22 17 39
3311 5309 40 19 1/8;

2841 5329 96 16 Southern
2955 5328 91 19 Rallway,
3065 5329 20 16 31
3105 5329 40 18 1/8;
3163 5329 63 17 Texas
3243 5329 48 16 Gulf
3309 5329 43 16 Sul-

2819 5349 56 19 phur,
2887 5349 22 16 40
2921 5348 39 20 1/3;
2973 5349 63 16 Union
3048 5348 31 17 OU
3091 5348 21 17 of
3124 5349 111 17 Californie,
3247 5349 29 19 27;
3288 5349 64 16 Union

2819 5368 79 19 Pacific,
2915 5369 32 16 131
2965 5368 40 19 1/4;
3022 5368 22 17 U.
3062 5368 19 17 S.
3098 5368 81 19 Rubber,
3196 5369 22 16 64
3235 5369 40 18 1/3;
3292 5369 23 16 U.
3331 5369 20 16 S.

2818 5388 52 17 Steel
2884 5387 131 21 Corporation.
3030 5388 24 17 96
3067 5388 39 19 1/2;
3121 5388 114 17 Woolworth
3248 5389 103 19 Company,

2820 5408 21 17 59
2855 5408 39 19 3/4.

2840 5428 102 16 Tendance
2953 5427 65 17 faible.
3030 5428 139 16 Transactions
3183 5431 5 14 :
3200 5428 95 19 3,320,000.

3105 5454 53 17 New-
3159 5454 58 21 York,
3231 5455 10 17 5
3254 5454 76 17 février.

2842 5480 94 20 Changes.
2953 5487 25 6 —
2994 5480 82 16 Clôture.
3094 5480 91 17 Derniers
3203 5484 55 13 cour*
3277 5479 48 18 faits
3345 5482 7 15 :

2821 5501 68 18 argent
2900 5500 107 19 acheteurs,
3019 5501 18 18 i;
3050 5500 55 17 idem,
3117 5500 99 20 vendeurs,
3229 5501 9 16 1
3251 5501 39 18 1/4;
3302 5500 40 16 Lon-

2820 5520 44 17 dres
2883 5520 63 16 cables
2965 5520 110 19 transferts,
3095 5519 33 18 489
3146 5520 52 21 7/33;
3217 5519 56 18 Paris
3292 5519 59 20 cable,

2820 5540 33 16 465
2869 5540 39 19 1/4;
2926 5539 98 17 Bruxelles
3040 5539 59 20 câble,
3117 5540 50 19 1687;
3183 5540 94 17 Hollande
3292 5539 59 19 cable,

2821 5560 50 18 5476;
2887 5560 66 17 Berlin
2968 5559 60 21 câble,
3043 5560 51 20 4024;
3110 5560 62 20 Italie,
3188 5560 33 17 636
3236 5559 40 20 1/4;
3292 5560 50 19 Espa-

2821 5583 41 16 gne,
2876 5579 39 17 685.

3371 248 126 52 UN
3537 247 367 55 CAMION

3405 324 86 49 DE
3520 326 31 46 2
3554 326 33 47 0
3619 323 135 51 TON
3757 325 119 49 NES

3402 425 65 33 SUR
3486 425 65 33 UNE
3569 425 197 33 PASSERELLE
3784 426 96 33 FAITE

3408 471 91 32 POUR
3519 471 41 32 EN
3580 471 191 33 SUPPORTER
3789 472 81 33 HUIT

3472 544 39 34 LE
3529 544 88 33 PONT
3637 538 173 39 S'ÉCROULE

3486 591 86 32 DANS
3598 590 43 33 LA
3658 591 134 33 SAMBRE

3394 654 137 25 Maubeuge,
3552 655 13 21 S
3588 655 90 20 février.
3699 665 29 7 —
3747 655 40 21 Un
3809 657 97 24 camion,

3370 680 55 22 d'un
3440 680 67 27 poids
3523 680 28 21 de
3567 680 27 22 20
3609 681 91 23 tonnes,
3715 680 40 26 qui
3770 680 78 23 s'était
3862 686 31 18 en-

3370 705 57 25 gagé
3444 710 59 21 pour
3520 708 115 19 traverser
3651 705 24 22 la
3691 705 97 25 Sambre
3804 710 41 18 sur
3860 710 48 19 une

3369 730 122 25 passerelle
3507 734 59 22 pour
3582 730 97 24 laquelle
3696 730 24 23 la
3735 731 126 22 limitation
3878 730 30 23 de

3369 755 66 25 poids
3448 756 41 20 des
3501 755 117 23 véhicules
3630 756 36 21 est
3680 755 29 22 de
3722 755 53 23 huit
3788 757 90 25 tonnes,
3892 761 16 18 a

3370 781 44 20 tait
3435 781 102 21 écrouler
3558 781 21 21 le
3600 781 59 24 pont
3679 785 31 18 au
3732 781 78 22 milieu
3832 781 28 22 de
3882 782 24 22 la

3370 806 78 24 portée
3465 807 67 20 entre
3550 806 24 21 la
3591 806 48 21 rive
3658 806 25 22 et
3700 806 24 21 la
3741 806 46 27 pile
3804 806 30 23 de
3850 811 43 18 sou-

3370 830 55 21 tien.

3395 856 110 21 L'arriére
3526 856 32 22 du
3578 856 92 23 camion
3691 856 37 23 est
3747 856 78 23 tombé
3846 856 61 22 dans

3370 880 34 21 les
3420 881 77 20 débris
3513 881 30 21 de
3560 881 121 26 l'ouvrage.

3394 906 32 20 Le
3441 906 125 22 chauffeur
3580 907 39 21 n'a
3635 906 37 23 été
3687 911 44 22 que
3746 907 159 22 contusionné.

3370 940 27 6 —
3410 930 85 21 Havas.

3417 997 37 29 LA
3470 997 158 37 QUESTION
3649 993 212 37 IMMOBILIÈRE

3536 1044 41 28 AU
3602 1044 141 32 KATANGA

3398 1113 177 24 Elisabethville,
3592 1115 13 21 5
3621 1114 90 23 février.
3727 1126 28 7 —
3771 1116 87 26 Depuis
3874 1119 34 18 un

3371 1139 110 23 moment,
3494 1143 46 17 une
3554 1138 74 26 légère
3642 1140 160 23 amélioration
3815 1146 25 16 se
3854 1141 40 21 des-

3372 1163 49 20 sine
3442 1163 16 21 à
3480 1164 171 21 Elisabethville
3673 1169 31 17 au
3725 1166 66 26 point
3812 1165 30 23 de
3863 1170 45 18 vue

3371 1188 106 25 question
3492 1189 157 22 immobilière.

3396 1214 35 21 La
3446 1214 86 25 reprise
3548 1214 42 22 des
3606 1214 97 23 affaires
3718 1216 90 24 permet
3824 1216 29 22 de
3868 1220 26 20 re-

3371 1238 83 25 garder
3472 1239 96 21 l'avenir
3587 1244 55 17 avec
3659 1239 53 26 plus
3731 1240 28 23 de
3778 1241 129 26 confiance,

3371 1264 143 21 nonobstant
3531 1268 45 21 que
3593 1264 119 28 beaucoup
3729 1266 61 21 reste
3808 1265 15 23 à
3841 1266 66 22 faire.

3396 1289 32 21 Le
3444 1289 96 21 nombre
3557 1289 29 24 de
3601 1290 103 22 maisons
3718 1290 136 26 inoccupées
3870 1291 24 22 di-

3371 1314 79 21 minue
3476 1315 24 21 et
3527 1314 22 22 le
3576 1316 180 23 gouvernement
3783 1316 125 25 procédera

3370 1342 54 18 sous
3438 1343 46 21 peu
3499 1339 15 20 à
3529 1340 23 21 la
3567 1340 136 22 démolition
3717 1340 41 22 des
3772 1341 136 22 Immeubles

3371 1365 102 22 vétustés
3487 1368 59 22 pour
3560 1364 34 22 les
3607 1365 129 25 remplacer
3750 1370 44 20 par
3807 1366 42 22 des
3862 1365 32 23 ha-

3371 1390 112 21 bitations
3499 1390 110 21 salubres.
3624 1401 29 6 —
3669 1391 141 24 Incopresse.

3454 1457 37 29 LA
3516 1457 122 30 LIAISON
3664 1451 163 37 AÉRIENNE

3507 1510 274 34 BELGIQUE-CONGO

3400 1579 156 26 Stanleyville,
3571 1581 13 21 4
3599 1580 91 21 février.
3704 1591 28 6 —
3745 1580 94 23 L'avion
3856 1589 9 11 «
3882 1582 28 22 O.

3374 1605 27 22 O.
3419 1606 26 20 A.
3463 1606 29 21 G.
3509 1606 23 21 S.
3551 1615 18 16 »,
3587 1606 109 21 assurant
3719 1606 24 23 la
3766 1606 36 21 S2<
3827 1606 83 23 liaison

3373 1630 108 23 aérienne
3491 1631 208 26 Belgique-Congo,
3710 1636 15 17 a
3736 1631 73 27 quitté
3820 1636 26 18 ce
3856 1636 40 19 ma-

3374 1656 36 22 tin
3423 1656 57 22 Fort
3493 1657 72 24 Lamy
3579 1656 16 23 k
3608 1658 13 22 i
3636 1657 23 22 h.
3674 1658 26 22 40
3714 1657 26 23 et
3752 1658 38 22 est
3804 1657 75 23 arrivé
3893 1657 16 23 fc

3375 1681 24 23 15
3413 1681 25 23 h.
3452 1682 26 23 40
3492 1681 16 23 à
3522 1682 156 26 Stanleyville.
3692 1692 28 8 —
3733 1683 141 26 Incopresse.

3486 1755 106 30 CHUTE
3619 1756 169 31 MORTELLE

3397 1824 94 25 Anvers,
3513 1826 13 20 5
3547 1825 91 23 février.
3659 1836 28 6 —
3707 1827 33 22 Oe
3761 1826 83 26 matin,
3866 1827 44 24 de»

3372 1849 101 22 ouvriers
3492 1854 155 19 communaux
3667 1851 88 22 étalent
3775 1852 98 27 occupés
3892 1856 16 18 a

3373 1874 41 21 des
3435 1875 98 21 travaux
3556 1876 27 21 de
3606 1876 146 25 réparations
3774 1877 42 23 des
3837 1878 72 26 ponts

3373 1899 175 23 transbordeurs
3559 1905 30 18 au
3600 1903 27 19 n»
3638 1901 40 22 234
3689 1902 41 21 des
3740 1902 97 25 bassins,
3848 1903 47 22 lors-

3373 1928 43 21 que
3433 1928 43 21 par
3492 1925 60 23 suite
3570 1925 31 22 du
3618 1926 62 24 vent,
3696 1931 34 18 un
3747 1927 161 26 échafaudage

3375 1954 24 16 se
3417 1950 97 24 déplaça
3530 1951 96 25 quelque
3643 1956 51 21 peu.
3711 1953 21 20 A
3749 1957 69 18 cause
3835 1953 30 22 de
3882 1958 27 18 ce

3373 1976 152 24 mouvement,
3544 1976 105 21 l'ouvrier
3668 1977 24 21 L.
3710 1978 35 21 De
3764 1977 81 25 Herdt,
3863 1977 44 26 âgé

3373 1999 29 21 de
3423 2000 28 20 40
3472 2004 49 21 ans,
3543 2000 137 23 demeurant
3701 2003 104 25 rempart
3826 2003 82 22 Saint-

3373 2024 107 25 Georges,
3511 2026 76 23 perdit
3617 2026 125 25 l'équilibre
3771 2027 25 23 et
3827 2028 81 22 tomba

3373 2049 68 22 d'une
3455 2050 101 22 hauteur
3568 2051 30 21 de
3610 2052 26 21 30
3649 2052 92 22 mètres.
3755 2052 32 23 Le
3800 2053 95 22 malheu-

3374 2079 57 17 reux
3444 2074 38 23 fut
3496 2074 40 23 tué
3550 2080 41 17 sur
3604 2076 23 23 le
3641 2081 65 21 coup.

3376 2146 229 32 POURPARLERS
3644 2150 264 30 BELGO-IRANIENS

3400 2216 114 26 Téhéran,
3528 2218 13 21 5
3556 2216 91 24 février.
3660 2229 28 6 —
3701 2219 48 22 Des
3762 2220 147 26 pourparlers

3374 2243 54 20 sont
3453 2243 162 22 actuellement
3640 2243 99 26 engagés
3763 2250 14 16 a
3801 2244 109 25 Téhéran

3374 2268 67 21 entre
3455 2268 22 22 le
3490 2268 106 22 ministre
3612 2269 28 22 de
3654 2269 108 27 Belgique
3776 2271 25 22 et
3814 2271 22 22 le
3850 2276 46 21 gou-

3374 2295 137 21 vernement
3524 2294 91 22 iranien
3630 2299 30 17 en
3674 2300 44 17 vue
3733 2296 28 22 de
3776 2296 24 22 la
3814 2296 82 23 conclu-

3374 2318 52 21 sion
3441 2319 57 21 d'un
3514 2319 82 22 accord
3612 2325 59 20 pour
3686 2320 22 22 le
3723 2320 128 27 règlement
3867 2322 42 22 des

3374 2344 129 25 paiements
3517 2346 168 21 commerciaux
3700 2346 24 22 et
3736 2346 22 23 le
3772 2346 123 27 développe-

3376 2370 66 21 ment
3461 2370 41 21 des
3521 2369 116 27 échanges
3656 2372 168 23 commerciaux
3843 2373 67 22 entre

3376 2395 34 22 les
3422 2395 61 21 deux
3494 2400 64 21 pays.
3570 2407 29 6 —
3610 2396 79 26 Belga.

3392 2470 503 91 BALLONNE

3386 2582 187 61 APRÈS
3590 2592 103 53 LES
3712 2592 183 57 REPAS

3385 3251 111 44 Quelle
3511 3253 124 35 chance
3652 3254 121 35 d'avoir
3787 3264 107 26 connu

3463 3297 29 31 le
3510 3297 137 42 Digestif
3665 3299 119 33 Rennie
3800 3300 11 32 1

3390 3346 36 23 TE
3437 3352 34 16 me
3485 3348 44 26 fats
3539 3354 30 16 un
3583 3350 71 21 devoir
3671 3351 25 20 rie
3708 3356 50 15 vous
3768 3351 45 21 dire
3822 3352 45 21 (oui
3874 3351 20 22 la

3381 3375 18 12 m
3420 3372 47 21 bien
3491 3378 40 16 nue
3552 3374 67 21 m'ont
3636 3375 42 25 /ail
3703 3376 29 20 let
3756 3376 95 25 pastilles
3867 3376 27 21 dt

3382 3396 93 26 Digestif
3490 3397 89 22 Rennie.
3596 3399 69 26 Après
3684 3400 30 20 les
3728 3405 68 24 repas,
3814 3400 78 26 l'avait

3383 3426 63 21 peine
3464 3422 15 20 à
3499 3423 99 25 marcher,
3620 3424 45 20 tant
3689 3424 77 25 Panais
3788 3425 104 21 l'estomae

3384 3446 61 21 lourd
3456 3447 19 19 et
3489 3446 98 22 ballonné
3597 3453 42 20 par
3654 3449 28 20 les
3698 3454 45 20 gaz.
3756 3449 28 21 Je
3796 3454 34 16 me
3841 3455 49 15 sens

3383 3471 131 21 maintenant
3525 3477 30 15 un
3566 3472 59 21 autre
3638 3473 88 21 homme.
3742 3474 41 20 Vos
3795 3475 95 24 pastilles

3384 3496 47 19 sont
3442 3496 151 21 merveilleuses
3606 3497 19 21 et
3646 3498 22 25 je
3681 3498 29 20 les
3723 3499 143 20 recommande
3876 3498 16 22 à

3384 3521 47 20 tous
3442 3525 44 16 mes
3499 3521 62 21 amis.
3573 3529 11 11 .
3667 3522 30 21 M.
3713 3522 53 25 M...,
3795 3524 12 19 à
3821 3523 41 22 L...

3412 3554 32 21 Le
3456 3554 95 26 Digestif
3564 3555 87 23 Rennie
3663 3562 29 16 ne
3705 3557 90 21 combat
3807 3562 40 22 pas
3859 3557 33 22 tel

3385 3583 29 16 ou
3423 3579 32 20 tel
3465 3580 132 26 symptôme,
3611 3582 17 20 n
3639 3582 111 26 s'attaque
3761 3587 44 16 aux
3815 3587 77 17 causes

3384 3603 84 21 mêmes
3479 3605 39 20 des
3529 3610 68 16 maux
3610 3606 127 22 d'estomac.
3753 3607 99 21 Certains
3864 3607 28 22 de

3385 3633 36 15 ses
3430 3631 139 24 composants
3579 3632 146 21 neutralisent
3735 3631 81 22 l'excès
3825 3632 58 21 d'aci-

3385 3652 47 21 dité
3448 3655 25 19 et
3490 3655 138 25 suppriment
3645 3657 55 20 ainsi
3718 3657 56 21 dans
3790 3656 102 22 l'instant

3385 3678 70 20 même
3481 3679 102 26 aigreurs,
3609 3681 100 21 brûlures
3735 3683 25 19 et
3785 3686 106 21 crampe,.

3385 3702 104 22 D'autres
3504 3702 119 25 absorbent
3637 3706 33 21 les
3684 3710 40 22 gaz
3738 3706 39 30 qui
3792 3706 100 26 gonflent

3384 3726 114 22 l'estomac
3507 3729 24 20 ct
3540 3732 91 19 causent
3640 3731 33 20 les
3682 3734 94 18 renvois.
3787 3731 105 22 D'autres

3385 3751 61 21 enfln
3454 3752 123 26 (ferments)
3587 3755 108 21 facilitent
3703 3756 22 20 la
3735 3756 108 26 digestion
3852 3756 40 21 det

3432 3797 50 14 ^^
3491 3777 108 22 aliments.
3609 3780 82 21 Mettez
3701 3780 31 21 fin
3739 3785 43 16 une
3786 3780 42 22 fois
3834 3785 58 22 pour

3433 3802 49 27 'llj
3506 3803 75 21 toutes
3587 3804 14 20 à
3610 3809 41 16 vos
3662 3809 68 16 maux
3738 3805 120 21 d'estomac
3866 3806 26 21 et

3552 3828 14 20 à
3579 3833 40 16 vos
3631 3829 125 21 mauvaises
3770 3829 121 27 digestions

3552 3853 64 45 grâce
3636 3854 14 20 à
3665 3855 60 20 cette
3739 3855 152 22 merveilleuse

3569 3877 116 22 écouverte
3702 3878 146 27 scientifique.

3573 3902 31 21 Le
3610 3903 94 25 Digestif
3709 3904 85 21 Rennie
3802 3906 34 19 est
3842 3903 39 27 pré-

3552 3927 63 21 senté
3620 3932 28 16 en
3655 3928 98 25 pastilles
3760 3929 28 20 de
3795 3929 53 26 goût
3852 3934 29 16 ex-

3553 3952 56 30 quis:
3620 3957 56 16 vous
3686 3952 33 21 les
3731 3958 64 16 sucez
3806 3958 85 17 comme

3552 3977 149 20 desbonbons.
3706 3977 87 26 Ttesph
3795 3978 6 14 1
3799 3980 32 19 »:
3841 3979 13 20 6
3862 3979 28 20 fr.

3384 4011 59 19 Pour
3450 4011 82 22 ouvrir,
3553 4000 40 21 lab
3594 4000 26 25 ":
3628 4001 263 28 19lT.legdmodèle(plus

3408 4033 54 18 tirer
3471 4036 40 15 sur
3553 4027 155 24 avantageux).
3714 4026 115 25 Monopole
3834 4032 57 20 pour

3396 4052 31 21 les
3439 4055 12 18 2
3460 4053 61 20 bout*
3552 4050 22 21 la
3580 4051 113 25 Belgique:
3701 4051 38 21 Ch.
3745 4050 145 28 DELACRE,

3555 4075 120 21 Bruxelles.

3399 4121 151 23 SUCEZ-LES
3566 4120 93 21 COMME
3676 4120 50 21 DES
3743 4121 127 21 BONBONS

3450 4191 386 63 RHUMATISMES

3376 4263 76 18 Goutte,
3475 4264 100 19 sclatlque,
3598 4264 125 17 arthrltlsme.
3745 4264 36 17 etc.
3802 4264 22 17 P.
3846 4264 20 18 S.
3887 4264 23 17 35

3375 4283 112 17 traitement
3509 4284 24 15 ho
3536 4288 27 12 rm
3565 4287 23 12 on
3591 4284 23 15 lei
3636 4287 94 14 nouveau.
3752 4284 88 19 Externe,
3863 4288 46 13 sans

3374 4303 78 20 danger,
3466 4303 82 17 efficace
3568 4303 104 18 Immédiat,
3687 4304 44 18 Agit
3743 4304 126 17 directement
3875 4307 35 15 eur

3375 4323 28 16 lea
3423 4323 84 20 glandes.
3527 4323 126 17 Nombreuses
3673 4323 113 18 références.
3806 4324 66 17 Notice
3893 4324 17 16 D

3375 4343 85 20 gratuite
3476 4346 6 14 :
3497 4344 33 15 Ets
3545 4344 97 18 Lumlnex,
3657 4344 21 16 31
3686 4347 18 15 a,
3717 4344 23 17 R.
3756 4344 80 18 Lebrun,
3851 4344 59 18 Brux.

3396 4368 29 16 En
3443 4368 57 17 Tente
3518 4368 50 16 dana
3585 4368 55 17 toute
3658 4369 119 17 Pharmacie.
3809 4371 100 16 (195/D405
