3976 5648
1731 231 11 13 a
1754 225 119 19 NATION
1886 225 102 20 BELGE
2001 232 18 17 »,
2031 226 14 20 T
2055 225 137 21 JANVIER
2203 225 68 21 1930!

81 297 32 17 ne
125 297 105 16 sommes
240 297 46 21 pas
297 297 32 16 au
340 293 81 20 milieu
434 293 28 20 de
475 293 38 20 cet
525 293 70 19 émou-

83 321 61 21 vant
171 321 123 25 déballage
322 321 70 20 d'une
419 321 124 20 humanité
571 321 24 25 pi-

82 350 97 25 toyable
193 350 84 25 depuis
291 350 54 25 cinq
358 350 111 23 minutes,
484 351 73 24 qu'un
570 350 25 19 in-

82 378 81 21 cident
181 378 84 21 éclate.

628 300 105 91 LES
760 298 395 91 EXPOSITIONS

714 437 161 26 CHARLES
896 436 177 24 HOFFMAN

654 478 18 22 Il
687 482 32 19 est
736 478 142 22 reconfortant
895 476 102 21 d'assister
1013 476 13 20 à
1044 483 28 14 un
1089 475 65 21 début

113 414 69 20 Deux
201 414 104 20 femmes
324 414 89 20 devant
432 418 47 15 une
498 413 109 20 mallette

83 447 31 16 en
126 443 53 20 cuir
191 443 87 19 bouilli.
292 442 73 20 L'une
378 443 38 19 est
427 442 78 25 jeune,
519 442 86 20 l'autre

83 471 81 26 parait
184 471 69 20 avoir
272 471 127 25 cinquante
419 475 51 16 ans.
491 470 59 21 Fins
570 470 25 20 vi-

81 504 74 21 sages
172 499 114 21 encadrés
303 500 30 20 de
349 500 106 19 cheveux
470 499 67 20 noirs
554 499 51 20 très
626 508 56 21 aussi
692 496 143 36 remarquable
845 513 40 18 que
896 506 51 21 celui
957 506 29 20 du
998 506 79 24 peintre
1088 504 65 21 Char-

82 528 97 21 bouclés
194 530 41 24 qui
250 528 95 21 luisent.
361 528 89 20 Lèvres
465 528 140 20 carminées.
627 536 29 22 fcs
668 536 103 21 Hoffman
786 536 13 21 à
812 536 26 20 la-
845 535 73 24 salerie
934 541 12 13 <
954 535 29 19 Le
997 534 30 20 Rc
1027 540 13 18 R
1039 537 36 17 ent
1083 540 19 14 >.
1116 534 37 21 Les

81 557 41 20 Un
138 557 105 21 tantinet
258 557 29 20 de
303 557 56 20 fard
375 557 114 20 rehausse
505 556 23 21 le
544 557 62 20 teint
628 570 79 16 œuvres
720 565 26 21 de
759 572 23 14 ce
796 565 60 24 jeune
870 564 72 20 artiste
955 563 120 24 s'imposent
1090 562 63 20 d'em-

81 590 35 16 un
133 590 47 21 peu
197 586 55 25 pâle
271 586 42 20 des
330 585 76 26 joues.
424 585 116 21 Toilettes
558 585 47 20 élé-
616 586 4 32 j
629 594 43 21 bWe
683 587 45 32 '^
745 594 37 20 des
801 599 41 17 qua
842 593 35 20 iité
878 600 10 14 s
906 593 36 23 qui
961 598 25 15 ne
1005 593 92 19 tiennent
1117 598 37 18 pas

82 615 88 25 gantes
189 616 25 19 et
234 614 105 25 simples.
358 614 33 20 Le
409 614 103 25 gabelou
530 619 17 15 a
565 614 40 20 de-
626 622 112 20 seulement
753 622 14 20 à
780 622 20 20 la
816 621 66 21 forme
896 623 21 18 et
932 619 14 20 à
960 620 127 23 l'exécution,
1103 620 50 20 mais

81 643 88 21 mandé
188 643 126 26 poliment:
336 648 13 14 t
364 643 66 20 Vous
449 643 84 20 n'avez
554 643 51 20 rien
627 651 54 20 auisi
695 649 14 21 4
724 650 85 20 l'accent
824 648 161 25 profondément
1000 649 92 21 humain.
1107 648 46 21 Une

85 671 18 21 à
140 672 125 20 déclarer?
282 677 14 14 >
335 671 110 26 Réponse
483 672 121 25 négative.
628 679 22 20 fn
652 680 5 19 |
658 682 42 18 ette
720 685 25 15 en
766 679 50 21 robe
837 684 69 18 roUKei
925 679 54 20 deux
999 679 83 19 eniants
1103 678 50 21 assis

80 700 124 21 L'homme
218 700 83 21 fouille
316 703 60 18 avec
392 702 21 19 le
427 701 133 19 maximum
575 700 29 20 de
626 711 46 18 cote
689 706 14 21 j
720 713 11 15 c
731 707 13 20 j
745 709 28 22 tei
791 713 40 15 une
848 707 8 24 j
858 713 51 15 eunc
929 706 8 20 f
936 713 33 13 era
971 713 32 14 mc
1020 713 26 14 cn
1065 712 87 19 casaque

80 729 149 24 délicatesse,
246 731 25 19 et
288 729 90 20 extrait
393 734 59 15 avec
468 730 64 20 cette
548 734 56 20 gra-
626 737 8 23 j
635 742 53 14 aune
690 751 5 7 ,
709 742 42 15 unc
766 738 59 18 autre
840 742 27 14 en
883 736 71 20 blouse
970 736 65 22 bleue,
1052 735 38 21 tels
1105 739 47 17 sont

81 758 52 20 ■vite
149 763 47 20 que
211 758 35 20 lui
263 758 97 20 confère
377 758 27 20 la
420 758 138 20 conscience
575 758 30 20 de
615 767 5 11 1
627 764 28 22 1^
671 764 85 24 thèmes,
771 765 62 20 d'une
850 764 79 24 insisne
945 763 115 25 simplicité,
1077 769 41 19 que
1134 763 19 20 le

81 791 46 16 son
143 786 56 25 rôle,
217 791 33 15 un
266 786 35 21 lot
317 787 30 20 de
364 786 116 21 chemises
497 786 29 20 de
543 786 61 20 fem-
627 792 78 25 peintre
719 799 21 15 se
755 793 52 23 plaît
821 793 13 20 à
849 792 71 20 traiter

81 819 60 16 mec
163 820 33 15 ~e
218 815 62 20 tissu
310 816 38 19 est
375 815 70 20 d'une
474 815 130 20 blancheur
912 808 240 44 .'approximativement

80 844 169 20 éblou.ssante.
267 844 137 21 Seulement
420 843 64 21 voilà
507 844 17 20 il
540 848 18 21 y
573 848 31 15 en
657 852 15 11 ,
714 857 26 20 de
753 857 25 20 M
799 856 31 21 ^
895 837 111 44 HattLn,
1018 863 28 14 on
1059 857 93 24 pourrait

100 873 184 38 ■.^^L?.!?
285 877 12 15 3
296 872 115 39 ?"!?-
417 873 18 20 11
453 872 37 20 Mt
507 877 33 16 ™
556 876 48 22 P6U
626 885 43 21 dire
685 885 50 23 qu'a
745 878 25 29 'se
786 886 53 20 situe
853 884 13 20 à
881 884 120 23 mi-chemin
1016 887 58 19 entre
1090 885 61 20 Brus-

626 912 87 23 sclmans
726 916 22 19 et
762 912 115 25 Hippolyte
891 912 77 24 Daeye,
983 912 32 22 De
1030 920 22 15 ce
1066 912 86 25 dernier,

81 901 78 24 ahuri,
172 902 24 20 le
208 901 74 21 brave
296 901 121 20 douanier.

108 941 33 4 —
154 930 85 21 Mais...
256 930 59 21 c'est
330 930 33 20 du
376 930 61 21 neuf
451 930 54 20 tout
520 934 37 21 ça.

109 976 33 5 —
152 965 61 26 Non,
227 966 60 20 c'est
299 965 43 21 usé
355 965 62 25 déjà.
430 965 66 20 Elles
509 965 42 20 ont
564 964 39 21 été

77 993 102 22 *afées...

108 1023 56 20 Une
180 1022 79 26 légère
276 1023 137 25 inquiétude
429 1027 28 16 se
474 1023 29 20 lit
520 1027 43 15 sur
580 1022 22 20 le

626 943 14 20 U
658 949 14 14 a
688 943 20 20 la
725 942 111 22 sensibilité
854 942 129 23 frémissante
1002 945 21 18 et
1039 940 20 24 le
1078 943 73 20 coloris

626 971 82 23 raffiné,
725 970 68 22 tandis
810 970 50 24 qu'il
876 977 22 14 se
915 971 113 24 rapproche
1045 971 26 21 de
1089 972 62 19 Brus-

626 999 88 21 selmans
730 1009 27 5 —
775 1002 83 18 surtout
876 1000 29 21 du
924 999 141 21 Brussolraans
1084 999 34 21 d'il
1137 1005 14 18 y

625 1034 12 14 a
651 1028 35 20 dix
698 1034 38 15 ans
747 1038 28 4 —
788 1034 37 17 par
837 1028 20 21 la
871 1027 86 21 fermeté
970 1028 26 21 de
1009 1029 20 20 la
1041 1031 109 18 structure.

80 1052 85 25 visage
183 1052 30 20 de
230 1052 26 20 la
273 1051 71 25 jeune
361 1051 91 21 femme
470 1051 40 25 qui
529 1051 75 26 prend
614 1072 4 9 t
626 1055 28 22 Ce
654 1063 10 15 S
679 1056 78 24 visapes
772 1062 41 15 aux
828 1059 48 19 tons
892 1057 90 21 nuancés
995 1060 48 18 sont
1059 1063 25 15 en
1100 1057 50 21 effet

79 1085 49 15 une
149 1080 105 21 chemise
276 1081 25 20 et
322 1081 67 19 tente
409 1080 30 20 de
461 1080 142 20 convaincre
614 1082 4 6 •
625 1084 73 22 établis
710 1091 37 15 nar
759 1085 65 24 larges
836 1085 65 24 plans,
914 1086 24 21 ils
949 1088 49 18 sont
1012 1090 79 17 comme
1104 1085 46 21 tail-

80 1114 44 15 son
145 1109 171 20 interlocuteur
334 1113 47 21 par
398 1109 23 20 le
441 1108 107 21 toucher.
569 1109 34 19 Le
625 1113 28 21 lés
666 1114 14 20 à
694 1114 75 22 grands
784 1119 65 19 coups
863 1114 26 21 de
904 1121 65 17 roujic
984 1114 52 21 dans
1051 1120 40 16 une
1106 1121 44 14 ma-

79 1137 116 21 douanier
209 1138 64 20 reste
288 1137 118 26 perplexe.
421 1138 36 20 De
471 1138 67 20 toute
553 1137 49 20 évi-
624 1141 38 21 tièr
662 1150 12 14 e
689 1141 132 25 impalpable.
837 1141 39 22 Les
893 1142 68 21 taches
977 1143 67 21 noires
1060 1143 36 20 des
1112 1149 38 18 pu-

79 1166 82 25 dence,
179 1167 37 20 les
234 1166 118 20 chemises
370 1167 68 20 n'ont
456 1166 88 25 jamais
563 1166 39 20 été
613 1162 75 32 'paies,
705 1171 20 20 le
742 1171 50 21 trait
810 1177 46 15 rose
875 1171 61 21 d'une
956 1171 80 22 bouche
1054 1172 95 20 suffisent

77 1195 82 20 mises.
175 1195 21 21 U
211 1195 49 21 fait
275 1195 70 25 appel
360 1195 17 20 à
391 1199 34 16 un
439 1195 162 20 vérificateur.
613 1191 4 11 '
624 1204 14 19 p
639 1204 39 15 0Ur
697 1199 81 21 donner
796 1200 13 20 à
829 1206 32 15 ces
881 1200 76 25 figures
976 1207 39 15 une
1034 1201 115 24 expression

77 1224 49 21 Les
141 1224 63 20 deux
220 1224 27 20 fe
246 1229 49 15 mm
297 1229 26 15 es
338 1224 152 20 maintenant
506 1223 95 26 parlent
622 1227 86 24 chargée
721 1228 26 21 de
761 1228 110 21 sentiment
885 1232 21 18 et
920 1228 71 22 d'âme,

78 1252 82 21 toutes
173 1254 36 20 les
223 1253 62 20 deux
299 1257 30 16 en
341 1253 79 20 même
434 1253 85 25 temps.
535 1253 54 18 L'ac-

78 1282 56 19 cent
152 1281 155 26 germanique
324 1281 101 25 domine,
444 1281 26 20 et
487 1281 23 20 le
528 1281 63 20 doua-

77 1310 56 20 nier
149 1311 42 24 n'y
209 1310 128 25 comprend
355 1310 54 25 plus
429 1310 58 19 rien.
506 1310 84 20 Finale-

78 1339 74 23 ment,
181 1343 32 16 on
239 1339 49 20 fait
313 1343 72 21 peser
410 1339 36 20 les
475 1338 126 20 chemises.

78 1367 88 21 Trente
185 1368 68 20 kilos.

105 1414 33 5 —
148 1403 119 23 Madame,
280 1403 17 20 il
309 1403 56 20 faut
376 1407 82 21 payer.

105 1432 129 20 Nouvelles
246 1432 179 25 protestations.
439 1432 34 20 Le
485 1432 116 20 douanier

75 1461 67 20 reste
156 1461 145 25 impassible.
315 1461 24 20 A
354 1461 58 20 bout
427 1461 171 25 d'arguments,

76 1489 19 21 fl
96 1491 3 8 :
112 1491 51 19 leur
179 1490 63 19 reste
258 1490 36 20 les
310 1490 96 19 larmes.
423 1489 65 20 Elles
505 1490 95 19 coulent

77 1518 156 20 abondantes.
515 1518 15 16 *

108 1547 33 20 Le
161 1547 115 20 douanier
295 1552 26 15 se
342 1548 55 20 sent
415 1547 51 25 pris
485 1547 31 20 de
535 1547 66 26 pitié,

77 1576 64 21 mais
158 1576 17 20 il
190 1580 19 21 y
225 1580 16 16 a
257 1577 25 19 la
299 1576 120 24 consigne.

107 1612 69 20 Nous
189 1616 61 15 nous
266 1611 129 26 éloignons,
410 1612 82 20 tandis
505 1616 47 21 que
565 1611 37 21 les
611 1629 4 8 ,

75 1640 65 21 deux
156 1640 103 20 femmes
276 1641 141 19 continuent
433 1641 30 19 de
480 1641 121 25 protester
610 1639 5 21 !
623 1631 121 24 préhension
756 1631 112 24 judicieuse
878 1632 27 21 de
917 1632 20 20 la
949 1632 91 20 matière.
1052 1632 94 20 L'artisU

76 1669 27 21 et
126 1669 109 25 rédigent
257 1674 47 15 une
326 1669 82 20 feuille
431 1670 30 19 de
484 1669 116 20 réclama-
622 1666 12 15 a
650 1660 80 20 modelé
745 1660 115 23 également
874 1661 53 20 dans
943 1667 29 14 un
988 1661 63 23 esprit
1068 1661 79 20 réaliste

76 1698 71 21 tions.
172 1699 66 19 Dans
261 1698 23 20 le
306 1698 96 25 hangar
423 1698 120 25 adjacent,
566 1702 34 15 un
610 1686 4 34 !
621 1688 36 21 dcs
673 1688 75 24 ife»™»
763 1688 123 26 W**=ivea
902 1693 79 16 comme
996 1689 39 20 les
1049 1687 99 21 Farceurs

650 1262 42 22 Des
708 1268 99 20 paysages
822 1263 107 25 évoquant
943 1264 21 21 la
981 1263 118 24 mélancolie
1115 1264 36 19 des

624 1297 89 19 pauvres
736 1292 78 22 iardins
835 1293 26 21 de
882 1293 100 23 banlieue,
1002 1293 76 24 alignés
1099 1293 51 20 dans

624 1320 145 25 l'atmosphère
790 1321 66 20 froide
876 1322 63 21 d'une
960 1322 84 24 journée
1066 1320 84 24 d'hiver,

624 1348 91 22 révèlent
725 1356 29 14 un
766 1352 59 19 autre
837 1352 76 22 aspect,
924 1349 13 20 à
948 1350 58 24 peine
1019 1350 67 20 moins
1096 1349 43 21 inté

623 1380 85 21 ressaut,
722 1379 26 20 de
762 1377 47 22 l'art
823 1378 14 20 à
851 1378 20 21 la
888 1379 39 21 fois
941 1379 112 24 vigoureux
1068 1382 21 17 et
1102 1384 36 15 sen

622 1407 52 21 siblc
687 1407 27 21 de
728 1407 83 21 Charles
825 1407 111 21 Hoffman.

687 1444 95 25 KOOS
801 1445 74 23 VAN
896 1445 72 23 DER
986 1445 103 28 KAAIJ

753 1476 123 23 ANDRE
899 1476 125 23 TAHON

1180 302 91 95 A
1328 304 365 93 bâtons
1756 334 493 91 rompus...

649 1516 19 21 A
681 1518 20 20 la
716 1515 79 23 Galerie
809 1517 117 23 Portenart,
939 1517 29 26 le,
971 1517 104 24 sculpteur
1089 1523 50 14 cour-

623 1545 84 21 traisien
727 1544 59 22 Kcos
805 1551 41 15 van
865 1546 37 20 der
921 1545 62 25 Kaaij
1003 1552 13 14 a
1036 1545 57 21 réuni
1113 1545 35 20 des

624 1574 99 23 portraits
744 1574 65 21 taUlés
831 1575 52 20 dans
904 1575 19 20 le
944 1574 82 20 marbre
1048 1580 49 15 avec
1120 1580 28 14 un

623 1603 65 23 grand
700 1603 58 20 souci
772 1603 26 20 de
811 1603 20 20 la
844 1602 146 22 ressemblance
1003 1606 21 17 ct
1038 1609 40 14 une
1091 1608 55 15 com-

74 1727 70 20 vaste
158 1727 109 25 parterre
281 1727 28 20 dc
323 1727 85 20 malles
422 1727 25 20 et
460 1727 29 19 de
502 1727 95 20 valises.

610 1725 4 12 :
622 1723 27 15 ou
661 1716 22 21 la
695 1716 66 21 Petite
775 1716 66 21 vieille
854 1716 26 21 de
892 1716 110 25 Nieuport.

76 1755 38 21 On
126 1756 40 20 n'a
177 1755 89 25 jamais
278 1760 33 15 vu
323 1756 98 24 pareille
435 1755 121 21 affluence
569 1755 29 19 de
609 1752 4 28 |
646 1751 58 22 Dans
719 1753 18 20 le
753 1751 67 22 même
834 1752 60 23 local,
908 1752 30 21 les
952 1753 104 24 peintures
1072 1753 25 20 de
1113 1752 32 20 M.

76 1784 108 25 bagages
205 1789 49 15 aux
275 1784 129 25 entrepôt^,
426 1784 116 25 paraît-il.
563 1784 36 20 La
609 1781 4 5 '
620 1780 70 21 André
704 1780 74 21 Tahon
794 1781 70 20 valent
879 1788 38 17 par
932 1781 44 21 leur
991 1782 79 20 facture
1086 1782 60 23 large,

79 1813 69 26 place
173 1814 38 19 est
235 1813 163 19 insuffisante.
423 1813 46 19 Les
493 1813 106 20 services
610 1815 3 12 '
621 1809 45 21 I"ur
684 1810 73 21 coloris
776 1809 109 24 distingué,
903 1809 28 21 où
949 1809 108 22 dominent
1079 1812 67 17 toutes

75 1843 56 20 Sont
144 1842 120 20 débordés.
277 1842 41 20 Un
329 1841 172 20 demi-hectare
514 1842 29 19 de
556 1841 42 20 ba-
621 1838 28 21 les
663 1838 87 21 variétés
763 1839 29 20 du
806 1839 40 22 gris
860 1838 51 21 mêlé
925 1839 25 20 de
965 1844 44 15 rose
1024 1841 21 18 et
1059 1839 25 20 de
1098 1838 46 20 bleu

78 1875 79 21 gag2S
180 1870 105 25 empilés,
310 1870 41 25 qui
374 1870 115 20 viennent
512 1870 87 20 d'Aile-
620 1866 52 24 pâle.
687 1867 42 21 Des
743 1870 83 18 natures
841 1870 77 18 mortes
933 1868 36 23 qui
983 1871 101 21 groupent
1099 1870 46 18 tan-

75 1904 90 20 magne
185 1900 26 20 et
230 1899 184 25 appartiennent
434 1899 16 19 à
470 1898 43 20 des
533 1898 55 20 réfu-

74 1928 54 25 giés
141 1928 125 20 israéJites.
281 1928 36 19 On
331 1933 30 15 en
374 1932 15 15 a
402 1927 119 25 déchargé
535 1927 63 20 deux

76 1961 100 20 wagons
196 1956 26 21 la
243 1956 75 20 veille.
340 1956 22 20 H
383 1961 17 20 y
421 1961 31 16 en
474 1960 17 16 a
513 1960 85 16 encore

74 1986 87 25 quatre
177 1986 16 20 à
209 1985 138 25 décharger.
364 1985 33 20 Et
413 1985 52 20 cela
481 1985 59 20 dure
557 1985 29 19 de-

75 2014 55 26 puis
153 2014 60 20 trois
235 2014 125 20 semaines.
382 2014 47 20 Les
450 2013 147 24 Allemands,

76 2048 47 15 eux
140 2043 115 25 pourtant
273 2043 22 20 si
312 2042 151 24 méticuleux,
483 2044 42 19 ont
543 2043 54 19 tout

73 2071 51 26 jeté
136 2077 30 15 en
178 2076 57 16 vrac
247 2072 60 19 dans
319 2072 35 19 les
365 2076 107 20 wagons.
484 2071 33 20 Le
529 2076 56 15 nom-

74 2100 44 20 bre
132 2101 43 20 des
189 2100 58 21 colis
262 2100 137 25 renseignés
413 2105 43 15 sur
468 2100 37 20 les
519 2100 77 20 fiches

74 2129 39 21 est
123 2129 95 21 inexact
228 2129 60 20 dans
297 2130 26 19 la
331 2129 98 25 plupart
438 2129 43 19 des
490 2133 50 15 cas.
550 2129 46 19 Les

73 2158 171 25 propriétaires
255 2163 31 15 ne
298 2158 139 20 retrouvent
447 2157 93 26 parfois
551 2162 45 21 pas
607 2152 4 25 !
619 2160 50 19 ques
687 2156 27 20 de
734 2155 78 24 Bruges
830 2155 101 20 alternent
950 2160 51 15 avec
1020 2155 30 20 les
1069 2155 77 23 iftiages

75 2191 46 16 eux
122 2187 87 20 -même
224 2191 27 16 ce
265 2187 40 25 qui
318 2187 53 19 leur
383 2186 139 25 appartient
535 2186 61 20 dans
606 2186 5 29 j
619 2184 100 24 bigarrées
735 2185 36 20 des
788 2183 63 22 souks
867 2184 106 22 tunisiens,
991 2184 29 21 les
1037 2183 101 21 intérieur

611 1896 3 27 |
620 1895 32 21 tôt
665 1896 36 20 des
713 1896 96 22 cristaux,
821 1896 36 21 des
869 1896 124 23 porcelaines
1008 1900 19 17 et
1041 1896 35 21 des
1089 1896 45 20 orfè

620 1924 82 23 vreries,
725 1924 70 21 tantôt
816 1925 29 20 les
868 1925 68 21 divers
959 1925 94 23 produits
1075 1925 27 20 de
1124 1925 20 20 la

619 1952 76 21 chasse,
710 1953 124 21 fournissent
849 1952 12 20 à
877 1953 32 21 M.
923 1953 69 20 André
1008 1952 73 21 Tahon
1096 1953 38 20 l'oc-

619 1981 70 21 casion
701 1980 102 22 d'exercer
816 1988 38 15 son
870 1983 146 20 incontestable
1031 1981 108 21 virtuosité

693 2020 165 24 SUZANNE
879 2020 198 23 VERDHURT

644 2069 20 20 A
680 2068 21 21 la
720 2068 80 22 Galerie
816 2069 37 21 des
873 2068 90 24 Carmes,
981 2068 52 21 Mlle
1051 2069 93 21 Suzanne

619 2097 103 21 Verdhurt
734 2098 83 20 affirme
827 2104 39 14 son
878 2098 65 20 talent
956 2097 150 25 d'aquarelliste
1118 2103 25 14 en

618 2126 36 22 des
669 2132 79 15 œuvres
763 2127 43 20 fort
821 2126 77 20 variées
911 2132 6 14 :
932 2126 29 21 les
976 2127 57 20 coins
1048 2126 97 24 pîttores-

74 2215 42 21 cet
129 2215 204 21 amoncellement.
348 2216 33 20 Et
395 2215 25 20 la
434 2215 105 25 besogne
553 2215 43 20 des

73 2244 189 20 fonctionnaires
280 2245 38 19 est
334 2244 125 20 affolante.

104 2280 47 20 Ces
162 2280 89 20 valises
263 2280 56 20 sont
330 2280 80 20 toutes
422 2284 96 16 neuves.
531 2279 66 20 Elles

74 2312 28 16 se
127 2309 158 20 ressemblent
308 2308 81 21 toutes
414 2308 182 20 curieusement.

75 2337 120 21 Achetées
220 2337 60 20 dans
303 2337 26 20 la
351 2338 56 19 hâte
420 2342 4 6 -
431 2337 57 20 d'un
511 2337 87 25 départ

74 2366 111 25 brusqué,
202 2366 58 20 elles
276 2366 43 20 ont
333 2370 34 15 un
381 2367 85 24 aspect
481 2370 77 16 cossu.
575 2365 21 20 H

72 2399 32 16 en
115 2396 39 20 est
164 2395 30 20 de
205 2395 78 20 riches
294 2400 31 15 en
336 2395 51 21 cuir
397 2395 80 23 fauve,
489 2394 106 20 d'autres

73 2428 33 16 en
121 2424 89 20 fibrine
226 2424 67 20 noire
310 2423 111 24 cloutées,
439 2427 31 16 en
486 2428 63 20 peau
566 2423 30 20 de

74 2457 66 20 porc.
162 2453 50 20 Des
234 2452 98 20 cartons
360 2452 17 20 à
405 2452 130 25 chapeaux,
566 2452 30 20 de

73 2481 88 20 hautes
173 2481 85 20 malles
269 2480 167 26 porte-habits,
449 2481 104 20 cerclées
565 2480 30 21 de

73 2510 61 20 bois.
152 2510 84 20 Parmi
253 2510 55 20 tout
327 2511 56 21 cela,
410 2510 63 20 deux
481 2519 5 4 -
497 2509 98 20 enfants

74 2539 99 19 d'Israël
189 2538 130 21 cherchent
332 2539 61 20 trois
407 2538 95 21 valises.
517 2538 78 26 Après

74 2572 34 15 un
123 2568 87 25 temps,
226 2568 55 24 l'un,
298 2568 15 19 à
328 2572 35 16 un
378 2567 59 21 bout
452 2567 33 20 du
500 2567 95 25 hangar

73 2601 33 15 en
123 2600 17 16 a
157 2596 85 20 trouvé
261 2601 53 15 une.
334 2596 53 20 Elle
404 2596 39 20 est
461 2601 31 15 en
510 2597 85 21 carton

72 2625 94 20 mâché.
178 2625 54 20 Une
246 2625 70 20 corde
328 2629 85 16 assure
425 2625 26 20 la
463 2624 131 21 fermeture

72 2654 149 25 hermétique
234 2654 32 20 du
280 2654 129 20 couvercle.
423 2654 62 19 Tout
498 2653 16 20 à
526 2658 68 20 coup,

72 2682 87 21 l'autre
177 2683 79 24 surgit
272 2683 29 20 de
318 2682 104 21 derrière
438 2687 47 16 une
501 2682 49 25 pile
565 2682 30 20 de

72 2711 116 25 bagages.
202 2711 36 20 La
251 2711 123 20 deuxième
388 2711 76 20 valise
478 2712 39 20 est
529 2711 56 20 trou-

72 2740 52 21 vée.
137 2740 98 20 Celle-là
248 2741 38 20 est
297 2740 51 20 très
360 2736 114 29 fatiguée.
487 2740 46 20 Les
545 2744 41 16 ser-

74 2773 69 16 rures
164 2773 31 16 en
216 2769 56 20 sont
292 2768 117 21 rouillées.
439 2768 38 20 On
504 2768 85 20 devine

618 2212 82 22 anciens
712 2218 51 15 avec
777 2212 29 21 les
820 2212 63 22 fleurs
897 2215 22 18 et
933 2213 28 20 les
976 2212 68 21 fruits.
1058 2212 29 21 Le
1101 2211 33 20 mé-

619 2241 39 21 tier
677 2242 123 23 scrupuleux
819 2244 22 17 et
862 2242 90 23 prudent
973 2241 26 21 de
1021 2241 51 21 Mlle
1094 2241 40 20 Ver-

616 2270 65 21 dhurt
696 2280 29 5 —
741 2276 29 15 un
787 2270 46 20 vrai
849 2270 72 20 métier
939 2269 151 25 d'aquarelliste
1107 2269 36 25 qui

618 2298 100 24 dédaigne
739 2299 26 21 de
784 2299 52 21 faire
856 2298 60 25 appel
935 2298 14 20 à
967 2299 21 20 la
1008 2298 91 23 gouache
1118 2308 25 5 —

617 2327 83 22 confère
721 2326 13 20 à
757 2329 68 20 toutes
846 2333 33 16 ces
899 2333 79 15 œuvres
999 2326 36 22 des
1056 2325 87 25 qualité;

617 2356 137 22 d'exactitude
768 2359 23 18 et
806 2357 26 20 de
848 2356 106 24 précision.

1047 2382 26 22 G.
1086 2383 33 20 M.

731 2442 30 20 "
782 2436 249 64 France

648 2539 65 52 et
746 2526 315 82 Belgique

1085 2581 28 19 a

618 2644 56 31 Une
691 2644 155 31 conférence
864 2643 35 30 da
916 2642 32 31 R.
966 2642 30 31 P.
1015 2642 123 34 Hénussc,

619 2686 26 31 le
661 2687 35 30 14
711 2688 112 35 janvier,
837 2697 36 19 an
887 2684 106 37 Collège
1008 2684 134 31 St-Michel

642 2744 34 20 Le
697 2744 29 18 R.
747 2744 27 19 P.
794 2742 110 22 Hénusse
924 2743 53 19 fera
997 2747 47 15 une
1065 2740 69 20 confé-

617 2773 71 15 rence
700 2768 27 24 le.
732 2768 26 19 14
769 2768 92 22 janvier
871 2767 15 20 à
897 2767 25 19 20
934 2767 22 20 h.
967 2767 32 21 30.
1010 2772 30 15 en
1051 2766 24 19 la
1085 2765 59 20 salle

73 2797 86 25 qu'elle
182 2802 17 15 a
220 2797 79 20 traîné
322 2802 43 16 sur
387 2798 43 19 dea
453 2797 143 25 banquettes
606 2786 43 31 !du
667 2788 94 27 Collège
780 2792 128 19 St-MicheL
925 2791 34 20 Le
976 2791 65 23 sujet
1059 2790 82 19 choisi:

42 2820 176 29 st-wasseuses,
236 2826 61 20 dans
313 2826 36 20 les
366 2826 104 20 couloirs
487 2826 43 20 des
546 2830 51 15 wa-
606 2822 4 31 j
619 2823 12 13 «
645 2817 64 19 Fran
709 2821 27 15 «
750 2818 24 19 *'
787 2816 111 23 Belgique
912 2821 12 12 »
938 2816 37 19 est
987 2815 16 19 à
1015 2815 84 20 l'ordre
1112 2814 31 19 du

42 2856 28 7 „
143 2855 17 8 ,.
212 2840 7 10 '
233 2847 10 12 -.
255 2849 13 10 -■
267 2853 13 6 >
345 2855 7 8 ,
426 2855 9 5 ,
462 2854 7 9 ,
498 2855 20 8 „
535 2854 6 6 ,
556 2854 7 5 .
618 2847 60 16 jour,
692 2842 54 21 plus
759 2846 45 17 que
818 2840 91 23 jamais.
924 2840 66 19 Dans
1003 2840 24 19 la
1040 2840 60 18 lutte
1114 2843 29 15 ou

42 2857 94 23 signas
143 2855 32 20 fle
187 2855 133 25 quatrième
332 2855 78 20 classe
421 2855 30 19 de
462 2854 25 20 la
498 2848 146 38 Reicis-'.^
665 2855 109 30 décidera
794 2865 97 19 l'avenir
910 2865 29 19 de
960 2865 23 19 la
1004 2863 140 20 civilisation

58 2882 86 26 'balm,
157 2884 27 20 et
196 2883 59 20 s'est
267 2883 57 20 usée
337 2883 131 20 lentement
481 2883 61 19 dans
555 2883 42 19 des
607 2891 3 8 «
619 2890 151 22 européenne,
791 2889 24 19 la
834 2889 112 22 Belgique
965 2890 26 17 et
1010 2889 24 19 la
1053 2888 94 18 France

71 2913 85 24 garnis
169 2912 33 20 du
214 2912 108 25 quartier
333 2912 48 24 juif
393 2912 29 20 de
435 2912 87 23 Berlin,
534 2911 62 20 dans
606 2905 4 38 ]
617 2920 28 14 SO
646 2914 27 19 nt
695 2914 32 19 du
748 2913 76 21 même
846 2913 52 19 côté
919 2914 30 19 de
971 2914 23 18 la
1016 2912 127 19 barricade.

61 2950 5 6 •
71 2941 38 20 les
125 2941 127 20 chambres
266 2940 102 21 d'hôtels
382 2940 118 20 minables
516 2943 25 20 et
556 2940 41 20 dé-
606 2935 4 33 j
617 2939 63 19 Leur
695 2937 89 22 amitié,
801 2943 46 16 une
863 2937 82 20 amitié
962 2936 82 23 loyale,
1061 2936 83 19 intelli-

72 2969 93 20 labr«.es
618 2964 70 21 Rente
709 2964 24 18 et
753 2962 134 22 généreuse,
909 2965 36 18 est
965 2962 48 19 l'un
1033 2962 42 19 des
1095 2961 49 19 fac-

103 2983 123 35 L'hoime
249 2998 93 21 revient
363 3002 57 16 vers
442 2997 77 21 l'allée
542 3001 55 16 cen-
606 2981 25 36 K
629 2992 12 14 e
638 3011 6 6 .
642 2992 29 14 ur
667 3011 7 5 .
671 2992 12 14 s
697 3011 7 5 .
705 2986 39 23 qui
766 2986 165 23 empêcheront
952 2986 61 19 cette
1035 2985 58 21 lutte
1114 2985 29 18 de

103 3008 123 10 uuuuuuc
249 3008 93 11 '"«"«i
351 3026 14 9 ,,
391 3027 14 8 .,
458 3014 33 17 rr
518 3026 49 9 ...
606 3008 4 22 I
618 3011 128 23 dégénérer
768 3016 29 14 en
819 3016 32 14 un
873 3011 83 19 conflit
977 3010 88 19 vicient
1086 3010 57 19 dont

72 3026 69 25 traie,
156 3027 113 20 heureux,
283 3027 22 20 n
320 3031 17 15 a
350 3026 57 20 l'œil
421 3026 82 20 malin.
518 3026 78 20 Main-
602 3041 6 5 .
617 3035 78 20 rissue
714 3040 31 15 De
766 3040 85 17 pourra
850 3035 23 19 jt
893 3035 50 19 être
963 3040 44 16 que
1028 3033 116 20 l'écroule-

62 3066 5 4 •
72 3056 93 25 tenant,
184 3056 30 19 ils
232 3057 55 19 sont
303 3056 26 19 là
346 3056 55 20 tous
418 3055 38 20 les
473 3055 69 24 deux,
559 3055 37 20 te-
618 3062 64 17 ment
702 3059 106 20 définitif
826 3060 33 19 du
877 3060 70 18 vieux
965 3059 91 20 monde.
1076 3058 68 23 Mais,

71 3085 62 19 nant
146 3089 31 16 en
187 3085 67 19 main
266 3090 34 15 un
311 3085 85 24 papier
408 3084 133 25 graisseux,
555 3084 40 20 de-
618 3089 60 18 pour
693 3083 50 22 être
758 3084 81 21 solide,
854 3085 62 20 cette
932 3083 80 20 amitié
1029 3083 50 21 doit
1094 3082 49 20 être

71 3114 61 20 vant
149 3113 114 20 l'officier
280 3113 30 20 de
328 3113 113 20 douanes.
605 3106 5 26 I
618 3108 92 22 établie,
724 3109 30 19 de
770 3108 54 22 part
839 3109 24 18 et
877 3108 97 21 d'autre,
987 3113 42 14 sur
1044 3108 21 19 le
1080 3107 64 19 meil-

555 3135 14 16 /
586 3147 8 6 .
604 3129 6 24 I
618 3133 51 20 leur
690 3134 57 18 fond
770 3134 41 18 des
833 3133 61 18 deux
916 3131 132 20 caractères
1070 3131 74 20 natio-

102 3159 32 5 —
152 3149 70 20 Deux
240 3149 89 20 valises
349 3153 43 15 sur
410 3149 23 20 le
453 3152 85 21 papier
558 3149 39 19 est
606 3155 4 9 «
617 3162 70 17 naux>
689 3169 5 4 .
702 3162 58 14 avec
776 3157 7 18 i
784 3162 41 14 eur
824 3163 13 14 s
852 3155 108 21 affinités
975 3158 23 19 et
1014 3157 61 19 leurs
1091 3161 53 14 con-

73 3178 107 24 marqué.
199 3177 22 20 H
240 3177 103 26 manqué
363 3181 53 16 une.
436 3177 69 20 Nous
524 3176 73 21 afons
618 3182 93 19 trastes.
726 3181 34 19 Le
774 3181 30 19 R.
818 3181 27 18 P.
860 3181 108 19 Henusse
983 3181 37 19 est
1034 3181 110 19 l'orateur

72 3206 91 21 trois....
180 3218 4 3 -

100 3245 32 5 —
143 3235 33 20 Ce
188 3235 62 20 n'est
262 3235 58 24 rien,
333 3240 32 15 on
377 3239 78 16 verra.

130 3274 3 4 *
145 3264 42 19 Ah
202 3264 46 24 oui,
263 3264 62 25 pien,
341 3268 33 15 on
387 3263 85 20 ferra...

617 3205 97 23 qualifié
733 3206 66 20 entre
817 3206 54 19 tous
889 3210 59 18 pour
965 3205 99 22 prendre
1082 3205 61 19 cette

618 3230 143 22 importante
783 3230 108 22 question
912 3234 44 18 par
991 3235 42 14 son
1068 3229 75 22 grand

617 3253 58 20 côté.
694 3254 111 20 L'ancien
824 3253 123 20 aumônier
965 3254 33 19 du
1016 3254 26 20 4e
1061 3254 34 21 A.,
1114 3258 29 15 en

618 3278 53 23 plus
690 3278 32 20 de
744 3278 143 22 l'admirable
909 3277 121 21 ministère
1052 3277 55 23 qu'il
1128 3283 16 14 a

101 3292 69 20 Celui
189 3297 40 20 qui
249 3292 67 25 parle
336 3292 38 20 est
392 3292 62 25 petit
472 3292 31 20 de
521 3291 74 20 taille.
617 3288 20 34 £
636 3302 63 20 œrcé
716 3302 87 23 auprès
820 3303 29 19 de
865 3307 45 15 n03
927 3302 89 20 so!dat3
1033 3303 60 18 daM
1086 3298 13 8 -
1110 3302 34 19 les

75 3321 23 20 H
122 3321 127 25 s'exprime
273 3321 177 20 difficilement,
474 3321 21 19 n
520 3325 17 15 a
560 3324 34 16 un
606 3331 4 8 ,
618 3326 124 21 tranchées
756 3327 29 21 de
800 3327 81 22 l'Yser.
895 3332 16 14 a
925 3328 99 19 souvent
1038 3326 40 20 été*
1089 3331 55 18 pen-

71 3350 69 20 béret
153 3350 90 25 basque
256 3354 43 16 sur
311 3350 25 20 la
348 3350 57 23 tête,
419 3354 33 15 un
465 3349 130 25 pardessus
618 3351 59 19 dant
694 3352 24 18 la
735 3356 91 17 guerre,
843 3353 25 18 et
883 3351 90 23 depuis,
991 3352 22 18 le
1029 3351 116 23 porte-pa-

73 3379 65 24 rapé,
158 3383 35 15 un
210 3383 46 15 nez
284 3378 195 24 extraordinaire,
507 3379 26 19 et
553 3378 43 19 des
618 3376 48 20 rôle
686 3376 29 18 de
735 3376 24 19 la
777 3375 118 22 Belgique.
915 3374 107 24 Accepté,
1041 3375 17 19 à
1075 3375 69 19 Paris

70 3412 65 18 yeux
147 3407 192 21 démesurément
351 3404 104 26 ouverts,
468 3411 93 16 comme
573 3407 23 20 si
617 3399 83 22 mime,
714 3404 90 16 comme
817 3400 48 19 l'un
876 3400 43 19 des
932 3399 97 21 maîtres
1042 3400 28 20 de
1083 3398 60 21 i'élo-

75 3436 101 24 quelque
201 3436 94 20 terreur
318 3436 124 24 puissante
467 3435 37 20 les
527 3435 69 20 avait
618 3429 89 31 guence
726 3423 125 23 française,
870 3424 17 19 il
907 3424 37 19 est
963 3424 61 20 reste
1045 3423 100 20 invaria-

71 3452 21 21 2-
114 3453 16 17 2
171 3465 5 8 ,
209 3465 4 5 .
239 3446 25 22 ir
275 3465 7 5 .
316 3446 126 27 £■*"■*•*■="•»•■=
468 3446 37 10 "■»
513 3464 7 9 ,
554 3450 22 22 ,7
618 3448 103 21 blement
733 3449 30 19 de
773 3453 29 15 sa
814 3453 54 16 race
880 3449 24 20 et
916 3449 29 18 de
957 3453 43 15 son
1012 3452 64 18 pays.
1089 3449 54 18 Per-

71 3464 65 20 fixés
154 3465 68 20 ainsi.
240 3465 59 20 Très
316 3464 170 23 humblement,
505 3464 16 19 il
539 3469 13 15 s
560 3468 36 15 m-
618 3477 73 16 sonne
703 3477 31 14 ne
746 3473 53 19 dlra
810 3478 57 14 avec
879 3472 53 23 p]us
945 3472 123 20 d'autorité
1081 3472 62 22 quel-

71 3493 86 24 forme,
171 3493 63 20 ainsi
247 3493 55 25 qu'il
316 3493 44 20 dut
373 3493 23 20 le
409 3493 64 20 faire
487 3493 107 22 souvent,
617 3496 35 20 les
667 3496 79 23 leçons
761 3501 60 16 nous
836 3501 74 15 avons
925 3496 16 20 à
956 3497 104 19 recevoir
1075 3497 30 19 de
1120 3497 24 18 la

72 3522 126 25 autrefois,
215 3522 89 21 devant
319 3522 36 20 les
372 3521 119 21 autorités
506 3522 89 19 nazies.
616 3520 93 21 France
727 3522 24 19 et
767 3523 66 19 aussi
850 3523 118 18 comment
985 3526 59 14 nous
1063 3520 81 24 répon-

606 3546 4 10 '
619 3546 70 19 drons
709 3545 22 20 le
750 3546 79 18 mieux
846 3545 16 19 à
880 3551 27 15 ce
925 3551 45 17 que
989 3546 23 19 la
1031 3545 112 19 véritable

606 3573 3 16 :
618 3569 54 20 élite
686 3569 120 23 française
820 3569 82 20 attend
916 3571 30 18 de
959 3575 66 14 nous.
1039 3570 48 20 Par
1100 3574 43 15 son

73 3550 39 20 On
128 3551 53 20 leur
198 3551 108 25 explique
324 3550 31 20 où
372 3550 31 20 ils
421 3549 98 21 doivent
536 3549 60 21 aller

73 3583 59 16 avec
139 3579 57 21 leur
206 3583 14 15 «
234 3579 115 26 papelard
364 3585 20 13 ».
396 3579 78 24 Alors,
486 3580 20 18 le
517 3579 78 20 même

73 3608 127 20 demande:

102 3647 32 5 —
153 3637 21 21 Il
194 3637 57 20 faut
270 3637 54 20 rien
342 3636 94 26 bayer?

99 3675 34 6 —
142 3665 64 21 Non.

102 3694 34 20 Et
152 3694 17 21 il
185 3699 38 18 va,
240 3694 103 23 rassuré,
361 3694 26 20 et
403 3693 132 21 rasséréné.

103 3723 38 19 En
158 3723 94 21 sortant
268 3723 42 20 des
326 3723 114 25 hangars,
457 3727 62 15 nous
535 3722 51 20 croi-

74 3756 59 15 sons
151 3755 35 16 un
205 3751 100 21 chariot.
325 3752 145 24 Prodigieux
490 3751 108 25 d'aspect

74 3784 28 16 ce
121 3780 99 22 chariot.
237 3780 40 20 Un
294 3780 83 21 bassin
395 3785 31 15 en
441 3780 54 20 zinc
513 3780 75 25 galva-

73 3808 60 25 nisé,
149 3813 46 16 une
209 3809 111 20 machine
334 3809 17 20 k
365 3809 94 24 coudre,
475 3813 34 15 un
524 3808 68 23 balai,

619 3593 104 23 exemple
747 3597 25 18 et
797 3599 43 17 par
864 3595 24 18 la
912 3599 97 17 marque
1034 3596 100 17 éminem-

618 3619 66 18 ment
695 3618 147 22 personnelle
854 3618 28 21 de
893 3624 45 15 son
950 3619 81 21 talent,
1043 3619 21 19 le
1076 3618 29 19 R.
1117 3619 25 19 P.

618 3642 108 20 Henusse
741 3644 37 19 est
793 3642 117 21 lui-même
925 3642 25 20 la
963 3647 86 18 preuve
1063 3642 71 20 vivan-

618 3667 25 20 te
658 3671 46 17 que
719 3667 57 19 c'est
791 3671 30 16 en
836 3667 138 19 demeurant
990 3666 70 21 fidèle
1075 3667 16 19 à
1105 3673 39 15 ses

618 3690 131 21 traditions,
770 3690 16 20 à
805 3695 43 15 son
868 3690 126 23 caractère,
1013 3691 16 20 à
1048 3696 42 15 son
1111 3696 24 14 es-

618 3714 54 23 prit,
687 3714 16 20 à
718 3720 43 14 son
776 3714 81 21 devoir
871 3715 105 20 national
992 3717 23 18 et
1030 3715 16 20 à
1060 3721 38 14 ses
1113 3714 31 21 lé-

606 3737 4 22 !
618 3739 94 21 gitimes
732 3739 83 20 fiertés
835 3744 45 17 que
900 3739 21 21 le
941 3740 71 22 Belge
1033 3739 111 20 méritera

618 3763 73 19 d'être
705 3764 59 19 tenu
779 3768 60 18 pour
854 3769 33 15 un
902 3765 83 21 peuple
1000 3764 50 19 fort
1063 3769 43 15 sur
1121 3765 23 18 la

606 3795 4 12 ;
618 3788 81 22 parole
721 3788 87 22 duquel
829 3792 32 16 on
882 3792 57 19 peut
961 3789 105 22 compter
1087 3793 57 15 sans

618 3812 137 21 restriction.

74 3837 44 20 des
149 3838 102 25 paquets
281 3837 195 26 soigneusement
505 3837 91 24 ficelés,
644 3836 125 22 Signalons
783 3841 44 17 que
841 3836 34 21 les
888 3837 77 21 cartes
979 3837 55 19 sont
1046 3842 30 15 en
1089 3842 55 14 ven-

73 3866 64 20 deux
158 3866 89 20 valises
269 3867 119 24 ventrues,
411 3871 48 15 une
481 3866 115 20 mallette,
605 3855 5 27 l
618 3860 25 21 'e
657 3859 17 20 à
688 3860 112 20 l'Edition
814 3860 143 21 Universelle
972 3862 24 20 et
1010 3866 32 15 au
1056 3860 87 24 collège

73 3895 70 20 Deux
155 3895 103 20 femmes
271 3895 95 21 suivent
378 3900 29 15 ce
420 3895 92 20 convoi.
525 3895 25 20 A
562 3898 35 17 un
617 3884 18 20 s
701 3885 44 18 beL

73 3923 91 25 virage,
186 3923 57 21 elles
272 3923 155 21 s'exclament
455 3928 30 16 en
508 3931 12 13 <
535 3924 60 24 plat-

74 3952 99 20 deutsch
189 3957 21 15 >.
224 3952 65 20 Elles
304 3953 42 19 ont
360 3953 43 19 des
417 3952 179 26 physionomies

73 3981 142 25 grotesques
235 3982 25 19 et
280 3981 164 24 lamentables,
464 3982 27 20 et
510 3985 76 22 cepen-

73 4009 61 20 dant
156 4009 58 20 elles
236 4010 56 19 sont
312 4009 152 21 d'excellente
486 4009 109 21 humeur.

72 4038 100 24 Petites,
193 4038 58 20 elles
269 4038 57 20 sont
344 4038 129 20 chaussées
490 4038 31 21 de
540 4042 45 16 sou-

72 4067 59 20 liers
143 4066 17 20 à
171 4066 80 21 talons
262 4066 66 20 bas...
341 4066 30 20 Je
381 4071 84 21 pense:
478 4067 23 20 si
512 4067 23 20 le
547 4066 48 21 bon

72 4095 90 20 Balzac
175 4095 68 20 avait
255 4099 34 16 vu
300 4099 38 21 ça.

102 4131 40 19 Un
155 4130 96 21 dernier
262 4135 61 20 coup
337 4131 62 18 d'œil
412 4134 43 16 sur
467 4134 41 16 ces
519 4130 65 26 baga-

71 4163 45 21 ges
127 4158 142 21 amoncelés.
281 4158 47 21 Sur
337 4158 62 25 tous,
410 4158 32 21 de
449 4159 146 20 minuscules

72 4187 140 26 étiquettes:
229 4187 86 24 Berlin,
331 4187 70 25 KSln,
416 4187 106 25 Aachen,
537 4187 49 21 Ber-

70 4215 43 25 lin,
124 4216 88 26 Berlin,
224 4220 85 16 encore
319 4215 88 25 Berlin,
417 4215 110 25 toujours
538 4216 57 20 Ber-

55 4257 4 5 .
71 4244 43 20 lin.
124 4244 40 21 On
175 4245 111 25 pressent
298 4248 46 21 que
355 4244 123 25 beaucoup
489 4244 31 20 de
531 4244 64 19 Juifs

72 4273 43 26 «qui
132 4273 44 20 ont
192 4273 26 20 là
234 4273 66 20 leurs
319 4272 108 26 bagages
444 4272 84 22 furent
545 4272 52 21 très

73 4301 79 21 riches
161 4312 32 4 —
202 4301 30 20 ils
243 4303 20 19 le
274 4301 56 20 sont
339 4301 121 25 peut-être
470 4305 85 17 encore
566 4311 30 6 —

72 4331 28 20 et
117 4330 154 25 possédaient
289 4330 61 20 dans
368 4330 23 20 le
410 4334 14 15 c
438 4329 159 21 Kurrursten-

74 4359 56 19 dam
145 4364 14 14 >
184 4358 101 26 quelque
309 4358 144 26 somptueux
477 4358 119 25 magasin.

71 4387 155 21 Maintenant
242 4387 31 20 ils
290 4388 55 20 sont
363 4387 31 20 ici
410 4391 31 17 en
457 4387 96 25 transit,
571 4387 26 20 et

72 4416 26 25 je
112 4416 36 21 les
163 4416 26 20 ai
202 4420 46 16 vus
263 4415 111 21 attendre
388 4414 91 22 devant
492 4415 37 21 les
543 4415 54 25 gul-

96 4444 47 21 lets
163 4445 31 20 de
213 4444 135 26 l'entrepôt,
368 4445 24 20 le
412 4443 90 26 regard
521 4444 75 23 terne,

96 4478 12 15 i
124 4478 49 21 peu
190 4473 91 21 frileux
298 4472 62 21 dans
378 4473 66 20 leurs
462 4473 134 19 vêtements

73 4502 29 20 de
115 4502 79 20 bonne
205 4506 82 21 coupe,
300 4501 108 21 fiumbles
422 4502 44 19 et...
479 4500 108 21 débrouil-

72 4530 75 21 lards.

102 4566 64 26 Trop
183 4565 172 21 débrouillards
370 4570 33 15 au
418 4564 45 26 gré
479 4564 30 21 de
525 4563 62 21 beau-

75 4598 61 22 coup
157 4594 30 21 de
207 4594 94 26 Belges,
323 4598 44 16 car
387 4593 69 21 enfin
474 4597 63 16 ceux
556 4592 43 26 qui

73 4623 140 21 travaillent
226 4623 62 21 dans
301 4623 37 20 les
351 4621 131 22 frontières
497 4621 101 21 étroites

73 4651 32 22 de
123 4652 70 21 notre
211 4652 64 25 petit
293 4655 69 22 pays,
383 4650 32 21 où
433 4650 50 21 l'on
502 4650 100 26 compte'

73 4680 95 25 jusqu'à
179 4680 62 21 deux
252 4681 56 21 cent
318 4680 65 20 mille
394 4679 134 24 chômeurs,
538 4683 49 22 peu-

73 4709 59 20 vent
154 4714 27 16 se
204 4709 130 20 demander
355 4713 60 16 avec
437 4707 101 27 quelque
561 4707 37 21 Jn-

43 4734 11 11 '■
74 4737 111 26 quiétude
205 4742 28 16 ce
252 4742 46 21 que
316 4734 168 28 le^pouvoirs
503 4736 94 26 publics

50 4779 6 6 .
74 4766 124 25 «comptent
214 4766 64 20 faire
296 4770 62 21 pour
376 4766 77 20 éviter
471 4770 46 21 que
536 4769 61 17 nous

52 4807 5 6 *
74 4794 121 21 tombions
212 4799 62 16 nous
292 4796 68 19 aussi
378 4795 60 19 dan3
457 4793 129 22 l'antisémi-

74 4822 79 22 tisme.
168 4823 34 21 Le
214 4823 55 26 plus
283 4824 43 20 sur
338 4827 95 21 moyen,
447 4827 32 17 en
491 4823 56 20 tous
560 4822 37 21 les

75 4856 50 21 cas,
144 4852 76 20 serait
237 4852 30 21 de
285 4856 31 16 ne
335 4856 46 21 pas
399 4851 120 21 assimiler
536 4851 18 21 à
572 4851 26 20 la

75 4880 139 25 population
234 4880 70 26 belge
325 4884 35 16 un
380 4880 140 25 contingent
540 4884 46 22 sup-

73 4908 157 26 plémentaire
241 4909 30 21 de
283 4914 14 15 «
303 4908 117 22 transités
430 4908 146 27 provisoires
582 4914 14 15 »

75 4937 42 26 qui
134 4937 140 26 pourraient
291 4937 127 22 utilement
435 4937 53 21 être
506 4937 91 26 dirigés

74 4970 57 16 vers
150 4965 114 26 l'Empire
284 4966 152 26 britannique
457 4971 31 16 ou
510 4967 75 20 l'Amé-

75 4994 72 24 rique,
159 4999 41 16 ces
207 4999 63 21 pays
279 4995 129 21 immenses
419 4999 31 16 ou
459 4994 103 26 régnent
571 4994 26 22 la

51 5041 6 5 .
75 5015 72 29 livre
165 5024 26 20 et
206 5021 24 22 le
246 5023 84 21 Dollar
347 5023 26 21 et
389 5024 42 25 qui
448 5024 105 25 peuvent
570 5028 27 16 se

74 5055 77 22 payer
163 5051 24 21 le
201 5051 56 21 luxe
270 5050 31 23 de
315 5051 35 22 lès
364 5052 128 20 accueillir.

317 5082 89 18 Robert
420 5081 152 20 MEUNIER.

36 5110 62 31 ifrz-r.
148 5121 43 13 —.
304 5115 23 19 »
329 5114 22 20 ■
353 5115 23 19 »
592 5121 7 19 )

91 5146 59 32 LES
167 5146 210 32 SOUVERAINS
394 5147 181 32 EGYPTIENS

96 5215 13 13 .
182 5187 104 33 IRONT
302 5188 26 31 A
344 5188 150 33 LONDRES

166 5229 48 32 AU
229 5230 109 32 COURS
353 5230 45 31 DE
412 5230 92 32 L'ETE

702 3966 141 46 Grandes
855 3966 210 46 Conférences

662 4030 178 43 Littéraires
853 4036 32 37 et
895 4028 211 45 Conférences

738 4090 143 46 Cardinal
892 4090 136 45 Mercier

647 4167 7 8 '
723 4174 91 37 SALLE
835 4152 217 59 SÂÎNT-MICHEL

669 4228 48 25 LE
741 4229 136 24 SAMEDI
903 4229 21 31 7
949 4227 153 31 JANVIER

741 4267 16 24 à
772 4273 28 22 17
813 4267 91 24 heures
918 4266 109 29 précises

654 4310 122 24 GRAND
786 4311 165 24 CONCERT
963 4311 47 23 DE
1022 4310 93 24 GALA

862 4362 47 22 par

267 5291 15 18 i.
319 5293 112 22 Londres,
446 5293 15 19 6
475 5292 99 25 Janvier.

101 5317 34 21 Le
152 5318 69 22 Daily
239 5318 85 20 Mirror
341 5322 107 15 annonce
464 5322 46 20 que
525 5318 23 21 le
563 5319 37 20 roi

74 5341 98 21 Farouk
187 5343 24 18 et
224 5342 27 20 la
264 5341 65 21 reine
344 5341 88 21 Farida
444 5347 28 15 se
487 5342 113 21 rendront

76 5367 16 20 à
109 5367 105 19 Londres
230 5370 34 16 au
278 5371 71 16 cours
366 5367 30 20 de
410 5365 53 21 l'été
480 5367 120 24 prochain.

79 5442 55 7 —
133 5443 42 19 -,
227 5421 235 36 PROPAGEZ
528 5443 65 8 —

74 5475 78 46 LA
173 5473 223 47 NATION
417 5474 189 48 BELGE

651 4922 73 63 Les
752 4921 119 63 Petits
904 4921 210 62 Chanteurs

670 5015 25 59 à
722 5011 40 62 la
791 5010 112 63 Croix
932 5010 46 61 de
1007 5009 88 62 Bois

653 5105 21 21 la
690 5105 77 21 célèbre
782 5103 82 22 chorale
879 5103 26 21 de
921 5104 80 24 gamins
1016 5103 25 21 de
1057 5103 57 21 Paris

679 5144 143 20 Hâtez-vou»
833 5144 31 20 de
875 5141 89 23 retenir
975 5148 42 15 vos
1030 5142 85 24 places*,

652 5172 43 17 car
707 5169 18 20 U
738 5174 16 18 y
767 5174 61 16 aura
841 5167 65 23 foule
919 5172 59 19 pour
991 5167 124 23 applaudir

652 5197 41 17 ces
708 5194 100 23 «Anffes
823 5193 131 20 descendus
968 5192 32 20 du
1016 5192 98 19 Ciel»!...

716 5264 89 25 Cartes
820 5265 32 23 de
865 5270 15 22 5
893 5264 16 24 à
924 5269 29 23 3°
967 5262 93 24 francs.

655 5303 31 22 La
700 5303 91 23 location
806 5308 31 19 est
852 5307 86 19 ouverte
953 5303 27 21 de
995 5308 12 19 9
1025 5303 21 21 h.
1061 5308 27 19 30
1103 5301 12 21 à

656 5337 24 14 13
696 5331 22 22 h.
733 5335 21 19 et
770 5334 27 20 de
814 5338 24 19 14
855 5333 21 20 h.
892 5338 27 19 30
934 5332 14 21 à
967 5336 25 20 17
1009 5330 21 21 b.
1042 5336 7 15 :
1065 5330 14 21 à
1095 5330 19 20 la

655 5359 84 22 Maison
752 5359 24 23 F.
789 5360 186 24 LAUWERYNS,
990 5365 32 18 20,
1037 5366 35 14 rue
1087 5358 27 21 du

654 5386 142 28 Treurenberjt
809 5390 85 25 (téléph.
909 5391 101 23 17.97.80;
1030 5387 86 22 C.C.P.

654 5414 25 20 n*
695 5416 80 24 "9-53)
790 5419 24 19 et
827 5417 14 20 à
854 5417 22 21 la
889 5415 110 22 NATION
1015 5413 101 24 BELGE,

654 5443 58 25 place
721 5445 27 21 de
758 5445 123 23 Brouckère,
892 5451 26 20 50
928 5446 85 25 (téléph.
1025 5449 90 17 12.21.00

654 5476 14 16 *
680 5473 47 23 04).
1042 5473 70 24 (2317)

1205 469 47 23 les
1281 471 142 28 précisions
1454 477 47 22 que
1532 476 63 17 nous
1625 478 78 15 avons

1176 498 112 24 données
1303 507 45 16 sur
1363 501 35 22 les
1413 498 163 24 antécédents
1591 499 34 22 du
1642 500 62 21 Doc-

1176 528 55 21 leur
1248 528 108 22 Martens
1373 540 32 4 —
1421 527 91 22 ancien
1530 528 111 22 membre
1659 528 44 22 des

1176 555 67 24 deux
1260 557 113 22 Conseils
1391 556 45 22 des
1453 554 131 27 Flandre»,
1601 558 24 22 et
1643 563 60 16 non-

1176 591 61 16 veau
1259 585 111 22 membre
1391 585 31 22 de
1443 583 152 26 l'Académie
1617 587 86 28 royale

1175 612 128 28 flamande
1320 613 31 23 de
1368 612 131 25 médecine
1520 626 28 5 —
1562 616 58 22 sont
1637 621 56 16 com-

1175 641 93 28 plétées
1284 648 48 22 par
1346 642 84 22 divers
1447 641 89 23 dé'uî's
1553 647 47 23 qui
1617 643 85 27 public

1175 671 24 22 la
1222 671 74 22 Libre
1319 670 126 28 Belgique,
1468 671 101 27 d'après
1592 672 110 25 /'Union,

1176 705 92 22 organe
1286 699 31 22 de
1336 698 46 23 l'U.
1399 699 27 22 F.
1443 699 28 22 A.
1489 699 25 22 C.

1205 726 74 22 Dates
1304 726 32 21 dc
1360 726 160 22 nomination
1545 725 73 23 dudit
1642 733 47 21 per-

1174 762 119 22 sonnage,
1309 762 46 22 par
1370 756 24 22 la
1409 756 83 21 bonne
1507 756 74 27 grâce
1598 756 30 22 de
1645 756 47 22 l'au-

1175 783 74 22 torité
1274 782 149 22 allemande.
1447 782 187 23 Interventions
1666 783 35 23 du

1174 811 80 23 même
1277 818 32 16 en
1332 818 46 17 vue
1401 806 18 27 à
1428 813 131 27 organiser
1581 812 36 23 les
1639 813 54 22 rela-

1174 841 66 22 tions
1258 841 35 22 les
1309 841 57 28 plus
1384 841 101 22 intimes
1502 841 70 24 entre
1591 841 34 23 les
1643 842 49 21 traî-

1175 870 50 21 tres
1243 870 127 21 activistes
1388 872 24 20 et
1429 869 36 22 les
1482 876 60 21 gens
1560 870 32 23 de
1609 869 92 22 Berlin.

1175 898 97 28 Voyage
1292 898 34 22 du
1344 897 88 26 même,
1451 904 59 16 sous
1530 898 35 23 les
1584 898 117 28 auspices

1172 927 34 22 du
1226 927 163 22 Gouverneur
1407 926 102 28 général
1529 929 23 20 et
1572 926 44 22 des
1635 927 56 21 mili-

1174 954 76 23 taires
1274 956 147 26 occupants.
1447 954 70 22 Taux
1540 954 45 22 des
1609 954 82 22 alloca-

1173 983 74 26 tions,
1287 983 153 23 indemnités
1480 985 24 21 et
1545 982 155 24 traitements

1173 1011 77 28 pages
1263 1019 32 15 au
1309 1012 80 22 même
1402 1016 48 24 par
1463 1013 35 22 les
1511 1011 70 22 soins
1596 1011 31 22 dc
1642 1011 48 22 l'en-

1173 1040 154 23 vahisseur...
1343 1041 38 21 An
1398 1041 58 22 titre
1474 1040 31 23 de
1523 1039 146 35 professeur
1686 1042 14 19 à

1174 1067 161 22 l'Université
1360 1067 31 22 de
1416 1066 80 25 Gand,
1521 1067 23 21 le
1568 1066 128 28 distingue

1173 1097 140 23 condamné
1329 1097 15 22 à
1359 1098 66 21 mort
1441 1096 126 25 louchait,,
1577 1103 31 15 en
1624 1096 67 28 parti-

1172 1125 88 25 culier,
1290 1124 55 23 huit
1375 1124 68 23 mille
1472 1124 135 27 francs-or.
1636 1124 63 22 Sans

1172 1156 114 26 compter
1297 1155 35 21 les
1344 1154 75 29 petits
1432 1155 133 25 avantages
1577 1153 122 21 d'amour-

1173 1188 106 22 propre;
1296 1188 48 22 par
1362 1183 114 27 exemple
1495 1181 66 22 celui
1581 1181 42 27 qui
1642 1187 48 15 con-

1171 1211 82 23 sistait
1274 1211 16 22 à
1310 1217 27 16 se
1358 1210 66 28 faire
1446 1209 200 30 photographier
1668 1215 30 15 en

1172 1239 148 28 compagnie
1337 1239 142 28 d'officiers
1495 1238 114 23 ennemis
1625 1238 24 21 et
1664 1237 35 22 du

1173 1272 159 22 gouverneur
1356 1272 49 16 von
1429 1266 108 27 Iiissing,
1562 1265 15 23 à
1601 1265 95 23 l'heure

1171 1297 80 23 même
1267 1303 32 16 on
1314 1297 25 22 la
1354 1296 101 23 bataille
1471 1297 30 22 de
1517 1295 132 25 Merckem,
1666 1296 32 21 où

1172 1325 35 23 les
1223 1326 119 21 horreurs
1358 1324 44 23 des
1418 1322 182 30 déportations,
1616 1324 31 21 où
1664 1323 34 22 les

1170 1354 160 27 souffrances
1349 1353 46 23 des
1414 1352 162 29 populations
1597 1351 101 28 loyales,

1172 1382 93 23 étaient
1283 1389 31 15 au
1333 1381 110 23 comble!

1201 1411 34 23 La
1261 1411 74 22 Libre
1361 1410 117 27 Belgique
1504 1408 121 28 rappelle,
1650 1414 47 22 par

1172 1438 109 25 ailleurs,
1300 1439 35 22 les
1353 1443 140 24 promesses
1511 1437 74 27 faites
1604 1444 47 21 par
1668 1437 31 22 M.

1169 1467 95 22 Janson
1286 1473 51 16 anx
1357 1466 104 22 anciens
1484 1465 167 22 combattants
1674 1467 23 20 el

1171 1495 35 22 les
1226 1495 99 28 paroles
1345 1501 47 20 que
1413 1494 22 22 le
1455 1494 47 21 Roi
1522 1492 54 23 leur
1594 1493 103 22 adressa

1171 1524 21 22 le
1206 1525 14 21 2
1234 1524 80 27 juillet
1329 1523 59 22 1937
1405 1529 9 17 :
1429 1531 11 11 «
1453 1523 28 22 Je
1495 1521 122 25 veillerai,
1632 1529 65 22 pour

1170 1559 38 17 ma
1221 1554 63 27 part,
1298 1552 62 22 dans
1373 1553 22 21 la
1409 1557 97 17 mesure
1519 1551 44 22 des
1576 1552 120 27 pouvoirs

1169 1587 48 21 que
1236 1576 141 28 m'attribue
1397 1582 22 21 la
1438 1578 179 28 Constitution,
1634 1580 15 22 h
1668 1587 29 16 ce

1169 1615 48 22 que
1236 1610 43 22 des
1297 1608 204 22 considérations
1520 1607 143 30 étrangères
1682 1616 13 15 j

1169 1637 74 23 celles
1262 1638 30 22 de
1310 1637 23 22 la
1351 1636 95 23 Justice
1465 1639 24 20 et
1507 1636 31 23 de
1557 1637 23 23 la
1600 1636 95 30 dignité

1168 1666 127 22 nationale
1330 1671 31 17 ne
1396 1664 114 28 puissent
1545 1666 73 22 avoir
1651 1672 43 16 sur

1168 1694 109 23 celles-ci
1299 1700 49 16 une
1369 1693 126 28 primauté
1516 1694 43 27 qui
1580 1693 114 29 pourrait

1169 1723 101 21 heurter
1299 1722 22 22 la
1350 1722 151 23 conscience
1530 1722 34 23 du
1593 1728 70 22 pays.
1685 1731 10 10 »

1168 1750 51 27 Que
1243 1751 65 22 cette
1332 1749 151 23 conscience
1507 1750 85 28 risque
1617 1750 77 22 d'être

1169 1777 102 24 heurtée
1294 1785 47 21 par
1364 1778 36 22 les
1423 1778 129 23 honneurs
1575 1778 122 23 décernes

1167 1806 192 28 officiellement
1375 1807 14 22 à
1406 1813 33 16 nn
1457 1807 112 22 mauvais
1586 1806 109 29 citoyen,

1168 1835 73 22 exclu
1257 1842 96 16 comme
1369 1836 34 22 tel
1417 1836 31 21 de
1464 1834 157 29 l'éligibilité,
1636 1835 60 23 c'est

1168 1868 29 16 ce
1222 1862 44 28 qui
1289 1862 77 21 serait
1391 1862 181 27 difficilement
1598 1863 86 21 contes-

1168 1892 73 23 table.
1259 1893 31 21 Et
1307 1899 28 15 ce
1353 1892 62 22 n'est
1434 1898 45 20 pas
1496 1893 22 21 le
1535 1892 47 27 fait
1600 1898 47 22 que
1664 1891 30 24 If.

1167 1920 108 23 Martens
1290 1927 16 16 a
1320 1920 88 28 soigné
1424 1920 85 22 divers
1526 1926 169 21 personnages

1168 1949 56 27 plus
1248 1955 33 16 on
1304 1949 83 22 moins
1410 1947 164 26 consulaires,
1598 1944 111 26 commet

1723 472 55 23 MM.
1790 479 47 16 van
1849 472 109 23 Zeeland
1969 475 23 20 et
2004 475 31 21 de
2045 474 64 24 Man,
2121 474 44 27 qui
2176 480 65 21 pour-

1724 499 49 22 rait
1798 499 111 27 changer
1933 499 106 28 quelque
2064 500 76 22 chose
2164 501 15 21 à
2203 507 46 16 son

1724 535 49 18 cas,
1793 529 33 22 du
1845 528 72 28 point
1936 530 32 22 de
1988 536 46 17 vue
2054 530 31 22 où
2105 535 63 16 nous
2187 536 63 16 nous

1723 557 113 28 plaçons.

1752 585 37 21 En
1813 590 12 15 s
1835 586 125 25 opposant
1985 585 217 27 vigoureusement
2235 593 14 14 u

1723 620 48 17 une
1795 619 98 16 mesure
1917 614 44 27 qui
1983 615 77 22 serait
2084 615 24 21 la
2131 612 117 31 négation

1722 642 32 23 dc
1771 644 52 20 tout
1840 641 79 28 esprit
1936 642 32 22 dc
1984 642 91 28 justice
2092 643 23 21 et
2132 641 32 22 de
2182 643 67 21 tonte

1722 670 114 23 moralité
1851 670 135 25 nationale,
2001 672 36 23 les
2051 670 114 23 vétérans
2180 670 31 22 de
2226 671 23 21 lu

1721 704 89 23 guerre
1821 700 58 21 sont
1891 698 67 23 donc
1971 700 52 22 tout
2035 701 14 21 à
2060 698 47 29 f-ait
2120 698 63 22 dans
2196 698 53 22 leur

1723 728 52 22 rôle
1791 730 23 19 et
1830 727 63 22 dans
1910 728 54 21 leur
1979 728 75 23 droit.
2070 725 179 31 L'expérience

1722 762 94 22 prouve
1834 762 47 21 que
1898 755 124 23 l'autorité
2039 764 15 15 a
2070 762 29 15 en
2116 755 50 22 très
2183 762 56 15 rare-

1722 793 67 20 ment
1811 791 16 22 à
1849 797 27 16 se
1898 790 112 28 féliciter
2031 790 99 24 d'avoir
2151 789 97 29 négligé

1722 826 27 16 ce
1769 825 76 22 genre
1867 819 31 22 dc
1919 820 183 22 remontrance.
2123 819 21 21 Il
2164 818 85 22 arriva

1721 848 80 22 même
1819 854 31 16 un
1866 848 64 28 jour,
1946 848 15 22 à
1976 854 94 21 propos
2087 848 74 21 d'une
2179 853 59 22 ques-

1721 876 53 22 tion
1789 876 32 23 dc
1835 876 24 22 la
1872 875 81 23 même
1967 876 96 28 espèce,
2078 882 47 22 que
2140 875 107 28 l'affaire

1720 904 77 28 faillit
1835 905 105 20 tourner
1977 904 271 29 exceptionnellement

1721 932 73 24 mal...

1750 1003 68 22 Pour
1832 1002 73 23 avoir
1918 1003 114 27 exprimé
2047 1004 71 23 l'avis
2133 1010 47 21 que
2196 1010 43 16 cer-

1721 1031 65 23 tains
1797 1032 127 27 journaux
1936 1032 31 22 de
1980 1040 46 15 son
2038 1032 67 29 parti
2116 1034 58 21 sont
2185 1031 62 24 allés

1722 1066 33 16 un
1768 1066 49 22 peu
1831 1059 52 23 loin
1898 1059 63 23 dans
1976 1060 93 27 l'éloge,
2083 1060 15 22 à
2111 1060 135 22 l'occasion

1721 1087 31 22 de
1777 1087 25 22 la
1825 1086 154 28 disparition
2003 1088 107 22 d'Emile
2136 1087 99 23 Vander-

1720 1116 80 25 velde,
1819 1117 31 23 M.
1869 1116 87 23 Pierre
1976 1118 126 22 Xothomb
2122 1117 59 23 s'est
2200 1117 46 28 fa>'t

1720 1144 107 28 injurier
1841 1145 188 34 copieusement
2043 1153 47 22 par
2104 1145 85 22 divers
2204 1152 33 22 po-

1720 1172 111 22 lémistes
1855 1172 18 21 d
1882 1172 225 29 extrême-gauche.
2131 1172 60 23 Cela
2214 1179 32 16 ne

1719 1208 64 16 nous
1802 1202 151 28 empêchera
1971 1209 45 21 pas
2034 1204 32 23 de
2084 1202 55 23 dire
2158 1209 56 21 que,
2232 1206 15 19 à

1722 1229 72 22 notre
1819 1229 62 25 avis,
1906 1230 24 21 et
1954 1229 64 23 dans
2043 1230 152 25 l'ensemble,
2221 1230 22 23 le

1720 1258 118 22 sénateur
1852 1259 144 29 catholique
2011 1267 15 16 a
2040 1262 53 20 tout
2108 1260 15 22 à
2137 1260 47 27 fait
2199 1259 40 23 rai-

1718 1293 55 17 son.

1747 1315 22 22 11
1781 1317 37 21 est
1830 1316 178 28 parfaitement
2019 1316 112 29 possible
2144 1316 31 23 de
2188 1323 48 15 con-

1720 1343 80 26 cilier,
1820 1350 31 16 en
1871 1345 68 22 toute
1959 1343 157 27 éventualité,
2136 1344 25 23 la
2179 1344 58 29 défé-

1719 1378 75 17 rence
1814 1375 24 20 et
1857 1373 25 22 la
1900 1372 105 26 charité,
2025 1374 46 23 dus
2091 1380 51 16 aux
2159 1376 86 23 morts,

1719 1407 60 17 avec
1796 1401 35 23 les
1848 1401 80 23 droits
1945 1401 31 23 de
1992 1401 24 23 la
2032 1402 87 26 vérité,
2135 1401 22 24 te
2173 1403 73 22 souci

1719 1429 31 23 de
1769 1429 100 29 l'équité
1888 1431 24 21 et
1930 1430 24 22 la
1971 1430 169 28 pondération
2158 1431 34 22 du
2210 1431 26 28 ju-

1718 1459 107 26 gement.
1847 1457 101 24 D'autre
1971 1460 64 26 part,
2066 1458 36 23 les
2132 1459 113 22 hommes

1718 1486 107 27 publics,
1838 1487 98 22 surtout
1950 1492 64 17 ceux
2026 1488 45 28 qui
2083 1489 44 21 ont
2140 1488 57 28 joué
2212 1494 33 16 un

1718 1516 68 21 aussi
1803 1514 81 29 grand
1901 1513 53 23 rôle
1972 1521 46 21 que
2036 1516 23 23 le
2075 1516 43 28 feu
2136 1516 59 28 chef
2212 1516 33 23 du

1718 1545 67 25 parti
1799 1542 136 26 socialiste,
1950 1543 111 24 relèvent
2075 1545 31 23 de
2122 1546 24 21 la
2159 1551 86 22 presse

1718 1574 24 21 et
1759 1572 32 22 de
1809 1572 132 32 l'opinion,
1958 1573 80 23 même
2056 1575 15 21 à
2088 1573 95 22 l'heure
2201 1573 44 22 des

1719 1600 30 20 de
1753 1600 79 26 plural
1837 1600 54 21 ions
1916 1601 25 21 et
1964 1600 45 22 des
2033 1600 117 23 oraisons
2172 1600 62 28 funè-

1718 1629 64 22 bres.
1800 1628 79 23 Même
1897 1629 16 23 à
1931 1630 64 22 cette
2013 1628 120 27 heure-là,
2152 1636 33 15 on
2204 1636 40 16 na

1718 1664 44 21 pas
1784 1658 23 22 le
1829 1657 69 22 droit
1920 1657 30 23 de
1973 1657 98 23 donner
2092 1664 31 15 au
2145 1660 99 26 respect

1717 1685 149 24 commandé
1879 1692 47 22 par
1938 1686 25 23 la
1975 1687 175 22 circonstance
2164 1686 22 22 le
2199 1693 44 22 pas

1729 1721 31 16 ur
1774 1715 35 22 les
1824 1714 102 23 devoirs
1941 1720 89 17 envers
2045 1715 24 22 la
2083 1713 160 24 collectivité.

1716 1744 35 22 La
1771 1742 187 29 complaisance
1979 1750 61 16 avec
2061 1742 107 29 laquelle
2189 1742 44 29 plu-

1715 1771 82 23 sieurs
1812 1771 100 28 feuilles
1927 1772 157 28 catholiques
2100 1772 31 22 de
2147 1771 96 28 gauche

1717 1803 43 20 ont
1782 1799 127 29 apprécié,
1931 1805 66 22 pour
2015 1800 70 23 ainsi
2106 1799 56 23 dire
2184 1806 59 16 sans

1717 1827 106 26 réserve,
1837 1829 104 22 l'cenvre
1954 1828 124 29 politique
2091 1829 32 23 de
2136 1829 31 22 M.
2182 1828 51 22 Van-

1715 1856 126 26 dervelde,
1864 1857 63 22 n'est
1949 1856 66 24 donc
2037 1863 46 22 pas
2104 1857 138 23 seulement

1716 1891 48 17 une
1786 1885 145 23 aberration
1953 1888 24 21 et
1999 1892 48 16 une
2069 1885 173 29 imprudence.

1716 1914 64 24 C'est
1796 1920 92 16 encore
1905 1920 33 16 un
1954 1914 119 22 scandale
2089 1914 32 23 de
2138 1913 17 17 r
2154 1913 86 31 esprit.

2141 1950 29 22 R.
2185 1950 27 22 P.

2274 308 33 57 A
2329 308 169 59 Travers
2520 308 59 59 les
2602 309 197 59 Journaux

2870 302 395 79 FAITS
3338 304 505 81 DIVERS

2837 460 34 37 |A
2891 464 33 29 LA
2945 463 190 30 MOUTONNERIE
3155 463 159 30 CAMPINOISE

2898 500 18 16 Q,
2940 503 31 10 nui
2995 499 49 14 Ste-C
3052 499 18 13 ni
3074 498 68 15 lierinp,
3168 499 83 13 liruxPJIf
3253 502 15 10 s.

2878 526 13 14 3
2893 529 20 11 ru
2915 525 24 15 ml
2956 525 86 18 arrivage
3058 526 23 14 do
3098 525 86 15 moutons
3201 525 111 15 hollandais.

2838 542 4 23 |
2854 545 36 17 Ces
2915 546 82 16 v.an.:o3,
3024 545 23 15 de
3070 545 71 17 <iunllté
3169 545 143 18 Incomparable,

2858 567 57 13 leiunt
2930 564 83 17 débitées
3028 565 32 15 riûrf
3076 566 73 14 demain
3165 566 71 15 «timedl
3255 568 5 12 :
3276 568 37 12 aux

2369 410 167 37 L'imbroglio
2554 411 32 30 de
2604 411 100 38 Burgos

2302 457 68 25 Cette
2386 459 91 28 affaire
2494 459 31 22 de
2541 459 95 26 Burgos
2653 460 88 22 tourne
2758 460 31 23 dé-

2271 486 126 23 cidément
2414 493 30 16 au
2462 487 148 22 vaudeville.
2627 487 69 25 Mais,
2713 488 15 22 à
2744 488 55 23 côté

2271 516 30 22 dc
2317 515 102 33 l'aspect
2435 515 123 28 comique,
2574 516 46 21 elle
2635 522 31 16 en
2682 517 68 21 revêt
2766 523 32 15 un

2273 546 70 21 autre
2358 543 146 30 infiniment
2518 551 76 19 grave
2609 551 47 21 que
2671 545 23 21 lu
2709 543 78 27 Métro-

2274 572 56 30 pole
2346 573 57 27 met,
2419 579 97 16 comme
2533 579 70 19 nous,
2620 580 30 15 en
2667 574 111 22 lumière.

2301 601 33 22 Le
2363 601 101 27 journal
2494 601 143 28 catholique
2668 603 129 21 anversois

2270 630 55 28 juge
2349 627 149 25 intolérable
2521 629 25 22 la
2567 629 115 28 pression
2705 636 48 21 que
2776 629 22 23 le

2270 658 67 27 parti
2350 657 129 23 sociulistc
2493 664 90 16 exerce
2596 665 45 15 sur
2655 658 22 22 le
2691 658 60 28 chef
2764 659 34 21 du

2269 688 196 25 gouvernement
2483 691 65 23 pour
2564 685 65 27 faire
2647 688 101 20 avorter
2766 693 31 15 ou

2269 721 65 22 pour
2353 717 117 20 entraver
2489 714 35 22 les
2543 713 174 29 négociations
2736 721 61 15 avec

2270 742 22 24 te
2314 742 103 28 général
2440 743 106 23 Franco,
2570 744 22 20 et
2617 742 17 22 il
2657 748 86 22 presse
2766 738 45 26 M.\
2841 751 41 18 le
2903 750 62 19 FEU
2986 751 20 18 A
3027 750 139 19 IXELLES.
3186 760 28 3 —
3234 750 76 22 Jeudi,
3332 756 15 14 a

2269 772 82 27 Spaak
2363 772 30 22 de
2405 772 119 23 montrer,
2536 777 47 21 par
2594 770 44 22 des
2648 771 76 24 ■actes,
2737 770 60 29 qu'il
2817 776 25 18 22
2867 776 27 20 h.,
2919 775 33 18 les
2975 774 118 24 pompkra
3117 775 14 18 d
3139 775 83 18 Ixelles
3245 775 42 19 ont
3310 773 36 22 éc^

2269 801 36 22 est
2321 800 75 27 digne
2412 801 32 21 de
2460 806 39 15 ses
2514 798 87 28 galons
2620 805 8 16 ;
2817 800 94 23 appelés
2929 805 30 14 au
2979 804 21 16 n,
3019 800 36 18 104
3075 800 28 19 de
3122 800 23 20 la.
3163 804 40 14 rue
3221 799 124 19 Lesbr.us-

2774 844 5 5 .
2817 828 57 21 sart,
2888 826 30 20 où
2932 832 32 14 un,
2977 827 106 19 incendie
3097 827 79 18 venait
3189 827 28 19 de
3230 833 26 14 se
3269 826 75 19 décla-

2294 857 28 4 —
2337 846 55 21 Pour
2406 846 19 21 le
2440 848 92 17 moment
2547 849 20 16 et
2583 844 72 24 depuis
2668 844 54 20 deux
2738 849 58 15 mois.
2817 856 6 13 ,
2835 856 5 6 >
2844 856 10 13 r
2855 864 5 5 .
2881 850 16 18 L
2900 854 12 14 e
2932 851 10 17 f
2944 855 27 14 eu
2991 855 30 14 aV
3023 850 33 18 ait
3077 855 7 18 j
3093 850 32 18 ris
3145 850 123 18 naissance
3288 854 58 18 pour

2269 876 20 19 la
2306 874 97 25 Belgique
2418 878 31 18 est
2464 880 27 14 cn
2509 873 69 21 réalité
2593 879 50 14 sous
2659 874 19 19 la
2694 873 101 20 dictature
2816 880 45 14 une
2882 879 70 14 cause
2973 880 83 14 encore
3078 874 122 22 inco.mue,
3220 874 59 19 dans
3301 879 44 15 une

2269 904 26 21 dc
2312 904 20 20 la
2351 904 83 20 Maison
2451 903 29 20 du
2499 902 82 24 Peuple,
2599 908 27 14 ou
2645 902 69 23 plutôt
2732 903 25 20 de
2775 902 20 19 la
2805 894 4 18 '
2816 900 41 20 des
2872 904 77 15 caves.
2965 899 74 24 Après
3055 899 67 23 vin^t
3137 899 102 19 minutes
3256 900 27 18 de
3299 900 48 18 tra-

2270 932 87 21 fraction
2373 932 116 21 extrémiste
2503 932 36 20 des
2555 937 93 14 meneurs
2663 931 25 20 de
2704 931 19 20 la
2739 931 70 20 Mai-(
2815 925 46 19 vail
2863 938 5 8 -
2886 925 33 18 les
2936 926 137 18 sjuveteurs
3092 924 88 19 étaient
3197 929 117 18 parvenus
3331 924 13 19 à

3335 392 29 18 •S
3376 397 4 7 •

2874 606 66 18 GigOtl

3128 606 42 15 6.—
3181 606 16 15 le
3210 606 101 15 demi-kilo.

2876 625 75 18 RafioOt

3129 626 42 15 4.—
3183 626 16 15 le
3211 626 102 15 rieml-klio.

2873 646 80 17 Kpauljs

3125 647 10 14 A
3145 647 22 14 50
3180 646 16 15 le
3207 646 102 15 demi-kilo.

2875 667 102 14 Côtelette»

3127 666 18 16 8.
3146 674 24 3 —
3182 666 16 15 le
3210 666 102 15 dcmi-kllo-

3259 686 51 17 U3BI

1581 2052 658 97 Chronique

1687 2162 4 5 ■
1701 2158 31 16 k<

1196 2197 104 20 Bulletin
1315 2196 197 24 météorologique
1527 2197 32 19 du
1574 2198 14 18 6
1602 2196 92 24 Janvier

1315 2225 8 20 (
1328 2222 110 21 Deuxième
1456 2223 94 21 bulletin)

1196 2248 46 20 Une
1256 2249 55 19 crête
1326 2247 159 26 anticyclonique
1498 2255 23 13 se
1535 2253 70 15 trouve
1619 2248 65 19 actuel-

1171 2274 73 19 lement
1267 2280 35 13 sur
1323 2274 71 19 l'ouest
1416 2274 26 19 du
1465 2280 48 17 pays
1535 2274 65 19 tandis
1622 2274 73 22 qu'une

1170 2300 52 19 suite
1236 2300 24 19 de
1274 2300 147 22 perturbations
1434 2306 21 13 se
1468 2299 82 23 déplace
1561 2305 36 13 sur
1609 2299 83 19 l'Ocvan

1168 2332 27 12 en
1213 2326 97 18 direction
1329 2325 89 19 nord-est
1436 2328 19 16 et
1474 2325 101 19 influence
1592 2325 18 19 le
1629 2328 64 19 temps

1170 2351 24 19 de
1210 2351 102 19 l'Irlande.

1174 2385 11 14 v
1195 2376 57 20 Nous
1266 2377 108 18 observons
1388 2379 30 16 cet
1432 2376 118 23 après-*uidi
1564 2382 36 13 sur
1613 2376 20 18 la
1649 2376 34 18 Bel-

1169 2402 59 23 gique
1248 2402 35 19 des
1302 2405 57 16 vents
1379 2401 92 21 modérai
1490 2402 13 19 â
1524 2401 72 19 faibles
1615 2401 77 19 d'ouest

1169 2430 13 18 à
1197 2427 122 22 nord-ouest,
1335 2433 27 13 un
1376 2427 38 19 ciel
1430 2433 92 16 nuageux
1537 2427 42 18 très
1594 2427 97 18 brumeux

1170 2456 19 16 et
1205 2453 35 19 des
1256 2453 60 19 bancs
1333 2453 24 19 de
1372 2452 111 20 brouillard
1498 2458 49 13 avec
1563 2458 38 13 une
1617 2452 65 23 tempé-

1171 2482 67 16 rature
1254 2478 98 22 comprise
1368 2481 57 16 entre
1440 2488 28 4 —
1469 2478 11 18 2
1496 2481 21 16 et
1535 2479 43 19 +4.

1195 2503 73 23 Temps
1283 2503 93 23 présumé
1398 2509 5 13 :
1420 2503 64 19 Vents
1500 2503 91 19 modérés
1607 2502 12 20 à
1634 2508 57 13 assez

1171 2529 51 19 forts
1240 2529 25 19 de
1283 2529 39 19 sud
1339 2530 12 19 à
1369 2528 112 22 sud-ouest,
1500 2534 94 17 nuageux
1611 2531 20 16 et
1650 2528 42 19 très

1169 2555 98 19 brumeux
1287 2555 19 18 le
1325 2554 63 19 matin
1408 2559 88 17 pouvant
1517 2560 21 13 se
1558 2553 81 20 couvrir
1658 2560 24 12 en-

1169 2580 52 19 suite
1238 2583 20 16 et
1275 2580 76 19 donner
1368 2580 24 19 de
1410 2580 20 18 la
1448 2580 53 23 pluie
1518 2582 13 19 à
1548 2579 70 20 l'ouest
1636 2579 55 22 gelée

1169 2609 102 18 nocturne,
1291 2606 18 19 le
1327 2606 48 22 jour
1393 2605 135 23 température
1547 2611 22 13 se
1586 2605 106 19 modérant

1167 2632 14 19 à
1200 2631 78 20 l'ouest.

1197 2656 37 20 Les
1251 2656 145 23 températures
1412 2658 13 19 à
1443 2657 24 18 13
1484 2656 84 19 heures:
1588 2657 23 18 16
1628 2655 12 19 â
1657 2656 25 19 Al-

1168 2688 42 16 ger,
1226 2683 23 18 U
1263 2683 13 19 à
1290 2681 106 21 Lisbonne,
1410 2683 12 17 9
1435 2684 13 19 à
1461 2682 69 21 Rome,
1545 2682 11 18 S
1570 2682 13 19 à
1597 2681 95 21 Ostende,

1169 2707 13 19 à
1201 2707 96 22 Londres,
1317 2708 11 18 3
1348 2709 13 19 à
1381 2707 65 22 Paris,
1465 2706 92 23 Utrecht,
1577 2707 13 19 2
1609 2707 12 19 à
1642 2706 40 19 Bru-

1168 2733 69 22 xelles,
1254 2734 8 17 1
1279 2735 12 19 à
1307 2732 57 22 Brée,
1379 2732 66 20 Sofia.
1459 2733 12 18 0
1486 2733 12 19 à
1514 2733 70 21 Berne,
1600 2732 92 22 C'uimay,

1167 2768 28 4 —
1197 2759 9 18 1
1223 2759 12 19 à
1252 2758 107 22 Budapest,
1375 2758 142 22 Copenhague;
1533 2768 27 4 —
1561 2758 12 19 2
1588 2757 12 19 à
1618 2757 73 22 Berlin,

1170 2783 86 23 Prague,
1276 2793 27 4 —
1304 2784 11 19 3
1337 2783 13 19 à
1371 2783 121 23 Reykjavik,
1514 2783 85 23 Dorpat,
1619 2793 26 4 —
1647 2783 11 19 5
1679 2783 13 19 à

1172 2809 55 21 Oslo,
1253 2809 58 22 Riga,
1336 2809 106 22 V.-rsovie,
1465 2809 40 19 —9
1529 2811 14 20 à
1567 2808 124 23 Stockholm,

1169 2843 28 5 —
1198 2835 23 18 11
1239 2836 13 19 à
1270 2834 136 23 Helsingfors.

1346 2860 145 19 Observations
1508 2866 7 7 •

1171 2884 144 23 Température
1332 2885 12 20 à
1364 2886 22 18 13
1403 2885 73 19 heures
1592 2885 12 18 2
1621 2883 71 24 degrés

1173 2910 116 19 Baromètre
1426 2911 69 18 1020.6
1511 2910 33 19 mb
1559 2916 26 13 ou
1602 2910 44 19 765.
1648 2912 43 16 Dé¬

1625 2938 66 16 monte

1601 2961 13 19 0
1630 2961 19 18 h.
1667 2961 24 18 30

1563 2987 13 19 3
1592 2986 71 23 degris
1680 2987 10 17 3

1564 3013 39 17 —2
1620 3011 71 23 degrés

1596 3037 24 19 85
1638 3042 20 17 p.
1675 3043 17 12 c.

1619 3063 44 18 0"""
1679 3063 12 18 3

1521 3092 66 16 ouest-
1589 3088 103 19 sud-ouest

1588 3114 12 19 3
1618 3114 73 18 mètres

1555 3139 22 19 8°
1594 3140 25 18 28
1634 3143 56 15 ouest

1542 3170 38 16 peu
1598 3170 94 16 nuageux

1170 2936 106 19 Ten.nnce
1294 2935 148 23 barométrique

1171 2961 110 19 Insolation

1169 2987 145 22 Température
1329 2986 110 20 maximum

1170 3012 144 23 Température
1331 3012 105 19 minimum

1170 3037 105 20 Humidité

1170 3063 155 22 Pr-cipitatïons

1171 3088 104 20 Direction
1296 3088 27 19 du
1344 3091 48 16 vent

1170 3114 81 19 Vitesse
1268 3114 28 19 du
1314 3117 47 16 vent

1171 3139 129 19 Déclinaison
1316 3139 127 23 magnétique

1171 3164 42 20 Ciel

1171 3190 65 19 Solei:
1252 3190 54 19 lever
1321 3190 12 19 7
1348 3190 19 19 h.
1383 3191 31 19 44.
1429 3190 85 19 coucher
1531 3191 22 18 15
1571 3190 20 20 h.
1606 3191 33 19 53.

1170 3215 67 20 Lune:
1254 3215 54 19 lever
1325 3216 23 18 18
1362 3216 20 19 h.
1398 3216 31 21 38,
1444 3216 85 19 coucher
1543 3216 13 18 8
1571 3215 20 21 h.
1608 3216 31 20 17.

1171 3240 92 20 Marées:
1281 3241 88 19 Ostende
1385 3242 12 18 0
1414 3241 20 19 h.
1450 3241 25 19 43
1491 3244 21 16 et
1530 3241 23 19 13
1570 3240 21 20 h.
1606 3241 33 20 05.

1211 3275 29 5 —
1284 3266 81 20 Anvers
1382 3267 12 18 3
1411 3266 21 20 h.
1448 3267 25 17 44
1490 3270 21 16 et
1529 3267 24 18 16
1569 3266 19 20 h.
1606 3267 32 18 09.

1424 3325 87 20 Visites
1528 3325 95 24 guidées

1356 3350 43 20 des
1414 3350 95 20 Musées
1525 3351 28 19 de
1570 3350 121 20 Bruxelles

1197 3383 38 20 Les
1253 3383 130 23 participants
1400 3387 13 18 à
1429 3384 20 19 la
1466 3384 97 23 première
1581 3384 59 19 visite
1656 3383 35 20 des

1170 3409 79 19 musées
1264 3415 77 16 royaux
1356 3409 53 20 d'art
1424 3413 19 16 et
1459 3409 102 20 d'histoire
1576 3413 46 15 sont
1637 3409 54 22 priés

1171 3434 23 19 de
1208 3440 21 13 se
1244 3434 69 20 réunir
1326 3434 50 19 dans
1390 3435 19 18 la
1424 3434 49 20 salle
1487 3435 34 19 des
1535 3435 130 19 conférences
1678 3434 13 19 à

1172 3460 23 18 10
1210 3460 20 19 h.
1246 3459 30 20 15.
1291 3459 75 20 Entrée
1380 3466 37 17 par
1430 3460 91 19 l'avenue
1535 3459 35 20 des
1585 3460 105 19 Nerviens.

1171 3485 38 20 Les
1224 3488 65 16 cartes
1305 3488 67 16 seront
1386 3485 89 23 exigées.

1197 3510 29 19 La
1244 3510 83 20 seconde
1345 3510 59 20 visite
1422 3516 50 13 aura
1482 3510 50 25 .lieu
1550 3511 19 19 le
1587 3510 104 20 dimanche

1172 3535 22 19 15
1208 3535 81 23 janvier
1301 3536 35 19 dès
1349 3536 18 19 le
1380 3536 65 19 mardi
1461 3536 30 21 10,
1504 3536 28 18 les
1544 3539 66 16 cartes
1623 3539 67 16 seront

1169 3566 62 14 mises
1246 3562 13 20 i
1275 3561 20 19 la
1310 3560 117 24 disposition
1444 3561 24 19 de
1484 3567 35 13 nos
1534 3561 114 22 adhérents,
1664 3567 26 13 au

1169 3586 118 19 secrétariat
1299 3586 34 19 des
1346 3592 12 13 «
1366 3587 57 19 Amis
1435 3586 24 20 de
1474 3587 27 19 La
1514 3586 75 19 Nation
1604 3586 59 23 Belge
1671 3592 19 15 »,

1170 3612 32 21 50,
1216 3611 56 23 place
1286 3611 25 19 de
1325 3612 121 22 Brouckère,
1461 3612 25 20 de
1499 3611 13 19 9
1526 3611 13 19 à
1554 3612 24 18 12
1592 3615 20 16 et
1626 3612 25 19 de
1667 3612 22 19 15

1170 3639 14 19 à
1203 3637 24 19 18
1243 3637 20 19 h.
1283 3637 31 19 15.
1333 3637 106 23 (Comm.).

1359 3696 21 19 A
1396 3696 155 20 l'ambassade
1567 3697 32 19 du
1614 3696 76 20 Brésil

1196 3722 32 19 On
1248 3721 78 23 prévoit
1345 3722 18 19 le
1382 3722 96 23 prochain
1497 3722 71 23 départ
1588 3722 23 19 de
1631 3722 50 19 Was-

1168 3747 83 23 hington
1267 3753 51 18 pour
1332 3748 105 19 Bruxelles
1452 3748 24 19 de
1490 3747 159 20 l'ambassadeur
1663 3748 27 18 du

1171 3772 71 23 Brésil,
1261 3773 29 19 M.
1309 3773 97 19 Pitnentel
1424 3773 100 19 Brandao.
1541 3773 18 19 Il
1576 3779 46 13 sera
1641 3779 41 13 rem-

1168 3798 58 23 placé
1246 3798 13 19 à
1279 3798 135 23 Washington
1434 3804 35 17 par
1489 3798 80 20 l'actuel
1589 3798 92 19 ambassa-

1169 3823 50 19 deur
1229 3824 14 20 à
1257 3823 110 22 Bruxelles,
1380 3823 30 19 M.
1422 3824 87 19 Martins
1522 3824 81 19 Pereira
1617 3824 73 19 Souza.

1398 3886 110 19 Travaux
1523 3891 32 15 en
1569 3886 122 20 Flandre...

1194 3912 42 20 Des
1253 3915 87 16 travaux
1357 3915 45 16 sont
1419 3912 88 23 projetés
1524 3912 50 19 dans
1590 3912 20 19 la
1627 3912 64 22 partie

1171 3936 100 21 flamande
1292 3937 26 19 du
1339 3943 56 18 pays.
1416 3937 38 20 Les
1473 3940 153 19 entrepreneurs
1646 3936 36 23 pré-

1170 3965 77 17 sentent
1266 3963 54 18 leurs
1339 3962 137 20 soumissions.
1495 3962 61 22 Mais,
1575 3962 64 23 parmi
1658 3968 33 13 ces

1168 3991 161 19 entrepreneurs,
1348 3988 14 18 il
1380 3994 25 12 en
1425 3990 30 17 est
1473 3988 34 22 qui
1526 3993 26 14 ne
1570 3994 22 13 se
1610 3991 81 15 servent

1169 4019 38 17 que
1224 4013 27 19 du
1269 4013 96 22 français.
1383 4013 198 21 L'Administration,
1599 4012 92 22 aussitôt,

1169 4044 22 13 se
1208 4038 89 19 hérisse:
1316 4044 24 13 ce
1358 4038 50 20 n'est
1426 4044 35 16 pas
1480 4038 109 19 seulement
1607 4038 20 18 la
1645 4043 45 13 sou-

1168 4063 83 20 mifVon
1263 4063 34 24 qui
1310 4063 41 19 doit
1363 4063 43 19 être
1418 4063 62 20 écrite
1491 4069 25 13 en
1530 4063 98 22 flamand,
1639 4063 51 19 mais

1168 4089 55 19 aussi
1236 4092 45 16 tous
1292 4089 29 19 les
1333 4089 117 18 documents
1461 4088 95 21 annexés,
1569 4091 121 16 notamment

1169 4114 19 19 1«
1205 4114 64 19 métré
1287 4119 50 14 avec
1355 4114 28 19 les
1402 4114 46 22 prix
1466 4113 98 20 unitaires
1581 4119 26 13 en
1624 4116 66 16 toutes

1169 4139 76 20 lettres.
1261 4139 59 19 Voici
1337 4145 38 13 une
1392 4139 58 19 lettre
1466 4139 93 19 adressée
1577 4144 37 18 par
1630 4138 60 19 ladite

1169 4164 161 19 administration
1352 4164 12 20 à
1386 4170 39 13 une
1447 4163 60 20 firme
1528 4164 150 19 tottrnaisienne
1684 4169 5 13 :

1195 4189 40 19 J'ai
1254 4189 105 19 l'htmneur
1377 4189 25 19 dc
1421 4194 51 13 vous
1491 4194 98 16 renvoyer
1607 4193 20 15 M
1645 4194 46 15 sou-

1170 4213 83 20 mission
1272 4214 53 19 ainsi
1343 4220 38 17 que
1399 4214 18 19 le
1436 4214 64 19 métré
1518 4220 38 16 que
1574 4219 50 14 vous
1641 4220 50 13 avez

1168 4239 97 18 souscrits
1297 4242 51 20 pour
1380 4238 14 20 t
1394 4239 110 23 entreprise
1536 4239 36 19 des
1604 4241 87 17 travaux

1170 4263 120 23 d'éclairage
1304 4265 24 19 dc
1341 4265 34 19 six
1388 4264 88 19 maisons
1489 4264 101 23 pontières
1603 4264 27 19 ait
1643 4266 47 20 pont

1169 4290 25 19 dc
1212 4289 122 23 Strasbourg
1351 4293 12 18 à
1382 4290 86 20 Anvers.

1195 4314 88 22 D'après
1302 4316 29 18 les
1351 4315 116 19 documents
1486 4315 36 22 qui
1540 4320 51 14 vous
1610 4314 80 19 avaient

1170 4339 32 20 été
1218 4340 94 22 envoyés,
1328 4346 34 14 ces
1378 4340 65 22 pièces
1459 4340 103 20 devraient
1579 4339 43 20 être
1638 4339 44 19 rédi-

1169 4364 48 22 gées
1232 4371 25 13 en
1273 4366 72 21 langue
1361 4365 144 23 néerlandaise,
1519 4365 31 21 M.
1565 4365 19 20 le
1601 4364 90 20 ministre

1170 4389 35 21 des
1227 4389 96 20 Travaux
1343 4390 78 23 publics
1441 4390 72 23 l'exige
1534 4393 61 16 avant
1616 4390 25 20 de
1661 4388 30 21 les

1169 4418 119 20 approuver.

1196 4440 90 20 Veuilles
1306 4440 51 20 donc
1379 4446 31 14 me
1432 4439 116 23 reproduire
1569 4446 34 13 ces
1625 4439 65 23 pièces

1170 4465 170 20 immédiatement
1357 4472 25 14 en
1400 4466 73 22 langue
1490 4464 144 20 néerlandaise.

1195 4490 87 24 Agrées,
1296 4494 51 17 etc...

1322 4542 109 24 Réponse
1448 4543 15 20 &
1480 4542 211 20 l'Administration

1196 4569 29 20 La
1244 4569 60 20 firme
1323 4575 25 13 en
1367 4568 91 23 question
1477 4574 12 13 a
1507 4568 78 23 envoyé
1604 4570 12 19 à
1635 4568 46 19 l'Ad-

1169 4594 136 21 ministration
1322 4600 39 13 une
1378 4597 68 16 courte
1463 4593 58 20 lettre
1538 4593 50 19 dans
1606 4593 85 23 laquelle

1169 4621 38 19 elle
1225 4620 30 19 dît
1273 4622 135 17 notamment:

1196 4645 56 19 Pour
1268 4650 51 13 nous
1335 4643 115 23 conformer
1466 4645 12 19 à
1496 4643 73 20 l'ordre
1585 4643 25 20 de
1626 4643 30 20 M.
1672 4644 19 18 le

1170 4670 90 19 ministre
1273 4670 36 19 des
1321 4669 98 20 Travaux
1430 4669 84 24 publics,
1525 4674 51 14 nous
1589 4674 50 13 nous
1651 4674 30 14 em-

1169 4698 94 20 pressons
1281 4695 25 19 de
1324 4700 51 14 vous
1393 4693 55 23 faire
1466 4694 94 23 parvenir
1578 4693 65 19 inclus
1662 4693 28 19 les

1169 4721 117 19 documents
1305 4723 120 16 concernant
1444 4718 124 23 l'entreprise
1586 4718 105 23 ci-dessus,

1169 4745 80 23 rédigés
1268 4752 25 13 en
1313 4746 71 20 langue
1404 4744 145 21 néerlandaise.

1194 4771 60 20 Nous
1267 4778 25 13 ne
1306 4775 91 19 pouvons
1411 4769 96 23 toutefois
1521 4775 51 13 nous
1586 4768 105 23 empêcher

1171 4796 25 20 de
1209 4803 51 13 vous
1275 4796 118 22 manifester
1407 4795 25 20 de
1440 4795 26 26 Ja
1480 4795 62 23 façon
1556 4796 20 18 la
1591 4795 45 22 plus
1650 4801 31 12 res-

1171 4824 105 19 pectueuse
1295 4822 52 19 mais
1366 4822 56 18 aussi
1441 4821 19 19 la
1479 4820 46 24 plus
1543 4819 72 23 ferme,
1633 4822 58 16 notre

1172 4845 133 22 protestation
1327 4848 70 17 contre
1420 4849 39 15 une
1482 4844 96 21 exigence
1602 4844 35 21 qui
1659 4846 31 16 est

1170 4872 99 21 peut-être
1287 4871 72 24 légale,
1377 4872 52 19 mais
1447 4871 36 23 qui
1500 4873 30 17 est
1549 4870 141 19 certainement

1170 4896 113 22 arbitraire.

1193 4921 59 20 Nous
1269 4928 59 13 osons
1345 4922 81 22 espérer
1443 4920 73 24 qu'une
1533 4921 45 19 telle
1595 4918 95 21 situation

1171 4945 51 21 n'est
1241 4952 38 17 que
1299 4947 110 23 Provisoire
1428 4953 25 13 cn
1472 4945 103 23 Belgique.

1251 4999 124 19 Causeries
1389 4999 136 24 religieuses
1540 5002 16 20 à
1570 4998 34 20 l'I*
1619 4999 28 17 ^-
1664 4998 20 18 **

1198 5024 79 20 Durant
1299 5025 17 18 le
1336 5025 50 20 mois
1406 5025 24 19 de
1451 5025 80 23 janvier
1550 5030 26 14 on
1596 5023 95 20 entendra

1171 5049 13 20 à
1202 5049 32 20 l'I.
1253 5050 27 19 N.
1298 5050 24 19 R.
1341 5056 38 13 une
1398 5050 52 20 série
1468 5050 25 20 de
1511 5049 101 20 causeries
1632 5048 59 19 faites

1172 5079 37 18 par
1228 5074 19 20 le
1267 5075 24 20 P.
1311 5075 54 19 Léon
1387 5075 72 23 Leîoir,
1479 5076 35 19 des
1535 5074 62 20 Pères
1619 5074 73 18 Blancs

1171 5099 113 23 d'Afrique,
1304 5100 99 20 directeur
1422 5100 25 20 de
1466 5101 19 19 la
1506 5106 60 14 revue
1586 5105 12 13 «
1613 5098 78 19 Grands

1171 5125 50 20 Lacs
1236 5130 19 17 »,
1268 5130 35 13 sur
1315 5125 17 19 le
1345 5126 54 22 sujet
1410 5125 80 19 suivant
1498 5132 5 13 :
1518 5131 11 13 «
1544 5125 27 20 Le
1584 5123 106 23 triomphal

1172 5150 60 19 échec
1254 5149 34 20 des
1310 5150 93 19 missions
1425 5150 123 23 catholiques
1563 5156 19 15 ».

1197 5174 39 20 Ces
1253 5180 90 14 serinons
1359 5176 34 22 qui
1410 5179 73 16 auront
1500 5176 39 19 lieu
1556 5178 13 19 à
1588 5175 22 19 19
1626 5174 27 21 h--
1670 5179 21 14 se

1172 5199 148 21 subdiviseront
1339 5206 76 14 comme
1435 5201 52 20 suit:
1509 5202 18 19 1.
1546 5200 29 21 Le
1594 5199 98 22 triomphe

1173 5225 24 22 (3
1208 5225 91 23 janvier)
1308 5231 6 17 ;
1327 5225 19 20 2.
1359 5226 82 20 L'échec
1456 5226 36 22 (15
1504 5226 90 23 janvier)
1603 5232 6 16 ;
1622 5225 19 19 3.
1653 5225 38 19 I^es

1172 5250 148 23 responsables:
1335 5251 17 19 I.
1366 5251 38 20 Les
1417 5251 166 20 missionnaires?
1598 5251 36 22 (22
1648 5250 34 22 jan-

1172 5276 68 22 vier);
1259 5276 19 19 4.
1297 5276 38 20 Les
1353 5277 148 21 responsables:
1521 5277 28 19 IL
1567 5277 38 20 Les
1623 5275 59 20 catho-

1173 5301 63 22 liques
1242 5300 6 20 !
1273 5300 36 22 (29
1329 5301 100 22 janvier).

1190 5352 171 23 Inauguration
1374 5353 32 19 du
1419 5354 75 19 Home
1508 5354 29 19 de
1549 5352 144 20 Brasschaet

1197 5378 29 20 M.
1242 5378 98 22 Delattre,
1353 5378 92 20 ministre
1460 5379 27 20 du
1502 5379 81 20 Travail
1598 5382 20 16 et
1633 5378 24 20 dc
1673 5378 18 19 la

1172 5403 128 23 Prévoyance
1316 5403 80 22 sociale,
1411 5404 48 20 s'est
1475 5406 61 18 rendu
1551 5405 55 23 jeudi
1622 5404 69 22 après-

1170 5429 48 19 midi
1231 5429 13 21 à
1257 5429 84 20 Anvers.
1355 5429 16 19 Il
1385 5429 85 22 prendra
1482 5430 19 19 la
1514 5430 68 23 parole
1594 5435 25 14 au
1632 5435 59 13 cours

1172 5454 24 19 de
1216 5454 154 23 l'inauguration
1391 5455 25 18 du
1436 5455 65 20 Home
1522 5456 23 18 de
1566 5455 126 21 Ilras-ii-liaèt,

1175 5479 61 20 fondé
1267 5485 38 17 par
1329 5480 19 18 la
1381 5480 68 19 Caisse
1475 5480 217 24 interprofessionnelle

1171 5511 51 17 pour
1237 5504 117 20 allocations
1371 5505 114 20 familiale».

2008 2201 35 19 La
2061 2200 54 20 taxe
2132 2202 30 19 de
2180 2201 61 20 crise

1747 2222 29 21 M.
1800 2222 67 23 Spaak
1887 2228 13 13 a
1922 2228 53 17 reçu,
1998 2223 92 19 vendredi
2113 2224 68 22 matin,
2203 2230 38 13 une

1720 2247 113 23 délégation
1850 2248 24 19 de
1891 2248 19 19 la
1928 2248 157 20 Confédération
2102 2249 95 23 généraJe
2214 2249 26 19 du

1719 2273 74 20 travail
1811 2273 63 23 belge.

1746 2298 81 20 Celle-ci
1844 2299 25 19 l'a
1884 2302 105 17 entretenu
2004 2299 35 20 des
2054 2299 146 24 conséquences
2217 2300 23 19 de

1720 2324 19 18 la
1759 2324 113 23 perception
1891 2325 25 19 de
1935 2325 19 18 la
1974 2328 46 17 taxe
2038 2325 24 20 de
2081 2326 52 19 crise
2153 2325 78 19 rétroac-

1718 2349 41 19 tive
1773 2355 50 17 pour
1837 2350 28 19 les
1878 2350 32 19 six
1923 2350 95 23 premiers
2032 2351 50 19 mois
2096 2351 24 19 de
2136 2352 56 21 1938,
2205 2351 26 19 dé-

1718 2375 67 19 crétée
1804 2381 36 17 par
1859 2375 18 19 la
1897 2376 27 18 loi
1943 2376 120 19 récemment
2082 2377 57 19 votée
2157 2383 36 17 par
2211 2376 29 20 les

1719 2400 116 19 Chambres.

1745 2425 32 19 On
1797 2426 39 18 sait
1855 2432 39 16 que
1913 2432 50 17 pour
1983 2427 27 19 les
2029 2427 85 19 salaires
2133 2430 20 17 et
2171 2428 60 19 traite-

1719 2454 63 16 ments
1806 2451 108 19 inférieurs
1937 2452 12 18 à
1971 2453 70 18 20.000
2065 2452 33 22 fr.,
2118 2456 52 16 cette
2192 2456 48 16 taxe

1718 2476 41 19 doit
1775 2477 43 19 être
1833 2477 92 22 prélevée
1940 2483 26 13 au
1982 2484 58 13 cours
2056 2478 24 19 de
2096 2478 77 20 l'année
2191 2480 48 17 1939

1719 2508 36 16 par
1775 2502 111 20 douzième.
1908 2503 53 19 Pour
1981 2503 28 19 les
2028 2504 85 19 sa'aires
2132 2507 20 16 et
2172 2504 59 19 traite-

1718 2531 64 15 ments
1799 2528 115 22 supérieurs
1930 2530 13 18 à
1960 2529 70 19 20.000
2049 2530 26 21 fr,
2092 2529 18 19 la
2126 2532 47 16 taxe
2190 2535 50 17 pour

1718 2553 17 19 le
1751 2554 85 22 premier
1850 2557 95 16 semestre
1960 2554 24 19 de
2001 2555 55 21 1939,
2070 2560 46 13 sera
2131 2555 108 19 recouvrée

1716 2584 26 13 en
1761 2584 39 14 une
1818 2579 55 19 seule
1893 2579 39 19 fois
1951 2585 35 13 sur
2004 2580 235 20 avertissement-extrait

1718 2603 27 20 du
1761 2604 49 19 rôt'e.

1746 2629 28 20 La
1789 2630 113 22 délégation
1918 2636 13 13 a
1946 2631 60 18 attire
2022 2631 111 19 l'attention
2147 2631 27 20 du
2192 2631 38 19 Pre-

1718 2655 51 19 mier
1792 2655 95 20 Ministre
1909 2662 37 13 sur
1968 2656 18 18 la
2010 2656 139 23 répercussion
2172 2656 25 20 de
2220 2657 19 19 la

1718 2683 48 17 taxe
1788 2681 24 19 de
1835 2681 51 19 crise
1909 2681 52 19 ainsi
1983 2681 117 23 augmentée
2123 2682 24 19 de
2169 2682 70 19 moitié

1719 2712 49 16 pour
1788 2706 28 19 les
1835 2707 59 22 petits
1913 2707 84 19 salaires
2016 2710 20 17 et
2055 2707 125 20 traitements
2199 2713 39 13 non

1717 2731 105 21 exonérés.

1896 2784 50 19 Nos
1958 2784 172 21 conférenciers
2143 2785 16 20 à
2170 2785 69 19 Paris

1744 2809 69 20 Parmi
1830 2810 28 19 les
1875 2810 74 19 soirées
1966 2811 33 22 qui
2015 2815 67 16 seront
2099 2811 86 19 données
2202 2817 36 17 par

1717 2835 19 19 le
1754 2835 72 20 Centre
1843 2835 24 19 de
1885 2836 119 20 Diffusion-
2009 2836 112 23 Artistique
2137 2840 21 16 et
2177 2837 52 19 Litté-

1718 2860 53 19 raire
1787 2860 60 24 Eeîge
1862 2861 26 19 de
1904 2861 57 19 Paris
1976 2862 12 19 à
2003 2862 106 19 l'occasion
2124 2862 24 19 de
2164 2863 65 22 l'expo-

1717 2886 60 19 sition
1801 2886 34 19 des
1859 2886 88 24 peintres
1969 2887 66 22 belges
2057 2888 24 19 de
2104 2888 19 18 la
2146 2888 92 22 capitale,

1717 2911 59 20 d'une
1797 2912 68 19 d'elles
1885 2918 45 14 sera
1952 2913 105 19 consacrée
2079 2916 12 19 à,
2113 2913 124 23 l'exposition

1718 2937 153 20 internationale
1892 2938 23 19 de
1936 2938 65 23 l'Eau,
2021 2940 12 20 à
2054 2938 67 23 Liège.

1744 2962 29 20 M.
1789 2962 55 20 René
1860 2963 46 22 Lyr,
1922 2964 100 19 directeur
2038 2964 23 19 de
2077 2964 18 19 la
2112 2965 126 22 propagande

1717 2988 24 19 de
1760 2991 52 16 cette
1832 2989 118 23 exposition,
1972 2989 44 19 fera
2036 2996 39 13 une
2094 2990 90 19 causerie
2204 2991 33 22 qui

1717 3019 44 14 sera
1785 3014 65 20 suivie
1872 3014 47 19 d'un
1942 3019 79 16 concert
2045 3015 54 19 vocal
2122 3019 20 16 et
2164 3016 65 20 instru-

1716 3039 83 19 mental.

1904 3099 156 20 Distinctions
2077 3099 162 25 honorifiques

1742 3124 29 19 M.
1806 3123 80 22 Branlai
1921 3125 136 23 Lazarevitch,
2090 3126 92 20 minis'.re
2214 3127 25 19 de

1717 3149 137 23 Yougoslavie
1872 3153 12 18 à
1904 3150 112 23 Bruxelles,
2033 3158 14 12 a
2066 3152 66 20 remis,
2150 3159 25 13 en
2194 3153 36 22 pré-

1717 3180 57 14 sence
1793 3176 25 19 de
1837 3176 29 19 M.
1885 3176 61 20 Louis
1965 3177 84 21 Lazard,
2068 3178 69 18 consul
2156 3178 81 22 généra]

1717 3200 24 20 de
1759 3201 141 23 Yougoslavie,
1917 3202 28 19 les
1963 3202 87 23 insignes
2067 3203 24 19 de
2108 3204 63 22 grand
2189 3203 40 19 offi-

1717 3226 41 19 cier
1775 3226 25 20 dc
1818 3227 80 19 l'Ordre
1915 3227 25 20 dc
1958 3227 18 20 la
1994 3228 106 20 Couronne
2117 3229 121 23 yougoslave

1715 3252 13 19 â
1744 3252 29 19 M.
1789 3252 60 19 Louis
1866 3253 81 22 Solvay,
1961 3256 19 16 et
1995 3254 59 19 celles
2069 3254 25 19 de
2109 3255 63 21 grand
2187 3255 41 19 offi-

1715 3277 41 18 cier
1771 3277 24 19 de
1810 3278 80 19 l'Ordre
1904 3278 24 20 de
1943 3279 57 20 Saint
2016 3280 53 20 Sava
2084 3279 13 19 à
2112 3280 28 20 M.
2157 3280 80 20 Ernest-

1715 3302 52 22 John
1785 3303 81 22 Solvay.

1919 3356 151 20 Mouvement
2086 3357 42 20 des
2144 3358 94 19 navires

1742 3380 24 20 h'
1767 3380 156 23 Elisabethville,
1940 3387 71 15 venant
2026 3383 100 19 d'Anvers
2140 3387 21 16 et
2175 3384 63 19 aMani

1716 3411 25 13 au
1757 3406 74 22 Congo,
1845 3412 12 13 a
1871 3407 64 23 quitté
1949 3407 89 20 Funchal
2052 3408 18 20 le
2084 3409 11 18 4
2109 3412 96 20 courant;
2220 3410 18 19 lc

1718 3431 134 22 Léopoldville
1873 3436 74 16 venant
1968 3433 99 20 d'Anvers
2086 3437 31 17 est
2138 3435 67 20 arrivé
2226 3435 12 19 à

1718 3456 63 20 Borna
1796 3457 19 19 lc
1831 3458 11 18 4
1859 3461 91 17 courant.

1817 3503 61 20 Chez
1895 3505 35 19 les
1946 3504 143 23 exploitante
2106 3505 133 20 d'autocars

1945 3531 25 18 et
1990 3530 123 20 d'autobus

1742 3553 28 21 Le
1793 3555 84 23 congrès
1908 3556 72 19 annuel
2012 3557 24 19 de
2068 3557 18 18 la
2117 3556 120 21 Fédération

1716 3579 100 20 nationale
1841 3581 35 19 des
1903 3581 128 23 Exploitants
2064 3582 121 20 d'Autocars
2217 3586 21 17 et

1715 3604 113 20 d'Autobus
1842 3611 22 14 se
1878 3606 79 19 tiendra
1972 3608 13 19 à
2001 3607 104 19 BruxeHes
2119 3608 19 19 le
2154 3609 24 18 18
2192 3609 36 22 jan-

1716 3629 49 22 vier,
1783 3632 13 20 à
1815 3631 24 19 14
1856 3631 21 19 h.
1896 3632 31 21 30,
1945 3632 109 20 boulevard
2073 3633 89 20 AdoMie
2181 3634 56 22 Max,

1718 3655 44 19 118.

1743 3680 27 20 Le
1789 3681 94 23 banquet,
1902 3683 71 23 auquel
1993 3684 96 19 assistera
2110 3684 28 19 M.
2159 3684 78 22 Marck,

1716 3705 90 21 ministre
1823 3707 34 19 des
1874 3707 128 25 Transports,
2018 3715 50 13 aura
2085 3709 40 19 lieu
2142 3710 55 22 place
2213 3710 24 19 de

1719 3731 118 23 Brouckère,
1856 3733 32 22 31,
1906 3733 18 19 le
1941 3733 64 20 même
2023 3735 53 22 jour,
2094 3736 13 19 à
2125 3735 24 19 19
2167 3735 21 20 h.
2206 3736 31 19 30.

1743 3756 41 20 Sur
1805 3757 141 25 présentation,
1968 3765 26 13 au
2016 3760 80 23 guichet
2117 3760 34 20 des
2172 3766 66 17 gares,

1717 3781 24 20 de
1761 3782 43 19 leur
1823 3787 56 16 carte
1898 3784 24 19 de
1941 3786 136 21 convocation,
2096 3785 29 19 les
2144 3791 85 18 congres-

1717 3807 58 19 sistes
1795 3808 89 23 jouiront
1903 3809 60 20 d'une
1982 3811 103 19 réduction
2104 3811 25 20 de
2149 3812 24 19 35
2194 3818 18 18 p.
2219 3818 19 13 c.

1716 3838 36 13 sur
1771 3833 19 19 le
1808 3833 48 23 prix
1874 3835 102 20 ordinaire
1995 3836 27 20 du
2041 3836 56 20 billet
2116 3836 25 20 de
2159 3837 78 19 chemin

1716 3857 25 21 de
1756 3858 39 20 fer.

1911 3912 136 20 Certificats
2061 3913 29 20 de
2104 3913 133 20 Trésorerie

1741 3934 18 20 Il
1776 3941 12 13 a
1806 3936 33 20 été
1857 3937 86 22 procédé
1959 3938 19 20 le
1995 3940 12 18 6
2024 3938 81 24 janvier
2121 3939 13 20 à
2152 3939 76 20 l'ouver-

1714 3962 46 17 ture
1781 3961 35 19 des
1838 3962 130 20 soumissions
1990 3964 94 22 déposées
2104 3971 26 12 en
2153 3971 37 13 vue
2212 3966 24 18 de

1716 3985 114 20 l'obtention
1852 3987 47 19 d'un
1920 3988 72 23 capital
2013 3990 24 19 de
2059 3990 24 18 50
2103 3990 88 20 millions
2212 3992 24 19 de

1717 4010 68 19 francs
1808 4011 24 20 de
1854 4013 112 20 certificats
1988 4015 24 20 de
2033 4014 124 23 Trésorerie,
2178 4015 58 20 datés

1715 4035 27 19 du
1764 4037 23 18 11
1809 4036 81 23 janvier
1912 4039 50 19 1939
1988 4043 20 16 et
2035 4040 14 19 à
2076 4040 113 21 l'échéance
2209 4042 27 19 du

1718 4061 23 18 12
1758 4062 51 18 avril
1829 4063 56 18 1939.

1742 4086 38 20 Les
1803 4088 130 20 soumissions
1964 4091 130 19 valablement
2118 4091 118 20 introduites

1715 4115 78 20 portent
1808 4118 36 13 sur
1859 4119 27 13 un
1900 4115 74 21 capital
1989 4115 24 20 de
2029 4116 26 19 fr.
2071 4116 137 21 311,000,000.

1742 4137 39 19 Ces
1802 4138 112 20 certificats
1935 4143 35 16 ont
1993 4141 32 19 été
2054 4141 50 19 émis
2131 4148 28 13 au
2186 4146 49 15 taux

1715 4167 70 17 moyen
1802 4163 24 19 de
1845 4164 8 18 1
1873 4163 26 20 fr.
1915 4165 25 18 67
1957 4171 19 18 p.
1991 4172 19 14 c.
2026 4166 46 20 l'an.

1714 4214 151 20 Moufvement
1881 4216 167 26 diplomatique
2064 4219 25 19 et
2105 4219 131 19 consulaire

1727 4265 5 5 _
1743 4240 28 19 M.
1791 4241 85 21 Stadler,
1894 4242 90 21 ministre
2001 4245 24 19 de
2042 4244 96 23 Belgique
2155 4247 12 19 à
2185 4245 40 19 Hel-

1715 4265 61 23 sinki,
1799 4267 18 21 1,
1838 4273 77 14 avenue
1937 4268 23 20 de
1982 4270 164 21 l'Observatoire,
2168 4271 68 19 Uccle.

1742 4291 28 19 M.
1789 4292 107 23 Downing,
1913 4294 69 19 consul
2000 4295 25 19 de
2043 4295 95 22 Belgique
2155 4297 14 19 à
2186 4295 49 19 Car-

1715 4316 48 20 diff.
1779 4320 30 16 est
1826 4317 76 21 absent.
1919 4318 76 21 Gérant
2001 4326 6 13 :
2016 4320 28 19 M.
2053 4320 63 19 M.-R.
2126 4320 110 20 Edmunds.

1742 4341 29 19 M.
1794 4342 68 23 Olsen,
1884 4344 68 18 consul
1974 4344 24 21 de
2019 4345 96 23 Belgique
2136 4345 13 19 à
2170 4345 57 23 Reyk-

1715 4366 58 22 javik
1797 4366 102 25 (Islande)
1929 4372 32 16 est
1989 4371 75 19 absent.
2087 4370 76 20 Gérant
2176 4376 6 15 :
2206 4370 30 21 M.

1715 4391 52 23 John
1784 4391 84 22 T'énger.

1742 4417 28 19 M.
1785 4417 24 20 de
1825 4418 88 23 Bianchi,
1927 4421 67 18 consul
2008 4421 24 19 de
2048 4420 93 24 Belgique
2154 4421 14 19 à
2181 4420 44 20 Fun-

1715 4441 44 19 chal
1785 4442 105 22 (Madère)
1915 4450 12 13 a
1949 4446 64 23 repris
2041 4446 20 19 la
2090 4446 96 19 direction
2208 4447 27 19 du

1715 4467 96 21 consulat.

1742 4492 38 20 Les
1800 4493 40 19 Iles
1861 4494 142 22 Sous-le-Vent
2023 4496 44 19 font
2086 4496 65 23 partie
2171 4496 25 20 de
2216 4497 18 19 la

1715 4517 117 23 juridiction
1853 4518 25 20 de
1899 4520 19 18 la
1939 4520 88 23 légation
2055 4521 24 20 de
2109 4521 93 23 Belgique
2223 4522 12 19 à

1715 4542 93 22 Caracas,
1815 4546 21 17 et
1849 4550 38 13 non
1901 4544 24 20 de
1937 4546 49 20 celle
1998 4547 26 19 du
2035 4546 92 20 consulat
2134 4546 13 20 à
2155 4547 79 20 Pointe-

1715 4568 84 19 à-Pître.

1741 4592 30 22 M.
1786 4594 23 19 G.
1825 4594 83 20 AJborta
1922 4596 86 20 Velasco
2022 4603 11 13 a
2049 4603 46 16 reçu
2111 4597 124 23 l'exequatur

1716 4618 112 21 nécessaire
1852 4625 50 17 pour
1925 4627 84 14 exercer
2031 4623 30 18 les
2086 4621 100 21 fonctions
2211 4623 24 20 de

1714 4644 69 19 consul
1804 4644 81 23 général
1906 4646 25 20 de
1952 4646 75 21 Bolivie
2046 4648 12 19 à
2078 4646 86 22 Anvers.

1742 4669 28 19 M.
1788 4670 81 19 Marcos
1885 4671 25 19 A.
1927 4671 99 21 Guerrero
2042 4678 12 14 a
2071 4678 47 17 reçu
2136 4673 89 23 l'exequa-

1715 4696 33 17 tur
1771 4694 112 21 nécessaire
1906 4702 50 16 pour
1977 4703 83 14 exercer
2082 4697 29 20 les
2134 4698 101 20 fonctions

1715 4719 24 19 de
1757 4720 68 19 consul
1844 4720 81 23 général
1943 4721 25 21 de
1984 4723 21 19 lu
2023 4722 124 24 République
2166 4724 59 19 Domi-

1716 4744 77 20 nicaine
1809 4744 13 20 à
1837 4746 86 20 Anvers.

1742 4770 28 19 M.
1790 4771 25 19 O.
1834 4771 94 23 Vasquez
1947 4773 112 20 Benavides
2077 4779 12 12 a
2110 4779 46 16 reçu
2176 4774 50 19 l'exe-

1715 4798 73 19 quatur
1803 4795 112 21 nécessaire
1930 4803 50 17 pour
1993 4804 83 14 exercer
2090 4798 29 19 les
2136 4799 99 19 fonctions

1716 4820 23 19 de
1760 4821 69 19 consul
1850 4821 81 23 général
1952 4823 27 20 du
2001 4824 65 20 Pérou
2088 4829 24 14 en
2134 4824 101 23 Belgique,

1715 4851 49 13 avec
1785 4846 102 20 résidence
1908 4848 12 20 à
1941 4848 85 22 Anvers.

1735 4918 237 47 ASSURANCES
1992 4922 71 44 SUR
2085 4921 45 44 LA
2152 4922 60 44 VIE

1747 4980 176 45 Rentes
1962 4982 235 53 Viagères

1738 5040 61 20 Pour
1823 5041 33 19 les
1878 5042 82 20 traiter
1983 5049 46 14 aux
2052 5043 131 20 conditions
2203 5044 32 18 iee

1714 5065 129 19 meilleures
1860 5069 22 16 et
1900 5070 57 17 avec
1974 5068 21 19 le
2012 5067 126 20 maximum
2157 5067 29 19 de
2202 5071 26 15 se

1714 5089 80 21 curjté.
1812 5090 174 21 adressez-vous
2003 5097 45 15 aux
2067 5093 81 22 agent*?
2168 5091 28 19 de
2213 5090 21 20 la

1734 5121 160 37 Compagnie
1920 5122 79 38 Belge
2026 5123 189 31 d'Assurances

1813 5162 140 33 Générales
1976 5176 41 20 sut
2043 5165 25 30 la
2091 5164 47 31 Vie

1743 5215 41 15 rue
1799 5211 29 19 de
1843 5212 23 19 la
1883 5211 100 20 Fiancée
2005 5214 31 20 14.
2051 5212 15 19 à
2083 5211 120 20 Bruxelles

1885 5237 83 18 fondée
1980 5244 14 15 e
1995 5244 14 14 n
2024 5237 50 19 1324

1715 5261 114 24 Capitaux
1840 5261 104 20 assurés:
1956 5262 13 19 3
1980 5262 114 20 milliards
2105 5262 130 21 658,000,000

1716 5286 114 20 Réserves
1848 5286 197 26 mathématiques
2049 5293 5 14 :
2087 5287 148 23 1,081,000,000

1717 5310 114 22 Réserves
1849 5312 219 24 supplémentaires:
2106 5312 130 23 239,000,000

1741 5337 169 22 Participation
1921 5338 103 22 gratuite
2036 5338 39 19 des
2086 5336 93 20 assurés
2190 5340 44 16 au»

1718 5361 123 21 nénéflcee.

1755 5391 97 31 Tontes
1876 5393 159 31 Assurances
2059 5393 138 30 Accidents

1790 5435 99 20 PRETS
1901 5435 260 21 HÏTOTHECAIRES

1716 5465 55 15 avec
1781 5460 160 19 combinaison
1951 5460 150 21 d'assurance
2110 5465 42 15 sur
2161 5460 23 19 la
2194 5458 42 21 vie.

2161 5484 72 20 (3149)

2269 967 37 14 son
2319 961 30 20 du
2364 961 82 24 Peuple,
2460 959 119 25 s'exerçan.t,
2594 959 25 21 de
2634 959 94 23 surcroît,
2743 960 51 19 dans

2270 995 27 15 un
2312 990 96 21 domaine
2419 989 28 21 où
2460 990 26 19 la.
2493 988 164 20 démonstration
2670 987 24 21 de
2707 987 87 21 l'intérêt

2269 1018 91 20 national
2372 1021 22 18 et
2406 1017 105 24 l'exemple
2523 1018 26 20 dc
2561 1019 48 18 tous
2623 1017 27 20 les
2662 1018 68 19 autres
2742 1021 40 19 gou-

2269 1050 129 18 vernements
2413 1046 118 24 européens,
2546 1052 13 17 y
2576 1045 89 24 compris
2680 1050 49 15 ceux
2745 1045 38 20 diri-

2269 1074 34 25 gés
2315 1081 38 17 par
2365 1076 35 20 des
2411 1075 118 22 sociaJistos,
2543 1076 35 18 ont
2594 1073 78 25 prouvé
2685 1074 59 23 qu'ils
2755 1075 39 19 ont

2268 1105 50 19 tort.

2294 1132 32 21 M.
2340 1131 68 25 Spaak
2420 1131 100 21 s'escrime
2533 1131 13 21 à
2560 1130 81 21 vouloir
2654 1131 94 20 concilier
2761 1137 33 14 ces

2269 1160 149 21 inconciliables
2428 1166 5 15 :
2452 1163 62 17 rester
2527 1159 13 20 à
2553 1159 20 20 la
2587 1159 41 20 tête
2642 1158 49 20 d'un
2706 1165 77 18 gouver-

2269 1194 82 16 nement
2366 1188 163 25 parlementaire,
2542 1188 54 20 donc
2611 1186 78 22 soumis
2703 1193 40 15 aux
2759 1187 24 20 dé-

2269 1218 72 20 cisions
2351 1218 26 21 de
2387 1218 20 20 la
2420 1217 96 24 majorité
2526 1218 29 20 du
2567 1217 121 24 parlement,
2698 1219 21 17 et
2730 1217 62 23 régler

2268 1252 23 15 &a
2310 1246 97 21 conduite
2424 1252 36 15 sur
2478 1247 28 20 les
2523 1245 104 24 exigences
2645 1244 62 21 d'une
2726 1244 56 20 mino-

2268 1275 44 21 rité.

2294 1304 39 20 Les
2345 1303 112 21 socialistes
2470 1303 72 23 jouent
2556 1308 22 15 ce
2592 1301 76 21 double
2682 1302 34 24 jeu
2730 1312 27 4 —
2771 1305 22 16 et

2269 1332 27 21 les
2310 1334 69 19 autres
2393 1331 64 25 partis
2471 1330 31 24 s'y
2517 1330 82 25 prêtent
2613 1330 129 21 servilement
2757 1329 26 20 de-

2268 1361 45 23 puis
2329 1360 53 21 deux
2400 1360 52 21 mois
2467 1370 28 4 —
2510 1360 26 21 de
2553 1366 26 14 ne
2595 1359 82 21 vouloir
2694 1359 21 20 ni
2731 1360 61 20 sortir

2266 1389 29 20 du
2311 1391 168 22 gouvernement,
2495 1389 22 20 ni
2534 1388 89 22 orienter
2641 1394 22 15 ce
2679 1394 103 18 gouverne-

2267 1420 57 19 ment
2339 1422 80 16 comme
2433 1418 20 20 la
2467 1417 96 23 majorité
2578 1416 104 21 nationale
2697 1416 52 20 issue
2764 1415 28 20 du

2267 1445 21 22 S.
2302 1446 26 21 U.
2341 1445 70 22 décide
2426 1444 50 25 qu'il
2490 1446 45 21 doit
2547 1445 114 21 s'orienter.

2292 1475 33 20 On
2339 1475 58 20 avait
2411 1474 49 24 déjà
2474 1480 28 15 vu
2517 1475 18 20 le
2550 1475 24 19 P.
2589 1474 31 24 O.,
2634 1474 19 22 le
2669 1473 78 21 bureau
2763 1473 28 20 du

2267 1503 23 21 P.
2302 1503 32 24 O.,
2346 1504 19 20 le
2378 1509 84 18 congres
2474 1503 28 20 du
2516 1503 24 21 P.
2552 1503 25 21 O.
2590 1510 25 14 en
2629 1503 44 23 agir
2687 1508 25 14 en
2726 1502 55 20 main-

2267 1534 30 20 tes
2314 1532 149 21 circonstances
2479 1538 50 15 avec
2547 1538 39 14 une
2604 1531 139 21 désinvolture
2761 1532 20 19 in-

2268 1560 161 21 vraisemblable.
2445 1560 62 23 Mais,
2524 1559 148 23 franchement,
2687 1559 14 20 il
2716 1558 36 24 n'y
2767 1563 25 15 en

2267 1597 11 13 a
2293 1596 36 18 pas
2342 1596 73 14 encore
2428 1596 25 14 eu
2467 1589 26 21 dc
2507 1590 82 23 pareille
2602 1589 13 20 à
2630 1588 84 21 celle-ci.

2291 1619 29 20 Le
2333 1618 100 23 spectacle
2447 1624 40 17 que
2501 1618 92 20 donnent
2608 1618 52 20 dans
2674 1623 32 15 ces
2720 1616 61 21 condi-

2267 1646 54 22 tions
2339 1647 18 20 le
2376 1648 168 22 gouvernement,
2563 1647 18 20 le
2600 1646 114 24 parlement
2731 1649 23 17 et
2772 1645 19 19 le

2268 1675 176 21 fonctionnement
2456 1685 28 4 —
2494 1681 28 14 ou
2538 1674 69 24 plutôt
2620 1675 19 20 le
2652 1679 89 19 manque
2754 1674 27 19 ab-

2266 1704 44 20 solu
2329 1704 26 20 de
2374 1704 177 21 fonctionnement
2566 1713 29 5 —
2611 1704 26 20 de
2654 1710 38 14 nos
2709 1703 72 20 institu-

2266 1732 54 21 tions
2333 1735 37 20 est,
2382 1732 13 20 à
2409 1732 110 21 l'encontre
2531 1732 27 21 de
2572 1734 58 21 tout^
2643 1731 77 24 dignité
2734 1737 46 15 com-

2266 1767 32 14 me
2312 1761 26 21 de
2352 1763 47 18 tcut
2414 1761 42 20 bon
2469 1766 53 15 sens.

2291 1788 38 23 Les
2351 1789 78 21 vétilles
2450 1788 153 24 inqualifiables
2622 1795 36 14 sur
2679 1788 111 25 lesquelles,

2265 1823 53 19 pour
2331 1824 75 15 sauver
2420 1818 19 21 la
2456 1818 43 21 face
2512 1820 23 19 et
2550 1824 76 18 gagner
2640 1817 29 21 du
2685 1820 66 22 temps
2765 1827 27 5 —

2265 1847 18 20 le
2296 1850 67 20 temps
2376 1848 25 22 de
2414 1846 64 24 quoi?
2493 1857 28 4 —
2533 1853 28 14 on
2575 1846 86 23 prétend
2676 1846 50 21 faire
2740 1845 40 21 traî-

2265 1881 35 15 ner
2311 1875 28 21 les
2350 1876 130 23 pourparlers
2490 1878 22 19 et
2523 1875 99 24 échanges
2632 1875 26 21 de
2669 1878 59 18 notes
2740 1881 49 14 avec

2267 1904 84 23 Burgos,
2365 1907 48 18 sont
2427 1904 92 23 indignes
2533 1904 50 21 d'un
2598 1910 51 18 pays
2664 1904 35 24 qui
2713 1910 22 14 se
2750 1910 30 14 res-

2265 1935 57 21 pecte
2331 1936 22 17 et
2364 1936 89 21 respecte
2463 1932 76 22 autrui.
2550 1932 60 20 Voilà
2620 1935 101 22 quarante
2734 1933 56 23 jours

2265 1966 40 19 que
2324 1962 18 20 le
2361 1961 89 20 Premier
2469 1962 95 20 Ministre
2582 1961 81 21 déclara
2681 1967 27 14 au
2727 1960 63 20 Sénat

2264 1989 49 25 qu'il
2329 1990 80 21 prenait
2423 1997 31 14 ses
2470 1990 163 24 responsabilités
2648 1993 21 18 et
2685 1996 93 14 commen-

2264 2019 40 23 çait
2320 2019 36 20 dès
2372 2019 18 20 le
2406 2019 114 20 lendemain
2536 2019 29 21 les
2581 2019 140 23 négociations
2737 2025 52 17 pour

2265 2051 90 18 envoyer
2370 2054 28 13 un
2417 2047 138 24 représentant
2572 2047 73 24 auprès
2661 2048 26 20 de
2704 2046 86 21 Franco.

2291 2074 41 22 Feu
2354 2074 142 23 Vandervelde
2517 2075 92 24 répliqua
2630 2075 50 21 d'un
2701 2076 31 20 air
2753 2082 25 13 en-

2265 2104 62 20 tendu
2342 2103 62 22 au'on
2418 2107 50 21 peut
2482 2105 41 20 très
2536 2104 46 20 bien
2597 2110 69 14 mener
2679 2105 34 20 des
2727 2104 51 24 négo-

2264 2132 86 21 ciations
2366 2139 49 14 avec
2431 2132 116 21 l'intention
2564 2134 25 19 de
2605 2140 25 14 ne
2648 2140 36 15 pas
2700 2133 89 20 aboutir.

2264 2161 32 21 On
2308 2165 29 17 est
2348 2162 72 22 depu's
2432 2162 42 21 lors
2485 2162 52 20 dans
2549 2164 52 19 cette
2613 2162 106 21 misérable
2731 2163 47 22 équi-

2265 2196 68 18 voque
2350 2193 21 18 et
2387 2191 49 20 c'est
2452 2191 54 21 dans
2521 2197 39 14 son
2577 2190 131 24 atmosphère
2725 2190 64 24 qu'un

2263 2217 103 24 ministère
2381 2219 31 20 vît
2425 2222 21 17 et
2463 2219 86 24 prétend
2563 2226 21 13 se
2600 2217 109 26 régénérer.

2288 2247 77 23 Allons,
2381 2248 32 20 M.
2429 2246 80 21 Sn'aak!
2527 2247 56 21 Vous
2598 2254 50 14 avez
2663 2247 58 21 laissé
2738 2247 50 20 dire,

2264 2278 20 18 et
2301 2282 52 15 vous
2371 2282 50 15 avez
2437 2275 13 20 à
2467 2275 108 21 l'occasion
2592 2282 23 14 su
2633 2278 100 22 montrer,
2750 2281 39 19 que

2263 2311 52 14 vous
2328 2305 52 20 étiez
2395 2311 28 14 un
2438 2305 47 20 chef
2499 2305 26 21 de
2541 2308 181 21 gouvernement...

2860 949 82 19 rendre
2959 949 99 21 maîtres
3077 951 30 18 du
3124 950 103 19 sinistre.
3245 950 44 18 L/2S
3308 949 28 19 dé-

2815 974 52 24 gât;
2884 980 28 13 ne
2927 975 53 18 sent
2995 980 42 18 pas
3051 972 48 23 trfes
3115 975 147 26 Importants.
3275 984 27 4 —
3316 975 28 21 D.

2840 1014 42 19 UN
2894 1013 136 19 PASSANT
3041 1013 208 20 GRIEVEMENT
3259 1014 77 18 BLES-

2817 1039 37 19 SE
2886 1039 39 18 PA
2928 1039 22 18 R
2982 1038 18 21 V
3003 1039 42 18 NE
3077 1039 209 19 AUTOMOBILE
3318 1048 23 4 —

2814 1063 69 21 Jeudi
2902 1062 141 25 après-midi,
3062 1062 30 21 M.
3111 1064 75 18 Emile
3205 1063 96 23 Poncin,
3320 1063 25 19 37

2804 1093 59 16 .ans,
2881 1088 138 20 demeurant
3036 1094 40 13 rue
3092 1089 81 18 Plains
3191 1089 40 18 des
3247 1088 66 21 Jeux,
3330 1088 12 19 à

2803 1119 5 14 i
2815 1114 82 21 Evcre,
2919 1118 16 14 a
2957 1112 36 20 été
3017 1114 108 20 renversé
3149 1118 43 18 par
3214 1118 45 14 une
3282 1115 62 19 auto,

2814 1139 126 18 boulevard
2958 1138 30 19 du
3006 1138 63 20 Midi.
3086 1139 35 19 La
3136 1139 102 21 victime,
3256 1138 87 19 blessée

2803 1156 52 31 [sur
2872 1164 51 18 tout
2941 1164 20 18 le
2980 1167 73 18 corps,
3071 1168 15 14 a
3104 1164 36 19 été
3158 1164 108 19 conduite
3284 1160 51 22 d'ur-

2814 1193 72 19 gence
2904 1188 16 19 à
2939 1187 103 23 l'hôpital
3061 1188 122 19 St-Pierrc;.
3201 1199 27 4 —
3246 1189 27 19 D.

2839 1227 136 19 BLESSEE
2996 1227 62 19 PAR
3078 1228 43 18 UN
3140 1228 195 19 MOTOCYCLIS-

2815 1251 48 19 TE.
2886 1261 29 6 —
2938 1251 36 19 En
3001 1252 134 19 traversant
3160 1252 104 19 l'avenue
3289 1252 51 19 Van

2814 1277 102 22 Volxem,
2934 1276 16 19 à
2967 1276 90 22 Fcrest,
3076 1277 61 19 Mme
3155 1277 65 21 Julia
3237 1278 105 22 Navaux,

2813 1301 26 19 54
2858 1306 49 18 ans,
2928 1301 138 19 demeurant
3084 1302 16 19 à
3119 1303 113 23 St-Gilles,
3253 1307 42 15 rue
3314 1303 29 19 de

2815 1327 90 21 Rusuio,
2922 1332 15 13 a
2954 1326 37 21 été
3008 1327 123 20 renversée
3147 1333 44 18 par
3207 1333 46 14 une
3269 1330 65 17 moto-

2813 1353 105 21 cyclette.
2935 1351 94 20 Blessée
3046 1356 46 15 aux
3108 1353 96 22 jambes,
3222 1353 59 19 mais
3297 1357 45 19 peu

2814 1377 144 23 gravement,
2980 1377 23 19 la
3023 1377 95 19 victime
3139 1382 16 14 a
3175 1377 37 21 été
3233 1378 110 19 conduite

2814 1406 29 15 en
2859 1402 49 19 taxi
2924 1402 15 19 à
2955 1402 112 22 l'hôpital.
3083 1412 27 4 —
3125 1403 27 19 D.

2998 1651 135 25 PRODUIT
3141 1651 41 24 DE
3190 1647 136 30 QUALITÉ

2833 1737 121 27 renforce,
2962 1738 106 22 enrichi!
3080 1737 36 24 les
3126 1742 111 24 potages,
3244 1739 81 23 même

2832 1774 24 22 la
2872 1778 196 23 soupe-tomates
3084 1779 24 18 ei
3126 1773 64 24 offre
3209 1781 50 16 une
3277 1781 48 16 res<

2832 1815 89 17 source
2943 1809 158 23 inestimable
3119 1816 64 22 pour
3204 1809 60 23 faire
3281 1809 46 25 des

2832 1851 88 17 sauces
2931 1845 129 29 exquises.

2831 1900 83 25 CUBE
2923 1901 126 25 TOMOX
3056 1911 6 15 :
3069 1901 145 25 PRODUIT
3222 1900 103 26 LIEBIG

3264 1962 72 20 (1533)

2835 1998 57 19 LES
2913 1998 76 20 VOLS
3011 1999 82 20 DANS
3114 1999 217 20 L'AGGLOMERA-

2810 2023 75 19 TION
2901 2024 224 21 BRUXELLOISE.
3142 2034 27 4 —
3186 2025 35 18 Un
3239 2025 103 19 inconnu

2811 2053 13 13 a
2839 2049 48 22 pris
2901 2049 22 19 la
2938 2049 58 19 fuite
3010 2053 56 15 avec
3081 2048 74 21 l'auto
3166 2054 45 18 que
3225 2050 32 21 M.
3271 2050 61 18 Geor-

2810 2077 41 19 ges
2868 2073 46 21 B...,
2932 2073 115 19 domicilié
3063 2074 17 20 à
3096 2074 114 22 St-Gilles,
3227 2074 112 19 chaussée

2810 2097 28 19 dc
2856 2098 124 22 Waterloo,
2999 2099 65 18 avait
3082 2098 153 21 abandonnée
3253 2100 87 19 devant

2810 2127 31 14 un
2857 2122 176 21 établissement
3047 2124 28 19 de
3090 2125 24 18 la
3126 2125 66 23 place
3207 2125 123 19 Ste-Cathe-

2810 2148 57 19 rine.
2880 2148 32 19 Le
2926 2148 105 19 véhicule
3044 2155 16 14 a
3073 2153 45 15 une
3133 2149 140 19 carrosserie
3288 2155 42 13 rou-

2809 2177 30 19 ge
2852 2174 25 18 et
2890 2180 16 13 a
2920 2178 45 14 une
2980 2174 80 19 valeur
3074 2175 28 18 de
3116 2174 72 21 20,000
3203 2175 29 19 fr.
3244 2185 29 3 —
3286 2174 27 20 E.

2835 2207 28 5 —
2886 2198 30 18 M.
2940 2198 132 19 Guillaume
3103 2199 96 20 Lintlen,
3231 2199 108 20 habitant

2812 2222 126 20 boulevard
2955 2224 80 19 Brand
3053 2224 124 23 Whitlock,
3195 2224 15 20 à
3226 2225 113 18 Woluwe-

2811 2247 122 21 St-Pierr?,
2958 2248 64 18 avait
3046 2248 138 21 abandonné
3207 2253 44 14 eon
3275 2252 56 16 auto-

2812 2273 85 18 mobile
2912 2273 86 19 devant
3012 2278 45 14 une
3072 2274 91 18 maison
3178 2274 28 19 de
3220 2275 24 18 la
3257 2275 73 18 chaus-

2810 2295 38 19 sée
2864 2297 28 18 de
2906 2297 89 18 Fcrest.
3009 2298 21 17 A
3043 2301 43 18 so^
3101 2298 85 21 retour,
3201 2298 15 18 il
3231 2299 109 18 constata

2810 2321 84 22 qu'une
2916 2321 40 18 des
2978 2320 113 24 portières
3111 2323 66 18 av^it
3197 2321 37 21 été
3255 2322 85 19 forcée.

2290 2340 55 26 Oui,
2364 2341 31 22 M.
2412 2341 92 28 Spaak,
2523 2341 19 24 il
2560 2341 62 23 n'est
2642 2348 50 21 que,
2709 2343 80 27 temps
2809 2346 51 20 Une
2880 2346 73 18 valide
2974 2347 128 19 contenant
3122 2347 41 19 des
3184 2347 72 19 effets
3277 2347 53 19 d'ha-

2811 2370 126 22 billement,
2962 2372 32 18 du
3019 2371 68 23 ling-?,
3112 2372 82 18 valant
3219 2373 117 22 plusieurs

2810 2396 97 19 milliers
2929 2396 27 18 de
2978 2397 86 21 franco,
3086 2402 28 13 en
3136 2396 65 20 avait
3222 2396 36 20 été
3280 2398 60 18 enie-

2810 2419 48 20 vée.
2874 2431 26 4 —
2917 2421 26 19 E.

2835 2455 27 4 —
2881 2446 37 18 En
2940 2446 131 23 regagnant
3091 2451 27 14 sa
3139 2446 116 22 demeure,
3275 2446 64 23 jeudi

2809 2471 54 22 soir,
2883 2471 30 18 M.
2932 2471 89 19 Urbain
3042 2471 43 23 C...,
3106 2471 108 19 habitant
3234 2476 42 14 rue
3296 2472 43 18 De-

2809 2494 73 24 facqz,
2898 2500 15 14 a
2931 2494 106 20 constaté
3055 2497 70 22 qu'un
3142 2495 103 20 inconnu
3261 2495 78 20 s'était

2809 2520 120 22 introduit,
2943 2520 15 19 à
2971 2521 67 19 l'aide
3053 2521 28 20 de
3095 2522 92 18 faufsis
3201 2521 64 22 clefs,
3280 2521 58 19 dans

2808 2549 43 15 son
2866 2546 172 22 appartement.
3054 2546 47 19 De3
3118 2545 132 21 économies
3266 2547 24 18 et
3307 2552 31 14 un

2809 2570 33 19 lot
2859 2570 28 19 de
2906 2570 130 19 vêtements
3054 2573 41 16 ont
3114 2570 36 20 été
3169 2570 124 24 emportés.
3312 2572 26 18 E.

2833 2605 28 5 —
2882 2595 45 19 Sur
2948 2595 24 18 la
2993 2595 148 23 piate-forme
3165 2596 30 19 du
3217 2597 121 22 tramway.

2808 2619 31 19 M.
2855 2621 117 22 Augustin
2989 2620 31 19 Le
3038 2621 46 22 B...,
3100 2620 109 20 habitant
3226 2621 112 19 chaussée

2810 2644 27 19 de
2853 2645 127 22 BruxeK-is,
2996 2651 15 13 a
3027 2645 37 20 été
3080 2646 94 20 victime
3192 2647 53 19 d'un
3262 2646 77 19 adroit

2808 2676 12 12 «
2841 2670 139 18 bousculeur
2999 2676 12 12 »
3031 2670 40 23 qui
3091 2671 33 19 lui
3144 2677 15 14 a
3178 2671 107 20 subtilisé

2809 2695 147 22 portefeuille
2976 2696 128 18 contenant
3123 2696 13 19 3
3156 2695 77 21 billets
3252 2697 29 18 de
3300 2696 39 19 10C

2810 2720 36 23 fr.,
2861 2721 58 19 trois
2936 2721 27 19 de
2979 2721 25 19 50
3020 2725 30 18 fr.
3065 2722 24 19 et
3105 2721 41 19 des
3161 2726 103 19 coupons
3279 2722 50 18 d'ac-

2809 2744 76 19 tions.-
2894 2753 26 4 —
2937 2744 27 19 E.

2833 2779 28 4 —
2884 2770 37 18 On
2944 2774 16 14 a
2983 2768 113 23 constaté,
3120 2769 112 20 vendredi
3256 2771 79 18 matin,

2807 2795 71 21 qu'un
2898 2794 102 19 inconnu
3020 2795 65 18 avait
3104 2794 63 20 brisé
3186 2795 23 19 la
3229 2795 60 18 vitre
3310 2795 27 18 de

2808 2818 118 23 l'appareil
2944 2819 153 19 distributeur
3114 2820 28 18 de
3159 2819 107 19 chccolat
3281 2819 17 19 à
3316 2821 20 17 la

2808 2844 84 21 façade
2914 2843 53 19 d'un
2990 2843 124 19 immeuble
3136 2843 29 18 de
3187 2845 22 18 la
3232 2848 41 14 rue
3296 2844 40 18 des

3041 2868 144 20 Molenbeek.
3206 2868 26 19 25
3252 2867 84 20 bâtons

2262 2368 80 28 d'agir
2362 2369 23 22 si
2406 2375 61 16 vous
2487 2376 32 15 ne
2540 2369 87 23 voulez
2647 2376 46 21 pas
2715 2370 75 27 qu'on

2262 2403 61 16 vous
2348 2394 103 30 désigne
2475 2397 63 22 dans
2563 2396 106 23 l'avenir
2692 2403 98 16 comme

2262 2425 117 21 l'homme
2404 2430 65 21 pour
2493 2424 43 28 qui
2560 2430 142 21 gouverner
2725 2425 64 22 n'est

2261 2460 45 22 pas
2324 2454 103 27 prévoir
2445 2454 62 22 mais
2525 2454 138 22 attendre...

2311 2510 65 25 AU
2393 2510 71 25 FIL
2483 2510 91 25 DES
2591 2509 151 26 JOURS

2291 2577 202 71 L'heure
2525 2577 66 71 du
2622 2576 134 72 bilan

2288 2701 38 21 Les
2347 2701 71 20 bilans.
2440 2700 57 20 Voici
2515 2701 21 20 la
2556 2700 83 24 période
2659 2699 36 21 des
2715 2700 72 20 bilans.

2263 2729 38 21 Les
2318 2735 94 14 examens
2429 2729 25 20 dc
2473 2729 121 23 conscience,
2611 2728 29 21 les
2657 2728 120 24 rétrospecti-

2262 2763 42 15 ves.
2321 2757 28 21 Ce
2364 2764 59 18 genre
2438 2758 26 20 de
2482 2764 13 14 «
2511 2764 62 14 revue
2587 2757 26 20 de
2627 2758 31 23 fin
2674 2757 85 21 d'année
2774 2764 12 14 »

2261 2793 13 13 a
2290 2787 41 19 ceci
2346 2786 25 20 de
2387 2786 117 25 particulier
2520 2786 50 24 qu'il
2585 2786 78 24 s'opère
2678 2793 27 13 au
2722 2787 64 19 début

2261 2814 26 23 de
2301 2814 41 21 l'an
2357 2820 102 15 nouveau.
2473 2814 32 20 On
2520 2821 12 13 a
2548 2814 54 20 donc
2616 2814 67 20 dressé
2697 2814 18 20 le
2731 2814 55 19 bilan

2261 2843 25 20 de
2298 2842 49 21 l'an.

2288 2871 60 20 Nous
2365 2877 66 15 avons
2449 2877 48 14 sous
2513 2871 29 20 les
2559 2876 53 19 yeux
2630 2876 27 14 un
2675 2870 111 20 calendrier
2796 2869 5 25 |
2808 2867 174 22 Quatre-Vents,

2261 2899 93 24 superbe.
2370 2898 67 21 Toute
2454 2905 39 15 une
2508 2902 52 21 page
2575 2899 26 20 de
2617 2899 82 23 journal
2715 2898 28 21 où
2758 2898 29 20 les

2262 2927 130 22 événements
2410 2928 25 20 de
2454 2927 78 21 l'année
2551 2927 80 20 écoulée
2649 2933 21 15 se
2689 2929 97 18 trouvent

2262 2956 110 24 consignés,
2384 2956 52 21 mois
2450 2960 37 20 par
2500 2956 57 23 mc-is,
2568 2956 48 23 jour
2629 2959 37 21 par
2677 2956 55 23 jour.
2744 2955 32 20 Ad-

2262 2984 91 21 mirable.
2368 2985 44 22 Une
2427 2985 91 24 patience
2532 2985 78 23 d'ange.
2626 2985 33 19 Un
2674 2984 75 20 travail
2762 2984 25 19 de

2262 3013 132 21 Bollindisle.
2413 3012 54 21 C'est
2486 3014 12 20 à
2518 3016 39 21 peu
2576 3013 46 24 près
2639 3013 94 21 l'inverse
2751 3012 35 20 des

2262 3041 124 24 prédictions
2398 3043 28 20 du
2438 3042 62 19 début
2514 3042 25 20 de
2551 3041 85 21 l'année.
2649 3040 54 21 Tout
2717 3048 22 14 ce
2752 3041 37 24 gui

2262 3074 29 17 est
2310 3076 72 19 nuage,
2402 3069 73 25 fumée,
2492 3076 66 18 vague
2575 3069 13 20 à
2605 3070 67 24 l'âme,
2689 3070 52 21 dans
2758 3070 28 19 les
2797 3085 4 4 .

2262 3099 123 25 prophéties,
2401 3103 30 17 est
2446 3100 27 19 ici
2488 3100 93 19 converti
2595 3106 26 13 rn
2637 3106 39 15 une
2693 3099 53 23 pluie
2761 3099 26 20 de

2262 3128 111 24 précisions
2392 3128 63 23 .dates
2472 3131 20 17 et
2508 3128 57 22 faits.
2583 3128 40 20 Par
2639 3128 91 24 exemple
2748 3134 39 18 que

2260 3163 21 14 se
2298 3156 102 25 passait-il
2414 3157 19 20 le
2450 3162 10 18 y
2477 3157 81 23 janvier
2575 3156 25 20 de
2615 3157 41 19 l'an
2673 3157 80 19 dernier
2773 3157 10 19 ?

2263 3184 133 22 Exactement
2414 3185 13 20 à
2445 3186 18 19 la
2482 3186 48 19 date
2548 3185 28 20 du
2595 3187 18 19 6.
2632 3185 85 24 puisque
2736 3191 51 14 nous

2262 3217 116 21 apprenons
2392 3214 19 21 le
2427 3219 18 19 7.
2460 3219 22 14 ee
2497 3214 36 24 qui
2547 3213 45 21 s'est
2609 3214 58 24 passé
2680 3214 19 20 le
2713 3213 26 21 6?
2756 3214 30 20 La

2262 3242 115 21 Roumanie
2396 3241 144 21 reconnaissait
2558 3242 91 23 l'empire
2666 3241 77 21 italien.

2287 3269 32 21 Eh
2336 3271 56 24 quoi,
2407 3270 47 21 c'est
2470 3271 52 23 vrai,
2537 3270 16 20 it
2568 3270 33 23 fut
2618 3277 28 13 un
2663 3273 66 21 temps
2759 3274 27 16 oil

2807 2892 28 18 de
2854 2892 107 19 chocolat
2979 2893 42 18 ont
3039 2892 36 20 été
3093 2891 124 24 emportés.
3235 2893 46 18 Les
3299 2893 28 19 dé-

2807 2916 54 24 gâts
2881 2916 150 21 occasionnés
3051 2918 16 19 â
3086 2918 119 22 l'appareil
3225 2917 110 20 s'élèvent

2807 2941 16 20 à
2838 2943 52 23 plus
2907 2942 27 19 de
2950 2943 39 18 200
3005 2943 30 18 fr.
3049 2953 28 3 —
3092 2943 27 18 E.

2833 2982 29 6 —
2877 2973 109 19 Pendant
3003 2973 114 19 l'absence
3136 2974 41 18 des
3196 2972 75 23 époux
3287 2973 37 18 H..
3332 2987 5 7 ,

2806 2998 33 22 71,
2853 3002 42 15 rue
2910 2998 69 18 Louis
2994 2998 106 22 Ernotte,
3114 2998 16 19 à
3143 2997 90 21 Ixelles,
3249 2998 40 20 des
3305 2998 23 18 in-

2808 3027 88 15 connus
2914 3024 41 18 ont
2973 3022 80 19 fouillé
3071 3024 21 18 le
3110 3022 112 19 mobilier.
3240 3023 47 18 Des
3307 3023 21 18 bi-

2807 3048 56 22 joux
2883 3049 23 17 et
2926 3048 40 18 des
2986 3048 95 18 carnets
3101 3048 28 18 de
3149 3047 179 23 timbres-prime

2808 3073 81 18 valant
2909 3073 26 18 25
2956 3074 31 21 fr.
3008 3071 71 24 pièce,
3101 3073 41 18 ent
3163 3072 37 20 été
3220 3072 105 23 emporté

2808 3102 43 18 par
2871 3098 33 19 les
2926 3098 173 18 cambrioleurs.
3119 3108 28 3 —
3166 3096 27 21 E.

2832 3132 27 4 —
2873 3123 37 19 Un
2927 3123 101 19 inconnu
3044 3129 15 14 a
3075 3122 86 23 prefité
3177 3122 27 19 de
3222 3121 115 20 l'absence

2808 3147 40 19 des
2867 3147 74 23 époux
2959 3148 97 21 Planko,
3074 3148 32 19 41,
3124 3152 41 14 rue
3184 3146 28 20 de
3230 3147 101 18 Fiennes

2806 3172 16 19 à
2837 3173 147 20 Anderiecht,
2999 3176 58 19 pour
3072 3172 98 20 dérober
3184 3173 40 18 des
3239 3171 97 20 bibelots

2808 3198 23 18 et
2847 3202 45 15 une
2908 3198 138 19 couverture
3062 3202 29 13 en
3107 3197 61 19 laine
3184 3195 78 24 placés
3278 3196 57 18 dan;-"

2808 3222 22 20 la
2845 3223 111 18 chambre
2971 3222 15 19 à
3002 3222 106 21 coucher.
3121 3232 27 4 —
3163 3221 26 18 E.

2832 3257 27 4 —
2870 3248 70 18 Place
2952 3248 28 19 de
2993 3247 20 18 la
3027 3246 164 21 Constitution,
3203 3247 62 18 Mme
3277 3245 58 18 Eve-

2808 3272 46 19 line
2877 3273 138 20 Guillaume,
3038 3271 108 19 habitant
3174 3271 16 19 à
3218 3270 116 21 Cuesmes,

2261 3298 90 25 l'empire
2371 3299 71 20 italien
2464 3298 71 21 n'était
2557 3302 37 21 pas
2615 3304 96 15 reconnu.
2733 3299 52 20 Dieu
2796 3290 24 34 \r
2816 3311 5 7 t
2821 3302 27 14 ue
2868 3298 28 18 de
2915 3297 138 21 Framerles,
3071 3302 16 14 a
3105 3294 105 20 constaté
3228 3299 44 18 qu-s
3292 3299 41 14 son

2262 3333 39 18 que
2320 3327 47 20 c'est
2385 3328 99 19 lointain!
2503 3327 53 20 C'est
2576 3327 113 24 effrayant,
2707 3333 22 15 ce
2747 3333 40 19 que

2261 3362 53 15 nous
2325 3356 120 20 vieillissons
2458 3357 48 19 vite.
2520 3356 41 20 Des
2574 3356 70 20 choses
2658 3358 36 22 qui
2705 3363 21 14 se
2739 3359 38 21 pas-

2261 3385 73 23 saient,
2345 3386 15 19 il
2372 3392 14 17 y
2397 3392 13 13 a
2423 3391 28 14 un
2462 3391 34 17 an,
2508 3385 48 23 jour
2569 3388 37 21 par
2618 3385 54 23 jour,
2685 3391 52 14 nous
2750 3388 26 21 pa-

2261 3413 83 20 raissent
2360 3414 46 24 plus
2419 3413 82 24 vieilles,
2516 3413 45 24 plus
2575 3413 104 24 périmées,
2693 3419 39 18 que
2747 3414 29 19 cel-

2262 3441 28 21 les
2304 3442 37 24 qui
2354 3449 21 13 se
2389 3443 101 24 passaient
2506 3443 16 20 il
2535 3449 13 17 y
2563 3448 11 14 a
2590 3442 36 20 dix
2640 3448 27 14 ou
2683 3445 45 18 cent
2744 3449 43 13 ans.

2261 3470 52 20 Rien
2324 3470 50 20 n'est
2386 3471 44 24 plus
2441 3470 67 25 vieux,
2518 3471 46 24 plus
2575 3471 64 20 caduc
2649 3477 40 18 que
2699 3471 19 20 le
2728 3471 48 24 jour-

2262 3499 34 20 nal
2311 3499 24 20 de
2350 3499 21 20 la
2386 3499 65 20 veille.

2287 3527 110 24 Pourtant,
2413 3526 13 20 à
2444 3528 21 20 la
2481 3528 76 20 lecture
2575 3527 50 20 d'un
2644 3528 63 23 pareil
2725 3528 62 22 bilan,

2262 3554 47 21 bien
2326 3556 35 20 des
2378 3556 69 21 choses
2464 3562 40 18 que
2520 3556 42 20 l'on
2579 3555 128 25 n'apprenait
2725 3556 61 24 qu'au

2260 3583 48 23 jour
2319 3584 19 21 le
2351 3584 54 24 jour,
2418 3584 120 25 s'éclairent,
2549 3591 21 14 se
2584 3587 85 18 mettent
2685 3591 24 13 en
2723 3584 63 25 place,

2260 3611 141 26 s'ordonnent,
2420 3613 74 20 livrent
2515 3614 45 19 leur
2578 3619 46 15 sens
2642 3612 68 24 caché,
2730 3618 44 14 com

2805 3325 42 15 sac
2864 3322 16 19 à
2895 3323 64 19 main
2977 3321 57 19 était
3051 3320 88 21 ouvert-
3155 3320 37 19 Un
3209 3325 12 12 «
3238 3320 95 18 bouscu-

2806 3347 52 19 leur
2874 3353 13 12 >
2905 3346 58 20 était
2981 3350 104 19 parvenu
3102 3344 16 20 à
3135 3349 29 14 en
3182 3343 101 19 extraire
3302 3348 31 14 un

2807 3372 185 23 perte-monnaie
3005 3370 128 18 contenant
3146 3369 38 18 160
3197 3370 29 18 fr.
3240 3373 29 14 en
3281 3373 44 14 cou-

2808 3401 69 18 pures
2894 3399 23 17 et
2933 3396 84 23 j*2t:ns.
3032 3405 28 4 —
3074 3394 27 19 E.

2832 3432 27 4 —
2879 3422 61 18 Mme
2963 3421 77 18 Kerne
3062 3418 142 20 Harmcken,
3226 3417 107 19 habitan*

2807 3447 44 20 426,
2869 3449 89 16 avenue
2975 3445 51 18 Van
3044 3444 103 21 Volxetn,
3164 3442 16 20 à
3197 3443 90 20 Fcrest,
3305 3447 28 15 en

2808 3471 131 24 regagnant
2960 3474 26 14 sa
3009 3468 115 23 demeure,
3146 3472 15 14 a
3183 3466 107 20 constaté
3313 3468 20 20 lu

2807 3495 136 24 dis^r.ition
2957 3494 69 19 d'une
3040 3494 86 19 broche
3141 3491 124 21 rehaussés
3281 3493 53 19 d'un

2807 3520 95 19 brillant
2917 3519 81 18 valant
3013 3518 39 18 400
3068 3518 87 19 marks.
3170 3528 27 3 —
3212 3518 27 18 E.

2833 3560 27 5 —
2883 3551 37 18 Un
2945 3550 102 18 inconnu
3071 3549 56 18 s'est
3152 3548 114 19 introduit
3290 3553 44 19 par

2806 3575 106 20 escalade
2929 3576 24 18 et
2968 3574 127 19 effraction
3112 3574 58 19 dans
3186 3573 23 19 la
3226 3573 109 20 demeure

2806 3600 28 20 de
2857 3601 31 18 M.
2911 3600 87 19 Marcel
3020 3599 42 21 J...,
3084 3599 138 22 cabaretier,
3245 3603 90 17 avenue

2806 3626 28 18 de
2852 3626 23 18 la
2891 3626 70 17 Porte
2980 3625 27 19 de
3024 3624 53 20 Hal,
3095 3623 15 20 à
3127 3623 114 21 St-Gilles.
3258 3624 33 19 Le
3308 3625 27 18 ti-

2263 3647 31 13 me
2312 3641 87 21 certains
2416 3644 99 21 paysages
2532 3647 39 18 que
2589 3641 41 20 Von
2649 3640 81 21 survole
2760 3645 25 14 en
2795 3642 4 29 j
2806 3649 47 19 roir
2853 3659 10 4 _
2862 3649 36 18 cai
2902 3654 8 4 -
2913 3654 24 13 se
2953 3650 128 18 contenant
3095 3649 39 19 200
3149 3649 29 18 fr.
3193 3654 15 14 a
3223 3648 36 20 été
3275 3649 59 21 vidj.

2261 3668 69 22 avion.
2349 3669 32 20 On
2401 3671 113 22 comprend
2533 3670 67 19 mieux
2632 3669 103 24 pourquoi
2766 3667 19 20 le
2795 3672 4 3 '

2260 3704 11 13 .*
2292 3697 79 25 février,
2386 3698 19 20 le
2423 3697 119 21 Chancelier
2558 3698 68 20 Hitler
2643 3697 140 21 chambardait

2259 3725 19 21 le
2290 3725 50 21 haut
2352 3726 178 22 commandement
2543 3728 25 21 de
2580 3733 37 14 son
2628 3726 74 23 armée,
2714 3725 71 24 quand

2261 3760 28 15 on
2308 3755 43 20 voit
2369 3755 60 24 après
2445 3759 62 21 coup,
2525 3762 39 18 que
2580 3755 19 20 le
2618 3761 30 18 12,
2666 3755 15 19 il
2696 3754 87 20 recevait

2261 3782 31 20 M.
2303 3782 139 26 Schuschnigg
2452 3784 13 20 à
2478 3783 160 23 Bcrchtesgaden
2650 3786 20 16 et
2683 3788 39 18 que
2733 3782 49 20 Ieu

2260 3811 29 20 du
2299 3812 52 20 mois
2360 3813 91 23 suivant,
2460 3819 31 14 ses
2501 3815 84 20 troupes
2594 3812 100 19 entraient
2705 3817 25 13 en
2741 3811 33 19 Au-

2261 3839 64 21 triche
2338 3843 19 17 el
2372 3845 40 18 que
2425 3841 19 20 le
2462 3845 33 16 1er
2508 3839 84 21 octobre
2605 3845 32 14 ses
2651 3840 83 22 troupes
2747 3845 26 13 en-

2261 3868 74 20 traient
2350 3868 52 21 dans
2416 3869 19 20 la
2452 3869 96 24 première
2564 3873 49 15 zone
2628 3867 90 21 sudète...

2286 3894 54 22 C'est
2358 3896 105 24 effrayant
2484 3903 8 14 :
2510 3896 13 19 à
2540 3896 36 19 lire
2594 3901 21 15 ce
2633 3895 54 20 bilan

2805 3675 47 20 D.?g
2866 3674 121 19 bouteilles
3003 3672 130 24 d'apéritifs
3148 3674 41 18 ont
3205 3673 129 24 également

2805 3698 37 20 été
2858 3698 83 20 volées.
2957 3699 65 19 Dans
3037 3700 23 17 la
3074 3699 90 19 cuisine
3180 3699 110 19 attenant
3305 3704 29 13 au

2805 3724 60 21 café,
2885 3725 20 18 le
2927 3724 155 19 cambrioleur
3102 3729 14 13 a
3136 3723 51 19 volé
3208 3729 31 14 un
3259 3728 42 15 sac
3321 3725 13 19 à

2806 3750 64 18 main
2894 3748 128 19 contenant
3045 3754 46 14 une
3116 3752 89 16 somme
3229 3748 104 24 d'argent

2806 3774 134 21 rcndelette,
2957 3773 61 20 ainsi
3033 3778 44 19 que
3094 3774 41 18 des
3150 3773 131 20 vêtements
3297 3779 30 14 va-

2805 3798 51 21 lant
2872 3798 116 24 plusieurs
3004 3798 97 20 milliers
3117 3799 28 18 de
3162 3799 88 19 francs.
3265 3809 28 4 —
3308 3799 26 19 E.

2832 3833 28 5 —
2875 3824 35 19 La
2927 3823 74 22 pelice
3020 3823 126 19 recherche
3164 3828 32 14 un
3213 3824 70 23 jeune
3303 3824 23 18 In-

2805 3848 79 19 dividu
2903 3849 39 22 qui
2961 3854 26 14 se
3006 3848 108 23 prérente
3134 3848 58 23 dana
3211 3848 34 19 les
3264 3848 62 23 pâtis-

2805 3874 72 18 series
2893 3874 28 19 de
2937 3874 23 18 la
2975 3878 122 15 commune
3114 3874 28 19 de
3158 3874 83 19 Forest
3257 3875 30 20 et,
3304 3873 22 19 di-

2805 3899 54 18 sant
2873 3898 49 19 être
2936 3898 87 24 envoyé
3038 3903 42 18 par
3093 3904 46 15 une
3153 3903 115 18 personne
3281 3899 37 18 bie

2260 3923 133 25 l'impression
2409 3924 49 25 qu'il
2472 3931 14 18 y
2500 3932 12 13 a
2528 3930 31 18 eu,
2573 3924 39 19 l'an
2628 3923 86 22 dernier,
2729 3929 55 14 assez
2794 3937 4 12 t
2805 3928 90 14 connue
2919 3924 27 18 de
2970 3924 23 18 la
3015 3924 66 22 place
3104 3924 115 22 St-Dcnls,
3241 3929 26 14 se
3290 3924 43 18 fait

2260 3952 151 22 d'événements
2432 3956 52 21 pour
2503 3952 84 25 remplir
2605 3952 29 21 les
2654 3954 61 22 pages
2734 3952 49 20 d'un
2795 3953 2 19 '.
2806 3947 100 20 délivrer
2923 3948 41 20 des
2981 3947 102 25 gâteaux
3099 3950 26 18 -et
3143 3948 41 19 des
3202 3947 131 21 friandises.

2260 3980 64 22 siècle.
2341 3981 59 21 Nous
2416 3981 107 25 plaignons
2539 3982 29 19 les
2585 3980 64 21 élèves
2666 3981 35 20 des
2718 3984 66 21 temps

2259 4008 68 24 futurs
2341 4011 36 22 qui
2391 4010 87 19 devront
2494 4009 85 24 bloquer
2593 4009 97 20 l'histoire
2705 4009 25 20 de
2746 4015 26 13 no-

2261 4039 30 19 tre
2309 4040 72 21 temps.
2398 4038 15 19 A
2433 4038 66 20 moins
2516 4044 39 18 que
2572 4043 52 14 nous
2641 4037 143 25 n'attachions,

2259 4064 127 26 finalement,
2405 4065 148 24 d'importance
2571 4064 13 20 à
2604 4065 36 21 des
2658 4065 71 21 choses
2748 4066 37 24 qui

2259 4092 46 21 n'en
2319 4097 37 16 ont
2370 4099 85 14 aucune.
2667 4093 91 20 NFAIO.

2271 4152 21 21 •
2425 4144 195 31 L'ACCIDENT

2282 4192 12 14 •
2321 4186 400 32 D'ASSCHE-WALFERGHEM

2285 4250 65 19 Nous
2365 4255 73 14 avons
2453 4250 72 20 relaté
2540 4252 52 18 hier
2606 4251 70 23 qu'un
2692 4252 92 18 homme

2259 4275 65 18 avait
2335 4274 36 19 été
2383 4274 40 19 tué
2434 4280 43 18 par
2488 4280 31 14 un
2530 4276 121 22 tramway,
2661 4275 16 20 à
2687 4276 97 19 Asscht;-

2258 4298 167 24 Walferghem.
2442 4300 34 18 La
2492 4300 94 18 victime
2603 4301 36 18 est
2656 4300 31 18 M.
2704 4299 80 21 Pierre

2259 4323 100 22 Delcbcl,
2375 4324 25 18 60
2415 4328 50 16 ans,
2482 4324 137 19 demeurant
2635 4324 14 19 à
2665 4325 118 18 Esschen^

2259 4347 53 24 près
2330 4348 109 19 d'Assche
2456 4361 6 5 .

2805 3973 119 21 Plusieurs
2955 3973 122 24 pàticsicrs
3088 3976 4 4 '
3108 3974 28 19 de
3167 3973 106 20 l'avenue
3304 3973 14 19 d

2804 3999 62 19 Pont
2880 3999 28 19 da
2921 3999 89 21 Luttre,
3025 3999 27 19 de
3066 3999 105 19 l'avenue
3184 3998 150 19 Wielemans-

2806 4023 127 23 Ccuppens,
2949 4024 27 20 de
2991 4025 23 19 la
3029 4029 41 14 rue
3085 4025 27 17 de
3127 4023 100 22 Merode,
3243 4023 41 19 ont
3299 4022 35 19 été

2806 4049 107 18 victimes
2931 4049 31 19 du
2980 4049 78 22 jeune-
3068 4049 85 22 fripon.
3172 4049 46 19 Son
3237 4047 89 24 signale-

2805 4075 65 18 ment
2884 4079 15 15 a
2914 4073 37 20 été
2966 4073 66 20 lancé
3047 4075 59 18 dans
3121 4074 78 19 toutes
3214 4074 34 18 les
3262 4072 63 18 direc-

2806 4096 67 22 tions.
2890 4108 27 4 —
2933 4098 27 19 E.

2881 4176 93 31 CINES
2993 4177 73 30 MAX
3087 4177 41 30 ET
3148 4176 115 31 LOUISE

2840 4249 43 20 UN
2899 4249 175 20 SPECTACLE
3091 4247 210 23 ENCHANTEUR

2960 4276 36 18 est
3011 4275 60 19 celui
3088 4276 28 18 de
3132 4276 51 18 voir

2959 4305 105 30 SONJA
3084 4305 100 30 HENIE

2910 4347 59 20 dans
2985 4349 21 18 le
3022 4349 72 19 ballet
3112 4353 40 14 sur
3169 4348 64 22 glace

2840 4376 12 13 «
2860 4370 64 20 Alice
2947 4377 31 14 au
3000 4377 58 19 pays
3081 4374 40 19 des
3142 4370 131 21 Merveilles
3280 4374 19 15 t>,

3069 4407 29 19 de

2877 4434 34 31 Le
2928 4435 158 39 Mannequin
3105 4436 34 30 du
3157 4435 105 36 Collège

2906 4491 57 14 avec
2978 4487 105 19 Richard
3098 4485 134 21 GREENE,

2840 4516 72 21 César
2934 4518 139 22 ROMAïtO,
3094 4517 83 23 Buddy
3197 4515 101 20 EBSEN

2931 4545 25 18 et
2972 4543 72 20 Louis
3059 4541 120 21 HORICK
3237 4539 58 21 (122)

2828 4609 146 22 CYCLISTE
3003 4612 74 20 SOCS
3104 4610 63 20 UNE
3195 4608 88 20 AUTO.
3303 4619 27 4 —

2802 4635 115 21 Vendredi
2932 4637 81 21 matin,
3025 4640 46 15 une
3084 4633 154 22 camionnette
3252 4639 14 13 a
3279 4637 42 15 ren-

2803 4659 72 24 versé,
2896 4665 90 16 avenue
3007 4662 28 19 de
3056 4661 23 19 la
3099 4659 79 21 Reine,
3199 4658 16 19 à
3226 4659 94 20 .Bruxel-

2803 4684 33 19 les
2853 4685 30 22 II,
2902 4691 32 14 un
2952 4686 101 24 cycliste,
3072 4685 74 19 Raoul
3165 4684 51 18 Van
3234 4682 95 19 Dieren-

2803 4709 83 23 donck,
2904 4710 43 24 âgé
2966 4712 27 19 de
3010 4711 25 18 24
3053 4714 49 17 ans,
3120 4707 115 20 domicilié
3251 4708 16 20 à
3283 4708 47 19 Vil-

2803 4735 77 20 vor.de.
2901 4736 96 19 0;lui-ci
3018 4740 14 14 a
3053 4734 36 20 été
3109 4731 74 21 blessé
3203 4731 16 21 à
3238 4732 25 18 la
3283 4732 47 20 tête

2803 4760 23 18 et
2839 4765 47 15 aux
2898 4761 97 23 jambe:;.
3008 4761 19 18 Il
3041 4765 14 14 a
3069 4758 35 21 été
3118 4757 79 23 soigné
3212 4757 58 20 dans
3284 4762 45 15 une

2804 4784 134 23 pharmacie
2959 4787 31 18 du
3010 4784 124 22 voislnaga.
3154 4792 26 4 —
3199 4783 28 18 D.

2834 4822 21 20 A
2871 4823 88 20 NIMY.
2975 4833 27 4 —
3018 4822 44 19 UN
3079 4819 147 20 CYCLISTE
3243 4819 87 19 GRIE-

2792 4842 4 25 î
2806 4848 132 20 VEMENT
2950 4846 121 22 BLESSE.
3083 4856 27 4 —
3122 4845 104 19 Roulant
3239 4845 15 19 à
3267 4845 53 23 bicy-

2808 4873 70 20 clette
2903 4875 20 18 le
2949 4875 54 21 long
3026 4872 28 18 de
3079 4872 23 19 la
3126 4870 149 24 grand'route
3300 4871 28 18 de

2807 4899 68 19 Mons
2894 4903 15 19 à
2928 4898 119 20 Bruxelles
3063 4901 42 15 sur
3123 4898 21 17 le
3163 4896 117 19 territoire
3299 4896 29 19 de

2806 4924 77 24 Nimy,
2902 4925 20 18 le
2942 4924 95 19 docteur
3054 4921 104 20 Maurice
3176 4921 105 19 Renaert
3299 4922 29 19 de

2807 4950 61 20 cette
2883 4949 98 22 localité,
2995 4953 15 14 a
3025 4947 35 21 été
3075 4947 108 20 renversé
3198 4952 15 19 à
3227 4947 101 19 hauteur

2808 4975 30 19 du
2859 4976 58 22 pont
2937 4976 29 19 de
2986 4974 23 18 la
3029 4972 76 19 Haine
3133 4973 23 18 et
3184 4971 145 24 grièvement

2808 5000 74 19 bltesé
2905 5005 44 19 par
2971 5004 30 14 un
3025 4997 172 19 automobiliste
3220 4998 28 18 de
3272 4997 57 19 Fra-

2807 5026 91 19 meries.

2833 5064 20 19 A
2882 5061 125 21 EYSDEN
3013 5070 9 5 -
3028 5060 113 19 SAINTE
3147 5069 9 4 -
3163 5060 112 20 BARBE.
3301 5070 29 6 —

2808 5088 106 20 GRAVE
2946 5085 154 21 ACCIDENT
3125 5085 44 19 DE
3194 5086 136 20 TRAVAIL

2808 5114 81 20 DANS
2922 5113 56 19 LES
3012 5111 42 20 CH
3055 5111 127 18 ARBONN
3185 5111 85 20 AGES.
3302 5122 28 6 —

2807 5140 87 23 Joseph
2916 5139 109 19 Vroman,
3053 5137 25 18 39
3106 5141 50 16 ans,
3185 5137 109 19 habitant
3314 5138 16 18 à

2809 5161 276 27 Eysden-Sainte-Barbe,
3123 5161 138 20 travaillant
3297 5167 32 15 au

2807 5190 170 20 charbonnage,
2997 5192 16 14 a
3033 5185 36 20 été
3096 5186 79 19 coincé
3203 5188 66 18 entre
3295 5189 34 19 les

2807 5217 109 21 tampons
2932 5214 67 18 d'une
3015 5212 137 20 locomotive
3168 5212 24 20 et
3197 5216 34 15 un
3239 5217 89 19 wagon.

2807 5240 91 20 Atteint
2921 5239 66 19 d'une
3010 5237 104 20 fracture
3143 5237 28 19 de
3199 5238 24 19 la
3250 5239 78 22 jambe

2807 5266 73 20 droite
2893 5267 23 18 et
2930 5264 28 18 de
2972 5268 83 19 graves
3067 5263 117 19 blessures
3195 5268 32 15 au
3240 5263 88 23 ventre,

2807 5292 16 19 il
2838 5298 15 14 a
2868 5289 36 21 été
2920 5289 96 19 conduit
3030 5291 16 20 à
3061 5288 23 18 la
3099 5288 107 23 clinique.

2833 5332 20 18 A
2874 5326 196 22 SILENRIEUX.
3088 5337 29 5 —
3135 5327 196 19 ACCIDENT.—

2807 5356 36 18 Au
2858 5355 45 19 lieu
2919 5354 34 19 dit
2970 5366 8 5 .■
2988 5351 74 20 Go'zée
3069 5357 18 16 »,
3102 5352 16 20 à
3132 5352 136 22 Sllenrieux,
3283 5357 45 14 une

2807 5381 55 18 auto
2876 5380 55 19 s'est
2945 5377 60 24 jetée
3020 5378 80 18 contre
3115 5382 32 14 un
3161 5378 68 20 arbre
3243 5379 24 18 et
3281 5378 47 19 l'un

2809 5407 39 18 des
2866 5404 134 22 occupante,
3019 5403 29 19 M.
3067 5403 26 19 G.
3112 5403 84 22 Gonze,
3215 5403 113 19 musicien

2260 5433 90 25 bénéfice
2369 5434 26 21 de
2415 5434 22 21 la
2459 5441 12 15 €
2478 5435 84 21 Maison
2583 5435 25 21 de
2629 5435 108 23 l'Invalide
2757 5437 26 20 de
2792 5427 4 11 '
2807 5437 30 14 au
2854 5431 13 19 2
2868 5432 8 9 e
2894 5429 129 19 Chasseurs
3039 5429 15 19 à
3071 5429 52 22 pied
3140 5428 15 19 à
3171 5429 126 23 Charleroi,
3314 5434 15 13 a

2448 5469 44 9 _,
2652 5471 6 7 ,
2680 5470 14 8 m
2793 5456 4 21 l
2807 5456 37 21 été
2860 5455 74 20 blessé
2949 5454 16 20 à
2978 5453 97 23 l'épaule
3091 5454 23 20 et
3129 5457 13 19 à
3158 5454 24 18 la
3196 5454 84 23 jambe.
3295 5454 34 19 La

2259 5475 70 19 pierre
2345 5475 55 15 russe
2407 5476 20 15 y.
2444 5469 72 22 Cartes
2530 5477 25 14 en
2572 5473 61 18 vente
2647 5471 13 20 à
2676 5472 70 20 Patna
2762 5474 21 20 a
2807 5481 38 20 vIc
2845 5480 57 20 time
2924 5484 15 14 a
2962 5478 35 21 été
3021 5478 147 25 transportée
3188 5484 17 20 à
3226 5479 102 25 l'hôpital

2297 5504 49 21 4tke%
2362 5505 74 23 Bayan
2453 5505 75 24 (Palais
2544 5505 36 21 des
2597 5506 148 25 Beaux-Arts).
2791 5504 8 31 j
2807 5507 55 18 civil
2877 5506 28 19 dc
2921 5503 126 21 Charleroi.

2367 5288 69 23 Mme
2453 5289 30 24 de
2502 5289 175 31 SozonoviÇch,

2258 5327 25 21 de
2302 5327 89 26 l'Opéra,
2409 5329 37 24 qui
2462 5329 81 24 prêtera
2562 5336 37 15 son
2619 5336 99 16 concours
2736 5337 35 19 gra-

2258 5363 57 21 cieux
2333 5364 14 20 à
2365 5364 21 20 la
2405 5364 92 22 Matinée
2517 5364 59 22 d'Art
2596 5371 63 19 russe,
2678 5367 104 24 organisée

2258 5405 26 14 m
2297 5398 20 20 la
2331 5397 53 22 S-ille
2399 5399 76 25 Patria,
2488 5400 19 21 le.
2522 5402 12 19 8
2548 5401 87 24 janvier,
2648 5400 13 20 à
2676 5406 24 19 15
2716 5401 18 21 h.

3397 432 20 19 A
3435 432 92 20 BREE.
3545 443 27 5 —
3588 433 155 21 ACCIDENT
3760 435 45 19 DE
3823 435 62 19 TRA-

3371 458 78 19 VAIL.
3463 468 27 3 —
3504 458 37 19 Un
3556 463 72 19 grave
3643 460 106 20 accident
3765 461 27 19 de
3808 461 85 19 travail

3370 483 56 22 s'est
3448 484 95 23 produit
3566 487 58 19 dans
3648 486 23 19 la
3693 486 67 20 firme
3782 487 112 19 Janssen-

3371 509 116 22 Gillùsscn,
3503 510 15 19 à
3534 511 66 18 Broc.
3618 511 54 18 Mlle
3688 511 67 20 Anna
3771 513 48 21 D...,
3835 512 58 24 âgée

3370 534 29 18 de
3414 535 25 18 18
3451 539 51 17 ans,
3516 535 57 20 était
3587 535 100 24 occupée
3700 536 15 19 à
3727 538 111 19 emballer
3852 538 40 19 des

3371 560 176 19 marchandises
3568 562 92 23 lorsque
3688 562 27 20 de
3741 564 151 19 nombreuses

3371 585 87 19 caisses
3482 585 132 21 tombèrent
3642 591 41 15 sur
3710 587 48 20 elle.
3787 589 105 19 Atteinte

3371 611 67 17 d'une
3454 611 104 19 fracture
3573 614 31 18 du
3619 612 71 19 crâne
3705 614 23 18 et
3742 614 67 19 d'une
3824 615 68 19 autre

3370 636 29 19 de
3420 636 23 18 la
3461 636 78 23 jambe
3560 637 81 23 droite,
3661 638 43 20 elle
3723 644 24 14 ae
3767 640 76 23 plaint
3862 645 29 14 en

3370 662 66 18 outre
3454 662 28 18 de
3502 662 108 21 douleurs
3628 664 109 19 Internes.

3367 699 86 23 Lxigez
3460 701 21 18 le
3490 700 72 18 Sucre
3571 701 98 19 Raffiné
3676 702 217 21 deTIRLEMONT

3815 731 72 20 (1533)

3395 757 20 19 A
3434 758 188 20 CHARLEROL
3639 769 28 5 —
3682 759 87 20 MORT
3786 761 96 19 TRAGI-

3369 782 63 23 QUE
3457 784 72 18 D'UN
3552 784 132 20 MINEUR.
3714 795 26 4 —
3768 787 35 18 Un
3820 787 70 23 jeune

3370 808 92 19 mineur
3482 810 106 22 polonais
3610 810 28 19 de
3660 810 25 19 19
3706 814 48 19 arr-g,
3775 812 116 19 Doleslaw

3369 834 107 22 Broniec,
3500 834 105 21 résidant
3628 840 41 14 rue
3693 837 28 18 de
3744 837 146 23 Montignies,

3367 860 16 19 à
3403 859 126 23 Charleroi,
3550 860 64 19 avait
3634 862 49 22 pris
3703 862 64 23 place
3787 864 60 18 dans
3866 864 24 18 la

3368 889 57 18 cage
3439 885 157 20 descendante
3610 891 31 14 au
3656 887 63 22 puits
3733 888 26 19 de
3773 888 34 20 La
3821 890 59 18 Blan-

3368 910 111 20 chisserie
3500 912 41 18 des
3562 912 179 24 charbonnages
3760 916 27 18 de
3809 914 81 19 Sacré-

3369 935 115 23 Madame,
3504 938 78 21 quand
3609 938 17 18 il
3652 938 85 19 heurta
3760 940 61 19 l'une
3848 941 41 18 des

3368 962 79 21 parois
3469 962 27 18 de
3518 963 24 18 la
3563 963 47 19 tête
3638 965 24 18 et
3688 969 26 13 ee
3742 964 105 22 fractura
3868 966 20 19 le

3367 986 77 19 crâne.
3462 988 36 18 On
3517 990 37 18 n'a
3572 988 106 20 remonté
3695 991 70 21 qu'un
3781 991 106 19 cadavre.

3366 1012 100 19 Broniec
3479 1012 58 20 était
3550 1014 77 19 arrivé
3641 1014 81 23 depuis
3735 1020 42 19 peu
3789 1017 15 19 à
3817 1017 63 18 Char-

3367 1037 56 20 leroi
3442 1039 28 18 de
3488 1039 199 20 Flemalle-Haute
3706 1040 30 19 où
3754 1041 134 20 demeurent

3365 1067 39 14 ses
3421 1064 103 21 parents.

3393 1094 20 19 A
3430 1095 123 20 ASSCHE.
3569 1106 28 6 —
3611 1097 45 20 UN
3671 1098 116 19 HOMME
3803 1100 79 18 GRIE-

3367 1121 130 19 VEMENT
3515 1123 122 19 BLESSE
3655 1133 28 4 —
3701 1124 113 21 Mercredi
3833 1126 55 21 floir,

3366 1146 41 20 des
3423 1149 110 19 passants
3550 1148 76 19 virent
3640 1153 44 15 sur
3698 1150 24 19 la
3738 1149 110 21 chaussée
3856 1155 32 15 un

3367 1171 92 19 homme
3478 1172 86 21 étendu
3582 1179 29 15 ne
3630 1176 105 18 donnant
3753 1176 50 23 plu*
3821 1177 66 23 signe

3367 1197 28 19 de
3417 1197 43 19 vie.
3482 1199 20 18 Il
3524 1199 39 18 fut
3584 1200 76 19 relevé
3682 1201 25 18 et
3729 1205 30 14 on
3781 1203 107 18 constata

3366 1222 54 23 qu'il
3443 1224 65 18 avait
3530 1224 115 22 plusieurs
3668 1226 73 23 plaies
3762 1228 125 21 profondes

3365 1248 15 19 â
3394 1248 22 18 la
3430 1248 54 20 tête.
3498 1249 62 19 C'est
3573 1256 31 15 un
3618 1251 90 19 certain
3716 1252 52 19 Van
3776 1252 111 20 Laethem

3365 1273 36 21 H.,
3421 1273 109 20 habitant
3548 1275 94 20 Assche.
3662 1276 125 25 L'enquête
3806 1278 82 20 établit

3365 1298 54 23 qu'il
3438 1301 66 19 avait
3523 1299 37 20 été
3578 1306 31 14 vu
3628 1306 29 15 en
3676 1303 138 23 compagnie
3833 1304 54 19 d'un

3365 1324 90 19 certain
3469 1325 22 18 S.
3504 1325 35 19 W.
3553 1330 57 15 avec
3623 1329 39 21 qui
3677 1328 16 19 11
3707 1329 79 18 aurait
3800 1334 27 14 eu
3841 1334 46 15 une

3365 1349 99 23 dispute.
3483 1351 35 20 La
3536 1352 95 20 victime
3649 1357 16 14 a
3684 1354 37 20 été
3741 1355 147 23 transportée

3365 1375 59 19 dans
3442 1380 45 15 une
3504 1376 107 24 clinique.

3390 1406 22 19 A
3433 1407 407 25 MONTIGNIES-SUR-^AMBRE.
3862 1421 28 6 —

3364 1433 264 21 IDENTIFICATION.
3641 1445 28 4 —
3682 1436 32 20 Le
3729 1437 106 20 vieillard
3848 1438 40 23 qui

3364 1463 15 14 a
3392 1463 29 14 eu
3436 1463 45 16 une
3495 1460 136 22 congestion
3645 1461 117 21 cérébrale
3775 1463 16 20 à
3805 1463 84 20 Monti-

3364 1484 223 23 gnies-sur-Sambre
3607 1490 16 14 a
3642 1486 37 19 été
3699 1487 106 20 identifié
3823 1489 65 23 jeudi

3363 1514 43 18 par
3422 1510 22 20 la
3459 1510 80 23 police.
3555 1511 20 19 Il
3590 1512 70 23 s'agit
3675 1512 28 19 de
3718 1512 105 24 Adolphe
3838 1514 50 19 Lie-

3364 1536 60 22 nart,
3447 1536 116 20 domicilié
3584 1537 16 19 à
3621 1538 49 19 Cou
3672 1538 129 19 rt-Saint-E
3803 1540 85 19 tienne,

3384 1562 21 19 A
3421 1562 92 19 GAND.
3528 1573 28 3 —
3570 1563 63 20 VOL
3647 1564 96 20 D'UNE
3758 1565 90 21 AUTO.
3863 1576 28 5 —

3358 1586 48 18 Des
3424 1587 114 20 inconnus
3554 1590 43 18 ont
3613 1587 58 23 volé,
3689 1589 65 23 jeudi
3770 1590 56 23 soir,
3844 1596 45 15 une

3359 1612 56 18 auto
3435 1613 40 22 qui
3497 1612 140 20 stationnait
3658 1619 42 16 ru-3
3720 1614 133 24 d'Oetende,
3874 1616 16 19 k

3359 1635 75 19 Gand.
3455 1636 90 22 L'auto,
3567 1639 40 22 qui
3636 1639 89 21 portait
3754 1640 23 19 la
3805 1641 84 23 plaque

3363 1665 21 13 n.
3404 1660 91 24 309.750,
3515 1663 136 21 appartient
3669 1663 17 19 à
3704 1664 31 19 M.
3755 1664 134 24 Zeelander,

3359 1685 109 19 habitant
3486 1690 41 15 rue
3545 1687 133 20 d'Ostende.

3439 1715 23 6 —
3588 1711 76 19 «*•
3846 1719 35 8 —

3380 1730 24 30 A
3419 1730 85 38 Liège,
3520 1731 114 32 l'auteur
3649 1733 78 31 d'une
3741 1736 125 30 tentative

3544 1774 32 30 de
3589 1780 115 26 meurtre

3455 1827 30 19 se
3501 1818 128 29 constitue
3646 1819 147 35 prisonnier

3374 1878 47 20 (De
3438 1880 68 19 notre
3524 1881 185 22 correspondant
3726 1883 147 22 particulier)

3644 1905 77 24 Liège,
3736 1907 14 19 6
3764 1907 100 23 janvier.

3385 1928 33 19 Le
3434 1929 26 18 10
3475 1929 122 22 décembre
3615 1930 98 24 dernier,
3729 1937 32 13 au
3776 1933 103 19 charbon-

3361 1957 60 19 nage
3442 1953 31 20 du
3492 1953 56 20 Bois
3568 1955 106 23 d'Avroy,
3694 1956 16 19 à
3729 1956 77 24 Liège,
3827 1957 53 19 Guil-

3361 1977 77 19 laume
3459 1979 53 18 Van
3537 1976 67 26 Hael,
3633 1981 95 19 ouvrier
3748 1982 93 18 mineur
3862 1982 27 19 de

3361 2003 139 19 nationalité
3539 2004 152 23 hollandaise,
3729 2006 107 24 frappait
3874 2006 15 19 à

3360 2032 72 18 coups
3453 2028 86 22 d'outil,
3560 2034 43 14 son
3624 2034 148 19 compagnon
3793 2031 28 20 de
3842 2032 39 18 tra-

3361 2052 45 19 vail
3421 2052 78 19 Julius
3515 2053 125 20 Hermans.
3658 2054 103 22 Celui-ci,
3778 2056 22 19 le
3818 2056 70 19 crâne

3360 2076 112 23 fracturé,
3497 2078 78 19 devait
3598 2078 49 20 être
3671 2080 145 23 hospitalisé,
3838 2081 42 18 tan-

3360 2102 35 18 dis
3414 2107 45 17 que
3477 2102 101 22 l'auteur
3596 2104 29 19 de
3643 2105 62 18 cette
3725 2105 115 20 tentative
3860 2106 28 18 de

3359 2128 104 18 meurtre
3481 2128 93 22 prenait
3591 2128 24 20 la
3633 2129 67 19 fuite.
3717 2130 70 19 Jeudi
3806 2131 82 21 matin,

3360 2149 133 20 Guillaume
3510 2151 52 19 Van
3581 2152 60 19 Hael
3659 2153 102 18 rentrait
3778 2153 15 19 à
3811 2153 77 24 Liège.

3359 2175 34 19 La
3419 2175 81 20 Sûreté
3525 2177 67 19 allait
3617 2177 107 19 l'arrêter
3748 2178 94 23 lorsque
3868 2180 21 18 le

3359 2201 125 19 meurtrier
3501 2202 57 20 vint,
3575 2202 28 19 de
3621 2207 42 13 son
3681 2206 85 20 propre
3785 2203 61 22 chef,
3861 2208 27 14 se

3359 2225 131 19 constituer
3508 2226 138 22 prisonnier.

3590 2248 75 20 *9*
3843 2257 43 5 —

3400 2282 39 29 Un
3455 2283 104 29 homme
3576 2286 43 27 tué
3635 2295 50 25 par
3701 2295 35 19 on
3752 2285 96 30 vicinal

3507 2326 18 28 à
3540 2325 197 37 Lovendeghem

3441 2387 37 17 (De
3491 2389 49 15 utitre
3552 2389 132 17 corretPtmaaut
3698 2389 108 18 Particulier)

3640 2409 75 23 Gand,
3733 2411 13 18 6
3762 2411 98 22 janvier.

3384 2431 38 19 Un
3439 2433 100 22 ouvrier,
3558 2433 31 19 M.
3606 2434 35 19 De
3659 2435 122 23 Schuyter,
3798 2436 86 19 suivait

3359 2455 64 23 jeudi
3440 2457 54 21 soir,
3511 2461 59 19 pour
3586 2459 92 19 rentrer
3694 2460 56 18 chez
3766 2460 32 19 lui
3814 2460 16 19 à
3845 2462 41 18 Lo-

3360 2480 134 24 vendegem,
3511 2483 24 18 la
3551 2483 50 19 voie
3620 2483 31 19 du
3668 2484 116 23 tramway
3800 2484 84 20 vicinal

3360 2504 28 21 de
3404 2505 68 19 Gand
3485 2506 15 20 à
3515 2506 169 25 Lovendegem.

3369 2553 5 6 _
3385 2530 120 19 L'ouvrier
3520 2530 59 20 était
3594 2532 77 19 arrivé
3686 2532 16 20 à
3717 2534 125 22 proximité
3857 2535 27 18 de

3360 2553 107 21 l'endroit
3483 2554 123 22 dénommé
3623 2562 12 13 «
3651 2557 103 19 Bierstal
3770 2563 19 16 »,
3806 2564 42 14 sur
3863 2559 22 18 la

3359 2578 150 22 grand'route
3523 2581 28 18 de
3564 2580 68 21 Gand
3645 2581 16 19 â
3672 2582 98 23 Bruges.
3783 2583 37 19 On
3833 2588 43 18 sup-

3360 2608 55 17 pose
3430 2604 54 23 qu'il
3498 2609 16 14 a
3528 2604 37 20 été
3581 2605 97 24 aveuglé
3694 2612 44 18 par
3751 2608 35 18 les
3800 2609 84 22 phares

3360 2628 68 18 d'une
3444 2629 57 19 auto
3518 2630 24 18 et
3559 2631 55 21 qu'il
3630 2630 39 19 n'a
3685 2636 43 18 pas
3745 2633 103 19 entendu
3863 2633 20 19 le

3360 2653 116 23 tramway
3495 2654 40 23 qui
3556 2654 21 20 le
3597 2656 94 20 suivait.
3711 2656 20 18 H
3751 2657 38 19 fut
3810 2657 73 24 happé

3360 2681 43 17 par
3426 2681 26 15 ce
3477 2677 93 20 dernier
3594 2680 24 19 et
3642 2680 108 24 disparut
3774 2686 55 16 sous
3851 2682 32 19 les

3360 2705 74 15 roues.
3459 2702 20 18 Il
3503 2703 38 20 fut
3565 2703 169 22 littéralement
3758 2706 73 24 coupé
3855 2712 28 14 en

3359 2725 67 20 deux.
3441 2727 35 18 La
3491 2728 62 18 mort
3568 2729 38 18 fut
3621 2729 156 20 instantanée.

3385 2750 35 19 De
3439 2751 116 23 Schuyter
3572 2752 59 20 était
3648 2753 44 23 âgé
3709 2755 29 18 de
3756 2756 27 18 55
3799 2761 45 14 ans
3861 2757 23 18 et

3358 2774 55 23 père
3427 2774 29 31 d|
3470 2777 84 21 quatre
3569 2778 103 20 enfants.

3398 2832 49 44 IA
3487 2833 62 44 VIE
3587 2835 254 46 BRUXELLOISE

3355 2914 42 18 AU
3420 2914 122 19 CERCLE
3567 2916 106 19 ROYAL
3697 2917 183 20 «EUTERPEl

3382 2937 32 18 Le
3431 2939 74 18 cercle
3522 2940 65 22 royal
3604 2947 14 11 e
3631 2940 104 23 Euterpe
3752 2947 12 13 »
3781 2942 101 19 donnera
3894 2950 4 4 •

3357 2966 45 14 une
3420 2962 75 20 soirée
3514 2963 28 20 de
3561 2964 55 23 gala
3633 2970 31 14 au
3683 2965 101 21 Théâtre
3803 2967 79 19 Patrii

3360 2984 53 22 (rue
3433 2986 32 19 du
3484 2986 99 22 Marais)
3606 2992 26 15 ce
3652 2989 89 19 samedi
3761 2990 13 18 7
3792 2990 90 21 janvier

3356 3009 16 20 à
3388 3010 26 19 20
3431 3011 22 19 h.

3383 3036 37 18 Au
3444 3041 149 19 programme
3597 3043 5 14 :
3630 3044 13 13 c
3665 3039 76 19 Black
3765 3039 45 20 Cof
3810 3041 11 18 f
3821 3045 26 14 ee
3872 3047 10 13 >

3359 3060 69 20 (Café
3449 3062 62 19 noir)
3535 3062 24 19 la
3578 3062 91 20 célèbre
3689 3064 65 20 nièce
3774 3065 108 22 policier.!

3357 3085 105 23 anglaise
3481 3086 116 23 d'Agatha
3614 3088 107 21 Christie,
3739 3090 143 19 romanciers

3358 3108 102 24 réputée,
3482 3111 100 22 adaptée
3613 3117 44 15 nar
3686 3113 56 18 MM.
3765 3113 27 19 P.
3815 3114 67 19 Blan-

3357 3134 74 21 chart,
3457 3135 30 18 M.
3512 3135 121 20 Duchatto
3669 3138 25 18 et
3728 3137 30 19 R.
3784 3138 97 19 Rénaux

3359 3158 112 22 (Belges).

3382 3183 65 18 Cette
3463 3188 79 14 œuvre
3558 3184 120 24 triompha
3694 3191 30 14 en
3739 3187 142 23 Angleterre,

3356 3206 130 24 Amérique,
3512 3208 68 19 Italie
3604 3210 31 20 et,
3660 3214 32 15 au
3716 3216 69 17 cours
3809 3212 28 20 de
3859 3212 22 19 la

3357 3230 106 21 dernière
3485 3232 80 19 saison
3586 3232 124 25 théâtrale,
3732 3239 32 15 au
3783 3235 98 19 Théâtre

3355 3254 103 24 Molière,
3481 3255 16 20 à
3518 3257 129 21 Bruxelles.

3380 3280 32 19 Le
3428 3281 118 23 spectacle
3565 3287 54 15 sera
3635 3283 61 20 suivi
3714 3285 29 18 de
3760 3285 45 20 bal.
3820 3286 60 19 Pour

3354 3304 34 19 les
3411 3305 85 22 places,
3519 3306 129 20 s'adresser
3670 3312 41 16 rue
3735 3314 32 14 au
3788 3310 93 20 Beurre,

3354 3328 25 19 39
3401 3330 121 20 (Bourse).
3543 3331 47 20 Tél.
3610 3332 97 20 11.06.79.

3468 3365 82 19 CHEZ
3563 3366 59 19 LES
3635 3366 136 22 ANCIENS

3365 3388 226 22 COMBATTANTS
3605 3391 43 18 DE
3663 3391 206 22 SAINT-GILLES

3378 3411 33 19 La
3426 3411 49 20 fête
3491 3413 122 21 enfantine
3629 3415 123 23 organisée
3767 3417 106 19 annuelle-

3352 3437 64 18 ment
3430 3441 45 18 par
3489 3438 21 18 le
3524 3437 75 20 Front
3612 3439 92 23 Unique
3719 3441 41 18 des
3774 3443 26 18 A-
3815 3442 24 20 C.
3854 3442 25 19 de

3353 3460 155 24 Saint-Gilles,
3540 3467 59 15 aura
3630 3464 45 20 lieu
3707 3465 21 19 le
3759 3466 121 20 dimanche

3352 3486 13 19 8
3385 3485 100 24 janvier,
3505 3486 16 21 à
3541 3488 26 20 15
3587 3489 29 20 h.,
3637 3489 60 19 dans
3718 3490 22 19 le
3760 3491 74 22 préau
3854 3492 26 19 de

3352 3510 78 20 l'école
3448 3513 28 18 de
3494 3513 24 19 la
3536 3518 41 15 rue
3595 3514 28 20 de
3640 3514 130 20 Bordeaux.

3378 3536 39 20 Du
3432 3542 149 18 programme
3597 3538 92 20 élaboré
3705 3545 44 19 par
3763 3541 21 18 le
3798 3541 83 19 comité

3354 3562 169 22 organisateur,
3559 3563 122 23 eignalons
3718 3564 164 24 spécialement

3352 3586 138 20 l'exécution
3503 3588 28 18 de
3543 3588 112 23 quelques
3667 3589 82 21 scènes
3761 3591 28 18 de
3802 3590 69 19 «Blan-

3353 3611 126 24 che-Neige
3497 3613 24 19 et
3538 3617 38 15 ses
3594 3614 53 23 sept
3665 3615 69 21 nains
3751 3620 19 16 »,
3787 3620 45 19 par
3848 3616 32 18 l«s

3354 3636 84 22 petites
3458 3643 12 12 «
3488 3638 187 19 Ambrosinettes
3694 3645 18 15 ».

3368 3685 6 6 _
3380 3661 44 20 Les
3446 3662 95 19 enfants
3561 3664 55 18 eont
3637 3664 168 21 cordialement
3826 3664 47 20 invi-

3352 3685 36 20 tés
3402 3686 16 19 â
3431 3687 99 20 assister
3543 3687 15 20 à
3573 3689 60 20 cetts
3648 3688 109 20 matinée.
3772 3690 52 20 Une
3837 3690 35 19 dis-

3353 3712 113 19 tribution
3489 3713 27 19 de
3538 3713 126 20 friandises
3686 3719 58 15 aura
3765 3714 53 20 Heu.
3838 3716 40 18 Lea

3352 3737 92 19 adultes
3457 3739 189 23 accompagnant
3659 3738 33 19 les
3706 3740 95 19 enfants
3815 3744 56 19 paye-

3353 3762 53 18 ront
3419 3767 33 14 un
3465 3762 63 19 droit
3542 3763 27 19 de
3584 3763 166 23 participation
3764 3769 46 15 aux
3824 3764 53 20 fraia

3353 3786 28 19 de
3396 3787 13 18 3
3424 3787 87 20 francs.

3404 3820 21 18 A
3437 3820 140 19 L'ECLAIR
3588 3820 242 21 ETTERBEEKOIS

3377 3841 88 21 Marcel
3482 3844 101 18 Antoine
3600 3843 93 23 prêtera
3708 3848 43 14 son
3766 3848 111 16 concours

3353 3866 15 20 à
3385 3867 23 20 la
3426 3867 47 20 fête
3492 3867 121 23 organisée
3631 3873 44 17 par
3692 3867 96 20 l'Eclair
3805 3869 73 19 Etter-

3353 3892 100 22 beekois,
3471 3893 20 18 le
3508 3893 26 18 14
3550 3892 92 22 janvier
3658 3892 57 21 1939,
3732 3897 31 14 au
3779 3893 98 20 Théâtre

3353 3917 155 21 Continental,
3524 3917 44 22 368,
3585 3916 113 20 chaussée
3714 3917 29 19 de
3758 3917 92 24 Wavre,
3864 3918 14 19 à

3352 3942 26 18 20
3398 3942 21 17 h.
3440 3942 36 19 Au
3497 3941 74 19 même
3592 3945 155 19 programme,
3768 3942 29 19 de
3818 3948 49 14 nom-

3353 3967 94 18 breuses
3471 3965 104 20 vedettes
3599 3965 31 19 du
3653 3966 82 24 disque
3758 3968 25 19 et
3805 3969 28 19 de
3853 3967 20 18 la

3352 3990 71 20 radio.

3377 4015 82 19 Cartes
3476 4019 29 16 en
3522 4015 69 18 vente
3609 4020 31 14 au
3657 4015 66 22 local,
3741 4016 32 23 62,
3790 4021 83 16 avenue

3353 4041 39 18 dps
3411 4040 119 20 Casernes,
3549 4045 30 13 ou
3597 4040 57 19 chez
3672 4041 66 20 René
3757 4042 35 19 De
3809 4041 65 20 Bock,

3352 4066 31 21 27,
3406 4069 40 14 rue
3469 4063 100 20 Général
3592 4065 95 22 Laman,
3710 4070 47 16 aux
3779 4066 50 23 prbe
3850 4065 25 19 de

3351 4090 31 21 10,
3397 4089 13 18 7
3423 4090 23 18 et
3461 4090 12 18 5
3488 4089 87 20 francs.

3574 4113 74 21 ♦•*

3376 4142 21 18 A
3412 4141 101 19 LIEGE.
3528 4152 28 4 —
3571 4143 21 18 A
3607 4143 41 19 LA
3664 4142 189 20 COMMISSION

3498 4166 44 19 DE
3553 4168 40 19 LA
3605 4166 125 21 BOURSE

3374 4211 34 20 La
3422 4212 150 22 commission
3587 4214 28 19 de
3629 4213 23 19 la
3664 4214 90 19 Bourse
3767 4214 29 19 de
3809 4211 65 25 Liég»

3349 4244 14 13 a
3375 4237 117 19 constitué
3505 4242 90 15 comme
3605 4238 50 20 suit
3666 4243 43 14 son
3720 4239 90 19 bureau
3820 4241 54 21 pour

3350 4261 89 20 l'année
3456 4262 52 19 1939
3528 4269 6 14 :

3375 4286 125 21 Président
3518 4291 7 16 :
3543 4288 31 19 M.
3591 4287 83 21 Déeiré
3690 4288 98 22 Rahier;
3806 4284 60 23 secré-

3349 4312 60 18 taire
3425 4316 6 15 :
3448 4312 30 19 M.
3492 4312 82 20 Victor
3586 4313 96 23 Hanne;
3698 4312 112 20 trésorier
3825 4317 6 15 :
3846 4310 25 20 M.

3350 4336 115 20 Constant
3482 4337 76 19 Soleil.

3375 4361 97 20 D'autre
3493 4364 61 21 part,
3576 4361 105 20 désirant
3702 4362 130 24 témoigner
3851 4364 23 15 sa

3349 4386 194 20 reconnaissance
3567 4392 59 18 pour
3648 4388 34 18 les
3703 4387 103 20 services
3826 4389 38 15 ren-

3349 4411 43 18 dus
3407 4410 16 20 à
3439 4413 23 19 la
3478 4412 149 23 ccr,poration
3645 4412 104 23 pendant
3763 4418 28 14 sa
3808 4408 57 27 prési-

3350 4436 72 19 dence
3441 4436 28 19 de
3488 4437 37 19 six
3543 4437 94 21 années,
3656 4438 23 20 la
3697 4437 147 20 commission
3860 4437 14 15 a

3349 4460 94 21 conféré
3461 4461 15 20 à
3493 4462 31 19 M.
3541 4462 61 21 Jean
3619 4463 122 21 Brasseur,
3758 4458 114 26 président

3348 4486 99 22 sortant,
3461 4487 21 18 le
3497 4487 56 20 titre
3568 4488 28 19 de
3610 4486 120 25 président
3742 4487 130 19 d'honneur.

3842 4520 31 21 =

3520 5377 89 23 Marex
3624 5377 85 26 Liven,

3353 5409 23 22 la
3390 5408 97 23 célèbre
3501 5408 72 23 basse
3590 5415 77 20 russe,
3682 5415 27 16 se
3723 5407 52 23 fera
3790 5407 70 21 enten-

3352 5439 51 25 dre,
3427 5439 24 22 le
3478 5439 27 22 16
3530 5438 103 28 janvier,
3659 5445 32 17 au
3716 5444 74 17 cours
3814 5434 54 23 d'un

3353 5469 85 23 récital
3450 5468 44 30 qui
3506 5476 60 17 aura
3579 5470 50 23 lieu
3641 5476 32 17 au
3686 5463 183 29 Conservatoire

3352 5501 69 29 royal
3435 5501 30 23 de
3480 5500 137 29 Bruxelles,
3631 5507 44 16 rue
3690 5497 179 29 delaRégenc*

71 5622 59 24 HSR*,'
