4148 5713
719 22 84 23 ç_vm®r
803 22 7 9 y
825 21 11 7 '

1747 234 145 22 ■«NATION
1902 237 122 23 BELGE»,
2035 236 39 21 ler
2084 236 140 21 FEVRIER
2234 234 70 22 1937»

24 1590 35 99 L

16 2136 29 233 !

131 310 36 22 dit
180 315 45 21 que
238 310 36 21 les
286 308 86 22 débuts
384 307 89 24 furent,
488 311 30 15 en
531 306 120 25 Belgique,

131 339 51 21 très
202 338 127 22 modestes,
359 340 46 22 que
434 336 36 20 les
493 339 96 17 courses
610 331 44 29 qui'

129 367 92 22 étaient
237 371 31 17 en
284 366 64 26 1848,
366 369 68 17 assez
451 364 132 25 prospères,
602 363 37 20 dis-

129 397 122 26 parurent,
274 402 30 15 en
327 396 64 24 1851,
413 401 46 21 par
475 397 30 20 "la
525 396 69 21 faute
617 397 32 19 du

129 426 192 25 gouvernement,
349 426 71 25 qu'on
450 426 95 24 parvint
572 425 16 20 à
615 426 35 19 les

128 454 143 21 ressusciter
293 459 30 15 en
345 453 65 25 1864,
433 459 46 20 que
501 455 79 20 trente
604 459 45 16 «ans

128 484 55 25 plus
202 484 62 23 tard,
286 483 43 20 158
348 483 121 25 pouliches
489 483 91 20 étaient
600 483 38 20 ins-

130 516 73 21 crites
219 516 60 20 dans
295 516 25 20 la
336 516 73 20 Poule
428 515 42 21 des
488 515 118 23 Produits,
624 515 26 20 et

128 549 46 21 que
185 545 24 20 la
220 545 84 20 valeur
315 545 42 20 des
368 544 44 21 800
424 545 107 19 chevaux
543 544 106 25 pouvant

128 573 131 26 participer
273 578 48 15 aux
334 573 112 20 réunions
459 573 132 20 autorisées
605 577 45 21 par

127 602 24 21 le
190 602 162 25 Jockey-Club
391 602 62 20 était
493 601 98 22 estimée
633 601 16 20 à

128 632 116 22 3.200.000
255 632 89 20 francs.
357 631 22 20 H
391 635 60 16 nous
464 630 105 25 apprend
583 629 65 21 aussi

126 670 32 6 —
172 661 35 23 et,.
210 660 50 21 ceci
273 661 60 19 vaut
347 660 25 20 la
384 660 69 25 peine
469 659 74 21 d'être
557 659 91 25 signalé

126 699 33 6 —
177 689 70 26 qu'on
266 694 27 15 se
313 688 118 21 demanda
451 692 58 16 avec
528 688 119 25 angoisse,

127 722 32 16 en
178 717 58 21 1896
237 736 5 10 (
260 718 21 20 si
300 718 23 20 le
342 717 68 25 sport
427 717 112 25 hippique
557 717 91 20 n'allait

127 754 46 21 pas
193 750 29 20 de
240 754 108 16 nouveau
366 749 66 25 périr
448 754 57 15 sous
521 749 36 20 les
576 752 73 20 coups

128 783 47 21 que
196 779 33 20 lui
249 779 121 24 portaient
391 778 105 20 certains
517 778 123 24 parlemen-

129 808 82 20 taires.
223 808 34 20 Et
271 807 17 20 il
302 807 122 25 reproduit
437 812 27 15 ce
477 811 103 20 passage
594 806 55 19 d'un

127 837 109 20 discours
253 836 118 26 prononcé
390 840 45 21 par
452 836 34 19 M.
506 835 36 21 De
560 835 88 26 Bruyn,

128 865 110 20 ministre
262 865 29 20 de
314 864 176 25 l'Agriculture,
515 864 133 25 répondant

126 898 51 16 aux
189 894 106 20 ennemis
307 893 31 20 du
351 898 127 20 pur-s«ang:

152 942 28 19 f-
203 937 82 23 Voyez,
309 937 104 23 pendant
435 937 34 19 les
491 937 67 22 jours
581 937 66 23 d'été,

126 970 91 15 comme
234 966 34 19 les
287 967 107 18 citadins,
412 971 29 14 en
460 970 72 19 rangs
548 966 99 23 pressés,

123 990 28 24 he
160 994 101 20 rendant
271 998 46 15 aux
327 994 98 23 champs
435 994 28 20 de
473 999 99 14 courses.
581 994 61 19 C'est

125 1029 61 20 pour
208 1029 51 18 eux,
281 1028 33 14 un
338 1023 40 18 but

154 1054 30 19 de
203 1051 147 26 promenade.
409 1052 22 28 $if
431 1054 34 11 "■'■■-
498 1072 8 8 s
524 1060 14 19 ^

128 1082 77 23 Voyez
234 1085 90 15 comme
355 1080 22 19 le
409 1077 9 27 l

128 1111 82 23 peuple
244 1110 62 19 aime
339 1112 40 16 ces
608 1112 11 16 i

125 1139 135 24 spectacles.
289 1139 25 19 Si
344 1138 33 19 les
598 1139 13 22 /

127 1173 97 15 courses
253 1173 12 13 e
268 1172 14 14 n
312 1167 66 18 elles-
422 1165 44 23 y*"
532 1176 5 5 •
561 1172 5 5 -
590 1163 8 30 j

124 1197 88 20 m€mes
223 1194 155 22 V%ntéressent
409 1188 17 39 |j
437 1194 8 23 ;

124 1227 51 22 fort
196 1230 53 19 peu,
270 1225 106 19 combien
410 1219 33 32 fy^
514 1236 4 4 -
530 1227 7 23 j
560 1229 16 22 j
584 1240 3 3 .
610 1231 10 11 *

124 1255 19 20 «I
164 1254 74 24 prend
259 1254 83 24 plaisir
361 1254 16 19 à

125 1284 99 19 assister
245 1287 31 15 au
298 1283 80 19 retour

127 1312 42 19 des
183 1316 101 17 cowrses.
301 1311 20 19 Il
335 1311 37 19 s'a-

127 1341 62 24 ligne
222 1341 101 21 curieux,
356 1340 22 19 le

126 1370 55 23 long
206 1371 40 17 tles
272 1369 106 19 trottoirs

126 1399 41 19 des
195 1403 55 14 rues
277 1403 30 14 ou
335 1397 42 20 des

154 1427 144 19 boulevards.
316 1427 34 19 Le

125 1458 148 17 mouvement
286 1456 94 24 l'attire,

127 1482 27 23 le'
167 1485 62 20 bjvit
244 1485 75 19 excite
334 1488 44 15 son

125 1514 100 19 entrain*
237 1518 4 4 '
255 1514 30 18 Et
314 1511 53 21 n'ou-

128 1543 74 19 blions
219 1537 68 29 .'pas,*
319 1546 60 15 mes~

125 1573 82 21 sieurs,
237 1576 52 18 que,
318 1575 60 19 pour

125 1605 34 18 ttij
180 1600 78 24 grand-
268 1600 108 19 nombre

126 1630 30 19 de
169 1634 102 19 .gagne
284 1628 95 24 -petit,

126 1654 127 25 d'ouvriers
252 1658 12 24 j
272 1658 31 19 de
316 1662 53 18 com-

123 1685 127 25 merçants,
263 1687 35 19 les
311 1691 57 15 cour-

125 1721 39 14 ses
179 1718 54 18 sont
250 1720 46 15 une
312 1719 59 16 sour-

123 1749 28 21 ce
166 1745 29 19 de
208 1746 121 22 copieuses
341 1749 28 14 re-

123 1774 81 19 cettes.

131 1814 2 3 ■
146 1802 37 22 JA.
205 1802 115 23 Tournay,
343 1802 34 20 lui

125 1831 71 21 aussi,
211 1831 121 20 intervint:

132 1874 3 4 .
151 1868 27 6 —
193 1860 53 23 Que.
268 1859 49 20 l'on
325 1877 5 4 ,
346 1863 31 15 ne

125 1889 82 18 vienne
244 1893 44 19 pas
326 1885 51 23 dire

124 1922 44 18 que
190 1918 22 19 le
227 1917 87 24 -plaisir
333 1917 43 20 des

124 1951 95 15 courses
230 1948 36 18 est
276 1951 33 14 un
320 1946 50 24 plai-

123 1976 35 18 sir
177 1976 29 18 dY
226 1976 84 22 riches,
331 1979 44 19 que

123 2004 23 19 le
167 2004 82 19 cheval
270 2004 29 19 de
319 2008 56 19 pur-

123 2039 60 18 sang
198 2035 35 18 est
248 2038 32 14 un
294 2032 82 20 cheval

123 2063 29 18 de
175 2063 59 18 luxe.
258 2062 49 22 Que
329 2062 45 19 l'on

123 2097 31 14 ne
186 2091 113 24 prétende
332 2095 44 19 pas

125 2125 44 19 que
185 2125 26 14 ce
227 2121 54 18 sont
298 2120 22 18 là
335 2120 41 18 des

123 2150 95 23 plaisirs
256 2149 119 23 malsains,

124 2178 30 19 de
175 2179 84 21 nature
280 2178 16 18 à
317 2177 49 19 exci-

124 2208 38 18 ter
174 2208 35 18 les
221 2207 111 22 jalousies,
344 2206 32 19 du

122 2236 85 23 peuple
234 2237 81 18 contre
342 2235 35 19 les

121 2264 145 23 capitalistes
277 2269 45 18 que
332 2264 45 19 l'on

125 2294 63 19 aime
201 2294 16 18 à
231 2293 147 23 représenter

125 2322 60 19 dans
209 2323 103 18 certains
335 2323 33 17 mi-

125 2351 64 19 lieux
225 2355 90 15 comme
355 2350 23 19 la

126 2384 71 18 cause
229 2380 87 23 unique
349 2380 29 18 de

127 2409 52 20 tous
191 2409 34 19 les
238 2413 71 14 maux
321 2409 58 18 dont

121 2442 29 15 se
168 2437 75 23 plaint
262 2438 23 19 la
302 2438 87 19 société
406 2438 117 19 moderne.
542 2438 32 19 Ce
590 2439 55 18 sont

123 2465 25 19 la
168 2466 41 20 des
228 2467 69 18 mots'
309 2467 40 23 qui
366 2468 102 18 sonnent
489 2467 53 19 bien
562 2468 25 18 et
605 2468 40 22 qui

123 2496 103 21 peuvent
243 2495 109 23 produire
369 2500 33 14 un
420 2496 91 19 certain
527 2496 60 23 effet
604 2500 41 15 sur

123 2522 90 24 Vesprit
231 2524 29 19 de
280 2524 119 23 beaucoup
418 2524 29 20 de
467 2529 127 19 personnes
615 2529 29 15 en

124 2552 86 19 dehors
225 2552 31 19 du
273 2553 80 24 Sénat,
368 2553 61 19 mais
446 2558 42 14 sur
504 2558 66 18 nous,
585 2558 51 14 mes-

122 2581 84 23 sieurs,
228 2582 40 22 qui
288 2586 102 15 sommes
417 2582 42 20 des
487 2583 105 19 hommes
612 2587 32 14 au

122 2609 122 23 jugement
266 2610 53 23 plus
341 2611 98 24 sérieux,
461 2611 53 23 plus
535 2611 109 24 pondéré,

124 2638 30 19 ils
172 2638 64 19 n'ont
255 2643 43 19 pas
322 2639 29 19 de
377 2640 87 22 portée.
483 2640 34 19 Ils
536 2645 31 14 ne
585 2645 59 14 nous

123 2667 132 23 atteignent
274 2673 49 18 pas.
342 2668 33 19 Ils
394 2673 31 14 ne
444 2669 138 19 toucheront
601 2674 43 18 pas

123 2695 134 24 davantage
273 2697 53 19 tous
340 2701 58 14 ceux
413 2698 40 22 qui
467 2697 133 24 s'occupent
615 2698 29 19 de

124 2724 110 23 Vélevage
248 2726 24 18 et
287 2725 29 19 de
331 2725 177 20 l'amélioration
522 2726 29 19 de
566 2726 15 19 V
582 2728 53 22 espè-

124 2757 27 18 ce
165 2753 126 20 chevaline.
304 2754 29 19 Je
346 2754 70 20 laisse
430 2755 59 19 donc
503 2760 40 14 ces
557 2756 87 19 tirades

123 2786 61 18 pour
198 2786 27 15 ce
242 2782 94 23 qu'elles
352 2783 99 20 valent...

701 307 97 20 Comme
820 306 22 20 le
866 305 110 20 ministre
1001 304 42 21 des
1067 303 124 25 Finances,

671 335 34 23 M.
724 335 29 21 de
773 335 67 20 Smet
859 335 30 19 de
907 334 102 24 Naeyer,
1030 332 39 26 qui
1088 331 73 21 disait
1185 335 7 16 :

672 370 12 14 «
699 363 92 26 Soyons
805 364 117 19 vertueux
936 363 60 20 dans
1010 362 22 19 le
1047 365 55 16 sens
1117 359 75 26 prati-

672 393 65 25 tlque
752 392 33 20 du
799 392 82 24 terme,
898 390 62 21 mais
975 390 173 25 gardons-nous
1163 388 30 20 de

672 425 40 16 ces
730 420 140 21 extrémités
889 420 30 20 où
936 420 26 20 la
980 418 135 27 prétention
1135 417 15 20 à
1168 417 26 20 la

671 450 71 20 vertu
761 450 58 25 peut
838 453 84 21 passer
939 453 61 21 pour
1019 448 29 20 de
1067 446 114 26 l'hypocri-

672 479 35 20 sie
721 484 20 22 »,
755 478 17 20 il
783 478 87 20 faisait
885 482 58 16 sans
956 481 78 17 aucun
1047 476 72 20 doute
1134 475 47 20 allu

671 507 53 21 sion
743 512 49 15 aux
811 506 95 26 paroles
927 505 164 21 ahurissantes
1110 504 30 20 de
1158 504 34 19 M.

671 536 65 20 Bara
755 536 45 25 qui,
820 535 40 24 lui,
879 535 108 21 estimait
1006 538 45 21 que
1070 533 25 20 la
1114 532 68 25 Belgi-

672 569 45 21 que
736 564 99 25 pouvait
861 564 50 20 très
940 563 53 20 bien
1013 567 25 16 se
1058 567 85 20 passer
1162 561 30 20 de

672 597 97 16 courses
784 593 25 20 et
823 592 85 25 qu'une
925 596 82 16 course
1023 595 31 16 ou
1070 591 62 19 deux
1147 593 46 22 par

671 626 38 20 an,
721 621 17 20 à
748 621 128 24 Bruxelles,
888 620 110 21 devaient
1009 619 86 22 suffire
1108 624 12 15 «
1132 623 60 21 pour

672 650 117 26 éprouver
812 650 56 20 tous
891 650 35 20 les
952 649 138 25 champions
1113 648 29 20 de
1166 647 26 20 la

671 683 55 16 race
746 678 121 20 chevaline
888 678 25 20 et
931 677 133 25 distinguer
1081 677 36 20 les
1136 680 55 21 pur-

672 712 61 20 sang
745 707 42 20 des
800 711 47 15 non
860 706 149 26 pur-sang!...
1024 711 12 14 »

700 736 65 20 Pour
779 736 113 20 défendre
906 736 113 24 l'élevage
1036 735 24 20 et
1075 735 35 19 les
1125 738 58 16 cour-

672 768 45 20 ses,
737 769 60 15 vous
817 764 148 20 chercheriez
986 763 142 26 vainement,
1150 767 31 15 au-

672 793 124 25 jourd'hui,
813 793 42 20 des
872 793 28 20 de
918 793 87 25 Bruyn,
1022 793 42 19 des
1081 792 112 24 Tournay

672 826 31 15 ou
719 822 42 20 des
776 822 29 20 de
821 822 67 20 Smet
903 822 28 20 de
947 821 101 25 Naeyer.
1066 821 63 20 Mais
1143 821 17 19 il
1177 825 16 20 y

671 855 17 15 a
704 854 84 16 encore
803 851 42 20 des
861 851 70 23 Bara,
946 850 76 20 hélas!
1041 850 40 25 qui
1097 849 96 20 doivent

672 879 172 20 certainement
868 879 128 20 confondre
1018 879 36 20 les
1077 883 115 21 pur-sang

673 913 58 15 avec
748 908 35 20 les
802 908 106 20 chevaux
925 908 30 20 de
973 907 66 23 trait.

701 936 105 21 Ailleurs
819 947 30 4 —
865 941 30 15 en
908 936 77 24 Italie,
1002 940 30 16 en
1048 937 98 23 France,

671 965 143 25 Angleterre
829 975 31 4 —
876 970 31 15 on
925 969 133 21 enc-jurage
1075 969 59 16 ceux
1152 964 41 26 qui

668 994 43 19 ont
724 998 46 16 une
782 994 85 20 écurie.
880 994 62 20 Tout
954 994 151 24 simplement
1117 998 72 21 parce

501 2355 43 24 Un
563 2363 122 22 pur-sang
706 2364 30 15 en
756 2355 88 24 liberté
864 2362 43 17 sur
921 2364 50 16 une
985 2356 65 30 piste

674 2387 212 24 d'entraînement.

669 2437 56 25 qu'il
738 2438 41 25 n'y
793 2443 16 15 a
822 2442 45 21 pas
882 2437 119 26 d'élevage
1015 2434 103 29 posSible
1133 2442 58 16 sans

671 2470 102 16 courses.

698 2494 52 21 Ici?
764 2495 41 24 Ici,
819 2500 27 16 ce
858 2496 62 20 n'est
932 2500 45 21 pas
989 2495 23 21 le
1025 2495 123 21 ministère
1162 2495 29 21 de

668 2523 170 25 l'Agriculture
854 2525 41 24 qui
927 2530 16 15 a
975 2529 44 15 son
1033 2525 52 20 mot
1100 2525 16 19 à
1132 2525 58 22 dire.

670 2552 64 20 Cest
748 2553 22 21 le
784 2553 123 21 ministère
921 2553 42 20 des
979 2553 149 23 Finances!...
1144 2553 36 21 Ré-

668 2580 86 21 sultat:
782 2586 31 15 en
838 2581 64 24 1936,
929 2586 61 21 pour
1015 2582 36 20 les
1077 2583 112 20 réunions

669 2609 138 25 organisées
832 2610 15 20 à
871 2610 125 24 Boitsfort,
1020 2611 169 25 Groenendael,

668 2637 102 25 Stockel,
793 2639 95 24 Zellick,
909 2639 106 24 Dilbeek,
1037 2640 104 20 Ostende
1163 2641 26 20 et

668 2667 125 24 Breedene,
809 2668 23 19 le
846 2668 46 20 fisc
907 2673 16 15 a
937 2669 91 23 touché,
1042 2674 57 15 sous
1112 2669 78 20 forme

668 2695 30 21 de
714 2696 69 20 t«axes
798 2696 111 24 diverses,
926 2698 151 20 exactement
1093 2699 28 18 11
1136 2698 43 20 mil-

668 2723 61 23 lions
746 2724 94 21 529.000
857 2725 91 21 francs.

695 2752 68 22 Nous
781 2758 30 15 en
829 2754 156 25 reparlerons.

883 2790 105 20 Armand
1006 2791 159 21 CHESSION.

181 2857 89 33 Les
298 2860 177 31 contes
504 2859 64 32 de
598 2861 45 30 la
673 2870 25 22 «
722 2861 177 34 Nation
930 2864 146 40 Belge
1098 2873 26 23 »

643 2912 24 19 *

169 2936 95 64 La
317 2937 299 67 maison
663 2956 96 51 au
807 2941 348 67 fantôme

131 3074 5 6 .
153 3056 52 23 Moi
220 3057 90 24 s'écria
327 3058 79 23 Raoul
422 3059 114 26 Baumer,
552 3059 24 27 je
593 3059 50 22 n'ai

122 3090 33 17 eu
174 3091 63 22 peur
255 3086 91 27 qu'une
365 3086 68 23 seule
451 3087 50 24 fois
521 3087 63 22 dans
602 3093 41 16 ma

124 3110 49 25 vie.

149 3152 32 4 —
191 3140 50 22 Ahl
254 3142 147 21 conte-nous
413 3140 61 28 cela,
485 3148 58 16 mon
555 3141 87 23 vieux!

154 3167 34 22 Ils
207 3167 93 25 étaient
318 3170 87 25 quatre
423 3169 64 22 amis
505 3169 105 23 attablés
628 3170 15 22 à

122 3194 25 22 la
166 3196 108 21 terrasse
294 3196 59 22 d'un
372 3196 64 23 café.
454 3197 34 22 La
508 3198 55 22 nuit
581 3199 62 21 tom-

98 3217 85 31 *hait,
196 3224 25 21 et
235 3229 49 16 une
297 3223 68 23 brise
380 3224 130 33 parfumée
524 3225 67 21 avait
604 3231 29 16 ra-

122 3249 96 23 fraîchi
242 3250 184 28 l'atmosphère.
451 3251 37 23 On
514 3252 129 23 entendait

118 3281 36 19 "au
167 3277 54 23 loin
234 3277 38 24 les
285 3278 82 23 bruits
380 3280 105 22 ralentis
500 3280 30 22 de
544 3280 24 22 la
582 3279 60 23 ville

113 3304 112 24 formant
235 3311 49 17 une
294 3306 73 22 basse
379 3306 263 29 d'accompagnement

121 3331 15 23 à
147 3332 25 22 la
183 3333 115 27 musique
310 3333 158 24 entraînante
480 3335 59 23 d'un
550 3335 60 27 jazz.

153 3360 70 22 Celui
235 3360 43 28 qui
290 3361 68 23 avait
368 3361 71 28 parlé
451 3362 61 23 était
522 3369 34 16 un
567 3363 74 27 jeune

121 3386 102 24 homme
255 3388 74 23 d'une
359 3389 125 22 trentaine
516 3390 126 27 d'années,

123 3414 62 23 dont
201 3414 24 24 le
242 3416 90 27 regard
351 3416 94 23 d'acier
463 3416 113 24 dénotait
592 3424 49 16 une

123 3442 102 22 volonté
236 3443 88 23 ferme.

151 3481 33 5 —
194 3469 65 23 Vous
271 3477 80 20 savez,
362 3471 117 28 reprit-il,
491 3478 46 21 que
548 3472 24 28 je
583 3472 49 23 n'ai-

121 3502 40 17 me
177 3504 46 21 pas
238 3498 64 22 faire
318 3499 81 26 figure
415 3499 133 23 d'orateur.

150 3536 32 5 —
192 3525 64 22 Bah!
268 3532 48 17 une
327 3526 50 22 fois
388 3527 62 22 n'est
461 3533 46 22 pas
518 3530 124 20 coutiime.

152 3564 34 5 —
201 3552 61 25 Soit,
278 3552 120 23 allumant
414 3560 49 16 une
480 3555 127 27 cigarette,
622 3556 20 22 il

123 3585 147 22 commença
283 3587 46 16 son
342 3580 72 24 récit.

152 3607 29 22 Je
194 3607 133 23 cherchais
340 3615 33 16 un
386 3611 181 26 appartement,
581 3611 62 22 dans

125 3636 64 21 cette
205 3635 77 27 petite
299 3635 58 22 ville
374 3637 31 21 de
421 3637 122 23 Drovince
560 3639 31 21 où
608 3640 35 20 les

118 3660 104 23 affaires
238 3667 39 16 me
286 3662 148 27 retenaient,
450 3664 85 28 quand
543 3670 33 16 un
585 3665 58 28 jour

122 3696 54 17 mes
196 3691 102 26 regards
318 3692 84 22 furent
422 3693 86 24 attirés
528 3700 47 20 par
593 3700 49 17 une

124 3721 121 23 pancarle
261 3726 12 11 «
289 3719 15 22 à
319 3719 72 22 louer
407 3727 11 12 »
435 3726 26 17 se
477 3720 136 28 balançant
628 3722 15 22 à

122 3744 25 23 la
163 3745 96 23 fenêtre
275 3746 73 23 d'une
363 3747 77 28 petite
455 3748 68 22 villa.

154 3772 154 24 L'extérieur
322 3774 101 28 étrange
439 3782 39 16 me
492 3776 83 22 séduit
588 3779 55 20 tout

123 3799 32 24 de
169 3801 72 23 suite.

154 3834 34 22 La
205 3834 97 23 maison
320 3835 30 23 de
366 3836 97 27 pierres
479 3837 79 27 grises
574 3839 68 22 avait

122 3867 35 17 un
177 3865 87 24 aspect
283 3863 158 28 abandonné,
460 3866 121 22 accentué
601 3872 31 16 en-

124 3894 59 17 core
196 3895 46 19 par
253 3889 23 23 le
288 3889 74 23 lierre
374 3891 127 23 abondant
514 3894 42 25 qui
569 3894 63 26 grim-

117 3915 55 28 pait
185 3915 24 22 le
223 3916 61 27 long
299 3918 30 21 de
343 3917 24 22 la
381 3917 97 28 façade,
493 3918 148 31 s'agrippait

122 3950 50 17 aux
188 3945 87 25 volets,
291 3946 130 22 encadrait
436 3947 24 22 la
477 3950 71 25 porte
564 3955 23 17 et
604 3956 27 15 re-

121 3972 107 23 tombait
240 3979 44 16 sur
297 3973 21 22 la
333 3972 71 27 grille
417 3980 96 18 comme
525 3982 35 16 un
572 3983 58 16 man-

122 4000 57 22 teau
203 4000 108 22 sombre.
334 4000 34 24 Le
389 4000 85 27 jardin
497 4009 31 16 en
551 4003 91 28 friche,

123 4026 60 23 était
203 4027 110 23 encadré
333 4028 30 22 de
383 4028 73 23 hauts
475 4030 99 28 cyprès,
592 4038 50 16 aux

107 4063 5 7 ■
121 4054 74 28 pieds
210 4054 116 28 desquels
340 4056 145 27 poussaient
499 4058 44 22 des
556 4058 76 23 violet-

121 4083 38 21 tes
174 4088 120 21 sauvages
309 4086 24 20 et
349 4083 44 22 des
408 4083 125 26 narcisses
547 4085 95 32 jaunes,

122 4110 95 22 rendus
238 4109 56 27 plus
315 4110 126 23 souriants
461 4118 33 16 au
513 4113 129 28 voisinage

123 4136 44 23 des
187 4137 87 24 arbres
294 4137 149 23 funéraires.

153 4164 29 23 Je
198 4164 162 28 m'apprêtais
376 4165 15 23 à
406 4167 92 25 entrer,
513 4166 128 28 lorsqu'un

122 4192 85 27 gamin
226 4192 44 27 qui
289 4192 160 24 m'observait
468 4194 90 27 depuis
576 4195 56 26 quel-

123 4222 61 23 ques
197 4220 108 22 instants
320 4220 129 22 m'aborda
461 4226 7 17 :

153 4258 32 5 —
201 4246 93 23 N'allez
312 4254 45 21 pas
375 4248 63 22 dans
456 4250 64 20 cette
537 4249 106 27 maison,

122 4272 136 28 Monsieur,
280 4275 54 22 cela
356 4281 62 19 vous
439 4276 123 27 porterait
584 4278 49 21 mal-

122 4300 71 24 heur.

152 4340 31 5 —
196 4328 122 28 Qu'est-ce
331 4336 48 21 que
391 4332 64 21 cette
467 4330 114 26 histoire,
593 4331 51 23 dis-

121 4355 32 27 jc.

154 4383 113 23 L'enfant
290 4390 40 17 me
352 4387 104 21 raconta
479 4386 75 28 qu'un
578 4385 55 24 loca-

121 4411 65 22 taire
203 4410 137 28 précédent
356 4412 31 23 M.
403 4412 101 29 Darley,
519 4413 69 23 avait
605 4413 38 24 été

123 4438 125 24 assassiné
266 4439 63 23 dans
345 4447 27 15 sa
390 4440 128 24 chambre.
534 4442 34 22 Le
584 4448 60 17 cou-

121 4465 75 48 Pable
207 4466 93 24 n'avait
311 4473 46 21 pas
368 4468 39 23 été
413 4468 150 27 «découvert,
574 4470 67 22 aussi

140 4492 55 23 âme
212 4494 30 22 de
257 4494 24 22 la
296 4494 102 23 victime
414 4496 113 23 revenait
542 4502 71 17 errer
628 4497 14 23 à

124 4519 66 24 deux
204 4520 89 26 heures
308 4522 32 23 du
355 4523 87 27 matin,
455 4523 79 24 heure
548 4525 34 22 du
595 4524 38 23 cri-

122 4553 49 20 me,
183 4550 26 21 et
222 4548 75 24 criait
310 4555 150 22 vengeance.
473 4551 103 29 Depuis,
590 4552 43 28 plu-

123 4575 82 23 sieurs
232 4575 134 25 locataires
395 4577 113 24 s'étaient
535 4579 108 24 succédé

118 4601 63 26 dans
192 4603 23 22 la
227 4610 14 15 «
256 4604 59 23 villa
327 4602 33 26 du
371 4605 86 23 Lierre
474 4614 21 20 »,
505 4607 64 23 mais
580 4608 52 22 s'en-

123 4629 115 28 fuyaient
257 4631 105 24 aussitôt
381 4632 153 29 épouvantés
554 4642 46 21 par
619 4635 24 23 le

124 4659 99 26 spectre
241 4659 31 22 de
287 4659 32 24 M.
336 4659 100 29 Darley.
454 4660 57 24 Seul
527 4662 24 23 le
567 4663 76 23 vieux

124 4685 142 28 concierge,
287 4686 93 24 ancien
400 4689 123 24 serviteur
545 4690 35 23 du
602 4691 31 23 dé-

123 4712 64 27 funt,
201 4713 93 24 n'avait
307 4714 54 23 rien
375 4716 110 23 entendu
499 4719 24 21 et
535 4717 108 24 habitait

123 4740 114 27 toujours
253 4740 160 26 l'immeuble.

152 4767 34 23 Ce
202 4767 65 24 récit
283 4775 32 16 ne
331 4769 32 23 fit
379 4770 187 29 qu'augmenter
583 4779 59 17 mon

124 4794 70 23 désir
209 4795 33 23 de
258 4796 72 23 louer
346 4798 65 23 cette
427 4799 107 23 maison.
550 4800 93 28 Malgré

124 4820 37 24 les
179 4823 203 27 avertissements
402 4826 43 22 des
464 4826 105 28 voisins,
587 4828 56 24 huit

123 4848 70 29 jours
206 4850 82 29 après,
300 4851 25 28 je
337 4852 158 25 m'installais
508 4855 63 23 dans
583 4862 60 17 mon

125 4882 115 19 nouveau
263 4878 72 29 logis,
358 4886 40 17 me
421 4880 94 25 faisant
537 4882 53 23 fort
612 4884 32 22 de

125 4910 111 26 prouver
250 4905 16 24 à
280 4912 43 18 ces
338 4906 97 25 bonnes
450 4914 61 22 gens
526 4915 49 22 que
589 4910 56 24 leur

124 4932 165 28 imagination
300 4934 99 23 courait
409 4941 36 17 un
457 4942 49 22 peu
516 4938 58 27 trop
585 4937 59 24 vite.

145 4957 34 25 La
189 4958 82 24 soirée
280 4959 110 25 s'écoula
398 4961 53 24 fort
460 4961 185 32 paisiblement,

124 4985 88 28 j'avais
225 4988 75 28 passé
314 4995 32 17 en
361 4995 76 18 revue
449 4992 58 22 tous
520 4991 38 24 les
572 4983 73 33 coins'

126 5015 24 22 et
161 5015 103 23 recoins
275 5016 31 22 de
318 5016 25 23 la
354 5017 100 24 maison
464 5025 59 16 sans
534 5019 56 23 rien
602 5019 33 24 dé-

124 5042 105 23 couvrir
243 5042 32 23 de
288 5045 110 26 suspect.
411 5044 112 28 Ensuite,
537 5046 24 28 je
576 5053 57 22 rega-

124 5069 59 27 gnai
210 5076 41 17 ma
277 5070 129 29 chambre,
431 5076 27 21 et
482 5073 163 24 m'endormis

123 5097 120 28 quelques
254 5096 109 25 instants
374 5098 74 29 après
460 5100 59 23 d'un
530 5102 116 22 sommeil

125 5121 145 32 tranquille.

156 5151 65 24 Tout
235 5153 14 21 à
264 5159 74 21 coup,
352 5159 33 17 au
397 5153 88 25 milieu
499 5155 32 23 de
543 5156 26 22 la
583 5156 62 27 nuit,

125 5177 26 29 je
174 5180 41 22 fus
236 5179 105 25 réveillé
364 5186 32 18 en
418 5184 101 21 sursaut
540 5189 50 22 par
610 5189 36 17 un

125 5206 70 23 bruit
204 5207 79 24 sourd
293 5209 26 21 et
329 5207 138 25 résonnant
476 5209 16 23 à
502 5209 145 24 intervalles

126 5233 131 28 réguliers.
283 5235 191 29 Brusquement,
499 5236 25 28 je
549 5238 98 24 m'assis

127 5266 45 18 sur
185 5267 60 19 mon
260 5261 39 28 lit,
312 5262 87 24 tandis
413 5269 49 22 que
477 5264 120 29 l'horloge
612 5265 35 24 du

127 5288 83 27 palier
233 5289 102 25 sonnait
357 5289 138 25 lentement
518 5298 41 17 ses
581 5292 67 24 deux

127 5322 89 23 coups.
229 5316 31 24 Je
275 5317 79 25 sentis
369 5324 61 17 mon
445 5324 62 23 sang
520 5325 28 17 se
563 5320 85 26 glacer

128 5344 64 24 dans
206 5351 56 19 mes
277 5345 95 27 veines,
387 5345 38 24 les
440 5346 101 28 paroles
558 5347 34 23 du
609 5354 28 21 ga-

128 5371 53 23 min
206 5377 41 18 me
272 5376 122 22 revenant
419 5373 15 24 à
458 5373 26 24 la
508 5373 122 25 mémoire
641 5381 7 17 :

128 5405 14 14 «
157 5398 92 25 Toutes
262 5400 37 24 les
312 5400 77 25 nuits,
402 5402 15 24 à
431 5401 66 23 deux
509 5401 93 24 heures
614 5403 34 22 du

128 5427 89 27 matin,
231 5427 25 24 le
272 5430 67 22 mort
353 5429 100 24 revient
466 5434 73 18 errer
555 5431 24 21 et
594 5429 54 24 crie

128 5460 144 23 vengeance
287 5463 22 16 ».

159 5482 164 30 Maintenant,
343 5483 127 24 l'escalier
491 5483 76 24 criait
590 5490 59 18 sous

128 5514 37 20 «n
180 5516 56 23 pas,
249 5511 68 24 mais
330 5518 35 17 un
380 5518 51 23 pas
443 5511 161 30 d'automate,
618 5518 32 19 ee

670 3060 85 24 n'était
771 3069 46 20 pas
834 3061 25 24 la
876 3063 103 24 marche
998 3063 59 23 d'un
1074 3063 53 23 être
1144 3064 34 22 hu-

669 3088 76 23 main.
770 3090 39 23 En
833 3090 59 22 vain
918 3090 24 28 je
968 3097 39 16 me
1033 3091 154 27 raisonnais;

668 3117 133 27 quelqu'un
814 3117 81 24 s'était
906 3118 124 23 introduit
1043 3125 6 16 :
1061 3119 51 26 oui,
1125 3119 63 24 mais

668 3144 23 21 le
709 3145 87 22 voleur
813 3145 154 27 descendait,
985 3152 29 17 or
1031 3146 17 22 il
1067 3146 59 23 était
1144 3147 34 22 im-

670 3172 110 26 possible
800 3173 59 26 qu'il
879 3173 38 22 fut
937 3173 70 22 entré
1026 3180 46 21 par
1091 3175 23 22 le
1134 3174 54 23 toit.

669 3198 95 24 Alors...
778 3206 48 21 que
839 3202 103 25 penser!

699 3226 29 23 Je
747 3227 110 24 n'aurais
875 3234 35 21 pu
929 3228 62 23 aller
1009 3229 64 26 voir,
1092 3231 52 21 seul
1164 3231 24 21 et

668 3260 59 16 sans
744 3261 76 19 arme,
839 3262 30 16 ne
887 3258 110 25 pouvant
1014 3259 115 26 compter
1145 3263 43 17 sur

669 3281 22 22 le
706 3282 134 28 concierge
855 3283 45 27 âgé
916 3290 47 21 que
978 3284 88 27 j'avais
1082 3285 76 27 gardé
1173 3286 15 22 à

670 3315 57 16 mon
751 3311 105 23 service.
879 3311 106 26 Bienhit,
1008 3312 134 26 j'entendis
1164 3313 24 23 le

668 3342 44 21 pas
725 3340 133 24 remonter,
870 3338 57 28 puis
940 3339 57 28 plus
1009 3339 63 23 rien.

698 3364 34 22 Le
746 3364 57 28 jour
816 3371 102 18 ramena
932 3368 53 22 tout
999 3373 58 17 mon
1072 3374 116 22 courage.

698 3391 68 23 Pour
782 3394 69 22 toute
870 3393 155 28 précaution,
1044 3395 23 22 le
1085 3396 50 22 soir
1155 3402 31 16 en

667 3425 39 17 me
723 3420 133 27 couchant,
871 3415 24 33 je
912 3421 104 28 déposai
1032 3429 58 16 mon
1108 3422 69 23 revol-

668 3452 45 16 ver
725 3447 15 22 à
754 3447 55 22 côté
824 3448 30 22 de
868 3449 59 25 moi,
940 3451 24 20 ct
979 3449 96 23 bientôt
1087 3451 24 27 je
1125 3454 51 19 tom-

667 3474 40 22 bai
721 3474 62 23 dans
795 3475 35 22 les
843 3476 57 24 bras
914 3477 30 23 de
955 3477 127 28 Morphée.

697 3501 119 27 Soudain,
837 3503 23 26 je
881 3504 136 27 sursautai;
1040 3506 14 21 à
1075 3505 113 23 l'instant

668 3528 32 22 où
715 3535 97 18 comme
828 3537 32 16 un
876 3530 52 28 glas
944 3532 162 23 résonnaient
1121 3534 66 22 deux

668 3556 97 28 heures,
781 3564 28 16 ce
824 3564 54 21 pas,
893 3565 28 16 ce
936 3559 102 23 sinistre
1053 3567 45 21 pas
1114 3562 73 22 d'une

667 3583 134 28 régularité
812 3586 151 27 effrayante,
977 3587 146 24 descendait
1137 3589 40 22 len-

666 3614 99 20 tement.
775 3613 29 22 Je
815 3613 74 22 saisis
901 3621 57 15 mon
971 3615 141 28 browning,
1124 3617 63 22 mais

666 3638 24 27 je
706 3640 75 21 restai
796 3640 73 23 cloué
883 3648 45 16 sur
944 3642 79 27 place,
1037 3643 45 23 des
1098 3644 78 27 gémis-

668 3669 108 20 sements
796 3667 143 24 s'élevaient
962 3670 62 22 dans
1043 3677 30 16 ce
1092 3672 95 23 frisson

669 3693 31 22 de
722 3693 124 24 ténèbres.
868 3696 30 22 Je
921 3698 121 27 respirais
1065 3699 14 22 à
1104 3703 83 24 peine,

668 3722 52 21 tout
733 3728 58 16 mon
807 3729 83 22 corps,
904 3726 119 26 pourtant
1036 3726 69 23 froid
1119 3733 57 16 com-

666 3755 39 16 me
722 3755 34 17 un
773 3750 108 27 marbre,
897 3752 136 23 s'inondait
1051 3754 31 22 de
1098 3760 87 21 sueur;

667 3775 15 23 à
708 3783 40 16 me
774 3777 64 27 voir,
865 3785 62 16 vous
954 3780 120 23 n'eussiez
1101 3782 36 22 dit
1164 3789 12 16 s
1179 3783 6 5 *

666 3802 80 27 j'étais
763 3807 66 21 mort
846 3812 31 16 ou
895 3806 94 24 vivant.
1005 3808 67 23 Puis,
1088 3816 99 16 comme

668 3830 22 23 la
705 3831 81 27 veille,
800 3833 24 22 le
838 3833 111 24 fantôme
967 3835 35 27 (je
1016 3837 172 23 commençais

666 3858 14 22 à
692 3860 82 22 croire
787 3866 47 21 que
846 3861 83 23 c'était
941 3862 47 25 lui)
1003 3866 121 21 remonta.
1135 3859 51 29 Âh!

667 3887 84 26 quand
770 3887 35 28 j'y
825 3894 77 21 pense
920 3891 105 21 encore!
1046 3891 62 24 Sans
1128 3899 59 16 oser

667 3915 76 21 sortir
773 3915 32 22 de
833 3922 40 16 ma
904 3917 126 27 chambre,
1059 3919 127 27 j'attendis

667 3941 80 23 l'aube
772 3943 43 27 qui
839 3943 54 24 vint
917 3945 70 22 enfin
1013 3946 110 29 dissiper
1146 3954 40 16 ma

666 3968 104 24 crainte.

697 3996 33 23 La
747 3997 128 23 troisième
892 3999 63 28 nuit,
971 4000 80 28 j'étais
1067 4002 60 23 bien
1144 4002 32 23 dé-

666 4023 57 23 cidé
739 4024 14 23 à
771 4025 134 24 découvrir
921 4028 22 21 le
960 4028 116 28 mystère,
1091 4032 25 20 et
1132 4037 44 16 sur-

666 4052 53 21 tout
733 4052 14 22 à
761 4052 23 22 le
798 4054 102 22 trouver
913 4055 60 25 seul,
989 4056 17 22 il
1020 4057 82 23 aurait
1117 4057 57 23 d'ail-

667 4077 66 24 leurs
748 4079 38 23 été
801 4081 88 23 inutile
905 4082 30 23 de
950 4082 123 24 solliciter
1087 4092 49 16 une
1150 4086 24 22 ai-

667 4105 41 26 de;
730 4112 125 21 personne
876 4109 106 24 n'aurait
1004 4111 42 22 osé
1066 4112 118 28 pénétrer

669 4132 62 24 dans
748 4134 24 22 la
789 4134 59 24 villa
865 4136 98 25 hantée.
980 4139 69 22 Assis
1066 4147 44 15 sur
1127 4147 58 16 mon

667 4159 36 26 lit,
714 4160 143 27 j'attendais
870 4163 93 25 l'heure
977 4166 83 22 fatale.
1072 4167 114 25 Minuit...

664 4191 47 16 une
727 4186 100 24 heure...
844 4195 48 17 une
908 4190 78 24 heure
1004 4195 24 21 ct
1046 4193 92 27 demi...

700 4215 78 28 Dong,
804 4217 78 29 Dong,
909 4220 64 22 deux
998 4222 102 23 heures!
1127 4224 57 22 Mon

667 4248 77 16 coeur
757 4244 89 23 battait
860 4246 14 22 à
889 4253 26 16 se
930 4254 108 22 rompre.
1052 4250 132 26 Martelant

669 4269 7 20 I
686 4270 113 26 escalier,
816 4272 22 22 la
856 4274 102 23 marche
975 4277 102 23 retentit
1093 4279 15 22 à
1124 4285 52 17 nou-

667 4302 71 20 veau,
757 4301 183 27 accompagnée
959 4303 31 22 de
1009 4305 107 26 plaintes
1134 4308 41 21 len-

667 4325 44 21 tes.
727 4325 62 22 Sans
804 4332 39 16 me
859 4331 133 23 permettre
1008 4337 96 17 aucune
1119 4333 55 22 Hési-

668 4352 79 22 tation
759 4354 65 22 cette
836 4354 57 27 fois,
904 4355 103 27 j'ouvris
1019 4364 39 17 ma
1070 4362 80 26 porte,
1160 4363 26 21 et

668 4378 113 28 crispant
798 4380 23 22 le
839 4381 69 27 doigt
924 4389 44 16 sur
983 4384 24 23 la
1024 4384 113 28 gâchette
1153 4389 32 22 de

668 4412 58 16 mon
741 4407 123 28 revolver,
878 4408 23 27 je
916 4411 115 26 regardai
1044 4419 7 15 :

699 4433 50 23 Oh!
764 4441 52 16 mes
831 4435 71 26 amis,
916 4443 48 21 que
979 4438 82 28 vis-je!
1077 4441 59 27 Quel
1151 4444 25 21 ta-

667 4460 85 23 bleau!
766 4462 66 22 Vous
847 4469 30 16 ne
892 4464 143 24 devineriez
1047 4467 97 26 jamais.

697 4500 34 6 —
744 4489 64 28 Quoi
824 4490 82 23 donc?

691 4528 33 5 —
734 4516 38 23 En
783 4517 96 23 toilette
891 4519 30 22 de
933 4519 62 26 nuit,
1006 4526 33 16 un
1050 4521 93 24 bonnet
1156 4523 30 22 de

667 4545 74 21 coton
760 4551 44 16 sur
821 4545 113 25 l'oreille,
952 4546 37 24 les
1006 4548 59 22 bras
1082 4548 105 25 étendus

666 4571 92 23 devant
775 4572 60 23 lui...
852 4579 60 17 mon
930 4574 74 23 vieux
1022 4575 165 26 domestique.

666 4599 20 22 A
707 4606 59 16 mon
787 4600 177 27 exclamation,
983 4601 19 23 il
1022 4609 27 17 se
1068 4604 120 24 retourna

666 4632 59 17 sans
741 4634 40 16 me
798 4628 63 27 voir,
878 4630 24 21 et
919 4635 107 22 regagna
1043 4631 135 27 tranquille-

666 4656 68 21 ment
749 4662 27 16 sa
792 4656 128 23 chambre.
934 4657 30 23 Je
979 4657 82 25 tenais
1076 4659 71 22 enfin
1162 4659 25 23 la

667 4681 50 24 clef
736 4683 34 22 du
789 4683 121 27 mystère:
931 4685 93 22 Octave
1044 4685 61 23 était
1125 4692 64 16 som-

665 4710 118 27 nanbule,
799 4713 56 21 tout
873 4712 168 27 simplement.

695 4737 34 24 Le
742 4738 151 28 lendemain,
907 4741 85 27 quand
1004 4740 24 28 je
1040 4741 34 22 fis
1086 4745 57 24 part
1157 4742 30 22 de

666 4770 40 17 ma
727 4765 150 24 découverte
898 4768 14 22 à
932 4775 53 17 mes
1007 4768 104 27 voisins,
1131 4771 56 21 tous

666 4792 123 24 restèrent
808 4795 151 28 sceptiques.
979 4796 69 23 Celte
1067 4797 38 22 fin
1126 4798 62 22 était

665 4820 57 27 trop
734 4820 90 29 simple
837 4829 65 20 pour
913 4823 36 23 les
962 4823 159 24 événements
1134 4825 42 22 fan-

667 4847 120 28 tastiques
805 4849 31 23 de
853 4850 23 22 la
896 4859 11 11 «
924 4850 64 23 Villa
1007 4852 33 23 du
1058 4852 86 22 Lierre
1162 4861 24 17 »,

665 4875 64 24 mais
740 4875 32 23 ils
784 4883 32 16 ne
827 4877 65 23 m'en
906 4878 129 27 portèrent
1046 4886 46 22 pas
1104 4879 83 24 moins

666 4907 48 18 une
727 4904 95 26 grande
835 4905 152 24 admiration
1002 4913 64 22 pour
1079 4908 72 23 avoir
1164 4908 23 23 le

666 4935 108 23 courage
789 4931 31 23 de
835 4932 124 24 l'habiter.

698 4956 83 28 Quant
794 4965 32 17 au
840 4959 61 24 vieil
917 4961 100 27 Octave,
1030 4962 24 29 je
1069 4963 35 23 lui
1120 4966 56 20 trou-

667 4984 42 22 vai
725 4990 49 17 une
791 4988 70 23 autre
878 4987 73 27 place
968 4990 15 22 à
998 4990 25 23 la
1040 4997 146 22 campagne,

668 5017 46 16 son
735 5012 66 27 rêve,
822 5014 33 23 où
876 5015 18 22 il
915 5018 45 25 put
980 5023 27 16 se
1028 5017 79 24 livrer
1127 5025 59 17 sans

665 5038 95 28 danger
770 5040 128 24 d'éveiller
909 5049 133 21 personne,
1054 5046 14 23 à
1079 5053 39 17 ses
1130 5053 46 21 pro-

667 5067 119 23 menades
799 5070 144 23 nocturnes.

694 5092 81 29 Voilà,
786 5101 53 18 mes
850 5097 76 23 chers
938 5099 71 26 amis,
1021 5104 126 21 comment
1159 5108 27 18 se

669 5121 107 24 termina
795 5123 125 24 l'histoire
941 5126 31 22 de
991 5126 25 24 la
1036 5128 98 24 maison
1154 5136 33 16 au

668 5148 119 25 fantôme.

696 5187 34 6 —
749 5176 142 30 Palpitante
912 5182 45 21 ton
979 5184 127 26 aventure,
1128 5190 59 17 mon

668 5203 76 23 vieux
759 5204 88 29 Raoul,
863 5206 24 28 je
905 5210 152 26 comprends
1073 5213 26 21 ta
1116 5217 71 22 peur,

670 5231 25 21 et
707 5236 9 22 j
725 5237 79 18 avoue
818 5240 47 21 que
878 5234 24 27 je
916 5235 109 25 n'aurais
1038 5244 47 20 pas
1098 5245 31 16 eu
1143 5240 44 22 ton

669 5262 70 19 cran.

699 5296 33 6 —
744 5284 55 30 Oui,
812 5294 100 23 appuya
924 5296 34 17 un
971 5294 79 23 autre,
1061 5292 25 28 je
1098 5300 41 16 me
1151 5299 27 17 se-

670 5317 54 18 rais
738 5316 65 28 sent}
818 5316 57 27 plus
891 5319 100 22 rassuré
1008 5326 31 16 en
1055 5321 56 22 face
1128 5321 59 23 d'un

672 5340 88 24 bandit
777 5348 48 20 que
844 5344 92 24 devant
953 5345 139 25 l'inconnu.

701 5367 39 22 Un
755 5367 93 26 silence
864 5372 84 23 tomba
964 5375 70 22 entre
1050 5375 36 23 les
1102 5377 87 26 quatre

671 5394 87 27 jeunes
773 5402 68 21 gens,
857 5400 84 23 tandis
958 5407 48 22 que
1022 5402 36 22 les
1075 5403 115 23 derniers

673 5423 106 24 accords
801 5425 58 23 d'un
881 5427 40 23 air
942 5428 15 23 à
978 5429 24 22 la
1025 5430 74 23 mode
1121 5437 58 17 mou-

672 5452 82 21 raient
765 5458 30 16 en
808 5459 48 17 une
868 5454 94 27 plainte
974 5456 104 27 pareille
1090 5464 50 17 aux
1151 5458 29 28 gé-

672 5478 157 25 missements
842 5481 33 23 du
887 5484 172 23 somnambule
1071 5485 120 25 fantôme.

937 5509 68 25 René
1018 5511 142 28 CAILLET,

1237 312 152 89 Petite
1418 312 290 115 JChronïque

1216 447 103 20 Bulletin
1336 448 196 24 météorologique
1548 450 32 19 du
1596 450 25 18 31
1638 449 98 24 janvier.

1241 479 76 20 Tandis
1337 481 73 23 qu'une
1430 487 49 13 zone
1498 481 25 19 de
1544 481 71 20 hautes
1636 482 100 22 pressions

1218 504 60 21 (776"
1279 505 21 10 ,m
1303 505 7 20 )
1333 511 23 13 se
1375 505 104 19 maintient
1501 511 34 13 sur
1555 506 18 18 îa
1595 506 140 21 Scandinavie,

1215 534 26 13 un
1259 534 61 14 creux
1339 529 146 23 barométrique
1503 530 24 19 de
1546 531 36 18 735
1585 532 30 9 min
1632 535 31 15 est
1681 531 52 19 situé

1215 559 25 13 au
1254 553 54 22 large
1321 554 24 19 de
1358 554 99 19 l'Irlande.
1472 554 44 19 Une
1529 555 136 23 perturbation
1680 555 45 19 fron-

1214 578 46 20 tale,
1275 578 52 20 issue
1343 579 26 19 du
1382 578 110 23 minimum,
1508 582 28 16 tïst
1551 579 79 19 arrivée
1644 585 25 13 an
1685 580 39 18 Por-

1214 602 61 22 tugal.

1241 627 57 19 Nous
1310 627 113 22 observons,
1436 633 22 13 ce
1471 628 69 21 matin,
1552 634 35 13 sur
1601 628 18 19 la
1632 628 101 23 Bclt(ii|ii(\

1214 651 34 19 des
1266 654 56 16 vents
1340 652 93 19 modérés
1450 652 27 18 du
1495 655 78 16 secteur
1591 652 42 20 sud.
1650 658 27 13 un
1695 654 37 18 cci

1214 681 94 17 nuageux
1321 680 21 16 et
1358 676 35 20 des
1408 676 143 23 températures
1567 677 23 19 dc
1608 677 21 18 7°
1643 676 90 21 environ,

1239 700 72 20 Tenn**s
1332 701 92 22 présumé
1436 707 7 13 :
1462 705 57 15 vents
1539 701 90 19 modérés
1648 702 12 19 à
1678 707 56 13 assez

1218 725 50 19 forts
1286 725 24 19 de
1326 729 78 16 secteur
1420 725 38 20 sud
1464 731 5 16 ;
1488 731 94 17 nuageux
1599 731 49 15 avec
1665 726 70 19 éclair-

1215 750 48 21 cics,
1279 756 81 13 averses
1376 750 84 23 locales;
1477 750 101 19 nouvelles
1594 750 75 23 pluies;
1686 754 39 16 tem-

1215 775 93 22 pérature
1324 774 100 20 modérée.

1241 799 29 19 La
1296 798 135 24 température
1457 798 13 20 à
1495 799 13 19 7
1534 799 73 19 heures
1634 799 49 19 était
1710 799 24 19 dc

1214 833 27 4 —
1242 824 35 19 20°
1296 824 13 19 à
1328 824 58 22 Riga.
1404 833 26 4 —
1433 823 33 19 IS°
1486 824 13 19 à
1517 823 106 21 Varsovie.
1641 833 27 4 —
1671 824 34 18 17"
1722 824 13 20 à

1215 848 135 23 Helsmgfors,
1365 848 63 19 —13°
1444 849 12 19 à
1473 848 64 19 Tartu
1551 849 63 18 —10°
1630 849 13 19 à
1661 848 73 20 Berlin.

1214 883 25 3 —
1241 874 22 18 S"
1278 875 13 19 à
1306 873 77 19 Vienne
1396 876 21 16 et
1433 873 120 20 Stockholm,
1567 873 49 18 —7°
1630 873 13 19 à
1659 872 76 20 Con-en-

1215 898 64 22 hajjue
1295 900 20 16 et
1335 898 85 22 Prrguc,
1436 907 26 4 —
1463 898 22 18 6°
1501 898 12 19 à
1533 897 105 22 Budapest,
1655 898 50 18 —5"
1723 897 12 18 à

1215 922 56 22 Oslo,
1291 932 27 4 —
1321 923 20 18 l"
1361 923 13 19 à
1396 921 106 24 lîudanest,
1523 923 22 18 0°
1566 922 12 20 à
1600 922 63 19 Berne
1683 925 19 16 et
1722 921 12 19 h

1215 946 127 23 Riykjavik;
1357 948 22 17 2°
1393 949 12 19 à
1421 946 58 21 Sofia
1493 949 21 17 et
1528 946 92 21 Utrecbt,
1635 947 22 18 3°
1670 946 12 19 à
1697 946 28 19 Os-

1215 971 64 22 tende,
1295 972 21 18 4°
1330 972 12 19 à
1357 971 57 22 Brée,
1429 971 22 19 5"
1464 971 12 19 à
1491 971 85 22 Chimay
1591 974 19 16 ct
1625 970 110 19 Tirlemont

1215 999 19 16 et
1253 996 110 23 Bruxelles,
1380 997 22 17 6"
1418 996 12 19 à
1446 995 89 20 Londres
1551 999 20 16 et
1589 995 64 22 Paris,
1674 996 32 17 11°
1723 995 12 19 à

1216 1020 98 21 Lisbonne
1329 1024 19 16 et
1364 1022 32 17 16"
1410 1020 12 19 à
1437 1020 68 22 Alger.

1393 1058 145 19 Observations
1549 1063 8 13 :

1217 1096 117 19 Baromètre
1512 1096 56 22 1000,
1581 1092 52 26 9'nib,
1646 1096 89 18 750.7"""

1216 1121 143 23 Température
1373 1120 110 19 maximum
1694 1121 42 17 Ca>°

1217 1145 143 23 Température
1377 1145 106 19 niitiim.im
1696 1145 10 18 ?■
1710 1144 27 20 .9°

1217 1170 105 19 Humidité
1646 1169 25 19 94
1686 1174 18 17 p.
1719 1174 17 13 c.

1217 1194 43 20 Km
1275 1193 112 21 recLtihie^
1680 1193 55 19 3.1-17

1217 1219 103 20 Dir-ection
1335 1219 26 19 du
1378 1221 46 17 vent
1692 1216 43 20 Su;!

1216 1244 80 19 Vitesse
1311 1243 26 19 du
1354 1246 46 17 vent
1606 1242 11 19 5
1634 1242 73 19 mètres
1724 1243 10 17 5

1217 1268 78 19 Heine-»
1307 1268 24 19 de
1341 1268 56 19 soleil
1561 1276 10 11 «
1657 1267 11 18 0
1680 1266 19 19 h.
1711 1263 24 22 05

1217 1293 61 20 Soleil
1291 1299 6 13 :
1311 1293 54 19 lever
1378 1293 12 19 à
1403 1292 12 19 7
1426 1292 21 19 h.
1460 1291 32 22 20,
1505 1290 86 20 coucher
1605 1291 12 19 à
1632 1291 24 18 16
1669 1290 19 20 h.
1704 1291 30 19 3.Î.

1217 1318 56 19 Lune
1285 1323 6 13 :
1306 1317 54 19 lever
1374 1317 23 18 23
1412 1317 20 18 h.

1218 1342 67 19 Haute
1300 1348 44 13 mer
1356 1348 5 13 :
1380 1340 94 20 Ostende.
1489 1340 12 19 3
1515 1339 20 20 h.
1553 1341 22 18 lt
1591 1342 20 17 et
1629 1340 23 18 15
1667 1339 21 20 h.
1704 1340 32 18 31.

1217 1367 97 19 Anvers*:
1328 1366 13 19 6
1354 1366 20 19 h.
1391 1366 24 18 38
1430 1369 20 16 et
1465 1365 23 19 19
1502 1365 20 19 h.
1537 1365 32 19 06.

1631 1421 106 24 Mariage

1245 1455 80 21 Samedi
1347 1461 12 13 a
1381 1454 31 21 été
1432 1454 77 20 célébré
1529 1460 24 14 en
1573 1454 77 23 l'église
1670 1455 66 20 Saint-

1219 1481 75 19 Martin
1316 1482 12 19 à
1350 1478 238 25 Montignies-le-Tilleul,
1610 1479 17 19 le
1648 1479 89 22 mariage

1216 1505 25 20 de
1255 1505 28 20 M.
1297 1505 54 19 Reni
1364 1505 57 19 Dura
1424 1510 47 14 nne.
1485 1503 94 20 candidat
1591 1503 84 24 notaire,
1688 1508 46 15 avec

1218 1530 48 19 Mlle
1283 1529 106 23 Georgette
1403 1528 104 20 Michaux.

1244 1554 43 19 Nos
1299 1553 88 20 sincère
1402 1553 136 20 félicitations.

1475 1617 118 21 Au-IIence
1605 1617 133 21 consulaire

1241 1650 28 20 Le
1286 1650 63 19 haron
1366 1651 83 23 Kervyn
1465 1650 24 20 de
1506 1650 124 23 Meerendre,
1645 1650 91 19 ministre

1216 1675 179 23 plénipotentiaire,
1407 1675 34 23 qui
1453 1675 55 19 vient
1519 1676 24 19 de
1554 1679 77 15 rentrer
1642 1675 25 19 de
1679 1675 47 18 Mon-

1217 1700 50 19 tréal
1284 1699 113 22 (Canada),
1411 1700 27 19 où
1452 1700 14 19 il
1480 1705 13 13 a
1509 1700 70 23 rempli
1594 1701 28 17 '-'S
1637 1699 99 20 f_mcti-ins

1217 1724 24 20 de
1256 1724 68 19 consul
1341 1724 82 23 général
1439 1725 24 19 de
1480 1724 102 24 Be'.gî-'jue,
1598 1725 87 19 donnera
1701 1730 25 13 au-

1217 1749 68 19 dience
1302 1751 12 19 à
1332 1749 85 19 l'Office
1434 1749 127 20 commercn!
1579 1749 23 19 de
1620 1748 68 24 l'Etat,
1706 1749 30 20 15.

1217 1780 36 13 rue
1269 1774 34 19 des
1319 1773 118 23 Augustins,
1451 1774 12 20 à
1480 1774 110 23 Bruxelles,
1605 1774 19 19 îe
1639 1774 97 19 mercredi

1218 1799 11 18 3
1244 1798 83 23 février,
1342 1798 25 20 de
1382 1799 12 19 9
1406 1798 21 20 b.
1444 1799 22 18 15
1481 1799 13 19 à
1509 1800 23 18 12
1545 1799 21 20 h.

1506 1865 29 20 TJ.
1549 1865 29 22 D.
1590 1865 29 20 D.
1634 1864 104 20 s*excuse

1240 1894 69 21 Union
1329 1895 34 20 des
1384 1895 104 23 Drapiers,
1506 1896 120 20 marchands
1646 1896 90 20 tailleurs

1216 1919 25 19 de
1256 1919 75 23 grande
1345 1920 72 22 classe,
1433 1921 13 19 à
1462 1921 35 19 des
1513 1922 45 22 prix
1575 1922 41 19 très
1633 1922 93 19 raisonna-

1216 1944 49 21 bles,
1283 1944 91 20 s'excuse
1394 1945 24 19 de
1437 1945 78 20 n'avoir
1534 1953 26 17 pu
1577 1947 65 19 servir
1659 1947 76 19 samedi

1216 1969 59 22 après
1288 1969 12 19 7
1314 1969 72 20 heures
1398 1970 29 19 les
1440 1971 127 19 nombreuses
1581 1977 107 17 permîmes
1702 1972 34 22 qui

1217 1994 59 18 voula
1278 1994 4 11 :
1282 1997 36 16 ent
1329 2000 74 15 encore,
1414 1995 86 23 profiter
1513 1996 24 19 de
1550 2002 34 12 son
1599 1996 55 19 offre
1665 2002 75 16 excep-'

1216 2018 94 20 tionnelle
1326 2018 34 20 des
1377 2019 47 23 prix
1440 2020 119 23 démarqués
1573 2020 13 19 à
1602 2020 45 23 400,
1663 2021 37 19 500
1715 2024 21 16 ct

1216 2043 38 18 600
1269 2042 74 21 francs.

1240 2067 52 19 Afin
1306 2068 25 19 de
1345 2074 25 13 ne
1384 2074 36 17 pas
1435 2069 28 19 les
1478 2069 97 22 décevoir,
1589 2069 137 23 exceptionnel-

1217 2091 72 20 lement
1304 2092 127 22 aujourd'hui
1447 2094 62 23 lundi,
1523 2095 80 22 jusqu'à
1620 2095 23 18 19
1657 2094 79 22 heures,

1215 2116 38 20 elle
1267 2117 134 20 maintiendra
1415 2124 71 14 encore
1499 2124 31 14 ses
1542 2119 53 23 prix.
1673 2118 60 24 (563)

1483 2184 35 20 I*
1539 2184 22 20 J.
1583 2184 19 19 I.
1625 2184 25 22 C.

1396 2210 25 19 •et
1441 2209 68 20 notre
1527 2208 90 24 empire
1636 2208 100 20 colonial

1241 2238 28 20 La
1283 2238 133 20 Commission
1429 2239 102 20 Coloniale
1541 2240 24 20 de
1577 2241 19 18 la
1608 2241 19 23 J.
1639 2241 17 19 L
1668 2241 30 23 C,
1708 2247 26 14 en

1214 2268 23 13 sa
1253 2262 70 21 séance
1338 2264 27 18 du
1382 2264 25 18 26
1423 2264 85 23 janvier,
1526 2270 12 13 a
1555 2265 45 19 voté
1617 2265 73 20 l'ordre
1708 2266 25 19 du

1214 2287 47 22 jour
1277 2287 86 24 suivant,
1380 2288 34 23 qui
1430 2294 13 13 a
1460 2289 31 19 été
1507 2290 76 22 envoyé
1600 2295 26 13 au
1642 2290 93 20 ministre

1213 2311 35 20 des
1262 2312 91 19 Colonies
1366 2319 6 13 :

1240 2342 12 13 €
1261 2336 30 19 En
1304 2337 95 23 présence
1410 2338 35 19 des
1458 2341 91 20 attaques
1562 2338 24 20 de
1596 2339 45 22 plus
1652 2345 25 13 en
1689 2339 44 23 plus

1214 2361 86 22 précises
1319 2362 25 19 de
1363 2362 19 19 la
1402 2368 67 17 presse
1488 2362 112 24 étrangère,
1620 2363 82 20 tendant
1720 2364 13 19 à

1216 2389 92 19 amputer
1329 2386 18 19 le
1368 2387 100 19 territoire
1490 2387 24 19 de
1534 2391 57 15 notre
1611 2388 83 21 colonie,
1715 2388 19 18 la

1214 2410 127 19 commission
1358 2411 96 19 coloniale
1469 2411 24 19 de
1507 2412 19 18 la
1541 2412 18 23 J.
1575 2412 16 19 I.
1608 2412 22 19 C.
1644 2413 90 22 exprime

1213 2440 23 13 sa
1258 2435 106 20 confiance
1387 2436 13 19 à
1424 2436 29 19 M.
1478 2436 18 19 le
1514 2436 93 19 Ministre
1631 2436 34 20 des
1688 2437 29 19 Co-

1213 2459 62 19 lonies
1287 2462 21 17 et
1320 2460 86 22 l'adjure
1419 2460 25 19 de
1457 2460 101 23 s'opposer
1571 2462 12 19 à
1597 2464 54 16 toute
1664 2467 59 16 ampu-

1213 2484 68 21 tation,
1299 2484 19 19 si
1335 2484 82 20 minime
1434 2485 93 22 soit-elle,
1546 2485 27 19 du
1591 2486 100 19 territoire
1710 2486 22 19 le

1214 2509 88 22 l'empire
1323 2509 85 19 colonial
1430 2509 58 22 légué
1509 2517 12 12 a
1543 2510 19 19 la
1583 2509 94 24 Belgique
1697 2516 37 17 par

1212 2533 18 19 le
1243 2533 64 23 grand
1320 2533 30 20 roi
1363 2533 87 23 Léopoîd
1464 2534 27 19 II.
1505 2540 13 13 >

1354 2598 33 19 Le
1403 2597 135 20 centenaire
1554 2599 30 19 dc
1599 2598 136 19 Pouchkine

1238 2628 28 20 Le
1281 2629 44 22 pJus
1338 2628 65 23 grand
1417 2629 56 23 poète
1487 2629 24 20 de
1525 2630 20 19 la
1559 2630 78 22 Russie,
1650 2633 21 16 et
1684 2636 48 14 eans

1212 2652 58 20 doute
1285 2654 18 18 le
1316 2654 45 23 plus
1372 2660 39 17 pur
1423 2654 71 19 artiste
1506 2654 27 19 du
1546 2660 45 13 vers
1604 2660 39 17 que
1654 2658 77 19 compte

1212 2678 20 19 la
1250 2677 112 21 littérature
1381 2679 125 22 universelle,
1521 2679 116 19 Alexandre
1656 2679 67 19 Pouch-

1212 2702 52 23 kine,
1276 2707 80 15 mourut
1369 2705 13 19 à
1396 2703 207 23 Saint-Pétersbourg,
1617 2704 18 19 le
1648 2704 25 18 29
1687 2704 35 22 jan-

1211 2727 43 19 vier
1272 2728 56 22 1.837,
1344 2728 71 18 ancien
1430 2727 57 23 style,
1502 2728 46 19 date
1564 2728 167 23 correspondante

1212 2758 25 13 au
1256 2753 22 18 11
1298 2752 76 19 février
1390 2752 24 19 de
1431 2755 57 16 notre
1503 2752 117 20 calendrier.

1238 2776 28 20 Le
1282 2776 72 20 monde
1371 2777 64 19 entier
1453 2777 108 23 célébrera,
1578 2783 22 13 ce
1618 2777 76 23 jour-là
1711 2780 21 16 et

1212 2801 86 22 pendant
1315 2801 28 19 les
1359 2802 50 19 mois
1425 2801 24 19 de
1467 2801 77 19 février
1559 2804 19 17 et
1595 2801 25 19 de
1635 2808 62 15 mars,
1712 2802 20 18 la

1212 2826 95 19 mémoire
1324 2825 26 20 de
1366 2826 52 19 celui
1437 2832 38 16 que
1493 2826 19 19 la
1530 2826 52 19 balle
1600 2826 25 19 de
1643 2826 89 23 l'émigré

1213 2850 89 23 français
1317 2846 105 24 tTÂnthès'
1433 2850 25 19 fit
1474 2850 76 20 tomber
1565 2851 50 19 dans
1631 2850 19 19 la
1668 2851 63 22 neige,

1213 2881 12 12 «
1240 2878 61 19 ayant
1317 2880 27 14 au
1358 2880 54 14 coeur
1427 2876 19 17 la
1462 2875 41 19 soif
1518 2875 24 19 de
1558 2875 19 19 la
1593 2880 111 17 vengeance
1720 2881 11 12 »

1212 2905 76 13 comme
1303 2899 29 19 dit
1346 2900 18 18 le
1378 2899 69 22 poème
1462 2899 25 19 de
1501 2899 126 22 Lermontov,
1640 2899 92 19 enlevant

1213 2925 12 18 à
1243 2929 23 13 sa
1284 2924 65 23 patrie
1367 2928 20 14 et
1404 2923 19 19 à-
1435 2923 95 19 l'univers
1549 2929 23 13 ce
1584 2923 63 22 -génie
1664 2922 58 23 prodi-

1211 2948 67 22 gieux,
1290 2949 13 18 à
1313 2948 51 22 l'âge
1376 2947 24 20 de
1411 2950 117 16 trente-seit
1538 2952 44 15 ans.

1238 2972 53 19 C'est
1314 2978 36 13 son
1372 2977 69 14 «œuvre
1464 2972 118 19 immortelle
1603 2971 48 23 qu'il
1673 2971 59 22 s'agit

1213 2996 106 23 d'évoquer
1332 2999 21 16 et
1367 3002 38 14 nue
1419 2997 39 18 l'on
1473 2996 98 22 s'apprête
1585 2996 12 19 à
1612 2995 111 19 commémo-

1213 3027 38 14 rer.
1270 3021 38 19 Les
1326 3021 77 22 Belges,
1419 3021 51 18 amis
1487 3021 24 18 de
1528 3021 19 19 la
1563 3020 76 23 grande
1655 3020 66 19 littéra-

1212 3049 44 16 ture
1274 3052 63 16 russe,
1353 3052 23 13 se
1391 3049 45 15 sont
1453 3045 88 19 associés
1557 3051 42 13 aux
1616 3045 75 19 Russes
1707 3044 25 19 de

1213 3070 94 23 Belgique
1326 3076 51 17 pour
1395 3070 75 19 donner
1487 3072 13 19 à
1518 3070 20 18 la
1556 3069 174 19 commémoration

1213 3095 116 19 Pouchkine
1343 3095 66 19 l'éclat
1424 3094 70 23 qu'elle
1509 3094 76 19 mérite.

1236 3120 30 20 La
1283 3120 52 19 série
1352 3119 35 19 des
1406 3119 160 19 manifestations
1584 3124 25 14 en
1627 3118 104 20 l'honneur

1212 3144 135 20 d'Alexandre
1369 3143 114 20 Pouchkine
1504 3149 21 14 se
1552 3142 106 21 déroulera
1684 3148 47 13 sous

1211 3169 120 22 l'impulsion
1353 3169 27 18 du
1400 3168 116 24 professeur
1543 3167 64 20 Henri
1634 3167 96 23 Grégoire

1210 3197 21 16 et
1251 3194 25 19 de
1295 3193 29 20 M.
1345 3193 82 19 Nicolas
1448 3192 121 23 Pouchkine,
1589 3191 95 23 petit-fils
1704 3191 26 19 du

1210 3218 64 23 poète.

1240 3243 43 19 Elle
1303 3248 137 14 commencera
1460 3247 37 17 par
1516 3247 39 14 une
1575 3241 72 19 séance
1668 3240 54 19 solen-

1211 3268 51 19 nelle
1280 3273 27 13 au
1325 3267 68 19 Palais
1410 3266 35 19 des
1463 3266 119 19 Académies
1600 3271 35 13 rue
1654 3265 76 19 Ducale

1213 3292 87 22 (grande
1311 3291 68 22 salle),
1391 3291 19 19 le
1422 3292 11 18 7
1446 3290 81 24 février,
1538 3291 13 19 à
1566 3290 22 19 15
1601 3290 72 18 heures
1686 3289 35 24 pré-

1211 3317 56 22 cises,
1286 3317 35 23 qui
1339 3315 130 23 comprendra
1487 3321 26 13 un
1532 3315 90 19 discours
1640 3314 27 18 du
1685 3319 36 17 pro-

1211 3342 78 25 fesseur
1304 3340 64 19 Henri
1382 3339 102 23 Grégoire,
1498 3345 27 14 un
1539 3342 56 16 autre
1611 3338 25 19 du
1652 3338 67 23 profes-

1211 3371 47 14 seur
1278 3364 49 24 Eck,
1345 3371 28 13 un
1392 3364 69 20 récital
1481 3364 23 19 An
1523 3363 78 23 poésies
1620 3369 36 16 par
1674 3363 55 19 Mme

1211 3390 111 19 Madeleine
1338 3389 84 19 Renaud
1437 3394 21 14 et
1473 3389 34 19 des
1522 3388 71 19 chants
1609 3393 67 13 russes
1692 3392 37 18 par

1210 3415 18 20 le
1242 3415 69 22 prince
1325 3413 106 23 Gagarine.

1392 3479 35 19 La
1448 3477 60 20 lutte
1530 3477 51 20 anti
1583 3475 147 21 -vénérienne

1234 3511 30 20 La
1282 3510 63 24 Ltgue
1360 3510 108 19 Nationale
1482 3509 57 23 belge
1555 3511 68 16 contre
1639 3508 18 19 le
1675 3507 54 19 Péril

1209 3535 102 20 Vénérien
1323 3541 12 12 a
1347 3538 47 16 tenu
1405 3534 82 22 samedi,
1500 3535 13 19 à
1526 3533 110 22 Bruxelles,
1648 3538 36 13 son
1697 3537 23 13 as-

1211 3560 86 19 semblée
1313 3559 94 23 générale
1421 3558 97 24 annuelle,
1532 3563 47 14 sous
1595 3558 19 18 la
1628 3556 93 24 présiden-

1210 3591 22 13 ce
1247 3585 27 18 du
1289 3583 116 24 professeur
1419 3583 123 23 Philippson.

1235 3609 65 22 Après
1315 3609 74 18 lecture
1405 3608 26 19 du
1447 3610 80 20 rapport
1543 3606 27 20 du
1583 3605 96 20 trésorier
1693 3610 35 14 eur

1210 3634 20 19 la
1250 3633 95 20 situation
1366 3632 117 23 financière,
1504 3632 18 19 le
1542 3632 81 19 docteur
1644 3629 85 22 Gérard,

1211 3658 108 20 secrétaire
1343 3657 87 23 général,
1454 3662 12 14 a
1487 3656 76 24 exposé
1586 3653 96 21 l'activité
1705 3654 24 19 de

1210 3683 82 19 l'œuvre
1310 3682 87 24 pendant
1414 3681 104 19 l'exercice
1537 3681 56 18 1936.
1611 3679 17 19 Il
1644 3684 26 14 en
1687 3684 33 13 res-

1209 3710 42 17 sort
1269 3709 122 17 notamment
1408 3712 38 17 que
1463 3705 21 19 la
1500 3705 50 19 lutte
1565 3704 43 19 doit
1625 3703 42 19 être
1683 3707 36 14 ren-

1210 3732 67 20 forcée
1295 3734 68 16 contre
1381 3731 19 19 la
1416 3729 141 23 blennorhagie
1573 3731 21 17 et
1612 3728 29 18 les
1660 3726 68 23 foyers

1210 3756 129 24 sporadiques
1356 3755 24 20 de
1396 3754 83 23 syphilis
1494 3753 88 24 signalés
1599 3752 50 20 dans
1666 3751 52 19 diffé-

1209 3785 66 16 rentes
1290 3780 80 23 régions
1384 3779 27 19 du
1425 3785 55 17 pays.

1435 3823 22 19 ♦
1461 3822 45 21 •♦

1227 3867 70 30 Mort
1311 3864 114 32 horrible
1440 3864 63 31 d'an
1517 3866 78 35 jeune
1611 3863 103 30 ouvrier

1243 3914 67 31 dans
1326 3924 35 20 an
1376 3912 181 37 charbonnage
1574 3911 33 30 de
1622 3910 76 37 Liège

1290 3989 38 19 (Dt
1339 3990 49 17 notre
1399 3988 129 20 correspondant
1540 3986 107 21 particulier)

1473 4027 77 25 Liège,
1565 4027 25 19 31
1606 4025 98 25 janvier.

1234 4061 38 20 Un
1292 4065 71 19 grave
1383 4059 108 20 accident
1510 4059 55 19 s'est
1584 4057 95 24 produit
1698 4060 32 15 au

1208 4087 64 23 siège
1285 4087 30 20 de
1328 4085 142 21 l'Aumônier
1482 4086 32 19 du
1527 4084 165 21 charbonnage
1705 4083 29 19 de

1206 4111 105 18 Bonne-*
1313 4109 35 22 'in,
1359 4109 16 20 à
1386 4107 76 24 Liège.
1474 4108 50 18 Une
1537 4106 90 20 dizaine
1640 4105 27 19 de
1679 4105 39 22 jeu-

1210 4138 42 15 nes
1278 4133 105 19 ouvriers
1409 4131 89 20 étaient
1523 4129 105 25 occupés,
1648 4134 41 14 sur
1707 4129 25 19 la

1209 4158 148 26 plate-formée
1369 4157 54 18 d'un
1435 4155 115 20 bâtiment
1561 4159 96 18 annexe,
1669 4153 15 20 à
1696 4158 25 15 re-

1208 4183 58 19 tirer
1284 4182 34 19 lea
1335 4182 89 23 pierrts
1442 4181 32 19 du
1491 4180 104 20 charbon
1613 4180 40 22 qui
1671 4178 59 19 était

1205 4205 83 21 amené
1302 4207 86 19 devant
1400 4210 45 15 eux
1457 4210 43 18 par
1513 4210 31 14 un
1557 4203 170 23 transporteur.

1205 4231 121 19 Profitant
1341 4231 54 19 d'un
1411 4229 65 20 arrêt
1492 4229 28 19 de
1537 4229 23 19 la
1575 4227 115 22 machine,
1706 4227 21 19 le

1206 4254 93 21 nommé
1311 4253 66 21 René
1390 4254 92 22 Mawet,
1493 4252 45 25 âgé
1550 4253 28 20 de
1590 4248 26 23 16
1628 4256 50 19 ans,
1691 4252 28 19 de-

1206 4280 110 18 meurant
1329 4279 15 20 à
1357 4277 146 24 Montegnée,
1517 4278 77 23 quitta
1607 4277 21 18 le
1642 4275 86 20 travail

1206 4308 58 19 pour
1276 4308 25 15 se
1314 4303 87 23 diriger
1414 4307 53 14 vers
1479 4300 83 25 l'étage
1575 4300 124 29 inférieur.^
1707 4300 20 19 Il

1210 4328 84 22 devait,
1313 4332 59 20 pour
1390 4327 56 22 cela,
1465 4327 119 19 traverser
1601 4330 46 14 une
1666 4323 64 25 pièce

1206 4352 98 19 obscure
1331 4352 59 19 dans
1417 4351 99 23 laquelle
1543 4350 135 19 fonctionne
1705 4349 22 19 le

1209 4375 142 20 mécanisme
1366 4376 41 19 dea
1423 4375 181 23 transporteurs.
1621 4373 109 22 Soudain,

1211 4400 23 19 la
1251 4400 107 19 machine
1376 4405 25 14 se
1420 4400 69 18 remit
1507 4404 29 15 en
1553 4399 96 19 marche
1667 4398 25 19 et
1709 4398 21 19 le

1208 4424 151 19 malheureux
1377 4424 39 19 fut
1435 4422 76 25 happé
1531 4428 44 19 par
1594 4423 33 19 les
1648 4427 70 18 engre-

1211 4452 78 18 nages.
1303 4448 37 19 On
1355 4448 112 19 accourut
1481 4447 16 20 à
1511 4452 38 16 aes
1564 4448 46 19 cris
1625 4448 60 18 mais
1701 4450 28 15 en

1211 4476 26 14 va
1241 4473 31 19 in.
1297 4472 35 20 La
1356 4473 64 18 mort
1439 4473 65 19 avait
1523 4472 46 19 fait
1588 4476 43 14 son
1651 4475 78 15 œuvre

1212 4495 78 23 quand
1305 4500 31 15 on
1351 4496 95 23 parvint
1459 4495 16 21 à
1490 4497 22 19 le
1527 4495 109 25 dégager.

2908 308 391 81 FAITS
3372 310 503 83 DIVERS

2880 456 113 19 Accident
3008 456 30 19 de
3053 455 170 24 motocyclette.
3237 465 27 4 —
3279 455 37 18 En
3332 455 38 18 tra-

2853 483 101 20 versant,
2971 481 88 18 samedi
3077 485 53 14 vers
3146 480 63 21 midi,
3226 480 22 19 la
3266 484 40 14 rue
3322 479 53 18 Les-

2852 506 127 21 broussart,
2994 506 61 18 Mme
3069 505 90 18 Jeanne
3172 504 99 20 Trottin,
3286 504 26 18 50
3325 507 50 17 ans,

2853 530 138 19 demeurant
3010 535 40 13 rue
3069 530 48 18 Ten
3136 529 82 21 Bosch,
3237 534 14 13 a
3270 528 36 19 été
3325 532 40 15 ren-

2852 555 79 19 versée
2949 560 43 18 par
3009 559 30 14 un
3058 553 166 23 motocycliste,
3241 553 30 18 M.
3289 553 25 18 P.
3331 551 44 22 C...,
3382 547 4 32 j

2852 580 107 20 habitant
2972 583 40 15 rue
3025 578 122 19 Malibran.
3160 578 33 18 La
3205 577 93 19 victime
3311 582 14 13 a
3339 576 36 19 été

2852 603 87 20 blessée
2953 603 15 19 à
2982 604 22 17 la
3018 603 54 19 tête.
3085 612 26 4 —
3125 603 27 18 D.

2879 629 44 18 Les
2945 627 119 19 accidents
3087 627 85 20 d'auto.
3194 636 27 3 —
3243 627 49 18 Par
3314 625 60 19 suite

2852 653 53 19 d'un
2924 652 122 23 dérapage,
3065 657 44 13 une
3128 651 104 19 collision
3250 650 55 19 s'eut
3324 654 50 18 pro-
3382 650 3 20 ;

2851 678 70 21 duito,
2935 676 90 19 -samedi
3040 681 52 14 vers
3107 675 25 19 10
3146 676 21 18 h.
3181 675 31 19 du
3227 675 81 21 matin,
3322 672 63 21 ave-'

2836 702 4 21 j
2853 706 44 14 nue
2922 702 84 18 Houba
3031 701 28 18 de
3084 701 116 21 Strooper,
3224 700 65 18 entre
3314 698 60 19 deux

2852 726 160 20 automobiles.
3034 726 30 18 M.
3085 725 65 19 Jules
3172 724 155 20 Costermans.
3348 723 37 23 40;

1763 1095 42 23 Un
1819 1096 40 23 bal
1874 1103 30 15 en
1918 1096 131 23 l'honneur
2063 1097 30 23 de
2107 1097 23 23 la
2145 1095 125 30 princesse
2285 1097 69 24 Sixte
2372 1098 31 23 de
2420 1098 121 23 Bourbon
2558 1105 15 16 a
2591 1105 31 16 eu
2640 1098 48 23 lieu
2707 1107 32 15 au
2757 1100 48 28 Ly-

1761 1133 71 17 ceum
1850 1127 30 23 de
1897 1127 136 23 Bruxelles.
2052 1128 37 23 De
2107 1127 160 24 nombreuses
2285 1128 180 28 personnalités
2483 1137 16 20 y
2516 1128 148 24 assistaient.
2683 1130 71 23 Voici
2773 1138 34 15 un

1760 1164 95 22 groupe
1873 1158 181 28 photographié
2071 1166 32 16 au
2121 1165 73 16 cours
2211 1158 30 23 de
2259 1159 23 22 la
2299 1158 80 24 soirée
2401 1167 5 15 :
2426 1167 33 16 on
2475 1159 129 24 reconnaît
2621 1159 65 24 MM.
2703 1161 104 27 Devèze,

1761 1187 87 24 ancien
1865 1188 111 24 ministre
1992 1189 30 23 de
2039 1190 23 22 la
2079 1189 109 23 Défense
2205 1188 149 29 Nationale;
2376 1190 35 24 M.
2428 1191 31 23 de
2476 1190 165 29 Broqueville,
2658 1191 87 24 ancien
2762 1192 34 23 mi-

1841 1219 78 23 nistre
1939 1223 25 20 et
1985 1219 35 24 M.
2041 1220 124 27 Demaret,
2186 1219 128 30 président
2327 1222 43 23 des
2383 1221 168 24 Conférences
2565 1221 189 24 universitaires.

1758 1300 520 67 COMMEMORATION

1814 1388 49 58 de
1887 1387 38 59 la
1949 1388 116 60 Reine
2091 1390 127 59 Astrid

1794 1500 163 30 Dissolution
1972 1502 35 28 du
2023 1501 97 32 Comité
2135 1502 114 31 exécutif

1780 1550 26 27 et
1820 1548 128 30 transfert
1962 1549 46 30 des
2022 1557 115 24 sommes
2151 1553 106 28 versées

1787 1592 31 20 Le
1840 1592 89 21 Comité
1952 1593 102 21 exécutif
2074 1598 28 18 de
2123 1597 23 18 la
2165 1597 105 24 souscrip-

1760 1617 49 19 tion
1829 1618 117 19 nationale
1973 1619 27 19 de
2027 1620 23 18 la
2073 1620 206 21 commémoration

1761 1642 27 18 de
1803 1643 23 18 la
1841 1644 63 18 reine
1918 1643 81 19 Astrid
2013 1644 54 21 s'est
2082 1645 72 22 réuni,
2167 1646 111 19 vendredi

1760 1665 141 24 après-midi,
1919 1667 15 19 à
1954 1668 23 20 la
1994 1668 89 21 Maison
2101 1670 29 19 de
2148 1670 22 19 la
2188 1670 90 23 Presse,

1760 1695 54 15 sous
1832 1692 23 19 la
1872 1690 135 24 présidence
2024 1694 27 19 de
2068 1694 29 19 M.
2114 1695 58 18 Paul
2188 1695 90 19 Henen.

1787 1716 31 19 Le
1841 1716 119 23 président
1984 1723 15 14 a
2023 1718 90 19 retracé
2136 1719 7 18 1
2150 1718 128 23 historique

1760 1740 28 20 de
1803 1741 92 18 l'œuvre
1911 1742 23 18 et
1949 1742 44 19 fait
2007 1745 94 20 rapport
2115 1747 40 15 sur
2168 1743 110 22 l'activité

1760 1765 32 19 du
1809 1764 96 21 Comité.
1925 1766 19 19 Il
1964 1771 15 14 a
1996 1767 102 22 exprimé
2115 1772 29 14 sa
2160 1768 118 23 gratitude

1760 1794 46 14 aux
1826 1790 170 23 souscripteurs
2017 1792 23 18 et
2058 1790 15 20 à
2092 1793 51 18 tous
2163 1797 57 14 ceux
2239 1793 39 22 qui

1761 1814 173 20 contribuèrent
1954 1820 30 14 au
2003 1815 80 20 succès
2104 1819 27 18 de
2151 1817 23 19 la
2193 1817 77 22 patrio-

1762 1839 63 23 tique
1840 1840 135 22 entreprise.
1988 1840 34 19 La
2033 1841 154 23 souscription
2200 1846 15 14 a
2228 1845 43 19 rap-

1760 1863 65 23 porté
1840 1863 16 19 à
1871 1869 26 13 ce
1911 1864 54 23 jour
1978 1865 23 19 la
2015 1869 88 16 somme
2119 1865 27 19 de
2161 1865 12 19 1
2189 1865 88 19 million

1761 1888 82 22 774,871
1868 1889 28 19 fr.
1918 1888 32 24 07,
1973 1888 99 22 résultat
2092 1890 39 23 qui
2151 1894 55 19 peut
2229 1888 49 20 être

1762 1913 55 19 tenu
1831 1918 58 19 pour
1902 1913 154 22 satisfaisant,
2069 1915 19 18 si
2101 1915 44 18 l'on
2159 1912 120 22 considère

1761 1942 44 19 que
1830 1939 23 18 la
1877 1937 109 23 publicité
2010 1938 58 19 faite
2092 1943 28 16 en
2144 1938 83 19 faveur
2250 1939 28 19 de

1760 1963 93 19 l'œuvre
1872 1963 36 20 fut
1925 1962 193 21 volontairement
2133 1962 105 21 réservée
2254 1963 24 19 et

1761 1985 105 21 discrète.

1785 2010 75 20 Grâce
1875 2016 30 15 au
1921 2010 152 20 dévouement
2086 2012 40 19 des
2140 2010 138 21 secrétaires

1760 2037 23 18 et
1799 2037 39 19 des
1855 2035 128 23 trésoriers,
1998 2036 39 22 qui
2051 2036 145 19 assumèrent
2210 2035 59 20 béné-

1761 2060 116 19 volement
1899 2060 62 19 leurs
1983 2060 81 20 tâches
2085 2062 61 18 aussi
2168 2059 110 21 délicates

1760 2085 197 23 qu'absorbantes,
1975 2085 34 19 les
2026 2085 58 19 frais
2102 2086 27 19 de
2146 2085 90 23 gestion
2255 2085 23 18 et

1761 2109 210 20 d'administration
2004 2114 29 16 ne
2066 2108 134 21 s'élevèrent
2225 2108 54 24 qu'à

1759 2134 46 19 0.64
1825 2139 21 18 p.
1866 2139 19 14 c.
1916 2142 28 7 —
1975 2135 46 18 soit
2039 2138 32 16 un
2090 2139 45 18 peu
2152 2135 53 23 plus
2224 2134 53 20 d'un

1759 2159 38 21 1/2
1815 2164 21 18 p.
1854 2164 19 14 c.
1891 2168 26 5 —
1934 2159 40 19 des
1992 2163 100 15 sommes
2110 2156 97 23 versées.

1785 2183 202 19 L'établissement
2031 2183 95 21 d'utilité
2169 2181 108 25 publique

1760 2213 12 13 «
1780 2208 114 19 Souvenir
1916 2208 27 19 de
1965 2209 24 19 la
2012 2208 63 19 reine
2097 2207 79 20 Astrid
2183 2212 19 17 >,
2224 2206 54 20 créé

1760 2238 44 18 par
1821 2232 77 20 arrêté
1917 2232 65 23 royal
2009 2237 28 16 en
2062 2232 92 19 octobre
2180 2231 97 23 dernier,

1758 2262 55 14 sous
1827 2259 24 18 la
1863 2256 135 24 présidence
2014 2257 27 19 de
2055 2256 30 19 M.
2098 2257 79 19 Pierre
2189 2256 87 21 Graux,

1759 2282 134 23 professeur
1909 2281 16 19 à
1942 2280 145 20 l'Université
2105 2282 28 19 de
2149 2280 128 22 Bruxelles,

1758 2307 105 22 poursuit
1875 2305 141 24 légalement
2028 2305 33 19 les
2073 2304 86 20 mêmes
2171 2305 48 18 fins
2231 2309 44 18 que

1760 2331 20 19 le
1798 2331 90 19 Comité
1906 2330 28 19 de
1952 2331 24 18 la
1992 2328 211 23 commémoration,
2221 2329 55 18 dont

1760 2356 131 19 l'existence
1916 2353 129 20 désormais
2069 2352 106 25 apparaît
2198 2357 71 19 super-

1759 2380 54 19 flue.
1826 2380 61 20 C'est
1900 2380 119 23 pourquoi,
2032 2383 57 20 pour
2101 2378 98 23 dissiper
2210 2378 65 18 toute

1760 2404 127 23 équivoque
1905 2403 15 19 à
1939 2408 25 15 ce
1981 2403 70 24 sujet,
2070 2403 29 19 M.
2117 2403 25 19 P.
2159 2403 84 19 Henen
2261 2407 15 14 a

1760 2428 97 24 proposé
1874 2429 16 20 à
1908 2426 142 21 l'assemblée
2061 2432 5 14 :

1785 2454 23 20 1)
1833 2454 35 18 De
1891 2452 102 20 clôturer
2021 2452 23 19 la
2072 2451 153 23 souscription
2255 2450 22 19 le

1758 2478 25 19 31
1797 2478 100 23 janvier;

1784 2503 23 20 2)
1826 2503 35 18 De
1879 2500 131 21 transférer
2026 2501 33 20 les
2077 2500 67 19 fonds
2161 2499 116 19 recueillis

1759 2532 43 20 par
1817 2528 21 18 le
1854 2526 90 21 Comité
1960 2527 27 18 de
2004 2527 23 18 la
2040 2524 204 20 commémoration
2261 2522 16 20 à

1760 2552 147 20 l'institution
1939 2556 10 13 «
1958 2550 112 19 Souvenir
2101 2550 27 19 de
2158 2549 23 18 la
2213 2548 64 19 reine

1759 2576 80 20 Astrid
1853 2581 21 17 »;

1785 2601 22 20 3)
1829 2601 36 18 De
1887 2599 119 20 dissoudre
2025 2600 22 18 îe
2067 2599 86 20 Comité
2174 2596 102 20 exécutif

1759 2626 27 19 de
1802 2625 24 19 la
1841 2624 156 23 souscription
2014 2622 125 23 nationale;

1783 2650 24 20 4)
1830 2650 35 19 De
1887 2653 106 15 nommer
2020 2652 32 16 un
2079 2645 146 21 sous-comité
2248 2645 27 19 de

1757 2674 146 23 liquidation,
1924 2671 84 21 assisté
2035 2672 29 18 de
2090 2672 59 18 deux
2168 2670 98 19 commis-

1759 2699 83 21 saires;

1783 2724 23 19 5)
1828 2722 131 23 D'engager
1990 2726 43 14 nos
2065 2719 162 24 compatriotes
2260 2717 16 20 à

1758 2752 80 15 verser
1855 2746 129 20 désormais
2002 2746 61 18 leurs
2079 2745 56 19 dons
2153 2749 31 14 au
2200 2749 12 12 «
2220 2743 46 19 Sou-

1758 2772 66 20 venir
1839 2774 27 19 de
1881 2773 23 18 la
1920 2771 64 20 reine
1997 2769 79 21 Astrid
2083 2774 18 15 ».

1783 2794 154 21 L'assemblée
1950 2801 15 14 a
1977 2793 79 21 ratifié
2069 2799 38 14 ces
2119 2792 155 25 propositions

1759 2824 23 18 et
1795 2827 15 13 a
1824 2820 94 24 désigné
1932 2824 91 16 comme
2037 2817 168 20 commissaires
2219 2816 56 20 MM,

1758 2846 90 21 Storck,
1867 2844 111 22 trésorier
1996 2844 28 18 de
2041 2844 23 19 la
2080 2842 87 19 section
2185 2840 81 20 bruxel-

1759 2871 55 18 loise
1841 2871 27 18 de
1893 2868 161 20 l'Association
2083 2867 28 18 de
2140 2868 23 17 la
2191 2866 84 18 Presse

1758 2895 72 23 belge,
1854 2895 24 18 et
1900 2893 131 21 Dronsart.,
2040 2890 119 25 *lH&;tpnr
2180 2888 94 23 général

1760 2921 27 17 de
1808 2919 23 18 la
1852 2917 69 20 Croix
1937 2914 84 25 'Rouge
2048 2910 175 25 de^Belgique;
2254 2911 21 18 le

1758 2940 149 22 sous-comité
1928 2941 27 18 de
1973 2939 135 24 liquidation
2128 2936 66 20 étant
2212 2940 54 15 -com-

1759 2968 54 23 posé
1833 2967 28 18 de
1882 2965 55 20 MM.
1957 2965 57 18 Paul
2035 2964 88 19 Henen,
2145 2959 127 25 président;

1758 2991 62 20 Léon
1850 2990 129 19 Dvr.-V-.
2015 2985 123 21 —cataire
2168 2984 105 24 général;

1790 3016 33 19 Mx
1846 3014 100 20 Canivez
1968 3013 24 19 et
2012 3012 26 20 O.
2060 3011 123 20 Goossens,
2205 3010 63 18 tréso-

1760 3041 68 21 riers;
1857 3040 103 18 Maurice
1985 3037 122 19 i>-:waerts
2134 3035 25 18 et
2183 3032 89 19 Arthur

1758 3065 85 22 Gobbe,
1859 3062 143 21 secrétaires.
2020 3071 24 4 —
2063 3058 99 24 (Belga.)

2338 1301 142 56 Bals
2516 1307 59 50 et
2609 1305 153 53 têtes

2432 1411 20 19 A
2469 1411 227 20 L'ASSOCIATION

2383 1435 59 20 DES
2468 1436 134 19 ANCIENS
2628 1436 119 20 ELEVES

2303 1460 43 19 DE
2359 1460 187 19 L'ACADEMIE
2559 1461 59 19 DES
2631 1462 193 19 BEAUX-ARTS

2330 1493 172 20 L'Association
2526 1494 40 20 des
2589 1494 75 20 élèves
2687 1495 23 18 et
2731 1495 96 19 anciens

2305 1517 76 20 élèves
2404 1519 27 19 de
2456 1518 138 20 l'Académie
2617 1519 40 19 des
2681 1520 147 19 Beaux-Arts

2304 1547 15 14 a
2340 1543 75 19 donné
2434 1544 89 19 samedi
2543 1544 48 19 soir
2610 1549 42 14 son
2672 1544 37 19 bal
2729 1545 96 19 travesti

2304 1568 85 18 annuel
2405 1573 31 14 au
2451 1568 73 24 profit
2539 1569 41 19 des
2593 1573 98 15 œuvres.

2330 1592 32 19 Le
2378 1592 37 20 bal
2431 1593 65 19 avait
2512 1598 58 18 pour
2587 1592 77 20 thème
2681 1599 11 13 «
2707 1593 51 20 Une
2776 1594 50 19 nuit

2304 1620 46 14 aux
2363 1616 99 19 Antilles
2476 1623 19 13 ».

2329 1642 31 19 Ce
2373 1642 37 18 fut
2421 1646 45 15 une
2477 1642 118 19 débauche
2607 1642 28 19 de
2646 1644 117 17 costumes
2775 1642 51 23 plus

2304 1666 140 23 chatoyants
2459 1667 33 19 les
2508 1672 44 14 uns
2567 1672 44 18 que
2627 1668 33 18 les
2675 1668 86 19 autres.
2776 1667 50 19 Une

2305 1690 62 19 foule
2392 1690 94 20 énorme
2510 1692 31 19 fit
2566 1691 48 20 fête
2638 1696 46 14 aux
2708 1691 119 23 figurants

2303 1715 57 18 dont
2378 1715 23 18 la
2417 1715 76 19 bonne
2512 1716 100 19 humeur
2629 1716 24 18 et
2670 1715 107 19 l'entrain
2794 1720 29 13 ne

2303 1745 25 14 se
2345 1739 155 20 démentirent
2515 1745 43 19 pas
2573 1745 32 14 un
2622 1741 95 19 instant.

2331 1765 35 18 En
2392 1764 146 21 intermèdes,
2564 1765 33 19 les
2623 1765 58 19 trois
2707 1765 119 21 danseurs,

2305 1788 86 20 Claude
2412 1789 95 22 Robert,
2528 1790 80 19 Nicole
2630 1791 23 17 et
2673 1790 83 22 Rolan,
2777 1789 41 20 exé-

2304 1811 107 21 cutèrent
2425 1813 115 23 plusieurs
2557 1814 84 19 danses
2655 1812 169 24 acrobatiques.

2304 1837 124 21 L'élection
2455 1839 28 19 de
2509 1840 23 18 la
2558 1839 74 19 Reine
2661 1839 40 19 des
2728 1839 99 19 Antille3

2304 1864 24 18 et
2352 1863 20 20 le
2398 1862 70 20 défilé
2493 1864 40 19 des
2558 1864 76 21 chars,
2667 1863 58 19 suivi
2759 1863 67 20 d'une

2303 1888 89 23 grande
2408 1888 95 20 bataille
2519 1889 28 19 de
2562 1889 106 21 confetti,
2684 1887 141 20 clôturèrent

2304 1912 61 19 cette
2391 1912 81 21 soirée,
2499 1918 29 14 en
2552 1913 53 19 tous
2629 1913 77 23 points
2731 1912 95 23 réussie,

2303 1936 69 24 grâce
2387 1936 15 20 à
2415 1937 30 20 M.
2460 1938 102 23 Georges
2577 1938 34 19 De
2627 1938 69 21 Hens,
2712 1938 112 22 principal

2303 1962 138 22 animateur,
2454 1964 22 18 et
2487 1963 55 18 MM.
2554 1963 115 18 Hoffman
2681 1963 23 20 et
2715 1963 105 18 Daemen

2327 1986 37 20 Un
2379 1986 59 23 jazz:
2455 1986 61 19 «The
2532 1986 136 23 Collegian's
2683 1986 125 19 Orchestr.*»
2811 1992 11 9 •*-

2303 2012 77 18 anima
2395 2012 24 18 la
2431 2011 74 20 soirée
2519 2012 28 19 de
2560 2017 37 14 ses
2610 2013 49 18 airs
2672 2011 154 20 entraînants.

2303 2036 56 18 MM.
2375 2036 87 19 Marcel
2479 2037 100 18 Antoine
2595 2037 23 18 et
2633 2036 87 19 Claude
2737 2036 88 19 Robert

2304 2061 80 19 furent
2406 2060 215 24 particulièrement
2645 2061 129 23 applaudis.

1977 3087 23 19 ♦
2003 3085 44 21 •»

1790 3116 56 31 Une
1866 3115 142 36 Quinzaine
2027 3117 209 33 gastronomique

1965 3157 17 28 à
1995 3155 73 30 Mons

1780 3220 65 19 Pour
1859 3218 86 20 mettre
1961 3221 29 14 en
2006 3216 79 19 valeur
2099 3215 25 19 la
2139 3211 135 25 réputation

1757 3244 27 19 de
1803 3244 25 18 la
1846 3243 88 20 cuisine
1953 3240 110 20 hôtelière
2082 3240 24 19 et
2124 3236 151 25 régionaliste

1755 3268 120 20 montoise,
1891 3267 21 18 le
1927 3264 111 24 Syndicat
2051 3263 141 20 d'Initiative
2207 3261 29 19 de
2251 3261 24 18 la

1755 3293 53 18 ville
1821 3292 28 18 de
1863 3291 73 20 Mons,
1949 3289 29 19 de
1991 3289 91 19 concert
2095 3292 57 14 avec
2165 3288 34 18 les
2212 3285 53 25 prin-

1756 3317 84 22 cipaux
1866 3314 171 20 restaurateurs
2062 3313 82 18 locaux
2168 3311 40 22 qui
2234 3308 41 20 ont

1755 3343 54 19 bien
1822 3341 71 20 voulu
1907 3340 35 22 s'y
1956 3338 128 22 intéresser,
2098 3343 16 14 a
2127 3335 80 22 décidé
2221 3336 50 19 d'or-

1754 3365 94 23 ganiser
1860 3364 30 18 du
1902 3363 25 18 30
1938 3362 90 23 janvier
2039 3366 30 14 au
2080 3360 25 19 15
2117 3359 87 20 février
2215 3357 58 22 1Ô37,

1756 3388 133 20 coïncidant
1906 3389 57 16 avec
1979 3385 23 19 la
2016 3385 46 20 Vie
2078 3384 68 19 Foire
2163 3386 104 16 commer-

1754 3412 58 20 ciale
1835 3412 28 19 de
1887 3411 74 21 Mons,
1984 3409 44 19 due
2049 3409 16 19 à
2086 3407 131 21 l'initiative
2241 3406 32 19 du

1756 3435 153 25 groupement
1932 3433 145 20 commercial
2100 3432 24 19 et
2145 3430 130 22 industriel,

1755 3466 45 14 une
1817 3459 127 24 Quinzaine
1961 3457 200 23 Gastronomique.

1782 3485 72 19 Outre
1877 3484 33 18 les
1931 3482 61 19 meta
2013 3482 105 23 figurant
2139 3479 126 20 habituelle-

1754 3509 66 19 ment
1840 3513 31 14 au
1892 3511 71 15 menu
1983 3506 40 19 des
2043 3505 75 20 hôtels
2139 3506 24 18 et
2184 3504 81 19 restau-

1755 3536 67 19 rants
1834 3535 89 20 locaux,
1936 3533 88 19 ceux-ci
2035 3532 117 20 serviront
2163 3531 41 19 des
2216 3530 62 22 plats

1756 3555 197 21 essentiellement
1975 3555 106 21 montois,
2103 3552 112 25 préparés
2238 3556 26 14 se-

1754 3582 39 18 lon
1806 3582 33 18 les
1853 3579 87 20 vieilles
1954 3579 98 19 recettes
2065 3577 168 24 régionalistea.

1779 3604 75 24 Après
1867 3602 70 24 Liège
1950 3604 24 18 et
1986 3602 73 22 Gand,
2073 3602 56 19 dont
2142 3602 35 18 les
2190 3600 74 20 semai-

1754 3634 41 15 nes
1813 3627 202 25 gastronomiques
2031 3626 150 20 affirmèrent
2198 3626 24 18 la
2238 3623 26 20 ré-

1755 3653 107 23 putation
1879 3652 59 18 dans
1955 3656 26 15 ce
1998 3651 113 22 domaine,
2127 3650 60 19 voici
2205 3649 68 19 Mons

1755 3682 41 14 sur
1813 3678 34 18 lea
1866 3680 78 18 rangs.
1962 3675 61 19 C'est
2039 3679 110 19 marquer
2168 3679 31 14 un
2218 3677 54 15 sens

1754 3700 64 20 avisé
1835 3701 28 19 de
1880 3705 38 14 ses
1934 3703 96 20 propres
2045 3698 104 21 intérêts.

1779 3726 82 18 Bonne
1879 3723 69 22 table,
1965 3723 46 19 bon
2027 3722 54 25 gîte,
2098 3722 62 20 voilà
2177 3721 95 21 d'abord

1754 3754 26 14 ce
1793 3754 44 18 que
1851 3747 100 20 réclame
1963 3747 22 19 le
1998 3748 104 23 touriste,
2115 3747 96 24 porteur
2223 3746 51 19 d'or

1754 3778 29 15 ne
1797 3773 120 19 l'oublions
1930 3776 49 19 pas.
1992 3771 146 24 Croyez-moi,
2152 3771 23 19 la
2188 3769 84 20 beauté

1755 3798 29 18 dr
1799 3797 43 19 site
1857 3801 67 19 passe
1939 3796 98 19 ensuite!

1779 3821 65 20 Nous
1858 3825 73 14 avons
1945 3820 64 21 donc,
2022 3825 57 18 pour
2092 3820 67 19 notre
2173 3819 91 20 délecta-

1754 3846 56 22 tion,
1825 3843 97 25 dégusté
1936 3844 22 19 le
1973 3845 99 23 premier
2086 3844 51 23 jour
2153 3843 34 20 les
2202 3843 70 19 -Pieds

1755 3871 28 18 do
1799 3870 94 19 Cochon
1908 3869 15 18 à
1938 3868 23 19 la
1976 3868 119 24 Montoise,
2110 3868 24 19 la
2148 3868 80 21 Longe
2243 3867 29 18 de

1754 3895 65 18 Veau
1830 3898 47 15 aux
1888 3893 100 19 Chicons
1999 3893 28 20 de
2038 3894 75 21 Mons,
2123 3892 24 19 la
2159 3892 70 18 Tarte
2241 3895 31 14 au

1755 3919 107 22 fromage
1886 3917 73 19 blanc.
1982 3916 108 20 Suivront
2100 3922 5 13 :
2130 3917 21 18 le
2174 3915 98 19 Poisson

1756 3943 28 18 de
1806 3943 23 18 la
1851 3941 100 19 Trouille
1973 3941 15 18 à
2009 3941 155 22 l'Escavèche,
2184 3940 24 17 la
2230 3939 34 19 Vo-

1755 3967 61 18 laille
1835 3966 15 19 à
1868 3966 24 18 la
1910 3965 184 24 Saint-Georges,
2111 3966 34 18 les
2163 3962 110 21 Andouil-

1755 3991 69 18 lettes
1838 3990 29 18 de
1881 3990 75 21 Mons,
1971 3989 21 19 le
2006 3990 74 23 Lapin
2095 3994 46 14 aux
2156 3992 87 19 prunes
2257 3987 16 18 à

1754 4015 24 18 la
1796 4014 76 19 Saint-
1872 4013 107 23 Antoine,
1996 4014 34 19 les
2047 4014 73 19 Flans
2137 4013 29 19 de
2184 4013 24 18 la
2225 4011 48 19 Du-'

1755 4041 66 17 casse
1848 4038 29 19 de
1903 4037 108 24 Messine,
2036 4038 33 20 lea
2096 4038 103 19 Cornues
2226 4039 47 15 aux

1754 4064 116 20 Pommes,
1884 4061 53 19 etc.!

1780 4084 102 21 Habitué
1894 4084 15 20 à
1920 4085 113 23 sacrifier,
2044 4086 28 20 de
2085 4087 83 22 longue
2181 4084 53 19 date
2245 4092 27 5 —

1754 4113 62 19 doux
1829 4111 117 20 sacrifice!
1960 4121 28 6 —
1999 4111 16 20 à
2027 4117 39 15 ces
2079 4111 160 21 subtantielles
2253 4109 24 20 et

1755 4134 187 19 réconfortantes
1960 4135 189 18 manifestations
2168 4132 105 24 régiona-

1754 4159 71 21 listes,
1843 4160 23 18 et
1883 4159 64 18 aussi
1964 4157 15 19 à
1995 4159 126 23 participer
2138 4162 29 15 en
2184 4154 87 26 qualité

1754 4183 28 19 de
1797 4182 104 19 membre
1917 4181 31 20 du
1962 4182 59 23 Jury
2035 4184 25 19 et
2074 4182 89 24 parfois
2179 4182 28 19 de
2222 4178 41 26 pré-

1753 4207 78 19 sident
1843 4207 28 19 de
1884 4206 59 23 Jury
1955 4206 16 20 à
1983 4206 40 20 des
2036 4206 149 24 Expositions
2199 4205 64 18 Inter-

1755 4231 131 19 nationales
1904 4230 135 23 Culinaires,
2056 4236 51 14 mes
2125 4228 147 26 préférences

1754 4255 54 19 sent
1821 4254 107 23 toujours
1941 4253 71 20 allées
2025 4259 46 15 aux
2085 4259 69 19 repas
2168 4253 105 24 régiona-

1754 4279 72 19 listes.

1780 4303 37 19 On
1831 4303 56 22 peut
1899 4307 16 18 y
1928 4301 104 26 toucher,
2046 4308 30 15 on
2091 4303 49 19 doit
2153 4307 17 19 y
2183 4300 88 25 goûter,

1754 4327 79 19 tandis
1845 4331 50 19 que,
1908 4326 59 19 dans
1978 4326 34 19 les
2024 4327 141 23 expositions
2177 4325 86 20 culinai-

1755 4356 44 18 res,
1818 4355 30 15 on
1867 4355 29 14 ne
1915 4350 57 23 peut
1989 4355 44 18 que
2052 4351 117 24 regarder,
2188 4355 26 13 ce
2233 4348 39 24 qui

1757 4380 58 14 nous
1839 4375 92 18 soumet
1952 4375 89 22 parfois
2064 4380 31 14 au
2117 4374 104 24 aupplice
2245 4372 28 19 de

1754 4399 105 19 Tantale.
1874 4398 37 19 On
1925 4399 50 18 -ort
1990 4398 136 23 émerveillé,
2141 4400 60 18 mais
2217 4397 56 19 c'est

1755 4423 58 21 tout.

1779 4448 29 18 Je
1818 4446 91 25 préfère
1920 4446 28 19 de
1958 4447 47 19 loin
2014 4447 34 20 les
2058 4447 115 20 semaines
2183 4446 81 25 gastro-

1755 4472 127 22 nomiques,
1898 4471 147 22 comportant
2060 4472 66 19 toute
2141 4473 24 18 la
2180 4474 93 21 gamme

1755 4497 41 18 des
1810 4496 61 23 plats
1886 4495 31 19 du
1931 4495 91 19 terroir.
2206 4495 26 18 P.
2246 4494 28 20 B.

2474 2119 41 19 AU
2536 2118 115 20 SPHINX

2328 2150 32 22 La
2375 2151 75 19 cercle
2468 2150 145 24 d'agrément
2630 2156 12 13 «
2657 2151 32 19 Le
2708 2151 89 23 Sphinx
2814 2156 12 13 »

2303 2180 15 14 a
2332 2174 48 20 fêté
2396 2176 89 19 samedi
2500 2176 48 19 soir
2561 2180 42 15 son
2617 2175 34 19 Ve
2666 2175 160 19 anniversaire

2303 2204 30 14 au
2349 2199 92 20 théâtre
2457 2200 41 19 dea
2513 2200 59 19 Huit
2589 2200 98 19 Heurea.

2329 2225 75 18 Mmea
2420 2224 79 20 Renée
2517 2225 93 21 Claude,
2628 2225 71 18 Sonia
2716 2224 108 22 Cherkof,

2303 2249 80 23 Mainy
2402 2249 124 22 Chandais,
2546 2250 24 18 et
2589 2249 56 19 MM.
2666 2249 26 18 A.
2713 2249 112 23 Devrcey.

2302 2273 25 20 F.
2340 2273 111 21 Meunier.
2463 2274 16 19 J
2497 2274 109 19 Pollaert.
2619 2274 25 18 A.
2658 2274 104 21 Notchis,
2775 2274 49 21 etc.,

2303 2298 133 20 enlevèrent
2458 2299 118 23 gaiement
2598 2304 12 12 «
2630 2299 94 21 Amour,
2747 2298 77 23 quand

2303 2324 26 18 tu
2346 2327 59 15 nous
2421 2323 70 19 tiens!
2511 2329 18 16 »,
2548 2323 27 19 de
2593 2323 84 19 Coolus
2694 2324 23 18 et
2733 2323 87 19 Henné-

2303 2347 62 24 quin.

2328 2372 56 19 MM.
2404 2371 77 23 Brûlé,
2503 2372 104 23 Malfeyt,
2628 2372 115 22 Chansay,
2764 2372 56 19 Van-

2303 2396 132 21 derbecker,
2450 2397 133 19 Dumoulin.
2598 2397 35 19 De
2650 2396 129 23 Cafmeyer,
2795 2396 30 18 du

2303 2420 90 22 comité,
2415 2424 53 17 sont
2488 2420 15 20 à
2525 2420 106 23 féliciter,
2654 2421 59 19 ainsi
2736 2425 45 18 que
2804 2421 21 19 le

2302 2451 12 13 «
2333 2445 107 24 Sphinx's
2459 2446 57 23 boys
2534 2446 73 19 dance
2625 2446 121 19 orchestra
2762 2451 19 15 ».

2447 2504 42 19 AU
2511 2503 162 19 GARDENIA

2326 2535 32 19 Le
2372 2541 11 12 «
2397 2535 116 19 Gardénia
2528 2539 12 14 »
2556 2540 14 14 a
2584 2534 74 21 donné
2672 2535 89 18 samedi
2774 2534 48 19 soir

2302 2567 42 13 son
2365 2561 38 19 bal
2424 2560 92 20 intitulé
2536 2561 33 19 les
2590 2566 12 13 «
2622 2561 105 19 Glaciers
2747 2561 23 18 et
2790 2561 35 18 les

2300 2586 86 21 Neiges
2401 2591 11 12 »
2429 2586 38 23 qui
2484 2591 14 13 a
2514 2584 103 24 répondu
2633 2586 131 22 largement
2779 2590 45 13 aux

2303 2609 139 24 espérances
2467 2610 40 19 des
2532 2610 146 19 animateurs
2702 2610 22 18 le
2749 2610 66 23 sculp-

2301 2635 53 18 teur
2372 2635 123 22 Raymond
2514 2634 28 19 de
2561 2635 101 18 Meester
2681 2634 28 19 de
2728 2635 96 18 Betzen-

2301 2659 86 19 broeck
2404 2661 23 17 et
2442 2660 20 18 le
2478 2659 90 23 peintre
2583 2659 59 19 Jean
2659 2658 122 23 Hyndrick
2798 2659 26 18 ie

2301 2684 148 20 Theulegoet.

2325 2708 31 19 M.
2378 2708 61 20 Max.
2462 2708 162 23 bourgmestre
2647 2708 27 19 de
2696 2708 127 20 Bruxelles,

2301 2734 106 19 assistait
2424 2732 16 20 à
2458 2734 23 18 la
2499 2732 80 20 scirée.
2598 2733 36 19 On
2654 2733 75 19 notait
2750 2729 65 26 égale-

2301 2759 64 17 ment
2379 2758 75 22 parmi
2468 2758 34 19 les
2514 2758 109 19 convives
2635 2758 23 18 la
2671 2756 110 24 présence
2796 2757 27 19 de

2301 2782 129 19 nombreux
2454 2781 144 21 dinlomates.
2624 2782 75 23 parmi
2724 2782 100 23 lesquels

2301 2806 30 19 M,
2352 2806 86 20 Valdès
2480 2806 83 19 Mende
2565 2807 59 21 ville,
2666 2806 107 19 ministre
2795 2806 28 19 de

2301 2831 73 19 Chili..

2326 2854 166 23 L'appellation
2507 2855 27 18 de
2549 2859 25 15 ce
2588 2854 38 19 bal
2640 2859 24 13 se
2678 2854 84 18 trouva
2773 2854 38 22 jus-

2301 2879 65 19 tifiée
2386 2884 43 18 par
2447 2880 23 18 la
2489 2880 129 22 projection
2639 2879 52 18 d'un
2712 2879 51 18 film
2783 2883 40 15 sur

2300 2904 34 18 les
2352 2904 77 18 soorts
2448 2904 88 19 d'hiver
2555 2903 58 19 dans
2631 2904 33 18 les
2682 2903 97 18 Grisons
2800 2903 22 18 et

2301 2932 27 13 en
2342 2927 122 22 Engadinp
2478 2927 51 18 film
2543 2932 44 15 que
2602 2926 109 20 orésenta
2724 2927 30 18 M.
2767 2927 56 19 Ber-

2301 2956 58 17 gner
2382 2951 118 19 directeur
2537 2951 27 19 de
2601 2951 93 19 l'Office
2718 2951 105 19 national

2301 2976 78 19 Suisse
2400 2976 30 19 du
2452 2976 127 19 Tourisme.

2326 3000 81 19 Parmi
2436 3001 33 18 les
2500 3000 151 19 nombreuses
2683 3000 139 18 attraction?,

2301 3025 119 21 signalons
2443 3029 32 15 un
2498 3024 128 20 intermède
2650 3025 28 18 de
2699 3024 114 21 chorégra-

2301 3050 53 23 phie
2373 3054 43 18 par
2435 3054 31 14 un
2486 3054 88 19 groupe
2594 3049 97 19 d'élèvps
2710 3049 14 18 d
2726 3058 12 14 e
2758 3049 56 19 l'Ins-

2301 3073 56 20 titut
2379 3073 27 20 de
2429 3073 84 20 danses
2537 3074 28 19 de
2587 3074 55 19 Mlle
2664 3073 93 19 Simone
2779 3074 45 18 Re-

2300 3098 58 19 dant
2376 3098 60 19 ainsi
2454 3103 44 18 que
2517 3099 23 18 la
2559 3097 161 24 présentation
2740 3098 28 19 de
2789 3102 25 14 ro-

2299 3122 40 19 bes
2355 3123 27 18 de
2397 3121 93 23 soirées,
2503 3121 183 23 d'éouipements
2702 3122 27 18 de
2742 3121 78 23 sports

2301 3147 87 19 d'hiver
2404 3148 24 19 et
2443 3148 27 19 de
2488 3148 101 18 maillots
2608 3147 27 20 de
2651 3147 61 19 bain.

3422 466 27 5 —
3465 459 36 19 Au
3519 458 126 20 détriment
3662 458 41 19 des
3721 458 74 23 époux
3812 459 107 19 Bernard

3397 481 44 23 L...,
3460 482 128 20 domiciliée
3608 487 41 14 rue
3669 484 40 17 des
3729 483 86 22 Palais,
3834 488 31 14 un
3886 483 23 18 in-

3399 511 74 15 connu
3492 515 14 13 a
3526 507 50 20 volé
3596 511 31 14 un
3646 507 34 19 lot
3699 508 27 18 de
3746 507 130 20 vêtements
3895 509 24 18 et

3398 535 44 15 une
3456 537 88 14 somme
3558 532 27 18 dc
3600 531 38 19 350
3652 532 29 18 fr.
3695 541 24 3 —
3735 532 26 21 K,

3425 556 111 19 Accident
3562 556 85 19 d'auto.
3671 566 26 3 —
3722 556 92 19 Samedi
3840 556 78 23 après-

3398 580 61 22 midi,
3478 582 30 19 M.
3528 581 87 19 Marcel
3635 581 130 21 Monnaert,
3783 580 44 24 âgé
3847 581 27 22 de
3893 581 25 19 39

3397 609 49 17 ans,
3462 610 15 15 a
3494 606 36 19 été
3548 605 108 19 renversé
3674 610 43 18 par
3734 610 45 14 une
3796 605 62 22 auto,
3877 610 41 14 rue

3397 629 30 17 du
3445 630 105 24 Progrès,
3568 634 31 15 au
3616 630 105 18 moment
3738 628 29 20 où
3785 630 16 18 il
3818 629 90 24 s'apprê-

3397 653 43 18 tait
3456 653 15 20 à
3487 656 118 18 traverser
3622 654 22 18 la
3662 654 50 18 voie
3730 655 150 19 carrossable.
3897 655 20 18 Il

3396 682 15 13 a
3429 676 36 21 été
3482 679 75 19 relevé
3576 683 55 14 avec
3651 679 39 19 dee*
3709 678 135 19 contusions
3862 679 15 19 à
3894 680 23 18 la

3397 701 47 20 tète
3460 704 22 18 et
3498 709 45 14 aux
3559 703 97 23 jambes.
3672 713 26 3 —
3714 704 27 17 D.

3423 726 107 24 Collision
3548 727 67 19 entre
3632 728 56 19 auto
3705 729 24 17 et
3747 728 70 19 moto.
3834 738 26 3 —
3877 727 40 20 Sa-

2851 756 49 16 ans,
2918 751 137 18 demeurant
3071 748 15 20 à
3101 748 164 21 Wolverthem,
3281 752 39 19 qui
3338 749 118 28 oc-[mcdi
3476 748 53 26 soirj
3549 757 31 14 un
3601 752 165 22 motocycliste,
3786 752 30 22 M.
3836 753 81 19 Albert

2851 775 80 22 cupait
2946 778 44 15 une
3006 774 41 18 des
3062 773 109 22 voitures,
3186 778 15 13 a
3217 772 37 19 été
3269 771 75 19 blessé
3359 771 15 19 à
3395 775 51 18 Van
3461 776 27 18 de
3502 777 80 20 Walle,
3596 775 44 22 âgé
3655 776 28 19 de
3697 776 25 18 34
3737 781 49 17 ans,
3801 778 35 17 est
3851 777 66 18 entré

2851 800 23 18 la
2889 799 54 19 tête.
2958 808 28 4 —
3000 799 28 19 D.
3397 804 28 13 en
3449 800 109 21 collision,
3583 805 40 14 rue
3648 800 119 23 Brognîez,
3790 805 58 14 avec
3871 805 46 15 une

2874 832 29 4 —
2918 823 93 19 Samedi
3029 827 51 14 vers
3098 821 62 21 midi,
3176 827 31 13 un
3225 821 101 23 cycliste,
3343 821 30 18 M.
3380 817 4 14 1
3396 830 13 13 a
3412 824 45 18 uto.
3474 825 19 18 Il
3509 831 16 13 a
3541 825 37 19 été
3594 824 90 23 projeté
3700 824 15 19 â
3732 825 68 21 terre,
3816 830 26 14 se
3860 825 57 19 bles-

2850 848 89 18 Arthur
2953 847 111 24 Sergorls,
3079 847 25 18 18
3117 851 50 17 ans,
3181 847 138 19 demeurant
3334 849 39 15 rue
3395 848 54 19 gant
3461 849 16 20 à
3489 850 22 20 la
3525 850 54 21 tête.
3592 859 26 4 —
3631 849 27 21 D.

2854 872 27 19 de
2907 871 142 22 Gravellnes,
3075 871 85 19 roulait
3192 876 41 13 rue
3264 868 121 23 Belliard,!
3422 872 94 20 Keware
3540 875 25 18 of
3588 873 162 23 pickpockets!
3774 884 26 3 —
3823 874 93 19 Samedi

3395 895 139 26 après-midi,
3550 899 62 18 Mme
3628 898 74 18 Paula
3716 899 119 18 Dewinter
3850 904 14 14 a
3880 898 36 20 été

2851 896 101 23 lorsqu'il
2968 900 15 14 a
2999 895 36 19 été
3052 894 107 21 renversé
3176 900 43 18 par
3236 895 69 18 l'auto
3321 898 42 14 con-

2850 921 63 19 duite
2931 925 42 19 par
2989 921 20 17 lo
3026 920 126 19 chauffeur
3167 920 21 18 J.
3205 920 51 19 Van
3272 920 45 20 A...,
3334 919 31 19 ha-

2852 945 76 20 bitant
2953 944 111 19 chaussée
3090 944 156 19 d'Etterbeek.
3270 944 34 18 La
3328 943 36 19 vic-

2851 971 55 18 time
2922 976 14 14 a
2952 968 36 20 été
3003 968 87 20 blessée
3105 968 14 19 à
3135 969 22 18 la
3171 968 54 22 tête.
3240 978 25 3 —
3280 969 27 19 D.

2874 1004 28 4 —
2917 994 31 19 M.
2965 994 80 18 Pierre
3062 993 147 21 Melschaert,
3227 993 25 18 65
3269 998 50 16 ans,
3337 992 27 18 de-

2850 1019 108 20 meurant
2977 1023 5 13 1
2989 1023 27 14 ue
3035 1018 80 23 Veydt,
3134 1018 132 20 traversait,
3283 1017 89 18 samedi

2850 1042 141 25 après-midi,
3009 1042 104 19 l'avenue
3132 1042 89 21 Louise,
3239 1041 102 24 lorsqu'il

3395 921 93 20 victime
3504 923 53 19 d'un
3575 922 138 24 pickpocket
3729 923 39 23 qui
3785 924 32 18 lui
3834 929 14 14 a
3864 924 43 18 sub-

3395 944 62 20 tilisé
3474 952 42 14 eon
3535 946 159 25 porte-billets,
3714 948 58 18 dans
3791 952 32 14 un
3841 948 75 23 grand

3395 971 105 21 magasin
3517 972 27 20 de
3562 973 21 18 la
3600 976 41 14 rue
3657 972 86 19 Neuve.
3762 972 29 19 Le
3808 973 108 18 montant

3396 994 31 18 du
3443 995 35 18 vol
3492 996 82 19 s'élève
3589 996 15 19 à
3619 995 38 19 375
3672 996 29 19 fr.
3716 1006 25 3 —
3756 997 26 21 D.

3420 1027 28 5 —
3462 1019 91 20 Samedi
3571 1020 54 20 soir,
3642 1025 28 15 en
3688 1021 131 22 regagnant
3834 1027 28 14 sa
3872 1020 34 19 "de-

3396 1047 85 17 meure,
3499 1045 62 19 Mme
3579 1043 79 20 Léona
3677 1045 39 19 B...
3734 1052 15 13 a
3767 1043 106 23 cons'taté
3892 1047 24 18 la

2864 1068 23 19 té
2907 1068 108 18 renversé
3034 1071 43 18 par
3095 1067 71 18 l'auto
3186 1067 26 20 de
3233 1067 29 18 M.
3282 1066 24 21 L.
3325 1066 48 21 V...,
3380 1069 4 18 i
3396 1067 135 22 disparition
3556 1070 67 18 d'une
3646 1069 71 18 broch
3720 1078 12 14 e
3755 1070 81 18 valant
3858 1070 58 21 3,000

2851 1092 107 19 habitant
2977 1096 40 14 rue
3038 1091 30 19 du
3088 1090 119 20 Méridien.
3226 1092 33 18 La
3278 1091 94 18 victime
3380 1090 4 29 j
3395 1092 87 18 francs.
3496 1102 25 4 —
3535 1094 26 19 E.

2849 1123 14 13 a
2875 1116 37 20 été
2924 1115 87 20 blessée
3023 1116 15 19 à
3050 1116 22 18 la
3085 1115 46 19 tête
3144 1118 23 16 et
3179 1120 45 14 aux
3236 1115 90 23 jambes
3345 1115 27 23 D.
3379 1108 5 25 I
3421 1125 26 4 —
3467 1116 44 21 Sur
3531 1118 23 19 la
3574 1117 148 24 plate-forme
3743 1118 31 19 du
3795 1119 68 21 tram,
3884 1119 31 20 M.

2915 1140 99 21 Samedi,
3030 1144 52 14 vers
3098 1140 62 20 midi,
3175 1140 70 20 l'auto
3260 1144 44 18 que
3320 1144 53 14 con-
3380 1135 3 32 1
3394 1140 101 23 Jacques
3512 1142 41 22 D...
3570 1148 14 13 a
3602 1141 37 20 été
3656 1142 87 20 délesté
3761 1143 27 19 de
3805 1147 43 15 son
3865 1148 51 18 por-

3362 1165 9 6 "
3395 1165 102 18 tefeuille
3513 1167 127 18 contenant
3655 1166 39 19 250
3709 1167 30 19 fr.
3755 1177 25 5 —
3794 1168 28 18 E.

2850 1166 87 19 duisait
2958 1166 21 18 le
3002 1164 125 19 chauffeur
3149 1164 26 19 G.
3198 1165 44 20 L...,
3264 1164 108 18 habitant

2851 1195 40 15 rue
2911 1191 27 18 de
2959 1188 148 21 l'Intendant,
3127 1194 15 13 a
3162 1187 114 24 renversé,
3297 1188 66 18 boule-

2849 1215 58 18 vard
2926 1213 103 20 Maurice
3049 1212 144 23 Lemonnier,
3213 1213 54 19 Mlle
3285 1213 27 18 A.
3330 1213 41 21 S...,

2849 1240 25 18 17
2888 1244 49 17 ans,
2952 1238 138 19 demeurant
3105 1242 40 14 rue
3162 1238 39 20 des
3216 1237 107 19 Foulons.
3338 1238 34 18 La

2848 1264 94 18 victime
2957 1267 15 14 a
2987 1261 36 20 été
3038 1261 88 20 blessée
3141 1261 16 20 à
3171 1262 23 18 la
3209 1261 53 20 tête.
3276 1271 26 4 —
3318 1262 27 18 D.

2875 1288 20 19 A
2917 1288 111 22 Tongres.
3048 1296 27 3 —
3098 1286 57 23 Cinq
3178 1291 69 14 noces
3269 1286 54 19 d'or.
3346 1296 27 5 —

3420 1189 20 18 A
3462 1189 131 22 Lanaekeh.
3615 1200 25 4 —
3664 1191 105 20 Cadavre
3791 1191 71 21 retiré
3884 1193 31 19 du

3394 1213 75 19 canal.
3486 1223 26 5 —
3529 1216 35 18 On
3581 1220 15 13 a
3614 1213 70 21 retiré
3702 1216 30 18 du
3750 1216 74 22 oanal,
3841 1215 16 20 à
3873 1216 43 19 La-

3394 1236 99 24 naeken,
3514 1240 20 18 le
3556 1240 101 19 cadavre
3678 1240 28 19 de
3729 1241 29 18 M.
3780 1241 24 19 L.
3827 1241 89 19 Vaade-

3392 1262 79 21 brosk,
3487 1263 25 18 35
3527 1269 49 16 ans,
3592 1263 141 22 célibataire,
3748 1265 137 19 dem-urant
3900 1265 16 20 à

3394 1286 150 23 Smeermaes,
3564 1288 96 23 disparu
3680 1288 81 23 depuis
3780 1289 21 19 le
3820 1290 25 18 24
3865 1289 51 23 jan-

2850 1312 64 19 Dans
2936 1312 111 24 quelques
3069 1310 64 23 jouis
3156 1310 52 24 cinq
3232 1315 69 14 noces
3324 1311 48 18 d'or
3392 1310 55 18 vier.
3460 1311 35 19 On
3507 1313 57 18 croit
3576 1317 44 19 que
3632 1313 23 18 la
3666 1313 93 19 victime
3772 1318 14 15 a
3797 1313 36 20 été
3845 1315 60 18 Ironi-

2850 1338 79 17 seront
2952 1334 116 21 célébrées
3091 1334 15 19 à
3128 1335 112 23 Tongres.
3263 1335 31 19 Ce
3318 1338 54 16 sont
3379 1331 4 23 !
3393 1334 42 23 pée
3451 1340 43 17 par
3509 1336 131 20 l'obscurité

2850 1361 68 19 celles
2937 1362 40 18 des
2996 1360 73 23 époux
3088 1359 67 20 Claes
3173 1359 104 19 Herman
3297 1360 23 18 et
3338 1359 34 19 Si-
3379 1354 4 36 j
3418 1359 20 18 A
3454 1359 128 22 Zonhoven.
3597 1371 27 4 —
3639 1362 76 18 Noces
3730 1361 55 20 d'or.
3799 1372 27 5 —
3839 1364 76 18 Lundi

2853 1388 66 15 mons
2944 1386 75 20 Anna,
3044 1384 139 19 demeurant
3208 1389 41 14 rue
3274 1384 91 22 Neuve;
3379 1378 4 31 [
3392 1383 13 19 8
3421 1383 91 23 février,
3527 1385 33 20 les
3576 1385 74 23 époux
3665 1386 97 19 Doncke
3765 1392 8 7 r
3775 1387 88 22 ^-Vaes,
3879 1387 37 18 de-

2849 1408 135 20 Haiverlain
3001 1408 100 20 Antoine
3117 1411 23 18 et
3156 1408 67 19 Cools
3239 1409 80 21 Marie,
3334 1409 39 19 de-
3379 1404 3 10 :
3393 1411 109 16 mourant
3515 1415 30 14 au
3561 1410 100 19 hameau
3676 1416 11 12 «
3701 1411 83 19 Donck
3798 1417 18 16 »,
3830 1411 15 20 à
3859 1412 57 18 Zon-

2850 1435 106 18 meurant
2973 1439 30 14 au
3020 1433 100 19 hameau
3137 1438 12 12 «
3166 1433 90 18 Broeck
3272 1438 22 17 >;
3312 1433 60 23 Rey-
3396 1432 82 22 hoven,
3503 1433 145 20 célébreront
3673 1434 62 20 leunej
3761 1440 70 15 noces
3856 1437 54 18 a'or.

2849 1461 41 14 son
2904 1458 86 19 Renier
3004 1459 24 18 et
3039 1457 196 23 Vanormelingen
3249 1457 123 23 Geitrude,
3393 1456 30 20 M.
3443 1457 74 19 Henri
3536 1459 128 21 Donckers,
3685 1460 93 19 ouvrier
3797 1461 28 18 de
3845 1461 70 19 fabri-

2850 1481 135 21 demeurant
3002 1481 112 21 chaussée
3131 1482 28 19 de
3176 1482 104 23 Hastselt;
3299 1483 73 18 Vran-
3393 1486 50 18 que,
3459 1483 35 17 est
3508 1482 28 20 né
3550 1483 15 19 à
3579 1483 131 22 Zonhoven,
3725 1485 20 17 le
3760 1485 25 18 15
3799 1485 50 22 juin
3868 1486 48 18 '851

2851 1510 40 14 sen
2911 1506 72 20 Henri
3004 1507 23 19 et
3046 1506 112 24 Digneffe
3178 1506 131 22 Catherine,
3329 1512 42 13 rue
3392 1506 23 18 et
3428 1510 28 16 sa
3470 1507 91 22 femme,
3576 1508 120 19 Elisabeth
3710 1509 67 21 Vaes,
3792 1511 36 17 est
3842 1509 74 23 égale-

2850 1529 30 20 du
2896 1530 143 24 Sacrement;
3058 1532 23 19 et
3096 1532 59 18 Jans
3171 1530 199 24 André-Digneffe
3392 1530 65 18 ment
3471 1530 42 20 née
3528 1531 15 19 à
3557 1532 131 22 Zonhoven,
3703 1533 21 19 le
3738 1533 26 19 19
3778 1538 65 15 mars
3857 1535 57 19 1836.

3392 1554 32 19 Ils
3439 1554 79 20 furent
3531 1557 52 18 unis
3597 1557 15 20 à
3624 1556 131 23 Zonhoven,
3769 1559 20 18 le
3802 1559 13 18 8
3829 1557 86 21 février

3392 1578 58 19 1887.
3471 1579 43 19 Les
3533 1580 121 23 jubilaires
3675 1582 79 18 seront
3774 1587 67 19 reçus
3862 1584 54 18 offi-

2850 1553 103 24 Pauline,
2970 1556 111 19 chaussée
3099 1556 28 19 de
3144 1555 102 19 Hasselt.

2847 1589 85 23 Exigez
2939 1591 20 17 le
2967 1592 71 18 Sucre
3048 1593 132 17 lCarfinê-oo
3188 1591 177 19 TlltLlSMUN?

3333 1618 33 20 (1)

2874 1654 45 18 Les
2932 1654 94 20 méfaits
3039 1656 30 19 du
3083 1656 99 23 verglas.
3194 1665 26 4 —
3232 1655 32 19 Le
3278 1656 91 22 verglas

2850 1684 14 14 a
2886 1682 83 15 encore
2990 1680 69 19 causé
3080 1685 45 14 une
3145 1679 62 20 série
3228 1679 141 20 d'accidents

2848 1707 42 14 sur
2904 1704 22 17 la
2941 1703 110 20 chaussée
3067 1705 27 19 de
3109 1705 90 19 Namur
3214 1703 15 20 à
3243 1704 126 19 Bruxelles.

2849 1726 87 23 Depuis
2952 1727 99 19 Bovesse
3067 1729 92 23 jusqu'à
3174 1729 101 19 Rhisnes
3292 1730 23 17 et
3330 1729 30 19 du-

2850 1755 53 18 rant
2916 1751 65 20 toute
2995 1752 22 19 la
3030 1753 57 21 nuit,
3100 1759 26 14 ce
3140 1754 37 18 fut
3190 1758 32 14 un
3236 1753 124 19 embouteil-

2847 1776 52 22 lage
2914 1775 171 24 indescriptible
3099 1778 28 18 de
3141 1778 109 21 voitures,
3264 1777 105 19 camions

3394 1602 133 20 ciellement

3392 1627 80 20 mimai
3474 1631 18 16 e.

3551 1610 43 18 par
3619 1605 206 20 l'administration
3851 1612 62 14 com-

3415 1666 57 19 Mon
3487 1669 60 18 mari
3560 1674 31 14 ne
3604 1669 66 19 fume
3683 1674 45 18 que
3741 1670 22 21 le
3776 1670 70 20 tabac
3858 1672 60 19 noir.

3416 1691 46 18 J'ai
3474 1691 59 19 beau
3546 1693 20 19 le
3577 1693 105 22 supplier
3692 1694 29 19 de
3733 1694 112 20 délaisser
3856 1697 61 17 cette

3390 1714 121 19 habitude:
3533 1716 50 19 rien
3602 1715 16 20 à
3637 1717 66 19 faire.
3723 1718 32 20 Et
3774 1719 28 21 je'
3816 1724 29 14 ne
3865 1720 52 21 puis

3389 1740 125 20 supporter
3529 1740 88 19 l'odeur
3633 1741 29 19 de
3678 1747 38 14 ses
3733 1742 145 21 cigarettes...

3417 1770 28 5 —
3462 1761 83 20 C'était
3565 1763 55 18 chez
3638 1764 47 18 moi
3704 1764 22 19 la
3745 1764 75 20 même
3839 1766 76 22 chose,

2849 1801 23 18 et
2884 1801 121 22 attelages.
3018 1801 116 20 Plusieur,
3147 1802 120 20 accidents
3278 1807 26 15 se
3316 1803 54 18 sont
3390 1787 165 44 ^^"la
3572 1788 236 44 g&/d'0?T£&
3808 1820 14 12 e
3820 1789 17 21 à
3846 1790 71 42 J'uTi

2849 1824 114 23 produits.
2981 1825 51 19 Une
3051 1826 89 20 voiture
3159 1828 87 18 venant
3265 1827 28 19 de
3312 1826 59 19 Bru-
3389 1811 262 46 SL^S^mo.-même
3663 1812 181 47 d'â'ùm^une
3845 1814 9 23 1
3855 1814 63 47 ?^!

3392 1858 59 20 rette
3462 1858 69 22 après
3542 1860 21 19 le
3574 1859 119 22 déjeuner.
3703 1860 33 21 Et
3746 1866 59 15 nous
3815 1868 102 14 sommes

3390 1881 53 19 tous
3458 1883 62 18 deux
3535 1883 134 21 enchantés.
3821 1886 93 20 (508-22)

2847 1849 71 20 xelles
2937 1850 23 18 et
2977 1854 24 14 se
3019 1849 115 24 dirigeant
3151 1856 52 14 vers
3219 1852 88 18 Namur

2849 1873 72 23 cupée
2944 1878 43 18 par
3009 1874 30 19 M.
3062 1875 77 19 André
3162 1876 103 21 Camion,
3288 1876 73 23 bourg-

2848 1899 86 18 mestre
2951 1898 28 19 de
2996 1898 113 22 Bouillon,
3125 1899 156 24 accompagné
3299 1900 27 19 de
3343 1905 28 14 sa

2850 1922 86 19 femme
2955 1923 23 18 et
2996 1923 14 18 d
3012 1931 13 14 e
3042 1927 28 15 sa
3088 1923 71 23 petite
3177 1925 48 19 fille
3244 1925 24 19 et
3285 1924 85 24 pilotée

3418 1917 20 18 A
3458 1918 137 24 Beeringen.

3662 1921 77 21 Grave
3759 1920 108 21 accident
3887 1923 30 18 de

2848 1952 44 18 par
2905 1947 22 19 le
2941 1947 126 19 chauffeur
3080 1948 28 19 de
3123 1949 30 18 M.
3167 1948 102 23 Camion,
3284 1950 46 18 alla
3344 1954 26 14 se
3378 1938 3 29 !
3392 1941 85 19 travail
3491 1944 59 18 dans
3563 1944 23 19 la
3601 1943 69 21 mine.
3682 1955 27 4 —
3721 1945 37 19 Un
3772 1951 71 17 grave
3857 1947 60 19 acci-

2849 1971 61 22 jeter
2928 1971 150 21 violemment
3096 1974 80 17 contre
3194 1978 31 14 un
3245 1975 68 18 arbre
3338 1965 69 35 Lej^
3409 1971 12 13 e
3419 1990 4 4 .
3423 1970 26 17 nt
3469 1967 14 18 ^
3486 1973 11 13 e
3517 1969 85 19 travail
3623 1969 56 19 s'est
3699 1969 94 23 produit
3814 1971 58 19 dans
3893 1971 24 18 la

2849 1995 126 19 chauffeur
2994 1996 37 18 fut
3050 1995 88 25 dégagé
3158 2002 24 13 se
3202 1998 120 22 plaignant
3342 1997 28 20 de
3392 1990 47 19 min
3442 1998 12 13 e
3469 1991 27 19 de
3510 1992 137 24 Beeringen.
3661 1994 32 19 Le
3707 1994 92 20 mineur
3812 1995 105 19 Nowack

2849 2020 108 19 douleurs
2973 2020 110 19 internes.
3099 2021 31 22 Le
3146 2021 80 19 volant
3241 2023 27 19 de
3284 2024 23 17 la
3322 2028 49 14 ma-
3393 2015 120 23 Stanislas,
3533 2017 26 19 43
3578 2022 50 17 ans,
3647 2018 64 23 sujet
3731 2019 111 22 polonais,
3862 2024 54 19 pen-

2849 2044 67 19 chine
2937 2044 77 20 s'était
3034 2044 62 20 brisé
3117 2046 80 18 contre
3215 2051 28 14 ea
3263 2047 106 23 poitrine.
3377 2037 5 16 '
3392 2040 30 18 da
3423 2043 26 18 "t
3465 2045 42 14 son
3522 2041 85 19 travail
3624 2047 41 14 sur
3679 2043 34 19 les
3729 2043 119 21 chantiers
3864 2049 53 14 sou-

2849 2069 29 19 M.
2892 2069 103 20 Camion,
3009 2074 26 14 sa
3048 2070 86 18 femme
3148 2071 22 17 et
3181 2075 29 14 sa
3222 2071 47 18 fille
3282 2067 99 24 étaient!
3392 2064 108 22 terrains,
3518 2071 14 13 a
3550 2065 37 20 été
3606 2067 109 19 renversé
3733 2073 43 18 par
3793 2068 60 19 deux
3870 2073 46 14 wa-

2848 2095 108 17 couverts
2970 2093 27 19 de
3012 2094 140 18 contusions.
3167 2093 73 24 Après
3254 2096 68 21 soins,
3336 2097 33 18 les
3392 2090 107 21 gonnets.
3520 2090 34 19 La
3574 2091 94 19 victime
3690 2092 38 18 fut
3749 2093 168 19 horriblement

2851 2117 88 20 blessés
2964 2118 81 18 furent
3069 2118 108 19 conduits
3202 2118 15 19 à
3241 2119 126 20 Bruxelles.
3393 2117 12 8 '"

2451 3204 20 19 A
2483 3203 39 22 LA
2534 3204 134 19 BOHEME

2325 3237 33 19 Le
2377 3236 80 20 Cercle
2475 3242 13 12 «
2505 3237 35 18 La
2559 3235 103 20 Bohême
2681 3241 12 13 »
2712 3240 15 14 a
2747 3235 76 19 donné

2300 3262 88 18 samedi
2402 3262 48 19 soir
2463 3266 45 14 une
2523 3261 185 23 représentation
2723 3261 13 19 d
2739 3271 11 13 e
2764 3267 12 13 «
2788 3261 35 19 La

2302 3286 95 19 Sonette
2423 3286 111 19 d'alarme
2558 3291 12 13 »
2602 3286 162 22 d'Hennequin
2798 3285 24 19 et

2300 3310 83 20 Coolus
2400 3310 48 19 fort
2466 3311 53 18 bien
2535 3309 67 24 jouée
2618 3315 43 18 par
2679 3311 75 18 Mmes
2770 3311 51 18 Pla-

2300 3335 160 23 teau-Coupez,
2479 3335 52 19 Van
2552 3334 41 20 der
2612 3334 80 22 Motte,
2712 3335 110 23 Sempels,

2300 3358 55 20 MM.
2376 3359 103 22 Mangon
2507 3358 101 23 Sédlllot,
2630 3359 124 22 Goossens,
2774 3359 47 19 Ma-

2299 3384 95 22 ginette,
2414 3383 104 22 Stivar's,
2557 3384 108 22 Rcusset,
2692 3384 129 23 Leempoel.

2299 3408 121 19 Goldstein
2445 3409 97 22 Rogers.

2324 3433 31 20 M.
2372 3432 81 22 Collin,
2471 3431 154 25 représentait
2641 3432 23 20 la
2681 3431 140 20 Fédération

2299 3457 41 19 dea
2363 3457 92 20 Cercles
2472 3458 164 22 .dramatiques
2659 3457 24 19 et
2704 3458 30 18 M.
2756 3457 64 19 Vloe-

2298 3482 73 22 bergh
2392 3482 23 19 la
2435 3481 140 22 Fédération
2596 3482 171 22 brabançonne.
2789 3482 32 18 Le

2300 3506 96 19 docteur
2414 3507 113 20 Navarre,
2547 3506 123 19 conseiller
2689 3506 132 18 communal

2300 3531 28 18 de
2343 3531 144 21 Molenbeek,
2501 3531 57 19 MM.
2573 3531 91 18 Renaix
2686 3531 34 18 Dc
2736 3531 86 22 Meyer,

2299 3555 136 24 Magnlette,
2454 3555 101 21 Siccard,
2573 3555 53 20 Van
2644 3555 83 19 Lierde
2753 3554 60 19 assis-

2299 3580 75 19 taient
2393 3579 15 20 à
2427 3581 24 18 la
2469 3579 80 20 soirée.

2468 3662 182 43 TARIF

2533 3748 57 20 DES

2328 3794 460 44 ABONNEMENTS

2328 3883 12 30 à
2353 3883 19 30 la
2384 3883 91 30 «Nation
2487 3882 65 37 Belge
2556 3893 9 17 1
2575 3889 54 30 pour
2640 3882 83 30 l'année
2728 3881 61 31 1937

2369 3946 15 29 1
2393 3947 14 29 1
2423 3945 94 31 mois
2530 3966 9 9 .
2554 3967 9 8 .
2578 3944 42 31 fr.
2635 3946 113 29 83.00

2384 3994 25 29 5
2450 4008 36 6 —
2485 4008 8 6 -
2592 4003 16 17 »
2639 3994 108 29 41.00

2384 4042 23 29 2
2449 4056 43 6 —
2591 4051 16 17 »
2637 4042 110 29 17.00

2360 4102 42 23 On
2430 4102 106 24 souscrit
2563 4109 44 22 par
2635 4107 68 19 carte
2731 4109 45 22 pos-

2331 4133 50 23 tale
2401 4140 33 16 au
2454 4133 95 24 bureau
2569 4134 34 23 du
2624 4133 107 29 journal,
2753 4140 35 22 50,

2330 4165 74 22 Place
2426 4165 31 23 de
2480 4164 148 25 Brouckère.
2651 4165 137 24 Bruxelles,

2330 4202 34 17 ou
2373 4203 44 21 par
2427 4200 140 20 versement
2577 4203 32 17 au
2620 4201 99 24 compte
2729 4195 47 25 chè-

2331 4233 61 22 ques
2404 4231 107 24 postaux
2524 4227 65 27 9671,
2602 4235 30 15 en
2646 4231 74 24 ayant
2733 4227 55 23 soin

2330 4257 137 29 d'indiquer
2490 4265 33 16 au
2552 4265 73 16 verso
2655 4259 33 22 du
2719 4259 69 22 talon

2330 4287 59 30 qu'il
2406 4288 71 29 s'agit
2495 4289 58 23 d'un
2570 4290 90 22 nouvel
2678 4289 99 23 abonne-

2326 4322 76 20 ment.

2438 4408 233 33 PROPAGEZ
2739 4430 11 6 -
2749 4430 60 8 —

2297 4463 73 45 LA
2389 4463 221 45 NATION
2629 4465 185 46 BELGE

1251 5510 63 25 LES
1329 5510 248 24 INONDATIONS
1591 5509 75 24 AUX
1682 5506 217 26 ETATS-UNIS.
1917 5517 31 6 —
1968 5506 70 24 Dans
2058 5510 52 21 une*
2127 5508 101 30 barque,
2248 5516 36 17 un
2298 5510 114 25 habitant
2424 5511 111 27 emporte
2547 5514 28 17 ce
2587 5507 59 30 qu'il
2658 5514 15 17 a
2684 5514 35 23 pu
2731 5513 89 18 sauver

2848 2141 81 20 L'auto
2950 2143 35 18 est
3006 2142 127 22 fortement
3153 2143 170 23 endommagée,

2873 2176 27 4 —
2916 2167 20 18 A
2952 2166 96 22 Lonzée,
3065 2167 70 19 l'auto
3152 2168 28 18 de
3196 2168 30 19 M.
3243 2168 78 19 André
3338 2169 23 18 Si-

2848 2195 61 18 mon,
2926 2191 138 19 demeurant
3080 2191 15 19 à
3112 2192 136 21 St-Servais,
3265 2192 58 19 dans
3340 2194 22 18 la-

2848 2215 75 23 quelle
2942 2220 25 14 se
2985 2216 133 18 trouvaient
3137 2216 59 19 deux
3215 2216 86 22 dames,
3320 2221 42 18 pas-

2849 2240 47 18 sait
2915 2244 31 15 au
2966 2240 46 19 lieu
3032 2240 35 19 dit
3088 2246 11 12 «
3119 2240 40 19 Tri
3181 2241 39 20 des
3241 2241 91 19 Suisses
3353 2247 18 16 »,

2849 2263 128 24 lorsqu'elle
2999 2269 25 16 se
3046 2265 43 18 mit
3110 2264 16 19 à
3146 2265 129 23 zigzaguer.
3297 2266 74 22 Après

2848 2288 67 19 avoir
2935 2288 93 19 franchi
3049 2293 31 15 un
3102 2289 69 23 fossé,
3192 2290 43 19 elle
3255 2290 64 19 brisa
3340 2294 31 14 un

2848 2313 79 23 piquet
2944 2318 28 14 en
2988 2312 77 23 béton,
3081 2313 92 24 grimpa
3189 2319 42 14 sur
3246 2319 31 14 un
3294 2316 78 18 muret

2849 2338 22 18 et
2888 2337 81 19 écrasa
2985 2342 44 14 une
3046 2339 59 18 haie.
3122 2338 43 20 Les
3182 2339 60 18 deux
3257 2343 105 18 occupan-

2847 2362 36 18 tes
2897 2363 54 18 sont
2965 2362 85 19 sorties
3065 2363 120 18 indemnes
3201 2364 27 18 de
3243 2362 128 24 l'accident,

2848 2386 59 19 mais
2927 2387 33 18 les
2980 2385 81 25 dégâts
3079 2388 16 19 à
3114 2388 22 18 la
3155 2387 90 19 voiture
3265 2389 53 17 sont
3338 2387 24 19 sé-

2849 2410 70 19 rieux.

2874 2444 27 4 —
2919 2435 30 20 M.
2969 2435 89 19 Robert
3077 2436 72 23 Pîloy,
3169 2437 72 23 agent
3259 2441 103 14 commer-

2846 2459 52 22 cial,
2914 2459 15 20 à
2944 2459 90 22 Fosses,
3050 2460 105 21 revenait
3170 2460 15 19 à
3199 2460 51 20 vélo
3265 2461 28 19 de
3308 2461 63 19 Sart-

2849 2483 145 20 St-Laurent.
3014 2484 64 19 Dans
3098 2485 21 18 le
3139 2489 111 18 parcours
3270 2485 31 19 du
3320 2486 42 19 fau-

2848 2508 73 23 bourg
2939 2508 108 21 St-Roch,
3065 2508 15 19 à
3097 2509 90 22 Fosses,
3205 2514 42 15 son
3264 2509 52 20 vélo
3333 2509 28 19 dé-

2848 2537 57 18 rapa
2918 2537 44 18 par
2974 2533 62 20 suite
3051 2533 30 19 du
3095 2534 92 22 verglas
3202 2535 23 18 et
3239 2534 15 18 il
3269 2534 37 19 fut
3320 2539 41 18 pro-

2847 2556 47 23 jeté
2909 2562 42 13 sur
2965 2557 20 18 le
3000 2557 42 21 sol.
3057 2557 31 19 Le
3103 2558 95 23 cycliste
3212 2563 26 15 se
3253 2559 74 22 plaint
3343 2559 27 18 de

2849 2581 107 19 douleurs
2977 2581 104 20 internes
3102 2583 23 18 et
3145 2587 27 14 sa
3193 2582 122 23 bicyclette
3335 2584 36 18 est

2847 2605 168 20 sérieusement
3032 2606 173 24 endommagée.

2872 2646 27 5 —
2915 2638 32 18 Le
2964 2638 92 18 camion
3090 2638 54 18 d'un
3178 2639 130 18 marchand
3342 2639 29 19 de

2849 2662 69 18 fruits
2941 2662 135 18 descendait
3098 2663 104 18 l'avenue
3223 2663 81 19 Albert
3326 2664 45 22 1er,

2878 2686 90 22 Fosses.
2985 2688 20 17 A
3019 2686 166 19 l'intersection
3202 2688 27 19 de
3245 2688 24 18 la
3285 2692 41 15 tue
3342 2688 29 18 de

3392 2112 102 20 mutilée.

3417 2145 21 18 A
3455 2145 110 21 Tournai.
3581 2156 28 4 —
3624 2147 44 18 Vol
3684 2147 57 19 chez
3756 2153 34 14 un
3807 2148 110 23 boucher.

3392 2178 27 4 —
3436 2169 35 19 La
3488 2169 75 23 police
3582 2170 28 19 de
3628 2171 102 19 Tournai
3749 2172 126 20 recherche
3894 2174 24 18 la

3393 2193 64 20 trace
3477 2194 28 18 de
3523 2195 93 18 voleurs
3635 2195 46 23 qui,
3699 2197 59 18 dans
3777 2197 22 18 la
3817 2198 52 18 nuit
3888 2197 29 19 de

3393 2218 110 20 vendredi
3523 2219 15 19 à
3557 2219 96 23 samedi,
3672 2225 26 14 se
3718 2221 54 18 sont
3790 2221 127 20 introduits

3392 2241 56 19 chez
3462 2242 30 18 M.
3508 2243 84 22 Prade,
3607 2244 251 23 boucher-charcutier,
3874 2251 43 14 rue

3395 2265 160 22 St-Eleuthère
3576 2272 23 18 et
3620 2269 55 18 chez
3695 2270 39 22 qui
3756 2269 28 19 ils
3805 2272 41 17 ont
3866 2270 51 19 volé

3395 2294 44 15 une
3458 2292 107 21 quantité
3586 2292 27 19 de
3633 2293 84 20 viande
3736 2294 105 19 destinée
3860 2294 15 20 à
3894 2296 24 18 la

3394 2315 68 18 vente
3482 2316 30 19 du
3531 2316 139 21 lendemain.
3690 2318 34 19 De
3744 2318 23 19 la
3785 2319 132 22 boucherie,

3395 2339 27 18 ils
3440 2344 26 14 se
3485 2341 119 19 rendirent
3623 2341 16 19 à
3656 2342 25 19 îa
3699 2343 110 19 chambre
3828 2344 89 18 voisine

3392 2364 67 22 qu'ils
3471 2366 41 17 ont
3523 2366 139 19 totalement
3675 2367 154 22 bouleversée.
3842 2366 75 24 Après

3393 2388 66 18 avoir
3473 2391 81 17 ouvert
3568 2390 33 20 les
3615 2391 80 19 tiroirs
3711 2391 39 19 des
3765 2392 109 22 meubles,
3888 2393 29 18 ils

3394 2413 42 18 ont
3456 2414 103 22 emporté
3580 2420 46 13 une
3646 2415 108 23 quantité
3774 2416 143 23 importante

3394 2437 28 18 de
3442 2437 68 23 linge.
3529 2439 32 18 Ils
3579 2444 26 14 se
3626 2440 144 22 disposaient
3789 2440 16 19 à
3824 2442 93 19 enlever

3394 2460 131 24 également
3544 2468 30 14 un
3592 2465 106 22 quartier
3715 2465 28 19 de
3762 2465 58 22 bête,
3838 2467 80 22 quand

3394 2485 28 20 ils
3443 2487 81 18 furent
3544 2487 114 24 dérangés
3679 2494 43 17 par
3742 2490 33 18 les
3796 2490 121 19 habitants

3394 2510 27 19 de
3441 2511 22 18 la
3481 2511 90 19 maison
3589 2515 24 18 et
3631 2517 44 18 par
3691 2513 22 19 le
3731 2518 99 19 passage
3849 2514 68 20 d'une

3394 2535 123 22 patrouille
3542 2536 27 19 de
3592 2537 81 22 police.
3695 2538 33 18 Ils
3752 2537 127 21 réussirent
3903 2539 16 19 à

3393 2559 99 22 prendre
3510 2562 22 17 la
3549 2561 59 19 fuite
3625 2566 57 14 avec
3699 2567 32 14 un
3748 2563 66 18 butin
3833 2564 75 22 impor-

3394 2584 58 22 tant.

3418 2608 19 18 A
3450 2608 143 24 Pellenberg.
3604 2619 28 5 —
3642 2610 51 20 Une
3704 2611 76 19 ferme
3791 2611 126 21 incendiée.

3392 2641 27 4 —
3435 2632 35 19 La
3487 2633 61 19 ferm
3550 2643 12 13 e
3580 2633 93 20 habitée
3691 2640 44 18 par
3752 2636 63 21 Mme
3833 2636 82 21 Louise

3394 2656 80 22 Godts,
3493 2657 138 20 demeurant
3649 2664 41 14 rue
3709 2660 28 18 de
3756 2660 22 19 la
3796 2660 88 23 Plaine,
3901 2660 15 19 à

3393 2681 144 24 Pellenberg,
3553 2689 15 14 a
3584 2682 37 19 été
3639 2683 125 21 incendiée.
3781 2685 36 18 On
3834 2686 41 19 dut
3890 2690 25 15 se

2847 2709 98 20 Vitrival
2962 2715 57 14 avec
3036 2711 61 19 cette
3114 2715 96 18 avenue,
3227 2712 7 18 l
3237 2721 11 13 e
3265 2711 105 20 véhicule
3378 2705 4 18 f
3394 2705 37 19 bo1
3437 2710 42 14 ner
3493 2705 15 19 à
3523 2711 85 15 sauver
3623 2708 21 18 le
3660 2707 77 23 bétail,
3753 2709 21 18 le
3790 2710 40 18 feu
3845 2712 71 21 ayant

2847 2734 30 19 fit
2896 2740 33 14 un
2950 2734 155 24 téte-â-queue
3125 2736 123 22 .pirouetta
3269 2741 40 14 sur
3329 2737 42 18 lui-
3379 2739 3 20 i
3389 2734 15 18 P
3406 2729 25 20 rit
3430 2741 15 18 \
3453 2730 147 22 rapidement
3608 2731 27 19 de
3643 2731 143 20 l'extension.
3793 2734 34 19 La
3841 2734 74 20 ferme

2848 2758 75 20 mème
2945 2760 23 19 et
2988 2759 50 19 vint
3059 2760 95 19 heurter
3175 2761 22 18 la
3218 2761 100 19 berdure
3339 2761 32 19 du

2848 2783 100 22 trottoir,
2969 2788 28 14 en
3017 2784 52 19 face
3090 2785 27 19 de
3138 2785 22 18 ia
3179 2789 90 14 maiic-n
3291 2785 27 19 de
3339 2785 30 19 M.

2846 2807 88 20 Roisin.
2951 2808 31 18 Le
2998 2807 105 20 véhicuïe
3120 2812 14 14 6.
3150 2808 36 20 été
3202 2808 168 20 sérieisement

2847 2831 159 23 endommagé,
3022 2832 59 18 mais
3098 2834 15 17 il
3131 2834 37 21 n'y
3180 2838 18 15 3
3213 2838 43 17 pas
3273 2833 88 19 heureu-

2845 2856 91 18 sement
2952 2856 128 19 d'accident
3096 2857 28 18 de
3140 2861 37 18 pe.
3181 2861 80 17 sonne.

2871 2889 26 4 —
2912 2881 33 17 La
2960 2880 90 18 voiture
3066 2881 66 19 d'une
3148 2885 68 15 iirme
3231 2882 28 18 dj
3274 2882 85 18 Bruxel-

2846 2902 33 19 les
2902 2904 72 22 ayant
2998 2903 36 19 été
3057 2905 89 22 obligée
3169 2905 29 18 de
3220 2905 111 18 s'arrêter
3353 2905 16 19 à

2846 2932 56 13 caus
2904 2936 11 14 e
2932 2928 30 18 du
2977 2928 99 22 verglas,
3090 2928 140 19 stariornait
3246 2929 86 18 devant
3347 2930 21 18 le

2846 2950 52 20 café
2911 2952 107 22 Jacquet,
3031 2957 89 14 avenue
3134 2953 81 18 Alb^t
3229 2954 43 19 1er,
3286 2953 15 18 à
3314 2953 55 18 Foes-

2846 2980 43 15 ses.
2903 2976 94 18 Survint
3011 2976 20 18 le
3045 2977 91 18 camion
3150 2976 28 19 de
3191 2977 30 18 M.
3235 2978 51 18 Van
3299 2977 72 19 Hem-

2846 2999 64 23 chry,
2928 3000 27 19 de
2973 3000 60 23 Huy,
3050 3000 39 24 qui
3107 3001 134 19 descendait
3259 3001 111 20 l'avenue.

2847 3025 35 18 Au
2899 3026 104 17 moment
3019 3023 30 20 où
3066 3030 26 14 ce
3109 3025 104 19 véhicule
3230 3026 66 18 allait
3313 3026 47 18 croi-

2847 3053 38 14 ser
2904 3049 70 19 l'auto
2995 3054 28 13 en
3043 3050 190 22 stationnement,
3252 3050 17 19 il
3288 3050 29 19 fit
3337 3054 33 14 un

2846 3072 161 24 tête-à-queue.
3022 3072 114 20 L'arrière
3151 3075 31 18 du
3196 3075 91 18 camion
3303 3074 58 19 heur-

2847 3098 24 19 ta
2885 3097 150 19 violemment
3048 3098 24 18 la
3085 3098 90 19 voiture
3189 3099 15 19 à
3217 3098 85 22 l'arrêt,
3316 3104 45 14 cau-

2845 3122 55 18 sant
2913 3127 46 14 aux
2973 3122 60 19 deux
3046 3122 117 19 véhicules
3178 3123 40 18 des
3231 3122 84 24 dégâts
3328 3124 32 18 im-

2847 3146 107 23 portants

2872 3170 114 23 Employé
3006 3170 117 22 indélicat.
3142 3181 28 5 —
3188 3172 34 18 La
3242 3173 74 22 police
3336 3177 25 14 re-

2846 3195 99 19 cherche
2962 3200 31 14 un
3011 3196 89 18 certain
3117 3196 74 18 Henri
3207 3197 52 19 Van
3274 3197 43 21 J...,
3332 3201 30 14 ca-

2846 3219 123 19 mionneur
2981 3224 31 16 au
3024 3220 88 23 service
3126 3220 67 20 d'une
3205 3220 86 20 société
3304 3221 58 19 char-

2847 3242 110 20 bonnière
2977 3244 28 19 de
3025 3244 120 19 Bruxelles
3165 3245 46 23 qui,
3231 3245 21 20 le
3271 3245 26 19 20
3317 3250 44 14 cou-

2847 3269 60 20 rant,
2927 3268 64 19 avait
3010 3268 85 20 touché
3114 3269 56 18 chez
3189 3269 77 19 divers
3285 3269 84 20 clients

2847 3297 44 16 une
2907 3297 89 14 somme
3012 3293 27 18 de
3055 3293 57 21 1,346
3128 3294 28 18 fr.
3172 3294 23 18 et
3210 3294 39 23 qui
3264 3294 38 18 n'a
3316 3294 52 22 plus

2847 3321 84 18 reparu
2946 3317 80 23 depuis
3041 3317 53 20 lors.
3107 3327 26 4 —
3146 3318 29 21 D.

2871 3347 113 19 Accident
3000 3348 29 18 de
3045 3347 102 24 roulage,
3162 3358 27 4 —
3205 3348 93 19 Samedi
3314 3349 54 21 soir,

2847 3376 31 14 un
2898 3372 101 22 attelage
3020 3377 44 17 que
3084 3372 132 21 conduisait
3234 3374 21 18 le
3275 3372 92 19 nommé

2847 3396 75 19 Frans
2940 3396 125 22 Wittouck,
3084 3395 44 24 âgé
3147 3396 27 19 de
3191 3397 27 18 40
3235 3401 50 16 ans,
3304 3396 54 18 habi-

2845 3420 52 18 tant
2908 3419 16 20 à
2936 3420 159 23 Grimbergen,
3109 3420 85 20 suivait
3207 3421 21 18 le
3241 3421 125 19 boulevard

2846 3443 75 20 Emile
2942 3444 131 19 Bockstael.
3093 3445 109 21 Soudain,
3222 3449 43 14 son
3285 3445 82 18 cheval

2845 3468 111 22 s'abattit.
2976 3468 47 19 Par
3043 3469 60 19 suite
3123 3470 31 18 du
3174 3469 63 21 choc,
3257 3469 24 18 la
3299 3470 58 17 char-

2845 3493 59 20 rette
2920 3493 95 19 bascula
3031 3494 23 17 et
3069 3493 21 18 le
3106 3493 142 18 conducteur
3262 3494 38 17 fut
3315 3498 42 18 pro-

2845 3516 48 23 jeté
2912 3517 16 20 à
2946 3518 68 17 terre.
3034 3517 35 18 On
3089 3518 21 19 le
3130 3518 78 18 releva
3226 3517 75 19 blessé
3319 3522 48 14 aux

2846 3541 90 22 jambes
2961 3541 24 18 et
3009 3545 25 14 se
3058 3541 123 23 plaignant
3204 3541 29 20 de
3258 3541 108 20 douleurs

2844 3565 109 20 internes.
2967 3575 26 3 —
3007 3566 28 20 D.

2871 3589 100 23 Cycliste
2993 3593 41 15 ren
3037 3589 65 19 versé
3124 3594 44 18 par
3188 3594 47 15 une
3256 3590 63 20 auto.
3340 3600 28 6 —

2844 3613 129 19 Dimanche
2989 3614 81 21 matin,
3087 3619 32 15 un
3136 3613 102 23 cycliste,
3254 3615 30 18 M.
3301 3613 66 20 Félix

2844 3638 94 19 Vander
2955 3638 162 23 Herieweghe,
3134 3637 44 24 âgé
3196 3639 28 19 de
3241 3639 25 19 19
3284 3643 50 19 ans,
3351 3644 16 14 a

2845 3661 36 19 été
2904 3661 115 22 renversé,
3042 3662 125 19 boulevard
3190 3663 28 19 de
3241 3663 116 20 l'Astrono-

2844 3686 53 22 mie,
2920 3691 44 18 par
2987 3691 45 14 une
3055 3687 229 24 auto-camionnette.
3307 3688 21 19 Il
3351 3693 16 14 a

2845 3709 37 20 été
2906 3711 75 19 relevé
3005 3711 74 19 blessé
3102 3710 15 20 à
3140 3711 23 20 la
3186 3711 48 20 tête
3258 3713 24 18 et
3304 3712 17 20 à
3342 3713 24 19 la

2842 3734 84 22 jambe.
2942 3744 25 4 —
2981 3735 22 18 D

2870 3758 94 20 Blessée
2983 3763 44 19 par
3045 3759 23 20 le
3086 3760 69 20 tram.
3174 3770 27 4 —
3221 3761 37 18 En
3278 3762 80 19 traver-

2843 3783 54 18 sant
2910 3783 23 19 la
2946 3783 112 20 chaussée
3071 3784 28 19 de
3113 3784 74 22 Gand,
3201 3785 62 20 Mme
3276 3785 91 19 Bertha

2845 3807 128 22 Demunck,
2991 3806 58 25 âgée
3067 3809 28 18 de
3114 3809 26 18 50
3145 3821 7 10 1
3158 3813 49 18 ans,
3226 3815 16 14 a
3259 3809 38 20 été
3315 3815 42 14 ren-

2844 3830 79 20 versée
2944 3836 23 16 et
2986 3831 89 21 blessée
3095 3838 45 14 aux
3160 3834 91 22 jambes
3271 3840 43 18 par
3334 3839 32 15 un

2843 3855 69 19 tram.
2926 3866 27 3 —
2967 3857 27 19 D.

2869 3880 44 18 Les
2934 3880 120 20 accidents
3076 3882 30 21 de
3127 3881 24 20 la
3172 3883 146 20 circulation.
3339 3894 29 5 —

2846 3903 99 23 Samedi,
2971 3909 46 14 une
3042 3905 105 20 collision
3172 3907 56 19 s'est
3252 3908 110 22 produite

2844 3929 65 18 entre
2927 3929 60 19 deux
3005 3930 74 22 autos,
3098 3931 112 21 chaussée
3229 3933 28 21 de
3274 3933 92 20 Wavre.

2843 3952 37 22 Un
2897 3953 40 19 des
2954 3954 161 23 conducteurs,
3133 3956 30 19 M.
3180 3956 35 20 De
3231 3957 50 21 H...,
3298 3962 15 14 a
3330 3956 37 21 été

2843 3977 75 19 blessé
2930 3976 15 20 à
2958 3978 22 19 la
2994 3977 47 20 tête
3055 3980 23 18 et
3090 3979 15 19 à
3118 3980 23 19 la
3153 3980 78 23 jambe
3245 3981 81 21 droite.
3339 3982 28 20 E.

2871 4011 26 4 —
2921 4001 37 20 En
2983 4003 140 23 traversant,
3139 4005 99 22 .samedi
3262 4006 56 22 soir,
3342 4006 24 19 la

2843 4026 112 19 chaussée
2972 4027 28 19 de
3016 4028 75 22 Mons,
3108 4034 31 14 un
3156 4029 101 24 cycliste,
3274 4031 30 18 M.
3321 4030 36 19 Ed-

2843 4052 70 18 mond
2929 4051 45 22 L...,
2989 4057 15 14 a
3019 4052 36 19 été
3072 4053 108 20 renversé
3195 4059 45 18 par
3254 4060 32 14 un
3301 4058 56 16 auto-

2844 4075 98 20 camion.
2960 4076 19 18 Il
2998 4082 14 14 a
3031 4076 36 20 été
3086 4078 76 19 relevé
3179 4084 58 14 avec
3255 4080 40 19 des
3313 4084 44 14 con-

2844 4099 89 19 tusions
2949 4099 15 20 à
2979 4100 23 19 la
3017 4101 47 20 tête
3080 4103 24 18 et
3119 4107 30 14 au
3165 4108 75 18 genou
3256 4104 67 20 droit.
3338 4104 27 19 E.

2867 4133 28 4 —
2910 4124 94 20 Samedi
3021 4126 52 22 soir,
3090 4132 28 14 en
3136 4129 134 18 traversant
3286 4128 22 19 la
3324 4132 42 15 rue

2845 4148 106 23 Dewant,
2976 4150 30 18 M.
3032 4151 89 19 Robert
3146 4151 47 22 G...,
3217 4152 109 19 habitant
3349 4151 17 20 à

2843 4172 228 24 Strombeek-Bever,
3095 4181 15 14 a
3133 4175 36 20 été
3191 4176 109 19 renversé
3322 4181 44 18 par

2843 4201 45 14 une
2903 4199 62 20 auto.
2980 4199 20 18 Il
3013 4199 92 20 souffre
3120 4201 28 18 de
3163 4201 135 18 contusions
3312 4200 16 19 à
3342 4201 24 19 la

2843 4220 48 22 tête
2907 4223 24 21 et
2945 4221 15 20 à
2976 4222 103 24 l'épaule.
3094 4234 27 3 —
3134 4224 27 18 E.

2841 4263 81 20 Offrez
2943 4265 14 17 à
2979 4269 42 15 vos
3040 4267 61 17 amis
3122 4269 31 14 un
3173 4267 157 18 abonnement
3351 4271 13 15 »

2879 4296 41 38 LA
2944 4296 141 38 LEC1URE
3108 4296 223 39 UNIVERSELLE

2869 4343 33 23 86,
2919 4344 64 19 RUE
2999 4344 43 18 DE
3059 4344 37 18 LA
3115 4343 178 23 MONTAGNE,
3310 4345 26 18 86

2852 4374 54 23 près
2923 4374 29 22 de
2968 4374 24 18 la
3009 4379 41 14 rue
3067 4373 116 22 d'Assaut,
3197 4374 15 19 à
3231 4374 119 18 Bruxelles

2864 4398 83 20 «350.000
2963 4399 102 19 volumes
3079 4400 23 16 et
3116 4398 146 23 périodiques
3278 4402 28 14 en
3320 4399 34 18 lec-

2839 4424 57 19 ture.
2911 4423 72 19 Choix
2999 4426 57 19 pour
3072 4423 54 18 tous
3141 4422 34 18 les
3191 4422 62 23 âges.

2838 4448 27 19 C0
2881 4447 37 19 Fr.
2933 4447 62 19 PAR
3010 4447 41 18 AN
3066 4451 30 15 ou
3112 4447 26 18 10
3153 4446 38 19 Fr.
3204 4447 63 19 l'AR
3282 4447 75 20 MOIS

2865 4471 37 20 On
2921 4470 27 21 lit
2968 4473 82 16 autant
3071 4471 68 23 qu'on
3156 4472 23 18 le
3198 4470 83 20 désire.

2865 4496 108 18 Bureaux
2985 4496 104 17 ouverts:
3104 4495 12 18 9
3129 4498 15 15 a
3158 4494 57 20 12.30
3229 4497 23 17 et
3264 4495 13 19 2
3288 4495 16 20 à
3315 4496 14 19 6
3341 4497 15 18 b

2864 4520 48 19 Des
2935 4519 111 20 fauteuils
3069 4519 134 18 numérotés
3227 4524 58 19 pour
3310 4522 52 17 toue

2839 4545 33 18 les
2890 4543 104 21 théâtres
3011 4545 23 17 et
3052 4542 111 19 fauteuils
3183 4542 105 22 réservés
3305 4548 54 19 poui

2839 4571 53 16 tous
2910 4569 33 19 lea
2957 4567 104 20 cinémas
3078 4570 57 17 avec
3153 4571 44 15 une
3214 4569 100 20 sensible
3330 4569 25 19 ré-

2839 4592 95 20 duction
2956 4593 28 17 de
3004 4591 51 23 prix
3075 4593 101 21 peuvent
3198 4591 50 20 être
3268 4596 95 16 retenu»-»

2840 4621 45 19 par-
2906 4615 122 25 téléphone
3053 4614 111 22 (31.13.22)
3188 4615 90 24 jusqu'à
3304 4617 12 17 7
3343 4622 14 13 n

2840 4645 32 18 du
2885 4644 55 19 soir.
3263 4642 31 20 (D
3302 4642 61 21 8618)

3304 4667 59 19 (725)

2867 4700 28 5 —
2913 4689 227 20 L'auto-ambulance
3161 4693 15 14 a
3195 4688 134 24 transporté
3349 4690 16 19 à

2843 4714 103 23 l'hôpital
2967 4714 28 19 de
3017 4713 22 19 la
3059 4713 66 23 place
3146 4712 52 19 Van
3219 4713 144 23 Gehuchten,

2844 4739 30 19 M.
2894 4739 89 19 Robert
3002 4738 48 21 V...,
3070 4737 46 22 qui,
3136 4741 29 14 en
3185 4737 133 19 traversant
3340 4738 23 18 la

2844 4768 41 14 rue
2904 4764 27 18 de
2950 4763 22 20 la
2991 4760 113 24 Royauté,
3122 4765 15 14 a
3156 4760 36 21 été
3211 4766 109 15 renverse
3339 4762 25 18 et

2843 4787 75 19 blessé
2935 4791 46 14 aux
2999 4785 115 19 membres
3132 4789 43 18 par
3192 4790 45 15 une
3255 4787 63 18 auto.
3336 4786 27 20 E.

2867 4821 28 4 —
2910 4812 51 18 Une
2978 4809 104 20 collision
3100 4809 54 18 s'est
3172 4810 107 22 produite
3297 4811 66 19 entre

2843 4836 59 18 deux
2922 4836 74 20 autos,
3016 4832 111 20 chaussée
3148 4833 28 19 de
3196 4834 115 20 Vilvorde.
3332 4835 30 18 M.

2842 4859 29 18 Ei
2877 4860 52 18 nest
2946 4859 49 21 K...,
3013 4857 108 19 habitant
3138 4857 15 19 à
3171 4858 105 22 Malines,
3294 4860 24 18 et
3336 4863 28 15 sa

2846 4884 92 21 femme,
2963 4883 40 22 qui
3026 4882 201 22 l'accompagnait,
3252 4883 42 18 ont
3319 4882 38 19 été

2843 4906 163 21 contusionnés
3020 4905 16 19 à
3050 4906 23 19 la
3088 4905 76 23 figure
3179 4911 43 18 par
3237 4906 33 19 les
3286 4906 76 20 débris

3395 2755 23 17 et
3439 2755 77 20 toutes
3537 2760 38 14 ses
3597 2756 161 23 dépendances
3779 2758 79 20 furent
3879 2759 27 19 dé-

3393 2779 89 20 truites.

3418 2803 21 18 A
3459 2803 241 25 Houdeng-Gœgnies.
3721 2816 28 4 —
3769 2807 147 20 Arrestation

3391 2826 69 21 d'un©
3476 2828 88 19 femme
3580 2828 40 23 qid
3636 2829 130 23 fabriquait
3782 2831 29 19 de
3827 2831 89 20 l'alcool

3391 2850 216 21 clandestinement.
3625 2863 27 3 —
3669 2854 34 19 La
3720 2855 161 22 gendarmerie
3900 2862 16 13 a

3392 2875 44 18 fait
3455 2875 122 23 irruption,
3596 2877 95 22 samedi,
3711 2883 30 13 au
3760 2878 107 20 domicile
3886 2880 29 19 de

3390 2898 62 18 Mme
3470 2899 114 20 Mathilde
3600 2900 93 23 Kegels,
3710 2906 73 16 veuve
3801 2903 113 22 François

3392 2922 130 22 Surlereau,
3541 2928 42 15 rue
3602 2924 84 22 Falise,
3705 2924 16 19 à
3739 2926 177 21 Houdeng-Gofr-

3391 2946 73 22 gnies.
3480 2946 66 20 Cette
3561 2948 94 21 femme,
3670 2950 40 21 qui
3725 2954 15 14 a
3756 2949 36 20 été
3807 2950 110 19 conduite

3392 2970 16 19 à
3432 2970 23 18 la
3477 2971 81 22 prison
3583 2972 28 18 de
3635 2973 75 21 Mons,
3735 2973 129 20 fabriaùait
3888 2975 28 19 de

3392 2994 87 19 l'alcool
3497 3000 28 13 en
3541 2996 91 19 fraude.

3418 3026 20 18 A
3459 3026 130 20 Landelies.
3609 3037 28 5 —
3656 3028 38 19 Un
3715 3029 93 19 ouvrier
3829 3030 79 23 griève-

3393 3049 66 19 ment
3478 3050 65 20 brûlé
3563 3056 44 18 par
3624 3052 33 19 du
3676 3057 43 18 gaz
3738 3053 133 21 enflammé.
3890 3064 28 5 —

3394 3074 93 19 Samedi
3510 3074 142 24 après-mjdi,
3674 3082 32 14 un
3729 3078 93 19 ouvrier
3842 3078 28 20 de
3892 3079 24 20 la

3396 3099 109 18 Centrale
3531 3099 125 24 électrique
3681 3102 28 18 de
3734 3102 23 18 la
3781 3102 132 19 Jambe-de-

3394 3123 62 22 Bois,
3481 3122 16 20 à
3520 3125 129 22 Landelies,
3673 3126 102 19 Adelson
3799 3126 115 23 Bauduin,

3393 3148 87 22 plaçait
3495 3153 46 14 une
3556 3154 102 18 soupape
3674 3155 41 14 sur
3731 3155 45 14 une
3792 3151 122 20 bonbonne

3392 3173 128 18 contenant
3535 3173 30 19 du
3581 3178 49 19 gaz,
3645 3174 91 23 lorsque
3752 3175 89 19 celui-ci
3856 3176 48 18 s'en-

3392 3197 99 19 flamma
3513 3198 183 19 soudainement.
3718 3199 114 22 Bauduin,
3855 3199 49 23 griè-

3392 3222 94 17 vement
3503 3221 65 20 brûlé
3587 3227 30 13 au
3635 3223 80 22 visage
3732 3224 23 20 et
3772 3228 47 14 aux
3836 3223 77 20 mains

3392 3245 43 21 fut,
3452 3250 29 13 en
3498 3246 72 20 outre,
3587 3246 166 19 sérieusement
3770 3247 72 19 courte
3858 3248 15 19 à
3890 3249 23 19 la

3392 3269 83 22 figure,
3497 3274 29 14 en
3548 3272 96 20 passant
3665 3270 15 19 à
3701 3271 90 19 travers
3812 3277 46 14 une
3879 3274 24 18 fe-

3391 3293 66 19 nêtre
3470 3294 39 22 qui
3523 3293 57 19 était
3593 3294 88 19 fermée
3694 3300 43 18 par
3749 3294 29 20 où
3792 3296 15 18 il
3820 3297 93 22 prenait

3391 3317 22 19 la
3428 3317 64 18 fuite.
3507 3317 74 19 L'état
3595 3319 29 19 de
3638 3319 23 18 la
3674 3319 95 20 victime
3784 3321 36 18 est
3832 3326 80 18 grave.

3419 3341 20 18 A
3463 3341 205 21 Noville-les-Bois.
3691 3353 28 4 —
3742 3343 112 23 Accident
3881 3346 31 19 do

3391 3365 91 19 travail.
3505 3375 28 4 —
3554 3366 37 19 Au
3615 3371 69 15 cour3
3708 3368 29 19 de
3760 3373 43 14 son
3827 3370 85 19 travail

3390 3389 59 18 dans
3468 3394 45 15 une
3532 3391 82 21 ferme,
3632 3390 16 20 à
3666 3392 205 25 Noviïle-les-Bois,
3890 3394 24 19 la

3390 3418 73 14 veuve
3485 3414 111 19 Lambert
3617 3419 16 14 a
3654 3416 46 19 fait
3721 3421 45 14 une
3789 3418 77 22 chute,
3887 3424 27 14 se

3389 3437 104 19 blessant
3507 3443 31 14 au
3554 3439 58 23 pied.
3628 3440 34 19 La
3677 3441 95 19 victime
3787 3443 80 19 subira
3881 3447 33 15 un

3389 3462 59 18 mois
3466 3462 153 24 d'incapacité
3638 3464 28 19 -le
3684 3465 91 20 travail.

3417 3486 21 18 A
3462 3486 241 22 Bohan-sur-Semois.
3727 3499 28 5 —
3779 3490 131 24 Singulière

3391 3508 122 24 épidémie,
3536 3521 28 5 —
3587 3512 52 19 Une
3665 3513 114 23 épidémie
3802 3520 61 18 pour
3886 3516 22 18 le

3389 3534 76 19 moins
3481 3535 127 23 singulière
3623 3536 63 20 sévit
3701 3538 16 20 à
3733 3539 171 21 Bohan-sur-Se-

3389 3559 65 21 mois,
3476 3559 82 23 depuis
3579 3566 31 14 un
3613 3570 12 14 e
3646 3563 124 22 quinzaine
3792 3564 28 19 de
3841 3565 71 22 jours.

3388 3582 103 20 Nombre
3513 3585 118 19 d'enfants
3652 3587 94 19 surtout
3767 3589 61 18 mais
3849 3590 64 19 aussi

3388 3607 41 19 des
3445 3608 92 20 adultes
3554 3610 41 18 ont
3611 3610 21 19 le
3648 3611 70 19 b.'anc
3734 3612 40 19 des
3790 3617 60 19 yeux
3865 3614 38 18 for-

3390 3632 89 19 tement
3493 3633 98 23 injectés
3606 3635 24 18 et
3644 3640 90 19 enaque
3749 3638 74 19 matin
3837 3638 76 20 toutes

3390 3655 33 19 les
3442 3661 128 18 personnes
3589 3659 112 20 atteintes
3720 3661 95 20 doivent
3832 3668 12 14 s
3846 3672 12 14 e
3875 3662 29 20 dé-

3388 3680 71 19 coller
3472 3681 33 19 les
3519 3682 123 24 paupières
3656 3689 56 15 avec
3727 3686 28 19 de
3767 3686 60 20 l'eau
3840 3686 70 25 tiède;

3390 3705 28 19 de
3441 3706 75 23 temps
3538 3706 16 19 à
3575 3712 69 15 autre
3665 3710 34 19 les
3720 3715 62 18 yeux
3803 3712 109 22 picotent,

3391 3729 59 21 mais
3470 3731 16 18 il
3504 3731 53 20 n'en
3577 3731 73 21 résuit
3652 3742 12 14 e
3683 3739 43 18 pas
3746 3740 58 18 pour
3822 3736 34 19 les
3874 3741 31 18 pa-

3389 3753 72 20 tienta
3483 3755 14 18 d
3499 3762 12 14 e
3531 3760 72 15 maux
3623 3757 28 19 de
3671 3758 48 20 tête
3740 3760 23 18 ni
3784 3759 29 21 de
3833 3759 80 22 fièvre.

3390 3778 172 23 Conjonctivite
3584 3782 250 23 vraiserrblabiement.

3416 3804 22 19 A
3454 3803 77 24 Liège.
3547 3815 28 4 —
3591 3806 43 18 Vol
3651 3806 60 20 dans
3728 3813 33 14 un
3778 3809 93 22 bateau.
3888 3820 27 5 —

3391 3827 32 19 Le
3448 3828 99 20 batelier
3570 3830 120 20 Adhémar
3714 3832 45 22 L...,
3784 3833 28 19 de
3835 3834 78 23 Vezin,

3389 3852 57 19 dont
3461 3853 21 19 le
3498 3854 86 19 bateau
3600 3855 36 19 est
3650 3857 94 20 amarré
3760 3862 31 16 au
3807 3859 54 21 quai
3876 3860 37 18 St-

3389 3875 115 25 Léonard,
3523 3877 16 20 à
3558 3878 76 24 Liège,
3654 3886 14 13 a
3688 3880 37 20 été
3745 3882 94 19 victime
3858 3882 55 20 d'un

3389 3901 37 18 vol
3441 3902 67 19 d'une
3522 3907 89 15 somme
3625 3904 28 19 de
3666 3905 58 21 8,100
3738 3906 29 20 fr.
3780 3906 54 23 qu'il
3847 3908 66 19 avait

3390 3925 79 23 placée
3484 3926 59 20 dans
3558 3932 45 15 une
3618 3929 149 22 garde-robes
3781 3930 15 19 à
3809 3931 58 19 bord
3882 3932 30 19 du

3390 3950 108 22 chaland.

3411 3998 29 5 —
3453 3988 62 21 Gare
3532 3995 48 14 aux
3596 3990 169 23 falsifications
3781 3994 42 20 des
3840 3994 67 20 chico-

3387 4011 52 19 rées
3449 4017 6 13 :
3475 4013 180 21 Tenez-vous-en
3672 4015 16 19 à
3706 4017 23 19 la
3746 4017 76 21 bonne
3838 4019 77 19 vieille

3387 4040 103 18 marque.
3507 4037 104 19 PACHA
3627 4038 30 20 né
3674 4044 30 15 en
3721 4040 58 20 1825.
3841 4043 71 21 (2512)

3414 4072 21 18 A
3449 4072 95 20 Couvin.
3559 4084 26 4 —
3599 4075 114 20 Accident
3727 4077 29 19 de
3771 4078 101 24 roulage.

3389 4096 18 18 L
3409 4105 12 14 e
3440 4101 100 15 courtur
3558 4098 25 22 F.
3604 4099 104 20 Dchaibe
3727 4107 16 13 a
3762 4101 37 20 été
3817 4103 96 20 victime

3389 4120 53 18 d'un
3456 4121 108 20 necident
3576 4128 45 17 peu
3635 4128 78 19 yrave,
3726 4126 187 22 heureusement»

3389 4144 67 19 Alors
3468 4150 32 18 qu
3507 4146 16 18 il
3535 4147 136 21 descendait
3682 4148 16 20 à
3709 4149 51 20 vélo
3772 4151 23 19 la
3806 4152 65 22 place
3884 4152 30 21 de

3391 4169 101 23 l'Eglise,
3516 4169 16 20 à
3555 4171 98 23 Cj'jvm,
3677 4178 46 15 une
3749 4176 56 18 auto
3830 4175 73 20 débou-

3389 4193 72 19 chant
3481 4194 29 19 de
3528 4195 24 19 la
3571 4201 42 14 rue
3632 4197 103 20 St-Roch
3755 4200 21 18 le
3795 4204 118 19 renversa,

3392 4217 30 20 M.
3447 4218 105 21 Dehaibe
3577 4226 26 15 se
3628 4222 79 20 releva
3731 4223 87 20 atteint
3843 4224 68 20 d'une

3389 4242 82 19 double
3484 4243 92 23 foulure
3589 4249 31 15 au
3632 4247 96 23 poignet
3741 4249 24 18 et
3776 4250 96 22 portant
3884 4250 29 19 de

3389 4267 151 22 nombreuses
3559 4270 149 23 ecchymoses
3726 4277 47 15 aux
3790 4273 96 23 jambes.

3488 4351 128 46 Grandes
3636 4355 184 44 conférences

3888 4378 13 43 ï

3446 4413 159 45 littéraires
3621 4419 29 40 et
3670 4417 180 43 conférences
3886 4415 15 50 J

3516 4476 131 44 Cardinal
3662 4478 122 44 Mercier

3356 4968 9 9 .

2842 4932 29 19 de
2885 4932 71 23 glace.
2970 4940 26 4 —
3009 4930 26 18 E.

2868 4956 88 19 Chutes
2976 4958 89 19 graves.
3084 4963 27 5 —
3131 4954 130 20 Dimanche
3281 4955 82 22 matin,
3389 4970 7 5 .

2843 4980 30 20 M.
2887 4980 81 19 Albert
2982 4979 48 20 H...,
3044 4978 26 18 27
3083 4982 50 17 ans,
3148 4983 29 14 en
3191 4980 134 18 traversant
3339 4979 24 19 la
3382 4974 14 30 ^

2842 5003 112 20 chaussée
2970 5003 27 19 de
3014 5002 90 23 Meysse
3120 5001 14 19 à
3150 5002 129 24 bicyclette,
3294 5008 15 14 a
3326 5002 37 19 dé-
3382 5002 14 31 ^

2842 5028 56 23 râpé
2912 5032 41 14 sur
2966 5027 120 22 l'alsphate
3102 5025 125 25 détrempé.
3241 5028 20 18 Il
3276 5028 86 22 tomba,
3382 5031 14 19 \

2844 5054 23 18 et
2886 5053 59 18 dans
2964 5056 26 14 sa
3009 5050 69 19 chute
3098 5055 24 14 se
3142 5051 77 20 blessa
3237 5051 15 19 à
3271 5051 24 20 la
3314 5050 48 20 ma-
3382 5049 14 21 %

2842 5077 65 18 choir
2908 5085 12 14 e
2935 5077 23 17 et
2973 5079 30 15 au
3018 5079 75 18 genou
3107 5074 68 20 droit.
3189 5085 28 4 —
3230 5075 28 20 E.
3370 5079 4 9 •
3382 5077 14 20 ?

2867 5110 27 4 —
2912 5100 37 19 En
2969 5098 144 23 débarquant
3133 5099 31 19 du
3184 5099 69 22 tram,
3272 5100 90 18 samedi
3382 5093 14 24 ï

2842 5125 54 21 soir,
2910 5129 42 14 rue
2967 5124 30 18 du
3012 5122 81 22 Trône,
3110 5124 62 18 Mme
3186 5123 127 24 Joséphine
3328 5123 34 22 B*,
3381 5117 15 28 A

2843 5149 25 18 64
2885 5152 50 18 ans,
2952 5155 15 13 a
2984 5147 72 23 perdu
3073 5145 126 25 l'équilibre
3218 5149 23 17 et
3258 5148 59 18 dans
3334 5152 28 14 sa
3382 5141 14 34 £

2843 5173 69 18 chute
2932 5172 55 19 s'est
3007 5170 87 20 blessée
3112 5170 16 20 à
3147 5171 24 20 la
3190 5172 77 23 tempe
3287 5173 24 17 et
3331 5176 30 14 au
3382 5173 14 17 J

2841 5197 55 18 bras
2911 5196 67 19 droit.
2991 5205 27 4 —
3031 5194 28 22 E.
3382 5189 14 22 ?

2867 5221 45 18 Les
2925 5220 56 19 vols.
2995 5229 27 6 —
3035 5219 92 19 Samedi
3141 5219 54 22 soir,
3210 5219 31 20 M.
3255 5219 107 19 Bernard
3382 5222 14 20 \

2841 5245 49 21 M...,
2905 5245 136 18 demeurant
3055 5248 42 18 rue
3110 5243 142 22 d'Aerschot,
3267 5249 15 13 a
3295 5248 67 14 cons_
3381 5236 15 35 J

2842 5268 49 20 taté
2907 5269 69 22 qu'un
2992 5267 135 20 malfaiteur
3141 5267 65 19 avait
3220 5266 96 24 pénétré
3332 5272 29 14 en

2841 5298 43 13 son
2905 5293 98 18 absence
3023 5291 59 19 dan3
3101 5296 44 14 son
3166 5291 138 22 habitation.
3325 5292 35 18 De

3385 4568 14 21 5
3452 4564 38 23 La
3504 4565 130 24 neuvième
3649 4566 146 24 conférence
3810 4564 30 23 de
3854 4564 23 22 la
3885 4567 7 31 J

3385 4598 14 34 j
3423 4594 84 24 saison
3525 4604 55 15 sera
3598 4597 60 23 faite
3675 4598 24 22 le
3716 4595 77 25 mardi
3810 4601 14 15 2
3841 4593 35 24 fé-
3885 4605 7 13 1

3384 4625 15 29 5
3421 4624 73 29 vrier,
3504 4626 15 23 à
3530 4632 14 22 s
3554 4627 97 29 heures,
3662 4628 64 23 Salle
3736 4624 89 28 Patria,
3833 4631 44 22 par
3884 4624 8 32 J

3384 4660 15 96 |
3535 4663 49 65 Le
3615 4665 136 65 Comte

3384 4745 14 97 \
3418 4754 159 78 Eugène
3619 4756 52 66 de
3716 4756 157 65 Graine
3893 4750 14 97 ij

3383 4849 15 40 J
3591 4856 88 22 SUJET
3695 4863 11 16 :

3476 4899 347 79 Aristocratie

3513 5003 58 76 et
3604 5002 173 78 Fierté

3485 5167 88 24 Cartes
3585 5167 15 24 à
3613 5174 27 16 îo
3652 5171 25 19 et
3690 5173 26 22 15
3728 5165 81 23 francs

3448 5257 52 24 Des
3522 5262 80 20 cartes
3623 5255 166 32 particulières
3810 5259 62 22 pour

3420 5292 64 19 cette
3502 5288 149 24 conférence
3669 5291 57 20 sont
3745 5292 30 16 en
3793 5288 79 19 vente.

2842 5317 98 23 l'argent
2956 5317 23 19 et
2998 5316 39 18 des
3054 5315 129 19 vêtements
3201 5316 40 18 ont
3259 5315 102 23 disparu.
3381 5312 15 35 J
3419 5318 30 23 de
3464 5324 13 21 g
3491 5319 25 22 h.
3530 5325 29 21 30
3573 5319 14 23 à
3603 5325 26 15 12
3643 5318 25 22 h.
3682 5321 24 19 et
3720 5317 30 22 de
3766 5321 25 20 14
3806 5315 23 21 h.
3844 5319 28 21 30

2839 5350 54 29 ~-
2910 5365 37 19 En
2965 5363 106 21 rentrant
3088 5363 56 19 chez
3162 5362 48 22 elle,
3227 5364 63 19 Mme
3308 5364 54 18 Phi-
3381 5354 15 29 ->
3420 5349 15 22 à
3454 5353 26 24 *»
3499 5350 16 21 h
3517 5367 13 8 -
3548 5349 20 25 *
3581 5351 54 39 'V
3651 5348 23 23 N
3675 5352 34 38 f!
3711 5354 32 16 on
3757 5345 116 45 ^'y*:

2842 5388 90 20 lomène
2950 5389 44 20 P._,
3012 5387 107 19 habitant
3138 5391 40 14 rue
3196 5388 28 18 de
3242 5388 119 21 Linthout,
3381 5383 14 34 «J
3420 5386 35 20 5°,
3470 5381 69 27 place
3553 5381 30 22 de
3600 5381 139 21 Brouckère
3757 5381 100 21 tteiepn.
3863 5389 7 6 .

2842 5418 14 14 a
2872 5413 105 19 constaté
2992 5412 70 23 qu'un
3078 5412 101 19 inconnu
3194 5412 64 21 avait
3274 5411 87 24 profité
3381 5411 15 30 Jt
3421 5409 270 27 12.21.00-01-02-03-04)
3707 5413 24 17 et
3744 5407 15 22 à
3773 5407 21 22 la
3811 5405 59 21 Mai-

2841 5439 14 18 d
2858 5448 11 13 e
2882 5443 43 13 son
2939 5438 98 19 absence
3051 5441 59 18 pour
3124 5435 108 24 pénétrer
3245 5437 58 19 dans
3317 5441 43 14 son
3381 5429 15 26 5
3419 5448 46 16 son
3485 5441 115 23 Fernand
3620 5440 156 24 Lauweryns,
3794 5435 76 22 Treu-

2842 5462 167 24 appartement.
3027 5462 46 18 Des
3090 5460 104 19 bibelots,
3211 5461 30 18 du
3259 5460 61 23 linge
3338 5464 24 16 et
3381 5458 14 22 Ï
3420 5471 60 19 rer[h
3483 5478 11 7 .
3496 5478 11 12 r
3509 5478 15 12 „
3533 5477 12 9 ,
3547 5477 14 13 n
3585 5471 21 19 (t
3608 5469 21 14 ii
3653 5473 25 17 I7
3687 5466 85 24 07.80).
3803 5465 66 25 (0Q7)

2842 5492 46 15 une
2905 5491 88 14 somme
3012 5485 26 20 de
3056 5485 38 19 120
3112 5485 23 18 tr
3159 5486 41 18 ont
3218 5484 35 20 été
3272 5478 124 31 empor-V.
3482 5478 42 20 erg
3533 5477 35 19 20,
3585 5476 52 18 (tel.
3653 5476 118 18 I7.9/-°u--

2842 5511 42 21 tés.
2898 5521 26 5 —
2938 5511 27 20 K

199 5685 21 26 -î
