3819 5562
2073 1 318 31 WMmeiJisaJSmmXtw
2407 3 6 6 •

190 247 272 44 IMOS
523 249 472 49 ECHOS

102 338 176 31 Aujourd'hui
300 339 75 27 lundi

150 411 6 4 .
168 398 10 15 S
189 397 26 19 h.,
227 403 8 4 -
249 397 105 18 Carallerla
365 399 103 15 Rusticana
481 403 17 14 »,
510 403 11 12 «
531 399 50 16 Pall-

148 422 5 10 p
163 416 23 18 Ct
196 421 11 12 c
220 417 93 19 Nymphes
324 416 23 18 de
359 417 44 17 Bols
413 417 24 18 i.~

142 449 5 5 ■
157 441 88 18 ffeliche.

63 467 91 19 «alerte*,
168 468 12 16 8
194 467 21 17 ta.
229 468 37 18 1/3.
280 472 13 12 «
308 468 25 17 Le
347 468 68 16 Maître
430 468 73 18 d'HÔUl
519 473 17 15 »,

61 493 110 18 -Ibambra,
185 493 12 17 g
204 492 26 20 -Jt-
244 493 39 19 ]/<,
297 498 10 12 «
321 493 25 17 Le
359 494 67 17 Diable
438 494 13 16 à
463 494 54 17 Parla
529 498 19 13 ».

60 519 132 17 Ambassador,
204 519 11 16 S
225 518 21 18 ta.
257 519 28 18 10.
298 524 9 12 «
321 519 38 19 pas
371 523 31 12 sur
414 518 20 18 la
447 519 74 17 Bouche
534 524 17 12 ».

60 544 62 17 beau.
133 545 10 14 S
155 544 19 16 h.
185 544 37 18 1/2,
235 549 10 11 a
257 544 93 18 Pacanlnl
362 549 18 13 ».

64 568 111 19 vaudeville,
191 570 11 16 8
216 569 20 17 h.
251 570 28 19 3D,
295 575 9 11 t
320 570 41 17 Uns
376 570 58 20 petite
452 570 69 17 femme
536 570 47 17 dans

64 589 42 16 "un
121 589 23 16 Ut
156 594 16 12 ».

62 615 78 14 Casino-
142 615 83 18 Lyrique,
238 614 12 17 t,
265 615 12 16 g
291 615 19 17 h.
323 615 38 19 1/3,
375 620 10 11 «
400 615 28 16 La
439 615 90 17 Divorcée
544 620 16 12 ».

60 640 62 17 tiaité,
135 640 11 16 8
156 640 19 16 b.
188 640 37 19 1/3.
237 645 10 11 c
258 640 96 17 Bruxelles
366 644 23 13 en
401 640 119 18 chaussettes
533 645 16 13 ».

62 665 84 21 Molière,
159 666 13 16 &
184 666 11 16 8
209 665 19 17 h.
241 666 31 19 1/2
287 671 9 10 c
311 666 101 16 Chouchou
427 666 126 20 poids-plume
565 671 10 11 »

64 690 92 19 Warrant,
174 692 10 15 B
201 691 25 19 h.,
242 696 9 11 «
270 692 55 16 Chéri
340 693 22 15 de
377 695 35 14 son
430 692 101 19 Concierge
545 696 17 13 ».

62 715 155 20 roues-Bergère,
232 717 10 16 8
259 717 26 18 h.,
303 722 9 11 <
327 717 27 17 De
371 717 134 17 Nachtvlinder
520 721 17 14 ».

58 741 83 17 Théâtre
151 741 96 18 Flamand,
259 743 11 16 8
281 743 26 17 h..
319 748 9 10 «
338 744 58 15 Arme
404 743 65 18 Paljas
481 748 16 11 ».

62 767 71 19 Uirqce-
145 768 27 14 Ko
173 768 36 18 .rai,
226 769 11 16 8
255 769 25 18 h.,
299 769 93 19 spectacle
410 768 91 20 équestre:

45 785 4 6 '
58 793 67 16 .râlais
140 793 58 19 d'Eté,
210 794 14 17 »
235 794 19 17 h.
271 795 36 18 1/4,
319 794 35 17 Les
368 795 29 16 six
413 794 84 18 Gtltner.
510 795 36 16 etc.

58 819 95 18 Cinéma*.
161 827 23 6 —
193 820 59 18 Voyez
263 823 23 13 en
299 819 38 17 tête
348 820 69 19 petites
426 822 102 15 annonces.

110 872 209 31 Communiqués
339 871 48 27 des
405 871 127 26 Thé&trot

228 914 28 22 ct
285 910 130 26 Concerts

53 978 19 6 —
79 972 96 16 Monnaie.
187 979 25 6 —
227 972 26 16 Ce
266 971 61 22 lund^
343 971 12 16 ft
369 971 22 16 30
408 971 27 20 h.,
452 976 10 10 €
477 970 104 17 Cavalier!»

57 992 104 18 Rusucana
180 997 17 13 »,
215 996 9 11 «
242 991 91 16 Paillasse
351 996 10 10 >
376 991 20 16 et
412 996 9 9 «
437 990 94 19 Nymphes
549 991 33 15 des

58 1011 44 17 Bols
117 1017 16 11 ».
146 1019 23 5 —
181 1011 68 17 Mardi,
265 1010 12 16 à
289 1011 22 15 20
324 1011 27 18 b.,
364 1015 10 10 <
388 1011 25 15 Le
425 1010 98 16 Chevalier
538 1010 12 16 à
562 1010 19 16 la

52 1032 55 17 •Rose
116 1036 17 11 ».
141 1038 25 6 —
174 1030 99 18 Mercredi,
283 1030 13 16 à
305 1030 22 16 30
337 1030 27 18 ta.,
373 1035 10 10 c
394 1030 59 16 Th-ta
464 1035 15 12 ».
490 1038 22 4 —
520 1030 61 18 Jeudi,

58 1051 13 16 à
86 1052 20 15 19
118 1051 19 15 h.
152 1051 27 18 30,
193 1055 10 11 «
215 1050 93 20 Siegfried
322 1054 17 12 ».
350 1057 23 4 —
385 1049 100 18 Vendredi,
497 1049 12 16 à
523 1050 22 15 20
556 1049 19 16 h.

58 1075 11 10 «
82 1071 27 16 La
121 1070 85 16 Basoche
220 1075 16 11 ».
249 1077 23 4 —
282 1069 82 20 Samedi,
376 1069 12 15 à
399 1069 10 16 3
423 1069 20 16 h.
456 1069 37 18 1/2,
506 1068 75 17 concert

58 1090 172 19 philharmonique;
243 1089 19 16 le
269 1089 52 18 -soir,
333 1094 11 10 «
359 1089 109 16 Cendrillon
484 1094 15 11 ».
511 1096 25 6 —
548 1089 34 16 Di-

56 1109 89 19 manche,
158 1108 13 17 à
182 1109 11 16 3
208 1109 20 16 b.
240 1109 38 19 1/2,
290 1110 77 15 concert
379 1109 170 18 philharmonique;
566 1108 17 16 le

51 1124 53 25 'soir,
121 1134 9 10 «
147 1128 89 16 Chanson
253 1128 88 16 d'Amour
358 1133 10 10 »
383 1129 20 15 et
420 1133 9 10 «
446 1128 27 16 La
487 1128 45 16 Nuit
549 1131 24 13 en-

58 1148 83 17 sorcelée
153 1153 17 11 ».
183 1156 24 4 —
219 1147 61 18 Lundi
293 1148 28 18 35,
336 1153 9 10 c
359 1148 28 16 La
394 1148 68 16 -Tosca
476 1152 10 11 »
501 1148 19 16 et
535 1151 14 12 «r
557 1148 26 16 Le

57 1168 100 19 Désespoir
168 1167 24 17 de
200 1167 55 17 Judls
266 1172 15 12 ».
291 1175 23 4 —
324 1167 69 19 Mardi,
404 1167 35 16 «Le
450 1167 131 16 Chemlneau*.

57 1194 26 5 —
91 1187 100 19 Mercredi,
206 1193 10 10 <
231 1187 78 19 Mignon
324 1191 16 12 ».
355 1195 22 4 —
390 1187 62 19 Jeudi,
466 1192 9 10 c
490 1187 27 16 La
532 1187 50 16 Wal-

47 1206 64 20 -.fcyrie
122 1211 17 12 ».

80 1232 91 17 Galeries.
182 1239 25 6 —
217 1232 27 16 La
255 1231 92 20 première
359 1231 26 18 du
399 1232 79 16 «Maître
490 1232 92 18 d'Hôtel-»,

57 1251 25 17 de
97 1252 83 20 Noziere,
197 1255 12 13 a
223 1252 76 18 obtenu,
316 1250 70 18 devant
400 1254 37 14 une
451 1251 47 17 salle
512 1251 70 17 comble

47 1271 32 16 •-et
91 1272 31 15 tuf
128 1271 63 20 public
203 1271 66 18 choisi,
281 1274 26 13 un
319 1271 65 16 succès
395 1271 105 20 triomphal
511 1272 21 15 et
543 1271 40 17 mé-

46 1290 55 19 ..litâ.
116 1291 91 17 Location
221 1291 83 16 ouverte.
411 1304 33 8 ,____
466 1306 20 7 _„
498 1307 21 6 .„

79 1316 109 17 Alhambra.
204 1323 23 5 —
241 1316 55 16 Trois
310 1316 53 16 actes
379 1315 78 20 d'esprit
473 1315 109 20 étlncclrnt,

41 1343 4 4 -
57 1335 29 18 les
105 1335 94 17 meilleurs
217 1336 100 20 comiques,
337 1336 120 18 chanteuses,
475 1336 107 18 danseuses,

59 1360 11 11 <
81 1356 25 15 Le
114 1355 68 17 Diable
193 1356 11 15 à
214 1356 55 17 Paris
279 1361 10 10 »
299 1356 29 16 est
338 1355 19 16 le
368 1358 44 16 gros
422 1355 65 17 succès
498 1356 26 16 du
534 1356 48 18 Jour.

42 1389 22 8 ...
82 1381 130 15 Ambassador.
234 1387 25 6 —
276 1380 72 17 Allô?...
370 1381 26 16 Le
416 1380 92 17 383.39?...
527 1381 56 16 Oui...

59 1401 100 16 Joue-t-on
174 1400 87 19 toujours
278 1400 20 17 la
316 1400 86 16 fameuse
417 1400 85 19 opérette
521 1405 10 11 c
546 1400 37 17 Pas

59 1423 33 13 sur
103 1420 19 16 la
136 1420 75 16 Bouche
223 1421 22 15 »?
257 1420 55 16 Oui...
327 1421 24 16 et'
358 1420 47 16 c'est
416 1422 27 14 un
456 1423 43 16 gros
512 1420 71 17 succès.

42 1440 17 21 I
82 1446 42 15 Cas]
126 1449 33 12 no-
161 1446 83 18 Lyrique.
258 1452 24 5 —
295 1445 53 17 Dans
360 1450 10 10 «
384 1445 27 16 La
423 1445 91 17 Divorcée
527 1450 17 15 »,
556 1446 28 17 les

49 1465 93 20 ,_yedci,tes
157 1465 110 18 entraînent
280 1465 13 16 à
307 1465 42 16 leur
362 1464 83 20 exemple
456 1465 44 16 tous
511 1465 28 16 les
551 1469 32 12 ar-

49 1481 71 22 'tistes,
137 1485 27 16 les
177 1485 76 16 chœurs
269 1486 19 15 et
302 1484 116 17 l'orchestre.
433 1484 150 20 Interprétation

41 1500 6 20 I
58 1504 26 18 de
96 1504 42 16 tout
152 1505 81 19 premier
246 1504 61 17 ordre.
504 1512 13 9 »

45 1522 9 23 I
82 1529 112 16 Vaudeville.
210 1536 24 6 —
249 1534 10 11 «
275 1530 41 16 Une
331 1529 62 17 Petite
405 1529 75 17 Femme
495 1529 49 17 dans
557 1533 26 13 un

58 1549 31 16 Lit
106 1554 10 11 »
130 1550 39 16 fait
182 1549 20 17 la
218 1549 38 19 Joie
271 1549 25 16 du
311 1549 62 19 public
390 1549 107 17 bruxellois.
513 1549 71 20 Depuis

41 1566 10 6 "
59 1569 95 19 vendredi,
168 1572 26 13 on
208 1569 44 19 Joue
266 1568 13 17 à
293 1569 84 16 bureaux
388 1568 76 18 fermés.

58 1595 5 5 '
81 1594 62 16 Scala.
152 1601 25 6 —
186 1595 27 16 La
226 1594 45 20 Jolie
284 1594 85 19 opérette
380 1594 90 17 moderne
481 1599 10 11 c
502 1594 81 19 Paganl-

59 1614 21 16 nl
98 1619 9 11 »
122 1614 101 20 passionne
237 1614 27 16 les
280 1614 67 19 foules,
362 1614 54 19 grâce
430 1613 13 17 à
459 1618 22 12 sa
497 1614 78 17 merveil-

59 1633 52 17 leuse
123 1633 153 20 interprétation.

41 1654 22 10 ***
81 1658 63 18 Galté.
153 1666 23 6 -—
188 1660 74 18 Depuis'
269 1659 20 17 la
300 1659 90 19 première
401 1659 23 16 de
436 1658 146 20 l'h-jper-revue:

41 1692 2 3 .
59 1683 11 11 «
82 1678 96 17 Bruxelles
189 1682 24 13 en
226 1679 120 17 chaussettes
358 1683 17 15 »,
389 1682 25 13 on
425 1682 30 14 na
464 1679 66 16 trouve
542 1679 42 20 plus

41 1698 42 19 ..de
95 1698 180 20 neurasthéniques-

81 1724 82 16 Molière.
175 1731 27 6 —
216 1729 10 11 «
242 1724 114 16 Chou-Chou
370 1724 54 20 poids
437 1724 64 21 plume
515 1729 11 11 »
538 1727 46 14 Con-

60 1744 52 15 tinue
124 1747 22 13 sa
156 1743 82 18 carrière
247 1742 121 21 triomphale.

44 1770 21 8 -*-**
82 1769 92 18 Wagrara.
184 1776 24 6 —
218 1774 10 10 «
240 1769 55 16 Chéri
308 1769 25 17 de
343 1772 21 14 ta
374 1769 103 19 Concierge
488 1774 9 10 »
508 1769 37 17 fait
557 1769 27 17 les

41 1800 10 6 .,
60 1788 68 18 délices
140 1789 33 16 des
184 1789 98 17 amateurs
292 1789 23 16 de
325 1788 61 17 bonne
397 1789 60 17 farce.

81 1814 154 18 Folies-Bergère.
247 1821 23 6 —
281 1814 109 20 Cinquième
400 1815 151 18 représentation
561 1816 23 16 de

60 1838 11 10 «
83 1833 29 17 De
123 1833 146 17 Nachtvllender
282 1839 17 14 »,
312 1835 11 15 4
334 1835 52 16 actes
398 1833 40 19 très
448 1835 134 20 dramatiques.

48 1858 17 6 "'
83 1858 80 17 TKâtre
174 1858 98 18 Flamand-.
283 1867 24 5 —
316 1860 27 16 Ce
353 1860 50 18 soir,*
410 1860 13 16 à
435 1860 23 16 30
467 1860 27 19 h.,
505 1865 11 12 «
528 1862 56 17 Arme

41 1878 82 19 „.l*n.jas
139 1883 12 13 »
158 1882 32 14 .qu
205 1879 95 19 grandeur
314 1881 20 15 et
350 1880 106 17 décadence
472 1880 46 18 d'un
534 1881 51 19 pitre

59 1897 24 17 de
98 1897 60 20 génie.
168 1913 3 3 .

60 1949 35 20 La
109 1950 103 19 nouvelle
229 1950 68 20 tenue
314 1950 29 21 de
359 1951 116 19 l'aviation

47 2004 27 9 —
79 2002 133 20 •L'aviation
223 2006 29 17 va
261 2002 56 25 voir,
329 2002 72 25 enfin,
412 2007 34 17 un
457 2004 30 20 de
497 2008 36 17 ses
545 2004 29 20 dé-

61 2025 44 21 sirs
120 2026 104 21 comblés.
262 2028 46 20 Des
327 2028 152 24 propositions
495 2029 42 20 ont
549 2029 37 20 été

47 2069 4 3 .
61 2050 70 21 laites
155 2055 58 20 pour
239 2052 82 24 qu'une
333 2053 105 21 nouvelle
450 2052 75 24 tenue,
539 2053 35 20 dis-

61 2074 72 21 tincte
151 2076 29 20 de
208 2076 56 20 celle
294 2076 40 21 des
351 2077 78 20 autres
446 2081 81 20 armes,
542 2078 45 20 soit

61 2099 89 21 donnée
162 2099 15 21 à
188 2100 23 20 la
224 2100 126 24 cinquième
363 2105 70 17 arme.

87 2123 50 24 Que
154 2128 52 16 sera
224 2125 61 20 cette
303 2126 104 20 nouvelle
425 2126 83 21 tenue?
524 2127 63 21 Nous

62 2152 108 19 pensons-
177 2149 80 24 qu'elle
274 2153 58 17 aura
349 2150 21 20 le
387 2150 38 20 col
440 2151 86 20 ouvert.
555 2151 33 21 Le

61 2171 36 21 col
109 2172 61 21 droit
183 2173 36 20 est
232 2173 135 24 impossible,
381 2175 23 20 le
415 2175 36 20 col
468 2184 7 8 ■•*
484 2175 76 24 aiglon
568 2184 18 16 »,

61 2195 40 25 qui
111 2197 37 20 est
163 2197 160 21 actuellement
340 2198 59 21 celui
417 2199 31 21 du
466 2201 120 23 personnel

61 2221 117 24 navigant,
190 2222 58 20 n'est
260 2227 43 19 pas
317 2227 62 16 assez
391 2224 105 24 pratique
509 2225 26 20 ni
548 2230 26 15 as-

62 2250 37 14 sez
116 2246 141 20 confortable
273 2251 30 16 en
317 2245 70 23 tenue
403 2248 29 20 de
448 2249 43 20 vol.

49 2276 2 18 ;
63 2268 57 22 "ta
126 2270 98 23 ^grande
241 2270 29 22 ba
269 2271 11 13 +
282 2271 52 22 aille
350 2276 52 16 sera
417 2273 77 21 livrée'
505 2274 82 21 autour

62 2293 36 21 de*
103 2293 134 22 la-couleur
267 2296 31 20 du
331 2296 63 24 drap.
412 2297 43 20 Les
472 2298 115 22 aviateurs

61 2318 135 21 voudraient
209 2319 22 21 le
243 2319 53 21 bleu
308 2321 95 23 marine,
418 2322 59 20 mais
491 2323 18 19 il
522 2324 36 19 est
572 2324 15 19 à

62 2342 116 23 présumer
197 2347 44 21 que
271 2344 34 22 les
323 2345 83 21 bonzes
424 2346 40 21 des
480 2349 94 19 commis-

61 2366 63 21 sions
138 2367 119 24 craignent
273 2368 28 21 de
317 2369 146 22 différencier
478 2371 51 25 trop
544 2372 31 21 l'a-

61 2390 88 21 viation
170 2392 28 20 de
220 2392 97 22 l'armée.
338 2404 29 5 —
387 2395 24 21 S,

65 2427 84 18 Taverne
163 2429 82 16 Victoria
263 2430 71 17 Bonne

64 2469 39 17 Boa
119 2469 59 17 Heurt
195 2471 32 15 Ma
228 2475 29 15 us,
271 2472 53 16 t7--J»
427 2475 50 17 Ton,
494 2475 27 18 lu
539 2478 47 15 loin

127 2512 14 7 _
154 2494 80 19 Concert
252 2497 134 20 symphonlque
401 2501 20 15 et
438 2501 54 16 tomI
520 2502 68 19 (D7404

66 2525 31 22 I*
109 2526 102 22 Sttera—
226 2528 68 23 (Fève
308 2531 34 20 de.
349 2531 104 24 Carême)
487 2547 7 4 .

91 2579 64 21 Telle
170 2581 35 20 est
219 2585 47 17 une
282 2582 106 22 coutume
404 2584 110 22 arloi-aise
531 2587 56 20 dont

67 2603 101 24 l'origine
179 2609 26 16 se
217 2606 57 23 perd
286 2607 59 20 dans
355 2608 25 20 la
390 2609 52 20 nuit
453 2610 41 20 des
508 2614 79 21 temps.

62 2627 60 21 Tous
133 2628 33 20 les
173 2633 50 19 ans,
232 2629 22 21 le
261 2630 122 22 dimanche
395 2633 31 20 du
436 2633 81 22 Grand
530 2635 46 20 Car-

66 2652 75 23 naval,
161 2654 33 20 les
212 2654 105 22 bambins
335 2657 30 20 de
389 2658 26 20 la
436 2658 53 21 ville
511 2659 71 21 haute

67 2677 100 23 quartier
183 2677 125 26 St-Donat,
322 2681 63 20 s'en.
389 2683 57 20 vont
462 2683 59 20 crier
534 2689 54 16 sous

47 2719 12 4 _
66 2700 34 23 les
115 2701 102 23 fenêtres
230 2704 40 20 des
285 2705 84 21 mariés
385 2706 30 22 de
427 2707 90 21 l'année
531 2713 57 19 pour

67 2726 99 20 recevoir
179 2726 34 21 les
231 2735 9 9 .
260 2727 63 22 fèves
338 2730 30 20 de
386 2731 95 21 Carême
498 2740 18 12 ..
534 2733 41 21 Plu-

66 2749 72 21 sieurs
152 2752 123 23 centaines,
289 2754 95 23 portant
399 2759 30 17 au
440 2759 44 18 cou
495 2757 39 24 qui
549 2759 40 20 des

65 2778 58 17 sacs,
137 2775 39 24 qui
188 2776 41 21 des
242 2777 58 21 taies
315 2779 135 21 d'oreiller...
464 2781 49 20 s'en
527 2783 62 22 vont,

67 2799 78 22 guidés
157 2804 43 19 par
212 2801 61 20 doux
285 2803 81 22 agents
376 2804 29 20 de
418 2804 72 24 police
501 2807 24 19 et
535 2807 53 23 pré-

37 2822 92 24 -_cédés
146 2824 60 22 d'un,
218 2829 32 17 ou
273 2826 112 24 plusieurs
403 2829 185 21 accordéonistes.

67 2848 92 21 Arrivée
176 2849 86 22 devant
281 2851 24 20 la
324 2852 107 22 demeure
446 2854 56 20 d'un
521 2855 68 24 Jeune

66 2872 87 24 couple,
167 2873 25 21 la
207 2875 128 22 marmaille
353 2876 73 24 hurle,
442 2878 91 24 chante,
551 2881 26 19 at-

67 2896 98 21 tendant
176 2903 45 19 que
230 2899 89 21 s'ouvre
328 2905 46 16 une
385 2901 90 23 fenêtre
486 2904 25 20 et
521 2905 67 23 qu'on

50 2931 4 3 ■
67 2920 57 24 jette
142 2921 15 20 à
171 2923 126 24 profusion,
333 2925 108 24 bonbons,
472 2928 110 21 caramels

66 2950 59 17 sous,
148 2946 67 24 gât—
216 2952 30 16 ux
264 2950 25 20 et
312 2950 78 20 autres
408 2951 128 22 friandises.
556 2953 32 20 La

67 2970 71 21 mêlée
147 2972 93 20 devient
250 2972 111 25 générale,
372 2979 46 17 une
426 2975 55 21 ruée
490 2980 98 21 sauvage

68 2994 38 25 qui
123 2996 59 20 dur»
198 2996 106 25 quelques
321 2999 107 20 minutes.
444 3000 90 22 Parfois
549 3003 40 19 des

67 3018 105 23 batailles
191 3021 104 22 éclatent,
312 3023 59 21 mais
386 3024 25 20 la
430 3024 71 24 police
517 3026 71 21 veille.

68 3043 63 21 Gare
139 3045 21 21 si
170 3045 24 20 la
202 3045 91 22 fenêtre
304 3051 31 16 ne
345 3048 87 23 s'ouvre
442 3053 49 19 pas,
500 3054 26 17 ce
535 3052 55 20 sont

44 3083 7 5 .
66 3068 41 20 des
126 3069 141 22 hurlements
299 3072 29 20 de
360 3073 157 23 protestation.
533 3075 56 20 Vers

67 3093 57 20 midi
135 3094 55 20 c'est
198 3095 22 20 le
230 3095 77 21 retour
318 3101 29 16 au
359 3097 62 24 logis,
431 3098 33 20 les
474 3102 51 17 sacs
536 3101 53 19 sont

68 3118 98 24 remplis,
184 3118 33 21 les
234 3124 75 19 gosses
325 3122 55 20 sont
397 3122 117 21 fourbus...
531 3124 58 20 mais

66 3146 46 20 «lue
129 3143 31 21 de
179 3144 110 21 tfouoeurs
307 3144 16 21 k
342 3149 95 21 croquer
454 3147 87 21 durant
556 3153 34 16 un

68 3164 54 26 Jour
130 3172 31 16 ou
172 3168 66 20 deux.

94 3191 33 20 C-t
138 3196 44 16 _ir
186 3208 28 4 _
213 3193 52 23 che,
274 3193 88 25 malgré
372 3198 22 20 le
404 3195 66 24 froid,
481 3200 27 17 ce
518 3196 38 21 fut
566 3196 23 21 la

85 3216 53 21 *Ttie
151 3217 169 22 traditionnelle
334 3220 24 19 et
371 3219 22 20 le
404 3219 74 22 même
492 3222 98 23 entrain,

103 3239 61 22 'chef
164 3241 57 21 -lieu
231 3242 33 21 du
275 3242 162 26 Luxembourg.

117 3278 62 17 talon,
196 3280 102 16 tournants

98 3318 51 18 èlent
160 3323 39 14 une
214 3321 88 16 faiblesse
316 3321 33 17 des
362 3322 58 20 pieds.
433 3322 100 18 Consultez
545 3327 44 16 gra-

94 3339 72 17 lement
177 3343 35 13 nos
222 3341 74 18 experts
306 3340 11 17 à
330 3342 20 15 la
361 3342 74 16 maison
446 3342 24 16 du
481 3343 27 16 Dr
520 3343 68 18 Scmli,

84 3363 10 15 i,
105 3362 34 13 rue
151 3359 67 18 Neuve,
231 3363 24 12 ou
268 3359 45 17 chez
326 3360 84 19 Delacre,
422 3362 127 19 Coudenherg,
562 3363 26 18 64,

68 3377 20 17 et
102 3378 111 16 Pharmacie
227 3378 104 20 Delmoitié,
348 3380 91 17 chaussée
454 3381 90 18 d'IxeUes,
562 3382 27 18 89,

65 3395 58 19 Brux.
132 3397 70 20 Dépôts
212 3398 49 18 dans
272 3401 17 15 t-
299 3399 27 17 les
337 3399 52 17 vules
399 3400 23 16 de
431 3400 158 19 BelgiquelH2077

68 3429 37 19 l'n
119 3437 11 9 .
143 3430 96 20 Institut
250 3431 39 20 des
300 3431 109 21 relations
419 3432 121 20 humaines
553 3439 12 12 »

93 3476 51 20 Une
157 3481 64 15 son—
223 3482 19 15 ie
258 3477 116 20 d'environ
389 3478 103 22 7500,000
507 3478 84 21 dollars

63 3504 21 17 ■»
98 3499 37 22 été
148 3501 110 21 souscrite
271 3506 44 19 par
329 3502 88 20 «Uverse
417 3507 11 15 s
443 3502 148 21 associations

68 3524 217 28 philanthropiques,
302 3526 100 21 destinée
418 3526 15 21 à
448 3527 143 20 ""Université

68 3548 29 21 île
108 3549 63 23 Yale,
185 3553 58 20 pour
255 3548 185 23 l'établissement
453 3551 55 20 d'un
524 3559 9 9 .
549 3552 29 19 In-

66 3572 69 23 stitut
154 3573 40 21 des
213 3574 109 20 relations
340 3574 121 21 humaines
482 3582 18 19 »,
520 3576 71 23 ayant

67 3601 59 20 pour
136 3597 42 21 but
190 3597 110 22 d'étudier
311 3598 23 21 la
345 3599 42 23 vie,
398 3599 156 24 l'intelligence
568 3601 23 21 et

67 3620 24 22 la
107 3622 106 21 conduite
230 3622 39 21 des
283 3623 111 21 hommes.

94 3646 119 20 L'Institut
229 3646 94 21 réunira
338 3648 40 21 des
393 3648 143 24 sociologues,
552 3650 40 20 des

68 3669 154 27 économistes,
238 3671 39 20 des
293 3671 134 25 biologistes,
441 3673 40 20 des
495 3674 83 23 psycho-

68 3694 77 24 logues
164 3697 24 19 et
207 3696 78 21 autres
303 3697 94 20 savants
412 3697 133 24 s'occupant
562 3699 30 20 de

68 3718 82 22 l'étude
164 3720 28 20 de
204 3719 114 22 l'homme.

94 3744 43 20 Ces
157 3743 139 25 spécialistes
317 3745 158 21 s'efforceront
494 3746 28 21 de
541 3747 39 21 tra-

67 3767 80 21 vailler
165 3773 30 16 en
211 3768 83 21 étroite
309 3769 164 22 collaboration
487 3775 55 17 avec
559 3768 33 24 les

68 3791 103 22 hommes
185 3793 29 20 de
228 3793 37 23 loi,
278 3793 33 21 les
325 3793 114 21 médecins
454 3795 24 20 et
491 3795 34 21 les
537 3800 43 20 psy-

69 3816 105 24 chiatres,
194 3821 57 20 pour
271 3817 140 22 coordonner
430 3819 33 20 les
484 3819 108 22 résultats

68 3840 208 25 scientifiquement
299 3842 84 24 acquis,
405 3842 135 23 établissant
560 3845 32 20 les

69 3865 105 24 rapports
185 3866 29 20 de
226 3866 85 26 l'esprit
324 3867 24 21 et
359 3867 31 21 du
402 3872 66 20 oorps
479 3868 25 23 et
516 3868 65 22 déter-

68 3886 76 24 miner
161 3890 33 20 les
213 3890 74 21 divers
307 3890 100 22 facteurs
446 3891 146 23 intervenant

71 3914 59 21 dans
145 3914 33 21 les
193 3914 109 23 relations
316 3915 122 22 humaines
453 3921 31 16 au
499 3917 50 21 sein
563 3918 29 21 de

70 3938 23 21 la
107 3938 94 23 Société.
214 3949 28 5 —
253 3940 29 20 B.

72 3976 124 20 Rédaction
205 3976 29 21 de
243 3976 87 24 l'impôt
340 3977 97 24 agricole
447 3984 30 14 en
486 3978 81 21 Russie

609 341 34 23 'a
662 343 175 27 température

694 394 110 16 INSIITUT
817 395 80 16 METEO
898 395 79 16 ROI.C—
979 394 56 19 1QUB

779 420 32 17 DE
829 421 117 17 BELGIQUE

678 451 115 17 BULLETIN
808 452 33 16 DU
854 452 21 17 17
889 453 102 16 FEVB1EK
1005 453 42 16 1029

667 483 95 17 Situation
774 483 158 21 atmosphérique,
944 484 12 16 à
969 485 11 16 7
992 485 68 16 heures

624 515 139 20 L'anticyclone
785 516 137 19 septentrional
941 520 21 13 se
979 516 87 17 renforce
1087 517 40 17 (786

603 538 60 16 mm.i,
680 536 112 15 alimentant
810 539 25 12 un
851 536 42 15 coin
909 536 23 16 de
946 536 94 19 pressions
1056 536 70 16 élevée,

603 555 32 18 qui
648 554 73 17 s'étend
738 558 33 13 sur
787 555 20 16 la
823 555 126 17 Scandinavie
965 559 25 13 au
1003 556 20 16 S.
1038 555 23 17 de
1075 555 42 17 l'An-

603 574 85 19 gleterre.

623 594 35 16 Les
673 594 119 19 dépressions
806 594 116 19 atlantiques
935 595 44 16 sont
994 595 84 18 toujours
1095 598 22 13 ar-

604 613 60 17 rêtées
677 613 12 16 à
702 614 36 16 l'O.
752 614 23 16 de
786 613 95 17 l'Irlande.

624 634 41 15 Une
684 633 109 19 dépression
810 635 72 15 venant
898 634 26 16 du
943 635 13 15 S
964 635 28 14 -E.
1011 633 66 17 amène
1094 634 33 16 des

604 652 142 19 précipitations
763 653 24 16 de
806 654 54 18 neige
878 656 33 14 sur
928 653 122 20 l'Allemagne
1069 654 19 16 et
1107 653 20 17 la

602 672 98 17 Hollande.
1030 672 9 9 *

624 692 30 16 On
666 692 83 21 observe,
759 696 32 13 sur
801 693 20 16 la
832 692 94 20 Belgique,
938 693 33 17 des
983 693 71 16 calmée
1063 693 19 16 et
1094 692 32 17 des

603 712 54 16 vents
675 712 68 16 faibles
758 712 24 16 de
798 712 58 19 S.-O.,
872 715 26 14 un
917 712 35 16 ciel
970 713 62 15 serein
1051 715 24 13 ou
1091 715 36 16 peu

603 737 87 16 nuageux
699 735 19 15 et
728 737 38 12 une
775 733 50 19 gelée
836 733 50 16 forte
896 732 24 17 de
928 740 23 4 —
952 733 20 15 10
981 735 12 13 a
1001 740 23 4 —
1024 732 21 16 16
1055 731 71 20 degrés.

624 754 26 16 La
668 753 134 19 température,
817 756 22 13 ce
854 752 68 19 n-tin,
939 752 50 16 était
1006 751 24 17 de
1043 759 23 5 —
1067 750 30 17 15°
1115 751 13 16 à

603 773 101 17 Bruxelles.
716 781 23 4 —
740 773 19 16 11
773 773 12 15 à
798 772 114 17 Ctock'-olm.
923 780 23 4 —
946 771 21 17 10
978 771 12 16 à
1000 771 46 16 Oslo
1059 771 20 15 .t
1091 771 27 16 Os-

604 792 62 18 tende,
679 793 33 16 —S
723 792 12 16 t
748 792 86 18 Utrecht.
845 793 33 15 —7
891 790 12 18 k
916 790 54 17 Pc-'-
982 790 19 18 et
1012 790 70 18 3C7..::,
1095 797 22 5 —
1116 792 11 14 0

604 812 12 16 à
627 812 89 21 Londres,
727 820 23 4 —
750 812 10 16 2
770 816 13 12 a.
793 813 64 17 Rome,
868 812 10 16 1
890 815 13 13 a
913 811 83 17 Madrid.

793 843 123 17 Probabilités
930 847 7 13 t

624 879 49 16 Vent
688 878 59 16 faible
776 881 12 12 a
806 876 75 17 modéré
911 876 24 17 de
950 875 92 17 direction
1059 874 68 16 variée.

603 898 88 19 Nuageux
707 897 13 16 à
736 897 67 17 serein.
820 897 57 18 Neige
891 896 86 19 possible.
993 894 134 19 Température

604 918 54 16 basse
676 917 44 16 —10
740 916 12 17 &
770 916 45 17 —15
831 915 66 20 degrés
916 915 19 17 1a
954 915 49 16 nuit.
1021 913 106 17 Brouillard

604 937 48 16 local
663 936 18 17 le
693 936 68 17 matin.

669 968 135 17 Observations
818 967 12 17 ft
845 967 62 20 Uocle,
919 967 13 16 ft
947 967 11 16 7
970 966 68 17 henres
1054 968 8 15 :

603 1001 109 17 Baromètre
728 1004 13 12 u
756 1000 20 16 0*
795 1000 50 16 110»
861 999 91 16 millibars
966 998 18 16 21
1041 997 75 16 764mm.
1119 996 8 16 3

603 1021 134 19 Température
749 1020 102 16 maximum
863 1018 25 17 de
902 1018 20 16 la
936 1017 55 17 velUo
1074 1024 23 5 —
1098 1016 30 16 -à-***

602 1040 134 19 Température
750 1040 98 15 minimum
864 1038 24 16 de
902 1037 19 17 la
937 1037 43 16 nuit
1063 1036 65 16 —16-0

603 1059 95 17 Humidité
713 1059 12 16 à
743 1059 47 16 mldt
1106 1055 21 16 03

603 1080 40 16 Eau
656 1079 73 17 tombée
741 1082 24 13 en
780 1078 21 16 24
817 1078 67 16 heures
901 1076 27 17 lia
944 1076 61 18 veille)
1061 1076 54 15 0mm.
1117 1075 10 15 0

604 1099 97 17 Direction
723 1098 111 16 dominante
856 1097 26 16 du
899 1096 46 16 vent
1063 1094 65 17 Oftlme

603 1119 72 16 V.tesse
687 1122 49 15 moy.
752 1118 26 16 du
791 1118 45 15 vent
855 1118 33 16 (m.
902 1120 35 15 par
952 1116 45 17 sec.)

602 1138 121 16 Déclinaison
742 1137 119 19 magnétique
881 1135 27 19 (la
927 1135 63 18 veille)
1046 1134 76 17 IO-13'O

625 1163 58 17 Soleil
699 1166 6 14 :
721 1163 51 16 lever
787 1163 11 16 6
811 1162 19 16 h.
844 1162 29 17 60:
887 1161 80 17 coucher
984 1161 21 16 17
1019 1160 20 17 h.
1055 1160 17 16 4.

625 1184 52 15 Lune
694 1186 5 13 :
713 1182 51 17 lever
780 1183 20 15 10
812 1182 20 16 h.
847 1182 29 18 43;
890 1181 80 17 coucher
984 1180 12 16 2
1008 1180 20 16 h.
1042 1179 29 17 49.

625 1209 62 16 Haute
700 1212 40 12 mer
752 1212 5 12 :
769 1207 83 17 Ostende
863 1207 10 16 6
885 1207 19 16 h.
918 1207 20 15 19
951 1206 19 16 et
982 1206 21 15 19
1015 1205 19 16 h.
1045 1205 27 15 20.

625 1229 63 16 Haute
699 1231 40 13 mer
754 1231 6 14 :
773 1229 70 15 Anvers
856 1227 11 16 9
878 1226 20 17 h.
912 1226 21 16 46
946 1227 20 15 et
977 1226 21 15 22
1011 1225 20 16 h.
1044 1225 27 16 33.

607 1293 90 20 Ecrivez
715 1291 133 21 clairement

632 1340 20 19 A
668 1338 50 21 côté
735 1338 28 20 de
779 1337 91 20 l'Union
885 1336 40 21 des
942 1334 146 25 journalistes
1103 1334 28 20 de

606 1364 93 19 Moscou
710 1362 53 20 s'est
773 1360 72 22 formé
857 1365 32 16 un
901 1364 85 20 groupe
996 1358 84 24 spécial
1093 1358 38 23 qui

607 1392 25 16 se
644 1391 96 20 propose
753 1387 29 20 de
795 1385 93 21 réaliser
902 1385 21 21 le
937 1389 54 16 vœu
1004 1384 28 20 de
1046 1382 85 21 Lénine

608 1412 111 20 touchant
739 1410 135 25 l'épuration
896 1409 31 21 du
949 1409 96 23 langage
1067 1407 52 24 jour-

607 1436 127 23 nalistique.

632 1460 21 21 Il
664 1461 54 20 veut
729 1458 86 22 arriver
827 1458 15 21 k
853 1463 25 15 ce
891 1462 50 19 que.
953 1458 58 20 dans
1022 1457 34 20 les
1068 1456 51 24 jour-

607 1489 68 18 naux,
691 1488 31 16 on
738 1483 72 21 écrive
826 1484 28 19 de
869 1483 54 21 telle
937 1482 69 23 façon
1021 1485 44 19 que
1080 1480 51 20 tous

607 1509 34 22 les
669 1509 97 20 lecteurs
794 1507 103 24 puissent
930 1505 153 25 comprendre.
1099 1505 32 19 Ce

607 1537 84 20 groupe
706 1533 50 20 fera
770 1531 100 25 paraître
885 1535 45 16 une
943 1530 77 21 feuille
1035 1528 96 25 spéciale

607 1557 104 21 intitulée
723 1564 9 10 «
743 1557 33 20 La
784 1555 82 24 beauté
876 1556 31 20 du
916 1555 58 24 style
986 1562 18 15 »,
1014 1553 30 21 où
1053 1553 79 21 seront

606 1580 139 22 ridiculisées
759 1581 33 20 les
805 1579 94 21 beautés
915 1580 31 20 du
961 1579 58 24 style
1033 1578 86 21 bureau-

607 1606 101 24 cratique
721 1608 24 20 et
760 1604 171 22 administratif.
944 1613 29 6 —
986 1604 28 20 B.

607 1643 106 20 L'amour
724 1648 30 15 ne
767 1641 121 21 réchauffe
901 1641 58 20 donc
972 1645 42 19 pas
1029 1640 13 20 ?

632 1690 65 20 Dans
708 1693 34 17 un
752 1688 82 23 village
846 1688 40 22 des
899 1687 106 20 environs
1017 1686 28 20 de
1057 1685 74 21 Petri-

609 1714 53 22 kau,
689 1717 32 17 en
749 1712 106 24 Pologne,
881 1712 60 20 deux
968 1710 89 21 fiancés
1084 1711 48 19 s'en

606 1738 89 21 étaient
706 1737 55 22 allés
773 1743 31 16 en
814 1736 116 21 charrette
942 1735 90 25 Jusqu'à
1044 1735 24 20 la
1079 1734 53 21 ville

607 1762 85 22 voisine
707 1767 59 19 pour
782 1766 24 15 se
821 1761 90 20 marier.
925 1760 36 23 En
976 1759 111 24 arrivant,
1101 1762 30 16 on

606 1788 83 20 trouva
700 1786 24 20 la
737 1786 69 24 jeune
818 1785 49 21 fille
878 1784 98 21 étendue
989 1788 31 16 au
1033 1781 58 22 fond
1104 1783 28 20 de

607 1812 24 20 la
639 1811 95 20 voiture.
744 1810 48 21 Elle
802 1808 58 23 était
869 1809 74 21 morte
952 1810 29 20 de
991 1807 67 21 froid.
1067 1817 28 5 —
1104 1807 28 20 B.

607 1849 46 19 Des
667 1847 103 20 boissons
783 1851 58 20 pour
854 1847 34 20 les
901 1846 75 20 riches

632 1895 47 20 Des
694 1893 159 25 perquisitions
869 1891 92 25 opérées
974 1891 17 21 k
1004 1890 129 21 New-York

608 1923 43 20 par
668 1918 34 20 les
721 1917 82 25 agents
822 1917 29 20 de
870 1917 25 20 la
914 1915 141 25 prohibition
1074 1915 59 21 dans

608 1944 58 19 deux
676 1942 101 20 maisons
785 1942 29 20 de
824 1945 125 16 commerce
958 1939 175 25 régulièrement

608 1967 94 21 établies
715 1966 41 21 ont
769 1966 46 20 fait
828 1965 118 21 découvrir
957 1965 41 20 des
1011 1964 79 24 dépôts
1104 1964 28 20 de

608 1991 102 21 boissons
725 1991 68 20 d'une
806 1990 79 21 valeur
900 1990 29 20 de
944 1989 84 23 500,000
1043 1988 90 20 dollars.

633 2015 40 20 Six
690 2019 124 19 personnes
828 2014 80 20 furent
924 2013 53 24 déjà
995 2012 99 21 arrêtées
1109 2012 24 20 et

609 2037 116 23 relâchées
741 2043 53 17 sous
812 2038 99 23 caution,
925 2038 59 20 mais
997 2037 23 20 le
1034 2037 54 20 chef
1104 2037 28 20 de

608 2063 140 24 l'entreprise
763 2068 25 15 se
802 2062 126 21 trouverait
944 2067 30 16 en
989 2066 27 17 ce
1030 2061 103 21 moment

608 2093 30 16 en
650 2089 95 23 Europe.

634 2111 94 25 D'après
746 2111 111 24 l'enquête
875 2110 112 25 policière,
1004 2109 37 22 ces
1057 2109 76 21 stocks

607 2141 31 17 ne
651 2136 190 21 constitueraient
854 2136 70 23 qu'un
936 2136 77 22 rtoyau
1025 2133 109 22 restreint

607 2161 69 20 d'une
689 2161 86 23 grande
788 2159 155 24 organisation
958 2159 39 24 qui
1011 2158 123 21 fournirait

608 2185 40 21 des
664 2185 99 24 liqueurs
781 2185 60 20 fines
861 2188 45 16 aux
921 2183 120 21 habitants
1058 2183 75 20 riches

607 2210 30 20 de
648 2209 135 20 New-York.
794 2219 28 4 —
834 2209 28 20 B.

608 2247 41 18 Les
667 2246 127 23 fossoyeurs
812 2246 28 19 de
856 2244 153 24 Manchester,
1025 2243 108 22 débordés

634 2293 32 20 Le
676 2292 164 21 surintendant
851 2292 31 21 du
894 2291 115 21 cimetière
1023 2292 29 20 de
1064 2292 57 19 Man

609 2317 90 20 chester
714 2321 16 16 a
747 2316 89 21 déclaré
865 2321 43 19 que
943 2316 34 20 les
1006 2316 128 23 fossoyeurs

609 2341 88 20 étaient
710 2341 118 21 tellement
840 2340 119 21 surmenés
972 2340 65 24 qu'ils
1052 2340 70 20 n'arri-

608 2365 79 21 vaient
705 2365 52 24 plus
777 2366 92 23 qu'avec
890 2365 39 20 des
949 2365 84 21 efforts
1049 2364 73 20 surhu-

608 2390 75 20 mains
697 2389 14 20 à
725 2394 90 16 creuser
829 2390 32 19 les
876 2390 88 20 tombes
978 2389 58 20 dans
1050 2388 21 21 le
1085 2389 36 20 ter-

608 2414 52 20 rain
674 2414 50 24 gelé
739 2414 30 20 du
785 2413 114 21 cimetière
914 2414 29 21 de
958 2414 23 20 la
994 2413 58 20 ville.

633 2439 34 20 La
676 2438 103 21 semaine
790 2438 109 23 dernière,
910 2439 26 19 96
947 2442 124 19 personnes
1080 2438 54 19 sont

608 2463 85 20 mortes
709 2463 28 21 de
753 2462 24 20 la
792 2462 85 24 grippe.
892 2472 28 6 —
934 2463 27 20 E.

608 2507 11 11 «
636 2500 100 20 Prendre
753 2507 12 11 »
783 2500 24 20 et
822 2507 11 11 «
848 2505 24 16 se
885 2500 98 24 prendre
998 2507 11 11 n

632 2546 86 24 Depuis
734 2547 20 19 le
770 2546 71 20 début
857 2546 39 20 des
914 2545 72 20 froids
1004 2545 126 23 rigoureux,

608 2575 30 16 on
654 2576 14 15 a
683 2575 31 19 pu
726 2570 42 20 lire
780 2574 43 20 que
837 2570 111 23 plusieurs
962 2570 87 20 fleuves
1062 2570 24 20 et
1098 2569 20 20 ri-

607 2595 72 20 vières
696 2596 41 19 ont
754 2594 54 24 déjà
829 2594 37 21 été
886 2594 48 24 pris
954 2598 43 20 par
1017 2594 23 20 la
1061 2594 68 23 glace.

608 2619 105 21 Certains
724 2620 114 23 journaux
848 2619 101 20 hésitent
959 2619 15 20 à
985 2618 114 24 employer
1110 2618 20 20 le

606 2644 68 20 verbe
696 2651 10 10 «
729 2644 97 23 prendre
846 2652 9 9 .
876 2644 24 19 et
916 2643 101 21 écrivent
1038 2643 80 20 notam-

607 2670 65 19 ment
686 2673 6 15 :
706 2676 9 10 «
727 2669 33 20 La
770 2668 68 20 Seine
850 2668 34 20 est
894 2667 59 24 prise
964 2676 18 14 ,*,
992 2672 29 16 en
1030 2668 100 20 mettant

609 2700 9 10 .
631 2693 60 24 prise
702 2701 9 9 »
724 2694 64 19 entre
801 2692 133 23 guillemets.
946 2692 33 20 La
989 2692 74 20 forme
1072 2695 46 18 neu-

609 2718 34 20 tre
663 2718 36 19 est
718 2717 110 24 pourtant
845 2716 164 24 parfaitement
1026 2715 104 21 correcte.

609 2743 29 19 Le
652 2741 150 21 dictionnaire
817 2741 28 20 de
861 2741 137 21 l'Académie
1013 2744 59 17 nous
1088 2745 30 19 ap-

608 2766 73 24 prend
697 2770 43 20 que
757 2773 9 9 «
782 2765 97 25 prendre
894 2774 10 8 »
922 2770 25 15 se
963 2765 35 21 dit
1011 2765 28 20 de
1053 2769 26 16 ce
1093 2764 37 24 qui

608 2793 24 19 se
643 2790 55 24 gèle,
708 2795 25 16 se
745 2790 69 23 glace,
826 2794 24 16 se
862 2789 100 23 coagule,
974 2789 118 24 s'épaissit.

634 2816 60 19 Pour
708 2822 9 9 ■>
729 2819 26 16 se
766 2814 97 24 prendre
877 2822 18 14 ».
906 2813 72 21 Littré
993 2814 76 19 donne
1086 2817 7 16 :
1106 2816 25 17 se

609 2840 63 24 figer.
682 2840 32 19 Ce
726 2839 38 24 qui
775 2842 84 21 prouve
871 2842 43 21 que
926 2838 32 20 les
969 2838 59 20 deux
1040 2841 79 20 expres-

608 2864 62 20 sions
682 2864 53 20 sont
746 2864 119 19 correctes.

633 2889 65 19 Dans
706 2888 90 23 l'usage,
806 2888 23 20 la
837 2888 74 19 forme
919 2886 82 21 neutre
1008 2891 15 15 a
1031 2885 100 26 prévalu.

608 2913 107 20 Hatzfeld
732 2913 24 20 et
773 2912 156 20 Darmesteter
947 2911 75 21 disent
1043 2915 6 16 :
1070 2918 10 10 »
1099 2910 32 20 La

609 2938 66 20 Seine
685 2937 95 23 charrie,
792 2936 42 21 elle
844 2941 29 16 ne
883 2936 92 20 tardera
985 2940 41 19 pas
1037 2935 15 20 à
1061 2939 57 20 pren-

608 2962 41 20 dre
662 2970 18 12 ».
692 2971 27 6 —
730 2961 25 20 L.

609 3000 30 19 Le
650 2999 99 24 complot
761 3003 30 15 en
803 2997 115 21 Colombie

634 3046 33 20 La
681 3045 101 24 légation
794 3045 28 20 de
835 3043 115 22 Colombie
963 3047 58 17 nous
1036 3043 45 20 fait
1092 3046 26 16 sa-

609 3071 48 19 voir
686 3070 49 24 qtie,
761 3068 89 25 d'après
879 3068 32 20 les
938 3067 193 23 renseignements

609 3095 79 24 qu'elle
699 3099 15 15 a
723 3098 71 19 reçus,
804 3098 33 15 un
847 3092 100 23 complot
957 3091 150 21 communiste
1117 3096 15 15 a

609 3119 131 21 réellement
760 3118 37 21 été
814 3117 122 21 découvert
950 3117 59 19 dans
1028 3120 25 16 ce
1069 3119 62 20 pays.

609 3145 46 19 Des
667 3143 79 24 engins
758 3143 29 20 de
801 3141 151 21 destructions
963 3141 42 20 ont
1019 3140 36 20 été
1066 3139 65 21 saisis

610 3169 23 20 et
646 3168 33 20 les
693 3171 106 16 meneurs
812 3167 42 19 ont
867 3165 36 21 été
916 3164 91 22 arrêtés.
1019 3165 60 19 Tout
1091 3163 28 24 pé-

609 3193 29 20 ril
649 3192 70 21 serait
732 3190 76 22 écarté
819 3191 24 20 et
855 3190 23 20 la
891 3190 49 20 trar
939 3189 55 24 «quil
993 3189 39 20 lité
1044 3189 23 20 la
1081 3188 50 24 plus

609 3216 111 25 complète
734 3215 115 24 régnerait
861 3215 57 20 da*ns
932 3214 21 21 le
966 3217 64 20 pays.

613 3255 85 20 Divers.

629 3307 87 16 Erection
731 3305 47 17 d'un
794 3304 109 17 monument
922 3308 38 12 aux
976 3303 60 17 morts
1054 3303 33 15 des
1105 3303 27 17 7e,

609 3328 31 15 17e
655 3328 19 15 et
685 3327 33 15 27e
732 3326 24 15 de
769 3325 57 19 Ligne
838 3325 20 15 et
870 3325 21 15 7e
905 3323 23 16 de
941 3324 114 16 Forteresse,
1066 3322 13 16 à
1093 3323 28 16 An-

608 3349 48 13 vers.
672 3353 23 6 —
709 3346 25 15 Le
750 3348 90 13 concours
854 3345 30 15 est
899 3345 66 15 ouvert
979 3344 54 15 entre
1045 3344 45 15 tous
1105 3342 28 16 les

609 3366 81 16 artistes
709 3364 69 19 belges,
801 3364 78 16 anciens
901 3363 131 17 combattants
1055 3361 62 20 (sculp-

610 3387 53 14 teurs
682 3385 20 16 et
724 3384 130 18 architectes).
876 3383 26 16 Le
921 3386 119 16 programme
1062 3385 70 16 pourra

609 3405 40 16 être
660 3404 92 17 demandé
763 3407 25 14 au
799 3402 72 17 colonel
882 3404 59 14 Haine
942 3406 16 14 r.
969 3402 135 17 commandant
1116 3403 17 16 le

608 3425 21 16 5e
645 3424 24 16 de
685 3424 64 19 Ligne,
763 3427 79 13 caserne
858 3423 121 18 St-Oeorges.
995 3423 91 18 Rempart
1100 3422 33 16 des

608 3444 98 19 Béguines,
723 3443 27 19 35,
764 3443 100 19 prés*ufent
880 3443 25 16 du
921 3442 72 17 Comité
1007 3442 97 19 d'Anvers,
1120 3442 13 16 à

609 3464 62 19 partir
686 3463 23 17 de
722 3463 19 16 la
755 3463 30 16 fin
800 3463 26 17 du
838 3462 54 17 mois.

738 3541 37 27 AU
789 3541 222 27 GROUPEMENT

751 3585 246 28 POST-SCOLAIRE

745 3632 38 27 DE
799 3630 203 29 SCHAERBEEK

94 4023 43 22 Les
157 4023 113 24 Journaux
291 4023 134 25 soviétiques
447 4024 104 25 publient
571 4026 22 20 le

69 4047 63 22 texte
142 4048 54 20 d'un
208 4052 104 16 nouveau
324 4048 77 23 décret
413 4049 79 20 relatif
505 4049 16 20 à
533 4049 47 20 l'im-

70 4071 41 25 pôt
123 4072 97 25 agricole
232 4077 58 19 pour
303 4073 55 20 1929.
371 4073 94 24 D'après
478 4078 26 16 ce
516 4073 77 21 décret

70 4095 22 22 le
102 4097 108 20 montant
220 4097 28 21 de
258 4096 37 21 cet
306 4097 79 24 impôt,
395 4098 39 24 qui
445 4097 58 21 était
513 4098 30 20 de
553 4098 40 20 420

70 4120 99 21 millions
179 4121 28 20 de
216 4121 95 23 roubles,
320 4122 35 19 est
366 4122 88 21 abaissé
465 4121 15 21 à
490 4121 39 21 975
539 4122 42 20 mil-

70 4144 64 21 lions.
146 4146 46 19 Des
204 4144 129 21 réductions
346 4145 93 24 d'impôt
449 4146 55 20 sont
515 4149 66 17 accor-

71 4168 53 21 dées
136 4173 45 16 aux
195 4174 97 19 paysans
306 4169 38 24 qui
357 4170 175 24 augmenteront
544 4170 50 20 leur

61 4203 5 7 ■
70 4193 122 24 superficie
209 4194 29 20 de
256 4193 88 21 culture
363 4198 29 17 ou
409 4194 184 21 l'intensifieront

72 4217 24 20 et
109 4222 47 16 aux
170 4217 99 21 familles
285 4218 151 21 nombreuses.
452 4229 28 4 —
495 4219 28 20 B.

151 4297 33 30 La
192 4297 70 37 place
275 4297 135 28 ci-dessous
423 4300 37 26 est
478 4299 110 26 réservée

77 4352 62 27 pour
151 4340 163 37 l'impression
334 4340 132 29 éventuelle
486 4340 89 29 d'infor-

79 4387 101 28 mations
193 4394 136 27 parvenues
342 4394 29 20 en
385 4395 70 18 cours
468 4383 33 30 dn
511 4385 78 35 tirage

80 4439 31 20 m
122 4439 31 20 ta
164 4427 224 32 "DERNIERE
399 4427 188 38 MINUTE,,

140 4487 105 18 COURSES
258 4490 15 16 A
286 4490 69 15 VTSTF
358 4492 58 15 NVTS

57 4515 45 25 '..,—
126 4517 59 18 PRIX
198 4519 31 17 DE
243 4519 85 18 PRIVAS
344 4521 69 19 (1B.000
427 4522 32 17 fr..
473 4524 50 16 1530
548 4536 4 4 .

109 4556 7 3 -
131 4549 13 14 1.
159 4549 79 17 Domr—
239 4550 34 16 lro;
291 4551 16 16 2.
321 4551 89 17 Drotern:
424 4553 16 16 9.
455 4554 66 17 D*se**-

61 4577 23 18 ir;
100 4578 15 17 4.
129 4579 64 17 Danse
204 4580 95 20 Nuptiale.

103 4609 64 20 placés
186 4614 5 13 :
207 4611 53 17 Dora
274 4612 107 18 Polnse-.lt:
396 4614 55 17 Dean
466 4615 46 18 Mon
513 4625 9 4 -

68 4637 19 20 Hi
106 4639 68 19 Diable
188 4641 86 18 Boiteux:
291 4642 86 20 Dysdull:
396 4644 67 19 Dorkl;
482 4644 40 20 tta-

25 4670 38 17 '1ht
82 4670 85 20 d'Atout;
186 4672 61 17 Dame
264 4672 24 17 de
306 4673 108 18 Becheror.;
430 4675 91 17 De*--.!*:,*

88 4697 59 23 lùohe;
163 4703 97 18 Ducheeve
276 4702 26 19 □;
318 4705 124 19 Distraction,

58 4736 45 16 nue.
118 4739 5 13 :
135 4735 45 20 8.50,
191 4736 41 17 «.—
232 4739 7 15 ;
249 4735 58 19 18.50;
322 4736 45 18 7.50.

99 4769 60 18 PRIX
169 4769 109 18 D'ITALIE.
292 4778 22 4 —
328 4770 15 16 1.
370 4770 102 20 Benjamin
483 4772 35 18 17T;

56 4803 85 22 mÇjraaloi
153 4803 20 18 3.
184 4803 82 21 Valu—
265 4804 122 20 nuLSIvtiis;
403 4804 17 18 4.
435 4805 63 19 ci—

53 4837 52 19 KOB
118 4842 5 13 :
136 4839 56 19 37.—.
202 4839 47 18 S.—;
261 4838 40 19 ».—
302 4841 6 16 :
321 4838 54 17 12.03.

130 4875 6 5 *
151 4869 78 17 COURS
229 4869 29 18 ES
269 4870 18 17 A
300 4869 93 17 CANNE»
448 4878 20 5 _
474 4877 14 10 -,

108 4900 62 18 PRIX
182 4901 35 17 DU
228 4901 80 20 SCQCE
309 4901 16 17 T
340 4900 69 20 (1»,009
421 4899 98 22 ttm,mSMl)

113 4937 26 7 -~
152 4932 115 20 Steeple-—
266 4933 38 17 «se)
309 4944 4 5 .
326 4940 24 5 —
365 4932 16 17 1.
394 4931 122 22 Affectueux;

77 4962 54 18 aater
145 4961 74 21 Quaclc;
235 4963 17 17 S.
267 4963 64 20 Magie
343 4963 50 18 Fan:
409 4962 17 17 4.
438 4963 58 17 *P_swr

77 4992 43 19 rr-je!
140 4998 6 12 :
165 4994 46 17 1».—
210 4999 11 15 *,
239 4995 55 19 6.—;-
304 4994 41 17 «.—
346 4996 7 17 t
368 4994 46 17 «50.

77 5036 4 4 .
96 5032 22 5 —
132 5024 58 18 PRIX
203 5024 48 17 CHA
251 5025 38 17 l—
287 5025 31 18 ET
335 5026 65 19 (Ha—
400 5026 14 17 T
422 5034 23 5 —
457 5026 62 18 Jo"-*-.

76 5050 54 21 *»»
143 5053 51 19 Kir.
215 5062 25 6 —
257 5055 16 19 T.
294 5055 90 19 Ttrlajr*
381 5056 6 7 ,
391 5056 75 19 y,"H.-.!
465 5053 54 26 !t«M

58 5080 86 21 Bougon;
150 5086 4 4 -
161 5084 17 17 4.
192 5084 64 21 Bourg
269 5086 65 18 Demis.

50 5109 43 17 Son
109 5111 63 19 placés
190 5117 5 13 :
210 5114 65 19 goton;
292 5116 26 18 Le)
332 5117 172 20 M<n*rm*r-*B«*_
503 5116 4 21 1
506 5127 10 7 .

86 5141 114 22 0*-*-fctni-;
219 5144 102 23 ■-——_;
340 5150 61 21 _«,__.
419 5151 56 18 b,,.,
534 5138 6 36 j

638 3697 31 21 Le
711 3697 148 25 groupement
897 3695 167 22 Post-Scolaire
1107 3696 28 20 de

613 3722 141 21 Schaerbeek
774 3722 96 20 donnait
887 3726 45 16 une
950 3720 73 22 soirée
1042 3721 81 20 drama

613 3747 68 24 tique,
695 3746 88 21 samedi
798 3746 53 23 soir,
865 3746 59 21 dans
939 3745 127 21 l'ancienne
1079 3745 57 20 salle

613 3772 32 20 du
655 3771 91 21 théâtre
757 3771 32 20 du
801 3771 93 20 Marais.
903 3771 64 20 Dans
979 3770 25 20 la
1013 3769 64 23 salle,
1089 3768 46 22 très

612 3795 100 25 remplie,
720 3800 32 16 on
760 3795 164 20 reconnaissait
933 3794 21 22 le
963 3794 92 24 général
1064 3794 58 20 Wan

612 3820 72 24 bersy,
698 3820 23 21 le
737 3820 86 20 colonel
841 3819 110 24 Smeyers,
967 3820 32 19 M.
1016 3818 118 24 Baymond

612 3844 103 23 Foucart,
724 3847 21 20 le
753 3844 33 20 Dr
796 3843 90 24 De'Jace.
896 3843 95 21 échevin
999 3844 29 20 de
1037 3843 87 20 Schaer-

613 3869 62 23 beek,
685 3869 21 21 le
718 3869 74 23 major
802 3868 106 22 Massart.
919 3868 77 20 Victor
1006 3867 66 20 Boin.
1083 3866 40 24 pré-

611 3894 77 20 sident
711 3893 31 20 de
768 3892 156 21 l'Association
948 3891 187 21 Professionnelle

613 3918 40 20 des
671 3917 150 21 Journalistes
840 3917 105 24 Sportifs,
964 3917 40 20 des
1022 3916 113 20 aviateurs

614 3942 74 23 parmi
707 3942 96 23 lesquels
827 3941 22 21 le
871 3941 129 21 lieutenant
1022 3940 108 23 Medaets,

613 3967 67 20 Louis
694 3966 83 24 Crooij,
790 3966 43 20 etc.

639 3991 38 20 On
692 3990 74 24 Jouait
783 3997 9 10 «
809 3989 43 21 Les
867 3989 75 24 Aigles
957 3998 19 14 »,
991 3989 100 22 comédie
1106 3993 29 17 en

613 4015 56 21 trois
680 4015 61 22 actes
753 4015 29 20 de
796 4014 63 21 Josse
872 4014 58 22 Gits,
942 4014 70 20 écrite
1023 4014 24 20 et
1058 4013 78 22 dédiée

614 4039 15 21 k
641 4040 23 20 la
677 4039 106 21 mémoire
796 4039 28 20 de
837 4038 93 21 Gabriel
944 4039 103 20 Modave.

639 4070 21 21 Il
677 4071 35 20 est
727 4069 46 21 très
789 4068 95 23 dlfflclls
902 4068 93 21 d'écrire
1010 4072 47 17 une
1074 4067 61 25 pièce

613 4098 40 17 sur
669 4094 117 20 l'aviation
801 4094 23 21 et
842 4093 90 22 surtout
956 4098 40 15 sur
1022 4092 114 20 l'aviation

614 4118 189 24 contemporaine.
817 4118 21 20 Il
852 4118 52 20 faut
918 4118 64 20 louer
995 4117 32 20 M.
1042 4116 53 21 Gits
1108 4117 28 20 de

614 4142 78 21 l'avoir
710 4141 44 21 osé.
770 4142 21 20 Il
807 4143 35 20 est
860 4141 72 24 poètj,
950 4146 44 16 son
1012 4140 71 24 esprit
1102 4141 35 20 est

614 4166 115 25 imprégné
739 4165 89 24 d'idéal,
839 4171 28 15 sa
879 4165 61 25 pièce
954 4166 35 20 est
1001 4169 135 19 courageuse

615 4192 23 20 et
656 4191 34 21 les
708 4190 108 21 allusions
834 4190 15 20 à
868 4191 24 20 la
910 4190 112 21 situation
1041 4189 94 21 actuelle

614 4216 29 20 de
654 4215 117 20 l'aviation
782 4216 41 19 ont
834 4214 71 22 porté.

639 4245 32 22 Le
683 4245 76 24 public
770 4249 15 16 a
798 4245 46 20 lait
856 4250 33 16 un
903 4244 84 21 accueil
1001 4244 135 20 chaleureux

614 4269 15 20 à
639 4268 92 21 l'œuvre
742 4269 23 21 et
775 4273 45 16 aux
831 4268 96 21 artistes.
938 4269 41 20 Les
985 4268 59 20 rôles
1050 4268 86 20 étaient

613 4294 67 20 tenus
689 4297 43 20 par
741 4292 77 22 Victor
823 4293 133 21 Waefelaer.
966 4292 109 22 excellent
1081 4296 43 16 con-

614 4318 86 20 trôleur
708 4318 41 22 des
757 4317 171 22 contributions.
939 4317 86 21 Marcel
1033 4316 104 23 Antoine,

615 4342 127 21 lieutenant
762 4341 108 21 aviateur,
889 4341 62 25 plein
970 4340 128 23 d'autorité,
1116 4341 20 19 J.

615 4367 29 20 de
662 4366 74 23 Mons,
755 4365 76 21 Pierre
850 4366 92 23 Carton,
962 4366 25 20 P.
1003 4365 134 22 Waefelaer,

614 4390 28 20 B.
661 4390 72 22 Cales,
748 4389 67 21 Mlles
836 4390 27 20 O.
882 4390 124 22 Souwelne,
1031 4390 25 21 T.
1076 4389 60 20 Bae-

615 4414 115 21 maeckers
746 4415 24 20 et
788 4414 88 20 Jeanne
893 4415 34 19 Bo
927 4414 154 23 urtambourg.

640 4439 33 20 La
683 4438 63 24 pièce
760 4437 57 22 était
828 4438 108 25 précédée
948 4439 55 20 d'un
1016 4437 79 25 poème
1108 4438 29 20 de

616 4463 64 20 Josse
694 4462 53 21 Gits
766 4467 6 15 :
788 4470 8 8 ■<
811 4463 20 19 A
846 4462 93 21 Gabriel
954 4463 96 20 Modave
1066 4468 18 18 t,
1100 4462 25 20 in-

615 4486 99 24 terprété
730 4491 43 20 par
792 4487 89 21 Jeanne
898 4487 188 23 Bourtambourg.

640 4512 105 20 Pendant
755 4511 32 21 les
797 4511 126 22 entr'actes,
932 4512 24 20 la
964 4511 134 24 symphonie
1108 4510 29 21 de

615 4535 81 20 l*Eoole
715 4535 108 24 primaire
842 4535 129 25 supérieure
992 4536 29 21 de
1039 4535 86 20 Schaer-

615 4560 56 20 beek
681 4564 25 16 se
719 4560 31 20 fit
760 4557 111 23 entendre
883 4565 53 16 sous
949 4560 24 21 la
985 4559 111 22 direction
1108 4559 29 21 de

616 4584 26 20 M
659 4584 41 20 Ph.
715 4584 51 20 Van
779 4583 140 25 Hemelryck.
932 4594 28 5 —
971 4584 24 20 S.

1151 239 115 48 LES
1309 228 362 60 MÉDECINS

1204 310 48 38 ET
1274 311 66 38 LES
1363 311 250 38 ASSURANCES

1321 362 183 38 SOCIALES

1214 441 62 31 UNE
1295 435 118 37 SÉANCE
1431 442 46 30 AU
1497 442 109 30 PALAIS

1287 485 57 31 DES
1363 480 179 36 ACADÉMIES

1191 556 145 36 L'EXPOSÉ
1355 562 41 30 DE
1415 562 40 30 LA
1474 562 155 35 QUESTION

1174 624 20 19 A
1207 624 124 20 l'initiative
1346 624 31 20 du
1391 623 77 21 Cercle
1479 623 97 21 médical
1588 623 70 21 d'Ixel-

1149 647 39 23 les,
1203 649 52 19 s'est
1268 650 74 20 tenue,
1355 648 86 20 samedi
1454 647 140 24 après-midi,
1606 653 29 15 en
1648 647 22 20 la

1149 673 86 22 grande
1251 672 56 21 salle
1327 673 31 20 du
1379 672 76 20 Palais
1476 673 39 19 des
1533 672 137 22 Académies,

1149 700 45 16 une
1205 697 138 23 importante
1352 696 97 21 réunion
1459 697 30 20 du
1498 701 65 19 corps
1573 696 96 21 médical

1149 725 30 15 au
1198 725 65 16 cours
1278 721 28 20 de
1321 720 95 24 laquelle
1430 721 22 19 le
1467 721 33 20 Dr
1515 720 112 24 Specklin,
1642 720 28 20 de

1150 745 135 23 Strasbourg
1297 745 23 20 et
1330 745 21 20 le
1362 746 33 19 Dr
1406 744 87 21 Guérin
1495 759 5 8 ,
1510 745 28 20 de
1548 744 70 24 Paris,
1630 745 41 20 ont

1150 769 80 24 exposé
1246 769 15 20 à
1277 769 48 20 leur
1341 768 115 21 confrères
1469 768 81 24 belges,
1564 768 21 21 le
1598 768 60 24 systè-

1146 798 39 15 me
1200 794 40 20 des
1254 797 132 16 assurances
1400 793 94 20 sociales
1511 793 160 20 actuellement

1149 822 31 15 en
1198 818 93 23 vigueur
1320 822 29 16 en
1368 817 199 20 Alsace-Lorraine
1600 818 23 20 et
1642 820 29 17 en

1149 842 93 20 France.

1175 872 64 20 Dans
1252 872 22 20 la
1288 871 47 21 très
1348 871 134 22 nombreuse
1496 870 130 24 assistance,
1641 875 30 15 on

1150 896 75 20 notait
1237 896 23 20 la
1273 895 105 25 présence
1391 896 28 20 de
1435 896 56 19 MM.
1506 895 32 20 les
1553 894 118 21 sénateurs

1150 920 107 24 François
1267 920 23 20 et
1301 919 97 24 Butten;
1411 920 67 21 Nens,
1488 923 140 19 gouverneur
1640 919 31 20 du

1150 944 112 23 Brabant;
1277 944 83 22 Julien,
1388 943 120 21 secrétaire
1536 942 92 25 général
1643 944 28 19 de

1150 969 129 20 l'Industrie
1294 969 24 20 et
1331 968 30 20 du
1376 967 98 21 Travail.

1175 1000 36 19 Au
1226 999 85 19 bureau
1326 997 96 21 avaient*
1432 997 47 24 pris
1497 997 63 24 place
1578 1001 6 16 :
1601 997 31 20 M.
1650 996 21 20 le

1149 1023 34 20 Dr
1193 1023 221 23 Leclercq-Demeur,
1428 1021 124 24 président;
1568 1022 31 20 M.
1614 1022 56 19 Car-

1150 1052 51 19 noy,
1215 1047 104 20 ministre
1335 1047 29 20 de
1381 1046 128 20 l'Intérieur
1526 1047 23 19 et
1563 1046 28 20 de
1609 1045 50 23 l'Hy-

1150 1071 73 24 giène;
1242 1072 32 19 M.
1288 1071 111 23 Heyman.
1412 1070 103 20 ministre
1532 1070 27 21 de
1573 1069 86 20 l'Indus-

1150 1096 43 20 trie
1212 1096 24 20 et
1255 1096 31 20 du
1310 1095 100 23 Travail;
1436 1095 56 19 MM.
1516 1095 32 20 les
1567 1094 104 20 docteurs

1150 1120 87 21 Guérin
1257 1120 23 20 et
1296 1119 113 24 Specklin.
1428 1119 58 20 ainsi
1506 1123 43 19 que
1567 1118 56 20 MM.
1640 1117 32 20 les

1150 1144 111 21 membres
1278 1144 31 20 du
1329 1143 82 21 comité
1428 1142 163 24 organisateur.

1176 1176 34 19 En
1230 1174 97 20 ouvrant
1343 1174 23 19 la
1384 1173 88 22 séance,
1491 1173 32 19 M.
1542 1172 22 21 le
1580 1173 33 20 Dr
1628 1171 31 20 Le-

1149 1199 190 23 clercq-Demeur,
1348 1197 121 24 président,
1478 1197 108 20 remercie
1596 1197 23 20 la
1628 1196 31 20 Fé-

1151 1224 103 20 dération
1271 1222 109 21 médicale
1399 1221 71 24 belge,
1486 1221 21 20 le
1524 1220 89 25 Collège
1633 1220 39 20 des

1150 1247 120 23 médecins,
1283 1246 134 21 l'Académie
1430 1246 27 20 de
1471 1245 115 21 médecine
1602 1245 23 20 et
1640 1244 32 20 les

1150 1272 139 23 professeurs
1309 1271 40 20 des
1365 1271 79 23 quatre
1465 1268 101 24 facultés,
1588 1268 84 21 d'avoir

1151 1295 93 25 apporté
1266 1296 48 20 leur
1335 1294 69 24 appui
1422 1294 14 20 à
1457 1293 169 24 l'organisation
1644 1293 28 20 de

1150 1321 59 20 cette
1220 1319 102 21 réunion.
1333 1320 5 5 '

1175 1350 21 20 Il
1205 1350 63 20 salue
1278 1350 32 20 les
1321 1349 104 20 docteurs
1437 1346 87 22 Guérin
1534 1346 23 20 et
1566 1343 105 26 Specklin

1150 1375 57 20 dont
1222 1374 17 21 11
1252 1374 34 20 dit
1302 1373 22 20 la
1337 1373 82 23 longue
1435 1371 130 24 expérience
1579 1374 29 16 en
1620 1373 39 16 ma-

1151 1398 55 21 tière
1223 1399 155 20 d'assurances
1393 1396 99 21 sociales.
1513 1393 130 26 (Applaud.)

1176 1440 138 21 L'EXPOSE
1325 1440 42 20 DU
1378 1437 141 22 DOCTEUR
1533 1435 114 23 GUERIN

1176 1485 32 19 M.
1221 1484 22 20 le
1255 1484 34 19 Dr
1303 1482 93 22 Guérin,
1407 1482 28 20 de
1447 1481 24 20 la
1483 1478 93 22 Faculté
1588 1479 28 21 de
1627 1479 33 20 Pa-

1151 1509 38 22 ris,
1199 1513 25 16 se
1235 1507 83 24 réjouit
1328 1507 28 20 de
1367 1506 73 20 revoir
1449 1505 24 20 la
1484 1504 107 23 Belgique
1603 1503 24 21 et
1636 1503 36 24 d'y

1151 1532 92 25 pouvoir
1256 1531 98 21 célébrer
1366 1530 23 20 la
1401 1525 164 25 confraternité
1579 1528 93 20 franco-

1151 1557 69 23 belge.
1231 1557 21 20 Il
1261 1560 24 16 se
1297 1555 84 20 félicite
1393 1555 28 20 de
1433 1552 132 22 rencontrer
1576 1552 39 21 des
1627 1551 34 21 mi-

1152 1582 82 20 nistres
1249 1580 15 20 à
1277 1580 59 20 cette
1350 1578 88 22 séance.
1448 1592 4 5 .

1176 1610 108 21 D'accord
1295 1614 39 17 sur
1345 1609 21 21 le
1376 1607 103 25 principe
1489 1607 40 20 des
1540 1609 132 18 assurances

1150 1635 101 23 sociales,
1266 1639 32 16 on
1310 1634 55 23 peut
1380 1633 98 20 discuter
1495 1632 39 20 des
1547 1629 125 22 modalités.

1152 1661 28 19 Et
1192 1660 44 20 l'on
1246 1659 54 24 peut
1310 1658 47 20 dire
1368 1655 196 22 immédiatement
1572 1653 53 26 qu'il
1634 1658 15 20 y
1658 1658 15 16 a

1151 1685 40 20 des
1203 1683 139 24 organismes
1355 1681 102 20 naturels
1470 1678 142 25 corporatifs,
1622 1678 51 24 plus

1152 1708 104 25 qualifiés
1279 1711 43 20 que
1342 1705 69 21 l'Etat
1430 1708 57 21 pour
1508 1704 115 22 s'occuper
1646 1701 27 21 de

1151 1733 60 20 cette
1222 1731 111 25 question.

1177 1762 21 21 Il
1208 1762 52 20 faut
1272 1760 92 21 d'abord
1374 1757 105 27 poser/en
1491 1757 46 21 fait
1546 1761 49 20 que,
1607 1755 54 21 indé-

1152 1785 164 26 pendamment
1343 1785 28 20 de
1398 1783 53 21 tout
1465 1781 84 21 intérêt
1564 1779 109 22 matériel,

1153 1810 112 22 l'exercice
1283 1810 27 20 de
1327 1808 52 21 l'art
1398 1806 97 22 médical
1511 1808 97 21 suppose
1624 1807 38 17 cer-

1153 1836 73 20 taines
1237 1833 127 21 conditions
1374 1830 166 23 élémentaires;
1553 1833 46 19 car,
1610 1836 9 10 .
1632 1832 29 19 op-

1153 1859 83 25 primer
1246 1858 20 21 le
1276 1856 110 23 médecin,
1396 1856 54 20 c'est
1460 1856 51 19 tuer
1522 1854 21 20 le
1554 1852 90 22 malade
1656 1860 18 12 ».

1177 1888 116 21 L'orateur
1311 1886 94 24 critique
1422 1884 60 21 alors
1501 1887 62 17 assez
1580 1882 82 24 longue-

1153 1914 64 20 ment
1232 1913 23 20 la
1271 1911 31 21 loi
1320 1909 121 24 française,
1455 1907 66 22 votée
1539 1907 15 21 à
1568 1907 24 20 la
1610 1905 64 21 veille

1153 1938 39 21 des
1207 1936 108 21 élections
1330 1935 28 21 de
1375 1934 57 21 1928.
1445 1934 35 20 En
1494 1932 66 20 vertu
1573 1931 28 21 de
1614 1930 60 21 cette

1153 1962 36 23 loi,
1205 1959 99 24 l'assuré,
1317 1963 43 16 son
1373 1957 104 24 conjoint
1493 1957 23 20 et
1531 1959 36 17 ses
1581 1954 93 21 enfants

1153 1991 28 15 en
1204 1986 92 20 dessous
1315 1984 28 20 de
1367 1983 25 20 16
1411 1986 49 19 ans,
1478 1979 139 22 bénéficient
1635 1978 39 20 des

1152 2010 62 20 soins
1229 2009 119 20 médicaux
1366 2008 24 19 ct
1406 2004 219 26 pharmaceutiques,
1644 2002 30 20 du

1152 2033 134 22 traitement
1301 2030 142 24 chirurgical,
1460 2030 43 20 etc.
1521 2028 46 21 Dès
1585 2028 52 21 lors,
1652 2026 23 20 la

1152 2056 180 23 consommation
1359 2053 110 23 médicale
1497 2052 35 21 est
1562 2050 112 24 déouplée.

1152 2083 61 21 C'est
1230 2081 78 23 l'abus,
1324 2084 39 16 car
1380 2079 21 21 le
1421 2077 104 22 médecin
1540 2075 135 24 scrupuleux

1152 2111 65 16 verra
1239 2106 29 20 de
1286 2104 125 21 nombreux
1429 2102 102 21 malades
1552 2104 43 20 par
1617 2099 58 23 jour,

1153 2136 57 19 pour
1222 2129 89 21 obtenir
1326 2128 21 21 le
1362 2127 51 25 plus
1427 2127 29 20 de
1470 2135 9 9 **
1496 2126 57 20 bons
1568 2131 9 11 »
1592 2123 70 21 forfai-

1152 2156 76 21 taires.

1178 2186 21 20 Il
1215 2185 52 20 faut
1285 2183 111 24 épargner
1412 2180 59 21 cette
1490 2177 152 23 médecine-là
1661 2175 15 21 à

1153 2214 56 17 ceux
1229 2209 57 20 dont
1305 2212 30 16 on
1356 2205 96 25 prétend
1470 2207 89 17 assurer
1580 2202 22 20 le
1622 2201 52 20 bien

1156 2233 84 25 (Appl.)
1258 2234 33 19 La
1307 2230 141 22 tarification
1465 2229 34 20 est
1517 2231 45 16 une
1579 2227 95 19 atteinte

1154 2264 29 15 au
1195 2259 56 20 libre
1265 2257 67 20 choix
1344 2256 30 20 du
1388 2252 103 23 médecin
1503 2253 23 19 et
1540 2251 20 20 le
1575 2249 99 21 contrôle

1153 2284 35 20 est
1203 2286 45 17 une
1264 2280 96 21 atteinte
1374 2279 15 20 à
1403 2279 22 19 la
1439 2276 79 21 liberté
1533 2273 130 25 thérapeuti-

1154 2312 48 19 que.
1214 2307 51 20 Une
1280 2308 67 21 grave
1360 2302 103 25 question
1475 2300 56 20 mise
1544 2304 29 15 en
1588 2299 38 23 Jeu
1641 2299 34 17 est

1153 2332 55 20 celle
1222 2331 32 20 du
1269 2329 73 21 secret
1356 2324 164 28 professionnel
1540 2328 6 15 :
1563 2327 28 16 en
1609 2323 54 19 déro-

1154 2356 69 23 geant
1233 2354 14 21 à
1258 2352 97 22 celui-ci,
1365 2352 21 19 le
1398 2349 89 22 malade
1498 2352 58 16 aura
1566 2351 45 16 une
1623 2346 52 20 ten-

1155 2382 66 19 tance
1233 2378 15 21 à
1259 2383 26 15 se
1296 2377 89 23 soigner
1400 2375 50 24 plus
1460 2372 48 21 mal
1522 2376 30 16 ou
1564 2376 15 15 a
1593 2375 24 15 se
1630 2370 33 20 soi-

1154 2409 55 18 gner
1227 2404 51 22 trop
1293 2401 59 21 tard.
1369 2400 31 20 Le
1418 2398 62 21 riche
1497 2400 58 17 aura
1573 2394 102 23 toujours

1154 2429 23 20 la
1190 2425 122 26 possibilité
1327 2426 28 19 de
1368 2429 24 16 se
1405 2422 59 21 faire
1479 2421 90 23 soigner
1580 2423 43 20 par
1637 2417 38 24 qui

1155 2454 31 20 lui
1196 2451 64 26 plaît,
1273 2451 24 20 et
1307 2450 16 20 U
1335 2453 56 17 aura
1401 2448 23 19 la
1438 2445 103 25 garantie
1553 2444 32 20 du
1596 2443 79 19 secret.

1178 2483 35 20 En
1224 2482 94 20 France,
1328 2479 22 20 le
1361 2482 66 19 corps
1438 2474 96 23 médical
1545 2478 15 15 a
1572 2471 63 24 réagi
1646 2475 33 16 un

1153 2512 44 17 peu
1211 2503 153 23 tardivement
1380 2502 24 21 et
1419 2506 14 15 a
1448 2499 53 21 voté
1518 2503 33 16 un
1564 2497 67 21 ordre
1647 2496 31 20 du

1153 2533 51 22 jour
1223 2528 128 22 réclamant
1368 2531 13 19 .;
1404 2527 21 19 1)
1446 2525 21 20 le
1487 2524 58 20 libre
1560 2522 67 33 choix
1647 2521 30 19 du

1154 2555 111 22 médecin;
1282 2554 22 20 2)
1322 2553 24 20 la
1357 2549 80 23 liberté
1453 2547 181 25 thérapeutique;
1652 2546 23 20 3)

1154 2581 20 21 le
1188 2579 89 24 respect
1291 2578 32 20 du
1337 2576 73 21 secret
1425 2573 105 22 médical;
1547 2572 22 21 4)
1586 2571 21 20 le
1622 2574 43 16 con-

1155 2605 56 20 trôle
1227 2604 31 20 du
1277 2602 91 21 malade
1387 2604 43 21 par
1448 2599 24 20 la
1490 2597 72 21 caisse
1581 2596 24 20 et
1621 2595 56 20 celui

1154 2630 30 20 du
1201 2627 103 22 médecin
1321 2630 43 21 par
1381 2629 37 16 ses
1435 2622 139 25 organismes
1589 2620 77 25 profes-

1153 2653 108 22 sionnels;
1283 2652 22 20 5)
1328 2651 21 20 le
1367 2648 116 26 paiement
1502 2647 72 20 direct
1590 2649 39 16 sur
1655 2645 23 18 la

1154 2679 52 20 base
1225 2678 39 19 des
1282 2675 68 21 tarifs
1368 2673 124 25 syndicaux
1509 2671 103 21 minlma.

1178 2702 117 21 L'orateur
1305 2699 97 21 termine
1414 2702 29 16 en
1456 2695 122 25 suggérant
1590 2695 40 20 des
1641 2697 25 16 so-

1154 2727 84 20 lutions
1255 2725 38 24 qui
1308 2722 100 27 peuvent
1424 2726 25 16 se
1472 2721 101 21 résumer
1590 2719 60 20 ainsi
1670 2722 6 15 :

1154 2750 121 21 allocation
1286 2748 129 21 forfaitaire
1427 2745 146 26 quotidienne
1586 2749 30 15 au
1628 2747 38 16 ma-

1154 2776 60 22 lade;
1232 2774 102 21 création
1348 2773 31 20 du
1393 2770 144 24 bon-chèque
1552 2773 30 16 au
1596 2771 81 21 moyen

1155 2799 101 24 desquels
1272 2799 22 20 le
1314 2797 90 21 malade
1424 2796 52 24 paie
1501 2798 42 17 son
1576 2792 101 21 médecin

1158 2824 106 24 (système
1275 2822 39 25 qui
1326 2827 16 15 a
1354 2822 21 20 le
1389 2820 81 21 mérite
1483 2819 28 21 de
1523 2818 59 20 faire
1595 2818 23 19 la
1631 2817 34 20 dis-

1155 2848 97 20 tinction
1264 2848 65 19 entre
1341 2846 32 20 les
1386 2845 87 24 risques
1484 2844 24 20 et
1519 2843 39 24 qui
1571 2846 30 17 ne
1612 2841 66 24 grève

1155 2873 64 24 point
1233 2872 37 21 les
1289 2871 83 20 caisses
1393 2874 58 20 pour
1469 2869 40 20 des
1529 2868 93 20 rhumes
1651 2867 27 19 de

1154 2901 94 16 cerveau
1267 2901 30 15 ou
1316 2895 79 20 autres
1410 2893 111 21 maladies
1546 2891 117 23 bénignes)
1671 2895 5 18 ;

1153 2921 169 25 capitalisation
1336 2920 40 19 des
1390 2918 133 21 cotisations
1536 2917 28 20 de
1579 2915 99 22 l'assuré,

1154 2946 28 21 de
1195 2945 101 21 manière
1310 2949 44 19 que
1369 2942 123 22 l'intéressé
1506 2941 82 24 puisse,
1600 2940 34 20 s'il
1641 2940 37 19 n'a

1154 2975 41 19 pas
1208 2969 36 22 été
1257 2969 97 22 malade,
1364 2967 123 21 bénéficier
1500 2967 28 20 de
1538 2970 43 16 son
1594 2965 83 24 capital

1155 2999 55 20 pour
1226 2999 35 16 ses
1278 2994 66 20 vieux
1359 2993 69 24 jours.

1179 3019 77 22 Enfin,
1277 3022 58 20 pour
1357 3018 88 20 donner
1465 3020 45 16 aux
1530 3015 83 21 caisses
1633 3018 45 16 une

1154 3044 104 23 garantie
1270 3044 29 20 de
1313 3042 23 20 la
1348 3040 105 22 moralité
1467 3040 116 22 médicale,
1597 3040 17 19 il
1627 3039 50 20 faut

1154 3068 62 21 créer
1230 3072 32 16 un
1275 3067 66 20 ordre
1355 3067 39 20 des
1408 3065 121 21 médecins.
1546 3064 94 24 (Appl.).

1190 3110 91 21 L'AVIS
1292 3110 42 20 DU
1346 3109 140 21 DOCTEUR
1497 3107 144 22 SPECKLIN

1179 3153 32 20 M.
1228 3153 22 20 le
1266 3153 31 19 D-
1317 3152 56 20 Paul
1392 3151 112 24 Specklin,
1518 3150 55 21 chef
1591 3150 29 20 de
1637 3150 29 20 cli-

1155 3178 66 24 nique
1237 3177 14 20 à
1268 3177 127 22 Mulhouse,
1411 3176 88 20 déclare
1517 3175 92 20 d'abord
1626 3174 52 25 qu'il

1155 3207 28 16 ne
1198 3201 102 24 s'inspire
1313 3205 43 20 que
1370 3201 29 21 de
1412 3200 99 21 l'intérêt
1524 3199 92 24 général
1622 3203 56 20 pour

1154 3226 106 24 critiquer
1276 3226 21 20 le
1310 3225 97 24 système
1423 3224 161 21 actuellement
1600 3228 29 16 en
1644 3224 23 19 vi-

1155 3256 70 19 gueur
1243 3255 29 16 en
1291 3250 86 20 Alsace,
1395 3250 21 20 n
1432 3249 45 20 fait
1496 3248 138 25 l'historique
1651 3248 27 20 de

1154 3280 25 17 ce
1193 3275 98 25 système
1305 3275 24 20 et
1343 3275 31 20 du
1387 3274 97 24 système
1500 3273 122 22 allemand,
1636 3277 42 20 que

1155 3300 45 20 l'on
1215 3299 117 21 considère
1346 3299 147 21 maintenant
1506 3302 86 17 comme
1609 3298 70 24 ayant

1155 3325 43 20 fait
1211 3324 89 20 faillite.

1179 3349 21 20 Il
1219 3348 90 21 montre
1328 3353 43 19 que
1389 3348 23 20 la
1431 3348 88 23 gestion
1538 3348 40 20 des
1596 3347 83 20 caisses

1155 3373 154 20 d'assurances
1326 3373 94 20 sociales
1435 3373 35 20 est
1487 3373 96 19 souvent
1601 3372 65 24 dispu-

1156 3398 34 20 tée
1204 3398 66 21 entre
1283 3398 29 20 de
1327 3397 82 24 petites
1421 3397 85 24 cliques
1520 3397 117 20 d'intérêts
1650 3401 28 16 ou

1155 3423 39 19 des
1208 3422 73 27 partis
1295 3422 126 24 politiques,
1435 3422 26 20 et
1474 3421 79 24 qu'elle
1568 3422 64 20 revêt
1647 3425 30 17 un

1155 3446 113 21 caractère
1284 3447 27 20 de
1325 3447 58 20 lutte
1396 3447 28 20 de
1438 3446 88 21 classes.

1179 3471 178 24 Pratiquement,
1368 3475 29 17 en
1409 3471 80 20 Alsace
1502 3471 24 20 et
1538 3475 29 17 en
1579 3470 99 23 Moselle,

1155 3500 36 16 ces
1207 3495 83 21 caisses
1305 3495 122 24 englobent
1442 3496 26 19 90
1484 3500 21 19 p.
1521 3499 19 17 c.
1556 3495 29 21 de
1598 3495 23 20 la
1637 3500 29 19 po-

1155 3520 109 23 pulation.
1281 3520 60 20 Elles
1362 3519 126 21 rétribuent
1510 3517 17 23 à'
1545 3520 82 20 forfait
1646 3520 32 20 les

1155 3545 62 20 soins
1227 3544 93 21 donnés.
1329 3545 32 20 Ce
1370 3544 98 23 système
1481 3544 80 21 amène
1571 3545 28 20 de
1610 3548 54 19 nom-

1155 3568 70 20 breux
1236 3568 56 20 abus
1307 3573 5 15 :
1324 3568 122 24 gaspillage
1458 3570 9 20 (
1477 3569 26 20 50
1514 3573 21 20 p.
1545 3570 28 20 c.)
1586 3569 28 20 de
1623 3573 41 20 pro-

1155 3593 61 20 duits
1227 3592 212 25 pharmaceutiques
1449 3597 58 19 pour
1517 3594 39 20 des
1567 3593 110 20 maladies

1155 3616 114 24 bénignes,
1282 3616 151 24 dilapidation
1449 3618 39 20 des
1504 3617 132 20 allocations
1649 3617 28 20 de

1155 3641 116 24 chômage,
1289 3641 125 20 nombreux
1430 3641 125 21 certificats
1567 3641 31 22 .de
1614 3645 51 16 com-

1155 3666 124 23 plaisance;
1302 3665 86 24 danger
1405 3666 31 20 du
1453 3664 126 24 diagnostic
1596 3664 68 21 immé-

1156 3690 49 21 diat
1217 3689 98 21 réclamé
1329 3694 42 20 par
1384 3690 32 20 les
1427 3689 91 23 caisses;
1533 3688 144 24 multiplicité

1155 3715 40 20 des
1216 3714 144 21 traitements
1377 3713 143 24 incomplets;
1543 3712 134 24 disparition

1155 3739 31 20 du
1200 3746 9 10 «
1221 3738 102 21 médecin
1334 3739 28 20 de
1373 3737 87 21 famille
1471 3746 9 10 •
1495 3738 23 21 et
1528 3736 148 25 dégradation

1155 3763 29 20 de
1195 3763 23 20 la
1230 3762 133 25 profession,
1378 3762 41 20 etc.

1179 3794 35 19 En
1234 3792 132 22 terminant,
1385 3792 21 20 le
1421 3792 31 20 D'
1472 3791 107 25 Specklin
1598 3795 80 20 expose

1155 3817 146 24 longuement
1317 3821 26 16 ce
1357 3816 53 24 qu'il
1425 3816 80 20 estime
1520 3821 45 16 une
1580 3816 97 20 solution

1155 3841 143 21 raisonnable
1316 3846 6 15 :
1337 3841 113 24 l'épargne
1465 3840 144 21 individuelle
1621 3840 46 21 obli-

1155 3866 85 24 gatoire
1259 3870 54 16 avec
1332 3865 169 24 capitalisation
1520 3865 39 20 des
1578 3869 89 17 ressour-

1155 3895 36 17 ces
1207 3891 24 20 et
1248 3890 101 21 création
1368 3890 53 20 d'un
1440 3890 68 20 fonds
1526 3894 107 16 commun
1651 3889 27 21 de

1154 3914 116 21 solidarité
1299 3914 88 21 destiné
1417 3919 45 16 aux
1490 3914 89 21 assurés
1608 3917 70 21 ayant

1155 3939 76 24 épuisé
1245 3939 49 21 leur
1308 3939 70 24 avoir,
1393 3938 15 21 à
1423 3939 39 20 des
1479 3939 133 20 allocations
1626 3938 40 24 spé-

1154 3964 75 23 ciales,
1250 3963 15 21 à
1286 3963 185 21 rétablissement
1492 3964 28 21 de
1541 3963 138 24 dispensaire

1155 3989 24 20 et
1198 3988 123 23 sanatoria,
1339 3988 42 20 etc.
1405 3988 93 24 (Appl.).

1247 4025 37 20 LA
1299 4024 51 20 FIN
1366 4024 40 20 DE
1422 4025 37 19 LA
1476 4024 110 21 SÉANCE

1180 4061 32 19 M.
1227 4061 110 23 Heyman,
1353 4059 105 21 ministre
1475 4060 27 21 de
1520 4059 129 21 l'Industrie
1656 4061 23 19 et

1156 4086 30 20 du
1203 4085 97 22 Travail,
1319 4084 89 24 promet
1423 4088 43 20 que
1483 4084 23 20 la
1521 4084 31 20 loi
1569 4084 63 24 belge
1650 4088 28 16 ne

1155 4114 51 16 sera
1225 4114 42 20 pas
1285 4108 65 21 votée
1370 4113 54 15 sans
1449 4113 46 16 une
1526 4109 152 20 consultation

1156 4134 112 24 préalable
1282 4134 28 20 de
1323 4134 23 19 la
1358 4133 144 24 corporation
1513 4134 40 19 des
1565 4133 114 20 médecins

1155 4159 24 20 et
1197 4158 79 24 qu'elle
1292 4158 128 24 respectera
1451 4157 52 21 tous
1525 4157 33 21 les
1578 4157 100 21 intérêts.

1158 4183 94 24 (Appl.).

1181 4208 31 19 M.
1228 4208 21 19 le
1267 4206 117 26 président
1398 4207 107 20 remercie
1525 4207 33 20 les
1576 4208 103 19 orateurs

1155 4232 24 19 et
1189 4232 102 23 souligne
1303 4236 42 19 que
1356 4232 22 19 le
1389 4236 66 19 corps
1466 4231 96 21 médical
1575 4231 51 21 tout
1638 4236 28 16 en-

1155 4256 44 20 tier
1219 4256 138 21 collaborera
1378 4255 16 21 à
1420 4256 92 20 l'oeuvre
1529 4256 103 21 nouvelle
1659 4257 20 19 si

1155 4280 88 21 celle-ci
1260 4281 59 20 tient
1332 4280 90 24 compte
1438 4281 28 20 de
1479 4280 56 21 trois
1550 4280 76 25 points
1642 4285 24 16 es-

1155 4305 93 20 sentiels
1269 4309 6 16 :
1295 4305 56 20 libre
1369 4305 67 20 choix
1454 4304 79 21 absolu
1552 4305 30 20 du
1601 4305 65 21 méde-

1155 4329 44 22 cin,
1214 4329 73 21 secret
1310 4329 165 24 professionnel
1505 4329 175 24 Intégralement

1155 4353 100 24 respecté
1267 4354 24 20 et
1302 4353 125 24 règlement
1438 4354 40 20 des
1488 4354 131 21 honoraires
1625 4358 54 17 sans

1156 4378 153 24 tiers-payant
1325 4378 25 20 ni
1365 4378 88 20 forfait.
1475 4378 93 24 (Appl.).

1180 4402 33 21 La
1229 4402 81 21 séance
1327 4403 35 20 est
1378 4402 61 21 levée
1456 4403 94 21 ensuite.
1567 4413 27 5 —
1609 4404 30 20 X.

689 4663 88 39 LES
800 4664 168 38 CONCE
971 4663 91 39 RTS

691 4739 120 21 GROUPE
832 4738 230 22 INSTRUMENTAL

765 4770 40 19 DE
815 4770 171 20 BRUXELLES

641 4806 43 21 Cet
694 4805 137 21 intéressant
842 4806 114 20 ensemble
966 4804 171 22 d'instruments

617 4830 15 20 à
644 4831 79 19 cordes
735 4830 54 20 s'est
800 4830 46 21 fait
859 4830 115 23 entendre,
985 4829 88 21 samedi
1085 4829 52 22 soir,

616 4859 52 16 sous
684 4856 23 19 la
724 4854 110 21 direction
864 4855 86 20 avertie
976 4855 29 20 de
1020 4854 31 20 M
1065 4853 72 20 Emile

617 4879 136 23 Chaumont,
775 4878 21 20 le
817 4878 21 21 si
859 4879 80 20 artiste
959 4878 129 24 professeur
1108 4878 29 20 de

616 4903 75 20 violon
704 4907 31 16 au
749 4903 171 22 Conservatoire
934 4903 29 20 de
978 4902 122 21 Bruxelles.

642 4926 71 24 Après
725 4927 21 20 le
757 4927 105 20 concerto
871 4931 77 20 grosso
958 4931 29 17 en
1001 4934 9 9 «
1024 4926 27 21 fa
1063 4934 9 9 »
1086 4930 39 16 ma-

618 4951 50 24 jeur
686 4951 30 21 de
735 4950 103 22 Baendel
858 4952 24 20 et
901 4952 22 20 le
942 4951 97 20 Prélude
1056 4955 41 16 tur
1117 4949 20 21 le

617 4975 67 21 motif
698 4982 9 10 .
721 4975 98 23 («euando
830 4979 80 20 corpus
929 4985 3 6 -
946 4976 32 20 du
993 4975 81 21 Stabat
1087 4980 38 14 ma-

618 5001 42 21 te,
672 5000 30 20 de
719 4998 123 25 Pergolèse,
859 5004 31 16 on
906 5000 119 24 applaudit
1042 4999 23 20 le
1082 5003 44 16 con-

618 5024 62 20 certo
695 5028 30 16 en
742 5031 9 9 •
768 5023 26 21 ré
807 5032 10 9 •
832 5023 96 24 mineur,
942 5028 58 20 pour
1015 5024 59 20 deux
1088 5023 38 20 vio-

618 5048 50 22 lons
683 5048 25 21 et
721 5048 115 20 orchestre
851 5048 30 21 de
897 5049 21 19 J.
934 5048 23 20 S.
974 5048 71 23 Bach,
1061 5046 30 22 où
1105 5048 32 20 les

618 5073 72 23 partie
705 5072 31 21 du
751 5072 76 21 violon
842 5072 87 21 étaient
941 5072 99 21 confiées
1054 5076 30 16 au
1100 5073 25 19 ta-

618 5097 48 21 lent
679 5097 29 21 de
721 5096 54 21 Mlle
787 5095 28 22 G.
830 5097 27 19 Se
858 5097 85 20 hel.inx
957 5097 24 20 et
994 5098 30 18 M.
1038 5097 25 19 E.
1075 5096 50 21 Bou-

617 5121 60 26 quet.

642 5145 60 22 Puis,
715 5145 55 21 Mlle
785 5145 97 21 Mireille
894 5145 74 24 Flour,
983 5144 109 25 harpiste,
1108 5145 30 20 fit

617 5169 72 22 valoir
696 5174 29 16 sa
735 5169 126 21 musicalité
872 5170 48 21 fine
931 5171 23 19 et
965 5169 104 25 poétique
1080 5170 58 20 dans

617 5195 34 20 les
664 5201 9 11 ■
685 5194 90 20 Danses
789 5201 18 15 «,
820 5194 29 20 de
861 5194 25 20 C.
901 5194 107 23 Debussy.

642 5219 61 21 Four
714 5217 63 23 finir,
786 5217 121 22 l'adorable
921 5225 9 10 •
944 5218 64 21 Suite
1018 5218 89 24 Basque
1120 5225 18 15 -,

617 5244 30 20 de
657 5242 42 21 Ch.
708 5242 92 22 Bordes,
810 5241 136 25 Interprétée
956 5242 16 21 à
983 5242 61 21 ravir
1053 5246 43 19 par
1107 5243 30 19 M.

618 5267 82 22 Ptoefs,
722 5270 32 17 un
772 5264 89 22 flûtiste
878 5266 85 24 expert,
983 5266 82 21 double
1083 5266 55 21 d'un

618 5291 110 21 musicien
738 5289 92 23 raffiné,
841 5290 24 20 et
875 5289 20 21 le
906 5291 97 24 quatuor
1013 5289 15 21 à
1038 5290 77 20 cordes
1130 5295 6 15 :

617 5316 57 21 Mlle
685 5315 27 20 G.
724 5314 120 20 Schellinx.
855 5314 56 20 MM.
922 5314 24 20 E.
957 5314 109 25 Bouquet,
1078 5314 48 21 Gas-

618 5342 40 20 ton
668 5338 83 22 Jacobs
759 5339 26 21 et
795 5338 32 21 M.
838 5338 58 20 Rass
897 5338 42 21 art.

643 5363 81 21 Grand
736 5361 77 23 succès
827 5363 22 20 et
863 5362 45 23 vifs
922 5362 216 25 applaudissements

619 5389 14 21 à
646 5391 56 19 tous.
715 5396 27 7 —
751 5386 26 22 T.
789 5386 29 23 H.

1157 4476 43 31 L**
1212 4476 124 32 ANVERS
1337 4477 87 31 VILLE
1435 4480 14 13 »
1464 4478 23 30 A
1500 4477 181 32 ZEEBRUGGE

1181 4537 134 24 Zeebrugge,
1338 4538 25 19 16
1384 4537 88 21 février.
1490 4547 28 6 —
1543 4538 33 20 La
1610 4538 69 20 malle

1155 4562 127 23 congolaise
1301 4569 10 10 «
1321 4562 139 20 Anversville
1468 4570 8 9 «
1499 4562 35 20 est
1554 4562 87 22 arrivée
1664 4563 15 20 à

1155 4587 14 19 4
1182 4587 82 20 heures
1278 4591 30 16 au
1321 4586 60 21 môle
1394 4587 28 20 de
1436 4586 135 24 Zeebrugge,
1583 4592 30 15 en
1626 4587 40 24 pré-

1155 4615 66 17 sence
1237 4611 68 20 d'une
1318 4611 62 20 foule
1393 4610 153 22 considérable
1561 4612 79 20 d'amis
1656 4613 24 19 et

1156 4635 29 21 de
1199 4635 98 20 curieux.

1180 4659 46 21 Sur
1236 4656 27 23 'le
1278 4659 53 24 quai
1346 4659 115 21 attendait
1478 4660 20 20 le
1514 4660 84 21 conseil
1614 4661 64 20 d'ad-

1156 4684 153 19 minlstiation
1330 4684 31 20 du
1378 4684 59 20 môle
1458 4685 29 20 de
1507 4685 127 24 Zeebrugge
1655 4688 23 18 et

1156 4708 32 21 les
1205 4708 109 20 autorités
1333 4708 134 24 brugeoises.

1180 4732 43 20 Les
1235 4736 144 16 manœuvres
1393 4733 79 20 furent
1485 4733 39 20 des
1537 4733 51 24 plus
1601 4733 78 24 aisées,

1155 4756 86 24 malgré
1258 4757 33 20 les
1310 4761 52 19 gros
1379 4757 98 24 glaçons.

1181 4781 43 20 Cet
1239 4781 117 23 accostage
1370 4782 35 19 est
1420 4786 31 15 un
1464 4781 77 21 succès
1555 4786 58 20 pour
1627 4782 38 21 l'es-

1155 4805 49 20 cale
1217 4805 24 20 et
1252 4805 24 20 la
1290 4809 83 20 preuve
1385 4810 43 19 que
1440 4806 128 24 Zeebrugge
1580 4807 35 20 est
1625 4807 52 21 bien

1156 4829 119 21 accessible
1292 4834 45 15 aux
1355 4829 124 21 bâtiments
1496 4831 28 20 de
1542 4831 70 21 haute
1629 4836 49 16 mer

1155 4854 24 20 et
1196 4853 122 21 deviendra
1338 4854 55 23 peut
1412 4854 48 22 être
1481 4859 32 16 un
1529 4855 53 24 jour
1600 4860 33 17 un
1650 4857 27 20 de

1156 4882 42 15 nos
1213 4878 83 23 grands
1313 4879 62 22 ports
1390 4883 57 19 pour
1461 4878 33 21 les
1508 4884 129 20 voyageurs.

1181 4902 38 20 Un
1234 4902 61 20 train
1311 4902 83 24 spécial
1409 4908 14 15 a
1436 4904 103 20 emmené
1552 4904 34 21 les
1598 4909 67 20 passa-

1156 4931 51 19 gers
1223 4927 23 20 et
1262 4927 21 20 le
1300 4927 99 21 courrier
1412 4927 80 25 postal.

1244 5000 37 28 LE
1297 5001 58 27 Xme
1368 5002 227 29 ANNIVERSAIRE

1322 5053 40 28 OU
1379 5053 134 29 SOUTIEN

1186 5126 10 10 •
1211 5119 31 21 Le
1256 5119 95 21 Soutien
1364 5128 18 15 .,
1397 5121 22 20 le
1432 5120 96 22 vaillant
1541 5121 71 22 cercle
1626 5122 41 24 phi-

1159 5143 159 25 lanthropique
1333 5144 28 21 de
1377 5145 151 21 Saint-Gilles
1556 5151 16 16 a
1598 5146 81 22 donné,

1158 5168 87 20 samedi
1257 5167 53 24 soir,
1325 5168 15 21 à
1356 5169 118 21 l'occasion
1489 5170 29 20 de
1532 5174 44 16 son
1588 5170 33 20 X'
1636 5175 30 15 an-

1158 5192 129 23 niversaire,
1300 5197 31 16 un
1342 5194 72 22 grand
1427 5193 37 21 bal
1477 5193 54 25 paré
1543 5195 24 20 et
1579 5194 99 21 travesti.

1183 5216 36 21 En
1227 5217 24 20 la
1261 5216 56 22 salle
1327 5218 27 20 de
1363 5218 23 20 la
1396 5218 133 22 Madeleine,
1539 5219 40 19 des
1589 5218 90 24 couples

1158 5240 88 25 Joyeux,
1258 5241 60 20 dans
1329 5244 33 20 les
1376 5242 112 20 costumes
1501 5243 32 20 les
1545 5241 52 25 plus
1610 5242 57 23 origi-

1158 5269 69 19 naux,
1249 5265 205 21 tourbillonnèrent
1480 5270 46 16 aux
1551 5269 55 17 sons
1625 5266 54 20 d'un

1159 5290 48 23 jazz
1222 5289 47 21 très
1282 5289 128 21 entalnant.

1184 5314 45 21 Des
1244 5312 137 23 intermèdes
1393 5313 104 21 brillants
1511 5317 25 17 se
1550 5312 72 22 firent
1637 5317 30 20 ap-

1158 5337 91 25 plaudir
1260 5338 25 20 et
1295 5339 54 20 c'est
1361 5343 30 15 au
1403 5338 59 24 petit
1474 5338 52 23 Jour
1539 5342 42 19 que
1594 5341 25 16 se
1631 5337 36 21 ter-

1158 5361 64 21 mina
1234 5361 60 21 cette
1309 5362 47 21 fête
1371 5362 163 24 parfaitement
1547 5361 91 21 réussie.
1652 5370 27 6 —

1627 5384 26 25 T.

1231 5423 44 15 '*.-.
1282 5422 50 14 'lr'.-.-
1343 5421 108 16 **.-".-

1710 167 21 29 2
1779 166 41 29 La
1841 167 127 29 Dernière
1987 167 92 28 Heure
2130 168 20 28 2
2210 172 10 26 !

1769 246 167 28 NOUVELLE
1952 239 185 34 LITTÉRAIRE

1693 328 79 61 IA
1799 327 202 62 VERTU
2029 323 186 63 PUNIE

1719 444 94 24 Chaque
1826 443 52 23 jour
1891 447 31 16 au
1937 441 74 24 réveil,
2025 440 51 25 puis
2090 444 31 16 au
2135 439 67 23 déjeu-

1694 473 48 18 ner,
1753 469 65 20 entre
1826 468 36 20 les
1872 467 102 20 sardines
1986 466 15 21 à
2011 465 77 21 l'huile
2100 464 25 20 et
2136 463 66 20 l'esca-

1694 493 50 24 lope
1760 493 28 20 de
1794 496 64 19 veau,
1864 492 25 19 et
1904 491 65 20 enfin
1983 491 21 20 le
2020 489 53 23 soir,
2089 488 85 20 devant
2188 491 27 15 sa

1694 519 60 18 tasse
1770 516 72 21 d'anis
1856 515 74 23 étoile,
1942 515 61 21 Léon
2016 512 109 23 Massicot
2139 511 76 21 devait

1693 542 63 20 subir
1769 546 26 15 ce
1810 540 145 24 sempiternel
1968 539 87 21 refrain
2074 542 7 16 :

1719 576 28 5 —
1763 566 26 20 Si
1805 570 25 16 ce
1846 565 58 20 n'est
1920 569 41 19 pas
1977 564 101 19 honteux
2107 561 52 21 tout
2187 560 28 20 de

1694 590 80 23 même,
1784 590 15 20 à
1811 590 42 20 ton
1864 589 48 24 âge,
1924 589 15 20 (i
1945 594 29 15 ea
1984 592 48 16 ctre
2043 590 81 16 «-.ucore
2134 586 15 20 à
2156 585 58 20 mol-

1694 616 33 19 sir
1742 615 58 20 dans
1813 619 26 15 ce
1854 613 93 21 ridicule
1963 617 39 16 "~—
2003 611 54 22 elinl
2076 611 25 19 Si
2116 611 33 19 les
2163 614 40 15 mu-

1694 644 70 16 seaux
1783 639 39 20 des
1841 639 25 19 in
1867 638 91 24 digènes
1974 638 129 20 t'amusent,
2128 635 55 19 libre
2200 634 15 19 à

1695 664 38 23 toi,
1740 663 58 21 mais
1811 668 37 16 me
1862 663 32 20 les
1908 662 97 24 infliger,
2017 661 15 20 à
2044 660 53 22 moi.
2109 658 106 22 Mélanle,

1696 689 24 19 ta
1741 689 90 21 femme,
1838 687 39 24 qui
1896 687 25 20 ai
1939 686 111 24 vingt-six
2067 689 43 16 ans
2130 685 24 19 et
2171 687 45 16 une

1695 713 50 21 âme
1759 712 104 21 ardente!
1878 711 87 20 Jamais
1979 715 30 16 on
2023 711 53 20 n'en
2090 708 50 21 dira
2153 711 62 16 assez

1692 742 40 16 sur
1749 737 113 24 l'égoïsme
1881 736 40 20 des
1943 736 109 20 hommes.
2069 733 46 20 Ah!
2142 732 20 20 si
2192 732 24 23 je

1694 762 75 20 savais
1785 761 79 20 écrire!
1885 760 58 24 Quel
1962 760 58 20 beau
2037 762 82 17 roman
2137 757 23 24 je
2179 756 23 21 fe-

1694 786 47 21 rais
1751 790 54 16 avec
1816 790 39 15 ma
1863 785 37 20 vie
1909 784 121 24 manquée!

1720 811 114 22 Massicot,
1849 810 15 20 à
1871 809 54 20 titre
1939 810 27 19 de
1974 812 105 17 receveur
2092 807 28 20 de
2134 806 68 20 l'enre-

1696 835 139 24 gistrement,
1863 833 175 21 méconnaissait
2073 832 33 19 les
2128 830 75 25 profes-

1695 860 61 20 sions
1772 858 104 21 libérales
1889 859 24 19 et
1928 862 30 16 ne
1971 856 134 22 nourrissait
2120 860 58 20 pour
2193 855 23 19 la

1695 884 129 21 littérature
1840 887 88 17 aucune
1955 882 92 24 passion
2066 879 150 26 particulière.

1695 910 35 19 En
1750 913 42 15 son
1812 908 38 19 for
1869 907 116 23 intérieur,
2006 907 17 19 il
2043 910 25 16 se
2088 903 129 26 réjouissait

1694 934 57 20 donc
1771 933 29 19 de
1815 932 137 24 l'ignorance
1971 932 28 20 de
2017 930 99 21 Mélanle
2131 930 25 19 et
2173 933 30 19 ap-

1693 957 135 24 plaudissait
1854 955 151 21 l'instruction
2022 954 45 25 qui,
2083 953 53 21 bien
2153 953 51 24 qu'o-

1693 981 124 24 bligatoire,
1845 980 102 24 respecte
1973 980 33 20 les
2046 978 115 24 aptitudes
2189 977 28 19 de

1695 1006 89 20 chacun
1797 1006 25 19 et
1834 1009 30 16 ne
1875 1005 83 19 hausse
1970 1004 26 20 ni
2007 1002 112 23 n'abaisse
2144 1001 21 20 le
2179 1000 25 20 ni-

1696 1035 57 15 veau
1779 1029 138 21 intellectuel
1930 1029 39 20 des
1996 1032 92 16 masses.
2102 1027 20 19 Il
2137 1025 80 21 aimait

1693 1054 99 21 Mélanle
1809 1058 54 16 sans
1883 1053 153 24 orthographe
2055 1052 25 20 et
2098 1050 106 21 abandon-

1696 1079 50 20 nait
1757 1079 32 20 les
1801 1078 93 21 accords
1904 1078 27 19 de
1944 1077 122 24 participes
2074 1075 16 21 à
2100 1075 67 20 celles
2178 1074 39 24 qui

1697 1104 65 20 n'ont
1773 1103 98 20 d'autres
1882 1106 94 20 moyens
1988 1102 27 20 de
2026 1106 24 16 se
2061 1100 58 21 faire
2131 1103 86 17 remar.

1696 1133 60 19 quer.
1774 1129 42 19 Cet
1834 1131 82 17 amour
1932 1127 53 19 n'en
2001 1125 91 21 rendait
2109 1129 42 20 que
2166 1124 51 24 plus

1696 1153 100 24 pénibles
1816 1152 34 21 les
1867 1151 115 21 auditions
2001 1150 157 25 quotidiennes
2178 1149 39 20 des

1696 1177 70 24 griefs
1781 1177 28 21 de
1823 1181 27 16 sa
1863 1176 67 21 chère
1946 1175 87 24 épouse.
2048 1174 59 21 Bien
2122 1173 52 25 qu'il
2187 1177 30 16 ne

1697 1201 120 25 partageât
1831 1206 42 19 pas
1887 1205 42 15 son
1944 1200 104 21 aversion
2063 1203 58 20 pour
2136 1199 21 20 le
2173 1198 44 20 lieu

1698 1226 29 21 où
1739 1231 26 16 sa
1776 1226 110 21 situation
1899 1225 32 20 les
1941 1224 105 24 retenait,
2058 1224 17 20 11
2088 1223 39 22 eût
2139 1222 67 20 volon-

1698 1251 53 20 tiers
1767 1250 98 24 intrigué
1888 1254 57 20 pour
1955 1248 87 22 obtenir
2059 1252 42 16 son
2118 1248 88 23 change-

1696 1276 70 22 ment,
1778 1276 29 22 et,
1819 1279 42 20 par
1872 1274 49 21 cela
1931 1273 81 24 mûme,
2022 1277 57 21 pour
2090 1272 89 21 obtenir
2186 1276 32 15 un

1696 1300 152 24 changement
1878 1299 118 20 d'humour
2025 1298 60 25 cl.e*>
2093 1297 55 21 celle
2165 1296 53 24 qu'il

1694 1325 40 20 eût
1746 1323 117 22 souhaitée
1874 1324 31 20 du
1918 1323 45 20 soir
1976 1327 31 16 au
2017 1322 74 21 matin
2105 1321 77 24 docile,
2195 1323 24 18 et

1698 1349 31 20 du
1744 1348 74 21 matin
1833 1353 30 16 au
1877 1348 46 20 soir
1937 1347 122 20 souriante.

1720 1383 28 5 —
1758 1373 50 20 T'es
1821 1373 63 20 t'une
1897 1372 81 23 moule,
1989 1371 33 21 lui
2033 1370 99 25 répétait
2144 1370 74 21 Méla-

1697 1397 44 21 nie.
1755 1397 116 24 Qu'est-ce
1886 1401 42 19 que
1942 1401 28 19 ça
1985 1395 65 24 coûte
2065 1396 28 20 de
2123 1395 82 20 deman-

1695 1423 53 20 der?
1765 1422 35 21 Tu
1816 1426 26 16 as
1857 1422 25 20 la
1909 1421 77 24 plume
1998 1419 78 25 —«lie,
2092 1418 57 22 écris
2166 1420 40 19 tou-

1697 1447 69 24 jours.

1722 1471 76 20 Ecrire
1810 1470 52 24 quoi
1871 1471 11 19 ?
1893 1470 131 21 Demander
2034 1468 53 26 quoi
2096 1469 11 19 1
2119 1469 31 20 Le
2163 1472 44 20 gou-

1697 1496 134 20 vernement
1855 1494 78 21 l'avait
1951 1493 91 25 désigné
2086 1498 58 20 pour
2161 1493 59 20 faire

1697 1520 113 24 respecter
1821 1524 42 15 son
1877 1519 82 20 timbre
1973 1519 15 20 à
2002 1517 217 25 Fontanges-la-Vi-

1698 1549 69 16 neuse
1788 1544 110 21 (Yonne):
1931 1544 59 23 Quel
2010 1543 68 21 motif
2112 1543 109 23 invoquer

1698 1574 56 19 pour
1768 1568 47 21 fuir
1827 1569 37 20 cet
1876 1568 109 20 innocent
1997 1567 53 21 chef
2051 1567 58 21 -lieu
2122 1567 28 21 de
2163 1571 45 16 can-

1698 1595 40 19 ton
1747 1594 11 20 ?

1720 1618 47 20 Ah!
1779 1617 34 21 s'il
1824 1617 41 21 eût
1888 1617 66 20 moisi
1978 1617 57 20 dans
2046 1616 95 25 quelque
2151 1616 57 21 char-

1696 1642 104 24 bonnage
1812 1642 31 20 du
1857 1642 69 23 Nord,
1952 1641 17 20 il
1996 1646 25 16 se
2049 1641 38 20 fût
2100 1640 75 25 plaint
2189 1641 31 20 du

1695 1666 85 23 climat,
1812 1666 104 21 mauvais
1945 1670 57 20 pour
2047 1669 36 16 ses
2103 1669 116 20 poumons.

1695 1691 37 20 Ou
1742 1690 60 23 bien,
1812 1690 20 20 si
1844 1706 28 4 —
1870 1690 74 20 élanie
1952 1689 55 21 l'eût
2018 1689 92 24 gratifie
2121 1689 29 21 de
2161 1689 59 20 deux

1696 1719 30 16 ou
1732 1714 56 21 trois
1803 1713 100 24 enfants,
1909 1714 18 20 il
1940 1712 40 22 eût
1995 1713 59 24 gémi
2066 1718 41 16 sur
2120 1713 88 24 l'impos-

1695 1739 83 20 sibilité
1794 1739 28 20 de
1836 1738 34 21 les
1884 1738 75 20 élever
1974 1737 202 25 patriotlquement
2191 1741 30 16 en

1697 1764 81 19 dehors
1794 1763 28 20 de
1835 1762 64 21 toute
1912 1762 53 21 ville
1979 1761 164 22 universitaire.
2157 1762 64 19 Dans

1696 1792 32 15 un
1743 1791 45 19 cas,
1807 1786 17 20 il
1837 1786 41 21 eût
1891 1786 74 24 gagné
1978 1790 27 16 sa
2018 1785 76 21 ration
2109 1785 29 21 de
2150 1785 71 23 soleil,

1696 1812 59 20 dans
1770 1811 82 20 l'autre
1869 1815 46 16 une
1933 1810 97 21 sensible
2048 1809 173 24 augmentation

1697 1836 27 19 de
1738 1834 139 21 traitement.
1889 1834 61 21 Mais
1963 1834 18 20 11
1994 1833 95 22 résidait
2115 1838 31 16 en
2159 1833 63 24 plein

1696 1863 63 16 cœur
1772 1859 29 21 de
1823 1859 23 20 la
1867 1859 95 22 France,
1985 1858 57 21 dans
2062 1862 46 16 une
2129 1858 92 19 contrée

1696 1883 76 21 chérie
1800 1883 40 21 des
1853 1882 68 21 dieux
1934 1886 69 19 repus
2015 1882 24 20 et
2052 1881 65 21 ivres.
2133 1882 60 19 Tout
2207 1886 14 19 y

1696 1907 102 25 poussait
1816 1912 6 15 :
1840 1907 33 21 les
1889 1906 113 25 peupliers
2015 1905 87 25 géants,
2117 1906 34 20 les
2165 1905 44 20 chê-

1697 1936 41 17 nes
1755 1932 88 24 trapus,
1872 1931 33 20 les
1922 1930 112 21 bouleaux
2051 1929 171 24 poudrederizés

1698 1956 23 20 et
1738 1956 34 20 les
1788 1955 90 21 acacias
1892 1960 30 16 en
1939 1955 150 21 broussailles;
2106 1952 55 22 tout
2189 1954 32 23 s'y

1697 1980 95 20 colorait
1805 1984 30 16 au
1848 1979 63 20 soleil
1922 1983 7 16 :
1947 1979 22 20 le
1984 1978 37 21 blé
2034 1978 25 21 et
2074 1978 34 20 les
2123 1978 99 22 avoines,

1698 2004 32 20 les
1742 2003 69 21 fruits
1827 2004 24 20 et
1866 2004 34 19 les
1915 2003 73 20 fleurs
2002 2007 117 19 sauvages,
2131 2002 24 20 et
2170 2006 39 16 sur-

1698 2028 50 20 tout
1759 2028 32 20 les
1800 2028 85 21 raisins
1896 2028 28 20 de
1935 2027 63 21 verte
2009 2027 66 24 opale
2086 2026 25 21 et
2120 2026 28 20 de
2159 2030 50 16 som-

1697 2052 39 21 bre
1752 2051 135 25 améthyste.

1721 2092 28 5 —
1766 2082 52 20 J'en
1838 2081 24 20 al
1882 2086 68 18 assez,
1969 2085 69 19 assez,
2060 2080 72 21 assez!
2155 2080 67 20 criait

1697 2106 106 23 Mélanle,
1817 2110 29 16 en
1864 2105 83 25 tapant
1963 2106 30 20 de
2009 2105 23 21 la
2049 2105 79 21 savate
2145 2109 39 16 sur
2200 2105 21 19 le

1697 2133 34 20 sol
1743 2133 28 21 de
1784 2133 24 20 la
1821 2132 56 21 salle
1891 2132 16 21 à
1919 2135 101 20 manger.
2034 2132 26 20 Si
2071 2131 26 21 tu
2110 2131 112 20 n'obtiens

1697 2164 42 20 pas
1750 2159 43 21 ton
1802 2159 159 24 changement,
1972 2158 56 21 c'est
2038 2158 53 21 bien
2100 2158 88 24 simple,
2199 2158 23 24 Je

1698 2183 102 25 partirai.

1721 2223 29 6 —
1759 2213 36 23 Et,
1807 2212 29 21 où
1848 2213 46 20 iras
1895 2213 51 20 -tu?
1958 2212 156 25 questionnait
2124 2212 22 21 le
2156 2212 64 24 mari,

1698 2237 212 21 douloureusement
1924 2237 90 20 étonné.

1723 2271 26 6 —
1748 2263 3 14 ;
1764 2262 22 20 A
1800 2262 72 23 Paris,
1885 2261 30 21 où
1942 2262 34 20 les
1991 2262 97 20 femmes
2114 2261 55 21 sont
2183 2261 40 20 des

1698 2286 102 21 femmes.

1723 2311 33 19 La
1771 2310 96 26 réponse
1881 2310 57 20 était
1954 2314 62 17 assez
2032 2309 111 24 ambiguë,
2158 2309 65 23 mais,

1698 2338 57 20 pour
1773 2339 30 15 ne
1815 2334 51 20 rien
1881 2334 137 23 envenimer,
2035 2333 62 21 Léon
2115 2334 108 20 Massicot

1698 2358 110 24 préférait
1834 2363 31 16 ne
1879 2363 42 19 pas
1935 2358 169 24 l'approfondir.
2134 2358 76 23 Cepen-

1698 2383 64 22 dant,
1775 2383 24 20 et
1812 2386 69 21 parce
1894 2382 54 24 qu'il
1974 2381 58 21 était
2046 2387 33 15 un
2093 2382 47 20 bon
2152 2383 25 19 et
2191 2383 19 19 fi-

1699 2407 49 21 dèle
1760 2407 66 23 mari,
1838 2406 51 21 tout
1900 2411 31 16 en
1942 2411 31 16 ne
1985 2406 151 24 s'expliquant
2147 2410 42 20 pas
2202 2406 21 19 le

1698 2431 90 24 caprice
1798 2431 29 20 de
1837 2435 28 16 sa
1873 2434 132 20 compagne,
2016 2435 43 15 son
2069 2430 84 24 unique
2164 2430 59 21 désir

1698 2455 58 21 était
1771 2456 29 19 de
1813 2455 116 20 l'exaucer.

1725 2489 28 6 —
1765 2479 25 20 SI
1802 2479 74 24 j'étais
1888 2484 34 16 un
1933 2479 99 23 homme,
2044 2478 53 23 mol,
2111 2479 23 19 et
2147 2478 20 21 si
2180 2478 31 24 J'a

1700 2504 48 20 vais
1762 2504 28 20 de
1803 2504 158 22 l'instruction,
1974 2503 53 23 moi,
2038 2503 99 24 répétait
2149 2503 61 20 Méla-

1698 2528 44 23 nle,
1752 2529 24 23 Je
1791 2528 126 20 trouverais
1931 2533 46 15 une
1992 2528 89 24 blague,
2104 2532 47 16 une
2166 2527 58 20 belle

1701 2553 81 23 blague
1800 2557 44 20 que
1861 2553 42 19 ton
1920 2552 104 21 ministre
2040 2552 102 24 goberait
2160 2552 64 20 toute

1701 2582 59 16 crue.
1777 2578 61 20 C'est
1851 2577 20 20 si
1887 2577 68 20 facile
1971 2577 127 20 d'inventer
2113 2581 45 16 une
2175 2577 37 19 his-

1702 2602 62 23 toire,
1781 2602 24 20 et
1820 2602 54 20 c'est
1887 2602 20 20 si
1922 2602 109 20 amusant
2059 2602 28 20 de
2102 2601 75 21 rouler
2190 2601 34 20 les

1700 2627 52 23 plus
1765 2626 85 20 malins
1860 2627 6 19 !

1726 2661 29 5 —
1771 2651 167 21 Inventons!...
1953 2650 143 21 Boulons!...
2114 2655 25 16 se
2156 2650 69 21 disait

1701 2675 114 20 Massicot.
1833 2676 76 22 Tiens,
1927 2675 21 20 si
1963 2676 24 23 je
2004 2675 133 20 m'accusais
2169 2675 55 20 d'un

1701 2700 110 20 atavisme
1829 2700 124 24 alcoolique
1970 2700 24 20 et
2024 2699 21 20 si
2063 2700 110 23 j'avouais
2203 2700 21 20 le

1701 2725 86 23 danger
1798 2724 53 24 qu'il
1863 2729 15 19 y
1888 2729 21 17 a,
1921 2729 57 19 pour
1988 2724 121 20 l'honneur
2121 2725 28 20 de
2161 2724 50 20 l'Ad-

1701 2749 161 23 ministration,
1877 2749 15 20 à
1908 2753 38 16 me
1963 2748 124 21 maintenir
2103 2753 31 16 en
2150 2749 62 20 Bour-

1701 2778 72 19 gogne
1781 2774 12 20 ?

1726 2799 60 19 Mais
1799 2798 95 23 bientôt,
1906 2798 17 20 11
1938 2798 124 24 repoussait
2076 2803 33 15 un
2123 2798 32 20 tel
2169 2803 41 19 pro-

1700 2822 54 21 cédé
1771 2823 38 23 qui
1825 2822 55 21 l'eût
1894 2822 129 24 disqualifié
2035 2826 88 18 comme
2152 2823 71 23 esprit

1701 2847 53 20 fort.
1767 2847 21 20 Il
1801 2847 98 20 chercha
1912 2847 66 20 autre
1991 2847 67 20 chose
2071 2847 24 21 et
2108 2847 116 20 découvrit

1702 2871 65 20 enfin
1780 2871 24 20 la
1817 2871 76 21 bonne
1904 2871 81 20 ficelle.
1991 2872 46 20 Sur
2049 2872 32 20 du
2095 2872 81 23 papier
2193 2876 30 16 au

1702 2896 85 19 format
1798 2896 40 20 des
1849 2895 136 25 suppliques,
1996 2896 18 21 11
2025 2895 80 21 écrivit
2116 2896 60 21 alors
2200 2896 24 20 la

1701 2920 67 21 lettre
1782 2920 105 21 suivante
1904 2925 7 16 :

1811 2958 10 10 *>
1838 2951 117 20 Monsieur
1969 2951 23 22 le
2007 2951 111 24 ministre,

1725 2989 10 10 »
1753 2981 45 21 J'ai
1814 2981 121 21 l'honneur
1951 2981 29 22 de
1994 2982 108 21 solliciter
2116 2983 29 21 de
2159 2983 65 20 votre

1699 3006 71 20 haute
1784 3006 161 21 bienveillance
1961 3007 24 20 la
2000 3007 81 20 faveur
2097 3007 69 21 d'être
2183 3008 28 20 dé-

1699 3030 64 24 placé
1780 3031 28 20 de
1821 3031 276 24 Fontanges-la-Vineuse
2113 3033 24 19 et
2154 3032 70 21 d'être

1700 3055 90 21 nommé
1804 3055 15 21 à
1832 3060 33 16 un
1876 3056 64 24 poste
1954 3055 88 25 éloigné
2056 3057 29 21 de
2112 3057 60 21 cette
2185 3059 26 18 ré

1699 3080 59 24 gion.

1726 3112 9 11 s
1752 3106 50 19 Mes
1815 3105 88 20 raisons
1915 3106 53 20 sont
1980 3106 115 20 sérieuses.
2109 3107 50 20 Une
2175 3107 36 20 his-

1700 3129 56 20 toire
1770 3130 28 20 de
1811 3130 85 21 femme
1907 3131 58 20 rend
1978 3135 54 16 mon
2044 3131 77 24 séjour
2133 3131 30 21 ici
2175 3136 48 16 non

1699 3154 125 21 seulement
1841 3154 135 24 impossible,
1992 3155 59 21 mais
2069 3156 135 24 dangereux.

1726 3187 9 9 »
1752 3179 29 21 Je
1794 3179 47 21 suis
1854 3184 32 16 un
1901 3180 98 23 homme,
2013 3181 115 20 monsieur
2143 3182 22 20 le
2178 3184 33 17 mi-

1700 3203 77 23 nistre,
1788 3204 30 23 et,
1831 3204 28 20 de
1870 3208 25 17 ce
1907 3204 51 23 fait,
1970 3209 40 17 ma
2023 3205 65 21 chair
2100 3206 35 20 est
2147 3206 76 20 faible.

1699 3228 78 20 Hélas!
1795 3232 50 16 ver6
1861 3229 63 24 quels
1940 3229 74 24 objets
2030 3234 58 17 nous
2101 3230 86 25 jettent
2202 3231 21 20 le

1700 3253 50 23 plus
1764 3253 96 21 souvent
1873 3258 42 15 nos
1929 3255 98 20 erreurs!
2043 3255 30 20 Et
2086 3259 55 17 avec
2154 3260 34 19 ça.
2200 3259 24 21 je

1700 3277 93 24 possède
1807 3282 46 16 une
1866 3277 81 25 épouse
1962 3279 97 24 pudique
2073 3280 24 20 et
2111 3284 100 20 soupçon-

1699 3306 70 16 neuse
1779 3303 6 19 !

1725 3334 9 9 ,.
1756 3327 61 20 Vous
1834 3331 38 17 me
1895 3327 143 24 permettrez,
2068 3329 116 21 monsieur
2202 3329 22 21 le

1699 3351 112 25 ministre,
1826 3351 28 21 de
1872 3356 30 16 ne
1924 3357 43 19 pas
1986 3353 91 20 Insister
2095 3354 128 24 davantage

1699 3380 39 15 sur
1751 3380 32 16 un
1804 3380 38 17 cas
1856 3376 58 20 dans
1928 3376 73 25 lequel
2015 3378 65 19 n'ont
2095 3379 128 23 cependant

1699 3400 88 20 sombré
1800 3400 25 20 ni
1830 3405 40 16 ma
1876 3401 88 24 probité
1978 3402 27 20 ni
2018 3402 24 20 la
2048 3402 85 24 dignité
2142 3403 28 20 de
2184 3408 39 15 ma

1699 3424 110 21 fonction.

1726 3457 9 9 »
1750 3450 65 19 Dans
1828 3449 89 25 l'espoir
1930 3455 43 19 que
1986 3455 56 16 vous
2054 3451 97 21 voudrez
2170 3452 52 20 bien

1699 3474 98 23 prendre
1816 3478 39 16 ma
1871 3475 111 21 demande
2007 3480 29 16 en
2050 3476 173 24 considération,

1699 3494 40 27 j'ai
1755 3498 120 21 l'honneur
1892 3499 76 23 d'être,

1726 3530 9 9 »
1753 3523 117 20 Monsieur
1885 3523 23 20 le
1923 3524 112 24 Ministre,

1726 3554 9 9 »
1750 3547 70 21 Votre
1833 3547 47 20 très
1893 3548 93 21 humble
1997 3549 24 21 et
2034 3549 47 21 très
2090 3550 120 21 reconnais-

1699 3570 54 21 sant
1765 3571 115 21 serviteur.

1896 3603 78 20 LEON
1984 3604 156 25 MASSICOT,

1806 3634 10 9 „
1835 3627 114 22 Beceveur
1965 3629 29 20 de
2009 3629 213 24 l'Enregistrement,

1763 3658 10 10 »
1785 3649 16 22 à
1811 3651 274 24 Fontanges-la-Vineuse
2100 3654 121 22 (Yonne).»

1724 3689 27 7 —
1763 3681 65 28 pans
1841 3681 105 24 quelques
1958 3683 70 23 jours,
2040 3688 25 15 se
2081 3683 34 21 dit
2128 3684 22 21 le
2163 3686 59 19 mari

1699 3704 29 21 de
1738 3704 105 24 Mélanie,
1855 3710 30 15 on
1896 3710 38 16 me
1944 3711 141 20 convoquera
2095 3713 29 15 au
2137 3709 84 20 bureau

1699 3729 127 23 d'Auxerre,
1844 3730 23 23 je
1896 3732 130 20 raconterai
2049 3733 81 23 qu'une
2160 3734 63 20 Mme

1699 3754 117 23 Putlphar,
1834 3754 29 20 de
1878 3754 23 21 la
1916 3755 89 22 localité
2021 3761 37 16 me
2073 3757 54 20 veut
2144 3758 78 20 vivant

1699 3782 29 16 ou
1737 3779 61 19 m'en
1808 3779 55 19 veut
1874 3778 15 21 à
1901 3781 61 19 mort
1973 3781 30 23 et,
2014 3781 21 20 le
2046 3783 176 21 gouvernement

1699 3802 134 24 protégeant
1848 3808 36 15 ses
1897 3804 185 24 fonctionnaires,
2097 3806 26 20 ni
2138 3810 31 17 vu
2197 3807 25 20 ni

1699 3831 82 19 connu,
1792 3827 24 23 je
1826 3827 154 26 t'embrouille,
1992 3835 31 15 on
2035 3834 30 16 va
2076 3831 94 23 pouvoir
2181 3832 28 20 dé-

1699 3851 113 24 ménager.

1724 3876 31 20 Le
1769 3876 53 23 soir,
1835 3881 27 15 sa
1875 3876 68 22 lettre
1958 3878 118 25 voyageait
2091 3883 51 17 vers
2157 3880 65 20 Paris

1699 3900 30 23 et,
1739 3900 58 20 deux
1809 3901 63 23 jours
1883 3901 52 23 plus
1946 3901 59 25 tard,
2016 3908 31 15 au
2059 3903 123 24 ministère,
2190 3909 31 16 un

1699 3924 53 20 chef
1770 3924 28 20 de
1815 3925 84 20 service
1917 3925 57 21 était
1991 3927 82 24 chargé
2092 3928 130 24 d'enquêter

1699 3953 39 15 sur
1756 3948 114 21 Massicot,

1726 3980 10 9 «
1751 3973 35 23 Ça
1800 3973 76 20 tombe
1888 3972 16 21 à
1916 3974 43 23 pic,
1972 3979 85 20 songea
2070 3975 38 21 cet
2121 3976 87 21 honora-

1699 3996 36 20 ble
1751 4001 147 20 personnage.
1914 3998 32 21 Le
1962 3999 82 20 second
2061 4000 31 20 du
2110 4000 111 21 directeur

1699 4021 40 20 des
1756 4021 166 21 contributions
1950 4023 31 20 du
1998 4023 157 24 département
2185 4029 36 16 me

1699 4044 54 23 doit,
1770 4045 79 23 depuis
1865 4049 62 17 assez
1943 4046 133 26 longtemps,
2090 4052 45 16 une
2164 4048 57 21 belle

1699 4068 125 21 chandelle.
1842 4070 20 20 U
1881 4074 30 15 va
1928 4070 103 22 l'utiliser
2047 4076 57 19 pour
2121 4072 99 21 m'éclal-

1700 4096 41 17 rer.
1761 4101 9 9 »

1724 4117 30 20 Et
1770 4117 17 20 il
1803 4116 79 21 écrivit
1898 4117 66 22 audit
1979 4119 89 23 second,
2085 4119 73 25 lequel
2189 4121 31 20 lui

1700 4140 118 24 expédiait,
1837 4141 23 20 la
1879 4142 101 21 semaine
1995 4143 110 24 suivante,
2123 4148 26 17 ce
2167 4149 42 16 ren-

1698 4165 141 23 seignement
1853 4170 7 15 :

1726 4196 9 9 «
1750 4189 78 24 Epoux
1841 4189 94 24 modèle,
1947 4191 23 20 le
1982 4191 139 21 demandeur
2134 4192 38 21 n'a
2183 4193 26 24 ja-

1699 4213 59 20 mais
1768 4217 30 16 eu
1804 4213 59 20 dans
1875 4213 22 21 le
1908 4218 57 20 pays
1976 4216 25 20 la
2012 4215 104 21 moindre
2127 4216 93 21 histoire

1699 4236 28 20 de
1748 4237 90 20 femme.
1851 4237 34 21 Ne
1902 4242 149 21 comprenons
2068 4240 50 21 rien
2136 4240 16 21 à
2184 4245 37 16 ses

1699 4260 139 24 allégations.
1857 4269 10 10 .

1723 4295 28 5 —
1767 4284 56 21 Très
1836 4285 58 23 bien,
1912 4286 46 21 très
1971 4287 58 23 bien,
2046 4288 124 23 grommela
2199 4289 22 20 le

1699 4308 54 21 chef
1767 4309 29 20 de
1809 4309 91 23 service,
1906 4314 27 17 ce
1944 4311 108 21 Massicot
2064 4312 36 20 est
2112 4317 32 16 un
2159 4317 49 20 mys-

1700 4333 120 19 tificateur.
1834 4333 36 20 Eh
1884 4334 59 24 bien,
1956 4339 54 17 mon
2025 4335 102 24 gaillard,
2140 4336 15 21 à
2169 4341 39 16 ma-

1699 4356 39 23 lin,
1754 4356 73 21 malin
1843 4357 24 21 et
1885 4358 66 21 demi.
1968 4361 32 20 Ce
2014 4360 58 20 n'est
2086 4364 42 20 pas
2140 4364 80 17 encore

1699 4380 92 21 demain
1801 4381 75 20 matin
1889 4386 44 20 que
1946 4383 27 22 tu
1985 4388 68 16 auras
2066 4384 29 20 de
2107 4384 100 21 l'avance-

1698 4404 71 21 ment.

1723 4429 36 20 Au
1774 4428 87 21 travers
1875 4429 28 21 de
1915 4430 25 21 la
1953 4431 67 22 lettre
2034 4431 27 22 de
2075 4432 114 25 Massicot,
2203 4433 16 20 11

1698 4452 118 24 griffonna
1829 4453 61 21 cette
1905 4454 95 24 réponse
2012 4460 7 16 :

1725 4484 9 9 .
1742 4477 32 19 Le
1783 4477 59 20 rond
1853 4478 29 20 de
1893 4479 49 20 cuir
1952 4484 56 16 vous
2019 4479 67 21 a-t-il
2095 4479 37 21 été
2143 4485 65 16 meur-

1699 4500 68 20 trier?
1780 4501 62 20 Nous
1857 4501 23 21 le
1894 4503 109 21 saurions.
2018 4504 69 20 Votre
2101 4505 119 20 maltresse

1698 4528 55 16 vous
1763 4525 93 20 a-t-elle
1867 4525 53 24 déjà
1928 4528 65 20 crevé
2003 4532 32 16 un
2045 4528 52 19 œil?
2109 4528 33 20 La
2152 4529 56 20 chro-

1698 4548 68 24 nique
1780 4553 58 16 nous
1852 4549 54 21 l'eût
1920 4552 82 24 appris.
2008 4552 71 22 Alors,
2093 4556 43 20 que
2150 4557 59 20 pour-

1698 4572 46 20 rait
1759 4577 56 17 vous
1830 4574 120 23 reprocher
1965 4576 63 20 votre
2043 4576 91 23 femme,
2162 4577 21 20 si
2198 4578 21 20 le

1698 4596 77 21 devoir
1795 4597 164 24 professionnel
1977 4600 24 20 et
2014 4604 28 16 ce
2059 4600 82 24 coquin
2170 4601 37 20 d'a-

1698 4625 66 16 mour
1778 4625 31 17 ne
1824 4625 56 17 vous
1897 4623 119 21 entament
2032 4628 42 19 pas
2082 4624 11 19 ?
2113 4632 9 9 .

1722 4652 23 5 —
1757 4645 51 21 Une
1819 4645 68 21 lettre
1899 4646 31 21 du
1940 4647 117 21 ministère
2068 4648 5 19 !
2088 4648 51 20 Une
2152 4648 67 22 lettre

1698 4669 31 20 du
1741 4669 69 20 minis
1809 4668 58 21 tère!
1884 4670 85 26 s'écria,
1981 4672 23 20 le
2018 4672 136 23 lendemain,
2168 4673 38 20 Mé-

1698 4692 66 24 lanie,
1778 4697 30 17 en
1820 4693 131 25 inspectant
1976 4696 21 21 le
2009 4695 99 21 courrier
2122 4696 29 21 de
2176 4701 42 16 son

1698 4716 64 21 mari.

1722 4740 72 24 Après
1810 4741 59 24 quoi,
1884 4742 154 23 Introduisant
2054 4748 46 16 une
2130 4743 88 25 épingle

1697 4764 16 20 à
1725 4765 100 21 cheveux
1846 4766 58 20 dans
1937 4767 144 24 l'enveloppe,
2094 4767 43 21 elle
2171 4769 47 23 prit

1698 4789 125 23 possession
1845 4790 30 20 du
1893 4790 152 22 bienheureux
2067 4791 105 22 contenu.

1722 4813 109 20 Horreur!
1844 4814 108 22 Horreur!
1964 4816 31 21 Le
2005 4814 68 25 dépit,
2083 4815 24 22 la
2118 4815 100 25 jalousie,

1697 4836 23 20 la
1733 4841 60 19 rage,
1803 4841 28 16 co
1830 4837 184 23 ntorsionnèrent
2026 4839 193 21 immédiatement

1697 4865 42 16 son
1756 4861 77 24 visage
1849 4862 90 21 auréolé
1955 4864 28 20 de
1999 4863 108 20 bi-roudli.
2125 4864 93 21 Cr*mnie

1698 4889 45 16 une
1755 4885 95 24 trompe,
1862 4885 43 22 elle
1922 4887 81 21 courut
2023 4887 58 20 dans
2092 4886 25 21 la
2138 4887 68 21 cham-

1697 4909 47 23 bre,
1760 4908 38 24 où,
1815 4909 95 24 placide,
1937 4911 62 21 Léon
2015 4911 109 20 Massicot
2141 4916 65 16 accro
2207 4921 11 6 -

1700 4932 61 21 .hait
1776 4938 36 15 ses
1824 4934 132 23 Jarretelles.

1722 4967 28 5 —
1762 4957 78 21 Tiens!
1855 4957 77 22 Tiens!
1948 4959 78 21 Tiens!

1723 4981 48 20 Elle
1782 4981 33 20 lui
1826 4981 94 22 étrillait
1932 4983 22 22 le
1964 4984 76 23 visage
2051 4987 54 16 avec
2116 4982 24 22 la
2152 4987 54 18 mau-

1699 5005 45 21 dite
1758 5004 78 25 épitre.

1722 5039 28 5 —
1762 5029 94 24 Ignoble
1870 5029 111 23 individu!
1989 5032 38 20 Me
2040 5030 107 25 tromper,
2161 5032 56 20 moi!

1698 5053 51 21 Une
1767 5053 94 21 histoire
1891 5054 28 21 de
1938 5055 91 24 femme,
2047 5055 40 23 toi,
2118 5059 55 17 avec
2193 5057 26 19 ta

1698 5077 80 24 gueule
1799 5078 139 24 d'empeigne
1947 5080 33 20 I...

1723 5101 69 21 Hélas
1804 5102 7 20 !
1826 5102 108 21 Massicot
1950 5102 140 25 comprenait
2105 5102 113 22 l'inutilité

1698 5125 29 21 de
1733 5125 87 21 donner
1833 5126 14 20 à
1859 5126 124 23 ouiconaue
1997 5127 23 20 la
2026 5127 45 19 clef
2083 5127 29 19 de
2123 5131 26 16 ce
2162 5127 56 20 faux

1698 5154 63 16 aveu.
1774 5149 46 24 Qui
1833 5149 55 21 l'eût
1902 5152 54 20 cru?
1970 5152 21 20 A
2002 5150 88 21 vouloir
2103 5150 48 22 être
2165 5150 52 25 trop

1698 5173 121 24 astucieux,
1838 5178 31 16 on
1875 5174 75 25 risque
1964 5179 33 17 un
2014 5174 52 25 plus
2083 5174 135 21 formidable

1698 5197 73 21 échec.
1782 5198 21 20 H
1815 5197 63 21 avait
1889 5198 52 24 Joué
1952 5200 24 20 la
1988 5198 82 21 finesse
2095 5199 24 19 et
2128 5199 90 22 perdait

1697 5226 35 16 ses
1746 5221 119 21 culottes...
1880 5226 36 17 ses
1929 5222 96 22 culottes
2037 5222 57 20 dont
2118 5222 99 21 Mélanle

1697 5246 111 23 s'empara
1822 5250 57 19 pour
1891 5246 33 20 les
1938 5246 77 25 porter
2027 5245 122 21 désormais
2163 5250 54 16 avec

1697 5269 60 21 cette
1772 5269 101 22 crânerie
1889 5270 96 24 spéciale
2000 5274 46 16 aux
2062 5269 95 21 femmes
2172 5270 44 23 qui,

1697 5294 94 23 n'ayant
1816 5298 32 19 pu
1872 5293 50 22 être
1934 5292 218 27 qu'irréprochables,
2165 5293 52 20 font

1697 5321 69 20 payer
1779 5317 17 20 à
1809 5322 45 16 une
1867 5318 61 22 seule
1942 5318 90 21 victime
2044 5321 48 17 non
2106 5316 64 25 point
2184 5317 32 20 les

1697 5342 57 24 pots,
1770 5341 58 21 mais
1842 5342 60 21 leurs
1916 5342 63 22 rêves
1993 5341 81 21 cassés.

1943 5383 110 23 TOANNE
2068 5381 122 22 LANDRE.

2471 242 212 62 LES
2771 241 338 62 FAITS
3134 240 472 63 -DIVERS

2275 354 40 20 ,ES
2326 353 128 20 MEFAITS
2464 353 39 20 DE
2513 352 37 20 LA
2559 351 98 20 NEIGE.
2666 360 27 6 —
2703 350 55 20 Hier

2237 378 46 20 soir
2297 382 51 16 vers
2358 377 25 20 10
2392 377 24 20 h.
2425 376 33 23 30,
2467 377 32 21 M.
2509 375 112 23 Trubach,
2630 374 128 25 Inspecteur

2235 402 27 20 de
2280 401 71 25 police
2370 400 15 21 à
2402 400 123 22 Bruxelles,
2542 399 108 24 passavnt
2679 398 79 20 Parvis

2239 427 29 19 de
2289 425 117 22 St-Gilles,
2426 430 16 15 a
2459 425 44 21 fait
2523 429 45 16 une
2586 423 70 21 chute
2675 428 41 16 sur
2736 423 24 20 la-

2239 450 66 24 neige
2322 451 23 19 et
2361 450 54 21 t'est
2431 448 101 21 fracturé
2547 452 45 16 une
2609 447 82 24 Jambe.
2710 448 19 20 Il
2745 451 15 16 a

2239 474 37 20 été
2288 473 130 25 transporté
2432 473 15 20 à
2461 472 104 25 l'hôprtal
2579 473 30 19 de
2622 473 23 19 la
2660 476 41 15 rue
2714 471 44 20 Pa-

2238 498 76 23 chéco,
2326 498 31 20 où
2369 498 17 20 il
2396 498 34 21 est
2443 497 59 20 resté
2515 501 29 17 en
2555 496 139 21 traitement.
2706 496 28 19 D.

2284 559 141 30 TRIAN0N
2446 557 126 31 AUBERT
2591 556 121 31 PALACE

2403 595 28 18 SS,
2446 598 32 13 ma
2494 595 66 16 N'uyi,
2573 594 22 16 es

2305 621 85 19 présente
2407 625 23 11 en
2448 620 106 16 cidu-ivilé
2574 620 12 15 à
2604 619 93 16 Bmxellfs

2333 647 193 31 BRIGITTE
2547 646 118 30 HELM

2309 685 116 16 Z'HEUOINE
2442 684 24 17 de
2480 690 3 7 -

2248 746 457 127 -^MpGH

2287 1070 38 15 Lue
2337 1072 61 11 a-jvre
2412 1068 19 15 et
2445 1070 36 13 une
2495 1067 66 15 artiste
2573 1066 46 16 dont
2631 1069 24 12 on
2669 1065 53 20 perle

2353 1087 39 16 Bc»
2394 1086 76 16 Hution
2486 1086 23 17 C:
2525 1085 23 17 H.
2564 1084 91 17 GALEEN

2377 1115 45 13 avec
2438 1110 60 16 I-AUL
2516 1109 115 16 WEGEXEB

2374 1133 19 14 et
2407 1131 55 16 IVAN
2480 1128 148 17 PETROVITCH
2677 1128 55 16 IH3M

2269 1180 52 20 LES
2339 1178 213 22 PICKPOCKETS.
2569 1186 28 6 —
2624 1176 32 19 M.
2686 1175 78 20 Albert

2243 1205 53 22 D...,
2310 1207 112 20 voyageur
2437 1203 30 19 de
2483 1204 131 18 commerce,
2629 1199 133 22 demeurant

2243 1233 41 17 rue
2300 1229 32 20 du
2352 1226 128 25 Serpentin,
2497 1225 14 21 à
2531 1225 87 22 Ixelles,
2638 1223 63 21 avait
2717 1223 47 24 pris

2243 1253 71 25 place,
2332 1252 51 20 hier
2400 1251 52 22 soir,
2469 1255 41 15 sur
2524 1250 24 20 la
2566 1249 148 24 plate-forme
2732 1248 32 20 du

2243 1278 62 19 t-am
2319 1277 32 22 81,
2366 1276 64 24 place
2447 1274 93 21 Charles
2554 1273 89 23 Bogier.
2655 1272 79 20 Arrivé
2750 1272 15 20 à

2245 1302 23 20 h:
2286 1300 105 21 Barrière
2407 1300 29 20 de
2455 1298 118 23 St-Gilles,
2589 1298 18 20 il
2627 1302 15 15 a
2662 1296 102 21 constaté

2244 1331 42 19 que
2295 1329 43 17 son
2348 1323 142 26 portefeuille
2502 1322 125 21 contenant
2637 1321 38 20 950
2687 1321 77 21 francs

2243 1351 25 20 et
2284 1350 41 22 des
2343 1349 91 24 papiers
2453 1347 119 21 d'affaires
2593 1346 33 21 lui
2646 1345 62 21 avait
2728 1344 36 21 été

2243 1373 108 22 subtilisé.
2365 1374 28 19 D.

2266 1411 98 21 TOUTE
2381 1409 154 21 PERSONNE
2549 1408 116 20 soucieuse
2679 1407 29 20 de
2722 1410 42 17 60n

2242 1435 105 24 élégance
2361 1433 94 26 possède
2471 1434 20 20 le
2507 1432 115 21 vêtement
2638 1432 29 20 de
2683 1430 75 21 saison

2242 1460 50 21 The
2307 1459 155 24 Destrooper's
2477 1458 81 20 Morse.
2573 1466 28 6 —
2617 1456 105 20 (Comm.)

2269 1495 153 22 RENVERSE
2438 1495 59 20 PAR
2512 1493 41 21 UN
2567 1493 86 20 AUTO.
2669 1501 27 5 —
2710 1490 56 21 Hier

2244 1521 52 23 soir,
2307 1521 31 19 M.
2349 1519 80 21 Alfred
2439 1517 131 23 Dcsmanet,
2579 1516 136 21 demeurant
2725 1519 40 17 rue

2245 1543 145 24 Sans-Souci,
2410 1542 16 21 à
2445 1542 87 22 Ixelles,
2547 1546 33 18 e»
2596 1541 130 20 traversant
2742 1540 23 20 la

2244 1569 65 25 place
2324 1569 68 21 Bara.
2407 1572 15 15 a
2437 1566 36 21 été
2486 1565 105 22 renversé
2605 1569 43 20 par
2663 1569 33 16 un
2711 1564 54 21 auto

2245 1593 93 21 conduit
2348 1596 44 21 par
2403 1592 23 22 le
2438 1591 124 20 chauffeur
2575 1590 73 22 Remy
2659 1589 49 23 8...,
2721 1588 33 20 ha-

2244 1618 76 21 bitant
2334 1621 41 16 rue
2391 1614 146 22 Montserrat.
2567 1614 31 20 Le
2628 1613 137 21 conducteur

2240 1643 82 23 stoppa
2334 1641 25 20 et
2371 1645 25 16 se
2411 1639 67 25 porta
2491 1644 30 15 au
2536 1643 90 16 secours
2640 1638 32 20 du
2686 1636 77 21 blessé.

2246 1666 97 21 Celui-ci
2358 1665 58 21 était
2436 1664 84 21 atteint
2539 1663 15 20 à
2572 1663 23 20 la
2610 1662 48 21 tête
2678 1663 24 19 et
2720 1665 45 17 aux

2245 1691 93 25 Jambes.
2349 1690 21 20 Il
2380 1695 15 15 a
2405 1689 37 21 été
2453 1687 130 25 transporté
2593 1686 16 22 à
2619 1686 109 24 l'hôpital.
2738 1686 27 20 D.

2264 1727 74 15 UNION
2366 1725 30 17 ET
2422 1724 93 15 FEEVOY
2516 1723 66 19 ANCE,
2598 1723 27 19 93,
2641 1726 33 13 rue
2689 1722 74 19 Royale,

2242 1747 102 18 BruxeUes,
2368 1749 64 13 assure
2452 1746 43 15 tous
2514 1744 78 19 risques,
2615 1742 79 17 consent
2714 1741 51 20 prêta

2243 1766 149 19 hypatheoalres,
2409 1765 95 16 constitue
2523 1764 63 16 rentes
2605 1761 91 20 viagères,
2716 1762 39 15 con-

2243 1786 70 17 ditions
2328 1785 27 17 les
2372 1784 41 20 plus
2431 1784 142 18 avantageuses.
2709 1780 56 18 (K634

2266 1814 214 23 ARRESTATION.
2492 1824 27 6 —
2529 1813 33 20 La
2573 1812 71 25 police
2656 1812 28 20 de
2691 1811 63 21 Char

2241 1841 55 21 lerol
2310 1845 15 17 a
2336 1839 75 21 arrêté
2423 1838 112 21 Mathllds
2548 1836 164 22 Daudremont,
2721 1835 33 21 ha-

2242 1865 76 21 bitant
2333 1869 41 16 rue
2393 1864 28 20 de
2439 1863 23 20 la
2481 1862 110 23 Régence,
2607 1861 16 20 à
2642 1860 124 21 CharleroL

2241 1889 67 21 Cette
2326 1889 90 22 femme,
2433 1887 53 20 bien
2505 1891 44 19 que
2565 1885 131 25 paraissant
2713 1888 53 16 sous

2241 1914 130 20 l'Influence
2386 1913 27 20 de
2428 1913 25 19 la
2465 1910 97 23 boisson,
2577 1909 116 21 sollicitait
2707 1909 46 20 l'au-

2241 1938 74 22 mône.
2327 1937 48 21 Elle
2389 1941 15 16 a
2418 1935 53 25 déjà
2484 1935 57 21 trois
2552 1934 145 25 préventions
2711 1933 16 21 à
2740 1937 27 16 sa

2242 1963 89 23 charge.

2246 1999 66 17 Elle»
2324 1999 18 17 le
2355 1999 57 16 Sucra
2426 1996 73 18 raillni
2511 1996 24 18 da
2550 1996 143 16 TIELEMONT.
2711 1996 54 15 iHOlt

2267 2031 141 20 INCENDIE
2423 2030 20 20 A
2456 2029 89 20 GAND.
2557 2038 27 5 —
2597 2027 56 21 Hier
2666 2026 53 24 soir,
2732 2030 34 16 un

2242 2055 103 21 incendie
2360 2055 54 20 s'est
2428 2053 89 21 déclaré
2530 2053 59 20 dans
2603 2053 24 19 la
2641 2051 89 21 maison
2738 2050 28 21 de

2241 2081 32 20 M.
2290 2079 112 24 Leyniers,
2420 2077 98 21 courtier
2535 2077 121 21 maritime,
2673 2076 81 20 demeu

2242 2104 55 21 rant
2313 2103 109 21 chaussée
2440 2103 29 19 de
2485 2101 113 23 Courtrai,
2615 2100 15 21 à
2645 2100 76 20 Gand.
2735 2100 31 19 Le

2242 2129 40 20 feu
2298 2128 63 21 avait
2376 2127 48 25 pris
2439 2126 120 21 naissance
2573 2126 58 20 dans
2646 2129 46 16 une
2708 2129 45 21 pou

2243 2153 41 23 tre,
2298 2152 78 25 placée
2391 2156 53 16 sous
2458 2151 22 20 le
2493 2150 111 24 plancher
2616 2150 31 20 du
2662 2149 66 20 salon
2742 2149 24 20 et

2242 2176 187 24 communiquant
2447 2179 55 17 avec
2520 2175 24 20 la
2571 2173 123 21 cheminée.
2724 2173 43 20 Les

2243 2201 113 24 pompiers
2368 2200 43 21 ont
2425 2200 31 20 dû
2472 2199 116 20 travailler
2603 2198 104 25 pendant
2721 2201 46 17 une

2243 2226 69 20 heure
2330 2230 59 20 pour
2405 2224 102 21 éteindre
2525 2224 33 20 les
2577 2223 112 20 flammes.
2707 2222 61 20 Tout

2244 2250 21 21 le
2278 2250 111 24 plancher
2402 2254 16 16 a
2431 2248 32 21 dû
2476 2248 48 21 être
2535 2247 85 21 enlevé.
2632 2247 43 20 Les
2688 2246 79 24 dégâts

2243 2275 53 20 sont
2310 2273 143 25 Importants.

2266 2311 26 17 JE
2308 2312 82 15 DESIRE
2404 2310 108 17 ACHETER
2525 2310 71 16 PIANO
2618 2308 56 20 usas'
2694 2309 21 16 et
2735 2308 32 18 1/4

2246 2331 64 17 queue.
2324 2330 28 19 95,
2368 2333 34 14 rue
2418 2329 98 19 Veronese,
2532 2327 102 18 BruxeUes.
2701 2328 66 18 (D7399

2269 2361 105 21 MORTE
2385 2361 39 20 DE
2433 2361 100 20 FROID.
2543 2370 28 6 —
2580 2361 63 19 Mme
2653 2359 115 24 Alphonse

2243 2386 73 23 Sinez,
2335 2386 28 21 de
2379 2385 104 24 Chimay,
2500 2389 16 16 a
2532 2384 38 21 été
2587 2384 92 21 trouvée
2694 2384 73 20 morte

2244 2411 28 20 de
2290 2410 131 24 congestion
2440 2409 52 25 près
2508 2409 28 20 de
2555 2413 42 16 son
2613 2408 34 20 lit.

2326 2446 96 31 QR
2436 2445 257 33 AEFFE

2393 2486 97 31 Sucre
2507 2484 117 31 raffiné

2463 2523 98 20 supérieur
2669 2522 67 16 (H.13Ï

2269 2556 99 20 CHUTE
2386 2555 79 21 DANS
2483 2555 61 20 UNE
2560 2554 163 21 TRANCHEE.
2741 2563 28 6 —

2244 2581 31 19 M.
2290 2581 28 19 G.
2337 2580 49 23 S...,
2400 2580 29 20 de
2444 2579 108 23 Ransart,
2568 2579 89 20 ouvrier
2674 2578 29 21 de
2716 2582 40 16 ver-

2243 2604 76 24 reries,
2331 2604 16 20 à
2359 2604 149 23 Lodelinsart,
2520 2604 35 20 est
2569 2603 76 20 tombé
2659 2603 59 20 dans
2723 2606 45 16 une

2244 2628 110 22 tranchée
2369 2628 111 21 bétonnée
2497 2632 29 17 ou
2543 2628 64 20 coule
2622 2628 29 20 de
2666 2627 65 20 l'eau.
2747 2627 21 20 D

2244 2659 15 15 a
2278 2650 38 24 été-
2331 2657 63 17 assez
2414 2652 138 25 grièvement
2568 2652 78 21 blessé.

2377 2691 26 16 Zae
2418 2690 74 20 peintre
2507 2691 20 15 at
2546 2691 94 18 sculpteur

2345 2717 131 31 SERVAIS
2495 2717 171 31 DETILLEUX

2246 2759 60 12 our—
2309 2759 12 12 a
2334 2758 38 13 ane
2385 2754 104 18 exposition
2504 2754 24 16 de
2540 2756 30 14 ses
2575 2766 3 3 .
2585 2757 77 13 œuvre.,
2674 2753 18 16 la
2704 2753 22 16 IS
2739 2753 18 16 fé

2245 2774 56 19 Trier,
2313 2773 75 17 Galerie
2400 2772 73 20 Studio,
2484 2772 103 18 Bru—Des.
2648 2772 120 19 (B1910O/13S

2269 2805 138 21 EXEMPLE
2419 2803 213 21 D'ENDURANCE.
2642 2814 28 5 —
2681 2803 88 24 Malgré

2243 2830 21 20 le
2283 2829 61 21 froid
2362 2829 104 23 sibérien,
2485 2828 109 21 Valentin
2617 2827 95 25 Lepage,
2739 2829 29 19 de

2243 2854 108 22 Ransart,
2365 2853 37 20 n'a
2417 2858 42 19 pas
2474 2857 81 16 encore
2567 2851 73 25 quitté
2656 2857 42 15 son
2711 2852 56 22 abri,

2243 2878 37 24 où,
2293 2882 88 16 comme
2395 2878 110 23 toujours,
2519 2877 17 21 il
2550 2877 83 20 circule
2647 2877 64 24 pieds
2723 2880 44 17 nus

2244 2903 58 21 dans
2317 2907 37 16 ses
2369 2902 84 20 sabots.
2468 2902 33 20 La
2515 2902 144 20 commission
2677 2901 77 19 d'assis-

2245 2929 66 19 tance
2325 2927 105 24 publique
2445 2926 34 21 lui
2494 2931 15 15 a
2524 2926 75 20 donné
2613 2926 32 20 du
2659 2925 102 20 charbon

2243 2952 59 19 mais
2315 2951 18 20 11
2345 2951 39 20 n'a
2396 2955 42 20 pas
2452 2951 29 20 de
2495 2950 63 24 poêle
2570 2955 57 19 pour
2640 2950 32 20 les
2686 2950 79 20 brûler,

2243 2977 88 23 Lepage
2351 2976 36 20 est
2408 2975 29 21 né
2455 2975 15 21 à
2491 2976 63 19 Bans
2555 2975 37 20 art
2612 2975 21 20 le
2654 2975 13 19 9
2684 2975 83 19 février

2245 3001 56 20 1872.

2269 3037 42 21 UN
2326 3037 99 20 MARIN
2442 3037 34 20 SE
2493 3036 125 21 SUICIDE.
2633 3046 28 5 —
2675 3037 19 19 A
2711 3036 56 20 bord

2244 3062 30 20 du
2290 3062 99 20 steamer
2406 3069 9 9 «
2424 3061 192 20 Ober-Prasideut
2629 3061 34 20 De
2664 3061 104 22 lbriick»,

2244 3087 28 19 de
2284 3086 104 23 Dantzig,
2399 3085 89 21 amarré
2501 3086 57 19 dans
2570 3086 33 19 les
2614 3085 154 20 installations

2243 3111 126 20 maritimes
2381 3111 28 20 de
2423 3111 75 23 Gand,
2511 3115 32 15 un
2557 3110 75 20 marin
2645 3110 28 20 de
2687 3110 24 19 18
2725 3114 42 16 ans

2243 3136 54 20 s'est
2309 3135 85 21 suicidé
2410 3139 29 16 en
2456 3139 23 17 se
2496 3135 92 23 logeant
2604 3139 45 16 une
2665 3134 60 20 balle
2739 3135 27 20 de

2244 3160 100 20 revolver
2360 3160 59 20 dans
2434 3160 22 21 le
2471 3164 70 16 cœur.

2269 3196 80 20 AUTO
2369 3196 118 21 CONTRE
2507 3196 91 20 TRAM.
2617 3205 28 7 —
2663 3196 50 20 Rue
2736 3196 31 20 du

2243 3220 94 24 Phénix,
2344 3220 14 20 à
2365 3221 76 23 Gand,
2460 3225 45 16 une
2523 3220 102 21 collision
2642 3221 54 20 s'est
2713 3224 42 20 pro-

2243 3245 63 21 duite
2326 3246 65 20 entre
2407 3245 70 20 l'auto
2496 3245 31 20 du
2547 3245 93 20 docteur
2657 3245 34 20 De
2710 3245 56 20 Ber-

2243 3274 87 20 saques,
2347 3270 135 20 demeurant
2497 3274 41 16 rue
2555 3270 29 20 de
2602 3270 23 19 la
2642 3269 74 23 Croix,
2744 3271 23 18 et

2244 3299 45 15 une
2300 3294 87 21 voiture
2399 3295 40 20 des
2449 3295 121 23 tramways
2581 3293 138 25 électriques.
2725 3294 42 20 Les

2244 3319 58 20 deux
2316 3318 114 21 véhicules
2448 3319 41 20 ont
2506 3318 36 21 été
2558 3318 165 24 endommagés.

2268 3356 125 20 VICTIME
2408 3356 42 20 DU
2464 3355 100 21 FROID.
2579 3366 27 4 —
2619 3355 67 21 Porte
2702 3356 27 21 de
2743 3356 23 20 la

2244 3380 93 23 Colline,
2359 3380 15 20 à
2394 3380 75 23 Gand,
2492 3380 22 20 la
2538 3380 105 20 nommée
2664 3381 102 23 Augusta

2243 3404 117 23 Goethals,
2377 3405 135 20 demeurant
2530 3404 109 21 chaussée
2659 3405 28 20 de
2704 3405 55 23 Swy-

2243 3429 90 23 naerde,
2353 3434 15 16 a
2389 3429 36 20 été
2445 3429 60 24 prise
2527 3429 28 21 de
2575 3433 104 20 syncope,
2700 3433 53 16 occa-

2242 3453 93 21 sionnée
2351 3458 42 19 par
2412 3454 21 20 le
2451 3454 66 20 froid.
2542 3454 33 20 La
2589 3453 93 21 victime
2699 3458 16 16 a
2730 3454 36 20 été

2244 3478 141 25 transportée
2400 3478 15 21 à
2429 3477 109 22 domicile.

2268 3515 60 20 UNE
2346 3515 170 20 CHAUDIÈRE
2534 3515 138 20 EXPLOSE.
2690 3526 27 5 —
2735 3516 32 20 La

2242 3539 52 20 nuit
2309 3539 109 22 dernière,
2434 3544 46 15 une
2494 3539 122 21 chaudière
2632 3544 16 15 a
2664 3540 45 20 fait
2727 3545 26 17 ex-

2242 3563 88 24 plosion
2344 3564 58 20 dans
2414 3568 46 16 une
2473 3564 142 20 installation
2626 3564 141 21 industrielle

2242 3588 15 20 à
2276 3588 159 23 Port-Arthur,
2454 3588 16 20 à
2489 3588 75 21 Gand.
2582 3589 65 20 Deux
2667 3589 99 20 ouvriers

2242 3613 42 19 ont
2304 3612 36 21 été
2361 3612 142 24 transportés
2522 3613 58 21 dans
2598 3618 45 16 une
2663 3613 96 25 clinique

2242 3637 170 24 mi-asphyxlés.

2267 3673 135 21 VOLEURS
2414 3673 124 22 D'AUTOS
2549 3674 138 21 ARRÊTÉS.
2698 3685 27 5 —
2734 3675 33 20 La

2243 3697 71 24 police
2325 3698 128 20 anversoise
2466 3702 25 16 a.
2494 3698 74 21 arrêté
2581 3699 58 20 deux
2653 3699 113 21 Individus

2242 3722 38 24 qui
2293 3722 113 21 tentaient
2416 3723 28 20 de
2456 3722 68 23 voler,
2535 3723 58 20 dans
2606 3728 45 16 une
2663 3724 102 24 fabrique

2242 3747 88 20 d'autos
2348 3747 28 20 de
2396 3746 23 21 la
2437 3751 41 16 rue
2498 3748 29 19 de
2548 3747 90 25 Naples,
2657 3752 33 16 un
2711 3749 54 20 auto

2242 3771 56 20 neuf
2316 3771 67 20 d'une
2398 3771 79 20 valeur
2494 3772 28 20 de
2539 3773 71 22 65,000
2627 3773 84 20 francs.
2735 3773 30 20 Le

2243 3796 95 23 parquet
2349 3796 33 20 les
2395 3800 15 15 a
2423 3795 91 22 écroués
2527 3801 53 15 sous
2594 3797 98 20 mandat
2704 3797 49 21 d'ar-

2243 3819 41 21 rêt.

2267 3857 32 20 VI
2299 3857 73 20 CTIM
2371 3857 21 20 E
2406 3857 39 20 DE
2459 3858 38 20 LA
2510 3858 102 20 GLACE.
2625 3868 28 6 —
2667 3859 31 20 M.
2713 3859 40 20 Ma-

2242 3880 83 24 réchal,
2346 3882 135 21 demeurant
2499 3887 40 16 rue
2563 3882 202 24 Souverain-Pont,

2242 3905 15 20 à
2269 3905 73 24 Llége,
2356 3906 35 20 est
2404 3906 76 20 tombé
2494 3907 58 20 dans
2566 3912 27 15 sa
2606 3911 55 17 cour
2675 3908 24 20 et
2712 3908 53 20 s'est

2242 3930 101 21 fracturé
2360 3930 22 21 le
2397 3930 54 21 bras
2467 3931 94 23 gauche.

2266 3967 77 20 DANS
2361 3968 37 19 LA
2417 3968 347 22 VERRERIE-GOBELETER-

2242 3991 50 20 RIE
2306 3992 41 20 DU
2362 3992 121 20 CENTRE.
2495 4003 28 5 —
2536 3993 37 20 Un
2585 3993 82 20 conflit
2679 3994 35 20 est
2725 3998 27 16 ac-

2242 4015 132 21 tuellement
2388 4016 104 25 pendant
2506 4017 65 20 entre
2585 4017 33 20 les
2632 4018 95 24 patrons
2741 4019 24 20 et

2242 4040 32 20 les
2289 4040 99 21 ouvriers
2404 4041 250 24 verrlers-gobelettiers
2667 4043 31 20 du
2712 4043 40 19 bas-

2241 4064 37 20 sin
2295 4065 31 20 du
2341 4065 89 20 Centre.
2449 4066 42 20 Les
2508 4066 100 21 ouvriers
2626 4067 138 20 demandent

2242 4093 45 16 une
2301 4089 96 21 revision
2412 4090 31 20 du
2458 4090 55 20 taux
2528 4091 39 20 des
2581 4091 94 21 salaires
2687 4092 26 20 et
2724 4092 40 20 des

2241 4113 144 24 dispositions
2400 4113 105 22 relatives
2522 4114 16 21 à
2555 4115 168 24 l'embauchage
2741 4117 23 20 et

2241 4142 44 15 aux
2300 4138 125 20 mutations
2441 4139 39 19 des
2492 4139 106 23 ouvriers,
2611 4140 59 19 ainsi
2682 4141 82 23 qu'une

2241 4162 96 20 revision
2356 4163 39 20 des
2413 4163 68 20 tarifs
2505 4163 28 20 de
2563 4164 143 20 fabrication.
2732 4165 32 20 I—

2241 4187 143 20 commission
2400 4187 28 21 de
2444 4188 145 20 conciliation
2604 4189 24 21 et
2644 4189 107 20 d'arbitra

2241 4215 27 19 ge
2279 4211 63 20 vient
2353 4212 28 20 de
2393 4216 24 16 se
2428 4211 78 21 réunir
2518 4212 16 21 à
2545 4213 33 20 La
2590 4213 113 21 Louvière.
2716 4215 35 19 Au

2241 4240 58 16 cune
2313 4236 99 20 solution
2427 4237 38 19 n'a
2480 4241 31 20 pu
2526 4237 85 21 ralllier
2624 4238 101 21 ouvriers
2740 4240 24 19 et

2241 4259 100 24 patrons.
2360 4261 38 19 On
2415 4261 89 24 prévolt
2520 4261 78 21 l'arrêt
2615 4263 98 23 complet
2733 4263 30 21 du

2241 4284 88 21 travail.

2265 4322 42 19 ON
2318 4322 100 21 FERME
2429 4323 52 22 LES
2493 4322 109 22 ÉCOLES
2613 4324 20 20 A
2644 4325 37 19 LA
2692 4325 59 20 LOU-

2241 4345 93 21 VIÈRE.
2354 4356 27 5 —
2397 4347 35 20 En
2461 4347 107 24 présence
2598 4348 31 21 du
2660 4349 103 21 mauvais

2240 4370 74 24 temps
2331 4371 124 24 persistant
2471 4372 24 19 et
2513 4371 15 21 à
2541 4377 67 16 cause
2626 4373 28 20 de
2671 4373 79 25 l'épidé-

2240 4394 44 21 mie
2302 4395 28 20 de
2348 4395 84 24 grippe,
2449 4396 33 20 les
2498 4395 73 22 écoles
2586 4401 124 20 moyennes
2724 4399 39 20 des

2240 4423 96 20 garçons
2348 4420 24 20 et
2384 4420 40 20 des
2438 4420 59 20 filles
2511 4421 29 20 de
2553 4421 32 20 La
2597 4421 107 22 Louvière
2710 4424 52 19 sont

2240 4443 117 21 licenciées
2372 4444 89 25 Jusqu'à
2475 4445 82 20 nouvel
2572 4446 72 21 ordre.

2265 4480 127 20 VIOLENT
2405 4481 141 21 INCENDIE
2560 4483 19 19 A
2593 4483 36 19 LA
2643 4483 107 21 LOUVIÈ-

2240 4504 45 20 RE.
2297 4515 28 4 —
2339 4505 56 20 Vers
2410 4506 13 18 2
2439 4505 23 20 h.
2477 4506 30 20 du
2523 4506 80 22 matin,
2619 4507 22 20 le
2654 4508 39 20 feu
2709 4509 52 19 s'est

2240 4528 87 21 déclaré
2349 4530 57 19 dans
2428 4534 45 16 une
2492 4530 129 24 faïencerie,
2641 4532 120 21 boulevard

2240 4554 27 19 de
2279 4550 79 27 Tivoli,
2370 4554 15 20 à
2397 4554 32 21 La
2440 4555 113 20 Louvière.
2565 4555 120 22 L'absence
2697 4557 64 21 d'eau

2239 4577 88 24 obligea
2347 4578 33 20 les
2402 4579 131 20 sauveteurs
2556 4579 15 20 à
2594 4580 116 28 préserver
2729 4581 32 21 les

2239 4602 106 23 bureaux,
2360 4603 33 20 les
2406 4603 68 20 salles
2489 4598 178 27 d'échantillons,
2677 4605 22 21 la
2706 4606 55 21 salle

2239 4626 29 21 de
2284 4627 104 24 peinture
2404 4627 24 20 et
2444 4627 23 20 la
2482 4627 49 25 loge
2548 4628 31 21 du
2596 4629 122 24 concierge.

2263 4651 32 20 Le
2307 4651 103 24 magasin
2425 4652 28 20 de
2468 4652 84 23 blancs,
2567 4653 22 21 le
2601 4654 103 24 magasin
2720 4655 28 20 dé-

2238 4675 58 23 coré,
2313 4677 25 20 et
2355 4676 23 20 la
2393 4676 88 20 maison
2496 4677 152 21 d'habitation
2672 4679 29 20 de
2728 4680 32 19 M.

2238 4700 94 23 Ml——,
2347 4700 60 21 ainsi
2421 4705 43 19 que
2479 4701 21 21 le
2516 4705 82 20 garage
2612 4703 25 20 et
2652 4708 32 15 un
2698 4704 61 23 auto,

2238 4726 53 19 sont
2305 4724 102 22 détruits.
2420 4726 56 19 Vers
2488 4726 13 19 8
2517 4726 21 19 h.
2555 4727 31 20 du
2600 4727 74 20 matin
2690 4732 30 16 on
2734 4733 25 15 se

2238 4749 76 20 rendit
2327 4749 84 21 maître
2426 4750 31 20 du
2469 4749 45 21 feu.
2530 4751 37 19 On
2581 4751 81 22 estime
2675 4752 29 20 de
2716 4753 14 19 4
2744 4753 15 20 k

2238 4774 13 20 5
2265 4773 99 21 millions
2378 4774 28 20 de
2420 4774 78 20 francs
2512 4774 33 21 les
2557 4774 86 25 dégâts,
2654 4776 39 24 qui
2706 4778 53 18 sont

2238 4798 102 21 couverts
2361 4802 43 20 par
2424 4798 143 21 l'assurance.
2588 4800 30 20 Le
2639 4801 119 23 personnel

2238 4822 122 24 comprend
2374 4822 94 21 environ
2480 4823 26 20 80
2520 4823 99 21 ouvriers
2633 4825 24 20 et
2670 4825 76 20 ouvriè-

2237 4851 43 19 res,
2294 4846 39 25 qui
2347 4847 96 20 devront
2459 4846 98 22 chômer.
2574 4848 39 21 On
2628 4853 70 20 pense
2716 4853 42 20 que

2238 4871 22 20 le
2274 4871 39 21 feu
2327 4875 15 16 a
2356 4870 37 22 été
2407 4871 112 25 provoqué
2533 4876 43 21 par
2590 4877 33 16 un
2637 4874 109 20 court-cir-

2237 4895 54 21 cuit.

2265 4933 43 20 UN
2319 4933 112 22 COUPLE
2443 4933 155 21 ASPHYXIE.
2608 4944 27 6 —
2645 4935 20 20 A
2676 4935 83 23 Cluse-t

2240 4958 30 19 M.
2289 4957 101 20 Gustave
2406 4957 136 23 Hartmann,
2559 4958 120 24 nickeleur,
2695 4959 25 20 et
2736 4959 23 21 la

2239 4985 70 17 veuve
2327 4981 121 24 Cheneval,
2470 4982 38 24 qui
2527 4981 100 22 vivaient
2647 4983 112 21 ensemble

2240 5006 58 19 dans
2313 5010 46 16 une
2375 5006 70 22 petite
2462 5006 113 23 chambre,
2592 5006 16 21 à
2622 5007 121 20 Bonne-—
2741 5012 18 18 e,

2239 5030 93 20 avalent
2345 5028 46 23 fait
2405 5030 31 20 du
2452 5030 39 20 feu
2508 5031 28 19 de
2552 5031 100 20 charbon
2667 5031 30 21 de
2710 5031 49 21 bols

2239 5054 59 20 dans
2310 5058 34 16 un
2355 5054 59 23 petit
2425 5054 117 21 fourneau.

2264 5078 38 21 Un
2320 5080 193 19 commencement
2531 5078 127 22 d'Incendie
2675 5079 84 21 s'étant

2239 5102 94 23 déclaré,
2347 5103 33 21 les
2394 5102 84 22 voisins
2492 5104 150 20 accoururent
2656 5104 24 21 et
2694 5104 52 21 trou-

2238 5126 80 22 vèrent
2327 5126 21 22 le
2357 5127 79 24 couple
2444 5126 108 25 asphyxié
2561 5127 78 25 depuis
2648 5128 110 24 plusieurs

2238 5150 87 23 heures.
2342 5152 26 19 R.

2263 5189 59 20 UNE
2336 5189 91 21 JEUNE
2442 5188 82 20 FILLE
2540 5188 218 22 S'EMPOISONNE.

2237 5223 28 5 —
2278 5212 59 25 Asie
2354 5213 29 20 de
2399 5213 24 20 16
2439 5216 41 17 ans
2495 5211 131 25 seulement,
2640 5212 56 21 Mlle
2710 5213 35 21 Eu-

2238 5236 65 24 génie
2321 5238 85 20 Notter,
2423 5236 107 21 habitant
2544 5235 55 21 chez
2614 5241 28 16 sa
2659 5236 66 22 tante
2742 5237 15 21 à

2238 5261 114 23 Hayange,
2365 5260 75 21 s'était
2455 5259 149 21 amourachée
2619 5260 53 20 d'un
2685 5261 60 20 musi-

2238 5284 50 21 cien
2302 5285 69 23 belge.

2263 5309 32 21 Ce
2311 5309 89 20 dernier
2414 5308 66 21 étant
2494 5307 60 25 parti
2570 5307 186 25 définitivement,

2237 5332 24 21 la
2278 5333 67 23 Jeune
2362 5332 49 21 fille
2427 5333 54 20 s'est
2500 5331 158 24 empoisonnée
2674 5333 26 21 et
2718 5334 39 20 n'a

2237 5361 32 20 pu
2284 5356 50 21 être
2348 5356 83 22 sauvée
2447 5355 86 25 malgré
2550 5356 33 21 les
2600 5356 61 21 soins
2678 5357 78 24 qu'elle

2237 5380 69 24 reçut.
2324 5381 28 20 R.

2414 5435 4 5 .
2455 5424 111 19 **•'•••..-'-
2580 5423 15 20 :>
2624 5430 14 9 -•

2803 352 146 20 EPILOGUE
2961 352 70 19 D'UN
3044 352 119 20 PROCES.
3174 361 27 5 —
3212 350 31 22 Le
3257 350 30 20 tri-

2776 375 71 20 bunal
2860 374 163 22 correctionnel
3035 375 29 21 de
3075 374 130 25 Perpignan
3217 379 15 16 a
3245 378 41 16 ren-

2777 399 32 22 du
2820 399 51 21 hier
2882 399 81 23 matin,
2976 403 42 16 son
3030 399 117 24 jugement
3159 403 40 16 sur
3212 398 22 21 le
3245 402 42 20 pro-

2777 424 37 21 cès
2829 423 88 21 Intenté
2935 428 39 16 sur
2991 423 95 20 citation
3105 424 84 20 directe
3207 427 43 20 par
3267 423 32 19 M.

2777 449 104 22 Rolland,
2894 448 120 24 négociant
3027 453 31 16 en
3071 448 51 21 vins
3135 448 15 21 à
3163 447 136 25 Perpignan,

2777 474 79 19 contre
2873 474 32 19 M.
2919 474 45 19 Coc
2965 473 57 23 hois,
3038 473 105 20 trésorier
3158 477 85 20 payeur
3260 472 26 23 gé-

2778 497 64 21 néral
2852 498 39 20 des
2902 497 110 24 Pyrénées
3023 498 126 23 orientales,
3162 498 24 20 et
3197 498 32 19 M.
3241 497 58 20 Gul-

2778 523 42 21 ter,
2832 523 132 23 percepteur
2978 522 16 20 à
3008 522 134 24 Perpignan.

2805 548 32 19 Le
2853 548 120 23 plaignant
2988 547 62 20 avait
3066 547 78 21 accusé
3161 548 127 23 d'escroque-

2778 571 33 20 rie
2830 575 38 16 ces
2887 571 59 20 deux
2958 571 185 22 fonctionnaires,
3159 575 58 20 pour
3238 570 62 20 avoir

2778 595 94 24 persisté
2885 595 15 21 à
2919 600 90 16 exercer
3028 596 78 20 contre
3125 595 32 21 lui
3175 596 40 20 des
3231 599 57 20 pour-

2778 620 70 20 suites
2865 625 30 15 en
2907 620 116 24 paiement
3040 620 28 20 de
3082 620 165 20 contributions
3265 619 23 20 di-

2778 649 81 19 verses,
2874 645 61 21 alors
2962 649 43 19 que
3033 645 40 20 des
3088 650 88 15 erreurs
3192 644 108 21 sérieuses

2779 670 92 20 avalent
2883 669 37 21 été
2935 669 97 21 relevées
3047 670 57 20 dans
3117 670 183 20 rétablissement

2780 694 40 21 des
2833 694 58 20 rôles
2905 699 39 15 sur
2956 694 34 20 les
3003 693 113 22 bénéfices
3131 695 27 20 de
3173 699 80 19 guerre
3271 694 30 24 .et

2779 718 110 24 signalées
2903 723 43 20 par
2958 719 38 21 lui.
3011 720 31 19 M.
3058 719 96 20 Rolland
3169 718 132 21 demandait

2779 743 130 24 réparation
2924 744 54 20 d'un
2992 743 115 25 préjudice
3122 744 28 21 de
3162 745 70 22 80,000
3247 744 28 19 fr.

2805 768 72 24 Après
2892 769 28 19 de
2933 768 88 21 sévères
3035 769 113 22 attendus,
3163 769 21 20 le
3201 768 99 21 tribunal

2780 798 14 15 a
2813 793 95 20 débouté
2926 794 32 19 M.
2971 794 97 19 Rolland
3086 794 24 20 et
3127 794 29 20 l'a
3175 793 126 20 condamné

2780 818 283 20 reconventionnellement
3088 818 17 21 à
3130 818 52 24 cinq
3196 818 63 21 mille
3273 818 28 19 fr.

2780 843 118 20 d'amende
2908 847 79 17 envers
2998 842 88 21 chacun
3098 843 38 20 des
3147 842 143 21 fonctionnai-

2780 871 37 16 res
2829 867 53 24 qu'il
2896 867 67 20 visait
2990 868 23 20 et
3024 872 45 16 aux
3081 867 89 25 dépens.
3183 878 28 5 —
3223 868 28 20 R.

2807 904 60 20 UNE
2882 905 82 20 MERE
2980 905 39 20 DE
3035 905 126 21 FAMILLE
3176 906 34 20 SE
3226 905 78 21 NOIE.

2781 938 28 5 —
2820 929 62 20 Mme
2895 929 118 20 Henriette
3025 929 114 23 Gazottes,
3152 930 26 19 24
3191 934 49 19 ans,
3252 933 39 16 ma-

2783 952 47 21 riée
2842 953 24 20 et
2876 952 63 22 mère
2950 954 28 19 de
2989 954 58 19 deux
3059 954 99 22 enfants,
3169 954 53 20 s'est
3234 953 71 24 noyée

2784 977 208 20 accidentellement
3003 978 57 19 dans
3073 982 45 16 une
3129 982 70 18 mare,
3211 983 14 15 a
3237 978 67 20 Vers-

2784 1001 126 25 dit-Goule,
2919 1001 30 21 où
2958 1002 36 20 est
3003 1002 124 22 domiciliée
3136 1007 27 16 sa
3173 1002 93 21 famille.
3277 1003 26 20 R.

2809 1038 145 20 DECAPITE
2967 1039 58 20 SUR
3037 1039 37 20 LA
3086 1039 76 20 VOIE.
3175 1049 28 5 —
3215 1038 54 21 Près
3282 1038 23 21 la

2785 1067 54 19 gare
2854 1063 28 19 de
2897 1063 108 23 St-Malo,
3018 1067 31 16 on
3064 1068 14 15 a
3093 1063 120 21 découvert
3226 1067 41 16 sv.r
3283 1063 23 20 la

2784 1087 49 19 voie
2849 1087 22 20 le
2885 1087 95 20 cadavre
2994 1088 54 19 d'un
3064 1087 121 24 cheminot,
3200 1088 31 20 M.
3247 1088 58 19 Jean

2785 1111 122 22 Tourillon,
2927 1110 42 24 âgé
2987 1111 29 20 de
3034 1111 26 20 56
3079 1116 48 15 ans.

2811 1136 32 19 Sa
2855 1135 47 20 tête
2915 1135 61 20 avait
2988 1135 36 20 été
3036 1135 100 24 projetée
3149 1135 15 21 à
3179 1136 23 19 12
3216 1135 89 21 mètres.

2810 1159 31 20 Le
2864 1159 153 23 malheureux,
3039 1159 159 24 congestionné
3219 1164 42 19 par
3284 1159 22 21 le

2785 1183 67 24 froid,
2865 1183 58 20 était
2937 1184 75 21 tombé
3025 1189 39 16 sur
3076 1185 33 20 les
3121 1184 55 20 rails
3190 1189 30 15 en
3233 1184 74 20 allant

2785 1208 97 23 prendre
2899 1212 43 16 son
2960 1208 90 21 service.
3066 1208 28 20 R.

2810 1244 119 23 QUATRE
2940 1245 164 21 ACCIDENTS
3116 1245 138 21 MORTELS
3266 1245 41 21 OU

2787 1270 134 20 SUICIDES
2937 1270 39 19 EN
2993 1270 118 23 QUATRE
3128 1270 100 20 JOURS.
3245 1279 27 6 —
3287 1271 20 19 A

2786 1293 73 23 Céret,
2874 1294 32 19 M.
2921 1294 59 20 Jean
2995 1293 110 24 Noguera,
3121 1293 42 24 âgé
3178 1294 27 19 de
3218 1294 26 20 26
3258 1298 49 18 ans,

2785 1317 90 21 ouvrier
2884 1317 134 24 électricien,
3029 1318 34 20 est
3073 1318 76 20 tombé
3161 1318 54 20 d'un
3224 1318 83 24 poteau

2786 1341 120 25 électrique
2922 1347 40 15 sur
2979 1342 23 20 la
3018 1342 64 22 route
3100 1343 24 19 et
3138 1343 54 19 s'est
3207 1342 40 20 tué
3260 1343 47 20 net.

2811 1367 64 19 Dans
2895 1366 23 20 la
2940 1365 74 21 même
3037 1371 125 18 commune,
3185 1366 122 24 Joséphine

2785 1390 86 23 Ferrer,
2884 1390 26 20 36
2923 1394 49 21 ans,
2987 1390 81 24 épouse
3082 1390 108 25 Justafré,
3204 1390 62 21 mère
3280 1391 28 20 de

2786 1414 55 20 trois
2853 1414 93 21 enfants
2958 1419 28 15 en
2998 1414 41 20 bas
3053 1415 48 23 âge,
3114 1415 53 20 s'est
3180 1415 127 24 asphyxiée.

2786 1438 48 21 Elle
2849 1437 58 21 était
2922 1438 197 25 neurasthénique.

2810 1463 21 20 A
2851 1463 81 22 Salses,
2952 1462 52 25 près
3022 1463 28 21 de
3071 1463 23 21 la
3113 1467 60 20 gare,
3193 1468 32 16 un
3246 1463 61 21 train

2786 1491 15 15 a
2815 1486 77 21 écrasé
2907 1487 59 20 Jean
2978 1487 97 26 Vignels,
3089 1492 32 16 un
3133 1488 119 24 Espagnol,
3266 1488 42 23 âgé

2787 1511 28 20 de
2834 1511 25 21 65
2879 1515 51 19 ans;
2952 1512 68 20 sourd
3039 1512 24 20 et
3082 1516 86 20 myope,
3187 1512 18 21 il
3222 1513 86 20 n'avait

2786 1535 26 20 ni
2828 1535 101 21 entendu
2943 1536 25 19 ni
2983 1540 31 16 vu
3029 1536 22 20 le
3065 1536 86 21 convoi.

2812 1560 64 21 Dans
2894 1560 23 20 la
2937 1559 73 22 même
3029 1560 96 24 locslité,
3144 1565 31 16 on
3195 1565 15 17 a
3230 1561 78 21 trouvé

2787 1583 58 21 dans
2860 1584 24 20 la
2898 1588 79 17 source
2992 1584 47 22 dite
3056 1592 9 9 «
3080 1585 112 20 Fontaine
3204 1585 92 24 poisson-

2787 1612 69 16 neuse
2872 1616 18 15 »,
2905 1608 21 20 le
2942 1613 65 19 corps
3022 1609 28 20 de
3066 1609 63 20 Jules
3145 1609 73 23 Vidal,
3233 1614 75 16 connu

2786 1636 53 16 sous
2852 1632 22 21 le
2888 1632 114 25 sobriquet
3018 1633 27 20 de
3058 1633 90 24 Mayou,
3161 1633 147 24 propriétaire

2787 1655 15 21 à
2817 1656 90 20 Balxas.
2924 1657 21 20 Il
2962 1656 76 21 s'était
3054 1657 58 24 noyé
3129 1657 15 21 à
3161 1658 24 20 la
3202 1658 60 21 suite
3279 1659 29 20 de

2787 1680 107 24 chagrins
2912 1681 98 20 intimes.
3031 1682 27 20 R.

2813 1717 83 21 DEUX
2922 1717 128 22 BANDITS
3076 1717 138 25 MASQUES
3240 1719 56 21 OPE-

2790 1741 77 20 RENT
2878 1742 37 20 LA
2924 1742 79 21 NUIT.
3014 1752 27 6 —
3051 1744 55 19 Vers
3116 1743 25 20 23
3151 1743 89 24 heures,
3251 1744 58 20 deux

2790 1765 91 21 bandits
2895 1766 104 25 masqués
3013 1771 26 16 se
3053 1768 54 20 sont
3120 1762 122 27 introduits
3255 1768 55 20 chez

2789 1790 62 20 Mme
2862 1790 131 24 Florentine
3003 1791 60 24 Brie,
3073 1789 15 22 à
3098 1791 76 25 Dijon,
3186 1793 42 20 ont
3239 1792 57 21 fouil-

2789 1814 23 20 lé
2832 1814 34 21 les
2887 1815 106 22 meubles,
3016 1816 101 23 emporté
3141 1821 45 17 une
3208 1816 88 21 certaii.
3296 1821 13 16 e

2789 1843 86 16 somme
2888 1839 103 24 d'argent
3002 1841 24 20 et
3041 1841 28 20 de
3083 1840 83 24 bijoux.

2814 1863 48 21 Peu
2873 1863 72 24 après,
2956 1864 24 20 la
2991 1864 79 24 police,
3082 1864 96 22 aussitôt
3191 1865 118 25 prévenue,

2790 1887 96 22 arrêtait
2898 1892 32 17 un
2943 1889 39 20 des
2995 1889 119 23 individus,
3127 1890 74 23 Roger
3213 1890 97 23 Bavard,

2790 1913 26 18 iu
2831 1917 48 18 ans,
2895 1912 38 25 qui
2949 1918 15 15 a
2980 1913 76 21 refusé
3069 1914 28 21 de
3112 1914 48 21 dire
3176 1914 22 21 le
3213 1919 56 16 nom
3280 1915 29 21 de

2789 1941 45 16 son
2842 1936 114 25 complice.
2966 1938 28 20 R.

2817 1974 163 20 CONDAMNE
3019 1975 81 20 POUR
3139 1976 159 20 DETOURNE-

2791 1998 105 20 MENTS.
2910 2008 27 5 —
2952 1999 33 20 M.
3002 1998 61 21 Léon
3078 1999 108 24 Maurice,
3201 1999 110 24 d'Eplnal,

2790 2022 42 24 âgé
2842 2023 30 20 de
2885 2022 24 20 -11
2923 2027 48 19 ans,
2985 2023 62 20 avait
3059 2023 36 20 été
3106 2024 83 23 chargé
3198 2024 105 20 d'encals.

2791 2051 36 16 ser
2840 2051 46 16 une
2898 2051 87 17 somme
2998 2048 29 20 de
3040 2047 69 23 15,837
3122 2048 79 21 francs
3214 2049 29 20 de
3257 2053 41 16 cou

2791 2076 58 19 pons
2870 2072 163 23 d'obligations.
3052 2073 21 21 H
3091 2073 85 20 toucha
3192 2073 106 20 effective-

2791 2096 64 20 ment
2873 2096 24 21 la
2914 2100 93 20 somme,
3024 2097 60 22 mais
3102 2097 17 20 il
3137 2098 24 19 la
3180 2098 71 24 garda
3268 2101 43 20 par

2791 2121 79 20 devers
2886 2120 39 21 lui.

2816 2145 32 20 Le
2861 2145 103 21 tribunal
2978 2146 163 23 correctionnel
3160 2146 104 24 d'Eplnal
3281 2146 31 21 l'a

2791 2169 126 21 condamné
2932 2169 16 20 à
2961 2170 57 20 neuf
3033 2170 57 21 mois
3105 2171 28 20 de
3147 2170 84 25 prison.
3246 2171 25 20 B,

2817 2207 59 20 UNE
2917 2207 242 20 SEPTUAGENAIRE
3196 2207 115 21 BRULEE

2790 2231 76 20 VIVE.
2875 2241 28 4 —
2912 2231 84 20 Vivant
3005 2231 62 20 seule
3076 2232 25 19 et
3109 2231 131 24 impotente,
3249 2232 62 20 Mme

2790 2260 70 15 veuve
2869 2255 66 23 Petit,
2946 2255 54 23 âgée
3009 2256 29 20 de
3049 2255 25 20 73
3084 2260 48 18 ans,
3142 2256 28 22 de
3179 2255 130 23 Buzançais,

2790 2279 76 21 s'était
2884 2279 126 24 approchée
3030 2280 28 20 de
3078 2280 26 20 la
3120 2280 117 21 cheminée
3254 2284 57 20 pour

2792 2304 96 21 allumer
2898 2309 45 16 une
2956 2305 76 22 lampe
3044 2304 88 24 pigeon.

2816 2329 32 20 Le
2865 2329 41 20 feu
2922 2333 25 16 se
2964 2329 160 27 communiqua
3140 2328 16 21 à
3172 2334 28 15 sa
3212 2329 56 20 robe
3281 2329 29 22 et,

2791 2353 94 23 bientôt,
2902 2353 43 20 elle
2961 2353 39 20 fut
3013 2351 175 25 complètement
3205 2354 95 20 environ-

2791 2377 42 21 née
2841 2378 29 21 de
2879 2377 112 20 flammes.
3001 2377 87 24 Malgré
3097 2377 167 21 l'Intervention
3272 2378 40 20 des

2792 2402 90 23 voisins,
2896 2402 44 20 elle
2956 2402 38 20 fut
3025 2402 21 20 si
3066 2403 131 22 gravement
3229 2401 80 23 brûlée,

2792 2427 79 23 qu'elle
2882 2427 93 20 mourut
2985 2426 105 25 quelques
3100 2426 82 21 heures
3191 2426 52 24 plus
3254 2426 51 21 tard

2791 2451 28 22 B.

2814 2488 141 20 INCENDIE
2965 2487 92 21 CAUSÉ
3067 2488 57 19 PAR
3133 2487 41 20 UN
3181 2487 119 21 DETONA-

2792 2512 85 20 TEUR.
2888 2522 28 5 —
2926 2513 20 18 A
2958 2512 24 20 la
2992 2512 73 21 ferme
3078 2512 28 20 de
3119 2511 118 23 Beauvais,
3249 2515 50 16 com-

2791 2541 70 16 mune
2870 2537 30 20 de
2909 2536 118 23 Chenoise,
3038 2535 109 25 exploitée
3156 2540 43 20 par
3208 2536 32 20 M.
3248 2535 52 20 Pier-

2791 2565 26 16 re
2826 2560 74 24 Bégis,
2912 2565 33 16 un
2956 2561 72 23 grand
3040 2561 91 22 hangar
3141 2560 82 24 rempli
3235 2560 28 20 de
3274 2559 25 21 ré-

2792 2586 70 21 coltes
2876 2585 64 21 vient
2950 2584 71 22 d'être
3035 2584 85 21 détruit
3131 2589 43 19 par
3188 2589 33 16 un
3233 2584 68 21 Incen-

2792 2610 36 21 die
2838 2609 68 21 causé
2915 2614 42 19 par
2965 2610 41 20 des
3014 2609 147 21 détonateurs
3171 2608 75 25 placés
3256 2613 56 18 pour

2792 2635 101 23 effrayer
2910 2635 34 20 les
2962 2634 118 23 corbeaux,
3099 2633 90 21 ceux-ci
3203 2638 32 16 en
3251 2633 48 20 écla

2792 2659 55 20 tant
2859 2660 41 20 ont
2910 2658 44 21 mis
2966 2659 21 22 le
2998 2659 45 20 feu.

2817 2684 43 19 Les
2871 2683 82 24 pertœ,
2965 2683 38 24 qui
3015 2683 54 20 sont
3079 2681 171 24 considérables,
3259 2682 52 21 sont

2792 2707 107 21 assurées.
2914 2707 28 21 R.

2812 2744 129 20 VIOLENT
2971 2744 142 20 INCENDIE
3143 2743 78 20 DANS
3251 2743 61 20 UNE

2787 2769 95 20 USINE.
2895 2779 28 5 —
2936 2769 37 20 Un
2987 2768 85 20 violent
3086 2768 103 20 incendie
3203 2767 53 20 s'est
3269 2767 29 20 dé-

2787 2793 61 20 claré
2862 2794 58 20 dans
2932 2798 46 15 une
2992 2793 64 20 usine
3070 2793 16 20 à
3097 2792 160 21 Vlllefranche.
3269 2792 42 20 Les

2787 2818 80 23 dégâts
2884 2818 129 24 atteignent
3031 2818 59 20 deux
3107 2817 105 21 millions.

2812 2843 31 20 Le
2856 2843 91 20 sinistre
2960 2842 46 24 prit
3019 2843 120 20 naissance
3152 2842 58 20 dans
3221 2842 33 20 les
3267 2842 30 20 bu

2787 2872 76 15 reaux.
2876 2867 20 20 n
2908 2871 75 20 gagna
2994 2867 143 23 rapidement
3149 2867 33 20 les
3197 2867 115 23 magasins

2787 2893 24 19 et
2828 2892 122 24 entrepôts.
2966 2902 28 5 —
3010 2893 27 19 R.

2813 2928 149 20 ACCIDENT
2982 2928 129 20 MORTEL.
3143 2938 27 5 —
3190 2929 35 19 En
3245 2932 53 20 rega-

2787 2953 74 23 gnant
2874 2953 21 20 le
2909 2953 46 19 soir
2968 2957 26 16 sa
3008 2953 79 22 ferme,
3099 2952 22 21 le
3135 2952 120 21 laboureur
3268 2953 41 20 Ch.

2787 2977 64 23 Alen,
2865 2982 15 15 a
2906 2977 45 20 fait
2967 2982 46 17 une
3027 2977 69 21 chute
3112 2978 29 20 de
3156 2982 27 15 sa
3196 2978 115 20 charrette

2788 3002 23 20 et
2823 3003 36 20 est
2872 3006 60 16 venu
2946 3002 109 21 s'abattre
3069 3007 39 15 sur
3123 3002 33 20 les
3170 3002 74 24 pavés.
3260 3002 51 20 Une

2788 3027 39 20 des
2840 3031 66 16 roues
2920 3027 32 20 lui
2966 3031 67 19 passa
3047 3032 39 15 sur
3098 3027 22 21 le
3132 3031 71 20 corps,
3216 3027 21 20 le
3251 3027 47 20 mal-

2787 3051 102 21 heureux
2902 3051 38 20 fut
2954 3051 73 21 relevé
3041 3052 58 20 dans
3111 3056 33 16 un
3157 3052 49 20 état
3221 3052 77 24 pitoya-

2787 3076 42 20 ble.
2843 3076 20 20 Il
2877 3081 15 15 a
2904 3076 124 21 succombé.

2813 3118 114 21 ARRÊTÉ
2941 3119 39 20 DE
2996 3119 146 21 NOUVEAU.
3157 3130 27 5 —
3198 3120 32 21 Le
3244 3120 14 20 7
3274 3120 24 20 fé-

2787 3143 59 20 vrier
2858 3144 95 22 dernier,
2965 3144 33 20 les
3011 3144 134 24 gendarmes
3158 3145 125 21 arrêtaient
3295 3145 16 20 à

2787 3168 86 21 Baelen
2885 3173 33 15 un
2930 3169 88 19 certain
3031 3169 53 23 B...,
3096 3170 122 20 recherché
3232 3174 43 20 par
3287 3170 23 20 la

2787 3193 82 23 Justice
2881 3197 57 20 pour
2951 3193 110 24 plusieurs
3072 3193 50 21 vols
3133 3195 24 19 et
3169 3199 39 16 sur
3218 3195 39 24 qui
3270 3198 27 21 pè-

2787 3218 52 19 sent
2851 3217 75 22 même
2939 3218 39 20 des
2991 3218 166 24 présomptions
3169 3220 28 19 de
3208 3219 90 24 culpabi-

2787 3242 40 20 lité
2844 3243 139 20 concernant
3000 3243 67 21 l'acte
3084 3244 28 20 de
3130 3243 136 22 banditisme
3295 3245 15 19 à

2787 3267 97 20 Ramsel.

2811 3292 37 20 Au
2863 3292 102 21 moment
2977 3292 30 20 où
3019 3293 44 20 B...
3080 3293 57 21 était
3151 3294 93 21 conduit
3258 3294 15 20 à
3286 3294 24 20 la

2787 3316 77 24 prison
2882 3317 27 20 de
2927 3317 126 23 Turnhout,
3070 3318 18 20 11
3105 3319 91 23 parvint
3212 3324 16 16 a
3244 3323 52 16 arra-

2786 3341 55 20 cher
2853 3346 36 15 ses
2902 3342 113 20 menottes
3029 3343 24 19 et
3065 3342 15 20 à
3091 3343 102 20 s'enfuir.

2811 3366 88 23 Malgré
2910 3367 105 20 d'activés
3024 3367 139 24 recherches,
3173 3369 16 19 il
3198 3368 37 21 fut
3244 3369 53 23 long-

2786 3390 75 23 temps
2877 3391 147 20 Introuvable.
3037 3393 36 19 En
3088 3392 88 21 faisant
3191 3393 49 20 leur
3254 3398 42 16 ron-

2787 3415 28 20 de
2835 3415 50 21 hier
2904 3416 52 23 soir,
2975 3416 33 20 les
3026 3417 135 23 gendarmes
3179 3418 29 21 de
3224 3419 86 20 Baelen

2787 3441 135 23 aperçurent
2934 3441 44 20 B...
2994 3441 38 23 qui
3045 3442 85 20 entrait
3142 3442 54 21 chez
3211 3447 32 16 un
3256 3445 52 18 ami.

2811 3464 205 24 Immédiatement,
3032 3466 33 21 les
3081 3467 102 20 hommes
3199 3468 28 20 de
3240 3468 23 20 la
3279 3469 31 20 loi

2786 3488 72 21 firent
2873 3489 112 25 Irruption
2998 3491 58 20 dans
3068 3491 25 20 la
3108 3492 105 21 demeure
3226 3493 25 20 et
3265 3497 32 20 pu-

2786 3514 53 20 rent
2851 3514 87 21 arrêter
2950 3515 22 20 le
2987 3515 131 21 malandrin
3131 3517 38 23 qui
3183 3517 75 21 s'était
3270 3522 27 16 ca-

2786 3538 43 20 ché
2843 3543 52 15 sous
2912 3538 21 22 le
2949 3539 33 20 lit.
2999 3539 151 24 Etroitement
3166 3542 110 23 surveillé,
3293 3542 17 21 il

2786 3562 37 21 fut
2835 3564 118 20 reconduit
2965 3564 15 20 à
2993 3564 23 20 la
3028 3565 78 23 prison
3118 3567 28 19 de
3157 3566 127 23 Turnhout.

2816 3606 118 20 VOLEUR
2946 3607 68 21 PRIS
3026 3608 40 20 AU
3079 3609 94 21 PIEGE.
3196 3620 28 5 —
3249 3611 49 21 Con-

2790 3630 95 21 vaincue
2900 3635 43 19 que
2957 3631 41 21 des
3016 3633 48 20 vols
3081 3633 29 21 de
3116 3632 90 23 'lettres
3223 3634 87 22 étaient

2789 3655 93 20 commis
2893 3655 78 24 depuis
2981 3656 104 25 quelques
3094 3658 113 21 semaines
3218 3664 28 16 au
3257 3659 41 25 pré-

2790 3679 75 23 judice
2876 3680 30 21 de
2916 3680 190 22 rarchiconfrérie
3117 3683 28 20 de
3155 3683 155 22 Notre-Dame

2789 3703 31 20 du
2849 3703 151 22 Sacré-Cœur
3018 3706 140 24 d'Issoudun,
3178 3709 24 20 et
3219 3708 78 21 s'effec-

2790 3727 90 21 tuaient
2891 3733 30 16 au
2931 3733 65 16 cours
3005 3730 31 20 du
3048 3731 72 24 triage
3131 3732 40 20 des
3181 3737 52 16 sacs
3242 3732 16 21 à
3269 3733 28 21 dé-

2790 3752 88 24 pêches,
2895 3757 31 16 au
2943 3753 85 21 bureau
3046 3755 29 20 de
3088 3755 25 20 la
3127 3760 54 19 gare
3199 3757 29 22 de
3247 3757 61 20 Châ-

2791 3777 115 23 teauroux,
2919 3778 204 22 l'Administration
3137 3781 40 20 des
3189 3781 78 21 Postes
3280 3782 29 21 flt

2789 3801 116 21 surveiller
2924 3802 99 24 Georges
3042 3803 119 25 Larivière,
3177 3805 42 24 âgé
3235 3807 29 19 de
3286 3807 23 20 19

2790 3830 49 18 ans,
2855 3826 39 23 qui
2909 3827 63 20 avait
2988 3828 103 20 travaillé
3107 3828 15 21 à
3135 3829 24 21 la
3174 3830 64 24 poste
3251 3831 45 20 d'Is-

2789 3851 90 20 soudun
2895 3851 30 22 et,
2940 3851 80 24 depuis
3037 3853 56 21 trois
3111 3854 57 20 mois
3184 3855 125 20 seulement

2791 3875 62 20 avait
2869 3875 36 20 été
2921 3875 91 21 nommé
3032 3878 70 22 agent
3120 3878 146 24 manipulant
3276 3890 7 4 -
3294 3880 15 20 à

2790 3899 165 21 Châteauroux.

2814 3923 41 20 Six
2866 3924 78 20 lettres
2959 3924 125 23 contenant
3098 3927 40 20 des
3151 3927 75 21 billets
3252 3928 56 21 dont

2789 3947 32 21 les
2836 3948 105 21 numéros
2958 3949 92 21 avalent
3080 3950 37 21 été
3132 3951 177 24 préalablement

2789 3972 86 21 relevée
2889 3974 24 19 et
2928 3974 75 20 toutes
3018 3975 114 20 adressées
3148 3976 15 20 à
3175 3975 121 22 rarchicon-

2789 3995 69 23 frérie
2873 3997 78 21 furent
2966 3998 238 23 intentionnellement
3221 4001 88 26 placées

2789 4021 58 20 dans
2858 4022 33 20 les
2900 4026 51 18 sacs
2963 4023 28 20 de
3001 4022 110 25 dépêches
3121 4025 86 21 confiés
3218 4025 15 21 à
3243 4026 53 21 Lari-

2789 4045 66 21 vière.

2814 4070 72 23 Après
2898 4071 22 20 le
2934 4071 30 20 tri
2977 4076 31 15 on
3021 4072 81 21 fouilla
3115 4073 112 22 Larivière
3237 4074 26 22 et
3273 4075 35 21 six

2788 4094 79 22 lettres
2882 4096 25 19 et
2922 4095 59 21 leurs
2998 4096 74 21 billets
3087 4098 80 21 furent
3180 4100 128 20 retrouvées

2789 4119 58 20 dans
2859 4124 36 15 ses
2908 4120 88 23 poches.
3008 4120 51 21 Une
3070 4122 147 23 perquisition
3227 4123 81 24 opérée

2788 4144 59 20 dans
2858 4148 28 16 sa
2900 4144 107 21 chambre
3022 4145 30 20 fit
3066 4146 117 21 découvrir
3197 4148 29 20 de
3242 4152 54 16 nom-

2789 4167 90 22 breuses
2891 4169 77 20 lettres
2981 4168 15 20 à
3009 4169 105 21 l'adresse
3127 4171 29 20 de
3169 4171 138 21 l'Archicon-

2788 4192 69 21 frérie
2868 4193 140 23 d'Issoudun,
3020 4194 39 21 des
3072 4195 115 24 mandats,
3199 4196 40 21 des
3252 4197 44 21 tim-

2788 4216 51 20 bres
2850 4216 117 24 étrangers
2978 4219 26 21 et
3015 4219 40 20 des
3068 4220 74 21 cartes
3155 4220 98 23 postales
3264 4226 42 19 que

2788 4240 111 21 Larivière
2930 4241 103 21 dérobait
3063 4243 128 24 également
3209 4249 57 20 pour
3282 4250 25 16 se

2788 4265 124 20 constituer
2927 4270 32 16 un
2974 4266 78 21 album
3067 4269 29 19 de
3108 4269 136 20 collections.
3257 4269 21 21 H
3292 4275 15 15 a

2788 4288 36 21 été
2837 4289 75 21 arrêté
2927 4292 25 19 et
2967 4290 86 22 écroué.
3068 4292 28 20 R.

2810 4332 94 20 COUPS
2919 4333 39 19 DE
2971 4333 160 21 REVOLVER.
3158 4345 28 5 —
3211 4336 92 20 Samedi

2783 4356 52 22 soir,
2854 4361 32 16 un
2902 4357 87 20 certain
3023 4358 51 20 Van
3093 4359 128 24 Eeneghem
3237 4361 66 22 Jean,

2784 4380 56 21 dont
2849 4385 30 16 on
2888 4381 77 23 Ignore
2975 4386 79 16 encore
3065 4382 111 25 l'adresse,
3185 4384 117 21 cherchait

2783 4405 104 24 querelle,
2898 4406 58 20 dans
2969 4410 32 16 lui
3013 4407 51 20 café
3075 4408 28 20 de
3114 4408 24 20 la
3148 4412 40 17 rue
3199 4409 41 21 des
3250 4410 41 20 Boi-

2784 4429 59 22 teux,
2859 4429 15 20 à
2889 4428 22 21 la
2923 4429 104 21 nommée
3041 4431 87 20 Jacolet
3143 4432 79 24 Marie,
3234 4432 55 21 habi-

2783 4453 53 21 tant
2852 4453 90 21 Galerie
2955 4454 32 20 du
3001 4455 136 21 Commerce.
3151 4457 36 19 Au
3200 4458 101 19 moment

2783 4477 29 20 où
2825 4478 60 20 cette
2896 4477 102 22 dernière
3010 4479 78 20 venait
3100 4480 29 20 de
3139 4480 85 24 quitter
3236 4481 53 21 l'éta-

2783 4501 136 23 blissement,
2933 4503 164 24 accompagnée
3108 4504 31 20 du
3153 4505 90 21 nommé
3255 4506 44 20 R...

2783 4526 105 23 Georges,
2904 4526 134 21 demeurant
3057 4532 41 16 rue
3120 4528 113 25 d'Argent,
3251 4530 50 20 Van

2783 4550 127 23 Eeneghem
2922 4550 45 20 tira
2979 4550 110 24 plusieurs
3102 4556 68 20 coups
3185 4553 28 20 de
3227 4554 61 20 revol-

2782 4578 39 16 ver
2834 4575 59 20 dans
2910 4575 49 20 leur
2976 4575 110 21 direction
3101 4580 60 20 sans,
3178 4577 110 22 heureuse-

2782 4599 70 23 ment,
2864 4599 32 20 les
2910 4598 118 22 atteindre.
3040 4600 38 20 Un
3092 4600 40 21 des
3144 4601 127 24 projectiles
3286 4607 14 15 a

2782 4622 58 21 brisé
2853 4623 23 20 la
2886 4623 88 21 fenêtre
2988 4624 27 20 de
3029 4623 134 23 l'Immeuble
3175 4626 93 23 portant
3279 4627 21 20 le

2781 4651 23 16 n.
2814 4647 13 20 4
2838 4647 29 21 de
2877 4647 23 20 la
2910 4652 41 15 rue
2962 4648 39 19 des
3011 4647 101 22 Boiteux.
3124 4649 33 20 La
3167 4649 59 22 balle
3238 4655 16 16 a
3263 4650 37 21 été

2781 4671 115 21 retrouvée
2912 4671 15 20 à
2941 4671 123 21 l'intérieur
3077 4673 29 20 de
3119 4673 23 20 la
3158 4673 95 22 maison.
3269 4675 30 20 Le

2780 4695 114 24 coupable,
2902 4695 38 24 qui
2948 4700 16 16 a
2972 4695 46 25 pris
3029 4696 23 20 la
3059 4696 59 22 fuite
3128 4698 58 20 dans
3193 4698 24 20 la
3226 4698 60 22 direc-

2781 4720 48 19 tion
2844 4720 29 20 de
2886 4719 23 20 la
2923 4724 41 16 rue
2977 4720 31 21 du
3023 4721 92 24 Marais,
3131 4724 34 20 est
3177 4723 122 21 recherché

2780 4748 42 20 par
2832 4743 23 21 la
2866 4743 77 24 police.
2954 4744 29 20 D.

2804 4785 43 21 UN
2861 4785 146 22 POLONAIS
3020 4786 59 21 TUE
3094 4787 89 22 CELLE
3197 4789 53 24 QUI
3263 4790 35 21 LE

2781 4810 187 20 REPOUSSAIT.
2985 4820 29 5 —
3031 4811 55 21 Mlle
3101 4812 89 21 Jeanne
3208 4814 91 22 Derlon,

2780 4833 54 24 âgée
2846 4834 29 20 de
2889 4834 24 19 21
2927 4838 49 19 ans,
2990 4834 141 25 demeurant,
3157 4837 44 23 176,
3215 4842 41 18 rue
3270 4839 28 20 de

2779 4858 141 23 Strasbourg,
2930 4858 15 20 à
2954 4859 85 24 Nancy,
3049 4859 56 22 était
3114 4861 133 25 poursuivie,
3257 4863 28 20 de-

2779 4881 51 24 puis
2842 4886 32 16 un
2888 4882 88 20 certain
2988 4882 81 30 temps,
3080 4888 42 20 par
3134 4885 34 21 les
3178 4886 120 21 assiduités

2779 4906 28 20 de
2825 4905 103 21 l'ouvrier
2948 4902 103 28 polonais
3069 4909 88 21 France
3177 4910 43 20 Pal
3219 4910 79 24 llnsky,

2778 4929 42 24 âgé
2834 4930 28 20 de
2874 4930 25 20 25
2912 4935 49 16 ans.
2975 4931 55 21 Hier
3040 4932 53 24 soir,
3106 4937 25 17 oe
3145 4933 89 22 dernier
3248 4935 50 20 vint

2779 4954 123 20 demander
2912 4954 16 20 à
2938 4954 24 21 la
2973 4955 68 23 Jeune
3052 4957 85 21 femme
3150 4958 28 21 de
3189 4958 21 21 le
3223 4959 74 21 suivre

2778 4978 15 20 à
2809 4978 129 24 Pagny-sur
2950 4995 23 4 _
2972 4980 78 24 leselle.
3068 4985 58 20 pour
3141 4986 16 20 y
3175 4982 62 22 vivre
3256 4987 29 17 en-

2777 5002 90 21 semble.

2802 5027 77 23 .Ayant
2889 5027 78 25 essuyé
2979 5032 33 16 un
3021 5033 105 18 nouveau
3137 5031 69 24 refus,
3212 5031 87 22 France

2778 5051 114 25 Palllnsky
2906 5052 68 20 sortit
2988 5053 28 20 de
3029 5058 27 16 sa
3067 5054 73 24 poche
3153 5060 33 16 un
3199 5056 100 21 revolver

2776 5075 25 21 et
2807 5075 31 22 flt
2847 5075 46 24 feu,
2901 5075 15 21 à
2924 5076 56 20 bout
2989 5077 101 24 portant,
3097 5083 40 16 sur
3144 5079 56 22 Mlle
3208 5080 88 21 Jeanne

2777 5100 84 20 Derlon
2878 5100 45 24 qui,
2938 5101 98 22 atteinte
3052 5102 17 21 à
3084 5103 25 21 la
3127 5104 75 25 tempe
3221 5105 78 23 droite,

2776 5124 126 21 succomba.

2801 5148 32 20 Le
2852 5148 120 21 meurtrier
2989 5149 83 22 tourna
3094 5151 60 21 alors
3170 5156 42 17 son
3233 5156 63 17 arme

2776 5172 78 21 contre
2869 5172 118 22 lui-même
3004 5174 24 20 et
3044 5178 25 18 se
3082 5175 93 22 suicida.
3192 5177 61 21 C'est
3267 5181 29 16 en

2776 5197 106 20 rentrant
2896 5196 15 21 à
2921 5201 43 16 son
2978 5198 103 22 domicile
3093 5204 43 19 que
3148 5201 31 20 M.
3191 5201 104 23 Valletto,

2776 5221 38 24 qui
2829 5221 72 20 vivait
2911 5221 170 23 maritalement
3097 5228 54 16 avec
3165 5225 56 21 Mlle
3226 5226 58 20 Jean-

2775 5248 31 18 ne
2817 5245 91 23 Derlon,
2920 5250 15 16 a
2947 5245 79 22 trouvé
3036 5247 34 21 les
3081 5248 59 21 deux
3150 5249 113 21 cadavres.
3270 5250 27 20 B.

2801 5287 58 20 VOL
2878 5287 20 20 A
2916 5287 171 23 TURNnOUT.
3104 5301 28 5 —
3148 5292 106 20 Pendant
3275 5292 22 21 la

2776 5311 52 20 nuit
2844 5310 109 24 dernière,
2969 5312 40 20 des
3022 5313 113 23 Inconnus
3149 5320 26 16 se
3190 5316 54 20 sont
3259 5317 37 19 in-

2776 5335 96 21 troduits
2886 5335 58 20 dans
2958 5336 55 21 trois
3026 5342 106 20 annexes,
3145 5340 107 21 chaussée
3268 5341 28 20 de

2775 5358 62 24 Moll,
2847 5359 24 20 et
2879 5363 15 20 y
2906 5359 41 21 ont
2958 5359 82 23 dérobé
3052 5362 53 25 cinq
3113 5363 83 24 lapins.
3208 5364 34 20 La
3253 5369 30 18 po-

2774 5382 43 21 lice
2835 5382 102 25 enquête.
3217 5392 4 19 |

3345 350 147 20 ACCIDENT
3512 350 40 20 DE
3572 349 92 21 MOTO.
3682 361 23 8 —
3717 354 30 19 u.
3754 363 11 16 ,

3319 374 83 20 roulait
3418 373 16 21 à
3452 373 158 25 motocyclette
3629 379 38 16 sur
3685 376 19 21 la
3719 369 53 34 cS_;

3320 399 27 20 de
3367 398 148 20 Mlnderhout
3534 398 15 20 à
3566 397 65 24 Melr,
3649 393 123 34 lorsqu'SrJ

3320 422 50 20 lant
3387 422 106 24 dépasser
3511 426 44 16 une
3572 422 93 24 voiture,
3681 424 15 21 11
3709 423 64 21 t.*

3319 446 104 21 nommée
3443 447 21 20 J.
3481 446 81 24 Peppe.
3579 446 93 22 Celle-ci
3687 441 86 35 fut^_*

3320 471 36 20 sée
3370 472 25 20 et
3409 470 39 21 eût
3459 470 24 21 la
3498 471 76 23 jambe
3587 471 114 23 fracturée.
3737 466 37 34 ^

3345 495 44 20 V...
3407 499 15 16 a
3442 494 36 21 été
3498 494 127 21 condamné
3643 495 16 20 à
3676 501 39 19 une
3728 490 46 34 «^

3320 520 28 20 de
3366 520 39 19 385
3423 519 84 20 francs,
3524 518 20 21 ri
3562 519 48 20 doit
3630 523 69 21 payer,
3712 517 80 32 en_î|

3322 548 44 16 une
3380 543 125 21 Indemnité
3520 544 28 19 de
3560 543 57 23 5,000
3632 543 71 24 francs
3712 548 13 21 à
3734 538 40 35 j^_
3781 538 11 27 I

3320 567 82 25 Peppe,
3421 567 39 25 qui
3478 566 76 22 s'était
3574 568 119 23 constituée
3706 576 64 17 oain—
3781 562 11 29 I

3321 592 50 20 vile.
3706 583 37 15 w
3742 583 13 18 *
3761 585 14 21 *>
3781 583 11 29 I

3348 628 147 20 ACCIDENT
3513 628 106 20 D'AUTO
3634 628 19 20 A
3665 629 71 27 MOIi
3763 644 11 13 a
3780 611 12 46 I

3322 652 25 20 V.
3366 652 104 22 Vasseur.
3488 652 29 20 de
3536 651 62 23 Moll,
3616 655 93 20 revenait
3722 647 70 35 Akil

3322 676 69 21 xeiles
3405 680 30 16 en
3450 676 55 20 auto
3524 680 53 16 avec
3594 680 43 17 son
3651 677 96 28 chauffen.
3759 692 15 14 k
3782 671 10 35 I

3323 700 46 21 rivé
3387 700 15 20 à
3419 700 79 23 Gheel,
3512 705 41 16 sur
3568 700 23 21 la
3610 700 99 25 chaussée
3722 695 70 35 deuel

3322 724 24 21 la
3366 725 109 20 direction
3497 725 28 20 de
3545 724 24 21 la
3589 725 85 21 voiture
3690 733 21 15 se
3723 731 37 23 brtt
3781 719 11 28 I

3323 749 70 20 lauto
3408 749 46 20 alla
3467 748 93 21 heurter
3571 753 33 16 un
3618 749 63 22 arbre
3693 754 46 23 qui-"

3323 773 23 20 la
3361 773 72 20 route.
3448 773 32 20 M.
3496 773 104 21 Vasseur.
3616 774 39 23 qui
3668 779 23 17 se
3703 777 6 20 f

3325 797 122 21 l'intérieur
3461 797 28 21 de
3505 797 22 20 la
3544 797 93 23 voiture,
3651 798 35 22 fut
3697 800 6 21 I

3323 821 60 21 lèvre
3397 821 131 24 Inférieure;
3546 821 16 21 11
3582 822 74 23 perdit

3323 846 30 20 Le
3372 846 122 20 chauffeur
3520 846 37 20 fut
3587 845 159 30 sérieusement.!

3325 871 40 19 Les
3387 870 59 21 deux
3467 869 103 22 victimes
3591 870 77 21 furent
3687 873 46 24 truu

3325 895 57 20 dans
3395 899 44 15 une
3451 894 89 20 maison
3553 894 85 22 voisine
3651 900 28 16 ou
3689 901 28 18 un
3726 905 6 16 i

3324 918 50 21 leur
3389 918 110 24 prodigua
3514 923 36 17 ses
3563 919 69 20 soins.

3351 961 98 19 GRAVE
3472 960 140 21 INCENDIE
3632 961 19 20 A
3677 963 71 25 OLME,

3325 985 159 22 L'habitation,
3506 985 26 19 l'é
3535 985 59 20 table
3616 986 24 19 et
3658 985 23 22 la
3697 993 58 19 g-ao».
3765 984 7 25 à

3325 1008 93 21 fermier
3434 1009 55 23 Aug.
3504 1009 50 20 Van
3569 1009 28 20 de
3615 1010 75 24 Craen,
3704 1006 48 31 dr~c

3325 1034 41 19 ont
3384 1032 37 21 été
3440 1032 174 25 complètement
3633 1034 94 25 détruites
3739 1046 15 14 u

3326 1057 44 21 feu.
3389 1058 35 19 En
3438 1057 94 20 voulant
3545 1062 82 15 sauver
3642 1052 20 27 ie
3676 1060 94 27 chemv.

3327 1081 88 24 vaches,
3435 1082 21 20 le
3474 1081 148 24 propriétaire
3638 1087 15 16 a
3667 1083 33 22 été
3713 1080 63 31 brtlil

3326 1106 50 20 tout
3393 1106 21 21 le
3429 1110 71 19 corps.
3517 1106 35 20 Un
3567 1110 58 16 veau
3637 1110 15 17 a
3665 1101 111 32 égideant!

3325 1130 20 20 si
3357 1130 131 23 gravement
3499 1129 63 21 brûlé
3573 1130 52 23 qu'il
3638 1136 15 15 a
3663 1132 28 21 du
3703 1128 73 32 't«ik_

3327 1154 200 21 Immédiatement.
3557 1154 143 26 L'Immeuble,
3716 1160 23 22 le,
3751 1169 6 8 ,

3327 1179 81 22 ments,
3425 1179 23 20 le
3467 1178 109 23 matériel,
3593 1178 57 21 ainsi
3666 1185 37 19 que
3718 1183 16 22 la
3744 1191 7 12 r

3327 1202 20 22 le
3364 1203 48 20 foin
3426 1203 24 21 et
3463 1207 46 17 une
3524 1202 91 22 énorme
3632 1206 90 22 quantité
3730 1208 9 22 il

3327 1228 41 19 ont
3385 1227 36 21 été
3440 1227 23 20 la
3481 1227 63 24 proie
3559 1228 39 20 des
3617 1228 99 24 flammes,
3728 1233 36 21 t»,

3327 1251 51 23 gâts
3396 1251 144 21 occasionnés
3561 1252 53 20 sont
3635 1252 113 28 important!

3327 1276 77 24 Ignore
3418 1276 33 21 les
3468 1280 78 16 causes
3561 1276 31 21 du
3606 1276 90 24 sinistre.

3672 820 120 28 connawjl

3657 842 135 23 sprnainï_-»l

3354 1322 127 20 VIOLENT
3511 1322 139 20 INCENDIE
3677 1323 60 25 D—g
3753 1318 39 26 mt

3330 1346 94 21 USINE.
3438 1356 27 5 —
3478 1346 38 20 Un
3529 1345 84 21 violent
3628 1346 90 25 Incendie
3725 1352 67 24 ■*____

3329 1370 61 21 claré
3401 1371 57 20 dans
3471 1375 45 15 une
3529 1370 70 23 usine,
3609 1369 15 21 à
3636 1372 139 27 ViUefranchtu

3330 1394 79 24 dégâts
3424 1395 127 24 atteignent
3565 1395 58 23 deux
3638 1396 88 24 minions.

3355 1419 31 21 Le
3395 1419 92 21 sinistre
3499 1419 48 24 prit
3558 1419 115 22 naissance
3683 1422 46 22 dam
3737 1414 55 35 __l|

3330 1448 76 15 reaux.
3419 1443 20 22 n
3450 1447 75 20 gagna
3537 1443 139 25 rapidement
3685 1446 27 22 les
3718 1453 24 17 au

3330 1468 25 20 et
3369 1468 121 24 entrepôts.
3506 1468 28 21 R.

3350 1504 32 16 ON
3403 1505 61 15 AI'itA
3485 1504 61 17 BEAU
3564 1504 60 19 DIBB,

3330 1528 12 12 a
3360 1527 35 17 que
3415 1524 47 15 XVL

3329 1547 45 13 vous
3389 1543 70 17 fournil
3480 1558 19 4 _.

3360 1563 17 18 8,
3392 1562 90 17 chaussée
3498 1563 23 16 de
3539 1563 82 17 Louvain
3641 1564 56 20 (place

3349 1582 28 19 34,
3389 1586 7 12 i
3401 1585 22 14 ue
3437 1583 51 17 Gray
3503 1581 61 21 (place
3577 1582 97 20 Jourdan).

3439 1505 26 16 IA
3485 1504 60 17 BEAU
3564 1504 61 18 D1BE,
3643 1506 43 17 beau
3700 1508 36 17 fil»
3750 1507 36 18 n.l

3439 1524 23 16 IX
3482 1522 120 19 AMERICAN
3619 1524 88 20 OPTICU
3719 1531 21 12 m
3750 1518 42 30 JJ.I

3439 1544 24 16 Ur
3478 1544 23 18 de
3514 1544 70 17 bonnes
3599 1543 82 19 lunettes.
3751 1539 37 22 *M

3708 1567 53 19 UsàMi
3778 1559 14 27 I

3388 1661 372 66 NÉCROLOGIE

3363 1769 87 16 Mi-dame
3461 1769 21 16 A.
3496 1770 169 16 Bertlnu-Malbrun
3671 1772 59 18 ttseat.

3362 1788 88 17 Madame
3460 1788 19 16 2.
3489 1788 180 19 BertUu-Dcl»croix
3678 1791 16 16 et
3701 1791 50 16 LL—
3749 1804 14 3 _

3363 1807 48 17 dans
3423 1807 142 20 l'Impossibilité
3577 1808 23 16 d«
3612 1808 83 19 répondre
3704 1804 61 25 mxj£

3363 1827 76 17 breuaes
3454 1830 87 16 marque*
3557 1827 23 17 de
3599 1823 96 24 sympattiii
3709 1833 41 14 taxa
3758 1834 6 16 1

3365 1846 99 16 l'occasion
3477 1847 25 16 du
3515 1846 53 18 déc-fts
3579 1847 23 17 de

3370 1873 161 33 MONSIEUR
3551 1869 104 36 ANDRÉ
3671 1876 90 33 BERTI'U

3364 1913 46 14 tous
3427 1910 63 19 prient
3505 1909 84 20 d'agréer
3608 1910 47 18 leurs
3671 1911 35 18 bien
3720 1914 44 19 thc-tii

3364 1930 156 16 remerciements.
3540 1930 121 19 St-Ohlslnln,
3679 1931 15 17 le
3708 1932 56 19 lî-Hu,

3385 1994 30 17 On
3432 1997 85 14 annonce
3531 1994 18 17 le
3562 1993 53 18 décès
3629 1996 21 15 de

3423 2020 96 16 Monsieur
3537 2021 81 18 AucusU
3632 2021 103 19 BIUSSINXI

3365 2045 67 17 décédé
3448 2045 177 20 accidentellement,
3643 2046 16 17 le
3675 2047 17 16 15
3704 2048 47 17 ttnier.
3757 2050 6 17 I

3365 2065 47 18 lise
3424 2065 24 16 de
3460 2065 20 16 17
3493 2065 30 18 1/2
3536 2069 40 13 ans.
3588 2065 33 17 Les
3631 2066 8 16 I
3640 2061 81 23 unérallli.
3726 2070 38 15 uni

3365 2084 37 16 lieu
3412 2085 17 16 le
3438 2084 52 17 lundi
3501 2085 19 16 18
3530 2084 75 18 février.
3615 2085 76 17 Réunion
3698 2086 9 17 k
3714 2080 49 25 !_■

3365 2103 12 17 à
3391 2103 86 20 l'hdpttal
3491 2103 90 18 d'Ixelles.

3386 2123 73 18 Ixelles,
3477 2123 28 19 52,
3523 2127 34 13 rue
3577 2124 80 16 Gofîart.
3747 2121 18 24 m'

3386 2175 30 16 On
3432 2178 86 13 annonce
3533 2173 19 18 la
3566 2175 48 16 mort
3627 2173 23 19 dé
3711 2179 16 21 j

3416 2200 138 17 Mademoiselle
3572 2200 93 17 Fernande
3681 2202 55 17 CAIRT
3743 2203 4 5 '

3365 2225 79 17 déoédée
3460 2226 12 16 ft
3487 2225 72 19 Ixelles,
3575 2226 17 16 le
3610 2226 19 16 15
3646 2225 57 18 février
3715 2231 47 14 «an_

3386 2246 34 15 Les
3437 2245 109 17 funérailloe
3562 2246 67 16 auront
3642 2245 33 17 lieu
3685 2246 14 17 U
3708 2241 34 23 Jaû.
3750 2248 12 19 u,

3366 2264 12 16 ft
3390 2265 10 16 4
3412 2265 73 16 heures.

3365 2284 41 17 Bue
3420 2284 94 20 Alphonse
3527 2284 74 19 HotUt,
3617 2284 15 17 L
3745 2285 16 20 (D

3386 2335 30 17 On
3432 2338 84 14 annonce
3531 2335 18 16 le
3565 2334 53 18 décès
3630 2335 23 16 de

3419 2361 96 16 Monsieur
3538 2361 68 19 Joseph
3629 2361 107 17 IIENDRICKI

3366 2389 82 14 survenu
3463 2386 18 17 le
3497 2386 20 17 15
3535 2386 68 17 février
3622 2386 43 19 1029,
3680 2386 37 18 duu
3726 2387 34 17 nS.

3366 2405 66 18 année.
3472 2406 138 16 L'inhumation
3632 2409 23 13 au
3675 2406 66 18 cltoetUn

3365 2425 116 17 Schaerbeek
3495 2429 12 12 a
3524 2428 23 13 eu
3562 2424 37 17 lieu
3612 2424 16 17 le
3641 2425 101 17 dlmaiKhsl.

3365 2444 28 19 29,
3409 2448 39 13 rue-
3455 2444 82 20 Vlfqutn.

3744 2448 21 37 *

3358 2538 107 25 Confiez
3483 2546 42 18 vos
3543 2563 28 4 _
3570 2564 28 4 _
3597 2543 75 26 _CH
3671 2565 27 5 __
3697 2542 28 28 Q
3724 2541 34 30 H.

3390 2579 22 20 o
3429 2571 29 28 la
3469 2572 59 34 plus
3551 2575 128 28 ancienne
3699 2575 50 30 firme

3372 2639 22 29 r
3386 2615 73 41 f-«
3492 2593 193 72 onSTÏÏG-BÊBi

3372 2665 84 26 remise
3469 2674 30 19 en
3528 2670 45 28 elçl
3587 2668 28 26 de
3623 2677 35 17 vos
3666 2669 91 22 HH-l'IUI

3364 2702 123 16 m-lrtetvAur,
3498 2702 28 18 de,
3534 2701 93 22 opêfolians
3638 2705 18 17 it
3663 2704 82 18 CmAuétlm.
3750 2704 7 19 i

3430 2723 151 13 nmecbuAtllmlLLl
3590 2725 15 12 K
3618 2733 15 4 „
3636 2727 26 8 —
3665 2726 31 11 .-*i
3707 2724 36 18 b*_o

3360 2736 67 34 534,
3430 2739 77 25 Chaus
3507 2740 43 25 sid
3561 2742 30 22 de
3598 2743 28 23 lio
3625 2750 23 16 ns
3651 2740 15 25 T:
3670 2743 57 24 641.10-
3729 2743 27 24 UU

3432 2765 295 33 irrm»p»iiiM.i.*T»i*i
3738 2771 17 16 u

3423 2864 82 28 CHEZ
3529 2865 57 28 LES
3609 2859 132 34 LIBÉRAUX*

3483 2908 227 30 SAINT-GILLOIS"

3357 2984 164 20 L'Association
3542 2982 88 22 libérale
3648 2983 24 21 de
3688 2978 70 35 Sa_J

3333 3012 15 15 a
3362 3009 55 19 tenu
3433 3008 50 20 hier
3495 3008 46 20 soir
3555 3012 41 16 son
3610 3006 101 22 assemblée
3720 3003 37 27 t*M

3333 3032 105 20 annuelle
3447 3037 53 16 sous
3511 3033 22 20 la
3545 3032 120 25 présidence
3674 3032 22 20 de
3703 3031 21 20 M.
3729 3031 29 18 sot

3334 3068 35 9 .—
3368 3057 116 22 noumont.

3358 3087 89 21 Devant
3462 3087 136 21 l'assemblée
3611 3085 78 24 debout,
3699 3085 22 21 X.
3727 3086 31 31 tf

3333 3111 74 20 sldcnt
3426 3116 14 16 a
3455 3112 72 20 rendu
3542 3116 32 16 un
3589 3112 104 22 hommage
3705 3109 54 20 ta*»'

3331 3135 107 21 mémoire
3455 3136 29 20 de
3500 3136 31 20 M.
3548 3136 96 21 Hennan
3661 3134 73 21 Dum-at
3741 3130 8 21 E

3331 3160 87 20 ensuite
3436 3160 136 24 congratulé,
3593 3165 27 16 en
3638 3160 67 20 termes
3714 3155 44 22 oBtt

3333 3185 29 19 M
3374 3185 63 20 Jules
3448 3185 84 23 Hanse,
3541 3185 38 24 qui
3589 3184 58 21 vient
3655 3182 54 23 d'èùt
3716 3179 41 29 ijot]

3331 3208 133 21 l'échevinat
3480 3210 39 20 des
3532 3209 106 20 Finances
3652 3208 19 20 et
3681 3207 23 21 Jl
3712 3203 45 32 Mj

3330 3233 121 24 Petitjean,
3467 3233 38 25 qui
3520 3233 61 21 vient
3596 3233 86 21 d'entrer
3692 3234 21 16 «o
3722 3228 31 22 0»

3330 3257 136 22 communal,

3355 3288 32 19 M.
3402 3288 21 20 le
3435 3288 115 24 président
3563 3288 42 20 fait
3618 3286 76 24 rapport
3703 3278 54 27 psi*

3331 3313 88 20 tuation
3429 3313 85 20 morale
3526 3314 23 19 et
3559 3311 112 22 matérielle
3678 3310 21 20 de
3704 3307 52 22 rw»

3333 3337 54 20 tion.
3398 3337 20 20 n
3428 3337 45 21 fait
3481 3337 102 21 ressortir
3593 3336 63 22 l'éveil
3664 3335 24 20 du
3695 3331 62 23 mt»

3330 3361 58 20 dans
3402 3361 21 21 le
3436 3366 62 20 pays.

3355 3392 21 21 n
3389 3397 102 17 annonce
3506 3393 22 20 la
3540 3392 89 21 retraite
3639 3391 24 21 de
3673 3389 23 21 M.
3705 3385 51 35 1«J*J

3330 3417 83 21 mestre
3428 3417 89 23 Bréart,
3529 3417 38 26 qui
3581 3415 79 25 compte
3670 3414 20 21 M
3698 3412 57 20 *&»•

3329 3442 95 19 mandat
3439 3441 113 25 politique.

3355 3473 31 20 M.
3401 3472 107 21 l'échevin
3524 3471 91 21 Bernier
3626 3470 30 21 est
3668 3463 87 35 P'W"'',

3330 3496 32 20 lui
3376 3496 112 24 succéder,
3504 3496 82 21 devant
3602 3490 151 26 Mfacemii»*''

3329 3521 113 20 Dlderich.

3356 3552 32 19 M.
3401 3553 22 19 le
3438 3551 117 21 Président
3569 3555 15 16 a
3598 3549 32 21 dit
3640 3549 41 20 tous
3691 3541 63 36 »■"_!

3330 3575 96 21 ciments
3447 3575 15 21 à
3482 3576 56 20 MM.
3560 3575 59 21 Jules
3636 3569 118 32 H*uw,*"J

3331 3600 117 23 Godfroid,
3460 3600 57 20 Paul
3528 3600 111 21 Hofmans,
3650 3592 104 25 PraW*»

3330 3624 55 23 lens,
3406 3624 102 21 Edmond
3528 3623 88 21 Wllmet
3633 3622 20 21 et
3667 3619 42 21 Uot

3331 3648 110 20 membres
3471 3648 30 21 du
3528 3646 89 24 Comité,
3634 3644 75 22 sorttn»

3329 3672 130 25 rééllglbles.

3354 3703 50 20 Une
3420 3703 121 21 discussion
3556 3707 14 15 a
3583 3702 40 20 lieu
3635 3696 67 25 ensoU"!

3329 3727 28 21 de
3367 3727 23 20 la
3399 3727 109 21 situation
3516 3726 106 25 politique.
3630 3724 18 22 Y
3656 3722 31 22 ont

3329 3752 55 19 MM.
3394 3752 83 22 Hanse,
3488 3751 113 22 Godfroid,
3609 3750 43 20 Van
3660 3747 31 30 CJJ

3328 3776 106 22 Enckem,
3465 3776 87 23 Desart,
3579 3773 79 25 Bry-Sr*,
3671 3768 67 23 iWsm

3329 3801 142 20 Cooremans.

3355 3831 46 20 Sur
3414 3831 23 21 la
3452 3830 135 27 proposition
3601 3829 25 21 de
3637 3827 25 21 M.
3673 3820 64 37 ®%£\

3329 3855 87 21 Achille
3440 3855 142 21 Hénoumont
3604 3858 13 16 a
3637 3849 30 23 été
3682 3849 39 19 n»

3329 3879 130 25 présidence
3470 3884 42 20 par
3527 3876 148 24 acclamations.

3353 3910 32 21 Le
3399 3910 46 24 poil
3459 3915 57 19 pour
3528 3908 102 22 l'élection
3643 3901 86 35 it^L,

3329 3939 30 16 au
3377 3934 87 21 Comité
3481 3939 15 16 a
3512 3934 35 21 été
3563 3931 72 23 ouvert
3646 3927 118 34 ensm-J^LU

3329 3960 24 19 18
3365 3959 159 21 candidatures
3537 3955 115 28 présentées
3660 3953 17 22 et
3685 3953 59 17 «w
3749 3953 15 22 I

3329 3983 85 21 lement
3433 3987 57 17 aura
3507 3983 44 21 lieu
3569 3978 103 25 dimanclw
3684 3978 33 17 m-

3357 4063 181 45 MARCHÉS
3559 4067 46 39 DE
3623 4048 115 55 BELGIO»

3349 4151 106 18 0ATTICE.
3472 4152 20 16 16
3508 4149 71 18 février.
3596 4154 20 6 —
3631 4144 17 17 M
3659 4145 19 14 n
3674 4138 32 34 ^m*

3328 4171 48 18 S..00
3391 4171 12 16 à
3418 4171 55 18 2,800;
3492 4171 19 16 10
3526 4169 64 18 vaclMa
3603 4166 62 26 pinj**
3674 4169 38 19 Zm

3328 4191 11 16 S
3350 4190 82 19 génl-à—
3442 4190 30 20 pcl
3473 4191 38 15 11—
3513 4201 4 7 ,
3528 4189 46 18 2,300
3583 4187 11 16 i
3604 4184 45 19 S.""".
3659 4184 53 27 ]rS

3328 4213 35 16 Kt,
3376 4210 48 18 1,300
3433 4210 13 16 i
3456 4210 55 18 1,8001
3522 4209 19 16 10
3552 4209 53 15 reins
3615 4203 93 28 ___■

3329 4230 20 16 10
3361 4229 51 18 bêtea
3425 4229 24 17 da
3460 4229 101 17 boucherie,
3573 4227 10 16 8
3595 4225 11 17 à
3615 4227 9 14 ■
3634 4224 14 14 '•
3656 4224 15 12 ***
3703 4228 38 26 ^.

3592 4263 21 6 —
3625 4244 121 37 fr»__Ti3

3345 4260 111 21 ENUHIEN.
3472 4260 20 17 18
3508 4258 71 18 lévrier.
3592 4262 21 7 —
3625 4262 43 20 ','A7
3671 4266 34 16 „»,
3711 4262 7 15 I

3344 4281 20 18 il,
3379 4281 38 17 156:
3423 4280 71 19 -ae.ile,
3510 4279 35 18 168;
3558 4276 66 19 avoiue.
3632 4272 26 30 lg
3658 4281 5 16 :
3671 4272 44 25 •T.

3327 4300 73 18 ..TOlea.
3417 4299 39 19 J00;
3475 4299 64 19 graine
3555 4301 22 12 ne
3593 4295 28 17 Un,
3633 4293 30 14 »"'
3665 4293 28 20 Jt.
3700 4298 18 15 a,

3323 4319 40 18 400;
3377 4323 81 15 pomme,
3469 4319 23 16 de
3505 4319 55 17 terre,
3570 4315 25 17 70:
3606 4316 21 29 Ç
3628 4314 11 13 11
3638 4314 19 14 -**

3324 4338 71 21 beurre,
3409 4338 60 18 36-38:
3483 4337 54 19 ceuïe,
3548 4331 81 22 1.10J-*-

3345 4364 71 17 CAND.
3431 4364 20 16 16
3465 4363 73 17 février.
3548 4369 21 5 —
3581 4353 80 32 teeatsjt
3668 4353 88 32 gj"_»l

3340 4383 28 19 J5;
3383 4384 74 18 vaches.
3473 4381 89 18 3.80-7.7S:
3578 4374 161 30 '•°*-*'*V,rS*'
3742 4374 14 25 I

3337 4403 34 17 ■11:
3385 4406 54 16 porcs
3459 4402 84 18 10.25-11:
3558 4399 80 18 moulow.
3649 4396 107 28 *''rLmsîa

3608 4419 64 19 rasiectt
3679 4418 43 17 «•_

3597 4474 3 6 ,
3612 4454 65 23 îo.is-i'i

3601 4513 19 6 -
3631 4497 108 26 te^tim*}

3592 4528 32 17 op..
3636 4520 28 18 »»
3676 4515 59 35 \ll\

3415 4555 20 12 as
3454 4554 26 14 os.
3496 4554 19 13 i»
3532 4554 11 11 a
3561 4554 23 10 »*
3600 4544 16 17 li
3617 4540 101 33 -'2l.À!.
3717 4541 7 17 l
3721 4538 17 35 i

3430 4570 49 17 boull
3479 4570 30 19 Ur.
3519 4569 10 16 A
3539 4568 12 17 L
3562 4567 15 16 t.
3591 4565 38 16 tea»
3638 4559 33 34 «g
3678 4558 60 33 pHR

3421 4593 28 15 oa.
3461 4590 11 16 8
3485 4590 11 15 à
3510 4589 26 16 12;
3549 4585 43 19 lard,
3603 4582 18 18 18
3631 4579 10 17 »
3650 4578 19 15 "'
3675 4578 61 34 £j»J,

3442 4609 20 8 ...
3485 4609 25 8 ,„.
3526 4607 17 10 i.
3562 4606 20 11 ,,
3593 4603 41 14 ee-.t,
3645 4601 30 16 **V
3675 4601 25 16 ,_
3709 4601 17 16 I'

3385 4406 58 16 porcs,

3343 4428 106 17 TOURNAI
3450 4439 4 8 ,
3467 4429 20 16 16
3498 4427 71 18 février.
3579 4432 20 6 —

3323 4447 27 19 79;
3366 4448 73 21 beurre,
3450 4447 85 18 35-38.60;
3547 4445 20 17 26
3580 4442 100 23 M'.'i.T"'

3321 4467 29 18 20;
3367 4468 78 19 poulets.
3462 4467 58 18 25-28;
3537 4464 62 21 lapins,

3322 4487 72 20 couple,
3407 4487 84 17 13-13.50.

3348 4512 118 17 VERVIERS,
3483 4512 20 16 16
3518 4510 67 17 février.

3348 4535 5 12 :
3374 4532 89 18 fromage,
3479 4531 10 17 S
3507 4530 12 17 i
3535 4530 17 17 é;
3567 4527 55 24 tlttO}

3326 4551 46 16 rôtir
3389 4554 47 14 sans
3454 4553 26 16 os.
3496 4551 20 16 10
3532 4549 11 17 II
3560 4548 23 17 16:

3326 4570 67 17 viande
3406 4570 11 16 t

3362 4593 46 13 avee
3421 4592 28 16 os,
3461 4600 11 6 .
3484 4600 3 5 .

3324 4608 36 17 dus
3375 4609 23 16 de
3411 4609 57 19 boeuf,
3484 4609 26 17 10;
3526 4607 24 17 ld.
3562 4606 20 16 te
3593 4603 41 20 pe*'<
3645 4603 58 24 "L__»
3709 4603 27 27 £

3324 4628 28 17 25;
3367 4627 68 20 lapins,
3451 4628 20 16 10
3485 4628 12 15 à
3510 4627 25 16 12;
3551 4625 36 22 P?''
3588 4626 16 12 a
3605 4618 131 34 '±^*me\l

3325 4650 84 17 oranges.
3421 4648 38 16 0.30
3472 4646 11 18 à
3495 4646 42 17 0.75:
3549 4644 54 18 ciou»
3605 4639 60 30 J*"T
3687 4641 49 28 _•>

3324 4667 17 16 6:
3358 4656 25 27 lî.
3398 4669 71 17 rouges.
3482 4666 17 17 A:
3514 4665 24 17 ld.
3551 4663 21 17 de
3584 4660 83 30 »«_■£
3675 4656 60 34 J_»îï

3323 4685 72 19 céleris.
3411 4687 8 16 1
3437 4687 11 15 k
3466 4686 17 16 2:
3502 4685 61 17 laitue,
3576 4681 15 16 J:
3606 4677 63 30 Wf*J
3680 4677 55 24 («A

3324 4705 40 17 rées
3380 4706 23 16 de
3420 4704 99 19 BruxeUes,
3536 4703 16 16 6;
3567 4696 90 32 patt<*^ir,
3669 4700 42 22 r***

3323 4726 89 17 carottes,
3432 4725 43 16 1.50:
3493 4725 76 18 pommes
3586 4721 19 14 os
3607 4735 13 10 .,
3636 4731 8 14 a
3647 4727 20 15 A
3695 4730 39 15 .-_-_•

3324 4744 24 16 ld.
3362 4744 88 19 mjlords.
3465 4744 16 16 1:
3498 4743 24 16 ld.
3537 4735 89 22 EdouariU,
3636 4735 97 31 ""__,«

3341 4768 155 18 WABKEGI—U,
3510 4767 19 17 16
3542 4764 94 26 tttTlttJ-
3640 4773 6 12 ,
3652 4759 82 31 (..ittjgi

3320 4791 26 15 re.
3361 4789 58 17 60-80;
3435 4789 71 17 beurre.
3518 4784 55 18 St-K:
3585 4779 80 30 cecdÇ-^,
3681 4784 13 17 »
3702 4779 31 15 tf

3321 4808 59 18 13-15;
3400 4808 67 19 lapins.
3487 4801 104 22 10.75-11.25:
3609 4798 61 20 P»*"*
3720 4812 13 12 .,

3319 4827 49 18 9-10;
3384 4827 25 17 ld.
3422 4827 71 19 Jeunes,
3505 4825 32 20 ld..
3550 4821 50 19 IH**
3661 4821 71 30 *f*_5

3340 4852 80 18 ÏPBES,
3433 4853 20 16 18
3464 4851 72 17 février.
3547 4855 21 6 -
3576 4842 117 34 .^"îftri»,-
3691 4843 6 18 1
3696 4848 35 23 »

3319 4875 24 14 ne
3353 4872 24 16 de
3388 4872 58 17 colaa.
3456 4870 78 17 4-0-435;
3544 4865 58 22 graine
3610 4863 19 15 a
3637 4863 13 11 »
3646 4874 23 17 Érl
3668 4868 24 18 _*
3696 4863 35 30 JJ

3318 4891 62 19 seigle,
3391 4891 78 18 163-185;
3480 4889 85 18 sarrasin,
3574 4886 34 25 *-_**
3608 4886 9 11 J
3616 4886 66 24 î!«ï«|«,
3696 4886 34 25 _#

3318 4913 49 16 orge,
3383 4911 92 17 brasseur.
3494 4907 73 18 182-183:
3583 4899 111 37 }g-j_gjj_—
3694 4897 36 39 2_

3321 4931 45 17 pois,
3389 4930 79 15 302-307:
3492 4928 63 16 farine,
3572 4922 64 22 >«-».'
3643 4922 86 31 &*%*

3318 4949 96 20 féverolea,
3425 4949 80 16 215-219:
3517 4949 39 16 son.
3567 4943 35 27 MJ
3603 4943 7 12 1
3617 4951 52 19 _rtl»
3668 4949 8 12 ,
3675 4945 55 25 V>*

3318 4969 38 17 160:
3372 4969 62 16 farine
3447 4969 23 16 de
3486 4967 32 17 Un.
3533 4957 164 34 ■W-S»L_rT«ï*
3706 4967 23 21 tf

3318 4991 82 15 pommes
3419 4988 23 16 de
3458 4989 54 15 terre,
3528 4982 52 19 80-.0:
3598 4982 18 21 Pî
3615 4982 15 27 ^"
3635 4982 66 27 (8-*__-5
3708 4983 21 22 •#

3319 5007 92 19 1.35-1.45;
3433 5007 61 19 pallie.
3513 5002 55 20 J8-30:
3569 4995 116 35 JS-iSTl*
3689 4995 15 18 *

3319 5027 78 19 180-185;
3411 5027 88 16 cossettes
3510 5024 22 17 de
3540 5021 73 18 cUlcone
3622 5021 32 8 ■—
3706 5025 22 15 m

3317 5045 38 18 163.

3338 5071 90 20 namub,
3444 5071 21 17 16
3479 5068 69 19 férrier.

3318 5091 30 16 157

3318 5110 37 18 165;

3316 5130 28 18 26;
3364 5131 39 15 foin

3593 5052 67 25 mo»*
3668 5046 31 31 Tir
3698 5046 28 28 T*

3369 5091 94 24 épeautre,
3475 5089 36 18 154;
3523 5085 57 21 ««l«'t-
3590 5081 38 31 '"i
3634 5081 92 30 !«"*.%>

3371 5110 94 20 féveroles,
3478 5109 38 18 210;
3523 5101 105 34 .peiaeeeso.
3638 5101 59 28 ^j.0

3367 5130 43 19 foin,
3426 5130 28 18 80:
3469 5132 39 15 «on,
3522 5126 36 18 160;
3571 5123 29 16 b»"
3599 5122 9 13 1
3607 5121 21 14 "*
3689 5128 35 15 -*

3316 5150 57 16 37-28.
3616 5147 86 27 I***—
3709 5170 14 4 _
3732 5143 8 31 I

3337 5175 28 15 tiT
3366 5174 94 18 -TEOND,
3476 5173 20 17 16
3508 5170 67 18 février.
3587 5171 20 7 -
3617 5167 22 18 L.
3648 5167 75 27 I*«5(S»
3732 5167 8 20 I

3316 5194 34 19 gie.
3368 5195 37 17 165;
3422 5197 49 16 orge.
3485 5192 36 17 175;
3535 5187 49 19 >*
3584 5188 9 12 ,
3587 5183 107 34 i,lf'"

3316 5217 40 15 son.
3367 5214 29 18 85;
3407 5216 80 17 pommes
3497 5211 22 16 de
3529 5210 50 16 terre,
3587 5208 17 12 w
3623 5214 41 19 ,.,__.
3697 5210 24 17 e,

3316 5234 38 17 «00:
3373 5221 71 30 beuire.
3464 5231 57 17 34-38;
3538 5225 49 20 o>uf>.
3603 5221 115 37 ';^_ft£j
3717 5229 4 13 ,

3336 5257 133 22 iCBNnouT,
3481 5257 19 16 16
3510 5253 92 26 fé«i"„r
3610 5250 66 29 J.H*!_"*

3314 5277 29 19 S2;
3361 5277 26 17 ld.
3402 5277 44 20 salé.
3461 5272 82 20 S3-3J.50:
3559 5267 45 36 ogJ*
3603 5282 16 17 B
3636 5264 84 38 ««fc/Sf
3732 5266 4 17 '

3315 5297 22 17 de
3357 5298 55 17 terro,
3433 5296 57 17 60-66;
3509 5292 33 19 blé,
3553 5292 90 26 ,i.T_»
3652 5290 45 28 ÎS»
3707 5314 11 4 _

3315 5317 71 21 avoine,
3404 5315 77 18 168-170;
3496 5313 43 18 foin,
3553 5310 32 16 l».
3596 5310 54 26 iTT«:
3657 5310 61 26 njSÎ

3314 5336 41 19 lets,
3369 5335 79 17 100-178:
3460 5337 41 17 gros
3512 5329 76 20 cochon»
3596 5329 68 25 »,-i*
3671 5329 45 25 'fit*

3314 5358 39 15 nea.
3370 5355 20 17 la
3405 5354 69 21 r.uple.
3489 5352 27 18 10;
3525 5350 97 27 .*H>_î_j___
3631 5347 40 30 lj*

3313 5363 139 30 domestiques'
3459 5370 81 20 17.50-23;
3553 5367 29 20 J"
3581 5368 6 12 1
3586 5363 69 34 ^!*

3314 5391 40 21 làlt,
3372 5388 90 23 1.60-1.10:
3478 5391 34 18 lait
3524 5387 54 19 Hit»,
3590 5383 36 15 ''"

1289 5542 353 19 >__9_______________________t
