4151 5906
1915 114 13 14 «
1937 108 123 20 NATION
2079 108 105 20 BEI-GE
2195 114 18 16 «,
2231 108 25 20 21
2275 108 85 20 AOUT
2378 108 59 20 1910.

154 199 103 66 Pour
289 197 65 67 les
387 194 321 69 fonctionnaires

256 292 75 68 les
355 290 261 81 organismes

293 388 271 78 parastataux

186 503 52 34 Un
254 501 112 35 nouvel
380 501 101 33 arrêté
495 500 186 40 réglemente

225 555 65 33 leur
304 554 118 33 rentrée
439 564 39 21 en
494 551 140 33 fonction

177 613 41 21 Un
229 611 82 22 arrêté
324 612 33 20 du
367 609 180 27 Département
559 610 43 20 dea
614 609 80 20 Finan-

153 649 43 16 ces
214 644 26 22 et
260 643 30 22 de
309 643 25 20 la
352 641 96 21 Justice
468 639 102 22 modifie
590 639 63 21 celui
674 639 31 20 du

152 674 29 20 29
197 673 81 25 juillet
294 672 60 24 1940,
370 672 43 24 qui
430 670 67 25 règle
513 670 36 20 les
567 669 139 21 conditions

152 706 64 20 dans
228 704 129 25 lesquelles
370 704 108 24 peuvent
491 700 133 25 reprendre
639 701 65 19 leurs

149 738 125 21 fonctions
307 737 62 19 dans
402 735 35 20 les
470 733 105 21 conseils
607 733 32 20 de
671 731 27 21 ré-

149 772 84 21 gence,
256 760 231 26 d'administration,
524 764 30 19 de
584 767 123 17 censeurs,

150 797 45 21 de*
235 795 106 25 collèges
381 795 32 20 de
452 792 183 22 commissaires
683 791 25 20 et

148 827 46 20 des
229 824 104 22 comités
368 824 33 20 de
421 822 128 22 direction,
572 821 65 21 ainsi
660 825 47 21 que

153 855 37 22 les
214 853 136 21 directeurs
372 850 126 27 généraux
521 852 25 18 et
569 849 136 20 directeurs

153 885 44 20 des
220 883 161 24 institutions,
401 881 112 23 sociétés,
535 879 163 22 associations

151 914 198 22 établissements
363 913 25 20 et
401 912 88 21 offices
502 911 16 21 à
530 910 173 21 l'administra-

151 945 54 21 tior.
222 945 112 24 desquels
350 942 76 22 l'Etat
442 942 127 26 participe,
587 940 117 25 auxquels

150 976 79 21 l'Etat
246 975 96 22 fournit
360 979 48 16 une
427 972 121 27 garantie,
567 977 42 16 sur
628 971 66 20 l'acti-

151 1006 52 22 vité
218 1006 112 25 desquels
345 1005 78 21 l'Etat
438 1008 86 17 exerce
539 1008 48 16 une
603 1002 91 21 surveil-

150 1038 72 21 lance
235 1042 33 15 ou
283 1036 60 21 dont
355 1038 24 20 le
392 1034 131 27 personnel
538 1034 15 20 d
556 1043 12 15 e
582 1033 120 20 direction

150 1069 39 20 •ît
201 1066 100 26 désigné
313 1071 46 21 par
370 1067 23 20 le
405 1064 200 27 gouvernement,
618 1069 43 16 sur
674 1068 29 15 sa

150 1098 153 27 proposition
316 1103 32 15 ou
361 1098 152 23 moyennant
526 1100 45 18 son
584 1094 110 25 approba-

150 1127 61 24 tion.

180 1158 45 22 Cet
247 1157 82 23 arrêté
351 1156 90 27 stipule
464 1157 61 21 dans
549 1161 45 15 son
617 1155 85 21 article

151 1190 92 27 unique
261 1195 7 16 :

183 1221 51 20 Par
254 1219 145 26 dérogation
421 1224 49 15 aux
492 1217 158 26 dispositions
672 1217 30 20 de

150 1250 98 23 l'arrêté
263 1252 33 20 du
308 1250 29 20 29
349 1249 81 25 j'uillet
442 1248 61 24 1940,
518 1248 36 20 les
567 1252 135 21 personnes

149 1282 143 25 auxquelles
305 1280 95 21 celui-ci
413 1279 134 25 s'applic;ue
561 1284 30 15 ne
606 1283 87 19 compa-

150 1311 108 23 raîtront
271 1311 91 21 devant
374 1312 26 19 la
412 1309 158 22 commission
585 1307 117 22 instituée

150 1349 47 20 par
209 1342 98 21 l'arrêté
322 1343 34 20 du
368 1338 28 24 Ï3
408 1341 81 25 juillet
502 1340 54 20 1940
570 1345 47 19 que
631 1340 21 19 si
666 1340 36 19 les

148 1374 161 25 explications
320 1372 95 24 écrites,
427 1370 105 29 prévues
544 1376 46 20 par
601 1369 97 22 l'arrêté

148 1405 34 20 du
195 1404 27 20 29
235 1404 82 25 juillet
329 1403 62 24 1940,
404 1408 31 16 en
449 1408 45 16 san
508 1401 87 21 article
609 1401 20 24 3,
643 1401 57 21 sont

149 1434 87 27 Jugées
250 1434 158 25 incomplète!,
423 1439 32 15 ou
469 1432 174 21 insuffisantes
657 1437 45 20 par

150 1466 25 21 la
190 1465 164 21 commission.

793 197 217 40 MT-OSJMIO
1018 197 258 40 10*^1.01:

382 1493 78 21 ***>*>

174 1530 491 79 COMMUNIQUES

173 1659 35 16 UG
232 1657 148 18 PRESIDENT
405 1657 36 16 DE
467 1655 34 17 JLA
526 1655 175 17 CROEX-ROCGE

148 1680 146 18 D'OSTENDE
310 1683 50 13 nous
377 1678 136 19 communique
524 1680 6 14 :

174 1710 99 17 D'accord
295 1713 48 13 avec
367 1710 28 15 les
419 1707 96 17 autorités
538 1706 120 17 al.cmandes
683 1707 18 14 e".

148 1733 15 17 Y
165 1732 164 18 Administration
350 1731 35 16 des
406 1730 70 16 Postes
497 1729 72 20 belges,
592 1729 21 15 la
634 1728 67 16 Croix-

147 1755 68 19 Rouge
232 1755 24 16 de
273 1754 92 19 Belgique
382 1756 14 13 a
411 1752 72 17 obtenu
500 1754 47 13 sous
563 1751 77 16 réserve
657 1751 34 15 d'a-

150 1777 131 18 mélioration,
302 1776 72 17 l'envoi
395 1775 23 17 de
438 1774 48 17 colla
507 1774 23 16 de
550 1773 35 16 500
606 1775 29 17 gr.
657 1772 45 16 tous

148 1800 29 16 les
196 1800 23 16 15
238 1799 55 19 Jours
311 1801 40 13 aux
369 1796 103 17 militaires
489 1795 24 17 de
531 1795 84 16 carrière
627 1797 5 13 :
652 1794 39 16 offi-

150 1822 56 17 ciers,
233 1819 152 19 Boua.officiers,
413 1820 106 17 caporaux,
546 1817 109 18 brigadiers
683 1817 19 15 et

146 1843 83 17 soldats.

172 1866 88 16 Contenu
272 1868 7 13 :
299 1868 27 13 au
347 1863 58 17 choix
423 1862 90 18 chemise,
536 1861 163 17 sous-vêtement,

148 1891 68 15 ■avon,
231 1884 66 20 tatftc.
314 1886 112 19 cigarettes,
443 1883 95 18 chocolat,
554 1883 88 16 biscuits,
659 1883 31 16 fro-

147 1912 59 17 mage
225 1909 56 18 (sous
298 1908 69 19 papier
383 1907 110 19 d'argent-,
512 1909 62 14 sucre,
594 1908 76 16 gomme
688 1907 12 13 a

147 1931 87 19 mfteher,
253 1931 96 17 sardines,
369 1929 46 20 pâté
434 1929 24 16 de
477 1928 39 16 foie
534 1928 20 16 et
569 1927 67 16 autres
654 1930 36 13 con-

147 1956 72 15 serves,
239 1953 51 16 mais
308 1952 42 16 rien
369 1951 24 17 de
411 1950 113 20 périssable.

175 1975 116 18 Emballage
312 1978 5 12 :
338 1974 53 18 léger
412 1973 68 16 carton
501 1975 46 13 sous
567 1971 45 16 toile
633 1978 26 5 —
676 1973 25 13 ou

147 1998 70 16 carton
230 1997 37 16 dur
281 2005 25 4 —
320 1996 18 16 le
354 1995 48 17 colis
418 1995 76 16 restant
510 1994 69 16 ouvert
594 1993 47 16 d'un
656 1992 43 17 côté

148 2023 48 13 avec
214 2018 109 17 inventaire
340 2017 26 17 du
384 2017 83 16 contenu
485 2017 21 15 et
521 2019 46 13 nom
584 2015 21 16 et
620 2015 79 16 adresse

146 2041 25 17 de
187 2039 129 21 l'expéditeur
331 2040 21 16 et
368 2039 26 16 du
410 2038 136 17 destinataire.

170 2063 39 16 Les
223 2062 91 17 adresses
329 2061 84 19 peuvent
429 2061 42 16 être
487 2060 70 16 écrites
572 2059 127 16 directement

146 2088 35 14 fur
191 2085 19 16 le
222 2085 73 18 paquet
308 2087 48 13 avec
369 2086 38 13 une
420 2086 57 12 encre
489 2081 109 17 indélébile.

171 2106 52 17 Celle
239 2106 24 16 de
279 2105 129 19 l'expéditeur
425 2108 34 12 sur
474 2107 27 13 un
519 2104 34 15 des
569 2103 60 19 petits
645 2102 54 17 cOtés

147 2128 27 17 du
189 2128 53 16 colis.

171 2150 52 16 Celle
236 2150 25 16 du
275 2148 128 17 destinataire
417 2151 35 13 sur
463 2151 27 13 un
504 2147 34 16 des
551 2147 73 19 grands
638 2146 54 17 cotés

170 2170 39 19 Ln
225 2171 60 19 petits
301 2171 83 19 paquets
401 2170 83 19 peuvent
502 2169 42 16 être
560 2169 81 18 déposés
655 2169 44 15 toup

147 2193 29 17 les
191 2193 55 18 .tours
262 2193 54 16 entre
331 2193 11 16 9
357 2193 20 16 h.
394 2192 24 16 30
434 2192 19 16 et
468 2191 23 16 11
507 2191 20 16 h.
544 2194 26 13 au
585 2191 74 16 bureau
676 2191 23 16 de

147 2215 22 16 la
186 2215 141 18 Croix-Rouge,
348 2214 59 16 Ecole
423 2213 101 20 Moyenne,
545 2215 76 13 avenue
639 2212 60 16 Henri

148 2236 89 21 Semiys,
255 2236 78 17 Service
350 2235 27 17 If.
397 2235 57 16 Fréo..
475 2234 61 17 Koch.

172 2259 72 15 Autres
263 2258 84 16 services
359 2261 5 13 :
384 2257 64 16 même
467 2256 81 17 bureau.

170 2280 47 17 Mlle
231 2280 95 18 Meseure,
344 2279 110 17 trésorière,
471 2278 167 19 correspondance
651 2281 49 17 pour

147 2302 22 16 la
191 2302 75 16 France
290 2302 20 16 et
332 2301 137 19 l'Angleterre.
493 2308 26 4 —
541 2300 112 16 Recherche
677 2300 24 16 de

147 2324 61 17 civils.

196 2345 27 17 M.
241 2345 115 19 Jacqueloot
371 2345 20 16 et
408 2344 120 19 Ryckaseys.
547 2352 25 4 —
588 2343 105 17 Militaires

145 2375 26 5 —
184 2367 127 17 Recherches.
328 2375 25 4 —
367 2365 177 20 Correspondance.

173 2389 77 16 Service
266 2389 25 16 de
306 2388 82 17 Pcenvre
404 2388 26 16 dn
443 2388 37 16 lait
492 2391 6 12 :
515 2387 50 17 local
583 2387 48 16 salle
648 2386 11 18 3
676 2395 23 4 —

150 2410 150 17 Conservatoire
315 2411 25 15 de
354 2410 96 19 Musique,
468 2410 52 16 Mme
537 2409 103 18 SeSrruys.
658 2408 34 19 pré-

149 2433 76 16 sidente
249 2432 24 17 de
297 2432 98 16 l'Ouvroir
419 2432 24 16 de
466 2431 21 16 la
512 2430 142 18 Croix-Rouee.
681 2432 19 15 e'

147 2454 53 17 Mme
213 2454 90 18 Vroome,
319 2453 162 19 vice-présidente
494 2453 24 16 de
532 2453 21 16 la
563 2452 136 20 Croix-Rouge

147 2475 69 17 locale.

770 298 523 81 'GAZOGENES-

830 391 139 33 FULGUR
984 398 28 26 et
1026 391 183 33 GAZ0BL0C

874 436 282 32 PERFECTIONNES

784 481 33 33 de
835 482 78 32 7500
933 481 36 33 fr.
987 483 16 30 à
1022 482 108 31 17.500
1148 481 94 32 francs

992 536 68 28 pou;

813 570 156 33 CAMIONS
976 578 36 25 .et
1028 571 174 32 VOITURES

866 623 109 33 PNEUS
995 629 27 26 et
1052 623 111 33 ACCUS

743 683 154 46 jHubinont
911 686 68 38 Frs.,
993 687 48 37 65,
1055 686 70 38 Quai
1138 698 35 20 au
1187 686 66 32 Foin

909 738 198 33 BRUXELLES

1300 182 11 39 '
1384 180 269 103 Avis
1704 180 143 103 de
1900 178 309 105 Socié

2256 230 119 55 es

770 873 73 17 Achète
858 873 101 18 comptant

780 901 162 35 PNEUS

755 949 80 16 proven.
863 945 93 17 correcte.

756 968 30 18 63.
804 968 49 18 Quai
871 971 26 12 au
915 967 55 19 Foin*

813 989 99 17 Bruxelles

919 1010 25 18 (C
960 1010 33 18 C6)

729 1070 30 17 JE
771 1069 64 17 DEM.
849 1073 62 14 roues,
927 1073 66 15 pneus,

731 1092 30 16 ch.
774 1092 13 16 à
798 1092 36 17 air,
848 1092 23 16 12
883 1099 8 4 -
904 1091 69 18 13>;45
986 1099 8 4 -

731 1114 35 16 730
780 1121 7 5 -
800 1114 34 16 740
847 1123 8 5 -
868 1115 35 16 140
916 1121 8 6 -
937 1114 54 19 150X

731 1137 23 15 40
770 1144 9 4 -
796 1136 196 18 5.50-G.O0X16X17.

731 1159 64 16 Roues
817 1159 63 16 motos
901 1159 20 16 et
942 1159 52 16 vélos

731 1184 61 15 comp.
813 1181 38 16 bon
868 1181 49 17 état.
936 1181 58 16 Faire

731 1203 73 16 offres:
821 1203 29 17 69.
866 1207 15 12 r.
898 1204 26 16 du
939 1204 53 16 Mail.

919 1226 26 19 (P
960 1226 32 16 20,

1025 871 17 15 A
1062 871 106 16 VENDRE
1188 871 50 17 Ford
1262 872 25 15 VS

1026 893 53 15 I83H.
1105 893 9 15 ■'.
1139 892 58 19 port..
1221 893 65 16 ma'.Ie.

1024 914 60 16 excel.
1102 915 48 17 état.
1166 915 47 17 Opel
1228 916 12 15 S
1255 915 31 17 CV

1024 935 11 15 2
1055 936 50 19 port.
1129 940 17 12 c.
1168 937 35 16 int.
1233 937 52 16 lP3fi.

1025 957 64 17 S'adr.
1104 958 28 18 6S,
1149 962 15 12 r.
1180 959 21 16 L.
1215 958 70 17 Lie.lel.

1024 979 62 18 V.5itc
1109 980 44 16 tous
1176 980 27 16 les
1224 981 61 18 jourô,

1023 1001 49 16 P.irc
1083 1002 122 17 Anderlec.it,
1214 1002 32 16 Tr.
1256 1002 29 18 56.

1024 1023 29 17 22,
1075 1023 29 17 61,
1125 1023 29 17 76.
1219 1024 65 18 (S554)

1025 1066 155 20 REMORQUES
1190 1067 36 19 lég.
1237 1071 45 15 poui

1022 1089 58 16 autos
1097 1089 19 16 et
1132 1090 69 15 motos.
1219 1090 29 17 60,
1269 1093 14 12 r.

1024 1111 25 16 du
1063 1111 54 16 Mail.
1211 1112 26 18 (F
1251 1112 33 18 26)

1035 1162 99 17 CAMION
1146 1162 129 20 RENAULT,

1021 1184 12 17 2
1062 1184 74 18 tonnes,
1166 1185 13 16 k
1206 1185 76 16 vendre,

1022 1206 18 18 2,
1055 1209 33 14 ruo
1101 1207 33 16 des
1149 1207 55 16 Deux
1216 1207 67 17 Tours.

1219 1229 65 18 (8525)

782 1286 43 37 M
846 1286 37 36 E
900 1286 41 36 D
958 1286 126 37 IjOA
1104 1287 35 36 L-

764 1409 198 49 TRESOR
980 1422 63 30 des
1064 1412 186 49 DAMES

724 1468 22 30 \l)
768 1474 66 16 contre
860 1475 84 19 époques
968 1474 137 19 «Joalmmusea
1129 1477 21 16 et
1173 1477 77 16 retards

724 1495 20 23 ([!
767 1500 116 13 anormaux.
903 1496 118 19 DRAGEES
1041 1499 123 16 MILLIER.
1184 1500 23 15 35
1226 1500 25 15 rr.

732 1513 14 30 ({
767 1519 19 15 la
804 1519 60 16 boiîe.
883 1519 160 20 PHARMACIE.
1063 1521 42 17 228,
1125 1524 34 13 rue
1178 1521 72 17 Haute,

782 1541 93 17 imxeiles.
1166 1544 24 18 (c
1205 1544 34 17 113
1242 1550 7 14 >
1264 1540 20 30 Jj]

809 1620 109 33 PILULES

837 1664 49 17 DES

816 1694 93 33 DAMES

728 1738 85 17 Retards
831 1742 110 13 anormaux
959 1739 32 17 dea

727 1769 90 18 époques.
830 1768 106 19 MICHEL,
950 1768 40 19 102,

730 1801 34 13 rue
788 1798 23 16 de
835 1797 20 17 la
878 1797 41 18 Loi,
944 1798 39 16 Bru-

728 1826 67 17 xelles.
899 1827 27 18 (A
946 1827 43 18 119)

723 1900 165 17 INFIRMIERE.
903 1901 41 17 408.
959 1901 29 17 ch.

728 1929 96 19 d'Ixelles,
841 1929 107 17 Bruxelles.

924 1952 65 19 (8497)

1082 1622 139 32 MASSEUSE

1020 1654 101 19 diplômée,
1135 1655 29 17 SS.
1179 1659 16 12 r.
1209 1655 73 16 Gallalt

1021 1678 35 19 (pl.
1084 1678 85 20 Liedts),
1199 1679 43 15 10-8
1260 1679 20 16 h.

1022 1703 60 17 (bonn
1108 1703 32 15 1er
1156 1702 37 18 6t.)
1214 1702 66 19 (8315)

1018 1764 123 17 MASSAGE,
1155 1764 23 17 de
1190 1764 11 15 2
1214 1764 12 16 à
1239 1763 10 17 7
1262 1764 19 16 h.

1019 1786 41 18 131.
1082 1789 15 13 r.
1117 1786 32 15 Fr.
1170 1786 110 16 Bossaerts.

1208 1808 24 18 (T
1246 1808 33 17 86)

1027 1853 167 33 Accoucheuse
1220 1853 53 37 dipl.

1027 1890 12 16 3
1043 1892 8 14 J
1074 1893 9 14 i
1092 1891 31 16 NS
1145 1891 130 19 PRATIQUE

1020 1912 28 18 11.
1068 1916 15 12 r.
1103 1913 24 19 dp
1145 1912 19 16 la
1182 1913 98 16 Constitt-

1022 1933 47 18 tion,
1098 1934 41 17 der.
1169 1934 38 20 égl.
1232 1934 7 11 x
1237 1934 44 18 Ste-

1019 1954 69 18 îlarlt.
1191 1957 26 17 ,\
1237 1957 43 18 là-')

777 2033 44 35 D
842 2034 15 34 I
877 2034 342 39 VERSES

723 2129 82 49 POTS
834 2130 44 47 EN
906 2130 84 48 GRES

789 2199 18 16 A
823 2198 107 17 VENDRE

727 2221 42 18 209,
783 2221 30 16 ch.
835 2221 98 16 d'Ixelles.

751 2243 30 18 12,
794 2247 34 12 rne
840 2244 24 16 de
875 2243 80 19 Dublin,

738 2266 31 16 40.
782 2269 35 13 rue
831 2265 93 17 Willem».

923 2286 65 20 (8527)

172 2540 189 17 FRATERNELLE
383 2540 36 17 DU
441 2540 34 17 1er
496 2540 68 16 REGT
586 2539 105 18 D'ARTIL-

148 2561 79 19 LERIE;
245 2563 100 16 D.T.C.A.
365 2570 25 5 —
409 2562 62 19 Appel
491 2565 39 13 aux
550 2562 104 16 militaires
674 2562 25 16 du

147 2584 33 17 1er
197 2585 39 18 Rgt
253 2584 105 18 D.T.C.A.,
377 2584 76 16 rentrés
470 2584 50 16 dans
537 2584 42 16 leur
595 2584 62 18 foyer.

171 2606 17 17 n
200 2609 30 14 esr
241 2606 56 19 porté
309 2606 12 16 à
333 2606 20 16 la
364 2606 140 16 connaissance
516 2606 24 16 de
552 2609 32 13 ces
595 2606 104 16 militaires

146 2629 20 15 et
182 2629 12 15 â
208 2629 42 16 leur
265 2628 80 16 famille,
359 2632 38 15 que
411 2628 42 16 leur
466 2628 122 16 Fraternelle
602 2627 96 19 réplmen-

146 2650 52 17 taire
213 2654 21 12 se
249 2650 50 17 tient
314 2650 13 16 à
342 2651 43 16 leur
399 2649 116 20 disposition
530 2653 50 15 pour
594 2650 45 16 tous
654 2653 35 12 ren-

148 2672 130 16 seignements
300 2673 20 15 et
340 2672 145 16 réclamations.
512 2671 90 17 (Dossier
622 2671 69 16 d'inva-

146 2693 61 18 lidité,
225 2694 113 19 dommages
354 2694 24 16 de
394 2696 75 17 guerre,
487 2693 70 18 milice,
574 2692 85 17 arriérés
675 2693 24 16 de

146 2715 60 18 solde,
224 2715 64 21 etc...)

171 2737 66 17 Prière
257 2737 81 17 d'écrire
359 2741 25 13 au
403 2737 121 17 Secrétariat
544 2736 89 19 Général,
655 2736 42 17 164.

148 2761 35 14 rue
204 2759 24 16 de
249 2759 126 19 l'Intendant,
398 2759 13 16 à
433 2758 107 17 Bruxelles.

172 2825 132 16 CONCOrRS
330 2825 36 17 DE
394 2824 118 17 SOLISTES
539 2824 70 17 POUR
635 2824 66 17 TOUS

147 2846 189 20 INSTRUMENTS,
360 2846 109 19 CHANTS,
491 2846 86 17 DANSE
599 2846 34 16 ET
655 2846 36 16 DE-

148 2869 158 17 CLAMATION.
326 2877 24 4 —
365 2868 89 17 L'Union
473 2868 105 19 artistique
596 2868 56 19 belge
671 2868 20 17 in-

147 2891 64 16 forme
228 2894 37 15 que
262 2892 3 4 1
283 2891 21 15 la
321 2890 62 17 finale
400 2890 26 17 du
445 2893 94 13 concours
556 2893 52 13 aura
624 2890 38 17 lieu
681 2890 17 16 le

147 2912 24 16 29
186 2912 110 17 septembre
312 2912 100 20 prochain.
428 2912 32 16 Un
476 2912 44 19 prix
534 2912 24 20 de
574 2912 27 16 Sa
615 2912 85 19 Majesté

147 2934 20 17 la
180 2934 60 17 Reine
254 2938 45 12 sera
310 2934 59 16 remis
382 2938 26 12 au
422 2935 116 15 concurrent
551 2934 62 17 ayant
626 2934 72 16 obtenu

148 2956 18 16 le
183 2957 44 18 plus
245 2956 62 19 grand
325 2956 81 16 nombre
423 2956 24 16 de
463 2956 73 19 points.
554 2955 53 17 Pour
623 2955 29 17 les
669 2959 22 13 so-

147 2977 56 18 listes
219 2978 25 16 du
261 2978 60 16 chant
336 2978 20 16 et
371 2978 26 16 du
412 2978 60 18 piano
487 2977 14 17 il
516 2981 13 15 y
544 2980 51 13 aura
606 2980 26 14 un
647 2980 44 13 mor-

147 3002 49 14 ceau
212 2999 74 19 Imposé
300 3000 20 15 et
335 3003 38 12 une
388 3000 72 15 lecture
475 2999 15 16 à.
503 3003 44 12 vue.

172 3021 29 16 On
225 3022 46 18 peut
294 3025 69 12 encore
386 3021 99 16 s'inscrire
509 3021 94 18 jusqu'au
626 3020 25 17 25
674 3020 25 17 du

147 3043 51 16 mois
214 3043 68 16 d'aoQt
298 3046 27 13 au
342 3043 119 16 Secrétariat
478 3043 24 16 de
519 3042 87 18 l'œuvre,
623 3045 35 13 rue
675 3044 23 15 A.

147 3064 81 18 France,
248 3064 41 17 137.
309 3068 23 12 en
350 3064 93 19 ajoutant
460 3064 11 16 1
489 3064 26 16 fr.
534 3063 23 17 75
575 3068 24 12 en
617 3064 82 16 timbres

147 3089 50 16 pour
214 3086 22 16 la
252 3086 81 19 réponse
349 3087 21 15 et
387 3086 18 16 le
423 3088 130 17 programme.

172 3151 134 17 CONCOURS
335 3151 216 17 INTERNATIONAL
580 3151 111 17 D'ACCOR-

148 3173 78 17 DEON.
239 3181 26 4 —
277 3173 27 16 Le
317 3173 63 19 Royal
394 3173 67 16 Cercle
474 3177 11 11 «
493 3173 31 16 La
536 3173 89 19 musique
638 3176 51 17 popu-

148 3194 48 17 laire
204 3199 18 13 >.
237 3195 92 19 organise
342 3198 26 13 un
383 3198 94 13 concours
491 3195 139 16 international
645 3195 45 17 d'ac-

147 3216 83 17 cordéon
245 3220 49 15 pour
311 3220 28 13 .es
356 3217 94 16 divisions
462 3220 5 12 :
486 3217 99 19 primaire,
604 3220 95 16 moyenne

150 3239 20 16 ct
182 3238 118 20 supérieure.
316 3239 54 16 Po'ir
382 3238 73 17 l'étude
468 3239 94 19 primaire
577 3240 121 15 (amateurs»

147 3260 12 16 2
176 3264 60 13 more,
253 3264 27 13 au
296 3260 63 17 choix.
377 3260 65 17 Etude
458 3264 94 15 moyenne
571 3261 43 18 (Ire
630 3261 39 16 div.
688 3261 12 16 2

148 3285 61 13 more.
228 3282 12 16 1
258 3285 60 14 more.
339 3282 74 19 Imposé
432 3283 20 16 et
470 3284 11 14 i
497 3285 26 14 au
541 3283 75 16 choix).
636 3283 65 16 Etude

149 3303 112 19 supérieure
279 3304 33 16 Ire
331 3303 63 17 année
413 3304 12 16 3
444 3307 60 13 more.
525 3305 91 18 Imposés.
637 3305 64 16 Etude

147 3326 117 18 supérieure.
284 3325 23 16 2e
325 3326 67 18 année,
412 3325 12 17 3
442 3329 59 13 more,
521 3326 85 19 imposés
624 3327 20 16 et
661 3329 38 14 une

148 3347 94 16 fantaisie
255 3351 26 12 au
296 3347 64 17 choix.

171 3368 18 17 Il
206 3372 14 15 y
237 3372 51 13 aura
304 3372 27 13 un
349 3369 44 19 prix
410 3369 129 17 d'excelîence
557 3370 49 16 dans
624 3370 75 20 chaque

147 3390 91 21 division.

172 3412 30 16 Un
217 3413 44 18 prix
276 3413 23 16 de
312 3412 27 17 Sa
353 3412 85 20 Majesté
453 3413 18 16 le
485 3413 37 16 Roi
538 3417 45 12 sera
597 3413 60 17 remis
672 3417 25 13 au

151 3434 67 16 soliste
241 3434 88 16 virtuose
352 3435 62 18 ayant
436 3434 72 17 obtenu
531 3434 18 17 le
572 3435 44 19 plus
631 3435 70 20 'grand

147 3456 81 15 nombre
245 3456 24 16 de
285 3456 72 19 points.

176 3476 52 17 Pour
245 3477 28 17 les
291 3477 131 20 inscriptions,
439 3478 111 17 s'adresser
569 3482 26 13 au
614 3478 78 17 Secréta-

151 3498 40 17 riat
207 3499 23 16 do
246 3499 87 18 l'œuvre,
351 3503 23 13 en
391 3500 93 18 ajoutant
498 3500 23 16 75
537 3500 50 18 cent,
608 3500 32 20 (en
656 3500 36 16 tim-

151 3520 44 22 bre)
215 3524 49 16 pour
279 3522 81 19 réponse
377 3523 20 16 et
414 3525 129 17 programme.

176 3586 54 17 AUX
241 3587 152 17 MILITAIRES
405 3588 109 17 BLESSES
527 3588 34 16 ET
572 3588 130 18 MALADES.

153 3616 25 4 —
196 3609 18 16 A
233 3608 20 17 la
270 3609 96 17 demande
382 3610 24 16 de
425 3610 21 16 la
463 3609 117 17 Fédération
599 3610 104 16 Nationale

153 3630 35 16 des
204 3630 105 19 Invalides,
327 3631 88 17 l'Œuvre
432 3631 106 17 Nationale
555 3632 34 16 des
605 3632 98 16 Invalides

153 3652 23 16 de
195 3652 19 16 la
230 3653 79 17 Guerre,
328 3653 67 19 placée
411 3656 47 13 sous
476 3654 21 16 la
514 3653 111 19 présidence
642 3654 23 17 de
683 3654 19 16 la

152 3674 100 18 princesse
267 3675 50 16 Jean
337 3675 24 17 de
378 3675 79 17 Merode
478 3675 85 17 (Cornûê
582 3676 111 16 d'arrondis-

152 3696 77 17 sement
253 3696 23 17 de
299 3697 119 19 Bruxelles),
442 3701 13 13 a
479 3697 81 17 institué
583 3701 26 13 un
632 3699 71 16 Centre

152 3717 84 17 Médical
253 3721 49 16 pour
319 3719 73 16 donner
410 3719 140 19 gratuitement
568 3720 34 16 des
620 3718 82 19 conseils

154 3740 20 15 et
193 3740 34 16 des
246 3740 55 17 soins
323 3740 103 17 médicaux
446 3744 39 14 aux
505 3741 104 18 militaires
629 3742 72 18 belges,

153 3761 74 17 blessés
245 3766 25 12 ou
288 3763 94 17 malades,
401 3763 24 17 de
442 3762 21 17 la
481 3766 108 18 campagne
607 3764 24 16 de
648 3764 53 17 1940,

154 3784 33 18 qui
202 3787 25 13 ne
239 3784 46 16 sont
297 3784 44 20 plus
353 3788 25 14 en
391 3784 114 17 traitement
518 3786 49 16 dans
581 3785 34 16 des
629 3786 73 16 forma.

155 3805 51 16 tlons
221 3805 106 17 sanitaires
344 3806 23 16 de
383 3806 86 18 l'armée.

178 3827 28 17 Ce
221 3826 121 20 dispensaire
358 3828 31 16 est
404 3828 55 19 placé
474 3832 46 13 sous
534 3828 20 16 la
570 3829 93 17 direction
680 3829 23 16 de

154 3848 29 16 M.
202 3848 19 16 le
239 3849 80 16 docteur
339 3850 118 18 Femandès,
477 3851 87 17 membre
583 3851 26 16 du
628 3851 76 16 Comité

155 3870 25 16 de
194 3870 37 17 l'O.
247 3870 24 17 N.
286 3870 17 17 L
318 3871 32 18 G.,
366 3871 34 20 qui
414 3872 50 16 s'est
478 3872 69 17 assuré
562 3873 20 16 la
595 3872 98 20 collabora-

155 3891 42 16 tion
219 3892 23 16 de
262 3892 48 16 MM.
334 3893 28 16 les
383 3893 90 17 docteurs
495 3894 113 17 Femandès
630 3894 33 17 fils
684 3895 20 16 ct

157 3913 24 16 A.
199 3913 29 16 De
243 3913 46 16 Loz.

181 3934 27 16 Ce
224 3935 71 17 Centre
311 3935 84 17 Médical
412 3936 30 16 est
459 3937 61 17 établi
538 3942 23 12 en
579 3938 73 17 l'Hôtel
670 3938 34 16 des

158 3954 105 19 Invalides,
277 3956 55 19 «lège
345 3957 61 16 social
420 3958 24 16 de
458 3958 20 16 la
494 3959 22 16 F.
532 3959 24 17 N.
572 3959 24 18 L,
613 3960 42 18 76a,
671 3963 33 13 rue

158 3976 73 19 Joseph
246 3976 26 18 IL
287 3977 14 17 à
317 3978 107 17 Bruxelles.

183 3997 38 16 Les
238 3999 142 18 consultations
397 4001 35 15 ont
449 4000 40 18 lieu
506 4000 29 18 les
553 4002 65 17 mardi
636 4004 20 15 ct
673 4005 24 14 sa-

161 4017 59 19 medi,
240 4019 25 16 de
283 4020 12 16 8
314 4021 19 15 h.
354 4021 24 16 30
397 4021 14 16 à
430 4022 24 16 10
473 4022 29 19 h.,
523 4024 20 16 et
563 4023 18 17 le
602 4025 59 17 jeudi,
683 4026 23 16 de

162 4038 23 17 17
199 4040 20 16 h.
233 4039 23 17 30
270 4044 13 13 a
298 4041 22 17 19
333 4042 21 16 h.

1013 2127 122 16 J'ACHETE
1145 2128 45 15 tous
1203 2126 79 18 oiseaux

1017 2150 19 15 et
1066 2148 119 20 perroquets.
1213 2148 65 20 Louis,

1019 2174 34 13 rue
1067 2171 26 16 du
1104 2171 58 19 Char,
1178 2171 28 19 16,
1221 2171 58 16 Brux.

1213 2193 65 18 (S515)

740 2362 73 38 fAEP
823 2361 147 40 (EMPALE

740 2407 231 26 KVOmfflESO'enfAnTI

741 2440 32 24 ET
794 2439 176 26 D'INVALIDES

919 2501 18 18 -1

772 2614 53 28 V»'

738 2651 39 18 IKE
790 2650 65 19 SEULE
868 2648 95 21 AOKEJSE

740 2674 231 41 JOINDRE

739 2724 64 26 IÔRUE
813 2722 157 27 PLATTE5TEEN

740 2754 125 33 TÊLÉPHI^f
871 2757 29 24 .12
911 2756 58 26 75.ÔI

740 2788 230 34 BQUXEU£5-60UQSC

728 2890 96 19 PERDU,
842 2891 60 17 lundi,
922 2891 23 17 16
964 2891 27 18 h.,

729 2916 16 13 r.
766 2913 46 16 Ant.
833 2913 106 17 Dansaert,
959 2912 25 16 bo-

727 2938 36 13 xer
781 2935 105 18 allemand,
906 2934 85 16 Tarzan.

729 2957 63 19 Rapp.
812 2956 22 17 C.
854 2956 31 18 R.,
905 2956 88 16 Tave:r.e

730 2979 77 19 Aiglon,
829 2982 34 13 rue
881 2978 34 16 des
935 2978 49 16 Plan-

729 3001 37 17 tes.
784 3001 29 15 64.
925 2999 65 18 (5557)

906 3054 87 87 GE

725 3054 172 35 ACHAT

730 3099 106 16 ARGENT

731 3121 143 17 BRILLA-NTS

728 3142 30 19 V*
767 3144 129 17 DENTIERS

757 3166 102 18 Expertise
876 3166 86 19 gratuite

724 3201 263 29 HauIUllMax-Xoral.

921 3232 32 18 (L.
967 3233 21 18 9)

760 3277 73 33 VOUS
856 3278 107 32 POUVEZ

760 3315 72 33 VOUS
855 3315 107 33 MARIER

728 3351 47 19 vite,
794 3352 43 16 bien
855 3353 20 16 et
892 3352 58 16 disrr.
968 3355 24 12 en

728 3374 39 16 écr.
803 3373 14 17 â
852 3374 139 17 l'IIEUREirx

728 3395 92 19 FOrER,
841 3396 38 16 Bte
896 3396 54 16 Porat.
970 3396 21 17 74

728 3417 82 17 Anaers.
829 3417 81 17 Nonabr.
929 3418 63 19 partis

728 3439 76 19 dlspon.
819 3439 87 19 partout.

906 3461 26 19 (A
948 3462 44 18 IIS)

1107 2238 86 16 ACHAT

1157 2267 82 37 Bijoux

1157 2305 109 32 Brillants

1159 2343 86 36 Argent

1158 2380 119 32 Monnaies

1160 2417 69 32 Vieux

1161 2455 107 32 Dentiers

1022 2496 36 17 Le.
1074 2496 43 19 plu.
1133 2497 64 17 Hauts
1214 2498 68 17 Cours.

1021 2518 142 18 EXPERTISE
1190 2520 91 19 gratuite.

1070 2548 28 32 A.
1115 2549 119 37 BONNET,

1019 2584 41 20 203.
1075 2585 54 17 Boul.
1144 2586 87 17 Maurice
1246 2587 26 16 Le-

1020 2607 92 18 monnler,
1124 2607 156 18 Bruxelies-Mid:

1215 2630 25 19 (L
1259 2630 20 19 5)

1070 2736 153 49 ACHETE

1048 2800 41 17 très
1113 2800 46 17 cher
1183 2801 48 17 MAC
1239 2802 22 15 II.

1048 2822 16 16 A
1085 2822 104 18 ECRIRE,
1210 2826 45 13 mar-

1047 2847 48 15 ques
1135 2844 127 18 allemandes.

1048 2869 72 14 neuves
1141 2870 26 13 ou
1189 2870 74 14 comme

1048 2891 78 13 neuves.
1150 2889 45 16 Ecr.
1219 2889 43 16 bur.

1048 2910 78 18 journal
1142 2914 23 12 no
1180 2910 37 17 94"

1043 3039 6 9 .
1090 3018 129 32 J'ACHETE

1021 3054 79 18 MACH.
1118 3056 17 15 A
1149 3055 103 18 ECRIRE,
1267 3056 17 15 A

1020 3076 136 17 CALCULER
1173 3077 33 16 ET
1225 3077 51 17 TOU-

1020 3098 47 17 TES
1092 3098 133 17 MACHINES
1248 3099 35 16 DE

1017 3122 54 26 £4-
1094 3121 111 16 BUREAU.

1017 3137 58 19 OtA
1092 3142 53 16 UL'E
1177 3143 90 16 MONTA-

1017 3164 53 16 GNE
1078 3172 9 4 -
1096 3164 53 17 AUX
1157 3172 9 5 -
1174 3164 110 17 HERBES-

1020 3186 156 17 POTAGERES.
1206 3187 25 18 (C
1245 3187 35 21 92)

1019 3236 88 17 PERDU
1129 3237 77 19 briquet
1229 3238 44 16 amé-

1017 3259 61 16 ricain
1093 3259 125 19 porte-cigar.
1234 3260 40 16 Bon-

1019 3284 24 12 ne
1060 3280 130 20 récompense.
1207 3281 22 16 C.
1246 3281 35 18 M.,

1021 3302 42 18 2S2,
1091 3305 36 13 rue
1152 3303 28 16 du
1207 3303 72 18 Noyer,

1019 3324 46 17 Blcc
1080 3324 37 17 III.
1213 3325 66 19 (3533)

1037 3378 216 37 Timbres-poste

1020 3419 55 16 ach.»
1083 3419 50 18 tout,
1153 3419 30 18 52,
1204 3423 15 13 r.
1240 3419 42 17 Van

1019 3440 110 19 Artevelde,
1149 3441 74 17 Bourse

1189 3464 26 18 (A
1231 3463 43 18 115)

188 4095 71 17 SOINS
276 4096 136 19 MEDICAUX
426 4099 126 19 GRATUITS
568 4102 53 17 AUX
634 4103 64 17 BLES-

165 4116 44 17 SES
223 4117 34 16 ET
270 4117 122 19 MALADES
405 4120 35 17 DE
451 4121 36 17 LA
500 4122 104 18 GUERRE
617 4125 54 16 1B40.
684 4133 25 4 —

166 4136 30 18 La
212 4142 10 10 «
238 4138 119 18 Fraternelle
371 4141 27 16 du
414 4142 76 17 Service
504 4144 25 15 de
544 4145 59 16 Santé
619 4147 22 16 de
657 4147 44 16 l'Ar-

166 4159 43 17 mée
225 4160 102 18 1914-1918
341 4166 11 11 >
370 4163 33 17 (A.
421 4164 19 15 S.
455 4164 24 16 B.
494 4164 42 19 L.),
552 4166 54 17 vient
619 4168 23 16 de
657 4168 53 16 créer

167 4181 64 18 parmi
249 4185 32 13 ses
299 4183 102 17 membres,
421 4188 37 13 une
475 4189 65 14 ceuvre
557 4188 24 15 de
598 4189 53 17 soins
670 4190 31 15 mé-

168 4203 72 17 dicaux
257 4203 92 20 gratuits,
369 4205 85 18 destinée
470 4210 41 14 aux
527 4209 102 18 militaires
646 4211 56 16 néces-

167 4224 71 18 siteux,
257 4225 75 17 blessés
347 4230 27 13 ou
389 4228 88 17 malades
495 4230 24 15 de
536 4230 20 16 la
573 4234 67 15 guerre
657 4233 47 16 1940

166 4247 35 19 qui
222 4247 47 17 sont
289 4248 76 17 rentrés
385 4249 50 16 dans
455 4250 52 17 leurs
528 4252 72 19 foyers,
624 4254 20 15 et
665 4255 47 16 dont

166 4268 59 18 l'état
240 4269 24 17 de
280 4269 58 17 santé
354 4270 95 18 nécessite
464 4275 69 13 encore
548 4274 34 16 des
599 4275 52 16 soins
668 4279 36 15 par-

166 4291 94 20 ticuliers,
282 4291 123 18 notamment
427 4297 24 12 en
471 4294 144 20 dermatologie,
636 4298 68 17 ophtal-

165 4313 91 19 mologie,
284 4313 108 18 oto-rhino-
394 4314 137 20 laryngologle,
559 4317 97 20 chirurgie
681 4323 32 12 os-

165 4338 64 15 eeuse,
251 4335 97 20 chirurgie
366 4336 146 20 orthopédique,
531 4342 99 16 massage,
650 4340 64 16 méca-

164 4358 123 19 nothéraple,
314 4358 132 19 rééducation,
471 4360 163 20 physiothérapie,
658 4363 57 17 bains

165 4380 53 18 d'air
231 4380 70 17 chaud,
317 4380 110 20 injections,
444 4383 132 18 pansements,
592 4383 37 17 etc.

189 4402 30 18 La
234 4402 122 17 Fraternelle
371 4403 26 17 du
414 4403 78 17 Service
507 4404 24 17 de
548 4405 60 17 Santé
623 4406 25 17 de
664 4406 43 17 l'Ar-

163 4424 44 17 mée
225 4425 63 18 14-18,
306 4429 23 12 se
345 4424 51 18 tient
412 4425 14 17 à
444 4426 20 16 la
481 4426 115 20 disposition
615 4428 34 16 des
665 4429 41 16 mili-

163 4446 63 17 taires
249 4447 112 19 Intéressés,
386 4447 125 19 c'est-à-dire
535 4449 27 17 les
584 4450 89 17 malades
696 4451 21 15 et

163 4468 76 17 blessés
262 4469 25 17 de
310 4469 21 17 la
353 4473 71 16 guerre
448 4471 53 17 1940,
526 4472 33 18 qui
581 4475 23 13 se
625 4472 91 17 trouvent

162 4491 52 16 dans
230 4491 19 17 le
263 4491 74 19 besoin,
354 4496 50 15 pour
419 4492 43 17 leur
476 4493 77 16 fournir
566 4494 29 17 les
610 4497 56 14 noms
682 4497 34 14 .les

161 4514 106 18 médecins,
292 4514 131 19 spécialistes,
457 4515 115 17 auxiliaires
605 4516 109 19 médicaux,

161 4538 109 16 masseurs,
297 4540 120 14 masseuses.
444 4537 127 18 Infirmières,
600 4538 113 18 infirmiers,

161 4558 167 19 établissements,
346 4559 101 19 cliniques,
466 4560 34 19 qui
516 4561 36 15 ont
570 4560 146 18 bénévolement

160 4581 98 16 souscrits
265 4581 22 17 -à
304 4581 150 20 l'organisation
471 4583 25 16 de
512 4583 52 16 cette
579 4586 66 14 œuvre
661 4584 55 16 d'en-

161 4602 80 20 tr'alde,
263 4603 20 18 et
302 4603 34 21 qui
356 4607 23 14 se
398 4604 94 17 trouvent
511 4605 72 17 établis
601 4605 51 18 dans
672 4606 44 16 tout

161 4624 18 18 lt
192 4628 56 16 pays.

185 4647 54 17 Pour
247 4647 45 17 tous
302 4648 173 19 renseignements,
486 4649 63 19 prière
558 4649 83 17 d'écrire
650 4653 26 13 au
683 4653 21 13 se-

161 4669 84 17 crétaire
266 4670 87 19 général,
377 4671 27 16 M.
428 4671 106 19 Dcquinze,
557 4671 56 20 place
635 4672 79 20 Eugène

160 4690 172 21 Verboeckhoven,
351 4692 17 21 7,
386 4693 15 17 k
417 4693 101 17 Bruxelles
535 4694 18 18 3.

758 3527 217 57 Réfugiés-
989 3528 263 47 Recherches

761 3631 162 33 RECHERCHE
932 3632 36 32 DE
976 3632 71 33 TOUS
1056 3633 48 33 LES
1113 3634 135 34 DISPARUS

764 3682 24 28 et
811 3682 78 28 toutes
910 3678 110 32 missions
1042 3678 87 38 quelles
1152 3679 95 37 qu'elles

766 3716 75 32 soient
862 3727 29 20 en
911 3715 109 38 Belgique
1049 3722 24 27 et
1102 3728 29 21 en
1153 3717 88 32 France

830 3761 143 21 «OFFICE
995 3762 189 24 PRATIQUE»

767 3797 41 24 qui
821 3802 27 16 se
861 3797 51 21 met
926 3802 15 21 à
955 3799 24 20 la
993 3798 144 24 disposition
1150 3799 29 20 de
1194 3799 53 20 tout

770 3828 22 20 le
816 3828 88 21 monde
928 3833 61 19 pour
1013 3828 69 21 venir
1103 3834 32 15 en
1157 3829 55 21 aide
1235 3828 16 21 à

769 3858 63 19 tous.
852 3857 100 21 Probité
974 3859 24 20 et
1019 3857 138 22 discrétion.
1177 3859 71 20 Cond.

768 3887 31 20 <b
829 3888 27 20 13
879 3888 16 21 à
919 3889 27 20 17
969 3888 30 23 h-,
1022 3889 59 19 sauf
1112 3889 138 24 dimanche,

770 3917 33 24 10,
822 3922 43 16 rue
883 3919 28 20 de
929 3918 24 21 la
970 3918 165 21 Sablonnière.

797 3953 98 26 Té!éph.
918 3955 101 27 17.98.48,
1041 3956 133 21 Bruxelles.

1151 3987 30 21 (C
1197 3987 52 21 102)

803 4067 92 35 LES
925 4068 286 37 MILITAIRES

735 4115 94 21 rentrés
850 4118 33 20 du
901 4118 78 25 Camp
998 4119 14 20 8
1031 4119 33 23 C,
1082 4124 31 15 en
1131 4121 151 24 Allemagne,

737 4147 57 19 sont
832 4145 65 26 priés
926 4148 29 20 de
983 4147 62 21 faire
1075 4149 127 21 connaître
1232 4151 52 20 leur

738 4175 98 20 adresse
853 4182 32 15 au
902 4177 93 20 bureau
1012 4178 29 19 de
1059 4183 27 15 ce
1103 4179 104 26 journal,
1223 4185 61 20 pour

738 4204 120 24 renseign.
875 4207 150 20 concernant
1042 4208 115 23 militaire
1174 4215 27 15 se
1218 4211 56 19 trou-

734 4233 60 20 vant
813 4233 84 24 là-bas.
1169 4240 108 22 (DR628)

824 4293 375 41 COMPTABILITE

742 4338 119 20 Expertises,
885 4343 103 19 contrôles,
1012 4346 140 18 organisation.
1178 4349 106 17 KI.SLAN-

743 4362 59 15 ™'
821 4364 23 13 ex
845 4365 30 26 »-,
877 4367 22 19 JL
893 4367 11 12 0
901 4384 6 7 ,
906 4367 6 12 1
912 4364 50 24 !"'-'
979 4369 35 13 ruo
1030 4367 94 20 Delacaiz,
1142 4369 17 20 6,
1179 4369 105 18 Bruxelles.

742 4380 106 20 Téléphone
865 4382 76 19 .377136.
1192 4391 90 14 (D'Ui'>«l

762 4425 47 22 Les
822 4426 142 24 Papeteries
976 4431 23 20 J.
1014 4432 270 24 VANDERBEUKEN

740 4453 26 20 et
781 4455 50 23 Cie,
848 4456 23 20 S.
889 4458 35 22 A.,
941 4458 33 24 32,
992 4460 132 23 boulevard
1142 4463 107 26 d'Tpres,
1268 4466 15 21 â

743 4484 133 28 Bruxelles,
901 4486 148 24 demandent
1072 4496 34 16 un
1129 4494 97 21 ouvrier
1251 4494 25 20 ré-

741 4514 76 24 gleur.
832 4515 39 25 S'y
885 4515 133 25 présenter.
1174 4524 107 22 (DR627)

749 4557 67 22 ir~K^
815 4572 4 7 ;
820 4558 78 21 '?S"H"r:
906 4560 13 16 â
926 4563 13 13 aa
947 4560 33 17 aa"ra
988 4564 13 14 «
1008 4561 48 21 rTïp

1093 4567 10 16 ■;
1110 4564 33 17 I-7-:
1151 4565 33 21 r.y.
1192 4566 36 17 ïT;f
1233 4571 12 12 :;
1254 4572 12 5 -
1274 4572 12 12 ::

886 4596 254 60 Propagez

783 4661 70 48 La
880 4662 183 49 Nation.
1091 4666 150 57 Belge

1319 342 142 32 MUTUELLE
1483 341 35 32 DE
1541 340 169 33 L'INDUSTRIE
1732 339 135 34 VERRIERE

1354 387 106 16 SOCIETE
1485 385 126 17 ANONYME
1639 385 16 15 A
1680 383 151 18 BRUXELLES

1514 407 55 18 Rièf-'o
1589 406 69 17 social:

1456 429 17 17 2,
1497 432 34 13 rue
1549 429 23 16 de
1592 428 20 15 la
1632 427 93 19 Régence.

1318 473 89 19 Registre
1426 473 26 16 du
1470 473 112 15 Commerce
1601 472 23 15 de
1643 471 99 16 Bruxelles
1759 474 19 13 n.
1799 469 58 17 16193

1342 517 105 15 Messieurs
1468 515 28 17 les
1520 515 130 17 actionnaires
1672 514 45 17 sont
1739 513 51 20 priés
1813 513 43 16 d'as-

1317 538 59 17 sister
1396 537 14 17 &
1431 537 127 17 l'Assemblée
1579 536 94 17 Générale
1694 536 32 19 qui
1748 539 20 13 ko
1789 535 77 16 tiendra

1318 564 24 13 an
1362 560 52 18 siège
1433 560 66 15 social,
1521 560 17 15 le
1557 558 91 16 vendredi
1667 558 24 17 30
1712 557 47 16 août
1778 557 53 18 1910,
1852 556 14 16 k

1318 583 7 15 1
1331 583 8 15 1
1361 582 69 16 heures
1451 582 20 15 et
1492 581 61 16 demie
1576 581 26 15 du
1623 580 69 17 matin,
1714 583 56 12 avec:

1402 604 102 16 TORDRE
1522 603 34 16 DV
1573 603 65 15 JOUR
1654 601 121 17 SUIVANT:

1341 626 20 15 1*
1376 625 88 19 Rapport
1489 625 24 16 du
1540 625 46 16 Coi..
1582 628 9 7 c
1593 623 23 17 etl
1642 622 179 18 d'administration

1316 647 26 17 du
1358 646 77 20 Collège
1450 647 34 16 des
1502 645 143 18 commissaires
1661 648 35 13 sur
1710 645 27 15 les
1753 643 112 20 opérations

1317 669 23 17 de
1360 669 19 16 la
1396 669 73 16 société
1488 668 85 19 pendant
1591 671 35 12 son
1645 667 83 16 dixième
1746 666 94 18 exercice;

1340 691 10 15 '2
1356 693 4 11 1
1376 690 136 15 Préscntritlnn
1534 690 26 16 du
1581 689 52 16 b'Ian
1655 689 20 15 ct
1695 689 26 15 du
1742 689 76 18 compte
1841 688 23 15 de

1316 711 71 21 profita
1407 713 20 14 ct
1447 711 72 19 pertes;

1341 734 11 16 3
1366 733 100 19 Décharge
1493 736 40 13 aux
1560 732 172 16 administrateurs
1761 731 20 16 et
1809 734 44 14 com-

1315 755 109 19 missaires;

1339 778 21 15 4>
1375 777 137 16 Nominations
1532 775 124 17 statutaires.

1340 799 30 16 En
1385 802 36 12 vue
1435 798 104 17 d'assister
1553 798 13 16 k
1579 798 50 16 cette
1643 796 113 18 assemblée,
1773 796 47 17 MM.
1836 796 29 16 les

1315 820 91 16 actionnai
1409 820 38 16 ires
1472 821 45 15 sont
1543 819 51 19 priés
1620 820 22 16 de
1668 823 21 13 se
1716 819 111 16 conformer
1851 818 12 16 à

1316 842 84 17 l'article
1419 842 24 15 21
1463 842 34 16 <!■?.•.
1517 841 63 16 statut
1583 845 14 12 3.

1339 863 37 16 Les
1398 863 135 20 procurations
1552 863 82 16 devront
1656 863 42 15 être
1718 862 98 18 déposée?,
1838 865 25 13 au

1315 885 52 19 slègn
1382 885 67 17 social,
1467 889 26 12 pu
1508 885 63 16 moins
1585 885 48 15 trois
1649 885 54 18 jours
1721 885 66 15 francs
1794 883 69 16 'avant

1316 907 19 17 la
1354 908 46 15 date
1418 908 23 15 rie
1459 906 128 17 l'assemblée.

1340 929 36 16 Les
1392 929 23 16 dé
1418 925 43 22 iiô'às
1477 928 97 18 d'actions
1589 932 24 13 en
1629 931 36 13 vue
1681 928 24 17 de
1722 928 50 16 cette
1789 929 66 15 assem-

1314 950 42 17 blée
1378 951 65 16 seront
1467 953 64 16 reçus:

1339 974 16 15 A
1371 972 150 16 BRUXELLES
1541 975 5 13 :
1563 973 17 15 A
1594 971 20 16 la
1630 972 80 19 Banque
1725 971 22 16 de
1764 970 98 18 Bruxelles

1315 993 18 17 et
1352 996 89 16 agences.

1339 1017 16 15 A
1371 1015 149 17 CHARLEROI
1537 1018 6 13 :
1560 1016 16 15 A
1593 1014 20 16 la
1629 1015 80 18 Banque
1724 1014 24 16 rie
1763 1014 99 16 Bruxelles

1317 1036 156 19 (anciennement
1490 1037 80 18 Banque
1589 1037 23 16 de
1630 1036 118 17 Cliarleroi).

1318 1058 44 18 (Dîî
1381 1059 44 18 ôGJj
1503 1058 26 17 Le
1549 1058 77 17 Conseil
1646 1058 192 16 d'Administration.

1332 1124 110 33 SOCIETE
1469 1124 154 32 COLONIALE
1647 1123 200 33 D'ELECTRÎCITE

1337 1176 75 16 Société
1432 1174 110 20 congolaise
1562 1179 12 13 a
1596 1175 149 19 responsabilité
1765 1174 72 18 limitée

1337 1197 71 18 établie
1428 1201 12 13 n,
1460 1197 115 17 léopold
1578 1197 76 16 ville
1675 1194 74 22 ft'ringo
1770 1196 66 20 Belge)

1479 1218 54 20 Siéga
1555 1218 144 17 administratif

1365 1241 29 16 18.
1411 1241 58 16 riace
1483 1242 24 15 dn
1524 1241 94 16 Louvain.
1633 1241 12 15 i.
1661 1240 151 17 BRUXELLES

1314 1262 90 19 Registro
1420 1262 26 17 du
1463 1263 111 15 Commerce
1592 1263 23 15 de
1634 1262 99 16 Druxelles
1750 1265 18 13 n.
1789 1261 71 17 15.173,

1421 1305 111 17 Messieurs.

1337 1326 137 19 L'Assemblée
1495 1327 93 17 Générale
1611 1327 101 17 Ordinaire
1734 1327 80 20 n'ayant
1837 1330 25 16 pu

1313 1353 21 12 f»
1350 1350 50 15 tenir
1416 1349 14 16 k
1445 1349 20 16 la
1481 1350 46 15 date
1542 1350 107 16 statutaire
1666 1350 26 16 du
1707 1350 24 16 20
1747 1350 41 18 Juin
1808 1349 51 16 1Ï-4T).

1315 1371 106 17 Messieurs
1447 1371 27 16 les
1501 1371 133 16 actionnaires
1667 1371 46 16 sont
1748 1371 72 16 invitas
1848 1374 13 12 a

1313 1393 83 16 assister
1418 1393 13 16 à
1454 1397 37 12 une
1515 1393 111 16 Assemblée
1659 1393 94 17 Oénérale
1783 1393 33 19 qui
1841 1396 20 12 se

1314 1415 76 16 tiendra
1411 1418 26 13 au
1458 1414 52 20 Bit*;»
1533 1415 150 17 administratif,
1708 1414 28 17 1$.
1759 1415 58 16 Place
1839 1415 23 15 rie

1313 1436 94 20 Louvain,
1427 1437 156 17 BRUXELLES,
1600 1437 17 16 le
1633 1437 53 19 jeudi
1703 1437 23 16 29
1742 1441 13 12 a
1768 1437 23 16 Ût
1807 1437 52 16 10-10.

1313 1458 10 17 i
1343 1459 20 15 11
1384 1458 18 16 h.
1422 1458 29 16 20.

1473 1481 87 16 ORDRE
1576 1480 36 17 DU
1628 1481 73 16 JOUR:

1336 1501 22 16 a>
1374 1502 99 18 Rapports
1494 1502 26 16 du
1539 1502 76 16 Conseil
1636 1502 185 16 d'Administration
1842 1501 18 16 et

1312 1523 25 17 du
1359 1524 77 18 Coings
1459 1524 33 16 des
1515 1524 149 16 Commissaires
1669 1531 4 13 ;

1336 1545 22 16 bï
1375 1546 133 18 Approbation
1530 1546 25 16 du
1576 1546 53 16 bilan
1651 1546 20 17 et
1693 1546 25 16 du
1740 1546 75 19 compte
1838 1546 22 16 de

1312 1567 71 19 profits
1403 1568 20 15 et
1443 1568 64 18 pertes
1526 1568 24 15 de
1570 1567 100 16 l'exercice
1690 1567 45 17 1n3f>
1741 1571 4 14 :

1336 1592 20 12 e.
1371 1589 123 18 Répartition
1515 1589 26 16 du
1560 1589 53 16 solde
1635 1589 135 18 hénéfi.-ialre;

1336 1610 21 16 d»
1374 1610 100 19 Décharge
1495 1611 14 15 à
1530 1611 73 16 donner
1623 1614 40 13 aux
1676 1611 184 17 "Administrateurs

1312 1633 18 15 et
1350 1632 149 16 Commissaires
1504 1636 5 15 ;

1336 1654 19 17 e)
1371 1653 98 17 Elections
1495 1654 122 17 statutaires.

1566 1694 11 12 *
1588 1694 11 12 *

1335 1706 52 17 Pour
1414 1707 81 19 pouvoir
1522 1707 82 16 assister
1629 1707 13 16 à
1668 1707 50 17 cette
1744 1707 114 16 assemblée.

1311 1728 106 16 Messieurs
1441 1729 28 15 les
1493 1729 130 17 actionnaires
1646 1730 46 15 sont
1715 1729 51 19 pries
1792 1729 23 16 de
1839 1732 21 13 ee

1312 1751 110 15 conformer
1442 1750 13 16 k
1474 1750 84 17 l'article
1577 1751 22 16 33
1621 1751 33 16 des
1673 1750 82 18 statuts.

1336 1771 27 17 Le
1389 1772 57 19 dépôt
1475 1773 33 15 des
1535 1772 56 16 titres
1623 1776 45 12 sera
1695 1776 45 15 reçu
1766 1772 92 20 jusqu'au

1311 1793 22 17 23
1354 1793 47 18 août
1423 1794 156 16 inclusivement:

1482 1823 16 16 A
1525 1823 162 17 BRUXELLES:

1311 1847 25 14 au
1353 1845 53 19 siège
1425 1845 149 17 administratif,
1594 1845 29 17 13.
1642 1845 59 16 Place
1719 1845 23 16 do
1761 1845 97 17 Louvain:

1311 1867 46 15 chez
1370 1866 20 16 la
1402 1867 80 18 Banque
1494 1867 56 16 Jos3e
1566 1866 74 18 Allard,
1654 1867 39 19 6-8,
1709 1870 33 13 rue
1755 1867 103 18 Guimard;

1310 1888 46 16 chez
1373 1888 47 16 MM.
1439 1888 152 20 Nagelmackers
1609 1889 40 16 Fils
1666 1890 20 16 et
1702 1889 33 18 Co,
1753 1889 29 18 12,
1801 1889 57 16 Place

1311 1910 23 16 de
1358 1909 97 20 Louvain;
1480 1911 46 16 chez
1549 1910 20 17 la
1592 1911 80 19 Banque
1696 1911 23 17 de
1742 1911 19 16 la
1784 1911 75 16 Société

1310 1931 95 18 Générale
1424 1933 24 16 de
1470 1932 98 19 Belgique.
1589 1933 17 16 3.
1627 1933 106 19 Montagne
1754 1932 26 18 du
1801 1933 56 17 Parc

1523 1954 18 17 A
1565 1954 78 17 LIEGE

1310 1975 46 16 chez
1383 1975 19 16 la
1428 1976 79 19 Banque
1535 1976 153 19 Nagelmackers
1713 1976 41 17 Fila
1778 1978 19 15 et
1823 1976 33 18 Co,

1310 1996 29 18 32,
1358 2000 34 13 rue
1408 1998 33 16 des
1458 1997 139 18 Dominicains.
1770 1998 27 18 (A
1813 1998 42 16 liai

1352 2070 91 33 Société
1460 2071 133 34 Financière
1611 2078 23 27 et
1651 2072 164 33 Commerciale

1309 2115 28 34 de
1346 2115 149 39 Transports,
1507 2117 152 33 d'Electricité
1672 2123 23 27 et
1708 2117 150 33 d'Industries

1454 2173 18 20 «
1481 2161 187 33 ELECTRAFINA
1677 2174 19 20 »

1453 2206 107 16 SOCIETE
1587 2205 126 17 ANONYME

1358 2236 29 17 58,
1408 2239 35 13 nie
1465 2235 26 17 du
1514 2235 65 17 Grand
1602 2235 66 17 Chien,
1689 2235 13 16 ù
1724 2235 82 16 Anvers.

1334 2257 90 20 Reg.s'.re
1445 2257 26 16 du
1490 2257 112 16 Commerce
1622 2257 96 16 d'Anvers
1738 2261 19 12 n.
1779 2256 53 17 4015.

1333 2301 48 17 MM.
1401 2302 36 16 les'
1447 2301 130 16 actionnaires
1593 2302 46 15 sont
1658 2300 70 17 invités
1746 2300 13 16 à
1776 2300 82 16 assister

1310 2323 12 16 à
1345 2323 123 17 l'assemblée
1491 2322 90 20 générale
1604 2322 155 17 extraordinaire
1780 2322 34 20 qui
1836 2324 21 13 se

1310 2345 77 16 tiendra
1405 2349 27 12 au
1451 2345 51 19 s;ège
1522 2344 61 17 social
1602 2345 17 16 le
1637 2345 64 16 mardi
1719 2344 11 16 3
1748 2344 109 19 septembre

1311 2367 52 18 1940,
1385 2367 13 18 k
1417 2367 23 17 11
1460 2367 75 16 heures.

1455 2389 87 17 ORDRE
1567 2387 36 18 DU
1627 2388 74 17 JOUR:

1334 2411 9 16 1
1348 2411 6 18 )
1370 2411 131 16 Ratification
1524 2414 49 16 pour
1594 2410 72 16 autant
1687 2414 37 15 que
1746 2410 24 16 de
1791 2410 65 16 besoin

1310 2432 34 17 des
1371 2432 117 17 rC-solutions
1515 2432 62 19 prises
1613 2435 37 16 par
1675 2431 122 17 l'assemblée
1832 2432 23 15 du

1309 2454 24 17 25
1352 2455 42 19 juin
1415 2455 55 17 1910;

1334 2476 20 17 2)
1370 2477 123 18 Répartition
1508 2477 33 16 des
1554 2476 98 17 bénéfices
1666 2476 23 17 de
1703 2475 101 17 l'exercice
1818 2475 39 17 clos

1309 2498 17 17 lu
1347 2498 21 17 31
1389 2502 54 13 mars
1465 2498 56 18 1940;

1333 2520 21 16 3)
1371 2520 101 19 Décharge
1493 2523 39 13 aux
1552 2523 83 16 organes
1656 2520 23 16 de
1700 2520 75 18 gestion
1795 2520 19 16 et
1834 2520 24 16 de

1311 2542 127 16 surveillance
1457 2546 23 12 en
1498 2546 22 12 ce
1538 2542 33 19 qui
1589 2545 93 13 concerne
1700 2542 100 16 l'exercice
1819 2542 40 16 clos

1309 2564 18 16 12
1344 2564 24 17 31
1388 2567 54 13 mars
1462 2564 53 16 1940.

1333 2585 52 17 Pour
1400 2585 41 17 être
1457 2586 63 16 admis
1536 2585 13 17 à
1565 2585 50 17 cette
1632 2585 114 17 assemblée.
1764 2585 48 17 Mil.
1830 2585 27 16 les

1309 2608 132 16 actionnaires
1457 2608 71 16 auront
1544 2608 13 15 à
1572 2611 22 13 se
1611 2608 111 15 conformer
1737 2611 39 13 aux
1793 2607 55 19 dispo-

1310 2629 69 17 sitions
1398 2630 24 15 de
1443 2630 52 17 l'art.
1516 2630 22 16 26
1558 2630 33 16 des
1612 2629 81 16 statuts.

1335 2651 38 16 Les
1393 2651 68 19 dépôts
1480 2652 33 16 des
1534 2651 56 16 titres
1609 2652 67 15 seront
1693 2654 54 16 reçus
1765 2651 93 20 jusqu'au

1310 2673 23 17 2S
1353 2674 47 16 août
1421 2674 45 16 1910
1486 2673 155 17 inclusivement;

1335 2695 30 17 Au
1382 2695 53 19 siège
1451 2695 71 18 social;

1336 2718 17 17 A
1371 2717 19 17 la
1408 2718 80 18 Banque
1504 2718 102 17 d'Anvers,
1625 2717 56 18 Meir,
1701 2717 29 20 48,
1751 2718 84 17 Anvers;

1336 2740 17 16 A
1368 2739 20 17 la
1400 2740 80 18 Banque
1492 2740 24 15 de
1527 2739 106 17 Bruxelles,
1649 2743 33 12 rue
1695 2739 22 16 de
1732 2739 20 16 la
1765 2739 87 19 Régence

1311 2765 19 14 n,
1354 2761 17 17 2,
1397 2761 101 17 Bruxelles
1519 2762 21 16 et
1561 2761 79 19 Longue
1661 2765 35 13 rue
1718 2761 23 16 de
1764 2760 94 20 l'Hôpital

1311 2783 29 17 20.
1358 2783 13 17 &
1390 2784 81 15 Anvers.

1335 2805 16 17 A
1376 2805 19 16 la
1421 2805 80 19 Banque
1525 2805 24 17 de
1572 2805 21 16 la
1616 2805 75 17 Société
1717 2805 93 17 Générale
1835 2806 23 16 de

1313 2827 98 19 Belgique,
1432 2827 106 19 Montagne
1557 2827 26 16 du
1603 2827 56 18 Parc,
1681 2826 17 19 3,
1721 2827 13 16 k
1752 2827 106 18 Bruxelles,

1313 2850 18 16 et
1349 2852 13 13 a
1378 2853 31 13 ses
1427 2852 91 16 agences;

1336 2871 16 17 A
1370 2871 21 17 la
1407 2871 80 19 Banque
1505 2871 23 16 de
1544 2871 84 19 Reports
1647 2870 20 17 et
1684 2871 23 17 de
1724 2871 81 19 Dépôts,
1824 2874 34 14 rue

1310 2893 34 16 des
1364 2892 95 20 Colonies,
1481 2893 29 17 11,
1530 2892 109 19 Bruxelles;

1336 2915 17 16 A
1375 2914 20 17 la
1417 2914 135 17 Kredietbank
1572 2919 48 12 voor
1640 2915 77 16 Handel
1738 2918 23 13 en
1783 2915 76 18 Nijver-

1311 2936 50 17 heid,
1387 2936 151 20 Tôrengebouw,
1562 2936 80 17 Marché
1665 2939 40 14 aux
1730 2936 91 17 Souliers,
1846 2939 13 12 a

1312 2959 82 15 Anvers.
1748 2959 45 18 (DR
1813 2959 44 17 619)

1344 3031 44 33 Les
1412 3031 190 34 Etablissements
1626 3032 56 33 Paul
1705 3032 120 33 COLLEYE

1353 3076 107 17 SOCIETE
1480 3077 126 16 ANONTME
1627 3077 18 16 A
1665 3077 150 18 BRUXELLES

1461 3109 33 12 rua
1513 3106 35 16 des
1568 3106 100 19 Drapiers,
1686 3106 24 17 18

1323 3164 90 20 Registre
1434 3165 26 17 du
1481 3165 112 17 Commerce
1614 3165 100 16 Bruxelles
1735 3169 24 13 n«
1781 3165 66 18 50-373

1334 3201 105 18 Messieurs
1462 3202 27 16 les
1511 3201 131 17 actionnaires
1664 3201 44 16 sont
1732 3202 51 19 priés
1806 3203 43 15 d'as-

1310 3223 60 17 sister
1384 3223 13 16 à
1412 3223 127 17 l'Assemblée
1555 3223 89 20 générale
1658 3224 154 16 extraordinaire
1826 3224 33 18 qui

1310 3249 22 13 se
1345 3246 77 16 tiendra
1436 3246 17 16 le
1465 3246 91 16 vendredi
1569 3246 22 16 30
1604 3246 47 17 août
1665 3246 51 18 1910.
1730 3246 13 16 à
1756 3247 21 16 11
1791 3247 68 16 heures

1310 3271 24 13 en
1359 3268 72 16 l'étude
1457 3268 26 16 du
1506 3268 77 16 notaire
1605 3268 80 18 Jacobs,
1711 3268 29 18 13,
1766 3271 34 14 me
1825 3269 33 16 des

1311 3289 88 19 Sablons,
1422 3289 13 17 à
1458 3290 106 16 Bruxelles.

1467 3312 87 16 ORDRE
1572 3312 37 16 DU
1627 3312 73 17 JOUR:

1334 3333 21 16 1>
1370 3333 121 17 Dissolution
1510 3333 96 19 anticipée
1623 3334 23 16 de
1667 3334 19 16 la
1704 3334 88 21 Soclét£:

1334 3355 12 16 2
1359 3355 125 17 Nomination
1505 3356 26 16 du
1551 3355 118 20 liquidateur
1689 3357 20 16 et
1729 3356 84 16 fixation
1836 3356 22 17 de

1310 3380 31 13 ses
1361 3377 97 18 pouvoirs.

1334 3399 65 18 DépOt
1417 3400 34 16 des
1469 3399 56 17 titres
1543 3403 26 12 au
1587 3399 53 20 siège
1658 3400 67 16 social.
1749 3400 45 18 (DR
1812 3400 44 16 5561

1333 3443 126 17 ATELIERS
1476 3443 118 17 LIEGEOIS
1613 3444 153 18 (Engrenages),
1783 3445 76 16 Société

1309 3464 101 20 Anonyme
1434 3465 13 16 k
1470 3465 64 19 Liège.
1557 3473 25 3 —
1604 3465 47 18 MM.
1677 3465 28 16 les
1727 3459 130 23 actionnaires

1309 3487 46 16 sont
1371 3487 52 18 priés
1440 3487 23 16 de
1480 3487 43 16 bien
1541 3487 76 16 vouloir
1634 3487 83 17 assister
1733 3487 13 16 à
1764 3487 85 17 l'Assem-

1309 3508 43 17 blée
1366 3508 95 17 Générale
1477 3509 102 16 Ordinaire
1594 3509 33 19 qui
1643 3513 21 12 se
1681 3509 76 17 tiendra
1772 3509 18 17 le
1805 3509 53 17 lundi

1309 3530 11 16 9
1341 3531 109 18 septembre
1470 3531 98 19 prochain,
1589 3531 13 17 k
1620 3532 22 16 11
1661 3531 76 19 heures,
1758 3535 26 13 au
1803 3532 55 19 Siège

1310 3552 67 17 social,
1395 3556 34 13 rue
1443 3553 25 16 du
1481 3553 124 17 Val-Benoit,
1620 3553 30 17 39,
1665 3554 13 16 k
1691 3553 64 19 Liège.
1771 3554 87 16 ORDRE

1309 3574 37 16 DU
1364 3575 65 17 JOUR
1450 3578 5 13 :
1477 3575 21 15 1)
1519 3575 89 19 Rapport
1627 3575 26 16 du
1673 3575 75 17 Conseil
1770 3576 78 17 d'Admi-

1310 3596 105 16 nistration
1442 3596 20 17 et
1487 3597 25 16 du
1537 3597 77 17 Collège
1639 3598 34 16 des
1699 3597 158 19 Commissaires;

1309 3619 21 16 2)
1355 3619 134 19 Approbation
1511 3619 25 16 du
1558 3619 54 16 bilan
1634 3619 20 17 et
1676 3619 26 17 du
1724 3620 76 19 compte
1824 3619 33 17 des

1310 3640 72 19 profits
1403 3641 19 15 et
1441 3641 73 19 pertes:
1533 3641 21 16 3)
1576 3641 101 20 Décharge
1696 3641 14 17 à.
1728 3642 73 16 donner
1820 3645 38 12 aux

1310 3661 172 19 administrateurs
1497 3663 20 16 et
1531 3666 39 13 aux
1584 3662 154 22 commissaires;
1753 3663 20 20 4)
1791 3663 58 18 Nomi-

1310 3684 78 16 nations
1405 3685 123 17 statutaires.

1334 3706 52 16 Pour
1404 3706 82 20 pouvoir
1504 3706 84 17 assister
1605 3706 14 17 k
1638 3706 51 18 cette
1708 3707 114 19 assemblée,
1846 3708 12 15 il

1311 3728 31 15 est
1360 3728 78 19 rappelé
1458 3732 43 16 que,
1524 3729 154 16 conformément
1700 3728 13 16 à
1733 3729 82 17 l'article
1837 3728 22 18 25

1312 3750 34 16 des
1368 3750 82 18 statuts,
1477 3750 28 16 les
1529 3750 57 16 titres
1610 3751 78 16 doivent
1713 3750 41 17 être
1779 3751 80 19 déposés

1311 3770 12 18 5
1343 3772 55 18 jours
1419 3773 73 16 francs,
1513 3775 27 13 au
1560 3772 69 17 moins,
1650 3772 62 17 avant
1731 3772 21 17 la
1770 3773 46 17 date
1836 3773 23 15 de

1311 3793 123 19 l'assemblée
1455 3794 89 18 pénîrale
1566 3798 26 12 au
1614 3794 56 20 Siège
1689 3794 68 18 social,
1779 3798 33 14 rue
1833 3795 25 16 du

1312 3814 123 20 Val-BePOlt,
1456 3816 30 17 39.
1507 3816 14 17 k
1540 3816 64 19 Liège.
1795 3816 10 9 •

1313 3837 28 18 (A
1363 3836 45 20 157)
1486 3837 27 18 Lo
1534 3838 77 17 Conseil
1631 3838 203 19 d'Administration).

1314 3914 122 35 Brasserie
1461 3920 23 28 et
1509 3915 105 33 Malterie
1639 3915 112 34 Roelants
1777 3916 85 33 Frères

1461 3959 107 17 SOCIETE
1585 3960 127 16 ANONYME

1514 3988 56 20 Siège
1591 3988 70 17 social:

1403 4017 30 21 64,
1453 4021 35 13 rne
1507 4017 44 17 Van
1569 4017 55 18 Oost,
1643 4017 129 18 Schaerbeek.

1315 4075 90 20 Registre
1425 4076 26 16 du
1469 4075 113 17 Commerce
1602 4075 24 17 de
1646 4075 100 17 Bruxelles
1765 4079 23 12 no
1808 4075 53 16 2171.

1339 4104 133 16 L'assemblée
1516 4103 90 20 générale
1647 4103 155 16 extraordinaire
1836 4103 26 17 du

1314 4126 12 16 S
1350 4126 39 16 mal
1414 4126 46 17 1940
1482 4126 83 18 n'ayant
1596 4129 36 15 pas
1655 4126 54 16 réuni
1733 4126 16 15 le
1772 4128 87 16 quorum,

1314 4147 48 17 MM.
1387 4148 28 16 les
1435 4147 132 17 actionnaires
1588 4148 45 15 sont
1655 4147 50 19 priés
1727 4147 103 16 d'assister
1850 4147 13 15 à

1315 4173 36 13 uno
1366 4170 100 16 deuxième
1480 4169 107 17 assemblée
1604 4169 89 19 générale
1709 4169 153 16 extraordinaire

1314 4191 34 19 qui
1369 4195 22 13 se
1413 4191 77 17 tiendra
1511 4191 17 17 le
1549 4191 91 16 vendredi
1661 4192 24 16 30
1705 4191 48 16 août
1775 4191 52 18 1910,

1316 4213 22 17 10
1364 4214 19 16 h.
1409 4214 41 17 1/4.
1476 4217 22 12 en
1524 4213 78 16 l'Etude
1636 4213 23 16 de
1691 4212 72 17 Maître
1788 4213 75 16 Hubert

1315 4234 104 20 Scheyven,
1442 4235 75 16 notaire
1538 4235 13 16 à
1570 4235 106 17 Bruxelles,
1699 4238 34 12 rue
1754 4235 26 16 du
1800 4235 52 15 Moni-

1315 4257 49 17 teur,
1386 4261 19 12 n.
1427 4257 17 17 S,
1451 4260 5 15 ;
1477 4257 51 16 cette
1548 4256 108 17 assemblée
1679 4256 107 17 délibérera
1807 4255 45 17 vala

1315 4278 85 16 blement
1423 4279 45 19 quel
1490 4282 37 16 quo
1552 4279 39 16 soit
1615 4278 17 16 le
1654 4279 80 16 nombre
1758 4279 23 16 de
1806 4278 57 16 titres

1315 4299 72 17 réunis.

1470 4322 87 16 ORDRE
1575 4322 37 16 DU
1631 4322 73 16 JOUR:

1338 4343 21 17 1)
1375 4343 153 19 Augmentation
1551 4344 26 16 du
1599 4343 73 19 capital
1696 4343 60 16 social
1781 4343 13 16 k
1817 4346 35 13 con

1315 4367 91 14 currenco
1425 4366 24 16 de
1468 4365 79 17 750.000
1567 4366 67 16 francs
1653 4368 49 16 pour
1721 4365 17 16 le
1757 4366 66 18 porter
1840 4365 23 16 de

1314 4386 99 17 8.425.000
1439 4387 66 16 francs
1528 4387 13 16 à
1562 4388 18 16 fl.
1584 4387 78 16 175.000
1685 4388 73 16 francs,
1783 4391 36 15 par
1843 4387 19 16 la

1316 4407 88 17 création
1431 4409 24 16 de
1480 4408 57 17 3.000
1561 4409 56 18 parts
1644 4408 83 17 sociales
1754 4408 99 18 nouvelles

1316 4432 46 13 sans
1384 4430 85 16 mentfon
1491 4431 23 16 de
1535 4431 68 16 valeur
1623 4431 104 17 nominale,
1752 4431 110 18 jouissance

1315 4454 26 13 au
1357 4451 82 18 premier
1455 4452 109 19 septembre
1580 4452 52 18 1939,
1651 4454 20 15 et
1687 4456 49 16 ]>our
1751 4452 17 17 le
1783 4453 79 18 surplus

1315 4475 24 13 en
1353 4473 43 15 tout
1410 4472 116 18 semblables
1541 4477 38 13 aux
1592 4474 57 21 parts
1665 4474 82 17 sociales
1761 4474 99 19 actuelles,

1314 4493 13 16 k
1350 4494 102 18 attribuer,
1477 4495 128 17 entièrement
1627 4496 86 18 libérées,
1737 4497 67 16 contre
1826 4499 26 16 ap-

1316 4514 60 19 ports.

1339 4536 20 18 2)
1374 4537 146 17 Modifications
1536 4542 40 13 aux
1590 4539 75 17 statuts
1681 4543 49 16 pour
1744 4540 29 16 les
1791 4540 69 16 mettre

1314 4560 24 13 en
1363 4559 132 17 concordance
1519 4563 48 13 avec
1593 4565 22 12 ce
1637 4562 34 18 qui
1696 4561 80 19 précède
1802 4562 48 18 (arti-

1314 4578 39 16 cles
1372 4579 12 15 5
1404 4581 20 15 et
1442 4580 31 18 9).

1336 4599 51 17 Pour
1401 4601 82 18 assister
1498 4602 13 16 à
1527 4603 128 19 l'assemblée,
1674 4605 48 17 MM.
1740 4605 28 16 les
1783 4605 65 16 action-

1312 4621 65 15 naires
1399 4623 82 16 devront
1502 4624 81 18 déposer
1603 4625 51 17 leurs
1677 4626 57 16 titres
1756 4630 26 13 au
1806 4627 51 18 sièpe

1310 4643 68 16 social,
1401 4647 13 12 a
1435 4644 127 19 Schaerbeek.
1586 4650 34 13 rue
1641 4647 43 16 Van
1706 4648 54 18 Oost,
1785 4652 18 12 n.
1826 4648 29 19 54,

1312 4663 43 19 cinq
1371 4664 54 18 jour.i
1444 4666 67 17 francs
1529 4670 27 13 au
1573 4667 62 17 moins
1653 4671 62 15 avant
1731 4670 21 16 la
1770 4670 46 17 date
1833 4670 23 16 de

1310 4685 129 18 rassemblée.

1313 4707 26 16 (A
1362 4707 43 17 112)
1497 4709 28 17 Le
1545 4710 77 18 Conseil
1644 4712 186 18 d'administration.

1917 338 74 16 fiociétô
2005 338 100 18 Anonyme
2117 340 33 15 dis
2162 339 99 16 HALLES
2275 339 32 16 ET
2320 339 120 18 MARCHES

1894 360 130 17 COUVERTS
2046 361 34 15 DE
2102 360 83 19 LIEGE,
2206 363 18 15 U.
2245 364 34 13 ruo
2299 362 33 15 des
2352 362 87 17 Carmes,

1893 382 12 15 i\
1926 382 32 16 Lié
1961 386 29 13 se
2012 389 23 5 —
2055 381 47 17 MM.
2127 383 27 15 les
2174 382 77 16 iictionn
2255 382 50 16 'lires
2325 384 44 15 :ont
2389 383 50 18 priés

1893 404 11 15 d
1908 403 57 16 'assis
1967 405 29 14 tnr
2015 403 13 16 k
2046 403 121 18 l'assemblée
2186 403 89 20 générale
2292 404 98 17 ordinaire
2407 404 32 19 qui

1893 428 20 13 sa
1937 425 77 16 tiendra
2036 425 17 16 le
2077 426 62 15 mardi
2164 426 21 15 10
2208 425 110 19 septembre
2342 427 52 17 1940,
2428 425 13 16 à

1895 448 20 15 H
1930 447 75 17 heures,
2022 450 25 13 au
2053 447 61 19 'siège
2130 447 65 17 social.
2212 447 87 17 ORDRE
2316 448 35 16 DU
2365 448 73 16 JOUR:

1893 469 8 15 1
1909 471 4 12 i
1939 469 99 18 Rapports
2061 469 25 16 du
2111 469 75 16 Conseil
2210 469 184 16 d'Administration
2421 470 17 15 ct

1892 491 26 16 du
1937 490 77 19 Collège
2034 491 33 15 dc;i
2086 489 148 19 Commissaires
2240 495 4 13 ;
2264 491 11 15 2
2281 494 3 11 1
2307 491 131 19 Approbation

1893 513 25 15 du
1938 512 53 16 bilan
2012 512 20 16 et
2053 513 25 15 du
2100 512 76 20 compte
2197 513 23 15 de
2243 513 63 18 pnrt"?
2328 515 18 13 et
2369 513 70 19 profits

1892 538 26 12 au
1935 533 22 17 31
1977 537 54 13 mars
2049 534 55 21 1940;
2124 534 20 19 3)
2164 533 100 20 Décharge
2282 534 11 15 h
2311 535 73 15 donner
2401 537 39 13 aux

1892 555 172 16 administrateurs
2079 557 16 14 ct
2113 559 38 14 aux
2166 555 152 19 commissaires;
2335 559 19 14 41
2374 556 57 16 Nomi-

1892 577 78 16 nation»
1990 577 50 16 dans
2059 577 27 16 les
2106 576 93 19 Conseils.

1915 598 52 16 Pour
1983 599 82 15 assister
2080 599 13 15 à
2110 598 128 18 l'assemblée,
2257 599 154 16 conformément
2427 599 12 15 ô

1892 619 84 18 Partie'*.
1992 620 23 16 IS
2029 621 34 15 Ccr.
2079 621 81 16 statuts,
2177 620 27 17 les
2219 620 56 16 titres
2290 622 92 17 pourront
2398 621 42 15 être

1893 642 81 19 déposas
1998 645 5 13 :
2026 645 25 12 nu
2073 642 55 19 Rfége
2148 642 67 17 codai,
2240 647 10 11 ;■
2274 642 17 16 In
2317 642 79 17 Er.nuue
2417 645 22 13 n^

1893 663 100 16 Bruxelles
2006 663 13 16 k
2033 664 57 16 Liése
2103 667 24 14 ou
2140 668 12 12 n
2168 664 18 16 la
2201 664 79 18 Banque
2294 665 23 15 de
2331 665 19 15 la
2366 663 75 17 P-'ciétê

1891 685 94 17 Générale
2002 686 24 15 de
2045 686 91 18 Eei^iquc
2151 686 14 16 à
2183 685 63 19 Lié^e.
2348 691 4 11 *
2360 688 13 14 \
2394 686 43 17 I.18)

1917 758 177 15 PARASOLEIÎIE
2123 758 204 17 FRANCO-RELCE.
2355 759 83 16 Anciens

1891 779 66 16 Etnhl.
1980 779 50 17 Léon
2052 779 85 20 Lafarge
2156 780 19 15 et
2196 781 35 15 Sert
2251 780 93 16 Gendres,
2364 780 75 16 Société

1891 801 107 18 Amm>me,
2014 801 63 17 26-28,
2094 805 33 12 rue
2141 802 24 16 de
2180 802 20 16 lu
2214 801 64 18 Broie,
2294 801 107 17 Bruxelles.
2415 809 24 5 —

1892 823 46 17 Re;r.
1960 823 113 16 Commerre
2094 822 44 17 7861
2145 824 14 15 1.
2181 831 23 3 —
2227 822 131 17 L'assemblé.e
2378 824 52 15 Géné-

1892 845 40 15 rale
1947 844 89 16 annuelle
2050 844 81 19 n'ayant
2146 848 34 15 pas
2195 848 25 16 pu
2232 849 22 12 se
2268 845 51 15 ten:r
2334 844 13 16 à
2360 845 18 16 la
2393 845 45 16 date

1890 866 107 16 statutaire
2017 866 25 16 du
2064 867 21 15 ln
2106 867 39 16 mal
2168 867 19 15 1"
2194 866 25 16 10.
2241 865 48 17 MM.
2311 866 27 15 les
2360 867 69 14 Action-

1893 888 66 15 naires
1983 888 45 16 sont
2055 888 51 19 priés
2131 888 103 17 d'a.""ister
2267 888 13 16 k
2313 888 128 17 l'Assemblé-;

1892 909 94 17 Gînir.tle
2012 909 34 19 qui
2070 913 50 13 aura
2145 910 37 16 lieu
2207 912 26 13 au
2258 909 52 17 sièpe
2334 910 61 16 social
2423 910 16 15 le

1891 931 21 16 2J
1929 931 46 16 août
1991 932 51 16 1910.
2057 931 13 16 à
2086 931 22 17 15
2122 932 75 16 heures.
2213 932 87 16 ORDRi
2315 932 35 16 DU
2363 932 74 17 JOUR:

1893 953 18 15 l>
1939 953 89 19 Rapport
2052 953 26 16 du
2104 953 77 17 Conseil
2206 952 184 18 d'Administration
2419 954 18 16 et

1891 975 33 16 des
1947 974 150 17 Commissaires
2100 978 5 15 ;
2130 976 21 15 2»
2178 975 133 19 Approbation
2335 976 26 15 du
2385 975 52 16 bil:;n

1891 996 19 16 et
1926 997 25 15 du
1965 997 76 17 compte
2054 996 24 16 de
2093 997 70 18 profits
2178 998 19 15 et
2213 997 73 18 pertes:
2300 996 22 15 3>
2337 996 101 18 Décharge

1891 1018 12 15 è.
1918 1018 73 16 donner
2004 1021 39 13 aux
2059 1018 171 17 administrateurs
2247 1019 19 16 et
2283 1019 154 21 cor.inussalrc.s-_

1892 1041 7 14 J
1906 1042 4 11 i
1932 1040 135 15 Nomination.-;
2086 1040 116 16 statutaires
2220 1040 20 16 et
2259 1039 70 17 divers.

1915 1061 49 16 Pour
1982 1061 82 16 assister
2081 1061 13 16 h
2113 1061 128 18 l'assemblée,
2262 1062 26 15 les
2306 1062 131 16 actionnaires

1891 1083 78 16 doivent
1986 1087 22 12 se
2025 1083 111 17 conformer
2155 1083 13 17 k
2186 1083 53 17 l'art.
2260 1084 23 15 30
2302 1084 33 15 des
2356 1084 80 16 statuts.

2012 1103 10 10 *
2328 1105 45 18 (DP.
2392 1105 31 16 62]
2430 1106 6 14 )

1885 1143 205 22 ^«^♦^♦♦4^
2092 1143 122 24 ♦♦♦♦♦♦
2216 1144 224 22 *»♦♦♦♦♦*♦♦<►*

2271 1212 55 26 :?Us,

1998 1270 123 32 INSTITUT
2143 1270 191 33 SAmT-YTCTQB

2067 1314 197 22 ALSE3ÎBERG

1961 1344 168 22 INTEP.NAT
2146 1354 27 5 —
2190 1345 178 20 EXTERNAT

2011 1374 78 26 duigé
2108 1381 46 19 par
2173 1375 35 20 les
2228 1373 88 23 Frères

1977 1406 29 19 de
2022 1405 69 19 N.-D.
2108 1406 28 19 de
2153 1406 24 20 la
2194 1402 158 22 Miséricorde

2001 1471 159 33 HUMANITES
2180 1471 150 33 MODERNES

2017 1516 41 20 Se:
2064 1516 51 19 tion
2139 1516 175 20 Commerciale

2015 1546 96 21 Classes
2134 1545 180 25 préparatoires

1983 1577 52 24 Age
2055 1576 157 20 d'admission
2237 1583 5 13 :
2263 1577 14 19 6
2298 1581 44 16 ans

1994 1606 149 23 P/ospectus
2157 1610 43 15 eur
2215 1606 118 20 c'bmande

1933 1635 103 24 Reprise
2054 1636 42 20 des
2112 1641 70 15 cours
2204 1642 5 14 :
2228 1635 13 20 3
2257 1636 138 23 septembre

1894 1666 86 21 (Tram
1998 1666 14 20 9
2029 1665 25 20 et
2071 1666 105 21 autobus
2195 1666 97 25 jusqu'à
2310 1666 127 23 l'Institut;

1916 1695 65 21 tram
1998 1697 22 19 R
2036 1696 97 25 jusqu'à
2148 1696 24 19 la
2187 1701 59 21 gare
2263 1696 29 19 de
2310 1696 96 20 Rhode)

2301 1726 58 20 (DR
2382 1726 51 21 613)

1886 1820 124 18 PARENTS,
2039 1823 71 16 songez
2136 1821 12 15 fi

1886 1842 83 16 l'avenir
1980 1842 23 16 de
2015 1845 34 13 vos
2062 1842 85 16 enfants.

1888 1864 61 16 Cours
2007 1864 141 16 commerciaux

1888 1885 123 19 comportant
2069 1886 80 18 langues

1888 1907 64 18 flam.,
1990 1906 42 19 ail.,
2069 1907 78 19 franc.,,

1887 1928 51 20 angl.
1955 1929 64 17 Arith.
2037 1929 39 17 Cie.
2079 1930 61 17 Comp-

1886 1951 40 17 tait,
1947 1951 59 17 Sténo
2024 1951 20 16 et
2062 1951 84 18 dactylo.

1884 1972 81 20 Reprise
1983 1973 34 16 des
2035 1976 56 13 cours
2113 1976 5 13 :
2136 1972 10 16 2

1885 1995 115 19 septembre,
2014 1995 24 16 de
2048 1995 12 17 9
2074 1995 13 15 A
2101 1995 45 16 midi

1883 2016 19 17 et
1913 2017 23 15 da
1949 2017 12 16 2
1972 2016 14 17 à.
1997 2016 11 17 i
2022 2017 75 16 heures.

1910 2038 81 22 Durée
2013 2041 14 20 9
2047 2040 63 21 mois

1924 2069 79 16 RAPJD
2016 2070 97 17 SCROOL

1884 2089 56 19 Meir,
1961 2091 22 16 41
2005 2092 59 17 (entr.
2086 2092 59 20 Long,

1885 2115 34 12 ruo
1943 2112 34 17 des
1999 2113 81 19 Claires,
2104 2115 42 19 35j,

1884 2134 82 16 Anvers.
2069 2136 26 18 (T
2111 2136 33 17 63)

2525 178 90 46 LES
2665 175 295 49 THEATRES

2584 250 32 39 à
2657 245 236 45 Bruxelles

2493 326 14 15 A
2511 326 32 15 LU
2546 326 14 15 A
2564 325 79 17 .MURA.
2665 333 25 4 —
2711 325 52 16 Tous
2785 325 27 16 les
2834 324 57 18 soirs,
2915 324 13 16 i\
2950 324 22 16 19
2994 324 19 16 h.

2470 347 39 16 trùa
2536 347 89 20 précises,
2652 350 25 13 vu
2702 346 134 19 l'importance
2862 347 26 16 du
2912 345 102 20 spectacle,

2470 376 8 8 •-
2488 370 27 15 Lo
2533 369 68 17 Comte
2619 369 23 16 de
2659 369 136 18 Luxembourg
2804 373 16 12 >,
2842 368 16 16 le
2875 367 141 18 chef-d'œuvre

2469 392 23 15 du
2515 392 63 15 Franz
2601 391 68 17 Lehar,
2693 391 49 16 dans
2764 389 130 19 l'adaptation
2919 390 97 18 française

2469 414 34 16 dos
2519 413 81 16 maîtres
2616 413 23 16 R.
2657 413 23 16 de
2695 413 55 16 Fiers
2765 413 19 14 et
2801 412 22 15 G.
2840 413 22 14 A.
2881 412 22 15 de
2920 410 95 16 Caillavet

2469 439 48 12 avec
2534 439 37 14 un;
2590 434 126 17 distribution
2733 434 32 18 qui
2784 433 103 18 comprend
2908 433 19 16 la
2944 432 72 18 divfittfl

2469 457 49 16 Tina
2534 456 82 18 Baritza
2633 457 23 16 de
2675 456 20 16 la
2714 455 96 17 Monnaie,
2830 455 16 15 le
2865 455 81 18 baryton
2966 453 49 17 Léon

2469 479 142 16 Bartholomoz.
2633 478 27 16 les
2680 477 97 18 comiques
2795 477 108 16 Ducbcsne.
2925 476 27 15 les
2973 475 33 16 fan-

2471 500 86 17 taisistes
2582 500 58 19 Mony
2665 499 42 16 Doll
2733 500 20 15 et
2776 498 71 16 Lucien
2872 497 100 18 Musslère,
3001 497 16 15 le

2470 522 57 17 cadre
2549 521 83 20 i":;,p!et
2654 521 34 16 des
2710 521 82 16 chœurs,
2818 520 27 15 les
2867 519 104 17 ballerines
2994 519 22 16 de

2470 545 65 15 Pierre
2548 544 67 16 P<>!off
2629 543 21 16 et
2663 542 114 17 l'orchestre
2791 541 88 18 renforcé
2892 542 26 16 du
2931 541 86 17 maestro

2471 565 77 18 Edçard
2570 565 63 16 Roels.

2493 586 93 18 Location
2606 586 85 19 gratuite
2708 586 80 16 ouverte
2807 585 45 16 tous
2869 584 29 17 les
2917 584 55 20 jours
2990 586 26 14 au

2468 609 83 17 théâtre,
2571 610 23 14 -ie
2613 609 18 15 U
2652 608 14 16 à
2686 609 19 15 19
2725 609 69 15 licures
2812 610 47 12 sans
2879 606 135 20 interruption.

2493 637 122 18 MOLIERE.
2635 645 21 4 —
2679 637 27 15 La
2725 640 66 15 presse
2809 639 13 12 a
2842 636 31 15 été
2892 638 92 14 unanime
3004 637 12 14 a

2469 659 122 17 reconnaître
2613 658 17 17 la
2650 662 45 16 gros
2716 659 62 16 effort
2797 657 104 19 artistique
2922 657 38 16 fait
2981 660 36 17 ;.ar

2470 682 18 16 la
2505 682 89 17 coquette
2611 680 129 17 bonbonnière
2755 680 24 16 de
2795 680 19 17 la
2829 679 58 17 Porte
2903 679 23 17 de
2943 679 75 16 Namur

2470 706 47 16 pour
2536 706 17 13 m
2563 703 48 15 mter
2631 703 16 15 le
2665 702 34 16 rîi?
2702 702 36 15 f-d*
2740 704 65 13 oeuvre
2823 702 23 15 de
2865 701 64 15 Franz
2946 700 69 17 Lehar,

2471 732 8 7 ..
2492 724 27 17 La
2542 724 65 16 Veuve
2629 724 109 18 Joyeuse».

2494 746 16 16 Il
2531 748 29 14 est
2580 746 42 15 vrai
2640 749 37 15 que
2695 749 21 12 ce
2734 744 98 19 spectacle
2851 744 30 17 est
2900 744 23 15 de
2942 744 74 15 cualitô

2470 767 111 20 supérieure

2493 790 57 16 Jeudi
2566 789 22 17 2?.
2603 789 81 16 courant
2701 787 89 19 (soirée),
2806 788 74 16 samedi
2894 788 22 16 24
2935 788 80 16 (soirée)

2471 813 18 13 c*.
2504 811 102 17 dlnnnct:.';
2620 810 24 16 2fi
2660 810 94 16 (mutinée
2768 811 19 15 et
2800 809 79 16 soirée).
2896 809 36 16 Les
2946 808 72 17 BOlrées

2470 833 133 17 commencent
2625 832 13 16 ft
2663 833 20 15 !9
2706 832 74 18 heures,
2803 831 43 16 afin
2869 831 24 16 de
2914 832 103 18 permrttre

2469 858 38 13 n,;*x
2524 854 123 19 spectateurs
2664 854 24 15 <le
2706 853 81 19 prendre
2806 853 27 15 les
2850 853 86 15 derniers
2954 853 60 15 trarn-

2470 879 59 13 iy.iys.
2548 876 29 16 La
2593 875 84 17 matinée
2693 878 110 13 commence
2819 875 14 15 k
2849 875 22 15 15
2889 875 74 16 heures.

2495 898 93 16 Location
2605 901 26 13 nu
2649 897 86 16 Molière,
2754 897 23 16 de
2795 897 22 16 15
2836 897 12 15 à.
2868 897 20 15 Ut
2908 897 74 15 heures.
3001 896 16 16 Il

2471 920 30 16 e=t
2518 919 83 20 prudent
2619 923 23 12 ri
2661 919 59 16 lo-.ier.
2739 922 26 12 vu
2782 918 121 16 i'affluence.
2920 918 52 16 Tous
2991 918 27 16 les

2470 942 55 15 titra-s
2542 941 23 16 de
2582 940 100 17 réduction
2699 941 33 15 des
2750 940 63 19 pièces
2830 940 123 18 précédentes
2971 940 44 15 sont

2470 962 93 17 •.alahles.

2493 983 174 19 VAUDEVILLE.
2686 992 21 4 —
2726 984 53 15 C'est
2796 987 25 12 un
2839 987 44 14 gros
2900 983 67 17 succ^.;
2983 982 33 20 qui

2468 1010 20 13 Fai
2509 1006 96 17 confirme
2625 1006 75 19 chaque
2719 1006 51 18 jour,
2791 1009 37 15 que
2850 1005 47 16 celui
2919 1006 96 17 remporte

2468 1031 35 16 par
2518 1027 120 17 l'amusnnte
2653 1027 85 16 comédie
2753 1028 23 15 ù2
2792 1027 86 16 Maurice
2893 1027 119 19 Hennequin,

2471 1054 9 12 <
2491 1049 36 17 Les
2550 1049 53 17 Joies
2626 1049 25 16 du
2673 1049 61 19 Foyer
2746 1053 14 11 ►.

2491 1072 16 15 I!
2529 1071 43 17 faut
2591 1070 108 20 cependant
2720 1075 20 11 se
2762 1070 57 16 hftter
2838 1070 70 16 d'aller
2925 1070 89 19 l'nppau-

2469 1093 28 15 iiir
2517 1096 33 12 ea*
2569 1096 21 13 co
2608 1093 45 16 sent
2673 1094 26 14 les
2718 1093 64 15 toutes
2800 1092 108 17 dernières*
2917 1094 89 17 représen-

2472 1115 21 16 ta
2496 1116 15 15 J
2519 1118 34 13 -ns.
2590 1114 107 16 DSmr.nclie
2724 1114 28 17 2~>,
2782 1117 22 12 en
2832 1114 84 15 matinée
2944 1115 20 15 et
2993 1117 22 12 tn

2470 1136 67 17 E-nirée,
2558 1140 20 12 se
2599 1135 104 17 terminera
2722 1136 19 15 la
2759 1135 84 17 carrière
2863 1136 22 16 do
2903 1139 20 13 ce
2941 1136 66 19 désopi-

2468 1157 41 17 lant
2524 1157 103 19 spectacle.

2492 1179 64 16 Snlrén
2574 1179 12 16 ft
2607 1180 18 15 lu
2645 1179 18 16 h.
2684 1179 23 16 30
2725 1178 89 20 précises.

2494 1201 226 18 lOLIES-Î.LRGEItE.
2739 1209 22 3 —
2777 1201 62 17 Jeudi,
2858 1201 12 16 ft
2889 1201 21 16 19
2927 1201 27 18 h.,
2973 1201 42 16 der-

2468 1223 52 16 n'èro
2538 1224 22 15 de
2578 1228 9 9 ■>
2607 1223 14 16 II
2625 1224 16 14 et
2661 1223 52 16 I.and
2731 1227 38 12 van
2786 1223 35 16 dsn
2838 1222 95 18 Cllmlach
2951 1228 8 10 »
2979 1223 35 17 (Le

2469 1245 51 19 Pays
2543 1246 25 15 du
2589 1245 95 17 Sourire»,
2708 1246 19 15 et
2749 1245 45 16 212e
2817 1245 152 19 représentation
2993 1248 21 13 en

2469 1268 31 15 1:t.
2508 1271 30 13 ;'ia-
2561 1267 98 16 fk.niande
2679 1270 35 16 pir
2734 1268 15 15 le
2768 1267 76 16 théfttre
2864 1267 98 19 populaire
2983 1267 31 15 ilcd

2469 1289 71 17 Folies-
2543 1289 57 19 Sergi*
2606 1292 19 14 ro
2643 1290 13 15 à
2676 1289 98 17 Druxelles
2794 1290 19 15 et
2832 1294 22 11 en
2876 1289 95 20 province,
2993 1290 22 15 (ic

2468 1312 123 16 t'udmirabie
2614 1311 141 17 chef-d'œuvre
2777 1313 25 15 du
2824 1312 74 16 célèbre
2920 1311 85 19 composi-

2469 1334 44 16 teur
2533 1333 63 17 Franz
2615 1333 69 17 Lel'ar,
2706 1334 47 16 dont
2771 1334 17 16 le
2807 1334 68 16 monde
2896 1334 38 15 ent'
2948 1338 9 11 r
2976 1333 40 18 fête

2470 1356 51 16 cette
2538 1356 60 16 aimée
2616 1356 16 16 le
2648 1355 34 17 70s
2698 1356 139 16 anniversaire.

2495 1378 80 19 Reprise
2593 1378 34 16 des
2648 1378 42 19 plus
2710 1378 108 17 brillantes,
2839 1378 34 16 dea
2892 1378 43 18 plus
2955 1377 53 17 admi-

2469 1399 48 17 rées.

2492 1422 45 16 Prix
2557 1422 34 16 des
2611 1421 64 20 places
2697 1426 5 12 :
2723 1422 23 16 de
2765 1423 11 15 2
2794 1422 13 16 à
2825 1423 11 16 0
2856 1422 26 16 fr.

2492 1451 29 17 La.
2542 1451 84 17 location
2648 1452 30 16 est
2698 1452 79 15 ouverte
2800 1452 9 15 t
2822 1455 23 12 us
2866 1451 28 16 les
2916 1451 55 18 Jours
2993 1451 21 15 d"

2471 1473 160 19 représentation,
2653 1474 24 16 de
2699 1474 22 16 10
2739 1474 13 15 ft
2773 1474 21 16 13
2814 1474 19 15 h.
2854 1473 29 15 30.

2493 1504 16 15 A
2525 1502 62 20 partir
2602 1503 26 16 du
2642 1502 22 16 24
2680 1503 53 16 août,
2749 1503 44 16 tous
2810 1502 27 16 les
2852 1502 57 17 soirs,
2926 1502 48 16 sauf
2989 1501 26 16 les

2469 1525 102 16 vendredis
2603 1526 19 15 ct
2654 1525 110 17 mercredis,
2798 1529 10 10 <
2827 1524 79 16 Brussel
2936 1528 26 15 op
2993 1523 23 16 de

2469 1547 72 16 V'.ucht
2561 1552 17 13 >,
2602 1547 73 19 grande
2696 1547 52 19 pièce
2770 1548 104 15 amusante
2894 1546 121 18 d'actualité,

2469 1573 48 13 avec
2534 1569 70 17 chants
2621 1571 19 14 et
2658 1570 76 16 danses,
2754 1570 23 15 de
2794 1569 22 16 F.
2835 1568 129 19 Vaercwijck.

2493 1599 88 16 Samedis
2600 1600 19 16 et
2637 1598 118 18 dimanches,
2774 1598 91 18 matinée,
2883 1598 13 16 à
2916 1598 22 16 15
2954 1599 18 16 h.

3124 184 967 83 SPECTACLES

3324 308 575 63 CINEMAS

3101 392 270 44 Programmes
3389 404 96 32 pour
3501 393 34 34 la
3553 395 172 32 semaine
3750 393 50 33 du
3823 396 42 31 16
3888 404 48 23 au
3960 396 50 31 22
4034 398 80 34 août

3215 460 206 36 ÉCHOS

2648 1665 178 33 CONCERTS

1899 2217 117 16 Humniiitès
2028 2218 105 17 anciennes

1948 2240 20 15 eï
1983 2240 101 17 modernes

1916 2261 70 17 E1ù\es
2005 2266 25 12 en
2049 2263 66 16 retard

1888 2283 80 17 Classes
1976 2287 37 15 peu
2022 2285 126 17 nombreuses

1924 2306 16 15 D
1943 2306 80 18 Iplûmes
2042 2307 71 19 légaux

1888 2327 29 18 12,
1940 2331 34 15 rue
1994 2328 85 19 Crespel,
2100 2329 49 17 Ixel-

1887 2350 34 16 les.
2090 2351 57 18 (TuO)

1909 2425 230 31 MAfiGHANDISES-

1916 2510 201 36 Charbons

1889 2554 23 17 de
1930 2554 19 18 la
1968 2555 51 16 mine
2037 2555 13 17 ft
2068 2556 20 16 la
2104 2560 47 13 cave

1942 2584 186 34 S0COCHAR

1899 2636 41 17 144,
1965 2637 29 16 Bd
2019 2637 36 16 Ad.
2081 2637 56 16 MAX

2089 2658 61 18 (F17>

1938 2726 185 27 PENSIONS-

1983 2800 73 18 DAME

1887 2823 68 16 AVEO
1975 2823 75 16 FILLE
2070 2824 12 16 9
2101 2823 49 17 ANS

1887 2845 61 19 prend
1975 2845 29 16 fil.
2034 2848 23 13 en
2085 2849 61 15 pens.,

1886 2871 43 12 vac.
1951 2867 20 16 et
1991 2867 54 16 toute
2065 2867 82 17 l'année.

1886 2890 56 16 Soins
1962 2890 83 15 matern.
2066 2890 29 18 S3,
2116 2893 30 13 av.

1887 2911 92 18 Stiémon,
2002 2912 100 16 Bruxelles
2122 2912 25 16 il.

2083 2934 66 18 (S512>

2181 1926 207 16 REPRESENTANT
2412 1929 26 13 en

2180 1948 61 17 robes,
2258 1947 90 20 lingeries
2362 1948 19 17 et
2395 1948 37 16 bon-

2178 1971 72 16 neterie
2266 1971 95 16 demande
2378 1970 53 19 repré-

2178 1993 98 16 sentation
2290 1993 90 16 sérieuse.
2395 1993 44 17 Ecr.

2179 2016 22 15 A.
2218 2015 30 18 T.,
2265 2015 42 17 bur.
2324 2015 63 19 Journ.

2373 2037 64 19 (8529)

2181 2099 36 18 Mr.
2234 2101 21 15 21
2272 2102 43 16 ans,
2332 2100 101 18 fr.-flam.,

2179 2122 44 17 bon.
2240 2123 30 15 réf
2280 2134 4 6 ,
2300 2123 30 17 ch.
2345 2123 26 19 pl.
2387 2123 52 16 Intel.

2179 2148 25 13 ou
2224 2148 65 13 manu.
2365 2145 24 18 (T
2407 2145 32 17 95)

2181 2206 74 18 DAME
2290 2207 24 15 tr.
2351 2206 88 19 capable,

2177 2229 94 18 français,
2286 2228 95 17 flamand,
2396 2227 38 17 alle-

2179 2250 65 21 mand,
2258 2252 30 15 ch.
2303 2251 25 19 pl.
2339 2250 101 16 vendeuse.

2177 2272 88 18 Francis,
2281 2272 29 20 30,
2325 2276 34 12 rua
2374 2272 50 15 Fon-

2180 2295 72 16 tainas.
2375 2293 66 20 (S535)

2178 2360 84 17 JEUNE
2277 2359 63 17 nOM.
2359 2360 22 16 21
2398 2363 42 14 ans,

2177 2386 56 14 conn.
2254 2383 71 18 compt.
2348 2382 20 18 çt
2387 2381 51 16 trav.

2178 2404 51 18 bur.,
2249 2404 119 16 mécanicien
2386 2405 54 15 auto,

2179 2426 95 19 accepter,
2301 2426 19 16 n'
2324 2426 45 18 Imp.
2396 2424 45 20 quel

2177 2449 59 17 trav.,
2265 2448 50 16 bur.,
2342 2447 46 16 atel.
2400 2447 4 4 '
2414 2450 25 13 ou

2178 2473 58 14 com..
2256 2470 24 16 de
2299 2470 50 19 préf.
2370 2473 70 13 comm.

2177 2493 84 18 Georges
2282 2491 104 19 Wettin2h.
2410 2491 29 18 12,

2178 2518 34 13 rue
2235 2514 14 16 A
2253 2514 4 8 '
2261 2515 8 15 f
2270 2514 33 16 red
2325 2514 24 16 de
2372 2514 66 16 Borrc.

2176 2536 13 17 k
2228 2535 126 20 Je:ncppe-su
2355 2539 9 9 r
2376 2535 64 17 Meuse

2180 2557 85 21 iLiég.i.

2180 2627 104 18 GARÇON
2310 2626 127 17 BOUCHE!:,

2180 2650 88 19 diplômé,
2288 2650 81 16 cherche
2387 2650 55 19 place

2178 2673 30 16 cli,
2234 2672 71 19 patron
2329 2676 24 12 ou
2378 2672 61 18 grand

2178 2698 32 12 ma
2213 2698 34 15 gas
2250 2694 24 17 in,
2299 2695 32 15 1er
2351 2698 22 12 ou
2377 2698 17 11 v.
2415 2697 26 12 ou

2180 2715 34 20 1/3
2235 2719 55 14 ouvr.
2313 2715 127 20 Vangilluwe,

2180 2741 33 14 ruq
2246 2738 83 17 Général
2362 2738 78 19 Gratry,

2179 2761 23 17 SI
2210 2760 37 19 bis,
2265 2760 128 17 Bchacrbeek.

2374 2782 65 19 (S561)

2496 1732 119 18 CABARET
2635 1732 153 18 ARTISTIQUE
2811 1732 94 18 (Laiterie
2925 1732 26 16 du
2973 1731 45 17 Bois

2470 1754 23 16 de
2509 1754 18 16 la
2544 1754 101 16 Cambre».
2662 1761 23 5 —
2700 1754 83 16 Concert
2800 1754 23 16 de
2839 1754 23 15 16
2877 1753 13 16 ft
2905 1753 22 16 21
2944 1753 19 16 h.

2492 1775 117 18 CONCERT
2629 1776 156 16 MUSIC-HALL
2803 1775 213 17 SAINT-SAUVEUR.

2470 1804 22 5 —
2509 1797 83 16 Séances
2612 1800 5 13 :
2635 1797 82 19 samedi,
2736 1797 100 17 mercredi,
2853 1797 13 16 ft
2882 1797 22 16 16
2921 1797 18 16 h.
2958 1795 24 18 30
2998 1796 19 16 et

2471 1820 21 16 19
2511 1820 18 17 h.
2548 1820 30 15 30.
2598 1820 63 17 Jeudi,
2683 1820 85 15 matinée
2787 1819 108 17 enfantine,
2916 1822 13 13 a,
2948 1818 22 18 15
2989 1818 27 17 h.,

2470 1841 68 18 soirée,
2558 1841 13 17 ft
2592 1842 20 15 19
2633 1842 18 15 h.
2673 1841 30 17 30.
2725 1841 113 17 Dimanche,
2858 1840 97 19 spectacle
2975 1843 34 16 per-

2469 1864 79 16 manent
2569 1864 67 18 depuis
2655 1864 22 16 11
2695 1864 18 16 h.
2734 1864 29 16 30.
2782 1863 27 17 Le
2827 1863 77 17 dernier
2919 1862 98 20 spectacle

2469 1890 21 13 se
2507 1886 82 16 termine
2605 1886 13 16 ft
2632 1886 22 16 21
2670 1886 18 16 h.
2704 1882 30 20 3l3.

2494 1908 74 16 Marcel
2595 1909 82 16 Antoine
2704 1907 88 20 présecte
2821 1911 5 13 :
2853 1907 58 19 Mary
2936 1907 79 17 Camus,

2471 1931 117 16 cantatrice-
2612 1930 103 17 Germaine
2737 1930 85 18 Benoist,
2845 1931 106 16 chanteuse
2974 1930 44 16 fan-

2470 1952 77 17 taisiEio
2562 1956 26 13 au
2605 1953 67 19 piano;
2689 1952 37 16 Ilia
2741 1952 83 17 Iankoff
2840 1953 20 15 et
2875 1951 76 19 Dorita,
2970 1951 38 17 dan-

2471 1978 55 13 seurs
2552 1974 112 20 espagnols;
2693 1974 56 17 Félia
2776 1974 100 18 Douhard,
2904 1973 111 18 violoniste-

2471 1997 116 20 cantatrice;
2606 1997 16 16 lo
2639 1997 55 16 ténor
2710 1997 91 16 Mouchet
2816 1997 20 16 et
2853 1996 113 17 l'orchestro
2983 1997 34 18 Sy-

2470 2019 41 17 kes.

2495 2042 91 17 PALAIS
2617 2043 49 16 DES
2697 2042 162 16 LEAUX-ARTS
2891 2042 35 16 DE
2957 2041 53 19 BRU-

2471 2064 104 17 XELLES.
2594 2071 23 5 —
2637 2064 92 16 Concerts
2748 2064 23 16 do
2789 2063 53 18 midi,
2863 2063 101 19 organisés
2983 2066 36 16 par

2471 2085 109 18 l'Entraide
2593 2089 35 16 par
2640 2086 57 15 l'Art.
2711 2094 24 4 —
2747 2086 131 18 Aujourd'hui
2890 2086 13 15 â
2915 2086 22 15 12
2952 2086 19 16 h.
2988 2085 22 16 15

2467 2107 71 17 séance
2552 2108 23 16 do
2590 2108 82 16 Sonates
2687 2107 73 16 donnée
2774 2111 36 16 par
2822 2108 26 15 M.
2865 2107 34 16 Ch.
2916 2107 93 16 Scharres

2472 2130 89 19 pianiste,
2585 2130 18 16 ct
2625 2129 86 19 Kuhner,
2734 2129 109 16 violoniste.

2494 2152 30 16 Au
2548 2154 124 17 programme
2728 2152 71 15 Sonate
2830 2155 23 12 en
2884 2150 29 17 sol
2942 2151 77 16 mineur

2470 2177 31 15 op.
2519 2174 21 15 ;>\
2560 2177 19 13 n«
2598 2173 20 17 2:
2636 2174 71 16 Scnato
2724 2177 22 12 en
2766 2174 19 15 la
2802 2173 83 19 majeur,
2903 2176 31 16 op.
2955 2173 22 16 69
2995 2173 23 16 de

2471 2196 108 15 Beethown
2609 2195 47 17 Prix
2675 2195 87 17 d'entrée
2784 2199 6 12 :
2810 2195 11 16 2
2842 2196 25 15 fr.

2494 2218 91 17 PALAIS
2618 2218 48 16 DES
2696 2217 162 17 BEAUX-ARTS
2890 2217 35 17 DE
2956 2218 53 16 BRU-

2471 2239 96 17 XELLES
2589 2240 116 16 (Rotonde).
2724 2239 119 16 L'Entraide
2862 2243 36 15 par
2916 2239 58 17 l'Art.
2994 2247 25 5 —

2470 2261 131 18 CONCERTS
2620 2262 36 16 DU
2675 2261 143 18 MERCREDI.
2839 2270 24 3 —
2880 2261 96 17 Mercredi
2994 2262 23 16 21

2471 2283 54 18 août,
2540 2283 14 16 à.
2570 2283 22 17 17
2607 2283 19 16 h.
2642 2283 24 17 30
2681 2283 90 19 précises,
2786 2283 86 19 quatuor
2886 2283 44 16 Van
2945 2283 71 18 Heciic,

2470 2305 51 16 Mme
2540 2305 73 16 Martin
2633 2304 81 18 Mettsn.
2733 2305 114 16 cantatrice.

2494 2327 127 18 Prof-Tamni"
2640 2333 5 13 ;
2662 2327 88 18 Quatuor
2764 2331 31 15 op.
2814 2327 10 16 9
2841 2331 19 12 n.
2877 2326 17 18 2,
2912 2327 28 16 ml
2954 2326 64 17 bémol

2468 2349 78 18 majeur
2563 2349 81 19 (Joseph
2657 2349 88 18 H-.ydn).
2761 2349 17 16 le
2790 2349 86 19 quatuor
2887 2349 43 16 Van
2943 2349 72 16 Hecke.

2468 2370 56 17 Trois
2542 2371 92 16 mélodies
2656 2371 32 16 (G,
2707 2371 74 17 Lekeu)
2806 2374 5 13 :
2831 2371 38 16 Sur
2885 2374 38 13 une
2941 2370 73 19 tombe;

2471 2393 66 15 Ronde
2542 2396 4 14 ;
2569 2392 62 16 Noctti
2635 2396 32 12 rne
2672 2396 5 15 ;
2708 2393 22 16 7e
2753 2392 88 19 Quatuor
2870 2397 23 12 en
2915 2393 18 16 si
2954 2392 60 17 bémo!

2472 2415 81 17 (Darius
2575 2414 106 19 Milhaud).

2494 2435 94 18 Mercredi
2611 2437 23 16 23
2656 2436 53 17 août,
2733 2436 100 17 orchestre
2862 2436 24 17 de
2917 2436 97 18 chambre,

2470 2461 46 13 sous
2535 2458 20 16 la
2571 2458 94 16 direction
2683 2459 24 15 de
2724 2458 26 16 M.
2769 2458 54 16 Léon
2839 2458 72 16 Guller.
2929 2458 85 17 Solistes,

2469 2479 47 18 MM.
2539 2480 44 16 Van
2604 2480 59 16 Nesto
2685 2480 19 17 et
2726 2479 96 20 Lagarde.
2844 2480 27 17 Le
2892 2480 38 16 trio
2952 2479 62 17 vocal.

2471 2502 46 17 P.iX
2538 2502 34 16 des
2592 2502 72 19 places,
2685 2503 11 15 6
2716 2503 24 15 fr.

3090 515 59 21 PAS
3169 515 165 21 TOUJOURS
3350 515 46 21 DU
3414 515 133 24 CHIQUE!

3071 552 67 21 Pour
3156 552 51 20 être
3227 551 204 26 d'avant-guerre,
3450 557 61 15 nous
3530 556 62 15 nous

3045 582 151 24 permettons
3210 583 81 23 quand
3304 581 78 21 même
3396 583 29 19 de
3440 583 81 24 placer
3533 586 58 16 sous

3046 612 21 19 le
3067 621 13 14 3
3097 617 64 22 yeux
3177 612 29 20 de
3223 616 44 16 nos
3284 612 104 20 lecteurs
3405 616 26 16 ce
3448 611 47 20 fait
3512 611 80 20 divers

3046 642 70 24 passô
3136 641 112 25 jusqu'ici
3270 640 126 26 inaperçu:

3073 693 12 13 «
3100 686 38 20 Un
3163 686 148 20 sous-marin
3333 684 154 21 néerlandais
3509 685 82 20 venait

3045 716 30 20 de
3100 716 93 24 quitter
3218 716 21 18 le
3265 716 67 25 port;
3358 720 44 15 sur
3435 716 24 19 la
3491 715 101 20 tourelle

3046 745 92 21 étaient
3161 745 110 21 installes
3294 746 63 19 deux
3378 744 143 25 opérateurs
3545 746 38 19 tra-

3046 776 102 20 vaillant
3174 776 29 20 de
3226 776 53 19 leur
3302 776 88 20 mieux.
3421 775 114 24 Soudain,
3559 780 33 15 un

3047 809 159 20 remorqueur
3221 804 79 25 surgit
3315 808 16 21 à
3347 809 15 19 P
3364 809 12 15 e
3378 811 15 15 u
3411 806 29 20 de
3456 805 110 21 distance
3586 812 5 12 :

3046 836 16 19 il
3078 835 92 20 n'avait
3186 840 43 21 pas
3246 840 30 15 eu
3293 835 21 20 le
3332 839 79 21 temps
3428 835 164 25 d'apercevoir

3046 867 21 19 le
3088 865 168 22 submersible,
3278 864 17 20 il
3318 865 52 19 vint
3393 865 64 20 droit
3487 872 42 15 sur
3552 866 40 23 lui,

3046 894 139 21 rértronna
3205 899 44 20 par
3271 894 20 20 le
3313 895 82 20 milieu
3417 897 31 23 et,
3469 895 61 20 deux
3549 896 33 19 mi-

3046 925 71 20 nutes
3134 926 54 22 pîup
3204 924 63 22 tard,
3286 924 140 21 l'infortuné
3443 925 147 21 sous-marin

3045 959 26 16 se
3099 953 108 21 trouvait
3234 958 45 19 par
3314 954 20 20 le
3368 954 65 22 fond.
3469 956 121 24 Quelques

3046 985 111 21 hommes
3177 984 29 19 de
3226 989 44 15 son
3293 983 117 26 équipage
3431 987 88 22 purent
3541 985 52 20 être

3026 1014 5 20 1
3044 1014 99 23 sauvés;
3160 1014 16 20 il
3190 1020 29 15 en
3235 1015 38 20 fut
3287 1015 238 22 malheureusement
3538 1016 54 20 tout

3045 1044 140 20 autrement
3202 1045 43 19 des
3266 1045 62 20 deux
3346 1044 121 25 cinéastes
3485 1046 42 25 qui
3546 1047 36 20 dis-

3046 1074 117 24 parurent
3186 1077 15 21 à
3224 1074 54 19 tout
3300 1074 96 26 jamais.
3419 1082 12 13 »

3091 1126 190 21 NOUVELLES
3303 1127 239 22 IMPORTANTES!

3068 1172 11 13 «
3097 1166 113 20 Jeanette
3227 1165 56 21 Mac
3300 1166 94 21 Donald
3412 1170 37 19 est
3465 1173 47 17 une
3528 1173 66 19 spor-

3047 1200 12 13 »
3075 1193 48 20 tive
3150 1193 140 24 accomplie,
3316 1193 44 21 elle
3386 1200 69 18 nage,
3480 1195 56 23 joue
3562 1199 31 16 au

3044 1229 11 13 :>
3070 1222 82 21 tennis
3166 1227 25 19 et
3204 1223 99 20 conduit
3317 1229 29 15 sa
3359 1224 94 22 voiture
3467 1230 60 15 avec
3542 1229 48 15 une

3045 1259 12 13 »
3071 1253 120 20 maestria
3204 1258 46 20 que
3266 1253 32 20 lui
3312 1254 152 21 envieraient
3479 1255 55 20 bien
3550 1255 42 22 des

3046 1289 11 13 »
3073 1288 27 14 as
3119 1284 32 19 du
3167 1283 90 20 volant.
3274 1285 21 19 Il
3314 1283 80 21 raraït
3411 1284 78 21 même
3507 1286 84 24 qu'elle

3046 1319 12 13 »
3073 1318 30 14 no
3120 1312 117 24 c'Ôdaigr.e
3253 1319 45 19 pas
3314 1315 88 19 mettre
3419 1315 22 19 la
3457 1315 66 21 main
3539 1315 15 20 à
3569 1315 23 19 la

3045 1349 13 13 »
3073 1342 76 25 pâte...
3170 1343 100 24 pardon,
3291 1344 15 21 à
3327 1345 24 20 la
3369 1344 72 26 terre,
3460 1345 27 19 et
3506 1345 84 25 qu'elle

3046 1378 11 14 »
3073 1372 89 20 cultive
3179 1372 134 22 elle-même
3329 1378 45 15 son
3392 1374 88 24 jardin,

3076 1423 12 13 »
3104 1417 76 21 Brian
3191 1418 98 20 Aherne
3301 1421 110 21 apprend
3423 1418 16 22 à
3450 1419 108 21 tricoter.
3573 1419 20 22 Il

3046 1452 11 14 »
3073 1447 149 19 connaîtrait
3249 1447 78 20 même
3355 1447 56 25 déjà
3437 1450 35 20 les
3497 1453 93 16 secrets

3047 1483 11 15 »
3075 1477 31 20 du
3123 1477 69 24 point
3210 1482 103 15 mousse.

3068 1527 12 14 »
3096 1521 70 20 Errol
3180 1522 79 24 Flynn
3272 1524 74 19 darase
3361 1527 93 17 comme
3468 1529 47 17 une
3529 1526 61 20 dieu.

3045 1557 11 13 »
3072 1551 20 19 Il
3109 1555 36 20 est
3162 1552 143 25 gourmand,
3320 1553 159 23 sentimertal
3498 1558 93 16 comme

3045 1588 12 12 »
3073 1585 47 16 une
3142 1581 76 26 petite
3240 1582 65 20 fleur
3327 1583 79 25 bleue;
3431 1584 16 19 il
3470 1584 74 21 adore
3568 1584 23 20 la

3046 1618 12 13 »
3073 1616 53 16 mer
3145 1612 24 20 et
3186 1611 55 22 rêve
3260 1613 29 19 de
3308 1613 60 20 finir
3385 1619 40 15 ses
3442 1615 68 23 jours
3530 1616 61 20 dans

3045 1648 11 13 »
3073 1646 47 15 une
3132 1641 31 21 île
3177 1643 90 25 perdue
3282 1644 42 19 des
3337 1649 65 15 mers
3415 1645 32 20 du
3459 1645 53 23 sud,
3526 1645 66 23 dont,

3046 1678 13 12 »
3074 1671 69 23 dit-il,
3165 1679 11 12 «
3186 1674 23 20 la
3231 1672 146 22 civilisation
3400 1679 29 15 ne
3452 1674 87 25 gâtera
3559 1680 34 19 ja-

3046 1709 11 13 v
3071 1701 64 24 mais
3157 1704 23 19 la
3199 1703 162 24 langoureuse
3381 1704 132 24 splendeur
3527 1711 19 14 ».

3074 1746 156 21 Echantillon
3252 1747 41 20 des
3314 1747 181 26 élucubrations
3518 1749 66 25 publi-

3046 1775 98 23 citaires
3159 1776 172 22 américaines!

3324 1815 63 21 J?an
3411 1816 154 21 L.EFRAKC.

2620 2552 228 35 MUSIC-HALLS

2193 2878 87 32 FFR.ES
2293 2876 131 37 D'EMPLOI

1924 2999 184 27 MOBILIERS

1947 3075 32 32 50
1992 3075 101 32 DIVANS

1929 3113 33 32 20
1987 3112 123 33 COSY-LIT

1885 3149 81 17 Ouvrier
1981 3149 50 16 vend
2047 3148 101 17 dérisoire:

1887 3172 44 16 club
1954 3172 8 15 1
1965 3171 22 16 25
1992 3174 6 14 :
2023 3171 11 15 d
2037 3171 45 16 Ivan
2105 3171 34 16 160
2143 3174 6 13 ;

1886 3194 85 17 matelas
1989 3194 45 17 125;
2053 3196 46 17 cosy
2119 3193 29 16 ré-

1885 3216 71 18 veralb,
1981 3215 42 16 450.
2048 3215 42 17 115,
2114 3219 33 12 rue

1886 3238 35 16 des
1960 3238 87 18 Plantes,
2086 3238 62 15 droite

1885 3264 47 15 gare
1948 3260 60 16 Nord.
2079 3260 66 16 (S-lJSi

2176 2959 35 17 ON
2228 2958 62 17 DEM.
2310 2959 57 18 jeune
2386 2959 52 15 hom.

2176 2981 83 19 .parlant
2286 2980 105 17 allemand.
2418 2979 18 18 5,

2179 3003 30 16 Ed
2236 3002 63 17 Emile
2325 3002 111 18 Jacqma.in,

2177 3025 50 16 Cafà
2253 3025 66 16 Riche.
2371 3023 65 19 (85ô2)

2174 3088 34 16 ON
2219 3087 63 17 DEM.
2294 3086 145 18 SERVEUSES

2177 3109 88 17 Taverne
2279 3109 46 17 sér.,
2342 3108 96 19 province.

2178 3132 64 17 S'adr.
2260 3132 97 19 Sadaune,
2375 3130 29 17 15.
2423 3134 16 12 r.

2178 3153 137 20 d'H'-ogvorst,
2335 3156 29 17 pr.
2386 3152 54 20 place

2178 3175 73 18 Liedts,
2373 3175 65 19 (S563)

1885 3406 72 16 JOLIE
1984 3405 97 17 MAISON
2107 3409 32 12 ren-

1886 3428 44 17 tier,
1945 3428 18 16 b.
1977 3427 78 17 situât.,
2070 3427 18 16 b.
2104 3430 35 16 rap-

1886 3450 49 19 port,
1957 3449 14 17 à
1990 3454 19 12 v.
2032 3449 66 18 85,000
2121 3450 24 17 fr.

1887 3472 64 16 S'adr.
1972 3471 30 19 28,
2023 3475 35 14 rue
2077 3471 71 19 Joseph

1887 3495 87 15 Stevens.
2082 3494 64 18 (7517)

1885 3537 97 17 MAISON
2002 3538 18 16 A
2040 3537 106 16 VENDUE

1885 3560 11 16 1
1922 3559 63 19 étage.
2013 3559 71 19 Jardin,
2114 3562 32 13 rue

1886 3582 64 16 David
1968 3581 43 16 Van
2030 3580 67 20 Bévcr,
2117 3581 29 18 tH,

1886 3602 199 19 Woluwe-St-Pierre.

2080 3623 65 20 (8558)

1918 3682 197 24 IMMEUBLES

1903 3701 162 36 #jÉ^atrE
2082 3709 3 3 ■
2095 3710 9 3 ~

1885 3775 68 18 BEAU
1971 3776 63 16 MAG.
2050 3775 95 17 moderne,

1885 3799 20 16 b.
1922 3798 46 18 log.,
1983 3800 29 17 gr.
2029 3797 60 19 jard..
2106 3797 41 18 prix

1888 3823 74 16 guerre.
1991 3820 63 16 Nouv.
2080 3819 57 18 quart
2141 3830 4 4 .

1887 3843 47 16 Père
1953 3842 100 16 Damions,
2071 3841 42 18 261,
2132 3844 15 13 r.

1887 3865 94 18 François
1997 3864 42 18 Gay
2060 3864 38 18 (pr.
2116 3867 31 13 av.

1886 3887 128 16 Tcrvueren'.
2036 3886 71 16 Cond.:
2128 3886 19 16 9.

1887 3912 15 13 r.
1920 3909 34 16 des
1969 3908 92 19 Tongres.
2081 3907 65 19 (53S3)

2259 3365 99 16 HEl'SEL

2175 3387 48 16 Lux.
2248 3391 53 15 app-,
2326 3386 32 16 6-7
2380 3386 56 20 pIÔc,

2176 3412 29 16 gr.
2222 3409 31 16 air
2267 3409 20 17 et
2302 3409 86 18 lumière,
2406 3410 33 15 1er

2175 3432 35 17 et.,
2233 3432 49 16 dans
2304 3432 57 16 mais.
2384 3432 52 16 mod.

2175 3458 10 12 ■l
2197 3453 10 17 2
2220 3458 53 15 app.,
2287 3454 14 17 t,
2315 3454 53 16 dern.
2384 3454 51 16 conf.

2175 3476 40 18 277,
2233 3479 31 13 av.
2281 3476 58 16 Croix
2356 3477 24 16 du
2397 3476 39 15 Feu

2179 3499 61 18 (tram
2253 3498 41 18 52).
2371 3498 65 19 (8360)

2174 3562 23 16 B.
2224 3561 154 19 AFI'ARTEM.,
2406 3565 28 16 gr.

2174 3584 90 18 terrasse,
2284 3584 23 16 de
2310 3588 17 14 p.
2347 3584 35 16 275
2402 3585 32 17 fr.,

2174 3606 16 16 2.
2187 3606 8 7 r
2192 3607 16 15 >C!
2230 3606 20 16 et
2271 3606 41 19 2G1,
2335 3609 16 14 r.
2374 3606 52 17 Fran-

2177 3628 40 20 çois
2236 3628 49 19 Gay.
2370 3629 66 18 (S3SI)

2178 3694 96 18 CIIAMB.
2302 3695 98 16 GARNIE

2178 3717 59 17 louer,
2258 3716 30 19 21,
2308 3717 30 17 Bd
2357 3715 26 18 M.

2178 3737 93 19 monnler.
2372 3738 32 19 (85

2495 2628 120 19 GUIGNOL,
2641 2632 34 13 rue
2699 2628 34 17 des
2758 2628 104 16 Bouchers.
2890 2634 25 6 —
2940 2626 78 17 Samedi

2470 2651 19 15 et
2506 2650 107 18 dimanche,
2632 2650 91 18 matinée,
2741 2650 13 16 à
2771 2650 22 16 16
2809 2650 19 15 h.
2847 2650 27 16 Le
2890 2649 77 17 théâtre
2984 2649 33 16 des

2471 2672 59 19 petits
2551 2673 18 15 ot
2592 2673 33 15 des
2646 2672 78 19 grands.

2490 2694 134 16 ANCIENNE
2650 2693 128 19 BELGIQUE
2805 2693 27 18 (le
2857 2693 62 19 grand
2943 2693 72 16 music-

2469 2716 39 17 hall
2528 2717 33 15 dea
2584 2715 103 18 familles).
2709 2723 24 5 —
2752 2715 128 19 Programme
2900 2715 26 16 du
2946 2715 23 16 16
2990 2716 26 14 au

2467 2738 23 16 22
2505 2738 47 15 août
2564 2741 5 13 :

2494 2760 96 17 Clasm.ir,
2608 2759 17 17 le
2639 2759 114 17 talentueux
2767 2759 91 19 baryton,
2876 2762 25 13 en
2914 2758 95 20 prolonga-

2467 2781 50 19 tion;
2539 2781 37 17 Les
2597 2781 55 17 Deux
2673 2780 106 20 Delahaye,
2802 2781 97 18 comiques
2920 2781 86 15 excentri-

2466 2807 56 15 ques;
2542 2803 97 18 Deltenre.
2658 2803 79 16 Rittche
2754 2803 21 16 et
2791 2803 97 18 Festerat,
2906 2803 56 16 notre
2977 2802 38 17 trio

2466 2825 97 18 national;
2580 2825 67 19 Henry
2663 2825 69 17 Kosen,
2750 2825 18 16 le
2783 2825 103 15 violoniste
2901 2824 113 19 vagabond;

2468 2847 81 16 Deltour
2565 2849 19 14 ct
2601 2851 34 13 son
2652 2848 99 15 orchestre
2767 2847 23 16 de
2807 2847 105 18 virtuoses;
2929 2849 40 14 aux
2985 2849 22 14 or-

2468 2872 46 15 gues
2535 2869 66 16 Albert
2618 2869 96 19 Espagne.

2491 2891 51 16 Tous
2559 2891 28 16 les
2603 2891 50 16 soirs
2669 2891 13 16 à
2699 2891 21 16 1?
2737 2891 19 16 h.
2774 2890 96 16 Matinées
2886 2890 18 16 le
2920 2890 59 18 lundi,
2998 2890 17 16 le

2466 2913 53 18 jeudi
2532 2913 19 16 et
2565 2913 17 16 le
2595 2913 75 17 samedi
2684 2912 13 17 à
2710 2913 23 15 15
2746 2913 19 16 h.
2779 2912 109 16 Dimanche
2900 2913 115 18 permanent

2466 2935 68 18 depuis
2548 2935 21 16 14
2587 2935 19 16 h.
2624 2935 30 16 30.

2493 2964 33 16 LE
2552 2964 76 16 PETIT
2651 2964 92 17 CASINO
2770 2964 54 17 (sous
2848 2963 73 16 l'KOtel
2946 2963 59 17 Atlan-

2467 2986 40 16 ta».
2522 2993 24 4 —
2559 2985 52 16 Tous
2626 2986 27 15 les
2666 2986 61 18 jours,
2742 2985 24 16 de
2780 2985 23 16 17
2816 2985 19 16 h.
2850 2984 24 17 30
2887 2985 13 15 ft
2913 2984 23 16 22
2948 2985 20 16 h.
2983 2985 29 19 30,

2465 3007 185 17 cabaret-variétés:
2671 3007 118 16 attractions
2810 3006 166 16 sensationnelles.

2490 3036 84 18 BELLE
2594 3036 33 17 ET
2645 3036 88 16 BONNE
2753 3035 126 19 CHANSON,
2899 3036 35 15 20e
2954 3035 60 16 année

2468 3059 118 18 d'existence
2592 3062 13 13 1.
2624 3058 50 16 local
2691 3057 107 21 provisoire
2819 3060 5 14 :
2843 3057 29 16 72.
2891 3060 34 13 rue
2943 3056 72 17 Marie-

2467 3080 90 17 Thérèse.
2583 3080 94 17 St-Josse.
2700 3087 26 4 —
2746 3080 27 16 Le
2794 3079 54 18 jeudi
2868 3078 24 16 22
2913 3078 54 18 août,
2992 3078 23 16 de

2466 3103 23 16 20
2502 3103 13 15 à
2527 3103 21 16 21
2563 3103 27 19 h.,
2604 3102 62 17 soirée
2679 3101 103 17 consacrée
2795 3101 12 16 ft
2821 3101 72 16 l'étude
2906 3101 35 16 des
2954 3100 50 17 mélo-

2469 3125 40 16 dies
2525 3125 23 16 de
2563 3124 93 17 Haendcl.
2674 3124 68 17 Gluck,
2759 3123 95 17 Schubert
2870 3124 20 15 et
2906 3122 111 17 Schumann

2470 3147 55 16 fsous
2551 3146 21 16 la
2596 3145 94 18 direction
2717 3146 27 15 du
2769 3144 208 20 p!anï=te-profc5seur
3007 3146 5 13 :

2467 3168 27 17 M.
2515 3169 32 15 Fr.
2566 3168 85 20 Carpîl).
2671 3168 72 16 Entrée
2760 3167 55 17 libre.

2461 3204 556 24 OC;OCCOCCCCOOC)OOOCXXX50000000

2541 3233 401 47 Radio-Bruxelles

2510 3326 200 39 Programme
2733 3324 231 39 d'aujourd'hui

2756 3410 126 18 Programme
2901 3410 89 16 flumand

2782 3433 10 16 7
2809 3434 19 16 h.
2846 3434 23 15 45
2880 3437 5 12 :
2916 3433 88 16 Informa-

2754 3456 57 16 tions.
2828 3463 24 4 —
2867 3455 11 16 S
2894 3456 18 15 h.
2933 3461 5 12 :
2955 3455 51 16 Musi-

2750 3482 35 15 que
2798 3478 22 16 de
2834 3478 60 16 danse
2909 3476 105 20 (disques).

2209 3802 90 33 PORTE
2316 3802 95 32 LOUISE

2174 3840 82 17 Chamb.
2274 3839 38 16 lux.
2331 3838 72 18 meub-,
2421 3838 15 15 t.

2174 3862 61 17 con/.,
2252 3861 37 16 sa),
2308 3861 24 16 de
2349 3861 27 16 b..
2394 3860 41 17 tél.,

2175 3884 77 16 rliauff.
2275 3884 51 15 cent.
2350 3882 29 17 15.
2403 3885 34 12 rue

2176 3910 40 13 aux
2231 3906 77 16 Laines.
2364 3905 25 18 IT
2402 3904 34 18 91)

2756 3522 124 17 Programme
2898 3521 89 18 français
3012 3524 5 12 :

2774 3546 11 15 9
2811 3546 17 15 li.
2834 3548 5 13 :
2864 3544 147 16 Informations.

2754 3575 22 4 —
2793 3568 11 16 9
2822 3568 19 15 h.
2860 3567 23 16 15
2903 3570 5 12 :
2927 3566 89 19 Musique

2753 3590 22 16 de
2808 3589 60 16 dansa
2908 3586 105 22 (dslques).

2778 3611 21 16 10
2812 3611 19 16 h.
2847 3611 22 16 1-5
2882 3610 13 16 ft
2911 3611 22 15 10
2948 3610 18 17 h.
2983 3609 29 17 45:

2754 3633 97 16 Emission
2861 3632 103 17 consacrée
2974 3635 39 13 aux

2751 3654 91 19 réfugiés.

2766 3676 126 18 Programme
2906 3675 88 18 flamand
3010 3680 6 12 :

2777 3699 22 15 l'ô
2812 3699 18 15 li.
2847 3701 5 13 :
2867 3697 146 16 Informations.

2754 3727 22 4 —
2795 3720 21 16 13
2831 3720 20 16 h.
2871 3720 22 16 15
2911 3723 6 13 :
2933 3719 83 17 Concert

2749 3742 99 16 militaire.

2493 3779 21 17 13
2529 3780 11 15 li
2565 3778 22 17 15
2588 3783 4 6 1
2604 3782 5 12 :
2625 3778 141 17 Informations
2782 3782 23 12 en
2820 3778 71 19 langue
2908 3777 104 19 française.

2492 3801 23 16 13
2530 3801 19 16 h.
2565 3800 24 17 3"
2606 3803 5 14 :
2627 3800 83 16 Concert
2727 3799 98 18 militaire.

2491 3822 22 18 11
2528 3823 19 16 h.
2567 3826 6 12 :
2589 3821 142 18 Informations
2746 3826 23 12 en
2786 3822 70 18 langue
2873 3820 115 17 allemande.

1919 3982 106 35 Chez
2048 3982 58 34 les
2130 3982 275 34 charbonniers

1909 4034 181 21 L'Association
2104 4035 41 20 des
2157 4032 147 22 Détaillants
2314 4031 113 21 Charbon-

1890 4065 65 20 niers
1985 4066 29 19 de
2044 4062 214 27 l'Agglomération
2290 4062 144 20 bruxelloise

1893 4096 39 21 (A.
1947 4095 30 19 D.
1994 4095 27 20 C.
2038 4095 27 20 A.
2082 4094 38 22 B.)
2142 4093 47 22 fait
2205 4093 71 25 appel
2294 4093 16 21 à
2326 4095 57 19 tous
2401 4094 34 17 les
2447 4090 5 30 j

1891 4123 175 22 charbonniers
2089 4124 30 20 de
2142 4121 209 27 l'agglomération
2374 4126 62 20 pour

1890 4156 36 22 lea
1941 4154 55 20 voir
2012 4154 127 20 renforcer
2155 4158 44 15 son
2219 4152 83 21 action
2321 4152 113 20 continue

1890 4184 30 20 de
1941 4183 100 22 défense
2061 4183 158 26 corporative.

1917 4221 54 20 L'A.
1989 4222 30 19 D.
2036 4221 24 20 C.
2080 4221 27 19 A.
2125 4223 27 19 B.
2169 4224 90 21 groupe
2280 4220 23 20 la
2320 4218 115 24 majorité

1890 4252 43 20 des
1950 4250 175 21 charbonniers
2142 4249 130 23 bruxellois
2290 4249 25 20 et
2333 4254 44 15 son
2396 4253 29 15 ac-

1890 4281 52 20 tion
1961 4281 37 20 est
2015 4281 63 19 donc
2095 4282 24 20 la
2136 4281 55 25 plus
2209 4279 71 21 forte.

1911 4310 261 24 CHARBONNIERS,
2187 4309 182 25 l'organisation
2384 4314 41 15 cor-

1890 4340 110 24 porative
2022 4340 110 21 nouvelle
2154 4340 40 26 qui
2226 4344 56 17 sera
2310 4337 124 20 instaurée

1891 4369 50 20 très
1957 4369 201 24 prochainement
2175 4375 59 16 voua
2251 4368 77 24 oblige
2345 4373 15 20 à
2375 4372 60 16 vous

1891 4399 93 23 affilier
2007 4399 17 21 à,
2046 4405 35 15 un
2104 4398 160 27 groupement
2289 4398 136 24 profession-

1891 4429 46 20 nel.
1968 4429 54 20 I/A.
2046 4429 29 19 D.
2098 4430 24 20 C.
2146 4431 27 21 A.
2199 4429 27 20 B.
2249 4433 61 15 vous
2341 4427 95 25 permet

1892 4458 91 22 l'union
2001 4458 106 25 parfaite
2127 4460 31 21 du
2176 4462 135 18 commerce
2331 4456 105 25 régulier

1889 4489 169 21 charbonnier.
2070 4490 54 21 L'A.
2137 4492 28 19 D.
2178 4491 25 20 C.
2216 4491 27 19 A.
2255 4489 28 20 B.
2298 4489 46 20 fait
2356 4489 79 24 partie

1890 4520 29 20 do
1933 4519 169 21 l'Association
2116 4521 42 20 des
2171 4519 178 24 Groupements
2365 4519 60 18 char-

1891 4549 114 23 bonniers
2023 4550 30 22 cta
2071 4550 122 25 Belgique.

1915 4587 113 23 Envoyez
2047 4588 68 20 votre
2135 4585 117 22 adhésion
2273 4591 32 14 au
2327 4583 96 21 secréta-

1889 4615 49 21 riat
1955 4616 29 20 de
2000 4615 43 20 l'A.
2061 4616 29 20 D.
2107 4617 24 21 C.
2147 4618 27 19 A.
2191 4617 35 22 B.,
2243 4616 30 20 ch
2291 4614 29 20 de
2336 4615 96 22 Wavre,

1892 4646 46 22 610,
1960 4645 140 22 Etterbeek.

1918 4675 51 21 Cot.
1986 4680 57 16 ann.
2061 4681 6 15 :
2084 4676 39 21 Fr.
2140 4677 33 20 25.
2189 4676 24 21 C.
2230 4675 68 24 ch.-p.
2314 4674 80 21 30.204.

2305 4705 57 20 (DR
2379 4704 51 20 613)

2560 3866 126 18 Programmai
2713 3866 94 19 français.

2489 3887 24 17 14
2532 3888 20 16 h.
2573 3888 23 16 15
2619 3893 5 13 :
2645 3888 82 16 Concert
2747 3891 36 15 par
2806 3887 116 16 l'Orchestre
2943 3887 68 16 Radio.

2466 3913 46 13 sous
2532 3909 18 17 la
2569 3909 94 17 direction
2680 3910 23 15 de
2721 3909 27 16 M.
2769 3910 50 15 Paul
2837 3910 72 16 Gason,
2929 3912 47 14 avec
2998 3910 16 15 le

2466 3935 93 12 concours
2579 3932 33 15 des
2632 3931 75 16 chœurs
2729 3931 94 19 français,
2845 3934 45 13 sous
2910 3930 21 17 la
2952 3931 52 16 direc-

2465 3954 41 15 tion
2523 3953 22 16 £0
2561 3953 26 16 M.
2605 3953 86 16 Mauriro
2706 3953 115 18 Weynandt.

2490 3976 20 15 3)
2526 3974 107 18 Ouverture
2658 3976 23 15 de
2707 3980 9 9 *
2727 3975 74 16 Piièdre
2810 3980 10 9 >
2850 3974 63 17 (Jules
2937 3974 75 17 Masse-

2466 3998 32 14 net
2504 4001 4 10 t
2515 4001 4 12 :
2534 3997 20 16 2i
2571 3997 69 16 Scènes
2655 3997 101 16 d'enfants
2775 3997 111 17 (Frederico
2900 3997 112 18 Mompoui;

2467 4022 13 13 a
2485 4022 4 11 1
2508 4019 44 16 Cris
2568 4019 49 16 dans
2633 4019 20 17 la
2669 4022 34 13 nie
2724 4019 19 18 ;b
2748 4023 5 11 1
2771 4019 37 16 Jeu
2813 4022 5 14 ;
2835 4022 19 12 ci
2873 4018 71 16 Jeunes
2963 4018 8 16 f
2973 4018 40 16 Ille-s

2466 4044 27 13 au
2510 4040 74 19 jardin»
2592 4044 4 13 :
2614 4042 11 15 d
2633 4047 3 7 •
2657 4041 50 16 Jeux
2723 4044 36 12 sur
2776 4041 20 15 la
2813 4040 65 19 plage;
2898 4041 21 17 3)
2940 4040 72 16 Aimer,

2467 4062 54 17 boira
2536 4063 19 16 et
2570 4063 88 15 chanter.
2675 4063 59 15 Valse
2752 4063 53 16 (Joli.
2822 4063 98 17 Strauss),
2938 4063 76 15 chœurs

2465 4085 20 15 et
2507 4085 109 17 orchestre;
2638 4085 21 18 •!)
2682 4084 110 17 Nimouna,
2823 4084 97 17 Sérénade
2941 4085 19 15 et
2983 4084 30 16 air

2465 4106 56 16 varié
2542 4107 101 16 (Edouard
2661 4106 57 19 Lalo;
2737 4107 21 17 5)
2778 4106 61 18 Suite,
2860 4110 48 15 pour
2927 4106 48 16 flûte
2994 4106 18 15 ct

2466 4129 100 15 orchestre
2591 4128 113 18 (Benjamin
2727 4128 100 18 Godard);
2850 4130 22 14 a)
2898 4128 115 19 Allegretto;

2464 4150 22 17 b)
2506 4150 70 18 Idylle:
2597 4151 19 15 c)
2639 4150 65 16 Valse.
2724 4150 71 17 Soliste
2815 4153 6 13 :
2840 4150 60 17 Henri
2919 4150 91 19 Magn>e;

2467 4172 11 16 6
2527 4171 23 17 G!
2553 4172 70 16 ration.
2665 4171 163 17 Divertissement
2848 4171 165 20 chorégraphique

2465 4196 48 16 pour
2535 4194 20 15 il
2576 4193 77 16 solistes
2675 4193 88 17 (Gabriel
2782 4193 79 17 Piernê)
2867 4198 5 14 ;
2895 4193 17 16 7.
2933 4193 79 16 Marche

2466 4215 92 19 héroïque
2582 4215 65 16 (Cam.
2672 4215 145 18 Saint-Saens),
2842 4216 76 16 chœurs
2942 4216 19 15 et
2982 4218 22 13 or-

2465 4237 85 18 chestre;
2569 4237 21 16 l.j
2607 4238 19 15 h.
2646 4237 23 16 m
2689 4241 5 13 ;
2711 4237 148 17 Informations.

2564 4279 125 20 Programme
2712 4281 84 16 flamnd:

2490 4301 22 17 15
2527 4302 18 15 h.
2562 4301 22 17 30
2604 4306 5 12 :
2627 4302 147 16 Informations.
2789 4310 24 4 —
2828 4302 22 16 15
2866 4302 19 16 h.
2901 4302 23 16 45
2942 4305 5 13 :
2962 4302 40 16 Con-

2465 4324 40 14 cert
2529 4324 53 15 varié
2607 4323 105 19 (disques).
2735 4332 25 4 —
2781 4324 23 16 16
2825 4325 19 16 h.
2868 4324 22 16 30
2916 4329 4 12 :
2945 4328 10 10 -c
2964 4324 47 16 Hier

2467 4345 63 18 ligizcn
2545 4345 40 16 hun
2600 4345 60 19 lijkcn
2675 4345 30 17 als
2719 4346 61 16 ?aden
2798 4346 18 16 in
2833 4346 16 15 't
2863 4346 49 16 zand
2922 4350 17 11 ».
2957 4345 46 16 Mon-

2467 4367 19 15 ta
2489 4370 22 14 r;e
2532 4370 35 13 con
2570 4367 80 15 "ornant
2668 4367 28 16 les
2716 4367 119 19 pèlerinages
2855 4367 13 16 à
2886 4366 70 21 l'Yser,
2977 4370 36 16 par

2464 4388 56 17 Jozeî
2542 4388 93 19 Contryn.

2489 4409 22 16 17
2531 4410 18 17 h,
2574 4413 5 13 :
2601 4410 141 16 Informations
2761 4414 24 12 en
2803 4410 71 18 langue
2894 4409 114 17 allemande.

2489 4431 24 16 17
2529 4432 17 15 h.
2566 4432 22 16 15
2605 4432 13 15 ft
2635 4433 21 15 13
2673 4433 19 16 h.
2713 4436 6 13 :
2738 4432 97 16 Emission
2852 4431 102 17 consacrée
2972 4435 39 13 aux

2466 4452 91 19 réfugiés.

2559 4496 124 17 Programme
2705 4497 88 16 flamand
2798 4500 6 13 :

2489 4517 23 17 19
2534 4518 19 15 h.
2577 4518 23 16 30
2623 4521 6 14 ;
2653 4518 147 16 Informations.
2823 4526 26 5 —
2869 4519 22 16 19
2913 4518 20 17 h.
2956 4518 23 18 45
3005 4521 5 13 :

2464 4538 84 19 disques.

2492 4561 21 15 U
2528 4561 19 16 h.
2563 4561 22 16 45
2603 4564 5 13 :
2624 4561 141 16 Informations
2780 4565 23 13 en
2819 4561 70 19 langue
2906 4562 103 18 française.

2489 4582 22 15 2<l
2530 4584 19 14 n.
2573 4593 5 5 .
2600 4582 140 17 Informations
2760 4587 24 12 en
2803 4583 70 18 langue
2894 4583 115 17 allemande.

2559 4603 125 20 Programma
2711 4605 95 16 flamand.

2489 4625 24 16 20
2531 4625 20 16 h.
2573 4625 22 17 15
2618 4629 6 13 :
2645 4626 83 16 Cnocert
2746 4626 56 16 varié
2825 4626 106 19 (disques).

2558 4647 124 18 Programme
2701 4650 86 14 rranç.rs
2792 4652 5 11 :

2487 4668 24 16 20
2528 4668 19 17 h.
2566 4668 23 17 45
2610 4672 5 12 :
2634 4669 89 19 Musique
2740 4669 124 19 enregistrée.

2488 4690 20 16 21
2523 4690 19 16 h.
2557 4690 23 17 15
2592 4690 14 17 i
2618 4691 23 16 21
2654 4691 19 15 h.
2688 4691 22 16 45
2726 4694 5 13 :
2744 4691 98 16 Emission
2855 4691 102 17 consacrée
2970 4695 40 14 aux

162 4848 59 24 être.

233 4761 59 22 arti!
310 4762 194 22 murumura-t-il
522 4767 30 16 en
569 4768 27 17 se
613 4763 104 20 laissant

233 4790 99 21 tomber
353 4797 44 15 sur
419 4796 50 16 une
492 4792 91 23 chaise.

231 4830 29 6 —
267 4821 65 21 Bahl
351 4821 66 27 parti
433 4827 63 20 pour
512 4822 119 25 déjeuner
647 4825 69 23 peut-

189 4896 30 7 —
231 4887 22 21 U
269 4887 39 22 est
322 4888 18 21 à
356 4890 43 20 des
415 4889 126 22 centaines
558 4892 30 21 de
603 4891 80 21 milles
700 4890 15 22 à

161 4915 93 22 l'heure
283 4918 59 25 qu'il
371 4919 45 24 est,
438 4920 119 21 continua
587 4921 22 21 le
638 4922 73 25 jeune

162 4945 99 22 homme
279 4953 62 16 avec
358 4954 67 21 rage.

188 4983 94 21 Tandis
298 4989 49 23 que
363 4990 63 18 nous
442 4986 149 24 bavardions
608 4993 32 17 au
657 4990 55 20 coin

164 5012 34 22 du
217 5014 50 23 feu,
288 5015 25 21 la
332 5020 94 20 vapeur
444 5017 27 20 et
489 5017 83 23 toutes
592 5019 36 20 les
647 5020 56 23 puis-

162 5045 89 18 sances
264 5043 135 23 inrernalea
413 5046 181 25 l'emportaient
608 5049 58 21 hors
682 5051 30 21 de

164 5075 61 19 mon
241 5072 113 27 atteinte,
369 5079 49 17 une
436 5077 50 20 fols
504 5077 30 21 de
552 5078 62 24 plus.

192 5106 34 23 M.
239 5109 67 23 Dent
321 5111 94 23 haussa
429 5113 36 21 les
478 5112 101 27 épaules
591 5115 27 21 et
633 5121 80 16 sonna

167 5133 23 21 1*
209 5141 98 21 garçon.

193 5180 29 6 —
235 5172 39 21 Où
289 5174 40 21 est
346 5176 33 21 M.
397 5178 141 25 Dllligham.

170 5230 13 8 -
191 5198 39 40 ^f.
244 5206 17 32 ?
261 5206 29 15 ar
289 5208 29 19 S°
319 5208 17 16 n
353 5205 35 21 1^
404 5209 85 23 apprit
505 5215 47 20 que
571 5212 141 26 Dilligham,

170 5228 62 20 «orti
246 5230 27 22 la
287 5232 71 21 veille
376 5236 31 19 de
425 5238 80 24 grand
521 5240 87 25 matin,
627 5241 85 23 n'était

170 5260 47 20 pas
235 5260 83 21 rentré
337 5261 94 26 depuis.

196 5290 108 25 Ebranlé
321 5297 63 22 dans
402 5304 31 17 sa
450 5303 127 27 certitude,
596 5307 32 22 M.
648 5309 66 21 Dent

172 5322 106 23 regarda
296 5328 47 18 son
361 5332 84 18 neveu.

200 5358 29 7 —
240 5351 67 27 Trop
327 5354 66 22 tard!
416 5357 36 21 dit
472 5365 28 16 ce
520 5363 104 26 dernier,
646 5366 17 20 il
683 5372 31 16 ne

173 5382 41 16 me
231 5381 66 21 reste
315 5383 55 25 plus
390 5385 55 25 qu'à
461 5386 170 29 télégraphier.

199 5417 30 8 —
240 5409 24 22 A
280 5410 58 25 qui?

200 5448 29 6 —
240 5439 41 22 Au
300 5440 58 21 chef
374 5442 29 21 de
421 5444 26 22 la
464 5446 85 26 police,
566 5450 24 23 je
608 5452 54 21 vais
682 5453 34 20 lui

174 5472 114 23 envoyer,
310 5471 181 27 sur-le-champ,
512 5476 24 21 le
558 5478 161 25 signalement

173 5498 30 21 de
223 5499 136 27 Dilligham
378 5502 100 21 Nevins.

199 5529 67 22 Tous
289 5530 65 21 deux
378 5531 167 23 remontèrent
566 5540 32 16 en
622 5538 95 22 voiture

170 5559 27 21 et
223 5564 27 17 se
274 5559 129 22 rendirent
428 5567 32 16 au
485 5563 94 21 bureau
603 5566 33 21 du
661 5567 48 21 télé-

169 5590 102 26 graphe.
288 5592 41 22 Au
346 5590 85 23 milieu
451 5593 30 22 de
500 5593 25 21 la
543 5594 26 21 K
576 5594 95 23 faction
689 5597 30 20 de

169 5626 30 17 sa
214 5620 111 28 "dipêche
342 5621 19 22 il
377 5621 107 24 s'arrêta
502 5623 50 25 net,
566 5624 27 21 et
610 5630 26 16 se
654 5625 56 26 frap-

168 5652 62 26 pant
250 5653 23 21 le
292 5652 78 22 front.

193 5693 31 7 —
237 5684 60 22 Mon
321 5683 77 25 oncle,
424 5682 136 23 demandes
592 5684 63 22 donc
687 5690 32 17 au

164 5715 108 22 commis
286 5714 24 24 si
326 5714 138 27 Dilligham
482 5716 40 20 n'a
539 5714 71 27 point
627 5715 93 27 envoyé

164 5748 32 22 de
215 5744 164 29 télégramme
400 5745 87 27 depuis
505 5746 68 26 peut

771 4765 34 20 Le
826 4765 103 22 commis
950 4765 133 25 interpellé,
1102 4766 114 25 répondit
1235 4770 56 24 qu'il

744 4795 68 21 avait
830 4795 49 21 fait
897 4796 80 24 partir
994 4797 63 20 deux
1075 4796 174 26 télégrammes
1269 4800 21 19 la

737 4826 78 22 .veille
838 4826 88 24 même,
952 4826 17 21 il
994 4827 153 20 connaissait
1169 4828 33 20 M.
1226 4828 67 20 Dent

745 4861 62 19 pour
827 4857 23 20 le
869 4856 56 26 plu3
945 4856 87 21 intime
1052 4857 51 20 ami
1123 4858 30 19 de
1174 4858 32 20 M.
1223 4858 61 20 Dilli-

743 4887 76 24 gham
833 4886 25 20 et
873 4887 124 21 consentit
1010 4892 47 19 par
1070 4886 151 26 conséquent
1234 4893 59 15 sans

742 4916 139 22 difficultés
903 4929 17 14 a
944 4917 34 21 lui
1003 4923 32 16 en
1060 4918 185 25 communiquer
1271 4920 21 19 le

741 4947 113 22 contenu.
869 4948 33 20 Le
918 4948 107 24 premier
1040 4948 61 22 était
1116 4948 63 22 ainsi
1196 4953 76 20 conçu
1285 4954 5 15 :

798 4984 13 14 «
825 4979 22 20 A
863 4978 126 25 Rawlings
1005 4978 26 21 et
1048 4979 48 22 fils,
1113 4979 138 24 banquiers,

1039 5009 108 25 Chicago
1164 5008 101 25 Illinois,

768 5038 89 21 Portez
881 5041 24 20 la
927 5040 103 20 balance
1055 5040 30 20 de
1110 5044 59 16 mon
1194 5040 97 24 compte

742 5067 25 21 et
781 5074 52 16 mes
847 5069 39 21 six
903 5074 58 16 r-ona
977 5076 43 16 sur
1034 5069 77 22 l'Etat
1124 5075 32 16 au
1172 5069 78 21 crédit
1266 5070 25 20 et

741 5097 16 22 à
774 5098 88 22 l'ordre
883 5101 32 20 du
934 5100 93 21 colonel
1046 5100 149 20 Todhunter.
1210 5106 12 14 »

1021 5130 85 21 James
1121 5130 141 25 Dilligham.

768 5158 34 20 Le
817 5158 128 22 'clauxième
964 5159 93 26 portait
1073 5166 41 16 ces
1130 5161 74 21 mots:

796 5194 12 14 «
821 5189 40 21 Au
877 5189 94 22 colonel
988 5190 95 25 Peyton
1099 5190 149 24 Todhunter,

953 5219 146 23 Milwaukee
1116 5221 146 21 Wisconsin.

767 5253 13 15 »
794 5248 39 21 Va
850 5248 211 23 immédiatement
1076 5251 17 21 à
1108 5251 107 25 Chicago
1233 5251 46 21 reti-

741 5280 41 17 rer
806 5278 35 20 les
864 5278 74 24 fonds
963 5281 29 20 de
1015 5281 59 20 chez
1098 5281 134 25 Rawlings.
1255 5281 33 20 Te

741 5306 134 23 rejoindrai
895 5317 16 16 a
932 5310 60 21 6666.
1012 5311 37 20 Tu
1070 5311 43 21 l'as
1134 5310 113 26 manqué.
1268 5312 20 20 Il

740 5335 39 20 est
799 5335 38 21 ici.
853 5343 12 13 »

765 5375 29 5 —
812 5366 130 24 Etes-vous
962 5370 143 24 convaincu,
1124 5376 58 16 mon
1202 5372 86 20 oncle?

743 5393 123 23 demanda
891 5397 67 20 John
982 5398 17 20 à
1024 5400 59 19 voix
1108 5400 79 24 basse,
1214 5400 73 25 après

742 5423 69 20 avoir
834 5427 51 21 pris
908 5429 177 21 connaissance
1108 5432 30 19 de
1162 5436 40 15 ce3
1225 5432 63 20 deux

742 5450 141 27 documents
905 5456 141 25 par-dessus
1069 5457 102 26 l'épaule
1194 5461 30 20 de
1255 5462 32 20 M.

743 5480 72 22 Dent.
828 5484 22 21 Il
862 5489 39 15 me
914 5487 92 20 semble
1019 5493 46 20 que
1080 5490 69 20 votre
1164 5491 50 20 ami
1227 5491 52 20 Tod-

746 5509 89 22 hunter
847 5513 38 20 est
896 5519 30 15 en
939 5515 125 23 meilleure
1076 5518 154 26 intelligence
1243 5525 46 19 que

741 5542 60 16 vous
823 5545 30 15 ne
874 5542 22 20 le
917 5545 128 28 supposiez
1065 5551 60 18 avec
1145 5551 70 19 votre
1236 5552 50 19 ami

744 5567 140 26 Dilligham,
905 5572 53 21 6666
979 5573 98 26 désigne
1106 5579 184 22 probablement

746 5597 23 21 le
787 5598 49 21 lieu
851 5600 31 22 03
900 5602 177 23 rendez-vous...

772 5634 21 31 7
792 5634 9 8 "
814 5627 47 19 Joh
862 5632 24 19 n.
903 5629 37 21 dit
956 5631 22 19 le
995 5638 92 18 pauvre
1103 5635 98 22 homme
1219 5637 69 21 d'une

746 5659 56 18 voix
818 5656 132 25 étrangiie,
964 5659 24 24 je
1003 5661 55 21 n'en
1073 5663 54 23 puis
1144 5666 77 20 croire
1236 5673 52 15 mes

747 5689 70 20 yeux.

771 5725 29 6 —
812 5715 92 22 Tandis
915 5722 47 20 que
973 5722 60 16 vous
1045 5720 132 22 achèverez
1189 5723 29 20 de
1229 5729 47 15 vou
1278 5734 12 15 s

743 5744 108 26 étonner,
864 5744 148 27 j'achèverai
1025 5746 112 24 d'établir
1150 5756 45 15 son
1207 5752 81 25 signa-

1903 4780 27 20 16
1947 4786 12 13 «
1967 4780 93 20 Nution
2076 4781 73 25 Eelge
2159 4787 20 19 »,
2196 4780 31 21 du
2244 4780 26 20 21
2288 4779 58 20 août
2363 4779 60 20 1940.

1591 5150 66 46 Le
1693 5163 181 34 roman
1911 5152 118 47 d'un
2063 5157 169 45 tuteur
2264 5156 51 43 et
2346 5153 66 45 de
2445 5165 63 33 sa

1897 5230 70 33 par
1989 5220 98 36 Jean
2103 5219 353 39 BARTHOLOMEZ

2548 5157 195 51 pupnie

1314 5310 97 24 lement,
1429 5309 55 26 puis
1502 5313 62 16 nous
1582 5307 173 21 retournerons
1773 5306 17 22 à
1806 5305 48 22 l'hô-

1314 5342 39 21 tel.
1368 5342 21 20 Il
1403 5348 16 15 a
1434 5339 116 24 décampé
1564 5338 22 21 si
1600 5338 50 20 vite
1665 5336 57 25 qu'il
1736 5342 15 15 a
1764 5336 56 21 bien
1829 5341 33 20 pu

1318 5371 93 21 oublier
1423 5372 115 24 quelques
1551 5369 108 21 chiffons
1671 5368 30 20 de
1713 5366 85 24 rapier
1811 5366 54 24 plus

1319 5407 31 15 ou
1375 5401 79 21 moins
1479 5400 73 21 utiles
1575 5404 17 21 à
1614 5403 44 16 nos
1682 5397 111 20 affaires.
1826 5395 38 22 Un

1319 5431 101 25 instant,
1437 5430 37 21 s'il
1490 5435 61 16 vous
1566 5428 77 26 pîait?

1344 5472 28 4 —
1387 5461 33 20 Et
1439 5461 73 22 John,
1531 5465 26 15 se
1578 5457 136 26 rasseyant,
1734 5456 87 21 écrivit
1842 5461 22 15 .a

1319 5490 107 26 dépêche
1448 5489 116 23 ouivante
1595 5489 57 25 qu'il
1675 5487 81 21 tendit
1780 5486 16 21 à
1821 5490 44 16 son

1319 5520 75 21 oncle.

1368 5556 13 14 €
1400 5551 32 20 M.
1451 5549 127 25 Rawlings
1597 5551 25 19 et
1641 5549 48 23 fils,

1607 5579 107 25 Chicago
1738 5577 101 21 Illinois.

1344 5616 14 14 »
1372 5610 34 20 Le
1430 5610 92 21 colonel
1542 5609 143 22 Todhunter
1706 5608 62 20 a-t-il
1791 5605 74 23 retiré

1318 5641 36 20 les
1375 5639 89 21 fonds?
1484 5640 79 23 sinon,
1584 5638 94 21 arrêtez
1699 5639 22 20 le
1741 5637 124 26 paiement

1317 5669 97 24 jusqu'à
1430 5669 118 24 prochain
1565 5669 61 20 avis,
1640 5674 12 14 s

1766 5698 22 21 J.
1808 5698 29 20 D.

1345 5736 28 5 —
1387 5727 85 22 Bonne
1497 5727 62 21 idée!
1585 5733 127 19 approuva
1735 5729 31 20 M.
1792 5728 73 25 Dent,

1320 5755 63 22 mais
1407 5757 73 23 John,
1503 5762 33 16 ne
1559 5757 89 21 fais-tu
1670 5762 47 16 une
1744 5759 67 23 sorte
1836 5759 29 20 de

1891 5307 60 21 faux
1981 5313 31 16 en
2041 5309 26 20 te
2095 5311 101 20 servant
2225 5309 32 21 du
2286 5312 55 15 nom
2380 5307 56 20 d'un

1895 5337 86 20 autre?

1921 5377 28 5 —
1962 5368 29 20 Je
2015 5373 30 15 ne
2068 5374 39 16 me
2131 5375 53 19 sers
2207 5374 45 19 que
2278 5370 28 19 de
2331 5372 39 15 ^es
2393 5366 35 20 ini-

1895 5396 92 21 tiales...
2005 5398 41 24 qui
2064 5400 56 20 sont
2138 5401 35 20 les
2191 5399 117 21 miennes,
2327 5395 111 26 répondit

1895 5426 21 20 le
1938 5427 72 24 jeyne
2032 5428 96 22 homme
2150 5435 30 16 en
2203 5427 73 23 riant.

1922 5457 21 20 Il
1970 5461 26 17 se
2022 5457 72 21 remit
2120 5463 17 20 à
2161 5458 93 22 décrire
2281 5455 146 21 minutieuse-

1889 5486 68 20 ment
1979 5486 24 21 la
2027 5492 117 18 personne
2166 5490 30 20 de
2218 5488 94 23 George
2334 5485 99 22 Nevins,

1895 5521 27 16 ce
1939 5516 42 25 qui
1997 5516 50 24 prit
2063 5519 102 22 environ
2180 5523 47 15 une
2245 5516 149 21 demi-heure
2413 5513 25 21 et

1896 5547 33 20 lui
1953 5545 73 22 coûta
2049 5552 48 16 une
2120 5548 108 21 certaine
2251 5545 78 25 pe'ne,
2354 5550 43 14 car
2422 5544 8 19 i

1895 5575 82 21 fallait
1994 5576 50 20 être
2063 5577 60 20 clair
2139 5581 25 19 et
2180 5575 85 27 précis.
2282 5574 92 20 Tandis
2392 5578 45 20 que

1895 5611 27 16 ce
1942 5605 105 27 portrait
2067 5608 106 20 recevr.it
2192 5610 34 19 les
2244 5603 123 22 dernières
2386 5603 43 19 tou-

1896 5637 64 23 ches,
1977 5635 84 21 arriva
2078 5637 25 21 la
2121 5638 102 25 réponse
2243 5636 29 19 de
2292 5634 58 19 -MM.
2369 5634 61 19 Raw-

1895 5666 70 24 lings,
1988 5666 140 24 annonçant
2148 5673 47 20 que
2217 5666 22 20 le
2262 5664 92 22 crlonel
2377 5662 51 21 Tod-

1896 5696 91 21 hunter
2011 5695 69 20 avait
2106 5696 74 21 retiré
2206 5697 25 20 la
2263 5695 16 18 t'
2280 5699 8 8 1
2291 5698 6 6 *
2303 5691 57 21 alité
2394 5692 43 19 des

1891 5726 79 21 fonds.
1993 5725 58 20 MM.
2074 5726 125 25 Rawlings
2221 5723 139 25 espéraient
2387 5722 42 19 n'a-

1891 5757 53 21 voir
1955 5755 69 26 point
2037 5758 107 20 encouru
2157 5758 28 20 de
2199 5754 137 25 reproches,
2347 5751 90 22 s'étant

2466 5306 140 23 conformés
2620 5306 154 24 strictement
2788 5312 49 16 aux
2851 5307 160 21 instructions

2468 5335 112 21 données.

2493 5376 28 5 —
2545 5366 57 19 Mon
2626 5366 107 24 guignon
2757 5366 132 21 ordinaire!
2914 5367 30 21 Je
2967 5368 47 24 m'y

2467 5395 130 21 attendais,
2616 5396 35 20 dit
2670 5396 72 20 John.

2493 5435 28 5 —
2536 5425 63 20 C'est
2617 5425 113 22 horrible,
2749 5425 110 22 balbutia
2877 5427 31 20 M.
2927 5427 72 20 Dent.

2504 5454 19 20 Il
2549 5459 27 15 se
2604 5459 41 14 rar
2650 5459 36 19 pe:
2691 5454 34 20 ait
2752 5453 158 25 l'après-midi
2936 5455 31 20 cù
2994 5456 17 20 il

2468 5483 67 20 avait
2550 5483 113 24 présenté
2681 5485 48 19 l'un
2744 5483 16 21 à
2777 5484 86 21 l'autre
2879 5485 133 24 Dilligham

2469 5513 24 21 et
2510 5513 149 22 Todhunter,
2675 5515 42 23 qui
2735 5514 101 20 avaient
2854 5515 63 20 feint
2936 5516 28 20 de
2982 5519 30 15 ne

2469 5547 44 19 pas
2531 5548 26 16 se
2569 5541 134 23 '.connaître
2720 5542 26 20 et
2763 5543 30 20 de
2810 5548 30 15 ne
2858 5549 44 19 pas
2921 5544 92 21 désirer

2468 5572 63 22 faire
2549 5572 183 20 connaissance.

2495 5611 28 5 —
2537 5601 162 23 Maintenant,
2716 5607 61 15 nous
2792 5602 169 26 procéderons,
2977 5609 13 14 s
2998 5604 16 19 il

2470 5637 59 15 vous
2550 5631 67 26 plait,
2639 5632 16 20 à
2678 5631 69 20 notre
2768 5631 112 24 enquSte,
2902 5633 35 20 dit
2957 5633 47 20 allè-

2470 5661 111 25 grement
2600 5661 72 20 John.

2497 5691 38 20 Au
2562 5690 67 21 fond,
2654 5692 25 19 la
2703 5690 184 21 consternation
2914 5692 30 21 de
2968 5696 46 16 son

2469 5720 69 20 oncle
2555 5718 129 23 l'amusait,
2701 5719 69 24 mais,
2785 5724 32 16 en
2835 5722 137 23 regagnant
2990 5723 24 19 la

2470 5754 49 23 rue,
2538 5753 28 17 sa
2584 5748 169 27 physionomie
2774 5750 110 24 changea
2903 5750 110 22 soudain.

3041 1911 97 32 ilvftUl
3149 1911 59 33 JLfc
3224 1925 81 24 Rossi,
3325 1933 12 14 «
3356 1926 125 22 Lumières
3502 1929 29 20 de
3551 1930 37 20 Pa-

3047 1953 33 22 ris
3099 1961 19 14 ».
3137 1954 108 21 Enfants
3263 1956 86 23 a,dmis.

3041 1995 223 40 AMBASSABuR
3290 2016 26 20 «5
3329 2017 48 19 Sou
3379 2025 12 16 3
3406 2017 28 21 de
3448 2004 147 36 Lavarède»!

3048 2043 107 23 Enfante
3173 2045 85 21 admis.
3492 2049 33 21 (A
3541 2049 50 23 142)

3075 2088 97 24 Caméo,
3197 2095 43 15 rue
3265 2089 75 22 Fossé
3374 2097 49 15 aux
3454 2093 88 25 Loups.
3568 2104 26 5 —

3047 2124 12 14 *
3081 2118 72 24 Nick,
3175 2119 147 22 Gentleman
3344 2122 127 22 Détective
3494 2130 19 13 »-
3537 2123 47 21 Wil-

3047 2148 58 21 liam
3122 2150 97 23 Powell,
3237 2150 88 25 Myrna
3342 2153 56 24 Loy.
3414 2153 58 21 Enf.
3490 2159 23 16 n.
3529 2155 65 22 aichn.

3075 2193 118 25 Capitole.
3220 2205 28 5 —
3273 2196 138 23 Fernandel
3439 2199 61 20 dans
3526 2206 13 13 «
3547 2200 47 22 Les

3046 2224 106 22 Amours
3174 2226 29 20 de
3225 2228 25 19 la
3271 2226 67 20 Belle
3362 2228 162 22 Ferronnière
3533 2236 13 14 »
3568 2231 26 20 et

3047 2254 82 21 toutes
3165 2256 36 20 les
3237 2256 131 21 actualités
3406 2263 31 16 en
3473 2258 121 26 première

3047 2283 85 22 vision.

3074 2328 98 26 Crystal
3192 2331 153 23 Molenbeek.
3364 2343 29 6 —
3413 2339 13 15 «
3435 2334 79 22 Pilote
3536 2335 59 21 d'es¬

3622 455 37 21 sai
3669 461 19 17 >,
3713 455 83 23 Gable,
3820 456 58 24 Loy,
3908 456 86 24 Tracy.
4025 456 106 26 Actualité

3623 485 56 21 Enf.
3702 485 86 21 admis.

3649 520 148 24 Cinéphone.
3816 532 27 5 —
3862 521 137 21 Constance
4019 522 95 26 Bennett
4124 534 9 14 *

3623 551 64 25 Cary
3715 551 79 21 Grant
3825 552 60 20 dans
3917 559 12 13 «
3939 552 32 20 Le
3994 552 83 23 coup'e
4103 555 27 20 j,™

3623 581 60 21 sible
3693 587 18 14 ».
3737 581 136 22 Actualités
3899 581 135 22 mondiales
4059 587 28 18 en
4107 591 26 21 p^

3623 610 75 22 mière
3718 611 85 20 vision.
3825 612 57 19 Enf.
3901 611 60 24 touj.
3981 611 85 20 admis.

3650 639 155 23 C'inémonde.
3828 651 26 5 —
3879 641 46 20 Les
3948 640 129 23 actualités
4096 649 21 18 i&

3623 670 76 22 dialcs
3717 675 30 15 en
3765 669 120 26 p.-emière
3903 670 78 21 vision
3999 671 25 19 et
4041 672 21 19 le
4078 672 33 27 joy
4111 682 13 16 ei
4123 685 8 10 ,

3623 700 67 19 Bach
3719 701 62 19 dans
3811 700 128 20 «J'arrose
3968 705 52 15 mes
4049 701 80 27 Galomj.

3623 730 56 20 Enf.
3699 730 59 24 touj.
3778 729 87 21 admis.

3650 758 89 21 Cinéac
3761 759 96 21 Centre.
3886 770 28 5 —
3934 759 85 21 Victor
4048 760 80 22 Franc»

3619 788 63 24 Suzy
3717 789 76 22 Prim,
3829 788 83 21 Renée
3947 790 120 20 Devillers
4099 794 31 27 d^

3623 826 12 12 «
3645 819 97 25 L'appel
3763 820 31 20 de
3816 822 24 19 la
3862 820 44 21 Vie
3915 827 13 14 »
3949 821 26 20 et
3995 827 12 13 «
4016 821 45 20 Les
4082 821 49 27 le^tù

3623 849 82 20 vo'ent
3727 849 128 22 au-dessus
3879 850 29 20 de
3932 849 124 22 l'Océan».
4078 854 53 27 Acti^

3623 878 55 21 lités
3694 879 27 20 U.
3739 880 25 19 F.
3780 880 28 19 A.
3825 886 29 14 en
3873 880 40 20 Ire
3930 879 85 21 vision.

3650 908 90 21 Cinéac
3759 909 74 21 Xord.
3851 920 27 4 —
3897 916 11 12 «
3918 910 92 19 Amour
4029 910 99 28 toujours,

3622 943 48 16 une
3694 939 144 20 charmante
3862 938 115 22 comédie.
4002 940 13 19 3
4040 941 91 30 docum^

3622 968 83 23 taires,
3718 970 58 19 dont
3789 976 12 12 «
3811 969 97 24 Tanger
3921 969 61 22 seuil
3995 971 29 19 de
4038 970 89 27 l'Orient,

3624 999 45 22 Les
3689 998 130 21 actualités
3841 999 135 20 monJiales
3997 1005 30 15 en
4048 1005 82 21 premlL.

3623 1028 84 21 vision.

3618 1074 73 39 CIME
3706 1075 74 39 MAX
3798 1069 12 15 '
3800 1094 25 22 K
3825 1094 40 22 a,
3864 1069 14 16 c
3886 1096 16 21 d
3896 1070 13 16 e
3904 1100 13 16 e
3910 1065 34 21 œi
3937 1067 73 54 Na£
4019 1067 23 21 R
4043 1066 86 55 te

3623 1124 68 21 Julea
3711 1126 82 24 Eerry.
3815 1126 57 20 Enf.
3893 1131 23 14 n.
3937 1125 85 21 admia.
4043 1127 85 27 SpecUîj

3624 1158 145 20 permanent
3784 1156 30 19 de
3831 1157 26 19 14
3873 1154 16 21 à
3903 1156 28 20 20
3946 1156 23 20 h.
3986 1156 58 20 Prix
4062 1163 5 15 :
4081 1159 27 23 3.5
4116 1166 10 9 .

3618 1201 73 24 riWP
3707 1201 66 24 BftV
3785 1197 12 14 *
3816 1192 20 24 Q
3838 1192 102 20 uadrille
3959 1198 19 18 »•
4002 1193 7 20 '
4011 1198 13 14 e
4051 1194 46 24 P'"*
4110 1204 18 17 a

3618 1216 73 23 l'IWlJ
3707 1216 61 24 IlUI
3788 1221 42 20 des
3847 1221 67 21 films
3933 1224 29 19 de
3980 1223 78 20 Sacha
4073 1226 52 23 Guita

3623 1249 56 20 Enf.
3698 1254 23 17 n.
3740 1250 86 21 admis.
3847 1251 125 24 Spectacle
3990 1248 137 35 permanent,'

3671 1279 31 20 :ir
3719 1281 28 19 cli
3764 1281 27 19 11
3808 1281 88 21 heures
3914 1282 96 24 Jusqu'à
4026 1283 26 19 20
4070 1285 18 21 h.
4099 1288 27 19 Pra

3623 1285 43 18 par

3622 1310 35 20 3-5
3677 1311 29 19 fi'.

3619 1356 72 23 PHUC
3707 1357 63 22 Vf\P
3786 1352 11 15 *
3807 1348 28 20 Je
3862 1348 41 23 fUs
3927 1349 64 21 Jack
4016 1350 108 26 Jîortimera

3619 1371 73 24 UllïC
3711 1371 62 25 HJU
3788 1377 125 23 Spectacle
3931 1380 143 24 permanent
4089 1386 19 19 ,ij
4115 1378 11 32 (j

3623 1405 15 21 à
3652 1405 27 20 20
3695 1407 22 19 h.
3730 1406 32 20 Le
3776 1407 79 24 grand
3868 1407 54 20 film
3936 1413 71 18 passe
4022 1409 22 20 la
4058 1410 67 25 dernier.

3624 1435 48 20 fois
3686 1439 16 21 à
3716 1436 27 21 20
3758 1437 23 20 h.
3796 1436 33 21 30.
3843 1437 59 21 Prix
3919 1444 5 14 :
3941 1438 57 20 5-7-9
4016 1440 30 19 fr.

4065 1471 25 21 (C
4101 1474 23 24 1U)

3650 1495 60 21 Ciné
3728 1496 151 20 Normandie
3901 1498 43 24 (50,
3962 1503 18 15 r.
4002 1499 122 28 Marché-»^

3623 1525 119 21 Poulets).
3755 1535 28 4 —
3798 1526 91 21 Raimu
3903 1527 25 20 et
3941 1527 128 23 Françoise
4080 1533 31 21 Ro;
4112 1541 12 14 ?

3623 1555 61 20 dans
3702 1555 54 21 «Le
3774 1556 83 20 Secret
3874 1557 28 19 de
3919 1557 154 22 Polichinelle
4080 1567 14 15 ,.
4104 1549 19 35 s-!

3622 1584 73 21 scène
3710 1585 149 21 l'attraction
3873 1588 33 20 du
3922 1588 109 19 moment
4044 1588 15 21 à
4071 1591 53 27 ebaqa

3622 1613 95 25 séance,
3738 1616 63 19 Jean
3821 1616 90 21 Delhez
3931 1618 25 19 et
3974 1622 45 15 son
4037 1621 88 26 orchenrt

4073 1651 52 25 (C«

3650 1674 81 25 Flora,
3747 1675 94 20 Ixelles.
3857 1687 28 4 —
3897 1675 121 23 Nltchevo
4038 1679 36 21 (H.
4086 1682 37 23 Bat-

3624 1703 31 20 Il.
3676 1704 124 21 Chantai).
3821 1706 108 20 Enfants
3948 1706 85 22 admis.
4074 1711 22 21 (Q
4106 1713 19 22 rg

3618 1743 100 26 Pnrnm
3748 1734 62 21 Tino
3831 1735 74 21 Ros3i
3928 1737 62 20 dans
4011 1744 12 14 *
4043 1739 49 21 Lum
4093 1747 32 19 «ra

3618 1761 101 21 ruIUUl
3748 1766 28 19 de
3802 1765 70 23 Paris
3898 1773 19 14 ».
3941 1767 131 23 Actualités
4089 1776 36 19 oor,

3625 1793 74 20 claies
3713 1799 31 15 en
3760 1795 39 19 Ire
3814 1794 85 21 vision.
3916 1796 56 21 Enf.
3988 1797 81 23 admis.

3650 1823 74 25 Movy
3748 1824 88 20 Forest
3871 1825 98 23 (Parvis
4002 1827 90 25 St-Ant)
4112 1843 14 8 -

3624 1859 12 13 «
3645 1853 76 21 Gosse
3742 1855 30 19 de
3793 1854 78 21 Riche
3880 1862 12 13 >
3912 1860 61 17 avec
3993 1857 78 22 Pierre
4086 1862 40 21 Br»

3623 1887 57 16 seur
3705 1882 26 21 et
3755 1883 91 22 Aimos.
3871 1885 136 21 Actualités
4031 1888 25 21 U.
4075 1889 19 23 F.
4108 1894 18 21 A.

3624 1912 56 20 Enf.
3696 1913 86 20 admis.

3651 1943 74 25 îlo-.y
3745 1943 145 23 Molenbeek
3915 1945 44 24 (24,
3979 1946 37 21 ch.
4036 1948 65 25 Jette).
4112 1963 14 9 »

3624 1977 11 15 «
3645 1972 35 22 La
3702 1973 93 20 Guerre
3817 1974 43 22 îles
3884 1975 89 21 Gosses
3983 1981 19 19 »,
4023 1982 52 17 avec
4089 1982 18 20 Je
4108 1988 17 16 sn

3625 2002 88 21 Murât.
3729 2003 46 23 Les
3791 2004 130 21 actualités
3935 2006 29 20 U.
3979 2007 26 20 F.
4018 2007 26 21 A.
4057 2008 68 26 Entant,

3624 2031 85 21 admis.

3624 2061 26 26 Pl
3659 2061 51 26 A7A
3733 2061 17 17 R
3751 2062 40 19 'l"-I
3792 2066 10 12 s
3803 2066 11 13 "
3827 2063 25 17 "lu
3865 2064 62 19 grand
3940 2064 67 17 «aiceèj
4020 2069 11 12 «
4043 2066 27 18 IE
4080 2069 28 18 E01
4114 2077 11 10 1

3623 2076 98 21 [IMLH.
3743 2089 25 13 av
3790 2087 16 15 G
3827 2086 72 20 Morlaj
3899 2090 5 10 ,
3906 2099 4 5 t
3925 2088 16 17 E
3962 2088 16 17 p
3978 2092 72 17 apcsM|
4062 2090 14 18 v
4090 2093 23 17 Fn
4113 2076 12 35 J

3624 2109 40 15 cen,
3682 2107 77 17 Raimu.
3776 2108 83 17 Séances
3876 2113 5 13 :
3896 2110 17 17 2.
3927 2110 17 19 4,
3959 2111 17 18 6,
3989 2112 11 16 2
4013 2112 18 16 h.
4074 2115 17 18 (C
4099 2116 25 20 nj)

3651 2130 104 24 Queen's
3775 2132 57 20 Hall
3854 2133 84 21 (Porte
3959 2134 28 21 de
4007 2134 91 25 Namur).
4110 2150 15 6 _

3623 2166 12 14 «
3643 2160 79 22 Pilote
3743 2161 88 20 d'essai
3840 2168 19 17 »,
3882 2163 75 21 Clark
3978 2152 77 37 Gabîe,
4071 2166 54 28 Mymi

3621 2190 57 24 Loy,
3699 2191 106 23 Spencer
3822 2193 85 24 Tracy.
3928 2193 56 21 Enf.
4004 2195 56 22 adm.

3649 2221 78 24 Royal
3740 2222 101 20 Bourse.
3853 2233 29 5 —
3894 2228 12 13 <
3914 2223 33 20 Le
3961 2224 65 23 Petit
4038 2226 86 25 Jacquet)

3622 2254 59 16 avec
3699 2251 120 21 Constant
3835 2253 80 25 Remy
3931 2256 25 20 et
3970 2255 75 20 Annie
4058 2256 67 24 Dueam

3622 2284 25 20 et
3661 2286 12 14 «
3690 2281 33 20 Le
3738 2281 89 21 Collier
3842 2288 19 15 ».
3875 2283 58 20 Enf.
3948 2288 49 16 non
4011 2285 71 22 admis.

3619 2315 119 37 SELECT
3744 2310 45 21 Pte
3803 2328 4 4 ■
3806 2312 94 20 Namur
3900 2326 6 10 '
3920 2314 138 23 EPISODE.
4068 2318 56 22 Mua.

3331 2451 140 23 *iEA"
3470 2450 27 16 m
3499 2451 36 17 «>
3534 2451 10 16 !
3544 2447 44 23 W

3247 2461 315 42 *»if#«JaMtUCr#/77a*
3582 2480 7 9 ■

3128 2502 11 24 ï
3156 2516 3 3 ■
3173 2501 22 21 '■'■-■
3204 2516 5 7 ,
3224 2502 18 21 .-'■
3252 2512 3 3 ■
3255 2511 3 2 ■
3270 2512 3 3 ■
3289 2505 6 21 I

3154 2549 6 3 -
3182 2528 113 31 MiMan

3095 2671 210 45 GenTleman
3310 2674 163 45 détective

3079 2729 31 31 V':
3113 2726 4 21 :
3117 2727 7 8 '
3164 2722 258 37 AduilitésmVvision^
3458 2726 15 37 J

3662 2607 297 41 OABLELOVL

3666 2665 379 78 PtiOTisfeifA/;

3678 2747 5 6 ■
3707 2732 266 36 'Açnialithènriisian
4006 2744 3 14 ;
4018 2764 5 4 .

3475 2838 324 45 CDYSTM^

3460 2880 164 27 iZCh.deûénd-
3628 2883 132 26 Molenbeek

3414 2894 16 13 ...
3457 2880 303 29 tlCh.deQènd-Molenbeeh

3401 2924 78 36 C&aA
3538 2927 90 40 'rniym
3670 2935 101 32 Sfwcei
3798 2939 4 24 :

3360 2966 429 45 OAB££LOXr*QÂCr

3364 3031 426 66 DILOVEëEtiAI/

3403 3090 125 31 Actualités
3533 3103 27 19 en
3564 3095 95 29 l'vision
3687 3103 6 22 ;
3712 3093 23 31 '-'.

3227 3255 757 66 TRANSPORTS

3064 3374 505 40 BRUXELLES-NAMUR

3097 3424 111 20 Services
3228 3425 119 24 réijuliers
3365 3431 32 17 en
3416 3427 116 23 autocars

3081 3455 193 21 BRUXELLES
3431 3459 118 21 NAMUlR

3113 3484 60 26 Dép.
3190 3485 26 21 10
3232 3487 23 19 h.
3408 3486 61 27 Dép.
3485 3489 14 20 7
3515 3489 48 22 1/2.

3192 3516 25 20 17
3238 3517 22 19 h.
3469 3518 27 21 13
3515 3518 47 22 1/2.

3069 3543 162 26 Inscriptions
3250 3546 25 20 et
3293 3546 99 26 départe
3411 3547 74 22 Hôtel
3500 3549 89 20 Prince

3042 3574 101 21 Charles
3158 3576 145 25 Botanique,
3317 3578 74 21 Nord.
3463 3579 58 21 (DR
3535 3579 51 21 620)

3160 3628 60 33 LES
3241 3629 226 34 TRANSPORTS

3109 3681 56 20 sont
3181 3680 100 22 assurés
3298 3686 46 20 par
3361 3683 36 20 le-s
3415 3683 108 21 service»

3226 3719 127 25 organisés
3373 3721 32 21 du

3066 3758 110 60 BEURT
3217 3759 143 60 BHEMAR
3377 3794 14 8 -
3412 3760 148 62 EXPRESS

3143 3837 97 20 Service
3260 3838 135 25 journalier
3414 3839 70 20 entre

3133 3874 349 35 BRUXELLES-ANVERS

3187 3980 246 33 ANVERS-GAND

3158 4033 305 33 BRUXELLES-GAND

3036 4081 136 21 Bruxelles:
3201 4081 62 24 Quai
3289 4082 42 19 des
3357 4080 127 22 Péniches.

3042 4108 94 20 Anvers
3156 4115 6 14 :
3184 4108 88 20 Bassin
3290 4108 139 24 Bonapar.e
3448 4113 29 18 ,n.
3496 4108 12 21 1
3525 4107 26 21 et
3569 4107 12 19 2

3041 4139 71 21 Gand
3127 4145 7 15 :
3150 4138 62 25 Quai
3225 4139 33 20 du
3272 4139 64 20 Pont
3350 4138 74 23 ÎN'euf,
3437 4138 20 21 5.
3515 4139 32 21 (V
3561 4137 23 21 3)

3210 4211 208 33 TRANSPORT

3065 4258 189 21 ASSURANCE
3280 4258 61 21 SUR
3366 4257 194 22 TRANSPORT

3067 4295 138 22 SERVICE
3231 4294 133 22 VICINAL
3390 4293 170 23 REGULIER

3058 4330 507 36 BRUXELLES-ANVERS

3039 4384 30 21 N.
3084 4384 28 21 V.
3128 4384 190 21 COMPAGNIE
3332 4384 47 21 DE
3393 4382 195 22 TRANSPORT

3036 4420 258 60 SIMON
3340 4419 248 61 SMITS

3039 4502 94 21 Anvers
3152 4508 6 15 :
3177 4501 175 24 Keiserstraat,
3371 4501 32 21 13.

3038 4532 128 21 Bruxelles
3206 4537 7 16 :
3251 4531 62 25 Quai
3353 4533 28 19 de
3417 4530 169 27 Willebroeck,

3179 4562 6 5 "
3214 4561 96 24 hangar
3330 4562 20 19 2.

3040 4592 70 21 Gand
3131 4598 7 15 :
3158 4596 43 16 rue
3221 4590 82 24 Fiévé,
3322 4591 32 22 13.
3510 4590 31 23 (V
3560 4589 24 21 2)

3036 4670 139 20 Rédacteur
3187 4669 167 24 responsable;
3370 4670 108 19 Maurice
3491 4667 95 23 Pilette,

3053 4708 48 22 101,
3117 4712 44 15 rue
3175 4706 106 20 Antoine
3297 4706 131 22 Dansaert,
3443 4704 126 21 Bruxelles

3035 4782 21 20 Il
3078 4781 104 22 s'arrêta
3204 4786 43 16 sur
3270 4782 35 22 les
3327 4781 113 20 marches
3463 4781 25 19 et
3510 4778 72 21 saisît

3035 4813 24 18 la
3078 4817 84 19 rampe
3182 4813 69 21 d'une
3272 4811 67 21 main
3359 4810 139 20 convu!sive
3519 4814 53 16 com-

3036 4847 40 15 me
3088 4841 41 21 's'il
3144 4842 42 20 eut
3202 4840 37 22 été
3256 4840 126 25 incapable
3401 4841 136 19 d'avancer.

3063 4882 27 5 —
3105 4871 76 21 Oncle
3221 4871 87 24 R-alph,
3350 4873 15 19 ;i
3375 4870 43 23 t-il,
3456 4869 127 21 Prudence

3036 4900 115 22 était-elle
3177 4902 24 19 la
3224 4899 96 22 fiancée
3353 4901 28 20 de
3407 4899 39 20 cet
3478 4901 105 20 homme,

3037 4930 14 22 l'
3052 4930 157 22 aimait-elle?

3064 4970 28 4 —
3105 4960 63 22 Dieu
3186 4961 85 21 merci!
3292 4959 87 22 s'écria
3398 4960 32 20 'A.
3449 4959 72 23 Dent,
3539 4963 45 15 son

3040 4990 102 20 instinct
3168 4989 85 22 l'avait
3276 4989 101 20 avertie.

3065 5027 66 21 John
3152 5026 95 24 respira
3267 5027 25 19 et
3312 5031 15 21 à
3348 5025 115 21 l'horizon
3483 5025 42 24 qui
3546 5025 28 20 de-

3040 5056 53 25 puis
3118 5056 21 20 si
3166 5056 137 24 longtemps
3330 5055 130 20 s'étendait
3495 5055 91 20 devant

3041 5086 40 25 lui,
3103 5086 134 21 désormais
3258 5091 48 15 une
3329 5086 70 20 lueur
3420 5085 78 20 brilla.

3067 5122 63 20 Tout
3147 5127 31 16 en
3196 5121 142 21 cheminant
3353 5126 56 16 vers
3427 5120 81 23 l'hôtel
3525 5125 62 20 pour

3041 5152 53 21 leur
3118 5150 110 26 enquête,
3253 5153 21 20 le
3299 5151 72 20 vieux
3394 5152 67 21 Dent
3485 5152 103 19 raconta

3042 5183 36 20 au*
3090 5182 73 24 jeune
3180 5181 72 22 Dent,
3269 5185 29 15 en
3314 5181 172 23 commençant
3503 5186 45 19 par
3566 5181 21 19 le

3042 5210 215 22 commencement,
3280 5209 116 22 l'histoire
3417 5211 29 19 de
3468 5216 39 15 ses
3528 5211 52 19 rela-

3042 5240 65 21 tions
3129 5245 60 16 avec
3209 5239 162 22 l'aventurier.
3393 5241 36 20 La
3449 5240 88 20 liaison
3559 5240 29 19 de

3041 5269 31 22 M.
3094 5270 66 20 Dent
3180 5269 25 20 et
3226 5270 29 19 de
3276 5268 134 25 Dilligham
3434 5274 30 15 en
3487 5274 100 20 voyage,

3040 5298 148 22 l'inviitaticn
3203 5299 58 24 qu'il
3278 5299 33 20 lui
3329 5299 68 20 avait
3413 5299 61 20 faite
3491 5305 30 17 ne
3537 5299 45 26 pré-

3036 5329 93 20 sentait
3148 5329 52 20 rien
3221 5328 215 21 d'extraordinaire
3463 5334 30 15 en
3514 5334 64 20 appa-

3043 5364 81 19 rence;
3152 5357 82 25 c'était
3257 5358 104 21 sublime
3394 5359 29 20 de
3455 5359 136 25 simplicité.

3044 5389 31 20 M.
3098 5390 66 19 Dent
3188 5387 130 23 lui-même,
3340 5393 31 15 en
3394 5390 35 20 les
3452 5391 138 22 racontant,

3043 5420 51 18 s'en
3115 5417 97 21 rendait
3232 5418 103 24 compte.

3069 5464 29 5 —
3112 5454 44 20 Cet
3172 5455 97 19 homme
3287 5455 39 19 est
3344 5459 33 16 un
3395 5456 78 24 grand
3492 5456 96 21 artiste!

3042 5483 135 21 s'écria-t-il
3193 5488 59 16 avec
3269 5490 33 14 un
3319 5484 83 19 retour
3419 5485 172 21 d'a;i.niration

3044 5512 169 24 involontaire,
3226 5515 83 23 quand
3321 5515 17 20 il
3351 5515 103 20 raconta
3468 5517 21 19 le
3502 5520 88 21 moyen

3043 5542 109 25 qu'avait
3191 5541 109 25 employé
3343 5543 151 25 l'imposteur
3528 5550 62 20 pour

3040 5570 95 22 écarter
3157 5572 92 24 Joseph
3273 5572 131 26 Twombly,
3427 5578 31 15 en
3488 5575 101 25 plaçant

3045 5603 61 19 dans
3127 5606 47 15 une
3194 5602 97 23 banque
3310 5603 29 19 de
3360 5603 107 25 Chicago
3487 5604 95 26 précisé-

3045 5632 68 20 ment
3130 5631 21 20 le
3168 5632 53 19 seul
3238 5631 52 21 être
3309 5631 41 25 qui
3367 5632 58 21 l'eût
3441 5640 61 15 avec
3519 5635 73 23 John,

3046 5665 80 16 connu
3142 5662 60 21 dans
3216 5661 22 19 le
3252 5661 119 20 Montana
3383 5667 58 16 sous
3455 5664 21 20 le
3489 5669 59 17 nom
3563 5664 28 20 de

3044 5689 100 21 Nevins.

3071 5735 28 5 —
3112 5725 48 20 Ah!
3179 5731 59 15 mon
3255 5725 58 24 ami,
3331 5727 21 20 si
3371 5728 37 22 les
3425 5728 88 23 braves
3532 5736 60 20 gens

3047 5754 100 25 avaient
3169 5756 23 20 le
3217 5756 74 25 quart
3316 5757 29 21 de
3371 5758 172 28 l'intelligence
3569 5761 25 21 et

3623 3371 122 17 CHERCHE
3780 3374 71 19 charge
3853 3377 25 14 m.

3619 3393 10 15 6
3638 3392 22 16 T.
3671 3396 21 16 pr
3701 3394 106 19 Charleroi,
3830 3395 50 20 préf.

3615 3418 38 12 non
3664 3415 130 21 volumineux,
3808 3417 30 18 85,
3848 3420 31 14 Av.

3621 3437 127 18 Clemenceau
3769 3439 83 19 (Alldit,.

3815 3461 63 22 (SS52j

3617 3512 102 18 DEPART
3749 3514 17 18 A
3795 3514 81 19 PARIS.

3617 3542 23 4 —
3653 3534 106 19 Industriel
3772 3541 22 12 sa
3808 3537 69 20 charge

3617 3559 78 14 courses
3730 3558 20 15 et
3785 3561 88 17 paquets.

3616 3577 47 20 Dôp.
3684 3579 59 17 lundi.
3762 3580 44 17 Ecr.
3824 3581 45 19 jour-

3616 3600 33 16 nal
3668 3601 53 16 S556.

3613 3653 106 19 CAMION,
3732 3653 11 16 2
3755 3653 74 19 tonnes,
3845 3653 35 17 fait

3617 3676 101 18 transport
3736 3675 45 17 ville
3798 3676 19 16 et
3835 3679 34 16 pro-

3616 3698 71 16 vinces.
3723 3698 17 17 2,
3778 3701 33 13 rue
3844 3698 33 16 <Jei?

3618 3720 56 18 Deux
3692 3720 68 17 Tours.
3813 3720 65 18 (S524)

3618 3765 98 16 BRl'XEI

3622 3785 78 18 VICHY

3620 3808 41 18 146.
3696 3811 16 13 r.

3621 3830 94 16 Pt-Josse.

3722 3764 54 18 Ï,ES,

3736 3789 25 14 en

3740 3808 27 17 du

3800 3765 80 18 PARIS,

3795 3786 86 17 autocar,

3800 3806 78 19 Moulin,

3791 3828 89 21 (8347/1)

3627 3874 103 18 VOYAGE
3754 3874 17 16 A
3798 3873 73 17 PARIS

3620 3896 53 17 Plus.
3697 3896 43 19 dôp.
3764 3896 74 19 rôprHte
3859 3899 22 12 en

3615 3919 88 16 autocar.
3723 3918 58 16 Rens.
3799 3919 20 14 .L
3838 3917 29 16 Ins-

3623 3940 57 20 cript,
3695 3941 24 16 de
3731 3941 11 16 9
3756 3940 13 16 à
3783 3941 22 16 10
3819 3940 19 16 h.
3853 3939 29 17 30.

3616 3963 88 16 Taverne
3718 3962 82 17 Grnber,
3816 3962 18 16 4,
3851 3961 24 19 pl.

3623 3984 78 20 Rogler,
3721 3985 58 15 Brux.
3818 3982 64 20 (S560)

3910 3374 59 19 CAM.
3990 3375 11 17 3
4022 3374 19 17 T.
4060 3376 33 15 av«a
4105 3373 12 15 *

3909 3411 46 14 San,
3992 3410 71 15 essence.
4090 3404 27 18 u!J>

3908 3441 44 17 Ecr.
3965 3444 42 14 sous
4017 3440 20 16 R.
4049 3439 20 16 H.
4077 3437 16 17 H.
4101 3436 15 18 i.

3909 3474 70 17 bureau
3996 3473 21 17 de
4032 3469 63 22 Journal.

4079 3500 37 21 (MIS)

3909 3586 97 17 CHARGE
4026 3585 10 17 I
4056 3583 18 17 T.
4089 3581 26 19 W

3908 3619 71 17 samedi
3996 3619 21 16 21
4033 3620 20 17 pr
4066 3612 49 21 Nltll*

3908 3653 24 17 où
3947 3652 82 19 Manage.
4045 3648 40 18 Aller
4093 3647 22 16 n*

3909 3685 73 17 lement.
3998 3684 21 17 R.
4037 3681 19 19 H.
4070 3680 17 17 H.
4099 3685 15 11 ».

3908 3719 40 15 bur.
3965 3716 70 21 journal
4048 3713 35 18 S51P

3907 3815 70 19 AUTO.
3996 3813 42 18 Voy.
4055 3810 14 16 ri.
4084 3804 29 20 "*

3907 3848 63 18 direct.
3984 3846 12 17 S
4008 3846 22 16 (r.
4042 3843 19 18 50
4071 3841 12 16 »
4091 3839 21 16 »»

3907 3886 18 16 p.
3941 3882 12 16 3
3968 3883 46 17 pers.
4028 3874 58 20 Camtta
4095 3868 17 19 *•

3908 3916 35 18 kg,
3954 3917 13 14 a
3978 3911 49 18 vend.
4041 3909 19 17 B.
4070 3907 18 16 «
4094 3901 18 19 <*

3907 3948 55 18 Hcan,
3975 3945 27 18 32,
4015 3939 78 21 BruxelM.

4075 3966 36 22 (St»

3614 4008 496 42 ooaxoooc<xoc<xxxxDC<)oa3COoo

3668 4071 341 58 TÉLÉPHON
4018 4069 61 50 ES

3620 4178 110 21 alBAND
3746 4177 107 21 HOTEL
3869 4175 30 20 de

3612 4218 162 49 L'ABBAYE
3810 4217 42 47 DE
3890 4211 115 51 ROUGE-
4015 4207 38 49 CLI

3677 4289 85 23 Propr.
3801 4288 63 20 Mme
3882 4272 190 36 Dupret-Perrari

3723 4313 309 47 rtUDER6HEM

3875 4370 128 25 Téléphone
4022 4359 70 25 33.11-»

3702 4455 76 21 Notre
3793 4452 125 24 téléphone
3933 4446 36 22 est
3983 4439 73 27 rétabli

3820 4487 133 34 48.64.60

3663 4546 88 21 POUR
3772 4543 79 22 TOUS
3870 4539 58 23 VOS
3947 4526 120 30 IMPRDIE
4066 4524 12 20 3

3637 4582 58 33 LES
3718 4578 140 35 PRESSES
3880 4568 136 40 TILBURY
4034 4566 20 32 S.
4069 4562 21 30 A

3701 4635 47 21 1IG,
3773 4638 44 14 rue
3841 4631 61 21 Sans
3926 4623 72 24 Souci,
4020 4617 33 23 116

3724 4655 333 49 IXKLLES-BBUXEIXES^

3614 4779 29 20 ds
3661 4775 112 25 l'énergie
3791 4774 41 20 dea
3851 4769 101 26 coquins,
3968 4766 19 20 le
4001 4761 48 20 taon

3615 4808 49 20 rait
3682 4812 34 15 un
3734 4803 104 28 paradis.
4067 4818 4 5 .
4089 4812 10 20 y

3648 4853 28 6 _
3690 4839 161 24 Connaissant
3868 4834 93 24 Nevins,
3977 4827 76 23 comm»
4064 4825 35 38 '^

3619 4873 107 26 connais,
3743 4872 35 21 dit
3794 4870 63 20 John
3873 4864 77 27 quand
3963 4863 39 18 son
4015 4861 11 13 o
4080 4867 19 25 ^

3618 4902 99 23 achevé,
3739 4903 23 24 je
3785 4905 29 16 ne
3836 4896 114 22 m'étonne
3968 4892 40 24 pa»
4024 4892 14 16 «
4064 4904 22 20 faJ
4085 4898 13 19 tj

3618 4934 56 20 bien
3693 4931 56 26 joué
3768 4932 23 20 la
3809 4925 112 25 comédie;
3940 4922 56 20 mais
4012 4919 6 15 i
4080 4926 17 24 ^

3617 4969 33 15 un
3674 4962 72 22 motif
3767 4959 93 21 sérieux
3881 4958 57 22 pour
3958 4950 19 20 le
3997 4949 31 16 rel

3613 4993 54 25 sept
3685 4991 90 27 grands
3795 4988 65 21 mois.
4074 4984 21 27 "S

3645 5047 28 5 —
3687 5037 21 21 Il
3734 5034 59 23 était
3815 5031 127 22 amoureux
3964 5026 25 17 de
4009 5026 15 11 *
4064 5032 34 22 ^

3621 5067 35 21 dit
3677 5067 31 20 M.
3729 5063 64 22 Dent
3814 5063 63 23 .avec
3896 5053 107 41 angoisse,
4063 5058 33 32 fJl

3614 5097 28 21 tu
3664 5095 68 22 avais
3754 5093 86 22 raison,
3860 5088 69 22 John,
3948 5086 48 17 Bien
4013 5086 14 14 h
4043 5086 54 35 ^*

3619 5127 98 21 d'abord
3735 5122 80 23 refusé
3835 5120 38 25 d'y
3889 5114 76 42 croire,
3964 5125 3 8 ,
3981 5114 16 15 u
4069 5118 28 23 „,,.

3620 5155 132 22 surveiller.
3785 5153 30 19 Le
3846 5150 28 21 dr
3874 5146 36 22 Ole
3937 5134 112 29 convotta»
4080 5142 16 11 .

3619 5184 134 23 seulement
3771 5184 24 19 la
3812 5183 64 19 main
3893 5177 27 20 de
3937 5174 44 18 F™
4069 5174 26 40 ,^

3614 5215 125 24 l'hérXaçe
3755 5214 31 19 du
3802 5209 95 26 pasteur
3911 5199 67 25 Havrt
3977 5197 42 21 lin.,
4084 5210 12 13 „

3623 5250 60 22 pour
3696 5245 48 20 t'en
3757 5241 102 23 frustrer
3871 5235 52 27 qu'il
3935 5238 14 15 a
3960 5230 47 19 voui
4056 5231 39 41 ,,^

3622 5273 104 22 ausaaitôt
3746 5276 45 21 que
3812 5272 27 19 tu
3859 5272 26 15 es
3904 5256 73 28 rentré
3993 5256 50 20 d»»
4059 5260 36 31 ^

3621 5307 52 19 Ton
3691 5302 90 25 espion,
3801 5300 42 19 ton
3862 5302 11 15 a

3622 5335 95 20 hunter.

3830 5368 62 23 Dent

3920 5369 15 15 «
3942 5356 58 26 avalt
4025 5385 10 5 -
4047 5369 44 25 dit*

3643 5378 62 19 Mais
3736 5375 64 21 John
3830 5374 62 17 Dent.
3921 5374 14 10 "
3942 5374 57 30 "^,,
4001 5385 34 19 eur
4035 5393 4 9 ,
4047 5374 44 20 oit»

3615 5409 72 25 qu'un
3700 5407 57 20 mot.
3771 5402 130 23 L'héritage
3914 5399 28 17 a:u
3953 5393 38 24 pas
4048 5399 43 26 ^

3616 5440 76 20 vous?
3708 5438 31 24 M.
3756 5435 70 22 Dent,
3841 5423 181 48 ^"^.te,
4035 5438 12 20 U
4058 5429 31 24 *'»
4099 5426 12 41 \
4122 5439 19 23 «t

3615 5471 67 19 avait
3699 5467 66 26 parlé
3782 5467 53 21 trop
3852 5462 46 19 vite
3911 5454 77 53 /^
3989 5481 18 16 CI
4007 5457 82 50 ,tioo^
4099 5473 11 13 ,

4132 4775 19 24 Pl

4132 4836 18 19 n,

4132 4867 19 20 V(

4132 4893 18 23 di

4131 4950 17 27 là

4130 4987 20 21 't

4129 5010 19 28 lu

4129 5043 22 27 lit

4128 5075 23 22 C'r

4128 5102 23 27 loi

4127 5138 24 23 la

4126 5163 25 30 te,

4126 5191 25 31 bti

4126 5228 25 24 Vil

4125 5292 12 12 n
4138 5264 5 15 J
4146 5266 5 23 '

3615 5471 67 19 avait
3700 5467 65 26 parlé
3782 5467 53 21 trop
3852 5462 52 19 vite,
3920 5462 27 14 au
3946 5469 4 4 .
3964 5462 7 9 »
4065 5462 24 19 „

3616 5501 60 20 était
3688 5505 45 19 pas
3745 5498 16 21 à
3771 5502 29 15 sa
3812 5491 110 28 première
3934 5481 76 49 infl£
4025 5478 24 45 £
4061 5486 29 22 M

3615 5538 27 15 ce
3663 5530 116 25 chapitre.
3797 5527 31 19 Le
3847 5520 74 24 matin
3938 5512 72 23 ««"*
4025 5517 65 39 ^

3614 5563 68 20 avait
3703 5557 83 24 trouvé
3807 5557 21 19 le
3848 5537 241 61 **^,\%£*

3616 5593 93 23 défunt,
3726 5591 30 20 M.
3772 5589 63 20 Dent
3851 5579 83 26 n'avait
3946 5578 30 23 p»
4009 5592 24 24 ^
4043 5578 46 30 ^

3616 5625 54 20 d'en
3685 5622 80 25 parler
3780 5625 31 16 au
3826 5617 67 23 digne
3906 5611 44 19 ami
3963 5609 13 18 q
4044 5612 35 26 ju-

3616 5655 48 19 rait
3679 5659 47 15 une
3743 5651 21 21 si
3783 5644 111 30 profonde
3911 5638 80 22 estime.
4002 5659 30 21 ^
4044 5641 46 28 ^

3616 5687 31 21 M.
3667 5686 130 24 Dilligham
3813 5676 90 25 avait-il
3918 5673 26 20 dr

3615 5715 48 21 ries
3681 5719 30 15 en
3729 5708 163 25 conséquence.
4010 5710 64 36 ^j

4124 5380 27 24 (.il

4123 5411 24 24 lo

4144 5471 7 25 1

4122 5504 29 22 «ail

4122 5530 29 26 "ia

4123 5556 28 31 h

4122 5590 29 27 fciu

4122 5648 29 29 Ki
