3939 5411
125 219 230 84 Chronique
370 224 209 72 Coloniale

268 381 55 38 Les
335 382 105 38 colons

103 429 32 32 et
146 423 30 38 le
187 424 119 39 Comité
321 428 136 36 national
473 429 40 36 du
524 429 78 37 Kivu

120 530 66 22 Nous
202 531 99 21 faisions
318 533 111 25 paraître,
447 533 18 20 il
481 538 17 21 y
514 538 16 16 a
546 535 52 25 quel-

91 558 45 22 que
152 556 77 25 temps
245 557 41 20 des
302 558 95 20 articles
412 558 94 21 relatifs
521 563 31 17 au
568 559 30 20 Ki-

90 583 39 20 vu,
145 584 31 17 en
191 585 17 21 y
223 581 120 24 signalant
360 582 147 21 notamment
522 583 35 20 les
572 588 27 16 er-

90 609 69 16 reurs
169 609 124 17 commises
303 611 44 21 par
356 607 23 21 le
388 607 92 21 Comité
490 608 118 20 National.

120 629 123 22 Certaines
257 630 29 21 de
299 635 43 16 nos
358 631 110 25 critiques
482 632 75 25 ayant
570 631 39 21 été

92 654 132 21 contestées
241 659 45 21 par
303 660 33 16 un
353 656 145 21 admirateur
515 657 32 20 du
565 657 33 20 Co-

91 679 65 24 mité,
170 684 60 16 nous
243 684 74 17 avons
329 680 76 21 donné
417 681 17 20 à
447 685 27 16 ce
486 681 64 24 sujet
563 685 46 17 une

91 703 104 26 réplique
211 704 152 22 documentée
379 705 59 21 dont
452 706 35 20 les
503 705 63 21 idées
583 705 26 22 et

91 728 35 21 les
143 729 59 20 faits
218 729 105 25 signalés
339 734 27 17 se
382 730 111 20 trouvent
510 730 88 20 entière-

91 753 68 21 ment
168 753 135 22 confirmés.

119 784 47 21 Les
180 784 86 25 colons,
283 785 26 21 et
324 785 54 21 tout
391 784 167 26 spécialement
574 784 34 21 les

91 809 164 25 agriculteurs,
274 809 69 21 étant
359 810 154 20 directement
548 809 50 21 inté-

92 833 84 24 ressés,
196 834 152 20 connaissant
367 834 60 20 donc
446 834 79 21 mieux
563 837 46 22 que

91 862 116 22 personne
220 859 34 20 les
269 859 131 25 avantages
414 858 25 21 et
453 858 34 21 les
501 858 97 21 inconvé-

91 883 79 21 nients
187 883 28 21 de
231 883 150 23 l'organisme
397 887 30 16 en
442 882 107 27 question
565 883 32 19 s'é-

92 908 78 20 lèvent
187 912 58 17 avec
260 908 102 21 vivacité
380 908 81 20 contre
478 908 34 20 les
529 911 68 16 mono-

91 932 66 24 poles
168 932 31 21 du
210 932 92 21 Comité
312 932 112 21 National
435 931 32 21 du
478 931 63 21 Kivu
551 931 58 21 dont

91 957 32 20 ils
135 957 141 21 demandent
289 958 24 19 la
326 956 156 26 suppression.

120 981 118 21 L'arrivée
251 981 126 26 prochaine
391 982 30 20 de
434 981 32 20 M.
480 980 86 25 Helblg
579 980 29 20 de

91 1006 87 20 Balzac
195 1006 17 21 à
228 1006 206 21 Costermansville
469 1005 93 21 soulève
579 1004 29 20 de

91 1030 152 21 nombreuses
258 1030 142 21 discussions
414 1029 76 26 parmi
506 1030 34 20 les
570 1033 28 16 co-

91 1055 53 20 lons
160 1055 32 21 du
208 1055 63 21 Kivu
286 1054 138 26 impatients
440 1054 30 21 de
484 1054 53 20 voir
553 1057 44 22 sup-

90 1079 89 26 primer
192 1080 27 20 et
231 1079 109 22 modifier
352 1079 55 21 bien
420 1079 51 21 des.
475 1078 89 21 choses.

123 1105 25 21 A
165 1105 63 21 cette
247 1104 114 24 occasion,
379 1104 16 21 il
414 1104 37 21 est
469 1102 142 22 intéressant

93 1129 31 21 de
137 1129 61 21 faire
213 1130 121 21 connaître
349 1130 34 20 les
397 1129 75 26 griefs
486 1129 25 20 et
524 1128 35 21 les
574 1132 25 16 re-

94 1154 162 21 vendications
280 1155 43 20 des
346 1154 132 21 intéressés.
503 1152 108 22 Certains

93 1178 118 26 journaux
227 1179 84 21 locaux
327 1178 103 22 donnent
446 1178 16 21 à
478 1177 83 22 l'ordre
579 1177 30 20 du

92 1203 56 25 Jour
166 1203 56 22 voté
242 1203 143 21 récemment
403 1207 44 22 par
466 1202 144 21 l'assemblée

93 1228 110 25 générale
219 1228 28 21 de
270 1228 93 21 l'Union
384 1228 41 21 des
447 1227 162 26 Agriculteurs

93 1253 33 20 du
141 1253 62 21 Kivu
219 1253 161 26 l'importance
397 1253 54 21 d'un
468 1251 141 22 événement.

93 1277 35 21 Ce
149 1278 131 24 document,
302 1278 57 21 dont
380 1278 110 25 quelques
510 1276 101 21 extraits

92 1302 132 21 seulement
243 1302 95 21 avaient
356 1307 79 21 parus,
454 1302 92 21 déclare
565 1306 44 21 que

92 1326 24 21 le
136 1327 193 25 Gouvernement,
350 1327 182 21 contrairement
552 1327 15 21 à.
586 1326 24 20 la

93 1351 89 21 Charte
195 1352 125 24 Coloniale,
334 1351 66 22 avait
414 1351 75 21 aliéné
502 1352 22 21 le
536 1351 63 27 patri-

92 1376 78 20 moine
184 1376 107 21 national
306 1381 31 16 au
351 1376 105 21 bénéfice
472 1376 35 21 du*
519 1375 91 22 Comité

92 1400 115 21 National
221 1401 31 20 du
267 1401 68 24 Kivu,
351 1401 39 27 qui
405 1401 103 21 recevait
523 1402 15 19 à
553 1400 56 21 titre

92 1424 104 21 onéreux
212 1425 42 21 des
271 1426 134 26 monopoles
423 1430 42 16 sur
481 1426 35 20 les
534 1425 75 21 terres

93 1449 98 23 rurales,
209 1449 35 21 les
261 1449 102 21 terrains
379 1450 103 23 urbains,
498 1450 36 20 les
549 1454 60 16 eaux

92 1473 27 21 et
139 1474 83 24 forêts,
244 1474 35 21 les
301 1474 81 24 mines,
405 1475 24 20 la
451 1475 158 20 construction

92 1497 56 21 d'un
163 1498 92 21 chemin
270 1499 28 20 de
314 1500 39 20 fer
368 1499 24 21 et
408 1500 34 20 les
457 1499 65 21 sites.

121 1523 60 20 Huit
196 1527 44 17 ans
257 1523 158 26 d'expérience
431 1525 43 20 ont
489 1524 120 21 démontré

93 1550 46 21 que
158 1547 22 20 le
199 1548 92 20 Comité
309 1548 113 21 National
441 1549 31 21 du
490 1549 62 20 Kivu
571 1549 39 20 n'a

91 1575 46 21 pas
153 1572 83 25 rempli
253 1572 35 20 les
304 1573 181 25 contre-parties
502 1573 41 20 des
560 1578 39 16 mo-

92 1596 97 25 nopoles
207 1597 26 20 et
249 1601 17 16 a
284 1597 71 21 laissé
373 1602 32 16 au
424 1598 186 21 Gouvernement

93 1620 23 20 le
130 1621 52 20 soin
195 1620 29 21 de
238 1621 97 26 remplir
347 1626 39 17 ses
398 1622 141 26 principales
554 1623 45 20 obli-

93 1644 101 25 gations.

121 1675 107 21 I/Unaki
253 1676 89 23 (Union
363 1677 42 22 des
425 1677 184 25 Agriculteurs),

93 1700 59 20 dans
166 1705 44 16 son
224 1701 69 21 ordre
307 1702 31 21 du
351 1702 60 25 jour,
426 1702 92 22 déclare
532 1703 67 25 égale-

93 1725 67 21 ment
176 1729 7 17 :

111 1768 31 17 Le
154 1768 113 22 monopole
279 1768 39 19 des
331 1773 56 15 eaux
400 1770 22 18 et
435 1769 69 19 forêts
517 1774 29 15 ne
558 1774 41 15 con-

88 1789 49 18 naît
151 1790 22 17 ni
187 1790 21 17 le
223 1790 145 19 reboisement
382 1791 24 18 ni
421 1791 32 18 les
468 1791 98 19 réserves
582 1792 27 18 de

88 1810 122 23 pépinières
230 1812 24 18 et
272 1816 29 14 ne
321 1812 109 19 constitue
449 1813 161 22 pratiquement

88 1831 81 22 qu'une
183 1833 125 23 perception
324 1834 27 18 de
366 1834 70 18 taxes.
450 1833 34 20 Le
498 1835 111 22 monopole

87 1853 40 19 des
148 1854 95 19 terrains
265 1855 90 18 urbains
378 1856 75 22 Ignore
474 1856 32 18 les
528 1856 71 23 obliga-

88 1875 60 18 tions
176 1876 27 18 de
232 1876 153 23 l'équipement
404 1877 39 19 des
462 1877 63 18 villes
552 1878 24 18 et
595 1882 15 14 a

86 1897 78 18 abouti
177 1898 15 18 &
206 1897 23 19 la
243 1902 63 15 ruine
320 1899 101 21 d'Uvlra;
436 1899 103 22 quelques
555 1899 44 18 mai-

89 1923 53 14 sons
162 1919 121 19 seulement
311 1920 40 18 ont
379 1920 35 18 été
443 1921 132 18 construites
595 1920 15 18 à

87 1941 199 19 Costermansville.
303 1942 32 18 Le
351 1941 85 19 chemin
452 1942 28 18 de
494 1942 36 18 fer
542 1946 16 14 a
574 1942 35 18 été

87 1962 131 19 abandonné
242 1963 16 18 à
284 1963 126 18 mi-chemin
436 1964 62 17 entre
524 1963 76 19 Coster-

87 1984 116 18 mansville
219 1984 24 18 et
257 1984 76 18 TJvlra.

110 2006 32 17 Le
157 2006 113 21 monopole
285 2011 39 13 sur
339 2006 33 19 les
386 2006 69 18 mines
470 2010 15 14 a
499 2007 109 22 provoqué

88 2026 181 24 l'inexploitation
287 2028 28 18 de
332 2027 120 19 nombreux
469 2028 66 22 petits
553 2028 47 21 gise-

87 2049 74 19 ments
182 2053 40 14 sur
240 2049 95 22 lesquels
355 2049 21 18 le
397 2049 87 19 colonat
503 2049 105 23 européen

86 2071 100 21 pourrait
202 2071 120 22 prospérer.

110 2092 98 18 L'Union
233 2093 39 18 des
292 2092 151 23 Agriculteurs
460 2092 31 19 du
517 2092 60 18 Kivu
594 2095 15 14 a

87 2114 76 19 décidé
175 2115 29 18 de
216 2114 118 19 demander
347 2119 45 14 aux
404 2114 164 23 représentants
582 2113 27 18 de

87 2136 24 18 la
124 2136 83 19 Nation
220 2136 65 23 qu'Us
299 2136 88 22 exigent
399 2136 21 18 le
434 2136 74 18 retour
519 2135 56 18 dans
589 2135 20 17 le

86 2158 132 22 patrimoine
230 2158 99 18 national
342 2158 39 18 des
395 2157 62 18 biens
470 2157 37 22 qui
522 2157 39 17 ont
574 2156 34 18 été

88 2179 101 19 distraits
208 2183 52 15 sans
279 2183 42 19 que
339 2179 23 18 la
378 2179 82 18 Nation
478 2179 33 18 ait
528 2178 81 18 obtenu

89 2201 48 19 leur
154 2201 167 19 contre-valeur.

111 2232 114 19 Estimant
251 2236 44 19 que
311 2232 22 18 le
353 2231 84 19 Comité
455 2230 105 19 National
579 2229 29 19 du

87 2254 60 18 Kivu
164 2259 16 13 a
195 2254 53 18 cédé
264 2254 39 18 des
320 2253 94 18 terrains
431 2252 106 21 agricoles
555 2256 53 13 sans

88 2276 77 19 études
181 2275 128 23 préalables,
326 2274 88 19 l'Unaki
430 2273 86 19 déclare
531 2277 42 19 que
588 2273 20 18 le

87 2298 86 18 Comité
188 2297 104 19 National
308 2301 15 14 a
338 2296 58 19 ainsi
412 2296 71 18 causé,
495 2295 39 18 des
549 2295 49 18 dom-

88 2324 77 18 mages
184 2319 15 18 à
218 2319 28 18 de
263 2318 68 24 petits
350 2318 73 18 colons
443 2317 110 18 confiants
571 2316 37 22 qui

88 2341 77 19 furent
177 2341 88 22 obligés,
278 2344 56 18 pour
346 2339 70 19 éviter
427 2339 23 18 la
464 2338 84 20 faillite,
563 2338 36 17 d'a-

88 2363 49 18 voir
150 2367 88 14 recours
255 2366 45 14 aux
314 2361 61 23 prêts
390 2360 106 23 agricoles
511 2359 30 18 du
556 2363 43 18 gou-

87 2385 134 18 vernement.

111 2406 107 22 Jusqu'en
230 2405 52 20 1936,
296 2405 22 18 le
330 2405 25 18 C.
367 2404 28 18 N.
408 2403 29 19 K.
450 2403 18 18 I.
482 2407 14 14 a
509 2402 35 19 été
555 2402 53 18 tral-

87 2428 61 18 table
160 2432 56 18 pour
227 2427 32 18 les
274 2427 79 18 colons.
366 2425 56 19 Mais
437 2424 76 23 depuis
525 2424 16 18 U
554 2424 53 17 s'est

88 2450 87 22 ingénié
194 2453 42 19 par
255 2449 50 18 tous
325 2448 32 18 les
377 2451 89 18 moyens
486 2446 15 18 à
520 2446 89 17 trouver

88 2472 40 18 des
148 2471 112 19 occasions
280 2470 28 19 de
327 2469 96 22 majorer
441 2468 33 18 les
494 2468 72 21 loyers
585 2468 23 16 et

88 2494 28 18 de
127 2493 92 23 stipuler
230 2493 39 18 des
280 2491 121 19 conditions
414 2489 111 19 nouvelles
537 2489 62 18 alour-

89 2515 86 19 dissant
190 2515 32 18 les
238 2515 92 21 charges
344 2513 39 18 de3
398 2512 120 26 planteurs.

112 2537 98 18 LTTnaH
226 2537 78 17 estime
319 2534 62 19 avoir
396 2533 75 23 épuisé
486 2532 73 19 toutes
576 2531 32 18 les

88 2559 83 18 formes
183 2559 28 18 de
224 2557 136 19 conciliation
372 2560 56 18 pour
440 2554 88 19 aboutir
537 2553 16 18 à
565 2557 43 14 une

91 2581 88 18 entente
199 2581 24 17 et
242 2579 86 18 obtenir
354 2578 22 18 le
403 2575 160 20 redressement
582 2574 27 17 de

89 2603 59 18 leurs
161 2602 69 22 griefs
243 2605 42 18 par
298 2600 22 18 la
334 2600 49 18 voie
397 2597 174 20 administrative
586 2596 22 18 et

89 2624 117 23 pacifique.
217 2623 67 19 Aussi
297 2622 60 18 est-il
367 2620 75 20 décidé
454 2620 27 18 de
493 2619 56 18 faire
562 2618 47 18 état

90 2647 30 18 du
134 2646 75 19 cahier
222 2645 38 18 des
275 2644 68 22 griefs
357 2644 23 17 et
393 2640 173 21 revendications
580 2639 29 18 du

90 2668 88 18 colonat
196 2666 106 23 européen
322 2669 30 14 au
369 2664 61 18 Kivu
450 2664 22 17 et
491 2662 27 18 de
536 2661 74 23 porter

90 2694 37 14 ces
143 2689 69 23 griefs
226 2688 82 19 devant
323 2686 102 23 l'opinion
439 2684 108 23 publique.

123 2730 77 20 Telles
213 2727 61 23 sont,
289 2732 29 15 en
333 2727 77 20 résum
412 2725 19 22 é,
445 2725 34 19 les
492 2723 38 20 idé
529 2728 27 15 es
570 2722 41 30 de?

95 2755 81 21 colons
188 2757 43 17 sur
242 2753 96 20 l'œuvre
350 2751 30 20 du
393 2748 93 22 CdinUG
498 2746 113 22 National

95 2780 32 20 du
142 2779 69 20 Kivu.
226 2777 37 22 On
277 2781 18 21 y
308 2775 109 22 retrouve
431 2773 79 21 toutes
525 2772 35 20 les
575 2775 26 16 er-

94 2808 69 16 reurs
178 2807 44 21 que
236 2805 60 17 nous
311 2804 74 17 avons
400 2797 116 27 signalées
531 2796 17 20 il
563 2801 18 20 y
595 2800 15 16 a

96 2827 111 26 quelques
220 2825 66 21 mois.
537 2827 4 6 '

123 2852 50 20 Nos
189 2850 111 25 critiques
316 2847 89 22 étaient
421 2847 59 21 donc
496 2846 103 26 parfaite-

98 2876 66 21 ment
182 2875 97 21 fondées
300 2874 25 20 et
345 2871 170 22 extrêmement
534 2869 68 21 modé-

97 2901 59 20 rées.

279 2985 42 20 LA
332 2983 106 22 ROUTE

96 3010 264 22 MJSABETHVILLE
379 3018 30 6 —
428 3005 188 23 JADOTVILLE

126 3055 38 20 Au
178 3053 85 26 départ
276 3053 29 20 de
319 3051 127 22 Jadotville
473 3055 55 16 vers
541 3049 75 21 Elisa-

96 3079 111 21 bethville
222 3083 33 15 un
268 3081 107 16 nouveau
391 3076 104 24 tronçon,
525 3079 16 16 a
570 3078 46 22 peu

97 3103 55 26 près
166 3102 93 23 achevé,
274 3101 130 21 diminuera
417 3100 29 20 de
459 3100 109 25 quelques
581 3099 24 20 ki-

96 3128 112 21 lomètres
220 3128 24 20 la
255 3126 68 21 route
335 3125 86 21 reliant
432 3125 35 20 les
479 3125 60 20 deux
549 3124 68 20 villes

100 3152 103 21 susdites
219 3152 85 24 longue
318 3151 29 20 de
363 3150 42 20 150
419 3148 143 22 kilomètres.

126 3177 34 21 Ce
171 3181 106 16 nouveau
289 3176 98 24 tronçon
398 3175 69 25 longe
479 3174 24 20 la
514 3174 62 25 ligne
589 3173 27 20 de

98 3201 123 26 transport
236 3201 29 20 de
279 3201 65 20 force
359 3200 88 20 venant
477 3200 29 20 de
536 3198 72 21 Jadot-

97 3227 62 20 ville.
172 3225 109 22 Aussitôt
293 3230 44 20 que
349 3225 25 20 la
385 3224 105 21 nouvelle
502 3224 67 20 route
580 3227 27 17 se-

99 3255 29 16 ra
140 3251 59 20 mise
211 3251 16 20 à
237 3251 25 20 la
274 3250 136 24 disposition
422 3250 31 19 du
464 3248 84 28 public,
562 3249 45 19 l'an-

100 3276 50 20 cien
166 3276 98 24 tronçon
280 3274 165 22 actuellement
475 3278 68 17 assez
558 3273 50 21 acci-

99 3300 76 24 denté,
195 3304 54 16 sera
268 3299 176 26 probablement
482 3298 136 21 abandonné

102 3324 193 22 définitivement.

123 3435 102 17 ARLON.
253 3434 109 18 Concours
374 3432 113 19 d'étalons.
500 3441 24 5 —
536 3433 32 18 De
579 3436 29 14 no-

99 3456 35 18 tre
149 3454 169 23 correspondant
338 3459 6 14 :

122 3476 103 18 Juments
238 3476 27 18 de
279 3476 12 17 3
305 3479 41 14 ans
365 3480 6 14 :
387 3476 16 16 1-
418 3474 100 20 Carmen,
532 3474 83 19 alezan,

99 3497 25 18 30
137 3497 61 20 mois,
212 3497 16 18 &
240 3497 96 21 Wagner
348 3496 32 20 T.,
395 3496 28 18 de
436 3495 179 19 Clairefontaine;

99 3518 18 18 2.
136 3518 90 20 Jeanne,
244 3517 82 20 alezan,
344 3517 14 18 à
375 3516 70 21 Kemp
462 3517 32 19 E..
511 3516 106 18 d'Haber-

101 3543 39 21 ry;
154 3539 19 18 3.
188 3537 101 22 Nunérie,
304 3538 83 20 alezan,
402 3538 15 18 à
431 3537 96 19 Crismer
540 3537 35 21 N.,
590 3536 27 18 de

101 3560 137 17 Nobressart.

123 3580 101 18 Juments
241 3580 86 18 adultes
348 3584 6 14 :
371 3580 17 18 1.
407 3579 77 20 Mince,
503 3578 36 19 bal
556 3579 59 19 clair,

99 3601 14 18 •i
123 3605 48 17 ans,
184 3601 15 18 à
209 3600 70 20 Witrq
292 3600 76 21 frères,
380 3599 237 19 d'AImeroth-Nobres-

101 3622 58 20 sart;
172 3622 19 17 2.
204 3621 23 18 Si
241 3621 65 20 Belle,
320 3625 75 16 rouan,
410 3621 13 18 6
435 3625 48 16 ans,
497 3621 15 18 à
525 3620 93 19 Crochet

100 3643 34 20 G.,
148 3643 28 18 de
188 3643 26 17 Vi
216 3643 59 20 ville;
288 3642 18 18 3.
320 3641 96 21 Modlorl,
430 3645 75 17 rouan,
518 3641 12 18 4
542 3645 48 17 ans,
603 3641 15 17 &

101 3664 66 17 Tlnes
186 3664 36 20 N.,
243 3663 27 18 de
289 3663 28 18 Vi
318 3663 60 20 ville;
385 3663 5 17 1
411 3663 19 18 4.
452 3663 67 20 Bella,
542 3662 75 18 alezan

101 3684 71 21 foncé,
187 3684 12 18 5
213 3688 48 17 ans,
275 3684 15 18 à
304 3683 133 19 Niederkorn
451 3684 25 20 L,
491 3683 28 18 de
535 3683 81 20 Vance;

101 3705 18 18 9.
137 3705 116 20 Fleurette,
270 3709 75 16 rouan,
361 3705 13 18 8
388 3708 47 14 ans.
452 3705 15 18 à
484 3705 94 20 Wagner
592 3704 24 17 L.

124 3726 101 18 Juments
243 3726 15 17 à.
275 3726 23 17 la
315 3725 150 18 conservation
487 3731 5 13 :
512 3724 105 21 Poulette,

101 3746 84 21 alezan,
196 3747 13 18 S
219 3750 48 17 ans,
279 3747 14 17 à.
303 3746 86 19 Crlsner
401 3746 27 18 N.
434 3751 6 16 ;
452 3746 88 20 Bertha,
542 3749 74 16 rouan,

101 3767 14 19 8
126 3771 47 16 ans,
188 3768 15 18 à
215 3767 111 21 Massière,
340 3768 33 19 L.,
386 3767 27 18 de
426 3767 110 20 Stockem;
551 3767 59 18 Char-

102 3787 56 19 lotte
171 3788 86 21 aubère,
272 3788 12 18 9
298 3792 47 16 ans,
361 3788 15 18 à
389 3788 69 18 Motet
471 3789 33 19 A.,
519 3788 28 18 de
559 3787 59 18 Hou-

102 3808 98 26 delange.

126 3830 92 18 Etalons
234 3830 28 18 de
278 3830 12 18 3
306 3834 41 14 ans
367 3834 7 14 :
391 3830 75 18 Admis
487 3834 6 14 :
510 3829 66 19 Albin
592 3829 26 18 de

102 3850 95 21 Waillet,
217 3854 76 16 rouan,
313 3852 14 16 A
345 3850 72 23 Witry
435 3850 76 18 frères.

126 3872 92 17 Etalons
231 3871 86 18 adultes
334 3876 6 13 :
353 3872 18 17 1.
385 3872 136 20 Successeur,
536 3871 75 18 alezan

103 3892 13 19 S
131 3893 35 18 1/2
180 3896 47 17 ans,
245 3893 14 16 A
273 3892 72 22 Witry
360 3892 75 18 frères.

126 3913 77 18 Admis
221 3918 6 14 :
241 3913 99 19 Brillant,
355 3913 42 20 bai,
411 3914 12 17 4
437 3916 40 15 ans
490 3913 40 20 1/2,
545 3917 15 14 a
572 3912 47 19 Orl-

103 3937 40 19 ger
152 3934 32 18 A.,
195 3934 28 17 de
231 3933 246 23 Buange-Houdelange.

128 3954 91 18 Etalons
235 3954 15 18 à
268 3954 23 19 la
307 3954 150 18 conservation
474 3959 11 14 .:
503 3954 74 18 Aristo
593 3954 26 18 de

105 3975 91 20 Bierset,
212 3979 76 17 rouan,
303 3975 13 18 6
329 3979 47 17 ans,
392 3976 15 17 à,
420 3975 71 22 Witry
505 3975 76 19 frères.

764 185 249 46 Comment

692 250 110 47 peut
810 258 89 29 -on
930 242 164 44 traiter

718 316 64 28 un
804 297 260 54 alcoolique

661 397 102 21 Souvent
780 402 30 16 on
826 401 59 16 nous
902 400 16 17 a
934 395 113 21 demandé
1064 396 70 20 d'Indi-

635 426 55 21 quer
705 422 30 21 ici
753 426 45 21 par
815 421 65 27 quels
896 420 111 25 procédés
1024 420 47 20 l'on
1089 425 57 20 pou-

633 447 47 20 rait
693 446 79 25 guérir
785 451 32 16 un
831 445 126 26 alcoolique
971 445 29 20 de
1014 449 39 16 ses
1068 446 78 25 deplo-

633 472 48 20 bles
695 470 130 22 habitudes.
841 471 20 20 Il
876 470 71 26 s'agit
963 470 59 20 donc
1038 470 28 21 de
1074 471 60 20 médi-

632 496 77 20 cation
725 495 147 20 Individuelle
888 495 25 20 et
929 499 46 16 non
992 495 28 20 de
1038 495 23 19 la
1078 500 57 20 ques-

633 520 51 21 tion
701 520 108 26 générale
828 520 28 20 de
875 519 24 21 la
917 519 60 21 lutte
996 519 80 20 contre
1097 520 38 20 l'al-

633 544 114 21 coolisme.

660 579 67 20 Ainsi
745 579 57 26 posé
821 579 22 20 le
861 578 118 26 problème
997 578 80 25 parait
1096 579 51 20 très

632 604 97 20 difficile
740 604 15 20 à
766 603 118 24 résoudre;
897 603 34 20 les
941 602 114 21 solutions
1065 606 82 18 seront

632 628 153 21 déterminées
800 632 44 21 par
859 627 25 21 la
897 627 114 20 situation
1026 628 29 20 de
1070 628 65 21 fortu-

632 657 45 20 ne,.
680 653 24 20 la
716 653 130 25 profession
858 652 28 21 de
900 649 124 26 l'Individu,
1038 656 43 16 son
1093 653 52 25 âge,

632 681 43 16 son
691 677 125 24 caractère,
833 676 45 22 etc.
894 676 78 23 Enfin,
989 675 101 22 élément
1107 682 29 15 ca-

632 701 65 25 pital,
711 701 141 26 l'alcoolique
866 700 63 21 est-il
943 701 118 20 conscient
1076 702 28 20 de
1118 706 28 16 sa

633 726 129 21 déchéance
779 726 26 20 et
821 725 65 22 a-t-il
903 725 24 22 la
944 725 94 21 volonté
1055 725 29 21 de
1119 731 27 15 se

632 750 94 26 soigner
743 751 13 20 ?

660 784 65 21 Dana
739 789 26 17 ce
780 789 47 19 cas,
841 785 26 20 et
879 784 21 21 si
914 788 39 17 ses
967 788 96 21 moyens
1077 784 22 21 le
1113 785 33 20 lui

632 809 147 26 permettent,
790 813 46 17 une
846 813 55 16 cure
913 808 28 21 de
952 808 194 22 désintoxication

633 833 59 21 faite
712 834 59 22 dans
791 838 33 16 un
844 833 175 21 établissement
1060 834 86 25 spécial

632 858 102 20 donnera
753 858 35 20 les
806 858 117 20 meilleurs
943 858 120 21 résultats.
1083 859 64 20 C'est

632 883 22 19 le
670 882 137 21 traitement
824 882 67 21 idéal.

660 907 82 25 Quand
755 907 23 20 la
790 907 69 20 chose
871 906 60 21 n'est
942 911 44 21 pas
998 907 107 25 possible,
1118 918 28 5 —

632 931 25 21 et
674 931 58 21 c'est
749 932 21 19 le
787 935 41 16 cas
844 931 22 20 le
882 932 52 25 plus
938 931 129 26 «fréquent,
1083 941 30 7 —
1129 932 18 20 il

632 956 55 21 faut
709 956 155 21 évidemment
886 960 56 16 user
963 957 29 19 de
1037 956 53 20 tous
1113 957 34 19 les

631 984 96 21 moyens
740 980 29 21 de
781 980 135 24 persuatlon
929 980 57 20 dont
999 985 30 16 on
1043 981 102 25 dispose;

631 1005 17 21 il
661 1005 54 21 faut
729 1005 63 21 aussi
808 1005 121 20 s'efforcer
943 1005 29 21 de
987 1005 130 21 substituer
1131 1007 15 19 à

631 1030 24 19 la
666 1029 178 26 passion-alcool
856 1030 42 20 des
910 1034 13 15 <
935 1024 93 31 plaisirs
1041 1030 95 21 d'activi-

632 1053 25 21 té
675 1059 13 14 >
706 1054 136 26 appropriés
859 1054 16 20 à
891 1058 29 16 sa
938 1054 128 24 mentalité,
1084 1055 16 20 à
1118 1059 29 16 sa

631 1078 117 21 condition
766 1079 93 20 sociale.
878 1079 66 20 Nous
963 1083 73 16 avons
1053 1084 32 16 vu
1105 1079 41 20 des

632 1103 105 20 ouvriers
758 1107 111 17 renoncer
889 1103 16 21 à
926 1103 24 20 la
990 1104 93 20 boisson
1105 1104 41 20 dès

631 1127 68 26 qu'Us
709 1128 42 20 ont
762 1132 29 16 eu
803 1132 32 16 un
846 1128 103 26 jardinet
961 1128 15 20 à
988 1128 104 23 cultiver,
1105 1129 41 20 des

631 1152 118 25 employés
764 1151 80 27 guérir
859 1153 22 19 le
897 1153 53 25 jour
966 1153 30 20 où
1012 1153 29 20 ils
1057 1153 42 20 ont
1114 1157 32 21 pu

630 1181 26 16 se
670 1176 71 21 livrer
754 1177 16 21 à
783 1178 42 20 des
840 1177 100 21 travaux
955 1178 112 23 manuels,
1081 1177 55 21 d'au-

632 1201 49 20 tres
697 1206 127 20 personnes
841 1206 26 16 se
884 1202 55 20 sont
956 1202 116 20 adonnées
1089 1201 17 21 à
1122 1202 24 20 la

631 1226 111 25 musique,
761 1227 45 21 etc.

659 1260 37 20 En
716 1260 62 21 cette
799 1260 87 21 affaire
906 1261 22 20 le
947 1260 79 21 milieu
1046 1260 99 21 familial

630 1285 57 23 peut
698 1285 66 25 Jouer
775 1290 32 15 un
819 1285 48 20 rôle
881 1285 93 25 capital,
987 1289 83 17 encore
1081 1284 64 20 faut-

630 1310 16 20 il
662 1310 30 20 du
708 1310 52 20 tact
775 1310 24 20 et
815 1310 28 20 de
860 1310 169 25 l'intelligence.

659 1334 99 25 Voyons,
771 1334 36 20 s'il
820 1338 57 16 vous
889 1334 66 24 plaît,
968 1338 26 16 ce
1006 1338 44 21 que
1062 1334 24 20 la
1097 1333 38 21 mé-

629 1358 80 20 decine
721 1359 150 25 proprement
883 1357 48 22 dite
944 1359 57 25 peut
1013 1359 60 20 faire
1086 1362 60 21 pour

630 1387 39 16 ces
686 1383 158 21 malheureux.

657 1418 67 20 Nous
738 1422 74 16 avons
827 1418 55 25 déjà
896 1418 66 24 parlé
978 1417 30 21 Ici
1024 1417 42 20 des
1080 1417 55 25 igno-

630 1442 50 20 bles
701 1442 142 25 exploiteurs
865 1441 40 27 qui
948 1442 144 20 fournissent
1114 1446 31 16 au

630 1466 52 24 prix
700 1467 51 20 fort
768 1471 46 16 une
832 1467 88 26 poudre
958 1467 140 26 quelconque
1117 1476 33 11 -»

630 1491 31 21 du
679 1491 151 21 bicarbonate
848 1492 29 21 de
894 1491 72 21 soude
984 1492 22 20 le
1022 1491 53 25 plus
1092 1495 43 16 sou-

630 1516 57 21 vent
705 1527 29 5 —
751 1516 16 21 à
785 1516 120 26 mélanger
922 1521 47 16 aux
988 1515 109 21 aliments
1115 1519 30 16 ou

630 1541 106 21 boissons
749 1541 28 21 de
790 1542 149 25 l'alcoolique,
952 1541 17 21 à
981 1545 42 17 son
1036 1541 59 20 Insu.
1109 1541 37 20 On

630 1566 91 25 promet
735 1566 60 21 ainsi
809 1567 16 20 à
839 1567 25 20 la
877 1567 86 20 femme
976 1570 46 16 une
1036 1565 109 26 guérison

630 1590 40 26 qui
684 1595 31 16 ne
731 1591 97 21 viendra
843 1591 93 25 Jamais.

658 1625 21 21 n
692 1630 17 20 y
722 1629 16 17 a
750 1625 45 26 pis.
809 1625 109 21 Certains
932 1624 134 22 Industriels
1081 1624 55 20 four-

629 1649 91 21 nissent
737 1654 45 16 une
798 1650 87 25 poudre
902 1650 16 20 à
934 1650 57 20 base
1007 1648 138 25 d'émétique

630 1678 44 21 que
693 1674 46 21 l'on
759 1674 138 21 administre
915 1678 31 16 au
966 1673 64 25 sujet
1048 1677 32 16 un
1100 1676 45 22 peu

630 1699 74 20 avant
714 1703 43 16 son
769 1699 83 25 départ
863 1702 60 22 pour
934 1699 22 19 le
967 1698 59 23 café,
1039 1698 106 24 toujours

631 1723 15 20 à
663 1728 42 16 son
722 1724 58 20 insu.
799 1724 56 20 Cela
872 1723 58 26 peut
946 1723 89 20 donner
1051 1722 41 20 des
1108 1721 27 21 ré-

630 1748 94 24 sultats,
745 1753 90 16 comme
855 1752 58 16 nous
933 1748 22 20 le
975 1751 97 17 verrons
1092 1747 54 19 tout

630 1773 16 20 à
661 1772 93 21 l'heure.
771 1773 67 22 Mais,
856 1777 57 21 gare
929 1772 20 20 si
966 1771 118 21 l'Individu
1099 1770 35 21 s'a-

630 1797 90 25 perçoit
731 1798 30 20 du
773 1797 138 24 subterfuge
926 1797 6 20 !
944 1796 34 20 La
989 1796 107 25 pratique
1108 1796 37 19 est

630 1822 117 21 d'ailleurs
764 1820 135 22 tout-à-fait
935 1820 166 22 condamnable
1119 1820 26 20 et

630 1846 107 24 pourrait
756 1846 108 21 conduire
884 1845 101 26 l'épouse
1005 1845 86 21 devant
1111 1845 34 20 les

632 1871 132 21 tribunaux.

659 1903 76 22 Alors,
749 1902 16 21 il
777 1901 40 26 n'y
827 1907 16 16 a
854 1902 50 20 rien
916 1902 16 21 à
943 1902 61 20 faire
1021 1902 12 20 ?
1046 1901 63 21 C'est
1121 1902 24 20 la

631 1931 96 16 carence
740 1927 94 21 absolue
846 1927 29 20 de
887 1926 24 21 la
923 1926 124 21 médecine.

659 1952 46 20 Pas
720 1951 53 21 tout
787 1951 16 21 à
816 1951 53 21 fait.
884 1951 80 20 Avant
979 1951 59 23 tout,
1053 1950 66 21 hélas
1137 1950 6 20 !

631 1976 14 20 il
659 1976 54 20 faut
725 1976 66 20 avoir
804 1976 21 20 le
839 1976 175 20 consentement
1028 1976 30 20 du
1071 1975 63 20 mala-

630 2000 28 20 de
672 2005 27 16 ce
713 2000 38 26 qui
766 2000 61 21 n'est
839 2004 44 21 pas
898 2000 53 25 trop
965 2000 98 20 difficile
1076 2000 16 20 à
1105 2000 30 19 ob-

631 2025 61 20 tenir
710 2025 77 25 quand
806 2025 92 22 femme,
919 2024 101 23 enfants,
1040 2024 60 20 amis
1120 2024 25 19 et

631 2050 103 20 médecin
751 2054 18 21 y
786 2049 102 21 mettent
906 2049 100 24 volonté,
1044 2048 100 21 fermeté

630 2075 25 20 et
672 2074 167 26 persévérance
857 2074 71 20 aussi.

658 2106 66 21 Deux
737 2106 111 29 procédés
860 2106 41 20 ont
914 2105 38 21 été
965 2105 91 21 utilisés
1069 2105 15 20 à
1096 2105 38 19 l'A-

631 2131 43 21 sile
691 2131 29 20 de
737 2125 60 26 Ville
815 2130 111 23 Everard,
945 2134 44 21 par
1026 2130 34 20 les
1098 2129 46 21 Drs

630 2155 123 21 Martimor
769 2156 24 20 et
810 2155 122 20 Malllefer.
950 2155 32 20 Ils
999 2155 42 20 ont
1057 2158 32 16 un
1106 2158 29 16 ca-

629 2180 92 20 ractère
735 2180 78 26 plutôt
828 2180 91 20 bizarre
935 2184 60 21 pour
1009 2179 22 20 le
1046 2179 99 25 profane

630 2205 101 20 surtout
750 2205 65 20 Nous
835 2208 98 21 croyons
953 2208 50 22 que,
1023 2208 29 20 ça
1071 2203 25 20 et
1114 2203 30 23 là,

630 2233 29 16 on
671 2229 57 25 peut
740 2229 49 20 s'en
801 2229 107 25 inspirer.

657 2254 66 20 Dans
736 2255 24 19 la
773 2253 114 26 première
901 2253 115 24 méthode,
1030 2257 30 16 on
1074 2252 71 21 laisse

630 2279 111 20 absorber
758 2279 89 25 chaque
864 2278 54 25 Jour
935 2282 32 16 un
986 2277 54 21 litre
1058 2277 29 20 de
1105 2277 40 20 vin

629 2303 65 25 léger
707 2303 16 21 à
738 2303 148 25 l'alcoolique.
902 2302 94 26 Chaque
1012 2303 54 23 Jour
1080 2301 65 21 aussi

630 2332 30 16 on
678 2327 93 26 prélève
789 2328 56 20 chez
864 2327 32 20 lui
914 2331 46 16 une
979 2327 74 25 petite
1073 2331 61 21 quan-

630 2353 44 20 tité
687 2353 29 20 de
729 2357 61 21 sang
803 2353 67 25 qu'on
884 2352 31 20 lui
929 2352 93 24 injecte.
1036 2351 64 21 C'est
1113 2355 33 16 un

629 2377 98 26 procédé
740 2377 115 25 classique
884 2376 121 21 dénommé
1020 2382 13 13 «
1048 2376 97 20 autohé-

630 2402 144 25 mothérapie
790 2407 13 14 »
819 2402 25 20 et
859 2401 79 21 utilisé
954 2402 59 19 dans
1029 2401 116 21 certaines

629 2426 126 21 affections
770 2426 144 25 chroniques.
929 2426 45 20 Les
988 2426 114 20 résultats
1116 2425 30 20 de

629 2456 26 15 ce
671 2451 137 21 traitement
824 2451 55 20 sont
910 2451 50 20 fort
992 2450 153 20 inconstants.

629 2476 63 21 Chez
707 2480 47 16 une
770 2476 74 25 petite
860 2476 94 25 portion
971 2475 41 21 des
1029 2475 82 25 sujets,
1128 2474 18 20 il

629 2505 26 16 se
673 2500 124 25 développe
815 2505 31 15 un
865 2500 87 25 dégoût
969 2498 99 27 profond
1086 2503 61 22 pour

629 2525 34 20 les
681 2525 106 21 boissons
805 2524 146 27 alcooliques.
971 2524 63 21 Chez
1052 2524 34 20 les
1104 2529 31 15 au-

629 2550 56 23 tres,
701 2549 113 21 résultats
828 2550 61 20 nuls.
904 2549 20 21 Il
940 2550 38 21 est
992 2548 94 22 évident
1102 2553 45 20 que

630 2575 62 20 cette
709 2574 108 21 méthode
834 2574 61 20 n'est
910 2578 44 22 pas
971 2573 175 22 recommanda-

630 2599 45 20 ble.

658 2631 95 20 L'autre
771 2631 38 20 est
826 2631 55 25 plus
896 2630 165 21 Intéressante.
1078 2630 30 21 A*
1118 2633 29 17 sa

632 2655 56 21 base
706 2660 26 15 se
750 2655 83 21 trouve
852 2659 27 16 ce
897 2659 45 21 que
962 2654 185 21 Poo-'tléiien-ime

631 2684 32 15 un
677 2680 88 20 réflexe
781 2679 154 21 conditionnel
950 2679 29 20 de
995 2679 100 20 Pavlow.
1110 2679 38 20 On

633 2704 59 20 mêle
704 2704 16 20 à
731 2705 24 20 la
766 2704 64 20 bière
842 2708 31 16 ou
885 2709 31 15 au
929 2704 40 20 vin
982 2703 31 20 du
1026 2703 64 25 sujet
1102 2708 46 15 une

632 2728 104 20 certaine
754 2728 107 26 quantité
881 2728 94 25 d'ipéca,
997 2728 73 28 lgquel
1109 2727 29 20 dé-

631 2753 134 23 terminera,
785 2758 27 19 ça
831 2754 24 18 et
873 2753 29 21 là,
921 2748 178 25 vomissements
1118 2756 30 16 ou

633 2777 105 20 nausées.

660 2802 76 25 Après
755 2802 109 25 quelques
883 2801 122 24 semaines,
1025 2802 22 20 le
1084 2801 65 23 sujet

633 2833 16 16 a
668 2831 46 16 une
734 2825 118 26 répulsion
872 2826 124 21 Invincible
1035 2830 61 21 pour
1114 2826 36 20 les

632 2851 98 25 liquides
745 2850 139 26 alcooliques
901 2851 31 23 et,
949 2851 70 20 chose
1037 2851 111 23 curieuse,

633 2877 62 20 cette
705 2876 117 26 répulsion
833 2876 38 20 est
882 2876 96 20 durable
988 2875 68 21 sinon
1066 2875 73 21 défini-

633 2901 55 20 tive.

660 2925 88 21 Toutes
766 2929 39 17 ces
822 2925 149 25 expériences
989 2925 42 21 ont
1049 2924 38 21 été
1104 2924 35 21 fai-

634 2950 37 20 tes
689 2950 59 21 dans
765 2955 31 15 un
814 2949 64 24 asile,
897 2954 27 16 ce
942 2949 39 26 qui
999 2950 35 20 les
1052 2949 99 20 rendent

633 2975 136 20 facilement
784 2974 152 26 praticables;
972 2974 61 20 mais
1050 2974 59 20 dans
1127 2974 24 19 la

634 2999 37 20 vie
690 2999 117 20 ordinaire
825 3003 45 22 que
888 3000 98 25 peut-on
1005 3003 29 15 en
1054 2999 58 20 tirer
1136 2999 13 21 ?

662 3024 129 20 Eliminons
808 3024 52 20 tout
875 3024 29 20 de
919 3024 62 20 suite
997 3023 24 21 la
1037 3023 114 25 première

635 3049 108 20 méthode
765 3053 6 19 ;
792 3049 24 20 la
834 3048 99 21 seconde
954 3047 38 27 qui
1032 3048 119 25 comporte

634 3073 205 21 l'administration
890 3073 54 20 d'un
996 3072 156 21 médicament

635 3098 60 20 actif
711 3098 25 21 et
752 3098 53 25 plus
822 3102 31 17 ou
869 3098 76 20 moins
962 3097 96 20 irritant
1092 3101 60 21 pour

635 3123 120 20 l'estomac
771 3122 121 24 nécessite,
910 3122 16 21 à
943 3122 53 20 tout
1012 3122 22 20 le
1068 3122 82 22 moins,

634 3146 172 21 l'intervention
819 3147 31 20 du
864 3147 111 21 médecin.
989 3146 67 24 Mais,
1070 3147 81 20 faut-il

636 3172 92 20 obtenir
771 3171 202 26 l'acquiescement
995 3171 31 20 du
1047 3171 65 25 sujet
1137 3171 13 20 ?

635 3196 64 21 C'est
713 3196 24 21 là
752 3200 32 16 un
800 3197 117 23 problème
933 3196 37 26 qui
987 3200 29 16 ne
1033 3196 118 25 comporte

635 3225 44 21 pas
697 3222 29 19 de
744 3221 101 20 solution
863 3221 130 25 applicable
1011 3221 16 20 à
1045 3221 54 20 tous
1117 3221 35 19 les

636 3250 47 16 cas.
698 3246 20 20 Il
732 3250 17 21 y
764 3250 16 16 a
795 3246 45 20 lieu
856 3245 29 21 de
900 3245 121 25 s'inspirer
1036 3245 40 21 des
1107 3245 35 20 cir-

636 3271 137 19 constances
786 3271 25 19 et
823 3270 42 20 des
876 3269 149 27 possibilités.

664 3301 68 23 Mais,
749 3306 31 16 on
797 3301 22 20 le
836 3301 55 23 sait,
908 3301 23 21 le
948 3301 138 20 traitement
1103 3305 38 16 mo-

637 3326 41 23 ral,
693 3326 21 20 si
729 3326 46 20 l'on
789 3326 57 25 peut
859 3326 57 23 dire,
931 3325 49 20 doit
993 3325 107 25 toujours
1114 3330 28 16 oc-

637 3354 70 21 cuper
720 3351 23 20 la
757 3350 115 25 première
885 3350 67 25 place
966 3350 59 20 dans
1039 3350 62 20 cette
1116 3350 26 20 af-

638 3375 67 21 faire.
728 3375 66 20 Nous
816 3380 29 15 en
868 3379 73 17 avons
964 3374 35 21 dit
1043 3375 109 25 quelques

637 3400 62 20 mots
716 3400 53 24 plus
788 3400 59 20 haut
866 3399 66 20 Nous
970 3399 109 25 répétons
1098 3400 53 24 qu'il

636 3424 67 25 exige
719 3423 64 25 tact/
792 3424 167 25 persévérance
974 3424 24 20 et
1014 3424 94 24 énergie
1123 3424 29 20 de

637 3449 24 20 la
678 3449 56 24 part
751 3449 29 20 de
797 3450 23 19 la
838 3448 97 21 famille.
953 3448 85 20 Inutile
1056 3448 29 20 de
1102 3448 51 20 dire

636 3473 55 26 qu'il
703 3478 30 15 ne
744 3474 54 20 faut
810 3473 86 25 jamais
909 3473 98 25 prêcher
1019 3473 123 20 l'abstinen-

637 3503 26 15 ce
676 3498 76 25 quand
764 3498 142 24 l'alcoolique
919 3498 38 19 est
969 3501 56 16 sous
1037 3497 105 21 l'influen-

638 3527 26 16 ce
676 3523 31 19 du
719 3522 101 26 toxique,
833 3526 90 16 comme
935 3521 22 20 le
969 3522 53 20 font
1033 3522 54 25 trop
1099 3526 42 16 sou-

637 3547 56 20 vent
708 3547 42 20 des
767 3546 144 21 maladroits.

1048 3571 35 20 Dr
1097 3571 27 20 F.

1176 193 96 59 EN
1296 189 382 63 PROVINCE

1198 315 23 20 A
1236 314 131 21 ANVERS.
1382 323 30 6 —
1426 313 51 20 Une
1491 311 143 21 Conférence
1649 308 24 20 In-

1171 339 154 20 ternationale
1342 339 29 20 de
1386 337 155 21 conducteurs
1558 334 97 21 d'autos.
1655 341 30 6 —

1170 365 34 19 De
1220 365 67 19 notre
1303 363 181 25 correspondant
1502 367 6 15 ;

1199 390 22 20 A
1236 390 24 20 la
1276 390 90 20 Maison
1382 389 31 19 du
1428 387 86 25 Peuple
1530 386 112 20 d'Anvers
1657 386 26 15 se

1171 415 60 20 tient
1246 419 44 16 une
1306 414 142 21 Conférence
1462 408 179 24 internationale
1655 407 29 20 de

1171 440 153 20 conducteurs
1352 437 175 23 d'automobiles
1554 432 129 26 convoquée

1171 469 43 20 par
1233 463 185 21 l'International
1437 460 129 26 Transport
1584 458 90 21 Fédéra-

1172 490 49 20 tion
1240 490 102 23 (I.T.F.),
1358 488 57 21 dont
1430 487 21 20 le
1467 487 63 24 siège
1546 484 37 22 est
1597 483 16 20 à
1627 483 46 19 Am-

1171 515 111 23 sterdam,
1301 514 26 20 et
1346 514 56 20 dont
1421 512 113 24 l'objectif
1552 509 37 21 est
1607 508 23 19 la
1649 508 25 18 ré-

1171 540 94 20 daction
1285 539 53 20 d'un
1358 541 105 17 nouveau
1483 537 148 26 programme
1650 532 24 19 in-

1171 564 141 20 ternational
1329 562 130 21 modernisé
1467 562 27 20 de
1501 558 185 23 revendications

1172 593 59 21 pour
1249 589 153 20 conducteurs
1421 587 97 21 d'autos,
1538 589 29 15 en
1585 582 89 25 rempla-

1172 614 92 20 cement
1279 614 30 20 du
1325 616 149 23 programme
1489 611 29 20 de
1534 609 62 21 1931.

1200 639 35 19 La
1250 638 84 21 séance
1351 638 30 20 du
1398 637 27 20 19
1442 634 124 24 novembre
1582 638 16 15 a
1614 631 71 21 traité

1172 662 23 21 la
1212 663 106 25 question
1335 663 29 20 de
1381 662 24 20 la
1422 660 69 21 durée
1509 659 30 20 du
1557 657 86 21 travail
1661 655 24 20 et

1172 688 31 20 du
1219 692 69 20 repos
1302 688 41 20 des
1359 686 143 23 chauffeurs,
1518 684 25 20 et
1559 682 59 20 était
1633 680 42 25 pré-

1172 712 62 21 sidée
1251 717 44 21 par
1310 712 32 20 M.
1359 712 27 20 E.
1402 710 95 23 Jacoud,
1514 709 31 19 M.
1561 708 35 20 De
1612 705 73 21 Witte

1174 737 67 20 étant
1263 735 179 27 vice-président
1465 738 29 16 en
1516 730 170 24 considération

1173 761 27 21 de
1220 761 94 20 l'action
1334 761 28 20 de
1382 759 92 21 l'Union
1493 757 66 26 belge
1579 756 40 20 des
1639 755 36 20 Ou-

1172 785 74 20 vriers
1278 786 31 20 du
1339 783 136 26 Transport.
1506 782 30 20 M.
1569 780 115 21 Nathans,

1172 810 60 20 était
1242 809 131 21 secrétaire.
1385 808 96 21 Etalent
1491 805 106 28 présents
1608 803 77 26 vingt-

1172 835 53 25 sept
1242 834 108 26 délégués
1367 834 85 25 belges,
1470 830 110 25 français,
1596 829 79 21 britan-

1173 859 86 25 niques,
1288 859 98 23 suédois,
1414 857 87 22 danois,
1530 854 145 21 tchécoslova-

1173 888 56 21 ques
1242 884 25 20 et
1279 883 136 21 hollandais.
1428 883 45 20 Les
1486 880 92 22 Soviets
1589 879 26 21 et
1627 878 48 20 l'Es-

1172 913 77 21 pagne
1265 913 26 15 se
1307 909 54 19 sont
1378 906 102 22 excusés.

1201 934 34 20 La
1248 933 142 21 Conférence
1403 937 15 15 a
1431 931 95 20 observé
1539 934 44 15 une
1596 927 89 21 minute

1172 958 29 21 de
1216 958 85 20 silence
1317 963 28 15 en
1361 957 119 20 l'honneur
1496 960 12 14 «r
1524 954 40 20 des
1580 957 95 16 camara-

1173 983 40 20 des
1232 982 90 21 tombés
1341 986 29 16 en
1387 981 110 25 Espagne
1516 985 19 14 >.

1200 1015 32 20 M.
1247 1014 74 24 Vlala,
1337 1011 164 27 représentant
1515 1011 30 20 du
1561 1009 78 23 B.I.T.,
1655 1008 31 20 fit

1172 1043 32 16 un
1223 1039 91 20 résumé
1333 1039 40 20 des
1391 1035 191 28 préoccupations
1601 1034 28 19 de
1648 1033 38 20 cet

1173 1064 132 25 organisme
1318 1068 28 15 en
1359 1061 98 22 matière
1470 1061 28 20 de
1512 1059 69 21 durée
1594 1059 31 20 du
1637 1058 40 20 tra-

1172 1090 54 21 vail.
1243 1089 79 24 Quant
1337 1093 31 16 au
1384 1086 77 27 projet
1477 1086 28 20 de
1521 1085 23 20 la
1560 1083 115 21 Conféren-

1174 1119 32 18 ce,
1228 1118 38 16 ses
1288 1111 183 22 revendications
1493 1108 139 22 concernent
1653 1107 33 20 les

1173 1139 118 25 diplômes,
1308 1137 87 26 permis
1409 1137 29 20 de
1453 1134 116 23 conduire,
1586 1133 90 21 instruc-

1172 1163 50 21 tion
1238 1161 195 28 professionnelle,
1449 1159 129 21 conditions
1593 1159 28 19 de
1637 1158 39 20 tra-

1172 1188 53 23 vail,
1245 1188 109 21 voitures,
1374 1189 107 22 garages,
1502 1184 86 23 routes,
1607 1183 69 25 signa-

1172 1213 113 21 lisations,
1301 1212 51 22 etc.,
1367 1211 34 20 les
1415 1209 129 22 conditions
1558 1209 28 20 de
1600 1207 86 22 travail

1173 1237 66 21 étant
1257 1235 154 23 évidemment
1428 1235 21 20 le
1466 1234 66 26 point
1549 1233 109 20 essentiel
1679 1237 6 15 ;

1173 1261 102 21 semaine
1297 1261 28 20 de
1347 1260 113 25 quarante
1481 1259 90 23 heures,
1593 1257 83 20 restric-

1172 1286 49 21 tion
1241 1287 41 19 des
1301 1286 77 25 temps
1397 1285 28 20 de
1443 1284 102 25 roulage,
1566 1282 119 21 obtention

1172 1311 28 20 de
1218 1311 77 25 temps
1312 1311 28 20 de
1357 1314 67 21 repos
1443 1308 159 21 raisonnables
1620 1308 66 19 entre

1173 1336 33 20 les
1224 1336 76 25 temps
1318 1335 28 20 de
1363 1334 102 25 roulage.

1200 1372 45 20 Les
1264 1370 107 25 délégués
1389 1369 41 20 ont
1449 1368 75 20 donné
1541 1368 41 19 des
1600 1366 76 21 Indica-

1172 1395 62 21 tions
1249 1400 29 15 en
1293 1400 26 16 ce
1335 1394 38 26 qui
1389 1397 111 17 concerne
1515 1392 35 20 les
1565 1392 76 24 temps
1657 1391 28 20 de

1172 1420 95 24 roulage
1285 1420 59 20 dans
1362 1419 50 19 leur
1431 1422 64 22 pays,
1515 1415 111 22 insistant
1645 1420 42 15 sur

1172 1445 21 20 le
1208 1444 46 21 fait
1270 1449 43 21 que
1330 1447 39 17 ces
1385 1443 77 24 temps
1477 1442 54 20 sont
1546 1440 139 24 inhumains,

1172 1469 25 20 et
1212 1473 44 21 que
1272 1473 39 16 ces
1326 1471 152 21 surmenages
1495 1465 143 21 constituent
1654 1469 31 16 un

1172 1493 88 25 danger
1277 1497 59 22 pour
1354 1493 22 20 la
1394 1491 100 21 sécurité
1511 1491 115 25 publique.

1200 1528 32 20 Le
1259 1532 145 19 gouverneur
1431 1525 94 26 général
1551 1525 135 24 Ryckmans

1172 1557 32 16 au
1221 1552 59 21 Club
1304 1551 112 21 .Africain.
1440 1561 30 5 —
1486 1551 32 19 Le
1543 1554 145 20 gouverneur

1172 1577 94 25 général
1285 1578 28 19 de
1331 1577 23 20 la
1374 1576 99 23 Colonie,
1492 1576 32 20 M.
1544 1575 142 24 Ryckmans,

1171 1606 15 16 a
1202 1602 38 20 été
1254 1602 62 24 jeudi
1333 1601 79 25 l'objet
1427 1600 67 21 d'une
1509 1600 177 21 manifestation

1172 1627 28 19 de
1219 1626 24 20 la
1258 1626 57 30 part
1333 1626 30 20 du
1382 1626 58 21 Club
1458 1625 113 20 Africain.
1590 1624 97 21 Etaient

1173 1651 107 25 présents
1305 1656 6 15 :
1335 1651 21 20 te
1377 1654 145 22 gouverneur
1543 1650 28 20 de
1592 1650 23 20 la
1636 1654 42 20 pro-

1171 1676 72 23 vince,
1258 1676 73 20 baron
1346 1676 109 22 Holvoet;
1471 1675 21 20 le
1507 1675 88 20 colonel
1610 1675 76 23 Périn,

1171 1701 126 21 secrétaire
1316 1701 95 25 général
1428 1700 31 20 du
1478 1700 68 23 Club;
1565 1700 35 20 les
1618 1699 58 26 géné-

1172 1730 58 16 raux
1248 1725 88 24 Goffin,
1353 1725 93 21 Lebrun
1462 1725 25 20 et
1504 1724 62 26 Ogg;
1585 1725 22 20 le
1625 1729 51 16 com-

1172 1750 112 21 mandant
1309 1749 123 22 honoraire
1457 1749 180 24 Adriaenssens;
1656 1750 31 20 M.

1171 1776 83 22 Devos,
1268 1775 127 21 secrétaire
1410 1775 28 20 de
1452 1774 92 21 l'Union
1558 1774 127 23 Coloniale;

1170 1800 32 20 M.
1229 1800 84 22 Laude,
1341 1799 117 21 directeur
1483 1799 28 21 de
1537 1799 150 21 l'Université

1171 1824 126 23 Coloniale;
1316 1824 31 22 M.
1364 1824 139 24 Schobbens,
1520 1824 100 24 greffier
1634 1829 43 21 pro-

1170 1849 95 24 vincial;
1283 1849 29 20 M
1329 1850 106 24 Verrept,
1453 1843 104 29 échevïn;
1574 1849 23 21 le
1613 1850 74 20 doven

1170 1875 31 19 du
1215 1879 68 18 corps
1297 1874 136 22 consulaire,
1447 1875 31 19 M.
1494 1874 191 24 Souza-Mendès;

1171 1899 21 20 le
1212 1899 88 21 colonel
1319 1900 35 19 De
1375 1899 85 24 Lobbe;
1481 1899 22 20 le
1523 1899 94 25 général
1638 1900 49 20 Pit-

1171 1923 65 20 toors
1252 1924 25 20 et
1296 1924 33 20 les
1348 1924 70 20 Pères
1436 1924 141 20 scheutistes
1595 1924 91 25 Cruyen

1172 1949 24 20 et
1212 1948 206 21 Van-Overmeire.

1200 1973 31 20 M.
1250 1973 123 24 Bertrand,
1393 1973 124 24 président,
1537 1974 109 20 souhaita
1664 1974 24 20 la

1171 1997 127 21 bienvenue
1312 1999 15 19 à
1341 1999 29 19 M.
1386 1999 141 25 Ryckmans,
1543 1999 24 20 et
1581 1999 31 21 fit
1626 1999 52 20 l'élo-

1172 2027 28 20 ge
1219 2023 28 20 de
1265 2028 38 15 ses
1321 2023 129 22 initiatives
1468 2024 58 20 dans
1546 2024 22 20 la
1586 2024 100 22 Colonie,

1171 2048 28 19 de
1213 2052 28 16 sa
1254 2048 64 20 force
1332 2048 28 20 de
1373 2048 100 23 volonté,
1486 2049 21 20 si
1520 2049 57 20 utile
1592 2049 58 20 dans
1664 2049 23 20 la

1171 2072 60 20 lutte
1247 2073 81 20 contre
1345 2073 22 20 la
1383 2073 60 20 crise
1459 2073 155 26 économique.

1199 2104 67 20 Dans
1281 2109 28 15 sa
1325 2104 104 26 réponse,
1447 2105 31 20 M
1496 2105 136 25 Ryckmans
1650 2105 27 21 dé-

1172 2129 69 20 crivit
1257 2129 24 20 la
1295 2129 114 21 situation
1424 2130 59 20 dans
1499 2130 23 20 la
1538 2130 100 23 Colonie,
1654 2130 23 20 in-

1171 2153 87 20 sistant
1278 2158 41 15 sur
1337 2154 35 20 les
1389 2154 114 21 résultats
1521 2155 103 21 heureux
1644 2160 43 20 que

1172 2178 23 19 la
1209 2178 148 20 dévaluation
1371 2183 84 16 amena
1468 2180 59 20 dans
1540 2180 66 21 l'état
1619 2180 59 25 géné-

1172 2203 45 22 ral;
1236 2202 16 20 il
1270 2203 67 25 parla
1355 2204 28 20 de
1401 2204 102 21 l'intérêt
1520 2204 53 26 qu'a
1590 2209 59 20 pour
1666 2205 22 20 le

1171 2227 54 24 port
1242 2228 115 20 d'Anvers
1373 2229 22 20 le
1412 2229 190 25 développement
1618 2231 29 20 de
1664 2230 24 20 la

1171 2252 101 24 Colonie,
1288 2253 31 20 fit
1335 2254 99 19 allusion
1451 2258 47 17 aux
1514 2254 104 25 pénibles
1635 2259 42 16 con-

1172 2277 125 25 séquences
1315 2278 41 20 des
1373 2278 110 20 malaises
1499 2279 101 24 sociaux,
1618 2279 60 21 nuisi-

1172 2301 50 21 bles
1237 2302 16 20 à
1268 2302 24 20 la
1306 2303 131 25 prospérité
1453 2304 30 20 du
1498 2304 60 25 port,
1575 2304 33 20 les
1624 2304 53 21 navi-

1172 2331 38 16 res
1226 2327 48 20 s'en
1290 2328 75 20 allant
1381 2328 128 24 décharger
1524 2329 24 20 et
1563 2329 126 25 recharger

1172 2352 101 20 ailleurs.
1291 2352 79 25 Quant
1386 2354 15 20 à
1417 2358 28 16 sa
1461 2355 65 19 force
1543 2354 29 20 de
1588 2355 99 22 volonté,

1172 2376 32 20 M.
1217 2377 135 24 Ryckmans
1365 2378 30 20 fit
1409 2378 75 20 valoir
1496 2379 54 25 qu'il
1564 2379 53 20 faut
1630 2384 59 20 pour

1172 2400 22 21 le
1209 2401 52 20 bien
1276 2402 41 20 des
1332 2402 126 24 indigènes,
1474 2403 24 21 et
1513 2408 59 21 pour
1586 2404 58 20 celui
1660 2405 29 20 de

1173 2425 23 20 la
1212 2425 156 25 mère-patrie,
1385 2428 23 19 la
1424 2428 63 20 main
1502 2429 28 19 de
1546 2429 43 23 fer,
1605 2429 25 20 et
1645 2433 44 21 que

1173 2450 34 20 les
1229 2451 81 20 motifs
1330 2452 42 20 des
1391 2452 112 21 résultats
1524 2453 55 26 qu'il
1599 2453 90 21 obtient

1174 2476 54 19 sont
1247 2476 21 19 le
1288 2476 120 24 jugement
1427 2477 52 20 sain
1498 2477 25 20 et
1542 2478 147 25 l'optimisme

1173 2499 90 25 malgré
1280 2501 58 20 tout.

1201 2524 33 20 Le
1252 2524 39 21 vin
1312 2525 127 21 d'honneur
1456 2526 88 21 circula
1562 2527 99 21 ensuite.

1722 144 58 22 L-A
1797 143 151 26 LIBRE
1969 143 239 25 BEL.GICLUE

1727 201 111 35 LES
1888 201 308 36 INCENDIES

1774 295 66 20 UNE
1855 296 121 22 MAISON
1989 294 157 22 DETRUITE

1875 320 25 21 A
1912 320 132 21 HAMONT

1730 363 35 19 De
1782 363 67 20 notre
1867 364 181 26 correspondant
2065 364 28 19 de
2109 362 106 20 Hasselt:

1733 387 74 19 Mardi
1826 385 142 28 après-midi,
1986 393 54 17 vers
2059 388 13 19 1
2091 387 22 20 h.
2132 387 35 22 30,
2186 391 32 15 un

1707 411 103 20 incendie
1828 413 58 20 s'est
1903 414 91 20 déclaré
2012 414 16 19 à
2046 412 22 20 la
2087 412 89 19 maison
2195 412 28 19 de

1703 436 31 19 M.
1747 436 75 19 Frans
1833 436 88 21 Meurs-
1922 438 102 24 Vliegen,
2037 437 16 19 à
2064 435 110 23 Hamont,
2186 440 31 17 au

1703 459 117 25 faubourg
1833 461 54 20 Loo.
1903 462 114 21 L'alarme
2031 461 39 20 fut
2084 460 75 19 donné
2174 464 44 20 par

1704 488 31 15 un
1749 484 41 20 des
1803 485 95 21 enfants
1912 488 39 24 qui
1964 491 26 16 se
2003 484 105 21 trouvait
2122 484 59 20 dans
2195 485 23 18 la

1703 508 95 20 cuisine.
1817 508 102 27 Lorsque
1939 511 34 20 les
1991 509 97 26 parents
2106 512 101 17 accouru-

1703 532 60 23 rent,
1783 532 23 20 la
1826 534 89 20 maison
1948 534 115 21 flambait.
2104 532 114 25 Quelques

1705 557 102 20 meubles
1825 559 85 22 purent
1928 560 51 20 être
1997 557 91 22 sauvés.
2108 557 35 20 La
2160 557 47 20 mai-

1703 585 43 16 son
1762 586 15 15 a
1793 581 38 20 été
1847 582 107 22 détruite.
1970 583 35 20 La
2021 581 89 21 famille
2126 582 92 24 compte

1705 605 14 20 8
1734 605 102 20 enfants.

1722 649 39 21 UN
1781 649 144 24 INCENDIE
1946 651 77 22 DANS
2043 650 59 21 UNE
2122 649 89 22 USINE

1875 689 19 21 A
1911 688 143 23 BERCHEM

1733 731 36 21 De
1785 731 73 22 notre
1874 732 197 27 correspondant
2087 736 6 18 :

1733 766 40 21 Un
1785 765 114 24 Incendie
1913 772 15 17 a
1941 768 80 22 éclaté
2034 766 121 22 mercredi
2170 771 54 17 vers

1705 790 27 22 22
1751 792 91 21 heures
1862 793 63 22 dans
1944 792 159 23 l'Automatlc
2120 791 105 22 Electric

1705 815 71 23 Sales
1790 817 35 24 Cy
1839 816 79 23 située
1931 823 45 17 rue
1990 819 33 22 du
2034 817 98 25 Verger,
2147 817 15 22 à
2177 818 38 20 An-

1706 845 61 18 vers.
1782 842 33 21 Le
1827 843 43 22 feu
1884 848 15 16 a
1912 845 52 25 pris
1976 843 134 22 naissance
2124 842 64 22 dans
2202 842 23 21 le

1707 866 174 25 département
1903 870 43 21 des
1967 869 117 26 peintres,
2107 868 32 21 où
2161 870 64 20 dans

1706 896 34 17 un
1757 892 82 22 réduit
1857 895 58 21 sont
1933 895 65 25 jetés
2016 893 37 23 les
2072 893 103 22 déchets
2193 894 31 20 de

1706 916 121 22 couleurs.
1849 918 66 23 C'est
1937 920 25 23 là
1984 924 47 22 que
2052 923 28 17 se
2101 919 124 25 produisit

1707 946 48 17 une
1778 942 133 25 explosion.
1947 947 32 21 Le
2001 943 133 28 personnel
2156 944 69 21 avait

1706 967 112 23 maîtrisé
1835 968 36 23 les
1887 969 115 24 flammes
2018 972 79 20 avant
2113 969 111 22 l'arrivée

1706 994 44 21 des
1773 994 124 25 pompiers
1920 997 32 21 de
1970 995 128 23 Berchem.
2120 995 46 21 Les
2189 1000 26 16 se-

1706 1022 72 18 cours
1794 1020 113 24 prompts
1922 1022 46 21 ont
1983 1020 119 26 empêché
2119 1024 48 17 une
2185 1025 29 17 ca-

1707 1043 138 25 tastrophe.

150 4180 53 87 la
230 4180 121 85 Lie
374 4180 207 101 Belgique

214 4297 310 32 ABONNEMENTS

197 4377 45 21 Les
258 4381 120 15 nouveaux
394 4376 102 20 abonnés
512 4380 58 21 pour

171 4402 90 20 l'année
276 4401 56 21 19S7
347 4401 89 21 entière
450 4401 122 20 recevront

170 4426 170 25 gratuitement
352 4426 22 20 le
386 4426 92 25 journal
490 4426 16 20 à
519 4430 42 21 par-

170 4453 33 20 tir
219 4452 31 21 du
271 4452 38 20 1er
326 4451 122 21 -décembre
466 4451 63 23 1036,
546 4452 25 18 et

168 4481 42 16 sur
221 4476 120 24 demande,
352 4477 24 20 la
387 4475 99 21 matière
498 4479 73 21 parue

169 4502 42 20 des
226 4502 132 19 feuilletons
370 4505 29 16 en
413 4505 69 16 cours
494 4505 15 16 a
523 4500 38 20 cet-

168 4527 26 20 te
209 4526 63 20 date.

211 4590 115 39 PRIX
346 4604 12 24 :
388 4591 53 37 75
466 4590 55 37 frs

194 4684 34 20 Le
245 4683 90 22 service
353 4682 32 21 du
401 4682 94 26 journal
513 4682 57 26 peut

166 4709 52 21 être
235 4708 47 22 fait
301 4708 109 26 Jusqu'au
429 4708 28 20 30
475 4711 84 17 novem-

167 4734 40 21 bre
221 4733 75 21 Inclus
311 4734 142 23 moyennant
469 4737 31 15 un
514 4736 45 22 sup-

166 4759 102 26 plément
287 4758 30 21 de
337 4759 28 20 20
392 4758 114 21 centimes
526 4761 43 23 par

166 4783 60 26 jour.

194 4819 37 21 On
247 4820 109 19 s'abonne
373 4819 16 20 à
406 4819 54 20 tous
477 4820 35 18 les
529 4819 29 19 bu-

166 4848 72 17 reaux
249 4844 30 21 de
291 4843 67 27 poste
370 4843 32 21 du
413 4847 66 22 pays,
487 4847 31 16 ou
525 4847 44 22 par

164 4869 83 26 simple
261 4870 66 19 carte
349 4869 90 26 postale
459 4868 109 21 adressée

164 4899 31 16 au
210 4893 88 22 bureau
315 4894 31 20 du
361 4894 92 25 journal
475 4897 31 17 ou
528 4898 29 16 en-

164 4924 54 17 core
238 4924 44 21 par
303 4920 130 20 versement
453 4919 31 21 du
504 4923 53 17 mon-

165 4946 52 20 tant
229 4947 15 19 à
258 4947 66 18 notre
337 4946 92 25 compte
442 4945 35 21 ch.
491 4950 21 21 p.
525 4945 42 20 376

163 4975 29 16 en
205 4971 74 25 ayant
292 4971 51 20 soin
358 4970 127 26 d'indiquer
497 4974 42 16 sur
547 4970 20 20 le

165 4996 63 20 talon
252 4996 30 20 du
307 4996 88 25 chèque
414 4996 20 20 le
451 4996 69 20 motif
537 4995 29 20 du

165 5022 117 25 paiement
308 5022 24 20 et
358 5021 29 21 de
413 5021 88 20 donner
526 5025 41 15 sod

163 5046 96 21 adresse
275 5046 51 21 bien
343 5046 80 20 lisible.

192 5085 180 20 L'abonnement
403 5085 41 20 dès
466 5088 27 16 ce
514 5086 52 22 Jour

164 5110 92 25 jusqu'à
287 5110 34 20 fin
353 5109 121 21 décembre
513 5109 55 20 1936

167 5135 69 21 coûte
251 5135 64 20 10.50
329 5135 87 20 francs.

164 5173 36 20 On
214 5172 101 20 souscrit
330 5175 90 16 comme
434 5171 119 20 ci-dessus.

673 3654 210 49 Chronique
908 3654 214 50 religieuse.

660 3759 19 17 A
699 3758 218 18 SAINT-GERARD.
935 3767 25 5 —
977 3758 57 18 Chez
1052 3757 32 19 les
1101 3758 43 17 Ber-

639 3780 101 18 nardines
755 3780 158 22 Réparatrices.
929 3788 23 5 —
966 3779 30 18 Le
1009 3779 12 18 8
1036 3779 118 20 décembre,

638 3802 21 18 S.
678 3801 53 19 Exe.
750 3802 49 21 Mgr
817 3801 84 22 Heylcn
920 3800 76 18 bénira
1015 3801 22 17 la
1057 3800 97 18 nouvelle

638 3823 83 18 maison
741 3827 55 18 pour
815 3823 146 19 retraitantes,
981 3821 103 18 instituée
1115 3826 41 17 par

638 3845 31 18 les
682 3845 73 18 Sœurs
767 3845 145 17 Bernardines
925 3843 159 22 Réparatrices,
1099 3843 56 18 dans

638 3867 91 18 l'ancien
742 3867 94 17 château
849 3866 121 18 Moriraont.
986 3865 43 18 Son
1044 3864 101 18 Excellen-

638 3892 25 14 ce
676 3888 96 18 donnera
784 3888 61 18 aussi
858 3887 20 18 le
891 3887 56 18 voile
958 3886 16 18 &
985 3885 108 23 plusieurs
1106 3889 39 18 pos-

638 3910 96 18 tulantes
747 3910 23 18 et
784 3913 89 14 recevra
888 3908 31 19 les
935 3912 65 14 vœux
1015 3907 38 18 des
1067 3906 78 19 nouvel-

639 3932 31 17 les
688 3931 115 22 professes.

661 3953 45 18 Dès
726 3953 58 17 cette
802 3952 58 20 date,
882 3951 21 17 le
923 3954 100 14 nouveau
1063 3949 94 18 couvent

640 3978 48 15 sera
709 3974 77 17 ouvert
806 3976 44 14 aux
871 3972 140 18 retraitantes
1031 3971 76 18 Isolées
1128 3974 28 14 ou

639 4000 28 14 en
684 3999 98 19 groupes,
801 3998 55 19 pour
872 3993 73 19 suivre
962 3993 83 18 l'office
1081 3992 66 18 cister-

639 4017 54 18 cien.

665 4062 97 17 GHÏ.1V.
780 4070 25 5 —
821 4060 31 19 Xjb
870 4064 101 14 nouveau
989 4058 58 19 curé.
1065 4068 25 5 —
1126 4058 29 17 M.

640 4083 70 19 l'abbé
727 4082 91 20 Dellzée,
852 4085 99 14 nouveau
968 4080 52 18 curé
1035 4079 28 18 de
1079 4079 21 18 la
1117 4083 29 18 pa-

640 4105 73 20 roisse,
732 4104 104 18 chantera
851 4103 22 17 la
889 4106 70 14 messe
976 4101 113 19 dimanche
1103 4100 15 18 à
1133 4100 24 18 10

640 4127 84 19 heures,
745 4130 27 13 en
791 4124 83 22 l'église
892 4123 127 23 paroissiale
1038 4126 53 14 avec
1110 4122 37 17 l'ai-

640 4148 71 18 mable
726 4151 104 14 concours
846 4146 26 18 de
889 4146 22 17 la
926 4145 91 18 Chorale
1034 4143 121 18 St-Martin.

666 4191 179 19 HEBDEBSEN.
863 4200 22 4 —
903 4190 32 18 De
954 4190 63 17 notre
1035 4191 114 19 correspon-

643 4213 54 18 dant
712 4217 6 14 :
1069 4229 8 6 .
1104 4229 9 6 .

637 4234 7 9 '
665 4234 42 18 Les
722 4233 73 18 Sœurs
807 4232 127 22 Joséphines
948 4230 103 19 viennent
1063 4229 27 19 de
1103 4229 57 18 fêter

644 4255 19 17 le
679 4254 58 18 75me
753 4252 148 19 anniversaire
919 4252 27 17 de
964 4252 22 17 la
1002 4251 112 18 fondation
1132 4250 27 18 de

644 4275 45 17 leur
706 4274 93 18 institut.
816 4274 81 17 Toutes
914 4273 32 17 les
962 4271 106 19 autorités
1085 4271 74 17 civiles

644 4295 79 18 locales
734 4295 39 17 ont
783 4295 53 17 tenu
848 4298 15 14 a.
875 4293 92 18 assister
977 4293 15 17 à
1007 4292 21 18 la
1043 4295 69 14 messe
1126 4292 23 21 Ju-

645 4315 80 19 bilaire.
743 4315 42 17 Les
802 4315 72 18 Sœurs
891 4314 39 18 ont
957 4313 34 18 été
1019 4312 111 19 conduites
1145 4312 14 17 A

644 4336 87 20 l'église,
746 4335 113 22 précédées
873 4335 26 17 de
913 4334 22 18 ta
948 4334 98 21 musique
1060 4334 22 17 et
1095 4333 65 17 d'une

644 4357 120 21 délégation
781 4356 39 18 des
835 4356 89 17 anciens
952 4354 153 20 combattants,
1123 4357 28 17 qv

644 4378 38 17 ont
694 4376 125 24 congratulé
832 4377 23 17 et
869 4375 149 25 complimenté
1033 4376 31 17 les
1079 4375 79 17 Sœurs.

644 4396 102 21 CelleB-cr
758 4399 38 16 ont
811 4397 87 22 pénétré
912 4393 55 21 dans
983 4396 81 22 l'église
1078 4395 72 22 parois-

645 4419 53 17 siale
710 4422 28 14 au
750 4418 66 18 chant
828 4418 28 18 du
869 4422 11 12 «
890 4417 130 21 Magnificat
1031 4421 17 13 ».
1058 4416 33 17 La
1103 4420 47 14 com-

645 4443 64 14 mune
725 4439 81 18 entière
822 4438 54 18 était
891 4437 107 23 pavolsée.
1014 4437 30 17 Le
1058 4436 101 19 révérend

644 4460 69 22 doyen
728 4459 20 20 d'
750 4459 62 19 Alost
829 4463 15 13 a
861 4459 43 18 fait
931 4458 76 22 l'éloge
1020 4457 39 18 des
1088 4457 72 18 Sœurs

646 4480 62 23 après
720 4479 125 22 l'Evangile.

668 4501 32 19 La
717 4500 118 19 cérémonie
866 4499 113 22 religieuse
999 4498 109 20 terminée,
1130 4498 31 17 les

646 4522 72 18 Sœurs
735 4522 38 17 ont
790 4521 34 18 été
851 4520 135 18 reconduites
1013 4523 29 14 au
1069 4520 92 16 couvent

646 4547 52 13 avec
716 4542 19 18 le
750 4542 68 18 môme
848 4541 134 18 cérémonial.
1000 4540 29 20 M.
1048 4540 19 17 le
1085 4539 67 22 bourg-

646 4564 79 17 mestre
741 4567 15 17 y
772 4566 15 14 a
801 4561 106 20 prononcé
935 4565 30 14 un
993 4561 98 18 discours
1120 4560 41 18 élo-

645 4585 71 21 gieux.
732 4584 42 17 Les
792 4583 73 18 Sœurs
882 4583 39 17 ont
938 4585 49 18 reçu
1007 4582 110 21 beaucoup
1135 4580 27 18 de

645 4606 97 17 cadeaux
770 4604 23 18 et
821 4603 107 23 plusieurs
956 4602 151 22 télégrammes
1136 4602 26 17 de

646 4625 128 24 sympathie.

1204 2611 201 22 BONSECOURS
1425 2613 136 25 (Hainaut).
1585 2625 26 5 —
1635 2616 60 20 Cure

1175 2635 27 20 de
1222 2641 68 20 repos
1310 2641 55 16 soun
1386 2638 112 20 direction
1518 2639 112 21 médicale
1657 2640 37 21 Et

1174 2660 209 26 d'Hydrothérapie
1396 2662 103 21 Docteur
1511 2663 184 23 DELAUNOTS.

1610 2687 58 23 ■258

1202 2751 24 21 A
1245 2752 149 21 ALBECKE.
1411 2763 31 6 —
1457 2754 36 20 La
1511 2755 134 22 Ste-Céclle.
1662 2766 30 5 —

1175 2775 35 20 De
1228 2777 68 20 notre
1314 2778 183 25 correspondant
1517 2784 6 16 :

1204 2807 153 21 L'Harmonie
1390 2810 80 24 royale
1503 2816 12 13 <
1549 2811 82 27 Deugd
1663 2816 29 16 en

1175 2831 94 26 Vreugd
1289 2838 12 13 >
1318 2834 79 20 fêtera
1421 2835 21 20 le
1467 2835 29 20 29
1520 2836 124 21 novembre
1669 2837 23 20 la

1177 2856 174 22 Sainte-Cécile.
1371 2859 52 20 Une
1442 2860 159 24 grand'messe
1619 2862 64 20 solen-

1176 2882 60 19 nelle
1255 2887 54 16 sera
1328 2883 99 21 chantée
1446 2885 16 19 à
1482 2885 27 20 10
1528 2886 22 20 h.
1570 2885 15 21 à
1604 2886 88 25 l'église

1177 2905 199 23 Saint-Corneille.
1394 2910 21 18 A
1433 2909 77 21 l'issue
1529 2911 28 19 de
1575 2911 23 19 la
1616 2915 76 17 messe

1177 2935 59 16 aura
1249 2932 45 20 lieu
1309 2937 45 16 une
1367 2933 79 26 pieuse
1461 2935 177 21 manifestation
1651 2941 43 16 sur

1178 2956 34 19 les
1245 2957 90 20 tombes
1368 2958 41 21 des
1442 2959 116 21 membres
1591 2960 102 21 défunts.

1177 2980 169 25 L'après-midi,
1375 2982 104 26 banquet
1506 2984 16 20 à
1550 2984 24 21 la
1604 2985 88 20 Maison

1178 3006 151 20 communale.
1347 3008 22 19 A
1387 3008 28 19 17
1431 3008 29 21 h.,
1478 3009 73 20 soirée
1570 3009 123 26 artistique

1178 3029 58 21 dans
1252 3030 23 20 la
1289 3031 59 20 salle
1365 3032 198 22 Saint-Corneille.

1207 3117 21 20 A
1243 3118 149 22 SOIGNIES.
1408 3131 28 4 —
1449 3121 81 20 Cercle
1557 3122 63 20 Léon
1635 3123 62 20 XOI.

1180 3153 24 4 —
1217 3142 80 23 Lundi,
1310 3143 27 20 23
1349 3144 124 20 novembre
1484 3145 15 20 à
1511 3145 14 20 7
1536 3146 22 20 h.
1570 3146 28 20 30
1609 3147 29 20 du
1649 3148 49 19 soir

1178 3166 136 21 conférence
1328 3172 43 20 par
1384 3169 20 19 le
1417 3169 27 20 R.
1458 3170 25 19 P.
1497 3170 93 20 Martial
1604 3172 93 20 Lekeux

1178 3189 157 22 Franciscain.
1350 3193 124 24 Ex-major
1488 3194 141 21 d'artillerie.

1207 3214 68 25 Sujet
1292 3220 6 16 :
1314 3216 36 20 Où
1365 3217 143 21 allons-nous
1528 3219 13 20 ?

1248 3302 68 24 (Voir
1330 3303 64 23 suite
1409 3304 119 23 huitième
1543 3307 81 24 page.)

1194 3386 237 75 JOURNAL
1460 3390 219 73 OFFICIEL

853 4663 75 20 *»♦-)

675 4705 22 21 A
710 4705 42 21 LA
765 4702 164 23 LOUVIERE.
941 4712 31 6 —
986 4701 23 20 A
1022 4705 84 21 propos
1120 4700 41 20 des

649 4734 69 22 gares
735 4729 30 21 de
783 4729 25 20 la
824 4727 60 21 ville.
903 4737 29 5 —
949 4725 61 22 D'un
1028 4729 124 21 correspon-

645 4753 58 23 dant
719 4759 7 16 :

674 4780 35 21 La
721 4778 113 22 direction
846 4777 29 21 de
887 4777 24 20 la
922 4776 23 21 S.
957 4776 29 21 N.
999 4776 41 20 des
1052 4774 110 22 Chemins

646 4805 28 20 de
688 4805 37 20 fer
739 4803 80 25 belges
832 4801 87 22 semble
933 4800 105 26 disposée
1052 4799 98 21 d'exami-

646 4834 43 16 ner
703 4834 56 16 avec
773 4827 166 22 bienveillance
954 4827 20 20 le
989 4824 117 27 problème
1121 4824 41 21 des

646 4859 70 21 gares
734 4854 28 20 de
781 4854 35 20 La
833 4851 118 23 Louvière,
970 4850 45 26 qui,
1034 4850 80 25 depuis
1133 4849 28 20 de

645 4879 151 21 nombreuses
810 4877 93 24 années,
927 4876 38 20 est
986 4876 17 20 à
1024 4875 84 20 l'ordre
1130 4874 31 20 du

645 4905 54 23 jour
723 4904 35 20 De
774 4903 59 26 plus,
850 4902 44 21 elle
910 4906 15 15 a
942 4900 74 22 donné
1033 4900 83 20 l'ordre
1132 4899 29 20 de

645 4934 41 16 sur
704 4928 61 21 seoir
783 4928 16 21 à
817 4926 160 22 l'installation
996 4925 68 21 d'une
1082 4928 68 22 passe-

646 4954 55 21 relle
716 4954 15 21 à
746 4954 33 21 La
794 4951 211 24 Louvière-Bouvy.

673 4979 36 21 La
723 4977 112 22 direction
850 4977 29 20 de
893 4977 24 20 la
932 4975 90 22 Société
1037 4974 56 21 s'est
1110 4978 40 16 ren-

645 5004 44 21 due
702 5004 16 21 à
732 5004 33 20 La
778 5001 112 22 Louvière
903 5001 50 21 afin
966 4999 142 22 d'examiner
1120 5003 42 16 sur

646 5029 65 25 place
730 5028 34 20 les
782 5026 132 22 desiderata
933 5026 28 20 de
979 5025 23 20 la
1020 5023 141 27 population.

644 5055 34 20 La
697 5052 119 22 Direction
834 5056 14 16 a
866 5051 79 20 décidé
964 5050 140 21 d'examiner
1122 5053 28 16 en-

646 5083 53 16 core
717 5083 45 15 une
781 5077 46 21 fois
853 5076 21 21 le
899 5075 77 27 projet
1002 5075 29 21 de
1057 5074 104 22 créatiop

644 5103 68 20 d'une
735 5107 57 21 gare
815 5101 138 21 desservant
976 5100 62 20 cette
1062 5099 98 21 localité.

646 5128 50 20 Elle
710 5132 26 15 se
751 5127 94 21 mettra,
860 5126 15 20 à
889 5125 62 22 cette
965 5125 41 23 fin,
1021 5129 28 15 en
1065 5123 97 27 rapport

646 5157 56 15 avec
723 5152 34 20 les
778 5150 147 25 organismes
944 5150 83 20 locaux
1048 5153 59 21 pour
1127 5153 24 15 re-

647 5176 110 20 chercher
772 5180 45 15 une
831 5174 100 21 solution
946 5174 38 26 qui
998 5174 98 24 ménage
1110 5173 13 20 P
1140 5173 23 19 la

647 5200 46 20 fois
707 5200 34 19 les
755 5199 98 20 intérêts
867 5200 28 19 de
908 5199 23 19 la
946 5199 53 19 ville
1013 5199 28 19 de
1055 5199 34 19 La
1103 5198 48 19 Lou-

647 5223 63 19 vière
723 5223 25 19 et
762 5223 28 19 de
804 5223 24 18 la
842 5222 97 20 Société.

1325 3490 38 18 (du
1379 3491 23 17 20
1417 3492 125 19 novembre)

1196 3529 124 19 JUSTICE.
1335 3539 25 5 —
1374 3531 68 18 Ordre
1456 3532 27 17 de
1497 3532 22 18 la
1535 3532 119 19 Couronne.
1670 3543 25 4 —

1175 3550 42 19 Les
1236 3551 83 22 palmes
1337 3552 46 18 d'or
1402 3553 27 17 de
1448 3553 83 18 l'Ordre
1551 3554 27 17 de
1598 3554 21 18 la
1639 3555 45 18 Cou-

1175 3575 66 15 ronne
1254 3574 51 17 sont
1318 3574 112 20 conférées
1442 3575 15 17 à
1471 3575 28 17 M.
1514 3575 140 22 Hinderyckx
1668 3577 24 17 F.

1198 3594 68 18 Ordre
1279 3595 121 21 Judiciaire.
1414 3605 25 5 —
1451 3596 41 18 Est
1505 3597 103 20 acceptée
1623 3598 21 17 la
1658 3598 27 18 dé-

1175 3615 89 18 mission
1292 3616 27 18 de
1348 3617 28 17 M.
1398 3617 141 21 Hinderyckx
1558 3618 33 21 F.,
1611 3619 28 17 de
1658 3623 36 14 ses

1174 3637 109 19 fonctions
1299 3638 27 18 de
1341 3639 92 21 greffier
1449 3635 85 25 adjoint
1548 3640 15 18 &
1579 3640 51 17 titre
1646 3644 39 18 per-

1174 3659 75 18 sonnel
1263 3659 15 18 à
1291 3659 22 19 la
1326 3660 80 22 justice
1419 3661 26 17 de
1459 3661 50 22 paix
1524 3661 30 18 du
1567 3662 35 16 1er
1615 3664 78 15 canton

1174 3680 27 18 de
1220 3681 90 22 Bruges.
1331 3682 19 18 Il
1370 3684 36 16 est
1424 3682 71 18 admis
1514 3683 16 17 à.
1549 3683 57 17 faire
1625 3683 69 18 valoir

1174 3707 35 13 ses
1224 3703 69 18 droits
1306 3703 15 18 à
1335 3704 22 17 la
1368 3705 90 21 pension
1472 3706 22 16 et
1508 3705 97 17 autorisé
1618 3704 15 17 à
1645 3709 39 17 por-

1174 3725 34 17 ter
1224 3724 20 18 le
1260 3725 52 18 titre
1328 3725 137 23 honorifique
1481 3726 26 17 de
1524 3730 36 13 ces
1577 3726 115 17 fonctions.

1196 3746 42 19 Est
1255 3747 90 18 institué
1364 3747 51 22 juge
1432 3751 35 14 au-
1480 3747 94 18 tribunal
1592 3747 27 18 de
1636 3751 47 14 com-

1174 3772 71 14 merce
1259 3768 27 18 de
1299 3768 167 21 Saint-Nicolas,
1480 3769 28 17 M.
1524 3769 32 17 De
1570 3768 75 18 Smedt
1659 3769 33 20 A.,

1173 3790 77 18 ancien
1266 3790 112 18 industriel
1394 3790 15 17 à
1424 3790 104 18 Lokeren.
1546 3790 106 21 Dispense
1667 3790 27 18 de

1175 3811 132 22 l'obligation
1326 3812 27 18 de
1380 3812 82 18 résider
1487 3815 30 14 au
1543 3811 103 18 chef-lieu
1665 3812 29 17 du

1174 3834 82 17 ressort
1272 3834 35 17 est
1321 3833 104 18 accordée
1441 3833 15 18 à
1471 3833 29 18 M.
1516 3833 33 17 De
1564 3832 80 19 Smedt.

1196 3874 142 18 AFFAIBES
1358 3873 191 19 ETRANGERES
1569 3873 36 17 ET
1626 3873 58 18 COM-

1174 3896 98 18 MERCE
1290 3896 174 17 EXTERIEUR.
1482 3904 25 5 —
1522 3895 88 18 Bureau
1628 3895 57 17 inter-

1174 3918 96 18 national
1285 3918 38 20 des
1336 3918 65 17 tarif»
1415 3917 122 18 douaniers.
1550 3925 25 5 —
1587 3916 68 18 Ordre
1666 3916 28 18 de

1178 3939 98 22 Léopold.
1295 3948 24 5 —
1337 3938 146 18 Nomination.
1502 3947 25 5 —
1543 3938 29 17 M.
1593 3937 102 18 Briffeuil

1174 3960 34 21 R.,
1223 3961 51 18 chef
1286 3960 28 18 de
1327 3961 83 17 section
1423 3964 29 13 au
1465 3960 88 17 Bureau
1566 3958 118 18 internatio-

1175 3982 36 18 nal
1226 3982 38 18 des
1279 3982 65 18 tarifs
1358 3981 122 20 douaniers,
1496 3981 34 17 est
1545 3980 85 18 nommé
1645 3980 39 17 che-

1175 4004 69 18 valier
1258 4004 27 18 de
1302 4004 83 18 l'Ordre
1401 4003 27 18 de
1444 4002 99 22 Léopold.

1197 4026 191 18 TRANSPORTS.
1403 4034 25 5 —
1442 4024 131 18 Distinction
1590 4022 94 18 honorifi-

1175 4051 48 18 que.
1236 4056 25 5 —
1273 4048 29 17 M.
1316 4047 96 21 Wagner
1424 4046 31 20 L.,
1471 4045 123 20 inspecteur
1607 4043 87 21 général

1175 4072 29 14 au
1219 4068 89 19 Chemin
1324 4068 28 18 de
1368 4068 35 17 fer
1418 4067 27 18 de
1461 4066 91 18 Malines
1569 4066 15 17 à
1599 4066 95 17 Terneu-

1176 4094 45 15 zen,
1239 4091 35 17 est
1288 4089 86 19 nommé
1389 4089 88 18 officier
1491 4088 26 17 de
1533 4087 83 18 l'Ordre
1631 4086 27 18 de
1673 4086 21 17 la

1177 4112 117 18 Couronne.

1200 4149 123 17 JUSTICE.
1338 4157 24 5 —
1379 4147 68 18 Ordre
1462 4147 27 18 de
1505 4146 23 18 la
1540 4145 120 18 Couronne.
1674 4153 23 5 —

1178 4169 170 18 Commandeurs
1367 4173 5 13 :

1201 4190 51 17 MM.
1273 4189 96 18 Bernard
1389 4188 31 20 F.,
1452 4187 124 21 inspecteur
1603 4186 93 22 général,

1178 4210 50 18 chef
1242 4211 84 21 adjoint
1337 4211 30 18 du
1382 4210 86 18 cabinet
1481 4209 30 18 du
1525 4208 98 18 ministre
1635 4207 26 17 de
1677 4207 21 18 la

1178 4231 94 21 Justice;
1291 4231 96 18 Massart
1403 4231 33 20 A.,
1451 4229 112 25 président
1581 4229 30 17 du
1629 4227 58 19 tribu-

1179 4253 35 17 nal
1232 4252 26 18 de
1274 4256 119 14 commerce
1408 4253 26 17 de
1451 4251 72 21 Liège.

1201 4273 125 18 Chevaliers
1345 4278 6 13 :
1368 4273 52 18 MM.
1439 4272 95 18 Bekaert
1551 4271 30 20 P.,
1599 4270 97 22 greffier,

1178 4294 94 20 Assche;
1292 4294 63 18 Bette
1373 4294 34 20 A.,
1427 4293 110 20 Châtelet;
1554 4291 98 18 Blermez
1668 4291 28 21 J.,

1179 4315 81 20 Etalle;
1277 4315 92 18 Boccart
1384 4314 28 20 J..
1429 4314 90 20 Fosses;
1536 4312 116 19 Bottrlaux
1668 4312 28 20 J.,

1179 4335 67 21 Lens;
1264 4336 67 18 Burm
1349 4336 31 20 L.,
1400 4334 130 21 Termonde;
1547 4334 102 18 Cambier
1666 4333 30 21 Z.,

1179 4356 128 21 Termonde;
1338 4356 130 22 Cartuyvels
1485 4355 38 21 M.,
1540 4355 100 20 Hasselt;
1668 4354 27 18 H.

1179 4376 84 22 Claeys,
1278 4377 15 18 à
1310 4377 127 22 Oostcamp;
1455 4376 129 19 Ceulemans
1601 4376 32 20 A.,
1653 4375 34 18 An-

1180 4401 59 17 vers;
1259 4398 64 18 Colen
1341 4398 32 21 E.,
1394 4398 123 20 Bruxelles;
1546 4397 88 18 Combel
1664 4396 31 20 O.,

1179 4419 138 20 Audenarde;
1335 4419 53 18 Dael
1407 4419 32 21 L.,
1458 4418 119 24 Ledeberg;
1596 4418 100 22 Dauphin

1180 4439 30 19 L.,
1227 4440 120 20 Charleroi;
1376 4440 98 18 Debèche
1492 4440 36 20 M.,
1554 4438 80 23 Llége;
1665 4438 32 18 De

1180 4460 97 21 Cuypere
1295 4461 35 19 H.,
1362 4461 110 20 Courtrai;
1502 4461 32 17 De
1565 4460 80 22 Geyter
1664 4461 23 18 A,

1180 4481 102 21 Hamme;
1299 4481 31 18 De
1357 4482 93 17 Gueldre
1465 4482 33 20 R.,
1527 4481 121 21 Charleroi;
1665 4481 32 17 De

1180 4501 54 18 Loof
1249 4502 31 20 G.,
1295 4502 145 21 Oosterzeele;
1453 4503 28 18 de
1496 4502 86 18 Hollain
1599 4502 96 22 (écuyer)

1180 4521 32 21 G.,
1232 4522 72 19 Mons;
1323 4522 92 19 Demars
1433 4523 31 21 L.,
1483 4523 104 20 Tournai;
1620 4523 76 18 Deulln

1180 4542 31 19 O.,
1231 4543 243 19 Marchlenne-au-Pont
1479 4548 6 16 ;
1504 4544 92 22 Drapier
1613 4544 28 20 J.,
1661 4545 27 17 Se-

1182 4563 71 20 reins;
1286 4563 81 18 Dubois
1386 4564 31 21 L.,
1437 4564 98 19 Mortier-
1536 4565 61 20 Viaé;
1629 4565 68 21 Engel

1181 4584 32 19 R.,
1227 4584 122 20 Bruxelles;
1365 4585 88 18 FÔrster
1466 4586 32 20 E.,
1511 4586 120 21 Malmedy;
1647 4586 50 17 Fre-

1181 4608 39 14 son
1235 4605 46 20 Ch„
1297 4605 74 21 Llége;
1388 4606 81 18 Gérard
1484 4607 32 20 G.,
1534 4607 81 20 Etalle;
1631 4607 57 18 Goos-

1181 4629 51 14 sens
1250 4626 33 20 A.,
1304 4626 93 20 Assche;
1428 4627 93 21 Guyaux
1539 4627 33 21 E.,
1606 4628 90 20 Binche;

1181 4646 97 18 Hendrlx
1291 4646 31 21 L.,
1339 4646 69 20 Léau;
1424 4647 104 19 Hoschelt
1539 4649 33 18 A.,
1587 4648 110 21 Verviers;

1181 4667 68 17 Kenls
1264 4667 28 20 J.,
1305 4667 130 22 Grivegnée;
1451 4669 92 17 Klincke
1558 4669 35 21 H.,
1610 4669 79 18 Malme-

1180 4688 40 21 dy;
1237 4687 103 19 Lauwers
1355 4688 28 20 J.,
1402 4689 120 21 Bruxelles;
1540 4689 30 18 Le
1586 4689 68 18 Maire
1670 4690 27 21 J.,

1181 4709 75 21 Llége;
1275 4709 69 21 Leroy
1361 4709 32 21 O.,
1409 4710 73 21 Mons;
1497 4710 70 22 Leroy
1585 4710 28 21 S.,
1632 4711 58 17 Tour-

1182 4730 46 20 nai;
1247 4730 85 22 Meyers
1350 4730 28 21 J.,
1399 4730 169 19 Slchen-Sussen
1587 4732 22 17 et
1625 4731 73 21 Bolré;

1182 4751 96 18 Mlclotte
1294 4751 28 20 J.,
1348 4751 73 20 Mons;
1449 4752 87 17 Mouvet
1564 4752 33 20 A.,
1625 4751 74 21 Mons;

1182 4772 80 18 NIssen
1279 4771 31 21 L„
1332 4772 110 20 Verviers;
1462 4772 88 18 Peeters
1568 4772 32 21 F.,
1631 4773 59 17 Turn-

1182 4793 64 19 hout;
1290 4793 58 18 Petit
1375 4793 27 22 J.,
1444 4793 255 20 Marche-en-Famenne;

1183 4814 155 18 Schellscheldt
1355 4814 31 20 O.,
1407 4814 135 19 Salnt-Vith;
1568 4814 132 18 Schelstrae-

1182 4836 23 17 te
1223 4835 34 20 A.,
1277 4834 94 23 Bruges;
1391 4834 122 22 Schwellng
1528 4835 28 19 J.,
1577 4835 122 20 Bruxelles;

1183 4856 93 22 Spitaels
1292 4856 31 20 C,
1341 4856 73 19 Mons;
1445 4855 86 19 Vander
1561 4856 79 21 Wegen
1668 4856 31 20 C,

1183 4872 88 25 Ixelles;
1300 4877 86 18 Vander
1402 4877 82 18 Wielen
1503 4876 34 20 H.,
1556 4876 78 21 Glons;
1654 4877 46 17 Van

1183 4898 80 18 Durme
1283 4898 33 20 A.,
1339 4898 72 20 Gand;
1432 4898 48 18 Van
1501 4897 61 18 Hove
1580 4898 32 20 A.,
1633 4898 67 17 Aren-

1182 4919 80 20 donck;
1278 4919 46 18 Van
1338 4919 106 21 Schingen
1458 4919 31 20 A.,
1505 4918 133 22 Beauralng;
1654 4919 46 17 Van

1183 4940 85 22 Uytven
1285 4940 46 20 Ch.,
1350 4940 101 20 Malines;
1469 4939 66 22 Velge
1552 4940 35 19 M.,
1606 4940 95 17 Lennlck

1183 4961 139 22 St-Quentln;
1351 4961 80 18 Vlaene
1458 4961 32 20 E.,
1520 4960 180 21 Oostroosebeke;

1184 4982 73 22 Vygen
1273 4983 33 20 G.,
1325 4982 231 19 Chaumont-Glstoux.

1205 5014 68 18 Ordre
1290 5014 26 17 de
1333 5013 90 23 Léopnld
1443 5013 29 18 II.
1501 5021 25 6 —
1551 5013 98 18 Officier.
1680 5021 20 5 —

1183 5035 27 17 M.
1227 5034 71 19 Humé
1311 5035 33 20 A.,
1359 5033 71 23 Llége.

1205 5056 131 18 Chevaliers.
1355 5065 21 4 —
1393 5055 51 18 MM.
1460 5054 121 19 Alexandre
1597 5054 27 20 J-,
1643 5055 57 17 Mus-

1183 5081 49 16 son;
1249 5076 105 23 Eisschop
1369 5076 36 21 M.,
1423 5076 108 20 Louvain;
1549 5075 98 19 Bouchât
1664 5075 36 20 M.,

1183 5098 101 19 Malines;
1301 5098 31 17 De
1345 5098 78 18 Groote
1436 5098 30 21 C,
1483 5097 93 21 Bruges;
1593 5097 61 17 Frics
1669 5097 31 20 F.,

1183 5119 168 20 Neffc-Dinant;
1367 5119 73 21 Lynen
1455 5114 27 25 J..
1499 5118 129 21 Termonde;
1644 5118 57 17 Mas-

1183 5141 48 17 cart
1245 5140 28 20 J.,
1293 5140 105 22 Ragnles;
1429 5140 109 17 Mormont
1568 5140 33 20 A.,
1632 5139 69 23 Long-

1183 5162 100 21 champs;
1300 5162 67 17 Noefs
1381 5161 32 20 R.,
1429 5161 128 21 Termonde;
1573 5160 80 18 Pichon
1668 5160 32 19 G..

1183 5182 99 20 Hfissclt;
1301 5182 72 17 Pierre
1387 5182 33 20 E.,
1436 5182 87 18 Dinant.

1355 5223 67 23 (Voir
1438 5223 65 21 suite
1519 5228 29 16 en
1566 5227 63 21 page
1644 5224 22 21 91

2242 186 74 70 les
2331 186 249 71 Accidents
2602 184 151 71 d'Auto

2322 318 47 36 Un
2381 321 92 40 jeune
2489 318 125 46 cycliste
2627 320 51 33 tué

2259 375 56 29 par
2331 376 40 22 un
2387 363 158 36 chauffard
2561 366 18 32 à
2592 364 145 34 Andenne

2272 424 88 24 Mardi,
2380 431 54 17 vers
2453 426 28 22 20
2500 428 24 20 h.
2543 426 34 24 30,
2596 426 32 21 M.
2647 424 112 23 Edmond

2244 450 128 25 Godfroid,
2386 452 46 24 âgé
2447 452 29 21 de
2491 452 26 21 19
2532 456 53 19 ans,
2599 451 97 22 ouvrier
2710 450 39 21 d'a-

2244 475 80 25 ciérie,
2340 476 121 23 domicilié
2476 482 43 18 rue
2534 478 30 22 de
2579 477 102 23 Perwez,
2697 477 15 21 à
2725 476 35 21 La

2244 500 239 27 Flismes-Andenne,
2497 503 92 21 roulait
2602 504 15 21 à
2631 502 60 24 vélo,
2705 505 45 18 ave-

2243 530 49 18 nue
2309 528 44 20 Roi
2369 528 91 25 Albert,
2490 530 64 20 dans
2583 528 26 22 la
2638 528 122 22 direction

2245 552 165 23 d'Andenelle.

2272 579 21 20 A
2310 583 34 17 un
2361 582 112 21 moment
2489 580 82 22 donné
2587 579 19 22 11
2622 579 40 21 fut
2679 582 72 18 accro-

2245 604 46 21 ché
2306 608 46 20 par
2367 609 48 18 une
2431 606 60 21 auto
2506 607 42 24 qui
2561 605 94 21 suivait
2670 604 25 21 la
2711 604 40 21 mê-

2245 634 40 16 me
2305 630 130 25 direction;
2458 631 18 22 11
2495 631 41 21 fut
2556 631 96 25 projeté
2672 634 44 17 sur
2735 629 26 21 la

2244 655 120 22 chaussée
2377 658 25 20 et
2410 657 81 22 traîné
2502 662 44 16 sur
2558 661 48 18 une
2618 658 89 22 longue
2715 655 38 21 dis-

2245 681 80 20 tance.
2342 682 39 21 Un
2400 682 111 21 médecin
2528 682 109 25 prévenu
2654 685 47 21 par
2716 680 45 22 des

2245 706 107 22 témoins
2367 707 30 21 de
2412 707 138 25 l'accident,
2579 707 44 21 n'a
2652 711 33 20 pu
2714 710 47 21 que

2245 733 128 21 constater
2388 733 22 22 le
2426 733 72 21 décès
2514 734 33 20 du
2562 733 75 25 Jeune
2652 731 109 26 cycliste.

2274 757 153 25 Cependant,
2459 758 201 22 l'automobiliste
2692 758 70 21 avait

2245 784 117 21 continué
2373 788 29 17 sa
2413 785 78 24 route,
2501 788 32 18 ne
2542 783 163 26 s'inqulétant
2715 787 46 22 pas

2246 809 30 21 de
2292 813 29 17 sa
2337 809 99 21 victime

1706 1124 65 37 Une
1797 1125 195 40 information
2021 1132 47 31 est
2097 1133 126 30 ouverte

1859 1172 19 34 à
1900 1173 112 49 charge
2034 1171 38 37 de

1772 1214 21 16 "
1805 1213 144 41 L'Action
1964 1215 157 38 Wallonne
2133 1243 20 16 „

1734 1301 67 22 Nous
1818 1306 141 21 apprenons
1973 1308 46 21 que
2034 1302 22 24 le
2071 1303 108 25 Parquet
2195 1304 30 21 de

1706 1326 72 26 Llége
1796 1327 69 22 vient
1881 1329 107 22 d'ouvrir
2021 1333 50 18 une
2106 1329 109 22 informa-

1707 1352 53 20 tion
1779 1356 32 17 au
1829 1353 69 24 sujet
1916 1355 30 21 de
1964 1355 26 22 la
2007 1354 154 27 publication
2179 1359 47 21 par

1707 1383 12 14 «
1739 1377 114 22 L'Action
1873 1379 129 23 Wallonne
2020 1386 19 18 >,
2060 1380 59 22 d'un
2140 1381 85 21 dessin

1707 1403 176 24 représentant
1899 1405 22 22 le
1937 1407 46 21 Roi
1999 1405 101 23 serrant
2114 1405 26 21 la
2156 1406 69 21 main

1707 1432 32 17 au
1758 1428 144 23 chancelier
1919 1431 87 22 Hitler.
2031 1431 35 22 La
2085 1431 141 22 caricature

1707 1453 64 23 était
1788 1454 131 28 présentée
1937 1461 57 18 sous
2013 1456 23 22 le
2054 1456 61 22 titre
2134 1461 6 17 :
2161 1462 13 15 «
2191 1457 35 22 La

1707 1479 113 21 nouvelle
1832 1481 192 25 Interprétation
2034 1482 32 22 de
2078 1481 25 22 la
2115 1481 100 22 Braban-

1707 1508 79 22 çonne
1805 1505 12 22 ?
1837 1512 12 13 »

1735 1537 33 21 Le
1781 1537 123 23 directeur
1919 1541 31 20 de
1966 1547 12 15 «
1992 1539 113 23 L'Action
2119 1539 97 22 Wallon-

1708 1566 32 17 ne
1757 1568 11 15 »
1786 1563 40 21 est
1841 1564 33 21 M.
1890 1565 29 21 G.
1935 1565 126 25 Truffaut,
2093 1565 91 25 député
2201 1566 25 20 et

1708 1587 103 22 échevin
1827 1589 126 23 socialiste
1970 1592 30 22 de
2015 1590 79 25 Llége.

1711 1669 200 54 Elevage
1940 1675 53 43 et
2026 1672 194 45 Culture

1729 1775 157 19 BASTOGNE.
1920 1787 25 5 *—
1960 1777 114 23 Expertise
2110 1777 114 19 d'étalons.

1707 1805 23 4 —
1748 1796 33 18 De
1799 1798 62 17 notre
1879 1799 168 22 correspondant
2069 1803 7 14 :

1730 1818 102 18 Juments
1848 1819 27 17 de
1892 1820 12 17 3
1919 1824 41 15 ans
1982 1825 5 14 :
2005 1821 17 17 1.
2057 1820 71 20 Flora,
2147 1820 43 21 bal,
2209 1820 15 18 à

1707 1840 80 18 Abinet
1805 1840 32 20 L.,
1856 1841 26 17 de
1899 1841 96 23 Bourcy;
2013 1842 18 18 2.
2050 1842 83 20 Rausa,
2152 1842 43 20 bai,
2214 1843 12 17 2

1706 1865 48 16 ans,
1770 1862 15 17 à
1800 1862 47 18 Vve
1864 1862 94 23 Georges
1975 1864 27 18 de
2017 1864 172 22 Levarchamps;
2206 1863 18 18 3.

1707 1883 107 21 Boulotte,
1830 1884 42 21 bai,
1888 1885 15 17 à.
1915 1885 49 19 Van
1979 1886 58 17 Hoof
2050 1885 34 20 G.,
2100 1885 26 18 de
2141 1885 84 18 Isle-le-

1709 1905 47 18 Pré.

1730 1927 101 19 Juments
1846 1927 85 19 adultes
1951 1933 5 14 :
1972 1930 17 17 1.
2020 1928 126 20 Chochotte,
2161 1927 38 19 bai
2213 1928 12 18 3

1707 1952 47 16 ans.
1768 1948 15 18 à
1795 1949 93 18 Vincent
1902 1950 33 20 E.,
1950 1951 27 18 de
1990 1949 94 21 Renval;
2098 1949 18 17 2.
2131 1949 85 18 Mascot-

1710 1970 28 19 te,
1756 1969 36 18 bai
1808 1970 69 20 foncé,
1893 1971 12 17 3
1920 1975 47 17 ans,
1999 1972 14 17 à
2027 1971 98 17 Meunier
2140 1970 28 20 H,
2199 1970 27 18 de

1709 1990 229 23 Fays-Longchamps;
1954 1993 19 17 3.
1989 1992 84 20 Louise,
2091 1991 42 20 bai,
2150 1992 12 18 5
2177 1995 47 16 ans,

1708 2012 15 18 à
1741 2012 88 19 Renard
1848 2013 21 18 J.
1871 2025 6 8 (
1898 2013 207 19 d'Hisves-Laroche
2110 2017 5 16 ;
2135 2013 18 17 4.
2172 2013 53 18 Jan-

1709 2035 66 20 nette,
1796 2034 82 20 alezan,
1898 2035 13 18 4
1929 2040 47 16 ans,
1997 2036 14 18 à
2030 2035 48 19 Vve
2096 2035 83 20 Koene,
2199 2035 27 17 de

1709 2055 45 22 Foy
1760 2060 5 16 ;
1781 2056 18 17 5.
1815 2055 99 22 Brigitte,
1929 2057 82 20 alezan,
2026 2057 12 17 4
2052 2059 47 17 ans,
2115 2055 15 18 à
2143 2055 73 18 Verlai-

1709 2080 28 13 ne
1753 2077 34 20 A.,
1806 2077 27 17 de
1849 2077 220 19 Clochimont-Sïbret.

1731 2097 102 18 Juments
1843 2102 111 15 raceuses:
1965 2100 18 17 1.
1994 2098 96 21 Xantije,
2102 2097 42 21 bai,
2155 2098 13 18 8
2178 2101 47 17 ans,

1709 2119 14 17 à
1739 2118 47 18 Vve
1801 2119 87 20 Goosse,
1904 2119 135 22 d'Assenois;
2069 2119 18 17 2.
2105 2119 79 18 Sabine
2199 2119 27 17 de

1709 2139 129 21 Chaumont,
1850 2140 82 22 alezan,
1942 2141 12 18 9
1964 2144 47 18 ans,
2022 2145 15 14 a
2046 2140 99 18 Materne
2156 2140 32 20 f..,
2199 2140 28 17 -de

1709 2160 130 18 Chaumont.

1732 2181 92 18 Etalons
1834 2182 27 17 de
1870 2182 12 18 3
1893 2186 40 14 ans
1948 2188 6 14 :
1964 2184 19 17 1.
1994 2183 93 21 Fagone,
2100 2181 42 20 bai,
2154 2182 15 17 à
2180 2181 36 18 Ma-

1710 2202 60 18 thieu
1787 2202 28 18 fr.
1835 2203 23 17 et
1875 2207 41 16 srs,
1935 2204 15 18 à
1968 2204 119 22 Bastogne;
2106 2203 18 18 2.
2143 2202 82 23 Négus,

1710 2223 42 20 bai,
1769 2224 15 17 à
1800 2223 94 18 Vincent
1909 2225 32 20 F.,
1957 2225 27 18 de
2000 2224 90 18 Renval.

1732 2244 108 22 Rappelés
1858 2250 6 13 :
1878 2245 108 21 Flavieur,
2001 2245 41 21 bai,
2056 2246 16 18 A
2084 2245 99 18 Mathieu
2197 2245 28 18 fr.

1710 2266 21 16 et
1745 2269 45 16 srs;
1805 2265 88 19 Chinois
1906 2270 44 15 aux
1963 2268 87 17 mêmes.

1732 2286 92 18 Etalons
1837 2287 15 18 à
1866 2287 22 17 la
1900 2287 149 18 conservation
2067 2292 6 13 :
2087 2287 85 22 Espoir,
2188 2291 28 13 au-

1711 2307 49 17 bère
1778 2307 69 20 foncé,
1864 2308 13 18 6
1892 2312 46 16 ans,
1955 2309 16 17 à.
1986 2308 97 18 Mathieu
2100 2308 16 18 f.
2134 2309 23 17 et
2173 2312 18 13 s.

1732 2328 92 18 Etalons
1835 2328 85 19 adultes
1935 2335 6 12 :
1953 2331 17 16 1.
1982 2330 102 17 Heureux
2095 2329 30 18 du
2137 2329 88 20 Poirier,

1710 2349 76 18 alezan
1798 2349 12 18 3
1821 2353 48 16 ans,
1882 2350 14 17 à
1909 2350 96 19 Mathieu
2017 2351 28 17 fr.
2059 2352 22 16 et
2094 2354 17 14 s.
2118 2355 5 16 ;
2136 2350 18 17 2.
2169 2350 58 17 Mar-

1710 2370 55 37 3uis,
1779 2370 35 18 bai
1828 2374 82 17 maron,
1924 2372 22 17 Il
1958 2375 48 17 ans,
2019 2372 15 18 à
2046 2371 119 20 Magotaux
2178 2371 47 19 Th.,

1725 2395 12 13 e
1756 2391 115 18 Steinbach
1877 2396 5 16 ;
1900 2392 18 17 3.
1937 2392 73 18 Néron
2026 2392 30 20 du
2074 2392 44 22 Coq
2137 2391 68 21 Noir/
2215 2392 13 17 4

1711 2415 46 16 ans,
1776 2412 15 18 à
1807 2412 97 18 Mathieu
1920 2414 16 16 f.
1955 2415 22 16 et
1994 2418 17 13 s.
2018 2418 5 16 ;
2039 2414 19 17 4.
2076 2413 88 20 Avenir,
2184 2413 41 21 bai,

1711 2433 23 18 10
1750 2437 48 16 ans,
1816 2433 15 17 à
1848 2433 123 18 Dubuisson
1989 2435 28 20 J.,
2036 2434 137 23 Amberloup.

1734 2453 108 22 Rappelés
1860 2460 5 12 :
1879 2456 16 16 i.
1910 2455 101 21 Gaillard,
2025 2456 15 18 à
2052 2455 97 18 Mathieu
2163 2455 28 18 fr.
2205 2455 23 18 et

1710 2478 45 17 srs;
1768 2475 18 17 2.
1800 2475 131 21 Trembleur,
1946 2476 14 18 à
1973 2476 123 18 Dubuisson
2110 2476 20 18 J.

1733 2496 76 17 Admis
1833 2501 6 13 :
1859 2497 136 21 Successeur,
2015 2497 14 18 à
2048 2497 120 21 Magotaux
2186 2497 40 18 Th.

1710 2516 27 18 de
1753 2516 127 21 Steinbach;
1897 2518 91 20 Verrier,
2004 2518 16 18 à
2034 2517 103 19 Lambert
2152 2518 31 20 L.,
2200 2519 28 17 de

1711 2537 163 22 Regné-Bihain
1879 2542 5 17 ;
1901 2538 93 22 Bayard,
2010 2539 15 18 à
2039 2539 126 18 Dubuisson
2178 2539 21 18 J.
2221 2543 6 16 ;

1711 2558 103 22 Marquis,
1832 2563 29 15 au
1877 2560 79 21 même;
1973 2560 107 22 Cajoleur,
2097 2561 16 18 à
2129 2560 98 18 Mathieu

1712 2579 21 18 fi*
1749 2581 23 16 et
1787 2584 45 16 srs;
1850 2580 92 21 Daguet,
1959 2584 43 15 aux
2018 2581 91 21 mêmes;
2126 2581 100 21 Homère,

1712 2604 43 14 aux
1767 2601 92 20 mêmes;
1871 2601 91 21 Clairon,
1975 2602 15 17 à
2000 2601 124 19 Dubuisson
2135 2602 21 18 J.
2161 2607 6 17 ;
2180 2602 38 18 Sul-

1713 2622 44 20 tan,
1774 2622 16 18 à
1805 2622 98 18 Mathieu
1920 2622 28 18 fr.
1964 2623 23 18 et
2001 2627 40 14 srs.

1734 2661 221 19 NEUFCHATEAU.
1969 2671 25 6 —
2007 2662 128 22 Expertises
2151 2662 68 18 cheva-

1712 2682 62 17 lines.
1787 2692 25 5 —
1822 2683 35 18 De
1869 2684 64 16 notre
1944 2684 167 21 correspondant
2128 2689 6 12 :

1734 2703 92 18 Etalons
1839 2704 87 17 adultes
1943 2709 6 13 :
1961 2704 12 17 1
1987 2703 79 19 Crésus
2079 2704 27 18 de
2118 2704 109 21 Valmont,

1712 2724 14 17 à
1739 2724 99 17 Lemaire
1851 2724 34 20 N.,
1899 2724 27 18 de
1937 2724 120 22 Habay-la-
2057 2724 77 18 Vieille
2138 2729 6 17 ;
2156 2725 18 18 2.
2188 2725 31 18 Es-

1713 2744 51 21 poir,
1782 2749 30 14 au
1828 2746 76 17 même.

1734 2766 77 18 Admis
1829 2771 6 13 :
1849 2766 91 22 Paquot,
1954 2766 15 19 à
1982 2766 93 18 Bradfer
2087 2767 33 21 E.,
2135 2767 94 18 Haudri-

1713 2790 43 21 gny
1762 2790 5 17 ;
1782 2786 73 18 Néron
1868 2787 27 17 de
1909 2788 56 20 Sart,
1980 2788 15 18 à
2008 2787 97 19 Lemaire
2118 2788 27 17 N.
2151 2792 6 17 ;
2171 2788 50 18 Mar-

1713 2811 55 18 quis,
1781 2807 16 18 à
1808 2808 93 18 Bradfer
1912 2809 27 17 E.

1735 2829 92 17 Etalons
1842 2829 16 18 à
1874 2829 23 18 la
1913 2829 149 18 conservation
2082 2834 6 14 :
2105 2830 17 17 1.
2141 2830 87 20 Moutié,

1713 2849 14 17 à
1738 2850 94 17 Bradfer
1843 2850 25 17 E.
1874 2854 6 17 ;
1892 2850 93 21 Clairon,
1997 2854 29 14 au
2037 2850 80 21 même;
2129 2851 68 18 César
2208 2852 23 17 et

1713 2870 96 24 Eugène,
1822 2871 15 18 à
1850 2871 99 18 Lemaire
1960 2871 28 18 N.

1736 2891 102 18 Juments
1851 2892 28 17 de
1891 2892 12 18 3
1915 2896 42 14 ans
1975 2897 6 13 :
1995 2894 16 16 1.
2026 2892 98 21 Carmen,
2138 2893 16 18 à
2167 2893 54 18 Lam-

1715 2912 48 18 bert
1773 2912 35 20 H.,
1821 2912 100 22 d'Ospot;
1933 2913 18 17 2.
1964 2913 114 22 Dragonne
2090 2913 27 18 de
2128 2914 101 21 Ramont,

1714 2937 28 13 au
1753 2933 68 18 baron
1831 2933 95 22 Coppée;
1938 2934 18 17 3.
1967 2934 108 20 Elégance
2085 2934 27 18 de
2122 2935 107 22 Longlier,

1714 2954 14 17 à
1743 2954 47 18 Vve
1805 2954 81 20 Pirent,
1902 2955 28 17 de
1943 2955 105 22 Longlier.

1738 2975 101 18 Juments
1855 2975 86 18 adultes
1961 2981 6 13 :
1983 2978 17 16 i.
2016 2976 72 20 Liane,
2104 2977 15 17 à
2135 2977 46 17 Vve
2196 2977 25 18 Pi-

1716 2996 58 21 rent;
1791 2996 19 18 2.
1827 2996 63 20 Aida,
1909 3000 29 14 au
1955 2997 67 17 baron
2039 2997 27 17 de
2083 2997 103 22 Fierlant,
2204 2998 27 17 de

1715 3016 82 22 Freux;
1813 3017 18 18 3.
1848 3017 94 21 Bluette,
1958 3022 30 14 au
2004 3018 66 20 barop
2086 3018 95 22 Coppée;
2212 3020 18 16 4.

1715 3037 111 20 Albionne,
1839 3042 30 14 au
1881 3038 80 22 même;
1974 3040 18 17 5.
2005 3039 93 21 Gazelle,
2111 3040 15 17 à
2139 3040 92 17 Winand

1715 3058 27 18 de
1758 3059 106 21 Longlier.

1737 3079 102 18 Juments
1858 3080 16 18 à
1891 3080 23 18 la
1931 3080 150 18 conservation
2104 3086 6 14 :
2129 3081 101 21 Mazette,

1717 3099 41 21 bal,
1774 3101 12 17 9
1801 3104 47 17 ans,
1865 3101 16 17 à
1895 3101 96 18 Urnand.

1738 3121 101 18 Juments
1857 3126 102 14 raceuses
1981 3128 6 14 :
2004 3123 17 17 1.
2040 3122 58 21 Liza,
2117 3127 29 15 au
2166 3124 66 17 baron

1716 3142 94 22 Coppée;
1830 3143 18 17 2.
1869 3143 107 21 Boulotte,
1996 3145 16 17 à,
2030 3144 46 18 Vve
2096 3144 80 18 Pirent

1739 3163 91 18 Etalons
1844 3164 27 17 de
1882 3165 12 17 3
1907 3168 41 14 ans
1966 3170 6 13 :
1986 3166 17 16 1.
2017 3164 86 22 Bayard
2117 3165 29 21 II,
2163 3165 41 21 bal,
2218 3165 14 18 &

1716 3183 81 18 Olivier
1808 3185 36 19 H.,
1858 3185 27 17 de
1897 3185 110 22 Recogne;
2019 3186 18 17 2.
2050 3185 86 19 Biscuit
2148 3187 83 20 alezan,

1716 3208 28 14 au
1759 3206 80 20 même;
1854 3206 18 18 3.
1887 3206 103 22 Marquis,
2006 3207 41 20 bai,
2062 3207 15 18 à
2090 3207 100 18 Lemaire
2203 3208 28 20 J.,

1716 3226 13 16 d
1741 3226 106 21 Longlier.

1738 3247 76 18 Admis
1832 3253 5 12 :
1850 3247 55 20 Duc,
1918 3252 29 14 au
1960 3249 67 18 baron
2039 3248 94 24 Coppée;
2147 3249 57 21 Max,
2218 3250 14 17 à

1716 3267 89 22 Olivier;
1819 3268 18 18 3.
1851 3269 104 21 Bienfait,
1969 3274 29 13 au
2011 3270 103 21 Syndicat
2126 3270 27 18 de
2166 3270 67 19 Cens-

1716 3288 110 21 Wembat;
1844 3289 125 22 Détenteur,
1984 3291 15 18 à
2013 3290 106 18 Gauthier
2133 3291 25 17 L.

1738 3309 92 18 Etalons
1843 3310 86 19 adultes
1947 3316 5 14 :
1966 3312 17 17 1.
1998 3311 90 22 Chesby,
2103 3312 42 20 bai,
2159 3313 12 17 5
2183 3316 47 17 ans,

1716 3331 14 17 à
1745 3330 80 18 Olivier
1839 3331 36 20 H.,
1890 3331 67 22 Cens;
1971 3333 18 17 2.
2003 3332 82 20 Prince,
2101 3332 41 20 bai,
2158 3333 12 18 5
2184 3338 46 16 ans,

1716 3355 28 13 au
1764 3352 80 21 même;
1862 3352 18 18 3.
1900 3352 99 22 Lancier,
2018 3353 82 21 alezan,
2120 3354 12 17 4
2150 3358 47 17 ans,
2218 3355 14 17 à

1716 3371 86 19 Olivier.
1848 3376 8 9 »

1738 3393 108 22 Rappelés
1865 3399 5 13 :
1884 3394 73 19 Jovial
1970 3396 27 17 de
2011 3395 92 20 Lorette,
2119 3395 15 18 à
2148 3395 74 19 Lemai-

1716 3417 23 14 re
1750 3414 20 17 J.
1777 3418 5 16 ;
1795 3414 88 18 Clairon
1894 3415 28 18 de
1932 3416 113 19 Roumont,
2057 3420 29 13 au
2099 3416 67 18 baron
2177 3417 45 22 Cop-

1716 3434 49 22 pée;
1784 3436 90 21 Acajou,
1894 3436 15 18 à
1926 3437 81 18 Olivier
2024 3437 27 17 H.

1738 3456 76 17 Admis
1831 3461 5 13 :
1849 3456 54 20 Duc.
1916 3457 15 18 à
1942 3458 125 18 Chaineaux
2079 3458 31 20 L.,
2124 3458 27 18 de
2165 3459 66 17 Neuf-

1716 3476 92 18 château
1815 3482 5 15 ;
1835 3478 87 20 RoméQ,
1939 3479 95 17 Robuste
2047 3480 23 16 et
2083 3479 63 21 Képi,
2161 3480 15 18 à
2191 3480 31 17 Ur-

1716 3497 57 17 nand
1794 3498 44 20 Fr.,
1861 3498 113 23 Hannipré
1978 3505 5 16 ;
2005 3500 85 20 Favori,
2113 3504 28 14 au
2164 3500 10 18 t
2178 3504 53 14 aron

1715 3518 94 22 Coppée;
1827 3519 120 19 Charmeur
1963 3522 23 17 et
2001 3520 85 21 Avenir,
2102 3521 16 18 à,
2131 3520 100 19 Lemaire

1716 3539 23 17 F.

1738 3560 91 18 Etalons
1851 3561 15 17 à
1888 3561 23 18 la
1931 3562 149 18 conservation
2107 3567 6 13 :
2134 3562 97 19 Robuste

1715 3580 27 18 de
1753 3581 76 21 Ciplet,
1842 3585 75 17 rouan,
1929 3583 23 18 10
1962 3587 47 16 ans,
2021 3587 28 13 au
2062 3583 66 17 baron
2139 3584 90 21 Coppée.

1738 3602 76 17 Admis
1839 3608 6 13 :
1865 3603 82 19 Robert
1965 3604 81 20 alezan,
2067 3604 22 18 13
2108 3607 47 18 ans,
2175 3605 16 18 à.
2209 3605 20 18 J.

1716 3622 104 19 Lemaire.

1739 3662 114 19 VIRTON.
1870 3674 24 5 —
1910 3665 108 18 Concours
2033 3665 113 18 d'étalons.
2162 3676 21 3 —
2200 3667 32 18 De

1717 3684 61 17 notre
1792 3686 169 20 correspondant
1979 3691 6 13 :

1738 3704 101 19 Juments
1851 3705 27 18 de
1891 3706 11 18 3
1917 3711 41 14 ans
1977 3712 6 13 :
1997 3708 17 16 1.
2026 3706 107 21 Ramette,
2149 3708 81 21 alezan,

1715 3724 14 17 A
1747 3725 83 18 Burnet
1848 3726 28 21 J.,
1896 3728 27 18 de
1940 3728 100 21 Gomery;
2070 3728 18 17 2.
2120 3727 65 22 Mina,
2218 3730 14 17 à

1715 3746 94 18 Guirche
1824 3747 33 19 A.,
1873 3747 27 18 de
1916 3748 86 21 Virton;
2018 3749 17 18 3.
2052 3748 91 21 Finette,
2160 3749 41 21 bai,
2218 3750 14 18 à

1715 3766 113 19 Dameaux
1842 3768 33 21 A.,
1890 3769 27 18 de
1930 3769 88 19 Latour.

1738 3787 101 19 Juments
1856 3789 86 19 adultes
1962 3795 6 13 :
1984 3792 18 16 1.
2016 3790 104 22 Coquette
2136 3790 27 18 de
2179 3791 53 17 Bor-

1717 3812 32 16 su,
1766 3809 35 17 bai
1816 3809 60 21 brun,
1892 3811 12 17 6
1918 3815 46 17 ans,
1977 3811 15 18 à
2005 3811 96 17 Lemaire
2116 3811 34 21 N.,
2165 3811 68 18 d'Ha-

1716 3828 83 21 bay-la-
1800 3830 86 22 Vieille;
1900 3832 18 17 2.
1935 3832 75 21 Baille,
2028 3832 81 20 alezan,
2126 3832 12 17 8
2153 3836 47 16 ans,
2218 3833 14 18 à

1716 3850 70 18 Adam
1802 3851 31 20 L.,
1852 3852 28 17 de
1898 3852 98 22 Termes;
2025 3853 17 18 3.
2063 3852 113 18 Princesse
2206 3854 26 17 de

1716 3871 145 22 Beauregard,
1879 3872 41 21 bai,
1935 3874 12 17 4
1961 3878 46 16 ans,
2020 3873 14 18 à
2048 3873 93 18 Bradfer
2156 3873 33 21 E.,
2205 3874 27 18 de

1717 3891 142 24 Houdregny;
1875 3894 18 18 4.
1910 3895 142 23 Capricieuse,
2071 3894 40 20 bai,
2129 3894 12 18 8
2154 3898 47 17 ans,
2218 3896 15 17 à

1716 3912 103 22 Gengoux
1838 3914 34 21 A.,
1892 3915 26 18 de
1936 3915 123 20 Charmois;
2078 3915 17 18 5.
2113 3915 117 21 Charlotte,

1718 3933 41 20 bai,
1774 3934 12 17 9
1801 3938 47 17 ans,
1864 3939 30 14 au
1906 3937 76 17 même.

1738 3954 101 19 Juments
1855 3955 15 18 à
1889 3956 21 18 la
1930 3956 149 19 conservation
2101 3960 6 14 :
2126 3957 17 17 1.
2161 3956 71 19 Gisèle

1716 3974 27 18 de
1760 3975 107 23 Baranzy,
1886 3977 83 22 alezan,
1987 3978 12 18 8
2016 3981 46 16 ans,
2080 3977 16 18 à.
2112 3977 72 18 Pavée
2201 3979 17 17 C
2227 3991 4 8 ,

1716 3995 26 18 de
1759 3995 111 23 Baranzy;
1891 3998 17 17 2.
1929 3999 99 21 Mazette,
2048 3998 22 18 15
2086 4002 46 16 ans,
2152 3998 15 18 à
2186 3999 47 18 Vve

1718 4016 102 21 Detroux,
1838 4015 28 21 de
1881 4019 100 23 Gomery.

1739 4037 101 19 Juments
1856 4042 102 16 raceuses
1977 4045 6 13 :
1997 4041 17 17 1.
2030 4039 100 20 Joconde,
2146 4040 85 20 aubère,

1717 4058 22 17 12
1751 4062 46 16 ans,
1812 4058 15 18 à
1841 4059 71 19 Poncé
1926 4061 36 19 C:
1974 4061 18 18 2.
2007 4061 103 20 Poulette,
2127 4060 67 21 lezan,
2212 4062 22 17 15

1718 4082 46 17 ans,
1779 4079 15 17 à
1807 4078 84 20 Burnet
1901 4080 21 19 J.

1739 4099 91 19 Etalons
1846 4100 27 19 de
1888 4101 12 18 3
1913 4106 41 13 ans
1975 4107 6 13 :
1996 4101 74 19 Admis
2090 4105 5 13 :
2109 4101 81 18 Robert
2207 4102 26 18 de

1717 4119 135 23 Haudrlgny,
1868 4121 15 18 à
1909 4123 94 18 Bradfer
2018 4123 24 17 E.
2048 4127 5 15 ;
2081 4122 109 18 Robinson
2207 4123 27 17 de

1718 4140 83 22 Rœulx,
1817 4142 15 18 à
1846 4142 72 19 Poncé
1930 4144 35 20 C;
1982 4144 122 20 Dompteur,
2120 4143 14 17 à
2151 4143 72 18 Lemai-

1718 4165 23 14 re
1754 4161 27 18 N.

1727 4201 228 46 BULLETIN
1979 4203 63 44 DU
2055 4203 169 45 TEMPS

1826 4264 85 20 JEUDI
1927 4266 23 19 19
1964 4264 158 21 NOVEMBRE

1865 4306 118 19 Troisième
2000 4306 89 19 bulletin

1738 4335 33 18 La
1788 4335 125 23 dépression
1931 4338 124 21 cyclonique
2080 4341 11 13 s
2093 4336 5 8 4
2100 4336 34 18 est
2160 4336 61 18 trans-

1717 4357 74 21 portée
1807 4357 27 18 de
1851 4361 39 15 nos
1906 4358 86 23 régions
2008 4362 49 14 vers
2074 4358 20 17 le
2111 4358 40 17 sud
2168 4358 26 17 de
2212 4358 21 17 la

1718 4378 84 18 France
1822 4379 44 19 (758
1882 4381 70 19 mm.).

1736 4400 48 17 Une
1799 4401 58 18 crête
1872 4401 171 23 anticyclonique
2056 4400 36 21 qui
2106 4400 83 18 s'étend
2204 4400 27 18 de

1719 4421 77 19 l'ouest
1815 4422 27 18 de
1861 4423 102 19 l'Irlande
1981 4424 15 17 à
2014 4423 22 17 la
2052 4421 79 18 Russie
2149 4422 75 21 septen-

1716 4443 91 18 trionale
1825 4448 24 13 se
1866 4444 77 18 trouve
1961 4449 38 14 sur
2016 4444 21 18 la
2054 4443 47 17 Mer
2117 4443 29 17 du
2165 4443 65 17 Nord.

1718 4465 18 17 U
1753 4469 26 14 en
1795 4465 82 19 résulte
1890 4470 25 14 ce
1930 4466 45 18 soir
1990 4470 38 13 sur
2042 4469 39 13 nos
2095 4464 86 21 réglons
2196 4464 38 17 des

1715 4487 64 18 vents
1796 4487 99 18 modérés
1912 4487 28 19 de
1956 4487 103 19 nord-est,
2078 4490 29 13 un
2125 4485 39 18 ciel
2182 4489 40 14 cou-

1717 4509 54 19 vert,
1787 4508 27 18 de
1829 4509 22 18 la
1865 4509 81 20 brume,
1963 4510 26 17 de
2004 4509 21 17 la
2038 4507 75 18 bruine
2128 4507 96 17 Intermit-

1716 4530 66 21 tente,
1802 4530 39 19 des
1861 4531 157 22 températures
2036 4528 116 22 comprises
2171 4530 61 15 entre

1716 4552 12 17 5
1745 4552 22 17 et
1782 4552 12 17 7
1809 4552 83 22 degrés.

1737 4574 166 21 Températures
1914 4578 7 13 :
1937 4574 23 18 15
1975 4573 15 18 à
2005 4572 75 21 Alger;
2095 4571 13 17 9
2123 4570 14 18 à
2153 4570 76 20 Berne,

1717 4594 118 22 Budapest,
1854 4595 74 20 Parts;
1945 4595 13 18 7
1975 4594 15 18 à
2008 4593 105 20 Londres;
2132 4592 12 17 6
2161 4591 14 19 i
2194 4591 29 18 Os-

1716 4617 69 19 tende,
1803 4617 92 20 Vienne;
1913 4617 12 17 5
1940 4617 14 17 à
1969 4614 122 20 Bruxelles;
2108 4613 12 17 4
2135 4612 14 18 à
2165 4613 65 19 Brée;

1716 4638 12 17 3
1739 4638 14 17 à
1764 4638 130 22 Reykjavik,
1907 4638 98 19 Utrecht,
2017 4635 150 23 Copenhague,
2181 4634 42 17 Pra-

1716 4663 52 16 gue;
1785 4659 12 17 2
1812 4659 15 18 à
1843 4659 84 21 Berlin;
1944 4660 11 17 1
1970 4659 15 18 à
2000 4658 60 19 Oslo;
2078 4656 32 17 —1
2125 4655 15 18 à
2156 4655 66 18 Stock-

1717 4680 64 20 holm,
1795 4680 105 18 Varsovie
1905 4685 5 16 ;
1923 4681 35 18 —3
1970 4681 15 18 à
1996 4677 101 22 Helsingf
2097 4681 42 16 ors,
2153 4676 68 18 Tartu
2227 4680 5 16 ;

1718 4701 33 18 —4
1765 4701 15 18 à
1794 4701 63 22 Riga.

1834 4732 59 16 Uccle
1933 4733 56 17 Part.
2026 4730 85 17 Biarritz
2169 4728 63 17 Gtrt.t

1723 4756 114 21 l'emp.S'h.
1853 4755 41 18 6o3
1958 4755 42 19 7oO
2050 4753 26 18 7o
2080 4762 21 5 —
2168 4751 38 18 12a
2211 4760 21 5 —

1722 4778 49 17 Marx.
1774 4778 32 17 drs
1812 4778 18 17 24
1838 4779 10 16 11
1863 4777 51 19 8.09
1959 4778 51 18 9o—
2034 4775 64 19 lia—
2168 4782 21 5 —
2192 4779 12 13 o
2210 4782 21 6 —

1721 4800 24 17 du
1753 4800 40 20 jour
1802 4800 49 20 préc.

1721 4821 82 18 Mm.de»
1809 4822 19 17 24
1836 4825 18 15 h.
1870 4821 42 18 608
1957 4822 51 18 7o—
2043 4819 52 19 6o—
2180 4817 52 19 ?o—

1719 4843 24 17 du
1755 4848 38 14 rour
1801 4845 49 19 préc.

1720 4865 207 19 Baronietrerili.763.0
1947 4866 66 19 781.5
2027 4864 65 18 769.-i
2154 4862 66 18 759.5

1722 4887 90 18 Variation
1879 4893 25 14 m.
1962 4894 25 13 m.
2055 4886 20 18 d.
2183 4884 22 19 d.

1723 4926 6 4 _
1735 4915 46 15 rNr
1795 4907 64 18 arlrecl.
1889 4908 44 18 N.E
1950 4908 48 18 N.E.
2018 4906 19 19 S.
2040 4906 49 17 O.O.
2188 4904 24 18 N.

1721 4918 27 15 vt
1750 4918 26 14 "'
1797 4926 47 17 -orcrr
1886 4927 29 18 br.
1983 4932 17 13 c.
2040 4925 27 21 pl.
2177 4924 27 21 pl-

1719 4947 36 18 Cie-
1881 4949 28 18 br.
1986 4955 18 12 c.
2034 4948 27 21 pl.
2196 4946 27 20 Pi.

1720 4969 35 18 Eau
1766 4971 87 17 receuillre
1873 4970 74 19 Brrr/mO
1960 4971 32 18 3m
2003 4970 31 18 mO
2053 4967 74 21 3m/m0
2161 4968 73 19 1-n/mO

1720 4991 89 18 Humidité
1824 5000 4 4 •
1839 4991 122 23 7_i.l00o/o

1720 5013 113 18 '"éclrnaison
1841 5017 111 19 maynctaque
1959 5016 52 17 1-cclar
2023 5015 9 16 ,-a
2041 5013 27 17 12
2073 5014 18 16 lr.

1720 5035 149 19 EPHEMEKIDE
1884 5037 24 17 du
1922 5037 29 17 20

1719 5055 53 18 Soleil
1784 5056 46 17 lever
1851 5057 10 15 a
1890 5055 14 18 7
1915 5057 19 17 lr.
1942 5056 29 18 06
2015 5055 71 17 rouclrer
2104 5059 9 11 s
2134 5053 28 16 15
2169 5054 18 17 h.
2194 5052 29 18 £0

1720 5077 47 18 Lune
1784 5078 46 17 lever
1849 5080 11 15 a
1876 5076 26 19 11
1914 5079 19 17 h.
1943 5078 30 18 4*2
2015 5077 74 18 coucher
2104 5081 10 11 .a
2130 5075 27 17 21
2164 5076 18 17 h.
2194 5075 29 18 39

1720 5098 78 20 HAUTE
1811 5098 51 20 MER
1891 5101 79 18 OstenJe
2011 5098 71 18 8h.27
2133 5097 27 17 15
2169 5097 50 18 li.50

1890 5123 68 17 Anvers
2015 5121 15 17 6
2035 5122 10 16 11
2055 5120 27 18 21
2139 5119 84 19 1811.56

1743 5162 78 21 Temps
1848 5161 99 22 présumé
1958 5167 6 13 :
1994 5161 66 18 Vents
2089 5159 96 18 modérés
2211 5159 26 17 de

1720 5183 96 18 nord-est
1838 5183 15 17 à
1874 5184 41 19 est,
1938 5185 106 19 nuageux,
2068 5181 168 18 s'éclalrcissant

1719 5204 201 22 progressivement,
1940 5204 75 18 brume
2032 5204 23 17 et
2072 5202 116 18 brouillnrd
2206 5202 20 16 lo-

1719 5226 34 18 cal
1767 5226 18 18 le
1800 5226 75 19 mntln,
1890 5226 54 18 frais
1958 5226 22 17 et
1993 5225 60 22 gelée
2065 5224 67 17 locale
2146 5223 18 17 In
2181 5224 53 16 nuit.

2271 895 65 37 Une
2359 895 107 37 fillette
2489 898 70 34 tuée
2581 898 19 34 à
2622 895 114 45 Appels

2273 959 121 22 Mercredi
2413 959 151 25 après-midi,
2602 964 31 17 en
2670 961 84 20 traver-

2244 985 60 21 sant
2318 986 25 21 la
2358 985 121 22 chaussée
2495 986 29 21 de
2539 985 82 25 Gand,
2637 985 15 21 à
2666 984 98 25 Appels,

2244 1010 24 21 la
2284 1010 78 24 petite
2380 1010 88 21 Emma
2485 1011 150 22 Eeckhoudt.
2655 1010 59 24 âgée
2733 1009 30 22 de

2244 1035 13 21 5
2276 1039 47 18 ans
2341 1036 26 20 et
2385 1035 73 24 demi,
2478 1040 15 16 a
2510 1037 41 21 été
2569 1033 130 24 renversée
2717 1039 47 21 par

2245 1064 49 17 une
2314 1061 61 21 auto
2394 1060 31 21 de
2446 1061 90 21 maître
2556 1062 26 21 et
2603 1060 96 22 traînée
2721 1064 43 17 sur

2244 1090 49 17 une
2309 1086 90 24 longue
2416 1085 121 23 distance.

2271 1111 35 21 La
2325 1111 78 24 petite
2424 1111 106 25 victime,
2550 1111 107 22 atteinte
2691 1111 72 21 d'une

2244 1137 112 21 fracture
2375 1137 33 21 du
2429 1137 82 23 crâne,
2532 1141 16 17 a
2566 1136 131 23 succombé
2716 1140 48 21 peu

2244 1163 30 20 de
2289 1162 81 24 temps
2386 1162 72 24 après
2473 1163 64 20 dans
2551 1166 49 18 une
2612 1162 106 25 clinique
2734 1162 30 21 de

2243 1187 139 21 Termonde
2396 1187 31 21 où
2439 1186 48 23 elle
2501 1187 69 22 avait
2582 1187 41 23 été
2636 1188 118 24 transpor-

2245 1211 47 23 tée.

2248 1281 39 20 UN
2309 1281 191 21 BRUXELLOIS
2521 1280 201 22 GRIEVEMENT

2425 1306 107 21 BLESSÉ
2551 1307 17 20 A
2591 1307 76 20 MOHI
2673 1307 92 20 VILLE.

2271 1351 36 23 De
2318 1352 73 23 notre
2403 1352 197 25 correspondant
2611 1353 30 22 de
2653 1353 104 21 Namur:

2273 1377 45 22 Les
2332 1378 65 21 deux
2411 1377 79 22 frères
2502 1378 93 24 Joseph
2610 1379 26 20 et
2649 1378 98 25 Alphon-

2245 1407 26 17 se
2287 1403 132 21 Marnette.
2428 1403 147 22 revenaient
2590 1404 30 21 de
2636 1403 126 22 Mohlvllle

2246 1428 63 21 oùils
2320 1428 102 22 avaient
2434 1428 89 22 assisté
2535 1429 16 21 à
2563 1433 49 18 une
2624 1429 94 22 battue.
2728 1428 34 22 Ils

2246 1454 173 22 conduisaient
2433 1454 66 22 leurs
2511 1454 67 21 vélos
2591 1455 16 21 à
2621 1454 24 22 la
2660 1454 68 21 main
2737 1455 26 20 et

2246 1479 96 21 étaient
2359 1479 57 25 près
2435 1480 30 22 de
2483 1480 97 21 rentrer
2598 1484 32 17 au
2648 1479 114 22 domicile

2246 1504 30 21 de
2294 1505 101 24 Joseph,
2412 1505 85 25 quand
2516 1509 35 17 un
2571 1505 191 24 automobiliste,

2245 1530 26 21 M
2296 1530 106 24 Daudet,
2421 1531 30 21 de
2469 1530 84 25 Ciney,
2572 1531 55 21 vint
2643 1530 36 22 les
2704 1530 44 21 fau-

2246 1555 60 21 cher
2322 1560 43 17 sur
2381 1556 25 22 la
2421 1556 78 21 route.

2274 1581 93 25 Joseph
2383 1581 52 22 s'en
2449 1581 50 21 tira
2513 1585 60 18 sans
2587 1581 56 24 trop
2658 1581 30 22 de
2705 1581 57 24 mal,

2780 174 177 48 fcVOUS
2980 161 274 47 GAGNEREZ

2836 229 91 23 MILLE
2945 224 118 25 FRANCS
3080 221 40 22 AU
3147 217 97 23 MOINS

2827 263 37 21 ET
2886 259 88 23 MEME
2996 252 162 26 BEAUCOUP
3178 249 75 23 PLUS

2779 302 59 18 avec
2855 300 36 18 un
2907 298 48 23 peu
2971 293 31 21 de
3019 291 96 21 chance
3134 287 26 21 et
3178 289 34 18 un
3231 281 69 24 billet

2875 321 31 22 de
2919 320 25 21 la
2958 318 41 22 25e
3013 314 106 24 tranche
3134 313 30 21 de
3177 311 25 21 la

2795 356 203 38 Loterie
3021 347 263 41 Coloniale

2852 405 116 24 TIRAGE
2988 409 6 16 :
3014 403 28 21 28
3060 396 169 26 NOVEMBRE

2826 444 36 20 Au
2882 442 87 24 cirque
2987 437 84 26 Royal,
3072 432 178 51 ££—
3239 457 14 20 8
3251 445 6 6 *
3254 455 47 22 04B

2786 555 210 61 FAITS
3018 547 276 64 DIVERS

2810 697 29 5 —
2856 683 170 24 Distinctions.
3055 692 31 6 —
3114 681 25 21 S.
3155 680 24 22 S.
3195 678 23 23 le
3234 678 68 25 Pape

2782 712 42 22 Pie
2846 712 36 22 XI
2904 710 69 22 vient
2993 709 31 22 de
3046 708 119 21 décerner
3187 705 26 22 la
3234 704 68 21 croix

2783 745 12 14 t
2810 738 48 21 Pro
2872 736 110 23 Ecclesla
2997 735 26 21 et
3038 733 123 23 Pontlflce
3176 738 12 14 >
3204 732 16 21 à
3234 730 68 21 Mme

2782 764 72 22 Louis
2865 762 110 23 Sanders
2986 761 26 21 et
3022 760 25 22 la
3058 759 67 22 croix
3136 758 30 21 de
3176 755 128 23 chevalier

2782 790 31 21 de
2835 788 97 23 l'Ordre
2955 787 30 21 de
3007 783 203 26 Saint-Grégoire
3233 783 16 21 à
3269 781 33 21 M.

2782 816 74 21 Louis
2869 813 118 23 Sanders.

2810 851 57 25 Mgr
2882 850 57 22 Van
2955 847 91 26 Eynde,
3077 845 91 22 vicaire
3201 842 102 27 général

2783 876 30 22 de
2829 875 114 24 Malines,
2959 871 170 26 accompagné
3145 870 31 23 de
3192 870 33 21 M.
3241 867 62 23 Paul

2783 902 123 25 Hanquet,
2918 900 41 23 est
2971 898 48 23 allé
3031 898 85 26 porter
3128 897 16 22 à
3155 897 32 21 M.
3200 896 26 21 et
3236 895 67 22 Mme

2782 928 110 22 Sanders
2926 926 36 22 les
2995 924 112 25 Insignes
3127 923 31 21 de
3178 925 41 19 ces
3238 920 65 22 deux

2783 954 91 21 hautes
2891 950 162 24 distinctions
3070 950 22 22 sl
3111 949 57 21 bien
3186 946 117 23 méritées

2783 984 47 20 par
2843 983 34 17 un
2890 978 59 25 long
2962 977 25 22 et
3001 976 124 26 généreux
3138 971 166 24 dévouement

2783 1007 14 21 â
2810 1005 83 23 toutes
2903 1004 37 22 les
2951 1007 98 18 œuvres
3061 1001 30 22 de
3102 1000 64 23 bien.

2811 1050 29 4 —
2857 1040 49 21 Par
2923 1038 82 22 arrêté
3022 1036 70 26 royal
3109 1036 34 22 du
3161 1035 27 22 12
3204 1037 90 19 novem

2784 1066 43 22 bre
2845 1066 62 23 1936,
2923 1065 33 21 M.
2972 1065 36 21 De
3024 1064 61 21 Loof
3101 1062 120 22 Gustave,
3239 1059 55 25 gref

2784 1092 47 22 fier
2843 1092 44 21 des
2899 1090 110 23 Justices
3021 1089 31 22 de
3064 1089 61 22 Paix
3138 1087 166 23 d'Oosterzee-

2783 1118 23 22 le
2820 1118 26 21 et
2858 1118 32 21 de
2903 1116 132 25 Ledeberg,
3049 1119 15 18 a
3078 1114 40 23 été
3131 1113 101 22 nommé
3247 1111 46 22 che-

2784 1143 77 22 valier
2878 1143 30 22 de
2925 1142 89 22 l'ordre
3030 1141 31 22 de
3077 1141 26 22 la
3119 1140 139 22 Couronne.

2811 1211 29 4 —
2858 1199 36 20 Un
2911 1198 99 21 tournoi
3028 1199 30 21 de
3076 1197 85 26 bridge
3179 1197 39 21 est
3235 1201 62 20 orga-

2783 1223 55 23 nisé
2855 1228 47 20 par
2919 1223 25 21 la
2962 1222 154 23 Fraternelle
3133 1223 34 21 du
3186 1223 27 22 6e
3232 1222 62 22 chas-

2783 1253 71 18 seurs
2871 1250 16 21 à
2904 1249 57 29 pied
2977 1253 63 21 pour
3056 1249 22 21 le
3095 1249 96 21 samedi
3209 1248 26 22 16
3251 1248 46 24 Jan-

2784 1274 58 24 vier,
2857 1275 16 21 à
2887 1274 28 22 20
2929 1276 24 21 h.
2968 1274 35 24 30,
3019 1275 63 21 dans
3095 1274 25 22 la
3135 1274 63 23 salle
3213 1274 44 21 des
3273 1273 24 22 fê-

2784 1300 39 21 tes
2844 1301 30 22 de
2896 1299 103 23 11JFAC.
3022 1301 76 22 Carte
3120 1300 30 22 de
3172 1299 126 26 participa-

2784 1325 53 22 tion
2860 1330 6 17 :
2889 1325 27 22 10
2934 1326 93 24 francs,
3064 1330 32 17 au
3115 1326 68 25 siège
3198 1325 78 22 social
3299 1329 5 17 :

2784 1350 48 23 252,
2847 1355 96 18 avenue
2956 1351 97 25 Rogier.
3067 1351 49 22 Tél.
3133 1351 98 22 15.94.30
3245 1355 31 17 ou
3292 1350 14 22 à

2784 1375 110 25 l'UFAC,
2911 1376 34 25 65,
2962 1381 44 17 rue
3024 1377 30 22 de
3069 1376 25 23 la
3110 1377 120 25 Régence,
3247 1376 51 22 Bru-

2784 1400 83 23 xelles.

2814 1465 28 5 —
2862 1455 154 22 Arrestation
3038 1456 75 21 d'une
3133 1457 117 21 servante
3270 1457 25 21 in-

2786 1479 113 23 délicate.
2914 1494 30 4 —
2959 1482 125 21 Adrienne
3100 1482 104 24 Dewulf.
3219 1482 48 22 née
3283 1482 23 22 le

2788 1506 26 22 16
2829 1507 51 21 mal
2897 1507 54 22 1835
2967 1508 13 21 à
2997 1508 102 25 Bruges,
3115 1509 116 21 servante
3246 1508 61 22 chez

2786 1536 35 17 un
2834 1533 90 21 avocat
2937 1533 31 22 de
2981 1533 25 22 la
3020 1534 122 21 chaussée
3156 1534 30 22 de
3200 1534 106 23 Haecht,

2787 1563 16 17 a
2820 1558 41 22 été
2882 1559 101 22 écrouée
3003 1564 63 20 pour
3086 1559 38 22 vol
3144 1559 162 25 domestique.

2786 1583 51 23 Elle
2848 1589 16 17 a
2878 1584 77 25 gardé
2968 1589 47 20 par
3026 1585 89 22 devers
3127 1584 47 23 elle
3186 1585 44 21 des
3242 1589 65 17 som¬

2247 1606 63 21 mais
2328 1611 46 18 son
2394 1606 66 22 frère
2479 1606 125 25 Alphonse
2624 1607 40 21 fut
2683 1606 80 22 relevé
2774 1627 3 4 .
2787 1613 53 18 mes
2857 1610 115 25 d'argent
2989 1611 126 21 destinées
3131 1612 16 21 à
3164 1610 83 26 régler
3262 1611 45 21 des

2246 1631 64 21 dans
2324 1636 34 17 un
2372 1633 72 20 triste
2457 1632 60 21 état.
2531 1632 54 21 Une
2599 1632 94 24 grande
2708 1636 56 20 par-
2787 1635 176 23 fournisseurs,

2247 1657 34 21 tie
2296 1657 30 22 de
2340 1657 25 22 la
2379 1657 52 21 tête
2446 1658 38 20 est
2498 1657 105 25 scalpée.
2618 1657 35 21 De
2668 1657 62 25 plus,
2745 1655 19 24 Il

2246 1682 97 22 souffre
2356 1682 31 22 de
2399 1682 116 22 douleurs
2528 1687 50 17 aux
2591 1682 123 22 membres
2727 1682 26 21 In-

2247 1706 111 23 férieurs.
2377 1708 35 21 La
2430 1707 107 24 victime,
2558 1707 100 24 mariée,
2676 1707 88 21 habite

2246 1732 135 25 Bruxelles.

2248 1778 18 21 A
2284 1778 119 22 PROPOS
2420 1779 38 20 DE
2476 1778 180 21 L'ACCIDENT
2675 1778 38 20 DE
2732 1778 36 20 St-

2276 1803 135 22 SERVAIS.
2427 1816 26 3 —
2471 1804 59 20 UNE
2546 1803 222 21 ARRESTATION.

2275 1857 36 23 De
2327 1857 73 22 notre
2417 1857 198 25 correspondant
2635 1862 7 17 :

2275 1890 67 21 Nous
2356 1894 78 18 avons
2449 1890 79 21 relaté
2543 1894 47 20 que
2606 1889 156 22 l'automobl-

2814 1700 31 5 —
2861 1691 19 21 A
2899 1691 24 21 la
2941 1692 134 21 recherche
3094 1692 57 21 d'un
3171 1696 90 17 escroc.
3279 1701 29 5 —

2786 1714 22 22 Il
2825 1720 18 21 y
2860 1720 15 17 a
2894 1716 117 25 quelques
3029 1717 77 25 Jours,
3125 1717 67 22 Fritz
3209 1717 99 22 Schlro-

2788 1741 84 23 kauer,
2890 1743 32 21 né
2941 1743 15 21 à
2974 1742 85 22 Berlin
3077 1747 32 17 en
3128 1743 62 23 1386,
3209 1747 27 17 se
3253 1742 46 26 pré-

2788 1767 95 24 sentait
2899 1768 61 21 chez
2975 1772 35 17 un
3025 1768 108 26 Joaillier
3148 1769 31 22 de
3194 1768 114 22 l'avenue

2787 1793 95 25 Louise,
2894 1794 15 21 à
2919 1793 170 24 Saint-Gilles.
3100 1795 32 22 Se
3144 1794 98 22 faisant
3252 1798 47 22 pas-

2788 1823 41 17 ser
2844 1823 64 21 pour
2924 1819 23 23 le
2964 1820 103 22 docteur
3084 1820 86 22 Kauer
3186 1821 27 22 et
3229 1824 27 18 se
3272 1820 26 21 di-

2788 1846 60 20 sant
2864 1845 104 22 attaché
2998 1850 33 17 au
3062 1846 129 22 ministère
3222 1846 31 22 de
3283 1845 26 22 la

2787 1870 96 22 Guerre
2896 1871 15 22 à
2925 1871 119 25 Londres;
3061 1871 124 24 l'homme,
3199 1872 40 25 qui
3253 1876 46 21 por-

2788 1896 49 21 tait
2855 1896 53 22 très
2928 1897 70 24 beau,
3019 1897 91 22 acheta
3144 1902 50 18 une
3227 1897 81 25 bague

2247 1914 57 22 liste
2317 1916 42 25 qui
2374 1916 69 21 avait
2456 1915 120 22 accroché
2590 1917 27 21 et
2631 1915 79 22 blessé
2724 1915 40 21 se-
2776 1914 3 22 I
2789 1921 124 24 d'homme
2930 1922 76 22 d'une
3022 1923 87 22 valeur
3124 1924 30 22 de
3171 1923 63 22 6.000
3250 1924 30 21 fr.
3301 1939 5 5 .

2246 1941 153 21 rieusement
2431 1945 35 17 un
2499 1940 98 23 Italien,
2630 1941 71 21 route
2734 1939 31 23 de
2787 1946 96 27 bagues
2897 1951 35 20 en
2945 1947 98 27 platine
3074 1954 59 17 avec
3164 1949 103 23 brillant
3283 1949 26 21 et

2247 1965 146 25 Gembloux,
2407 1966 16 22 à
2435 1966 149 22 St-Servais.
2600 1966 26 21 et
2639 1967 43 24 qui
2696 1966 69 21 avait
2789 1973 64 22 deux
2871 1974 101 25 saphlrs
2974 1990 5 5 .
2996 1974 22 22 n
3036 1975 75 21 remit
3129 1979 32 17 en
3180 1975 42 25 pal
3224 1976 85 20 ement

2247 1996 52 20 pris
2318 1991 25 22 la
2362 1991 65 21 fuite
2446 1996 61 17 sans
2526 1996 26 17 se
2571 1992 96 21 soucier
2686 1992 30 21 de
2736 1995 28 17 sa
2789 2003 34 17 un
2838 1999 94 25 chèque
2946 2000 31 22 de
2992 2001 42 21 800
3048 2001 11 21 f
3060 2005 13 17 r
3074 2017 5 5 .
3094 2001 94 21 suisses
3203 2001 47 21 tiré
3265 2005 45 17 sur

2246 2017 487 39 ^^ATiL^'tt^^^I'I^o^^.J'h
2724 2021 18 30 04
2739 2021 18 35 ?
2756 2021 8 16 1
2776 2029 3 27 i
2788 2029 35 17 un
2837 2026 143 24 organisme
2995 2026 118 23 bancaire
3127 2027 31 22 de
3172 2026 108 22 Genève.

2246 2042 26 41 ?,
2264 2048 13 16 e
2276 2068 32 15 hU
2318 2072 5 6 ■
2338 2073 46 10 m«
2384 2047 13 17 e
2399 2058 24 25 i»
2418 2043 22 21 U
2438 2046 78 37 S?=,T?f
2513 2046 14 20 q
2519 2047 55 36 fSrH
2573 2047 13 17 e
2591 2046 43 37 «F
2645 2072 33 11 ™
2696 2042 70 41 nn^"
2816 2051 26 21 L(
2841 2067 7 5 *
2864 2051 56 22 ChèC
2919 2056 7 20 l
2927 2056 30 17 Ue
2971 2052 74 21 étaIlt
3059 2057 92 17 reVenU
3166 2052 106 25 ^PUyé.
3286 2052 23 21 le

2247 2119 16 21 à
2275 2119 74 24 Dhuy
2367 2118 106 22 Celui-ci
2485 2119 70 21 avait
2566 2119 59 21 cédé
2636 2119 17 21 à
2665 2119 32 21 vil
2710 2119 55 25 prix

2246 2148 29 17 sa
2305 2145 97 20 voiture
2432 2144 16 22 à
2476 2148 36 17 un
2543 2143 161 22 démolisseur
2734 2143 31 21 de

2248 2169 148 25 Champion.
2412 2170 46 21 Les
2474 2169 149 25 gendarmes
2655 2170 46 21 ont
2724 2173 27 17 re-

2247 2199 83 17 connu
2353 2196 25 21 la
2400 2195 97 22 voiture
2518 2194 65 23 dans
2604 2194 105 25 laquelle

2817 2128 29 5 —
2861 2119 48 21 Des
2925 2119 104 22 rexistes
3045 2122 153 24 provoquent
3214 2120 43 21 des
3274 2120 24 21 in

2790 2144 97 22 cidents
2906 2145 16 22 à
2941 2150 48 16 une
3010 2146 146 21 conférence
3176 2146 33 22 du
3228 2147 81 21 comte

2790 2169 58 26 Eug.
2864 2170 30 22 de
2911 2171 102 21 Grunne
3029 2171 16 22 à
3061 2171 119 22 Verviers.
3196 2182 28 4 —
3238 2172 33 22 M.
3286 2172 23 21 le

2789 2196 81 22 comte
2882 2196 99 25 Eugène
2990 2197 30 21 de
3029 2197 105 22 Grunne
3146 2198 107 21 donnait
3260 2201 49 18 une

2247 2220 111 22 trouvait
2376 2224 89 17 encore
2483 2225 35 16 un
2554 2220 152 25 garde-boue
2732 2219 34 22 du
2790 2222 155 25 conférence.
2956 2222 69 25 Jeudi
3036 2223 59 22 soir,
3107 2224 16 21 à
3134 2223 120 23 Verviers,
3267 2227 43 18 sur

2247 2245 54 22 vélo
2315 2246 30 22 de
2359 2245 114 23 l'Italien.
2488 2245 95 22 Gillain
2597 2249 15 17 a
2625 2245 40 22 été
2677 2245 88 22 écroué
2789 2246 23 23 le
2825 2248 68 24 sujet
2906 2254 12 14 -t
2930 2247 118 26 Belgique
3061 2249 114 23 toujours
3189 2255 19 15 ».
3220 2249 21 21 Il
3255 2253 55 17 ren-

2247 2272 26 21 et
2289 2271 108 21 Gellnne
2412 2271 76 21 remis
2504 2275 32 17 en
2552 2270 95 22 liberté.
2777 2271 4 32 |
2790 2273 37 23 dit
2840 2273 134 25 hommage
2987 2278 49 17 aux
3050 2274 116 23 Wallons,
3179 2275 56 25 puis
3248 2274 17 22 il
3279 2275 21 20 si-

2790 2298 77 25 gnala
2886 2298 23 24 le
2929 2299 96 25 danger
3044 2300 44 21 des
3108 2301 141 25 aventures,
3269 2300 40 26 qui

2249 2316 92 22 TROIS
2357 2316 136 21 SOLDATS
2511 2314 125 23 BLESSÉS
2652 2315 18 21 A
2688 2315 82 21 MONS

2778 2341 4 23 I

2790 2324 150 23 conduisent
2951 2329 49 18 aux
3012 2325 152 25 déceptions.

2277 2361 35 22 De
2327 2360 73 22 notre
2416 2360 199 25 correspondant
2634 2365 6 17 :
2778 2367 4 22 |
2819 2361 20 21 A
2852 2360 26 22 la
2891 2361 78 21 sortie
2983 2361 30 21 de
3027 2360 25 22 la
3066 2360 62 23 salle
3140 2361 33 22 où
3188 2366 26 17 se
3229 2362 82 21 tenait

2276 2386 36 21 La
2331 2386 57 21 nuit
2408 2387 31 21 de
2459 2386 122 21 mercredi
2601 2386 16 22 à
2637 2385 76 24 Jeudi,
2739 2389 31 18 au
2791 2385 25 22 la
2827 2386 111 23 réunion,
2951 2391 33 16 un
2996 2391 93 21 groupe
3100 2387 30 21 de
3141 2387 106 21 rexistes
3256 2392 46 20 pro-

2249 2416 73 17 cours
2341 2412 74 21 d'une
2452 2411 104 21 marche
2575 2413 31 21 de
2625 2411 62 25 nuit,
2723 2415 49 17 une
2792 2411 135 26 voquèrent
2943 2412 36 21 les
2995 2413 136 21 assistants
3146 2417 33 17 au
3196 2413 116 25 meeting,

2249 2437 148 25 compagnie
2414 2438 33 22 du
2467 2437 41 21 1er
2524 2437 134 22 chasseurs
2682 2437 15 22 à
2714 2436 59 25 pied
2791 2437 54 23 Une
2864 2438 106 25 bagarre
2988 2438 133 22 s'ensuivit
3139 2443 32 17 au
3190 2443 72 17 cours
3280 2439 32 21 de

2249 2469 15 17 a
2277 2463 41 21 été
2332 2463 111 25 surprise
2456 2467 47 22 par
2514 2462 113 23 l'arrivée
2640 2462 76 22 d'une
2731 2467 42 17 au-
2791 2462 107 26 laquelle
2917 2464 44 21 des
2979 2468 77 21 coups
3073 2464 87 22 furent
3178 2465 133 21 éehaneés.

2249 2489 27 20 to
2293 2488 57 26 près
2369 2490 30 21 de
2416 2488 116 21 l'endroit
2548 2488 39 21 dit
2604 2495 13 13 «
2634 2488 20 21 A
2671 2487 25 23 la
2713 2484 100 28 Bas-'n
2833 2489 76 22 fallut
2929 2489 186 23 l'Intervention
3136 2491 31 21 de
3187 2490 25 21 la
3233 2485 79 31 police

2249 2513 55 22 cule
2321 2521 12 13 »
2350 2515 16 21 à
2381 2514 80 21 Mons.
2476 2514 71 21 Trois
2560 2514 97 22 soldats
2672 2514 46 21 ont
2731 2513 42 23 été
2780 2519 75 21 -pour
2872 2516 103 25 séparer
2993 2515 36 22 les
3049 2515 168 26 belligérants,

2249 2539 152 25 tamponnés
2415 2540 27 21 et
2456 2539 93 22 blessés
2564 2539 160 25 légèrement.
2739 2540 34 22 Ce

2250 2566 58 21 sont
2328 2564 38 23 les
2385 2565 114 21 nommés
2520 2566 112 23 Swegers
2653 2560 130 28 Edmond,!
2820 2571 29 5 —
2866 2562 155 21 Arrestation
3041 2561 57 22 d'un
3118 2562 143 25 dangereux
3280 2562 25 21 in

2250 2591 120 21 habitant
2385 2591 83 24 Mons;
2502 2591 118 22 Debouck
2635 2591 72 24 Jean,
2740 2591 31 21 de
2793 2586 84 23 dividu
2890 2587 16 21 à
2922 2586 111 22 Malines,
3048 2599 26 4 —
3088 2588 36 20 De
3137 2588 72 21 notre
3223 2591 94 18 corres-

2251 2617 118 21 Cuesmes
2386 2617 27 21 et
2429 2616 81 22 Leduc
2527 2616 92 25 Albert,
2653 2618 31 21 de
2718 2617 56 21 Bai-
2792 2612 116 23 Pondant

2819 2637 68 22 Nous
2917 2642 79 18 avons
3027 2637 81 22 relaté
3141 2637 170 23 l'arrestation

2792 2663 188 22 mouvementée
2999 2663 33 22 du
3049 2665 101 21 nommé
3168 2664 77 21 Henri
3261 2663 52 24 J...-,

2792 2688 130 22 tenancier
2939 2688 59 22 d'un
3013 2688 104 23 cabaret
3145 2690 16 22 à
3190 2689 123 22 Hofstade

2793 2713 42 26 qui
2845 2714 85 22 s'était
2941 2715 79 21 rendu
3032 2714 120 26 coupable
3164 2715 33 21 du
3209 2714 39 23 vol
3260 2714 44 22 d'u-

2792 2744 33 18 ne
2841 2740 81 22 vache
2937 2740 65 22 dans
3019 2745 49 17 une
3083 2741 93 24 prairie
3193 2741 30 21 de
3239 2740 26 22 la
3280 2741 35 21 lo-

2253 2763 59 20 UNE
2330 2763 81 21 AUTO
2430 2763 35 21 SE
2481 2764 93 20 JETTE
2593 2763 122 21 CONTRE
2733 2764 40 21 UN
2794 2765 81 22 callté.
2888 2765 133 26 L'enquête
3034 2767 101 22 ouverte
3149 2767 16 21 à
3179 2771 91 21 propos
3283 2767 31 21 de

2281 2788 155 21 POTEAU
2481 2789 236 21 TELEPHONIQUE
2755 2790 18 20 A
2793 2792 66 22 cette
2878 2792 99 23 affaire,
2996 2792 69 21 vient
3096 2792 31 23 de
3158 2792 95 22 révéler
3269 2793 45 21 des

2249 2641 77 22 sleux.
2342 2642 66 21 Tous
2422 2642 62 21 trois
2498 2642 46 21 ont
2559 2642 40 22 été
2615 2642 158 24 transportés

2250 2668 16 21 à
2280 2666 115 26 l'hôpital
2409 2665 119 23 militaire
2543 2668 30 21 de
2587 2667 79 22 Mons.
2681 2668 40 21 On
2737 2672 27 17 es-

2250 2692 59 26 père
2325 2692 71 27 qu'ils
2411 2694 87 20 seront
2515 2692 104 23 rétablis
2635 2692 56 23 d'ici
2708 2692 56 26 quel-

2251 2721 60 22 ques
2323 2718 77 25 Jours.

2793 2817 63 22 faits
2873 2817 53 22 très
2944 2822 88 21 graves
3050 2818 26 22 et
3093 2818 59 21 d'un
3170 2818 72 23 ordre
3260 2819 44 24 spé-

2794 2842 49 22 cial
2857 2843 15 22 à
2887 2844 94 24 charge
2996 2843 31 23 de
3040 2844 43 22 J...
3098 2844 40 22 On
3152 2848 27 17 se
3193 2844 111 25 rappelle

2793 2873 29 17 ra
2841 2869 57 23 tout
2916 2869 105 22 d'abord
3041 2870 75 24 qu'un
3135 2870 115 22 incendie
3269 2870 35 22 cri-

2794 2895 77 21 minel
2889 2895 133 24 dévastait,
3053 2895 18 22 11
3102 2901 16 20 y
3150 2900 16 17 a
3197 2896 116 25 quelques

2793 2921 77 24 Jours,
2885 2921 26 21 la
2926 2921 59 21 villa
3000 2921 95 22 Rachel
3110 2922 172 24 appartenant
3298 2921 15 21 à

2282 2814 141 21 KERKOM.
2441 2824 27 5 —
2485 2815 93 21 TROIS
2598 2814 132 21 BLESSÉS.

2279 2857 37 21 De
2334 2857 73 23 notre
2425 2858 198 24 correspondant
2641 2858 31 23 de
2690 2858 66 22 Tirle-

2251 2884 72 21 mont
2341 2888 7 17 :

2279 2918 33 21 M.
2325 2918 26 21 A.
2365 2918 93 24 Guens,
2470 2918 151 23 vétérinaire
2634 2919 15 22 à
2662 2920 107 21 Bauter-

2252 2947 52 18 sem
2323 2944 92 21 roulait
2432 2948 32 17 en
2483 2945 60 21 auto
2568 2949 59 17 avec
2653 2945 118 24 quelques
2793 2942 27 26 M
2840 2947 55 22 Van
2910 2947 111 22 Boeckel.
3036 2947 140 22 L'Individu
3192 2947 121 21 ci-dessus

2252 2969 70 23 amis,
2339 2970 97 24 lorsque
2453 2970 185 24 brusquement,
2654 2970 18 22 il
2687 2970 84 25 perdit
2795 2973 102 25 désigné
2911 2974 84 20 aurait
3006 2973 41 22 été
3060 2978 91 20 aperçu
3164 2973 112 25 quittant
3288 2972 25 22 la

2253 2995 25 21 la
2296 2995 123 21 direction
2437 2996 26 20 et
2487 2996 54 20 vint
2557 2996 102 21 heurter
2683 3001 35 17 un
2735 3001 41 20 po-
2794 2998 60 22 villa
2869 3003 31 17 en
2915 2998 124 24 flammes,
3054 2999 145 24 emportant
3214 2998 44 22 des
3272 2998 41 21 ob-

2253 3020 59 22 teau
2327 3020 184 25 téléphonique.
2528 3021 32 21 M.
2575 3022 36 21 De
2625 3022 100 23 Becker,
2740 3022 31 21 de
2793 3024 51 25 Jets
2861 3024 204 25 soigneusement
3081 3024 126 22 emballés.

2253 3046 112 23 Binkom,
2384 3047 40 21 fut
2442 3048 146 23 gravement
2606 3048 94 21 atteint
2718 3049 15 21 à
2751 3048 35 21 lai

2254 3072 57 21 tête.
2337 3072 32 21 M.
2388 3072 24 22 E.
2432 3072 162 24 Luckerman,
2612 3074 32 20 de
2662 3067 124 30 Binkom,!
2823 3072 101 21 D'autre
2942 3073 64 24 part,
3023 3076 50 18 une
3091 3072 103 25 attaque
3211 3073 15 21 à
3243 3072 69 21 main

2254 3096 147 25 également,
2423 3097 41 22 fut
2483 3097 80 22 blessé
2584 3102 43 18 sur
2647 3098 22 23 le
2692 3103 78 21 corps,
2796 3098 89 24 armée,
2907 3098 61 21 dont
2988 3098 40 21 fut
3049 3098 99 22 victime
3168 3102 49 18 une
3237 3097 74 25 Jeune

2254 3122 32 21 Le
2308 3123 153 21 conducteur
2483 3123 41 22 fut
2546 3123 95 23 atteint
2662 3124 65 22 dans
2748 3124 24 22 le
2794 3128 124 20 personne
2935 3123 119 22 habitant
3084 3127 49 17 une
3164 3124 72 20 autre
3253 3122 58 22 villa

2254 3147 52 24 dos.
2782 3156 3 12 i
2794 3149 44 22 des
2851 3149 123 22 environs,
2988 3149 78 21 serait
3078 3148 142 26 également
3233 3149 78 24 lmpu-

2256 3192 59 12 „„
2331 3193 38 11 _,,
2380 3193 7 11 ,
2399 3193 76 7 ____
2491 3192 202 12 „_.__„_„_
2794 3174 68 23 table
2873 3176 15 21 à
2899 3175 42 22 J...
2953 3175 112 21 Plaintes
3076 3178 45 20 ont
3132 3175 40 21 été
3183 3174 127 21 adressées

2256 3193 59 21 UNE
2331 3193 144 22 FILLETTE
2491 3194 202 22 GRIEVEMENT
2782 3190 3 22 I
2796 3205 31 17 au
2845 3201 105 25 parquet
2981 3201 16 21 à
3028 3204 91 21 propos
3136 3200 31 21 de
3184 3204 41 17 ces
3241 3199 69 21 faits.

2454 3219 128 22 BLESSÉE
2597 3221 19 20 A
2632 3221 143 21 LOKEREN
2794 3227 115 21 D'autres
2927 3227 70 20 actes
3014 3226 31 21 de
3062 3226 80 22 même
3160 3226 90 20 nature
3268 3228 32 17 au-

2280 3262 36 20 ne
2331 3263 72 19 notre
2418 3264 197 18 corrpsnnnrtant
2633 3269 6 6 •
2782 3248 3 30 i
2794 3253 83 20 raient
2890 3252 41 22 été
2945 3251 142 25 également
3102 3250 92 22 révélés
3209 3251 15 21 à
3238 3250 71 21 char-

2278 3261 126 66 fè-SEg
2419 3264 155 49 a^s^fdl.
2570 3269 14 16 3
2585 3265 32 46 ^
2632 3290 91 23 fillette
2740 3290 30 21 de
2794 3283 32 44 £
2840 3278 32 47 £
2888 3277 143 22 redoutable
3048 3276 111 47 '^vidu
3197 3276 26 21 et
3252 3275 48 20 l'en

2252 3364 130 22 renversée
2400 3370 48 20 par
2466 3369 35 17 un
2520 3366 174 21 auto-camion
2713 3370 48 17 con-

2253 3389 55 21 duit
2322 3394 46 20 par
2381 3391 23 21 le
2418 3390 136 22 chauffeur
2566 3391 35 23 De
2615 3392 154 21 Lathouwer.

2252 3414 34 21 La
2301 3415 78 24 petite
2391 3415 107 25 victime,
2511 3417 159 24 transportée
2683 3417 15 22 à
2711 3416 49 22 l'hô-

2253 3440 70 25 pital,
2339 3445 15 17 a
2370 3440 34 22 dû
2420 3440 68 22 subir
2503 3441 176 26 l'amputation
2696 3442 73 21 d'une

2253 3464 91 25 Jambe.

2328 3510 40 21 UN
2386 3509 188 27 GARQONNET
2593 3511 108 22 BLESSE

2427 3546 20 21 A
2464 3546 134 22 SERAING

2821 3394 29 5 —
2861 3384 31 21 Le
2904 3382 118 26 coupable
3034 3381 32 22 du
3078 3381 85 21 drame
3175 3380 133 25 d'Opwyck

2793 3409 48 22 fait
2854 3409 43 21 des
2909 3411 114 19 aveux.—
3035 3407 82 22 Pierre
3129 3406 96 23 Leunis,
3238 3410 62 20 soup-

2793 3435 79 25 çonné
2883 3434 93 21 d'avoir
2986 3433 47 22 tiré
3043 3437 44 17 sur
3098 3436 45 17 son
3154 3435 80 17 neveu
3245 3431 55 21 Hen-

2793 3461 21 20 ri
2831 3460 65 23 Cool,
2912 3458 139 22 marchand
3081 3458 30 20 de
3142 3457 82 23 fruits,
3240 3456 69 21 vient

2793 3485 109 22 d'entrer
2915 3485 65 21 dans
2994 3484 24 21 la
3033 3483 53 22 vole
3100 3483 43 21 des
3158 3487 85 17 aveux.
3258 3483 21 21 Il
3294 3486 15 16 a

2793 3511 98 22 déclaré
2910 3510 57 26 qu'il
2985 3509 77 21 vivait
3081 3508 88 25 depuis
3187 3508 57 25 cinq
3262 3512 47 16 ans

2791 3542 33 17 en
2840 3535 211 25 mésintelligence
3068 3538 59 17 avec
3157 3533 25 21 la
3212 3533 97 21 famille

2793 3562 58 23 Cool
2868 3565 25 20 et
2910 3561 56 26 qu'il
2983 3560 69 22 avait
3066 3560 41 22 été
3123 3559 123 22 calomnié
3262 3563 47 21 par

2281 3595 40 22 Un
2342 3600 138 22 garçonnet
2501 3600 31 20 de
2555 3597 27 21 10
2605 3601 53 19 ans,
2681 3597 101 21 Robert;
2793 3588 22 22 le
2830 3593 16 20 P
2848 3588 40 22 ère
2903 3586 65 23 Cool.

2252 3621 135 25 Painhuys,
2403 3623 41 23 qui
2460 3622 87 23 habite
2563 3623 60 21 chez
2638 3627 30 17 sa
2684 3622 90 25 grand-
2780 3617 3 33 1
2821 3623 70 22 C'est
2903 3622 97 25 lorsque
3012 3620 23 22 le
3048 3620 59 26 père
3120 3620 26 22 et
3158 3620 24 21 le
3194 3619 43 22 fils
3250 3619 59 23 Cool

2253 3646 67 21 mère
2334 3652 44 17 rue
2393 3648 30 21 de
2438 3647 25 22 la
2477 3648 103 24 Colline,
2594 3648 52 21 s'en
2661 3647 113 22 revenait
2793 3651 45 21 ont
2855 3649 65 21 brisé
2937 3647 36 22 les
2991 3650 121 19 carreaux
3130 3646 30 21 de
3177 3650 30 18 sa
3224 3645 86 22 cham-

2253 3672 30 21 de
2300 3671 83 23 l'école
2400 3673 109 25 lorsqu'il
2525 3674 40 22 fut
2580 3674 115 21 renversé
2710 3673 63 21 dans
2794 3676 42 21 bre
2849 3675 15 21 à
2878 3673 105 22 coucher
2996 3677 46 20 que
3055 3672 90 21 Leunis
3158 3671 85 22 aurait
3254 3671 48 21 tiré

2254 3697 66 22 cette
2342 3702 44 18 rue
2408 3703 46 20 par
2475 3699 77 22 l'auto
2561 3699 43 21 *Ue
2624 3699 32 21 M.
2677 3699 97 24 Grlsay.

2252 3723 124 25 pâtissier,
2409 3724 15 21 à
2456 3725 112 24 Seralng.
2599 3724 117 21 L'enfant
2732 3724 41 25 qui

2254 3748 69 23 avait
2339 3748 23 22 le
2376 3750 76 21 crâne
2468 3749 118 25 fracturé,
2603 3754 15 16 a
2633 3750 41 21 été
2691 3750 73 20 trans-

2253 3774 71 25 porté
2339 3775 64 21 dans
2418 3779 34 17 un
2468 3775 106 24 clinique
2589 3776 25 20 et
2630 3775 23 21 le
2667 3774 106 26 parquet

2254 3799 30 22 de
2298 3799 72 26 Liège
2386 3804 15 17 a
2416 3800 40 23 été
2472 3801 115 25 prévenu.

2489 3844 63 18 >•>*>

2256 3901 165 46 NOCES
2469 3901 302 48 JUBILAIRES

2325 4040 97 21 NOCES
2439 4040 69 21 D'OR
2523 4040 18 21 A
2557 4040 143 21 ANDENNE

2282 4082 36 22 De
2342 4083 72 21 notre
2437 4083 195 24 correspondant
2662 4083 30 20 de
2721 4082 38 21 Na-

2254 4111 56 17 mur
2328 4113 6 17 :

2283 4142 138 21 Dimanche
2455 4143 128 24 prochain,
2614 4147 31 18 en
2677 4142 91 25 l'église

2254 4167 158 22 d'Andenelle
2433 4168 85 21 seront
2540 4168 78 21 fêtées
2638 4168 35 22 les
2694 4172 75 17 noces

2254 4192 52 22 d'or
2324 4193 30 22 de
2372 4193 33 22 M.
2423 4193 26 22 et
2466 4193 66 22 Mme
2549 4193 118 25 François
2685 4193 83 21 Fosse-

2255 4217 154 26 prez-Bothy.
2438 4218 48 21 Nés
2513 4218 207 24 respectivement
2754 4218 16 20 à

2253 4243 125 22 Namèche
2405 4243 26 21 et
2455 4243 257 22 Marche-les-Dames
2737 4246 32 18 en

2256 4268 55 21 1858
2326 4269 26 21 et
2367 4268 61 23 1862,
2443 4268 36 21 les
2493 4269 80 24 époux
2586 4269 131 23 Fosseprez
2731 4268 29 21 fu-

2256 4294 57 21 rent
2334 4294 57 22 unis
2413 4298 31 16 en
2467 4294 55 21 1886
2544 4298 32 16 en
2619 4293 91 25 l'église
2739 4293 30 21 de

2255 4318 264 22 Marche-les-Dames.

2283 4344 32 21 M.
2332 4344 131 25 Fosseprez
2480 4344 38 21 est
2537 4348 34 17 un
2589 4343 90 22 ancien
2696 4343 59 22 fonc-

2255 4369 125 22 tionnaire
2412 4370 31 21 de
2476 4368 219 22 l'administration
2726 4368 44 22 des

2255 4393 276 23 Ponts-et-Chaussées.
2551 4394 15 22 à
2586 4393 104 25 laquelle
2710 4393 18 22 11
2754 4397 16 17 a

2251 4420 122 21 .consacré
2387 4419 57 25 près
2458 4420 31 21 de
2503 4419 28 22 40
2545 4419 101 22 années.
2661 4419 33 21 M.
2709 4418 47 22 Fos-

2256 4448 84 20 seprez
2353 4445 38 21 est
2406 4444 87 21 décoré
2508 4445 44 20 des
2566 4444 94 25 palmes
2674 4444 52 22 d'or
2740 4444 30 21 de

2256 4469 93 23 l'Ordre
2365 4470 29 22 de
2410 4470 25 21 la
2449 4469 137 22 Couronne.

2289 4556 50 33 Un
2364 4563 132 26 escroc
2520 4556 223 39 dangereux,

2282 4599 202 34 recherché
2508 4608 45 26 en
2582 4600 169 40 Belgique

2300 4647 59 30 est
2382 4643 124 34 arrêté
2530 4652 46 25 en
2601 4644 139 33 France

2285 4736 78 24 Paris,
2384 4736 33 21 19.
2436 4748 30 4 —
2485 4736 35 21 La
2538 4735 90 23 Sûreté
2645 4735 130 22 nationale

2257 4761 68 22 vient
2342 4761 120 22 d'arrêter
2479 4765 34 16 un
2528 4765 84 17 escroc
2629 4761 137 22 internatio-

2257 4786 43 22 nal
2313 4787 99 20 nommé
2425 4785 69 22 Jules
2506 4786 59 24 K...,
2576 4787 32 20 né
2622 4787 15 21 à
2647 4786 79 22 Tlflls.
2738 4787 37 21 Au

2257 4812 111 21 moment
2384 4813 30 21 de
2430 4816 46 16 son
2493 4811 159 24 arrestation,
2675 4811 22 22 le
2714 4811 51 21 mal-

2257 4837 93 22 faiteur
2369 4837 65 22 était
2454 4837 102 24 porteur
2595 4837 74 21 d'une
2689 4838 86 20 fausse

2256 4863 69 21 carte
2340 4862 129 21 d'Identité
2486 4861 70 25 belge
2572 4862 65 21 ainsi
2653 4866 46 21 que
2716 4862 59 21 d'un

2256 4888 88 21 carnet
2363 4889 29 21 de
2413 4887 134 22 virements
2568 4888 105 24 postaux
2700 4887 65 21 inter-

2257 4913 138 21 nationaux
2423 4912 130 21 L'examen
2575 4913 44 21 des
2640 4911 83 23 talons
2744 4912 31 21 de

2256 4943 27 16 ce
2292 4939 87 20 carnet
2397 4942 15 17 a
2429 4937 91 26 permis
2538 4936 113 22 d'établir
2668 4941 46 21 que
2722 4936 43 21 l'es-

2257 4968 55 17 croc
2333 4963 69 21 avait
2422 4963 104 21 commis
2564 4967 49 17 une
2655 4962 120 22 douzaine

2257 4989 190 25 d'escroqueries
2467 4989 173 24 Importantes,
2660 4989 56 20 tant
2743 4992 31 17 en

2257 5015 93 21 France
2367 5014 71 26 qu'en
2456 5013 121 25 Belgique.
2594 5014 22 20 K
2629 5029 13 4 ..
2661 5013 62 23 était
2739 5018 26 16 re-

2258 5040 105 21 cherché
2378 5044 32 16 en
2427 5039 116 25 Belgique
2560 5043 61 22 pour
2638 5039 87 25 quatre
2739 5042 27 17 es-

2258 5065 138 25 croqueries
2413 5064 130 22 commises
2560 5059 22 26 le
2599 5064 62 21 mois
2677 5064 99 21 dernier

2257 5093 25 19 et
2296 5095 62 21 pour
2371 5090 117 22 émission
2504 5091 30 20 de
2549 5090 106 24 chèques
2669 5090 105 24 postaux

2258 5120 49 17 non
2327 5115 208 25 approvisionnés.
2554 5115 22 21 K
2588 5130 4 4 .
2605 5130 5 8 .
2625 5115 41 25 qui
2684 5121 15 16 a
2718 5114 57 25 déjà

2258 5142 39 21 été
2313 5141 138 23 condamné
2467 5146 45 20 par
2527 5140 36 21 les
2578 5140 133 21 tribunaux
2728 5138 37 22 bel-

2259 5171 42 21 ges
2316 5168 26 21 et
2359 5165 219 25 luxembourgeois,
2595 5170 14 16 a
2625 5165 103 21 commis
2744 5169 31 16 en

2260 5192 61 21 avril
2339 5192 52 21 1931
2412 5196 33 18 un
2464 5192 38 21 vol
2517 5191 30 21 de
2564 5191 76 23 60,000
2658 5191 84 21 francs
2760 5189 15 21 à

2259 5219 32 20 La
2306 5218 92 21 Panne.

2820 3750 29 4 —
2868 3739 35 20 Un
2923 3736 165 25 cambriolage
3125 3736 16 22 à
3160 3736 89 21 Vance.

2791 3764 54 22 Une
2866 3764 30 21 de
2916 3767 41 17 ces
2976 3761 127 23 dernières
3123 3761 76 23 nuits,
3236 3761 66 25 profi-

2792 3789 58 22 tant
2865 3790 31 21 de
2912 3787 139 23 l'obscurité
3065 3788 26 20 et
3107 3788 30 21 de
3154 3788 25 21 la
3195 3787 115 24 tempête,

2791 3816 44 21 des
2855 3812 178 23 cambrioleurs
3053 3814 45 20 ont
3117 3812 103 25 pénétré
3248 3812 64 21 dans

2792 3844 33 17 un
2842 3839 115 25 magasin
2972 3839 31 21 de
3017 3838 84 21 Vance
3117 3842 31 17 en
3164 3838 99 21 brisant
3277 3842 35 17 un

2792 3869 104 18 carreau
2916 3864 27 21 et
2961 3864 47 21 ont
3027 3863 54 22 volé
3100 3862 108 26 l'argent
3227 3863 41 26 qui
3285 3868 27 16 se

2792 3889 110 23 trouvait
2916 3889 64 21 dans
2994 3888 22 22 le
3031 3888 128 24 comptoir.

2819 3924 35 22 Us
2872 3924 46 21 ont
2935 3923 71 22 tenté
3024 3923 24 21 le
3086 3923 80 22 même
3190 3928 63 21 coup
3278 3928 34 16 au

2791 3949 142 27 presbytère
2955 3953 6 20 ;
2981 3948 65 22 mais
3063 3948 31 22 lis
3112 3954 32 17 en
3160 3949 87 21 furent
3262 3953 41 17 em-

2790 3975 92 30 pêchés
2894 3980 47 20 par
2953 3973 112 22 l'arrivée
3078 3975 30 21 de
3120 3975 33 21 M.
3164 3974 22 22 le
3200 3975 58 21 curé
3271 3975 39 25 qui

2790 3999 38 22 les
2842 4001 71 24 força
2927 4000 16 22 à
2957 3999 57 23 fuir.

2818 4035 35 21 La
2872 4034 173 26 gendarmerie
3064 4035 112 25 enquête.

2819 4089 29 4 —
2865 4078 154 21 Arrestation
3039 4078 57 22 d'un
3114 4078 120 21 fraudeur
3252 4078 49 21 d'al-

2792 4104 51 20 cool
2863 4104 16 22 à
2899 4104 65 20 Bael.
2982 4116 27 4 —
3027 4104 35 20 De
3080 4104 72 20 notre
3168 4108 133 20 correspon-

2790 4128 63 22 dant
2868 4128 30 23 de
2913 4128 110 22 Louvain
3041 4133 6 17 :

2819 4163 34 21 La
2876 4163 57 21 nuit
2955 4163 152 21 demercredl
3129 4163 16 22 à
3167 4163 76 24 jeudi,
3271 4164 36 19 les

2791 4189 148 23 gendarmes
2956 4187 72 22 Abels
3046 4189 25 20 et
3090 4188 119 23 Cornelis,
3227 4189 30 21 de
3283 4188 24 20 la

2791 4213 101 24 brigade
2911 4214 31 21 de
2961 4213 134 24 Tremeloo,
3114 4213 121 21 faisaient
3254 4213 53 22 leur

2790 4239 78 21 ronde
2893 4238 188 25 Brusquement,
3115 4239 30 21 ils
3163 4242 26 17 se
3206 4238 87 22 trouvè-

2790 4264 58 21 rent
2865 4268 32 17 en
2914 4263 118 26 présence
3049 4263 59 21 d'un
3126 4263 100 25 cycliste
3245 4263 62 22 dont

2790 4288 23 22 le
2825 4289 54 21 vélo
2891 4289 89 21 n'était
2994 4292 45 20 pas
3051 4288 96 21 éclairé.
3161 4289 32 20 Le
3206 4289 101 24 cycliste

2791 4313 41 22 fut
2846 4314 53 24 prié
2915 4314 30 22 de
2961 4314 123 23 s'arrêter.
3101 4314 64 22 Mais
3180 4314 79 24 quelle
3274 4318 33 17 ne

2791 4339 40 21 fut
2845 4343 45 20 pas
2903 4339 24 21 la
2940 4339 103 24 stupeur
3056 4339 44 21 des
3113 4339 149 25 gendarmes
3275 4343 32 19 en

2779 4360 4 29 !
2791 4365 147 20 constatant
2958 4368 47 20 que
3027 4364 44 22 des
3092 4364 111 24 cruches,
3224 4365 84 22 conte-

2780 4395 3 19 !
2791 4390 64 20 nant
2870 4390 31 21 de
2916 4389 95 21 l'alcool
3026 4389 116 25 trafiqué,
3157 4390 95 23 étalent
3268 4394 39 18 ac-

2780 4417 3 18 I
2792 4414 116 22 crochées
2923 4418 32 17 au
2972 4414 92 24 guidon
3081 4415 33 21 du
3129 4414 62 24 vélo.

2819 4439 145 22 L'individu,
2985 4443 34 17 un
3040 4440 100 21 nommé
3160 4440 72 22 Claes
3252 4441 54 24 Syl-

2792 4464 63 22 vère.
2875 4465 31 21 de
2927 4465 124 22 Schrieck.
3072 4466 41 21 fut
3133 4466 48 21 mis
3201 4470 32 18 en
3254 4466 54 22 état

2792 4490 176 21 d'arrestation
2981 4491 25 20 et
3019 4490 125 22 transféré
3157 4491 16 22 à
3186 4491 24 21 la
3224 4492 83 24 prison

2793 4515 30 21 de
2839 4515 117 21 Louvain.

2823 4581 27 4 —
2870 4569 36 20 Un
2925 4574 12 15 «
2956 4569 169 23 Stradivarius
3143 4574 12 19 a
3173 4572 85 20 aurait
3274 4572 39 21 été

2795 4593 130 21 découvert
2945 4595 15 21 à
2979 4595 117 21 Sclzaete.
3114 4608 26 4 —
3159 4596 53 21 Une
3246 4597 59 21 habi-

2794 4618 71 22 tante
2883 4619 31 21 de
2932 4619 111 23 Selzaete
3060 4620 69 22 avait
3145 4622 90 21 assisté
3253 4623 16 21 à
3286 4622 25 21 la

2793 4643 140 25 projection
2949 4644 34 21 du
2999 4644 55 22 film
3072 4651 12 14 «
3101 4646 170 23 Stradivarius
3288 4652 21 15 ».

2793 4669 51 21 Elle
2862 4670 42 20 eut
2922 4669 64 21 ainsi
3019 4669 77 25 l'idée,
3129 4676 32 17 en
3193 4672 119 22 rentrant

2794 4694 61 21 chez
2888 4693 53 24 elle,
2974 4694 153 23 d'examiner
3160 4701 35 17 un
3228 4698 83 21 violon

2793 4719 85 25 qu'elle
2891 4719 127 26 possédait
3032 4720 87 25 depuis
3132 4721 123 25 plusieurs
3262 4727 35 17 an-

2793 4744 60 22 nées
2868 4745 26 20 et
2910 4745 41 25 qui
2967 4745 36 22 lui
3019 4746 68 22 avait
3103 4747 73 22 coûté
3193 4748 42 21 700
3252 4748 44 21 frs.

2822 4769 85 24 Quelle
2925 4774 32 17 ne
2975 4770 40 22 fut
3032 4775 46 25 pas
3097 4776 28 18 sa
3144 4773 109 24 surprise
3278 4777 32 17 en

2793 4794 147 22 constatant
2957 4799 47 21 que
3022 4792 170 27 l'instrument
3216 4798 95 24 portait

2793 4819 164 25 l'inscription
2977 4825 5 17 :
3002 4820 109 24 Antonio
3141 4823 170 21 Stradivarius

2793 4844 174 22 Cremonensis
2984 4845 125 23 fabrlclat.
3128 4847 73 23 Anno
3219 4849 62 21 1736.

2821 4870 179 22 L'Instrument
3017 4875 16 16 a
3051 4871 41 22 été
3110 4873 94 21 soumis
3235 4875 15 20 à
3275 4877 36 17 un

2793 4896 86 23 expert
2893 4900 62 20 pour
2970 4895 91 22 établir
3075 4901 45 17 son
3136 4898 175 22 authenticité.

2823 4958 26 4 —
2869 4947 148 21 Arrestation
3037 4949 68 20 d'une
3124 4951 125 20 fraudeuse
3282 4952 29 20 de

2794 4971 86 25 poudre
2896 4971 28 20 de
2940 4977 15 19 K
2956 4975 14 14 u
2972 4977 51 16 <-rre
3038 4973 15 20 à
3067 4974 138 25 Tourcoing.
3221 4986 26 4 —
3263 4976 48 20 Des

2792 4996 123 19 douaniers
2932 4997 28 19 de
2976 4997 89 20 service
3096 4998 16 20 à
3144 4999 22 19 la
3196 5000 114 19 frontière

2792 5020 158 24 franco-belge
2967 5021 28 19 de
3011 5021 23 20 la
3049 5022 109 21 Marlière
3173 5024 41 19 ont
3230 5025 69 24 procé-

2792 5044 29 20 dé
2836 5045 15 19 à
2867 5045 157 19 l'arrestation
3041 5046 28 20 de
3086 5046 23 20 la
3125 5048 105 21 nommée
3246 5049 64 20 Julia

2793 5069 98 22 Matton,
2907 5069 106 21 ouvrière
3029 5070 95 23 d'usine,
3141 5072 137 21 demeurant
3295 5073 15 20 à

2791 5093 131 22 Mouscron,
2938 5093 40 25 qui
2994 5094 87 20 tentait
3097 5095 151 22 d'introduire
3280 5102 29 16 en

2794 5118 88 20 France
2897 5117 52 25 cinq
2964 5118 60 19 kilos
3038 5119 28 20 de
3080 5120 88 24 poudre
3183 5121 28 20 de
3226 5126 84 20 guerre

2793 5141 131 21 dissimulée
2939 5142 58 20 dans
3011 5146 45 16 une
3072 5144 62 20 boite
3148 5149 55 16 sous
3217 5150 39 15 ses
3270 5146 28 20 vê-

2794 5166 108 20 tements.
2925 5166 50 20 Elle
2996 5171 16 15 a
3034 5168 79 19 refusé
3136 5168 128 26 d'indiquer
3287 5171 22 19 la

2792 5194 144 20 provenance
2955 5191 24 19 et
2998 5190 22 21 la
3039 5191 141 21 destination
3200 5194 28 20 de
3247 5195 62 19 cette

2793 5214 167 20 marchandise.
2973 5215 49 19 Elle
3034 5220 14 14 a
3060 5215 38 20 été
3110 5216 96 22 écrouée
3218 5218 14 19 à
3244 5218 64 21 Lille.

3390 156 37 22 Un
3441 153 138 28 gendarme
3593 149 123 22 malmené
3728 149 16 22 à
3755 151 75 26 Thorl.

3321 183 77 23 oourt.
3412 193 29 5 —
3454 181 36 21 De
3504 177 73 22 notre
3591 176 195 25 correspondant
3799 184 7 18 :

3350 209 39 22 Un
3405 208 76 24 Jeune
3496 202 100 24 ouvrier
3611 201 30 22 de
3656 200 61 25 Sllly
3732 202 42 23 L...
3789 205 42 26 R...

3321 236 41 24 qui
3378 231 133 24 cherchait
3526 226 108 28 querelle
3650 227 15 21 à
3681 226 29 22 de
3726 229 106 27 paisible»

3321 259 218 24 consommateurs
3551 254 65 22 dans
3627 257 35 18 un
3673 253 55 21 café
3739 254 29 22 de
3778 257 55 24 Tho-

3322 287 95 22 ricourt
3434 284 32 22 où
3484 283 18 22 11
3519 286 16 21 y
3553 279 71 23 avait
3641 283 49 18 une
3707 279 49 23 fête
3773 286 61 22 avait

3320 317 59 21 reçu
3394 310 119 26 quelques
3527 305 175 23 observations
3715 306 15 21 d
3739 311 31 18 un
3781 314 43 20 gen-

3322 340 87 21 darme
3420 337 32 21 de
3464 333 114 24 Lombise
3590 335 33 18 en
3634 331 93 22 service
3738 336 56 21 avec
3803 340 31 20 un

3321 364 111 25 collègue
3465 362 16 21 à
3513 357 157 24 Thorlcourt.
3688 357 97 24 Devenu
3801 362 24 22 fu-

3322 391 77 22 rieux,
3415 389 27 21 R.
3458 388 46 21 L...
3520 384 111 32 s'élança
3646 387 44 17 sur
3703 382 22 22 le
3740 386 85 24 gendar-

3323 422 39 17 me
3378 418 26 20 et
3420 414 22 22 le
3458 414 114 20 terrassa
3587 409 16 22 d
3616 413 33 17 un
3666 409 98 22 terrible
3779 416 55 24 coup

3323 443 30 21 de
3370 441 76 26 poing
3462 440 16 21 à
3494 437 25 22 la
3534 439 90 22 nuque.
3640 435 101 22 Ensuite
3756 435 79 27 l'éner-

3323 467 108 26 gumène
3445 465 76 25 lança
3535 467 36 18 un
3586 465 63 22 coup
3664 460 30 22 de
3710 461 54 24 pied
3777 464 57 25 danj

3323 495 26 22 la
3369 494 82 24 figure
3471 490 34 22 du
3526 488 137 26 gendarme
3683 486 35 21 lui
3738 488 98 26 fendant

3322 521 26 21 la
3366 519 67 22 lèvre
3452 514 152 27 supérieure.
3622 514 33 21 Le
3675 514 110 22 mauvais
3801 520 12 18 j
3814 521 13 18 u
3827 529 8 5 .

3323 546 38 25 Jet
3374 545 46 26 put
3432 542 74 23 enfin
3519 541 54 22 être
3586 539 49 22 mis
3647 539 16 21 à
3676 537 25 22 la
3713 538 88 25 raison.

3351 612 30 5 —
3398 595 157 25 Arrestation
3576 593 58 23 d'un
3653 593 158 24 cambrioleur
3825 598 13 22 t

3325 625 140 23 Lanaeken.
3500 633 29 5 —
3560 620 36 22 De
3615 619 73 21 notre
3707 623 124 23 correspon-

3323 651 66 24 dant
3406 656 6 17 ;

3352 696 22 22 II
3387 700 16 21 y
3419 700 15 16 a
3449 697 50 17 une
3515 691 99 24 dizaine
3630 691 31 21 de
3675 690 76 25 Jours,
3764 691 31 23 M.
3809 693 30 24 W.

3323 719 162 25 Heemskerk,
3503 719 31 21 de
3552 716 142 24 Lanaeken,
3712 718 128 25 constatait

3324 747 75 48 au'on
3422 745 35 22 lui
3479 743 71 23 avait
3571 742 92 22 dérobé
3685 746 48 18 une
3754 747 86 22 somme

3342 772 99 25 'argent
3458 769 163 26 Importante,
3637 769 66 21 dans
3719 772 29 17 sa
3764 769 69 25 cham-

3325 801 43 21 bre
3382 799 16 21 à
3412 796 115 24 coucher.
3540 795 22 22 Il
3574 794 168 25 soupçonnait
3755 799 44 18 son
3812 797 22 23 lo-

3324 824 104 23 cataire.
3446 822 84 22 Pierre
3547 821 37 21 De
3602 819 102 22 Decker.
3722 820 118 29 Mercredi,

3325 851 66 21 Mme
3405 846 156 24 Heemskerk
3576 845 72 22 avait
3663 845 74 23 laissé
3751 851 33 17 un
3796 853 38 18 cer-

3326 876 55 22 tain
3402 873 105 23 nombre
3528 872 33 22 de
3580 871 85 26 pièces
3682 871 31 21 de
3734 876 107 22 monnaie

3325 900 159 24 hollandaise
3501 902 44 18 sur
3562 897 26 22 la
3604 896 70 22 table
3690 898 31 22 de
3737 897 25 22 la
3777 900 56 23 culmi-

3325 932 40 17 ne.
3386 925 101 23 Durant
3506 928 48 19 son
3578 922 114 24 absence,
3714 923 27 21 42
3761 923 80 27 florin»

3325 951 170 27 disparurent.
3509 950 33 21 M.
3554 948 155 22 Heemskerk
3724 951 87 22 avertit
3822 952 20 24 le

3326 976 172 24 commissaire
3516 977 32 22 de
3565 974 81 28 police
3663 975 31 21 de
3710 975 131 26 Lanaeken.

3326 1005 32 21 Le
3394 1001 174 23 commissaire
3590 1005 27 17 se
3639 1000 79 22 cacha
3740 1001 61 23 dans
3821 1004 21 23 i»

3327 1028 147 27 garde-robe
3488 1029 32 21 de
3534 1028 25 21 la
3574 1026 120 22 chambre
3709 1027 16 21 à
3739 1029 102 24 coucher.

3327 1056 63 21 Vers
3408 1054 14 21 9
3444 1054 94 22 heures
3559 1053 35 22 du
3615 1052 59 23 soir,
3697 1051 18 22 11
3737 1054 105 25 entendit

3326 1080 135 27 quelqu'un
3476 1078 131 24 escalader
3621 1077 23 22 le
3659 1077 48 23 toit
3722 1078 71 23 d'une
3806 1085 29 19 an-

3326 1111 64 17 nexe
3403 1106 26 21 et
3441 1109 29 18 se
3483 1104 83 23 hisser
3577 1109 49 21 par
3639 1103 25 22 la
3678 1104 96 22 fenêtre
3786 1106 56 24 dan»

3326 1133 26 21 la
3368 1131 127 23 chambre.
3513 1131 33 22 Le
3563 1129 172 22 commissaire
3749 1131 50 25 prit
3812 1133 30 24 De

3327 1157 96 22 Decker
3443 1161 33 17 en
3496 1155 116 26 flagrant
3631 1155 69 22 délit.
3721 1156 22 22 H
3763 1157 80 25 trouva

3326 1189 44 17 sur
3386 1183 35 23 lui
3437 1182 27 21 27
3480 1181 98 24 florins,
3592 1183 143 24 provenant
3749 1182 33 23 du
3796 1185 39 22 der-

3327 1209 57 23 nier
3400 1207 46 23 vol.
3462 1209 37 21 De
3516 1207 97 22 Decker
3630 1208 41 21 fut
3688 1211 111 22 emmené
3815 1215 27 19 au

3327 1234 188 23 commissariat
3529 1233 32 22 où
3574 1237 35 17 on
3621 1232 159 26 l'Interrogea
3792 1239 43 21 pen-

3328 1261 64 22 dant
3411 1260 62 21 trois
3493 1260 100 20 heures.
3611 1258 22 22 Il
3651 1258 62 22 finit
3731 1263 47 21 par
3795 1262 48 24 tout

3328 1290 99 17 avouer.
3447 1285 21 22 U
3488 1285 71 22 avait
3578 1284 91 24 dérobé
3689 1289 31 16 en
3736 1286 55 23 tout
3808 1288 35 23 220

3328 1311 90 23 florins
3438 1310 75 25 (3,520
3529 1312 31 21 fr.
3577 1310 125 22 environ).
3720 1311 78 24 Jeudi,
3812 1314 31 23 De

3328 1337 96 22 Decker
3443 1341 16 17 a
3475 1336 41 22 été
3534 1336 115 22 emmené
3668 1337 15 21 à
3700 1336 107 26 Tongres
3821 1342 21 21 et

3327 1363 96 22 écroué.

3332 1417 87 26 Exigez
3434 1417 21 22 le
3469 1421 73 18 sucre
3557 1416 94 23 raffiné
3666 1418 30 20 de
3711 1418 132 25 Tirlemont

3793 1445 49 25 ■355

3359 1510 28 5 —
3406 1497 37 22 Un
3462 1497 117 23 accident
3598 1498 88 21 mortel
3705 1498 29 22 de
3760 1499 50 24 vélo
3830 1502 13 24 t

3332 1524 131 24 Bastogne.
3480 1535 28 5 —
3544 1523 91 24 Mardi,
3672 1524 65 22 dans
3754 1524 91 28 l'après-

3330 1549 68 23 midi.
3420 1549 32 21 M.
3475 1548 94 23 Laloux
3590 1549 94 25 Albert,
3707 1550 30 22 de
3766 1552 71 23 Basto-

3330 1578 55 21 gne,
3401 1574 46 25 âgé
3463 1575 30 21 de
3508 1575 28 21 38
3553 1579 53 20 ans,
3623 1576 136 22 traversait
3773 1577 21 22 le
3808 1579 30 24 vil-

3330 1599 55 25 lage
3400 1601 31 21 de
3445 1600 176 25 Longchamps
3637 1600 169 28 lez-Bastogne
3818 1609 26 19 en

3330 1625 60 23 vélo,
3405 1625 110 25 lorsqu'il
3529 1626 37 22 vit
3578 1627 97 21 devant
3688 1627 34 22 lui
3736 1632 33 17 un
3782 1634 55 21 grou-

3330 1655 30 21 pe
3376 1652 30 21 de
3423 1650 105 23 fillettes
3544 1651 42 27 qui
3601 1652 36 22 lui
3652 1653 97 22 barrait
3763 1653 22 23 le
3796 1660 41 20 pas-

3329 1680 67 21 sage.
3411 1677 66 22 Pour
3488 1677 81 22 éviter
3581 1682 35 18 un
3631 1678 122 25 accident,
3765 1679 18 22 11
3796 1686 42 18 vou-

3330 1701 39 22 lut
3386 1702 109 25 prendre
3515 1702 176 24 l'accotement
3710 1704 31 22 de
3756 1704 24 22 la
3797 1711 40 18 rou-

3330 1727 25 22 te
3383 1727 255 26 Malheureusement,
3658 1734 31 18 sa
3709 1734 136 22 manœuvre

3330 1752 23 23 le
3373 1753 124 25 précipita
3515 1753 67 22 dans
3602 1753 23 23 le
3644 1755 73 22 fossé.
3736 1756 109 27 Lorsqu'il

3331 1781 45 23 put
3398 1779 54 22 être
3473 1778 89 25 relevé,
3606 1784 33 17 on
3660 1782 117 22 constata
3795 1784 51 24 qu'il

3330 1804 65 23 était
3408 1804 138 23 fortement
3560 1805 81 24 blessé
3654 1807 15 22 à
3683 1806 25 22 la
3721 1808 57 22 tête.
3790 1810 47 21 Con-

3331 1829 56 23 duit
3405 1830 15 22 à
3438 1829 26 22 la
3481 1829 116 26 clinique,
3622 1830 19 23 U
3657 1837 17 20 y
3692 1836 16 17 a
3725 1835 121 23 succombé

3332 1856 120 22 mercredi
3471 1856 89 25 matin,
3578 1861 57 19 vers
3651 1857 14 22 5
3683 1859 96 22 heures.

3330 1901 71 21 Poêle
3417 1904 61 17 sans
3494 1903 49 20 feu.
3559 1902 111 21 Chauffe
3685 1906 30 18 tr.
3733 1905 54 21 bien
3802 1910 43 18 une

3328 1925 119 23 chambre
3460 1932 15 17 D
3478 1929 9 12 r
3498 1927 54 22 rien
3570 1928 36 21 At.
3618 1928 30 22 de
3661 1929 87 23 Raedt.
3760 1930 79 23 Wavre

3794 1958 50 22 4579

3360 2018 29 4 —
3404 2006 57 22 Vols
3474 2006 30 22 de
3520 2006 67 23 vélos
3601 2013 31 17 en
3648 2008 63 23 série
3726 2010 15 22 à
3756 2011 53 22 Ath.
3821 2024 26 6 —

3331 2031 37 21 De
3386 2032 73 21 notre
3477 2034 209 24 correspondant:

3360 2076 39 21 On
3434 2082 15 17 a
3482 2077 123 26 retrouvé,
3638 2080 149 24 aDandonné
3817 2088 29 17 an

3331 2102 65 21 Pont
3412 2102 112 26 Deltour,
3539 2105 16 21 à
3572 2104 126 25 Chièvres,
3710 2120 5 4 -
3731 2112 34 17 un
3797 2109 50 22 vélo

3332 2127 41 25 qui
3388 2127 70 23 avait
3469 2129 42 22 été
3524 2129 53 23 volé
3589 2131 18 22 4
3619 2131 51 22 Ath
3683 2132 64 22 dans
3758 2134 25 22 la
3795 2135 52 21 nuit

3331 2154 31 21 de
3383 2152 70 23 lundi
3474 2155 16 21 à
3512 2155 88 22 mardi.
3638 2157 69 21 Dans
3727 2158 25 22 la
3771 2160 76 22 même

3332 2178 64 26 nuit,
3417 2183 35 17 un
3474 2180 130 23 deuxième
3624 2181 54 23 vélo
3699 2183 40 22 fut
3758 2185 51 23 volé
3834 2185 15 23 i

3332 2204 57 22 Ath.
3423 2205 72 23 Dans
3525 2205 26 22 la
3567 2207 58 22 nuit
3641 2209 31 21 de
3688 2209 131 24 dimanche
3834 2211 14 22 à

3332 2229 77 25 lundi,
3423 2235 49 18 une
3485 2231 133 25 bicyclette
3630 2234 41 22 fut
3683 2234 104 27 enlevée,
3800 2236 39 26 pla-

3333 2259 27 18 ce
3376 2256 82 25 Verte,
3475 2257 41 26 qui
3532 2259 42 21 fut
3588 2260 129 22 retrouvée
3732 2261 23 22 le
3770 2262 70 23 lende-

3332 2280 76 25 main,
3427 2286 91 22 square
3535 2284 129 23 St-Julien.

3360 2316 36 21 La
3416 2318 114 22 semaine
3549 2319 121 26 dernière,
3695 2321 66 24 deux
3786 2323 64 24 vélos

3334 2342 103 22 avalent
3455 2348 90 18 encore
3565 2345 122 25 disparus,
3722 2348 62 22 dont
3801 2349 49 23 l'un

3333 2368 47 24 put
3396 2368 54 22 être
3467 2370 115 22 retrouvé
3600 2376 31 16 au
3648 2372 64 23 Pont
3725 2374 124 25 Popeleux.

3334 2392 53 22 Une
3406 2395 172 24 camionnette
3597 2397 69 22 volée
3685 2403 31 17 au
3735 2406 13 13 <
3765 2401 76 25 comp-

3335 2418 49 23 toir
3400 2419 169 24 charbonnier
3584 2429 12 14 >
3611 2424 41 21 fut
3666 2425 126 22 retrouvée
3808 2427 33 21 Im-

3335 2444 128 23 mobilisée
3480 2451 46 20 par
3541 2446 23 24 le
3581 2448 50 22 bris
3650 2450 29 21 de
3696 2451 24 21 la
3739 2451 64 23 boite
3818 2452 31 23 de

3335 2470 97 25 vitesse,
3450 2472 15 21 à
3482 2472 282 26 Chapelle-à-Wattines.

3364 2534 30 5 —
3409 2525 109 24 Terrible
3536 2528 123 25 explosion
3678 2534 29 17 en
3725 2531 113 25 Angleter-

3336 2553 33 18 re.
3383 2562 30 5 —
3426 2551 117 26 Londres,
3558 2554 28 21 19
3597 2558 12 17 -:

3365 2585 54 22 Une
3433 2587 127 25 explosion
3572 2589 58 22 s'est
3640 2591 115 24 produite
3769 2593 15 21 à
3796 2593 53 21 Bir-

3336 2611 122 23 kenhead.
3472 2614 39 21 Un
3523 2614 130 23 immeuble
3665 2621 15 16 a
3693 2617 39 22 été
3742 2618 105 22 entière-
3871 2632 4 4 -

3336 2639 70 20 ment
3419 2639 100 22 détruit.
3531 2640 59 25 Sept
3602 2645 135 20 personnes
3749 2645 44 19 ont
3805 2644 41 22 été
3859 2652 17 14 ■

3337 2661 158 26 grSvemenf
3499 2662 110 25 blessées.
3620 2666 44 21 Les
3675 2667 90 22 détails
3775 2673 70 17 man-
3858 2661 18 19 *

3336 2690 78 23 quent
3432 2694 91 17 encore.

3367 2721 20 30 S
3857 2715 19 26 1*4

3364 2760 29 5 —
3409 2751 36 21 Un
3461 2749 99 27 éTrange
3577 2751 105 26 ménage
3698 2752 16 22 à
3730 2754 115 22 Pitthem.
3858 2741 18 12 "

3336 2784 28 5 —
3382 2776 36 21 De
3435 2777 70 20 notre
3523 2778 197 24 correspondant
3737 2779 31 22 de
3787 2781 50 21 Bru-

3336 2805 43 21 ges
3395 2806 7 17 :

3364 2837 20 21 n
3398 2842 16 20 y
3428 2841 14 17 a
3457 2837 63 21 deux
3534 2837 69 24 mois,
3618 2843 96 18 comme
3728 2844 64 18 nous
3805 2840 32 23 l'a-

3336 2866 60 18 vons
3416 2863 117 23 annoncé,
3554 2867 34 17 un
3608 2864 120 23 habitant
3748 2866 31 22 de
3798 2867 40 22 Pit-

3335 2888 75 23 them,
3422 2888 23 22 le
3456 2888 99 22 nommé
3567 2889 84 25 E.Sap,
3664 2890 93 25 déposa
3768 2891 70 26 plain-

3335 2914 25 21 te
3373 2914 15 21 à
3402 2913 25 21 la
3439 2913 94 22 Justice
3546 2916 87 21 contre
3645 2920 31 17 sa
3690 2917 93 22 femme
3802 2918 47 21 De-

3335 2939 173 21 scheemaeker
3522 2940 100 25 Berthe,
3638 2943 42 24 qui
3695 2943 70 21 avait
3778 2944 70 22 tenté

3334 2965 30 21 de
3384 2964 147 25 l'étrangler.
3550 2966 108 23 Suivant
3677 2972 41 18 ses
3739 2969 99 22 déclara-

3334 2991 71 22 tions,
3419 2991 84 21 tandis
3517 2991 57 26 qu'il
3587 2992 65 22 était
3666 2994 65 21 assis
3744 2999 44 17 sur
3800 2999 49 18 une

3334 3016 83 21 chaise
3430 3016 63 22 dans
3506 3016 25 21 la
3544 3018 102 23 cuisine,
3659 3024 29 16 sa
3701 3020 92 23 femme
3806 3021 34 22 s'é-

3334 3042 48 21 tait
3395 3042 138 24 approchée
3546 3043 31 21 de
3590 3043 36 23 lui
3639 3047 26 20 et
3678 3045 36 22 lui
3727 3047 70 23 avait
3807 3051 33 17 en-

3333 3067 67 22 roulé
3430 3072 49 17 une
3508 3069 74 21 corde
3612 3071 92 21 autour
3734 3072 33 21 du
3796 3077 52 18 cou.

3332 3093 126 22 L'homme
3469 3098 110 21 supposa
3587 3100 47 21 que
3641 3096 90 23 c'était
3740 3103 50 17 une
3800 3099 41 21 far-

3333 3123 33 17 ce.
3380 3119 65 21 Mais
3459 3119 26 22 la
3499 3120 92 23 femme
3606 3122 51 22 tira
3670 3127 45 17 sur
3729 3123 26 22 la
3769 3124 80 25 corde,

3332 3144 98 25 celle-ci,
3452 3145 201 25 heureusement,
3689 3153 27 18 se
3751 3150 98 25 rompit,

3332 3170 84 22 tandis
3434 3171 58 25 qu'il
3510 3176 27 17 se
3554 3173 133 22 débattait.
3704 3175 36 22 La
3758 3176 91 21 femme

3332 3196 69 21 avait
3415 3197 52 24 pris
3484 3196 66 23 alors
3566 3203 35 17 un
3617 3200 114 24 couteau,
3747 3202 65 20 mais
3826 3201 23 22 le

3332 3222 63 21 mari
3417 3222 64 22 était
3503 3227 111 21 parvenu
3637 3226 15 21 à
3675 3225 25 23 la
3721 3226 129 22 désarmer

3332 3251 49 17 non
3394 3251 60 18 sans
3467 3252 26 19 se
3505 3249 95 22 blesser
3611 3251 15 21 à
3638 3250 26 22 la
3675 3252 77 22 main.
3763 3252 22 22 Il
3795 3257 46 21 por-

3331 3273 48 20 tait
3395 3273 142 25 également
3568 3276 44 22 des
3641 3277 161 25 ecchymoses
3817 3282 32 18 au

3331 3302 53 18 cou.

3359 3343 93 23 Berthe
3467 3344 216 25 Descheemaeker
3698 3348 41 21 fut
3754 3348 96 22 arrêtée

3331 3369 26 21 et
3373 3370 103 22 écrouée
3509 3372 15 21 à
3556 3371 25 22 la
3598 3373 86 24 prison
3701 3374 30 22 de
3749 3374 100 25 Bruges.

3331 3395 122 24 Ajoutons
3469 3396 90 25 qu'elle
3575 3403 32 17 ne
3623 3399 86 24 parait
3724 3404 47 20 pas
3786 3400 65 26 joulr

3332 3420 30 22 de
3376 3420 26 23 la
3416 3421 129 26 plénitude
3560 3423 31 22 de
3605 3428 40 17 ses
3660 3425 109 22 facultés
3784 3430 56 18 men-

3331 3446 65 22 tales
3415 3450 26 20 et
3458 3447 89 25 qu'elle
3566 3454 15 16 a
3598 3450 41 22 été
3657 3451 99 23 déférée
3774 3452 31 21 de
3822 3455 28 17 ce

3331 3472 59 21 chef
3403 3473 15 22 à
3433 3477 34 17 un
3470 3478 117 28 ^examen
3601 3476 114 21 médical.
3728 3477 72 22 Cette
3814 3476 28 21 af-

3331 3498 65 22 faire
3412 3499 69 22 vient
3498 3500 30 22 de
3545 3505 27 17 se
3588 3505 85 17 corser
3688 3506 48 21 par
3751 3507 35 16 un
3802 3502 49 21 fait

3332 3525 213 24 compromettant
3558 3526 48 23 mis
3619 3528 15 21 à
3647 3527 93 26 charge
3752 3528 34 21 du
3799 3532 52 17 mar

3331 3549 29 22 ri.

3360 3584 98 23 L'autre
3472 3587 64 25 Jour,
3551 3587 58 25 Sap,
3624 3588 111 23 rendant
3748 3588 73 23 visite
3835 3588 15 22 *

3333 3614 29 18 sa
3374 3612 100 24 femme,
3486 3612 35 22 lui
3532 3613 73 22 offrit
3616 3614 62 21 trois
3690 3613 120 23 tablettes
3821 3614 30 22 de

3332 3636 121 23 chocolat.
3471 3638 33 21 Le
3522 3638 151 25 lendemain,
3692 3640 73 25 après
3782 3640 70 21 avolr

3332 3664 91 24 mangé
3442 3668 49 17 une
3508 3664 45 21 des
3570 3664 126 24 tablettes,
3714 3666 26 21 la
3756 3666 86 24 prison-

3332 3688 69 22 nière
3415 3693 27 17 se
3457 3689 108 25 plaignit
3579 3691 31 22 de
3625 3690 116 22 douleurs
3755 3691 87 21 intesti-

3332 3714 78 22 nales.
3431 3715 39 21 Un
3493 3716 112 21 médecin
3628 3716 88 25 appelé
3736 3716 115 24 aussitôt,

3333 3740 32 22 fit
3383 3741 115 22 examine
3501 3746 6 8 4
3506 3746 7 6 *
3530 3741 36 22 les
3585 3742 156 21 excréments
3759 3745 25 20 et
3803 3742 49 22 l'on

3333 3766 90 22 trouva
3439 3767 30 22 de
3486 3767 77 26 petits
3579 3771 133 18 morceaux
3729 3768 30 21 de
3775 3767 30 22 fil
3820 3768 32 21 de

3332 3792 90 22 cuivre.
3452 3793 32 22 Le
3514 3795 81 20 secret
3624 3793 40 21 fut
3694 3793 159 25 rapidement

3334 3818 88 22 éventé
3443 3823 6 17 :
3467 3818 52 26 Sap
3537 3818 73 25 après
3627 3819 70 20 avoir
3713 3819 99 21 ramolli
3829 3818 24 22 le

3333 3843 115 24 chocolat
3462 3845 15 21 à
3490 3844 25 21 la
3529 3843 103 22 chaleur
3645 3844 32 21 du
3691 3844 50 24 feu,
3754 3850 16 19 y
3783 3844 70 23 avait

3334 3869 122 22 introduit
3473 3869 35 22 les
3524 3870 73 21 bouts
3613 3869 31 23 de
3660 3869 36 24 fil,
3712 3869 141 26 provenant

3333 3894 73 23 d'une
3426 3895 99 25 épingle
3544 3895 30 21 de
3594 3895 91 24 sûreté,
3704 3895 58 24 qu'il
3782 3895 71 21 avait

3333 3921 92 24 coupée
3441 3925 32 17 en
3491 3924 138 18 morceaux.
3646 3920 206 23 Heureusement,

3334 3950 81 18 aucun
3431 3946 30 22 de
3476 3946 95 21 ceux-ci
3585 3950 32 16 ne
3632 3945 84 22 s'était
3731 3945 120 22 accroché

3333 3976 32 16 en
3381 3972 72 21 route
3474 3971 6 22 !

3361 4006 122 25 Ajoutons
3497 4010 46 21 que
3557 4005 51 23 lors
3622 4005 30 23 de
3667 4009 29 18 sa
3709 4005 74 23 visite
3796 4006 16 22 à
3826 4005 26 22 la

3333 4031 92 26 prison,
3447 4032 19 21 11
3488 4032 71 21 avait
3580 4031 53 26 pris
3656 4030 26 24 la
3704 4031 149 25 précaution

3334 4057 154 21 d'emmener
3504 4061 46 18 son
3568 4056 66 23 frère
3648 4057 28 22 et
3692 4057 73 25 qu'au
3782 4057 61 25 préa-

3333 4082 65 22 lable
3414 4083 18 22 11
3448 4083 69 21 avait
3534 4083 89 22 acheté
3639 4087 32 17 en
3688 4087 29 17 sa
3733 4083 119 25 présence

3333 4108 44 21 des
3396 4112 133 18 morceaux
3548 4109 31 21 de
3599 4108 116 22 chocolat
3733 4109 66 21 dans
3818 4111 36 18 un

3333 4134 115 24 magasin
3466 4133 30 23 de
3513 4133 25 23 la
3555 4133 63 24 ville,
3635 4134 65 21 dans
3717 4133 24 23 le
3758 4134 46 21 but
3820 4134 32 21 de

3333 4159 109 25 dépister
3457 4159 26 22 la
3498 4159 92 25 Justice
3605 4164 31 17 en
3653 4164 43 17 cas
3712 4159 139 26 d'enquête.

3332 4185 52 25 Sap
3397 4189 16 17 a
3425 4185 41 22 nié
3479 4184 23 22 le
3515 4185 50 22 fait
3577 4185 74 25 après
3665 4186 70 21 avoir
3747 4186 49 21 fait
3809 4186 44 21 des

3334 4215 86 17 aveux.
3432 4210 22 22 Il
3467 4215 16 17 a
3495 4211 40 22 été
3547 4210 76 23 laissé
3636 4215 32 18 en
3681 4211 95 25 liberté,
3789 4210 64 22 mais

3331 4240 57 18 sera
3406 4236 151 22 néanmoins
3576 4236 134 26 poursuivi.

3361 4303 29 5 —
3402 4291 19 22 A
3439 4291 97 25 Brecht,
3552 4296 34 18 un
3601 4292 100 21 ouvrier
3717 4293 39 21 est
3772 4290 82 23 écrasé

3334 4320 45 21 par
3397 4321 33 18 un
3450 4317 105 21 chariot.
3573 4329 28 4 —
3618 4317 36 21 De
3673 4317 73 22 notre
3764 4321 81 18 corres-

3330 4342 116 26 pondant
3463 4348 6 16 :

3358 4376 124 23 Corneille
3498 4377 36 22 De
3553 4377 101 25 Ruyter.
3673 4378 99 21 ouvrier
3791 4376 53 26 agri-

3333 4401 53 23 cole
3420 4403 16 22 à
3470 4402 155 26 Westdoorn,
3645 4403 132 25 chargeait
3797 4406 58 20 avec

3333 4427 117 25 quelques
3473 4429 149 21 camarades
3646 4430 44 21 des
3713 4430 77 24 pavés
3812 4431 42 19 sur

3333 4457 35 18 un
3389 4453 105 22 chariot.
3516 4455 37 21 Au
3574 4456 113 20 moment
3708 4455 32 21 où
3760 4453 94 23 celui-ci

3334 4479 144 24 démarrait,
3496 4479 36 21 De
3548 4480 94 24 Ruyter
3656 4479 87 22 voulut
3758 4485 16 20 y
3788 4483 58 17 mon-

3333 4506 40 20 ter
3390 4505 26 20 et
3434 4504 33 21 fit
3485 4508 34 17 un
3538 4506 62 20 faux
3619 4509 47 22 pas
3684 4506 42 24 qui
3744 4505 110 24 l'envoya

3334 4533 59 18 sous
3406 4529 36 22 les
3457 4534 79 18 roues.
3551 4530 21 21 Il
3586 4531 41 21 fut
3640 4531 42 21 tué
3696 4536 44 17 sur
3750 4530 24 22 le
3787 4534 67 20 coup.

3334 4555 50 21 Son
3406 4555 108 22 cadavre
3534 4559 16 17 a
3569 4557 40 21 été
3631 4556 146 26 transporté
3797 4556 15 22 à
3830 4554 26 22 la

3336 4584 100 21 morgue
3452 4580 31 22 de
3499 4581 99 21 Brecht.

3365 4647 26 4 —
3405 4636 65 21 Mort
3483 4636 114 30 tragique
3611 4637 30 22 de
3654 4638 64 21 deux
3730 4637 127 22 aviateurs

3334 4659 106 25 anglais.
3454 4673 29 5 —
3498 4661 118 25 Londres,
3635 4662 32 22 19.
3682 4675 30 5 —
3727 4663 40 21 Un
3783 4662 72 21 avion

3335 4685 89 26 postal,
3440 4687 80 24 ayant
3532 4687 41 23 été
3587 4688 130 21 contraint
3731 4686 125 24 d'atterrlr

3334 4711 15 21 à
3365 4711 133 24 proximité
3514 4713 31 21 de
3562 4712 162 22 l'aérodrome
3742 4713 30 22 de
3796 4711 59 23 Gat-

3334 4735 68 25 wlck,
3416 4736 60 23 s'est
3488 4738 87 22 écrasé
3589 4742 33 17 au
3634 4738 44 22 sol.

3364 4761 69 23 Deux
3448 4762 120 26 officiers,
3583 4763 42 26 qui
3640 4767 27 18 se
3683 4763 142 23 trouvaient
3841 4761 15 21 à

3335 4786 68 23 bord,
3416 4788 46 21 ont
3472 4788 41 23 été
3525 4788 67 25 tués;
3606 4789 66 22 deux
3683 4790 85 21 autres
3780 4791 66 19 mem-

3334 4811 57 22 bres
3408 4813 30 20 de
3455 4812 138 26 l'équipage
3610 4816 59 21 sont
3684 4814 101 22 blessés.

3368 4877 22 4 —
3412 4865 92 25 Belges,
3522 4866 103 23 achetez
3644 4868 69 26 belge
3734 4874 6 18 ;
3760 4868 26 21 et
3803 4871 42 17 sur-

3337 4889 55 21 tout
3409 4889 25 22 la
3451 4891 119 24 Chicorée
3588 4893 32 21 du
3640 4894 99 21 BELGE
3756 4892 98 23 PACHA

3336 4915 41 24 qui
3393 4919 27 17 se
3437 4916 76 23 battit
3530 4921 31 18 en
3580 4918 56 21 1830
3653 4923 62 20 pour
3731 4920 71 20 notre
3818 4918 26 21 in-

3336 4940 167 24 dépendance.
3523 4942 37 21 LA
3578 4943 157 23 CHICOREE
3754 4942 100 24 PACHA

3336 4966 38 20 est
3387 4966 72 22 notre
3473 4967 94 24 grande
3581 4972 103 21 marque
3698 4969 134 21 nationale.

3698 4992 157 24 a701-B103<6

3363 5063 27 4 —
3406 5052 124 25 Asphyxie
3546 5054 16 21 à
3579 5055 101 20 Anvers.
3695 5067 28 4 —
3735 5056 35 20 De
3784 5055 72 21 notre

3335 5077 200 24 correspondant
3552 5083 7 17 ;

3363 5101 39 21 On
3417 5106 15 16 a
3446 5103 134 21 découvert
3593 5105 15 21 à
3623 5104 71 22 l'état
3709 5106 30 21 de
3750 5105 105 22 cadavre

3336 5126 30 20 M.
3385 5126 85 22 Victor
3487 5128 55 21 Van
3560 5129 86 25 Camp,
3664 5130 27 21 59
3710 5135 53 19 ans,
3781 5129 65 23 domi-

3334 5150 55 22 cilié
3403 5156 44 17 rue
3460 5153 54 21 Van
3528 5153 170 24 Schoonhove.
3712 5156 102 25 L'oxyde
3825 5155 30 22 de

3335 5176 108 22 carbone
3464 5178 122 22 émanant
3614 5180 60 22 d'un
3694 5181 69 25 poêle
3789 5182 56 21 fonc-

3335 5201 119 22 tionnant
3471 5203 51 21 mal
3538 5204 64 22 était
3626 5210 64 17 venu
3707 5205 149 26 l'asphyxier

3335 5227 63 20 dans
3411 5232 45 16 son
3470 5228 35 21 lit.

1089 5397 177 12 ___________________________________________________

1369 5400 73 9 —
