4025 5436
82 56 19 99 \

1824 91 18 31 5
1856 109 12 5 -
1880 90 132 32 Vooruit
2025 108 11 5 -
2049 90 39 31 22
2101 89 92 38 April
2210 90 74 31 1949

281 225 273 106 Roger
595 216 514 114 Ghyselinck

274 347 298 57 afgetekende
589 351 298 40 overwinnaar
902 354 43 34 te

510 410 553 81 HANDZAME
1082 410 31 79 f

317 545 176 31 CALLENS
508 555 45 21 en
567 543 234 32 MEERSMAN,
816 542 212 37 ongelukkig,

317 588 99 31 mede
430 588 105 31 onder
549 588 43 31 de
606 586 190 32 uitblinkers

255 676 74 22 Roger
363 675 147 23 Ghyselinck.
544 678 107 16 waarvan

255 705 53 16 men
322 700 41 20 het
377 700 107 24 geweldig
498 700 76 24 rijden
588 700 65 20 reeds

260 732 61 15 meer
348 727 78 20 mocht
453 727 144 24 onderlijnen
624 727 24 19 in

255 752 28 20 de
299 752 89 23 jongste
405 751 81 24 tijden,
502 752 65 20 heeft
583 752 56 23 giste-

259 783 41 15 ren
317 779 23 19 te
371 779 134 20 Handzame
523 780 24 19 in
577 779 28 20 de
623 779 25 20 5e

261 804 83 20 «Grote
365 804 60 23 Prijs
446 804 29 20 G.
495 804 153 25 Despienter»,

255 833 42 16 een
306 828 154 21 schitterende
471 833 29 16 en
510 829 131 23 overtuigen-

270 855 28 20 de
305 856 155 23 overwinning
467 855 105 21 behaald.
579 856 66 20 Mede

256 880 46 19 met
322 879 140 24 Ghyselinck
487 881 98 20 stonden
609 880 44 20 ook

256 905 96 20 Norbert
377 905 92 21 Callens
495 910 29 16 en
550 907 102 20 Maurice

256 932 135 22 Meersman,
406 931 37 20 die
459 932 80 20 beiden
554 932 48 20 met
617 933 23 19 te-

256 956 121 24 genslagen
394 956 93 22 hadden
504 957 26 21 af
547 959 23 18 te
587 958 53 20 reke-

255 986 51 18 nen,
317 982 58 20 daar
386 987 29 20 op
425 983 41 20 het
477 983 115 25 voorplan,
603 985 36 19 ter-

255 1007 46 24 wijl
331 1008 79 20 Albert
440 1009 133 20 Annutchin
602 1010 50 20 zich

255 1033 49 20 wist
317 1034 23 19 te
352 1034 179 21 onderscheiden
544 1035 55 20 door
612 1036 40 20 het

255 1059 96 20 behalen
366 1064 45 15 van
425 1060 27 20 de
467 1060 119 24 ereplaats.

241 1107 26 17 Er
283 1110 70 14 waren
371 1110 86 15 zomaar
474 1108 59 22 bijna
552 1109 36 18 100
605 1113 38 14 ren-

215 1132 49 14 ners
275 1137 28 4 —
314 1129 25 17 98
352 1129 56 22 juist
421 1130 71 21 geteld
505 1130 5 18 !
522 1139 27 4 —
560 1131 83 22 opgeko-

215 1154 50 14 men
278 1154 50 14 voor
342 1151 35 18 die
391 1151 149 21 kermlskoers,
553 1153 35 18 die
602 1157 50 14 over

217 1173 35 17 150
264 1173 45 17 km.
322 1173 52 22 ging
386 1173 119 19 bestaande
518 1175 35 18 uit
567 1175 24 18 17
603 1179 40 14 ron-

215 1195 49 18 den.
285 1195 32 19 En
336 1196 71 17 schier
426 1200 43 14 van
489 1198 58 17 meet
566 1197 23 18 af
609 1201 42 15 aan

216 1217 54 18 werd
290 1221 22 14 er
331 1218 102 22 geweldig
452 1219 99 21 gereden,
572 1220 28 22 bij
618 1224 25 14 zo-

215 1243 35 14 ver
267 1240 39 17 dat
323 1240 61 18 reeds
400 1240 29 22 bij
448 1244 100 19 aanvang
565 1245 42 15 van
624 1243 28 18 de

215 1262 79 18 tweede
306 1262 74 21 ronde,
394 1263 164 23 verbrokkeling
570 1264 74 19 verkre-

215 1287 40 19 gen
269 1284 63 18 werd.

240 1306 30 18 De
287 1306 125 22 gebroeders
430 1307 159 23 Mommerency
606 1310 46 16 met

215 1329 127 19 Meersman.
358 1329 103 20 Rondelé,
478 1329 86 19 Vander
579 1330 73 18 Veken

216 1355 25 13 en
261 1350 85 18 Jerome
367 1351 119 22 Dejaegher
507 1355 71 15 waren
599 1356 44 18 weg-

215 1373 118 21 geschoven
350 1373 35 18 uit
401 1373 27 18 de
444 1377 72 19 groep,
532 1374 76 22 terwijl
624 1375 27 18 de

215 1395 67 18 locale
294 1394 93 19 favoriet
399 1396 61 17 reeds
473 1396 24 17 ln
510 1396 27 18 de
549 1397 40 17 3de
602 1400 40 14 ron-

215 1418 26 17 de
254 1417 52 17 door
319 1420 41 16 een
374 1417 98 23 valpartij
488 1417 163 23 uitgeschakeld

216 1439 62 18 werd.

240 1461 59 18 Maar
312 1465 93 15 vooraan
418 1462 56 17 werd
487 1462 47 18 nlet
547 1462 102 22 getalmd,

216 1488 26 13 en
254 1483 28 22 bij
295 1484 27 18 de
333 1484 25 17 4e
370 1484 67 17 ronde
449 1484 92 22 bedroeg
553 1485 27 17 de
592 1488 51 15 voor-

215 1509 78 18 sprong
308 1505 61 18 reeds
385 1509 58 15 meer
456 1506 45 18 dan
518 1506 9 18 1
543 1506 63 21 min.,
622 1510 30 19 op

215 1528 25 17 de
255 1531 71 19 groep,
342 1528 35 17 die
391 1528 43 18 zelf
449 1532 42 14 aan
507 1529 85 17 verdere
607 1532 35 15 ver-

215 1550 126 21 brokkeling
352 1550 131 22 onderhevig
495 1554 49 17 was.
558 1551 29 17 Zo
598 1551 45 18 had-

215 1573 41 17 den
275 1572 93 20 Callens.
386 1573 91 18 Vanden
495 1573 156 21 Meersschaut,

217 1594 102 22 Walleyn,
340 1594 47 18 Van
409 1594 27 18 de
456 1594 74 21 Walle.
553 1595 30 18 M.
603 1595 48 18 Van

215 1616 86 18 Herzele
313 1620 27 14 en
353 1617 47 17 Van
412 1617 78 17 Steene
501 1617 50 18 zich
562 1621 29 18 op
603 1617 48 19 hun

217 1639 63 17 beurt
301 1638 92 18 kunnen
415 1639 126 18 losrukken.
564 1639 87 18 Callens

216 1665 26 13 en
265 1661 47 17 Van
335 1661 43 17 den
401 1661 148 18 Meersschaut
572 1662 80 17 dreven

216 1683 74 21 hierbij
306 1683 39 17 het
361 1683 75 22 tempo
449 1687 25 14 zo
490 1683 56 22 hoog
560 1687 37 19 op,
613 1684 39 18 dat

216 1706 45 16 Van
274 1705 86 18 Herzele
373 1709 28 14 en
414 1706 48 17 Van
474 1705 27 18 de
514 1706 78 18 Steene
605 1709 38 15 voe-

216 1728 45 21 ling
273 1727 97 17 verloren
383 1731 28 14 en
423 1728 27 17 de
463 1727 142 24 leldersgroep
617 1728 36 18 tot

216 1750 12 17 4
241 1753 51 14 man
306 1749 136 18 verminderd
458 1750 63 17 werd.

240 1771 95 18 Maurice
347 1771 165 23 Deslmpelaere,
525 1772 35 18 die
572 1776 28 18 op
612 1775 40 15 een

216 1797 90 18 gegeven
323 1796 98 17 moment
438 1794 61 18 1'30"
516 1794 82 18 verloor
612 1798 32 14 we-

216 1820 51 18 gens
301 1816 139 20 banddefect,
472 1816 72 18 kwam
578 1816 74 18 echter

216 1839 81 17 daarna
313 1838 126 18 aansluiten
456 1838 28 22 bij
503 1838 27 18 de
547 1838 96 21 kopman-

216 1864 51 14 nen.

325 1904 108 25 Nieuwe
448 1904 96 26 leiders

241 1941 41 18 Het
298 1941 86 22 groepje
400 1944 42 14 van
458 1941 38 21 vijf
512 1944 41 14 zou
568 1943 29 16 na
615 1941 36 18 100

216 1963 44 18 km.
279 1963 62 17 koers
360 1963 114 22 Ingelopen
495 1963 85 17 worden
599 1963 53 17 door

217 1989 38 14 een
271 1985 117 22 vijftiental
405 1989 95 14 renners,
517 1985 63 17 zodat
598 1986 44 16 met-

217 2012 38 13 een
270 2007 52 18 alles
337 2009 23 16 te
376 2007 149 22 herbeginnen
542 2011 49 14 was.
609 2007 42 18 Het

217 2033 69 14 waren
315 2033 32 14 nu
375 2029 165 22 Deslmpelaere,
569 2029 74 22 Ghyse-

216 2052 66 20 llnck,
300 2052 68 20 Oree':,
388 2051 85 18 Callens
490 2056 28 13 en
536 2052 115 17 Beernaert

680 674 35 17 die
734 673 39 18 het
791 673 141 22 probeerden,
952 673 90 22 gevolgd
1060 673 53 18 door

675 695 95 18 Maurice
782 695 122 18 Meersman
916 694 36 19 die
964 699 41 14 zou
1018 694 87 18 aanslui-

675 718 38 17 ten
728 720 29 15 en
770 721 43 14 aan
827 717 46 18 km.
890 717 37 18 100
943 717 74 18 telden
1032 721 31 14 we
1078 717 35 17 die

674 743 34 14 zes
729 739 165 22 vluchtelingen
916 740 24 17 30
962 743 42 14 sec.
1026 739 87 18 vooruit

674 765 28 19 op
721 761 47 19 Van
787 761 43 19 den
849 761 156 20 Meersschaut;
1024 761 42 18 45"
1084 764 29 19 op

674 784 47 18 Van
740 784 38 17 der
796 784 73 17 Veken
888 787 28 15 en
935 783 137 21 Annutchin;
1094 783 18 17 1'

675 810 28 18 op
717 806 127 22 Dejaegher.

700 828 121 18 Meersman
835 831 27 15 en
877 828 134 22 Ghijsellnck
1025 828 79 18 demon-

672 850 110 18 streerden
800 850 29 22 bij
848 851 27 17 de
892 850 77 18 leiders
986 853 40 15 een
1044 849 67 23 puike

679 873 96 17 conditie
791 877 28 13 en
834 873 40 17 dat
890 873 87 18 tweetal
993 873 40 17 liet
1048 872 21 18 al
1084 872 27 18 de

673 894 95 18 anderen
786 894 23 18 in
824 894 60 22 plan,
901 894 45 18 vier
961 894 84 18 ronden
1061 893 51 18 vóór

673 917 39 17 het
723 916 63 18 einde
797 916 24 18 of
833 916 81 23 precies
924 920 29 18 op
963 917 40 17 het
1013 916 98 18 moment

673 939 38 18 dat
725 939 87 17 Callens
825 938 73 19 defect
911 939 63 21 kreeg
988 942 28 14 en
1029 942 29 18 op
1070 941 41 14 een

672 961 102 22 geleende
789 961 53 18 flets
856 961 80 18 diende
951 961 23 18 te
990 960 119 21 vervolgen.

672 983 193 22 Laatstgenoemde
879 983 61 22 pikte
954 986 43 15 aan
1010 985 42 14 met
1069 982 33 17 An-

672 1005 96 18 nutchin
785 1009 28 14 en
830 1005 117 18 Beernaert
963 1009 29 17 op
1008 1004 42 18 40"
1068 1007 42 14 van

672 1028 26 17 de
715 1028 53 17 twee
784 1027 122 23 koplopers,
923 1026 76 22 terwul
1014 1025 96 19 Rondelé

675 1050 78 21 volgde
774 1053 30 18 op
826 1049 19 18 1'
868 1053 27 14 en
917 1052 41 14 een
979 1051 65 19 groep
1065 1051 43 15 van

672 1075 34 15 zes
721 1075 90 15 renners
825 1076 29 18 op
868 1071 70 18 1'45".

720 1116 150 26 Meersman
884 1115 75 26 beeft
975 1114 88 27 defect

693 1153 96 18 Maurice
800 1153 121 18 Meersman
932 1155 42 14 zou
985 1152 46 17 met
1042 1151 59 18 band-

673 1175 73 18 defect
767 1175 87 18 hebben
876 1174 23 18 af
921 1174 22 17 te
964 1173 94 18 rekenen
1081 1176 27 15 en

672 1197 112 22 vervolgde
799 1198 46 17 met
859 1197 26 17 de
900 1196 68 18 eerste
983 1199 65 18 groep
1062 1198 39 15 ren-

672 1224 50 14 ners
735 1220 35 18 die
783 1218 40 19 één
837 1219 91 17 minuut
939 1217 117 18 achterBtel
1070 1217 30 18 tel-

672 1242 27 18 de
714 1245 29 19 op
758 1242 27 18 de
801 1241 66 18 leider
883 1241 68 21 Roger
967 1239 142 22 Ghijsellnck.

672 1264 93 20 Callens,
778 1264 47 17 Van
837 1263 37 18 der
886 1262 81 20 Veken,
980 1261 129 19 Annutchin

672 1287 74 17 Albert
759 1286 117 18 Beernaert
888 1288 28 14 en
930 1284 90 18 Vanden
1033 1284 68 18 Meers-

672 1309 80 17 schaut
766 1307 85 19 zouden
865 1310 32 15 nu
911 1307 40 17 het
962 1306 85 18 dichtst
1060 1305 41 19 ach-

671 1332 34 17 ter
723 1331 26 17 de
769 1330 99 18 vluchter
887 1329 80 18 komen
986 1328 122 22 aanliggen,

672 1356 60 14 maar
745 1352 68 21 Roger
827 1351 135 22 Ghijselinck
975 1354 44 14 was
1032 1350 69 18 werke-

671 1375 38 22 lijk
726 1373 202 19 onweerstaanbaar
945 1376 28 14 en
989 1372 121 22 verhoogde

671 1391 43 27 zijn
733 1399 131 19 voorsprong
884 1395 80 21 tijdens
983 1395 27 17 de
1030 1394 79 18 laatste

671 1419 67 18 ronde
754 1419 36 17 tot
804 1411 60 29 bijna
881 1418 44 17 vier
942 1416 111 19 minuten.

813 1462 39 25 De
872 1461 101 32 uitslag;

686 1499 18 17 1.
718 1499 69 22 Roger
803 1498 186 21 GHIJSELINCK.

718 1522 27 17 de
760 1522 36 17 160
808 1521 46 18 km.
867 1520 23 18 ln
903 1521 12 17 3
928 1524 23 14 u.
966 1520 24 18 55
1002 1520 55 18 min.

684 1544 20 17 2.
719 1543 129 18 Annutchin
863 1543 48 18 Alb.
926 1546 29 19 op
969 1543 71 19 3'50";

684 1566 20 18 3.
718 1566 86 18 Vander
820 1565 73 18 Veken
907 1565 47 18 Em.
973 1565 10 17 1
998 1564 80 23 lengte;

684 1588 20 17 4.
718 1588 116 18 Beernaert
852 1587 80 20 Albert;

684 1610 20 18 5.
718 1610 86 18 Callens
817 1609 98 20 Norbert;

683 1632 21 18 6.
718 1632 90 18 Vanden
820 1631 148 19 Meersschaut
979 1634 29 19 op
1019 1631 13 17 4
1044 1631 62 20 min.;

684 1655 19 17 7.
717 1655 121 17 Meersman
857 1653 95 19 Maurice
969 1657 28 19 op
1015 1653 13 18 7
1043 1653 63 21 min.;

684 1677 19 17 8.
718 1676 177 23 Braspennlnckx
912 1675 67 20 John;

684 1699 19 18 9.
718 1699 85 18 Vander
818 1698 62 18 Helst
894 1697 88 23 Joseph;

672 1721 32 18 10.
717 1721 126 22 Dejaegher;

673 1744 31 17 11.
718 1742 95 19 Rondelé
828 1742 95 20 Florent;

673 1766 30 17 12.
718 1766 95 17 Mertens
828 1765 99 20 Georges;

672 1788 32 17 13.
717 1788 48 17 Van
780 1787 87 18 Herzele
882 1786 103 21 Maurice;

672 1810 32 17 14.
718 1810 159 20 Mommerency
894 1808 71 20 Omer;

673 1832 31 17 15.
718 1832 160 21 Mommerency
889 1831 82 17 Arthur
982 1834 28 20 op
1021 1830 13 18 8
1044 1830 63 21 min.;

673 1854 30 18 16.
718 1854 61 18 Oreel
795 1852 66 20 René;

672 1877 32 17 17.
719 1876 114 18 Wambeke
847 1880 28 17 op
891 1875 23 18 12
928 1874 63 21 min.;

672 1898 31 17 18.
718 1899 126 16 Vermeeren
861 1897 85 20 Marcel;

672 1921 31 17 19.
717 1920 107 21 Ryckaert
838 1919 86 20 Marcel;

671 1943 32 17 20.
718 1943 47 17 Van
782 1942 98 18 Brabant
896 1941 85 19 Leonel;

671 1965 32 17 21.
718 1964 89 18 Mlsslne
819 1965 32 18 R.;
864 1964 33 17 22.
909 1964 105 17 Dierkens
1025 1964 36 19 M.;
1075 1963 32 18 23.

670 1986 103 22 Walleyn:
799 1986 33 17 24.
857 1986 88 17 Desmet
968 1985 81 20 Albert;
1075 1985 32 18 25.

671 2008 74 20 Smits;
766 2008 32 18 26.
819 2008 91 18 Vanden
928 2007 113 18 Drlessche
1059 2007 48 21 PUL;

671 2030 32 18 27.
722 2031 31 17 De
772 2030 74 19 Wilde;
865 2030 33 17 28.
916 2029 140 22 Hardlquest;
1075 2029 32 17 29.

670 2053 78 17 Petrus
762 2052 47 19 Van
822 2052 70 20 Verre;
908 2052 33 18 30.
956 2051 76 18 Roose.

236 2131 47 45 De
303 2130 119 53 Clerck,
441 2130 132 47 Ollivier
592 2143 43 34 en

266 2187 151 46 Blomme
437 2187 45 46 M.
498 2188 32 45 in
550 2186 45 47 de

246 2244 111 45 Ronde
378 2256 63 33 van
462 2243 155 47 Marokko

241 2321 30 18 De
288 2321 74 18 Ronde
380 2325 41 14 van
439 2321 103 18 Marokko
559 2322 41 17 die-
612 2322 28 17 Wa-

217 2344 72 21 terdag
303 2347 98 18 aanvang
415 2347 74 17 neemt
502 2343 33 18 zal
549 2348 40 15 een
603 2343 37 18 Bel-

219 2366 70 22 gische
314 2366 232 21 vertegenwoordiging
572 2366 75 19 tellen.

217 2388 102 22 namelijk
340 2387 70 19 André
431 2388 108 20 Declerck,
562 2388 87 18 Ollivier

218 2415 25 14 en
257 2410 77 18 Marcel
348 2411 104 17 Blomme.

241 2433 54 20 Deze
313 2433 75 18 Ronde
407 2433 68 18 wordt
494 2433 23 18 ln
538 2433 23 17 13
580 2433 69 18 ritten

218 2455 83 18 betwist
315 2459 27 14 en
357 2456 50 18 deze
422 2455 45 22 zijn
483 2456 31 17 als
529 2456 67 22 volgt:

262 2534 133 54 Zondag
411 2547 71 34 a.s.
505 2535 101 47 wordt

221 2591 249 52 Parijs-Brussel,
491 2592 159 46 verreden

244 2668 41 17 Het
300 2668 19 18 is
333 2668 88 22 Zondag
437 2672 39 14 a.s.
493 2669 40 17 dat
548 2669 26 18 de
591 2669 59 21 grote

219 2690 114 18 klassieker
351 2690 66 22 Parijs
417 2699 26 4 —
443 2691 86 18 Brussel
548 2692 102 17 verreden

219 2713 73 17 wordt.
310 2713 59 17 \Vaax
381 2713 29 21 hij
425 2713 41 18 telt
479 2713 33 18 als
525 2714 61 21 proef
599 2717 51 14 voor

223 2734 26 18 de
282 2735 303 21 Degrange-Colombo-beker,
620 2740 26 14 zo

219 2757 50 20 gaat
290 2757 35 17 die
347 2757 107 21 wedstrijd
477 2761 28 13 na
527 2757 27 18 de
575 2758 75 17 Ronde

219 2782 41 14 van
275 2778 135 19 Vlaanderen
425 2783 28 13 en
469 2779 180 22 Parys-Roubaix,

219 2801 26 17 de
265 2802 59 20 grote
344 2801 110 18 aandacht
474 2805 51 14 voor
545 2802 48 17 zich
614 2806 28 19 op-

220 2823 64 17 eisen.

243 2851 30 18 De
292 2852 176 22 deelnemerslijst
487 2853 105 18 vermeldt
612 2854 38 18 ten

220 2874 76 17 andere
316 2874 26 18 de
361 2878 81 14 namen
470 2878 42 14 van
524 2879 5 13 :
557 2875 93 23 Georges

220 2896 66 18 Claes.
323 2896 97 20 Schotte,
457 2897 104 22 Impanls,
598 2898 53 19 Nest

219 2918 93 19 Sterckx,
330 2919 164 22 Deslmpelaere,
511 2920 30 18 De
557 2920 92 20 Mulder,

219 2941 45 17 Van
298 2941 152 22 Steenbergen,
485 2942 62 21 Kint,
581 2943 69 21 Roger

219 2963 138 22 Ghijsellnck,
387 2964 129 19 Beeckman.
546 2965 102 19 Bourlon,

220 2986 78 17 Lucien
321 2986 110 19 Talsselre.
457 2987 112 19 Thlétard.
593 2987 58 18 Dan-

220 3008 122 21 gulllaume,
369 3009 91 19 Ramon,
492 3009 43 18 Jan
565 3010 84 21 Engels,

219 3031 92 17 Maurice
324 3031 127 19 Meersman,
466 3031 122 20 Camelllni.
602 3035 47 15 enz.

219 3053 37 17 Dit
274 3056 92 15 noemen
385 3053 49 18 zich
454 3053 27 18 de
500 3055 151 17 voornaamste

219 3075 118 18 favorieten

223 3142 167 26 Liefhebbers
410 3145 27 24 te
458 3143 197 26 Geel-ten-Aart

245 3192 37 18 117
296 3192 140 18 vertrekkers.

244 3213 19 19 1.
276 3215 127 17 WAUTERS
415 3215 86 19 LOUIS,
515 3216 27 17 de
555 3216 37 17 116
605 3216 44 17 km.

220 3236 23 18 In
256 3237 12 17 3
282 3240 23 14 u.
322 3237 39 19 10';
376 3237 20 18 2.
412 3237 142 22 Valkenborg,
570 3241 28 19 op
614 3238 36 19 1/2

220 3259 76 21 lengte;
315 3260 19 17 3.
353 3260 131 21 Verhaegen;
502 3260 20 17 4.
540 3261 110 17 Drlessens

221 3281 36 20 M.;
285 3282 20 17 5.
324 3282 107 21 Defeyter;
450 3282 20 18 6.
490 3283 159 21 Verweymeren

225 3303 75 20 (Hol.);
321 3303 19 18 7.
360 3304 42 17 Vos
425 3304 78 21 (Hol.);
531 3305 20 17 8.
570 3305 80 22 Bergh-

222 3328 66 16 mans;
307 3325 20 18 9.
345 3326 47 17 Van
411 3326 52 17 Geel
481 3326 42 20 Pr.;
552 3326 31 18 10.
602 3325 47 19 Van

223 3346 86 22 Oyssen;
328 3347 32 19 11.
378 3347 100 22 Teytens;
497 3348 32 18 12.
545 3347 104 22 Pauwels;

687 2132 114 47 Langs
816 2132 47 38 de
878 2131 211 48 krijtlijnen...

672 2200 103 19 RACING
800 2200 68 18 CLVB
894 2200 35 17 DE
954 2200 79 18 PARIS
1047 2199 62 21 heeft

726 2223 46 17 met
792 2221 33 19 2-0
846 2226 42 13 van
909 2222 57 17 Metz
987 2224 119 19 gewonnen

723 2245 25 17 in
758 2245 26 18 de
795 2244 63 18 halve
868 2244 69 21 finale
947 2247 36 15 om
994 2244 26 18 de
1031 2243 78 19 Schaal

723 2271 43 14 van
783 2266 123 22 Frankrijk.

675 2288 324 20 SCHOTLAND-FRANKRIJK
1039 2287 68 19 wordt

724 2311 69 22 geleid
811 2311 53 18 door
892 2310 27 18 de
939 2310 171 18 scheidsrechter

725 2334 30 17 W.
774 2333 54 23 Ling
847 2332 208 23 (Cambridgeshtre)
1060 2345 6 6 .

683 2399 185 27 CENTEAAL
882 2399 132 26 COMITÉ
1027 2398 75 26 VAN

727 2436 332 27 SUPPORTERSCLUBS

782 2474 76 26 VAN
875 2473 128 26 A.R.A.G.

701 2518 34 23 Op
750 2518 104 21 Zaterdag
868 2517 25 18 23
908 2517 59 22 April
983 2516 50 18 1949
1048 2516 59 18 richt

676 2540 39 18 het
732 2539 80 19 comité
827 2543 41 14 een
883 2539 122 21 luisterrijk
1021 2538 36 18 bal
1074 2538 31 19 ln.

676 2562 24 18 ln
715 2562 27 17 de
757 2561 47 18 zaal
820 2565 43 13 van
877 2561 40 17 het
932 2560 61 18 hotel
1009 2560 98 17 «Britan-

672 2583 49 18 nla»
739 2584 23 17 te
780 2583 65 17 Gent.

701 2606 170 17 Orkestmeester
882 2605 47 17 Gus
940 2604 65 22 Saget
1015 2604 33 17 zal
1061 2603 45 18 met

675 2627 47 22 zijn
736 2628 60 21 grote
811 2626 102 18 formatie
926 2626 35 18 dit
976 2625 35 18 bal
1026 2625 72 21 opluis-

675 2650 69 17 teren.
1026 2647 77 20 (Med.)

856 2710 249 43 Basket-Ball

706 2788 136 32 BELGIË
858 2787 114 32 GAAT
986 2786 88 32 NIET

764 2831 114 32 NAAR
891 2830 127 32 CAIRO

696 2874 31 18 De
760 2872 111 23 Belgische
925 2871 184 19 Basketballbond

671 2896 61 18 heeft
753 2897 35 18 tot
808 2896 26 18 de
855 2895 79 18 laatste
954 2894 91 18 minuut
1064 2895 44 18 toe,

671 2919 45 22 zijn
732 2918 113 22 beslissing
861 2917 116 18 behouden
992 2917 108 17 betreffen-

671 2942 26 17 de
711 2941 26 18 de
750 2940 138 22 deelneming
901 2940 24 17 in
937 2940 44 17 Mei
993 2941 107 16 aanstaan-

671 2964 33 18 de,
722 2967 42 15 aan
780 2963 39 18 het
834 2962 135 23 Europeesch
985 2962 115 22 kampioen-

672 2986 67 22 schap
756 2987 22 17 te
794 2986 71 17 Cairo.

696 3008 124 23 Weigerend
836 3008 38 18 het
892 3008 94 22 grooUte
1003 3008 47 17 deel
1066 3010 43 15 va^

671 3032 43 22 zijn
731 3031 132 19 inkomsten,
880 3030 162 23 onontbeerlijk
1058 3034 51 14 voor

671 3055 43 21 zijn
730 3053 197 19 werkzaamheden,
958 3057 42 14 aan
1017 3053 35 19 die
1067 3053 42 18 rets

672 3078 21 16 te
714 3076 102 19 besteden
820 3089 4 6 .
846 3076 57 18 werd
923 3080 53 14 naar
997 3076 103 22 buitenge-

672 3103 60 14 wone
747 3098 114 23 geldsteun
877 3098 97 23 gezocht.

697 3122 30 17 De
745 3122 93 22 stappen
856 3121 46 23 zijn
931 3121 113 18 nutteloos
1076 3125 25 18 ge-

671 3145 72 19 weest,
760 3147 29 15 en
818 3144 39 19 het
887 3144 116 22 Bestendig
1032 3144 76 18 Bureel

671 3168 65 18 moet,
756 3168 35 17 tot
809 3167 47 21 zijn
874 3167 62 22 groot
954 3167 61 22 spijt,
1037 3166 72 19 ocslls-

671 3193 39 14 sen
722 3188 72 23 België
807 3189 47 18 nlet
866 3191 23 16 te
901 3189 62 19 laten
975 3189 133 23 Inschrijven

671 3215 51 14 voor
737 3212 34 18 dit
785 3212 122 22 belangrijk
922 3212 92 18 tornooi.

696 3234 36 18 We
746 3234 72 23 hopen
832 3235 74 17 echter
918 3234 93 23 volgend
1023 3235 48 22 jaar
1083 3235 24 18 ln

671 3257 26 17 de
716 3257 138 22 gelegenheid
873 3256 81 23 gesteld
973 3259 23 17 te
1014 3259 92 20 worden,

674 3280 22 18 te
716 3280 102 22 bewijzen
837 3281 39 17 dat
896 3280 79 23 België,
996 3282 44 17 wat
1061 3282 40 17 Bas-

671 3302 81 17 ketball
769 3302 88 21 betreft,
887 3306 39 14 een
941 3304 159 17 vooraanstaan-

671 3325 26 17 de
716 3325 71 22 plaats
819 3325 25 18 in
861 3325 86 22 Europa
978 3325 129 22 Ingenomen

670 3347 68 18 heeft.

1501 224 86 38 6VS
1615 227 39 36 is
1675 235 83 26 een
1781 218 237 53 prachtige
2042 219 188 51 omloop

1625 282 368 43 voorbehouden
2013 288 47 36 in
2082 297 115 28 onze
2219 293 133 42 grote

1840 362 21 25 ^
1886 361 21 23 ♦
2001 358 24 33 I

1745 529 180 36 (EREPRIJS
1940 528 227 38 BROUWERIJ
2182 528 267 37 MEIRESONNE)

1180 592 326 65 ORGANISEREN
1524 598 46 15 van

1256 621 142 23 wegkoersen
1411 622 80 23 brengt
1504 621 53 20 zeke-

1255 654 25 15 re
1298 650 181 23 verplichtingen
1498 650 72 21 mede,

1179 677 60 20 zoals
1257 678 41 19 het
1317 678 131 20 verkennen
1466 683 45 15 van
1530 679 39 19 het

1180 706 132 23 ontworpen
1332 706 95 23 project.
1448 707 47 19 Een
1516 712 39 14 ver-

1179 733 117 24 plichting,
1310 739 83 19 zeggen
1406 740 40 17 we,
1460 735 36 20 die
1509 734 48 21 veel-

1179 767 37 14 eer
1227 767 42 15 een
1282 767 143 18 aangenaam
1438 763 94 23 gebruik
1545 764 25 22 is,

1179 790 77 20 omdat
1275 791 40 19 het
1332 790 57 24 juist
1407 791 32 23 bij
1458 792 53 20 deze
1530 796 27 19 ge-

1179 818 118 24 legenheid
1308 819 25 23 is,
1346 819 40 20 dat
1397 824 53 15 men
1462 820 24 19 in
1497 820 60 20 nade-

1179 851 25 15 re
1223 847 90 23 voeling
1333 847 64 21 komt
1417 849 48 19 met
1485 848 79 20 enkele

1174 874 40 20 der
1238 876 71 18 meest
1335 876 84 19 trouwe
1444 875 69 20 lezers
1544 881 28 14 en

1177 909 59 15 ware
1254 905 194 23 propagandisten
1465 911 45 15 van
1528 906 40 20 het

1178 933 58 20 blad.
1251 933 32 19 Zo
1297 933 47 23 zijn
1359 938 33 15 we
1407 934 65 20 dezer
1488 935 80 22 dagen,

1177 961 24 19 in
1214 961 132 24 gezelschap
1358 966 45 15 van
1416 962 45 20 oud
1463 972 9 5 -
1474 963 81 19 wereld
1558 973 10 5 -

1173 988 121 24 kampioen
1309 989 100 23 Georges
1423 990 94 22 Ronsse,
1531 990 28 19 de-

1176 1023 37 15 zes
1227 1019 89 22 venoot,
1331 1019 126 23 apotheker
1472 1020 23 20 h.
1511 1020 56 20 Odi-

1177 1047 38 19 lon
1230 1047 112 20 Bauwens
1357 1052 45 16 van
1419 1048 33 20 St.
1468 1048 100 24 Niklaas,

1175 1080 29 15 en
1219 1080 55 15 onze
1289 1076 220 23 propaganda-chef,
1525 1077 42 20 Ch.

1177 1103 80 20 Moens
1269 1108 29 19 op
1308 1109 48 18 weg
1368 1105 94 23 getogen
1475 1110 54 15 voor
1540 1105 28 20 de

1176 1131 70 20 Grote
1261 1132 47 19 Een
1310 1132 57 20 -Mei
1369 1132 63 24 prijs.

1171 1185 50 18 Men
1234 1185 51 18 weet
1296 1185 38 18 dat
1345 1185 35 18 dte
1391 1185 106 22 wegkoers
1507 1189 51 15 voor

1146 1206 138 22 liefhebbers,
1299 1207 119 18 waarmede
1432 1212 40 13 ons
1486 1208 73 22 g-oots

1145 1228 126 23 drievoudig
1289 1229 148 22 wielerfestijn
1455 1234 42 14 van
1515 1230 35 18 vol-

1144 1251 69 22 gende
1234 1251 58 18 week
1320 1251 113 23 Zaterdag,
1454 1253 24 17 30
1499 1252 59 27 April

1145 1273 51 20 e.k.,
1212 1274 44 17 met
1270 1277 100 19 aanvang
1382 1275 22 17 te
1418 1275 25 17 15
1457 1278 43 14 uur
1512 1273 50 24 inge-

1144 1296 35 17 zet
1194 1295 76 21 wordt,
1286 1296 56 18 eerst
1357 1296 110 22 werkelijk
1483 1297 75 22 begint

1144 1322 43 13 aan
1201 1318 27 17 de
1241 1318 127 22 Dampoort.
1383 1319 90 18 Immers
1488 1323 29 14 na
1531 1319 27 18 de

1144 1340 117 22 opstelling
1273 1340 38 18 der
1324 1344 88 14 renners
1425 1345 42 14 aan
1480 1341 27 18 de
1521 1341 27 18 tri-

1145 1362 69 18 bunes
1232 1366 42 14 van
1301 1363 124 18 Gent-Zuid
1443 1364 50 21 gaat
1519 1363 38 19 het

1144 1384 76 18 achter
1238 1385 26 18 de
1282 1385 96 21 officiële
1396 1389 81 19 wagen,
1496 1385 62 23 langs

1144 1406 27 18 de
1198 1407 131 20 Keizervest,
1357 1407 26 18 de
1411 1407 145 21 Heirnislaan,

1144 1428 139 19 Kasteellaan
1295 1430 34 17 tot
1340 1434 42 13 aan
1393 1430 27 17 de
1430 1430 127 22 Dampoort,

1144 1451 79 18 alwaar
1241 1451 39 18 het
1298 1451 95 22 officieel
1421 1452 85 18 vertrek
1523 1452 34 18 zal

1144 1476 93 19 gegeven
1258 1474 85 18 worden
1362 1476 33 16 ter
1415 1474 79 22 hoogte
1515 1478 42 14 van

1135 1496 47 18 -het
1201 1496 54 18 Huis
1281 1496 60 18 Aimé
1369 1496 110 19 Dhossche
1483 1510 4 4 .
1506 1497 50 18 Men

1145 1518 53 18 weet
1229 1518 60 18 reeds
1318 1518 39 18 dat
1386 1519 170 22 oud-kampioen

1143 1540 95 18 Dossche
1258 1544 39 14 een
1318 1540 78 18 drietal
1416 1541 140 20 koerstuben,

1144 1562 138 22 «Englebert»
1300 1563 33 18 ter
1349 1563 142 22 beschikking
1506 1563 41 18 stel-

1143 1585 36 20 de;
1192 1585 56 18 doch
1264 1585 32 22 bij
1310 1585 34 18 dit
1359 1586 72 18 nieuw
1446 1585 79 18 bezoe.k
1537 1586 19 17 is

1143 1611 23 14 er
1184 1611 43 18 nog
1246 1611 40 14 een
1305 1607 84 18 nieuwe
1408 1608 88 22 premie,
1516 1611 40 15 een

1143 1629 112 23 prachtige
1271 1629 107 19 koerstrui
1395 1630 31 22 bij
1442 1630 113 23 gekomen,

1142 1652 97 22 premiën
1264 1652 35 18 die
1322 1652 41 18 alle
1388 1652 168 19 voorbehouden

1142 1674 47 22 zijn
1204 1678 43 14 aan
1262 1674 27 18 de
1304 1675 55 17 eerst
1372 1674 121 23 geplaatste
1508 1678 38 14 ren-

1143 1699 50 15 ners
1213 1696 35 18 Uit
1277 1696 35 18 die
1342 1697 66 18 Grote
1437 1697 118 18 EEN-MEI-

1141 1719 83 17 PRIJS.

1157 1741 45 17 Van
1215 1741 47 17 hier
1274 1741 35 18 uit
1322 1742 50 20 gaat
1386 1741 38 18 het
1437 1741 119 22 regelrecht

1142 1763 72 18 aiover
1224 1763 32 18 St.
1268 1763 155 22 Amandsberg.
1436 1763 119 18 Loochristi

1142 1789 28 14 en
1185 1785 137 18 Zeveneeken
1337 1790 54 13 naar
1405 1786 103 18 Lokeren.
1524 1786 31 22 Bij

1142 1807 26 18 de
1184 1807 115 18 doortocht
1314 1811 29 18 op
1358 1808 145 22 grondgebied
1519 1808 28 17 Lo-

1142 1829 65 19 keren
1222 1830 18 18 i3
1255 1829 94 19 evenwel
1363 1833 40 14 een
1417 1830 81 22 premie
1512 1833 43 14 van

1142 1852 38 18 100
1192 1852 28 22 fr.
1234 1852 106 20 voorzien,
1353 1852 138 22 geschonken
1503 1852 53 18 door

1142 1874 27 18 de
1182 1874 67 18 locale
1260 1874 73 19 B.S.P.
1335 1874 32 22 -af
1367 1874 80 22 deling,
1461 1878 43 14 aan
1517 1874 39 18 het

1142 1897 47 21 café
1209 1897 93 21 Gogaert
1321 1895 122 24 Raymond,
1464 1897 82 21 Borgen-

1144 1918 64 19 dries.
1231 1919 40 17 Om
1292 1919 27 17 de
1339 1919 53 18 twee
1414 1918 97 18 barrelen
1532 1919 22 17 te

1143 1941 117 22 vermijden
1273 1941 68 18 wordt
1355 1941 154 18 Lokeren-stad
1523 1941 33 17 ter

1142 1964 54 22 zijde
1207 1963 86 23 gelaten
1304 1967 27 14 en
1342 1963 76 22 volgen
1429 1963 27 18 de
1466 1967 90 14 renners

1145 1986 74 17 verder
1239 1986 27 18 de
1287 1986 64 18 brede
1370 1985 128 19 autostrade
1519 1986 33 17 tot

1143 2008 52 18 door
1212 2008 38 19 het
1268 2008 144 22 grondgebied
1431 2008 114 18 Waasmun-

1142 2031 52 20 ster,
1208 2030 61 22 langs
1283 2031 39 17 het
1333 2030 97 23 gehucht
1445 2030 110 18 «Duizend

1143 2052 78 23 Appels
1223 2058 19 15 f,
1262 2056 36 14 om
1319 2053 44 17 dan
1383 2052 26 18 de
1429 2052 126 18 autostrade

1142 2075 74 18 rechts
1240 2075 23 18 te
1288 2075 59 18 laten
1372 2075 79 23 liggen,
1477 2078 27 14 en
1528 2073 28 19 de

1142 2097 107 21 steenweg
1274 2097 58 18 links
1354 2097 22 18 te
1400 2101 79 14 nemen
1502 2100 54 15 naar

1142 2119 156 23 Belsele-Dorp.

1170 2141 46 18 Van
1228 2141 82 18 Belsele
1322 2143 51 21 gaat
1395 2142 38 18 het
1447 2141 61 23 langt
1529 2142 27 18 de

1143 2163 75 19 ietwat
1239 2163 154 21 kronkelende,
1413 2164 56 18 doch
1490 2164 66 22 goede

1142 2186 115 21 steenweg,
1286 2187 45 17 met
1359 2186 48 18 best
1435 2186 121 22 berijdbare

1142 2208 126 22 fietsbanen
1292 2211 54 14 naar
1361 2208 32 18 St.
1409 2208 88 18 Niklaas
1512 2209 43 20 toe,

1144 2230 79 18 alwaar
1241 2230 154 22 onmiddellijk
1414 2230 58 18 links
1492 2234 56 18 geno-

1144 2255 50 15 men
1212 2252 68 18 wordt
1307 2252 62 22 langs
1386 2253 126 18 Hazewind-
1528 2257 28 14 en

1144 2274 118 20 Dalstraat,
1283 2278 36 14 om
1348 2274 73 18 aiover
1449 2274 27 19 de
1505 2275 50 18 O.L.

1144 2296 148 23 Vrouwplaats
1312 2297 52 17 door
1384 2297 27 17 de
1431 2297 125 18 Parkstraat

1143 2323 42 14 aan
1204 2319 27 18 de
1250 2319 67 17 Grote
1336 2319 73 18 Markt
1427 2320 23 17 te
1469 2319 86 20 komen,

1143 2341 66 18 welke
1227 2341 114 18 buitenom
1359 2341 73 18 rechts
1449 2345 107 18 genomen

1143 2363 69 18 wordt
1227 2363 53 18 door
1295 2363 27 18 de
1338 2363 218 21 Kokkelbeekstraat,

1144 2390 28 13 en
1190 2385 27 18 de
1235 2385 190 22 Knaptandstraat
1444 2389 54 14 naar
1517 2386 40 17 Ter

1143 2408 91 18 Eecken.

1169 2431 30 17 De
1215 2430 127 18 autostrade
1367 2429 68 19 wordt
1460 2429 47 18 hier
1522 2433 35 19 ge-

1143 2452 79 18 dwarst
1232 2456 53 14 naar
1296 2451 105 19 Elverzele
1412 2452 43 20 toe,
1466 2456 35 13 om
1511 2452 45 17 dan

1143 2478 43 14 aan
1197 2475 39 17 net
1247 2474 126 22 kruispunt,
1385 2474 172 18 Hamme-Waas-

1144 2496 100 19 munster
1253 2497 27 17 de
1291 2496 57 18 baan
1359 2496 58 18 links
1427 2496 24 18 in
1461 2497 23 17 te
1494 2496 62 18 slaan

1144 2523 54 14 naar
1211 2519 91 17 Hamme
1317 2519 43 17 toe.

1261 2564 149 31 Premiën
1428 2563 10 31 1

1171 2630 27 18 Te
1224 2629 106 19 Elverzele
1356 2629 50 22 zelf.
1425 2630 34 18 ter
1476 2629 80 23 hoogte

1143 2656 42 14 van
1200 2652 38 19 het
1256 2652 65 21 «Café
1337 2652 111 20 Hamme»,
1466 2652 31 19 bii
1514 2656 41 13 mr.

1143 2675 67 18 Frans
1227 2675 134 17 Parmentier
1377 2674 20 17 is
1413 2678 22 14 er
1452 2678 40 14 een
1510 2678 37 18 pre-

1143 2697 44 18 mie
1202 2700 42 14 van
1260 2697 25 17 50
1300 2696 29 21 fr.
1345 2697 22 17 te
1383 2696 95 18 winnen.
1496 2696 59 18 Doch

1143 2719 34 18 dit
1190 2719 19 17 is
1222 2723 60 13 maar
1295 2719 27 17 de
1334 2719 60 17 inzet
1408 2722 41 14 van
1462 2718 27 18 de
1501 2718 55 18 serie

1144 2741 96 22 premiën
1244 2754 5 7 ,
1269 2740 35 19 die
1323 2740 47 18 hier
1390 2740 73 18 elkaar
1482 2739 73 19 zullen

1143 2762 113 23 opvolgen.
1275 2763 29 17 Zo
1322 2763 19 17 is
1359 2766 23 14 er
1401 2762 31 21 bij
1450 2762 27 18 de
1495 2762 52 17 door-

1144 2784 72 19 komst
1232 2789 41 13 van
1289 2785 91 17 Hamme
1394 2784 43 21 zelf
1451 2784 52 18 door
1517 2784 39 17 het

1146 2806 137 23 plaatselijke
1305 2806 91 18 bestuur
1416 2806 74 18 BS.P.
1512 2809 40 15 een

1143 2829 82 23 premie
1241 2833 42 14 van
1300 2829 37 17 100
1353 2828 29 21 fr.
1399 2828 107 19 voorzien,
1520 2828 36 18 die

1143 2850 52 19 door
1209 2851 27 18 de
1249 2850 117 19 schenkers
1380 2850 43 21 zelf
1437 2850 119 19 voldoende

1142 2873 35 18 zal
1189 2872 146 23 gesignaleerd
1349 2872 94 19 worden.
1450 2886 7 9 t

1169 2904 18 5 —
1203 2895 31 18 De
1261 2895 115 18 doortocht
1395 2899 42 13 van
1465 2895 91 17 Hamme

1144 2917 44 18 kan
1203 2921 54 18 geen
1273 2917 63 18 enkel
1353 2916 144 19 misverstand
1511 2920 35 14 om-

1144 2940 60 18 trent
1215 2939 27 18 de
1254 2940 22 17 te
1289 2939 75 22 volgen
1377 2942 45 18 weg
1433 2938 122 23 opleveren,

1144 2962 69 18 moest
1241 2962 91 21 Georges
1358 2962 83 17 Ronsse
1476 2960 80 23 hierbij

1144 2984 84 18 terecht
1242 2983 126 23 opmerken.

1170 3006 29 18 Zo
1213 3007 51 21 gaat
1277 3006 38 17 het
1329 3010 28 13 on
1369 3005 140 22 Grimbergen
1524 3005 31 21 af,

1144 3028 78 18 alwaar
1233 3028 81 22 precies
1325 3031 50 14 over
1385 3028 27 17 de
1424 3027 81 19 barreel
1516 3031 40 14 een

1144 3050 81 23 premie
1242 3054 42 13 van
1302 3050 37 18 100
1355 3050 28 21 fr.
1401 3050 22 17 te
1439 3049 116 18 verdienen

1144 3071 19 19 is
1181 3073 33 18 ter
1232 3072 79 22 hoogte
1330 3076 42 14 van
1390 3071 38 19 het
1447 3071 64 22 «Café
1529 3071 27 18 de

1616 1289 56 21 Hier
1690 1290 50 20 zien
1759 1295 33 15 we
1812 1295 55 16 onze
1886 1291 185 24 sportredacteur
2090 1293 47 20 met
2157 1292 28 21 de
2205 1293 47 20 h.h.
2272 1294 86 23 Moens,
2378 1295 84 20 Odilon

1617 1316 112 20 Bauwens
1746 1320 29 16 en
1793 1316 101 24 Georges
1910 1317 94 23 Ronsse,
2022 1317 32 25 bij
2072 1317 50 21 hun
2139 1318 218 25 verkenningstocht
2375 1325 29 20 op
2422 1321 41 20 het

1760 1342 55 19 door
1831 1342 28 20 de
1876 1342 137 21 liefhebbers
2029 1343 24 20 te
2069 1343 116 24 verrijden
2201 1349 115 19 parcours.

1190 3134 117 31 ODIEL
1328 3133 181 31 DEFRAYE

1232 3177 88 31 AAN
1332 3177 51 30 DE
1396 3177 73 30 EER

1154 3219 33 22 Op
1213 3219 106 18 initiatief
1345 3223 42 16 van
1412 3218 27 18 de
1465 3218 100 18 Minister

1128 3245 43 15 van
1185 3241 113 22 Openbare
1313 3241 140 18 Gezondheid
1468 3241 56 18 werd
1538 3242 27 16 de

1132 3264 93 17 zilveren
1244 3264 100 18 medaille
1374 3264 38 17 der
1439 3264 125 18 Krooncrde

1132 3289 42 14 aan
1191 3285 61 18 Odlel
1269 3286 91 21 Defraye
1376 3286 121 21 toegekend
1513 3290 51 13 voor

1128 3307 39 18 het
1180 3307 42 21 feit
1234 3307 39 21 dat
1287 3307 32 22 hij
1334 3307 27 18 de
1375 3308 68 17 eerste
1457 3307 51 22 Belg
1522 3311 43 14 was

1128 3329 36 18 die
1181 3329 28 18 de
1228 3329 74 18 Ronde
1322 3333 42 14 van
1382 3329 116 23 Frankrijk
1517 3334 47 14 won

1129 3352 23 17 ln
1170 3351 56 18 1912.

1604 1390 20 18 la
1641 1390 67 19 Gare»
1726 1391 115 22 gehouden
1858 1391 53 18 door
1928 1391 24 18 h.
1970 1391 38 19 Flo-

1603 1413 87 17 rimond
1708 1413 45 18 Van
1770 1413 43 18 den
1829 1414 90 22 Berghe.
1935 1414 32 18 Na
1983 1414 34 18 dit

1603 1435 86 22 spurtje
1706 1435 46 22 zijn
1769 1436 27 17 de
1813 1439 89 15 renners
1919 1436 24 18 in
1961 1436 55 18 volle

1603 1457 63 18 zwier
1692 1461 51 14 over
1770 1457 27 19 de
1826 1458 62 22 brug,
1907 1462 37 14 om
1972 1458 44 18 dan

1603 1479 73 18 rechts
1695 1481 21 16 te
1734 1484 79 14 nemen
1832 1480 62 22 langs
1911 1480 27 18 de
1955 1481 53 17 Neer-

1602 1502 78 17 straat.

1629 1524 50 18 Hier
1693 1524 46 22 zijn
1754 1524 27 18 de
1795 1524 117 22 gebouwen
1927 1528 43 14 van
1985 1525 27 18 de

1603 1546 62 18 Bond
1693 1547 89 21 Moyson
1810 1546 96 22 gelegen,
1934 1550 29 14 en
1989 1547 27 17 de

1605 1568 111 21 vrienden,
1736 1568 280 23 volksvertegenwoordiger

1602 1590 61 18 Jules
1679 1591 95 20 Depauw
1790 1595 28 14 en
1834 1591 75 18 Achiel
1925 1591 91 19 Beckers

1604 1612 71 18 willen
1695 1611 49 20 zich
1765 1613 42 18 ook
1828 1613 46 18 niet
1895 1614 121 22 onbetuigd

1602 1632 73 21 latend

1627 1666 18 5 —
1663 1658 35 17 We
1722 1657 112 18 schenken
1861 1658 37 18 250
1915 1658 37 21 fr.,
1970 1661 37 15 ver-

1602 1679 61 18 deeld
1680 1680 24 17 in
1723 1680 37 17 150
1777 1684 27 13 en
1822 1680 37 17 100
1874 1680 29 21 fr.
1921 1684 51 14 voor
1989 1681 26 17 de

1602 1702 68 18 eerste
1689 1702 53 18 twee
1759 1705 97 16 renners,
1875 1702 36 17 die
1924 1703 46 17 'aan
1988 1702 28 18 de

1603 1724 56 18 meet
1674 1724 73 18 zullen
1762 1724 173 22 voorbijkomen.

1627 1753 56 18 Door
1696 1753 165 18 Dendermonde
1875 1754 51 20 gaat
1940 1753 18 18 't
1971 1757 36 14 ver-

1602 1775 37 18 der
1652 1775 72 18 rechts
1737 1779 29 17 op
1778 1775 27 18 de
1817 1776 61 21 grote
1892 1775 56 18 baan
1961 1779 54 14 naar

1601 1797 68 18 Aalst.
1688 1798 27 17 Te
1733 1797 79 23 Appels
1830 1798 58 17 moet
1906 1797 57 19 links
1981 1801 25 19 ge-

1602 1823 80 14 nomen
1702 1818 86 20 worden
1807 1823 37 14 om
1863 1820 23 17 te
1905 1820 110 22 Oudegem

1601 1842 27 18 de
1643 1842 52 18 kerk
1709 1842 84 22 voorbij
1807 1843 22 17 te
1842 1842 72 22 rijden
1929 1846 27 14 en
1970 1842 45 18 dan

1602 1864 58 18 links
1671 1865 22 17 te
1704 1868 87 14 nemen.
1803 1864 36 22 Bij
1850 1864 38 18 het
1899 1864 115 18 uitkomen

1601 1887 62 17 dezer
1681 1887 113 22 gemeente
1813 1886 61 18 komt
1893 1890 50 14 men
1962 1886 53 18 door

1601 1909 39 18 het
1655 1906 98 25 gehucht
1771 1908 147 22 «Oud-burg»,
1937 1908 79 19 alwaar

1602 1931 31 22 bij
1650 1931 27 18 de
1693 1931 204 22 rijwielhandelaar,
1914 1931 101 18 Fernand

1603 1953 93 21 Verdict,
1715 1957 40 14 een
1783 1953 81 22 premie
1891 1956 42 14 van
1961 1953 54 18 twee

1601 1975 89 22 flessen,
1729 1975 136 18 Embrocatie
1904 1975 111 18 Liniment

1602 1998 92 22 Georges
1709 1998 82 17 Ronsse
1807 1998 22 17 te
1844 1997 88 18 winnen
1947 1997 27 18 is.

1644 2046 174 32 Doortocht
1834 2051 31 26 te
1881 2046 93 31 Aalst

1625 2112 35 22 Bij
1672 2113 39 17 het
1724 2112 163 19 binnenkomen
1900 2117 42 13 van
1954 2112 61 19 Aalst

1601 2135 20 18 is
1636 2135 24 17 in
1687 2134 210 20 overeenstemming
1916 2136 45 17 met
1988 2135 27 18 de

1604 2156 138 23 plaatselijke
1763 2156 187 23 politiediensten,
1970 2157 35 18 vol-

1603 2179 69 22 gende
1692 2179 117 22 wegwijzer
1830 2179 22 18 te
1873 2178 85 23 volgen:
1979 2178 27 19 ko-

1603 2201 77 18 mende
1701 2205 42 14 van
1764 2201 43 21 Hof
1807 2201 62 18 stade
1896 2202 51 21 gaat
1976 2201 39 18 het

1602 2223 62 23 langs
1675 2223 27 18 de
1713 2223 176 18 Dcndermondse
1900 2224 115 21 steenweg,

1604 2243 100 22 zeshoek.
1745 2245 53 18 Dirk
1838 2246 176 20 Martensstraat,

1604 2267 133 21 Koolstraat,
1778 2268 82 17 Gentse
1899 2268 115 21 steenweg,

1602 2290 165 19 Churchillaan.
1788 2290 84 22 Regent
1891 2290 63 18 Prins
1973 2290 43 18 Ka-

1602 2312 90 20 rellaan.
1708 2313 81 21 Haring
1803 2316 36 14 om
1854 2312 44 18 dan
1913 2312 61 22 lang."
1989 2312 27 17 de

1602 2334 193 22 Geeraardsbergse
1806 2335 107 21 steenweg
1923 2334 27 18 de
1960 2334 46 18 rich-

1603 2357 49 22 ting
1666 2361 42 14 van
1722 2357 82 18 Ninove
1818 2357 24 17 in
1858 2357 22 17 te
1893 2356 70 19 slaan.

1613 2402 85 31 Voor
1723 2402 43 30 de
1791 2402 216 36 fijnproevers

1629 2464 40 17 Ter
1687 2464 80 22 hoogte
1786 2468 42 14 van
1847 2464 28 17 de
1893 2464 75 17 Likeui
1972 2464 35 17 sto-

1603 2485 55 23 kerij
1674 2487 43 17 «De
1732 2486 93 20 Molen»,
1842 2486 31 21 bij
1888 2486 27 17 de
1929 2485 77 23 gebroe-

1602 2508 49 18 ders
1671 2508 134 22 Keymeulen
1826 2508 69 18 moest
1923 2511 23 14 er
1974 2508 42 17 ook

1602 2530 98 22 eventjes
1712 2530 85 18 «halte»
1807 2530 102 22 gemaakt
1920 2530 95 18 worden.

1602 2553 47 17 Ook
1659 2552 39 18 wel
1708 2556 36 14 om
1754 2553 42 17 iets
1806 2553 22 17 te
1838 2555 101 19 proeven,
1950 2556 57 14 waar-

1603 2575 32 22 bij
1651 2578 54 14 onze
1724 2574 74 18 vriend
1818 2575 74 17 Moens
1919 2574 31 22 bij
1976 2574 39 17 het

1601 2597 50 18 zien
1664 2601 42 13 van
1718 2596 22 18 at
1752 2596 35 18 die
1798 2596 81 22 flessen
1892 2600 43 14 van
1947 2596 60 18 diver-

1601 2623 23 14 se
1639 2619 103 21 formaat,
1757 2622 40 14 een
1814 2619 84 17 nieuwe
1913 2619 102 17 invitatie
2027 2616 3 17 I

1602 2645 43 14 ran
1658 2641 28 18 de
1699 2640 151 23 sympathieke
1863 2640 101 22 gastheer
1977 2644 29 14 on-

1603 2663 83 19 bewust
1701 2663 133 22 replikeerde
1850 2662 60 23 «geef
1925 2666 35 14 me
1975 2666 41 14 een

1602 2686 91 21 Spa!...»

1627 2716 18 6 —
1665 2708 35 22 We.
1719 2707 73 18 zullen
1812 2711 51 14 voor
1882 2706 27 18 de
1926 2710 89 14 renners

1603 2730 31 21 bij
1659 2729 28 19 de
1712 2728 134 22 doorkomst,
1864 2728 54 19 twee
1934 2728 81 22 flessen

1603 2752 59 18 beste
1681 2752 65 18 Porto
1766 2751 97 19 «Calerfi»
1883 2750 32 19 als
1933 2751 82 22 premie

1602 2774 39 18 ten
1655 2774 59 18 beste
1726 2776 75 20 geven,
1815 2773 37 22 gaf
1865 2773 23 17 h.
1903 2773 46 17 Van
1961 2773 46 22 Key-

1603 2796 87 18 meulen
1702 2797 23 17 te
1735 2796 96 17 kennen.

1628 2819 30 17 De
1674 2817 85 23 vlugste
1774 2818 133 21 fijnproever
1922 2816 34 18 zal
1971 2816 44 18 dan

1601 2841 54 18 daar
1673 2840 97 21 dezelfde
1789 2840 91 17 kunnen
1900 2838 114 22 afhalen...

1603 2863 45 18 Van
1665 2862 60 18 Aalst
1741 2863 34 17 uit
1792 2863 51 21 gaat
1868 2861 39 19 het
1923 2865 49 13 ovc>-
1988 2861 27 17 de

1601 2885 66 22 goede
1694 2884 158 21 macadamweg
1879 2883 71 18 aiover
1976 2883 38 17 het

1601 2907 146 22 grondgebied
1760 2906 175 22 Erembodegem,
1952 2905 63 18 Welle

1602 2933 28 15 en
1640 2928 154 19 Denderleeuw
1805 2932 54 14 naar
1870 2928 82 18 Ninove
1964 2928 44 17 toe.

1629 2952 39 17 Ter
1687 2951 80 21 hoogte
1786 2954 43 14 van
1847 2950 39 18 het
1907 2950 108 18 «Taverne

1602 2974 33 18 St.
1647 2973 108 20 Niklaas»,
1767 2972 115 23 gehouden
1894 2972 53 18 door
1959 2975 55 14 mev.

1601 2996 119 22 Josephine
1732 2995 46 18 Van
1789 2995 43 18 den
1844 2994 90 21 Berghe,
1946 2994 69 18 v;ordt

1601 3018 42 18 ook
1659 3022 40 14 een
1716 3017 81 23 premie
1814 3021 42 13 van
1872 3017 38 17 100
1926 3016 29 22 fr.
1971 3016 35 18 uit-

1602 3040 86 22 geloofd
1699 3043 43 14 aan
1752 3040 39 17 wie
1803 3039 74 18 aldaar
1888 3039 56 17 eerst
1955 3041 51 15 voor-

1603 3062 101 23 bijkomt.

1615 3085 28 17 Te
1663 3085 83 17 Ninove
1765 3083 44 22 zelf
1827 3087 79 14 nemen
1926 3087 31 14 we
1976 3086 29 14 on-

1603 3107 122 21 middellijk
1742 3106 58 18 links
1818 3106 61 22 langs
1896 3105 27 18 de
1940 3105 74 20 statte,

1601 3129 79 20 Bieze-,
1698 3128 107 18 Lavender
1807 3129 93 20 straten,
1917 3131 36 15 om
1970 3128 45 17 dan

1601 3155 29 18 op
1644 3151 26 18 de
1687 3150 289 22 Geeraardsbergesteenweg
1993 3150 22 17 te

1602 3173 87 18 komen.

1615 3196 50 17 Hier
1685 3195 70 18 moest
1772 3194 127 22 natuurlijk
1918 3194 97 22 eventjes

1602 3218 109 22 afgestapt
1731 3217 86 18 worden
1845 3217 32 22 bij
1904 3216 27 18 de
1958 3216 57 18 oude

1603 3240 78 18 kennis
1708 3244 28 13 en
1765 3239 75 17 vriend
1867 3239 57 17 Fons
1952 3238 65 18 Stan-

1603 3262 73 20 daerd,
1695 3262 36 18 die
1748 3262 75 17 ietwat
1840 3261 138 18 bekommerd
1996 3261 20 17 is

1602 3289 37 14 om
1656 3284 39 18 het
1714 3283 131 19 momenteel
1865 3283 84 18 minder
1968 3283 48 17 best

1603 3307 110 22 presteren
1731 3310 43 14 van
1792 3306 47 22 zijn
1856 3309 55 14 zoon
1930 3304 86 19 Kamiel

1602 3329 57 18 doch
1673 3329 35 18 die
1723 3330 45 17 met
1783 3328 92 22 Georges
1889 3328 82 18 Ronsse
1986 3327 21 18 al-

1602 3355 35 14 ras
1654 3350 72 19 zoveel
1745 3351 74 21 eigene
1846 3350 170 22 herinneringen

2063 1392 35 19 uit
2114 1393 35 18 die
2164 1393 111 23 heuglijke
2292 1394 70 23 dagen
2379 1399 42 14 van
2438 1395 38 19 het

2063 1415 152 18 rennersleven
2229 1417 70 18 moest
2313 1417 164 23 heroprakelen.

2088 1437 61 18 Maar
2160 1441 30 15 we
2202 1439 87 17 moeten
2301 1439 51 18 toch
2365 1440 39 17 wel
2414 1444 53 14 even-

2064 1459 43 22 tjes
2126 1460 27 18 de
2174 1460 159 22 burgemeester
2353 1462 58 18 zien!
2432 1466 37 14 oor-

2062 1481 75 19 deelde
2150 1486 50 14 men
2212 1483 82 21 vrijwel
2306 1483 110 23 algemeen

2088 1504 33 18 En
2140 1504 24 18 in
2184 1505 85 18 minder
2288 1506 43 18 dan
2352 1510 53 18 geen
2425 1507 51 22 tijd,

2064 1530 71 14 vmren
2155 1531 31 14 we
2206 1531 42 14 aan
2267 1528 39 18 het
2327 1528 149 22 «Volkshuis-»,

2063 1548 78 19 alwaar
2162 1549 159 22 burgemeester
2323 1564 6 8 ,
2350 1551 46 18 Van
2417 1552 60 17 Trin-

2064 1571 55 22 pont
2149 1571 72 21 Omer,
2251 1572 44 22 zelf
2326 1573 146 23 behulpzaam

2061 1594 80 17 scheen
2154 1594 31 22 bij
2195 1594 27 18 de
2233 1594 61 22 grote
2305 1595 171 23 veranderingen

2064 1618 28 15 en
2112 1615 176 23 verbouwingen,
2310 1617 66 18 welke
2397 1617 76 19 aldaar

2063 1638 148 22 aangebracht
2226 1639 94 20 worden.

2087 1668 18 5 —
2122 1661 35 17 We
2173 1660 73 19 willen
2261 1661 39 19 het
2316 1661 48 18 hier
2380 1663 43 17 wat
2440 1662 27 19 be-

2063 1682 33 18 ter
2112 1682 89 20 maken;
2216 1683 56 18 doch
2290 1688 31 14 we
2338 1684 79 18 missen
2434 1688 43 19 nog

2063 1704 48 18 heel
2124 1705 43 18 wat
2180 1705 102 21 fondsen.
2296 1706 60 18 Maar
2369 1706 63 19 zulks
2443 1707 34 18 zal

2062 1730 40 15 ons
2114 1727 51 18 toch
2177 1728 47 17 niet
2235 1727 97 19 beletten
2344 1732 42 14 van
2398 1729 37 17 100
2447 1729 28 21 fr.

2062 1750 81 21 premie
2161 1750 22 17 te
2199 1753 67 18 geven
2286 1754 51 14 voor
2354 1750 27 19 de
2398 1751 77 21 eerste,

2061 1771 35 18 die
2113 1772 48 17 hier
2177 1772 84 22 voorbij
2278 1772 71 19 komt!
2365 1773 69 18 stelde
2448 1773 28 18 de

2062 1793 159 23 burgemeester
2238 1798 29 18 op
2284 1794 65 22 punt.

2087 1824 27 6 —
2128 1817 32 17 En
2176 1816 23 18 ik
2214 1817 59 21 geeft
2286 1817 42 18 ook
2344 1817 24 18 50
2383 1818 37 21 fr.,
2437 1817 39 19 liet

2061 1838 57 18 Fons
2132 1838 117 19 Standaert
2263 1843 23 14 er
2298 1843 29 18 op
2340 1839 84 21 volgen.

2089 1861 61 17 Waar
2170 1860 27 18 de
2217 1860 46 18 vele
2283 1861 192 23 sympathisanten

2061 1883 93 22 Georges
2165 1884 83 17 Ronsse
2259 1887 35 14 om
2307 1884 79 18 nadere
2397 1884 68 18 inlich-

2062 1905 76 22 tingen
2173 1909 92 16 vroegen
2298 1906 97 18 omtrent
2429 1906 47 22 zijn

2064 1931 98 18 vroegere
2191 1926 152 20 heldendaden
2372 1929 25 17 in
2425 1929 51 18 Bor-

2061 1949 148 23 deaux-Parijs
2227 1954 27 14 en
2272 1950 194 23 wereldkampioen-

2061 1972 111 23 schappen
2184 1972 88 18 hadden
2283 1977 31 14 we
2325 1973 52 18 daar
2388 1977 43 18 nog
2441 1976 26 19 ge-

2060 1995 49 17 rust
2124 1994 76 18 enkele
2215 1998 134 18 aangename
2364 1995 103 22 ogenblik-

2061 2016 43 18 ken
2125 2016 91 18 kunnen
2237 2017 156 22 doorbrengen.
2415 2017 60 18 Doch

2062 2042 23 14 er
2095 2043 42 14 was
2147 2042 43 18 nog
2201 2038 48 18 heel
2260 2040 42 17 wat
2312 2043 44 17 weg
2367 2039 24 21 af
2402 2040 22 17 te
2434 2039 32 22 leg-

2061 2065 49 18 gen,
2125 2065 28 14 en
2167 2061 43 18 ook
2224 2058 49 21 heel
2287 2062 44 17 wat
2345 2061 65 19 werk.

2091 2083 81 18 Buiten
2189 2083 83 18 Ninove
2289 2084 74 17 neemt
2381 2087 50 15 men
2448 2083 27 18 de

2062 2105 65 18 brede
2156 2105 159 21 macadamweg
2343 2105 73 18 aiover
2436 2105 39 18 het

2063 2127 146 22 grondgebied
2231 2127 89 21 Voorde,
2340 2127 133 23 Appelterre,

2060 2154 36 14 om
2110 2149 45 19 dan
2168 2153 50 15 over
2231 2149 27 19 de
2271 2149 108 23 steenweg
2393 2150 83 20 Ophas-

2060 2172 43 18 selt
2118 2172 22 18 te
2154 2172 106 20 dwarsen,
2275 2175 29 15 en
2318 2171 45 19 dan
2377 2172 99 22 eventjes

2064 2194 84 22 voorbij
2168 2194 39 18 het
2227 2194 49 21 café
2296 2193 75 19 Albert
2392 2194 82 18 Ritser-

2061 2216 67 21 veldt,
2155 2216 74 18 rechts
2256 2217 23 17 te
2296 2220 79 14 nemen
2403 2220 29 18 op
2447 2216 28 18 de

2061 2239 107 21 steenweg
2201 2242 42 14 van
2276 2238 198 23 Geeraardsbergen
2484 2252 3 4 .

2062 2265 53 14 naar
2128 2260 64 19 Melle
2207 2261 44 18 toe.

2142 2307 117 31 Ideaal
2277 2309 119 29 terrein

2088 2373 50 18 Hier
2167 2373 81 22 betreft
2276 2373 40 18 het
2335 2377 41 14 een
2404 2372 71 19 ideaal

2065 2395 151 20 koersterrein,
2257 2398 51 14 over
2347 2394 123 23 kasseiweg,

2061 2417 72 18 steeds
2160 2417 134 18 kronkelend
2320 2421 28 14 en
2374 2417 100 22 golvend,

2061 2439 56 18 doch
2134 2439 114 18 omzoomd
2264 2439 53 18 door
2332 2440 67 21 goede
2414 2440 62 21 fiets-

2061 2465 80 19 wegen,
2155 2466 86 17 waarop
2262 2461 27 19 de
2310 2461 165 23 verbrokkeling

2061 2488 43 14 van
2115 2484 39 18 het
2164 2483 89 23 peleton
2263 2492 10 5 -
2282 2488 27 14 zo
2318 2484 53 18 daar
2381 2488 43 18 nog
2434 2487 41 15 een

2060 2506 75 18 dichte
2146 2509 65 19 groep
2222 2510 76 14 samen
2309 2507 19 17 is
2338 2515 10 4 -
2358 2506 108 22 onvermij-

2061 2528 68 22 delijk
2142 2528 34 18 zal
2189 2528 94 18 worden.

2086 2551 30 17 Zo
2132 2551 50 21 gaat
2199 2550 39 18 het
2253 2554 51 14 over
2319 2550 155 23 Grotenberge.

2060 2572 155 23 Leeuwergem,
2231 2573 142 21 Oombergen,
2390 2572 86 18 Ooster-

2060 2595 52 20 zele,
2130 2595 112 18 Gontrode
2257 2595 34 18 tot
2307 2594 72 19 Melle.

2087 2617 45 18 Van
2150 2617 48 18 hier
2214 2617 24 21 af
2255 2617 74 18 neemt
2348 2621 50 14 men
2416 2616 59 19 links

2060 2639 27 18 de
2103 2640 61 21 grote
2183 2639 57 18 baan
2257 2639 163 19 Brussel-Gent.
2438 2643 37 14 om

2060 2661 73 18 aiover
2147 2661 28 18 de
2190 2661 128 18 autostrade
2333 2661 28 18 de
2376 2661 90 22 spoorlij-

2061 2687 43 14 nen
2123 2688 42 13 van
2182 2683 253 23 Gentbrugge-Arsenaal
2453 2683 22 18 te

2060 2706 155 22 overbruggen.
2232 2706 32 21 B\j
2279 2706 27 18 de
2320 2705 116 18 doortocht
2454 2707 21 16 te

2061 2728 105 22 Ledeberg
2181 2727 18 18 is
2213 2728 48 17 hier
2275 2727 94 18 evenwel
2381 2727 42 18 ook
2437 2728 38 17 200

2060 2750 29 23 fr.
2104 2750 23 18 te
2141 2749 124 21 verdienen,
2282 2750 17 17 't
2314 2750 27 22 zij
2356 2750 37 18 125
2408 2753 27 14 en
2451 2749 25 18 75

2060 2771 28 22 fr.
2114 2771 132 23 preciseerde
2271 2772 66 17 Cesar
2362 2771 113 21 Boebaert,

2061 2794 35 18 die
2110 2798 41 14 ons
2167 2798 43 13 van
2226 2794 27 17 de
2268 2794 42 22 gift
2327 2793 96 23 melding
2439 2793 37 23 gaf

2061 2817 23 17 in
2096 2820 65 14 naam
2175 2816 38 18 der
2226 2816 25 18 20
2264 2816 84 18 actieve
2361 2815 63 18 leden
2438 2816 38 17 der

2061 2839 16 17 B
2081 2839 21 17 .S
2104 2839 22 17 .P
2129 2837 207 24 .-propagandaclub
2366 2842 43 14 van
2439 2838 28 18 Le-

2062 2861 86 21 deberg.
2181 2860 39 18 Ter
2249 2860 80 21 hoogte
2357 2860 38 17 der
2424 2860 40 18 Kei-

2060 2883 99 22 zerpoort
2173 2883 74 17 neemt
2262 2886 51 14 men
2327 2882 44 18 dan
2384 2886 51 14 over
2448 2882 27 18 de

2061 2905 55 22 brug
2128 2904 153 23 onmiddellijk
2293 2904 59 19 links
2364 2908 36 14 om
2413 2904 62 22 langs

2060 2928 27 18 de
2101 2927 134 18 Keizersvest
2250 2927 69 18 direct
2334 2931 28 17 op
2376 2926 39 18 het
2430 2926 36 18 Cir-

2060 2950 47 17 cuit
2125 2951 22 16 te
2166 2949 87 21 komen,
2273 2948 90 23 waarbij
2381 2948 27 18 de
2427 2948 39 18 bui-

2061 2971 95 19 tenkant
2171 2975 42 14 van
2227 2971 28 18 de
2269 2971 127 18 autostrade
2411 2974 56 18 geno-

2061 2998 50 14 men
2123 2993 68 19 wordt
2203 2997 36 14 om
2250 2993 45 18 dan
2307 2993 32 22 bij
2350 2993 27 18 de
2389 2992 75 23 volgen-

2060 3016 27 18 de
2100 3016 68 18 ronde
2180 3016 39 18 het
2233 3015 113 18 linkervak
2359 3016 23 17 te
2394 3018 81 15 nemen

2061 3042 51 14 toor
2125 3038 27 18 de
2165 3037 117 19 aankomst
2296 3037 51 22 zelf.

2086 3061 29 18 Zo
2133 3060 62 18 komt
2215 3064 50 14 men
2284 3064 43 13 aan
2346 3059 39 18 het
2405 3058 70 19 totaal

2061 3087 42 13 van
2118 3083 37 17 116
2171 3082 53 20 km.,
2239 3086 28 14 en
2281 3081 47 22 zijn
2342 3085 31 15 we
2388 3081 86 18 meteen

2061 3104 114 19 verzekerd
2194 3104 38 18 dat
2251 3104 28 18 de
2299 3103 132 22 liefhebbers
2450 3103 24 18 in

2061 3127 109 18 Vooruit's
2196 3126 66 18 Grote
2280 3126 195 18 EEN-MEI-PRIJS

2060 3152 40 15 een
2119 3148 110 22 werkelijk
2256 3148 113 22 prachtige
2387 3147 88 23 omloop

2061 3170 167 19 voorbehouden
2244 3170 27 18 is.

2349 3193 26 16 R.
2393 3192 81 18 Cneut.

2097 3215 26 18 V.
2138 3216 24 17 b.
2176 3225 28 4 —
2216 3214 134 18 Herinneren
2365 3218 31 14 we
2409 3218 23 14 er
2445 3217 42 18 no^

2098 3238 97 21 eventjes
2215 3241 42 14 aan
2280 3237 39 18 dat
2339 3238 27 17 de
2386 3231 94 27 Inschrij-

2097 3261 79 21 vingen
2189 3263 51 15 voor
2254 3260 26 18 de
2293 3259 138 22 wedstrijden
2445 3263 41 14 aan

2098 3276 111 29 jongeren,
2245 3282 130 18 liefhebbers
2396 3287 27 14 en
2444 3286 42 14 aan

2098 3305 158 22 nieuwelingen
2271 3305 25 18 B.
2312 3305 32 18 W.
2359 3305 25 18 B.
2401 3305 78 18 voorbe-

2099 3328 95 20 houden,
2215 3327 155 23 zondagavond
2391 3328 96 22 gesloten

2098 3351 94 18 worden.

2514 198 201 52 Reypens
2734 208 103 29 won
2862 209 87 28 van

2608 254 54 40 Le
2684 252 179 42 Mentec

2613 317 45 34 te
2679 309 167 41 Brussel

2536 385 73 17 Onder
2624 385 99 22 oogpunt
2740 387 42 14 van
2798 382 102 24 publieke
2916 382 27 17 be-

2510 407 140 23 langstelling
2670 409 44 16 Kan
2734 406 27 18 de
2781 405 150 18 Internationa
2933 405 19 17 ld

2511 431 96 21 meeting
2627 434 10 13 v
2641 434 29 14 an
2690 428 87 19 Brussel
2798 428 47 18 nlet
2866 428 32 18 ?.b>
2919 431 25 18 ge-

2510 454 51 18 lukt
2576 452 130 18 beschouwd
2722 452 94 17 worden.

2538 475 105 19 Hennebo
2669 478 49 15 won
2743 478 28 19 op
2797 474 87 22 punten
2909 477 42 14 van

2510 499 73 17 Denis.
2598 503 28 13 in
2641 497 27 18 de
2683 497 69 18 eerste
2767 499 85 15 rouueu
2867 499 43 13 was
2925 498 27 14 ae

2510 521 66 22 strijd
2594 524 47 14 zeer
2661 520 67 22 gelijk
2746 519 121 22 opgaande.
2886 518 67 17 Denls

2511 545 66 17 voent
2599 543 54 22 goed
2675 543 70 19 mede,
2768 541 57 18 aoch
2847 540 105 18 Hennebo

2510 566 44 19 had
2574 566 56 18 llcnt
2661 564 100 19 voordeel
2793 566 101 15 wanneer
2926 563 26 18 de

2511 589 79 18 laatste
2612 588 68 18 ronde
2702 587 57 18 werd
2781 587 84 22 ingezet
2869 599 4 5 .
2910 586 34 17 On-

2510 612 71 17 danks
2594 611 26 18 de
2635 610 85 22 loflljke
2734 610 109 22 pogingen
2856 613 43 13 van
2913 609 31 17 De-

2510 634 35 19 nls
2561 637 36 15 om
2614 634 40 18 het
2671 632 118 19 achterstel
2806 636 25 14 in
2848 632 22 17 te
2887 633 65 21 lopen

2510 660 49 15 won
2570 656 105 18 Hennebo
2687 655 111 18 verdiend.

2535 679 99 18 J.esselne
2654 678 98 18 verwierf
2784 682 41 14 een
2857 678 93 22 punten-

2509 702 190 21 overwinnlng.op
2712 701 48 17 Van
2772 700 67 22 Dyck.
2853 700 50 17 Men
2917 700 27 17 be-

2509 728 43 19 gon
2570 727 46 15 met
2634 728 39 14 een
2691 723 115 23 geweldige
2836 723 117 22 slagwisse-

2510 749 53 21 üng.
2576 747 99 18 Lesselne
2688 746 69 18 stelde
2770 746 47 18 Van
2829 746 61 21 Dycit
2901 749 51 14 voor

2509 774 40 15 een
2565 773 68 15 zware
2649 773 81 19 opgave
2746 769 35 17 die
2798 769 23 18 ln
2837 769 27 17 de
2880 768 72 18 vierde

2509 792 129 22 herneming
2657 795 69 15 zwaar
2745 791 110 23 getroffen
2873 792 65 17 werd.

2509 816 45 18 Met
2570 819 40 15 een
2626 814 170 22 uitzonderlijke
2811 815 66 17 moed
2891 814 61 18 hield

2508 838 34 22 hij
2559 839 35 17 tot
2609 838 40 17 het
2665 837 64 18 einde
2744 837 43 18 vol.

2534 862 63 20 l'reys
2619 864 47 14 won
2688 864 28 18 op
2737 860 88 22 punten
2845 863 44 14 van
2909 860 41 17 Fu-

2510 887 56 15 saro.
2581 884 56 17 Deze
2651 883 67 22 kamp
2732 886 44 14 was
2790 886 41 14 een
2845 881 99 23 tegenval-

2509 906 31 18 ler
2552 907 53 17 daar
2617 907 27 17 de
2657 905 116 23 kampioen
2786 909 43 14 van
2842 905 64 18 Italië
2918 909 25 18 ge-

2511 929 52 18 brek
2579 933 43 14 aan
2638 928 112 23 strijdlust
2766 928 127 18 vertoonde.
2909 928 35 22 Tij-

2510 953 54 17 dens
2578 953 26 17 de
2618 953 69 16 eerste
2700 952 68 18 ronde
2781 951 133 22 riposteerde
2927 952 26 17 de

2510 974 95 19 Italiaan
2623 975 50 19 wat,
2693 978 60 14 maar
2771 977 101 15 wanneer
2890 974 63 22 Preys

2510 997 111 19 doorzette
2637 998 106 17 ontaarde
2761 997 27 18 de
2805 997 66 22 kamp
2888 997 24 18 ln
2931 997 22 17 'n

2510 1020 77 22 weinig
2607 1019 162 23 aantrekKellJk
2789 1020 36 21 lijf
2845 1024 43 13 aan
2908 1020 43 22 lijf.

2510 1042 81 18 Fusaro
2601 1043 138 18 aanvaardde
2749 1043 48 18 niet
2806 1046 100 15 eenmaai
2914 1043 39 18 het

2513 1068 57 18 open
2589 1065 99 21 gevecht.
2726 1065 58 18 Zelfs
2802 1065 70 18 stelde
2890 1067 63 19 r'ieys

2508 1090 49 13 zien
2571 1090 28 18 op
2613 1087 63 17 zeker
2690 1088 103 21 ogenDuk
2806 1090 81 15 zonuer
2901 1090 51 14 aeu.-

2509 1109 60 21 klng.
2587 1109 42 18 Het
2646 1109 75 18 baatte
2738 1110 75 17 echter
2830 1110 47 18 niet
2893 1111 59 16 want

2509 1132 81 17 Fusaro
2608 1132 57 17 bieef
2681 1132 65 22 altijd
2763 1136 40 14 een
2819 1132 125 18 afwachten-

2509 1154 27 18 de
2551 1154 100 22 houding
2666 1158 131 15 aannemen.

2535 1177 100 22 Keypens
2657 1177 83 23 (kamp.
2761 1182 20 13 v.
2801 1178 82 22 België)
2905 1182 48 14 won

2510 1202 28 19 op
2554 1201 86 20 punten
2656 1204 42 14 van
2714 1201 27 18 J..e
2757 1201 86 17 Mentec
2858 1206 28 14 en
2902 1202 51 17 deze

2513 1222 67 22 kamp
2603 1226 43 14 was
2669 1223 153 22 belangrijker.
2845 1224 31 17 De
2899 1225 54 17 twee

2510 1245 83 18 ronden
2614 1249 71 14 waren
2705 1249 48 14 zeer
2773 1246 106 22 levendig.
2900 1248 53 17 Rev-

2510 1271 55 19 pens
2583 1268 37 21 gaf
2639 1268 49 17 zich
2707 1269 74 21 geheel
2800 1269 24 17 in
2843 1270 27 18 de
2888 1270 65 18 derde

2511 1290 67 18 ronde
2593 1295 28 14 en
2637 1291 43 17 had
2696 1294 75 15 succes
2785 1294 46 16 met
2845 1292 45 22 zijn
2907 1293 38 17 kor-

2512 1315 21 17 te
2545 1313 71 18 linkse
2627 1313 140 23 hoekslagen.
2780 1314 28 18 Le
2820 1315 87 18 Mentec
2919 1316 26 17 be-

2511 1336 140 18 antwoordde
2665 1340 48 14 zeer
2728 1337 54 21 goed
2797 1337 27 19 de
2838 1337 115 19 aanvallen

2513 1362 43 14 van
2571 1359 27 18 de
2613 1359 59 22 Belg,
2689 1359 57 18 doch
2761 1359 35 21 dit
2811 1360 81 19 belette
2907 1362 46 18 niet

2513 1381 40 18 dat
2562 1382 100 21 Reypens
2675 1381 27 22 bij
2713 1382 40 18 het
2764 1382 63 18 einde
2839 1382 38 18 der
2889 1383 65 21 vijfde

2511 1402 128 23 herneninig
2659 1406 40 15 eel.
2733 1405 68 16 licnte
2823 1407 130 15 voursoionz

2511 1425 52 19 had.

2537 1448 30 18 De
2589 1448 51 22 Belg
2662 1449 85 18 leverde
2768 1453 40 15 een
2830 1449 115 19 uitzonder-

2511 1470 52 23 lijke
2578 1471 94 18 zevende
2687 1471 67 18 ronde
2770 1475 56 14 waar
2841 1472 33 22 hij
2889 1473 56 17 enke-

2511 1493 19 19 le
2545 1497 68 15 zware
2629 1493 180 19 llnker-dlrekten
2825 1495 44 18 kon
2884 1495 70 22 plaut-

2510 1520 39 14 sen
2570 1520 27 14 en
2618 1516 83 18 daarna
2720 1517 40 18 het
2779 1517 95 18 lichaam
2907 1520 46 17 met

2511 1538 62 19 beide
2593 1539 88 19 vuisten
2701 1539 115 19 bewerkte.
2837 1540 26 19 In
2882 1541 28 18 de
2929 1541 24 18 8e

2510 1561 130 23 herneming
2660 1562 42 17 viel
2723 1563 28 17 Le
2772 1563 87 18 Mentec
2880 1564 63 22 gewel-

2511 1584 36 22 dig
2566 1588 49 16 aan,
2635 1585 58 18 doch
2703 1583 4 5 '
2723 1585 100 23 Reypens
2841 1586 55 18 deed
2927 1588 26 17 de

2510 1607 85 23 forcing
2607 1611 28 14 en
2646 1608 27 17 de
2685 1608 120 18 Fransman
2817 1609 44 18 had
2873 1610 80 18 moeite

2510 1633 35 14 om
2563 1630 39 18 het
2619 1630 68 18 hoofd
2705 1632 22 17 te
2744 1631 79 18 bieden
2839 1635 44 15 aan
2899 1633 45 21 Rey-

2511 1656 54 19 pens
2582 1653 35 18 dia
2634 1653 72 18 steeds
2724 1657 28 19 op
2769 1655 64 17 adem
2851 1655 57 18 bleef
2926 1658 27 15 en

2511 1675 53 22 pulk
2579 1676 106 17 ontweek.

2536 1698 30 18 De
2581 1698 80 19 laatste
2675 1700 68 17 ronde
2758 1698 39 20 liet
2811 1700 37 22 lijf
2863 1704 42 14 aan
2919 1701 34 22 lijf

2510 1721 48 18 zien
2575 1725 27 14 en
2618 1722 100 22 Reypens
2735 1726 48 14 won
2799 1723 111 18 verdiend.

2551 1790 359 54 Arbeiderssport

2550 1866 232 31 NATIONALE
2800 1867 116 31 TURN-

2512 1909 425 32 KAMPIOENSCHAPPEN

2587 1952 46 31 TE
2650 1952 230 32 VILVOORDE

2630 1995 44 31 (2e
2692 1996 146 31 categorie)

2535 2031 34 23 Op
2584 2032 88 22 Zondag
2686 2032 25 17 24
2726 2032 59 22 April
2802 2033 49 17 1949
2866 2032 86 18 hebben

2509 2055 22 17 te
2551 2054 114 18 Vilvoorde
2685 2055 27 17 de
2745 2055 50 17 Nat.
2829 2055 122 17 Turnkam-

2511 2077 178 23 pioenschappen
2708 2077 35 21 (2e
2759 2078 66 21 cat.),
2843 2078 108 22 ingericht

2509 2101 52 15 aoor
2574 2100 26 17 de
2626 2099 157 18 socialistische
2796 2100 122 18 Turnrjond
2929 2104 21 14 v.

2509 2121 72 22 België
2598 2121 79 23 plaats.

2534 2144 55 18 Deze
2605 2145 140 21 wedstrijden
2761 2145 111 22 beginnen
2887 2146 23 18 te
2926 2146 25 17 10

2508 2170 43 14 uur
2569 2167 38 17 des
2625 2170 100 19 morgens
2743 2171 28 14 en
2803 2171 55 18 gaan
2890 2168 59 20 door,

2510 2193 51 14 voor
2576 2189 27 18 de
2620 2190 75 18 dames
2711 2190 24 18 ln
2751 2190 27 18 de
2795 2191 102 18 turnzaal
2913 2191 38 18 der

2508 2212 194 21 gemeenteschool,
2739 2213 88 21 gelegen
2862 2213 88 17 Vesten-

2509 2235 78 18 straat.
2611 2233 122 20 Vilvoorde,
2757 2239 52 13 voor
2830 2235 27 18 de
2879 2235 69 18 heren

2509 2256 22 18 ln
2546 2257 27 17 de
2587 2257 101 17 turnzaal
2702 2258 39 17 der
2755 2258 195 21 gemeenteschool,

2511 2279 88 23 gelegen
2613 2280 176 21 Bolwerkstraat,
2804 2281 121 18 Vilvoorde.

2534 2301 42 18 Het
2596 2301 52 22 lijdt
2668 2305 54 18 geen
2742 2302 79 22 twijfel
2841 2303 39 17 dat
2899 2303 52 17 deze

2508 2324 114 18 Nationale
2660 2324 291 24 Turnkamploenschappen

2508 2346 52 18 door
2578 2350 40 14 een
2649 2347 77 22 talrijk
2755 2348 92 22 publiek
2877 2349 74 18 zullen

2508 2368 136 22 bijgewoond
2664 2370 94 20 worden,
2779 2374 23 14 er
2821 2371 47 22 zijn
2900 2371 51 23 plus

2508 2392 75 17 minus
2597 2392 26 18 (35
2637 2391 141 22 deelnemers.

2534 2414 56 18 Deze
2612 2415 230 23 kampioenschappen
2865 2417 85 18 worden

2508 2437 75 18 vooraf
2603 2441 82 18 gegaan
2705 2438 53 18 door
2777 2443 41 14 een
2849 2440 102 22 prachtig

2508 2460 135 19 avondfeest,
2663 2464 28 19 op
2711 2461 105 23 Zaterdag
2834 2462 25 18 23
2890 2463 60 22 April

2509 2482 57 20 1949,
2580 2484 23 17 te
2614 2483 27 17 20
2652 2486 51 17 uur,
2716 2484 24 17 ln
2752 2485 27 17 de
2791 2485 104 18 feestzaal
2907 2489 43 15 van

2507 2504 40 19 het
2567 2505 142 19 «Volkshuls»
2729 2507 23 17 te
2771 2507 121 19 Vilvoorde.
2913 2509 37 18 Die

2508 2527 57 19 feest
2576 2528 20 17 ls
2607 2528 109 22 Ingericht
2728 2529 53 18 door
2793 2530 26 18 de
2831 2534 44 14 soc.
2888 2532 62 17 turn-

2507 2549 65 23 kring
2588 2550 83 23 «Strijd
2687 2555 28 14 en
2731 2552 107 22 Vreugd»,
2855 2554 86 18 Vilvoor-

2508 2572 34 18 de.

2535 2595 33 23 Op
2586 2596 39 18 het
2642 2600 146 19 programma:
2805 2599 81 19 toneel,
2906 2600 34 18 bal-

2509 2618 70 18 letten
2594 2622 28 14 en
2637 2619 67 22 puike
2720 2620 186 23 turnoefeningen
2921 2625 28 19 op

2508 2639 78 19 barren
2602 2644 27 14 en
2646 2641 38 18 rek
2701 2641 126 22 uitgevoerd
2843 2643 54 17 door
2913 2646 28 15 na-

2508 2662 82 19 tionale
2606 2663 146 22 kampioenen
2768 2664 24 18 in
2809 2666 82 17 turnen
2906 2669 43 15 van

2510 2685 22 17 le
2548 2685 114 22 categorie.

2615 2710 232 31 NATIONALE

2629 2752 192 32 WORSTEL-

2513 2794 426 34 KAMPIOENSCHAPPEN

2646 2838 46 31 TE
2707 2838 109 32 GENT

2535 2879 106 22 Zaterdag
2656 2880 25 18 23
2697 2880 67 22 April,
2795 2883 22 16 te
2847 2882 24 17 13
2899 2885 51 17 uur.

2509 2902 70 18 wordt
2598 2902 53 18 door
2672 2903 143 18 Worsteiclub
2835 2904 115 18 «Vooruit.»

2509 2924 66 20 Gent,
2594 2924 25 18 ln
2636 2925 26 18 de
2680 2926 135 17 stadsschool
2833 2927 38 17 der
2888 2927 64 18 Bom-

2508 2947 114 18 melstraat
2641 2948 34 19 (5e
2689 2948 62 22 wijk)
2768 2953 40 15 een
2822 2950 63 21 groot
2898 2954 53 14 wor-

2508 2968 154 24 stelwedstrljd
2681 2970 115 22 ingericht,
2816 2972 89 23 waarbij
2924 2973 26 18 de

2510 2992 113 19 nationale
2639 2993 229 24 kampioenschappen

2512 3014 88 21 (Grieks
2600 3023 26 4 —
2626 3015 115 18 Romeinse
2755 3016 55 22 stijl)
2827 3017 73 18 zullen
2915 3018 26 17 be-

2509 3037 60 19 twist
2583 3037 93 19 worden.

2533 3059 25 16 Al
2575 3059 27 17 de
2631 3059 120 21 gewichten
2768 3059 73 19 zullen
2859 3064 35 14 om
2923 3061 27 18 de

2507 3081 65 18 beurt
2591 3081 118 22 afgewerkt
2728 3083 95 17 worden.
2843 3083 31 17 De
2894 3082 46 19 deel-

2508 3106 63 15 name
2586 3107 42 14 van
2644 3104 99 18 Vlaamse
2758 3109 28 13 en
2800 3105 83 19 Waalse
2898 3109 43 15 wor-

2507 3126 91 18 stelaars
2614 3126 19 18 ls
2648 3127 121 18 verzekerd.

2533 3149 31 17 De
2585 3149 132 18 liefhebbers
2738 3154 43 14 van
2802 3151 147 22 worsteisport

2506 3175 29 14 en
2550 3172 80 17 andere
2646 3171 201 23 belangstellenden
2862 3175 87 17 worden

2507 3193 76 22 talrijk
2597 3194 116 18 verwacht.

2532 3216 87 19 Deuren
2634 3221 57 18 open
2706 3219 23 17 te
2745 3219 59 19 18,30
2817 3222 50 14 uur.

2514 3286 84 20 Uitgeef
2599 3286 44 17 ster
2657 3286 22 17 S.
2695 3287 29 16 M.
2740 3291 10 11 «
2761 3287 41 17 Het
2817 3288 62 16 Licht
2890 3294 10 8 *
2926 3295 20 5 ~

2514 3309 101 18 Redactie
2638 3313 28 14 en
2691 3309 174 20 Administratie.
2889 3310 57 18 Sint'

2513 3330 107 19 Verantw.
2648 3331 81 21 Rudolf
2749 3331 148 19 Vercammen.
2924 3340 22 5 —

2512 3352 232 21 Pietersnieuwstraat,
2761 3353 33 20 64.
2811 3353 68 18 Gent.

2989 235 119 49 een
3137 233 233 52 weinig
3395 208 196 75 VIM.
3603 231 249 51 ..maar

2990 307 204 51 VEEL
3265 303 271 57 GLANS

3031 1136 45 29 De
3087 1136 179 37 vloertegels
3278 1144 53 20 van
3344 1136 37 28 de
3394 1135 116 29 keuken
3525 1135 123 28 worden
3658 1135 143 38 gemakke-

3031 1179 49 38 lijk
3087 1187 35 20 vu
3128 1179 26 32 il,
3161 1178 101 29 vooral
3272 1178 73 29 rond
3353 1185 160 31 gootsteen
3523 1186 36 20 en
3569 1177 109 29 kachel.
3687 1177 113 29 Daaren-

3032 1222 94 29 boven
3138 1221 155 29 bedekken
3304 1221 37 28 de
3349 1228 84 21 vette
3444 1220 125 38 dampen
3582 1229 52 19 van
3645 1220 37 29 de
3697 1220 116 29 keuken

3030 1274 36 20 ze
3083 1271 61 22 met
3157 1273 55 20 een
3233 1263 148 38 kleverige
3400 1263 131 38 neerslag
3546 1272 76 19 waar
3639 1263 51 28 het
3702 1262 63 29 stof
3785 1266 28 26 in

3031 1308 79 38 plakt
3119 1316 37 20 en
3169 1307 37 28 de
3219 1307 150 28 microben
3379 1306 61 28 snel
3450 1305 213 30 ontwikkelen.
3676 1304 136 30 Gewoon

3031 1357 124 31 poetsen
3177 1349 126 29 volstaat
3328 1352 62 25 niet
3409 1357 49 20 om
3483 1357 47 20 uw
3547 1348 84 29 vloer
3653 1348 159 29 volkomen

3029 1393 111 29 schoon
3155 1399 32 22 te
3200 1392 121 38 krijgen.
3334 1391 63 28 Vim
3412 1391 71 29 hebt
3498 1391 24 28 U
3537 1391 97 37 nodig,
3653 1397 79 22 want
3747 1390 65 29 Vim

3031 1435 96 29 maakt
3142 1435 51 28 het
3204 1442 50 21 vet
3267 1434 43 29 los
3321 1443 37 19 en
3368 1433 96 38 slorpt
3476 1434 51 28 het
3539 1443 49 28 op.
3598 1432 134 30 Gebruik
3747 1432 65 30 Vim

3030 1486 49 21 om
3090 1486 47 20 uw
3150 1477 115 29 keuken
3280 1476 154 38 werkelijk
3446 1475 166 39 hygiënisch
3627 1483 31 21 te
3671 1479 141 35 reinigen.

3320 1573 57 19 fev
3376 1572 54 20 '^»'

3452 1610 335 41 BESTRIJDT

3498 1662 101 38 HET
3630 1660 116 41 VET

2986 1798 18 18 V
3013 1797 23 19 24
3046 1806 17 8 -
3074 1798 43 17 0917
3130 1798 34 19 BFL

3372 1796 129 18 RAFFINERIES
3513 1797 32 17 DU
3556 1796 86 18 CONGO
3655 1796 70 18 BELGE.
3738 1795 119 18 BRUXELLEJ

3124 1896 597 123 ZaeMichtfes

3221 2065 105 30 WERK

3089 2117 237 31 AANBIEDING

2971 2178 20 19 +
3002 2177 12 17 2
3025 2176 183 19 JUFFROUWEN
3218 2180 52 14 voor
3281 2175 53 19 Café
3345 2176 67 22 Royal

2971 2200 33 19 St.
3020 2199 78 20 Pierre.
3114 2199 156 18 Smidsestraat
3284 2199 33 20 81,
3333 2199 67 18 Gent.

3359 2221 51 18 8529

2972 2251 19 20 +
3002 2250 95 18 MEISJE
3109 2254 52 14 voor
3173 2249 48 19 café
3233 2254 29 18 op
3274 2252 61 20 grote
3346 2250 66 19 baan.

2973 2273 45 20 Tel.
3035 2273 71 18 15397.

3361 2295 51 18 8537

2971 2324 20 20 ♦
3005 2324 135 18 SERVEÜSE
3154 2328 21 14 v.
3191 2323 60 20 Café,
3268 2323 106 23 Stapelpl.
3388 2324 26 18 28

3361 2346 52 19 8550

2972 2376 19 20 +
3004 2375 70 18 MEID
3086 2379 52 14 voor
3152 2375 42 18 alle
3208 2375 78 22 dagen,
3299 2375 48 18 niet
3361 2375 50 19 insl.

2972 2398 23 19 Z.
3012 2398 64 18 aanb.
3092 2399 56 17 tuss.
3164 2398 13 17 2
3192 2402 29 14 en
3236 2398 12 18 3
3262 2401 50 17 uur,
3330 2398 82 18 Albert-

2972 2420 58 20 laan,
3046 2420 33 20 95,
3095 2420 66 20 Gent.

3359 2442 52 19 8554

2975 2472 19 19 +
3016 2471 51 18 Zeer
3088 2471 67 22 goede
3176 2471 235 18 GTLETMAAKSTER.

2972 2494 69 19 Aanb.
3059 2496 46 16 met
3121 2493 73 18 model
3210 2494 56 19 tuss.
3284 2493 13 17 2
3314 2497 29 14 en
3359 2494 13 17 5
3388 2497 23 15 u.

2970 2515 55 18 Huis
3035 2515 88 21 Lucien,
3134 2515 33 20 St.
3179 2515 195 19 Pietersnleuwstr.
3388 2516 24 17 16

3360 2539 52 18 8558

2967 2568 22 19 ,♦
3005 2567 136 18 SERVEÜSE
3156 2571 52 14 voor
3223 2568 97 18 Taverne
3335 2568 76 18 Borus.

2971 2589 191 19 Zondernaamstr.
3180 2590 20 20 5,
3218 2590 67 20 Gent.

3359 2613 52 18 8568

2970 2641 19 20 4
3001 2640 101 18 JUFFER
3112 2645 52 14 voor
3176 2640 53 19 Café
3240 2641 53 18 Taxi
3306 2642 106 22 gevraagd

2970 2664 23 17 te
3007 2663 69 21 Aalst,
3093 2663 174 21 Nijverheidsstr.
3285 2664 12 17 4
3319 2664 89 21 (Statie)

2970 2685 46 18 Tel.
3031 2685 20 20 I.

3313 2721 25 3 —
3360 2709 51 18 8539

2973 2737 19 19 +
3009 2736 95 17 MEISJE
3120 2740 52 14 voor
3188 2736 53 18 Café
3256 2737 45 18 «St.
3319 2737 90 18 Moritz»

2973 2758 252 23 Hundelgemsteenweg.
3243 2759 33 21 33,
3294 2760 115 22 Ledeberg.

3312 2794 27 4 —
3358 2783 51 17 8571

3163 2866 41 30 TE
3218 2866 105 31 HUUR

2972 2940 20 20 +
3010 2939 146 23 Gegarnlerde
3174 2940 97 18 KAMER
3290 2945 52 14 voor
3361 2942 50 18 heer

2972 2962 78 18 alleen.
3062 2962 31 19 El.
3105 2962 56 20 Wat.
3173 2962 48 18 Van
3231 2962 128 22 Eyckstraat
3378 2964 30 18 32.

3361 2985 50 19 Ï>d33

2971 3014 19 19 ♦
3005 3013 92 22 Gegarn.
3113 3013 75 18 kamer
3201 3017 29 18 op
3244 3014 24 17 le
3282 3015 68 18 verd.:
3367 3014 43 22 lop.

2970 3037 73 18 water;
3063 3039 52 14 voor
3134 3036 70 21 juffer
3223 3036 79 18 alleen.
3324 3036 86 19 Inlich.:

2969 3058 46 18 Tel.
3029 3058 81 18 341.40.

3359 3081 52 19 8564

2970 3109 19 20 ♦
3003 3109 93 21 Gegarn.
3114 3109 74 18 kamer
3200 3110 23 17 te
3236 3109 67 20 huur.
3319 3110 93 19 Zonder-

2971 3132 143 17 naamstraat.
3131 3132 20 19 5.
3169 3131 66 19 Gent.

3301 3163 40 6 —
3360 3155 52 18 8567

3468 2030 93 71 •I

3627 2057 42 31 TE
3686 2056 104 32 KOOP

3433 2114 21 20 ♦
3466 2114 73 18 Goede
3552 2113 90 21 PIANO,
3656 2114 110 22 gekruiste
3780 2114 98 19 koorden

3433 2136 73 19 kleine
3522 2136 60 22 Drijs.
3599 2136 172 22 Akkergemlaan
3787 2136 33 21 90.

3824 2159 52 18 8543

3434 2183 19 19 +
3466 2181 86 18 RADIO
3567 2181 84 20 S.B.R.,
3667 2181 12 18 3
3695 2181 84 22 golven.
3794 2181 14 18 5
3822 2181 46 18 lam-

3434 2204 50 21 pen;
3504 2204 25 17 ln
3547 2204 66 21 goede
3632 2205 66 16 staat.
3717 2203 158 23 Vlasgaardstr.

3434 2226 19 19 8.
3467 2226 67 18 Gent.

3823 2247 53 19 8558

3538 2310 234 38 MOTOS

3496 2361 315 54 JAWA

3433 2429 77 36 250
3524 2443 76 22 cc.
3618 2450 14 7 -
3648 2429 146 36 26.000
3808 2428 66 37 Fr.

3525 2476 27 18 24
3566 2476 111 17 maanden
3691 2475 91 18 Krediet

3546 2507 111 18 GARAGE
3675 2507 91 18 KOYAL

3502 2529 33 23 50.
3557 2529 162 21 Savaenstraat,
3739 2529 66 18 Gent.

3825 2583 52 18 8559

3433 2614 18 19 .
3467 2612 107 20 CAMION
3589 2611 166 19 CHEVROLET.
3772 2611 51 18 1500
3838 2611 37 22 kg.

3434 2637 51 20 type
3506 2634 120 19 Canadlen:
3650 2634 73 17 18.000
3743 2634 54 19 km.;
3818 2633 57 22 perf.

3432 2658 68 19 staat,
3517 2657 48 21 lage
3583 2657 52 21 prijs
3647 2660 5 14 :
3669 2655 62 19 Frère
3749 2656 126 21 orbanlaan

3434 2680 45 19 100.
3494 2679 67 18 Gent.
3577 2679 45 18 Tel.
3636 2678 78 20 573.50.

3822 2700 52 18 8563

3522 2738 23 63 I

3624 2761 166 30 ALLERLEI

3432 2818 18 19 .
3479 2816 102 18 Iedereen
3601 2816 45 18 kan
3663 2819 42 15 een
3732 2814 142 19 GELUKKIG

3432 2838 138 19 HUWELIJK
3589 2842 108 18 aangaan.
3715 2838 81 22 Schrijf
3812 2841 63 16 naar:

3434 2868 7 10 <
3461 2861 82 19 EIGEN
3573 2860 81 19 THUIS
3671 2866 19 15 »,
3721 2861 92 22 postbus
3839 2860 35 24 45,

3431 2885 92 22 Brugge.

3821 2906 53 18 8310

3432 2931 19 20 ♦
3467 2930 58 18 Zoek
3539 2929 170 22 welbespraakt?
3723 2932 52 14 man
3790 2932 37 14 om
3842 2933 26 13 sa-

3433 2957 50 13 men
3495 2952 56 18 bier-
3563 2956 27 14 en
3604 2951 180 18 ltmonaderonde
3795 2951 23 18 te
3829 2954 47 15 mi.

3433 2973 14 12 K
3447 2979 35 14 en.
3499 2975 27 17 7k
3540 2974 59 18 bezit
3613 2974 87 18 camlon
3714 2978 29 14 en
3758 2973 115 22 naterlaal.

3432 2997 61 19 Schr.
3509 2997 75 17 bureel
3600 2996 52 18 blad
3667 2996 74 18 A.V.C.

3821 3018 53 19 868»

3133 3230 190 31 VERLOREN

2970 3309 19 20 +
3005 3308 102 18 KASTJE
3123 3310 46 18 met
3186 3307 92 23 riempje
3294 3312 44 14 van
3355 3312 48 14 arm-

2971 3330 168 19 banduurwerk.
3160 3330 104 22 Terugbr.
3286 3331 18 18 t.
3325 3335 21 18 g.
3369 3331 41 19 bel.

2969 3352 144 22 Roolgemstr.
3131 3352 18 19 1.

2967 3383 4 5 .
3059 3377 3 13 ;
3277 3370 4 18 :
3354 3375 51 19 8557

3461 3090 370 40 &MAILLACE

3539 3162 84 18 VELOS
3631 3173 29 4 —
3668 3161 93 19 MOTOS

3545 3191 217 19 SCHOUWPLATEN

3481 3222 166 22 Verwarmings-
3657 3226 28 14 en
3696 3221 127 19 allerhande
3829 3218 9 31 |

3556 3245 129 24 apparaten,
3702 3249 48 15 enz.

3464 3299 58 34 L.
3539 3291 283 46 DCXtlElJEtR

3464 3340 232 20 RASPHUISTR.3GES

3821 3374 53 19 854*

260 3454 333 121 radio;

761 3435 115 34 Vrijdag
891 3437 31 25 22
937 3437 78 32 April

596 3534 403 42 ROGRAMMA'S

366 3627 152 24 BRUSSEL

305 3663 102 16 VLAAMSE
429 3663 10 16 t
447 3663 121 17 ITZESDINÜ

311 3684 148 16 GOLFLKSGTE
475 3685 48 15 391.9
538 3685 23 16 M.

242 3706 36 16 9.05
297 3707 82 18 Deurtjes
397 3705 20 18 in
435 3707 22 16 de
477 3710 67 15 morren
564 3714 21 4 —
605 3706 48 18 10.00

223 3727 86 19 Schorsing
333 3732 33 12 'an
389 3728 22 16 ds
435 3728 100 19 uitlading
559 3735 20 4 —
605 3728 47 17 12.00

222 3749 48 16 Hrotc
290 3750 75 16 orkesten
385 3749 58 18 speltn
466 3750 54 17 lichte
539 3750 72 17 stukken
631 3757 20 5 —

224 3771 44 16 12.30
285 3771 89 18 Algemeen
392 3771 109 17 weerbericht
518 3779 21 3 —
557 3773 47 16 12.32
622 3773 30 16 Ne-

221 3792 85 17 •Ierland»;
320 3793 86 17 lledeeren
420 3800 21 3 —
457 3793 48 16 13.00
520 3793 125 18 Nieuwsberich-

222 3815 27 14 te
264 3821 21 3 —
305 3815 23 15 13.
331 3815 18 15 Ij
368 3813 183 19 FmtasleMogramnn
568 3822 21 4 —
606 3815 47 17 H.00

221 3835 34 16 ü>n
275 3835 169 19 Mozartprogiamma
463 3843 21 4 —
504 3837 48 16 17.00
571 3836 41 19 Gpï.
631 3844 21 4 —

223 3856 44 17 17.05
289 3857 155 18 Nieuwsberichten
465 3865 21 3 —
508 3858 47 16 17.15
576 3858 26 17 Dt
621 3863 25 12 we-

222 3878 34 17 reld
273 3879 29 16 der
318 3879 67 18 muziek
403 3886 21 4 —
443 3879 48 17 18.10
507 3879 42 19 Gpl.
566 3887 21 4 —
606 3880 47 17 18.30

222 3899 16 16 H
255 3900 84 17 tehalfuur
357 3905 41 12 voor
413 3904 42 13 onze
471 3901 78 17 soldaten
567 3908 22 5 —
606 3902 48 17 19.00

222 3920 152 18 Nieuwsberichten
394 3929 22 4 —
437 3923 48 15 19.30
504 3922 26 17 De
550 3923 102 18 echoonheld

222 3946 31 12 Tsn
272 3943 28 16 het
320 3943 42 17 lied.
383 3944 70 17 Francls
472 3944 75 18 Poulenc
565 3952 22 4 —
606 3945 46 16 19.t5

222 3963 111 19 Hlmmuiiek
350 3965 52 19 lGpl>
419 3972 21 4 —
456 3966 49 16 20.15
522 3966 97 17 Kllmroue
631 3974 22 4 •-

223 3985 48 17 20.30
292 3987 71 15 Concert
386 3986 42 17 door
453 3988 29 16 het
505 3988 148 17 symfonie-orkest

222 4011 31 12 Min
270 4007 21 17 de
310 4008 89 19 Belgische
417 4008 89 18 nationale
524 4009 129 20 radio-omroep.

222 4028 37 17 Jo«
280 4029 45 17 Yves
345 4030 101 17 Llrcantour
466 4038 20 3 —
508 4031 50 16 22.00
578 4031 75 18 Nleuws-

223 4050 82 18 heiichten
327 4058 22 4 —
370 4052 21 16 22
400 4052 19 16 15
440 4052 68 18 Mu/lek
530 4057 33 12 van
585 4053 69 18 Latijns

224 4072 84 17 Amerika!
334 4080 21 3 —
378 4073 50 16 ?2.50
451 4074 15 15 N
468 4074 29 16 len
497 4078 23 12 we
521 4074 87 17 berichten
631 4081 22 5 —

223 4093 18 15 '12
250 4094 18 15 i5
285 4094 66 18 Mu*iek
371 4099 32 12 van
422 4095 67 19 Latijn»
506 4096 81 18 Amerika

296 4129 101 18 FRANSE
411 4130 163 19 UITZENDING

307 4151 115 18 (iorienetu
434 4155 6 14 :
459 4151 60 19 483.»
536 4153 29 17 M.

241 4172 38 16 0.10
294 4172 116 18 Symfonische
426 4174 67 17 muziek
509 4182 22 4 —
547 4176 48 16 12.00
610 4175 42 17 Kr>

222 4192 38 17 cïek
273 4197 33 12 van
320 4194 28 16 het
362 4194 91 17 artistieke
466 4196 48 16 levrn
527 4204 22 3 —
564 4197 46 16 12.05
623 4198 29 15 Or-

221 4213 117 20 kestenparadc
354 4223 21 3 —
391 4216 48 17 1230
454 4217 71 19 Gcorie*
541 4218 75 19 Rledtn»
631 4224 21 12 en

222 4234 81 20 Belvaux,
317 4236 88 20 piinoquo
420 4244 21 4 —
443 4254 4 5 _
457 4238 48 17 12.00
519 4239 127 20 Nieuwsberich-

222 4258 27 15 ten
269 4265 21 3 —
310 4259 25 15 12.
339 4259 16 15 i:
377 4258 167 20 Caflr.oprogramon
563 4268 22 4 —
605 4263 47 16 13.30

222 4278 66 17 Deense
302 4281 86 17 operetten
403 4288 21 4 —
439 4282 48 17 11.00
500 4282 26 17 Ds
540 4283 69 18 tribune
622 4285 30 16 der

222 4299 100 19 handelaars
344 4305 20 12 en
389 4302 94 18 smbachtsl
485 4304 49 16 leden
558 4311 22 4 —
604 4306 48 16 14-15

222 4321 71 18 Intjfme
309 4323 73 17 mu*iek.
399 4324 42 17 Trio
458 4329 25 12 nr.
503 4326 9 16 1
527 4326 20 18 ln
565 4326 28 18 fis.
612 4332 41 13 voor

221 4342 71 18 klavier,
311 4342 47 20 viool
376 4349 20 12 er
415 4345 50 18 r*l\n.
484 4347 63 17 Franc*
565 4355 22 4 —
605 4350 48 16 17.00

221 4364 127 20 Mededelingen
360 4371 33 12 van
405 4367 22 17 de
437 4368 77 18 regerlnc
524 4376 21 4 —
558 4371 48 15 17.10
617 4371 34 18 Gpl

221 4389 80 15 xevraafca
320 4387 41 16 door
382 4388 87 18 luisterars
489 4390 29 19 uit
536 4395 41 13 ooie
596 4392 49 19 hospi-

221 4407 46 18 talen
283 4415 20 4 —
321 4410 48 15 17.40
384 4410 106 19 Zangreeital
507 4419 22 4 —
546 4413 47 17 18.00
609 4413 44 18 Voor

221 4432 39 13 onz*
273 4429 77 18 soldaten
364 4438 22 4 —
399 4432 48 17 18.30
460 4433 41 18 Gpl.
514 4441 21 4 —
550 4435 47 16 18.45
610 4435 37 17 Kro-

221 4450 38 17 niek
275 4456 33 12 van
324 4452 28 17 het
369 4453 118 19 lrtellectueel
503 4455 49 17 leven
569 4464 20 4 —
606 4457 47 17 10.00

222 4471 84 18 Opnamen
326 4473 19 17 ln
365 4475 52 16 eerst*
437 4476 98 19 ultvoerinr
555 4479 36 15 met
609 4483 43 12 com-

221 4494 74 16 wntaar
311 4502 21 4 —
350 4496 48 17 19.30
416 4497 24 17 De
457 4498 44 18 vrij?
517 4499 88 19 politWco
621 4500 30 18 trl-

222 4514 43 17 lune
282 4523 21 4 —
323 4517 47 17 19.40
388 4518 35 18 Gpl
449 4526 22 4 —
491 4520 47 17 J9.45
558 4520 88 19 Nieuwsbe-

222 4536 70 17 richten.
315 4545 21 4 —
359 4539 49 17 20.00
431 4540 35 17 Het
488 4541 122 18 Radlo-orktst
631 4550 22 5 —

222 4558 46 16 -1.15
292 4559 93 19 Reportage
406 4566 41 12 t,ver
466 4562 23 17 de
510 4564 101 17 ambachten
632 4572 22 5 —

222 4578 47 17 2I.no
289 4581 33 18 r;pl
343 4589 20 3 -
385 4583 49 16 21.40
454 4584 90 19 Frankrijk
565 4586 48 18 zingt
631 4594 22 5 —

222 4601 46 16 ^-.00
285 4602 154 19 Nieuwsberichten
459 4612 19 4 —
493 4607 38 15 2.15
548 4607 67 18 Mmlek
631 4613 21 12 en

222 4622 78 18 lolkiorc.
313 4624 53 18 Polen
379 4632 21 4 —
412 4627 38 15 2.45
463 4628 41 17 üpl.
517 4629 66 17 Halka.
594 4634 58 13 ouver-

222 4646 40 14 nir-.
277 4645 84 19 Stanlslas
375 4646 99 18 Monluszko
488 4656 20 4 —
522 4650 48 16 22.55
585 4651 68 18 Laatst

222 4663 90 19 '^richten.

313 4695 104 27 GENT:
434 4698 77 30 204,8
525 4700 36 25 M-

243 4731 45 16 17.00
304 4731 38 19 Vijf
356 4733 84 17 vedetten,
457 4734 37 18 tien
509 4735 108 20 melodietjes
632 4745 20 4 —

224 4751 44 17 1-.39
285 4752 35 17 Th<*
335 4754 75 17 dansant
425 4762 22 4 —
467 4757 46 16 is.00
530 4757 46 17 KNS
582 4758 69 18 kroniek

223 4779 18 4 —
259 4774 47 16 lft.15
323 4775 34 18 l'lt
372 4776 23 16 de
411 4778 136 18 op^rett*wer»Id
566 4786 21 5 —
606 4781 48 16 19.00

222 4794 89 18 Overname
325 4796 30 17 der
371 4797 150 20 nieuwsberichten
537 4805 32 13 van
586 4802 66 18 Brussel

221 4821 19 5 ~
255 4817 47 16 19.30
317 4818 90 18 Radiosere
408 4820 51 16 nades
473 4825 21 12 en
508 4821 110 20 keuzephten
631 4831 21 4 —

223 4837 44 16 1815
287 4839 95 17 Hollandse
401 4841 142 19 cabaretklanken
565 4851 20 4 —
605 4846 48 16 2fl.ljO

229 4859 16 15 *
259 4860 43 16 stem
317 4865 33 12 vai:
367 4861 110 19 Holbwood:
492 4864 99 20 wekelijkse
606 4866 46 18 film-

222 4880 67 18 Honlek
302 4889 21 4 —
336 4883 49 16 20.30
398 4884 115 19 Sportpraatje
525 4893 21 4 —
559 4888 49 16 20.45
621 4888 32 17 An-

221 4901 27 16 'Ire
264 4902 110 19 Kostelanet*
388 4905 44 18 stelt
447 4907 87 17 beroemde
548 4908 50 18 duo*s
612 4914 42 13 voor

222 4929 6 3 -
258 4924 48 17 21.45
326 4926 130 20 NIRjazvlub.
475 4931 103 16 «ecoenment
579 4935 18 12 ar
598 4931 56 18 leerde

222 4945 100 18 Jazzmuziek
324 4947 26 17 uit
352 4948 40 16 zend
394 4947 35 20 Ing.

270 4975 186 28 KORTRIJK:
476 4979 73 31 202,3
568 4980 35 27 M.

243 5010 46 17 12.00
301 5012 41 18 Gpl.
355 5020 22 4 —
391 5014 48 16 14.10
451 5014 108 21 Dagkispper
571 5023 22 5 —
606 5017 48 18 14.S0

222 5030 38 19 Gpl.
278 5033 160 20 Maanlirhtsonat*.
456 5036 95 18 Beethoven
568 5044 21 5 —
606 5040 47 15 14.35

222 5052 54 18 Mooie
292 5056 97 18 ouvertjjres
405 5063 21 4 —
444 5058 47 16 15.00
509 5059 35 16 Een
561 5059 93 20 halfuurtje

223 5074 17 16 ln
259 5079 30 13 een
307 5077 68 16 cabaret
393 5085 22 4 —
434 5076 48 20 15.30
500 5079 68 18 Muziek
587 5081 27 19 bij
631 5082 23 17 do

222 5095 71 18 dagtaak
314 5105 22 4 —
358 5100 47 16 ie.00
427 5100 114 19 Vioolrecital
562 5109 22 5 —
606 5104 48 17 16.30

222 5116 54 19 Mooie
298 5124 124 15 zaïgopnamen
443 5128 22 5 —
488 5123 20 16 16
514 5123 21 17 45
557 5124 97 19 Hongaarse

221 5142 61 14 «aDscn
305 5145 33 12 van
361 5142 85 17 Johannea
469 5144 71 17 BnOims
561 5152 22 5 —
606 5146 48 17 17.00

222 5159 95 19 Marltl-me
330 5163 69 18 kroniek
412 5171 22 4 —
448 5165 47 17 17.10
508 5166 83 19 Populair
603 5168 49 17 aller-

222 5181 22 17 M
259 5189 21 4 —
296 5184 47 16 17.30
357 5185 118 19 Gewestelijke
490 5188 128 19 mededelingen
631 5197 22 4 ~

223 5203 45 16 1-.35
286 5205 89 18 Betekenis
392 5209 32 15 vart
442 5208 21 16 de
480 5209 121 19 Westvlaamsc
618 5212 33 16 stu-

221 5225 109 20 denk-njeugd
346 5235 21 3 —
385 5229 45 17 17.45
447 5230 43 17 Voor
505 5231 22 16 do
542 5231 111 20 fijnproevers

231 5253 10 3 -
264 5248 46 16 18.30
332 5249 129 19 Misslekronlek
483 5259 22 4 —
528 5253 48 17 18.40
596 5254 56 18 Moola

223 5268 147 22 Havleropnamea
387 5278 22 5 —
429 5273 47 17 18.52
494 5274 159 19 Proïramcia-over-

717 3629 234 26 ANTWERPEN:
969 3630 49 25 204
1033 3629 30 25 M

697 3667 47 16 10.00
759 3665 67 18 Muziek
840 3666 26 19 bij
881 3666 30 17 het
924 3668 44 16 w;rk
981 3673 22 4 —
1018 3666 48 17 1100
1079 3666 24 16 Ca-

674 3688 107 18 sinoconcert
793 3695 21 3 —
828 3688 48 16 11.30
888 3687 77 17 Variétés
978 3695 21 4 —
1014 3688 48 16 12.00
1074 3687 29 16 Mu-

675 3710 38 17 ziek
729 3710 26 18 bij
772 3709 15 16 "t
802 3709 115 19 middagmaal
932 3717 22 4 —
971 3710 19 15 12
997 3710 21 16 30
1033 3709 70 18 Middag-

674 3732 67 16 concert
759 3736 33 12 van
813 3732 28 16 uit
859 3732 21 15 de
900 3732 37 17 zaal
956 3731 54 18 Cécll,
1030 3732 18 16 te
1068 3731 35 17 Ant-

674 3757 64 15 werpen
757 3760 21 3 —
797 3753 47 16 13.00
861 3752 161 18 Nieuwsberichten.
1042 3752 66 19 Brussel

674 3782 20 4 —
720 3775 6 15 1
729 3776 9 15 :i
741 3775 26 16 .25
791 3774 126 18 Balletmuziek
940 3782 21 3 —
985 3775 7 15 1
995 3775 9 16 4
1007 3775 26 16 .00
1056 3774 52 17 InWr-

674 3797 53 17 viwes
746 3801 20 12 en
787 3796 138 19 besrbouwlr.gen
943 3800 41 13 over
1002 3797 67 17 muziek
1088 3800 21 12 r\

673 3818 43 17 dans
728 3825 22 4 —
763 3818 48 16 14.20
822 3818 194 18 Ontspanningsmurlek
1027 3825 23 4 —
1063 3818 46 17 14.40

675 3837 88 20 Causerl?:
789 3839 37 17 Hirt
850 3840 97 18 Antwerpse
971 3839 137 20 luchtvatartpro-

675 3861 38 17 blee
727 3865 17 13 m
759 3862 70 16 —14.50
843 3861 41 19 Gpl-

818 3884 152 25 Nederland

731 3919 154 19 HILVERSUM
902 3919 28 18 I.:
949 3919 59 18 301.3
1025 3920 29 18 M.

697 3943 48 16 10.20
765 3943 36 16 The
820 3942 126 19 Maaquernders
965 3949 22 4 —
1008 3942 48 16 10.25
1074 3941 31 17 Mo-

675 3966 50 17 derne
741 3965 120 20 pianomuziek
877 3972 23 4 —
917 3965 48 16 tl.10
981 3965 25 16 De
1023 3964 87 16 [«zoekers

676 3995 21 4 —
716 3988 48 16 11.30
781 3987 88 19 Orgelspel
887 3994 23 4 —
929 3986 19 16 12
953 3992 12 11 v
965 3988 4 6 1
968 3987 8 16 )
993 3986 35 17 Het
1046 3989 64 15 pron»-

675 4009 106 16 nadiï-orkest
799 4016 22 4 —
840 4009 20 16 12
867 4009 21 16 45
907 4007 162 20 Zigeuner-klanken
1089 4014 21 4 —

678 4031 46 16 13.15
740 4031 127 18 Mededelingen
883 4031 18 15 ot
917 4030 30 18 gpl
962 4037 22 4 —
1001 4029 48 16 13.20
1065 4028 45 19 Bing

675 4052 63 18 Croaby
756 4052 48 19 üngt
821 4058 22 6 —
861 4052 47 17 13.30
925 4052 36 16 The
979 4050 93 18 Avroleans
1088 4058 22 4 —

678 4074 47 16 14.20
739 4074 37 16 Van
790 4074 54 16 haven
858 4074 27 16 tot
899 4074 54 16 haven
974 4077 30 12 een
1018 4073 90 16 matrozen-

676 4099 105 15 programma
802 4102 21 4 —
845 4096 47 15 15.00
913 4095 35 16 Ons
969 4094 41 17 volk
1033 4094 19 17 ln
1074 4094 36 17 zijn

675 4117 76 17 dichters
765 4123 22 4 —
803 4117 19 15 15
829 4116 22 16 20
866 4116 71 18 Engelte
952 4115 117 20 componlften
1082 4116 21 17 di-

676 4139 65 18 rigeren
763 4138 49 18 eigen
834 4138 64 16 werken
919 4145 21 4 —
962 4138 49 16 16.00
1031 4138 79 18 Omro'p-

676 4160 115 17 kamerorkest
811 4166 22 4 —
855 4160 48 16 16.30
923 4160 63 16 Tussen
1008 4159 61 18 twaalf
1088 4163 21 13 en

675 4182 64 17 zestien
756 4188 22 4 —
797 4181 48 17 17.00
864 4181 87 17 Filmland
969 4182 103 18 presenteert
1088 4188 22 4 —

677 4204 47 16 IT.'jO
745 4202 36 19 Wij
802 4207 21 12 en
844 4202 22 17 dc
886 4201 74 18 muziek.
981 4202 39 18 Plet
1040 4202 70 20 Tiggers

675 4225 66 19 ppreekt
756 4229 47 12 over:
820 4224 63 16 Bartok
899 4224 18 17 in
933 4224 28 16 bet
975 4228 91 14 panorama
1080 4225 30 16 der

675 4247 93 16 toonkunst
788 4253 22 4 —
832 4246 48 16 18.15
901 4245 93 17 Acordeola
1013 4247 37 15 met
1069 4250 41 14 tang

675 4273 22 11 va
714 4269 51 15 nMaT
782 4272 33 12 van
833 4267 53 19 Praaj
902 4274 21 4 —
941 4268 48 16 18.30
1004 4267 106 19 Programmi

677 4293 42 13 voor
743 4289 22 16 de
788 4288 118 18 Neüarlentoe
928 4287 137 20 strijdkrachten
1087 4296 23 3 —

676 4312 48 16 19.00
744 4311 47 17 Denk
812 4315 28 12 om
858 4311 22 16 de
901 4310 51 16 bocht
974 4317 18 4 —
1013 4311 46 16 ?9.15
1080 4311 29 16 Ac-

675 4333 78 17 cotdeola
766 4340 22 4 —
802 4333 49 16 19.50
864 4332 43 18 TIen
920 4336 42 12 voor
975 4332 39 16 acht
1028 4339 21 4 —
1062 4333 48 16 20.05

676 4354 55 18 Annle
744 4354 60 17 Woud.
818 4354 28 17 alt
859 4358 21 12 en
893 4354 75 16 Herman
982 4354 62 17 Krurt.
1058 4354 52 18 plano

690 4376 70 17 —20.30
773 4375 96 18 Jerunlen:
885 4382 21 5 —
920 4376 49 16 20.55
985 4375 66 17 Boeken
1066 4380 44 12 waar

675 4402 38 12 men
727 4399 33 15 wat
774 4402 33 12 aai
821 4398 47 16 heeft
881 4404 21 4 —
915 4397 50 16 21.00
978 4396 39 17 Men
1030 4398 79 18 vraagt...

674 4423 10 13 e
701 4418 41 19 nwlj
759 4419 71 18 draalen
846 4426 22 4 —
883 4419 50 16 21.30
949 4419 67 17 Emmy,
1033 4419 77 19 hoorspel

690 4447 21 5 —
711 4441 48 16 23.15
775 4441 21 16 In
811 4440 83 19 huwelijk
909 4445 22 12 en
947 4442 55 17 gezin.

733 4461 155 19 HILVERSUM
907 4461 39 18 II.:
971 4461 34 18 115
1024 4461 30 18 M.

694 4484 40 16 «.15
749 4483 68 19 Mustek
832 4484 27 20 bij
875 4484 30 16 het
919 4484 45 16 werk
978 4491 22 4 —
1014 4484 39 16 SOC
1069 4484 42 17 Wlt-

675 4505 41 17 hold
740 4505 123 18 Malcuxynskl.
887 4506 58 18 piano,
969 4505 56 19 speelt
1046 4506 65 16 werken

675 4531 33 12 van
723 4527 66 18 Ctiopln
804 4534 22 4 —
841 4527 47 17 10.05
903 4527 42 19 Gpl.
960 4527 88 18 Symfoile
1061 4532 25 12 nr.
1101 4528 9 15 4

676 4548 18 17 ln
713 4549 20 16 A.
750 4553 28 14 op.
795 4549 22 16 90
835 4548 114 18 .Italiaanse»
967 4556 22 4 —
1006 4550 48 16 11.00
1070 4549 41 19 Gpl.

675 4569 131 18 Concerterende
819 4571 85 17 symfonie
919 4571 20 17 ln
954 4571 38 17 B"S.
1006 4575 23 15 op
1050 4571 27 17 94.
1090 4578 22 4 —

678 4591 48 15 11.20
749 4591 108 18 Zangrecital
881 4599 23 4 —
930 4593 41 15 1150
994 4592 118 18 Koninklijke

676 4611 87 19 Militaire
779 4613 56 19 Kapel
852 4621 22 4 —
891 4614 47 17 12.33
956 4614 119 19 Orgelconcert
1091 4622 21 3 —

677 4634 47 16 13.45
739 4634 42 19 Gpl.
797 4635 129 17 Dlvertimento
940 4643 23 4 —
979 4637 19 15 U
1005 4636 22 16 00
1042 4636 69 18 Cyclus:

676 4655 35 16 Het
729 4656 156 18 oud-Nederlandse
904 4657 101 19 geestelijk-
1025 4658 85 17 vo,ks'.led

675 4683 22 4 —
715 4677 48 17 14.30
780 4678 41 18 Gpl.
839 4686 21 3 —
879 4679 19 16 14
905 4680 22 16 40
944 4679 17 17 Is
978 4684 40 12 eeen
1035 4680 76 16 ncodwo-

675 4698 43 19 nlng
731 4703 41 12 voor
785 4704 31 12 ons
829 4700 86 18 geschikt?
929 4708 21 4 —
965 4702 48 15 15.U0
1026 4702 85 18 Operette-

676 4721 67 16 concert
764 4726 21 7 —
808 4722 48 16 15.40
878 4722 37 16 Van
936 4723 45 16 oude
1002 4727 21 13 en
1047 4724 65 16 nieuw*

676 4741 122 18 whrijvers.—
811 4743 48 16 16.00
870 4744 69 17 Oclus:
952 4744 35 17 Een
998 4745 45 17 i-rie
1053 4745 58 18 strijk-

676 4764 84 16 sextetten
780 4771 20 4 —
822 4765 47 16 16.35
889 4765 41 18 Gpl.
950 4773 22 4 —
992 4767 49 16 16,40
1062 4767 43 16 Voor-

676 4784 59 17 dracht
754 4790 33 12 van
805 4786 58 19 poëzie
881 4791 41 13 ever
939 4788 68 18 muziek
1025 4796 22 4 —
1066 4789 46 16 17.00

678 4806 76 17 Bekende
768 4807 96 18 melodieën
879 4813 33 12 van
927 4809 68 17 Johaan
1010 4811 68 16 atrau»
1090 4818 19 3 —

678 4828 47 16 17.30
746 4828 26 16 Ds
791 4829 35 18 vijf
846 4830 102 18 Zapakara's
966 4838 23 4 —
1009 4831 48 17 "9.30
1078 4832 34 17 Het

677 4850 66 17 aetue.'l
767 4850 60 18 geluld
850 4858 21 4 —
894 4852 49 16 20.05
967 4853 144 19 Programrmpro-

677 4870 39 19 loog
730 4878 20 4 —
764 4872 50 16 21.30
827 4872 42 17 Trio
884 4874 81 17 Fantasia
979 4882 22 4 —
1014 4875 21 16 22
1042 4876 21 15 1-0
1077 4875 35 17 Het

676 4892 55 17 orkest
746 4900 22 4 ~
781 4894 49 16 22.3(.
844 4895 140 18 NCKV-kwartet
996 4903 22 5 —
1032 4897 38 17 3.15
1084 4897 22 17 Se-

677 4913 52 18 lectie
746 4914 28 17 uit
790 4915 85 19 selecties.

810 4937 170 35 Luxemburg

699 4972 47 17 12.30
761 4973 25 16 De
800 4974 80 17 almanak
896 4979 33 13 van
944 4976 43 17 Jean
1001 4976 75 18 Camllle
1089 4985 22 4 —

678 4993 47 17 12.32
739 4994 64 18 Kleine
816 4996 72 17 veha'.en
903 5001 33 12 van
950 4998 46 18 grote
1010 4999 67 16 muzVk
1097 5007 13 3 -

679 5016 46 15 12.37
746 5016 18 16 Ia
782 5016 17 17 U
820 5017 90 20 gelukkig?
932 5026 20 4 —
974 5020 48 17 12.40
1043 5021 31 16 Sur
1094 5021 17 17 le

678 5038 43 15 banc
742 5044 22 4 —
788 5038 46 17 12.54
858 5039 139 20 Fllmgenoegens
1019 5049 22 4 —
1064 5043 47 16 18.10

676 5058 81 18 Journaal
777 5066 20 4 —
815 5061 44 16 13.11
880 5062 194 20 üntapannlngsmuzle*
1089 5072 21 4 —

679 5080 46 16 16.45
742 5080 38 18 VU!
797 5081 78 18 minuten
893 5084 36 16 met
946 5084 61 18 Slache
1024 5093 22 3 —
1065 5087 46 15 18.50

677 5101 75 18 Maurice
768 5106 21 13 en
808 5103 35 18 zUn
861 5104 96 19 melodieën
973 5113 23 4 —
1014 5108 20 15 19
1040 5108 22 15 00
1079 5108 25 17 Lu-

678 5123 96 19 xemburgse
803 5125 100 19 uitzending
930 5133 22 5 —
982 5128 47 17 19.26
1057 5129 54 18 Extra

677 5145 73 18 mengsel
762 5152 21 5 —
795 5146 46 17 19.36
852 5147 86 18 Rldldlne
949 5150 26 16 est
985 5154 64 12 comme
1060 5156 20 11 ca
1089 5159 21 4 —

678 5166 47 16 16.58
741 5167 26 17 De
782 5172 91 15 genoegens
888 5174 33 12 van
936 5171 23 16 de
974 5172 36 17 taal
1025 5179 22 4 —
1062 5173 47 16 20.01

677 5187 43 17 Hier
739 5189 58 16 contre
816 5190 70 18 aujourd
893 5191 31 18 hul
945 5199 25 4 —
984 5193 49 17 20.30
1052 5194 58 19 Zappv

676 5209 39 16 Max
732 5214 20 12 en
769 5210 29 17 het
813 5212 24 16 orl
844 5213 26 16 est
885 5213 56 19 Hoger
956 5214 55 18 Roger
1026 5222 21 4 —
1062 5216 48 16 20.4.5

677 5230 73 19 Allerlei
765 5239 22 4 —
801 5233 47 17 22.01
864 5234 110 19 Fragmenten
989 5236 28 17 uit
1031 5237 26 16 De
1071 5237 39 18 Ver-

676 5253 61 17 kochto
752 5254 55 18 bruid,
823 5260 51 15 opera
887 5264 22 4 —
923 5257 50 18 22.30
987 5258 70 18 Toplsal
1073 5260 37 17 half

676 5275 42 17 liour
735 5283 22 4 —
773 5277 50 17 23.00
840 5278 114 18 Dansmuziek
971 5287 21 4 —
1008 5280 51 17 23.30
1075 5282 35 17 Tl»

676 5297 184 21 SkateTS'piograrpnj».

1726 3448 1215 233 >M#I

2480 3995 103 25 emae.
2600 3984 157 48 $04utiae.
2775 3981 139 50 üo^j&i.

2390 4074 108 32 Speciaal
2514 4075 61 25 door
2590 4074 33 25 de
2638 4074 209 26 INNOVATION

2318 4131 59 17 voor
2393 4123 23 24 U
2432 4122 137 31 uitgezocht
2584 4126 44 25 zijn
2644 4130 28 17 ze
2687 4130 45 17 van
2748 4130 46 17 een
2806 4126 112 27 grotere

2295 4171 7 15 >
2317 4167 249 25 verscheidenheid
2589 4175 30 16 en
2644 4166 205 31 verleidelijker
2872 4166 47 25 dan

2295 4214 12 15 *
2318 4217 51 12 """
2535 4210 43 25 En
2594 4215 84 26 tegen
2694 4211 90 24 welke
2800 4217 24 4 ~"

2301 4219 6 13 >
2318 4217 51 21 ooit
2380 4231 4 6 .

2835 4212 70 28 ijzen
2912 4210 9 24 1

1216 4430 63 57 •f-

2425 4328 102 54 VO
2547 4331 47 48 E
2606 4332 159 50 R/Af
2777 4329 51 54 6

2402 4429 161 26 Glanzende
2580 4433 94 27 satijn,
2683 4439 61 16 voor
2752 4435 97 26 voering

2391 4461 5 9 '
2403 4462 98 25 kussens
2509 4470 30 17 en
2549 4462 166 25 handwerken.
2724 4463 91 29 Soepele
2824 4470 28 17 en

2391 4508 4 8 .
2402 4494 146 30 zijdeaebtige
2560 4495 114 24 feiva-Ziceic.
2701 4495 76 24 Grote
2794 4495 70 24 keus<

2402 4531 24 20 In
2446 4526 103 25 kleuren.
2772 4538 58 13 ns.
2857 4546 7 14 ,

2402 4559 32 24 80
2441 4567 45 16 cm.
2496 4558 80 25 breed.
2594 4559 43 24 Per
2647 4566 75 17 meter
2731 4559 26 24 fr.
2762 4552 78 37 JjC.

2737 4645 44 22 ine
2794 4640 74 28 voor^

2801 4674 67 33 fijne<

1393 4838 7 12 .
1413 4825 58 24 1-100
1618 4842 31 10 ,„
1649 4834 56 18 nne
1722 4828 32 21 op
1771 4822 29 23 ge
1802 4815 48 20 mcr
1852 4819 10 18 :

1395 4881 8 16 '
1420 4881 130 37 censeerde
1561 4877 55 52 ^t°
1685 4892 22 23 ht
1794 4880 67 41 qq

1430 4947 183 35 ^Ocni.oreeu-
1683 4959 114 28 ./v/s

2438 4610 13 19 2

2404 4642 134 31 Rayonne
2549 4644 81 29 crèpe
2644 4642 34 25 de
2692 4642 73 25 Chin

2403 4674 31 25 dc
2451 4674 82 25 betere
2540 4679 97 26 voering
2646 4683 30 16 en
2686 4674 83 31 lingeri

2404 4707 113 24 fewa/itcit.
2527 4706 52 25 Alle
2591 4706 167 25 modeklcuren
2777 4715 60 26 <j/n

2403 4739 31 23 90
2442 4747 44 16 cm.
2497 4738 79 25 breed.
2595 4739 44 24 Per
2648 4747 73 16 meter
2731 4739 26 24 fr.
2765 4732 75 38 J%r„

2405 4790 47 18 32-3

1894 4890 49 28 /V.e
1945 4894 27 17 uS
1983 4890 23 16 in
2095 4899 13 17 a
2149 4891 96 26 kleuren-
2294 4885 54 21 /L**

1895 4922 22 21 \
1919 4905 191 41 verscheidenheid
2119 4906 41 45 i^
2169 4922 73 25 ^^
2251 4911 18 25 fr
2289 4905 74 28 t/*/-
2375 4906 57 31 <w
2428 4926 61 16 3rme
2506 4926 80 17 tinten.
2620 4906 6 5 "
2733 4906 26 9 ""
2769 4920 67 33 «V^K

1925 4957 8 22 \
1941 4953 28 25 20
1977 4954 44 18 cm-
2027 4942 81 22 breca.
2127 4942 224 46 ^y^ys/^sS^s
2360 4942 54 32 \]
2420 4951 31 23 60
2459 4959 44 15 cm.
2514 4951 72 23 breed
2597 4951 43 25 Per
2650 4959 73 17 meter
2732 4951 25 24 fr.
2768 4942 71 39 /.?.

2404 4822 86 28 Satijn
2500 4822 95 30 Royal,
2604 4830 103 20 rayonne
2719 4831 29 15 en
2760 4821 112 36 katoen,^

2404 4862 58 16 voor
2474 4853 140 30 bedspreien
2637 4863 29 16 en
2688 4855 164 24 handwerken.
2866 4873 6 6 .

2405 4886 80 24 Zware
2497 4887 113 23 kwaliteit.
2618 4887 74 24 Grote
2702 4887 57 24 keus
2855 4891 17 21 \

2397 4926 92 16 -warme
2506 4926 80 17 tinten.
2769 4920 67 19 */>"'
2852 4923 20 16 ^

2125 5112 80 67 1

2126 5199 31 22 hi
2161 5199 7 13 ;
2165 5199 26 23 :t
2214 5198 250 26 goodkoopste
2485 5199 75 23 huis
2580 5199 68 24 van
2671 5200 84 24 heel
2774 5194 113 31 België

1655 5231 94 24 Brussel
1763 5242 25 5 —
1804 5232 84 24 Eisene
1901 5243 25 5 —
1940 5232 145 28 Antwerpen
2107 5242 20 5 -
2142 5233 57 23 Luik
2218 5243 26 5 —
2264 5234 109 24 Verviers
2390 5245 27 6 —
2436 5231 66 28 Gent
2521 5245 25 6 —
2566 5235 95 29 Brugge
2679 5244 26 6 —
2724 5234 127 24 Oostende
2870 5246 25 4 —
2913 5234 123 25 Charleroi
3056 5245 25 5 —
3100 5234 93 24 Namen
3213 5243 25 5 —
3258 5233 98 26 Knokke
