3690 5512
165 236 269 48 NOS
498 239 461 51 ECHOS

75 325 177 34 Aujourd'hui
281 328 85 28 mardi

38 385 94 20 Monnaie,
142 387 10 17 8
162 386 19 17 h.
192 387 37 21 1/2,
239 392 8 10 c
257 387 26 17 La
293 387 45 17 Fille
346 387 23 18 de
377 388 87 18 Madame
474 389 60 20 Angot
546 395 8 9 ■

58 413 23 5 —
91 406 93 16 Dernière.

37 431 53 16 raro.
101 438 23 6 —
134 431 75 17 Cidture
220 430 92 19 annuelle.

36 456 16 16 G
54 460 10 12 a
66 456 26 16 ler
93 456 33 18 tu,
134 456 12 17 8
156 457 19 16 h.
187 457 38 20 1/3,
234 461 10 12 €
254 457 25 18 L*
288 457 65 17 COmie
362 458 89 19 Obllgndo
463 463 16 12 a.

36 481 107 20 Alhambra,
155 482 11 16 8
180 482 19 16 h.
215 482 36 20 1/3,
264 487 10 11 c
287 482 26 17 La
325 483 77 16 Grande
415 484 63 17 Revue
492 488 17 13 ».

36 508 130 18 Ambassade?,
179 508 11 17 8
203 508 18 16 h.
236 508 37 19 1/3,
287 513 9 11 a
310 509 44 16 Mon
368 509 47 16 Curé
429 509 46 18 ches
488 510 18 17 ll
519 510 24 16 Mi-

57 529 59 15 nistre
130 532 17 12 ».
159 536 7 5 -

37 552 61 20 Scala,
110 553 11 15 8
134 548 19 21 ti.
166 552 28 19 30,
205 558 9 11 «
229 553 25 16 La
266 553 58 16 Dame
335 557 23 13 en
372 554 87 16 décolleté
475 559 15 12 ».

38 578 110 20 Vaudeville,
162 579 12 17 8
189 579 19 17 h.
225 579 37 19 1/3,
278 584 9 11 ■
301 579 25 19 Lf
341 580 77 16 Chemin
434 579 24 18 dt
472 580 80 16 Buenos-

58 598 56 19 Ayres
131 602 16 13 ».

37 624 77 15 Caaina-
116 624 83 19 Lyrique,
209 624 12 17 8
231 624 19 17 b.
260 624 38 20 3/4,
310 629 9 10 «
331 624 35 17 Laa
375 624 66 17 Piccoll
456 630 15 11 •.

36 649 63 19 Gaité,
111 649 11 16 8
134 650 20 17 tt.
168 650 36 17 1/3,
216 654 9 11 «
236 649 84 18 Femmes
332 653 24 14 ea
369 650 51 19 gaité
432 655 16 12 ».

45 719 155 21 -Folles-Bergère.
211 728 20 6 —
246 721 77 18 Clôturt
335 721 92 18 annuelle.

44 745 81 18 Théâtre
136 746 97 17 Flamand.
245 755 19 4 —
278 747 76 17 Clôture
363 747 92 17 annuelle.
463 746 5 4 '

37 772 93 19 Wairam,
141 772 11 16 8
162 771 26 19 h.,
199 777 9 10 «
221 772 98 17 L'Homme
329 775 23 14 en
364 773 57 17 Habit
433 773 45 16 Noir
490 777 17 14 »,
520 774 34 15 etc.

37 797 63 17 râlais
113 797 59 20 d'Eté,
185 797 43 18 l.h.
242 798 38 19 1/4.
293 798 25 16 Le
329 797 58 18 ballet
399 798 106 21 Malatzoff,
520 799 37 16 etc,

37 823 93 23 CJnémaa.
140 830 22 6 —
175 825 58 18 Voyex
245 829 23 12 eu
281 824 39 17 téL»
333 826 66 17 petites
410 828 101 15 aunoncea,

93 876 207 31 Communiqués
315 876 49 27 des
377 877 128 26 Théâtre»

209 919 28 21 eï
252 914 129 27 Concert*

457 938 56 30 3U
545 941 19 26 /

60 976 95 17 Monnaie.
161 984 24 5 —
193 976 68 19 Mardi,
271 976 11 17 à
293 977 21 16 20
323 976 19 17 h.
351 977 27 19 30,
387 976 85 17 dernière
480 976 23 17 de
513 981 9 11 «
531 976 25 16 L*

39 996 46 17 Fille
95 996 22 16 de
127 997 49 16 Mme
184 997 60 18 Angot
254 1001 38 11 ».—
300 996 98 18 Mercredi,
404 996 12 16 à
425 997 21 15 20
456 996 19 16 h.
481 997 27 17 30,
515 1000 9 11 ■
531 996 10 16 I
546 1001 12 12 «

38 1016 60 16 Tosea
110 1016 12 15 >
137 1016 19 16 et
174 1018 9 13 «
200 1015 122 19 Impressions
337 1016 22 15 de
376 1015 113 17 Mualc-Hall
503 1019 17 12 ».
535 1021 26 7 -—■

39 1035 62 19 Jeudi,
117 1035 13 16 à
144 1035 22 17 30
179 1034 19 18 h.
213 1035 27 18 30.
257 1039 10 13 t
281 1035 27 17 La
324 1035 60 17 Jeune
400 1035 45 17 Fille
463 1035 11 15 â
490 1035 18 15 U
524 1035 25 16 Fe-

40 1054 54 16 nêtre
100 1058 10 11 »
116 1055 26 17 et,
152 1057 45 13 avec
206 1054 18 16 le
233 1057 90 14 concours
333 1055 24 16 de
367 1055 49 16 Mme
425 1055 49 17 Ny*a
484 1053 74 18 Blader.

39 1073 79 17 Salomé.
128 1080 23 5 —
160 1074 98 18 Vendredi,
269 1074 12 16 à
293 1074 20 16 20
324 1074 20 16 h.
353 1074 28 18 30,
392 1079 9 10 «
411 1074 26 15 La
446 1073 90 18 Travlata
549 1078 8 10 ■

40 1093 20 17 et
77 1096 10 13 c
101 1093 123 20 Impressions
239 1093 23 16 de
279 1093 113 16 Mualc-Hall
410 1098 9 10 •
438 1092 82 19 (ballet).
536 1100 24 5 —

39 1112 76 17 Samedi
128 1113 26 18 18,
170 1118 8 9 «
193 1112 35 17 Les
240 1113 68 16 Contas
320 1112 124 17 d'Hoffmann
460 1117 16 12 ».
488 1120 24 5 —
526 1113 22 15 Di-

40 1132 80 16 manche
129 1132 27 19 19,
165 1135 24 15 en
197 1131 88 20 matinée,
295 1137 9 10 «
315 1132 106 15 Ofndrillon
431 1135 17 13 »;
459 1132 12 16 à
481 1132 11 16 8
500 1131 19 17 h.
529 1132 30 17 1/9

41 1156 10 11 a
64 1151 62 17 Thaïs.
137 1156 17 12 ».
164 1158 23 5 —
200 1151 60 17 Lundi
271 1151 27 17 20,
311 1155 23 12 en
347 1150 87 19 matinée,
450 1156 9 10 ■
472 1151 86 16 Madame

40 1171 94 19 Butterfly
152 1175 10 12 »
182 1172 18 16 et
221 1170 123 21 Impressions
365 1171 23 16 de
405 1170 113 17 Muslc-Hall
540 1174 17 13 »;

41 1193 23 14 ea
77 1190 66 19 autre*.
157 1195 10 10 «
183 1190 58 17 Faust
258 1195 15 11 ».

61 1214 91 19 Galeries,
161 1222 26 7 —
194 1215 26 17 Le
228 1214 65 18 succès
305 1214 24 18 de
339 1216 58 15 Davia
409 1215 19 17 et
437 1215 24 17 de
471 1215 88 20 Pasquall

23 1237 4 4 '
41 1235 48 16 dans
102 1235 17 17 le
131 1240 9 8 «
155 1235 65 19 Con?te
232 1234 91 20 OblJpado
338 1239 9 11 »
360 1234 72 17 défraie
444 1235 27 17 les
481 1238 69 13 conver-

39 1253 73 18 sations
126 1253 28 17 de'
165 1255 43 16 tous
222 1254 27 17 les
265 1255 94 15 amateurs
373 1254 24 16 de
411 1253 81 20 thé&tre,
509 1254 50 17 ravis

41 1275 23 15 d»
75 1275 76 15 trouver
161 1277 25 13 un
198 1274 94 19 spectacle
303 1274 23 16 de
335 1273 71 20 grande
417 1273 60 17 classe
486 1277 13 13 a
511 1275 49 15 cette

41 1293 70 21 époque
126 1293 23 17 de
164 1293 79 18 l'année.
257 1293 25 16 Le
297 1299 9 9 «
323 1293 64 16 Comte
400 1292 91 20 Obligado
504 1297 10 11 »
531 1293 29 16 est

40 1313 31 16 tel'
79 1316 41 15 que,
132 1315 38 13 non
183 1312 107 16 seulement'
300 1315 25 14 on
336 1313 44 16 veut
393 1311 18 18 le
421 1312 47 19 voir,
480 1312 49 18 mais
543 1312 17 16 le

40 1332 61 16 revoir
117 1331 87 17 aussitôt.
223 1331 90 17 Location
332 1332 82 16 ouverte.

61 1356 108 18 Alhambra.
183 1364 24 6 —
219 1357 102 16 Tamarins
337 1357 20 16 et
372 1356 84 19 Fredoff,
471 1356 27 18 les
511 1356 39 17 célè-

41 1376 43 17 bres
97 1376 97 18 danseurs,
209 1376 27 17 les
250 1377 77 15 fameux
342 1376 57 17 nains
415 1379 68 15 russes,
498 1375 27 18 les
539 1380 22 13 as

42 1396 26 16 du
83 1396 44 18 rire,
142 1396 56 17 Roels
213 1397 19 15 et
250 1395 76 19 Llbeau,
340 1396 117 18 remportent
475 1396 43 16 tous
534 1395 28 17 las

40 1415 50 18 soirs
102 1418 27 14 un
142 1414 112 18 formidable
266 1414 65 18 succès
343 1415 48 17 dans
404 1414 19 18 la
435 1415 126 17 merveilleuse

41 1435 77 16 Grande
131 1434 69 17 Revue.

63 1459 130 17 Ambassador.
205 1467 23 5 —
241 1459 18 17 H
273 1460 29 16 est
315 1463 79 16 presque
404 1459 68 18 Inutile
486 1460 24 16 de
522 1460 39 16 dire

41 1482 37 17 que
93 1484 10 11 c
116 1480 45 15 Mon
177 1479 48 17 Curé
241 1479 45 17 ches
301 1479 18 16 le
333 1480 86 15 Ministre
434 1484 9 10 »
459 1480 29 16 est
502 1479 49 16 Inter-

41 1498 55 20 prété
114 1502 46 14 avec
179 1499 61 16 talent
256 1502 35 16 par
307 1499 51 16 Mme
375 1499 49 17 Jane
440 1499 58 19 Tony,
515 1499 45 16 MM.

42 1519 90 16 Germain
150 1518 89 19 Lucigny,
257 1518 48 17 Jean
321 1517 65 20 Dulac,
402 1518 70 16 Robert
488 1517 73 20 Fleury,

41 1538 51 17 Sun.
106 1538 51 19 Max,
172 1538 35 16 etc.
224 1537 98 19 Vendredi,
338 1537 86 17 création
440 1537 24 17 de
477 1537 20 16 la
513 1538 49 15 suite

42 1557 25 17 4e
80 1557 51 17 cette
144 1556 52 20 pièce
215 1560 7 13 :
237 1561 10 11 «
263 1556 79 18 L'Oncle
358 1557 53 19 Paul,
429 1556 99 17 Dictateur
545 1562 14 10 ».

41 1576 40 18 TéL
94 1577 66 16 369.38.

63 1601 112 18 Vaodevflle,
186 1609 23 5 —
220 1606 10 11 «
241 1601 25 17 Le
277 1601 78 17 Chemin
365 1601 24 18 de
398 1601 141 20 Buenos-Ayres
552 1606 9 11 »

42 1621 73 17 obtient
125 1625 27 13 un
161 1621 65 17 succès
236 1621 33 17 des
279 1619 41 21 plus
331 1621 86 17 flatteur.
428 1621 54 17 Cette
492 1624 69 14 ceuvre,

43 1641 79 17 relative
135 1641 13 17 i
163 1640 20 17 la
198 1641 58 16 traite
269 1641 33 16 des
315 1640 95 19 blanches,
426 1644 25 13 ne
464 1641 46 18 peut
522 1640 40 16 ètr.*

42 1663 37 14 vue
93 1663 36 16 que
146 1663 35 17 par
198 1660 28 17 les
243 1660 80 17 adultes.
337 1660 51 16 Tous
402 1659 27 18 les
442 1656 56 22 soirs,
515 1659 47 16 Nlne

42 1680 77 18 Hlnson,
128 1680 89 17 Denvers,
226 1680 96 17 Mondose,
331 1679 33 17 Ed.
373 1679 61 18 Willy,
444 1679 66 19 Royet,
519 1681 42 15 etc.,

42 1700 46 16 sont
100 1699 124 17 chaudement
237 1698 106 21 applaudis.
357 1698 40 17 TéL
413 1698 66 17 338.03.

64 1725 61 16 Scala.
138 1732 24 5 —
174 1724 35 18 Les
224 1724 110 17 eharmants
351 1724 102 16 chanteurs
470 1722 56 18 Alain
543 1723 20 17 et

42 1744 68 19 Despy,
122 1743 106 18 l'étonnant
241 1744 84 18 comique
335 1743 98 18 Henrotte,
444 1743 42 18 etc,
499 1746 20 14 ss
530 1742 23 17 dé-

44 1764 79 18 pensent
135 1767 44 13 sam
194 1764 83 18 compter
291 1763 49 16 dans
355 1767 10 11 «
380 1762 27 17 La
419 1762 59 17 Dame
490 1765 25 14 en
530 1762 22 16 dé-

43 1783 66 16 colleté
122 1788 16 11 ».
149 1783 28 16 Au
188 1782 81 20 pupitre,
278 1782 26 17 M.
314 1782 48 17 Paul
370 1782 66 16 Barat.
448 1781 38 17 TéL
497 1781 66 17 319.79.

65 1808 62 16 Gaité.
137 1815 24 6 —
172 1808 27 16 La
210 1811 62 14 revue,
285 1812 9 10 ■
305 1807 84 17 Femmes
399 1810 25 14 en
436 1806 57 18 Gaité
506 1811 11 11 »
529 1806 34 17 bat

41 1831 38 14 «on
89 1828 56 20 plein.
155 1827 50 17 Cest
216 1830 38 14 nne
263 1826 111 20 production
384 1825 25 17 où
419 1826 100 19 grouillent
530 1826 33 17 des

43 1847 66 17 scènes
126 1847 153 19 ultra-comiques
298 1847 20 16 et
338 1846 149 16 délicieusement
506 1845 47 19 spiri-

42 1866 75 18 tuelles.
129 1866 50 17 Allex
192 1867 41 15 voir
244 1865 67 17 Erther
324 1865 94 19 Deltenre,
431 1865 48 18 »uzy
494 1865 68 16 Gossec

44 1887 21 16 et
77 1889 38 14 nne
126 1885 73 21 pléiade
209 1886 83 16 d'autrts
302 1885 90 17 vedettes.
403 1883 39 18 Tél.
455 1884 66 17 334.39.

64 1911 94 19 Wagrao.
176 1918 23 5 —
216 1911 107 16 L'annonce
355 1909 34 18 des
417 1908 94 18 dernières
540 1908 23 18 de

44 1935 11 12 «
70 1931 99 17 L'Homme
188 1934 24 12 en
231 1930 58 17 Habit
306 1929 43 17 noir
369 1934 17 13 »,
401 1932 45 13 avec
462 1928 101 18 Bchouten,

44 1951 52 16 Irma
110 1950 61 17 Rossi.
186 1951 43 18 etc.,
246 1949 38 17 fait
300 1949 71 17 affiner
386 1948 27 17 les
420 1950 3 3 '
430 1951 72 14 masses
516 1948 14 16 à
544 1947 19 17 la

44 1972 35 15 nie
92 1970 118 18 d'Arenherg.
226 1968 41 18 Tél.
283 1969 66 16 339.63.

64 1995 82 17 Molière.
156 2002 24 6 —
187 1995 51 17 Tout
247 1995 20 17 le
275 1994 69 17 monde
352 1995 44 15 veut
406 1993 60 17 revoir
476 1997 10 12 «
495 1992 68 17 Knoek

45 2018 25 14 oa
86 2015 19 17 le
122 2015 94 19 triomphe
236 2014 24 17 de
277 2014 20 16 la
314 2013 96 18 médecine
427 2017 16 14 ».
461 2011 103 20 interprété

45 2038 35 16 par
92 2035 21 15 la
127 2035 67 18 troupe
207 2033 102 19 homogène
321 2033 24 16 de
359 2033 25 15 M.
397 2031 70 17 MunW.
481 2032 51 16 Cest
544 2030 20 17 la

44 2054 65 17 cohue.
123 2054 60 16 Louez
196 2056 34 14 vos
244 2053 69 20 places.
326 2051 39 17 Tél.
378 2051 66 17 824.15.

66 2104 79 17 Concert
164 2105 23 15 de
208 2103 56 20 piano
283 2102 132 18 RIss-Arbean.
431 2109 24 5 —
473 2101 61 20 Jeudi,
552 2100 12 17 à

45 2125 11 15 8
69 2124 19 16 h.
103 2125 8 15 1
124 2125 9 14 2
148 2125 24 14 du
186 2124 47 18 soir,
243 2127 25 13 au
280 2123 63 17 Palais
356 2123 32 16 des
400 2122 124 18 Beaux-Arts,
539 2123 25 14 au

45 2144 59 19 profit
116 2144 32 16 des
160 2146 72 14 œuvres
244 2143 24 16 de
279 2142 19 16 la
313 2142 57 17 reine,
385 2144 45 13 avec
444 2141 18 16 le
473 2143 91 13 concours

45 2163 25 17 de
82 2163 45 16 Mlle
139 2163 131 18 Rlss-Arbeau,
286 2162 111 16 cantatrice.
411 2160 89 16 Location
516 2162 5 13 :
537 2159 27 18 36,

44 2186 36 13 rue
90 2183 26 16 du
129 2182 134 18 Trenrentcrg.
277 2181 39 17 TéL
330 2180 66 20 397,83.

66 2207 73 17 Récital
152 2208 24 16 de
187 2207 57 20 piano
257 2207 74 18 Maryla
344 2205 104 18 Breslaner,
463 2204 12 16 k
490 2205 73 15 l'Union

45 2227 101 18 Coloniale,
160 2226 94 20 vendredi,
268 2225 18 17 k'
293 2226 12 15 S
317 2225 20 17 h.
353 2225 36 17 1/3.
405 2224 90 17 Location
513 2227 6 13 :
537 2223 25 18 36,

45 2250 35 14 rue
91 2247 26 16 du
130 2246 133 18 Treurenberg.
276 2245 39 17 Tél.
328 2245 66 18 397,83.

67 2272 78 16 Concert
163 2271 24 17 de
204 2271 49 20 gala.
267 2278 24 5 —
308 2271 25 16 Ce
349 2269 69 19 mardi,
436 2268 12 17 à
466 2269 11 16 8
491 2268 20 18 h.
527 2267 36 18 1/3.

46 2295 26 14 au
82 2292 64 17 Palais
157 2292 33 16 des
201 2291 123 17 Beaux-Arts,
339 2293 33 13 rue
387 2288 120 19 Rsvensteln,
519 2290 45 14 sous

45 2311 21 17 la
75 2311 92 17 direction
178 2310 99 20 artistique
288 2310 23 16 de
320 2309 26 16 M.
356 2308 65 17 Albert
429 2307 78 20 Dupuls,
520 2310 44 13 avec

45 2330 20 17 le
81 2333 90 14 concours
188 2330 24 16 de
228 2330 26 16 M.
269 2328 153 17 Tllkin-Servais.
440 2327 86 19 baryton,
545 2326 19 16 et

46 2350 24 17 de
80 2351 51 15 Mme
144 2350 52 15 Nanv
210 2349 112 19 Fliilippart.
327 2348 117 16 'cantatrice.
455 2346 45 17 Mlle
511 2347 14 14 I.
531 2350 30 10 >-.-.,
560 2350 3 3 •

45 2369 78 19 Dupuls,
138 2368 138 20 violoncelliste,
289 2368 45 16 Mlle
345 2366 75 18 Glslène
433 2366 77 19 Dupuls.
524 2366 31 14 vio-

45 2389 75 19 loniste,
134 2389 27 16 M.
175 2388 44 16 Ant.
236 2388 42 15 Van
294 2387 47 17 Ulft.
356 2386 87 19 planiste.
460 2385 26 16 M.
503 2384 55 16 Math

46 2408 80 18 Debaar,
141 2407 104 19 violoniste,
257 2407 27 16 M.
296 2407 23 16 H.
332 2405 73 18 Fléron.
421 2405 69 16 altiste.
506 2404 48 16 Loca-

45 2428 43 17 tion
103 2431 7 13 :
126 2427 28 20 36,
167 2431 33 13 rue
214 2427 25 16 du
252 2426 133 18 Treurenberg.
401 2424 39 17 Tél.
457 2423 65 18 297.82.

48 2479 60 21 Chez
120 2478 23 22 le
156 2478 34 21 roi

72 2526 33 21 Le
118 2526 37 21 roi
170 2530 15 16 a
197 2529 54 20 reçu
266 2523 144 25 aujourd'hui
423 2522 22 21 le
460 2521 103 22 ministre

47 2549 76 23 d'Etat
136 2551 79 20 Braun
228 2550 26 20 et
266 2549 23 21 le
302 2547 104 23 ministre
421 2547 28 22 de
463 2546 89 20 Tchéco-

47 2575 119 23 slovaquie,
177 2574 39 29 gui
229 2578 14 16 a
255 2571 106 31 présenté
373 2572 22 21 le
407 2568 83 24 nouvel
501 2570 50 22 atta-

48 2598 43 22 ché
107 2597 112 23 militaire.
231 2596 19 5 '"

72 2623 33 21 Le
118 2623 36 20 roi
169 2627 15 15 a
198 2626 56 20 reçu
267 2621 129 24 également
411 2624 30 17 en
456 2620 108 21 audience

47 2647 122 21 solennelle
183 2646 24 21 le
218 2650 104 17 nouveau
336 2645 103 21 ministre
455 2645 28 20 de
497 2644 55 20 Polo-

48 2676 45 20 gne
107 2676 58 19 pour
177 2670 26 22 la
217 2669 157 26 présentation
390 2669 28 21 de
434 2673 37 17 ses
487 2668 78 21 lettres

49 2696 30 20 de
89 2694 101 22 créance.
199 2704 29 6 —
238 2694 76 24 Belga.

49 2726 32 20 M.
97 2726 127 19 Bourilkoff
240 2725 55 20 chez
311 2725 31 20 31.
358 2724 90 20 Franck

73 2772 34 21 M.
126 2772 67 20 Louis
214 2771 96 24 Franck,
329 2775 140 19 gouverneur
490 2770 30 21 de
541 2770 24 21 la

48 2797 95 23 Banque
156 2796 94 20 Nations
254 2797 20 18 'e
286 2796 29 20 de
326 2795 113 25 Belgique,
450 2799 17 17 a
475 2799 54 20 reçu
543 2795 23 20 la

49 2815 66 27 visite
128 2821 29 21 de
167 2822 33 20 M.
212 2821 75 20 J.-Ph.
299 2820 134 24 Bourilkoff.
445 2824 109 19 sous-gou-

49 2850 96 15 verneur
156 2845 29 20 de
196 2845 25 20 la
232 2845 95 23 Banque
339 2844 121 20 Nationale
470 2844 28 20 de
509 2843 44 21 Bul-

49 2869 69 25 garie,
129 2870 38 23 qui
178 2869 45 20 fait
232 2873 33 16 un
273 2872 85 20 voyage
370 2867 99 22 d'études
479 2872 29 16 en
520 2868 33 20 Eu-

48 2898 55 19 rope
118 2893 144 21 occidentale.
277 2894 31 18 M.
322 2892 130 21 Bourilkoff
466 2897 16 16 a
498 2892 67 21 attiré

48 2917 130 21 l'attention
192 2918 32 20 du
236 2921 139 20 gouverneur
391 2917 28 19 de
434 2917 24 20 la
472 2917 94 23 Banque

48 2946 41 17 sur
102 2941 100 21 l'intérêt
216 2941 54 24 qu'il
284 2945 16 20 y
313 2946 16 16 a
343 2941 30 20 de
385 2940 133 25 développe?
534 2940 32 21 les

48 2966 108 21 relations
167 2965 168 22 commerciales
346 2965 67 21 entre
424 2964 23 22 la
459 2965 106 24 Belgique

48 2992 25 20 et
84 2990 26 21 la
121 2990 112 24 Bulgarie.

72 3015 37 19 En
122 3014 51 22 fait,
185 3014 24 20 la
221 3014 107 24 Belgique
341 3013 103 25 occupait
457 3014 71 20 avant
542 3014 23 20 la

48 3041 80 22 guerre
145 3039 59 20 dans
221 3038 23 21 le
260 3043 126 16 commerce
402 3038 164 21 international

48 3062 30 22 de
94 3063 26 21 la
138 3062 105 24 Bulgarie
259 3067 47 17 une
325 3062 65 25 place
409 3063 51 24 plus
480 3063 85 24 grande

48 3087 186 24 qu'aujourd'hui.
243 3097 28 5 —
279 3087 77 24 Belga.

49 3124 77 17 Grottes
136 3124 23 17 da
171 3124 43 17 Han
225 3125 20 16 et
257 3124 24 16 da
292 3124 102 17 Rochefort

580 332 34 24 '.n
632 335 174 28 température

665 392 109 16 INSTITUT
787 391 215 19 METEOnOLOaiQUI

750 424 30 16 I)K
798 424 116 17 UKLOIQUB

707 456 114 17 BULLETIN
838 456 34 17 DU
889 455 22 17 13
925 456 45 16 MAI

644 488 93 16 Situation
750 484 150 23 atmosphérique
911 487 12 16 à
937 488 10 15 7
962 488 66 16 heures

598 519 26 17 La
637 519 107 20 dépression
757 519 103 20 principale
871 519 23 17 de
904 519 32 16 740
946 522 44 13 mm.
1002 523 20 12 se
1033 519 51 16 main-

579 538 47 17 tient
639 542 33 13 sur
685 538 77 17 l'Océan
776 539 12 16 à
800 539 72 17 l'Ouest
885 538 23 17 de
920 538 20 17 la
951 538 89 19 Norvège.

599 558 25 16 La
637 558 129 19 perturbation
780 558 107 19 cyclonique
899 558 31 18 qui
942 561 11 12 a
967 557 66 17 amené
1044 557 42 20 quel-

577 580 45 16 que
634 577 60 19 plulaa
706 577 19 17 U
738 578 42 16 nuit
795 577 85 17 dernière
892 580 34 14 sur
938 576 19 17 la
969 576 92 21 Belgique,
1075 581 20 13 se

578 597 65 15 trouve
659 600 22 13 ce
695 596 61 18 matin
772 600 34 14 sur
822 596 124 20 l'Allemagne.

599 616 40 16 Une
653 616 54 16 autre
722 616 130 19 p-rturbntion
868 617 29 15 est
912 615 82 19 signalée
1010 619 24 12 au
1048 616 46 15 Sud-

578 635 57 16 Ouest
646 636 23 16 de
679 635 95 17 l'Irlande;
788 635 34 17 elle
835 638 76 17 passera
922 635 48 17 dana
981 635 27 17 les
1018 635 21 16 34
1050 635 36 16 heu-

579 658 29 13 res
622 657 32 13 sur
667 654 18 16 la
699 653 93 20 Belgique.

599 673 51 17 Nous
669 673 100 17 observons
788 677 21 12 ce
828 674 61 16 matin
906 673 32 17 des
953 674 55 16 vents
1025 673 72 16 d'ouest

578 692 73 19 faibles,
663 696 37 14 une
712 693 103 17 nébulosité
828 693 51 17 forte
892 694 20 16 et
922 696 40 14 une
971 692 125 20 température

579 712 70 16 voisine
664 712 24 16 ds
700 712 35 15 10°.

599 731 33 17 Les
643 731 135 19 températures
788 735 20 12 c*
817 731 62 18 matin
890 735 5 12 :
907 731 19 16 7"
937 730 13 17 à
960 731 136 17 Saint-Hubert

579 751 18 16 et
610 749 51 19 Oslo,
674 750 11 16 8
701 750 11 16 à
729 751 59 18 Paris,
804 752 21 15 10
838 751 12 16 k
864 751 87 16 Londres.
968 749 95 18 Bruxelles
1076 750 20 16 ct

579 769 85 18 Utrecht.
680 770 19 16 11
713 769 11 17 à
740 770 88 17 Osttnde.
844 770 21 16 14
880 769 12 17 à
907 769 69 19 Berlin,
990 769 106 16 Stockholm

579 790 20 16 et
610 789 70 17 Vlenna
692 789 19 16 ct
726 789 19 16 19
757 789 12 16 à
783 790 63 16 Rome.

766 820 121 18 Probabilités
900 824 6 12 :

600 852 58 17 Vents
673 852 84 17 modérés
774 852 11 16 à
801 856 51 13 asses
866 852 49 17 forts
932 852 23 18 de
970 852 98 17 sud-ouest
1086 851 12 17 à

580 872 109 17 nord-ouest
705 872 72 19 (grains
791 872 83 18 faibles),
887 874 85 17 nuageux
988 871 12 16 à
1015 872 83 17 couvert,

579 890 86 20 quelques
678 889 59 21 pluies
753 892 82 16 (averses
849 891 60 16 même
921 891 115 19 orageuses),
1049 891 39 16 tem-

580 909 96 21 pératures
690 910 101 18 modérées.

663 942 123 17 Observation
805 942 25 17 du
848 942 61 16 matin
926 941 13 18 k
958 941 55 17 Uccle

579 972 109 21 Baromètre
703 973 50 19 ("18
768 973 91 18 millibars
872 974 18 18 5)
1012 973 86 16 763mm.9

608 992 105 20 iTtpérature
729 993 101 16 maximum
911 995 12 13 J.
1013 992 4 4 '
1057 992 42 16 21°8

611 1011 102 20 npérature
731 1012 98 20 mjnlmum
1068 1012 11 16 9
1080 1015 8 8 U
1090 1012 9 16 7

579 1031 96 17 Humidité
844 1042 12 6 „
1055 1031 42 18 95%

578 1050 40 17 Eau
635 1050 93 17 recueillie
828 1055 7 12 :
935 1061 13 6 m
1040 1051 46 15 Omm
1089 1051 9 15 3

580 1070 95 16 Direction
695 1070 26 16 du
740 1071 44 15 vent
1015 1069 82 17 O.-S.-O.

581 1090 70 16 Vitesse
664 1090 25 16 du
699 1090 46 16 vent
760 1091 32 15 (m.
805 1093 34 16 par
850 1089 87 19 seconde)
1090 1099 7 4 -

601 1108 119 17 Déclinaison
737 1108 119 21 magnéUque
1021 1108 77 16 l0°14'O.

601 1133 56 17 Bolell
672 1137 5 12 :
690 1133 50 17 laver
754 1134 9 16 3
779 1134 18 16 h.
813 1134 28 17 88;
856 1134 80 17 coucher
952 1134 20 16 19
984 1133 19 17 h.
1019 1133 27 16 23.

601 1153 51 17 Lune
669 1157 5 12 :
690 1153 48 17 lever
752 1154 10 15 8
776 1153 19 17 h.
810 1154 27 16 32;
852 1153 79 17 coucher
944 1154 11 15 0
971 1153 19 16 h.
1004 1153 26 16 43.

601 1178 63 18 Haute
679 1182 39 13 mer
736 1181 5 14 :
758 1179 82 16 Ostende
855 1179 11 15 4
881 1178 19 17 h.
914 1179 20 15 42
947 1179 19 16 et
982 1178 21 16 17
1016 1178 18 16 h.
1051 1178 27 16 20.

601 1198 63 17 Haute
675 1201 40 13 mer
731 1201 6 14 ;
750 1198 71 17 Anvers
835 1198 11 16 7
859 1198 20 16 h.
893 1198 20 17 18
928 1198 19 17 et
959 1198 20 16 19
992 1197 19 17 h.
1026 1198 26 16 44.

581 1222 51 17 H.-B,
645 1229 21 6 —
679 1223 99 15 L'institut
794 1222 155 20 météorologique
963 1225 25 14 ne
1003 1222 49 17 tient
1064 1225 33 15 pa»

600 1242 74 19 compte
685 1242 23 17 de
720 1241 71 18 l'heure
804 1242 54 16 n'été.

583 1296 89 20 Retrait
686 1296 28 20 de
728 1296 100 21 subsides
841 1296 104 22 scolaires

608 1343 41 19 Les
663 1342 102 21 subsides
779 1342 106 21 scolaires
901 1343 28 20 de
946 1341 68 21 l'Etat
1031 1342 25 20 et
1071 1341 28 21 de

583 1366 24 21 la
619 1366 106 24 province
743 1366 108 21 viennent
869 1365 69 22 d'être
955 1365 86 22 retirés,
1059 1370 42 20 par

583 1390 74 21 arrêté
667 1390 70 24 royal,
746 1390 15 23 &
771 1390 24 21 la
805 1394 118 17 commune
934 1390 28 21 de
972 1390 73 21 Harzé
1055 1390 45 25 qui,

582 1419 29 16 en
624 1414 63 25 dépit
699 1415 29 21 de
740 1415 105 24 rapports
857 1415 28 20 de
897 1414 141 25 l'inspection
1049 1419 38 16 sco-

583 1439 56 20 laire
651 1439 24 20 et
687 1439 31 21 du
730 1443 139 20 gouverneur
881 1439 28 20 de
919 1439 24 20 la
954 1438 112 25 province,
1077 1439 24 20 et

583 1463 177 21 contrairement
769 1462 15 21 à
795 1463 24 20 la
830 1463 31 20 loi
871 1462 122 24 organique
1004 1464 29 19 de
1043 1463 57 20 l'en-

582 1487 141 24 se'gnement
735 1487 112 25 primaire,
859 1487 76 20 refuse
948 1488 28 19 de
990 1487 68 24 créer,
1070 1492 30 16 au

583 1512 98 20 hameau
700 1512 28 20 de
749 1513 37 22 t'y.
803 1516 46 16 une
869 1511 61 20 école
950 1511 150 21 sectionnaire

583 1535 109 22 réclamée
711 1540 43 19 par
773 1535 32 21 les
823 1535 65 24 pères
907 1536 28 20 de
954 1535 87 21 famille
1060 1536 41 21 des

583 1560 52 24 cinq
646 1560 114 20 hameaux
770 1560 28 21 de
809 1559 23 21 la
845 1564 125 19 commune.
982 1570 27 5 —
1019 1560 30 21 X.

584 1597 30 20 Le
630 1597 135 22 Morsophlle

583 1645 37 19 est
636 1642 53 21 bien
702 1642 101 25 portant.
818 1643 21 20 Il
856 1643 45 21 fait
917 1645 25 20 la
958 1643 44 24 joie
1018 1643 30 21 de
1064 1647 36 17 ses

585 1666 58 21 amis
656 1668 24 20 et
692 1667 93 24 parents
800 1671 29 17 en
840 1668 140 23 propageant
993 1668 22 20 le
1026 1668 75 20 Morse

584 1692 140 23 Destrooper.
910 1692 188 25 (Communiqué.)

584 1728 129 24 Exposition
729 1728 60 20 d'art

609 1774 36 21 En
655 1774 107 24 présence
774 1775 32 20 du
816 1774 153 25 bourgmestre
980 1775 24 20 et
1015 1775 28 21 de
1055 1775 47 21 très

584 1799 144 20 nombreuses
739 1799 164 24 personnalités
915 1799 120 24 liégeoises,
1047 1805 16 16 a
1074 1804 27 17 eu

585 1822 50 23 Heu.
648 1827 31 16 au
692 1823 76 21 Palais
782 1824 39 20 des
833 1823 143 21 Beaux-Arts
990 1824 28 21 de
1028 1824 75 24 Liège,

585 1846 174 25 l'inauguration
777 1848 30 21 de
825 1848 141 24 l'exposition
985 1848 117 25 artistique

585 1871 140 23 qu'organise
737 1871 170 22 annuellement
921 1872 25 21 la
959 1873 86 20 Société
1062 1874 40 20 des

584 1894 144 22 Beaux-Arts
741 1896 28 20 de
783 1896 72 24 Liège.

609 1919 51 21 Une
674 1919 122 22 allocution
808 1925 16 16 a
837 1920 36 21 été
886 1921 127 24 prononcée
1026 1926 43 20 par
1081 1921 22 22 le

585 1943 120 24 président.
720 1944 31 21 M.
764 1944 133 25 Kenrijean.

608 1967 33 21 Le
655 1967 95 25 critique
767 1969 66 24 d'art,
847 1970 33 21 M.
896 1969 174 26 Detehevalerie,
1087 1975 15 17 a

586 1991 63 24 parlé
664 1992 39 20 des
717 1993 122 20 statuettes
850 1993 29 21 de
893 1994 81 24 Degas,
988 1995 59 20 ainsi
1060 2000 44 19 que

586 2015 39 21 des
642 2016 163 25 lithographies
826 2017 32 21 de
878 2018 226 22 Toulouse-Lantrec.

584 2040 43 20 Les
637 2044 57 16 unes
703 2041 24 19 et
736 2040 33 21 les
781 2041 77 23 autres
867 2042 141 21 constituent
1012 2043 22 20 le
1040 2048 62 16 mor-

586 2068 55 17 oeau
653 2065 126 23 important
790 2066 28 20 de
831 2067 59 20 cette
904 2067 57 20 belle
973 2068 130 24 exposition.

585 2101 70 21 Noces
668 2102 48 21 d'or
728 2102 15 20 à
755 2103 97 20 Malines

617 2147 42 21 Les
704 2148 73 24 époux
809 2148 116 24 Alphonse
959 2150 144 20 Hertens-De

585 2172 90 21 Weerdt
691 2173 24 20 et
731 2173 33 21 les
784 2172 73 25 époux
874 2174 93 21 Gabriel
983 2175 120 20 Hertsens-

585 2197 32 20 De
629 2197 98 23 Weerdt,
738 2197 107 21 habitant
859 2198 15 21 à
886 2198 103 23 Malines.
1003 2198 100 21 fêteront

584 2221 74 20 mardi
671 2221 24 21 14
709 2221 47 21 mai
768 2222 58 20 dans
839 2222 120 24 l'intimité,
973 2223 26 20 le
1009 2223 35 20 50*
1059 2227 43 16 an-

585 2245 162 21 niversïirî'de
762 2245 48 21 leur
826 2246 107 23 mariage.

609 2269 115 25 Alphonse
736 2270 98 22 Hertens
846 2272 35 20 est
894 2271 31 21 né
937 2271 15 21 à
966 2271 104 23 Malines,
1082 2271 21 21 le

584 2294 25 20 27
619 2294 57 20 avril
689 2295 58 22 1856;
761 2299 43 16 son
815 2294 88 24 épouse,
914 2295 21 21 le
945 2296 26 20 30
982 2296 121 21 novembre

587 2319 56 20 1854.
663 2318 57 21 Huit
743 2319 94 20 enfants
855 2320 54 20 sont
928 2319 42 22 nés
994 2320 28 21 de
1044 2320 59 21 cette

584 2342 77 23 union,
672 2343 79 23 quatre
762 2344 53 19 sont
829 2347 80 17 encore
920 2348 29 17 en
962 2343 42 22 vie.

611 2367 92 21 Gabriel
715 2368 115 22 Hertsens.
841 2368 81 21 ancien
934 2368 94 21 échevin
1041 2369 28 21 de
1082 2368 22 21 la

584 2391 53 22 ville
656 2392 29 21 de
702 2391 104 24 Malines,
825 2392 34 20 est
880 2392 30 21 né
927 2392 16 21 à
959 2393 104 23 Malines.
1084 2392 20 21 le

585 2417 26 19 23
621 2416 121 22 novembre
755 2416 59 23 1858;
827 2421 43 16 son
884 2416 87 24 épouse,
983 2416 21 21 le
1018 2417 13 20 9
1042 2421 62 16 mars

586 2441 55 20 1855.
653 2440 32 21 Ils
697 2441 42 20 ont
752 2445 28 16 eu
793 2441 38 20 dix
843 2440 93 22 enfants
949 2442 24 19 et
986 2441 26 20 38
1022 2441 81 24 petits-

586 2464 93 22 enfants
697 2464 46 25 qui,
766 2465 67 21 chose
853 2468 58 19 rare,
930 2465 53 20 sont
1006 2465 51 21 tous
1076 2469 28 17 en

585 2489 41 23 vie,
641 2490 25 19 et
678 2493 26 17 se
720 2489 142 24 grouperont,
875 2489 81 23 mardi,
970 2489 81 21 autour
1066 2489 38 20 des

585 2513 130 21 vénérables
728 2513 121 24 Jubilaires.

587 2545 32 18 La
633 2543 49 22 fête
693 2544 116 20 nationale
823 2544 115 24 polonaise

68 3165 119 17 L'excursion
198 3165 20 17 la
232 3165 42 20 plus
286 3165 111 17 Instructive
411 3166 19 16 et
442 3165 19 17 la
474 3164 41 21 plus
530 3165 27 20 pit-

47 3184 93 20 toresque.
155 3184 64 17 Ecrire
236 3185 12 16 8
265 3185 52 19 Jours
335 3185 90 16 d'avance
440 3188 46 16 pour
501 3184 57 18 réduc-

48 3204 43 17 tion
107 3207 38 13 aux
160 3203 86 19 sociétés,
266 3204 66 18 écoles,
350 3205 131 20 groupements
500 3204 67 16 divers.

49 3223 105 17 Réduction
163 3224 21 16 60
197 3227 18 16 p.
227 3227 16 13 e.
255 3227 37 13 aux
304 3223 82 18 familles
397 3224 125 16 nombreuses,
536 3226 31 13 sur

50 3243 128 19 présentation
193 3244 59 16 carte.
326 3243 8 10 '
491 3242 76 20 (D535/1

49 3274 38 20 Un
97 3274 77 25 prince
184 3273 106 25 étranger
299 3274 16 20 à
326 3274 66 25 Liège

74 3321 38 21 Au
120 3325 67 17 cours
199 3322 29 20 de
240 3321 24 20 la
276 3321 94 24 Journée
383 3320 78 26 d'hier,
471 3321 33 20 les
518 3321 36 20 tra-

50 3349 60 16 vaux
121 3345 30 21 de
162 3346 25 20 la
196 3345 103 21 nouvelle
312 3345 60 23 ligne
383 3344 74 21 ferrée
470 3349 29 17 en
511 3349 44 16 con-

50 3369 118 24 struction,
182 3369 39 24 qui
246 3374 28 15 va
300 3370 66 19 relier
390 3370 34 20 les
449 3373 64 20 gares
539 3370 28 19 de

50 3393 77 21 Fexhe
143 3393 15 20 à
170 3394 154 23 Kinkempois,
340 3396 41 20 ont
396 3398 53 19 reçu
463 3394 25 20 la
502 3393 66 21 visite

50 3418 33 21 du
92 3418 78 24 prince
180 3418 147 25 Purachatra,
338 3418 31 20 du
379 3418 69 22 Siam,
458 3418 68 20 l'hôte
536 3417 31 22 du

50 3442 36 20 roi
102 3442 78 23 Albert
199 3442 77 24 depuis
294 3442 106 24 quelques
417 3442 69 24 Jours.

75 3466 33 21 Le
123 3466 79 25 prince
220 3467 55 20 s'est
292 3466 114 21 vivement
425 3466 107 21 intéressé
553 3471 15 16 a

50 3494 39 17 ces
101 3490 137 25 Importants
254 3491 104 24 travaux,
372 3491 150 24 comprenant
536 3495 32 16 un

51 3516 58 22 pont
123 3515 39 24 qui
180 3515 100 20 traverse
295 3515 25 20 la
336 3516 79 20 Meuse
432 3514 15 21 à
466 3516 101 19 Sclessin,

50 3546 34 20 La
97 3545 132 21 circulation
243 3545 119 21 fiduciaire

76 3592 43 21 Les
131 3591 75 22 billets
219 3592 29 21 de
261 3592 90 24 banque
362 3592 75 24 belges
451 3596 29 17 en
494 3592 60 21 circu-

52 3616 72 20 lation
140 3621 31 16 au
183 3617 13 19 8
211 3617 46 19 mai
273 3616 180 24 représentaient
468 3621 45 16 une
526 3621 30 16 va-

51 3640 51 21 leur
116 3640 72 22 totale
203 3641 28 21 de
248 3641 25 20 12
289 3640 109 22 milliards
415 3641 38 21 349
470 3641 98 21 millions

51 3665 30 20 de
91 3664 84 24 francs,
185 3675 29 5 —
224 3664 29 22 X.

51 3696 92 16 moulin
158 3696 43 16 itoi
208 3697 30 15 ci;

51 3794 72 21 Noces
138 3795 48 20 d'or
201 3794 16 21 à
231 3794 66 24 Liège

503 3757 66 18 (D73I5

77 3842 39 20 On
130 3846 16 16 a
161 3841 86 22 célébré
262 3841 51 23 hier
327 3841 81 23 matin,
424 3840 15 22 à
455 3841 24 22 la
497 3841 58 21 «Vio-

51 3865 81 24 lette»,
147 3865 32 22 les
193 3870 68 17 noces
276 3865 48 21 d'or
337 3866 41 21 des
390 3865 73 25 époux
476 3865 91 21 Warro-

52 3889 147 25 quiers-Nals,
214 3890 32 21 du
258 3889 53 25 quai
325 3890 29 21 de
367 3890 110 20 l'Ourthe.

77 3914 113 21 L'officier
208 3914 29 21 de
254 3913 65 22 l'état
336 3914 52 21 civil
404 3915 33 20 M.
452 3914 85 22 Lohest
554 3919 15 16 a

52 3942 54 19 reçu
124 3938 26 21 et
168 3937 132 25 congratulé
318 3938 34 21 les
368 3938 59 21 deux
447 3938 121 25 Jubilaires.

77 3962 43 21 Les
132 3962 119 21 habitants
264 3962 31 20 du
308 3962 100 25 quartier
421 3961 30 21 où
464 3962 105 21 habitent

53 3985 33 21 les
100 3985 74 24 époux
189 3986 152 24 Warroquicrs
355 3986 42 21 ont
411 3986 103 25 organisé
529 3987 40 21 des

53 4009 168 24 réjouissances.

78 4033 43 21 Les
133 4033 116 25 Jubilaires
258 4034 42 20 ont
311 4039 30 16 eu
350 4034 56 22 trois
418 4034 100 24 enfants,
531 4035 38 24 qui

54 4057 50 21 leur
121 4058 42 20 ont
182 4057 76 22 donné
276 4058 60 21 deux
353 4058 69 24 petits
424 4059 104 23 -enfants
546 4060 23 19 et

55 4081 59 22 deux
127 4081 83 21 arrière
212 4082 190 24 -petits-enfants.
416 4083 32 20 Le
460 4083 60 20 mari
532 4083 37 20 fut

55 4105 83 24 occupé
154 4106 103 26 pendant
273 4106 175 25 quarante-cinq
472 4111 43 18 ans
539 4112 30 16 au

55 4129 91 21 chemin
160 4130 28 19 do
201 4130 34 19 fer
240 4134 4 18 ;
261 4134 41 15 son
314 4129 82 26 épouse
411 4130 47 21 tint
470 4135 46 17 une
529 4135 29 20 pe-

56 4153 42 22 tite
106 4153 106 25 boutique
221 4154 102 23 pendant
331 4155 113 23 .quarante
454 4155 91 20 années.

135 4227 34 31 La
177 4226 69 39 place
259 4226 135 30 ci-dessous
406 4230 38 26 est
458 4228 112 28 réservée

61 4283 63 28 pour
135 4271 163 37 l'impression
316 4268 134 32 éventuelle
468 4268 90 32 d'infor-

62 4317 104 31 mations
175 4325 138 28 parvenues
325 4324 31 21 en
368 4324 72 20 cours
450 4312 35 31 du
493 4314 78 36 tirage

62 4372 33 19 «a
107 4371 31 20 en
147 4351 225 40 «DERNIÈRE
382 4356 158 33 MINUTE
547 4379 22 15 „

71 4617 107 20 COCBSZ3
198 4616 17 19 A
232 4615 174 20 CKOtirtrSAZt

11 4651 32 17 vr.
55 4658 25 7 —
92 4650 60 18 nux
162 4650 46 18 DES
220 4649 74 19 SAWLE
294 4650 19 17 5.
322 4658 26 6 —
363 4651 15 17 I.
393 4651 76 16 ry-t:-.:

2 4695 5 3 .
22 4679 102 21 &.l*rlQtr.
137 4683 18 18 U.
166 4683 57 18 timt
234 4684 24 16 Bl
270 4683 56 18 J4M3.

12 4714 43 17 lfon
68 4714 65 21 placés
149 4717 8 21 J
174 4716 42 20 M,
229 4716 49 18 H*tr
293 4716 46 21 Boy,
356 4715 44 19 Elil
414 4717 61 17 P:'.:r,

1 4748 17 13 ta
33 4745 110 24 T£î<____$*-,
161 4745 67 19 Bouri.

13 4776 71 20 Pc-MJ
104 4780 7 14 !
127 4777 57 20 IU.—,
204 4778 50 18 M.—
255 4782 5 14 ;
281 4779 46 18 B.M;
346 4779 44 18 8.5».

1 4805 69 20 "ttau,
88 4808 79 21 :.«J.50,
181 4808 40 18 «.—
221 4812 7 16 |
245 4808 47 20 ».»;
313 4810 44 19 T.-,

611 2591 32 20 La
657 2590 92 21 Colonie
764 2589 115 25 polonaise
895 2590 31 21 du
938 2589 136 23 Tournais^,
1091 2588 14 21 à

586 2614 117 21 l'occasion
713 2615 30 20 de
752 2615 24 21 la
790 2613 47 22 féte
849 2613 117 22 nationale
980 2615 27 20 de
1021 2614 23 21 la
1055 2613 37 21 mè-

586 2638 117 26 re-patrie,
724 2643 15 16 a
756 2638 45 21 fait
820 2637 98 22 célébrer
934 2638 122 22 dimanche
1074 2642 31 16 un

585 2662 84 22 service
679 2662 108 25 religieux
796 2661 14 22 k
820 2662 23 21 la
853 2661 130 22 cathédrale
991 2662 28 22 de
1031 2663 61 21 Tour-

586 2687 46 21 nai.

613 2713 64 19 Dans
690 2712 22 20 le
726 2711 57 21 fond
795 2711 31 21 du
839 2710 106 24 transpet
957 2710 49 24 sud,
1019 2710 75 25 spécia-

588 2736 85 21 lement
692 2735 79 22 décoré
791 2735 15 21 ù
822 2735 37 21 cet
878 2735 65 22 effet,
958 2734 101 22 s'élevait
1075 2739 31 15 un

588 2760 62 21 autel
668 2759 54 24 paré
739 2760 41 20 des
798 2759 102 21 couleurs
918 2758 133 25 polonaises,
1067 2763 40 16 sur

587 2784 73 28 lequel
669 2784 22 21 le
705 2784 89 21 recteur
807 2784 112 19 Kud.aick
934 2788 14 16 a
963 2783 77 20 officié
1054 2783 12 20 è
1082 2783 23 19 la

587 2807 106 23 mémoire
707 2808 40 21 des
772 2807 87 21 soldats
884 2807 103 24 polonais
1013 2805 92 23 décédés

588 2832 101 25 pendant
702 2832 25 21 la
741 2836 79 20 guerre
833 2831 119 21 19H-1S18.

612 2858 36 20 Au
664 2861 66 16 cours
743 2857 29 20 de
786 2856 24 20 la
823 2851 125 27 cérémojne
962 2859 45 17 une
1021 2854 73 21 allocu-

587 2882 49 21 tion
644 2886 31 16 en
686 2882 82 22 langue
779 2879 115 25 polonaise
906 2883 15 16 a
932 2878 37 22 été
979 2878 126 25 prononcée

587 2910 42 20 par
644 2904 127 22 l'officiant.

612 2930 33 20 La
659 2929 99 23 légation
772 2928 28 21 de
813 2927 97 24 r.logne
922 2926 76 23 s'était
1011 2926 45 22 fait
1068 2931 25 16 re-

587 2953 115 25 présenter
717 2952 176 21 officiellement.

611 2978 44 21 Les
667 2976 109 22 autorités
785 2975 77 22 clvUeS
875 2977 23 20 et
908 2975 118 21 militaires
1037 2974 57 22 assis-

588 3002 73 22 taient
678 3001 61 21 aus3i
754 3000 16 21 k
784 3001 60 21 cette
862 2999 174 22 manifestation
1064 3003 30 20 pa-

586 3026 106 24 triotique
706 3025 24 21 et
742 3024 110 25 plusieurs
864 3023 95 22 sociétés
971 3023 29 21 de
1014 3022 24 27 Ja
1053 3022 53 22 ville

587 3055 15 19 y
622 3050 92 21 avalent
732 3048 86 25 envoyé
838 3049 40 20 les
898 3047 139 24 délégations
1053 3050 54 18 avec

589 3075 120 23 drapeaux.

612 3099 38 21 Un
661 3097 132 23 talentueux
805 3096 120 25 organlite.
937 3101 14 15 a
963 3095 93 23 exécuté
1067 3096 40 21 des

587 3127 119 17 morceau."
716 3123 29 20 de
756 3121 101 24 musique
867 3120 115 25 polonaise
992 3120 59 21 ainsi
1063 3124 43 20 que

588 3147 31 22 les
632 3147 97 25 hymnes
743 3145 126 22 nationaux
881 3144 103 25 polonais
998 3145 24 21 et
1036 3143 69 25 belge.

589 3177 53 21 Fête
654 3176 119 22 enfantine

615 3223 126 21 Dimanche
762 3221 140 30 après-midi,
919 3226 16 17 a
956 3226 28 16 eu
1005 3220 46 22 lieu
1077 3225 30 16 au

590 3247 81 22 Jardin
687 3247 26 20 22
730 3247 29 20 de
775 3246 23 21 la
814 3246 53 21 ville
881 3246 29 21 de
927 3245 122 23 Bruxelles,
1066 3249 41 17 rue

590 3271 106 25 Dewand,
709 3275 45 16 une
766 3270 118 22 délicieuse
896 3269 49 22 féte
956 3269 126 21 enfantine.

616 3296 70 20 Outre
703 3295 22 21 le
743 3294 83 21 comité
842 3294 102 24 scolaire,
961 3293 89 25 présidé
1065 3298 43 20 par

590 3320 62 20 Mme
666 3319 116 20 Hoorickx.
797 3323 59 17 nous
871 3322 70 17 avons
952 3318 119 24 remarqué
1084 3318 23 20 la

590 3343 106 24 présence
716 3344 28 20 de
766 3344 30 18 M.
819 3343 150 21 Thielemans.
991 3342 116 21 conseiller

591 3367 128 21 communal
734 3367 23 20 et
771 3367 55 20 Mlle
840 3367 116 23 Duterme,
969 3367 137 23 inspectrice,

591 3392 49 24 etc.,
653 3391 44 21 etc.
737 3409 5 4 .

616 3416 42 20 Les
674 3415 95 23 enfants
787 3415 41 21 ont
846 3415 91 21 exécuté
955 3415 39 21 des
1012 3415 54 24 jeux
1083 3416 24 20 et

591 3440 39 21 des
643 3440 82 20 rondes
738 3444 53 16 avec
807 3444 45 16 une
867 3440 65 23 grâce
947 3439 125 24 délicieuse,
1083 3441 23 20 et

590 3463 60 22 leurs
668 3464 88 22 chants,
773 3464 67 20 d'une
857 3463 91 22 naïveté
967 3464 140 24 charmante,

591 3489 41 19 ont
647 3487 52 21 ému
714 3487 24 21 la
753 3487 132 22 nombreuse
902 3488 129 21 assistance.

592 3519 83 19 Divers.

611 3563 26 16 La
652 3563 50 19 Sali.
715 3563 32 17 de.
762 3563 88 17 Concerts
865 3564 23 17 de
901 3565 70 16 Brnees
984 3564 75 17 n'étant
1075 3569 34 15 pas

591 3582 109 20 disponible,
716 3583 116 19 l'exposition
845 3584 23 17 de
881 3584 19 16 la
913 3584 125 19 boulangerie,
1054 3587 45 16 orga-

590 3601 52 17 nisée
655 3605 35 16 par
704 3602 92 17 l'Institut
808 3603 23 16 de
842 3602 20 17 la
872 3603 128 19 Boulangerie,
1016 3603 11 16 à
1042 3604 66 15 l'occa-

591 3621 42 16 slon
646 3621 25 16 du
683 3621 81 19 Congrès
776 3622 32 16 des
821 3622 114 19 Boulangers
949 3622 100 18 flamands,
1062 3626 47 13 aura

591 3640 6 16 !
603 3639 9 19 I
617 3644 11 13 u
641 3639 18 18 le
671 3641 90 17 mercredi
772 3641 21 17 2a
804 3641 45 22 mal,
860 3641 12 17 à
885 3641 19 18 la
917 3642 45 17 salle
976 3642 25 17 du
1012 3642 63 17 Palais
1086 3642 23 16 de

591 3659 19 17 la
624 3659 94 20 Monnaie,
734 3660 12 16 à
761 3661 77 20 _).u_*«.

680 3721 41 28 UN
746 3715 110 36 DÉFILÉ
880 3717 149 35 D'ÉCOLES

728 3767 18 27 A
770 3766 206 29 ANDERLECHT

614 3821 35 20 En
664 3820 130 21 admettant
806 3825 33 17 un
851 3821 58 24 petit
923 3826 58 19 ooup
994 3822 28 20 de
1036 3826 70 20 pouce

589 3844 16 22 k
622 3845 105 23 l'horlogn
741 3845 31 21 du
786 3845 89 24 Temps,
888 3845 77 21 l'hôtel
977 3846 130 20 communal

590 3870 20 19 d'
611 3869 136 20 Anderlecht
763 3870 35 19 est
810 3869 186 24 cinquantenaire
1012 3870 24 21 et
1050 3870 57 21 MM.

588 3893 33 20 les
631 3893 105 21 échevins
746 3894 33 20 De
791 3894 128 21 Meersman
931 3894 23 21 et
963 3893 144 22 Merckmans

589 3917 42 21 ont
659 3916 128 26 vingt-cinq
802 3917 85 22 années
904 3918 29 22 de
947 3917 160 24 magistrature

590 3942 146 20 communale.

614 3966 43 21 Oes
673 3965 164 22 anniversaires
852 3966 53 21 sont
920 3965 116 24 célébrées,
1050 3966 57 19 dans

589 3989 23 21 la
623 3994 124 20 commune,
757 3994 42 20 par
810 3990 39 20 des
861 3990 101 21 concerts
972 3990 24 21 et
1006 3990 40 21 des
1055 3994 39 16 ma-

589 4014 144 21 nifestations
747 4014 122 24 publiques.

614 4038 126 21 Dimanche
749 4038 141 24 après-midi,
902 4038 15 22 k
928 4038 58 22 cette
998 4037 109 23 occasion,

590 4061 57 21 était
661 4061 115 25 organisée
791 4067 45 17 une
851 4067 67 16 revue
930 4063 39 21 des
984 4061 71 22 écoles
1068 4066 26 16 ac-

591 4085 123 25 compagné
736 4087 53 20 d'un
812 4086 88 25 cortège
919 4086 40 21 des
980 4086 77 22 fleurs.
1089 4086 19 20 A

591 4110 13 20 4
613 4110 24 20 h,
648 4110 32 23 30,
692 4110 16 20 11
718 4108 70 23 défila
800 4115 40 16 sur
850 4110 22 21 la
884 4110 63 24 place
959 4109 148 23 communale,

591 4134 84 20 devant
684 4138 45 17 une
739 4134 89 21 tribune
841 4134 29 21 où
881 4134 91 21 avaient
985 4134 47 24 pris
1044 4134 63 25 place

590 4158 32 20 M.
638 4157 21 21 le
671 4157 153 24 bourgmestre
838 4158 104 24 Paulsen,
954 4158 33 21 les
1003 4157 105 22 échevins

592 4181 120 24 Jubilaires,
727 4182 57 20 MM.
800 4181 83 25 Hayolt
908 4182 29 21 de
962 4182 146 22 Termicourt,

592 4209 121 20 procureur
732 4205 31 21 du
779 4205 44 25 roi;
843 4205 119 24 Mettewie,
979 4206 117 23 bourgmes-

592 4229 36 21 tre
656 4229 28 21 de
720 4229 141 23 Molenbeek;
882 4229 119 24 Heyvarrert,
1016 4230 93 23 greffier

593 4252 131 25 provincial;
755 4253 34 21 les
815 4253 78 22 autres
926 4253 111 23 échevins,
1053 4254 56 20 MM.

594 4277 120 24 Gralndor,
730 4277 92 21 Vander
849 4278 106 24 Bruggen
972 4278 24 21 et
1008 4278 102 23 Partous,

592 4302 90 22 Bldder,
696 4301 120 21 secrétaire
835 4302 134 22 communal.
987 4300 51 23 Van
1053 4301 56 23 Rtel,

592 4325 151 21 commissaire
759 4325 28 21 de
800 4325 77 24 police,
893 4325 59 21 ainsi
965 4330 43 21 que
1024 4326 33 21 les
1073 4325 23 21 di-

593 4350 99 24 rigeants
710 4350 28 19 de
754 4349 183 26 l'enseignement
951 4349 157 25 congréganis-

592 4375 24 20 te
631 4374 25 20 et
669 4374 29 20 de
711 4373 183 25 l'enseignement
907 4374 133 20 communal.

616 4398 57 20 MM.
683 4397 102 30 Adolphe
796 4398 61 23 Max,
867 4399 55 20 Max
934 4398 76 21 Hallet
1021 4398 25 21 et
1055 4398 40 21 Ma-

592 4421 48 22 rius
657 4422 92 20 Renard
767 4422 15 20 à
796 4422 39 24 qui
852 4421 92 22 avaient
959 4422 35 19 éti
1011 4421 98 21 réservés

591 4447 29 20 de
631 4446 73 21 beaux
714 4445 107 22 fauteuils
834 4445 65 22 dorés
913 4450 29 16 ne
952 4446 54 20 sont
1016 4449 42 20 pas
1068 4450 27 16 ve-

591 4474 51 17 nus.

616 4495 35 20 Eu
665 4494 95 25 passant
772 4494 84 22 devant
870 4494 24 22 la
906 4494 97 22 tribune,
1018 4493 33 21 les
1067 4497 28 17 en-

592 4519 64 21 fants
671 4519 42 21 des
730 4518 72 22 écoles
816 4518 152 21 communales
985 4518 41 21 ont
1039 4517 70 23 salué,

592 4543 32 21 les
635 4543 52 21 bras
698 4543 58 20 dans
766 4543 22 20 le
799 4547 59 19 rang
869 4544 24 20 et
906 4543 23 20 la
942 4542 47 21 tête
1000 4542 15 20 à
1029 4541 78 23 droite,

592 4568 32 21 les
639 4567 72 22 élèves
726 4568 40 20 des
782 4567 71 21 écoles
866 4568 31 20 du
911 4566 156 23 Sacré-Cœur,
1079 4565 29 21 de

592 4592 73 21 Marie
688 4590 142 24 Immaculée,
849 4591 28 21 de
900 4589 161 24 Saint-Pierre,
1080 4590 28 21 de

591 4615 169 24 Saint-Joseph,
771 4615 29 21 de
812 4614 167 22 Saint-Gérard
988 4615 25 20 et
1022 4614 29 21 de
1060 4614 35 21 No-

593 4641 125 22 tre-Dame,
728 4638 108 23 encadrés
848 4640 28 21 de
888 4639 60 21 leurs
960 4638 149 26 prpfresseurs

593 4670 29 16 en
634 4665 103 23 soutane,
749 4664 42 21 ont
803 4663 92 21 étendu.
898 4673 29 6 —
938 4666 16 18 a
965 4663 24 21 la
1002 4662 107 22 romaine,

593 4689 151 21 évidemment
759 4698 27 6 —
803 4687 21 22 le
840 4688 53 22 bras
910 4687 62 21 droit
986 4691 51 16 vers
1052 4686 57 21 MM.

592 4713 97 22 Paulsen
709 4714 24 20 et
752 4712 146 24 Melckmaris,
916 4711 88 21 sérieux
1023 4715 86 16 comme

592 4738 40 21 des
646 4737 99 25 évêques.
760 4736 83 22 C'était
853 4740 33 18 un
900 4735 113 26 spectacle
1027 4739 70 17 savou-

591 4766 62 17 reux.

617 4787 42 20 Les
677 4790 94 20 groupes
788 4785 149 24 symboliques
953 4783 156 26 représentant

593 4810 32 22 les
638 4811 70 21 fleurs
723 4810 87 21 étaient
823 4809 46 22 très
880 4809 57 21 trais
950 4809 25 21 et
987 4807 123 22 formaient

593 4840 32 16 un
637 4835 112 23 spectacle
763 4833 119 22 ravissant.
896 4833 61 20 Tout
970 4832 22 21 le
1005 4832 104 24 gracieux

593 4860 71 20 effort
682 4863 30 17 en
729 4858 63 22 avait
811 4858 36 21 été
865 4857 46 22 fait
929 4861 43 20 par
990 4856 33 21 les
1038 4855 71 22 écoles

593 4883 118 21 officielles
725 4884 41 21 des
781 4882 67 24 filles,
862 4886 41 17 car
916 4881 18 21 il
949 4881 36 21 est
999 4880 53 21 bien
1068 4884 29 17 en-

593 4907 71 22 tendu
685 4912 42 20 que
745 4907 96 20 l'accord
875 4905 235 22 clérlco-collectiviste

594 4931 164 23 d'Anderlecht,
774 4935 31 17 ne
820 4930 66 25 porte
901 4935 45 19 que
960 4934 40 16 sur
1015 4929 23 21 le
1054 4933 43 20 par-

594 4955 51 23 tage
662 4956 40 20 des
717 4955 102 20 subsides
847 4954 25 21 et
899 4958 49 17 non
964 4957 42 21 pas
1021 4957 41 17 sur
1077 4953 32 21 les

594 4979 93 23 charges
699 4979 25 20 et
738 4979 33 21 les
786 4979 98 24 fatigues
900 4979 29 20 de
941 4977 168 26 l'organisation

594 5002 39 20 des
646 5002 58 20 fêtes
716 5002 116 25 publiques
844 5002 111 21 scolaires.

618 5026 35 19 De
666 5026 80 23 même,
758 5031 46 16 une
818 5026 92 22 cantate
924 5027 39 24 qui
977 5026 133 21 couronnait

594 5049 22 21 le
627 5049 74 22 défilé,
713 5054 16 16 a
741 5050 36 21 été
790 5050 97 21 chantée
897 5055 42 19 par
952 5050 33 21 les
997 5050 72 21 élèves
1082 5050 28 21 de

595 5073 133 21 l'Académie
743 5075 141 19 communale
900 5075 28 19 de
943 5074 109 25 musique,
1067 5078 43 21 que

595 5096 71 24 dirige
683 5096 124 22 l'excellent
819 5097 109 21 musicien
945 5099 72 24 qu'est
1032 5099 32 20 M.
1082 5099 28 20 Q.

596 5120 108 20 Soudant.
721 5131 28 5 —
761 5122 26 19 c.

1114 231 109 49 LES
1256 222 376 59 ÉLECTIONS

1244 304 253 39 MUNICIPALES

1248 356 22 36 E
1271 356 25 37 N
1328 354 143 39 FRANC
1477 355 22 37 E

1133 430 36 31 LE
1188 431 119 31 SECOND
1325 431 87 31 TOUR
1425 431 40 31 DE
1484 430 131 32 SCRUTIN

1247 476 22 30 A
1288 475 129 50 EUJJEU
1435 475 75 31 HIER

1213 540 43 20 (De
1272 539 65 20 notre
1353 536 184 25 correspondant)

1143 566 36 24 LA
1194 569 223 22 STABILISATION
1432 568 55 20 DES
1503 567 105 20 PARTIS

1201 601 113 20 SEMBLE
1330 600 33 20 SE
1380 599 173 21 CONFIRMER

1143 633 70 23 Paris,
1227 633 24 20 12
1266 632 63 21 avril.
1343 641 27 6 —
1387 631 55 21 (Par
1456 629 135 24 téléphone.)
1608 638 26 6 —

1117 657 42 20 Les
1177 657 107 23 premiers
1302 655 106 21 résultats
1425 658 87 16 connus
1529 654 31 19 du
1578 653 43 20 deu-

1117 681 73 21 xième
1208 682 52 19 tour
1276 681 28 20 de
1318 679 87 21 scrutin
1421 678 111 20 semblent
1549 677 73 20 confir-

1118 710 48 16 mer
1189 704 148 25 l'impression
1364 704 29 20 de
1420 701 152 22 stabilisation
1595 701 39 20 des

1118 730 78 24 partis,
1214 728 87 22 donnée
1318 733 42 19 par
1375 728 23 20 le
1412 726 97 25 premier
1525 727 59 19 tour.

1143 754 41 20 Les
1198 753 127 21 conseillers
1339 752 99 20 sortants
1452 751 44 20 mis
1510 755 29 16 en
1552 750 70 20 ballot-

1118 778 52 23 tage
1184 778 41 21 ont
1237 777 36 20 été
1288 781 56 20 pour
1359 776 23 20 la
1396 776 91 24 plupart
1501 774 78 20 réélus.
1592 774 42 20 Les

1118 802 72 21 seules
1203 801 167 21 modifications
1382 801 42 20 ont
1435 800 56 20 trait
1503 799 15 20 à
1531 803 44 16 une
1587 798 35 20 vic-

1119 826 57 21 toire
1189 825 155 24 communiste,
1359 823 125 25 remportée
1498 828 39 15 sur
1552 827 32 16 un
1598 827 25 15 so-

1118 850 86 20 cialiste
1218 850 58 20 dans
1289 853 32 17 un
1336 849 100 24 quartier
1451 849 28 20 de
1493 848 25 20 la
1530 847 92 24 périphé-

1119 875 39 23 rie,
1176 876 24 19 et
1218 879 45 16 une
1281 873 85 21 défaite
1383 872 149 21 communiste
1548 876 30 16 au
1596 871 27 20 bé-

1119 899 73 21 néfice
1208 899 53 20 d'un
1277 897 91 21 modéré
1383 898 57 19 dans
1456 897 21 20 le
1494 896 99 24 quartier
1608 895 27 20 de

1119 924 23 20 la
1152 924 79 20 Santa,
1244 922 29 21 où
1286 923 21 20 le
1320 921 149 21 communiste
1479 921 90 20 sortant
1581 919 55 21 Cré-

1119 948 47 21 raet
1184 952 15 16 a
1213 947 92 24 disparu
1323 946 78 25 depuis
1419 946 28 20 de
1465 945 65 24 longs
1546 944 57 20 mois
1621 943 15 20 à

1120 973 23 19 la
1157 973 60 20 suite
1233 972 66 19 d'une
1315 969 182 21 condamnation.
1514 970 37 19 On
1567 968 21 21 le
1603 968 34 20 dit

1120 996 73 21 même
1208 995 87 24 réfugié
1311 999 29 17 en
1356 994 81 21 Russie
1453 998 54 16 avec
1521 998 27 16 sa
1562 991 62 22 secré-

1119 1021 65 21 taire.

1145 1046 65 19 Dans
1230 1044 33 22 les
1291 1044 76 22 autres
1395 1042 116 26 quartiers,
1538 1042 54 21 c'est
1617 1041 20 20 le

1121 1077 10 9 »
1144 1068 63 21 statu
1221 1073 44 19 quo
1273 1076 17 12 ».

1145 1094 20 19 A
1177 1093 69 24 Lyon,
1259 1092 29 21 où
1300 1092 21 21 le
1334 1092 71 21 cartel
1415 1092 38 20 n'a
1464 1096 32 19 pu
1509 1091 63 24 Jouer
1586 1090 15 20 k
1614 1090 23 21 la

1120 1117 59 21 suite
1198 1118 31 20 du
1250 1117 63 21 refus
1334 1116 119 24 socialiste,
1475 1116 33 20 les
1530 1114 108 23 modérés,

1117 1142 115 24 .profitant
1243 1142 28 20 de
1282 1141 60 20 cette
1353 1141 160 22 circonstance,
1525 1140 40 19 ont
1576 1143 49 16 rem-

1121 1166 64 25 porté
1198 1171 31 16 un
1241 1165 77 21 succès
1329 1166 58 20 dans
1396 1165 21 20 le
1430 1163 116 21 deuxième
1558 1167 66 16 arron-

1121 1191 128 23 dissement,
1263 1190 29 20 où
1305 1190 29 20 ils
1347 1192 41 20 ont
1401 1189 84 20 obtenu
1498 1188 51 24 sept
1562 1187 75 23 situes.

1146 1216 46 20 Par
1206 1214 85 24 contre,
1306 1214 60 21 dans
1381 1213 110 25 plusieurs
1507 1212 77 21 autres
1599 1215 31 16 ar

1121 1239 183 23 rondlssements,
1319 1243 26 16 ce
1361 1241 54 20 sont
1433 1238 33 22 les
1484 1236 64 22 listes
1565 1236 66 20 socla^

1122 1264 63 21 listes
1207 1268 29 16 ou
1257 1263 33 21 les
1312 1263 63 20 listes
1393 1261 111 21 radicales
1525 1260 39 25 qui
1585 1260 54 20 sont

1122 1288 66 21 élues.
1203 1288 38 20 On
1254 1291 30 17 ne
1298 1288 55 23 peut
1368 1290 41 21 pas
1422 1289 81 17 encore
1518 1284 62 21 avoir
1594 1288 45 16 une

1122 1312 50 21 idée
1190 1313 28 20 de
1237 1312 24 20 la
1278 1311 110 22 situation
1407 1309 116 22 définitive
1540 1309 57 20 dans
1616 1308 23 20 la

1123 1336 57 24 ville,
1194 1336 57 21 dont
1261 1336 23 20 le
1297 1335 72 21 maire
1381 1334 91 21 sortant
1486 1335 34 21 est
1534 1333 32 20 M.
1581 1332 46 21 Her-

1121 1360 52 22 riot.

1265 1384 52 21 LES
1330 1383 167 22 RESULTATS

1148 1415 70 24 Paris,
1235 1415 24 20 12
1275 1413 54 22 mal.
1343 1424 28 5 —
1389 1414 54 20 (Par
1460 1412 135 24 téléphone.)
1614 1420 25 6 —

1122 1440 42 21 Les
1182 1439 160 21 communistes
1359 1438 85 21 s'étant
1461 1437 130 21 maintenus
1610 1440 30 16 au

1124 1463 114 21 deuxième
1254 1464 57 22 tour,
1327 1462 79 25 quatre
1422 1461 112 25 quartiers
1551 1461 27 20 de
1595 1461 33 19 Pa-

1122 1488 38 23 ris,
1180 1488 39 24 qui
1238 1487 105 21 élisaient
1359 1486 79 25 depuis
1458 1486 29 21 de
1507 1485 47 21 très
1573 1489 55 15 nom-

1123 1513 90 20 breuses
1228 1511 91 25 années,
1334 1516 33 17 un
1381 1510 113 22 socialiste
1510 1514 30 17 ou
1555 1514 33 16 un
1602 1513 26 16 so-

1123 1536 86 21 cialiste
1227 1535 162 25 indépendant,
1418 1535 54 20 sont
1502 1533 77 26 passés
1596 1537 45 16 aux

1123 1561 74 20 mains
1212 1561 40 20 des
1265 1559 108 23 modérés.
1389 1560 60 20 C'est
1466 1559 58 21 donc
1541 1562 32 17 un
1587 1557 42 25 glis-

1123 1585 88 21 sement
1227 1584 15 20 à
1257 1584 73 21 droite
1344 1584 38 25 qui
1397 1588 15 16 a
1427 1582 93 25 marqué
1534 1582 33 21 les
1582 1581 47 22 élec-

1124 1609 61 21 tions
1200 1609 149 24 municipales
1366 1609 58 20 dans
1443 1608 23 20 la
1484 1606 104 25 capitale.
1606 1607 35 19 Au

1124 1633 64 25 total,
1201 1633 52 23 huit
1267 1633 76 25 postes
1359 1633 28 21 de
1402 1631 117 22 conseiller
1530 1635 41 17 sur
1585 1634 44 20 qua-

1124 1657 129 25 tre-vingts,
1270 1660 42 20 ont
1328 1656 88 24 changé
1434 1656 28 21 de
1480 1655 107 21 titulaire.

1149 1682 35 20 En
1200 1681 112 25 provlnoe,
1328 1681 24 21 la
1368 1681 93 24 plupart
1477 1680 40 20 des
1533 1679 64 21 villes
1612 1678 29 21 où

1123 1706 22 21 le
1160 1706 71 23 cartel
1247 1706 64 21 entre
1324 1705 108 21 radicaux
1446 1705 26 21 et
1487 1703 124 22 socialistes
1628 1708 14 15 a

1124 1729 59 25 Joué,
1195 1730 59 21 cette
1268 1729 154 21 combinaison
1436 1734 15 16 a
1466 1727 75 22 donné
1553 1728 24 20 la
1590 1731 40 16 ma-

1124 1748 67 31 jorité
1206 1759 46 16 aux
1267 1754 63 21 listes
1346 1755 27 19 de
1390 1753 93 25 gauche.
1495 1768 4 5 .

1150 1779 20 21 Il
1186 1783 30 16 en
1231 1779 36 21 est
1283 1778 59 21 ainsi
1354 1778 15 20 à
1384 1778 120 22 Grenoble,
1518 1776 30 22 où
1564 1776 26 21 24
1604 1780 26 16 so-

1124 1802 98 21 cialistes
1233 1805 24 20 et
1268 1803 24 20 12
1302 1802 244 21 radicaux-socialistes
1555 1801 41 20 ont
1607 1800 35 20 été

1125 1827 57 23 élus;
1199 1827 15 20 à
1229 1827 78 24 Vichy,
1322 1826 29 21 où
1366 1827 24 20 la
1403 1825 106 25 majorité
1522 1825 60 22 reste
1597 1829 45 16 aux

1125 1851 251 23 radicaux-socialistes;
1398 1851 106 23 Mamers,
1524 1850 29 21 où
1570 1850 72 20 réside

1125 1877 31 19 M
1177 1876 110 22 Caillaux;
1310 1875 15 21 à
1344 1874 152 23 Hazebrouck,
1514 1875 38 26 qui
1569 1874 74 21 élisait

1125 1899 99 25 naguère
1242 1904 54 16 avec
1316 1899 122 25 régularité
1458 1899 72 21 l'abbé
1549 1898 94 22 Lemire,

1126 1924 82 21 décédé
1224 1925 26 20 et
1267 1924 39 29 qui
1323 1928 16 16 a
1358 1923 37 21 élu
1414 1927 30 17 en
1463 1923 73 21 entier
1551 1922 24 21 la
1592 1922 51 21 liste

1124 1946 232 25 radicale-socialiste;
1372 1948 15 20 à
1400 1947 103 24 Orléans,
1514 1946 31 22 où
1556 1947 23 21 le
1591 1950 40 17 suc-

1125 1972 37 21 cès
1173 1972 114 25 remporté
1299 1977 43 20 par
1353 1971 86 22 l'union
1452 1972 39 20 des
1503 1971 98 25 gauches
1613 1975 30 16 au

1126 1997 96 24 premier
1238 1997 58 24 tout,
1314 1997 63 22 s'est,
1387 1995 120 24 confirmé;
1529 1995 16 22 k
1565 1995 78 22 Saint-

1125 2021 102 24 Etienne,
1247 2020 29 21 où
1294 2021 24 20 la
1336 2021 53 20 liste
1406 2021 32 20 du
1443 2022 7 8 '
1457 2020 72 21 maire
1548 2020 96 22 sortant,

1127 2045 270 23 républicain-socialiste,
1420 2049 15 15 a
1456 2044 37 21 été
1514 2043 76 21 réélue
1614 2048 29 16 en

1126 2069 81 23 entier;
1225 2069 13 20 à
1253 2070 93 22 Evreux,
1360 2069 30 20 où
1404 2069 34 21 les
1451 2068 108 21 radicaux
1560 2068 72 20 -socia-

1126 2093 62 22 listes
1203 2093 146 25 conquièrent
1363 2094 24 19 la
1398 2093 116 23 majorité;
1529 2093 15 21 k
1558 2093 41 19 Val
1602 2097 29 15 an
1634 2102 9 5 -

1126 2118 176 24 ce-sur-Rhône,
1315 2118 29 21 où
1357 2119 33 20 les
1402 2117 243 21 radicaux-socialistes

1127 2143 86 22 restent
1229 2147 29 15 en
1275 2142 115 24 majorité;
1410 2142 15 20 à
1440 2142 110 21 Roubaix.
1566 2141 29 20 où
1613 2142 30 19 M.

1126 2167 77 22 Lebas,
1225 2166 81 21 ancien
1326 2166 89 24 député,
1434 2166 72 21 maire
1526 2165 119 21 socialiste,

1127 2191 34 20 est
1176 2190 62 21 réélu
1251 2195 55 16 avec
1318 2191 65 20 toute
1397 2195 28 16 sa
1440 2190 58 21 liste.

1149 2215 33 20 La
1195 2214 155 25 municipalité
1365 2216 95 20 d'Arras,
1474 2214 38 25 qui
1525 2214 58 20 était
1596 2218 38 16 mo-

1125 2239 71 23 dérée,
1209 2244 66 20 passe
1286 2244 30 16 au
1330 2239 49 21 bloc
1392 2240 39 20 des
1444 2239 104 25 gauches.
1554 2240 20 19 A
1581 2239 54 20 Dun-

1124 2264 89 24 kerque,
1224 2264 24 20 la
1259 2264 51 21 liste
1323 2264 121 21 cartelliste
1457 2264 36 21 est
1503 2264 50 20 élue
1563 2268 31 16 en
1605 2267 29 17 en-

1125 2289 49 23 tier,
1186 2289 28 20 de
1227 2288 73 21 même
1314 2289 51 23 qu'à
1377 2289 113 20 Cambrai.
1503 2289 20 19 A
1536 2288 110 21 Maubcu-

1125 2318 33 19 ge,
1177 2314 54 20 c'est
1249 2314 24 20 la
1292 2314 52 20 liste
1359 2314 112 20 socialiste
1491 2313 40 24 qui
1546 2313 35 20 est
1597 2313 49 20 élue

1125 2338 155 21 entièrement.
1299 2339 19 19 A
1337 2338 62 23 Lille,
1418 2338 24 20 la
1457 2338 52 20 liste
1528 2342 119 16 commune

1125 2363 40 21 des
1180 2363 233 21 socialiste-radicaux
1428 2363 124 20 socialistes
1569 2363 24 20 et
1608 2366 27 17 so-

1125 2388 276 22 cialistes-communistes,
1420 2389 36 20 est
1472 2387 51 22 élue
1538 2388 52 20 tout
1605 2391 29 16 en-

1126 2412 55 21 tière
1199 2417 54 16 avec
1268 2413 59 20 deux
1344 2412 62 21 mille
1422 2412 51 21 voix
1490 2413 28 19 de
1535 2412 109 24 majorité.

1125 2437 73 21 Chose
1209 2437 101 22 curieuse
1323 2437 128 24 cependant
1467 2442 6 15 :
1487 2438 32 19 M.
1532 2437 113 24 Salengro,

1127 2462 179 22 maire-sortant,
1323 2461 89 25 député,
1427 2463 35 20 est
1477 2461 49 22 seul
1539 2462 73 21 battu.
1626 2463 20 19 A

1125 2486 92 23 Nantes,
1229 2486 22 20 la
1263 2486 106 24 majorité
1380 2486 60 21 reste
1452 2491 45 15 aux
1509 2485 137 21 cartelllstes.

1126 2511 19 20 A
1157 2511 80 23 Douai,
1246 2511 24 20 la
1281 2510 96 24 majorlé
1388 2511 59 21 reste
1458 2515 45 16 aux
1514 2510 132 23 socialistes;

1126 2535 14 20 à
1154 2535 133 24 Tourcoing,
1300 2536 51 21 tous
1364 2535 32 22 les
1408 2535 49 21 élus
1472 2535 175 24 appartiennent

1126 2564 30 17 au
1169 2560 71 21 cartel
1254 2561 39 20 des
1307 2561 104 23 gauches.
1425 2561 19 20 A
1458 2561 89 22 Nevers,
1561 2560 23 20 la
1597 2560 50 20 liste

1126 2585 100 21 ouvrière
1242 2586 31 20 du
1289 2585 172 21 maire-sortant
1477 2585 35 20 est
1528 2585 81 21 réélue.

1153 2610 43 22 Les
1210 2609 103 22 modérés
1328 2612 42 21 ont
1384 2610 71 24 perdu
1471 2610 25 21 la
1510 2609 105 25 majorité
1632 2609 14 21 à

1128 2634 159 21 Saint-Brieuc
1304 2639 30 16 au
1349 2635 71 23 profit
1434 2635 40 20 des
1489 2635 145 20 radicaux-so-

1128 2659 103 20 cialistes.
1246 2660 20 19 A
1278 2659 115 24 Bayonne,
1405 2659 33 21 les
1453 2658 181 22 radicaux-socla

1129 2683 62 20 listes
1204 2683 133 21 conservent
1351 2683 23 21 la
1387 2683 111 24 majorité.
1511 2684 20 19 A
1546 2682 100 21 Chalon-

1129 2707 132 24 sur-Saône,
1283 2711 26 17 ce
1331 2707 54 20 sont
1407 2707 33 21 les
1461 2706 124 22 socialistes
1608 2707 37 24 qui

1129 2732 96 23 gardent
1237 2732 22 20 le
1272 2732 98 24 pouvoir.
1385 2732 44 20 Par
1444 2731 84 24 contre,
1543 2731 21 21 le
1575 2731 70 21 cartel

1129 2760 15 15 a
1156 2756 70 23 perdu
1241 2756 23 19 la
1278 2755 105 24 majorité
1397 2755 14 21 à
1424 2757 94 22 Angers,
1532 2760 30 16 au
1576 2755 70 24 profit

1129 2780 39 20 des
1186 2780 109 22 modérés.
1313 2781 42 19 Les
1373 2780 124 21 socialistes
1515 2782 43 20 ont
1575 2780 71 24 perdu

1129 2803 23 22 la
1166 2804 107 24 majorité
1291 2804 15 21 il
1324 2804 113 21 Mézlères.
1455 2805 45 19 Par
1516 2805 86 24 contre,
1618 2804 28 21 ils

1129 2829 56 20 l'ont
1200 2828 86 24 gagnée
1301 2828 15 21 k
1330 2828 53 22 Albi
1396 2830 24 20 et
1436 2828 14 21 k
1466 2828 139 21 CharlevlUe.

1153 2854 23 19 A
1188 2853 70 23 Lyon,
1272 2853 22 20 le
1308 2852 97 21 résultat
1419 2852 101 22 définitif
1533 2853 75 21 donne
1624 2852 23 21 la

1122 2874 112 26 'majorité
1245 2881 45 16 aux
1301 2876 122 22 socialistes
1434 2881 40 16 sur
1485 2876 33 21 les
1527 2876 119 21 radicaux-

1129 2901 128 21 socialistes.
1271 2902 32 20 M.
1319 2901 92 21 Herriot
1426 2901 103 24 pourrait
1543 2901 58 20 donc
1617 2906 29 15 ne

1129 2926 51 24 plus
1197 2925 49 21 être
1263 2925 16 21 à
1295 2926 24 20 la
1337 2924 47 23 tête
1401 2926 29 20 de
1448 2925 197 21 l'administration

1129 2950 135 23 municipale
1276 2949 28 22 de
1314 2949 23 21 la
1347 2949 113 22 troisième
1471 2949 52 22 ville
1534 2950 29 20 de
1572 2950 62 20 Fran-

1129 2978 32 19 ce,
1173 2973 15 22 à
1201 2974 74 21 moins
1288 2974 68 24 qu'un
1371 2974 87 20 certain
1471 2974 94 21 nombre
1578 2974 69 21 d'élus

1129 2998 123 21 socialistes
1268 3002 30 16 ne
1314 2998 79 21 votent
1409 3002 58 20 pour
1483 2997 38 21 lui.
1537 2999 43 20 Les
1597 2999 49 23 sept

1129 3022 149 24 républicains
1291 3022 108 24 modérés,
1412 3022 168 21 nouvellement
1593 3022 54 22 élus,

1128 3047 78 20 seront
1219 3047 33 20 les
1268 3047 96 23 arbitres
1381 3047 29 20 de
1424 3047 23 20 la
1463 3047 110 20 situation
1591 3047 15 20 à
1621 3051 26 16 ce

1129 3071 65 23 point
1206 3071 28 21 de
1246 3075 49 16 vue.
1309 3071 32 20 La
1355 3070 130 25 proportion
1498 3071 40 20 des
1552 3070 48 21 élus
1612 3072 34 19 est

1129 3095 24 21 la
1164 3095 104 21 suivante
1286 3099 6 16 :
1308 3095 25 20 27
1346 3095 130 25 socialistes,
1488 3095 25 21 23
1528 3095 118 20 radicaux-

1123 3114 135 28 ^oclails.es,
1277 3119 13 20 1
1306 3119 108 21 modérés.

1154 3144 21 19 A
1193 3143 144 24 Angoulème,
1357 3143 23 21 la
1399 3143 106 25 majorité
1523 3148 66 20 passe
1609 3144 38 21 des

1127 3167 133 24 cartellistes
1276 3172 46 17 aux
1336 3167 109 22 modérés.

1154 3193 22 20 A
1188 3193 89 24 Troyes,
1292 3193 22 20 le
1327 3193 84 20 conseil
1422 3193 91 20 sortant
1526 3193 121 21 cortelliste

1128 3216 44 21 fait
1189 3217 65 24 place
1270 3212 16 25 à
1303 3221 45 16 une
1363 3217 155 25 municipalité
1533 3217 51 24 plus
1598 3221 38 17 mo-

1128 3241 71 23 dérée,
1211 3241 51 21 élue
1273 3246 41 16 sur
1326 3246 32 16 un
1370 3246 142 20 programme
1525 3241 112 21 anti-com-

1127 3266 105 22 muniste.

1152 3292 21 19 A
1184 3291 98 23 Amiens,
1292 3291 23 20 la
1324 3290 52 22 liste
1387 3291 31 21 du
1429 3291 71 21 cartel
1512 3293 35 20 est
1558 3291 50 22 élue
1619 3295 28 17 en

1127 3315 79 21 entier.

1155 3341 21 20 A
1187 3340 115 24 Hayange.
1315 3340 29 21 où
1356 3341 31 20 M.
1398 3340 81 24 Béron,
1492 3340 83 25 député
1585 3345 51 16 com

1128 3364 99 21 muniste
1244 3364 64 21 avait
1325 3364 36 21 été
1380 3364 37 21 élu
1432 3369 31 16 au
1478 3365 98 24 premier
1590 3365 59 23 tour,

1129 3389 62 21 toute
1208 3389 24 21 la
1248 3389 52 21 liste
1318 3389 198 22 anticommuniste
1534 3394 68 20 passa
1619 3394 29 16 au

1128 3413 117 24 ballotage.

1154 3439 21 20 A
1187 3438 119 24 Marseille,
1317 3439 24 20 la
1352 3438 58 22 liste-
1414 3438 112 22 socialiste
1538 3439 97 24 lndépen

1129 3463 69 20 dante
1212 3463 28 21 de
1256 3463 31 20 M.
1303 3462 135 24 Flaissières,
1453 3462 196 24 sénateur-maire,

1128 3487 36 20 est
1174 3487 50 20 élue
1237 3487 64 20 toute
1313 3487 92 22 entière.
1415 3488 31 21 Le
1457 3488 62 24 parti
1530 3489 24 20 S.
1566 3488 25 21 F.
1598 3489 18 20 I.
1623 3488 26 20 O.

1128 3512 58 20 n'est
1200 3512 50 24 plus
1266 3511 129 25 représenté
1411 3517 31 17 au
1455 3513 84 21 conseil
1552 3513 86 20 munici-

1129 3536 57 24 pale.

1153 3562 20 19 A
1188 3561 140 24 Strasbourg,
1340 3561 54 22 sont
1407 3561 48 22 élus
1472 3566 6 16 :
1494 3562 13 21 1
1520 3562 129 23 socialistes,

1129 3585 56 22 dont
1203 3586 32 20 M.
1253 3586 106 23 Peirotes,
1374 3586 89 24 député,
1478 3588 13 19 5
1509 3587 128 21 autonomis-

1129 3610 40 23 tes,
1183 3610 56 20 dont
1251 3611 31 20 M.
1295 3611 80 24 Hauss,
1388 3611 89 24 député,
1491 3612 13 19 2
1516 3612 121 23 progressis-

1129 3634 34 21 tes
1181 3635 176 24 autonomisant,
1375 3635 58 21 dont
1449 3637 32 19 M.
1499 3636 91 23 Dahlet,
1609 3637 28 20 dé-

1128 3658 61 25 puté.
1200 3659 13 20 4
1225 3660 111 21 membres
1349 3660 28 21 de
1387 3660 86 20 l'union
1484 3661 115 24 populaire
1612 3661 25 20 ré-

1129 3683 132 24 publicaine,
1281 3685 57 22 dont
1353 3685 32 20 M.
1405 3685 93 24 Walter,
1516 3685 89 24 député,
1624 3687 24 19 11

1128 3708 166 24 communistes,
1305 3709 57 21 dont
1373 3710 31 20 M.
1417 3711 96 21 Mourer,
1525 3710 89 25 député,
1624 3711 25 20 et

1128 3732 97 22 l'ancien
1247 3732 89 25 député,
1357 3734 31 20 M.
1411 3733 86 25 Huber;
1518 3735 13 20 7
1549 3735 88 24 républi

1128 3757 69 21 cains.

1152 3781 77 22 Parmi
1247 3782 33 21 les
1298 3783 163 21 autonomistes
1476 3783 48 22 élus
1542 3789 24 16 se
1584 3784 52 22 trou-

1128 3806 55 21 vent
1201 3806 23 21 le
1245 3807 92 21 docteur
1357 3808 67 22 Roos,
1442 3808 161 21 actuellement
1619 3814 28 17 en

1127 3830 76 25 prison
1215 3831 15 20 k
1243 3832 124 24 Besançon.
1380 3832 106 22 L'ancien
1499 3834 82 20 conseil
1592 3834 56 21 était

1127 3855 103 25 composé
1245 3856 28 20 de
1286 3856 27 20 24
1326 3856 123 22 socialistes
1464 3857 24 21 et
1503 3858 28 20 de
1548 3858 24 20 12
1585 3859 61 20 radl-

1127 3885 55 14 saux
1185 3881 138 19 -socialistes.
1337 3881 64 22 Trois
1414 3881 129 25 socialistes,
1555 3883 57 20 dont
1615 3884 32 20 M.

1127 3904 105 23 Peirotes,
1249 3904 92 23 avalent
1359 3905 54 24 posé
1432 3905 49 22 leur
1500 3907 147 22 candidature

1128 3928 57 21 dans
1200 3928 110 24 plusieurs
1325 3930 102 20 cantons.

1127 3959 37 20 LA
1173 3959 232 22 PROCLAMATION
1413 3961 56 21 DES
1478 3962 167 23 RESULTATS

1154 3988 34 20 La
1197 3989 164 23 proclamation
1373 3990 38 21 des
1421 3990 108 23 résultats
1538 3993 39 21 n'a
1588 3993 46 21 don-

1129 4011 30 22 né
1172 4012 52 23 Ueu,
1239 4013 58 21 dans
1313 4014 134 24 l'ensemble,
1463 4014 16 22 k
1494 4020 88 18 aucune
1594 4021 39 17 ma-

1130 4036 139 21 nifestation.

1154 4060 123 24 Toutefois,
1293 4061 57 22 dans
1366 4062 22 21 le
1405 4063 100 24 quartier
1520 4064 114 25 périphéri-

1130 4088 43 20 que
1193 4085 29 20 de
1244 4085 123 24 Plaisance,
1388 4086 30 21 où
1436 4087 25 21 la
1482 4089 107 23 majorité
1612 4091 34 20 est

1130 4108 78 25 passée
1225 4109 39 21 des
1281 4109 122 22 socialistes
1419 4115 45 17 aux
1480 4113 165 24 communistes,

1130 4137 46 17 une
1191 4132 63 22 foule
1268 4133 114 22 d'environ
1399 4139 34 17 un
1448 4135 83 23 millier
1548 4137 28 21 de
1593 4142 41 21 per-

1129 4161 90 19 sonnes,
1241 4161 15 17 a
1276 4157 73 22 formé
1372 4163 32 16 un
1426 4159 89 25 cortège
1534 4161 58 23 dans
1613 4162 33 21 les

1130 4185 57 18 rues.
1205 4181 35 21 Au
1257 4185 65 17 cours
1339 4182 29 21 de
1384 4183 24 21 la
1425 4183 94 25 bagarre
1538 4186 38 24 qui
1593 4186 53 21 s'est

1130 4205 110 23 produite,
1258 4206 76 23 quand
1352 4206 33 21 les
1403 4207 103 24 policiers
1520 4210 42 20 ont
1578 4211 68 20 voulu

1131 4229 109 20 disDerser
1261 4230 32 21 les
1311 4231 168 24 manifestants,
1501 4238 32 16 un
1555 4234 91 24 policier

1130 4257 16 17 a
1161 4252 37 23 été
1216 4253 77 22 blessé.
1311 4255 112 25 Quelques
1441 4257 146 22 arrestations
1605 4263 41 17 ont

1130 4276 36 22 été
1179 4277 96 25 opérées.

1156 4301 33 21 La
1211 4302 148 25 composition
1383 4303 30 22 du
1436 4308 104 19 nouveau
1562 4308 84 21 conseil

1130 4325 124 25 municipal
1270 4327 29 21 de
1312 4327 71 23 Paris,
1399 4328 35 20 est
1448 4329 24 20 la
1484 4330 105 22 suivante
1608 4336 6 16 :
1633 4333 14 19 4

1131 4350 174 25 conservateurs,
1323 4351 24 20 19
1362 4351 156 27 républicains,
1535 4355 26 19 22
1578 4355 56 25 répu-

1131 4373 94 21 blicains
1238 4374 29 21 de
1281 4375 93 24 gauche,
1387 4377 13 19 5
1415 4376 107 22 radicaux
1536 4378 98 26 indépen-

1130 4397 75 25 dants,
1218 4398 13 20 6
1244 4399 248 25 radicaux-socialistes,
1507 4402 25 21 11
1545 4403 89 22 socialis-

1131 4420 41 25 tes,
1185 4421 14 21 S
1212 4423 166 21 communistes.

1671 161 18 25 2
1740 161 37 26 U
1800 163 123 28 Dernière
1945 164 89 26 Heure
2088 164 16 24 2

1731 239 164 29 NOUVElJe
1909 234 186 35 lITTlrUIRE

1697 326 429 63 L'ASSASSIN

1684 471 9 9 ■
1706 463 78 21 J'étais
1795 464 95 20 l'amant
1898 466 31 20 de
1938 466 62 19 Mme
2009 464 89 23 Barlay,
2108 464 25 20 et
2144 468 25 16 ce

1655 487 87 24 soir-là,
1758 488 130 24 justement,
1900 490 21 20 le
1933 490 46 19 soir
1993 488 32 21 du
2038 488 84 23 drame,
2137 492 32 16 un

1656 512 87 24 caprice
1754 513 28 19 de
1793 512 24 20 la
1826 512 67 24 jeune
1903 514 82 20 femme
1997 512 92 20 m'avait
2100 516 56 20 appe-

1657 536 21 21 lé
1691 537 16 19 à
1721 537 24 20 la
1757 536 60 24 villa,
1833 537 56 20 dont
1903 538 43 21 elle
1961 536 62 22 avait
2036 536 86 24 éloigné
2138 537 32 20 les

1656 560 155 25 domestiques.
1822 561 29 20 Je
1861 562 84 20 n'avais
1959 561 54 21 cédé
2025 560 51 24 qu'à
2091 561 78 23 regret.

1657 585 26 21 Je
1694 585 82 22 n'aime
1786 584 67 24 guère
1864 586 28 21 de
1903 586 63 21 telles
1977 586 125 20 aventures.
2112 585 58 20 EUes

1656 611 53 19 sont
1725 614 44 19 peu
1787 609 105 22 délicates
1910 612 29 22 et,
1955 615 29 16 en
2001 609 74 21 même
2092 610 78 23 temps,

1657 634 154 23 dangereuses.
1822 634 156 22 L'événement
1987 639 30 16 ne
2027 634 67 20 tarda
2104 634 66 23 guère

1657 659 27 19 de
1695 662 56 16 nous
1761 662 95 20 prouver
1866 663 25 17 ce
1903 660 88 20 dernier
2002 658 70 24 point.
2083 659 20 19 Il
2114 658 55 21 était

1657 687 55 16 onze
1738 683 82 20 heures
1846 684 98 24 environ,
1968 683 113 24 lorsqu'un
2110 683 60 20 bruit

1658 711 56 16 nous
1724 707 91 24 surprit.
1827 707 34 20 Tu
1872 708 47 20 vois
1930 708 47 21 cela
1989 707 50 21 d'ici
2055 712 5 15 :
2073 708 98 22 sursaut,

1656 731 20 20 le
1687 731 33 20 cri
1729 731 147 21 traditionnel
1890 737 5 15 :
1911 740 9 10 .
1932 734 56 19 Mon
1999 731 67 21 mari!
2081 740 9 8 »
2105 732 28 20 Et
2146 735 25 16 ce

1658 756 61 20 bruit
1731 756 56 20 était
1800 756 104 22 d'autant
1916 758 50 23 plus
1979 755 126 25 inquiétant
2119 756 52 24 qu'il

1657 780 74 20 s'était
1744 781 91 23 produit
1847 781 59 20 dans
1920 781 123 21 l'intérieur
2056 780 73 20 même
2143 780 28 20 de

1658 804 24 20 la
1700 804 59 20 villa.
1776 805 51 19 Non
1844 805 124 21 seulement
1988 807 22 19 la
2031 804 63 24 grille
2111 805 61 19 avait

1658 828 36 21 été
1705 829 91 20 ouverte
1809 833 55 16 sans
1877 834 42 19 que
1932 834 57 16 nous
2003 829 114 20 l'eussions
2131 834 28 15 en-

1660 853 76 23 tendu,
1749 853 59 21 mals
1821 858 32 16 on
1868 855 61 20 avait
1944 853 99 23 traversé
2056 853 21 21 le
2090 854 83 23 jardin,

1659 879 78 19 ouvert
1754 877 15 20 à
1783 881 43 17 son
1840 879 53 20 tour
1908 879 22 21 la
1946 879 64 24 porte
2028 879 28 20 de
2074 879 24 20 la
2113 879 59 20 mal-

1658 906 49 18 son,
1716 903 25 19 et
1752 902 46 20 l'on
1807 902 57 20 était
1873 908 29 15 au
1913 903 195 21 rez-de-chaussée
2120 903 52 23 déjà

1660 926 88 23 lorsque
1762 926 71 21 l'éveil
1846 931 56 16 nous
1917 928 62 20 avait
1992 926 36 21 été
2043 927 81 21 donné.
2140 928 33 19 De

1661 950 63 20 telles
1758 950 142 24 précautions
1916 956 29 17 ne
1959 951 121 24 pouvaient
2096 951 77 21 laisser

1660 974 63 44 Slace
1736 974 15 20 à
1764 979 75 16 aucun
1849 976 74 20 doute.
1949 977 30 20 Le
2009 976 58 20 mari
2093 976 80 20 savait,

1679 1003 42 15 ous
1734 999 73 20 étions
1821 999 55 24 pris!

1685 1056 10 10 •
1717 1048 96 20 Troublé
1835 1053 85 18 comme
1940 1054 30 16 on
1990 1049 49 20 l'est
2056 1054 28 16 en
2105 1050 71 24 pareil

1660 1077 44 18 cas,
1718 1073 23 23 je
1753 1078 37 15 me
1804 1073 75 20 laissai
1893 1079 91 19 pousser
1999 1075 57 19 dans
2070 1079 32 15 un
2115 1075 50 19 cabi-

1658 1098 40 19 net
1708 1098 29 19 d-î
1748 1097 95 23 toilette,
1854 1098 30 22 et,
1893 1099 28 20 de
1934 1099 30 23 là.
1976 1099 22 23 Je
2009 1098 74 24 prêtai
2093 1098 81 20 l'orell-

1660 1123 27 19 ie.
1698 1122 39 20 Un
1746 1122 108 23 moment,
1865 1123 101 24 j'espérai
1977 1128 43 19 que
2030 1127 58 16 nous
2100 1123 77 20 avions

1659 1146 36 20 été
1708 1146 21 21 le
1740 1146 63 24 jouet
1815 1147 67 21 d'une
1894 1147 170 23 hallucination,
2075 1152 40 15 car
2124 1152 40 19 per-

1659 1174 71 18 sonne
1745 1175 30 17 ne
1789 1171 99 21 montait
1901 1172 115 22 l'escalier;
2033 1171 65 23 mals,
2112 1171 52 21 bien-

1661 1194 41 24 tôt,
1721 1195 23 24 je
1761 1199 80 20 perçus
1858 1196 28 20 de
1903 1200 117 17 nouveaux
2039 1196 78 23 bruits,
2131 1195 47 21 très

1662 1219 76 24 légers.
1755 1219 34 20 La
1806 1220 82 22 pensée
1905 1225 36 16 me
1957 1220 51 21 vint
2025 1221 92 20 d'abord
2136 1225 42 19 que

1659 1243 83 25 Barlay
1752 1244 97 23 guettait
1860 1248 53 17 mon
1924 1245 79 24 départ
2015 1249 56 19 pour
2084 1245 91 20 m'atta-

1661 1273 55 40 3uer
1732 1268 16 20 à
1763 1268 150 24 l'improvlste,
1929 1274 29 16 au
1974 1269 45 20 lieu
2037 1269 27 20 de
2081 1269 97 20 m'abor-

1677 1297 24 16 er
1717 1297 30 16 en
1761 1293 52 20 face
1832 1297 6 16 :
1856 1293 140 25 supposition
2011 1293 105 20 d'autant
2128 1294 51 23 plus

1662 1316 170 22 vraisemblable
1845 1322 43 19 que
1902 1318 23 23 je
1937 1317 74 21 savais
2025 1322 42 19 par
2080 1322 27 16 sa
2120 1318 48 20 fem-

1661 1345 36 16 me
1709 1351 28 5 —
1747 1345 46 20 car,
1805 1341 39 23 lui.
1857 1342 22 23 Je
1889 1346 30 16 ne
1930 1342 21 21 le
1963 1342 139 21 connaissais
2114 1342 65 24 point

1703 1365 74 22 divers
1794 1366 67 20 traits
1879 1367 27 20 de
1924 1366 89 21 lâcheté
2030 1366 38 24 qui
2086 1371 30 15 en
2133 1366 34 20 fai-

1661 1389 76 21 saient
1754 1394 34 16 un
1805 1394 139 21 personnage
1961 1395 64 16 assez
2040 1390 139 25 méprisable.

1662 1415 64 20 Dans
1741 1415 28 22 de
1788 1414 43 21 tels
1848 1415 106 24 instants,
1970 1415 120 23 d'ailleurs,
2107 1420 31 15 on
2155 1420 25 16 se

1662 1439 66 21 laisse
1740 1438 112 21 aisément
1863 1443 83 20 gagner
1958 1444 45 16 aux
2014 1439 61 21 Idées
2086 1439 33 21 les
2129 1440 51 24 plus

1663 1463 113 21 absurdes.
1792 1463 30 21 Et
1839 1464 55 20 c'est
1911 1464 58 20 ainsi
1987 1464 108 23 qu'ayant
2112 1468 68 20 perçu

1662 1491 29 17 ou
1704 1491 41 17 cru
1756 1486 120 25 percevoir,
1889 1493 43 19 peu
1946 1487 72 25 après,
2029 1488 39 20 des
2080 1488 88 21 chucho-

1664 1512 98 20 tements
1779 1511 105 24 étouffés,
1914 1512 124 24 j'imaginai
2056 1516 50 20 que,
2122 1517 60 16 venu

1663 1540 57 20 pour
1737 1541 33 16 un
1787 1536 97 23 constat,
1901 1537 22 21 le
1940 1536 59 21 mari
2015 1541 25 16 se
2057 1537 124 20 concertait

1664 1565 54 16 avec
1732 1560 24 20 la
1767 1560 79 24 police,
1863 1566 29 15 au
1907 1562 61 22 sujet
1983 1561 40 20 des
2039 1561 143 24 dispositions

1663 1584 15 21 à
1693 1584 103 24 prendre.
1811 1586 21 20 Il
1848 1585 73 23 fallut,
1935 1590 56 20 pour
2006 1590 42 19 que
2064 1585 23 20 la
2102 1585 79 21 réalite

1664 1609 129 24 m'anparût
1807 1609 71 22 enfin,
1894 1610 53 20 d'un
1962 1609 69 21 éclair
2044 1610 68 23 subit,
2139 1615 43 19 que

1664 1629 144 28 j'entendisse
1825 1634 50 20 tout
1895 1634 14 20 à
1925 1639 57 19 ooup
2003 1634 23 20 la
2042 1633 64 24 grUle
2120 1634 48 20 s'ou-

1664 1658 52 23 vrir,
1733 1663 55 16 sans
1805 1658 137 24 précaution,
1961 1658 59 21 cette
2040 1658 50 24 fois,
2108 1660 24 19 et
2150 1664 31 16 un

1664 1687 41 19 pas
1722 1683 117 20 s'avancer
1856 1682 160 21 délibérément
2033 1687 42 19 par
2094 1683 21 20 le
2133 1683 36 24 Jar-

1664 1707 46 20 din.
1723 1707 163 22 Evidemment,
1897 1707 76 21 c'était
1983 1707 32 21 lul
2028 1707 38 24 qui
2078 1708 104 23 rentrait,

1665 1732 24 20 et
1702 1731 39 24 qui
1755 1731 98 21 rentrait
1867 1731 125 21 seulement
2006 1731 16 20 à
2035 1731 97 24 présent,
2147 1732 36 25 pt,

1664 1760 43 20 par
1718 1755 66 23 suite,
1798 1760 56 16 ceux
1868 1756 37 23 qui
1919 1756 106 20 l'avaient
2038 1756 99 24 précédé,
2144 1757 38 23 qui

1664 1784 25 18 se
1704 1780 103 20 tenaient
1822 1785 29 16 en
1864 1780 46 23 bas,
1923 1780 110 21 n'étaient
2048 1780 76 22 autres
2139 1785 43 20 que

1665 1805 40 20 des
1717 1804 98 21 voleurs!

1692 1862 9 9 n
1716 1853 135 24 Justement,
1864 1854 38 21 dès
1914 1855 22 20 le
1946 1854 57 21 seuil
2016 1854 28 21 de
2055 1854 23 21 la
2088 1855 94 23 maison,

1665 1882 45 17 une
1722 1878 51 21 voix
1784 1878 81 21 s'éleva
1875 1880 39 23 qui
1924 1878 123 21 s'étonnait
2060 1883 7 15 :

1691 1935 12 11 v
1718 1938 29 7 —
1761 1928 129 20 Comment!
1907 1929 35 20 Tu
1957 1933 26 16 as
1998 1928 66 21 laissé
2079 1928 24 21 la
2118 1929 65 24 porte

1666 1952 104 20 ouverte?

1692 2009 10 11 •
1717 2002 37 20 Du
1769 2002 77 23 palier,
1860 2003 61 21 Mme
1936 2002 90 24 Barlay,
2040 2002 142 24 tremblante,

1665 2026 119 21 s'informa
1800 2031 7 16 :

1692 2083 10 10 »
1717 2085 27 6 —
1756 2075 61 22 C'est
1830 2075 46 21 toi?

1691 2132 11 11 •
1718 2135 27 6 —
1758 2125 60 21 Sans
1832 2125 77 21 doute!

1691 2183 10 9 »
1717 2175 36 22 Et,
1766 2175 52 20 tout
1829 2179 32 16 en
1875 2175 107 21 montant
1996 2174 114 24 l'escalier,
2122 2175 46 19 Bar-

1667 2199 37 25 lay
1716 2199 98 23 répétait
1829 2204 7 15 :

1692 2257 10 10 »
1715 2259 27 5 —
1752 2248 111 26 Pourquoi
1874 2249 58 20 cette
1943 2249 65 24 porte
2020 2248 109 22 était-elle
2142 2253 28 17 ou-

1667 2273 75 21 verte?

623 5182 39 28 ON
687 5182 68 28 FAIT
777 5182 119 29 SAUTER
921 5184 18 28 U
944 5184 18 28 N
988 5185 99 28 PONT!

621 5236 116 25 Belgrade,
749 5236 24 20 12
784 5237 46 20 mal
884 5238 38 20 On
932 5239 83 21 mande
1025 5239 29 21 de
1064 5240 33 20 Za-

597 5260 54 25 greb
666 5260 85 24 qu'hier
767 5261 46 20 soir
830 5265 45 16 une
891 5261 115 23 explosion
1023 5263 29 21 de
1068 5263 30 24 dy-

597 5284 85 21 namite
698 5289 14 16 a
726 5283 85 22 détruit
825 5284 166 24 partiellement
1006 5290 33 16 un
1052 5288 58 23 petit

597 5309 57 20 oont
670 5308 68 21 établi
754 5312 39 16 sur
810 5308 23 20 la
850 5308 64 21 route
931 5309 28 20 de
977 5309 85 24 Zagreb
1080 5316 29 16 au

597 5333 81 24 viUage
692 5332 29 21 de
737 5331 113 21 Brezovlk.
866 5331 34 21 La
915 5332 71 23 police
1002 5337 15 16 a
1032 5335 78 20 ouvert

598 5362 44 17 une
657 5355 95 26 enquête
769 5360 57 20 pour
843 5355 80 21 établir
938 5356 32 22 les
986 5360 79 19 causes
1083 5359 26 20 de

597 5382 37 21 cet
647 5380 110 22 accident.
770 5390 27 5 —
809 5380 82 21 Havas.

1179 4482 63 29 UNE
1264 4479 112 34 SOIRÉE
1400 4485 197 36 DRAMATIQUE

1266 4527 20 29 A
1307 4528 162 29 SCHAERBE
1472 4531 39 28 EK

1156 4590 31 22 Le
1204 4591 78 22 Cercle
1297 4592 142 26 dramatique
1459 4602 9 10 ■
1476 4595 56 21 Mon
1547 4596 80 22 Studio
1635 4610 9 5 -

1129 4618 16 16 a
1160 4615 74 21 donné
1251 4617 87 21 samedi
1355 4617 15 21 à
1388 4618 146 24 Schaerbeek,
1549 4625 45 16 une
1609 4626 25 16 re-

1130 4638 153 24 présentation
1299 4645 30 17 au
1341 4642 72 23 profit
1428 4642 40 21 des
1484 4651 10 10 •
1507 4643 82 23 soirées
1606 4645 27 21 lit

1130 4662 91 23 tératres
1235 4665 23 21 et
1272 4665 118 21 musicales
1406 4674 18 13 •.

1154 4687 39 21 Un
1207 4688 75 24 public
1297 4693 62 17 assez
1374 4690 123 21 nombreux
1515 4692 99 21 assistait
1631 4693 15 21 à

1129 4711 59 21 cette
1202 4712 72 21 soirée
1291 4718 6 16 :
1315 4718 57 16 nous
1384 4718 71 18 avons
1468 4719 99 18 reconnu
1582 4718 63 20 Mme

1131 4735 74 25 Jadin,
1224 4736 117 23 directrice
1362 4738 28 21 de
1409 4738 80 22 l'Ecole
1508 4740 124 23 profession-

1128 4759 59 21 nelle
1198 4761 25 21 et
1234 4761 31 21 M.
1278 4762 112 22 Massaux,
1402 4762 81 21 ancien
1492 4763 112 22 directeur
1616 4765 28 20 de

1130 4783 79 21 l'Ecole
1242 4785 147 24 industrieUe;
1408 4786 32 21 M.
1456 4787 71 20 Oscar
1555 4788 91 23 Btltiau,

1129 4807 114 23 président
1265 4809 31 20 du
1315 4810 147 23 groupement
1492 4810 151 26 postscolaire;

1129 4831 94 24 Verbist,
1237 4833 115 24 président
1363 4834 28 21 de
1405 4834 23 20 la
1441 4841 9 10 «
1464 4834 105 22 Semeuse
1583 4843 18 15 »,
1612 4836 33 21 les

1130 4856 110 21 membres
1258 4857 32 21 du
1304 4857 84 22 comité
1407 4858 163 24 organisateur;
1592 4860 53 20 Mlle

1130 4880 152 24 Langaskens;
1305 4881 60 21 MM.-
1384 4880 61 25 Oits;
1465 4881 52 21 Van
1548 4883 95 24 Molder;

1130 4903 62 21 René
1209 4904 69 24 Oalis;
1301 4905 99 23 Martyn,
1415 4905 43 21 etc.

1155 4928 41 21 Les
1212 4928 77 23 Jeunes
1306 4929 127 21 comédiens
1448 4930 28 21 de
1492 4937 10 10 •
1520 4931 56 21 Mon
1590 4931 43 21 Stu-

1129 4951 37 21 dio
1182 4959 10 10 •
1208 4952 115 21 n'avalent
1337 4957 42 20 pas
1387 4953 78 21 craint
1480 4954 28 21 de
1520 4954 82 21 mettre
1615 4959 29 16 en

1129 4975 67 22 scène
1212 4975 133 23 l'amusante
1363 4977 106 21 fantaisie
1488 4986 9 9 ■
1513 4978 42 20 Les
1568 4978 77 21 Fleurs

1130 5000 123 24 d'Oranger
1272 5008 19 16 »,
1305 5001 29 20 de
1348 5001 111 20 Blrabeau
1477 5002 24 20 et
1515 5001 84 25 Dolley.
1614 5002 31 21 Us

1129 5024 122 21 réussirent
1262 5024 15 21 à
1288 5029 28 17 en
1327 5025 87 20 donner
1425 5029 45 16 une
1482 5024 47 22 très
1538 5025 57 22 belle
1607 5026 25 21 in-

1130 5047 156 25 terprétation;
1305 5047 112 22 l'élément
1434 5048 102 24 féminin,
1549 5054 57 19 pour
1618 5054 28 17 sa

1129 5072 59 24 part,
1200 5076 25 17 se
1239 5072 91 20 montra
1343 5072 130 21 réellement
1484 5072 15 21 à
1511 5072 23 21 la
1548 5074 96 20 hauteur

1129 5096 33 21 de'
1168 5101 28 15 sa
1208 5096 75 21 tâche;
1301 5096 73 20 citons
1388 5096 64 19 Mlles
1466 5096 67 23 Cody.
1548 5097 96 24 Crahay,

1130 5121 124 21 Lemmens,
1270 5119 119 21 StUlekens
1405 5120 23 19 et
1442 5119 126 22 Alexandre
1584 5122 24 20 et
1621 5121 25 21 la

1131 5152 10 10 «
1152 5144 54 21 Star
1220 5151 9 11 •
1244 5144 31 20 du
1287 5147 90 20 groupe,
1387 5143 54 21 Mlle
1452 5144 181 23 Marie-Madelei-

1129 5173 30 16 ne
1174 5169 73 22 Wery,
1263 5167 100 21 lauréate
1379 5167 29 20 de
1424 5168 79 19 l'Ecole
1517 5168 58 20 d'art
1591 5169 41 21 dra-

1129 5192 99 24 matique
1244 5192 31 20 du
1288 5191 146 24 groupement
1445 5190 150 24 postscoliire,
1606 5192 39 25 qui

1129 5221 25 16 se
1170 5216 91 21 montra
1276 5214 145 21 comédienne
1436 5214 28 21 de
1480 5215 71 23 grand
1567 5215 78 22 talent.

1130 5241 37 20 On
1181 5240 34 20 les
1229 5238 117 25 applaudit
1361 5242 54 16 avec
1426 5237 93 24 vigueur
1533 5239 24 20 et
1569 5239 76 21 c'était

1129 5263 87 26 justice.

1154 5288 34 20 En
1202 5285 129 24 l-'.rmèdî,
1343 5285 85 21 Marcel
1442 5285 104 24 Antoine,
1557 5291 30 17 en
1599 5287 45 21 bon

1130 5311 131 23 humoriste,
1277 5309 123 24 interpréta
1416 5309 172 24 quelques-unes
1617 5311 29 21 de

1129 5339 37 16 ses
1179 5334 51 25 plus
1246 5333 101 22 récentes
1359 5333 164 25 compositions.

1156 5358 20 20 n
1189 5363 14 19 y
1212 5360 41 19 eu;
1265 5362 57 19 pour
1334 5357 55 21 finir
1402 5361 45 17 une
1458 5357 93 23 redoute
1562 5359 82 25 coupée

1130 5386 41 20 par
1185 5382 19 20 le
1218 5382 71 24 tirage
1305 5381 65 22 d'une
1383 5380 104 22 tombola.
1500 5381 28 21 Q.

1694 2331 10 10 »
1720 2333 28 6 —
1764 2323 40 21 Je..

1667 2348 71 21 t-eUe.

1833 2323 22 24 je
1872 2328 28 15 ne
1915 2323 46 21 sais
1977 2323 76 24 pas!...
2071 2322 107 21 balbutia-

1695 2406 9 9 »
1723 2398 59 20 Sans
1797 2397 74 23 doute,
1888 2397 42 21 elle
1947 2397 117 24 craignait,
2081 2402 29 15 en
2127 2397 45 21 inci-

1667 2422 51 20 tant
1733 2426 55 17 mon
1803 2422 59 20 mari
1875 2422 15 21 à
1905 2422 88 20 fouiller
2008 2422 24 20 la
2045 2422 95 22 maison,
2155 2422 28 19 de

1669 2448 7 18 1
1684 2452 91 15 amener
1789 2446 15 20 à
1817 2451 37 16 me
1868 2446 123 24 découvrir;
2008 2451 29 16 ou
2050 2446 60 23 bien,
2123 2451 50 15 com-

1668 2476 37 16 me
1722 2470 138 25 mol-même,
1876 2471 42 21 elle
1934 2470 78 25 espéra
2031 2475 43 20 que
2091 2471 24 20 la
2133 2471 40 23 pré-

1667 2500 67 17 sence
1745 2496 55 21 d'un
1811 2495 91 21 homme
1915 2495 102 21 suffirait
2030 2495 15 20 à
2058 2495 82 21 mettre
2154 2496 31 19 les

1669 2520 159 21 cambrioleurs
1844 2524 29 16 en
1888 2519 64 22 fuite.
1967 2520 101 22 Ceux-ci,
2084 2524 31 16 au
2130 2524 44 16 con-

1669 2544 76 22 traire,
1766 2544 125 21 arrêtaient
1913 2549 45 16 une
1978 2544 103 21 nouvelle
2100 2543 74 22 résolu-

1669 2569 55 24 tion,
1737 2569 156 21 l'exécutaient
1906 2568 59 25 déjà.
1977 2568 139 21 Bondissant
2129 2569 58 20 dans

1669 2593 107 21 l'escalier
1792 2598 40 17 sur
1849 2593 59 21 leurs
1921 2593 130 24 espadrilles
2068 2593 106 21 silencieu-

1668 2623 43 19 ses,
1731 2618 59 21 deux
1809 2618 91 20 bandits
1920 2617 151 25 rejoignaient
2104 2617 83 24 Barlay

1669 2647 87 16 comme
1766 2642 16 21 11
1794 2641 84 22 entrait
1891 2643 56 20 dans
1960 2647 25 15 sa
1997 2642 113 20 chambre.
2122 2642 32 20 Ils
2166 2642 20 21 le

1669 2667 153 23 terrassaient,
1853 2666 144 21 arrachaient
2014 2667 29 20 de
2057 2667 25 20 la
2099 2666 87 21 fenêtre

1669 2692 62 20 Mme
1746 2691 90 24 Barlay,
1852 2692 38 23 qui
1904 2692 33 22 s'y
1952 2691 57 21 était
2025 2690 91 22 élancée
2130 2695 57 20 pour

1667 2716 58 24 jeter
1735 2720 33 16 un
1778 2717 66 22 appel
1855 2720 31 16 au
1898 2715 88 21 dehors.
1997 2716 61 19 Tout
2069 2715 49 20 cela
2130 2715 22 23 je
2163 2715 21 19 le

1667 2740 108 23 devinais,
1794 2740 23 23 Je
1836 2739 22 21 le
1874 2739 82 24 voyais,
1973 2744 57 19 pour
2047 2739 60 20 ainsi
2126 2739 56 22 dire;

1669 2764 134 25 J'entendais
1815 2764 21 21 le
1847 2764 62 21 bruit
1920 2764 27 20 de
1959 2764 24 20 la
1993 2764 64 23 lutte,
2067 2763 107 22 l'ébranle-

1668 2790 65 19 ment
1742 2789 34 21 du
1791 2789 116 25 plancher,
1921 2788 33 22 les
1969 2788 79 21 heurts
2062 2789 40 20 des
2117 2792 69 19 murs,

1668 2813 21 21 le
1701 2813 56 21 choc
1771 2813 39 21 des
1822 2813 106 24 meubles,
1939 2813 40 21 des
1991 2813 44 20 cris
2045 2813 30 20 de
2088 2812 98 21 détresse

1668 2842 29 16 ou
1711 2838 30 20 de
1754 2837 78 21 colère.
1845 2838 57 20 Mon
1912 2837 125 22 hésitation
2051 2837 38 20 fut
2103 2837 81 20 courte.

1668 2861 122 21 Découvrir
1803 2866 38 16 ma
1856 2859 113 26 présence,
1984 2860 68 21 livrer
2066 2861 67 21 notre
2148 2865 25 16 se-

1668 2886 86 20 cret?...
1773 2885 59 22 Ma's
1848 2884 20 21 si
1884 2889 33 17 un
1935 2885 70 21 crime
2022 2885 81 19 s'allait
2122 2889 50 16 com-

1669 2910 120 20 mettre?...
1806 2909 25 21 Si
1845 2910 62 20 Mme
1921 2909 121 24 Barlay?...
2059 2909 37 21 Ou
2111 2909 73 23 même

1668 2934 143 24 simplement
1824 2938 42 16 son
1878 2933 98 21 mari?...

1697 2992 10 9 »
1721 2983 152 23 Résolument,
1897 2983 23 24 Je
1939 2983 91 24 poussai
2049 2983 28 20 ila
2100 2984 64 24 porte
2174 2988 6 18 ;

1669 3008 121 24 j'apparus,
1807 3012 55 16 mon
1877 3008 100 21 revolver
1994 3013 30 15 en
2040 3008 70 22 main.
2128 3009 57 20 L'un

1670 3033 40 20 des
1724 3033 98 24 bandits,
1836 3032 16 20 à
1866 3037 26 15 ce
1906 3033 102 20 moment
2023 3032 78 24 précis,
2117 3033 68 20 levait

1668 3061 32 16 un
1710 3057 97 20 couteau
1820 3061 41 16 sur
1874 3057 90 23 Barlay.
1976 3057 26 21 Je
2017 3057 60 20 tirai.
2092 3057 20 20 H
2124 3057 47 20 tom-

1669 3082 36 21 ba,
1718 3082 24 20 et
1755 3081 80 21 l'autre
1846 3081 46 24 prit
1904 3082 23 20 la
1938 3081 64 21 fuite.
2014 3081 84 24 Barlay
2110 3081 76 29 s'était

1669 3105 79 22 relevé.
1764 3106 21 20 Il
1802 3110 39 16 me
1855 3106 103 23 regarda,
1975 3106 24 20 et
2015 3105 24 21 la
2052 3105 95 23 stupeur
2163 3106 21 21 le

1670 3130 69 21 laissa
1764 3130 122 20 silencieux
1912 3130 98 25 d'abord,
2036 3129 77 21 tandis
2136 3135 48 19 que,

1669 3155 54 20 d'un
1734 3154 79 23 rapide
1825 3158 57 19 coup
1896 3155 65 20 d'œil.
1973 3154 23 24 Je
2007 3154 123 21 constatais
2142 3159 43 20 que

1669 3180 61 19 Mme
1748 3178 84 24 Barlay
1853 3178 58 21 était
1927 3178 103 22 étendue,
2053 3179 132 22 bâillonn'êe,

1670 3208 29 15 en
1712 3204 88 20 travers
1813 3203 30 20 du
1856 3203 34 21 lit.

1697 3261 10 10 »
1720 3263 27 5 —
1760 3253 28 21 Je
1801 3257 55 16 vous
1868 3253 112 22 remercie,
1996 3253 61 20 dit-il
2072 3253 71 20 enfin.
2158 3254 27 20 Je

1670 3277 59 20 crois
1740 3277 53 20 bien
1806 3281 43 20 que
1863 3277 23 24 je
1900 3282 56 16 vous
1971 3278 47 21 dois
2033 3277 22 20 la
2069 3278 42 20 vie.
2126 3278 60 20 Mals

1670 3302 40 23 j'ai
1722 3302 23 20 le
1758 3301 61 21 droit
1831 3301 28 22 de
1872 3306 54 17 vous
1939 3306 65 20 poser
2017 3306 45 17 une
2076 3302 107 23 question.

1670 3326 46 23 Qui
1727 3325 121 25 étes-vous,
1858 3326 24 21 et
1893 3329 112 20 comment
2016 3330 55 17 vous
2083 3328 99 21 trouvez-

1670 3354 55 18 vous
1737 3350 43 20 ici?

1697 3407 9 9 »
1721 3399 28 21 Je
1763 3398 33 22 lul
1815 3398 74 22 tendis
1907 3404 40 20 jna
1964 3399 61 22 carte
2042 3399 31 24 et,
2091 3400 94 21 voulant

1671 3422 77 23 éluder
1761 3427 7 15 :

1697 3481 10 10 »
1720 3483 27 8 —
1757 3473 32 21 Le
1800 3473 51 25 plus
1862 3474 82 24 pressé,
1957 3474 75 24 dis-je,
2045 3473 34 22 est
2091 3474 28 21 de
2131 3478 41 22 por-

1670 3499 35 20 ter
1714 3503 89 15 secours
1812 3498 16 20 à
1838 3499 61 21 Mme
1910 3499 89 23 Barlay.

1697 3556 8 8 «
1720 3548 60 20 D'un
1794 3547 69 24 geste,
1877 3548 17 21 il
1911 3548 75 22 arrêta
2003 3549 22 20 le
2041 3548 144 21 mouvement

1671 3576 42 20 que
1729 3572 23 24 je
1767 3573 149 24 commençais
1932 3577 50 16 vers
1997 3572 21 21 le
2034 3571 33 22 Ut.

1697 3630 10 10 »
1720 3632 28 5 —
1758 3622 100 21 Pardon!
1874 3623 60 21 C'est
1946 3626 53 17 mon
2014 3621 91 21 affaire!

1696 3680 10 10 »
1721 3672 59 23 Puis,

1670 3697 62 21 carte
1747 3701 6 17 :

1800 3675 70 22 ayant
1891 3672 45 25 Jeté
1957 3672 32 20 les
2010 3676 57 20 yeux
2087 3676 39 16 sur
2146 3676 39 17 ma

1694 3750 10 10 »
1721 3751 28 6 —
1764 3740 121 24 Monsieur,
1897 3739 147 24 déclara-t-U,
2073 3738 23 25 Je
2118 3739 53 20 n'ou

1669 3766 79 21 bUerai
1763 3765 51 21 rien
1828 3765 30 22 de
1874 3769 26 17 ce
1915 3769 43 20 que
1974 3764 22 24 Je
2012 3768 56 16 vous
2081 3763 58 21 dois!
2156 3764 27 21 Je

1669 3795 54 16 vous
1737 3789 152 24 demanderai,
1904 3788 112 25 toutefois,
2032 3792 33 16 un
2080 3792 103 17 nouveau

1668 3815 90 24 service,
1772 3814 68 24 qu'un
1855 3814 78 24 galant
1947 3814 90 20 homme
2052 3816 31 16 ne
2096 3812 87 21 saurait

1668 3839 94 20 refuser.
1785 3838 62 20 Nous
1868 3842 97 17 sommes
1983 3836 66 23 seuls,
2068 3840 55 17 sans
2147 3836 23 21 té-

1668 3863 80 24 moins,
1764 3872 29 6 —
1809 3866 40 16 car
1867 3866 26 17 ce
1909 3860 118 23 misérable
2045 3865 30 16 ne
2093 3861 89 23 compte

1668 3886 54 26 déjà
1739 3886 52 25 plus
1813 3890 6 16 :
1838 3886 18 20 il
1874 3885 96 26 agonise;
1989 3884 68 21 Votre
2076 3884 106 25 présence

1668 3911 35 24 Ici,
1716 3910 15 22 k
1742 3910 93 25 pareiUe
1849 3911 76 25 heure,
1937 3910 47 22 doit
1995 3910 116 20 demeurer
2117 3909 53 24 Igno-

1667 3935 44 21 rée.
1730 3935 20 20 Il
1769 3934 52 21 faut
1840 3934 57 22 donc
1911 3936 47 23 "que
1974 3935 22 19 le
2013 3932 126 24 meurtrier,
2157 3938 25 16 ce

1667 3959 45 22 soit
1721 3958 53 25 mol,
1786 3958 52 25 mol,
1849 3959 23 20 le
1881 3959 65 26 mari,
1957 3957 45 22 mol
2013 3957 55 25 seul,
2080 3957 65 20 enfin
2148 3957 6 21 I

1694 4009 11 12 »
1718 4002 28 22 Je
1757 4001 130 22 m'inclinai.
1898 4000 23 24 Il
1934 4000 70 26 reprit
2021 4005 6 16 :

1694 4053 10 10 »
1717 4055 28 5 —
1755 4044 147 22 Auriez-vous
1913 4044 148 24 l'obligeance,
2075 4044 66 23 alors,
2154 4044 27 21 de

1667 4073 37 17 me
1719 4068 87 22 confier
1820 4069 64 21 votre
1900 4070 74 19 arme?
1989 4068 21 21 Il
2023 4068 36 21 est
2074 4068 28 21 de
2117 4068 64 22 toute

1667 4092 109 21 nécessité
1795 4097 43 21 que
1857 4093 23 25 je
1900 4093 73 25 puisse
1990 4092 24 21 la
2031 4091 115 25 présenter
2166 4093 15 21 k

1667 4116 156 22 l'instruction.

1872 4144 81 15 •firir-n.

1693 4168 11 11 »
1716 4169 29 7 —
1755 4160 60 21 C'est
1825 4160 70 25 juste!
1908 4160 74 25 dis-je.

1694 4211 9 10 »
1717 4203 57 21 Mon
1784 4204 101 21 revolver
1896 4203 80 26 déposé
1989 4206 40 17 sur
2042 4207 31 21 up
2086 4202 95 24 meuble,

1667 4227 23 25 je
1700 4227 75 21 sortis.
1785 4228 34 20 La
1828 4228 101 22 dernière
1940 4227 72 21 vision
2022 4231 43 20 que
2075 4227 93 24 j'empor-

1668 4251 34 22 tai
1713 4252 28 21 de
1753 4251 25 22 la
1789 4251 62 25 pièce
1864 4253 35 21 est
1911 4253 53 20 celle
1977 4252 29 21 de
2017 4252 62 20 Mme
2091 4251 90 25 Barlay,

1667 4275 102 24 toujours
1782 4275 95 23 étendue
1888 4282 40 16 sur
1940 4277 22 20 le
1972 4276 33 20 lit.
2017 4276 41 20 Ses
2070 4279 57 20 yeux
2141 4276 27 20 de-

1667 4300 126 21 meuraient
1809 4300 47 21 clos
1876 4301 59 22 mais
1950 4304 32 18 un
1998 4299 60 24 léger
2074 4299 94 21 tremble-

1667 4324 66 20 ment
1747 4328 30 17 en
1791 4324 82 24 agitait
1888 4326 22 22 le
1925 4328 73 21 corps;
2016 4327 42 17 son
2073 4323 37 21 col
2124 4323 57 22 était

1668 4347 98 24 dégrafé,
1786 4352 94 21 presque
1899 4354 40 18 nu,
1955 4349 23 20 et
1993 4352 27 16 sa
2040 4347 99 24 poitrine
2155 4353 26 16 se

1667 4372 110 21 soulevait
1797 4372 16 20 à
1832 4377 70 21 coups
1922 4373 94 24 rapides.
2035 4371 49 21 EUe
2104 4371 77 24 vivait,

1667 4396 72 25 enfin,
1757 4396 124 21 bâillonnée
1898 4396 129 23 seulement,
2044 4400 55 17 sans
2116 4397 64 20 autre

1667 4420 54 21 mal.
1730 4421 40 23 Or,
1779 4420 68 22 chose
1855 4420 168 26 épouvantable,
2033 4420 81 23 atroce,
2123 4420 45 20 lors-

1667 4449 44 19 que
1728 4444 25 21 la
1768 4444 81 25 justice
1864 4447 80 21 arriva,
1963 4445 40 20 elle
2021 4443 58 23 était
2096 4445 82 20 morte!

1667 4468 81 25 Morte,
1762 4468 120 26 étranglée,
1898 4470 22 21 le
1935 4470 34 20 col
1982 4468 61 21 serré
2059 4468 53 21 d'un
2127 4468 41 21 fou-

1667 4492 59 21 lard!

1693 4543 10 10 »
1717 4536 61 20 Pour
1792 4536 54 24 moi,
1862 4542 87 17 aucune
1965 4535 122 22 hésitation
2100 4535 80 22 n'était

1667 4560 96 24 possible
1778 4564 7 16 :
1801 4560 120 26 l'assassin,
1935 4560 76 22 c'était
2024 4560 22 20 le
2059 4559 68 22 mari!

1694 4610 10 10 »
1717 4603 51 23 Que
1787 4603 66 27 faire,
1873 4603 139 29 cependant?
2031 4603 32 20 Le
2083 4602 96 24 foulard,

1668 4627 178 26 naturellement,
1858 4633 31 17 ne
1900 4629 33 21 lul
1944 4626 143 26 appartenait
2096 4631 52 20 pas;
2162 4627 17 21 il

1667 4651 78 21 l'avait
1782 4660 7 8 >-
1798 4653 119 24 emprunté
1923 4661 10 10 •
1967 4656 30 16 au
2033 4651 145 20 cambrioleur

1667 4676 66 21 mort.
1750 4675 30 21 Et
1796 4678 114 21 comment
1925 4678 24 20 la
1967 4675 79 24 justice
2063 4675 116 21 n'eût-elle

1667 4703 41 19 pas
1721 4699 78 24 ajouté
1809 4700 34 22 foi
1856 4701 15 21 à
1883 4707 27 16 sa
1923 4699 137 23 déclaration
2073 4698 52 25 qu'à
2137 4703 42 17 son

1667 4719 86 25 arrivée
1763 4724 22 20 le
1796 4725 147 21 cambrioleur
1955 4724 56 21 était
2023 4722 52 25 déjà
2088 4723 57 20 dans
2155 4723 24 21 la

1667 4747 112 23 chambre,
1791 4749 53 24 qu'U
1857 4750 63 22 avait
1932 4748 42 22 tiré
1985 4752 53 17 sous
2051 4746 23 21 la
2086 4750 93 18 menace

1667 4771 31 21 du
1717 4772 96 22 couteau
1831 4774 26 20 et
1876 4772 127 26 qu'ensuite,
2020 4770 84 21 s'étant
2129 4775 36 16 em-

1667 4795 75 24 pressé
1754 4795 16 21 k
1784 4797 98 22 secourir
1894 4802 28 17 sa
1936 4797 89 21 femme,
2039 4795 18 21 U
2070 4794 64 21 avait
2148 4796 29 19 dû

1667 4819 114 22 constater
1792 4820 22 21 le
1828 4822 75 22 crime.
1917 4822 27 20 Je
1956 4825 30 16 ne
2000 4819 92 24 pouvais
2105 4819 73 21 même

1667 4847 41 20 pas
1723 4844 124 25 escompter
1863 4846 22 20 le
1899 4844 139 24 témoignage
2054 4843 29 20 de
2098 4843 80 21 l'autre

1666 4867 153 23 cambrioleur.
1831 4870 84 24 Barlay
1925 4869 53 21 n'en
1987 4867 63 21 avait
2061 4871 42 21 pas
2114 4867 52 21 souf-

1666 4891 32 21 flé
1708 4892 57 23 mot;
1779 4896 31 17 on
1817 4898 32 16 ne
1860 4894 21 22 le
1892 4891 164 24 rechercherait
2066 4891 70 25 point,
2147 4896 31 16 on

1666 4915 121 24 l'Ignorait!
1806 4917 71 25 Alors,
1892 4916 110 26 apporter,
2018 4919 54 16 sans
2090 4919 88 20 preuve,

1666 4944 33 16 un
1708 4944 82 17 roman
1800 4940 205 23 invraisemblable?
2017 4939 59 20 Salir
2085 4939 79 20 inutile-

1665 4964 66 21 ment
1742 4965 25 20 la
1778 4964 107 23 mémoire
1897 4967 28 20 de
1939 4965 23 21 la
1974 4963 126 20 victime?...
2114 4963 63 21 Dans

1666 4992 55 16 mon
1741 4988 149 25 indignation,
1912 4990 31 21 du
1960 4987 80 23 moins,
2063 4987 57 20 dans
2138 4991 39 16 ma

1667 5012 93 21 douleur
1771 5013 67 25 aussi,
1849 5014 24 24 je
1881 5019 38 16 me
1929 5011 116 27 précipitai
2055 5011 54 20 chez
2119 5011 46 21 Bar-

1666 5036 44 25 lay,
1731 5036 72 24 forçai
1821 5042 28 16 sa
1868 5039 73 23 porte;
1964 5036 23 24 Je
2008 5034 32 21 lul
2060 5034 56 25 jetai
2135 5039 42 17 son

1666 5060 95 21 infamie
1776 5065 31 17 au
1819 5061 82 25 visage,
1917 5062 22 24 je
1951 5060 22 21 le
1988 5058 126 25 provoquât
2129 5059 47 20 Lul.

1666 5083 84 21 haussa
1765 5085 33 20 les
1814 5085 88 24 époules
1922 5090 6 16 :
1945 5085 23 24 je
1983 5083 33 21 lul
2032 5082 62 22 avals
2108 5083 68 21 sauvé

1666 5107 25 22 la
1707 5108 45 24 vie;
1773 5108 29 22 de
1819 5109 53 25 mol,
1889 5110 18 21 il
1924 5107 109 25 accotait
2051 5107 75 20 toutes
2144 5107 32 21 les

1665 5132 96 25 injures!

1691 5182 12 12 »
1715 5185 29 7 —
1759 5175 25 22 Si
1800 5181 56 17 vous
1871 5181 81 21 croyez,
1968 5173 69 25 dit-U,
2052 5172 123 23 dénoncez-

1665 5199 56 22 moi!

1692 5250 10 10 »
1715 5243 36 24 Et,
1766 5243 79 25 depuis
1859 5249 27 16 ce
1898 5246 79 22 temps,
1991 5241 85 21 acheva
2088 5240 87 22 Deblez,

1666 5266 24 25 je
1699 5267 48 21 n'ai
1755 5267 82 24 Jamais
1848 5269 50 24 plus
1909 5270 81 20 d'arme
2000 5270 39 16 sur
2048 5264 55 24 mol;
2117 5265 46 23 J'au-

1665 5290 47 22 rais
1729 5296 62 19 peur,
1808 5297 30 15 en
1853 5293 22 21 le
1891 5289 151 25 rencontrant,
2059 5289 29 21 de
2104 5288 71 21 n'être

1665 5319 43 20 pas
1721 5315 82 21 maître
1817 5316 28 21 de
1861 5321 54 17 mon
1930 5315 60 25 geste
2005 5316 24 18 et
2045 5312 28 22 de
2088 5313 21 21 le
2125 5313 50 19 tuer

1666 5344 86 17 comme
1764 5344 32 17 un
1807 5340 75 22 chien!
1892 5350 10 11 »

1911 5382 71 23 JEAN
1996 5379 153 23 REIBRACH.

2191 235 76 48 LE
2304 234 222 49 GRAND
2563 236 145 48 PRIX

2274 305 58 44 DE
2364 303 178 48 BRUXEL
2547 304 80 48 LES

2191 394 22 30 A
2233 393 231 31 L'HIPPODROME
2483 393 40 30 DE
2537 394 171 31 BOITSFORT

2258 462 74 31 FETE
2351 463 40 30 DE
2409 457 183 36 L'ÉLÉGANCE
2610 464 37 29 ET

2370 507 43 30 DU
2433 507 99 30 SPORT

2218 569 44 20 Sur
2277 574 31 15 un
2324 568 153 24 hippodrome,
2490 573 30 15 on
2535 569 117 20 rencontre
2667 569 29 20 ab-

2192 593 113 21 solument
2323 594 51 19 tous
2391 593 32 20 les
2438 597 79 19 genres
2534 593 27 20 de
2580 594 81 20 monde
2677 598 31 15 un

2193 618 51 24 jour
2265 618 28 20 de
2315 618 80 20 Grand
2418 617 58 20 Prix.
2498 618 41 19 Les
2561 618 83 23 grands
2665 618 32 19 sei-

2194 647 81 19 gneurs
2290 642 31 20 les
2333 642 51 23 plus
2399 641 158 24 authentiques
2571 646 14 19 y
2599 641 111 21 voisinent

2194 671 53 16 avec
2263 667 31 20 les
2309 667 74 19 rastas
2396 667 28 19 de
2440 666 23 20 la
2478 666 50 23 plus
2542 666 57 20 belle
2615 670 48 19 eau,
2677 666 33 20 les

2194 691 83 24 grands
2295 690 115 25 bourgeois
2428 690 32 21 les
2476 690 50 23 plus
2543 690 65 23 calés,
2624 694 14 19 y
2655 694 54 16 cou-

2195 715 76 21 dolent
2283 715 39 21 des
2337 719 150 20 personnages
2502 715 56 20 dont
2573 714 32 21 les
2619 718 91 20 moyens

2195 739 132 21 d'existence
2344 740 53 19 sont
2413 738 153 24 Impalpables.

2218 765 42 19 Les
2273 771 10 10 •
2297 764 77 24 poules
2387 770 9 10 •
2411 763 52 21 font
2473 763 24 20 la
2509 762 80 21 liaison
2602 763 64 21 entre
2677 763 33 20 les

2195 792 94 20 groupes
2307 789 23 20 et
2347 788 155 24 transportent
2518 786 32 21 les
2564 787 46 20 fins
2627 787 84 24 tuyaux

2195 813 27 20 de
2237 813 46 20 l'un
2299 812 15 20 à
2330 812 104 20 l'autre...

2220 837 111 20 Boitsfort
2346 842 14 14 a
2375 836 50 20 créé
2440 840 58 19 pour
2513 835 50 21 tout
2579 840 25 16 ce
2620 839 79 16 mouve-

2196 862 63 20 ment
2268 866 31 16 un
2311 861 67 21 décor
2389 865 42 24 que
2444 861 21 20 le
2477 860 41 24 joli
2529 859 58 21 mois
2598 860 27 20 de
2638 860 47 19 mai
2698 864 14 15 a

2196 886 66 20 fleuri
2276 886 85 20 ...C'est
2374 884 46 21 très
2434 884 46 24 Joli.
2494 885 21 20 H
2529 888 14 19 y
2556 889 15 15 a
2584 888 31 16 un
2629 884 82 20 monde

2196 910 39 21 fou
2250 914 30 16 au
2293 914 105 19 pesage...
2414 910 45 20 Des
2474 909 104 22 toilettes,
2592 908 40 20 des
2645 908 68 20 belles

2196 935 122 22 madames,
2333 934 39 20 des
2384 934 78 23 Jeunes
2477 933 60 21 filles
2551 937 29 16 en
2594 932 66 22 fleur,
2674 932 39 20 des

2196 959 73 20 moins
2283 959 78 23 jeunes
2376 958 59 20 filles
2448 958 38 24 qui
2499 957 51 20 font
2564 957 96 22 illusion,
2675 956 38 20 des

2197 984 71 20 beaux
2283 983 126 22 messieurs,
2425 982 40 20 des
2480 982 76 23 petltsi
2565 981 79 24 Jeunes
2659 984 55 20 gens

2197 1008 38 23 qui
2244 1012 26 16 se
2280 1007 114 24 prennent
2406 1006 53 24 déjà
2469 1005 154 22 terriblement
2636 1009 29 16 au
2677 1004 25 21 sé-

2197 1032 68 20 rieux.
2278 1032 20 19 Il
2311 1036 15 19 y
2340 1036 14 15 a
2369 1031 114 23 beaucoup
2497 1030 28 20 de
2540 1030 97 23 Joueurs.

2222 1057 42 21 Les
2281 1056 113 20 donneurs
2409 1055 53 20 sont
2476 1054 48 24 pris
2540 1053 100 22 d'assaut
2652 1053 50 21 litté-

2199 1080 116 21 ralement.
2332 1080 44 20 Sur
2391 1080 49 20 leur
2455 1079 59 23 petit
2529 1078 65 23 banc,
2611 1077 28 21 Us
2654 1082 49 15 sem-

2199 1105 63 20 blent
2275 1105 40 20 des
2329 1108 97 19 nageurs
2440 1108 42 19 que
2495 1103 21 21 le
2528 1102 45 22 flot
2586 1103 29 20 de
2629 1103 24 20 la
2667 1106 48 17 mer

2199 1129 107 21 humaine
2319 1128 62 21 vient
2393 1128 81 21 battre.

2223 1153 59 21 Rien
2293 1158 29 15 ne
2336 1153 33 20 les
2382 1152 81 23 émeut,
2476 1151 49 21 rien
2536 1156 29 16 ne
2577 1150 32 21 les
2622 1150 93 21 trouble.

2224 1177 126 23 Posément,
2365 1177 28 20 ils
2408 1176 114 24 prennent
2535 1176 33 20 les
2582 1175 89 23 enjeux,
2685 1174 19 20 fi-

2199 1202 54 20 xent
2266 1202 21 20 le
2299 1201 69 21 client
2381 1201 53 20 d'un
2447 1200 71 20 mot...
2531 1200 58 20 Leur
2599 1200 51 19 aide
2662 1199 54 20 note

2200 1231 54 15 avec
2266 1225 51 22 soin
2331 1226 24 20 et
2366 1229 29 19 ça
2407 1230 14 19 y
2434 1225 58 21 est...
2506 1225 20 19 A
2540 1228 33 16 un
2587 1223 89 21 autre...

2225 1251 35 20 Au
2272 1250 53 20 Pari
2339 1249 95 22 Mutuel,
2449 1253 31 16 on
2509 1248 35 21 est
2571 1248 51 24 plus
2639 1247 77 20 calme.

2200 1274 57 22 Bien
2275 1273 124 25 sagement,
2419 1273 15 20 à
2453 1273 24 20 la
2495 1272 40 21 fUe
2553 1271 114 24 Indienne,
2685 1272 32 20 les

2200 1298 80 21 cUents
2294 1298 109 20 viennent
2419 1297 105 24 apporter
2539 1296 49 20 leur
2603 1295 58 20 belle
2677 1299 27 20 ga-

2201 1324 55 20 lette
2268 1327 29 17 en
2308 1322 99 23 échange
2418 1322 28 21 de
2455 1321 95 24 laqueUe
2561 1325 30 16 on
2601 1320 49 21 leur
2660 1320 46 20 don-

2201 1352 28 16 ne
2243 1352 32 16 un
2288 1346 70 22 ticket
2371 1351 54 16 avec
2437 1350 33 17 un
2483 1344 118 22 numéro...

2227 1371 60 21 C'est
2304 1371 21 21 le
2343 1371 38 23 jeu
2397 1374 55 17 sans
2468 1369 77 23 fièvre,
2561 1372 55 17 sans
2633 1368 85 21 bruit...

2202 1396 86 24 Çswn'a
2302 1400 42 20 pas
2359 1395 49 20 l'air
2423 1394 107 21 amusant
2545 1394 32 20 du
2591 1392 74 22 tout...
2682 1393 37 20 On

2202 1421 52 20 n'en
2271 1425 14 15 a
2300 1424 41 19 pas
2355 1424 57 19 pour
2423 1423 44 16 son
2481 1417 105 25 argent...

2226 1444 101 21 Tentons
2341 1444 24 20 la
2380 1443 95 21 chance!
2492 1442 64 21 Voilà
2572 1447 32 15 un
2620 1441 47 21 ami
2682 1441 37 23 qui

2200 1469 33 23 s'y
2247 1468 98 21 connaît.
2358 1468 20 20 H
2392 1468 34 21 est
2438 1466 108 22 désabusé
2558 1467 25 20 et
2592 1465 126 24 tranquille.

2202 1493 20 20 Il
2237 1497 93 20 songe...
2349 1493 21 20 Il
2389 1497 15 16 a
2421 1492 21 20 le
2460 1491 101 24 gagnant
2578 1490 139 25 peut-être...

2202 1516 190 23 Demandons-lui
2406 1521 34 16 un
2456 1515 107 21 conseil...

2229 1549 12 12 *
2252 1542 38 20 Un
2302 1541 89 23 conseil,
2403 1539 152 22 s'écrle-t-il...
2569 1539 149 21 Volontiers...

2203 1567 32 21 Ce
2246 1566 52 25 qu'il
2310 1566 53 20 faut
2373 1564 102 25 Jouer?...
2490 1564 87 20 «Garde
2589 1564 26 20 ta
2625 1563 93 23 galette»

2203 1591 24 21 et
2239 1599 9 8 »
2263 1590 68 21 Reste
2345 1590 55 20 chez
2413 1589 34 21 toi
2462 1597 34 11 »...
2512 1593 25 16 ce
2550 1588 53 20 sont
2616 1587 32 21 les
2662 1587 58 21 deux

2204 1615 112 21 meSUeurs
2336 1614 101 20 chevaux
2459 1613 39 24 qui
2532 1612 98 21 existent
2655 1612 67 25 rfans

2204 1639 117 24 n'Importe
2342 1638 72 21 ouelle
2434 1637 113 21 course!...
2568 1644 10 10 »

2229 1672 10 9 »
2256 1664 71 20 Ah!...
2344 1663 92 20 Bien!...
2454 1661 105 21 Merci!...
2577 1669 10 9 »

2228 1687 95 25 Puisque
2344 1692 57 16 nous
2422 1686 94 20 n'avons
2535 1689 42 20 pos
2598 1685 29 20 de
2644 1684 77 24 tuyau,

2204 1712 72 21 allons
2290 1717 32 16 un
2335 1716 44 21 peu
2395 1711 58 25 Jeter
2468 1715 32 16 un
2515 1709 82 25 regard
2612 1708 15 22 à
2641 1709 24 20 la
2680 1713 28 20 pe-

2203 1737 85 21 louse...

2368 1761 37 20 LA
2424 1758 130 22 PELOUSE

2228 1790 26 20 Si
2263 1790 22 21 le
2294 1793 80 21 pesage
2384 1789 35 20 est
2427 1787 115 25 peut-être
2551 1792 32 16 un
2592 1791 44 26 peu
2646 1786 74 21 moins

2203 1824 26 6 —
2243 1819 15 15 a
2273 1814 65 24 peine
2354 1813 74 20 moins
2442 1822 27 5 —
2482 1808 120 28 surpeuplé
2617 1814 42 21 que
2674 1810 46 20 l'an

2204 1838 94 23 dernier,
2310 1843 30 16 en
2351 1838 50 20 face
2411 1841 31 17 on
2454 1837 69 20 dirait
2533 1840 42 20 que
2586 1835 33 21 les
2631 1834 89 21 records

2203 1863 53 20 sont
2274 1862 77 21 battus
2361 1877 14 4 ..
2395 1862 33 19 La
2447 1861 89 23 pelouse
2556 1860 36 20 est
2609 1859 64 21 noire
2693 1859 27 20 de

2204 1887 88 21 monde.
2311 1887 42 20 Les
2376 1886 110 23 baraques
2507 1883 39 26 qui
2567 1883 100 21 abritent
2688 1883 33 20 les

2205 1920 9 9 •
2225 1911 69 22 books
2306 1919 9 10 »
2329 1911 55 21 sont
2395 1911 39 20 des
2447 1909 52 21 Ilots
2510 1912 40 17 sur
2562 1913 44 17 une
2618 1912 49 16 mer
2679 1907 28 21 ob-

2203 1940 71 17 scure.

2228 1960 60 21 Tout
2299 1959 16 21 à
2326 1959 92 23 l'heure,
2430 1963 31 16 un
2475 1956 127 22 contrôleur
2614 1961 58 16 nous
2684 1956 24 21 di-

2205 1985 45 21 sait
2264 1989 43 20 que
2319 1983 24 21 la
2357 1983 62 21 foule
2433 1982 93 25 pouvait
2541 1981 48 22 être
2603 1980 90 21 évaluée
2708 1979 14 21 à

2206 2009 68 21 11.000
2286 2013 122 20 personnes
2421 2007 82 21 là-bas.
2516 2005 35 21 Au
2565 2009 87 20 pesage,
2664 2009 58 16 nous

2202 2037 98 17 sommes
2318 2033 14 20 4
2350 2037 29 16 ou
2398 2032 57 23 5,000
2471 2030 121 25 peut-être.

2228 2058 34 45 §a
2278 2057 69 21 suffit
2359 2056 77 21 bien...

2250 2087 17 16 n
2277 2081 119 21 rencontre
2408 2079 151 22 évidemment
2568 2078 22 21 le
2600 2078 110 21 tout-Bru-

2204 2107 67 20 xelles
2282 2106 52 21 civil
2345 2107 25 20 et
2380 2105 113 21 mUitaire.
2505 2104 31 20 Le
2548 2103 103 24 chapeau
2664 2102 57 20 haut

2204 2132 29 20 de
2248 2131 73 21 forme
2334 2131 37 20 est
2386 2134 30 16 en
2429 2127 113 23 minorité.
2558 2127 22 22 Z
2595 2132 30 16 en
2641 2127 36 20 est
2693 2126 29 21 de

2205 2155 45 21 très
2270 2155 74 21 beaux
2363 2153 134 24 cependant,
2517 2156 86 17 comme
2623 2151 22 21 le
2664 2151 58 24 gris-

2204 2181 61 23 perle
2281 2180 29 20 de
2340 2179 32 20 M.
2389 2177 120 24 Raymond
2538 2175 124 22 Vaxelalre.
2680 2179 42 20 par

2205 2204 105 21 exemnle,
2319 2208 30 16 ou
2359 2203 21 20 ie
2388 2201 142 22 huit-reflets
2540 2201 27 20 de
2578 2201 31 19 M
2620 2200 28 20 de
2659 2199 62 20 Ball-

2205 2223 133 27 let-Làtour,
2353 2226 116 26 président
2485 2226 31 21 du
2531 2224 154 24 Jockey-Club
2699 2224 23 20 et

2204 2251 151 23 commissaire
2369 2252 28 20 de
2411 2251 90 21 service.

2229 2279 20 19 A
2262 2277 24 20 la
2301 2277 89 20 tribune
2403 2276 40 20 des
2457 2273 165 26 propriétaires,
2638 2277 31 16 on
2684 2277 25 16 re-

2205 2301 138 22 connaissait
2358 2301 51 20 tout
2425 2304 25 16 ce
2466 2299 38 25 qui
2520 2298 46 21 fait
2580 2297 74 21 courir
2668 2296 55 21 chez

2205 2331 63 17 nous.

2229 2352 63 19 Nous
2308 2354 70 17 avons
2395 2347 119 22 rencontré
2540 2347 39 21 des
2603 2350 105 20 représen-

2207 2375 62 21 tants
2280 2375 27 20 de
2320 2375 52 19 tous
2384 2373 33 22 les
2431 2377 65 19 corps
2507 2372 27 21 de
2546 2371 93 21 l'Etat...
2654 2369 56 21 Déci-

2205 2399 98 22 dément,
2314 2398 94 20 l'avenir
2419 2397 28 20 de
2458 2397 24 19 la
2493 2400 52 16 race
2558 2394 117 21 chevaline
2688 2393 34 21 est

2206 2423 77 21 assuré
2294 2427 57 19 pour
2362 2422 94 24 quelque
2469 2421 73 23 temps
2553 2423 104 17 encore..,

2231 2448 32 20 M.
2277 2446 100 21 Maurice
2393 2445 114 25 Herbette,
2521 2443 161 21 ambassadeur
2694 2442 28 20 de

2206 2473 93 21 Franoe.
2311 2470 81 22 n'était
2404 2474 41 20 pas
2457 2470 23 21 le
2490 2469 48 21 seul
2552 2467 121 24 diplomate
2681 2471 41 19 que

2206 2501 57 16 nous
2280 2500 70 19 ayons
2365 2493 119 22 rencontré
2500 2494 58 20 dans
2574 2493 32 19 les
2623 2496 100 19 groupes.

2231 2519 162 22 Evidemment,
2405 2517 96 22 l'armée,
2514 2518 23 19 la
2551 2515 109 21 cavalerie
2672 2520 38 16 sur-

2209 2545 55 23 tout,
2282 2544 35 21 est
2336 2543 46 21 très
2404 2541 147 25 représentée.
2571 2542 61 19 Nous
2654 2544 69 16 avons

2207 2573 99 16 reconnu
2323 2568 21 20 le
2365 2566 90 25 général
2475 2567 51 19 Van
2546 2564 175 23 Langendonck;

2207 2593 32 20 les
2251 2592 97 22 colonels
2358 2591 122 24 Landrain,
2492 2590 88 21 Scheid,
2592 2590 97 22 Donnay
2695 2588 28 21 de

2208 2617 106 23 Casteau;
2333 2616 33 20 les
2381 2615 86 24 majors
2484 2615 28 19 de
2528 2614 84 24 Meeus,
2628 2613 51 20 aide
2696 2613 27 20 de

2208 2645 66 19 camp
2292 2641 31 20 du
2342 2640 42 23 roi,
2402 2639 130 25 Reyntiens,
2548 2638 52 21 Van
2619 2637 91 24 Langen-

2207 2665 80 24 donck,
2300 2665 25 20 et
2340 2664 52 20 bien
2406 2664 121 20 d'autres...

2232 2690 21 20 H
2263 2693 15 20 y
2289 2689 62 21 avait
2362 2688 116 20 beaucoup
2483 2687 51 30 plus
2545 2687 28 20 dc
2585 2686 138 24 spectateurs

2208 2718 43 20 que
2267 2714 28 20 de
2313 2713 123 20 chevaux...
2455 2707 159 25 évidemment!

2233 2737 59 21 Mais
2305 2742 25 15 ce
2344 2737 57 21 n'est
2416 2741 42 20 pas
2472 2740 45 16 une
2530 2736 77 20 raison
2622 2739 57 20 pour
2691 2736 32 20 les

2208 2761 108 21 oublier...

2362 2785 52 20 LES
2429 2784 139 21 CHEVAUX

2232 2816 58 21 Rien
2307 2815 58 21 n'est
2381 2815 51 24 plus
2449 2815 40 23 joli
2503 2815 81 23 qu'une
2600 2818 78 16 course
2695 2814 28 20 de

2207 2845 43 19 pur
2268 2845 79 18 sang...
2380 2840 34 20 La
2431 2839 81 21 beauté
2543 2839 31 21 du
2605 2838 62 24 geste
2685 2838 41 21 des

2207 2864 121 23 montures,
2347 2864 24 20 la
2390 2864 92 21 couleur
2504 2863 32 21 du
2562 2862 118 26 spectacle,
2682 2861 40 22 "la

2208 2889 61 21 foule
2288 2888 129 24 ondoyante
2435 2888 26 20 et
2478 2886 99 23 vivante,
2601 2886 52 21 tout
2675 2885 48 22 cela

2207 2912 50 22 crée
2273 2917 45 16 une
2337 2911 142 25 atmosphère
2498 2911 15 21 à
2531 2911 97 25 laquelle
2645 2915 31 16 on
2695 2915 30 16 ne

2208 2938 54 23 peut
2276 2937 72 20 rester
2362 2936 127 21 insensib'e.

2232 2962 50 19 Une
2291 2961 57 20 belle
2359 2960 86 21 arrivée
2456 2960 57 21 dans
2522 2959 22 22 le
2553 2959 62 23 bruit
2625 2963 43 21 que
2679 2959 45 22 fait

2208 2989 31 16 un
2255 2985 76 24 public
2346 2984 96 22 emballé
2459 2989 30 16 ne
2505 2985 55 24 peut
2576 2984 78 20 laisser
2670 2988 41 26 per-

2207 3014 72 16 sonne
2296 3014 55 16 sans
2370 3009 124 20 émotion...
2516 3009 38 21 On
2575 3009 35 20 est
2629 3007 95 24 soulevé,

2209 3033 123 24 emporté...
2349 3033 38 20 On
2401 3033 45 20 crie
2460 3033 85 20 aussi...

2233 3058 32 20 Le
2274 3058 53 20 Prix
2339 3057 27 21 de
2375 3057 144 25 Ravenstein,
2531 3057 22 20 le
2563 3057 54 20 Prix
2629 3057 28 21 de
2667 3057 57 21 Bré-

2208 3082 81 20 derode
2309 3082 78 20 furent
2406 3081 155 21 Intéressants.
2580 3082 33 19 La
2632 3081 92 21 victoire

2208 3106 28 21 de
2253 3114 9 9 «
2270 3106 81 22 Rieuse
2359 3113 9 9 •
2386 3105 57 21 dans
2458 3106 21 21 le
2493 3105 53 21 Prix
2561 3106 28 20 de
2604 3106 24 20 la
2643 3105 68 21 Made-

2208 3130 58 20 leine
2280 3130 37 20 fut
2331 3134 45 16 une
2389 3129 93 22 victoire
2495 3129 54 21 bien
2561 3129 91 24 gagnée,
2666 3129 59 21 mais

2208 3154 22 20 le
2246 3154 51 21 clou
2315 3154 28 22 de
2360 3155 24 19 la
2401 3153 96 21 réunion
2516 3153 57 23 était
2591 3154 22 21 le
2632 3154 91 20 Grand-

2208 3178 76 20 Prix...

2232 3203 31 19 Le
2283 3202 86 20 colonel
2385 3202 125 24 Hageman,
2536 3202 103 24 toujours
2664 3203 60 20 aussi

2209 3226 107 24 classique
2333 3237 27 4 —
2376 3226 116 24 redingote
2510 3227 64 23 grise,
2593 3227 59 20 fleur
2670 3227 14 19 à
2702 3227 23 20 la

2208 3250 146 21 boutonnière
2381 3251 183 21 haut-de-forme
2585 3251 53 23 gris,
2658 3252 67 23 gants

2208 3275 24 20 et
2248 3274 89 25 guêtres
2353 3273 79 23 Vlancs
2450 3285 27 5 —
2496 3275 105 30 présenta
2619 3275 33 21 les
2670 3280 44 16 con-

2208 3299 108 23 currents,
2333 3301 40 22 qui
2387 3298 126 24 défilèrent,
2530 3300 67 20 tenus
2614 3304 29 16 en
2661 3300 63 20 main

2208 3327 42 20 par
2269 3323 39 21 des
2326 3324 57 22 lads,
2402 3324 71 20 avant
2491 3322 79 22 d'aUer
2587 3324 97 24 prendre
2702 3324 22 20 le

2208 3347 80 24 départ
2308 3348 40 23 qui
2361 3348 38 20 fut
2413 3347 52 21 bon.

2233 3372 31 20 Le
2279 3371 62 22 train
2357 3371 57 23 était
2429 3372 47 20 très
2491 3372 79 24 rapide
2584 3377 30 16 au
2630 3377 95 20 passage

2208 3396 39 20 des
2261 3396 107 21 tribunes,
2381 3395 30 21 où
2426 3403 9 10 »
2443 3396 44 20 Roi
2500 3397 67 19 Soleil
2575 3405 10 9 »
2599 3397 26 21 et
2640 3405 9 9 •
2656 3397 67 20 Nlco-

2208 3419 48 21 let»
2276 3420 117 20 menaient
2408 3420 23 20 le
2447 3420 39 21 lot.

2234 3451 9 9 »
2252 3444 50 20 Maf
2302 3448 45 19 uga
2357 3444 74 24 Mingi
2438 3452 9 9 »
2462 3445 124 20 remontait
2595 3445 94 26 bientôt,
2701 3447 23 19 et

2208 3468 94 21 arrivait
2316 3473 30 16 en
2361 3468 48 21 tête
2424 3469 58 20 dans
2497 3469 24 20 la
2535 3469 60 24 ligne
2611 3469 78 21 droite.
2705 3472 19 18 A

2207 3496 26 17 ce
2247 3493 108 22 moment,
2372 3493 69 23 «Gay
2455 3493 84 22 Lord»,
2554 3498 28 16 en
2596 3493 76 25 pleine
2685 3499 27 16 ac-

2207 3516 56 25 tion,
2277 3517 87 24 passait
2376 3522 31 16 en
2418 3517 48 22 tête
2479 3518 25 20 et
2516 3517 87 22 lâchait
2615 3518 23 21 le
2651 3518 39 22 lot.
2704 3519 20 20 Il

2208 3541 93 23 gagnait
2321 3545 43 20 par
2384 3541 56 21 trois
2461 3541 120 24 longueurs
2602 3543 24 19 et
2645 3543 79 20 demie.

2209 3572 9 10 •
2226 3565 78 24 Lévl»,
2323 3565 38 24 qui
2380 3570 26 16 se
2425 3566 147 24 rapprochait
2600 3567 31 20 du
2658 3567 54 20 vain-

2207 3593 76 20 queur,
2296 3590 96 21 arrivait
2403 3590 90 20 second.

2234 3620 9 11 ,,
2251 3613 52 24 Gay
2313 3614 60 20 Lord
2380 3622 9 10 »
2400 3614 36 20 est
2446 3619 33 15 un
2489 3614 139 25 magnifique
2639 3615 85 23 alezan,

2207 3637 116 24 splendide
2345 3642 29 16 en
2397 3638 82 22 action,
2501 3639 21 20 n
2544 3639 38 24 fut
2602 3640 48 20 fort
2672 3640 51 21 bien

2207 3661 77 21 monté
2298 3666 43 20 par
2353 3662 98 24 Morjau.

2233 3686 37 20 On
2285 3690 15 20 y
2310 3686 35 21 vit
2359 3686 28 21 de
2401 3687 65 24 Jolies
2479 3687 122 21 toUettes...
2617 3688 30 22 Le
2662 3693 49 16 mor-

2208 3709 53 21 doré
2277 3710 35 20 est
2327 3710 15 21 à
2357 3710 25 21 la
2395 3711 72 24 mode,
2483 3711 59 21 ainsi
2556 3717 43 19 que
2614 3712 32 21 les
2659 3714 63 19 robes

2206 3734 52 24 plus
2273 3734 92 24 longues
2381 3734 98 22 derrière
2495 3740 43 20 que
2553 3737 90 20 devant.

2232 3758 37 20 On
2281 3762 16 21 y
2309 3758 35 21 vit
2357 3759 116 25 beaucoup
2483 3760 29 20 de
2526 3760 64 24 Jolies
2603 3761 117 21 femmes...

2231 3782 33 20 La
2273 3786 52 19 race
2337 3784 35 20 est
2384 3783 46 21 loin
2441 3784 52 21 d'en
2505 3784 49 21 être
2565 3785 107 25 perdue...
2672 3796 28 5 —
2699 3786 22 21 S.

2734 234 207 63 LES
3010 236 621 83 FAITS-DIVEn

2746 347 56 20 DES
2812 346 94 21 COUPS
2916 347 39 19 DE
2964 347 57 19 FEU
3030 348 77 21 DANS
3117 348 38 20 LA
3164 347 79 21 NUIT.

2727 381 27 5 —
2769 371 49 20 Rue
2832 370 122 23 Pierreuse,
2969 370 15 20 à
2999 370 71 25 Liège,
3085 372 24 20 la
3125 371 72 25 police
3214 375 28 16 en

2728 395 118 23 patrouille
2862 399 15 14 a
2890 394 86 24 surpris
2991 399 31 16 un
3036 396 98 20 individu
3150 400 30 16 en
3193 395 50 20 état

2729 419 103 21 d'ivresse
2844 418 38 24 qui
2896 418 63 20 tirait
2972 419 39 19 des
3023 423 68 20 coups
3103 420 28 20 de
3144 419 100 21 revolver

2727 448 40 17 sur
2780 443 23 21 la
2816 443 49 20 voie
2878 443 110 24 publique.
3000 443 115 22 L'homme
3126 450 14 15 a
3153 444 36 20 été
3204 443 28 21 dé-

2729 467 80 23 sarmé,
2831 466 75 21 arrêté
2924 470 23 19 et
2968 467 43 21 mis
3032 467 14 20 à
3068 468 22 20 la
3112 468 131 24 disposition

2729 492 31 19 du
2779 495 121 20 procureur
2918 491 31 20 du
2967 492 40 19 roi.
3026 492 60 21 C'est
3103 497 32 16 un
3154 492 90 20 nommé

2729 515 84 24 Joseph
2827 515 110 23 Boucher,
2949 515 82 23 forain,
3044 516 110 21 domicilié
3168 516 14 21 à
3197 517 36 19 Na-

2729 544 57 17 mur.
3204 547 12 9 •

2879 584 218 43 Eaaaa

2762 654 57 32 LE
2833 652 157 33 CHANT
3009 653 207 33 D'AMOUR

2825 698 27 16 Le
2869 698 42 18 plu»
2927 700 62 15 croisa
3009 699 108 18 production
3134 699 24 16 d*

2877 730 28 21 D.
2914 729 34 22 W.
2960 729 144 23 GRIFFITH

2874 764 44 14 IM
2932 762 69 15 JETTA
3018 762 93 15 COUDAI,

2810 788 59 17 LUPE
2883 787 71 17 VELEZ
2966 788 19 16 «t
2997 788 101 16 WILLIAM
3111 788 64 16 OOYD

2905 814 79 15 Artistes
3002 814 81 16 Associés
3175 812 56 18 (H202

2807 846 285 26 ""Tïoc^
3091 854 75 17 d'éTitcr

2872 874 24 16 de
2908 874 48 16 ftlre
2968 874 19 16 la
2999 892 33 3 __
3043 874 18 16 le
3073 875 39 15 iolr

3562 578 60 37 Raer^J

2761 927 79 19 POUR
2864 925 109 21 CESSER
2995 925 38 19 DE
3057 924 152 21 SOUFFRIR.
3225 933 26 5 —

2735 950 120 20 Souffrant
2868 951 68 19 d'une
2948 949 98 20 maladie
3059 949 27 20 de
3099 948 98 24 po'.trine
3209 948 28 20 de-

2735 974 50 24 puis
2793 974 127 24 longtemps
2928 975 24 20 et
2962 973 125 24 n'espérant
3097 977 88 16 aucune
3195 971 43 24 gué-

2735 998 60 20 rlson
2823 1003 33 16 un
2876 998 108 20 habitant
3011 997 28 21 de
3066 996 184 21 Gràce-Berleur.

2736 1023 31 21 M.
2785 1022 107 24 François
2910 1021 123 24 Maréchal,
3056 1022 54 20 s'est
3134 1020 49 24 logé
3207 1025 44 16 une

2736 1047 59 21 balle
2807 1048 29 19 de
2849 1046 100 21 revolver
2961 1046 58 20 dans
3032 1045 23 21 la
3069 1045 52 21 tête.
3132 1045 31 21 Le
3176 1044 63 22 déses-

2736 1071 53 24 péré
2800 1076 15 15 a
2827 1071 37 20 été
2877 1070 114 24 foudroyé.
3001 1071 32 19 Sa
3044 1070 90 21 femme,
3146 1070 106 20 rentrant

2737 1095 65 24 après
2815 1100 45 16 une
2874 1095 77 20 courte
2965 1094 94 20 absence
3072 1098 43 20 que
3129 1094 21 20 le
3162 1093 90 21 malade

2737 1120 43 20 mit
2790 1123 14 16 a
2817 1119 76 24 profit,
2904 1118 115 21 découvrit
3031 1117 21 22 le
3063 1118 96 20 cadavre
3171 1118 28 20 de
3210 1121 42 17 son

2737 1144 146 20 malheureux
2895 1143 78 25 époux.

2984 1185 32 17 o-
3041 1178 146 24 VICTORIA
3199 1178 4 21 I

2857 1228 119 46 Charles
2994 1227 151 46 FARRELL

2778 1286 82 45 Greta
2878 1286 209 45 NISSEN-Mae
3107 1285 108 44 BUSGH

2781 2015 446 75 L'INSOUMISE

2788 2107 11 16 d
2802 2108 2 4 1
2808 2120 16 6 -.
2833 2111 28 12 r-s
2872 2107 19 16 1.
2901 2107 70 16 cé'.r-r-rc
2982 2108 49 18 p:«-
3042 2107 22 17 de
3072 2107 20 16 F.
3104 2107 116 16 FRONDAIS

2820 2140 60 15 Evltei
2892 2140 159 15 r_ncorabr_m.nl
3065 2138 23 18 fle
3099 2139 19 16 1-
3130 2139 58 18 soiréi

2864 2163 23 12 .a
2901 2159 92 16 assistant
3003 2163 38 13 attx
3055 2158 91 17 matinées

2788 2191 10 15 !
2810 2191 18 15 b.
2840 2191 20 16 10
2873 2199 22 4 -
2906 2191 10 15 1
2928 2191 19 16 h.
2958 2192 20 14 M
2992 2199 22 4 -
3026 2192 12 14 f.
3050 2191 19 16 h.
3080 2192 20 15 M
3114 2199 21 4 -

2865 2217 176 27 DERNIÈRES
3053 2222 87 22 JEUDI

2772 2267 84 41 ■■
2884 2276 65 31 NON
2968 2270 155 37 CENSURÉS

2772 2319 79 20 AUTO
2865 2319 117 20 CONTRE
2995 2319 83 20 VELO.
3088 2328 29 7 —
3129 2319 31 20 Le
3172 2319 90 23 cycliste

2746 2343 120 24 Raymond
2876 2344 100 23 Dupont,
2988 2343 42 24 âgé
3042 2344 28 19 de
3083 2344 24 19 16
3118 2348 50 19 ans,
3179 2342 83 22 suivait

2745 2367 22 22 le
2779 2368 52 23 quai
2845 2368 40 20 des
2896 2368 123 21 Ardennes,
3033 2367 15 21 à
3062 2367 72 24 Liège.
3149 2368 21 20 Il
3184 2367 77 21 venait

2747 2392 120 24 d'Angleur
2883 2392 25 20 et
2927 2392 93 24 gagnait
3039 2392 24 20 la
3080 2388 58 24 ville.
3157 2393 36 20 Au
3210 2396 39 16 mo-

2745 2418 64 19 ment
2823 2416 29 21 où
2866 2416 17 20 U
2897 2417 79 19 voulut
2989 2418 113 19 traverser
3115 2416 24 21 la
3153 2416 107 21 chaussée

2746 2445 56 19 pour
2819 2445 85 19 gagner
2919 2441 22 19 le
2956 2441 57 24 pont
3026 2441 28 20 de
3069 2440 108 24 Pragnée,
3190 2441 18 20 U
3223 2441 38 20 fut

2746 2464 122 25 tamponné
2881 2469 43 20 par
2935 2465 71 20 l'auto
3017 2466 29 19 de
3059 2466 31 19 M.
3103 2466 93 19 Camille
3209 2466 52 23 B...,

2746 2490 28 21 de
2788 2489 72 24 Liège.
2875 2490 32 20 Le
2921 2490 90 23 cycliste
3026 2490 39 20 fut
3078 2489 87 25 projeté
3180 2489 16 21 à
3208 2490 40 24 plu-

2745 2513 71 21 sieurs
2829 2513 89 21 mètres.
2931 2515 37 19 On
2982 2514 21 21 le
3018 2514 74 20 releva
3107 2514 94 24 portant
3216 2519 45 16 une

2746 2538 59 24 plaie
2815 2537 16 21 k
2843 2538 23 20 la
2877 2538 103 24 poitrine.
2991 2538 74 23 L'état
3077 2539 30 20 du
3118 2538 71 21 blessé
3200 2543 48 17 sem-

2746 2562 37 21 ble
2795 2567 62 16 assez
2870 2567 73 19 grave.
2957 2563 20 19 Il
2991 2568 14 15 a
3018 2562 37 21 été
3069 2563 92 21 conduit
3175 2563 15 20 à
3203 2563 46 21 l'hô-

2747 2586 57 24 pital
2819 2587 28 21 de
2860 2586 100 21 Bavière.
2975 2587 79 21 L'auto
3070 2593 16 16 a
3098 2587 37 21 été
3151 2587 60 21 saisi.

2748 2624 473 93 Hémorroïde

2774 2721 43 21 Les
2829 2726 127 21 personnes
2969 2722 41 27 qui
3023 2725 112 22 souffrent
3148 2727 41 21 des
3203 2728 45 21 dou

2749 2744 64 22 leurs
2825 2748 89 19 atroces
2925 2748 95 20 causées
3031 2753 44 20 par
3085 2749 35 21 les
3132 2750 106 22 hémorro

2749 2768 42 21 des
2801 2770 158 21 retrouveront
2970 2775 46 16 une
3027 2773 117 21 sensation
3154 2774 29 20 de
3193 2775 55 21 bien

2748 2791 48 22 être
2807 2794 22 18 et
2836 2792 40 21 des
2887 2794 64 20 nuits
2961 2794 29 20 de
2998 2796 105 20 sommeil
3110 2797 97 22 paisible
3213 2802 42 20 par

2747 2814 103 27 l'emploi
2862 2816 29 22 de
2902 2817 25 20 la
2933 2817 125 21 Pommade
3065 2818 89 23 Cadum
3160 2821 39 25 qui
3205 2821 51 21 leur

2748 2842 129 22 Drocurera
2894 2845 34 18 un
2949 2841 159 26 soulagement
3117 2848 5 14 •■
3129 2844 118 22 immédi»*

3217 2870 47 19 (HSS

2771 2894 32 20 IL
2816 2895 32 19 SE
2862 2895 94 20 COUPE
2967 2895 52 21 LES
3032 2896 142 20 TENDONS.
3185 2905 28 7 —
3223 2897 38 20 Un

2746 2918 108 21 habitant
2862 2918 29 22 de
2903 2919 97 24 Chênée,
3012 2920 38 23 qui
3060 2920 64 20 avait
3134 2920 66 21 visité
3209 2920 40 25 plu-

2746 2943 73 21 sieurs
2838 2942 70 25 cafés,
2927 2944 80 20 rentra
3025 2944 55 20 chez
3098 2944 36 21 lui
3153 2944 25 21 et
3196 2945 66 24 porta

2748 2971 32 16 un
2793 2971 59 21 coup
2866 2967 29 22 de
2908 2968 69 24 poing
2990 2968 57 20 dans
3062 2973 45 16 une
3121 2969 59 20 vitre
3193 2969 28 20 de
3235 2974 27 17 sa

2747 2991 94 23 fenêtre.
2854 2992 30 20 Le
2898 2992 146 21 malheureux
3057 2998 26 15 ss
3093 2992 31 21 fit
3136 2997 45 17 une
3195 2998 67 19 grave

2747 3019 97 20 coupure
2858 3016 137 21 Intéressant
3006 3017 34 20 les
3053 3017 103 22 tendons,
3169 3018 23 20 n
3203 3023 16 16 a
3230 3018 32 21 dû

2747 3039 48 21 être
2808 3040 93 21 conduit
2912 3040 15 21 k
2938 3041 108 24 l'hôpital.

3267 347 15 20 Il
3301 347 54 21 s'est
3374 347 70 21 blessé
3463 352 44 17 aux
3523 349 104 28 memto,,'

3266 376 42 18 que
3318 371 117 22 réclamait
3446 377 41 15 son
3499 373 45 25 état
3553 378 26 22 lul
3586 387 23 14 a_
3616 370 12 31 S

3267 395 53 24 gués
3330 395 15 20 à
3356 395 101 25 l'hôpital
3468 397 120 28 Brugmaim
3601 391 27 38 |ï<

3326 446 199 39 MOULIN
3546 448 110 51 RouùI

3289 514 88 16 ENTREE
3393 515 73 18 LIBRE,
3485 509 120 35 eonssB^-^

3293 553 160 21 L'ACTIVITÉ
3465 554 53 22 DES
3530 557 45 24 PIC]

3268 576 30 21 Le
3311 577 90 20 nommé
3415 578 95 24 Jacques
3521 580 30 22 De

3269 600 107 22 chaussée
3388 601 28 20 de
3431 602 82 23 Forest,
3524 604 14 21 à
3547 598 39 30 sL.

3269 625 47 23 pris
3331 625 70 24 place,
3417 626 116 23 dimanche
3546 622 40 32 sâj.'

3270 649 72 20 forme
3353 649 30 21 du
3396 651 60 19 tram
3469 655 22 16 n.
3502 652 29 20 81.
3543 654 28 23 En
3579 650 19 21 L

3270 677 39 16 rue
3323 673 42 20 Th.
3381 674 136 26 Verhaegen.
3532 678 15 21 u
3560 681 29 22 f„j

3270 697 94 24 reprises
3378 698 57 20 frôlé
3449 703 42 19 par
3504 705 29 16 un
3545 707 49 20 autre

3271 722 53 23 type
3340 721 110 25 étranger.
3467 724 74 22 Arrivé
3554 728 12 21 à
3578 732 19 17 a.

3271 746 34 19 De
3322 746 59 20 Raef
3400 751 15 15 a
3435 749 98 21 constaté
3551 757 41 15 an»

3271 774 43 19 que
3329 774 42 16 son
3386 771 137 23 portefeuille
3538 780 44 19 avec

3271 794 40 19 des
3325 794 89 23 papiers
3428 796 111 23 d'affaires
3551 801 25 19 lui

3272 818 65 20 tillsé.
3358 819 88 20 Plainte
3467 825 14 15 a
3500 821 34 22 été
3551 826 33 21 dén

3271 842 75 20 mains
3360 843 28 20 de
3401 843 23 20 la
3439 844 75 25 police,
3527 849 33 22 qui

3272 870 63 19 ment
3347 867 21 20 le
3378 867 63 23 filou.
3462 868 27 21 D.

3274 914 98 45 VIGHY
3385 911 217 50 ^sn^ussu],

3277 943 26 16 il
3309 943 41 16 un
3360 943 7 17 i
3388 951 44 15 conr
3451 951 38 17 qj.
3509 953 44 19 cita.
3551 943 51 35 y,

3300 1007 34 20 LE
3354 1007 79 21 TRUC
3451 1008 40 21 DU
3510 1010 83 26 FAOU.
3609 1002 17 29 1

3274 1030 77 21 d'avril
3367 1031 95 26 dernier,
3478 1033 55 23 Kors
3546 1041 36 18 vaa
3593 1028 43 31 riZ3

3274 1055 34 22 Jet
3327 1055 132 24 hollandais,
3478 1058 95 25 déclarait
3588 1055 35 30 «Ti

3275 1079 45 21 riat
3338 1080 29 20 de
3386 1080 70 24 police
3474 1082 27 21 de
3517 1083 20 21 la
3552 1087 47 22 deua

3275 1104 68 23 qu'un
3354 1104 130 24 pickpocket
3495 1107 30 21 lul
3534 1112 49 21 avait
3591 1119 7 15 v

3276 1131 49 20 way
3344 1131 41 17 son
3395 1130 154 25 portefeuille'
3560 1139 54 20 conta,

3276 1151 85 22 florins.
3374 1153 42 21 Les
3427 1154 122 24 recherches
3558 1164 23 17 ne
3589 1149 25 33 _S

3276 1180 45 16 cun
3332 1177 101 23 résultat.

3302 1213 50 20 Une
3367 1214 96 25 enquête
3480 1216 104 27 ultérieure
3593 1229 15 14 t

3277 1236 43 21 bltr
3333 1242 43 19 que
3387 1243 46 17 van
3447 1240 39 20 der
3497 1241 57 25 Wild,
3564 1248 28 20 oui
3599 1255 15 13 a

3277 1261 23 21 la
3314 1262 65 20 veUle
3394 1263 69 21 d'être
3478 1264 78 24 déclaré
3568 1276 22 16 en
3599 1257 23 35 Si

3277 1286 76 20 monté
3368 1287 22 20 la
3408 1287 61 21 fable
3484 1289 31 22 du
3525 1292 60 23 p'ck™
3597 1297 5 4 ■

3277 1310 86 24 pliquer
3374 1311 161 25 l'Impossibilité
3546 1318 22 20 i»
3577 1321 7 12 ,

3277 1333 129 23 échéances.

3302 1371 94 25 D'après
3407 1373 32 21 les
3450 1366 174 37 renselgnenunliii

3278 1395 21 21 le
3312 1397 105 21 curateur
3427 1398 28 21 de
3466 1399 23 20 la
3500 1400 75 27 faillite,
3582 1394 33 32 |ï\

3279 1422 14 17 a
3312 1424 32 20 pu
3362 1421 114 22 découvrir
3493 1424 49 22 chez
3556 1418 58 31 <_W

3279 1445 113 22 pondants
3411 1446 121 24 hoUandals
3547 1452 24 21 de
3583 1459 30 16 ns
3621 1464 7 11 ,

3279 1468 80 21 établis
3377 1474 29 16 en
3424 1471 106 27 Belgique,
3545 1479 67 21 environ
3620 1466 8 34 i

3279 1493 38 23 qui
3330 1494 55 20 vont
3398 1495 56 20 aller
3468 1496 15 20 à
3496 1502 34 17 ses
3540 1501 30 21 cri

3279 1535 66 20 Exiges
3359 1537 18 17 le
3390 1538 56 17 Siere
3459 1540 64 17 raffiné
3535 1543 18 16 de
3565 1544 5 17 ;

3305 1575 93 20 VINGT
3409 1577 55 21 ANS
3475 1578 36 21 DE
3521 1575 117 34 T_UVAm_|

3280 1608 27 6 —
3319 1599 73 21 Lundi
3405 1602 78 24 matin.
3497 1604 65 23 Pierre
3570 1608 61 22 Nea.

3280 1622 108 25 fabrique,
3405 1625 29 20 né
3445 1625 20 20 *
3481 1627 77 24 Wilsele
3570 1632 16 20 1_
3599 1621 15 31 y)
3621 1643 9 9 .

3282 1647 56 23 1873,
3346 1652 15 19 y
3370 1648 115 26 domiclUé,
3495 1654 105 22 contunu»

3281 1672 75 20 tentât
3368 1672 15 20 à
3394 1673 22 20 la
3428 1675 88 24 pudeur,
3524 1682 14 15 a
3547 1673 71 29 ramSi.

3281 1699 54 17 cour
3354 1696 101 22 d'assises
3475 1700 29 20 du
3520 1702 78 24 Brabant
3613 1710 15 18 ta

3281 1720 124 21 condamné
3417 1722 15 20 à
3443 1723 61 24 vingt
3514 1730 37 16 ans
3560 1729 20 20 &
3588 1718 40 28 tZl

3281 1743 41 21 Les
3337 1744 79 24 débats
3427 1751 25 16 se
3464 1749 49 27 son{
3526 1750 76 26 déroula
3610 1757 9 21 i

3302 1804 47 17 TJNE
3369 1805 77 19 BONNE
3465 1808 104 21 SERVANT!
3582 1798 66 31 hj

3282 1824 52 19 place
3352 1826 18 16 al
3387 1826 35 17 ,11e
3441 1828 74 20 prépare
3528 1816 120 36 jTtt^?7_l

3281 1843 108 20 T.-applstea
3403 1846 75 18 Vlncart
3608 1841 9 14 '
3623 1839 25 30 1

3308 1876 232 27 IRRÉGULARITÉS.
3548 1894 22 7 -
3576 1886 23 22 Le
3604 1889 11 17 b

3282 1901 122 22 rectlonnel
3427 1907 14 16 a
3463 1906 109 24 condamné
3586 1915 15 17 a

3283 1928 63 20 ment
3360 1925 15 21 à
3391 1927 11 19 1
3416 1928 56 20 mois
3483 1930 27 21 de
3522 1933 62 23 prison
3593 1935 21 22 L

3283 1949 111 22 directeur
3409 1952 89 26 d'usine;
3512 1956 87 25 domicilié
3607 1966 28 12 n.

3282 1974 76 20 rechal
3369 1975 67 24 Foch,
3447 1982 54 19 pour
3512 1973 124 32 Irrégularité!!

3284 1997 58 21 dans
3353 1999 188 26 l'administration
3553 2007 47 19 dw
3608 1997 28 26 i3

3282 2025 73 20 nyme.
3368 2033 27 5 —
3408 2024 33 23 W.

3304 2059 32 16 ON
3356 2059 62 19 AURA
3438 2062 58 18 BEAC
3511 2064 52 21 DIE»,
3575 2069 9 16 k
3584 2072 22 14 «l
3615 2072 7 14 I

3283 2082 11 12 a
3314 2082 35 16 que
3367 2080 49 17 XÏL
3435 2082 109 20 AMERICAN
3559 2087 46 19 Orne

3283 2100 44 15 vous
3346 2099 73 18 fournir
3434 2102 23 16 de
3474 2103 63 19 Donnes
3549 2106 55 20 l__,u„

2963 3109 284 38 LCfVANIPHIN&n

2990 3159 75 38 C0LD
3079 3151 162 45 CREAM^>

2991 3218 114 25 toujours
3108 3214 144 39 préférées.

2989 3252 167 30 Gëaltoruy
3174 3253 45 29 de

2990 3314 265 89 BOUfUOlS

3035 3416 32 9 *-
3128 3409 127 27 PARI./»

2272 3860 36 28 LA
2330 3860 99 29 VISITE
2454 3862 58 28 DES
2538 3862 120 29 SERRES

2374 3906 38 27 DE
2436 3906 119 28 LAEKEN

2230 3965 92 25 Chaque
2338 3966 79 24 année,
2432 3967 24 21 la
2469 3966 66 21 visite
2551 3967 38 21 des
2603 3972 71 16 serres
2690 3968 29 21 du

2204 3989 72 24 palais
2295 3990 29 22 de
2341 3990 89 21 Laeken
2451 3993 34 20 est
2501 3995 32 16 un
2552 3991 41 21 but
2611 3992 108 24 classique

2205 4013 139 23 d'excursion
2362 4014 134 22 dominicain
2515 4020 31 17 au
2563 4016 157 22 Gros-Tilleul.

2229 4037 45 21 Dès
2289 4038 13 19 2
2316 4038 88 25 heures,
2417 4043 46 17 une
2477 4044 71 19 queue
2561 4040 158 21 Interminable

2203 4061 81 21 attend
2294 4066 30 17 en
2337 4062 50 22 face
2400 4063 31 21 du
2444 4068 54 19 parc
2511 4063 81 25 public,
2605 4064 30 21 où
2648 4069 16 17 a
2674 4064 44 22 lieu

2203 4085 97 21 l'entrée.

2228 4110 38 20 On
2281 4115 15 20 y
2310 4110 85 22 entend
2409 4112 76 23 parler
2498 4111 51 22 tous
2564 4113 34 21 les
2613 4113 106 21 dialectes

2204 4133 114 23 flamands
2331 4138 24 20 et
2369 4135 99 21 wallons.

2227 4158 46 23 Des
2291 4163 72 20 papas
2381 4160 139 24 promettent
2536 4160 40 22 des
2595 4162 122 20 merveilles

2202 4181 15 20 à
2229 4182 59 21 leurs
2301 4183 99 21 enfants.

2214 4215 28 5 —
2251 4206 34 21 Tu
2295 4211 41 16 vas
2346 4207 72 21 voir...
2430 4208 79 21 l'arbre
2521 4208 15 20 à
2545 4209 170 22 caïoutchouc...

2202 4231 106 23 ousqu'on
2326 4231 44 21 tire
2385 4232 40 20 des
2441 4236 99 20 gommes
2553 4235 24 20 et
2593 4234 39 20 des
2646 4238 71 21 pneus

2202 4253 29 21 de
2241 4254 50 21 vélo
2302 4255 106 21 dehors...

2228 4278 36 21 Ou
2279 4278 53 22 bien
2347 4279 32 22 tel
2394 4280 144 21 connaisseur
2551 4285 30 17 en
2597 4281 120 26 botanique

2204 4303 98 23 rappelle
2312 4303 15 20 à
2334 4307 27 16 sa
2370 4303 106 22 mémoire
2486 4305 120 24 engourdie
2615 4306 33 21 les
2659 4307 46 20 clas-

2203 4326 126 21 sifications
2343 4328 82 22 latines
2438 4329 29 21 de
2481 4329 25 20 la
2518 4329 58 22 flore
2590 4330 127 22 dichotome

2202 4350 29 20 de
2244 4350 83 24 Crépin
2339 4356 29 17 ou
2383 4352 28 21 de
2425 4353 126 23 Cogneaux.

2228 4374 30 21 Le
2270 4375 111 23 spectacle
2392 4380 31 17 ne
2431 4376 74 24 déçoit
2515 4382 48 19 pas.
2574 4379 113 22 D'emblée
2696 4380 21 21 le

2203 4398 92 20 visiteur
2307 4400 34 20 est
2352 4401 128 23 transporté
2491 4402 59 20 dana
2564 4402 23 21 la
2599 4403 58 22 flore
2669 4404 37 21 tro-

2203 4421 78 25 picale,
2295 4423 82 24 temple
2389 4424 136 24 mystérieux
2549 4427 41 20 de»
2611 4428 106 24 palmiers

2203 4450 30 17 au
2246 4448 64 20 tronc
2316 4447 143 26 'cylindrique
2470 4450 24 20 et
2505 4450 68 24 poUu,
2586 4451 40 21 des
2637 4453 67 23 fougè-

2203 4474 36 16 res
2255 4471 39 24 qui
2308 4471 53 21 font
2378 4476 81 20 penser
2474 4478 46 16 aux
2534 4474 60 21 lents
2607 4475 109 22 éventails

2203 4494 115 23 égyptiens
2329 4496 24 20 et
2366 4496 40 21 des
2418 4497 89 23 plantes
2520 4502 93 20 grasses,
2627 4501 90 24 refuges

2202 4519 65 20 d'eau
2280 4520 24 19 et
2318 4519 30 22 de
2362 4520 35 21 vie
2410 4521 200 24 approvisionnées.

2228 4542 42 21 Les
2281 4543 54 20 -oh
2348 4550 10 11 »
2372 4544 131 24 superlatifs
2514 4550 31 16 ne
2558 4547 52 21 font
2624 4549 80 24 qu'aug-

2204 4568 86 19 menter
2304 4567 88 24 lorsque
2408 4569 32 19 les
2455 4569 224 24 fuchsias-monstres
2694 4575 22 19 et

2203 4590 32 20 les
2267 4590 257 26 pélaigonlums-géants
2558 4594 99 23 éclatent
2687 4603 28 16 en

2203 4614 82 21 teintes
2300 4614 108 21 violentes
2422 4620 40 17 sur
2477 4617 21 22 le
2514 4619 50 20 vert
2579 4619 136 23 éblouissant

2202 4639 28 20 de
2247 4639 59 21 leurs
2321 4640 92 19 feuilles.

2227 4662 37 21 Un
2280 4662 64 25 génie
2364 4663 125 25 intelligent
2510 4670 15 16 a
2544 4667 88 23 présidé
2652 4669 30 21 Ici
2700 4670 15 20 à

2202 4686 153 21 l'élaboration
2370 4688 29 21 de
2413 4689 101 21 couleurs
2530 4691 24 21 et
2567 4692 29 20 de
2612 4694 103 22 parfums

2202 4711 27 21 de
2239 4710 72 21 choix.

2226 4734 50 23 Une
2294 4734 91 22 bouffée
2403 4736 146 26 dTiéUotrope
2583 4744 55 17 vous
2670 4742 45 20 fait

2201 4758 86 21 dresser
2301 4760 23 20 la
2336 4759 53 23 tête,
2402 4764 55 16 vous
2471 4761 108 22 cherchez
2592 4766 82 19 autour
2686 4767 27 20 de

2201 4786 54 17 vous
2267 4783 26 21 et
2306 4787 54 17 vous
2376 4783 24 20 la
2415 4784 120 22 découvrez
2552 4788 119 22 au-dessus
2685 4791 28 20 de

2199 4810 61 19 vous,
2275 4806 106 21 l'humble
2397 4807 52 21 feur
2464 4808 15 21 à
2495 4811 115 23 corymbes
2633 4814 80 22 qu'une

2200 4830 86 23 science
2299 4830 74 24 pleine
2387 4832 122 22 d'artifices
2525 4838 15 16 a
2556 4836 84 21 rendue
2654 4841 47 19 pan-

2200 4858 39 17 sue
2254 4858 86 17 comme
2352 4859 32 16 un
2398 4855 97 25 bouquet
2507 4858 29 21 de
2549 4863 89 18 sureau.

2223 4878 200 21 L'enchantement
2432 4880 37 21 est
2479 4880 14 21 à
2504 4886 43 16 son
2558 4884 85 21 comble
2656 4885 57 22 dans

2198 4901 24 21 la
2236 4903 59 19 terre
2310 4902 39 20 des
2363 4902 91 21 azalées.

2223 4925 20 20 n
2255 4925 83 21 semble
2350 4930 43 20 que
2404 4926 23 21 la
2438 4927 82 22 nature
2532 4930 57 21 n'ait
2600 4931 49 21 rien
2660 4936 41 19 pro-

2198 4948 50 23 duit
2264 4949 28 20 de
2307 4949 51 24 plus
2373 4950 63 21 riche
2451 4955 43 20 que
2509 4952 95 26 l'azalée,
2620 4956 57 20 dont
2690 4957 22 20 le

2198 4976 54 17 nom
2272 4972 117 22 lui-même
2403 4978 72 19 sonne
2492 4977 21 19 si
2533 4978 180 24 aristocratlque-

2198 4996 70 22 ment.

2223 5020 58 24 Quel
2298 5020 149 25 déploiement
2463 5024 29 21 de
2506 5029 67 20 roses,
2590 5026 30 22 de
2635 5027 78 22 blancs

2198 5044 131 24 aveuglants
2342 5046 24 20 et
2376 5046 28 21 de
2418 5048 91 23 grenats
2512 5049 6 20 l

2223 5069 104 20 Pendant
2340 5069 65 24 vingt
2417 5071 105 25 minutes,
2536 5073 176 27 l'enveloppante

2198 5092 111 21 merveille
2319 5097 56 17 vous
2386 5098 149 22 accompagne
2546 5099 24 19 et
2581 5099 54 21 c'est
2644 5095 23 25 la
2677 5100 34 20 fin

2198 5116 52 20 d'un
2263 5116 51 20 rêve
2328 5121 42 19 que
2383 5118 23 20 la
2418 5120 68 20 sortie
2500 5122 100 23 apporte.

2222 5140 59 20 Mals
2291 5140 21 21 le
2322 5145 54 19 parc
2387 5141 28 22 de
2426 5142 91 23 Laeken
2525 5155 28 6 —
2561 5145 22 22 le
2594 5146 50 24 plus
2654 5147 57 22 beau

2198 5164 28 20 de
2243 5164 114 21 Bruxelles
2373 5175 27 5 —
2429 5167 44 20 est-
2481 5168 23 20 là
2518 5169 39 23 qui
2573 5169 34 21 vit
2621 5175 53 16 sous
2690 5171 21 20 le

2196 5187 69 21 soleil.
2279 5188 47 21 Son
2340 5189 76 22 ombre
2430 5191 35 20 est
2480 5193 145 22 accueiUante
2638 5194 25 21 et
2675 5199 36 17 ses

2197 5211 86 22 fourrés
2296 5213 120 21 souriants.
2427 5215 21 20 A
2461 5219 45 18 une
2520 5216 57 21 Ueue
2590 5218 31 20 du
2635 5222 76 17 centre

2197 5235 28 21 de
2237 5236 24 20 la
2276 5235 59 24 ville,
2350 5237 81 21 l'arbre
2446 5242 15 16 a
2475 5243 42 16 son
2533 5244 112 20 royaume.

2221 5259 32 20 Là
2266 5260 35 20 est
2313 5260 21 21 le
2345 5265 72 20 repos,
2429 5261 24 22 là
2465 5263 35 20 est
2512 5263 160 24 l'apaisement.

2221 5283 41 20 Les
2281 5283 38 21 dix
2337 5284 62 25 nfUe
2416 5290 145 20 promeneurs
2578 5288 38 24 qui
2633 5289 65 21 visitè-

2196 5307 51 20 rent
2258 5307 32 21 les
2299 5312 78 18 serres,
2389 5309 117 22 goûtèrent
2516 5311 15 20 à
2540 5312 23 20 la
2575 5312 44 21 fols
2630 5312 79 21 l'éton-

2196 5331 92 20 nement
2300 5332 116 22 admiratif
2431 5334 27 21 de
2472 5334 22 20 la
2505 5335 100 21 maîtrise
2617 5337 31 20 du
2661 5337 37 23 Jar-

2197 5354 72 21 dinier
2289 5355 24 20 et
2334 5355 21 22 le
2377 5357 91 21 charme
2488 5359 117 23 grandiose
2625 5364 43 20 que
2686 5361 24 21 la

2196 5378 81 20 nature
2292 5382 29 17 m
2334 5380 79 21 liberté
2426 5382 64 23 porte
2505 5386 29 16 en
2548 5383 48 21 eue.
2611 5384 23 19 L.

3196 3463 67 17 (H3S59

2772 3484 58 20 VOL
2840 3484 68 20 D'UN
2919 3483 197 21 AUTOMOBILE.
3126 3493 27 5 —
3161 3483 33 20 La
3204 3483 57 21 série

2747 3508 39 20 des
2800 3508 48 20 vols
2862 3508 87 21 d'autos
2963 3507 147 21 abandonnés
3122 3512 40 16 sur
3174 3507 26 21 la
3212 3507 50 20 voie

2747 3532 103 23 publique
2870 3532 113 23 s'allonge,
3004 3531 86 25 malgré
3108 3531 23 21 la
3152 3530 109 26 vigilance

2746 3556 29 22 de
2789 3560 42 17 nos
2844 3556 73 20 forces
2931 3555 121 25 policières.

2771 3581 32 20 M.
2823 3580 109 24 Charlier,
2951 3585 41 16 rue
3011 3581 29 20 de
3059 3580 168 26 Kersmaecker,
3246 3580 16 21 à

2746 3604 233 23 Jette-Saint-Plerre,
2999 3604 63 23 avait
3080 3605 136 21 abandonné
3236 3609 25 16 sa

2746 3629 92 22 voiture,
2853 3633 45 16 une
2912 3628 105 21 conduite
3030 3629 121 21 intérieure
3164 3630 30 20 de
3207 3634 42 16 cou-

2746 3653 49 21 leur
2803 3652 48 25 gris
2858 3653 94 23 ardoise,
2960 3653 80 21 valant
3049 3654 69 22 50,000
3128 3655 83 22 francs,
3221 3654 28 21 de-

2746 3677 56 21 vant
2820 3682 32 16 un
2871 3677 120 21 Immeuble
3010 3678 32 20 du
3060 3677 122 22 boulevard
3201 3679 48 20 Ans-

2746 3701 65 24 pach.
2828 3701 83 23 Quand
2927 3701 17 21 11
2959 3701 80 22 voulut
3055 3702 114 23 rejoindre
3183 3703 23 21 le
3222 3703 26 19 vé-

2746 3726 79 21 hicule,
2836 3725 18 21 U
2864 3725 105 21 constata
2979 3726 53 24 qu'U
3042 3726 63 21 avait
3114 3726 98 25 disparu.
3224 3728 37 20 On

2745 3754 29 17 ne
2785 3749 93 25 possède
2890 3754 75 17 aucun
2977 3751 75 20 indice
3062 3755 41 17 sur
3112 3751 24 21 le
3147 3751 113 24 coupable.

2745 3774 33 21 La
2789 3773 77 25 police,
2875 3773 112 22 Informée
2998 3775 32 21 du
3039 3775 44 23 vol,
3094 3780 15 16 a
3121 3775 66 22 lancé
3196 3776 23 20 le
3228 3776 21 21 si-

2746 3798 129 24 gnalement
2886 3798 28 20 de
2926 3798 70 21 l'auto
3009 3803 30 16 en
3051 3800 52 22 tous
3116 3800 60 21 Ueux
3188 3800 73 21 utUes.

2745 3832 27 6 —
2782 3823 28 19 D.

2854 3888 43 69 A
2948 3888 199 73 PARIS

2818 3984 31 17 AU
2864 3984 90 17 CENTRE
2972 3985 31 17 DE
3018 3985 44 17 VOS
3078 3987 110 16 AFFAIRES

2837 4009 71 17 PLACE
2929 4010 31 17 DE
2977 4010 30 18 LA
3024 4011 146 20 REPUBLIQUE

2878 4090 244 45 L'HOTEL

2742 4160 515 123 mmmm

2793 4299 45 13 voui
2859 4296 49 16 offre
2927 4296 18 18 la
2966 4297 101 18 maximum
3086 4299 23 17 i*
3131 4300 75 17 confort

2816 4333 8 8 .
2901 4325 25 13 RB
2945 4322 42 20 prix
3003 4323 96 17 minimum

2779 4361 186 49 CHAMBRES
2989 4375 102 32 depuis
3112 4365 42 48 30
3175 4378 45 31 fr.

3305 2196 224 65 MOULIN
3562 2204 86 69 ROM

3306 2283 50 17 Pille
3372 2285 104 21 lumineuse,
3493 2290 17 15 la
3525 2291 33 19 pl.i
3571 2292 31 18 kD,
3610 2295 12 17 (,
3627 2297 9 18 ,

3327 2316 158 21 ATTRACTIONS
3501 2329 9 5 -
3525 2322 68 20 CHAKTS
3603 2333 6 6 .

3401 2350 111 20 L'rareheatre
3523 2355 70 18 BruHrr»
3599 2358 9 17 J

3390 2396 150 35 ENTRÉE
3555 2402 54 33 LIBI

3347 2446 147 20 Consommation
3504 2450 10 16 à
3523 2451 48 19 partir
3579 2453 15 16 de
3599 2453 6 16 I
3610 2453 10 17 fr

3305 2534 29 18 LE
3349 2536 75 17 STOCT
3441 2538 73 18 EXTRA
3527 2540 27 17 du
3566 2541 18 17 &

3285 2555 53 16 r.lAL
3351 2561 9 10 »
3373 2558 28 15 est
3412 2557 123 20 spécialement
3544 2563 40 14 «en

3284 2574 53 20 liaes,
3350 2579 34 15 par
3399 2576 17 17 Je
3428 2580 52 17 corps
3492 2578 71 18 mMlnl

3347 2675 269 73 Nécrolog

3337 2788 31 17 On
3381 2793 84 14 annonce
3480 2791 18 16 la
3510 2793 42 15 mort
3565 2792 16 16 di

3362 2815 93 17 Monsieur
3470 2818 70 18 Auiuste
3553 2812 91 22 NAEUtnfl

3318 2839 66 17 décidé
3397 2841 12 16 k
3422 2842 90 20 BolLsfort,
3522 2847 14 12 _•
3545 2843 16 17 10
3569 2844 28 17 mi!,
3602 2832 42 28 (aï

3318 2860 66 16 aimée.
3391 2870 3 4 .
3447 2866 5 3 -
3476 2866 4 3 -

3337 2879 136 19 L'Inhumation
3483 2885 12 13 a
3506 2885 20 14 eu
3535 2882 29 17 Ueu
3573 2882 12 17 U
3591 2875 41 23 td

3337 2899 42 17 Rue
3387 2900 25 17 du
3423 2901 76 20 Priquet,
3508 2902 14 18 6,
3530 2901 69 17 BoIUfort.

3339 2951 30 16 O.i
3383 2955 82 14 annonce
3479 2952 18 17 la
3508 2953 41 16 mort
3558 2952 24 17 di.

3360 2977 93 17 Manslear
3465 2978 115 20 Jean-Baptist*
3587 2978 9 15 Y

3319 3002 46 16 dans
3377 3007 22 12 sa
3414 3004 32 16 83e
3457 3003 59 19 année.
3524 2998 4 5 '
3566 3014 8 6 .
3587 2997 26 30 "^

3338 3022 20 16 I«'
3360 3023 120 18 enterrement
3493 3027 11 13 a
3515 3027 19 13 eu
3546 3023 27 17 lien
3581 3019 43 20 dtal

3338 3041 40 17 Rue
3389 3042 80 19 Tenl:rs,
3481 3043 15 19 1,
3507 3043 10 16 à
3525 3038 99 21 Sctuertotl

3339 3092 30 17 On
3385 3097 82 13 annonce
3483 3094 18 17 la
3514 3094 41 16 mort
3567 3094 16 15 it

3393 3120 83 17 Bladame
3489 3120 52 16 Victor
3553 3119 28 16 DE!

3422 3146 33 17 née
3465 3138 163 26 LéonU&eSIia^l

3318 3169 77 18 cêcèSèe
3413 3168 13 19 k
3442 3171 89 19 Bruxelles,
3546 3170 13 17 le
3570 3170 13 15 11
3593 3161 41 25 ail

3338 3189 135 18 L'Inhumation
3484 3193 41 15 aura
3533 3189 28 17 lieu
3570 3186 64 25 1«el4|

3318 3209 11 15 i
3347 3210 19 16 19
3378 3209 70 18 hîures.

3338 3229 40 19 Hue
3391 3229 23 16 d?
3427 3226 57 23 Pavtf,
3496 3229 34 20 ST_

3350 3299 74 17 Confie»
3440 3304 30 12 tos
3484 3292 135 24 DESLVFECTim

3434 3319 38 20 plu
3484 3319 75 16 aaeJuuii
3568 3317 34 16 "n*

3336 3337 282 75 L'HYGiÊfl
3651 3332 39 78 E

3353 3435 65 16 remit*
3433 3438 22 13 en
3471 3434 34 16 état
3521 3433 17 15 di
3553 3435 22 12 toi
3585 3423 34 21 UTtf

3295 3453 143 20 Entrepreneur!
3454 3454 30 16 dei
3499 3448 119 28 opér»WoM«J

3317 3473 24 16 da
3353 3473 114 17 nombreneet
3480 3472 44 17 rilln
3533 3472 16 16 tt
3557 3468 61 20 "■**«

3315 3492 37 15 631.
3371 3492 84 16 chiure
3470 3493 20 15 de
3504 3491 47 15 Mow.
3561 3486 35 26 TdJ
3595 3485 23 27 f\
3653 3486 36 20 M

3474 3511 39 10 otto
3526 3508 37 13 nnf
3563 3508 37 13 in»
3610 3505 12 11 m
3648 3506 18 15 Sa
3675 3509 13 12 u

3305 3596 215 29 ARRESTATIONS
3540 3580 79 41 PRÉVEItl
3655 3576 35 52 f|

3658 3627 32 23 Irar

3309 3665 105 24 Athènes,
3430 3665 23 21 12
3467 3663 46 22 mal.
3523 3671 22 6 —
3554 3660 28 20 U»
3590 3668 21 7 —

3284 3691 69 22 ayant
3369 3689 113 21 manifesté
3495 3688 40 20 Isur
3545 3680 72 25 lut»"!

3284 3715 139 22 aujourd'hui
3444 3711 100 22 dimanche
3562 3709 55 30 t»fj
3649 3709 23 20 t

3283 3738 60 24 plein
3356 3739 40 24 air,
3408 3736 79 25 malgré
3496 3729 121 28 llntBdWW

3283 3763 27 19 de
3324 3763 76 24 police,
3412 3764 20 19 le
3443 3758 129 28 gouvemown
3583 3754 34 35 JB

3284 3787 45 23 der,
3344 3787 24 20 la
3382 3787 49 21 nuit
3445 3783 90 24 dernière,
3546 3780 11 21 i
3565 3777 52 36 1»J3

3284 3811 50 22 tous
3349 3811 31 20 les
3393 3810 120 25 principaux
3522 3803 90 35 mroj23

3284 3836 43 22 tes;
3345 3836 89 20 environ
3450 3835 24 19 80
3488 3822 129 32 amstaW"*

3283 3861 40 19 ont
3336 3860 36 20 été
3384 3859 89 24 opérées.
3533 3877 6 8 ,
3559 3865 58 20 ,__j«
3640 3864 36 21 ■(<«,,

3308 3885 41 28 La.
3358 3884 99 29 police.,
3471 3880 45 23 saisi
3530 3866 87 47 •*£!
3643 3866 38 42 ft

3659 3937 31 26 hei

2772 4464 114 16 Restaurant
2899 4470 3 8 r

2792 4484 93 16 Brasserie

3081 4467 63 18 Adret.
3158 4469 46 17 Tél.:

3058 4486 168 19 Oteldartie-Farls.

3118 4519 129 21 IHUKKKnyt

2764 4556 75 20 ACTE
2850 4556 39 20 DE
2902 4557 188 23 BANDITISME.
3099 4570 29 6 —
3138 4561 62 21 Mme
3212 4561 31 21 Ce

2739 4579 45 22 Une
2806 4579 106 24 Thibaut,
2934 4581 136 24 demeurant
3091 4589 42 16 rue
3154 4585 60 25 JoUy
3239 4590 15 16 a

2737 4603 38 21 été
2790 4604 97 25 victime,
2904 4604 25 22 la
2945 4607 52 21 nuit
3014 4608 109 25 dernière,
3140 4609 54 21 d'un
3212 4615 30 16 au-

2739 4628 92 21 dacieux
2845 4629 50 20 acte
2908 4629 29 21 de
2949 4630 142 23 banditisme.
3104 4633 33 20 La
3148 4634 93 24 prénom-

2737 4652 50 20 mée
2803 4653 86 23 passait
2904 4657 42 17 rue
2959 4655 138 24 Gendebien,
3119 4657 15 21 à
3157 4659 96 20 6chaer-

2738 4676 58 22 blen,
2809 4676 123 24 iorsqu'eUe
2946 4678 38 20 fut
2997 4680 106 25 attaquée
3116 4686 43 20 par
3171 4687 32 16 un
3217 4683 24 21 In-

2738 4700 82 24 dividu,
2843 4700 69 21 coiffé
2933 4701 68 22 d'une
3020 4706 122 23 casquette,
3165 4708 75 23 parais-

2737 4725 53 18 sant
2801 4724 41 23 âgé
2854 4725 29 20 de
2895 4725 25 20 25
2931 4725 16 21 &
2957 4727 27 20 30
2994 4732 48 17 ans.
3054 4730 97 21 Celui-ci
3163 4731 24 20 la
3199 4731 42 22 bru-

2737 4748 66 20 talisa
2818 4749 23 19 et
2856 4749 31 20 lui
2904 4751 97 21 arracha
3015 4757 28 16 sa
3057 4754 102 21 sacoche,
3175 4757 65 19 conte-

2736 4774 58 19 nant
2805 4772 38 20 200
2856 4772 77 22 francs
2947 4775 23 19 et
2984 4776 40 22 des
3037 4776 83 25 bijoux.
3133 4779 32 20 Le
3174 4779 66 25 signa-

2736 4796 85 22 lement
2833 4796 30 20 du
2877 4797 128 24 dangereux
3019 4801 78 21 voleur
3110 4807 15 16 a
3138 4803 37 21 été
3188 4804 64 21 lancé

2736 4819 58 22 dans
2805 4820 74 20 toutes
2890 4820 33 21 les
2935 4822 128 23 directions.
3084 4826 28 21 D.

2863 4875 259 32 l*IH*iM

2769 4934 41 22 UN
2823 4935 201 27 PROGRAMME

2768 4965 82 24 TRES
2862 4963 100 28 VARIÉ.

3282 3907 104 22 numéros
3396 3909 27 20 de
3431 3907 85 23 l'organe
3524 3906 25 17 coi

3282 3932 90 25 pastis».
3387 3942 27 6 —
3428 3932 73 20 Havas.

3415 3972 106 23 1,'OKPKE
3534 3960 60 29 BHWI

3308 4012 103 26 Athènes,
3425 4012 23 20 12
3459 4009 45 22 mal.
3515 4016 21 7 -
3545 4001 44 23 OrW

3282 4040 36 17 res
3337 4037 74 24 prises,
3428 4036 30 21 les
3475 4031 67 27 projet»
3554 4031 52 25 <~?ïï

3281 4064 121 22 provoquer
3414 4060 39 21 dès
3465 4055 79 24 troubles
3553 4053 53 24 <?»».

3307 4092 87 20 L'ordre
3406 4091 62 23 règne
3478 4092 25 20 pa
3503 4084 46 22 rtout
3547 4080 69 38 -_SÏ

3283 4115 83 21 tations
3382 4116 38 20 ont
3436 4113 33 22 été
3485 4112 60 21 encore
3556 4106 47 21 ope"»

3281 4140 68 21 d'huL
3356 4143 5 5 '

3305 4171 79 20 Aucun
3402 4166 90 25 incident
3506 4168 24 17 ne
3542 4159 34 22 rt*

3281 4194 168 21 Confédération
3461 4186 144 36 màit^Zm

3281 4219 167 23 gouvernement
3463 4220 28 16 un
3506 4213 104 31 g^Sr-"

3280 4243 58 21 nant
3347 4243 91 22 diverses
3447 4235 134 27 revendiod"*

3393 4331 105 33 ENCOBE
3515 4302 99 67 SLOZEUJ

3375 4404 40 23 (De
3428 4400 56 22 noire
3497 4403 4 14 i

3303 4440 73 24 Paris,
3388 4440 23 20 12
3424 4436 47 23 niât
3483 4429 84 38 -.J*.
3563 4426 19 17 0

3277 4464 31 22 Le
3327 4464 101 22 mémoire
3444 4457 106 35 prf*?!LJ
3549 4462 67 30 Twn

3278 4490 96 20 Moulins
3389 4478 227 40 parM'Wautf^ail

3277 4514 79 24 déposé
3367 4518 43 16 une
3420 4509 73 27 plainte
3501 4508 22 17 au
3531 4505 85 36 »*ViJ

3277 4537 155 25 préhistorique
3448 4531 62 23 contre
3529 4528 83 41 «ff*

3276 4562 119 25 comprend
3413 4556 96 26 vingt-nul
3522 4556 50 17 vm-

3275 4587 82 24 pbiées.

3300 4624 21 21 n
3338 4623 82 21 retrace
3435 4607 153 44 '"^f^Xp*

3275 4647 82 25 Glozel,
3367 4648 22 20 la
3399 4640 110 27 découverte
3515 4639 73 32 wrg.

3275 4673 32 20 les
3322 4673 12 20 f
3334 4672 74 21 ouUIes
3421 4668 58 22 faites
3488 4665 32 20 P»
3548 4675 16 12 .
3571 4668 17 13 •*

3276 4697 98 20 fameuse
3387 4689 121 29 perquleftlo»
3519 4687 21 15 «»

3275 4723 23 19 et
3313 4720 92 21 termine
3418 4715 51 24 aWsi
3484 4716 5 6 '

3679 3281 11 22 t

3654 3316 36 22 RM

3649 3554 41 24 *«ch

3555 4838 57 39 'S_

391 5428 93 28 **<st%

2768 5004 58 58 La
2841 5005 128 61 Fleur
2981 5009 52 60 de
3046 5010 170 72 Bagdad

2768 5099 56 59 Le
2835 5100 129 61 Train
2975 5117 110 48 sans
3094 5107 120 61 Yeux

2777 5198 407 49 ■JaEaMiWMldJlH'

2731 5267 72 36 ™?r.
2796 5267 17 19 C
2808 5291 6 5 -
2814 5267 45 22 LIS
2859 5268 19 35 'ï
2879 5269 18 20 E
2926 5270 151 25 INVERSÉ
3115 5276 59 21 PAR
3212 5278 35 21 LE

2734 5293 58 17 IMA
2790 5293 30 19 M.
2829 5301 28 5 —
2865 5293 31 19 Le
2906 5295 91 22 nommé
3006 5297 95 25 Jacques
3111 5301 129 22 Dumortier

2731 5314 87 21 ouvrier
2837 5315 105 26 ébéniste,
2963 5316 134 28 demeurant
3116 5329 40 18 w
3176 5327 29 20 de
3223 5327 23 20 la

2730 5338 104 25 Verdure,
2844 5340 83 21 suivait
2937 5343 127 28 dimanche,
3075 5352 51 17 vers
3135 5349 13 20 9
3159 5349 80 22 heurœ

2738 5366 13 16 e
2762 5362 120 22 boulevard
2893 5365 96 25 Léopold
2999 5370 31 23 n,
3040 5362 95 35 loVsque,
3143 5375 96 21 soudato

2729 5385 17 21 U
2756 5385 37 21 fut
2803 5387 89 21 culbuté
2903 5393 41 20 par
2954 5391 21 21 le
2983 5393 68 23 tram.
3061 5396 100 22 Dus»
3171 5399 67 22 chute

3525 4944 41 30 •>

3301 4765 9 11 «
3323 4758 32 20 De
3366 4753 212 31 vurelîlesjomrj-jate-

3275 4782 49 24 plus
3340 4781 27 22 de
3383 4780 57 25 place
3454 4769 133 37 P^^i^

3274 4811 56 16 nous
3344 4806 80 21 l'avons
3436 4801 44 22 ii»
3490 4801 57 31 j""S,
3552 4809 7 16 (

3275 4835 40 19 pas
3329 4830 15 20 à
3355 4827 96 27 apporter
3462 4823 19 19 la
3490 4822 69 34 [""£_

3274 4854 116 22 fabricant,
3399 4845 87 31 puisqu'il
3492 4842 80 30 ne»",

3271 4879 73 21 suivre
3358 4882 31 16 un
3403 4870 96 26 faussaire.
3509 4867 48 37 "5.
3562 4876 10 18 »

3274 4902 62 22 ment
3352 4899 115 25 démontrer
3479 4894 32 20 w»

3272 4933 24 16 se
3311 4928 52 20 sont
3377 4924 42 22 fait
3431 4916 95 40 n"***

3273 4951 92 25 l'emploi
3379 4950 25 20 de
3417 4940 109 27 manœun»

3272 4974 125 22 ractérisées
3410 4966 150 36 spf^^itiu
3572 4968 18 27 ï

3274 5001 69 20 talion
3359 4999 22 21 et
3396 4988 132 37 1'****"%**
3539 4997 24 24 <*

3272 5024 91 24 d'objets
3382 5022 55 20 faux,
3454 5017 67 19 sa™»"

3271 5049 84 20 étalent
3366 5047 57 20 faux

3295 5085 25 20 Si
3336 5088 28 17 on
3379 5076 98 26 considère
3487 5070 64 38 T»,!

3271 5109 53 22 tisés
3339 5107 40 22 ont
3392 5103 64 23 moins
3470 5101 88 35 %i»e«

3270 5134 35 20 été
3317 5129 105 28 présentés
3433 5124 124 36 P"S>S

3270 5159 30 20 du
3315 5158 34 20 sol
3364 5158 39 21 par
3419 5144 95 43 ••$**%
3520 5150 36 31 p*

3270 5182 79 30 Jamais
3364 5178 33 22 été
3412 5169 72 27 enftuto
3494 5168 17 16 *
3544 5175 15 20 ,

3270 5200 57 27 Unes
3342 5205 15 21 k
3370 5196 108 30 ïaMed?
3477 5197 7 15 1
3506 5203 30 27 de(j
3535 5197 22 38 g

3270 5234 80 21 grange
3361 5228 35 20 des
3403 5218 77 45 fA'
3479 5243 10 16 u
3486 5222 74 41 >J*'

3269 5259 25 16 ce
3308 5252 83 22 dernier
3402 5253 14 16 a
3428 5246 83 35 «™^jn!
3520 5252 22 20 0»

3268 5280 19 20 Il
3300 5278 50 21 faut
3361 5275 51 21 aller
3421 5264 125 45 pto^gadi;

3268 5299 136 24 maintenant
3414 5295 43 20 avec
3468 5293 18 15 «
3502 5303 32 22 tgn
3540 5298 4 15 i

3267 5327 39 21 dln
3318 5325 33 21 est
3362 5326 43 19 non
3413 5312 88 28 seuleme»
3519 5323 20 20 c

3268 5350 70 21 tombe
3350 5351 48 18 sous
3409 5344 17 20 le
3434 5338 107 40 fflgH*

3267 5378 77 18 encore
3360 5370 32 26 qu'
3423 5369 20 17 es
3466 5359 22 20 W
3509 5373 8 21 é
3525 5369 18 20 «_

3267 5399 49 21 teur
3329 5397 22 21 et
3364 5392 48 27 qu'U
3422 5394 12 17 a
3444 5389 20 19 «
3465 5389 35 15 w4
