3971 5822
101 261 90 44 102*
204 249 137 51 jxinnée
365 261 36 7 -
432 243 175 45 Vendredi
631 243 46 42 1"
692 241 141 54 jangier
855 241 111 43 1932.

105 357 70 25 iiiiim

188 340 472 28 iiiiiiiiiiiiiiiiiiiiiiiiiiiiiiiiiiiiiiiiiiiiiiiii

1788 254 45 44 Le
1855 259 144 40 numéro
2019 274 11 25 ;
2052 260 47 39 30
2119 258 175 45 centimes

1896 318 58 11 —
1953 317 24 14 -

2670 254 175 47 ïetrfredi
2868 254 49 33 <■■
2936 252 23 35 ie
2958 228 227 51 -'Mm
3206 250 43 7 -
3268 228 43 41 M-
3328 230 35 41 1.
3382 248 45 9 -
3446 226 91 45 Edit.
3570 224 47 53 *
3646 204 13 13 '

2495 318 380 15 ——————
3215 312 522 25 illlllllllllllllllllllllllllllllllllllllllllllllllllll

169 578 180 36 MOBILIERS,

195 619 12 6 "
234 619 153 37 BIBELOTS,

303 660 156 37 CRISTAUX,

362 702 186 36 PORCELAINE,

359 777 55 14 mmm
439 743 180 33 ARGENTERIE

153 820 47 41 73_
240 806 144 38 chaussée
409 803 149 45 d'Ixelles,
578 804 37 37 73
623 793 32 72 1|

107 880 553 48 jflJJJjj^J'iiiiiiiiiiiiiiiiiiiiiiiiiiiiiiiiiiiiiiiiiuT

3214 356 530 28 iiiiiiiniiiiiiiiiiiimiiiiiniiiiiMiiiiiiiiiiiiiiiin

3213 405 23 47 I
3249 408 93 40 Les
3356 406 208 40 Meubles
3584 404 128 40 d'Art
3727 406 21 52 f

3387 471 38 21 DU
3439 470 37 23 LA
3492 470 92 21 FIRME

3250 518 57 79 A.
3330 518 129 79 VAN
3494 506 255 95 EYNDE!

3323 606 87 30 87-89,
3430 614 86 17 irenne
3533 604 31 27 du
3583 603 56 28 Midi

3399 644 164 30 BRUXELLES

996 692 44 17 Dir.
1043 694 56 15 c«ur
1106 695 8 13 ■
1123 690 20 17 1.
1154 689 127 19 ■OLUUftl.

784 722 139 24 BRUXELLES,
935 723 26 22 17,
971 726 32 16 na
1011 722 34 19 des
1054 722 62 18 Sam»
1128 729 17 6 -
1158 720 40 19 Adr.
1211 721 59 21 t,l.jr.
1282 720 92 18 Llnd.b.I
1386 721 95 18 BruxteU*

735 750 145 22 rÉLÉPHONE.
891 759 6 12 e
909 751 106 21 17.20.73
1051 750 102 22 .7-20.74
1181 749 106 22 17.20.7_l
1306 749 106 22 17.73.10
1423 749 100 22 17.E*«

930 782 83 23 Compte
1023 783 88 21 ehiefUM
1122 783 84 21 poaUeex
1217 781 25 18 tl*
1254 780 75 21 1232,38

800 823 64 20 PARIS
874 831 7 15 i
891 824 121 20 Abonnement
1021 826 18 17 sil
1049 824 86 19 PuMIclt.
1146 832 6 11 ,
1162 824 26 21 35,
1199 827 30 14 rua
1239 823 32 18 dea
1282 821 143 25 Petto-CUlwl
1433 823 36 22 (M

1002 855 100 21 Téléphona
1112 861 7 14 :
1129 855 70 19 Central
1211 854 58 18 13.94

851 889 85 22 ZURICH
943 898 6 13 t
957 892 120 18 AS-nn-m-nt
1084 891 19 18 et
1110 889 86 20 P-ilidU
1202 895 7 15 ,
1216 890 26 21 54,
1251 889 151 20 Siblfelieti-iu..'

2902 717 19 19 12
2932 721 51 16 moi»,
3018 716 15 17 9
3038 715 15 18 8
3066 715 23 19 tr.

2903 741 20 19 U
2933 740 52 18 mol».
3001 741 9 17 1
3019 739 36 18 40
3068 738 23 19 tt.

2555 696 57 18 PRIX
2631 693 44 19 OES
2694 691 169 19 HBO.INEMENTS

2340 729 99 18 ..-lalseo».
2496 726 11 17 3
2517 723 52 21 mol».
2584 723 35 18 •»»
2632 721 22 20 »•
2697 720 9 5 '
2717 720 51 20 «o*
2784 719 15 17 B
2804 718 17 32 2
2832 717 18 33 ï
2849 730 8 7 -

2335 742 63 34 tmâga
2409 752 57 18 Stla.
2477 756 5 12 e
2494 749 13 20 S
2516 748 51 20 mol».
2582 747 36 18 40
2630 746 23 19 (t.
2697 744 12 19 •
2718 744 52 21 moi».
2787 743 33 18 7S
2834 742 16 18 fr

2479 780 75 17 Fraies»
2565 777 19 12 -*
2596 773 145 19 Geand-Duché
2752 772 25 17 d.
2790 771 138 19 Lui.mbouro
2941 774 6 14 i

2422 804 11 19 I
2442 803 52 19 mol».
2509 801 36 20 »■
2557 799 23 20 a*.
2621 799 12 15 «
2643 797 52 21 «K*.
2707 797 15 18 6
2727 797 15 17 5
2755 796 24 19 h.
2823 794 21 19 12
2854 793 51 20 moia.
2921 793 11 18 1
2940 792 36 18 38
2989 791 23 21 lr,

2579 825 64 18 Asit-e»
2655 827 49 17 paya,
2717 826 40 18 pem
2767 828 22 15 es
2801 824 47 21 pia».

2361 860 5 3 -
2387 868 16 7 K
2431 856 36 18 ul.
2484 860 23 15 on
2519 856 85 18 l'atjonrie
2613 852 46 17 dans
2671 852 26 17 le»
2708 851 78 18 tmitattx
2794 851 23 18 de
2826 853 52 19 poitt
2888 851 18 17 et
2917 850 11 17 ft
2938 849 50 18 notre
2998 850 65 19 ageoc»

2403 880 27 22 SB,
2442 884 30 14 net
2483 879 31 19 da.
2525 876 142 22 l'eàteChanH»
2676 875 37 21 d")
2723 882 20 6 -
2754 872 72 23 T-leptu
2837 880 6 14 :
2853 873 72 20 Outrai
2939 873 10 19 1
2957 872 43 19 »-8
3005 872 16 17 4

3216 698 23 52 |
3265 700 86 32 STYLE
3373 699 131 32 ANGLAIS.
3524 711 18 7 -
3562 698 138 32 MODERNE
3729 704 11 17 =

3217 737 22 58 |
3346 749 75 31 ART8
3441 748 176 32 DECORATIFS

3225 796 14 19 S
3266 797 41 18 Sea:
3319 796 108 18 d.msued.
3441 795 92 18 facilité,
3544 795 29 19 d*
3585 797 109 19 p.i.m.ol
3727 802 8 17 ;

3216 826 532 36 l?lllll!lllllllllllllllllllllllllllllllllllllll:iilll!iî

3224 884 522 24 IIIIIIIIMIIIIIMIIIIIllllllllllllllllllIllIlIllilllll

110 1022 319 135 Vieux
464 1010 115 135 de
610 1006 357 139 Nouvel
998 1008 145 135 An

142 1226 77 27 Sans'
232 1220 52 26 être
299 1220 123 31 prophète,
439 1226 32 20 on
484 1221 59 28 peut
557 1219 59 24 affir-

114 1266 55 18 mer
185 1244 31 45 qî
222 1257 23 20 ,e
260 1252 97 25 l'année
373 1253 43 28 qui
435 1256 139 19 commenc»
593 1257 31 17 ne

114 1297 59 20 sera
193 1278 41 43 pa')
233 1290 17 18 3
272 1284 117 29 marquée
410 1290 46 23 par
476 1290 48 18 une
543 1283 81 30 pierre

114 1323 121 24 blanche.-
253 1311 64 29 Saris
333 1316 72 23 doute
421 1315 65 24 est-il
500 1315 124 23 malséant

117 1355 30 25 de
172 1361 30 19 ne
229 1353 23 30 tP
254 1353 29 18 as
305 1347 97 30 fublier
425 1353 35 18 un
484 1346 139 30 optimisme

114 1386 113 26 aouriant
237 1381 45 35 o^et
302 1379 29 25 de
354 1385 32 18 ne
406 1385 47 23 pas
476 1379 93 23 feindre
593 1379 29 23 de

114 1417 78 25 croire
206 1418 58 29 qisje
279 1412 52 22 tout
344 1416 32 17 va
390 1410 144 29 s'arranger
546 1410 77 29 magi-

114 1452 115 27 tjuement
237 1442 15 29 2
250 1443 24 23 ei
286 1443 180 28 promptement
476 1448 47 24 par
534 1443 22 22 le
569 1442 52 23 seul

115 1481 46 23 fait
177 1481 29 23 de
220 1482 33 24 lai
269 1473 159 24 substitution
440 1479 35 18 au
489 1473 137 24 calendrier

116 1512 60 24 d'un
186 1517 34 19 an
229 1506 124 29 nouveau
362 1511 18 18 a
391 1506 51 23 l'an
455 1505 90 24 révolu.
560 1505 65 24 Mais

115 1543 49 26 lee-
168 1544 88 24 conflit
262 1543 12 17 3
290 1537 115 23 humains
420 1543 31 17 ne
466 1536 158 24 connaissent

116 1581 46 24 pas
179 1577 24 22 la
218 1568 114 31 diyf-sion
347 1568 33 23 du
396 1570 86 27 temps.
501 1568 34 23 Us
550 1567 65 24 conti-

113 1608 108 23 nueront
233 1613 40 17 sa-
272 1605 32 18 113
318 1599 144 30 s'inquiéter
473 1601 30 23 de
517 1601 25 23 la
555 1601 69 23 trêve

115 1638 60 23 d'un
192 1639 58 29 jour
263 1630 56 30 'inl'
333 1631 97 24 servira
448 1631 126 25 d'ailleurs
595 1638 29 22 ça

116 1670 24 23 et
162 1670 26 23 là.
208 1670 16 22 à
246 1663 151 35 pi'oclsamer,
418 1669 47 23 par
486 1664 23 23 le
529 1663 95 23 truche-

246 1676 25 22 pi

114 1702 72 22 ment,
198 1702 43 23 des
255 1695 120 31 souhaits
389 1695 179 28 traditionnels,
584 1701 31 17 en-

116 1732 106 24 tendons
241 1721 109 37 les'iSO"
351 1727 33 22 1111
385 1733 6 15 '
394 1727 22 22 18
437 1726 188 30 diplomatiques

118 1766 24 23 et
158 1763 124 29 collectifs,
300 1758 23 32 é
325 1764 26 17 es
365 1758 81 32 points
461 1758 29 23 de
506 1764 47 18 vue
569 1758 56 30 plus

118 1795 122 25 tranchas.

145 1827 38 24 Na
197 1828 156 27 manquons'.,
359 1821 136 29 oependant
509 1827 48 24 pas
571 1822 16 22 à
602 1822 24 23 la

119 1858 116 24 tradition
253 1859 24 23 et
295 1864 30 18 en
342 1853 145 27 formulant
501 1854 36 23 les
551 1859 74 17 vœux

117 1889 38 27 lee
175 1890 58 30 plus
253 1889 157 30 optimisteiS.
430 1885 195 28 efforçons-nous

118 1922 157 29 simplement
295 1921 30 25 de
343 1916 204 31 faireî^bvpoint.
569 1917 57 23 Cela

118 1952 53 31 fait,
195 1954 120 29 peut-être
336 1948 235 33 pourra-t-oïïe\vo.r
592 1955 33 16 un

119 1990 50 22 peu
180 1986 58 28 plus
253 1984 61 24 clair
330 1984 63 23 dans
408 1980 149 26 l'avenir>^
610 1999 8 3 _
619 2001 11 14 A

146 2017 38 22 La
196 2016 124 29 Belgique,
335 2016 16 22 à
364 2015 52 24 tout
428 2014 112 30 prendre,
556 2013 62 23 dans

118 2047 24 24 le
154 2047 214 23 bouleversement
379 2045 100 30 général
492 2051 28 18 se
533 2045 87 23 trouve

116 2077 67 24 'dans
194 2084 48 19 une
252 2078 118 24 situalion
380 2076 148 32 privilégiée.
541 2075 78 24 L'état

120 2109 30 26 de
165 2116 41 18 ses
220 2110 112 23 finances
345 2110 39 22 est
395 2108 172 24 relativement
581 2112 31 18 sa-

119 2140 132 25 tisfaisant.
270 2140 169 28 Assurément,
457 2145 32 18 on
505 2146 31 17 ne
552 2138 67 24 roule

118 2179 47 23 pas
185 2179 45 18 sur
249 2173 53 27 l'or,
322 2171 65 24 mais
406 2170 137 30 l'équilibre
561 2170 50 23 bud-

119 2204 93 30 gétaire
236 2205 38 23 est
295 2203 91 24 réalisé
408 2208 60 18 sans
489 2204 54 27 trop
563 2202 50 23 d'ef-

120 2237 70 28 forts,
205 2236 26 23 ni
243 2236 98 23 surtout
352 2240 61 19 sans
425 2233 142 30 expédients
580 2233 42 30 qui

119 2270 133 27 marquent
271 2268 53 22 mal
343 2272 36 18 un
399 2265 110 25 désarroi
528 2270 84 18 annon-

121 2299 95 24 ciateur
228 2300 30 23 de
272 2298 177 29 catastrophes.
464 2297 66 25 Sans
541 2296 79 26 doute,

121 2331 81 24 faut-il
219 2330 113 24 craindre
349 2335 48 18 une
415 2328 146 25 diminution
579 2326 47 40 desj

121 2361 105 25 recettes
243 2361 116 29 d'impôts
376 2363 23 22 et
418 2367 46 19 une
478 2361 136 29 augmenta-

121 2394 54 26 tion
189 2394 44 23 des
249 2394 119 29 dépenses
385 2394 47 22 due
446 2393 17 22 à
478 2392 146 23 l'extension

122 2425 35 24 'du
169 2425 124 30 chômage.
311 2425 64 23 Mais
390 2430 33 18 on
437 2425 85 28 espère
537 2429 48 24 que
600 2424 25 22 la

122 2462 87 24 marge
221 2456 134 25 déficitaire
369 2455 149 24 n'atteindra
530 2461 48 24 pas
592 2461 32 18 un

122 2487 92 25 niveau
227 2489 44 28 qui
285 2487 211 30 déséquilibrerait
510 2487 29 24 de
554 2483 73 31 façon'

123 2519 172 26 irrémédiable
316 2520 23 24 le
359 2519 96 29 budget.
477 2518 66 25 C'est
563 2523 17 18 a.
600 2518 21 36 l_j

123 2551 80 27 yérité
220 2551 23 23 le
261 2552 53 23 seul
331 2551 69 29 point
414 2550 106 29 sombre,
540 2549 74 24 dison:

125 2583 58 29 plus
199 2583 153 24 exactement
369 2583 23 23 le
409 2583 54 23 seul
479 2581 69 30 point
566 2581 48 23 d'in

124 2614 153 29 terrbgation
296 2614 43 29 qui
357 2614 75 23 rende
451 2615 70 23 notre
540 2612 81 24 aveni'

126 2646 129 23 immédiat
270 2652 48 23 peu
335 2645 148 29 pénétrable.

153 2677 66 24 Mais
233 2678 22 24 le
268 2678 71 24 franc
349 2677 70 29 belge
432 2678 38 22 est
482 2676 85 24 solide.
581 2677 39 22 Lei

126 2709 82 23 bilans
221 2708 207 25 hebdomadaires
444 2709 30 23 de
489 2709 24 22 la
526 2700 94 37 Banqii

126 2734 132 31 Nationale
271 2740 110 23 révèlent
396 2746 35 17 un
446 2740 51 23 état
512 2740 29 23 de
557 2736 63 26 sanë

127 2777 50 25 tjue
190 2772 122 23 d'aucuns
323 2777 64 17 nous
401 2771 106 24 envient.
524 2771 20 23 Il
557 2762 64 43 n'yja

127 2804 70 29 point
215 2802 139 25 d'inflation
373 2803 17 23 à
408 2803 121 29 craindre,
549 2803 72 29 mêije

128 2835 30 29 si,
180 2841 64 18 nous
264 2835 109 25 référant
395 2840 50 18 aux
466 2833 153 24 déclaratiois

137 2867 89 24 ifcente
248 2867 32 22 du
301 2867 55 22 chef
375 2867 33 22 du
426 2860 191 35 gouvernemeit,

128 2899 24 23 le
168 2898 133 23 moratoire
318 2898 125 22 sl.en.and
460 2899 39 22 est
513 2896 106 30 proloigé

129 2930 24 22 et
165 2930 22 22 si
199 2931 37 23 les
247 2929 154 28 réparations
412 2926 117 25 viennent
540 2929 17 22 à
566 2921 54 31 ntiïs

129 2957 65 29 faire
210 2959 91 24 défaut.
318 2960 20 23 Il
353 2965 65 17 nous
433 2960 87 23 faudra
534 2959 87 29 simpe-

129 2991 70 23 Inent
216 2991 18 22 à
251 2990 92 29 l'égard
358 2991 30 24 de
405 2990 160 30 l'Allemagne
583 2982 38 32 tte

130 3021 118 31 politicpie
266 3022 11 23 f
277 3027 67 18 serine
359 3024 26 22 et
401 3021 167 31 clairvoyante
585 3028 36 18 oie

130 3053 124 26 l'attitude
268 3053 195 30 intransigeante
479 3054 29 24 de
523 3053 100 34 l'Amfi-

131 3091 48 23 que
189 3085 114 25 refusant
313 3085 152 24 d'examiner
475 3086 22 24 le
508 3086 114 29 problème

132 3111 45 31 Ides
198 3117 78 24 dettes
298 3117 29 22 de
347 3121 88 24 sguerre
451 3118 23 23 et
493 3118 22 22 le
534 3119 89 27 raptfo-

132 3148 115 24 chement
267 3148 192 29 franco-anglais
477 3154 62 18 nous
559 3140 64 32 faili-

132 3180 83 25 ■teront
230 3179 267 24 vraisemblablement.
514 3181 35 23 La
563 3185 60 24 qes-

132 3211 55 24 .tion
199 3213 39 22 est
251 3211 29 24 de
293 3211 84 23 savoir
388 3212 31 27 si,
431 3212 81 22 même
522 3212 102 23 ainslfa-

136 3240 87 30 cilitéè,
235 3243 62 23 cette
310 3242 116 30 politique
440 3243 59 23 dont
511 3249 32 17 on
554 3249 16 17 a
582 3240 43 27 fant

138 3274 30 24 de
188 3274 48 24 fois
254 3273 94 29 précisé
369 3274 36 23 les
426 3275 116 23 contours
562 3280 64 24 stpra

135 3306 52 23 être
203 3304 129 30 appliquée
346 3311 60 18 sans
422 3305 165 36 défaillances)
594 3312 30 17 en

135 3337 68 29 plein
221 3337 90 23 accord
330 3342 60 18 avec
410 3342 46 19 nos
476 3337 71 24 alliés
566 3327 60 33 nltu-

137 3369 48 24 tels
203 3370 24 23 et
244 3369 154 23 notamment
412 3374 62 17 avec
492 3369 25 22 la
534 3359 90 33 Fralce.

138 3400 36 23 De
190 3407 27 18 ce
232 3400 61 29 côté,
310 3400 70 22 notre
395 3400 98 22 volonté
507 3406 59 17 sera
578 3400 50 35 pal-

136 3431 82 25 tresse
235 3432 24 23 et
276 3437 28 19 ce
321 3437 57 18 sera
393 3437 50 18 aux
458 3431 170 24 hommesres-

202 3462 69 24 ieb.es
297 3462 18 24 i
342 3463 85 23 /savoir
450 3463 103 29 profiter
575 3463 53 23 l'un

200 3493 49 24 eux
267 3495 183 23 retournement
469 3495 44 24 des
531 3495 97 36 dorpées

140 3525 30 24 de
186 3526 25 23 la
225 3525 117 30 politique
357 3526 194 24 internationale.

168 3556 76 25 Notre
261 3557 116 29 politique
392 3558 157 29 économique
567 3559 62 28 ippa-

140 3589 50 23 ralt
205 3588 241 25 malheureusement
460 3589 83 24 moins
558 3589 71 23 caire-

140 3621 70 22 ment
240 3620 89 23 tracée.
361 3620 34 23 Le
425 3619 203 30 protectionisme

140 3650 77 24 d'une
242 3651 65 28 part,
336 3651 25 23 la
388 3651 145 25 diminution
559 3652 18 25 ô
603 3653 25 23 la

143 3682 110 29 capacité
265 3681 99 25 d'achat
377 3683 30 23 de
416 3689 46 18 nos
475 3683 152 26 fournis>eurs

142 3713 125 24 habituels
283 3719 46 23 par
345 3714 54 25 leur
414 3715 214 28 appauvrissaient

145 3750 33 18 ou
187 3751 47 23 par
244 3746 44 22 des
297 3750 115 19 mesures
424 3746 205 31 artificiellespour

143 3775 98 25 réduire
258 3777 68 23 leurs
343 3777 178 29 importations,
538 3778 90 25 nè'sont

143 3813 47 24 pas
203 3814 64 19 sans
283 3814 141 24 provoquer
440 3809 30 22 de
487 3809 48 24 vifs
551 3811 73 24 s-ucis.

146 3839 64 24 sSans
233 3839 73 26 doute
326 3841 23 24 le
369 3844 189 24 gouvernement
566 3843 61 22 est-il

145 3871 69 23 armé
227 3877 63 24 pour
304 3871 124 30 répliquer
439 3877 51 17 aux
503 3873 125 28 agressions

144 3902 158 24 inattendues
317 3904 42 28 qui
375 3902 143 30 pourraient
532 3903 88 26 restrein-

146 3933 44 25 dre
205 3940 88 18 encore
308 3936 22 24 le
345 3934 99 24 volume
456 3934 31 23 de
500 3934 64 26 notrd
569 3941 51 19 com-

145 3970 83 19 merce
240 3965 180 26 international.
434 3965 65 24 Mais
511 3956 118 35 seslrmes

146 3997 59 26 .sont
227 3998 42 23 des
288 4003 84 18 armes
392 3997 130 30 négatives
542 3993 27 41 qji
588 3999 33 23 ris-

148 4030 75 27 quent
240 4029 87 24 autant
343 4030 30 22 de
385 4035 65 18 nous
466 4028 72 24 nuire
554 4035 33 18 eue
604 4034 28 20 de

150 4064 64 19 nous
242 4060 87 24 servir.
362 4061 33 23 Le
424 4056 208 34 protectioniisme,

149 4091 81 23 même
258 4092 78 22 réduit
363 4098 31 17 en
420 4092 117 30 Belgique
556 4090 11 25 ti
592 4092 42 24 des

148 4127 114 19 mesures
287 4123 30 24 de
341 4123 99 25 défense
464 4125 24 23 et
512 4123 30 25 de
555 4127 80 25 fauve-

149 4154 77 28 garde
253 4155 168 28 temporaires,
450 4156 69 27 n'esl

149 4185 99 25 remède
268 4191 32 18 ou
317 4187 78 28 plutôt
415 4187 62 24 c'est

150 4215 54 29 pire
230 4222 47 24 que
301 4218 23 22 le
347 4218 58 23 mal.
432 4214 81 29 Notre'

150 4247 180 25 collaborateur
341 4249 33 23 M.
388 4248 35 24 De
435 4250 81 23 Leene:

151 4278 38 24 tré
207 4279 53 24 hier
278 4286 87 17 encore
382 4281 32 23 ici
429 4282 73 24 d'une

151 4310 81 23 etxcliït
256 4317 49 17 une
331 4312 176 25 contradiction

152 4340 37 23 La
202 4342 67 23 seule
282 4342 80 23 bonne
375 4343 114 30 politicjue
502 4338 68 30 eM'âe
583 4349 47 24 par-

153 4371 120 26 lementer
286 4373 24 22 et
325 4373 30 22 de
367 4373 115 29 négocier.
501 4363 55 36 ol-a
571 4376 59 24 tente
629 4375 9 16 5

155 4401 30 25 de
205 4402 24 24 le
248 4402 63 25 faire
328 4408 61 18 avec
408 4401 144 35 l'Anglelefre
572 4408 66 22 mais

155 4438 62 19 sans
244 4434 88 23 succès
359 4440 71 22 parce
458 4444 45 23 que
513 4427 33 35 Te
574 4442 64 26 pays

155 4462 91 27 entend
259 4470 132 18 conserver
400 4472 17 18 a
427 4468 89 30 l'égard
525 4469 71 27 Wme
608 4471 31 23 de

126 4507 8 15 /.
156 4502 31 18 sa
207 4496 118 30 pejliticjue
347 4496 151 33 économique
518 4499 35 27 lie
575 4502 53 29 posi-

156 4527 53 24 tion
239 4527 184 30 d'expectative.
456 4531 36 24 On
521 4522 55 41 -{ent
607 4534 31 23 de

133 4583 4 6 ,
156 4559 115 30 négocier
282 4565 61 17 avec
354 4559 57 29 plus
422 4560 29 25 de
461 4564 76 31 succè^
549 4571 89 18 encore

126 4605 6 8 .
157 4596 48 24 que
219 4591 81 29 l'objet
314 4591 45 24 des
371 4595 166 24 conversation
549 4597 36 24 ait
596 4597 42 24 été

158 4621 154 27 étroitement
331 4622 83 29 limité,
432 4628 59 18 avec
508 4627 127 28 laFrance,

134 4677 4 4 .
158 4653 66 25 mais
247 4654 44 23 des
313 4654 134 24 entretiens
469 4648 95 35 ofticJuj
582 4661 55 29 déjà

158 4682 108 33 engagés
284 4687 147 27 permettent
447 4685 131 32 d'entrfoir
594 4692 43 23 des

158 4714 168 31 négociations
337 4718 56 29 plus
406 4717 115 24 étendues
529 4718 32 33 jui
571 4726 67 22 pour¬

648 1215 85 34 raient,
750 1220 23 24 si
791 1220 58 23 elles
866 1220 57 23 sont
940 1219 125 25 conduites
1081 1224 61 18 sans

647 1251 155 29 préventions
832 1250 27 24 ni
882 1251 145 30 préjudices,
1058 1249 85 25 ouvrir

648 1282 57 25 dlun
722 1283 57 24 côté,
792 1284 22 23 le
831 1282 78 24 cercle
925 1283 29 23 de
970 1283 38 22 fer
1025 1282 30 24 de
1071 1282 70 23 notre

648 1315 133 24 isolement.

673 1345 26 24 Si
720 1345 104 26 l'avenir
842 1346 30 25 de
894 1347 25 23 la
938 1346 116 29 Belgique
1077 1346 65 22 reste

647 1378 116 24 incertain
780 1378 63 23 dans
860 1378 26 23 la
902 1383 98 18 mesure
1018 1377 33 23 où
1067 1376 19 23 il
1103 1377 39 23 est

647 1408 111 37 solidaire
772 1410 44 24 des
829 1410 158 24 événements
1000 1408 134 24 internatio-

647 1443 71 27 naux,
732 1441 29 28 si,
777 1446 17 18 a.
808 1441 69 30 l'Est,
893 1442 33 23 du
939 1440 66 25 Rhin
1018 1440 17 23 à
1046 1439 95 24 l'Oural

648 1479 23 18 S-i
697 1479 60 23 pose
785 1473 111 29 toujours
924 1478 47 18 une
1000 1472 142 23 redoutable

647 1507 124 26 inconnue,
784 1506 25 23 la
817 1505 119 25 situation
946 1503 132 25 intérieure
1089 1509 45 25 per-

645 1538 47 22 met
709 1536 147 26 néanmoins
875 1536 155 29 d'envisager
1044 1535 97 24 l'année

646 1559 109 37 Nouvelle
771 1574 62 18 avec
849 1568 132 23 confiance.
1000 1566 65 24 Mais
1082 1566 60 23 c'est

647 1601 57 23 cette
720 1600 134 29 confiance,
872 1601 42 29 qui
929 1606 31 19 ne
973 1605 64 18 nous
1052 1605 17 17 a
1083 1598 59 24 heu-

647 1629 135 26 ieusèment
801 1638 48 23 pas
867 1631 160 24 abandonnés
1046 1630 95 29 malgré

648 1665 31 23 les
689 1664 110 23 alarmes
811 1664 30 23 de
853 1664 117 29 quelques
980 1661 160 31 paniquards,

647 1695 89 30 malgré
746 1695 72 25 aussi
830 1696 24 23 la
866 1695 106 28 tactique
983 1694 74 23 d'une
1069 1698 63 24 oppo-

648 1720 68 31 sition
733 1727 117 29 politique
868 1727 41 30 qui
924 1727 32 23 né
970 1731 100 18 mesure
1086 1730 53 24 pas,

648 1752 111 36 iveuglée
777 1759 89 29 qu'elle
883 1759 38 24 est
936 1763 47 24 par
996 1763 42 18 ses
1055 1756 86 24 succès

648 1791 140 31 flectoraux,
803 1790 122 25 l'étendue
940 1790 32 23 du
986 1789 52 23 mal
1051 1788 90 30 eju'elle

651 1825 59 21 jeut'
724 1819 96 31 causer,
846 1822 59 23 c'est
929 1821 62 23 cette
1015 1820 126 24 confiance

651 1854 56 24 lans
730 1859 47 18 nos
805 1853 80 24 forces
912 1852 59 30 qu'il
998 1857 64 18 nous
1089 1851 53 23 faut

649 1884 126 26 nainténir
786 1881 98 27 intacte.
903 1885 19 23 Il
938 1884 43 30 n'y
996 1890 24 22 a,
1038 1883 104 23 disions-

649 1924 56 17 ious
725 1917 86 29 tantôt,
833 1917 78 29 qu'un
929 1916 69 29 point
1018 1914 123 24 vraiment

648 1950 93 24 jombre
762 1949 17 23 à
798 1948 71 26 notre
889 1948 108 28 horizon,
1020 1947 42 29 qui
1084 1947 58 28 peut

648 1989 23 18 se
693 1980 108 25 traduire
822 1986 48 23 par
887 1985 49 18 une
958 1978 129 24 extension
1109 1978 33 22 du

641 2012 164 34 (déséquilibre
829 2012 70 23 entre
921 2017 48 17 nos
989 2011 111 27 recettes,
1117 2009 24 23 et

642 2051 45 19 nos
710 2045 127 28 dépenses.
863 2044 32 24 Ce
917 2042 162 30 déséquilibre
1103 2041 38 23 est

642 2083 47 22 peu
717 2075 108 25 sensible
836 2081 7 22 ;
872 2074 18 24 il
919 2072 57 25 l'est
1004 2072 137 31 cependant

641 2108 185 24 suffisamment
839 2112 63 23 pour
913 2106 83 29 exiger
1006 2104 136 27 l'émission

643 2140 29 23 de
688 2140 65 23 bons
771 2139 33 24 du
820 2138 92 23 Trésor
924 2137 43 30 qui
984 2143 32 17 en
1032 2136 110 29 principe

641 2172 65 23 n'est
721 2177 47 23 pas
783 2169 220 25 recommandable.
1020 2168 67 25 Mais
1101 2173 41 18 ces

641 2204 64 22 bons
720 2203 34 23 du
768 2202 91 23 Trésor
873 2204 43 22 ont
931 2206 48 19 une
993 2199 149 25 destination

643 2236 23 23 et
679 2240 35 20 un
722 2235 68 29 objet
800 2234 58 23 bien
872 2232 158 29 déterminés;
1040 2232 33 24 ils
1085 2232 57 23 sont

641 2266 157 30 simplement
833 2271 55 18 une.
918 2264 129 30 opération
1081 2264 53 23 d'es-

641 2298 94 29 compte
743 2297 100 30 portant
851 2302 46 19 sur
905 2297 43 24 des
957 2295 93 30 impôts
1059 2294 43 31 qui
1111 2299 32 18 ne

642 2331 57 23 sont
710 2336 47 23 pas
768 2335 88 19 encore
866 2328 134 26 encaissés.
1012 2328 66 23 Leur
1088 2332 48 18 usa-

641 2367 30 25 ge
689 2361 153 25 deviendrait
859 2361 143 29 dangereux
1019 2359 23 24 si
1058 2364 34 18 on
1106 2358 37 24 les

642 2392 141 32 multipliait
798 2399 33 17 ou
848 2393 23 23 si
888 2398 32 17 on
937 2390 126 25 cherchait
1080 2390 63 23 dans

645 2426 43 23 des
715 2425 130 29 emprunts
876 2423 133 26 successifs
1039 2423 23 23 le
1091 2421 53 24 seul

642 2463 91 24 moyen
747 2457 31 25 de
796 2456 142 25 surmonter
956 2456 36 22 les
1011 2453 133 25 difficultés

642 2488 154 24 financières.
814 2487 68 24 Nous
898 2487 60 24 n'en
970 2491 111 18 sommes
1097 2490 46 25 pas

643 2521 25 23 là
689 2521 24 24 et
733 2526 64 17 nous
818 2520 59 23 n'en
899 2519 133 23 viendrons
1051 2523 49 24 pas
1119 2517 25 23 là

643 2553 24 23 si
680 2552 24 25 le
718 2552 194 30 gouvernement
923 2556 17 18 a
954 2550 24 23 la
991 2550 79 23 ferme
1084 2548 52 24 déci-

644 2584 55 23 sion
711 2584 30 25 de
756 2588 124 19 resserrer
894 2584 36 24 les
946 2582 121 29 dépenses
1082 2581 63 22 dans

644 2616 26 23 la
695 2621 99 17 mesure
820 2615 33 23 où
880 2615 37 22 les
945 2613 105 24 recettes
1077 2611 70 24 elles-

644 2648 95 23 mêmes
762 2646 142 24 diminuent.
930 2645 21 23 Il
972 2645 53 23 faut
1044 2642 94 30 compri-

643 2684 55 18 mer
707 2679 36 23 les
759 2678 121 29 dépenses
892 2677 79 29 quitte
983 2677 16 22 à
1014 2676 63 26 faire
1089 2675 50 23 hur-

645 2711 37 23 ler
704 2711 37 23 les
760 2709 124 30 parasites
907 2708 174 29 budgétivores
1105 2706 42 29 qui

643 2741 160 30 s'imaginent
821 2747 48 23 que
886 2742 24 21 la
928 2739 143 24 collectivité
1089 2744 17 17 a
1123 2738 23 23 le

643 2773 86 24 devoir
747 2773 29 23 de
795 2773 36 23 les
849 2771 135 24 entretenir
1002 2776 61 18 sans
1082 2769 63 24 frein

643 2805 26 23 ni
688 2804 73 30 règle,
783 2803 77 30 quitte
878 2803 70 23 aussi
967 2802 18 22 à
1003 2801 62 23 faire
1082 2800 63 22 crier

643 2838 37 24 les
700 2836 118 30 pouvoirs
839 2836 91 23 locaux'
940 2834 47 29 s-jai
1006 2838 52 18 eux.
1074 2831 69 24 aussi

642 2868 159 29 s'imasginent
823 2866 61 30 qu'il
905 2867 43 27 n'y
970 2871 17 17 a
1008 2865 66 28 qu'à,
1089 2868 55 18 ixra-

643 2901 81 23 tinue?r
740 2901 16 21 à
771 2900 121 28 dépensa
909 2903 60 19 sans
985 2896 70 24 souci
1071 2896 30 23 de
1119 2895 25 22 la

642 2931 66 24 crise
724 2933 35 22 et.
764 2931 45 23 des
826 2926 133 26 difficultés'
974 2928 34 23 du
1024 2926 117 24 moment

642 2963 28 24 Si
690 2964 24 23 le
735 2962 56 23 chef
811 2962 32 23 du
866 2960 192 30 gouvernement
1066 2961 5 4 '
1079 2964 18 18 a
1118 2958 25 23 la

644 2994 99 24 volonté
767 2995 24 22 et
814 2993 23 23 le
861 2996 106 25 courage
991 2991 30 24 de
1039 2990 105 24 résister

645 3032 61 18 sans
722 3024 83 25 faiblir
820 3029 51 19 aux
885 3024 104 24 assauts
1003 3022 132 24 innombra-

645 3058 54 25 bles
721 3058 44 23 des
787 3055 151 30 délégations
961 3060 33 18 en
1017 3055 89 29 quête,.
1114 3053 30 24 de

645 3088 133 31 privilèges
802 3088 24 26 et
849 3087 31 24 de
903 3092 113 18 mesures
1037 3086 109 28 d'excep.-

645 3121 59 29 tion,
728 3126 64 18 nous
816 3119 158 24 franchirons
996 3123 61 18 sans
1079 3117 57 24 dom-

644 3157 74 25 mage
742 3153 36 23 les
803 3150 125 25 dernières
953 3155 89 24 passes
1065 3149 30 24 de
1119 3148 25 24 la

645 3184 71 24 crise.
729 3183 68 24 Cette
808 3182 106 28 volonté,
928 3188 32 17 on
969 3181 35 27 l'a
1013 3187 45 19 eue
1069 3180 77 23 ferme

645 3215 99 30 jusqu'à
768 3215 106 29 présent
897 3214 34 25 Le
952 3213 115 23 meilleur
1088 3217 58 18 vœu

647 3248 74 30 qu'on
754 3246 85 30 puisse
872 3245 125 28 formuler,
1028 3249 61 19 vœu
1119 3243 30 23 de

648 3280 87 23 disette
756 3280 21 22 si
800 3278 51 25 l'on
871 3278 59 23 veut
950 3276 67 25 mais
1038 3281 60 19 vœu
1118 3275 30 23 de

648 3311 111 23 bonheur
775 3311 53 23 tout
844 3310 30 25 de
890 3310 89 28 même,
997 3308 62 24 c'est
1073 3307 76 29 qu'on

647 3342 112 24 continue
769 3348 64 18 sans
848 3341 144 23 défaillance
1008 3340 63 24 dans
1084 3338 64 24 cette

649 3375 53 23 voie
724 3380 48 24 peu
793 3373 124 30 agréable,
940 3378 49 24 peu
1010 3371 136 27 électorale,

648 3406 63 23 mais
726 3405 139 24 salvatrice.

1185 2333 23 20 L'
1223 2340 11 11 ee
1249 2330 165 26 Indépendance
1431 2328 66 26 Belge
1512 2336 10 11 .
1537 2326 71 28 prédit
1622 2327 15 21 à
1652 2331 36 17 ses
1700 2326 93 21 lecteurs
1808 2325 22 22 la
1842 2325 35 27 fin
1890 2325 27 25 de
1932 2324 24 23 VI

1184 2361 57 20 mois
1255 2359 87 24 d'avril.
1358 2357 97 22 L'année
1471 2358 48 20 iSSS
1534 2359 50 18 sera
1598 2357 45 20 aile
1658 2355 71 21 année
1743 2354 27 22 de
1784 2354 60 27 paix,
1858 2356 27 21 de
1900 2349 56 39 retcj

1877 2376 79 33 proplk

1975 2329 39 18 ver
2027 2329 57 22 pour
2099 2324 19 22 le
2133 2325 56 21 mois
2202 2325 27 21 de
2245 2330 60 16 mars
2322 2327 24 21 et
2361 2326 21 21 la
2398 2326 33 25 lin
2447 2326 26 21 de
2491 2326 21 21 la
2529 2327 55 21 crise
2600 2332 58 21 pour
2674 2328 18 21 le

1975 2353 61 24 ailla
2051 2353 127 27 prospérité,
2190 2354 14 21 à.
2221 2354 118 21 condition'
2349 2359 42 21 que
2409 2359 23 16 ce
2451 2355 41 21 soil
2510 2356 52 21 celle
2581 2356 38 22 des
2638 2356 55 21 bons

1167 2432 1536 29 llllllllllllllllllllllllllllllllllllllllllllllllllillllllllllllllllllllllllllllllllllllllllllllllllllllllllllllllllllllilllllllllllllllllillllllllllllllllllll

1176 2492 139 97 Le
1382 2490 509 97 Ministre
1958 2494 199 91 des
2228 2484 113 99 P.
2400 2486 125 99 T.
2582 2488 125 97 T.

1168 2626 163 71 fait
1386 2626 343 69 fermer
1792 2614 267 79 Radio
2078 2614 633 81 -Schaerbeek

2728 1002 263 121 L'Angl
2992 1002 255 105 eterre
3284 998 79 105 et
3394 996 71 105 le
3500 994 255 107 Florin

2833 1164 98 46 Les
2965 1172 356 38 manœuvres
3354 1158 66 46 de
3456 1156 52 47 la
3543 1156 114 46 Cité

1883 2712 91 21 -.O*®:

1222 2764 51 45 Le
1307 2761 189 58 speaker
1529 2763 52 44 de
1616 2772 51 36 ce
1702 2761 125 57 poste
1861 2771 112 36 nous
2004 2759 74 48 fait
2115 2761 95 57 part
2245 2761 52 46 de
2332 2772 79 35 son
2448 2761 208 46 irritation

1337 2862 42 34 Et
1404 2862 48 35 M.
1480 2862 172 34 Bovesse
1675 2870 97 26 nous
1797 2862 170 39 explique
1991 2862 55 32 !es
2072 2861 147 35 raisons
2243 2861 48 39 de
2314 2871 46 25 sa
2385 2862 166 34 décision

2753 1273 19 20 A
2783 1271 141 22 Amsterdam
2938 1270 69 26 règne
3020 1274 43 17 une
3075 1268 107 23 véritable
3193 1269 21 20 in-

2728 1301 115 26 dignation
2858 1300 76 21 contre
2944 1298 116 21 l'attitude
3073 1299 28 21 de
3115 1297 25 22 la
3151 1301 78 23 presse

2728 1329 107 26 anglaise,
2864 1328 38 26 qui
2926 1327 103 27 poursuit
3055 1331 28 16 sa
3105 1329 123 23 campagne

2727 1358 117 21 sournolse
2855 1357 77 21 oontre
2945 1355 21 22 le
2979 1355 75 25 florin,
3063 1359 54 17 aveo
3127 1360 30 16 un
3171 1354 57 27 parti

2729 1387 48 26 pris
2794 1386 38 26 ssjui
2852 1377 67 30 trahit
2936 1384 131 21 clairement
3085 1383 34 22 les
3138 1383 92 21 Intérêts

2729 1414 142 28 particuliers
2882 1413 82 26 qu'elle
2976 1412 110 27 poursuit.

2754 1444 42 21 Les
2825 1442 97 27 grandes
2951 1442 100 25 banques
3081 1437 149 24 hollandaises

2730 1472 39 21 ont
2789 1471 89 21 traduit-
2890 1470 165 27 pratiquement
3076 1469 50 21 leur
3146 1469 84 21 révolte

2731 1506 26 15 en
2778 1500 102 26 exigeant
2903 1499 39 21 des
2964 1499 83 26 primes
3066 1497 165 22 considérable.!

2731 1534 58 21 pour
2810 1529 59 20 loute
2889 1527 114 27 opération
3025 1527 14 20 à
3060 1526 69 21 terme
3150 1525 50 24 su>.
3211 1525 21 21 le

2732 1557 75 25 florin,
2819 1557 38 26 qui
2870 1561 28 16 ne
2911 1556 42 21 soit
2966 1560 41 22 pas
3018 1555 140 21 strictement
3172 1558 66 25 eom^

2732 1586 110 21 merciiile.
2861 1585 41 21 Les
2924 1585 116 25 journaux
3059 1588 85 16 comme
3169 1581 63 23 l'.Al-

2734 1619 91 22 gemeen
2845 1613 161 23 Hmidesblad»
3038 1611 122 28 répondent
3178 1616 53 16 ave;

2731 1643 89 25 aiiergie
2838 1647 45 16 oux
2902 1641 91 22 feuilles
3008 1637 153 29 britanniques»
3178 1640 54 21 Uont

2731 1672 28 20 ils
2778 1670 132 26 dégonflent
2930 1670 161 25 ironiquement
3110 1668 35 23 les
3165 1672 56 22 argu-

2732 1700 80 21 ments.

2755 1728 30 22 Le
2801 1727 123 21 «Financial
2939 1728 78 21 News»
3035 1726 23 22 et
3072 1726 21 21 le
3110 1725 122 21 ..Financial

2731 1757 86 21 Times»
2831 1757 38 25 qui
2882 1760 56 17 nous
2951 1755 89 22 avaient
3051 1754 91 22 habitué
3155 1760 14 15 a
3181 1754 52 26 plus

2733 1786 27 20 de
2776 1785 113 27 prudence
2909 1784 101 27 publient
3027 1789 14 16 a
3060 1783 51 21 leur
3129 1784 52 22 tour
3205 1782 28 21 de

2733 1814 64 26 longs
2813 1813 94 24 articles,
2923 1812 72 27 pleins
3009 1812 28 21 de
3052 1811 129 25 réticences,
3194 1811 39 26 qui

2731 1843 53 21 sont
2802 1842 159 21 certainement
2979 1840 98 21 calculés
3096 1844 58 23 pour
3173 1839 48 22 alar-

2734 1875 48 17 mer
2801 1870 33 22 les
2853 1870 128 21 détenteurs
3001 1870 28 20 de
3048 1868 87 22 florins.

2757 1899 29 21 Le
2802 1899 123 21 «Financial
2941 1898 78 20 News»
3031 1898 98 23 surtout,
3145 1897 38 26 qui
3201 1898 33 20 est

2735 1928 103 25 toujours
2858 1927 99 26 l'organe
2985 1928 40 19 des
3052 1926 76 21 thèses
3156 1926 27 21 de
3205 1925 29 21 M.

2733 1956 120 24 Montague
2869 1956 105 25 Norman,
2991 1955 94 27 prétend
3100 1959 43 22 que
3161 1954 73 21 l'atta-

2734 1989 42 17 oue
2791 1985 36 26 qui
2843 1984 52 21 s'est
2909 1983 134 22 déclanchée
3057 1983 76 21 contre
3148 1983 20 20 le
3182 1982 53 27 gul-

2736 2014 42 19 elen
2797 2013 81 26 partait
2885 2014 3 4 '
2899 2013 27 21 de
2948 2013 49 20 tous
3020 2007 38 26 les'
3075 2011 102 21 marchés
3205 2011 31 21 du

2735 2042 87 22 monde,
2844 2046 14 20 y
2883 2041 97 26 compris
3000 2041 69 20 Tokio
3096 2040 23 21 et
3138 2040 98 20 Buenos-

2735 2071 71 24 Ayres
2817 2071 6 20 1
2841 2070 91 25 D'après
2947 2069 38 21 lui.
3000 2070 36 21 cet
3050 2069 79 21 assaut
3144 2068 94 20 baissier

2734 2104 12 15 a
2763 2098 77 21 amené
2855 2103 30 16 un
2900 2098 30 21 Iel
2945 2098 168 20 renversement
3127 2096 29 21 de
3170 2096 20 21 la
3204 2096 20 21 si-

2735 2127 93 25 tuation,
2843 2127 66 25 qu'au
2928 2126 45 21 lieu
2992 2127 28 20 de
3040 2125 98 21 recevoir
3156 2129 80 17 eneore

2735 2156 28 20 tle
2776 2155 42 21 l'or
2830 2155 119 21 américain
2963 2156 23 20 et
3000 2154 106 26 français,
3120 2159 46 15 -on
3180 2153 43 21 s'at-

2738 2184 52 21 tend
2807 2189 15 16 a
2837 2188 25 17 ee
2880 2188 44 21 que
2943 2183 83 21 bientôt
3043 2183 28 21 de
3089 2187 53 22 gros
3161 2183 77 20 envois

2736 2212 48 21 d'or
2800 2212 123 26 prendront
2940 2212 19 20 te
2977 2212 86 20 chemin
3081 2212 28 20 de
3122 2215 38 17 ces
3176 2211 61 20 deux

2736 2245 56 22 pays
2800 2249 17 13 ».
2833 2249 10 10 «
2851 2241 30 20 La
2898 2240 95 26 tempête
3009 2240 38 26 qui
3063 2239 111 27 menaçait
3189 2238 17 22 il
3222 2243 14 22 y

2736 2275 13 15 a
2763 2269 49 21 huit
2824 2270 66 25 jouns
2905 2270 14 20 à
2933 2269 134 24 New-York,
3081 2268 33 21 dit
3128 2268 21 21 le
3164 2268 72 21 même

2736 2297 99 27 journal,
2842 2298 54 20 s'est
2908 2297 105 26 déplacée
3025 2301 53 17 vers
3088 2296 151 21 Amsterdam.

2735 2327 19 20 A
2768 2327 45 21 tort
2826 2331 29 16 ou
2869 2327 13 21 à
2895 2326 81 24 raison,
2991 2331 28 15 on
3033 2326 35 21 est
3081 2325 111 27 persuadé
3206 2329 35 17 un.

2736 2360 44 22 peu
2793 2355 89 27 partout
2893 2359 44 22 que
2950 2355 22 20 la
2984 2354 108 21 Hollande
3105 2354 68 20 devra
3185 2358 41 17 sus-

2738 2384 84 26 pendre
2839 2388 26 17 sa
2884 2382 186 22 convertibilité».

2760 2413 28 21 Et
2804 2412 56 26 vpici
2879 2412 29 21 où
2926 2416 66 22 passe
3011 2416 31 17 un
3059 2411 67 21 bout.
3132 2410 106 24 d'oreille.

2737 2449 9 11 «
2754 2441 34 21 Un
2805 2442 160 25 arrangement
2979 2439 203 27 anglo-hollandais
3199 2443 24 16 sa-

2737 2469 114 22 tisfaisant
2870 2469 28 22 de
2918 2469 24 23 la
2961 2469 102 26 question
3085 2468 40 21 des
3146 2467 91 22 retftric-

2752 2539 247 57 Regrettables
3029 2540 196 47 directives

2788 2611 64 47 des
2882 2611 156 54 Evêques
3065 2608 121 57 belges

2785 2705 88 20 ELLES
2889 2704 77 19 VONT
2980 2703 19 20 A
3014 2701 179 21 L'ENCONTRB

2755 2734 52 20 DE8
2828 2734 87 18 SAGES
2934 2732 138 20 CONSEIL8
3091 2731 37 20 DU
3150 2729 74 22 PAPE

2782 2759 4 10 '
2818 2762 37 20 ET
2872 2761 53 21 DE8
2943 2758 220 23 EXHORTATIONS
3178 2774 4 4 .

2887 2791 36 19 DE
2942 2790 30 21 M.
2991 2788 105 22 RENKIN

681 3486 19 20 A
721 3486 119 20 l'occasion
862 3485 42 20 des
924 3484 63 21 Tètes
1007 3484 31 21 du
1061 3481 88 23 Nouvel

652 3515 40 24 An,
707 3516 15 21 1'
732 3520 11 15 c
756 3514 168 24 Indépendance
942 3513 70 24 Belge
1030 3518 11 14 i
1061 3517 29 17 ne
1107 3515 30 21 pa-

655 3543 68 21 raîtra
734 3549 41 19 pas
788 3544 22 20 le
822 3544 15 18 2
849 3542 97 25 Janvier.
959 3541 72 21 Notre
1042 3539 109 27 prochain

656 3572 92 21 numéro
766 3574 93 23 portera
876 3571 59 21 dono
954 3571 23 21 la
994 3571 53 20 date
1065 3570 32 21 du
1115 3568 23 22 di-

656 3601 92 21 manche
763 3602 17 19 3
794 3600 89 25 Janvier
897 3600 70 21 1932.

652 3646 494 17 a/^^^^a^a^a^»e^0as.a-ea*»eaa^aaaa^aseas^ae^a_aSSee-a»S»*/ee

1190 2952 62 21 Jeudi
1271 2952 77 26 matitl,
1367 2953 15 21 à
1402 2950 162 22 .'inlervention
1583 2949 29 22 du
1632 2950 32 21 mi-

1166 2981 70 21 nislre
1254 2980 39 22 de»
1311 2982 24 21 P.
1355 2979 23 23 T.
1398 2979 33 25 T.,
1449 2978 39 22 des
1506 2979 79 26 agents
1602 2979 28 23 de
1649 2978 22 21 la

1166 3009 70 26 police
1247 3008 122 27 judiciaire,
1381 3007 75 22 munis
1468 3007 55 22 d'un
1535 3006 92 22 mandat
1640 3007 30 21 du

1165 3038 52 26 juge
1231 3036 161 26 d'instruction,
1407 3036 29 24 M.
1451 3035 110 26 Loppens,
1574 3037 39 20 ont
1627 3036 43 20 mis

1165 3066 32 21 ies
1210 3065 78 22 scellés
1300 3070 40 16 sur
1352 3064 19 22 le
1385 3065 63 26 poste
1460 3064 27 22 de
1501 3063 168 23 Radio-Schaer-

1167 3094 60 22 beek.
1242 3094 20 21 Il
1276 3099 15 21 y
1306 3094 60 21 avait
1382 3094 125 25 longtemps
1522 3093 51 25 déjà
1588 3097 42 22 que
1645 3097 25 17 ce

1168 3123 63 26 poste
1249 3121 128 25 d'émission
1395 3126 24 17 se
1438 3121 72 22 livrait
1527 3123 16 21 à
1560 3121 40 22 des
1618 3121 47 22 atta-

1167 3156 54 21 ques
1243 3150 68 22 d'une
1334 3151 96 21 violence
1453 3150 119 26 excessive,
1596 3149 68 27 dépas-

1167 3184 52 21 sant
1236 3180 32 21 tes
1286 3179 80 21 limites
1384 3178 128 22 habituelles
1530 3180 26 22 de
1575 3178 21 22 la
1614 3178 50 27 polé-

1169 3208 80 27 mique,
1262 3208 76 22 contre
1351 3207 20 22 le
1383 3207 100 21 ministre
1495 3207 40 21 des
1548 3207 24 22 P.
1586 3207 24 25 T.
1625 3207 24 22 T.

1191 3236 61 21 Nous
1278 3240 71 17 avons
1375 3235 67 22 voulu
1469 3235 114 22 connaître
1609 3236 63 25 quels

1170 3264 80 22 étaient
1267 3264 34 22 les
1321 3264 74 25 motils
1414 3264 27 21 de
1461 3264 54 24 cette
1535 3264 98 21 décision
1651 3264 22 21 et

1170 3297 57 20 nou,
1239 3297 71 18 avons
1322 3293 126 22 interviewé
1460 3293 15 21 i
1488 3293 22 21 la
1522 3293 44 26 lois
1578 3293 20 21 le
1612 3297 54 21 spea-

1171 3321 38 21 ker
1228 3321 28 21 de
1277 3320 215 22 Radio-Schaerbeek
1512 3321 58 22 aifisi
1590 3326 42 21 que
1654 3321 20 21 le

1171 3349 98 24 ministre
1284 3349 40 22 des
1339 3349 24 21 P.
1380 3349 24 24 T.
1421 3349 24 22 T.
1461 3349 60 23 Nous
1536 3350 138 21 soumettons

1171 3382 36 16 ces
1221 3378 58 21 deux
1292 3378 130 21 documents
1435 3378 14 21 à
1463 3382 43 17 nos
1520 3379 102 25 lecteurs,
1636 3378 38 27 qui

1170 3410 29 17 ne
1211 3407 144 25 manqueront
1367 3411 41 21 pas
1420 3406 68 22 d'êlre
1499 3407 90 26 [rappés
1600 3411 42 21 par
1653 3407 23 21 let

1172 3434 39 20 ton
1222 3434 81 21 triaient
1315 3434 30 22 du
1357 3435 96 25 premier
1465 3436 21 20 et
1499 3439 42 22 par
1553 3435 22 21 la
1588 3435 85 22 sereine

1172 3461 121 27 objectivité
1303 3463 30 21 du
1345 3463 88 25 second.

653 3682 50 48 Du
733 3682 78 48 abri
839 3682 178 49 allemand
1044 3682 105 48 saute

746 3843 111 33 Deux
877 3843 185 33 victimes

682 3896 85 27 Depuis
784 3896 51 22 huit
852 3896 74 26 jours,
946 3896 81 27 quatre
1046 3896 103 21 ouvriers

654 3924 130 23 travaillent
794 3925 15 21 k
819 3924 23 22 la
852 3925 142 22 destruction
1006 3924 55 22 d'un
1073 3924 80 22 anoien

654 3954 49 21 abri
723 3953 120 25 allemand,
870 3955 46 19 blti
945 3960 28 16 en
993 3953 100 24 bordure
1121 3953 32 21 du

653 3983 87 26 champ,
751 3983 28 22 de
793 3982 32 22 M.
839 3982 91 26 Viaene,
946 3982 102 25 fermier,
1063 3986 31 17 au
1108 3982 32 21 ha-

653 4016 68 16 meau
738 4011 102 21 «Artois-
857 4011 16 21 à
887 4012 118 22 Qheluwe.

686 4040 119 25 Mercredi,
827 4042 66 23 ayant
916 4041 93 22 terminé
1030 4040 22 22 le
1073 4040 81 26 forage

655 4069 28 22 de
698 4070 64 20 trous
777 4069 56 20 dans
848 4068 35 22 les
896 4069 77 27 parois
987 4070 28 22 de
1030 4069 74 24 l'abri,
1119 4069 34 20 les

658 4098 102 20 ouvriers
779 4102 17 22 y
816 4097 117 27 placèrent
954 4098 41 22 des
1017 4097 138 22 cartouches

658 4125 27 22 de
707 4126 127 27 dynamitée.
861 4126 58 22 Vers
949 4127 14 21 4
992 4127 94 24 heures,
1106 4126 50 22 l'un

605 4150 124 29 •ïrrfd'eTjs,
743 4155 101 22 Maurice
858 4155 150 27 Verschoore,
1022 4156 43 26 âgé
1079 4155 29 22 de
1123 4154 30 22 23

659 4185 46 20 ans,
723 4183 137 25 célibataire,
879 4184 135 22 demeurant
1031 4185 15 21 k
1064 4185 89 21 Zonne-

659 4209 61 25 berk,
736 4212 101 22 allumait
852 4218 45 18 une
913 4213 80 23 mèche
1008 4213 146 27 provoquant

659 4238 187 25 instantanément
866 4242 134 26 l'explosion
1029 4242 42 22 dés
1101 4246 52 17 oar-

662 4265 99 25 touches.

693 4294 30 22 Le
741 4298 147 22 malheureux
905 4299 70 26 jeune
995 4300 92 22 homme
1107 4300 35 21 dis-

660 4324 66 23 parut
740 4329 52 18 sous
805 4329 35 20 les
854 4327 134 22 décombres
1002 4329 29 23 de
1043 4328 72 22 béton
1130 4328 24 22 et

662 4351 37 21 fut
713 4351 38 22 tué
767 4358 39 18 sur
819 4357 21 22 le
857 4361 66 22 coup.
940 4357 32 22 M.
987 4357 102 23 Maurice
1105 4358 35 21 De-

663 4378 64 26 vrait,
742 4381 95 28 fermier,
852 4385 43 26 àgô
910 4386 28 21 de
953 4386 30 21 20
998 4390 51 21 sans,
1062 4387 40 26 qui
1117 4390 26 17 as-

661 4408 74 21 sistait
753 4413 28 17 au
797 4412 78 23 travail
892 4419 46 17 non
956 4415 46 21 loin
1020 4416 28 21 de
1067 4415 30 26 là,
1116 4416 38 21 fut

661 4436 50 26 Jeté
725 4442 41 17 sur
776 4438 21 22 le
809 4443 33 21 sol
854 4444 25 21 et
892 4440 166 26 horriblement
1070 4444 85 22 blessé.

661 4464 35 22 On
716 4465 20 22 le
757 4466 131 31 transporta,
917 4473 95 21 couvert
1021 4487 4 7 .
1039 4473 28 24 de
1088 4478 65 22 sang,

664 4494 56 21 dans
739 4493 22 22 la
779 4495 69 25 ferme
866 4501 28 21 de
913 4506 39 17 ses
979 4502 93 26 parents
1092 4502 30 22 où
1139 4502 18 21 il

661 4524 94 20 mourut
770 4528 52 17 vers
839 4526 12 21 6
867 4529 84 22 heures
968 4531 31 21 du
1015 4531 47 21 soir
1087 4531 58 27 aprèi

660 4551 141 22 d'affreuses
818 4556 148 25 souffrances.

693 4580 31 23 Le
742 4580 98 23 cadavre
859 4584 27 22 de
904 4587 31 22 M.
953 4588 145 24 Versohoore
1117 4589 39 22 n'a

663 4614 31 22 pu
709 4610 49 21 être
770 4609 71 22 retiré
853 4611 39 23 des
904 4616 75 22 débris
991 4616 30 23 de
1033 4617 66 21 l'abri
1113 4622 43 21 que

659 4638 65 26 jeudi
742 4637 140 27 après-midi.

694 4667 31 22 Le
744 4667 102 26 Parquet
863 4668 92 28 d'Ypres
973 4679 14 17 a
1004 4674 37 22 été
1058 4674 99 22 informé

661 4696 28 21 de
706 4701 26 16 ce
749 4696 144 21 douloureux
907 4702 107 26 aooldent,
1030 4705 39 25 qui
1085 4708 69 18 cause

593 4186 42 23 ède

565 4217 72 23 ellent

570 4254 68 18 mon-

561 4287 18 17 n
596 4280 41 29 qui

570 4317 65 18 euse.

1241 3542 34 31 Ce
1297 3543 78 38 qu'on
1398 3551 71 24 nous
1491 3544 115 32 raconte

1271 3591 15 31 à
1309 3592 270 33 Radio-Schaerbeek

1197 3670 31 23 Le
1239 3670 101 22 Ministre
1351 3672 39 22 des
1402 3673 24 21 P.
1439 3673 24 21 T.
1476 3674 35 26 T.,
1523 3674 30 22 M.
1567 3673 106 27 François

1174 3698 104 27 Bovesse,
1300 3699 67 26 vient,
1382 3705 66 22 fnous
1469 3701 80 27 dit-on,
1569 3701 27 22 de
1618 3701 55 22 faire

1174 3731 74 18 cesser
1260 3727 33 22 les
1305 3728 118 23 émissions
1433 3731 32 21 du
1479 3730 63 26 poste
1554 3730 29 24 de
1596 3729 78 22 Radio-

1173 3756 145 23 Schaerbeek.
1331 3756 18 22 H
1358 3762 16 17 a
1383 3758 88 22 adresse
1483 3758 107 22 mercredi
1600 3759 73 24 après-

1177 3785 52 20 midi
1247 3789 45 18 une
1307 3784 65 23 lettre
1385 3786 167 22 recommandée
1570 3788 15 21 k
1601 3786 31 23 M.
1650 3785 25 23 L.

1695 2950 122 25 Mestdagh,
1834 2949 109 22 directeur
1958 2950 32 22 da
2003 2953 28 20 ce.
2046 2950 68 26 poste.
2135 2949 59 22 Voici

1694 2978 20 23 le
1729 2977 59 23 texte
1801 2977 27 22 de
1842 2978 55 22 cette
1911 2977 63 24 lettce
1979 2982 32 25 îçv

1820 3023 113 22 Bruxelles,
1947 3024 20 18 lee
1977 3024 28 19 Ui
2011 3023 108 19 décembre
2130 3024 46 18 U3L

1833 3056 112 21 Monsieur,
1957 3061 4 4 ■

1714 3081 43 19 Par
1770 3085 37 16 ma
1822 3081 65 20 lettre
1900 3081 28 21 du
1943 3081 22 19 2â
1978 3081 113 21 eteSeembre.
2106 3081 24 22 Je
2143 3086 52 14 vous

1695 3107 106 20 rappelais
1813 3111 44 17 que
1869 3106 157 19 l'autorisation
2033 3110 41 18 que
2080 3111 52 14 tous
2137 3107 58 17 aviez

1696 3132 90 19 obtenue
1795 3137 50 15 sous
1856 3132 21 19 le
1887 3132 79 20 rôcime
1976 3133 26 18 do
2013 3132 22 18 la
2045 3131 30 20 loi
2085 3134 30 19 du
2120 3132 22 19 10
2146 3131 50 22 juil.

1695 3157 30 20 let
1734 3157 41 19 1908
1786 3156 56 20 était
1853 3157 96 21 caduqua
1959 3158 28 18 ett
1993 3157 25 22 Ja
2027 3161 53 17 vous
2091 3156 103 22 notifiais,

1695 3186 55 17 pour
1763 3183 79 18 sautant
1855 3187 42 17 que
1911 3182 26 20 de
1952 3182 70 18 besoin
2039 3182 22 19 la
2074 3182 121 19 révocation

1694 3207 28 19 de
1735 3206 68 20 ladite
1815 3207 152 19 autorisation.
1982 3212 25 14 r.r.

1714 3231 27 20 Je
1755 3236 52 15 vous
1822 3232 77 19 notifie
1913 3237 41 17 par
1969 3232 22 20 la
2005 3232 97 21 présente
2117 3236 42 17 que
2173 3232 23 21 Je

1695 3258 72 19 refuse
1778 3257 27 19 de
1818 3256 51 23 voua
1882 3258 99 18 aocorder
1994 3258 22 19 la
2028 3257 97 19 nouvelle
2136 3258 59 18 auto.

1695 3282 92 20 risation
1799 3286 44 18 que
1855 3287 53 14 vous
1921 3281 113 20 demandez
2047 3284 23 17 et
2083 3286 52 15 vous
2148 3283 40 17 don

1695 3310 28 16 ne
1736 3306 77 20 l'ordre
1827 3307 75 19 formel
1916 3308 26 18 de
1956 3311 67 15 cesser
2039 3306 97 19 immédia
2139 3309 55 16 ment

1695 3334 60 17 toute
1772 3332 99 19 émission
1889 3331 38 24 dès
1943 3332 106 21 réoeption
2067 3331 28 19 de
2111 3332 23 19 la
2152 3333 37 19 pré-

1697 3359 51 16 sent.
1750 3362 11 13 e

1718 3382 95 20 Veuilles,
1827 3384 39 16 etc.

1891 3406 36 23 (6.)
1943 3407 100 21 François
2059 3406 118 20 BOVESSE.

1715 3432 17 18 A
1748 3432 106 18 Monsieur
1868 3431 22 20 le.
1905 3431 115 22 Mestdagh.

1928 3478 12 15 •
1944 3469 31 24 •»

1722 3504 213 22 Radio-Schaerbeek
1947 3515 2 3 ■
1955 3506 76 24 ayunt,
2053 3505 86 26 malgré
2162 3505 34 21 cet

1695 3532 74 28 ordre,
1784 3530 105 25 continué
1903 3525 171 31 -lesuéiiissions
2090 3532 106 22 mercredi

1697 3561 53 25 soir,
1765 3561 21 21 le
1802 3561 96 26 Parquet
1911 3562 35 20 est
1961 3561 113 21 intervenu
2091 3561 30 26 et,
2137 3561 59 26 jeudi

1696 3588 79 27 matin,
1795 3589 21 22 le
1836 3589 53 27 juge
1908 3589 163 26 d'instruction,
2092 3589 30 21 M.
2143 3589 48 25 Lop-

1696 3622 64 22 pens,
1776 3617 110 27 déléguait
1899 3623 30 15 un
1946 3617 84 22 officier
2045 3617 29 22 de
2089 3617 23 22 la
2127 3617 71 26 police

1695 3645 123 27 judiciaire,
1830 3651 45 17 aux
1889 3643 173 26 fins~<i«snéttre
2074 3645 33 22 les
2119 3645 78 22 scellés

1694 3678 40 16 sur
1748 3672 33 23 'le
1807 3674 64 27 poste
1892 3672 128 24 d-émisssioh
2043 3673 27 22 de
2093 3673 102 22 l'avemie

1698 3701 84 26 Claeys.
1851 3695 64 27 '>•"'"

1721 3729 101 23 Pendant
1838 3737 43 19 que
1898 3736 25 15 ce
1942 3731 161 21 fonctionnaire
2121 3730 23 21 et
2161 3734 36 17 ses

1698 3758 98 26 adjoints
1814 3759 140 25 procédaient
1971 3761 15 20 a
2003 3759 56 20 cette
2075 3757 124 27 opération,

1696 3786 21 23 le
1739 3786 109 26 principal
1868 3786 94 26 speaKer
1980 3787 32 21 de
2030 3786 167 22 Radio-Schaer¬

2217 2950 61 25 beek,
2295 2950 29 21 M.
2342 2950 103 28 Faustus,
2462 2957 56 17 nous
2534 2952 74 20 faisait
2623 2952 57 21 dans
2697 2953 20 20 le

2219 2978 53 25 petit
2289 2979 65 21 salon
2371 2980 68 25 jaune
2453 2979 129 22 d'émission
2599 2980 33 22 les
2650 2980 61 21 décla-

2219 3006 85 22 rations
2319 3007 115 23 suivantes
2451 3014 7 15 :

2241 3054 26 4 —
2289 3042 58 23 C'est
2367 3043 24 23 là
2413 3048 44 17 une
2479 3044 78 21 alluire
2579 3044 138 25 personnelle

2219 3071 62 21 entre
2295 3072 30 22 M.
2340 3071 96 23 Bovesse
2449 3072 22 20 et
2482 3072 53 26 moi,
2549 3072 55 21 c'est
2617 3072 21 21 le
2651 3072 60 21 résul-

2220 3099 33 22 tat
2264 3099 68 22 d'une
2343 3100 124 26 polémique
2477 3105 43 21 que
2531 3100 22 26 je
2565 3101 66 22 mène
2641 3101 79 25 depuis

2218 3127 110 27 plusieurs
2341 3128 57 22 mois
2409 3128 77 22 contre
2497 3129 38 22 lui.
2550 3129 27 21 Et
2588 3130 22 25 je
2622 3134 97 21 suppose

2219 3161 43 20 que
2280 3155 91 23 l'action
2389 3156 54 27 qu'il
2462 3157 60 22 vient
2542 3157 179 26 d'entreprendre

2220 3190 14 16 a
2248 3185 35 22 été
2297 3185 130 23 déclenchée
2440 3187 14 20 à
2469 3185 22 22 la
2502 3185 58 22 suite
2572 3185 28 22 de
2614 3186 106 26 l'opinion

2219 3217 43 21 que
2277 3213 41 26 j'ai
2333 3213 69 22 émise
2417 3215 14 21 k
2448 3218 81 21 propos
2546 3214 28 23 de
2588 3214 23 22 la
2626 3214 64 21 visite
2706 3215 13 20 k

2219 3241 114 21 Bruxelles
2347 3243 29 21 de
2391 3242 30 24 W-
2439 3242 113 25 Giternicr,
2568 3242 100 21 ministre
2682 3242 38 21 des

2221 3269 24 22 P.
2259 3270 26 22 T.
2300 3270 25 23 T.
2341 3270 103 26 français.

2242 3316 27 5 —
2281 3304 165 26 Qu'aviez-vous
2459 3305 31 20 dit
2503 3307 13 20 à
2529 3310 82 21 propos
2623 3305 26 21 de
2663 3306 54 20 celte

2221 3333 149 25 personnalité
2377 3333 12 21 ?

2243 3379 25 5 —
2282 3369 25 21 Je
2322 3373 36 18 me
2371 3369 131 22 demandais
2518 3374 25 17 ce
2553 3374 44 21 que
2610 3370 30 21 .M.
2656 3370 65 21 Guer-

2221 3396 47 22 nier
2281 3397 76 23 venait
2368 3397 57 22 faire
2437 3399 15 21 à
2465 3397 114 22 Bruxelles
2593 3398 23 21 et
2629 3398 28 21 de
2669 3398 51 25 quel

2219 3425 58 21 droit
2294 3425 17 22 il
2329 3425 75 21 venait
2422 3426 85 20 donner
2523 3426 40 21 des
2581 3426 94 21 conseils
2691 3431 28 16 en

2221 3453 110 26 Belgique.

2242 3488 25 21 Je
2284 3488 58 25 puis,
2359 3493 29 17 en
2404 3489 60 25 effet,
2479 3489 48 22 dire
2541 3494 29 16 au
2586 3489 69 22 micro
2673 3490 47 20 tout

2220 3521 26 16 ce
2264 3521 43 22 que
2324 3517 23 26 je
2366 3522 66 20 veux,
2451 3521 39 16 car
2508 3517 16 21 11
2543 3518 38 25 n'y
2600 3522 15 16 a
2634 3522 41 21 pas
2695 3517 27 21 de

2220 3549 93 18 censure
2336 3550 29 16 en
2386 3545 110 26 Eelgique.
2519 3545 60 21 Cette
2598 3545 84 27 liberté,
2705 3546 15 20 il

2221 3573 49 21 faut
2283 3573 71 21 croire
2368 3578 44 21 que
2427 3574 46 25 j'en
2490 3573 21 21 ai
2528 3574 40 20 fait
2584 3574 43 21 bon
2645 3578 77 21 usage,

2222 3601 100 26 puisque,
2338 3602 94 25 quoique
2447 3603 23 25 je
2487 3607 28 16 ne
2530 3603 47 23 sois
2592 3607 41 21 pas
2649 3602 65 21 catho-

2220 3629 66 27 lique,
2298 3630 40 26 j'ai
2353 3630 49 21 tout
2417 3630 21 22 le
2454 3630 57 26 parti
2528 3630 124 25 catholique
2667 3634 54 17 avec

2220 3658 52 22 moi.
2305 3658 52 23 MM.
2389 3657 79 27 Coelst,
2500 3658 169 22 Wauwermans
2701 3659 21 20 et

2223 3686 124 26 Waucquez
2365 3686 72 22 m'ont
2456 3687 41 22 fait
2516 3688 39 20 des
2576 3686 146 23 déclarations

2222 3715 45 23 très
2283 3715 71 22 nettes
2370 3717 15 20 a
2400 3715 35 22 cet
2448 3715 76 26 égard.
2541 3715 42 21 J'ai
2598 3715 125 26 également

2222 3743 48 21 tout
2282 3743 21 21 le
2313 3743 60 26 parti
2383 3742 83 23 radical
2480 3748 53 17 avec
2546 3743 51 22 moi.

2300 3785 60 27 (Voir
2378 3786 56 21 suite
2453 3790 28 18 en
2500 3786 109 21 troisième
2627 3786 73 26 page.)

1194 3833 1522 28 IIIIIIIIIIIIIIIIIIIIIIIIIIIIIIIIIIIIIIlllllllllllllllllllllllllllllllllllllllllllllllllllllllllllllllllllUlllllllllIlllllllllUIIIIIlilllllllMIIIIIIIIIIU

1180 3890 127 58 Des
1362 3891 312 60 Attentats

1195 3978 461 58 communistes

1177 4109 155 43 Explosion
1340 4110 34 36 de
1387 4111 76 35 deux
1471 4110 72 36 colis
1552 4113 124 40 postaux

1356 4167 139 36 adressés

1176 4228 37 30 an
1228 4222 103 36 Consul
1346 4222 112 39 d'Italie
1472 4224 19 37 à
1511 4224 166 38 New-York

1201 4321 66 21 Deux
1278 4322 164 27 colis-postaux
1455 4325 40 20 ont
1505 4325 44 22 fait
1561 4325 115 27 explosion

1179 4349 58 22 dans
1256 4354 32 17 un
1308 4351 85 22 bureau
1411 4352 28 22 de
1460 4354 64 26 poste
1544 4354 30 22 de
1596 4354 80 21 Easton

1181 4377 176 28 (Pensylvanie).
1375 4380 36 22 Un
1429 4381 105 27 employé
1552 4387 15 17 a
1585 4382 36 22 été
1639 4383 39 21 tué

1178 4407 24 22 et
1212 4408 79 24 quatre
1303 4409 77 21 autres
1392 4409 40 25 oni
1442 4410 36 22 été
1488 4410 93 24 blessés.

1202 4449 43 22 Ces
1258 4451 96 26 paquets
1365 4452 90 22 avalent
1466 4452 37 23 été
1515 4454 99 26 envoyés
1624 4458 54 17 aveo

1180 4478 51 26 oinq
1243 4478 78 22 autres
1333 4479 104 23 adressées
1449 4486 31 16 au
1493 4482 79 20 consul
1587 4482 91 26 général

1179 4506 86 22 d'Italie
1279 4506 14 23 it
1306 4508 69 21 New-
1375 4508 68 27 York,
1457 4514 31 17 au
1500 4510 80 22 consul
1594 4510 85 22 d'Italie

1179 4535 15 21 k
1204 4535 118 28 Pittsburg
1331 4537 24 21 et
1365 4537 14 21 à
1387 4537 113 28 plusieurs
1510 4539 116 26 journaux
1637 4540 31 21 Ita-

1179 4563 59 24 liens
1257 4564 28 21 de
1303 4564 133 24 New-York.
1456 4566 42 22 Ces
1517 4567 56 22 oolls
1591 4568 88 22 avaient

1180 4591 36 22 été
1231 4592 95 28 déposés
1342 4597 42 23 par
1398 4594 60 22 deux
1471 4595 102 22 hommes
1589 4597 24 21 et
1629 4596 51 22 leur

1180 4619 72 23 allure
1275 4622 69 25 ayant
1365 4626 56 22 paru
1443 4624 104 27 suspecte
1564 4629 47 17 aux
1633 4630 35 17 em-

1180 4648 78 28 ployés
1274 4650 28 22 de
1317 4649 22 22 la
1354 4650 69 27 poste,
1438 4652 34 21 les
1487 4655 91 24 experts
1593 4658 28 17 en
1637 4658 28 17 ex-

1181 4677 81 26 plosifs
1281 4678 40 22 ont
1339 4679 100 22 examiné
1458 4680 33 23 les
1510 4681 54 23 colis
1583 4683 38 25 qui
1641 4683 38 22 ont

1179 4705 62 22 alors
1258 4707 43 21 fait
1314 4707 122 27 explosion.
1453 4709 64 22 Deux
1534 4711 146 21 arrestations

1180 4735 40 21 ont
1233 4735 37 22 été
1283 4735 101 27 opérées.

1699 3886 81 60 Les
1822 3887 189 59 Anciens
2055 3886 144 59 Idéals

1755 3964 53 59 de
1844 3963 285 72 l'Allemagne

1746 4082 57 37 Les
1825 4090 88 29 vœux
1935 4083 36 36 du
1993 4081 152 38 maréchal

1725 4138 58 31 von
1805 4132 184 43 Hindenburg
2010 4132 19 36 à
2049 4130 123 39 l'armée

1840 4183 29 34 et
1891 4182 16 35 à
1929 4182 30 36 la
1980 4182 80 36 flotte

1726 4265 83 28 Berlin,
1825 4267 25 22 31
1866 4266 165 23 décembres,».—
2046 4268 20 21 A
2083 4266 119 22 l'occasion

1701 4294 30 22 de
1740 4294 23 22 la
1774 4294 102 21 nouvelle
1887 4295 79 25 année,
1978 4295 23 21 le
2009 4295 111 26 président
2131 4295 64 22 d'Em-

1703 4322 47 25 pire
1764 4322 91 22 adresse
1871 4322 84 24 l'ordre
1971 4323 32 22 dii
2016 4323 52 26 jour
2083 4323 91 22 suivant
2189 4323 14 20 a

1702 4350 23 23 la
1740 4350 140 23 Reichswehr
1895 4357 7 16 :

1727 4393 12 12 «
1752 4385 25 23 Je
1792 4386 119 20 transmets
1924 4391 47 16 mes
1985 4387 112 23 meilleurs
2110 4392 66 16 vœux
2190 4387 13 20 k

1704 4412 91 23 l'armée
1814 4415 21 19 et
1854 4416 14 20 a
1886 4415 23 20 la
1927 4414 61 22 Hotte
2003 4416 14 20 à
2037 4414 117 23 l'occasion
2172 4414 31 22 du

1699 4441 188 23 renouvellement
1907 4443 28 21 de
1955 4442 94 23 l'année.

1729 4469 74 24 Fidèle
1818 4476 28 16 au
1861 4471 99 21 serment
1975 4472 61 24 prêté
2051 4473 16 21 k
2081 4471 24 21 la
2121 4471 75 21 Consti-

1706 4497 79 27 tution,
1798 4498 132 24 obéissante,
1941 4504 55 18 aux-
2003 4499 104 26 pouvoirs
2125 4499 80 25 légaux

1707 4525 22 21 et
1740 4530 55 17 sans
1807 4531 25 16 se
1844 4526 81 21 laisser
1934 4527 120 21 détourner
2065 4531 41 22 par
2116 4527 24 22 la
2153 4527 54 21 lutte

1704 4553 39 22 des
1758 4554 78 28 partis,
1852 4555 23 22 la
1890 4554 140 22 Reichswehr
2044 4555 85 22 servira
2142 4555 61 21 aussi

1704 4581 59 22 dans
1788 4582 24 23 la
1837 4583 101 21 nouvelle
1963 4583 72 21 année
2060 4584 32 21 les
2114 4583 91 21 anciens

1701 4608 70 23 idéals
1785 4610 118 25 militaires,
1918 4611 130 21 allemands.
2059 4619 11 12 >

1787 4688 89 32 Lire
1892 4698 49 23 en
1958 4689 39 33 5*
2010 4698 103 33 page
2129 4699 11 25 :

1704 4737 41 23 LE
1761 4738 122 22 CINEMA

2228 3888 125 61 Les
2377 3888 346 62 Troubles

2224 3991 86 43 en
2355 3974 366 61 Birmanie

2248 4102 77 38 Nenf
2337 4102 129 38 rebelles
2480 4103 131 38 birmans
2626 4105 67 36 sont

2327 4160 174 37 condamnés
2512 4160 18 36 à
2545 4162 75 35 mort

2248 4251 115 27 Rangoon,
2373 4252 26 21 3i
2412 4253 123 21 décembre.
2547 4263 25 5 —
2584 4254 30 20 Le
2628 4253 97 22 tribunal

2224 4280 85 27 spécial
2326 4286 14 16 a
2358 4281 123 22 condamné
2499 4283 14 21 k
2530 4283 59 23 mort
2606 4282 57 21 neuf
2675 4283 38 20 Bir-

2227 4313 65 17 mans
2313 4310 94 21 accusés
2431 4310 85 21 d'avoir
2537 4311 48 26 pris
2608 4312 51 25 part
2680 4315 46 17 aux

2227 4338 119 21 désordres
2368 4339 28 22 de
2417 4339 169 26 Thanrawaddy
2591 4345 7 19 ;
2621 4340 104 26 tjuatorze

2227 4366 77 22 autres
2317 4366 103 28 Inculpée
2433 4368 39 21 ont
2483 4367 36 23 été
2532 4368 141 21 condamnés'
2677 4368 14 22 à
2704 4368 22 23 la

2228 4395 140 26 déportation
2384 4396 14 21 à
2414 4396 43 23 vie.

2230 4485 44 48 La
2298 4485 109 50 Santé
2430 4487 42 48 de
2495 4487 48 49 M.
2567 4487 160 58 Maginot

660 4730 34 16 un
704 4724 101 27 profond
818 4724 59 22 émoi
889 4726 55 23 dans
956 4731 66 23 toute*
1033 4732 24 22 la
1068 4733 84 26 région,

608 4762 257 36 fc»™™»"""'""'"
944 4777 160 28 IHIH.lllllll.il
1184 4784 9 27 ,

2252 4601 71 21 Paris.
2334 4601 25 21 31
2372 4601 124 22 décembre.
2507 4612 26 6 —
2543 4602 70 21 L'état
2625 4603 28 21 de
2665 4603 64 21 santé

2229 4629 31 21 du
2280 4629 101 23 Ministre
2398 4630 28 21 de
2433 4648 4 4 .
2447 4630 23 21 la
2491 4631 85 21 Guerre
2597 4631 130 21 demeurant

2227 4658 151 26 stationnaire,
2393 4663 75 17 aucun
2481 4659 93 22 bulletin
2586 4660 37 21 n'a
2637 4660 35 20 été
2687 4665 30 21 pu-

2228 4686 51 24 blié.
2288 4686 143 26 Néanmoins,
2442 4692 58 23 pour
2511 4687 96 22 faciliter
2617 4688 21 21 le
2650 4689 64 20 traite-

2228 4716 62 21 ment
2304 4720 45 22 qTie
2363 4716 110 21 nécessité
2488 4721 42 16 son
2546 4716 52 25 état,
2613 4717 29 21 M.
2657 4717 71 26 Magi-

2227 4738 64 27 flo'/à
2304 4743 36 22 été
2355 4744 126 26 transporté
2496 4745 56 21 dans
2566 4749 44 18 une
2625 4744 103 27 clinique.

2788 2855 35 21 On
2844 2855 58 27 s'est
2924 2855 114 20 vivement
3061 2855 58 23 ému,
3142 2854 56 20 dans
3219 2852 22 22 le

2740 2884 82 21 monde
2836 2885 29 20 de
2878 2883 128 22 l'Industrie
3022 2884 32 23 et.
3059 2883 32 20 du
3107 2886 134 19 -ommerec,

2740 2913 40 21 des
2795 2913 121 21 directives
2931 2912 101 21 données
3047 2911 144 23 récemment"
3199 2914 42 23 par

2742 2942 34 21 les
2789 2934 100 34 évêques
2902 2941 28 21 dc
2943 2940 109 27 Belgique
3066 2941 57 21 dans
3135 2940 50 21 leur
3198 2939 31 22 let-

2743 2973 35 21 tre
2795 2970 114 28 pastorale
2928 2971 31 21 du
2977 2970 13 21 8
3007 2969 121 22 décembre
3145 2969 98 24 dernier,

2741 3001 15 20 à
2773 3005 85 22 propos
2877 3000 42 21 des
2937 2999 105 22 remèdes
3060 2999 14 21 k
3092 2998 119 27 appliquer
3229 2997 15 22 à

2744 3031 22 20 la
2781 3030 60 21 crise
2856 3030 24 21 et
2895 3033 29 17 au
2941 3028 118 26 chômage.

2773 3058 72 24 Voici,
2862 3063 28 16 en
2906 3057 66 24 effet,
2990 3062 25 17 ce
3033 3061 44 22 que
3094 3056 34 22 les
3146 3056 99 27 évêques

2744 3087 135 23 conseillent
2898 3087 56 21 dans
2973 3087 50 20 lour
3042 3086 68 20 lettre
3124 3090 7 17 :

2768 3122 63 24 Esl-U
2855 3122 76 21 besoin
2951 3121 109 26 d'ajouter
3083 3125 42 22 que
3149 3121 92 25 chacun,

2744 3151 70 21 même
2827 3151 57 21 celui
2896 3151 37 25 qui
2946 3150 57 22 n'esl
3016 3155 41 21 pas
3070 3151 128 25 gravement
3208 3150 27 20 'at-

2746 3180 53 21 teint
2815 3184 42 22 par
2873 3180 21 21 la
2912 3180 63 24 crise,
2991 3180 34 20 est
3043 3179 51 21 tenu
3111 3183 28 17 en
3156 3183 24 16 ce
3197 3183 37 16 mo-

2744 3209 61 20 ment
2818 3207 26 22 de
2859 3206 129 22 restreindre
3002 3208 85 20 aulant.
3093 3212 42 21 que
3147 3207 96 25 possible

2746 3240 41 18 son
2800 3241 67 21 genre
2882 3236 26 21 de
2921 3236 34 21 vie
2968 3237 22 20 et
3003 3236 52 21 d'en
3069 3235 80 22 tiannt'r
3162 3236 73 21 sévère-

2745 3266 61 20 ment
2821 3265 20 23 le
2856 3265 50 21 luxe
2921 3266 21 21 et
2957 3267 32 19 les
3003 3264 107 26 dépenses
3124 3264 112 26 somptuai-

2742 3293 47 21 res?
2800 3293 42 21 Les
2854 3294 56 26 têtes
2922 3292 173 27 dispendieuses,
3109 3293 71 21 même
3193 3296 53 19 sous

2742 3326 31 16 un
2790 3321 97 26 prétexte
2903 3321 120 22 charitable
3039 3325 28 17 ou
3084 3321 149 26 philanthropi-

2743 3355 50 22 que,
2811 3351 50 20 sont
2880 3350 52 22 hors
2957 3349 27 22 de
3010 3350 83 21 saison.
3111 3350 45 22 Les.
3171 3351 70 23 lemps

2743 3379 50 20 sont
2806 3379 61 23 durs,
2879 3378 16 24 H
2907 3378 46 23 taui
2967 3381 42 23 que
3021 3378 86 21 chacun
3119 3382 83 21 prenne
3215 3383 26 16 sa

2743 3408 50 24 part
2807 3406 27 22 de
2848 3406 108 26 l'épreuve
2970 3411 124 18 commune.

2775 3442 23 21 Si
2812 3439 34 24 lès
2861 3442 121 21 directives
2996 3442 41 21 des
3053 3442 99 26 évêques
3164 3441 81 28 belges

2747 3471 105 21 devaient
2867 3472 48 21 être
2931 3471 85 21 suivie.;
3031 3471 14 21 k
3058 3472 25 20 la
3096 3471 77 25 lettre;
3188 3471 16 21 il
3218 3474 29 17 ne

2748 3500 99 21 faudrait
2861 3505 42 21 pas
2918 3501 35 20 six
2966 3501 113 20 semaines
3093 3505 59 22 pour
3166 3505 44 22 que
3227 3500 21 20 la

2744 3529 106 25 majorité
2863 3529 28 21 de
2906 3529 22 21 la
2941 3529 74 22 classe
3029 3530 104 21 ouvrière
3148 3530 44 24 soit
3206 3529 25 21 ré-

2748 3558 63 21 duite
2827 3558 15 21 k
2860 3558 21 21 la
2899 3558 120 21 mendicité
3038 3559 23 20 et
3078 3563 41 22 pas
3138 3558 34 21 six
3190 3558 57 21 mois

2743 3592 56 20 pour
2817 3592 43 21 que
2879 3587 21 21 le
2920 3587 146 21 bolchevisme
3085 3587 43 21 soit
3150 3587 97 21 instauré

2743 3615 57 21 dans
2812 3615 64 21 notre
2890 3619 62 22 pays.

2768 3643 41 21 Les
2832 3642 143 27 catholiques,
3000 3643 168 22 heureusement
3192 3648 56 21 pour

2743 3676 43 16 eux
2800 3671 22 22 et
2836 3676 56 21 pour
2905 3672 21 21 le
2940 3675 63 22 pays,
3016 3672 101 21 suivront
3130 3671 72 26 plutôt
3214 3672 33 21 les

2743 3699 95 22 (Xinseils
2853 3700 30 21 du
2901 3700 64 25 Pape.
2982 3700 61 22 Dans
3058 3705 49 16 son.
3116 3700 131 27 Encyclique

2744 3733 40 16 sur
2797 3729 22 21 la
2833 3728 64 25 crise,
2912 3727 82 23 celui-ci
3009 3728 54 22 s'est
3077 3728 98 25 exprimé
3189 3733 49 17 com-

2744 3761 36 17 me
2794 3755 46 23 suit
2853 3763 5 15 :

2770 3790 56 22 L'on
2855 3792 45 21 voit
2929 3796 44 17 une
3003 3792 59 25 foule
3091 3792 153 24 innombrable

2747 3819 130 22 d'honnêtes
2898 3820 96 21 artisans
3014 3820 91 28 réduits,
3125 3821 58 21 ainsi
3204 3825 41 22 que

2748 3849 59 20 leurs
2824 3849 103 24 lamilles,
2946 3849 14 20 à
2979 3848 104 22 l'oisiveté
3102 3851 20 20 el
3141 3848 71 23 melnic
3231 3850 15 21 à

2746 3881 44 16 une
2803 3877 79 20 misère
2896 3878 105 26 extrême,
3014 3877 60 21 alors
3088 3878 66 26 qu'ils
3168 3883 28 17 ne
3210 3878 38 22 dé-,

2748 3906 68 20 sirent
2831 3905 49 21 rien
2894 3907 47 19 tant
2956 3909 42 22 que
3013 3905 26 22 de
3055 3906 93 26 pouuoir
3161 3911 85 22 gagner

2747 3933 181 22 honorablement
2942 3934 19 20 le
2974 3934 54 25 pain
3040 3939 50 21 que,
3095 3935 84 25 chaque
3188 3936 58 25 four,

2746 3961 77 25 lidèles
2845 3966 29 18 au
2896 3962 100 26 précepte
3018 3962 68 27 divin,
3107 3963 28 21 ils
3156 3963 81 22 deman-

2747 3990 52 21 dent
2811 3995 29 16 au
2853 3990 52 21 Père
2919 3991 84 21 céleste.

2770 4025 33 21 En
2827 4025 81 21 termes
2933 4026 80 23 banals
3036 4026 47 22 cela
3108 4028 50 20 veut
3181 4027 48 22 dire
3241 4032 8 17 :

2745 4060 11 12 ee
2768 4053 145 21 Donnez-leur
2923 4054 31 22 du
2965 4054 79 21 travail
3055 4055 5 21 !
3071 4063 11 11 »
3093 4054 62 23 Voilé
3166 4056 37 26 qui
3215 4057 34 21 est

2745 4081 126 22 infiniment
2885 4083 73 22 mieux
2973 4082 88 22 réfléchi
3076 4088 42 21 que
3132 4084 20 24 le
3165 4084 83 23 conseil

2746 4110 27 21 de
2784 4113 42 18 nos
2838 4112 100 24 évêques.

2771 4137 43 21 Par
2828 4138 97 26 ail'.eurs,
2939 4139 30 23 M;
2985 4139 84 22 Renkin
3084 4140 53 22 s'est
3151 4141 99 26 exprimé

2746 4170 86 17 comme
2845 4166 45 21 suit
2903 4172 6 16 :

2772 4200 19 21 Il
2801 4200 49 26 faut
2863 4201 90 23 rétablir
2963 4202 22 25 la
2997 4203 120 25 coliliance.
3130 4204 33 21 En
3174 4204 78 25 pleine.

2748 4229 89 25 période
2856 4229 27 21 de
2902 4230 64 24 crise,
2985 4232 62 20 notre
3065 4231 130 23 circulation
3213 4236 33 20 esl

2749 4257 117 25 inférieure
2880 4258 27 21 de
2921 4260 13 19 S
2948 4260 15 20 à
2975 4260 12 19 i
3002 4259 107 22 milliards
3123 4261 15 20 à
3152 4262 53 21 celle
3220 4262 27 21 de

2751 4286 53 21 I9S0.
2825 4285 37 26 Or,
2880 4291 35 17 on,
2928 4292 28 16 ne
2975 4287 75 22 trouve
3068 4289 51 24 plus
3138 4289 108 26 d'argent.

2750 4314 90 21 Partout
2855 4319 30 16 on
2898 4315 80 21 entend
2992 4315 38 22 des
3044 4317 44 20 cris
3102 4317 27 21 de
3143 4317 103 23 détresse.

2774 4342 31 21 La
2819 4343 154 21 neurasthénie
2988 4344 36 25 qui
3038 4349 14 16 a
3066 4345 53 21 saisi
3134 4345 115 23 lemonié

2751 4371 71 20 entier
2839 4371 83 21 s'élend
2939 4371 13 22 ù
2972 4372 71 22 toutes
3061 4373 32 21 les
3110 4373 130 23 administra-

2752 4398 65 26 tions,
2832 4402 15 20 à
2863 4400 70 20 loules
2949 4400 32 22 les
2999 4400 104 27 banques,
3119 4402 14 21 à
3151 4403 48 21 tous
3216 4404 32 21 les

2752 4427 144 24 particuliers.
2913 4427 17 22 11.
2945 4433 15 20 y
2976 4433 28 16 en
3019 4436 15 16 a
3050 4430 37 25 qui
3103 4430 146 24 thésaurisent

2752 4455 26 21 dc
2793 4455 48 21 l'or!
2856 4456 89 21 Peut-on
2959 4458 116 20 concevoir
3088 4459 89 26 pareille
3190 4460 59 25 folie!

2752 4483 18 21 II
2782 4488 15 21 y
2810 4486 29 18 en
2852 4489 14 15 a
2880 4485 36 25 qui
2931 4483 85 22 Ihêsaùt
3021 4486 55 21 isent
3091 4487 31 21 les
3137 4488 71 22 billets
3222 4489 26 21 «e

2754 4511 84 26 banque
2846 4514 9 20 !
2873 4512 23 21 Je
2917 4513 47 20 suis
2984 4515 122 21 convaincu
3127 4516 53 26 qu'il
3200 4522 15 21 y
3235 4523 14 16 a

2752 4544 56 20 pour
2826 4540 109 25 plusieurs
2954 4541 107 22 milliards
3080 4543 26 21 de
3127 4544 70 22 billets
3215 4550 25 17 ca-

2753 4567 59 22 chés.
2833 4567 58 22 Ceux
2910 4569 37 25 qui
2966 4569 47 25 font
3032 4571 55 25 cela,
3107 4573 92 24 sachant
3219 4573 30 22 les

2753 4596 161 25 conséquences
2930 4596 28 21 de
2974 4597 46 21 leur
3034 4600 56 26 acle,
3107 4604 50 19 sont
3173 4601 27 22 de
3216 4603 26 20 vé-

2754 4624 90 21 ritables
2857 4625 117 22 criminels.

2774 4663 57 21 Ceux
2850 4663 35 26 qui
2902 4663 101 26 suivront
3018 4666 33 21 les
3067 4666 114 23 directives
3197 4669 54 25 épis-

2749 4691 88 25 copnles
2858 4693 74 19 seront
2955 4693 64 25 donc,
3039 4694 28 24 de
3089 4694 63 26 l'avis
3174 4697 26 21 de
3223 4697 28 22 M.

2751 4719 92 23 Renkin,
2857 4719 27 21 de
2898 4721 127 22 ..véritables
3038 4722 111 25 criminels
3163 4734 18 13 ».
3195 4725 57 22 C'est

2750 4746 50 24 bien
2816 4747 63 21 notre
2894 4748 48 21 avis
2957 4749 131 26 également.

3255 1267 58 21 lions
3330 1264 192 23 caoutchoutières
3542 1264 115 21 sauverait
3676 1265 14 20 k
3712 1268 44 22 peu

3255 1294 53 28 près
3325 1295 14 20 k
3355 1298 58 22 coup
3430 1293 44 22 sûr
3487 1292 20 22 le
3526 1292 75 25 florin,
3618 1297 67 22 parce
3701 1292 55 26 qu'il

3255 1323 158 27 provoquerait
3427 1326 31 17 un
3474 1321 46 22 fort
3534 1321 143 23 mouvement
3691 1321 51 26 d'op-

3257 1352 97 21 timisme
3367 1355 29 16 en
3414 1350 79 21 faveur
3510 1350 40 21 des
3567 1349 66 23 Indes
3649 1349 97 21 Néerlan-

3256 1381 80 21 daises.
3360 1380 118 25 Beaucoup
3498 1379 27 21 de
3533 1396 10 11 .
3547 1378 94 21 milieux
3662 1379 95 26 pensent

3256 1414 45 22 que
3321 1409 21 21 la
3362 1407 106 22 Hollande
3489 1408 35 20 esl
3543 1407 83 21 devant
3645 1406 102 21 l'alterna-

3256 1438 44 20 tive
3311 1442 29 17 ou
3350 1437 125 25 d'accepter
3486 1436 33 20 les
3529 1435 139 22 restrictions
3677 1435 68 22 caout-

3257 1465 125 22 choutières
3399 1470 28 16 ou
3446 1464 76 22 d'être'
3531 1464 105 22 arrachée
3652 1464 27 21 de
3696 1464 52 21 l'éta-

3258 1494 37 22 lon
3312 1499 27 17 or
3345 1502 45 13 ■...'
3396 1493 48 21 «On
3463 1498 27 16 ne
3509 1493 101 26 pourrait
3627 1492 132 21 surestimer

3258 1517 152 33 rtaportsuiee
3428 1523 30 20 du
3476 1522 47 21 rôle
3541 1522 31 21 du
3591 1521 75 27 florin,
3682 1521 77 25 ajoute

3258 1552 53 26 plus
3332 1546 44 27 loiit
3398 1551 99 25 l'organe
3521 1551 27 21 de
3570 1550 22 21 la
3613 1550 57 26 City.
3691 1549 24 22 Si
3737 1549 22 22 la

3258 1580 107 21 Hollande
3377 1580 53 21 était
3440 1579 74 22 forcée
3526 1580 27 20 de
3562 1579 127 26 suspendre
3697 1578 63 24 l'éta-

3259 1609 83 25 lon-or,
3360 1609 98 20 d'autres
3475 1612 56 23 /pays
3547 1608 28 21 de
3593 1607 109 27 première
3718 1607 30 21 im-

3260 1638 105 26 portance
3388 1637 99 21 seraient
3511 1637 83 20 bientôt
3617 1636 88 27 obligés
3732 1636 29 21 de

3259 1667 99 20 suivre...
3378 1666 59 21 Tout
3454 1665 47 22 cela
3521 1665 144 22 entraînerait
3681 1669 33 16 un
3728 1664 33 22 tel

3259 1694 145 22 mouvement
3417 1699 44 21 que
3478 1693 33 22 les
3526 1693 90 22 devises
3630 1698 27 17 or
3672 1694 75 21 restan-

3259 1724 35 21 tes
3306 1728 26 17 se
3347 1722 132 22 briseraient
3492 1723 60 21 l'une
3566 1722 67 27 après
3645 1722 116 23 l'autre-...

3260 1752 23 21 et
3293 1752 52 21 bien
3359 1751 98 22 entendu
3470 1751 55 21 o'est
3533 1755 28 17 en
3573 1751 132 27 Angleterre
3719 1756 42 16 «ce

3259 1785 57 22 pays
3330 1780 38 27 qui
3384 1785 13 17 a
3411 1780 53 27 déjà
3478 1784 29 17 eu
3522 1784 26 17 sa
3562 1780 74 21 baisse
3644 1787 10 12 »
3669 1784 44 22 que
3727 1779 34 22 les

3261 1809 106 27 capitaux
3388 1808 96 22 alarmés
3504 1814 27 16 6e
3552 1808 185 27 réfugieraient...

3289 1845 32 22 Ici
3353 1849 60 17 nous
3444 1849 88 22 voyons
3564 1849 82 22 passer
3678 1843 83 22 l'autre
3777 1838 5 24 i

3260 1875 86 22 oreille.
3361 1882 10 10 «
3381 1874 19 21 Il
3413 1874 51 22 faut
3477 1873 95 27 espérer
3583 1879 45 21 que
3641 1874 21 22 le
3675 1873 87 27 danger

3261 1903 195 22 d'effondrement
3478 1907 45 23 que
3554 1904 67 21 court
3650 1903 21 22 le
3695 1903 68 20 florin

3261 1933 52 20 fera
3337 1932 127 26 apparaître
3500 1932 133 21 olairement
3659 1932 105 26 qu'aussi

3260 1961 130 27 longtemps
3407 1966 44 21 que
3468 1960 22 22 la
3507 1960 55 22 livre
3578 1961 61 22 n'est
3654 1965 42 23 pas
3713 1962 38 20 sta-

3259 1990 88 26 bilisée,
3367 1990 17 21 il
3403 1990 38 26 n'y
3462 1994 57 17 aura
3538 1994 42 23 pas
3608 1990 28 21 de
3658 1990 104 21 monnaie

3261 2019 74 21 stable
3350 2024 29 16 au
3392 2019 90 22 monde.
3497 2018 31 21 Or
3541 2019 35 21 les
3590 2019 112 22 autorités
3714 2019 36 22 bri-

3263 2048 120 26 tanniques
3403 2052 30 17 ne
3455 2048 157 22 stabiliseront
3619 2067 3 4 .
3632 2053 41 22 pas
3696 2048 68 21 avant

3261 2081 44 22 que
3326 2076 23 21 la
3368 2077 107 26 question
3495 2077 41 21 des
3564 2076 149 27 Réparations
3733 2081 30 17 ne

3262 2106 45 21 soit
3321 2106 182 21 définitivement
3516 2105 86 27 réglée.
3615 2106 94 23 Aucune
3724 2110 28 17 so-

3263 2134 73 21 lution
3352 2135 124 26 provisoire
3495 2140 29 17 ne
3541 2136 120 21 donnerait
3676 2136 24 20 la
3716 2135 37 21 sta-

3261 2163 63 21 bilité
3344 2160 88 25 désirée
3452 2165 23 20 et
3494 2163 17 21 11
3530 2165 36 20 est
3585 2164 58 22 donc
3663 2164 101 22 l'Intérêt

3264 2193 28 21 de
3310 2192 53 21 tous
3379 2193 36 20 les
3431 2196 56 23 pays
3504 2193 28 20 de
3550 2193 114 21 favoriser
3679 2198 32 16 un
3727 2192 26 22 rè-

3261 2221 101 26 glement
3377 2221 102 21 définitif
3491 2222 42 21 des
3547 2222 77 21 dettes
3637 2222 28 22 de
3680 2226 84 22 guerre

3261 2251 25 20 et
3302 2250 149 26 Réparations
3463 2258 19 14 ».
3501 2251 52 21 Ceci
3569 2252 38 21 est
3623 2251 15 21 k
3652 2250 112 22 l'adressé

3262 2279 28 21 de
3304 2278 95 21 Paris...

3296 2354 30 20 Le
3357 2361 10 10 «
3378 2353 113 22 Financial
3517 2354 70 21 News
3598 2362 28 12 »..
3637 2355 62 22 n'est
3725 2359 42 22 pas

3264 2382 80 21 moins,
3352 2382 90 26 perfide
3458 2384 23 20 ot
3496 2383 42 21 fait
3554 2383 50 22 tout
3619 2384 95 22 d'abord
3727 2389 26 16 re-

3262 2415 107 22 marquer
3381 2416 44 21 que
3438 2416 39 16 ces
3488 2417 108 17 rumeurs
3611 2414 154 25 «pourraient

3263 2439 92 23 décider
3371 2441 35 20 les
3422 2440 138 26 Allemands,
3579 2447 29 16 en
3625 2443 69 25 quête
3711 2442 56 22 d'un

3264 2468 56 22 asile
3338 2469 41 22 sûr
3395 2474 59 22 pour
3472 2470 62 22 leurs
3551 2471 78 21 soldes
3647 2471 120 27 étrangers

3265 2498 13 20 k
3299 2502 29 17 en
3348 2498 99 27 déposer
3452 2507 3 6 1
3465 2503 44 17 une
3530 2501 52 25 part
3602 2505 29 16 au
3653 2501 74 21 moins
3753 2501 16 21 k

3265 2526 110 25 Londres,
3395 2528 38 26 qui
3444 2529 70 21 .reste
3534 2528 21 23 le
3576 2530 76 21 centre
3674 2529 21 22 le
3714 2529 54 26 plus

3266 2556 74 22 stable
3361 2557 31 20 du
3413 2557 81 23 monde
3516 2559 24 20 ct
3560 2558 61 22 offre
3643 2559 45 21 des'
3714 2559 55 21 taux

3266 2584 107 23 d'intérêt
3394 2585 175 22 Intéressants»
3599 2588 35 25 (I)
3660 2584 31 26 Le
3714 2585 54 30 pius

3263 2614 73 25 grand
3354 2614 92 26 journal
3476 2615 112 22 financier
3616 2617 27 21 de
3665 2616 22 22 la
3708 2617 57 22 fière

3264 2642 57 26 City,
3348 2642 125 23 sollicitant
3507 2644 34 22 les
3577 2641 106 31 capitaux
3709 2646 44 21 alle-

3267 2672 110 21 mands...
3399 2672 59 22 o'est
3475 2678 32 17 nn
3529 2674 115 26 spectacle
3664 2679 106 16 nouveau

3266 2701 24 20 et
3306 2701 193 22 déconcertant...

3296 2729 20 21 Il
3329 2730 107 21 continue
3451 2731 57 22 ainsi
3526 2739 10 11 «
3547 2731 33 22 En
3595 2733 62 26 dépit
3671 2734 41 20 des
3727 2733 29 22 dé-

3267 2758 122 22 clarations
3416 2759 138 24 solennelles
3589 2762 42 20 des
3657 2762 113 22 autorités

3267 2787 174 26 d'Amsterdam,
3470 2789 35 21 les
3526 2790 88 22 cercles
3643 2790 127 28 dirigeants

3267 2816 28 22 de
3307 2816 23 21 la
3343 2816 50 28 City
3404 2819 53 20 sont
3472 2820 144 25 convaincus.
3622 2826 44 21 que
3680 2822 21 21 la
3713 2820 57 23 Kcl»

3267 2845 66 22 lande
3349 2848 148 21 rencontrera
3511 2852 54 18 sans
3580 2849 70 22 doute
3666 2851 41 21 des
3723 2850 36 22 dif-

3265 2874 94 21 ficultés
3379 2875 106 26 toujours
3510 2877 54 26 plus
3583 2879 100 25 grandes
3707 2885 61 21 pour

3259 2903 127 21 ■maintenir
3401 2905 163 22 l'étalon-or...
3583 2907 25 21 A'
3618 2912 40 17 un'
3666 2910 102 20 moment

3268 2932 82 25 donné,
3373 2933 16 22 il
3412 2934 54 22 _talt
3489 2937 66 24 quasi
3577 2936 133 27 Impossible
3741 2938 29 21 de

3267 2961 85 22 vendre
3366 2962 41 21 des
3422 2962 90 23 florins,
3517 2964 16 21 à
3546 2965 80 22 terme.
3641 2966 18 20 Il
3674 2972 25 16 se
3713 2968 57 25 peut

3268 2994 44 22 que
3326 2991 61 22 cette
3400 2991 109 22 situation
3522 2993 37 21 fut
3570 2994 44 22 due
3628 3000 29 16 au
3670 2996 43 21 fait
3725 3000 44 22 que

3266 3019 35 21 les
3325 3019 103 27 banque.-
3453 3021 155 23 hollandaises
3640 3024 129 22 refusaient

3265 3047 28 22 de
3310 3045 81 26 traiter
3406 3054 59 21 pour
3480 3051 89 22 arrêter
3585 3052 41 23 des
3641 3054 82 21 ventes
3739 3054 28 21 de

3268 3076 170 27 spéculateurs.
3444 3079 14 21 è
3474 3079 21 21 la
3509 3080 77 22 baisse
3607 3081 164 25 (évidemment

3265 3105 22 23 J.
3304 3105 51 26 H.),
3373 3106 16 22 il
3404 3112 16 22 y
3436 3112 14 17 a
3468 3109 128 26 cependant
3614 3112 63 20 aussi
3694 3112 60 22 beau-

3265 3139 59 22 coup
3343 3134 160 25 d'incertitude
3523 3144 27 16 en
3569 3144 26 18 ce
3614 3141 39 25 qui
3670 3142 97 25 regarde

3269 3163 94 22 l'avenir
3385 3164 115 24 Immédiat
3523 3167 30 23 de
3573 3167 24 22 la
3618 3168 79 23 devise
3718 3169 40 21 hol-

3269 3192 100 22 landaise
3381 3201 42 14 »...
3455 3203 10 11 «
3476 3193 81 29 depuis
3577 3197 35 22 les
3631 3198 139 22 révélations

3269 3221 29 22 de
3311 3221 22 21 la
3344 3221 185 26 Nederlandsche
3543 3225 64 23 Bank
3618 3231 42 17 sur
3671 3226 34 22 les
3717 3232 42 22 per-

3269 3251 36 20 tes
3321 3251 83 26 qu'elle
3419 3257 14 17 a
3447 3253 78 22 subies
3540 3254 32 22 du
3588 3255 42 22 fait
3644 3256 29 21 de
3688 3261 40 17 ses
3741 3257 17 21 li-

3270 3283 60 22 vres,
3352 3280 107 27 l'opinion
3480 3287 41 17 sur
3542 3283 22 22 la
3584 3284 110 22 situation
3713 3285 46 22 ban-

3270 3306 59 25 caire
3347 3308 15 21 à
3379 3309 144 24 Amsterdam
3540 3313 39 21 est
3595 3313 105 23 devenue
3717 3315 54 27 plus

3269 3337 146 21 mauvaise...
3431 3338 35 23 Un
3480 3341 66 21 autre
3562 3341 92 23 facteur
3667 3344 37 22 est
3718 3343 41 22 l'at-

3269 3366 72 22 titude
3357 3367 29 21 de
3399 3367 158 28 l'Allemagne.
3571 3370 20 21 Il
3605 3373 38 20 est
3657 3372 29 21 de
3701 3373 56 21 noto-

3268 3394 57 22 riété
3342 3400 44 22 que
3403 3396 34 22 les
3452 3397 132 23 Allemands
3600 3400 125 27 possèdent
3740 3402 29 20 de

3269 3423 61 22 forts
3344 3424 81 27 dépôls
3442 3426 27 23 de
3484 3427 69 21 fonds
3567 3428 14 21 à
3595 3428 130 28 l'étrangef,
3740 3435 29 16 en

3268 3451 111 24 Hollande
3394 3455 25 20 et
3435 3459 29 17 en
3480 3455 79 24 Suisse
3575 3458 195 27 principalement.

3268 3480 39 22 S'il
3324 3486 16 22 y
3357 3483 60 21 avait
3433 3483 23 22 la
3473 3485 103 22 moindre
3593 3487 113 22 méfiance
3723 3489 46 21 vis-

3268 3509 61 22 à-vis
3344 3511 28 21 de
3386 3513 23 20 !a
3424 3512 116 26 Hollande,
3556 3514 21 22 le
3591 3516 81 23 retrait
3686 3517 29 22 de
3729 3522 41 17 ces

3270 3539 69 23 fonds
3353 3541 104 25 pourrait
3470 3542 77 22 forcer
3561 3548 26 18 ce
3601 3549 57 22 pays
3672 3546 15 21 k
3700 3547 58 20 aban-

3270 3568 87 22 donner
3371 3569 161 23 l'étalon-or...
3549 3572 31 24 Ce
3595 3575 39 25 qui
3647 3575 38 21 est
3698 3575 73 21 arrivé

3267 3596 58 21 chez
3337 3602 61 17 nous
3409 3600 57 25 peut
3478 3600 53 22 bien
3542 3601 87 22 arriver
3640 3603 15 21 à
3668 3603 102 22 d'autres

3271 3630 28 17 en
3313 3625 62 27 dépit
3389 3627 29 21 de
3431 3627 64 22 leurs
3510 3629 115 23 efforts...
3638 3639 10 12 »

3299 3660 20 22 II
3338 3662 37 21 est
3395 3662 177 26 extraordinaire
3599 3667 28 22 de
3646 3669 51 20 voir
3715 3673 55 17 avec

3271 3686 75 31 cjuelle
3366 3690 110 28 légèreté,
3499 3698 29 17 ou
3549 3695 76 26 -quelle
3656 3699 115 20 mauvaise

3271 3719 40 24 foi,
3330 3723 30 18 un
3389 3720 93 26 Journal
3499 3722 117 26 jouissant
3645 3726 127 26 cependant

3269 3747 77 25 d'une,
3357 3750 86 25 grande
3462 3751 132 27 réputation
3613 3754 15 21 à
3647 3754 123 28 l'étranger

3271 3780 105 23 compare
3396 3777 61 23 deux
3474 3785 57 21 pays
3552 3783 63 21 aussi
3634 3783 125 23 dissembla-

3266 3805 55 21 bles
3340 3806 15 21 k
3375 3807 54 21 tous
3450 3807 34 24 les
3504 3809 78 27 points
3603 3811 28 23 de
3651 3817 45 18 vue
3726 3817 44 23 que

3271 3833 148 28 l'Angleterre
3440 3842 23 20 et
3482 3837 23 22 la
3522 3838 118 28 Hollande,
3658 3846 61 23 pour
3734 3843 36 21 leB

3268 3863 93 22 besoins
3373 3864 29 22 de
3415 3870 27 17 sa
3454 3870 77 19 oause.

3270 3902 215 17 ^^^aaaeaeasa^^ae^^,»..

3304 3935 19 21 A
3346 3937 120 22 l'occasion
3488 3939 42 21 des
3551 3940 62 22 fêtes
3634 3943 31 20 du
3687 3943 87 21 Nouvel

3272 3964 41 26 An,
3331 3966 15 21 i'
3357 3971 11 14 i
3380 3967 169 24 Indépendance
3568 3970 69 25 Belge
3656 3977 10 14 >
3686 3977 29 17 ne
3733 3977 29 21 pa-

3271 3993 71 21 raîtra
3353 3999 42 20 pas
3408 3996 22 20 le
3441 3996 17 20 2
3469 3997 97 24 Janvier.
3579 3999 72 22 Notre
3663 4002 108 23 prochain

3276 4022 95 22 numéro
3389 4026 93 22 portera
3500 4027 59 21 dono
3579 4028 22 21 la
3618 4029 54 21 date
3690 4030 31 21 du
3740 4029 23 22 di-

3273 4051 96 22 manche
3384 4053 17 20 8
3415 4053 89 25 janvier
3518 4056 70 23 1932.

3276 4097 33 7 -—
3319 4098 14 6 -
3344 4098 12 6 -
3368 4099 55 13 -e*e-
3429 4105 14 8 aa
3444 4100 7 4 -
3452 4102 16 12 aa
3468 4101 7 3 ~
3476 4102 29 12 eeie
3505 4112 5 3 .
3512 4102 16 12 »e
3528 4112 11 3 _
3540 4103 4 10 i
3551 4112 3 3 .

3565 4103 209 17 mtm^^0mmm**m.

3273 4133 220 60 L'Agitation
3537 4144 236 50 communiste

3386 4209 91 48 dans
3498 4209 37 50 la
3558 4211 100 50 Ruhr

3270 4319 41 38 40
3334 4324 206 37 communistes
3564 4327 68 36 sont
3655 4327 118 38 arrêtés

3302 4406 83 26 Berlin,
3404 4408 28 21 31
3452 4409 129 24 décembre.
3597 4422 34 6 —
3648 4412 33 22 La
3697 4413 74 27 police

3275 4438 14 18 a
3310 4435 42 22 faH
3372 4436 112 27 Irruption
3504 4439 57 21 dans
3581 4444 45 21 une
3647 4441 128 24 assemblée

3275 4465 151 22 communiste
3446 4467 89 23 secrète
3554 4469 38 26 qui
3607 4470 128 25 organisait
3755 4470 21 22 la

3275 4492 68 27 grève
3359 4494 56 21 dans
3432 4494 21 22 la
3466 4496 73 22 Ruhr.
3555 4498 17 20 Il
3588 4503 15 21 y
3618 4502 14 17 a
3647 4503 29 17 eu
3692 4499 29 21 40
3736 4504 26 17 ar-

3275 4522 131 22 restations.
3600 4519 39 27 '.-■■'.

3307 4550 18 21 A
3345 4550 136 28 Dortmund,
3503 4554 23 22 la
3545 4555 73 27 police
3639 4561 13 17 a
3673 4557 104 26 dispersé

3275 4579 14 21 k
3306 4584 72 22 coups
3395 4581 28 22 de
3441 4583 118 26 matraque
3577 4589 44 18 une
3641 4586 123 22 manifesta-

3275 4608 47 21 tion
3340 4611 163 26 communiste;
3521 4611 16 22 il
3553 4617 15 22 y
3585 4618 14 16 a
3616 4619 29 16 eu
3662 4615 28 21 de
3708 4619 53 17 nom-

3274 4636 97 23 breuses
3384 4640 157 22 arrestations.

3305 4666 43 21 Les
3371 4667 115 27 journaux
3511 4674 127 23 annoncent
3663 4677 44 22 que
3739 4673 35 21 les

3277 4696 163 23 communistes
3455 4699 103 22 auraient
3572 4699 128 23 l'intention
3714 4701 51 21 d'or-

3276 4724 91 25 ganiser
3386 4726 20 22 le
3426 4726 13 21 2
3458 4726 89 26 Janvier
3566 4733 43 18 une
3630 4729 68 26 grève
3719 4731 57 22 dant

3276 4752 21 22 le
3313 4754 53 25 port
3382 4754 28 22 de
3425 4755 139 28 Hambourg.
3591 4764 6 6 •

2600 4795 126 22 *■""■"""
2776 4796 554 30 IMIIIIIIIIIIIIIIIMII..IIMIIIII.IIIIIII.IIIIIIIIIIIIIH
3380 4804 390 29 II.IIII.II.I.I.II.IIIIIIIIIIIIIIIIHIIV

589 4822 65 58 L
673 4840 302 49 année
1017 4831 117 66 de
1179 4836 326 64 toutes
1548 4836 143 67 les
1733 4840 332 77 crises,
2109 4860 183 48 vue
2340 4862 177 63 par
2561 4844 140 66 les
2746 4846 589 72 humoristes

361 5412 127 22 BAPTEME
497 5408 40 34 pE
553 5412 69 23 L'AIR

261 5436 110 24 Monsieur
383 5440 99 26 Piccard,
496 5439 35 27 ejui
543 5440 47 21 tout
604 5444 30 19 os'
639 5442 56 24 faire

264 5465 36 21 Est
316 5466 41 22 aUé
375 5469 57 20 dans
450 5469 21 21 la
488 5468 143 26 stratosphère

264 5492 49 26 Qui,
329 5496 65 25 après
411 5497 56 21 cette
485 5496 47 22 trot'
549 5495 75 24 hardie

263 5520 130 27 S'appellera
408 5524 23 22 la
444 5523 117 23 Picardie.

1049 5423 88 21 'APRES
1156 5422 107 23 TRADER
1280 5427 76 23 RORN

964 5445 59 25 Voilà
1041 5456 44 20 gue
1106 5451 67 22 tout's
1194 5450 33 21 les
1245 5452 78 25 jeunes
1341 5457 63 25 filles

962 5473 32 21 Ne
1006 5478 77 22 rivent
1096 5480 53 25 plus
1163 5479 148 26 qu'Afrique^
1321 5485 93 22 Antilles

963 5504 57 20 tues
1036 5508 84 21 veul'nt
1136 5507 92 23 devenir
1242 5508 89 24 déesses

965 5529 55 23 Chez
1034 5534 32 22 le,
1080 5537 83 25 fauves
1178 5536 23 21 et
1214 5535 35 24 les
1263 5537 123 28 négresses.

1778 5434 35 21 LA
1830 5434 245 28 SAINT-ROUTAKD*.

1674 5461 79 24 Quand
1769 5462 17 20 U
1803 5462 65 26 pleut
1883 5463 16 21 à
1915 5464 23 21 la
1954 5464 180 26 Saint-Houtard,

1673 5489 20 20 Il
1708 5489 64 25 pleut
1786 5492 109 24 quarante
1909 5492 67 25 jours
1991 5493 53 26 plus
2060 5493 57 21 tard.

1673 5517 43 20 Les
1730 5518 85 25 feutU's
1830 5520 93 24 d'Impôt
1935 5521 40 23 unt
1990 5521 144 25 augmente...

1673 5545 70 23 Notre
1760 5547 80 24 climaf
1852 5548 61 23 reste
1929 5548 118 27 inchangé.

2499 5440 35 20 LE
2553 5440 110 21 VOYAGE
2678 5441 40 21 EN
2734 5441 84 22 CRINS

2413 5467 33 21 La
2460 5466 74 26 Chine,
2548 5472 26 16 ce
2585 5473 58 21 pays
2659 5469 123 25 charmant

2413 5495 58 21 PlaU
2484 5500 31 16 au
2528 5496 79 25 Japon,
2621 5498 150 25 assurément,

2417 5523 42 25 Qui
2474 5525 52 19 veut
2541 5525 84 24 garder
2640 5526 22 20 la
2676 5526 167 28 Mandchourie,

2415 5551 110 23 Souvenir
2540 5553 30 21 de
2587 5553 100 25 J'ômanf
2704 5554 80 23 chéri*.

3247 5447 35 21 LE
3300 5447 105 22 CREMIN
3421 5449 39 21 DU
3477 5450 118 22 PARADIS

3181 5475 78 24 Quand
3274 5480 30 17 on
3318 5477 45 20 s'ra
3378 5477 51 21 tous
3445 5479 97 24 copains,

3181 5503 19 20 ll
3213 5504 51 23 fera
3279 5504 50 21 bien
3342 5505 103 21 meilleur
3459 5511 30 16 au
3503 5507 111 23 monde.'..

3180 5531 91 22 Pourvu
3288 5533 79 24 qu'sur
3383 5534 45 20 not'
3445 5534 88 22 chemin

3188 5559 33 23 On
3236 5561 119 22 rencontre
3372 5562 52 21 cett'
3439 5562 55 26 jolie
3511 5563 88 23 blonde.
