3934 5550
64 93 48 48 r
302 90 79 60 7"
529 96 44 57 "\

87 145 68 51 Lfr
160 141 214 52 Dernière
390 141 147 56 Heure

100 237 142 28 n'accepte,
271 243 161 24 moyennant
458 249 68 21 paye-

101 277 70 24 ment
189 273 83 26 direct
291 282 36 17 ou
347 275 118 32 indirect,
485 287 51 21 que

102 314 23 25 la
146 310 124 31 publicité
304 314 183 27 commerciale
510 320 27 22 et

100 348 141 31 {financière
275 350 123 31 indiquée
433 362 104 17 comme

102 388 58 27 telle
175 395 35 16 au
226 387 106 31 lecteur,
349 398 48 21 par
414 399 35 17 un
465 392 71 30 signe

103 426 130 28 distinctif,
252 427 110 26 numéro
379 428 107 28 d'ordre
502 438 36 17 ou

105 462 114 29 mention
233 473 14 14 s
264 466 186 29 communiqué
463 476 26 17 ».

83 521 8 20 ■
518 493 57 57 J

854 387 75 38 LE
970 389 153 39 PLUS
1167 391 214 38 GRAND
1418 390 295 38 JOURNAL
1752 387 204 42 BELGE,
2000 391 74 37 LE
2118 394 198 40 MIEUX
2363 387 345 48 RENSEIGNÉ

1429 447 207 28 BRUXELLES
1652 463 31 6 -
1698 447 47 29 52.
1761 445 74 28 RUE
1851 443 52 28 DU
1920 444 204 32 PONT-NEUF

2940 135 252 80 Edition

2954 260 53 83 5
3048 259 135 45 ORES

3047 304 60 41 Il
3116 315 67 31 SOIR

2943 382 252 54 PREMIÈRE

652 521 84 31 28-n«
752 521 153 37 ANNÉE
928 544 36 8 =
985 529 43 31 N°
1059 529 67 32 160

1682 531 147 30 SAMEDI
1854 530 32 30 10
1907 528 79 37 JUIN
2008 530 72 32 1933

2569 537 52 30 LE
2645 529 193 38 NUMÉRO
2859 533 48 31 30
2927 531 228 32 CENTIMES

3286 129 18 40 E
3312 129 150 40 POINTUE
3470 128 122 38 DEPART
3600 127 39 38 DE
3645 125 116 39 VOTRE

3420 170 340 41 FORTINESETKOUVE

3537 214 95 40 PRIT
3644 213 98 40 ETRE

70 635 38 42 LE
121 631 183 39 FAUTEUIL
316 634 27 36 A
358 634 220 40 ROULETTES

98 713 84 30 André
198 712 77 30 Dahl,
295 714 24 26 le
337 715 136 28 charmant
488 717 87 27 hume

75 751 49 25 tistc
134 745 111 30 français
261 748 43 27 qui
320 748 71 25 vient
406 748 34 26 de
455 752 96 24 mourir
564 752 16 24 à

77 780 63 29 Paris,
168 778 72 25 avait
270 779 63 26 écrit
361 779 125 30 quelques
514 781 68 27 bons

74 819 92 20 romans
187 810 62 29 gais,
272 813 84 27 parmi
376 811 112 29 lesquels
513 824 11 15 »
546 814 35 26 Le

70 840 99 30 fauteuil
193 842 16 24 à
231 841 125 28 roulettes
377 854 12 15 »
416 852 39 19 est
477 854 35 17 un
536 846 46 26 des

68 873 53 32 plus
135 873 135 29 originaux
285 880 26 20 et
323 874 34 27 de
370 875 59 29 plus
441 884 140 20 amusants.

94 903 120 27 L'auteur
231 905 82 28 décrit
327 916 34 16 un
376 917 101 21 voyage
495 910 77 30 imagi-

66 937 77 27 naire,
158 946 35 16 un
208 943 58 20 tour
281 938 33 26 de
328 938 107 29 France,
450 940 63 29 qu'il
526 941 56 30 fait,

66 977 32 17 au
113 969 60 24 coin
194 968 33 26 de
247 979 49 16 son
313 969 52 29 feu,
384 973 63 24 assis
464 972 65 26 dans
549 983 33 16 un

66 999 52 26 bon
133 998 117 29 fauteuil.

95 1030 214 32 Naturellement,
325 1034 17 25 il
359 1045 28 15 se
403 1037 55 24 voit
474 1043 110 23 prenant

65 1062 25 26 le
120 1064 75 26 train.
226 1064 19 26 11
271 1075 101 20 vqyage
399 1077 34 15 en
458 1069 126 28 première

66 1094 82 27 classe
172 1108 39 6 —
239 1095 8 31 (
253 1107 65 18 pour
340 1108 30 15 ce
396 1108 50 18 que
471 1098 56 26 cela
549 1098 35 26 lui

67 1127 77 26 coûte
159 1127 72 30 ï...).
253 1127 18 26 Il
294 1129 59 28 paie
375 1128 25 27 le
423 1129 70 29 plein
516 1130 67 25 tarif.

67 1157 36 26 Le
118 1158 148 29 contrôleur
280 1170 83 15 arrive
377 1160 65 25 dans
455 1171 47 15 son
515 1171 59 15 com-

66 1190 149 29 partiment,
242 1191 83 28 prend
351 1201 48 15 son
423 1191 72 26 billet
520 1201 64 16 avec

66 1218 161 29 précaution,
251 1220 24 26 le
295 1221 99 27 vérifie,
418 1221 24 26 le
465 1228 120 19 retourne

68 1254 25 20 et
108 1257 18 20 y
130 1279 6 6 ^
142 1248 48 26 fait
207 1260 35 15 un
259 1253 65 26 petit
339 1258 57 18 trou
411 1262 65 15 avec
490 1262 34 15 un
538 1252 46 30 joli

67 1279 70 26 souci
155 1279 34 25 de
208 1290 32 15 ne
260 1291 47 18 pas
322 1281 127 28 l'abîmer.

96 1320 38 6 —
153 1309 38 29 Ça
211 1310 48 26 fait
278 1312 88 26 quand
383 1314 86 24 même
488 1313 95 29 plaisir,

71 1339 61 29 dit-il
144 1349 34 15 au
191 1350 140 19 voyageur,
342 1342 46 27 j'ai
400 1342 60 26 bien
475 1353 45 16 cru
534 1353 50 20 que

73 1375 21 30 je
107 1370 60 26 n'en
184 1374 143 23 trouverais
344 1382 47 18 pas
408 1383 43 15 un.
466 1373 72 26 Dans
554 1385 30 15 ce

77 1401 78 30 salaud
174 1401 33 26 de
224 1404 75 26 train,
315 1412 18 19 y
347 1413 16 15 a
380 1404 35 24 du
433 1404 150 30 demi-tarif,

79 1436 27 27 du
119 1440 75 23 quart
214 1433 34 26 de
265 1433 84 30 place,
367 1434 33 26 de
418 1434 25 26 la
460 1442 70 20 carte
551 1437 33 25 de

78 1473 126 22 voyageur,
222 1464 35 25 du
273 1465 81 29 grand
370 1467 104 28 permis,
487 1477 18 20 y
520 1477 16 16 a
551 1468 33 25 de

76 1502 54 23 tout,
144 1505 17 20 y
174 1505 17 15 a
202 1505 48 20 pas
262 1506 35 16 un
309 1497 55 24 vrai
377 1503 97 22 payant
490 1500 5 23 !
511 1498 74 26 Vous

74 1531 47 24 êtes
136 1526 24 26 le
177 1526 63 28 seul.
259 1527 72 26 C'est
347 1538 47 18 pas
408 1528 124 30 possible,
550 1540 34 16 on

74 1568 57 18 vous
147 1557 35 26 l'a
198 1558 99 27 offert?

97 1601 37 7 —
152 1588 68 27 Mais
235 1600 54 16 non
304 1592 7 25 I
326 1589 31 31 Je
374 1590 44 26 l'ai
433 1593 69 28 payé
521 1594 64 24 moi-

72 1623 115 26 même...

97 1665 37 6 —
152 1652 44 26 On
218 1663 38 15 ira
279 1653 112 29 prendre
414 1663 35 17 un
472 1664 74 17 verre
569 1656 16 23 à

71 1685 121 27 l'arrivée.
208 1683 45 26 Ma
269 1684 98 30 parole,
386 1685 88 28 quand
488 1687 25 28 je
528 1688 57 23 vois

72 1727 30 16 un
113 1722 61 24 type
187 1715 33 26 de
234 1717 21 26 si
270 1716 87 27 bonne
372 1716 46 29 foi,
432 1717 24 27 ie
470 1727 42 15 me
526 1727 59 16 sens

71 1749 63 25 ému.
157 1746 110 30 Puisque
289 1747 64 26 c'est
374 1758 103 15 comme
499 1758 39 20 ça,
559 1749 25 29 je

70 1789 43 21 yaa
126 1785 91 23 mettre
231 1778 35 26 du
280 1780 92 28 papier
387 1779 65 26 dans
464 1779 37 26 les
516 1780 59 25 cabi-

70 1817 53 21 nets
142 1817 26 19 et
184 1810 101 26 donner
305 1810 76 28 deux,
402 1812 62 24 trois
484 1817 101 24 gouttes

71 1842 73 26 d'eau
161 1852 66 19 pour
245 1841 24 27 le
287 1841 105 26 lavabo.
411 1842 32 26 Et
460 1842 24 26 le
503 1842 80 29 drôle,

71 1873 59 28 c'est
154 1883 51 20 que
232 1883 65 16 vous
324 1883 79 17 sovez
427 1873 157 31 Français...

71 1905 70 29 Vous
158 1905 146 25 descendez
321 1906 15 24 à
353 1905 112 26 Rouen?

98 1949 38 5 —
155 1936 59 26 Oui.
230 1936 71 28 C'est
315 1947 47 18 par
373 1936 26 26 là
413 1946 50 19 que
476 1938 27 29 je
516 1948 60 15 com-

72 1978 87 17 mence
175 1978 62 16 mon
254 1978 110 19 voyage.

98 2012 38 5 —
155 1999 146 30 Dommage
317 2002 5 23 !
363 1999 38 27 En
438 2007 58 19 tout
534 2011 52 18 cas,

73 2032 134 28 monsieur,
229 2033 79 26 merci
332 2042 34 15 au
389 2042 63 16 nom
476 2032 35 26 du
531 2042 47 20 per-

73 2062 86 27 sonnel
181 2062 33 26 de
235 2063 26 25 la
279 2064 165 28 compagnie.
465 2063 31 31 Je
518 2065 59 24 vien-

73 2095 52 26 drai
138 2104 65 16 vous
217 2094 72 26 aider
300 2096 16 24 à
328 2094 144 27 descendre
483 2105 48 16 vos
543 2095 35 26 ba-

72 2136 82 20 gages.

99 2170 38 5 —
156 2157 31 31 Je
203 2158 61 25 n'en
280 2160 25 24 ai
319 2168 55 18 pas.

100 2201 38 6 —
157 2189 43 25 Oh
214 2191 5 23 !
242 2189 71 26 C'est
335 2190 63 26 vrai,
422 2189 66 26 dit-il
513 2191 75 28 après

72 2222 71 24 avoir
163 2230 35 16 un
215 2231 52 19 peu
287 2220 116 28 réfléchi,
425 2220 111 28 qu'avec
554 2231 34 15 un

70 2252 53 26 bon
137 2259 134 19 trousseau
284 2252 33 26 de
330 2252 73 27 clefs,
417 2253 66 25 dans
495 2252 38 27 les
546 2263 43 14 va-

70 2283 59 27 iises
155 2283 46 26 des
229 2290 86 19 autres
343 2294 153 18 voyageurs,
525 2294 65 15 vous

72 2325 101 21 pouvez
186 2317 117 28 toujours
315 2315 113 28 prendre
441 2315 46 26 des
500 2315 80 26 chaus-

73 2353 76 20 settes
173 2354 26 19 et
222 2357 35 16 un
278 2347 143 25 mouchoir.
446 2347 75 25 Avec
544 2346 45 26 des

72 2378 159 26 chaussettes
249 2384 26 20 et
293 2388 35 15 un
348 2378 134 25 mouchoir
502 2388 34 15 on
552 2384 37 19 est

72 2411 88 25 sauvé.
183 2409 36 27 Le
241 2416 68 19 reste
330 2420 33 15 ne
382 2420 28 15 se
430 2409 58 26 salit
506 2410 73 29 quasi-

73 2448 72 19 ment
158 2451 56 20 pas.
231 2441 43 26 On
292 2441 79 25 frotte
388 2440 37 26 les
440 2440 150 25 chaussures

72 2483 42 19 sur
130 2472 26 26 la
171 2473 152 29 banquette.
337 2471 47 26 Tel
401 2481 49 17 oue
467 2480 64 17 vous
547 2481 42 14 me

73 2514 91 20 voyez,
180 2505 26 29 je
218 2514 33 16 ne
266 2503 115 30 dépense
394 2513 47 18 pas
455 2503 58 29 cinq
529 2511 60 15 sous

73 2536 34 25 ■de
124 2537 86 27 cirage
225 2545 48 19 par
290 2545 42 16 an.

103 2566 37 26 Le
171 2576 132 20 voyageur
333 2567 82 24 arrive
442 2566 15 24 à
488 2565 100 26 Rouen,

72 2600 67 24 mais
161 2598 18 25 il
201 2608 33 16 ne
255 2597 39 29 s'y
314 2597 100 25 attarde
436 2606 54 17 pas.
511 2595 18 26 Il
551 2605 27 15 re-

73 2636 91 19 monte
188 2629 65 25 dans
273 2629 24 25 le
318 2630 73 26 train,
417 2629 75 27 après
516 2628 71 24 avoir

73 2662 93 29 .acheté
185 2670 34 15 un
241 2659 131 25 sandwich
395 2668 33 16 au
447 2658 86 25 buffet
555 2657 31 25 de

64 2687 33 30 jo
111 2701 67 18 gare.
193 2690 94 25 C'était
297 2700 34 14 un
344 2691 54 23 vrai
409 2688 133 26 sandwich
555 2688 33 26 de

75 2731 64 21 gare,
156 2730 65 15 avec
235 2720 47 25 des
296 2730 123 19 rognures
434 2720 33 25 de
479 2720 108 29 jambon

78 2752 116 30 léparties
213 2761 42 16 sur
277 2751 37 26 les
336 2751 80 26 bords
435 2761 66 19 pour
524 2750 64 26 faire

81 2784 71 26 croire
166 2782 62 30 qu'il
240 2793 17 18 y
270 2793 33 15 en
314 2784 71 25 avait
397 2793 34 15 au
442 2784 95 24 milieu.
552 2783 35 25 Le

80 2816 56 30 petit
154 2815 61 29 pain
232 2815 62 24 était
312 2824 33 15 en
363 2816 97 23 ciment
478 2815 79 24 armé.

103 2845 34 27 Le
152 2847 67 25 train
235 2846 85 25 arriva
332 2847 16 23 à
362 2845 108 26 Yvetot.
486 2855 103 15 comme

76 2877 22 27 le
113 2887 131 20 voyageur
264 2878 62 24 était
346 2886 33 16 au
398 2878 112 26 premier
530 2878 60 23 tiers

77 2909 30 26 de
118 2919 47 15 son
181 2908 141 26 sandwich.
338 2907 36 27 Le
388 2918 63 15 nom
464 2907 126 26 d'Yvetot

76 2940 112 31 rappelle
210 2950 31 15 ce
264 2939 79 30 gentil
364 2941 47 25 roi,
431 2949 52 17 peu
504 2949 87 15 connu

76 2971 61 26 dans
156 2971 133 28 l'histoire,
313 2981 28 15 se
361 2969 89 27 levant
472 2970 66 28 tard,
563 2980 27 15 se

76 3003 125 26 couchant
219 3004 47 26 tôt,
285 3009 26 19 et
327 3001 65 26 dont
406 3001 26 25 la
449 3012 59 15 race
525 3012 55 15 sem-

74 3034 41 26 ble
151 3033 166 31 aujourd'hui
352 3032 108 28 perdue.
500 3032 90 26 André

75 3065 66 26 Dahl
154 3076 28 16 se
196 3066 47 25 mit
256 3066 16 24 à
282 3064 26 26 la
321 3065 113 27 portière
446 3070 26 19 et
485 3063 96 26 deman-

76 3098 31 25 da
121 3107 33 16 au
166 3097 61 25 chef
240 3096 33 26 de
288 3106 61 18 gare
367 3106 6 15 :

101 3141 39 5 —
159 3128 37 26 Le
214 3129 39 25 roi
272 3127 127 26 d'Yvetot
421 3137 34 15 va
475 3127 115 29 toujours

74 3160 79 26 bien?

103 3192 71 25 C'est
192 3201 52 15 une
264 3192 119 28 question
403 3190 80 28 qu'on
503 3190 88 25 devait

73 3223 34 26 lui
127 3233 78 20 poser
224 3224 16 23 à
263 3228 58 19 tous
343 3221 38 26 les
403 3222 87 25 trains.
512 3221 43 25 Ou
573 3220 18 26 il

74 3255 62 26 était
155 3254 34 25 de
209 3254 132 25 mauvaise
361 3252 116 29 humeur,
499 3262 34 15 ou
549 3262 32 15 en-

73 3296 61 16 core
146 3286 17 24 il
174 3286 71 25 avait
257 3294 60 19 reçu
329 3284 46 25 des
388 3285 136 28 consignes
535 3284 46 29 spé-

73 3316 79 27 ciales
170 3316 46 25 des
234 3317 145 28 ingénieurs
399 3314 35 26 du
454 3316 97 24 réseau.
574 3314 18 25 Il

73 3349 51 30 prit
133 3357 48 16 son
192 3354 93 23 temps,
296 3346 60 26 leva
367 3346 24 26 le
403 3356 92 20 pouce,
508 3345 83 27 ferma

73 3375 26 30 îa
116 3380 69 24 main
203 3378 92 28 droite,
313 3377 26 26 la
356 3377 135 26 descendit
507 3387 42 16 sur
563 3387 28 15 sa

73 3412 82 24 cuisse
171 3417 26 19 et
213 3409 38 26 dit
270 3419 6 16 :

102 3454 39 5 —
161 3441 18 25 Il
198 3447 39 19 est
251 3440 135 28 là-dessus,
403 3440 24 27 le
442 3441 38 25 roi
496 3439 85 26 d'Yve-

74 3479 37 21 tot
123 3475 7 23 1

106 3515 11 15 «
141 3504 71 26 C'est
227 3514 65 16 avec
308 3503 46 27 des
372 3505 219 28 renseignements

77 3538 61 24 aussi
154 3537 105 24 erronés
273 3548 39 5 —
326 3544 136 18 remarque
475 3533 24 26 le
512 3543 69 21 voya-

81 3577 52 21 geur
147 3580 40 5 —
202 3567 80 30 qu'on
302 3568 72 24 ruine
393 3566 144 26 l'industrie
557 3565 33 26 du

83 3600 111 25 tourisme
212 3609 33 15 en
263 3597 106 27 France.
391 3608 12 14 »

71 3630 9 15 f
102 3630 43 27 Au
167 3629 98 30 Havre,
285 3629 18 26 il
323 3637 43 18 eut
385 3628 25 26 la
428 3628 89 27 bonne
539 3628 41 26 for-

78 3667 54 21 tune
147 3662 130 25 d'assister
290 3671 34 15 au
338 3661 94 29 départ
446 3660 63 26 d'un
523 3667 57 19 tran-

77 3693 157 30 satlantique.
246 3692 141 29 Beaucoup
398 3692 34 25 de
445 3702 62 20 gens
519 3691 61 31 pleu-

77 3726 84 25 raient.
177 3724 61 26 Près
252 3724 33 25 de
299 3723 43 29 lui,
356 3733 51 16 une
419 3724 81 29 petite
512 3723 78 26 dame

76 3754 94 29 blonde
185 3755 119 26 inondait
319 3765 34 15 un
372 3755 143 25 mouchoir.
534 3754 56 26 Elle

76 3789 66 24 avait
162 3798 51 15 une
234 3786 137 28 frimousse
391 3786 152 26 charmante
564 3792 26 19 et

76 3818 45 26 elle
136 3820 80 26 criait,
233 3828 33 15 en
279 3817 102 27 baisant
393 3817 25 26 la
430 3817 83 28 photo
526 3817 63 26 d'un

75 3849 139 28 médaillon
232 3859 7 15 :

101 3894 36 5 —
136 3893 4 7 ■
159 3881 88 26 Adieu
258 3879 99 30 James!
369 3879 114 29 James...
498 3881 90 25 dear...

75 3912 58 26 cher
150 3922 71 16 cceur
238 3911 79 26 chéri.

101 3956 39 6 —
159 3943 119 30 Voyons,
298 3942 130 27 madame,
450 3942 35 26 lui
506 3943 38 26 dit
564 3943 25 26 le

73 3984 139 22 yoyageur,
229 3974 18 25 il
263 3984 33 15 ne
312 3972 56 27 faut
382 3983 48 18 pas
445 3984 65 15 vous
526 3981 53 19 met-

74 4012 37 20 tre
130 4006 65 26 dans
213 4011 42 20 cet
273 4006 88 24 état...
381 4004 17 26 il
416 4005 171 26 reviendra...

73 4047 66 19 yous
157 4036 83 26 n'êtes
258 4046 48 19 pas
324 4035 106 26 seule...
451 4035 57 30 plus
527 4036 62 26 d'un

73 4079 57 15 sera
157 4068 114 25 heureux
296 4066 34 26 de
357 4076 65 16 vous
448 4067 90 26 tendre
564 4067 25 26 la

73 4100 106 26 main...

64 4142 5 6 ■
103 4143 41 6 —
162 4130 75 26 Vous
259 4131 55 25 êtes
336 4129 54 26 bon
405 4130 43 24 !...
476 4128 37 26 Ce
538 4139 50 20 que

74 4171 64 21 yous
154 4173 42 15 me
213 4162 66 25 dites
296 4171 42 15 me
354 4160 47 26 fait
417 4160 36 25 du
468 4160 69 29 bien,
552 4170 37 16 re-

75 4193 144 27 nifla-t-elîe
236 4203 33 16 en
283 4203 28 16 se
324 4198 100 20 serrant
437 4197 89 20 contre
542 4201 47 16 son

76 4225 176 27 consolateur^

104 4257 62 26 Cela
183 4257 65 26 dura
264 4257 60 27 cinq
344 4256 111 24 minutes
474 4254 116 30 pendant

78 4287 130 32 lesquelles
249 4287 101 27 celui-ci
392 4296 28 16 se
461 4285 130 26 conduisit

79 4329 95 17 comme
189 4330 35 15 un
237 4319 54 26 bon
306 4317 156 31 grand-père
476 4318 43 29 qui
533 4316 46 26 ber-

81 4360 25 17 ce
133 4362 50 16 une
212 4352 81 29 petite
322 4349 55 27 fille
409 4348 181 26 douloureuse.

81 4380 47 29 Elle
140 4385 61 26 était
215 4389 57 20 tout
285 4388 90 20 contre
388 4380 35 26 lui
435 4386 27 20 et
472 4390 34 16 ne
519 4379 71 30 pleu-

84 4415 38 25 lait
139 4415 57 30 plus
215 4414 79 30 qu'au
310 4413 100 26 ralenti.

107 4462 33 20 r—
159 4452 18 26 II
195 4452 56 26 faut
269 4462 50 19 que
336 4452 27 28 je
378 4456 93 22 rentre,
491 4448 98 26 dit-elle

93 4488 20 19 en
129 4494 26 16 se
176 4484 153 30 dégageant.
353 4481 81 27 Merci
457 4490 132 16 encore...

93 4519 46 22 Voua
156 4526 64 15 avez
239 4526 33 15 eu
291 4525 51 15 une
363 4513 152 26 délicatesse
532 4511 47 25 infi-

92 4543 58 29 nie...
164 4547 88 31 quand
264 4547 26 29 je
305 4556 81 19 pense
402 4554 50 19 que
468 4553 66 16 vous
546 4552 42 16 au-

88 4582 17 16 Il
106 4584 23 17 iz
141 4587 34 21 pu
193 4589 42 15 me
252 4587 128 21 proposer
398 4576 46 26 des
460 4575 127 26 choses...

109 4605 48 30 ■Elle
176 4610 55 26 s'en
253 4609 60 26 alla.
333 4608 36 26 Le
391 4615 133 22 voyageur
545 4605 34 26 de-

85 4644 76 22 meura
179 4652 64 15 avec
261 4652 30 15 ce
307 4645 196 22 contentement
521 4636 67 27 mêlé

85 4678 27 16 «e
127 4679 80 23 regret
224 4672 79 30 qu'on
319 4673 116 27 éprouve
450 4669 88 29 quand
555 4679 34 15 on

84 4708 13 16 s
111 4701 37 27 été
164 4703 56 26 chic
237 4709 27 20 et
280 4704 96 26 chaste.
394 4702 32 26 Et
443 4702 63 26 c'est
521 4700 69 26 alors

84 4731 53 29 qu'il
153 4734 128 30 s'aperçut
295 4745 50 19 que
361 4745 48 16 son
424 4731 165 31 portefeuille

83 4764 62 26 «vait
161 4765 103 30 disparu
279 4768 6 23 !

106 4805 5 27 ;
110 4806 33 6 —
161 4795 57 27 Une
237 4796 97 27 blonde
353 4807 51 16 aux
419 4806 68 20 yeux
506 4794 83 29 bleus,

82 4824 30 26 lui
125 4826 36 26 dit
173 4827 24 26 le
211 4830 174 25 commissaire
400 4828 33 26 de
447 4827 86 31 police
546 4826 43 26 dix

83 4857 102 26 minutes
199 4858 56 29 plus
267 4859 64 26 tard.
347 4860 70 26 C'est
428 4859 26 26 la
465 4858 123 26 Voleuse.

82 4886 65 28 Nous
161 4888 25 26 la
203 4892 166 24 connaissons
385 4891 69 25 bien.
473 4890 55 26 Elle
542 4889 46 26 fait

82 4916 22 26 le
117 4929 65 21 coup
196 4920 32 26 de
241 4920 94 27 l'adieu
350 4924 15 23 à
379 4922 100 29 chaque
494 4922 95 25 bateau

83 4957 38 21 ou,
136 4952 118 28 notez-le,
270 4952 49 27 elle
332 4964 32 15 ne
377 4955 106 24 connaît
497 4954 93 29 jamais

83 4987 129 21 personne.
233 4983 54 26 Elle
309 4986 71 23 avise
399 4994 33 15 un
455 4984 53 26 bon
531 4994 59 20 gros

83 5011 58 29 naïf,
155 5013 63 26 dans
229 5021 73 19 votre
316 5025 85 17 genre,
414 5015 49 26 elle
476 5026 28 15 se
515 5015 75 31 place

84 5050 15 15 a
109 5044 56 25 côté
179 5044 32 28 de
224 5045 42 29 lui,
279 5052 26 19 et
316 5056 31 17 ça
359 5056 33 15 ne
405 5053 54 19 rate
473 5048 92 27 jamais
582 5056 6 16 :

88 5081 10 15 «
118 5073 46 27 elle
186 5075 45 27 fait
251 5087 47 15 son
318 5076 163 28 portefeuille
505 5088 24 16 ».
553 5078 37 25 Ce

85 5104 57 28 cjuil
170 5116 16 19 y
212 5118 15 15 a
258 5108 237 30 d'extraordinaire,
527 5109 63 26 c'est

86 5142 32 20 qu
127 5135 46 27 elle
190 5140 81 25 arrive
289 5140 16 24 à
322 5138 101 29 pleurer
438 5141 67 24 aussi
520 5140 69 26 bien.

88 5164 202 33 Consolez-vous,
317 5169 65 26 allez
396 5172 6 23 !
428 5170 39 27 Ca
491 5180 98 21 prouve

88 5204 46 20 que
150 5197 25 27 la
191 5199 79 28 bonté
287 5201 33 26 de
336 5201 124 26 l'homme
480 5209 38 19 est
534 5202 46 26 infi-

88 5227 73 28 nie...

432 5270 25 26 J.
472 5270 35 26 H.
523 5271 30 26 B.

600 636 54 48 LE
676 640 247 51 CONCOURS
945 647 59 45 DE
1033 669 23 19 «
1077 647 197 46 L'ESPRIT
1299 647 59 45 EN
1380 646 227 53 BELGIQUE

601 752 66 39 LES
690 754 205 39 GAGNANTS
918 757 49 36 DE
989 757 50 36 LA
1062 750 213 43 CATÉGORIE
1304 743 345 56 "DESSINATEURS,,

770 853 46 36 CE
838 853 76 42 QUE
936 853 101 36 NOUS
1060 853 133 36 DISENT
1209 852 65 36 LES
1298 843 196 45 LAURÉATS

941 906 375 12 vmMm*mM*-v*+'*+MMmM»^*MM*****~mM*+***M**A*****

627 1605 32 19 M.
672 1605 114 19 ALBERT
802 1603 115 23 LENOIR,

710 1629 37 18 1er
766 1628 59 19 Prix.

963 1605 32 19 M.
1018 1604 121 20 MARCEL
1162 1605 135 23 ANTOINE)

1084 1629 25 19 2e
1127 1629 58 19 Prix.

1339 1606 31 20 M.
1385 1606 118 20 HUBERT
1521 1606 128 23 DOHCHY,

1440 1631 25 19 3e
1483 1631 58 20 Prix.

637 1678 109 30 CHEZ
766 1678 162 31 ALBERT
948 1679 153 30 LENOIR

630 1721 62 19 Nous
708 1721 107 20 trouvons
830 1721 78 20 Albert
921 1722 86 21 Lenoir.
1025 1730 9 9 ««
1049 1722 59 20 l'heu-

606 1748 54 16 reux
671 1745 102 23 gagnant
785 1753 8 9 »
806 1745 31 20 du
848 1750 107 16 concours
967 1746 27 20 de
1003 1746 14 19 V
1030 1754 8 9 •*
1046 1747 74 22 Esprit

607 1773 28 15 en
647 1769 105 24 Belgique
765 1777 9 10 »
788 1779 27 5 —
824 1774 56 19 pour
893 1771 113 23 employer
1015 1771 93 22 l'expres-

606 1793 51 19 sion
681 1793 117 20 consacrée
822 1804 27 4 —
873 1794 14 20 à
910 1798 43 15 son
976 1794 102 20 domicile
1102 1794 19 19 si

606 1817 136 24 pittoresque
754 1818 27 20 de
793 1818 102 22 l'avenue
906 1819 82 22 Rogier
998 1819 14 20 à
1024 1819 84 20 Schaer-

606 1841 61 21 beek.

631 1872 31 20 M.
675 1872 81 20 Lenoir
770 1873 35 20 est
820 1873 132 20 instituteur
965 1874 128 19 communal
1106 1873 14 20 à

606 1895 148 24 Schaerbeek;
768 1901 26 15 sa
808 1896 62 20 toute
898 1897 131 20 charmante
1057 1897 66 23 jeune

606 1920 83 20 femme
711 1920 132 24 également,
864 1922 24 19 et
909 1922 20 19 le
949 1922 57 23 petit
1027 1922 93 22 mén,oge

607 1944 62 20 vient
697 1945 21 19 d'
750 1952 9 10 «
793 1945 91 20 achet-er
905 1954 8 9 >«
936 1951 43 15 une
996 1947 124 19 ravissante

607 1968 118 21 Jeannine.

632 2008 27 5 —
675 1999 60 19 Pour
753 2004 45 16 une
815 2007 9 10 «
844 2000 55 20 tuile
919 2008 9 9 »
949 2000 108 23 agréable,
1073 2001 47 19 c'en

607 2023 34 19 est
659 2024 53 19 une!
737 2024 116 20 s'exclame
873 2025 30 19 M.
926 2025 86 23 Lenoir,
1033 2025 87 22 lorsque

608 2051 56 15 nous
683 2047 33 20 lui
734 2052 131 18 annonçons
881 2049 23 19 la
920 2048 73 20 bonne
1013 2049 107 20 nouvelle.

607 2081 26 4 —
644 2071 26 19 Je
682 2075 28 15 ne
722 2071 143 20 m'attendais
875 2072 125 20 nullement
1010 2072 13 20 à
1035 2076 77 20 empor-

608 2095 35 20 ter
654 2096 23 19 la
689 2096 80 23 palme.
779 2107 27 3 —
817 2097 160 21 Excusez-moi,
987 2097 65 20 étant
1063 2098 44 19 don-

608 2118 40 21 née
658 2120 154 24 l'importance
822 2120 45 20 très
878 2121 139 23 appréciable
1030 2122 29 19 du
1071 2122 50 22 prix

610 2144 37 22 qui
661 2144 64 20 m'est
736 2144 104 23 attribué,
854 2145 80 23 j'allais
947 2150 36 15 me
996 2145 78 20 laisser
1086 2146 21 19 al-

610 2167 33 20 ler
657 2167 14 20 à
685 2168 46 20 dire
746 2173 47 15 non
806 2173 41 19 pas
865 2173 5 15 :
889 2177 8 8 «
912 2169 22 19 la
947 2169 73 23 palme
1034 2178 17 15 »,
1063 2170 57 20 mais

610 2200 8 9 ««
632 2193 20 19 le
664 2193 116 24 palmier!)
795 2194 59 19 Vous
866 2194 84 20 désirez
960 2194 74 19 savoir
1046 2204 11 4 -
1068 2199 53 16 sans

609 2217 67 20 doute
689 2228 26 3 —
727 2218 19 19 si
760 2223 37 14 ma
811 2218 44 23 joie
868 2219 35 19 est
917 2218 122 23 intégrale?
1054 2219 55 19 Com-

611 2241 63 19 ment
689 2240 67 21 donc!
773 2242 59 19 C'est
847 2246 42 18 que
903 2243 32 18 les
950 2242 66 19 bébés
1029 2243 92 19 coûtent

610 2265 54 19 cher
681 2265 13 19 à
710 2265 100 24 présent!
828 2266 65 19 Dois-
894 2267 22 22 je
932 2270 54 16 vous
1003 2266 52 23 dire,
1073 2271 47 18 que,

611 2289 143 20 maintenant
766 2289 21 23 je
798 2294 29 15 ne
837 2290 96 22 regrette
944 2290 49 22 plus
1005 2291 27 19 de
1043 2290 77 20 m'être

611 2313 56 23 payé
681 2313 58 22 cette
752 2313 132 22 charmante
900 2321 8 10 «
924 2314 106 20 fantaisie
1047 2323 16 11 ».
1077 2315 31 19 Te-

612 2341 39 15 nez
663 2338 21 22 je
696 2338 46 19 suis
754 2339 49 18 tout
812 2337 50 24 prêt
874 2338 13 19 à
898 2338 72 21 offrir,
980 2338 13 19 à
1003 2343 37 14 ma
1052 2343 68 18 gosse,

612 2365 31 16 un
655 2361 139 20 trousseau...
808 2366 44 15 aux
865 2367 73 14 armes
950 2362 30 19 du
991 2363 103 19 Journal!

637 2392 62 19 Dans
716 2391 21 20 le
754 2392 62 22 fond,
832 2392 22 23 je
870 2392 46 19 suis
935 2391 74 24 plutôt
1025 2396 24 15 ce
1069 2392 52 22 qu'il

611 2416 103 19 convient
730 2415 112 29 d'appeler
857 2420 32 16 un
905 2415 202 21 dessinateur-ama-

611 2439 55 20 teur.
680 2440 23 19 Si
718 2440 21 23 je
754 2439 58 20 tisns
826 2439 19 20 le
860 2444 88 18 crayon,
962 2440 53 19 c'est
1027 2440 81 23 unique-

611 2464 63 18 ment
696 2468 41 18 par
756 2468 78 15 amour
853 2464 27 19 de
900 2464 56 19 l'art.
977 2464 84 23 Depuis
1083 2469 37 14 ma

611 2487 49 23 plus
672 2488 79 19 tendre
763 2488 103 20 enfance,
876 2488 39 22 j'ai
928 2488 101 22 toujours
1041 2487 36 21 été
1089 2492 31 16 un

610 2511 119 22 passionné
750 2511 27 20 de
796 2512 22 18 la
835 2512 131 19 caricature.
986 2512 53 19 Cela
1057 2513 64 19 m'est

610 2539 59 15 venu
684 2540 31 14 un
730 2535 56 19 beau
801 2536 73 23 jour...
894 2536 76 19 tandis
987 2540 41 19 que
1045 2536 22 23 je
1085 2540 35 16 me

608 2559 113 22 regardais
733 2559 57 19 dans
801 2563 43 16 une
856 2559 61 23 glace
934 2560 6 19 !

634 2589 42 20 Les
690 2594 57 18 yeux
762 2590 26 20 de
802 2590 64 19 notre
881 2590 159 20 interlocuteur
1054 2590 54 23 pétil-

610 2613 48 20 lent
673 2613 27 20 de
714 2614 86 21 malice,
813 2618 24 15 ce
851 2614 38 22 qui
902 2618 29 15 ne
946 2613 120 24 l'empêche
1080 2618 40 18 pas

610 2637 28 20 de
655 2642 57 16 nous
731 2637 74 23 parler
825 2642 53 15 avec
898 2642 31 15 un
947 2638 173 22 imperturbable

609 2660 93 21 sérieux.

621 2694 27 5 —
658 2685 148 19 Voulez-vous
818 2684 46 20 être
876 2689 61 15 assez
950 2685 102 21 aimable,
1065 2689 55 15 con-

608 2708 120 22 tinue-t-il,
741 2713 42 19 que
798 2712 56 20 pour
867 2707 118 20 remercier
998 2716 9 9 «
1023 2708 32 19 La
1067 2709 45 18 Der-

610 2732 61 21 nière
687 2734 74 19 Heure
783 2741 8 10 »
814 2733 27 20 de
860 2737 26 16 sa
904 2732 51 24 plus
974 2737 42 19 que
1033 2733 87 20 louable

610 2757 108 20 tentative
722 2757 10 20 ?

634 2782 36 19 Au
680 2781 100 20 moment
791 2780 28 21 où
828 2785 57 16 nous
896 2786 97 19 prenons
1004 2781 75 23 congé,
1089 2781 31 20 M.

609 2805 81 20 Lenoir
701 2804 116 25 s'inquiète
832 2809 6 16 :

635 2839 27 6 —
673 2829 19 19 A
703 2833 86 19 propos,
805 2833 30 16 un
847 2829 180 22 renseignement
1044 2833 7 16 :
1066 2837 8 9 «
1089 2830 32 19 La

610 2853 106 20 Dernière
733 2854 74 19 Heure
826 2861 8 9 •>
851 2853 164 23 compte-t-elîe
1030 2854 79 21 organi-

610 2881 42 17 ser,
671 2878 57 19 dans
743 2877 98 23 l'avenir,
860 2878 39 20 des
917 2877 156 23 compétitions
1091 2878 30 19 du

611 2901 71 20 même
698 2901 79 23 genre?

636 2935 27 5 —
675 2926 110 22 Pourquoi
802 2925 57 20 cette
876 2925 115 23 question?

637 2958 26 6 —
677 2949 79 20 J'aime
785 2949 82 20 autant
891 2953 54 16 vous
960 2950 97 19 l'avouer
1070 2949 50 20 bien

611 2972 155 22 sincèrement.
780 2974 27 19 Je
820 2978 29 15 ne
865 2974 46 19 suis
927 2977 41 18 pas
984 2978 78 16 encore
1076 2973 45 20 fixé

611 3001 39 15 sur
670 2998 92 19 l'avenir
783 2998 27 20 de
831 2997 117 23 Jeannine,
967 2997 58 20 alors
1044 3001 78 18 voyez-

612 3025 60 16 vous,
692 3021 19 19 sl
728 3021 72 23 j'étais
820 3021 123 20 convaincu
964 3021 27 21 de
1008 3022 22 19 la
1050 3022 72 20 chose.

612 3046 29 19 eh
656 3045 51 20 bien
725 3050 5 14 :
744 3046 45 22 j'en
801 3045 69 20 ferais
883 3050 44 15 une
939 3045 154 20 dessinatrice!

611 3089 110 30 CHEZ
746 3089 170 30 MARCEL
942 3089 183 30 ANTOINE

638 3132 84 20 Marcel
738 3132 97 20 Antoine
851 3136 57 15 nous
923 3132 69 21 reçoit
1006 3136 76 16 avec...
1100 3132 23 19 la

613 3164 8 10 «
639 3157 63 19 Mine
716 3157 115 19 souriante
850 3164 17 12 ».
883 3156 132 20 Pourrait-il
1031 3161 29 16 en
1076 3157 48 20 être

613 3180 140 19 autrement?
783 3180 30 19 Le
842 3179 115 21 deuxième
989 3180 87 20 lauréat
1095 3181 27 19 de

615 3211 8 10 «
638 3204 89 23 l'Esprit
739 3208 28 16 en
781 3204 104 23 Belgique
901 3212 16 14 »,
930 3204 35 20 est
976 3204 21 20 le
1009 3204 114 23 président

613 3227 120 20 fondateur
749 3227 31 20 du
795 3228 156 23 sympathique
977 3229 145 22 groupement

613 3251 61 24 belge
690 3252 38 19 des
743 3252 151 20 dessinateurs
908 3251 140 21 humoristes.

637 3285 27 5 —
680 3276 79 19 J'aime
788 3275 80 23 mieux,
895 3286 26 4 —
949 3276 173 22 s'exclame-t-il,

613 3299 120 23 parodiant
747 3300 23 20 et
789 3300 116 19 inversant
918 3300 20 20 le
957 3300 76 20 dicton
1051 3305 59 19 popu-

614 3324 54 21 laire
679 3334 27 4 —
716 3323 47 20 être
777 3324 20 20 le
813 3332 8 8 «
836 3324 82 19 second
933 3332 8 9 »
958 3324 26 20 de
1000 3332 8 9 <•
1022 3324 32 20 La
1065 3326 46 18 Der-

614 3347 60 20 nière
684 3348 73 20 Heure
769 3356 8 9 »
790 3352 42 18 que
844 3348 20 19 le
877 3356 8 8 «
898 3348 97 23 premier
1007 3357 8 9 »
1029 3348 30 20 du
1073 3356 8 9 «
1092 3349 30 20 Le

614 3372 78 19 Grand
703 3372 72 19 Phare
790 3372 26 20 de
828 3371 151 21 Out-Si-PIoû
993 3381 17 11 ...

637 3406 28 4 —
676 3396 44 19 Vos
733 3395 148 24 impressions,
894 3395 53 20 cher
959 3397 125 19 monsieur?

638 3429 26 5 —
674 3420 161 19 Excellentes...
848 3420 58 20 mais
917 3420 50 23 quel
980 3421 33 19 est
1024 3420 21 21 le
1057 3420 53 20 vain-

611 3445 83 24 queur?

638 3477 26 5 —
680 3468 77 20 Albert
773 3468 86 19 Lenoir.

638 3501 26 5 —
676 3492 82 19 Bravo!

637 3525 28 5 —
677 3516 59 19 Vous
752 3516 123 20 attendiez-
876 3520 54 16 vous
943 3516 50 22 plus
1009 3520 28 16 ou
1050 3517 73 19 moins

613 3539 14 20 à
641 3540 62 19 votre
716 3539 107 20 résultat?

637 3574 26 4 —
678 3562 154 21 Sincèrement
846 3568 51 16 non.
923 3564 32 19 La
980 3564 76 20 valeur
1084 3565 38 19 des

612 3588 145 19 concurrents
769 3597 27 5 —
806 3587 21 24 je
840 3588 32 19 les
885 3588 92 19 connais
990 3588 13 20 à
1016 3592 43 19 peu
1072 3589 50 22 près

1146 1672 59 21 tous,
1206 1683 26 4 —
1243 1672 77 21 faisait
1331 1672 86 25 prévoir
1429 1678 31 15 un
1473 1680 9 11 «
1494 1674 77 19 match
1584 1682 9 9 »
1607 1673 46 20 très

1145 1696 48 20 dur.
1210 1696 85 24 Malgré
1312 1698 58 19 leurs
1388 1702 135 19 apparences
1540 1697 112 20 rondouil-

1146 1720 70 23 lettes,
1230 1726 47 15 mes
1288 1721 97 24 appétits
1399 1722 51 19 sont
1464 1721 115 21 modestes.

1170 1762 26 4 —
1208 1751 128 24 Spécialiste
1351 1752 38 20 des
1401 1752 85 21 dessins
1500 1752 128 20 amusants?

1171 1792 26 5 —
1209 1782 170 23 .Regardez-moi
1383 1782 5 20 !

1175 1813 78 19 (Toute
1267 1813 22 18 la
1304 1812 152 24 physionomie
1470 1812 28 20 de
1510 1812 83 19 Marcel
1607 1813 34 18 An-

1147 1835 59 22 toine
1220 1836 31 20 rit
1268 1837 26 19 de
1309 1836 68 23 façon
1392 1836 131 21 éclatante).

1170 1870 26 4 —
1212 1860 68 23 Quels
1298 1860 177 23 enseignements
1510 1860 144 20 retirez-vous

1146 1883 26 22 de
1184 1884 142 24 l'expérience
1340 1883 74 21 tentée
1428 1888 41 19 par
1483 1892 8 9 «
1505 1884 32 20 La
1548 1883 105 20 Dernière

1146 1908 73 20 Heure
1231 1916 17 12 ».

1170 1948 27 4 —
1211 1939 29 19 Le
1255 1943 56 18 coup
1327 1938 27 19 de
1368 1942 83 19 crayon
1467 1938 27 20 de
1510 1942 41 15 nos
1565 1938 89 18 artistes

1144 1962 34 19 est
1193 1962 113 22 excellent,
1323 1962 57 19 mais
1396 1962 31 19 les
1444 1961 102 23 légendes
1562 1965 28 15 ne
1595 1960 63 19 'sont

1146 1990 40 19 pas
1203 1986 102 23 toujours
1320 1987 59 19 aussi
1394 1986 85 20 bonnes
1497 1990 41 18 que
1555 1985 33 20 les
1604 1985 38 20 des-

1145 2011 52 19 sins.
1214 2010 147 20 Voulez-vous
1375 2010 144 19 maintenant
1534 2009 120 23 permettre

1147 2039 28 14 au
1189 2033 156 24 représentant
1362 2033 96 20 autorisé
1473 2034 27 19 de
1519 2041 8 9 «
1545 2033 31 20 La
1593 2033 61 19 Mine

1146 2058 119 20 Souriante
1278 2066 18 14 »,
1310 2058 131 23 d'exprimer
1455 2057 14 20 à
1482 2065 8 9 «
1503 2058 32 18 La
1548 2056 105 21 Dernière

1146 2083 73 19 Heure
1233 2090 17 15 »,
1261 2082 21 19 la
1295 2082 48 20 vive
1355 2082 183 20 reconnaissance
1551 2081 27 20 de
1590 2081 64 20 notre

1146 2106 139 19 Association
1308 2109 56 19 pour
1387 2110 26 15 sa
1437 2104 118 24 généreuse
1580 2104 65 19 Initia-

1144 2130 51 19 tive.
1208 2138 9 9 »

1171 2161 84 19 Marcel
1269 2160 95 20 Antoine
1390 2164 29 15 va
1447 2164 57 16 nous
1531 2159 83 23 quitter
1647 2163 5 15 :

1161 2200 28 4 —
1197 2190 49 19 Une
1258 2189 99 20 dernière
1369 2189 102 23 question
1484 2193 6 15 :
1502 2192 44 16 une
1557 2187 101 23 question

1148 2222 8 9 *<
1170 2214 135 20 caniculaire
1321 2221 8 10 »
1348 2218 4 15 :
1369 2213 61 20 Mille
1444 2214 83 21 francs.
1541 2213 113 19 Monsieur

1145 2238 21 20 le
1185 2246 9 8 «
1210 2238 100 23 reporter
1325 2245 17 16 »,
1359 2237 101 20 combien
1476 2237 47 20 cela
1538 2237 72 20 fait-il
1628 2237 26 19 de

1148 2270 8 8 «
1174 2262 82 20 demis?
1273 2270 9 9 »

1171 2296 27 4 —
1210 2287 63 19 Dans
1289 2286 31 20 les
1333 2286 34 19 six
1383 2286 68 22 cents,
1468 2284 122 24 j'imagine!

1158 2330 109 30 CHEZ
1289 2329 167 31 HUBERT
1476 2328 175 31 DORCHY

1172 2374 30 19 M.
1213 2373 86 20 Hubert
1312 2373 89 21 Dorchy
1413 2383 27 3 —
1449 2372 20 20 le
1482 2371 111 21 troisième
1605 2372 38 19 lau-

1147 2396 49 20 réat
1210 2407 27 4 —
1251 2396 77 21 habite
1344 2396 104 20 Tournai.

1172 2420 46 23 Agé
1234 2420 142 23 aujourd'hui
1401 2421 27 19 de
1456 2420 109 23 quarante
1567 2424 54 19 -qua
1623 2419 33 20 tre

1147 2449 47 17 ans,
1206 2445 31 19 M.
1247 2445 88 22 Dorchy
1346 2445 35 19 est
1392 2449 32 15 un
1434 2444 78 20 artiste
1522 2444 35 20 né.

1172 2469 20 19 H
1205 2469 33 19 vit
1254 2469 27 19 de
1296 2473 41 15 son
1352 2468 75 20 dessin
1442 2468 51 19 tant
1508 2472 29 16 au
1550 2468 64 23 point
1630 2467 26 20 de

1147 2497 41 15 vue
1203 2492 102 20 matériel
1317 2497 41 19 que
1371 2492 107 23 spirituel.

1171 2522 65 20 Natif
1250 2522 26 20 de
1292 2530 8 9 «
1313 2522 22 20 la
1348 2522 50 20 ville
1412 2526 44 15 aux
1469 2522 50 22 cinq
1533 2522 98 19 clochers

1147 2547 63 19 notre
1222 2546 158 20 interlocuteur
1389 2546 52 19 s'est
1453 2546 101 21 toujours
1568 2553 8 9 «
1588 2550 57 15 nour-

1146 2570 20 19 ri
1180 2578 8 10 »
1204 2570 28 20 de
1247 2570 63 24 jolies
1324 2570 84 19 choses.
1422 2570 179 19 Reconnaissons
1615 2573 41 18 que

1147 2594 20 19 le
1181 2595 65 18 cadre
1263 2594 27 19 de
1306 2598 25 15 sa
1344 2593 45 20 cité
1404 2594 34 19 est
1453 2593 204 23 particulièrement

1146 2617 52 20 évec
1200 2617 70 20 ateur.

1171 2657 27 4 —
1211 2648 49 18 Mes
1275 2647 50 23 plus
1338 2647 78 21 beaux,
1430 2651 48 15 mes
1492 2646 111 19 meilleurs
1616 2651 29 14 en-

1146 2670 158 23 seignements,,
1324 2674 56 17 nous
1416 2670 33 20 dit
1468 2671 31 21 M.
1520 2669 90 22 Dorchy

1147 2694 53 20 c'est
1217 2694 21 20 le
1256 2693 55 24 pavé
1328 2693 27 20 de
1375 2692 105 23 Tournai,
1496 2698 25 15 ce
1539 2693 52 19 sont
1623 2692 34 20 ses

1147 2718 83 20 vieilles
1243 2718 120 23 murailles,
1378 2722 36 16 ses
1430 2716 93 22 musées,
1551 2721 35 16 ses
1614 2716 32 20 im-

1145 2746 88 16 menses
1251 2746 124 15 ressources
1397 2741 142 23 folkloriques
1562 2740 38 24 qui
1622 2745 35 15 me

1145 2767 32 20 les
1193 2767 41 21 ont
1249 2766 178 24 gracieusement
1442 2765 92 21 donnés.

1171 2797 31 19 La
1217 2795 105 24 Belgique
1337 2800 14 15 a
1366 2800 79 15 encore
1460 2795 114 23 beaucoup
1589 2794 15 20 à
1616 2799 34 18 ap<

1146 2820 102 23 prendre,
1259 2820 69 22 hélas,
1339 2824 30 15 en
1381 2819 94 20 matière
1488 2819 28 20 de
1529 2819 74 20 dessin
1615 2823 32 18 pu-

1146 2844 115 20 blicitaire.
1277 2845 20 18 A
1310 2848 42 19 peu
1368 2843 52 24 près
1434 2844 51 19 tout
1497 2843 59 20 reste
1570 2842 14 21 à
1600 2843 57 20 faire

1147 2868 56 20 dans
1219 2873 24 15 ce
1259 2868 111 20 domaine.

1171 2892 38 20 Un
1225 2892 162 20 redressement
1420 2891 83 23 s'opère
1533 2891 126 23 cependant

1147 2916 123 20 lentement
1290 2917 57 19 mais
1367 2916 121 19 sûrement.
1510 2915 21 20 B
1549 2915 36 20 est
1607 2915 51 20 bien

1148 2941 92 22 certain,
1252 2945 42 19 par
1308 2940 99 23 exemple
1422 2944 42 19 que
1481 2948 9 8 «
1506 2940 33 19 La
1552 2939 106 20 Dernière

1147 2965 74 19 Heure
1240 2974 8 9 »
1265 2965 62 20 vient
1345 2964 87 20 d'offrir
1447 2964 15 20 à
1478 2964 52 19 tous
1544 2968 55 15 ceux
1616 2968 42 18 que

1147 2988 116 24 l'humour,
1274 2993 42 19 que
1325 2988 84 24 l'esprit
1421 2988 30 20 du
1462 2992 82 19 crayon
1556 2988 90 23 passion-

1147 3014 55 20 nent
1220 3018 29 15 ou
1276 3024 27 4 —
1318 3013 143 24 simplement
1478 3023 26 4 —
1519 3012 134 20 intéressent

1148 3041 30 15 un
1193 3036 137 24 magnifique
1342 3037 112 23 tremplin.

1172 3062 45 19 Des
1235 3061 140 22 discussions,
1393 3060 64 24 grâce
1473 3060 14 20 à
1504 3061 47 21 elle,
1566 3061 40 19 ont
1623 3060 36 20 été

1147 3086 118 20 amorcées.
1284 3087 30 19 Le
1335 3086 72 23 grand
1425 3085 75 25 public
1531 3085 45 20 sait
1595 3085 64 20 enfin

1148 3114 41 18 que
1202 3114 55 15 nous
1271 3109 122 20 existons...

1148 3143 25 4 —
1207 3133 37 20 Un
1257 3133 47 20 mot
1316 3133 92 20 encore?
1421 3133 169 20 Pourriez-vous
1602 3133 57 20 noUs

1148 3157 144 20 caractériser
1307 3157 21 20 le
1343 3157 120 20 concours?

1172 3191 24 5 —
1195 3191 4 5 •
1216 3181 38 20 Un
1270 3181 98 20 bouillon
1388 3181 27 21 de
1432 3181 95 20 culture!
1549 3182 58 19 Avec
1627 3181 32 20 les

1147 3204 108 21 éléments
1272 3205 157 20 actuellement
1445 3210 30 15 en
1488 3205 111 23 présence,
1615 3205 16 19 il
1645 3210 13 17 y

1148 3233 14 15 a
1174 3234 80 18 moyen
1266 3230 26 20 de
1306 3230 75 23 porter
1394 3234 30 15 au
1436 3229 104 23 centuple
1553 3229 105 20 l'activité

1147 3253 102 25 générale
1265 3255 30 19 du
1313 3262 7 8 <■
1338 3258 87 19 corps...
1441 3254 29 20 de
1484 3254 77 20 dessin
1577 3262 17 12 ».

1173 3278 59 20 C'est
1243 3277 117 23 d'ailleurs,
1375 3278 110 22 croyez-le
1498 3278 59 21 bien,
1571 3278 21 19 le
1606 3282 40 15 sou-

1147 3300 50 21 hait
1210 3312 27 4 —
1250 3302 20 19 le
1283 3302 50 23 plus
1346 3301 85 20 sincère
1445 3312 27 4 —
1483 3306 42 19 que
1540 3302 22 23 je
1575 3302 71 19 forme

1172 3350 75 22 Ayant
1266 3349 50 23 fait,
1335 3354 86 15 comme
1440 3350 32 20 les
1490 3350 168 21 marionnettes,

1148 3372 31 21 les
1194 3381 9 9 «
1218 3374 54 19 trois
1287 3374 68 23 petits
1368 3374 62 19 tours
1447 3382 8 9 «>
1471 3373 187 24 réglementaires,

1148 3401 56 15 nous
1217 3402 56 15 nous
1287 3402 29 15 en
1331 3398 72 19 allons
1416 3402 28 15 en
1459 3398 72 19 tirant
1545 3398 21 20 le
1581 3398 77 20 rideau

1149 3425 37 15 sur
1201 3421 22 19 la
1239 3421 89 21 tribune
1343 3422 30 19 du
1388 3422 45 19 rire
1445 3421 36 22 où,
1497 3422 38 20 des
1548 3423 110 19 semaines

1148 3444 89 23 durant,
1255 3449 56 19 pour
1333 3446 23 19 la
1378 3445 50 24 plus
1450 3446 84 23 grande
1554 3446 43 23 joie
1620 3447 39 19 des

1148 3468 99 24 lecteurs,
1271 3476 9 10 «
1294 3469 119 21 fleurirent
1432 3478 9 9 »
1461 3471 33 19 les
1515 3470 143 23 productions

1146 3494 19 18 si
1183 3493 148 21 intéressante
1351 3494 27 20 de
1397 3499 41 16 nos
1456 3495 113 20 meilleurs
1587 3495 59 20 dessi-

1147 3517 91 19 nateurs
1258 3517 178 23 humoristiques.

1171 3541 18 18 A
1210 3540 86 20 bientôt
1314 3541 33 19 les
1363 3541 106 20 résultats
1489 3542 30 20 du
1537 3542 123 20 Concours-

1148 3564 109 21 Lecteurs.

1468 3591 59 19 Jean
1542 3591 85 19 JOSSE

683 3659 76 38 LE
782 3660 332 38 CONCOURS
1143 3661 114 37 DES
1284 3661 308 39 CHEVAUX

631 3721 546 39 REPRODUCTEURS
1204 3722 46 37 A
1272 3723 368 39 BRUXELLES

1225 3780 100 10 *.*.—^»^i.^m

650 4629 11 12 ci
672 4621 152 20 ARCHIDUC
834 4621 43 20 DU
888 4622 134 19 CHATEAU
1034 4629 11 12 >
1057 4623 37 23 qui
1106 4628 16 14 a
1143 4623 111 24 remporté
1270 4624 21 19 le
1306 4623 97 24 premier
1418 4622 52 20 Prix
1486 4623 39 19 des
1541 4621 86 21 étalons

742 4646 28 19 de
779 4646 51 23 cinq
841 4650 42 14 ans
894 4646 23 19 et
927 4646 50 22 plus
988 4647 69 22 ayant
1069 4652 44 14 une
1134 4647 61 21 taille
1206 4649 28 19 de
1244 4648 12 19 1
1266 4653 29 15 m.
1306 4649 25 18 65
1341 4649 23 19 et
1375 4648 125 20 au-dessus.

635 4692 33 19 lea
678 4691 56 20 crise
747 4691 79 19 n'aura
837 4694 41 19 pas
890 4689 71 20 influé
974 4694 39 15 sur
1023 4691 21 19 le
1056 4695 53 15 nom-

611 4716 38 20 bre
665 4716 40 20 des
721 4714 100 21 chevaux
838 4714 169 23 reproducteurs
1021 4718 30 15 au
1067 4718 43 16 con-

611 4744 70 19 cours,
699 4740 38 23 qui
751 4739 53 19 s'est
821 4738 84 22 ouvert,
919 4737 107 20 vendredi
1043 4738 79 21 matin,

611 4765 57 19 dans
681 4764 20 19 le
717 4763 48 20 hall
779 4763 31 19 du
825 4761 188 24 Cinquantejnaire
1029 4762 23 19 et
1065 4762 56 19 dans

611 4789 31 19 les
654 4787 87 25 jardins
752 4786 38 24 qui
800 4786 139 20 l'entourent.

635 4819 64 19 Dans
718 4817 23 20 la
759 4817 49 22 loge
828 4815 30 20 du
876 4815 51 23 jury
948 4814 23 21 et
989 4814 81 20 autour
1091 4814 30 20 du

610 4842 57 23 ring,
689 4846 32 15 on
739 4840 102 20 retrouve
860 4839 102 22 toujours
984 4838 32 20 les
1038 4837 83 21 mêmes

610 4864 163 27 personnalités
786 4865 37 23 qui
838 4862 151 21 s'intéressent
1004 4862 14 20 à
1033 4862 76 20 l'éleva-

610 4895 27 19 ge
655 4891 26 19 de
702 4894 41 15 nos
758 4892 63 16 races
839 4886 127 21 nationales
985 4891 5 14 :
1011 4886 21 20 le
1051 4886 70 19 baron

610 4914 89 24 Eugène
718 4913 27 20 de
761 4912 115 20 Kerchove
892 4910 127 22 d'Exaerde,
1050 4909 59 23 prési-

610 4940 64 22 dent;
689 4938 21 21 le
723 4937 111 21 ohevaller
846 4934 128 24 Hynderick
984 4934 27 20 de
1024 4934 84 19 Theule-

610 4965 56 21 goet,
684 4961 128 22 secrétaire;
832 4960 31 19 M.
882 4959 27 20 de
929 4958 134 20 Steenhault
1093 4958 27 19 de

610 4986 127 22 Waesbeek,
749 4984 110 23 trésorier,
872 4988 13 15 e
896 4983 34 20 tia
941 4982 80 23 longue
1035 4981 86 22 théorie

610 5013 39 19 des
658 5010 111 21 membres
778 5009 28 20 de
817 5008 22 20 la
851 5006 146 21 Commission
1008 5005 112 21 executive

610 5037 23 19 et
654 5035 30 21 du
701 5035 51 23 jury
776 5037 5 16 :
800 5032 56 20 MM.
877 5030 110 23 Biemont,
1007 5030 114 21 Deleener.

610 5060 76 24 prince
706 5059 27 21 de
756 5056 97 23 Mérode,
872 5055 127 22 Westerloo,
1019 5055 102 20 Demoor,

610 5086 84 20 Derwa,
709 5081 145 24 Desénépart,
869 5078 127 22 Dewandel,
1021 5078 100 20 Dumont

610 5109 27 20 de
653 5106 114 22 Chassart,
781 5104 97 24 Dupont,
904 5102 113 23 Grégoire,
1042 5103 78 18 Hano-

611 5133 52 20 teau
685 5130 93 23 Hubert,
795 5129 33 20 les
842 5126 117 22 sénateurs
977 5126 144 22 Lammertyn

609 5158 24 19 et
642 5157 97 22 Limage,
750 5154 76 22 Pe'en,
836 5152 74 23 Rulot,
922 5150 80 23 Semai,
1014 5150 105 20 Vanden-

610 5180 81 21 hende.

636 5205 29 20 Le
683 5201 91 25 détégué
795 5201 31 20 du
844 5199 173 25 gouvernement
1038 5198 35 20 est
1090 5198 30 19 M.

610 5228 128 21 Warnants.
771 5227 30 19 Le
819 5224 110 21 directeur
948 5223 39 19 des
1008 5226 112 17 concours,

610 5253 41 22 est,
667 5253 31 19 M.
716 5252 33 19 De
768 5251 81 21 Broux,
868 5248 24 20 et
910 5247 22 20 le
949 5245 124 24 secrétaire,
1089 5246 31 20 M.

611 5276 122 21 Poelmans.

1170 4692 42 20 Les
1221 4692 128 23 opérations
1360 4697 23 16 se
1394 4693 52 20 font
1457 4696 85 16 comme
1553 4692 101 23 toujours

1146 4719 41 19 par
1218 4716 121 23 catégories
1357 4717 23 20 et
1399 4717 27 20 de
1441 4717 122 19 nombreux
1592 4716 62 23 jurys

1146 4739 133 24 travaillent,
1293 4745 28 15 en
1331 4740 72 20 même
1416 4741 79 22 temps,
1505 4740 32 21 les
1548 4739 106 22 résultats

1146 4762 99 21 affluent
1255 4768 31 15 au
1297 4764 84 20 bureau
1391 4765 92 19 central.

1171 4787 36 19 On
1218 4788 117 20 reconnaît
1349 4788 20 19 le
1384 4789 74 22 major
1472 4789 69 22 Légat
1555 4788 39 20 des
1606 4793 36 15 ser-

1147 4810 56 19 vices
1222 4811 27 19 de
1265 4811 23 19 la
1307 4813 101 19 remonte
1426 4813 27 20 de
1469 4812 95 22 l'armée,
1582 4813 25 19 et
1622 4813 31 20 M.

1146 4833 51 23 Sap,
1211 4835 102 20 ministre
1327 4835 27 19 de
1366 4835 154 24 l'Agriculture
1534 4836 119 24 prolongea

1145 4856 45 20 fort
1205 4858 144 23 longuement
1363 4864 25 15 sa
1406 4860 71 20 visite.

1309 4888 38 19 10e
1358 4888 116 24 Catégorie

1146 4917 58 20 Race
1216 4917 132 20 ardennaise
1360 4917 75 20 étalon
1449 4920 12 18 3
1474 4924 37 16 an.
1525 4920 12 19 1
1551 4925 29 14 m.
1593 4920 25 19 58
1630 4920 23 19 et

1205 4941 78 21 moins,
1295 4940 40 20 nés
1346 4942 23 18 et
1378 4942 71 19 élevés
1460 4948 29 15 en
1499 4944 103 19 Ardenne

1170 4970 18 20 1.
1204 4977 10 10 .
1230 4970 134 20 ELEGANT
1380 4971 38 19 DE
1436 4972 156 21 GENIMONT
1610 4981 9 10 »
1638 4974 15 19 à

1146 4994 28 19 M.
1194 4994 90 21 Botton.
1313 4994 27 19 de
1371 4994 223 25 Génlmont-Wellin:
1631 4998 21 20 X

1147 5025 7 8 ■
1173 5018 136 19 CHARLOT
1326 5019 39 18 DE
1385 5019 124 20 GOMERY
1530 5027 8 11 .
1559 5021 14 19 à
1592 5022 61 18 Mms

1145 5041 105 22 Lemaire,
1262 5041 27 21 de
1300 5042 111 22 Longlier;
1423 5042 18 19 3.
1453 5050 9 9 ee
1475 5044 153 20 BACCARAT
1641 5053 9 9 .

1145 5065 13 20 à
1174 5066 55 18 MM.
1243 5065 103 20 Mathieu
1372 5065 70 20 frères
1471 5067 24 19 et
1522 5072 81 17 sœurs;
1634 5068 19 20 4.

1147 5097 7 8 '.
1170 5089 174 19 BOULEVARD
1358 5097 9 9 >.
1382 5089 15 20 à
1407 5090 31 19 M.
1452 5090 82 20 Olivier
1544 5092 109 22 Mathieu,

1144 5112 27 20 de
1181 5113 108 23 Recogne.

1315 5141 38 20 Ile
1363 5141 117 24 Catégorie

1170 5172 17 21 1.
1202 5172 60 20 DUC
1276 5172 39 19 DE
1330 5172 156 19 GENIMONT
1501 5180 9 9 »
1527 5171 15 21 à
1553 5173 31 20 M.
1596 5174 55 20 Bot-

1144 5197 45 22 ton,
1207 5196 27 20 de
1254 5195 133 20 Génimont-
1388 5195 89 22 Wellin;
1500 5196 19 19 2.
1543 5204 8 9 e,
1575 5198 65 19 CASI-

1144 5221 57 20 MIR
1223 5230 4 7 -
1243 5219 15 21 à
1273 5220 31 19 M.
1319 5219 82 20 Olivier
1414 5219 109 21 Mathieu,
1536 5220 28 20 de
1580 5221 60 20 Reco-

1144 5248 51 20 gne;
1210 5244 19 20 3.
1244 5251 9 9 ?
1268 5243 163 21 CHAMBORD
1444 5252 8 9 »
1465 5243 15 20 à
1490 5243 103 21 Mathieu
1604 5245 35 20 frè-

1145 5273 34 16 res
1193 5268 24 21 et
1229 5272 79 19 sœurs,
1324 5267 27 21 de
1367 5267 118 23 Bastogne.

1670 647 141 46 POUR
1842 644 242 50 L'AVENIR
2115 649 64 46 DE

1731 714 58 46 LA
1823 701 298 61 DÉMOCRATIE

1713 817 61 29 UNE
1793 814 151 37 QUESTION
1963 814 53 35 QUI
2035 817 102 31 PREND

1701 860 62 31 UNE
1784 857 201 34 IMPORTANCE
2003 859 148 34 CAPITALE

1672 929 39 31 LA
1730 930 51 30 FOI
1806 927 157 33 MARXISTE
1987 929 194 33 SERA-T-ELLE

1718 974 134 30 VAINCUE
1870 972 63 30 PAR
1951 971 39 31 LA
2009 974 126 31 RAISON?

1678 1051 108 65 DM__
1809 1054 29 19 Le
1854 1050 58 25 parti
1925 1049 138 24 collectiviste
2077 1057 78 15 saura-
2158 1053 20 19 1-

1722 1071 64 33 \U
1838 1077 16 19 il
1877 1079 23 15 se
1925 1074 80 19 rendre
2029 1076 95 23 compte,
2148 1080 28 15 en

1729 1094 54 25 Vl-fl
1833 1101 71 21 temps
1917 1097 61 22 utile,
1993 1103 40 19 que
2048 1099 20 20 le
2084 1101 94 19 marxis-

1730 1118 8 28 I
1836 1128 34 17 me
1887 1122 46 21 doit
1948 1121 46 21 être
2008 1123 138 24 abandonné,
2158 1125 23 19 et

1674 1154 41 18 que
1729 1150 52 19 c'est
1794 1154 43 15 aux
1850 1147 101 22 critiques
1965 1146 26 20 de
2004 1147 70 23 Marx,
2088 1153 43 14 aux
2145 1147 24 20 ré-

1674 1174 112 19 formistes
1805 1176 82 17 comme
1904 1170 118 20 Bernstein
2040 1172 22 19 et
2080 1172 102 22 d'autres,

1675 1198 142 19 notamment
1836 1195 68 21 Henri
1925 1193 26 19 de
1974 1195 61 23 Man,
2058 1196 52 23 qu'il
2135 1196 46 20 doit

1674 1221 123 20 demander
1813 1226 35 15 ses
1852 1218 128 22 'directives
1995 1218 23 20 et
2034 1223 35 16 ses
2086 1219 84 24 inspira-

1676 1245 71 20 tions?

1702 1276 59 20 C'est
1781 1281 44 16 une
1844 1273 99 26 question
1963 1272 64 21 d'une
2044 1274 137 23 importance

1675 1299 90 21 énorme
1781 1305 55 18 pour
1855 1296 89 22 l'avenir
1960 1296 27 21 de
2002 1298 22 19 la
2041 1298 139 22 démocratie,

1677 1328 55 19 pour
1744 1325 22 19 la
1778 1325 58 23 paix,
1849 1326 53 21 pour
1912 1321 21 19 le
1945 1321 88 22 progrès
2045 1323 73 19 social.

1701 1351 222 23 Malheureusement,
1940 1350 89 22 l'œuvre
2046 1352 26 20 de
2086 1353 65 19 Marx
2168 1357 13 15 a

1677 1378 35 21 été
1728 1379 115 23 présentée
1860 1380 42 17 aux
1917 1379 84 15 masses
2019 1380 83 16 comme
2136 1381 45 15 une

1676 1408 75 15 ceuvre
1767 1402 138 22 scientifique
1922 1398 69 20 solide
2008 1400 22 20 et
2047 1405 29 14 en
2092 1400 91 24 quelque

1675 1428 59 19 sorte
1757 1426 127 21 révélatrice
1907 1423 27 19 de
1957 1422 40 20 lois
2018 1424 120 23 profondes
2157 1425 26 19 de

1676 1452 23 19 la
1712 1452 88 20 nature,
1817 1447 124 25 auxquelles
1957 1447 17 19 il
1987 1447 56 21 était
2059 1448 124 23 impossible

1676 1476 27 20 de
1720 1476 48 19 rien
1785 1475 102 22 changer.

1703 1507 31 19 Ce
1749 1506 36 19 fut
1796 1510 44 14 une
1855 1503 30 20 foi
1897 1501 108 23 mystique
2019 1506 40 19 que
2074 1503 44 20 l'on
2130 1503 40 20 sub-

1675 1530 71 20 stitua
1759 1529 14 20 à
1786 1528 82 24 l'esprit
1881 1525 97 23 critique,
1991 1530 29 16 au
2030 1526 74 23 doute,
2117 1526 55 24 géné-

1676 1554 77 20 rateur
1766 1554 26 20 de
1803 1551 110 21 nouvelles
1925 1549 80 21 vérités
2014 1550 24 20 et
2050 1551 25 20 de
2089 1550 95 25 progrès.

1778 1590 38 23 Un
1831 1589 62 22 dieu
1910 1586 45 26 qui
1973 1586 60 24 s'en
2051 1593 36 17 va

1702 1629 64 19 Dans
1797 1632 32 15 un
1864 1624 77 21 article
1960 1623 76 21 récent
2059 1625 89 20 intitulé
2175 1629 5 16 :

1680 1661 9 8 «
1697 1653 90 19 Science
1807 1652 24 19 et
1851 1648 106 23 politique
1978 1655 7 10 *■
2013 1650 21 19 le
2054 1649 130 23 philosophe

1677 1676 99 24 français
1792 1675 74 20 Julien
1881 1672 77 21 Benda
1973 1672 85 20 résume
2074 1673 47 19 fort
2134 1674 51 19 bien

1676 1701 24 20 la
1715 1700 102 24 question
1834 1699 25 20 de
1875 1698 23 20 la
1911 1695 77 21 valeur
2001 1696 139 24 scientifique
2155 1698 30 19 du

1677 1725 126 20 marxisme.

1698 1762 72 18 Voyons
1801 1759 79 18 d'abord,
1910 1756 75 20 écrlt-ll,
2004 1756 19 17 la
2039 1761 90 15 croyance
2149 1761 34 16 que

1678 1785 74 17 l'œuvre
1767 1785 22 16 de
1805 1785 53 15 Marx
1888 1782 28 15 est
1931 1784 35 13 une
1983 1785 60 13 œuvre
2060 1782 122 19 scientifique,

1678 1810 108 18 pn-ssentant
1797 1812 25 13 un
1832 1806 89 18 ensemble
1930 1805 23 16 de
1963 1805 34 16 lois
2006 1805 123 20 inéluctables,
2141 1807 43 15 lon-

1680 1834 42 17 dées
1737 1837 31 12 sur
1785 1832 32 17 des
1833 1829 125 19 observations
1975 1829 72 17 exactes
2064 1830 19 17 et
2100 1831 31 15 des
2146 1830 28 16 rai-

1678 1857 119 16 sonnements
1814 1856 102 18 vigoureux,
1933 1856 68 14 comme
2017 1857 26 13 un
2057 1854 57 16 traité
2132 1855 51 18 d'op-

1679 1881 50 19 tlqtto
1744 1884 24 12 ou
1786 1877 122 19 d'électricité.
1923 1877 39 18 Que
1978 1877 48 17 cette
2044 1881 88 15 croyance
2147 1879 36 15 eoH

1680 1908 24 13 Un
1717 1908 35 16 pur
1765 1906 41 15 acte
1819 1905 21 15 de
1854 1903 30 18 fol,
1898 1902 17 18 Je
1926 1901 38 16 n'ai
1976 1905 70 13 aucune
2058 1902 68 19 qualité
2139 1906 45 15 pour

1679 1929 100 16 l'affirmpr
1793 1929 22 15 de
1831 1926 86 21 première
1932 1925 58 18 main;
2006 1926 47 16 mals
2069 1926 39 16 cela
2123 1926 61 19 par-ilt

1681 1953 85 16 ressortir
1781 1953 11 16 k
1805 1952 96 16 l'évidence
1916 1950 21 15 de
1950 1949 80 17 certains
2045 1953 88 15 ouvrages
2146 1950 38 16 très

1679 1977 76 18 sérieux,
1769 1976 93 16 d'ailleurs
1875 1973 67 20 .grands
1954 1974 122 16 admirateurs
2089 1974 22 16 de
2124 1974 59 19 Marx,

1679 2001 60 19 parmi
1760 2000 77 19 lesquels
1858 1999 18 19 Je
1896 1997 66 17 citerai
1979 1997 17 17 le
2016 1997 62 17 récent
2099 1997 45 17 livre
2165 1997 23 16 de

1680 2026 100 15 Francesco
1792 2025 52 17 Nlttl,
1860 2029 8 9 *
1880 2023 24 16 La
1919 2021 113 17 Démocratie
2048 2027 15 13 »,
2077 2022 19 16 et
2111 2023 73 16 surtout

1680 2050 48 15 rwtt*
1742 2052 61 13 œuvra
1817 2046 98 19 admirable
1929 2049 34 15 que
1974 2045 18 19 Je
2003 2046 86 18 voudrais
2102 2046 39 16 voir
2152 2049 32 13 sur

1679 2073 18 17 la
1710 2073 49 16 table
1770 2073 22 15 de
1802 2073 42 15 tous
1855 2074 43 13 ceux
1910 2073 34 15 que
1955 2070 88 16 touchent
2054 2070 27 16 les
2090 2071 94 18 questions

1679 2097 77 16 sociales
1773 2100 4 13 :
1792 2102 9 9 o
1815 2097 26 15 Au
1856 2095 40 16 delA
1909 2094 24 16 du
1945 2094 98 16 Marxisme
2060 2099 14 14 »,
2091 2095 21 15 de
2127 2094 57 16 Henri

1680 2121 22 16 de
1714 2121 51 16 Man.

1703 2157 20 20 H
1738 2156 86 20 résume
1844 2155 56 20 alors
1918 2158 44 15 une
1978 2153 56 21 série
2052 2154 27 19 de
2097 2153 77 20 consta-

1679 2181 84 20 tations
1792 2180 37 24 qui
1857 2178 114 21 devraient
1987 2177 46 20 être
2047 2178 138 20 troublantes

1679 2210 55 18 pour
1750 2205 48 19 tout
1811 2203 103 21 marxiste
1927 2202 37 23 qui
1974 2201 109 21 réfléchit.

1700 2242 54 15 Marx
1766 2244 90 16 prononce
1870 2243 38 15 que,
1921 2238 157 21 historiquement,
2092 2242 26 13 un
2130 2239 49 18 systè-

1681 2270 28 12 me
1725 2267 116 17 économique
1855 2268 22 13 ne
1890 2267 19 13 se
1925 2263 36 16 fait
1976 2263 42 18 Jour
2033 2267 34 15 que
2080 2263 72 19 lorsque
2168 2263 17 16 le

1681 2290 98 19 précédent
1797 2293 12 13 a
1828 2289 67 16 atteint
1913 2291 34 12 son
1962 2287 59 16 entier
2037 2287 149 20 développement

1681 2315 18 15 et
1714 2314 61 18 épuisé
1792 2314 41 17 tout
1850 2316 32 13 son
1897 2311 87 17 contenu;
2001 2315 27 16 or,
2042 2315 23 13 en
2081 2312 71 17 Hussle.
2169 2311 17 16 le

1681 2338 115 19 capitalisme
1812 2341 23 12 ne
1850 2336 63 16 faisait
1927 2338 34 16 que
1977 2335 76 17 débuter
2068 2336 61 18 quand
2144 2336 13 16 il
2173 2339 12 12 a

1682 2362 27 16 été
1722 2361 62 17 écrasé
1796 2365 35 15 par
1842 2359 124 19 l'adversaire;
1977 2363 66 15 —que
2054 2359 17 17 le
2084 2359 102 17 .socialisme

1682 2386 27 16 est
1728 2389 76 16 apparu,
1823 2385 45 16 dans
1882 2383 95 19 l'histoire,
1995 2387 35 16 par
2043 2384 103 18 opposition
2163 2387 23 13 au

1683 2410 121 19 capitall&me;
1822 2413 26 16 or,
1862 2412 23 12 on
1899 2411 12 16 y
1925 2402 64 22 trouve
2005 2407 17 16 le
2038 2408 102 16 socialisme
2155 2407 31 16 dés

1681 2433 19 17 la
1716 2434 41 19 plus
1772 2434 57 15 haute
1845 2431 96 19 antiquité;
1957 2439 22 5 —
1992 2435 33 15 que
2038 2431 17 16 le
2070 2431 116 17 militarisme

1681 2458 28 15 est
1722 2458 23 18 lié
1761 2456 152 17 essentiellement
1928 2455 19 17 et
1959 2455 141 16 exclusivement
2115 2458 24 13 au
2154 2459 22 12 ca-

1682 2482 99 18 pitalisme;
1799 2485 26 15 or,
1841 2481 16 15 le
1872 2479 114 17 militarisme
2003 2479 57 17 existe
2077 2479 47 17 dans
2138 2479 38 16 l'hu-

1683 2505 71 16 manité
1768 2505 66 19 pré-cap
1836 2504 68 17 ItaUst*
1920 2504 18 15 et
1954 2503 14 17 11
1983 2503 64 16 fleurit
2063 2503 47 16 dans
2124 2503 18 17 le
2158 2506 30 13 fio-

1681 2529 90 16 vlêtlsme.

1702 2553 55 16 Selon
1770 2553 17 17 le
1801 2552 91 17 théorème
1905 2551 93 19 marxiste,
2012 2555 46 12 nous
2073 2551 75 16 devions
2161 2554 20 13 as-

1681 2579 55 14 sister
1748 2578 11 15 k
1772 2581 36 13 une
1820 2577 138 16 concentration
1968 2576 100 16 croissante
2082 2576 23 15 du
2117 2575 69 19 capital

1682 2602 47 16 dans
1742 2601 85 19 quelques
1840 2601 66 17 mains;
1922 2603 26 16 or,
1964 2599 17 17 le
1994 2600 74 16 nembre
2083 2600 32 16 dss
2130 2600 57 18 petits

1684 2625 108 19 possédants
1808 2626 32 16 n'a
1856 2625 34 16 fait
1904 2628 33 16 que
1951 2624 82 19 gTandir:
2051 2627 47 13 nous
2114 2624 74 15 devions

1683 2649 40 16 voir
1735 2650 19 16 la
1769 2649 138 16 concentration
1922 2648 23 16 du
1961 2648 69 19 capital
2045 2648 55 16 d'une
2115 2648 42 18 part
2170 2648 18 15 et

1681 2673 19 16 la
1717 2673 101 16 croissante
1835 2672 154 20 prolàtgri*atiim*
1996 2672 22 16 de
2030 2672 68 16 l'autre
2114 2675 74 13 amener

1683 2696 161 16 l'intensification
1858 2696 80 16 violenta
1947 2692 25 20 de'
1979 2691 20 21 la
2011 2695 47 16 lutte
2072 2696 32 15 des
2115 2695 74 16 classes.

1702 2721 32 18 Or,
1750 2721 45 15 c'est
1810 2720 153 16 l'accroissement
1978 2720 22 16 de
2014 2719 118 20 pénétration
2148 2722 31 13 mu-

1683 2744 55 16 tuelle
1752 2745 30 17 qui
1793 2745 44 15 s'est
1851 2744 80 19 produit;
1943 2748 24 13 au
1977 2744 37 15 lieu
2025 2744 22 15 de
2059 2744 19 16 la
2092 2743 88 19 prolétari-

1682 2769 63 15 sation
1758 2768 102 16 croissante
1873 2768 22 16 de
1908 2768 89 19 l'ouvrier,
2011 2772 24 12 on
2048 2772 11 12 a
2070 2771 24 13 vu
2104 2771 34 13 son
2152 2771 27 12 em-

1683 2792 163 19 bourgeoisement.

1707 2829 29 19 Et
1746 2829 24 19 la
1778 2828 56 20 série
1846 2828 103 20 continue
1964 2833 5 15 :

1702 2865 56 16 Selon
1773 2865 17 16 le
1809 2865 58 16 même
1886 2864 96 19 théorème,
1999 2865 17 15 le
2032 2864 67 20 régime
2118 2865 62 19 capita-

1683 2889 43 16 liste
1744 2889 105 19 Impliquait
1865 2893 34 15 par
1914 2892 72 13 essence
2006 2892 34 16 que
2059 2889 86 16 l'ouvrier
2161 2889 30 15 fût

1683 2913 139 16 éternellement
1839 2913 69 16 frustré
1922 2913 22 16 de
1958 2913 18 17 la
1992 2913 83 18 majeure
2091 2913 60 19 partie
2166 2913 24 15 du

1684 2937 46 16 fruit
1745 2938 22 15 de
1781 2941 33 12 son
1829 2937 74 16 travail;
1919 2941 26 14 or,
1960 2938 13 15 il
1985 2938 60 15 arrive
2058 2938 77 16 souvent
2150 2940 39 16 que,

1683 2965 35 15 par
1729 2961 27 16 les
1769 2962 79 16 ressorts
1862 2961 67 16 mêmes
1944 2961 24 16 du
1980 2961 74 19 régime,
2067 2961 86 16 l'ouvrier
2165 2964 19 12 re-

1684 2986 39 18 çoit
1735 2986 40 19 plus
1790 2986 43 18 qu'il
1847 2989 25 13 ne
1886 2986 64 17 donne.

1704 3010 34 15 Los
1754 3010 123 18 travailleurs,
1895 3010 30 18 qui
1940 3010 84 16 devaient
2038 3010 60 17 s'unir
2114 3011 46 16 dans
2173 3010 18 16 le

1683 3036 66 13 monde
1763 3034 64 20 entier,
1841 3038 23 12 ne
1876 3037 19 14 se
1910 3034 42 15 sont
1966 3038 33 14 pas
2012 3034 43 16 unis
2070 3035 34 18 (les
2118 3034 62 19 capita-

1682 3057 51 16 listes
1746 3061 34 15 pas
1793 3058 122 18 davantage):
1929 3058 126 16 l'intolérance
2069 3058 31 16 des
2113 3058 68 15 travail-

1683 3083 49 17 leurs
1751 3083 110 16 américains
1876 3084 19 16 et
1914 3083 110 17 australiens
2044 3087 46 15 pour
2108 3087 45 13 ceux
2169 3084 22 16 de

1683 3107 84 20 l'Europe
1787 3108 28 16 est
1835 3107 94 19 beaucoup
1950 3107 39 19 plus
2006 3107 61 17 féroce
2085 3111 34 15 que
2136 3108 45 16 n'Im-

1684 3132 51 18 porte
1754 3131 58 19 quelle
1827 3132 63 15 action
1905 3131 109 19 capitaliste.

1702 3156 41 15 Non
1756 3156 102 16 seulement
1872 3156 26 16 les
1912 3156 117 16 travailleurs
2041 3156 24 16 du
2079 3156 66 16 monde
2158 3160 23 12 en-

1684 3179 36 16 tier
1733 3183 22 12 ne
1769 3180 99 16 s'unissent
1884 3183 38 15 pas,
1938 3180 46 16 mals
2000 3180 46 16 dans
2060 3180 70 19 chaque
2146 3184 44 15 pays

1684 3203 26 17 los
1726 3203 76 17 conflits
1816 3204 42 16 sont
1872 3203 71 19 parfois
1958 3204 42 16 bien
2015 3204 41 19 plus
2073 3204 51 19 aigus
2138 3205 53 15 entre

1684 3228 128 18 groupements
1827 3228 22 15 de
1864 3227 116 17 travailleurs
1995 3229 83 18 qu'entre
2092 3229 16 16 le
2122 3229 69 18 capital

1684 3252 18 15 et
1716 3252 17 15 le
1748 3251 75 17 travail;
1839 3252 27 16 les
1878 3252 119 19 producteurs
2010 3253 88 17 agricoles
2110 3253 42 15 sont
2168 3256 23 13 en

1684 3278 64 16 guerre
1766 3276 52 18 quasi
1837 3276 119 18 permanente
1973 3279 42 13 avec
2031 3277 26 17 les
2076 3280 105 12 consomma-

1683 3299 51 17 teurs
1757 3300 32 16 des
1807 3299 58 19 villes,
1887 3299 116 17 c'est-à-dire
2026 3300 169 19 particulièrement

1684 3327 44 13 avec
1746 3324 27 16 les
1792 3324 81 16 ouvriers
1889 3324 31 16 des
1936 3324 66 17 usines,

1704 3348 132 18 L'agriculture
1855 3352 22 12 ne
1895 3348 44 16 s'est
1954 3348 105 20 nullement,
2075 3352 69 13 comme
2172 3349 19 16 la

1684 3372 70 16 science
1770 3372 89 16 marxis-te
1877 3371 121 19 l'annonçait,
2017 3373 63 16 transf
2080 3373 59 16 orméo
2168 3377 23 12 cn

1684 3396 69 18 grande
1768 3396 96 16 industrie.

1703 3420 34 15 Les
1754 3420 109 19 socialistes,
1881 3419 118 18 indifférents
2014 3424 34 16 par
2063 3424 78 16 essence,
2160 3422 21 15 dé-

1684 3444 90 16 montrait
1792 3445 59 17 Marx,
1871 3444 11 16 à
1901 3444 50 16 toute
1970 3444 39 17 Idée
2027 3445 22 16 de
2066 3445 67 19 patrie,
2149 3445 42 16 sont

1684 3468 80 16 devenus
1774 3468 107 18 nationaux,
1893 3469 76 15 souvent
1981 3469 148 16 nationalistes...

1757 3510 58 23 Une
1831 3510 114 23 science
1962 3510 36 23 de
2012 3511 109 29 façade

1709 3548 80 20 C'était
1823 3548 109 20 d'ailleurs
1949 3548 83 22 grande
2049 3549 143 23 imprudence

1684 3572 26 19 de
1720 3572 65 20 baser
1793 3572 32 19 les
1834 3571 110 24 principes
1954 3572 51 21 d'un
2018 3573 59 22 parti
2086 3573 105 23 politique

1681 3600 40 15 sur
1733 3600 44 16 une
1791 3600 74 15 ceuvre
1878 3595 45 20 dite
1936 3596 149 24 scientifique;
2101 3601 30 15 ou
2142 3596 52 21 bien

1683 3620 14 20 il
1710 3619 39 22 eût
1760 3619 57 21 fallu
1830 3619 113 24 présenter
1956 3620 87 20 celle-ci
2056 3625 85 15 comme
2154 3625 27 15 ca-

1685 3644 78 23 duque,
1785 3643 139 24 temporaire,
1946 3644 23 19 et
1991 3644 97 20 destinée
2108 3650 14 14 a
2144 3644 47 20 être

1685 3667 149 21 transformée
1845 3667 140 24 rapidement
1999 3672 42 19 par
2056 3669 31 19 les
2102 3669 90 23 progrès

1685 3691 26 20 de
1725 3692 23 19 la
1758 3692 86 20 science
1858 3691 37 24 qui
1905 3691 52 20 sont
1967 3691 137 21 inévitables.

1708 3722 60 21 Mais
1791 3722 64 22 alors,
1874 3721 16 20 il
1913 3720 56 21 était
1990 3720 126 25 Impossible
2141 3722 51 20 d'ert

1685 3745 57 21 faire
1757 3750 33 15 un
1805 3745 105 23 évangile.

1708 3777 35 19 En
1755 3776 92 23 science,
1859 3775 17 21 il
1889 3776 38 22 n'y
1938 3779 16 15 a
1967 3779 40 19 pas
2023 3775 126 24 d'évangile,

1708 3806 21 19 H
1746 3805 56 20 étalt
1816 3805 125 24 impossible
1959 3805 49 19 d'en
2023 3806 55 19 tirer
2093 3811 44 15 une
2151 3806 39 21 fol.

1681 3830 58 20 cette
1749 3830 33 19 fol
1792 3830 37 23 qui
1838 3828 86 21 soulève
1934 3829 113 23 peut-être
2057 3830 33 20 les
2099 3832 78 18 monta-

1681 3858 60 19 gnes,
1759 3854 57 19 mais
1832 3858 30 15 en
1878 3852 49 20 tout
1942 3857 37 15 cas
1995 3854 32 19 les
2043 3854 107 20 hommes.

1709 3878 99 19 L'action
1822 3878 27 19 de
1860 3877 64 19 Marx
1937 3881 14 15 a
1965 3878 116 21 emprunté
2096 3878 19 19 le
2128 3882 49 15 mas-

1681 3906 42 19 que
1744 3901 147 23 scientifique,
1913 3900 57 20 mals
1992 3905 43 16 son
2058 3901 75 20 action
2155 3901 37 20 fut

1681 3926 54 20 celle
1755 3926 53 19 d'un
1823 3923 107 26 prophète
1948 3928 85 17 comme
2049 3925 21 20 le
2091 3925 100 20 constate

1680 3951 31 19 M.
1724 3949 85 21 Benda.

1708 3980 66 19 Marx
1794 3984 15 15 a
1826 3978 88 21 surtout
1929 3977 76 21 remué
2025 3979 23 20 la
2067 3979 122 20 sensibilité

1684 4003 38 20 des
1736 4003 78 21 foules.

1702 4040 24 16 Et
1739 4040 45 18 cela,
1797 4040 54 16 Marx
1863 4039 26 16 l'a
1902 4038 35 16 fait
1949 4041 54 16 parce
2016 4042 41 15 que,
2069 4039 11 16 à
2094 4039 41 16 côté
2148 4039 44 16 d'un

1681 4064 102 16 théoricien
1795 4064 57 16 faible
1861 4065 19 16 et
1891 4063 83 18 verbeux,
1986 4063 13 15 11
2008 4066 12 15 y
2032 4064 51 15 avait
2094 4067 24 13 en
2130 4064 26 15 lui
2166 4067 26 12 un

1685 4089 88 18 prophète
1792 4088 81 18 d'Israël,
1891 4090 71 13 semeur
1977 4087 85 19 puissant
2079 4088 22 16 de
2120 4088 69 16 révolte

1684 4113 64 17 contre
1766 4113 67 15 l'ordre
1852 4110 97 18 arbitraire
1965 4111 19 15 et
2003 4111 22 16 de
2040 4111 52 17 rêves
2108 4112 21 15 de
2148 4112 31 18 Jus-

1684 4136 42 19 tice,
1740 4136 25 19 et,
1779 4136 22 16 de
1813 4136 42 18 falt,
1870 4136 53 16 Marx
1938 4138 11 13 a
1964 4134 41 17 créé
2018 4135 19 15 la
2049 4135 91 19 mystique
2155 4139 23 13 ou-

1683 4160 65 19 vrière,
1765 4160 14 16 11
1796 4165 11 12 a
1819 4159 48 20 créé,
1880 4159 44 16 chez
1939 4158 27 17 les
1979 4158 113 19 prolétaires,
2109 4159 19 16 la
2144 4163 34 13 con-

1683 4184 72 16 science
1772 4184 22 17 de
1808 4184 40 17 leur
1863 4183 63 18 classe,
1943 4183 20 16 la
1979 4185 90 15 croyance
2085 4187 25 13 au
2124 4187 54 13 carac-

1684 4207 39 17 tère
1735 4208 53 16 sacré
1802 4208 22 16 de
1839 4207 49 17 leurs
1902 4206 67 16 revend
1971 4206 83 19 loatlons,
2067 4207 19 16 la
2101 4208 28 15 foi
2141 4208 47 16 dans

1682 4231 78 16 l'avenir
1774 4232 54 16 d'une
1845 4230 69 17 société
1926 4230 98 19 meilleure,
2039 4231 48 16 cette
2104 4232 83 16 dernière

1684 4258 61 13 œuvre
1756 4255 120 18 ressemblant
1886 4254 43 20 fort,
1941 4257 34 16 par
1984 4258 20 12 sa
2015 4255 67 16 nature
2092 4257 18 15 et
2121 4259 29 13 ses
2160 4256 19 16 ef-

1684 4279 42 19 fets,
1745 4283 69 12 oomme
1831 4279 26 17 l'a
1872 4278 42 16 bien
1928 4281 24 13 vu
1970 4278 22 15 de
2006 4279 50 19 Man,
2074 4279 12 16 à
2104 4280 44 16 celle
2163 4280 24 16 du

1683 4303 142 16 christianisme.
1836 4303 48 16 Mais
1897 4302 60 19 quand
1969 4306 24 12 on
2005 4302 60 17 exalte
2076 4304 53 15 Marx
2142 4308 46 15 pour

1683 4327 48 15 cette
1750 4327 62 16 action
1831 4326 94 20 purement
1939 4325 75 20 morale,
2033 4331 29 13 sds
2080 4326 59 17 séides
2154 4332 23 12 en-

1683 4350 51 16 trent
1749 4352 47 15 dams
1809 4354 35 13 une
1859 4350 67 19 egrinde
1942 4349 64 21 colère,
2023 4354 51 13 assez
2088 4352 98 16 semblable

1683 4374 11 16 à
1707 4374 44 16 celle
1767 4377 32 15 des
1811 4374 116 19 bergsontens
1943 4374 61 18 quand
2017 4378 24 12 on
2053 4375 40 16 leur
2109 4376 27 16 dit
2152 4379 34 16 que

1680 4398 40 16 leur
1738 4398 68 17 maître
1821 4399 28 15 est
1867 4397 72 17 surtout
1957 4400 25 13 un
2001 4397 53 19 poète
2072 4399 19 16 et
2108 4403 34 15 que
2161 4404 29 12 ses

1682 4422 114 18 prétentions
1817 4421 104 18 scientlstes
1941 4421 42 16 font
2003 4423 71 16 sourire
2091 4423 27 17 les
2135 4425 51 16 vrais

1683 4447 82 16 savants.

1706 4480 223 23 Malheureusement,
1958 4481 52 19 c'est
2039 4486 56 18 pour
2127 4484 58 20 cette

1682 4505 75 22 raison
1773 4510 41 19 que
1830 4507 20 20 le
1863 4505 58 24 parti
1935 4504 140 22 collectiviste
2091 4511 29 15 ne
2133 4512 41 18 par-

1682 4529 62 20 vient
1754 4534 40 19 pas
1806 4530 14 19 à
1831 4534 24 16 se
1868 4528 139 21 débarrasser
2018 4530 29 19 du
2061 4531 124 21 marxisme.

1682 4553 19 19 Il
1719 4557 28 15 ne
1765 4553 99 24 pourrait
1880 4557 23 15 se
1921 4551 93 24 dégager
2029 4553 26 20 de
2073 4554 22 19 la
2111 4555 74 20 fausse

1681 4577 86 20 science
1779 4577 26 20 de
1817 4578 64 19 Marx
1891 4577 64 22 qu'en
1966 4577 95 22 perdant
2074 4578 21 19 la
2106 4580 67 21 mysti-

1678 4605 42 19 que
1736 4601 37 23 qui
1789 4606 14 14 a
1815 4601 43 20 fait
1872 4605 26 15 sa
1914 4600 59 19 force
1989 4600 50 20 hier
2054 4601 23 20 et
2091 4602 38 23 qui
2143 4602 44 20 fait

1679 4624 142 24 aujourd'hui
1837 4629 26 15 sa
1880 4624 108 20 faiblesse.

2204 656 92 57 LE
2326 656 210 59 DUEL
2567 656 143 58 DES

2248 739 424 47 CHANCELIERS

2201 833 148 32 DOLLFUSS
2369 835 129 30 COMBAT
2521 834 192 31 L'INFLUENCE

2391 879 140 30 D'HITLER

2231 947 117 30 VA-T-IL
2367 948 164 29 INTERDIRE
2549 948 36 29 LE
2603 947 93 30 PARTI

2257 991 343 30 NATiONAL-SOCIALlSTE
2620 991 38 30 EN

2369 1035 182 30 AUTRICHE?

2231 1095 91 21 Vienne.
2335 1096 11 19 8
2360 1095 55 23 juin.
2428 1105 26 5 —
2467 1096 40 19 Les
2519 1095 131 21 différentes
2661 1100 39 19 per-

2205 1119 116 23 quisitions
2336 1119 88 24 opérées
2442 1124 28 15 au
2487 1120 100 20 domicile
2605 1121 26 19 de
2648 1124 52 15 nom-

2206 1143 68 19 breux
2295 1144 63 20 chefs
2378 1144 256 19 nationaux-socialistes
2655 1144 14 19 à
2691 1144 22 19 la

2208 1167 142 23 dépendance
2377 1168 27 20 de
2432 1169 21 19 la
2480 1168 87 19 maison
2591 1168 69 19 brune
2687 1168 27 19 de

2207 1192 85 19 Vienne
2318 1192 39 19 ont
2382 1192 78 19 amené
2485 1192 22 19 la
2531 1192 129 19 découverte
2685 1192 28 19 de

2207 1216 60 19 listes
2282 1216 112 19 détaillées
2409 1216 27 19 de
2450 1216 109 19 membres
2573 1216 64 19 d'une
2652 1220 49 15 asso-

2207 1240 82 19 ciation
2305 1240 242 20 nationale-socialiste.

2232 1265 33 18 De
2275 1265 97 19 certains
2383 1264 130 19 documents
2524 1264 70 22 saisis,
2606 1265 15 18 il
2633 1265 82 19 ressort

2208 1288 200 20 indubitablement
2419 1293 42 18 que
2474 1288 54 19 trois
2540 1288 175 19 fonctionnaires

2207 1312 27 20 de
2248 1313 58 19 cette
2319 1312 133 20 association
2464 1312 26 19 de
2503 1314 51 18 sont
2567 1312 82 19 rendus
2661 1316 41 15 cou-

2208 1336 75 23 pables
2294 1336 164 20 d'exhortation
2469 1336 14 19 h
2495 1336 22 19 la
2529 1336 88 20 révolte.

2233 1361 30 19 Le
2283 1361 88 19 Conseil
2390 1361 39 18 des
2446 1360 112 19 ministres
2579 1360 27 20 de
2627 1360 89 20 demain

2208 1385 132 22 s'occupera,
2352 1385 62 18 entre
2427 1385 80 22 autres,
2519 1384 27 19 de
2559 1384 57 19 cette
2629 1384 87 22 affaire,

2209 1409 57 19 ainsi
2284 1413 41 18 que
2345 1409 30 18 du
2393 1408 73 23 projet
2485 1408 27 19 de
2529 1408 132 19 dissolution
2677 1408 39 19 des

2209 1433 132 19 formations
2357 1432 144 19 hitlériennes
2515 1432 23 19 et
2552 1432 28 19 de
2596 1431 108 20 l'interdic-

2210 1457 48 19 tion
2269 1457 31 19 du
2313 1457 59 23 parti
2386 1456 231 20 national-socialiste.
2629 1466 27 4 —
2669 1456 35 19 Ha-

2210 1485 45 16 vas.

2734 647 361 49 BOUCLERA-
3108 647 66 46 T-
3187 648 57 45 IL

2815 716 73 46 LE
2917 715 203 46 GLOBE
3140 716 24 45 ?

2788 812 149 30 MATTERN
2956 812 154 30 CONTINUE
3129 812 58 30 SON

2788 856 195 30 AUDACIEUSE
3002 849 189 37 RANDONNÉE

2752 926 94 30 PARTI
2865 926 40 29 DE
2924 926 109 30 BEL0I0
3053 927 39 28 EN
3110 926 118 30 SIBERIE

2784 970 28 29 IL
2831 970 132 30 ATTEINT
2982 970 229 30 KRASNOYARSK

2763 1032 96 20 Moscou,
2874 1030 12 19 9
2900 1030 54 24 juta.
2968 1041 26 4 —
3006 1031 125 20 L'aviateur
3145 1032 99 18 Mattern

2739 1060 13 15 a
2768 1054 69 24 quitté
2852 1055 81 22 Beloio,
2949 1060 28 15 en
2994 1055 88 23 Sibérie,
3095 1059 26 15 ce
3137 1055 78 22 matin,
3231 1055 14 20 à

2739 1080 12 18 4
2761 1079 22 19 h.
2798 1080 22 18 10
2837 1078 76 20 (heure
2927 1079 26 20 de
2966 1080 100 19 Moscou)
3082 1078 14 21 à
3110 1078 135 21 destination

2740 1103 26 20 de
2779 1103 160 23 Krasnoyarsk.
2950 1113 26 4 —
2987 1103 74 23 Belga.

2899 1133 29 20 IL
2939 1133 144 19 ATTERRIT

2764 1163 131 22 New-York,
2915 1163 87 27 Q^juin.
3020 1173 26 4 —
3065 1164 36 18 On
3117 1163 81 20 mande
3219 1163 26 20 de

2740 1188 90 18 Moscou
2848 1187 14 19 à
2882 1187 12 19 1"
2909 1186 162 22 .«''.Associated
3089 1187 65 20 Press
3174 1195 9 9 »
3204 1191 41 19 que

2740 1211 114 20 l'aviateur
2877 1211 101 19 Mattern
3001 1215 13 16 a
3037 1211 78 20 atterri
3138 1211 15 20 à
3175 1211 58 20 Kras-

2741 1235 101 23 noyarsk.
2856 1244 26 6 —
2893 1234 74 24 Belga.

2794 1299 36 28 M.
2851 1297 154 30 POINCARE
3024 1298 37 29 EN
3081 1298 117 29 ALSACE

2767 1358 138 22 Strasbourg,
2921 1358 12 18 9
2949 1358 55 23 juin.
3018 1368 27 4 —
3059 1359 103 19 L'ancien
3177 1358 58 24 prési-

2741 1383 55 19 dent
2807 1383 27 19 de
2846 1382 22 20 la
2879 1381 134 25 République
3026 1382 23 20 et
3060 1383 59 19 Mme
3130 1383 117 22 Raymond

2741 1406 106 20 Poinearé
2864 1407 52 19 sont
2934 1406 81 20 arrivés
3032 1411 29 15 en
3078 1407 138 23 automobile,
3234 1407 13 20 à

2742 1431 139 22 Strasbourg,
2889 1431 84 19 venant
2982 1431 27 19 de
3020 1431 83 23 Nancy.

2767 1455 31 19 Ils
2824 1454 155 23 séjourneront
3003 1455 104 23 quelques
3132 1455 61 23 jours
3219 1460 29 15 en

2742 1479 84 20 Alsace.
2836 1489 26 4 —
2873 1479 81 19 Havas.

1695 4693 91 30 M0T0
1802 4693 40 31 CO
1843 4692 79 30 NTRE
1934 4692 42 30 UN
1990 4693 20 29 R
2011 4685 160 40 ÉVERBÈRE

1706 4754 71 21 Jeudi,
1803 4758 49 15 vers
1877 4752 87 22 minuit,
1991 4752 19 20 le
2036 4755 149 23 motocycliste

1680 4778 55 19 Paul
1747 4778 83 23 Debyn,
1841 4777 130 19 demeurant
1981 4781 39 16 rue
2031 4779 30 19 du
2072 4779 59 23 Fort,
2144 4781 41 22 105,

1680 4802 14 20 à
1707 4802 114 22 St-Gilles,
1832 4801 80 20 suivait
1925 4800 21 19 la
1957 4801 106 21 chaussée
2075 4803 27 20 de
2114 4804 71 23 Mons,

1680 4826 14 20 à
1708 4826 141 19 Anderlecht.
1861 4825 20 19 Il
1896 4824 60 20 avait
1972 4829 28 15 en
2015 4830 80 19 croupe
2111 4831 32 16 un
2158 4828 27 19 de

1679 4854 36 15 ses
1738 4850 63 23 amis,
1824 4848 61 21 Félix
1908 4848 95 23 Mocket,
2026 4850 106 21 habitant
2155 4856 29 15 au

1679 4877 25 16 n"
1721 4875 36 18 119
1771 4874 28 20 de
1813 4874 22 19 la
1851 4877 38 15 rue
1904 4872 30 19 du
1948 4873 60 19 Fort.

1704 4904 59 19 Tout
1777 4904 14 19 à
1804 4907 62 19 coup,
1881 4902 22 19 la
1916 4902 67 22 moto,
1994 4906 41 19 par
2048 4904 58 21 suite
2119 4904 65 20 d'une

1679 4928 152 19 circonstance
1845 4930 78 16 encore
1937 4925 116 26 inconnue,
2068 4928 81 20 heurta
2163 4929 22 19 la

1679 4952 94 19 bordure
1796 4951 30 20 du
1850 4950 94 20 trottoir.
1966 4951 44 19 Par
2032 4952 58 19 suite
2112 4952 28 20 de
2163 4953 22 19 la

1679 4976 97 19 violence
1799 4975 30 20 du
1851 4974 60 20 choc,
1934 4973 32 20 les
1984 4974 57 20 deux
2064 4977 120 22 occupants

1679 5000 77 19 furent
1779 4998 74 21 lancés
1875 4997 76 20 contre
1973 5002 33 15 un
2026 4999 113 20 réverbère
2163 5002 22 19 et

1679 5023 109 20 restèrent
1802 5022 92 21 étendus
1907 5026 53 15 sans
1974 5023 158 20 connaissance
2146 5029 39 15 sur

1679 5048 20 20 le
1714 5047 94 20 trottoir.

1703 5077 45 19 Des
1763 5076 104 24 passants
1878 5080 24 15 se
1917 5074 113 24 portèrent
2046 5076 94 20 aussitôt
2156 5081 28 15 au

1678 5105 88 16 secours
1787 5100 38 20 des
1845 5100 57 19 deux
1922 5099 99 20 victimes
2041 5101 37 23 qui
2101 5101 83 19 étaient

1678 5124 135 24 grièvement
1830 5123 92 20 blessées
1939 5123 14 19 à
1969 5123 22 20 la
2008 5123 45 21 tête
2070 5124 23 20 et
2109 5129 39 15 sur
2164 5125 20 19 le

1678 5153 69 19 corps.

1703 5173 44 19 Par
1757 5173 31 19 les
1798 5172 61 20 soins
1871 5171 27 20 de
1910 5171 22 19 la
1944 5171 76 23 police,
2032 5172 53 19 elles
2097 5172 39 19 ont
2149 5172 34 20 éte

1678 5196 150 23 transportées
1843 5195 14 21 à
1872 5194 100 24 l'hôpital
1986 5195 156 21 d'Anderlecht
2155 5196 28 20 où

1678 5220 52 20 elles
1742 5220 52 20 sont
1806 5224 29 16 en
1848 5219 135 20 traitement.

1702 5244 57 19 Leur
1779 5243 49 20 état
1848 5244 33 19 est
1901 5242 113 21 considéré
2033 5247 85 15 comme
2138 5243 45 20 très

1677 5271 74 19 grave.
1763 5276 27 6 —
1803 5268 27 20 D.

3050 1558 154 33 QUERELLE

3050 1601 157 36 TRAGIQUE

3031 1670 91 24 Mexico,
3136 1671 12 19 8
3164 1670 54 24 juin.
3224 1682 22 5 —

3006 1698 48 19 Une
3065 1698 100 22 querelle,
3176 1699 73 23 surgis

3007 1725 62 18 entre
3077 1724 30 20 les
3114 1725 135 23 professeurs

3007 1752 23 20 et
3048 1752 31 20 les
3097 1753 70 20 élèves
3185 1754 65 21 d'une

3007 1779 58 20 école
3088 1780 27 20 de
3140 1781 110 23 Yucatan,

3007 1807 65 20 d'une
3097 1808 58 23 part,
3181 1809 24 20 et
3229 1810 21 20 le

3007 1834 52 20 chef
3083 1835 27 20 de
3135 1835 22 20 la
3181 1837 69 22 police

3009 1861 73 23 locale,
3095 1863 85 20 d'autre
3194 1866 57 21 part,

3009 1893 28 15 au
3050 1889 60 23 sujet
3124 1890 26 20 de
3164 1891 21 19 la
3199 1895 41 19 pro-

3006 1915 70 23 priété
3100 1916 65 21 d'une
3189 1918 60 23 pièce

3008 1942 27 20 de
3049 1943 58 20 terre
3118 1944 70 20 située
3202 1945 50 23 près

3009 1969 27 20 de
3059 1970 79 23 l'école,
3158 1972 46 23 prit
3225 1972 28 20 de

3009 1995 62 21 telles
3108 1999 145 22 proportions.

3009 2028 41 18 que
3069 2025 31 19 les
3119 2025 134 22 adversaires

3009 2052 79 18 eurent
3105 2056 88 16 recours
3209 2058 44 15 aux

3010 2082 81 19 armes;
3104 2079 23 19 et
3135 2079 65 24 après
3209 2085 45 16 une

3010 2105 68 21 heure
3101 2106 27 20 de
3151 2107 103 21 fusillade

3010 2132 169 24 intermittente,
3199 2139 44 18 qua-

3012 2159 33 20 tre
3057 2160 38 19 des
3105 2160 150 22 combattants

3012 2186 94 23 gisaient
3127 2188 70 20 morts
3217 2193 38 16 sur

3012 2213 20 20 le
3046 2214 39 20 sol.

3023 2244 37 19 Un
3072 2244 122 24 cinquième
3201 2245 55 21 était

3011 2272 129 21 gravement
3163 2272 91 24 atteint;

3012 2302 29 15 en
3056 2298 68 24 outre,
3140 2299 51 23 cinq
3206 2299 38 21 étu-

3013 2324 74 21 diants
3108 2329 52 20 sont
3183 2326 73 24 portés

3012 2352 141 23 manquants.

3037 2379 44 20 Des
3103 2379 89 24 troupes
3217 2385 40 16 ont

3012 2405 36 20 été
3060 2406 105 23 envoyées
3175 2412 39 15 sur
3224 2408 32 21 les

3014 2432 64 21 lieux.
3091 2443 27 5 —
3130 2434 90 21 Reuter.

2252 2790 65 20 Trois
2331 2790 80 24 jeunes
2426 2790 144 19 Parisiennes
2599 2794 24 15 se
2652 2789 135 25 promenant
2803 2794 30 15 en
2846 2789 88 20 maillot
2952 2789 28 19 de

2261 2814 60 23 bain,
2338 2819 30 15 aa
2383 2814 53 20 Bois
2453 2814 27 20 de
2496 2814 119 23 Boulogne,
2638 2813 15 20 à
2676 2813 70 22 Paris,
2760 2813 101 23 pendant
2894 2817 41 19 que
2958 2813 24 19 la

2228 2838 92 20 chaleur
2332 2838 84 20 battait
2431 2843 41 15 son
2483 2838 82 19 record.
2572 2838 44 19 Nul
2631 2838 38 18 n'a
2684 2837 68 24 pensé
2768 2837 15 20 à
2799 2837 133 23 s'offusquer
2947 2837 28 19 de

2484 2862 58 21 cette
2553 2861 137 20 innovation.

3341 2034 24 15 M.
3383 2033 91 16 EUGENE

3311 2059 22 15 de
3348 2058 151 16 BRABANDERE

3039 2506 197 32 DUNIK0WSKI

3057 2551 38 29 EN
3114 2552 101 30 ITALIE

3064 2617 162 23 Monte-Carlo,
3247 2618 12 19 8

3014 2644 55 23 juin.
3079 2654 26 5 —
3114 2645 61 19 Mme
3185 2644 72 20 Dunl-

3014 2671 89 23 kowski,
3125 2671 82 20 femme
3232 2672 26 19 de

3013 2691 130 32 ^ingénieur
3152 2698 107 24 polonais,

3016 2725 15 19 4
3051 2725 87 21 déclaré
3158 2730 42 19 que
3219 2730 42 16 son

3014 2753 59 18 mari
3095 2752 88 20 relâché
3207 2753 52 20 s'est

3013 2778 85 24 réfugié
3108 2784 30 15 en
3147 2779 72 23 Italie,
3230 2780 27 20 où

3013 2806 17 19 il
3050 2806 93 23 prépare
3159 2807 23 20 la
3200 2807 47 19 revi-

3012 2832 49 20 sion
3075 2834 29 19 de
3118 2838 42 15 son
3174 2833 81 24 procès.

3014 2868 27 7 —
3052 2860 82 21 Havas.

2478 2990 51 45 M.
2548 2988 180 46 DRESCH

2522 3057 116 28 RECTEUR
2657 3056 32 28 DE

2528 3092 155 33 L'ACADÉMIE

2495 3139 32 27 DE
2543 3137 168 28 STRASBOURG

2478 3181 35 18 On
2532 3179 44 20 sait
2594 3184 40 18 que
2652 3178 22 19 le
2691 3178 34 19 roi

2477 3211 39 19 des
2533 3210 77 22 Belges
2627 3208 52 20 s'est
2696 3213 29 14 vu

2477 3240 104 20 décerner
2600 3244 42 18 par
2667 3238 58 19 cette

2477 3269 123 23 Académie,
2615 3269 20 20 le
2654 3268 59 23 diplô-

2478 3306 37 16 me
2549 3301 27 18 de
2612 3307 10 11 «
2629 3298 97 21 Docteur

2478 3331 90 20 honoris
2585 3335 68 16 causa
2674 3336 18 14 ».

2217 3427 229 26 (S3««SS«3*»3SS
2454 3426 37 24 *s9
2498 3425 229 25 «S6SCSSSS3S»

2217 3475 45 37 A
2290 3474 119 37 NOS
2436 3463 290 47 ABONNÉS

2241 3547 209 21 L'Administration
2463 3547 39 19 des
2517 3547 77 19 Postes
2608 3550 55 16 vous
2678 3546 49 18 fera

2216 3572 120 24 présenter,
2361 3571 56 19 dans
2442 3571 103 23 quelques
2571 3570 68 24 jours,
2663 3571 64 19 notre

2218 3596 114 24 quittance
2362 3595 172 20 d'abonnement
2561 3599 57 19 pour
2647 3594 23 21 le
2701 3595 25 20 2e

2217 3620 112 21 semestre.

2243 3652 60 20 Nous
2316 3655 54 17 vous
2382 3651 77 24 prions
2471 3651 37 23 d'y
2520 3650 99 21 réserver
2630 3650 45 21 .bon
2687 3655 28 16 ac-

2217 3676 63 20 cueil.

2262 3718 91 30 TROIS
2371 3717 76 30 MOIS

2263 3762 49 30 SIX
2330 3761 75 30 MOIS

2499 3718 37 29 21
2558 3717 119 30 FRANCS

2495 3763 42 28 42
2557 3761 120 31 FRANCS

2240 3810 53 19 Afin
2306 3809 90 20 d'éviter
2410 3814 45 14 une
2470 3809 150 23 interruption
2634 3810 57 19 dans
2706 3810 20 19 le

2216 3833 82 20 service
2316 3834 28 19 de
2361 3834 62 19 votre
2440 3833 90 23 journal
2547 3838 31 15 au
2592 3833 37 20 ler
2646 3833 77 24 juillet,

2214 3862 56 15 nous
2288 3861 53 16 vous
2358 3861 126 19 engageons
2499 3857 112 20 vivement
2627 3858 14 20 à
2658 3863 67 18 payer

2214 3882 61 19 votre
2289 3881 114 24 quittance
2416 3882 15 19 à
2445 3881 108 24 première
2567 3881 159 24 présentation.

2240 3917 11 12 «
2264 3911 32 19 La
2310 3910 106 20 Dernière
2431 3911 73 19 Heure
2521 3919 10 11 d
2545 3911 47 20 doit
2604 3917 54 14 vous
2672 3917 42 19 par-

2215 3934 62 20 venir
2292 3935 51 19 tous
2359 3934 32 20 les
2405 3935 90 22 matin!;,
2511 3940 15 18 y
2542 3935 95 24 compris
2653 3936 20 20 le
2690 3937 23 18 di-

2214 3958 101 23 manche,
2330 3958 15 20 à
2360 3959 23 19 la
2397 3958 108 24 première
2519 3959 142 20 distribution
2673 3965 40 19 pos-

2213 3982 52 22 tale,
2279 3982 71 23 quelle
2364 3986 42 19 que
2420 3982 44 20 soit
2476 3983 23 19 la
2512 3982 89 21 localité
2615 3987 42 20 que
2671 3987 54 16 vous

2214 4006 96 20 habitiez
2323 4011 30 15 en
2364 4006 112 23 Belgique.

2234 4035 24 19 Si
2268 4039 55 16 vous
2333 4036 114 19 constatez
2457 4040 44 16 une
2513 4036 139 24 irrégularité
2663 4038 50 23 quel-

2213 4063 84 19 conque
2311 4059 15 20 à
2339 4060 35 19 cet
2388 4059 74 24 égard,
2473 4064 57 16 nous
2542 4064 55 16 vous
2607 4061 76 23 prions
2697 4062 26 19 de

2213 4087 57 15 nous
2286 4083 22 20 le
2324 4083 57 20 faire
2399 4084 74 19 savoir
2491 4084 100 24 aussitôt,
2609 4089 56 20 pour
2682 4089 42 19 que

2213 4111 56 15 nous
2288 4107 111 23 puissions
2419 4107 185 21 éventuellement
2622 4108 102 21 modifier

2213 4135 41 15 nos
2269 4131 82 20 envols.

2237 4161 61 19 Nous
2318 4161 119 23 rappelons
2458 4161 126 24 également
2605 4166 42 19 que
2669 4166 54 20 pour

2213 4184 47 21 être
2271 4185 97 24 couvert,
2380 4189 54 16 sans
2443 4185 99 20 solution
2553 4186 28 19 de
2594 4185 130 23 continuité,

2213 4212 41 20 par
2267 4209 64 20 notre
2345 4216 9 10 «
2369 4210 124 18 Assurance
2505 4208 104 21 Gratuite
2623 4217 18 15 »,
2650 4210 17 19 il
2679 4210 32 19 im-

2213 4233 63 22 porte
2296 4233 27 19 de
2342 4238 29 14 ne
2390 4238 41 19 pas
2450 4233 77 20 laisser
2545 4238 30 16 en
2593 4238 93 18 suspens
2702 4234 21 19 le

2212 4256 123 24 règlement
2351 4257 27 19 de
2393 4257 64 20 notre
2475 4257 114 24 quittance
2602 4257 109 20 d'abonne-

2212 4281 63 19 ment
2289 4281 37 23 qui
2339 4281 54 20 vaut
2407 4281 120 23 payement
2541 4282 27 19 de
2583 4281 78 24 prime.

2485 4451 32 36 LE
2529 4450 177 36 PROFESSEUR

2530 4500 137 36 FRANÇAIS

2503 4554 42 46 M.
2578 4553 123 47 EVDOUK

2497 4619 44 24 qui,
2559 4617 123 20 condamné

2471 4654 28 14 en
2532 4648 71 23 Italie,
2632 4653 41 19 par
2698 4648 20 20 le

2471 4679 106 19 Tribunal
2597 4678 88 24 spécial,
2703 4678 15 20 à

2471 4710 56 19 deux
2540 4714 42 14 ans
2596 4709 27 19 de
2637 4709 81 24 prison,

2472 4740 59 19 vient
2556 4739 68 20 d'être
2645 4738 72 24 gracié

2481 4774 41 20 par
2535 4770 21 19 lc
2567 4769 33 20 roi
2613 4768 92 21 d'Italie.

3053 2973 171 48 Toscflnim

3011 3034 20 20 le
3046 3033 83 21 célèbre
3144 3034 51 19 chef
3202 3034 47 20 d'or-

3036 3058 86 19 chestre
3151 3058 84 22 italien,

3010 3087 56 17 pour
3082 3082 109 23 protester
3206 3086 42 16 con-

3012 3107 34 19 tre
3081 3106 24 19 la
3137 3111 122 18 campagne

3023 3130 127 20 antisémite
3170 3129 77 21 menée

3012 3160 30 14 en
3077 3154 135 24 Allemjagne,
3243 3159 15 15 a

3011 3178 56 20 écrit
3086 3178 15 20 à
3126 3179 60 19 Mme
3206 3179 41 20 Wa-

3012 3207 60 19 gner,
3102 3203 52 23 qu'il
3185 3202 75 20 n'irait

3012 3227 50 24 plus
3090 3226 15 20 à
3134 3227 120 22 Bayreuth,

3036 3256 30 14 en
3083 3250 99 24 Bavière,
3201 3250 35 23 où,

3012 3281 84 14 comme
3113 3280 29 14 on
3157 3275 21 19 le
3191 3275 50 21 sait,

3011 3300 51 19 nont
3090 3298 170 21 exclusivement

3012 3323 75 24 jouées
3104 3323 32 19 les
3158 3327 86 15 œuvres

3036 3348 28 19 de
3089 3347 94 19 l'auteur
3207 3347 27 18 de

3036 3379 12 12 u
3066 3370 126 24 Lohengrin
3211 3377 18 13 ».

2916 3460 181 30 EVASION

2773 3521 103 21 Valence,
2894 3521 11 19 9
2922 3521 54 23 juin.
2990 3530 27 5 —
3030 3521 73 19 Douze
3122 3520 93 21 détenus
3232 3525 23 16 se

2749 3545 52 19 sont
2812 3545 81 19 évadés
2905 3544 27 20 de
2944 3544 23 20 la
2980 3544 76 24 prison
3067 3545 26 20 de
3106 3544 95 20 Valence
3214 3549 41 18 par

2749 3572 44 16 une
2809 3569 81 22 galerie
2909 3569 63 23 qu'ils
2991 3568 90 21 avaient
3100 3568 87 21 creusée
3204 3573 51 15 sous

2749 3592 32 20 les
2793 3597 62 15 murs
2868 3593 26 19 de
2909 3593 23 19 la
2946 3592 82 24 prison.

2775 3623 37 18 On
2829 3622 56 20 croit
2904 3622 110 20 d'ailleurs
3033 3622 62 22 qu'ils
3111 3623 40 19 ont
3169 3622 35 21 été
3222 3623 23 20 ai-

2751 3645 38 20 dés
2808 3650 42 19 par
2867 3646 40 19 des
2927 3646 117 23 complices
3061 3646 30 20 du
3113 3646 86 22 dehors.
3231 3657 26 5 —

2751 3670 74 23 Belga.

3265 648 78 46 LE
3397 639 377 56 PROBLÈME

3265 709 170 47 FLUVIA
3437 711 25 45 L
3477 711 57 45 EN
3549 711 55 45 BE
3606 709 171 54 LGIQUE

3351 792 37 30 CE
3407 792 61 34 QUE
3486 793 82 30 NOUS
3587 793 39 29 EN
3646 793 52 29 DIT

3295 830 37 29 M.
3347 825 120 35 EUGÈNE
3479 831 40 29 DE
3537 830 210 31 BRABANDERE

3266 893 51 30 LES
3329 893 123 30 GRANDS
3460 893 150 30 TRAVAUX
3626 894 38 29 EN
3678 893 100 30 COURS

3293 949 30 18 M.
3340 947 87 24 Eugène
3444 948 27 20 de
3488 948 147 25 Brabandère,
3651 948 127 24 inspecteur

3270 971 87 24 généra]
3376 972 38 19 des
3431 972 70 19 Ponts
3531 973 22 18 et
3571 971 128 23 Chaussées,
3716 971 63 20 vienû

3269 996 66 20 d'être
3349 998 89 19 nommé
3450 996 111 19 directeur
3573 995 96 23 général;
3684 995 16 20 il
3714 1000 14 15 a
3741 995 37 20 été

3269 1019 62 24 placé
3344 1020 14 19 à
3380 1021 23 18 la
3426 1019 45 20 tête
3495 1021 30 19 du
3561 1019 153 24 département
3738 1019 39 20 des

3270 1044 58 20 voies
3350 1044 156 23 hydrauliques
3527 1043 78 24 belges.

3294 1069 30 18 M.
3340 1068 26 19 de
3384 1067 142 20 Brabandère
3544 1067 126 23 appartient
3689 1067 14 20 à
3721 1067 44 19 l'ad-

3269 1092 152 20 ministration
3438 1091 78 23 depuis
3536 1092 55 19 1895.
3609 1092 48 19 Aux
3675 1092 103 18 Travaux

3270 1116 90 23 publics,
3374 1115 16 19 il
3404 1116 52 19 s'est
3472 1115 81 23 occupé
3568 1114 157 24 spécialement
3740 1115 39 19 des

3270 1140 113 24 questions
3404 1139 101 20 fluviales
3524 1139 23 19 et
3567 1138 113 20 routières.

3294 1165 19 18 A
3326 1164 22 19 la
3361 1163 138 20 déclaration
3510 1163 26 20 ds
3551 1167 83 18 guerre,
3648 1162 15 20 il
3677 1167 23 15 se
3715 1162 51 20 trou-

3271 1188 46 19 vait
3338 1188 14 19 à
3365 1187 112 23 Courtrai;
3502 1186 79 23 arrêté,
3602 1187 16 21 il
3639 1187 35 19 fut
3696 1186 70 23 empri-

3270 1211 70 20 sonné
3356 1216 41 18 par
3413 1211 130 23 l'occupant.

3295 1236 116 19 Directeur
3446 1235 27 19 de
3509 1234 196 20 l'administration
3740 1236 39 18 des

3271 1260 68 19 Ponts
3361 1260 23 19 et
3407 1258 128 22 Chaussées,
3570 1258 65 23 après
3655 1258 23 19 la
3696 1262 83 20 guerre,

3271 1284 52 19 c'est
3338 1284 32 19 lai
3385 1283 37 23 qui
3438 1284 36 19 fut
3490 1282 80 24 chargé
3586 1283 27 19 de
3628 1282 22 20 la
3666 1284 101 18 restaura-

3272 1307 47 24 tion
3334 1307 38 19 dt-s
3385 1307 75 19 routes
3473 1307 24 19 et
3513 1310 106 19 ouvrages
3636 1307 26 20 de
3678 1306 103 22 Flandre,

3271 1331 37 23 qui
3322 1331 89 19 avaient
3425 1331 20 19 si
3460 1330 152 20 terriblement
3626 1330 96 19 souffert
3750 1330 31 19 du

3272 1355 139 22 cataclysme,
3423 1355 24 18 et
3464 1354 44 20 l'on
3524 1354 53 24 peut
3607 1354 46 23 dû*e
3683 1353 49 20 tout
3766 1353 15 20 à

3273 1379 116 20 l'honneur
3410 1379 30 19 du
3458 1382 101 15 nouveau
3580 1378 111 19 directeur
3713 1377 55 23 géné-

3272 1402 40 23 ral,
3325 1407 41 19 que
3384 1402 53 19 c'est
3454 1402 57 20 cette
3529 1401 76 23 région
3622 1402 31 19 du
3672 1405 54 20 pays
3744 1401 38 23 qui

3272 1427 36 19 fut
3324 1427 19 20 le
3360 1425 49 24 plus
3423 1426 140 23 rapidement
3577 1425 99 20 rétablie.

3298 1449 114 23 Interrogé
3428 1454 41 19 par
3486 1454 56 15 nous
3560 1454 40 14 sur
3619 1449 23 19 la
3673 1449 109 19 situation

3273 1474 93 21 actuelle
3386 1474 30 19 du
3435 1473 110 23 problème
3564 1473 78 20 fluvial
3659 1478 30 15 en
3707 1474 62 22 Belgi-

3274 1503 47 19 que,
3336 1498 31 19 M.
3382 1498 26 19 de
3423 1497 142 20 Brabandère
3581 1501 56 15 nous
3654 1501 14 15 a
3682 1497 101 24 répondu

3275 1522 43 20 très
3335 1521 163 20 aimablement.

3566 1546 33 19 La
3625 1545 101 24 question
3752 1548 32 17 au

3534 1569 68 20 trafic
3623 1574 42 18 par
3685 1573 42 16 eau
3749 1569 35 20 est

3535 1593 161 20 extrêmement
3739 1593 33 19 im-

3537 1618 103 23 portants
3663 1621 29 16 au
3719 1617 64 23 point

3536 1641 27 20 de
3585 1645 41 16 vue
3646 1641 26 20 de
3692 1641 93 20 l'avenir

3536 1665 145 20 commercial.
3710 1665 24 19 Si
3761 1664 24 20 la

3553 1689 56 20 crise
3626 1694 13 14 a
3654 1689 100 21 diminué

3535 1717 56 20 pour
3604 1713 107 21 l'instant,
3726 1713 57 19 dans

3557 1738 40 19 des
3624 1736 141 25 proportions

3537 1761 112 20 sensibles,
3682 1761 20 19 le
3736 1761 36 19 tra-

3536 1786 38 23 fic,
3590 1785 17 20 il
3624 1789 29 16 ne
3675 1784 50 21 faut
3743 1788 42 19 pas

3544 1813 23 15 se
3595 1808 78 20 laisser
3701 1807 84 21 arrêter

3544 1837 41 19 par
3605 1832 59 20 cette
3684 1830 89 22 considé-

3545 1856 81 20 ration.
3661 1857 35 19 Au
3731 1860 43 15 con-

3545 1881 75 23 traire,
3635 1880 17 19 il
3667 1879 51 21 faut
3735 1878 52 25 qu'à

3546 1904 25 20 la
3589 1904 82 24 reprise
3690 1904 39 20 des
3750 1903 24 20 af-

3547 1928 68 20 faires
3650 1932 42 16 nos
3727 1927 61 20 voies

3544 1952 128 23 navigables
3708 1950 73 21 soient

3537 1975 73 25 prêtes
3623 1976 23 19 et
3660 1980 30 15 en
3703 1975 49 21 état
3758 1974 28 20 de

3551 2004 158 16 concurrencer
3741 1998 33 21 les

3538 2024 76 20 autres
3633 2028 61 20 pays.

3565 2048 61 20 Nous
3642 2051 56 16 nous
3713 2046 72 21 effort

3539 2075 54 20 çons
3613 2071 57 21 donc
3689 2071 28 21 de
3738 2074 38 17 mo-

3279 2096 99 20 derniser
3392 2096 51 20 tout
3458 2096 65 20 notre
3539 2095 79 21 réseau
3634 2094 86 21 fluvial.

3304 2119 169 20 L'achèvement
3494 2121 31 19 du
3546 2119 72 21 Canal
3648 2117 83 23 Albert,
3742 2122 47 15 une

3281 2144 38 19 des
3339 2144 94 23 grandes
3464 2147 86 16 œuvres
3580 2147 43 20 que
3640 2146 58 16 nous
3719 2146 70 15 avons

3279 2168 168 23 entreprises.se
3465 2167 100 24 poursuit
3584 2166 162 21 normalement
3764 2165 24 20 et

3281 2192 139 19 activement.
3440 2192 59 19 Pour
3520 2191 23 19 la
3575 2191 36 19 fin
3631 2190 28 20 de
3680 2190 55 22 1934,
3754 2189 34 20 les

3279 2216 96 20 bateaux
3394 2215 108 23 jaugeant
3522 2216 37 18 600
3580 2215 81 19 tonnes
3679 2213 109 24 pourront

3281 2239 91 20 circuler
3386 2240 63 19 entre
3467 2238 65 24 Liège
3552 2238 22 20 et
3591 2240 91 18 Anvers.
3700 2237 24 20 Si
3730 2241 58 16 nous

3280 2267 98 19 pouvons
3402 2263 127 23 poursuivre
3552 2262 64 20 notre
3641 2265 146 20 programme,

3281 2288 31 20 tel
3329 2287 51 24 qu'il
3397 2291 15 16 a
3425 2286 35 20 été
3485 2286 75 24 établi,
3578 2286 20 20 le
3616 2287 73 20 Canal
3705 2285 83 22 Albert,

3279 2315 30 15 en
3328 2311 55 22 1937,
3415 2315 82 19 pourra
3528 2310 97 20 recevoir
3640 2309 40 21 des
3699 2308 90 21 navires

3280 2335 72 20 allant
3367 2335 86 22 jusqu'à
3470 2335 54 21 1,350
3539 2334 87 20 tonnes.

3304 2360 20 19 A
3337 2359 48 20 côté
3399 2359 27 20 de
3440 2358 90 20 l'œuvre
3542 2357 54 21 utile
3610 2358 28 20 de
3653 2356 123 25 perfection-

3279 2383 92 20 nement
3389 2383 26 20 de
3434 2383 64 19 notre
3515 2381 105 24 outillage
3637 2381 108 22 national,
3751 2384 38 16 ces

3282 2409 93 19 travaux
3388 2410 56 15 nous
3451 2406 135 23 permettent
3607 2405 27 20 de
3654 2404 70 21 lutter
3743 2404 48 20 très

3280 2431 155 20 efficacement
3442 2430 76 19 contre
3531 2431 24 19 la
3560 2429 59 24 plaie
3633 2429 31 20 du
3675 2428 113 23 chômage.

3283 2455 29 19 Le
3333 2454 71 20 Canal
3424 2454 82 21 Albert,
3526 2458 21 18 a,
3565 2458 31 15 en
3615 2452 63 24 effet,
3696 2457 40 15 sur
3754 2456 36 16 ses

3284 2478 112 21 chantiers
3413 2478 64 20 entre
3494 2477 51 24 sept
3561 2477 24 20 et
3602 2477 52 20 huit
3672 2476 62 21 mille
3748 2480 30 16 ou-

3282 2503 67 19 vriers
3371 2502 28 20 de
3433 2502 68 22 façon
3534 2500 153 24 permanente,
3697 2500 25 20 et
3743 2499 46 21 l'on

3282 2526 53 24 peut
3357 2526 89 20 évaluer
3470 2525 68 24 qu'un
3561 2525 81 20 chiffre
3662 2523 127 24 équivalent

3282 2550 119 20 d'ouvriers
3420 2549 34 20 est
3472 2549 100 23 employé
3589 2549 57 19 dans
3664 2549 33 20 les
3713 2548 77 20 Usines

3282 2574 37 24 qui
3337 2572 128 21 travaillent
3484 2577 57 19 pour
3559 2572 57 21 cette
3635 2572 62 20 vaste
3713 2572 63 20 entre-

3282 2598 64 24 prise.

3307 2621 103 20 D'autres
3431 2620 123 25 problèmes
3587 2620 53 20 sont
3661 2619 16 21 &
3698 2619 80 21 l'étude
3781 2621 10 21 f

3282 2645 46 20 l'un
3342 2646 40 19 des
3393 2645 50 24 plus
3457 2644 135 24 importants
3602 2645 37 19 est
3653 2639 138 25 assurément

3283 2669 58 20 celui
3364 2670 27 19 de
3415 2669 171 20 l'amélioration
3610 2669 27 19 de
3660 2667 70 21 trafiû
3750 2671 40 16 sur

3282 2693 103 22 l'Escaut,
3401 2693 64 20 entre
3482 2694 85 19 Anvers
3585 2692 24 20 et
3626 2692 24 20 la
3668 2695 54 17 mer.

3308 2718 20 19 A
3342 2717 35 20 cet
3388 2717 63 23 effet,
3465 2721 56 15 nous
3532 2716 98 20 mettons
3643 2720 40 15 sur
3694 2714 53 26 pied
3758 2718 34 17 un

3283 2740 140 23 laboratoire,
3437 2740 30 20 où
3484 2740 73 20 toutes
3570 2740 33 20 les
3618 2738 115 26 questions
3744 2738 36 21 flu-

3283 2765 68 20 viales
3368 2764 77 20 seront
3464 2764 102 21 étudiées.

3308 2790 59 18 Pour
3387 2788 101 23 l'Escaut,
3510 2788 64 20 notre
3595 2787 41 21 but
3657 2787 35 20 est
3714 2787 66 23 d'aug-

3282 2812 88 21 menter
3384 2812 21 20 le
3423 2812 72 20 tirant
3527 2812 71 22 d'eau,
3616 2812 28 20 de
3661 2812 69 20 façon
3748 2815 44 20 que

3283 2836 63 21 notre
3367 2837 71 23 grand
3458 2835 51 24 port
3528 2836 113 20 maritime
3660 2835 74 24 puisse
3754 2839 24 16 re-

3284 2860 71 21 cevoir
3370 2860 33 19 les
3417 2860 50 23 plus
3478 2860 84 23 grands
3575 2860 95 20 navires.

3307 2885 30 19 Le
3354 2888 102 15 nouveau
3476 2883 132 20 laboratoire
3629 2883 129 20 examinera
3762 2883 30 20 de

3283 2908 142 20 nombreuses
3442 2907 119 24 questions,
3583 2907 64 20 telles
3668 2907 66 21 celles
3762 2907 30 21 de

3281 2931 170 21 l'amélioration
3469 2932 39 20 des
3525 2931 97 20 sections
3640 2931 39 21 des
3696 2935 95 19 canaux,

3283 2957 39 20 des
3339 2956 124 20 économies
3490 2955 16 20 à
3521 2955 91 20 réaliser
3627 2959 57 20 pour
3700 2955 78 20 l'entre-

3282 2980 47 19 tien
3347 2980 39 19 des
3404 2979 59 20 voies
3476 2979 128 23 navigables
3622 2979 24 20 et
3663 2980 21 19 le
3702 2978 77 25 perfec-

3283 3004 139 19 tionnement
3433 3004 32 19 du
3479 3003 101 20 matériel
3596 3002 101 21 flottant.

3308 3029 60 18 Nous
3384 3032 56 15 nous
3455 3027 148 23 préoccupons
3618 3031 79 16 encore
3711 3027 28 21 de
3767 3026 26 21 la

3283 3052 100 24 question
3405 3052 30 19 du
3455 3050 183 25 développement
3670 3051 40 20 des
3727 3051 63 24 ports

3282 3075 124 20 intérieurs.

3308 3100 33 19 La
3359 3100 56 19 crise
3444 3103 14 16 a
3490 3099 72 20 arrêté
3579 3099 22 20 le
3619 3098 69 22 trafic
3706 3099 29 20 de
3753 3104 38 16 ces

3283 3124 70 23 ports;
3373 3128 32 15 un
3422 3123 48 20 seul
3487 3123 85 21 d'entre
3587 3128 45 15 eux
3649 3127 92 20 marque
3758 3127 33 16 un

3283 3147 90 24 progrès
3393 3147 157 24 considérable,
3571 3148 54 19 c'est
3646 3147 21 20 le
3689 3147 52 24 port
3763 3147 27 20 de

3283 3171 119 20 Bruxelles,
3421 3172 20 20 n
3458 3172 36 19 est
3512 3176 30 15 en
3558 3171 72 24 pleine
3651 3170 128 25 prospérité.

3307 3195 124 20 Résumons
3447 3199 41 16 nos
3509 3195 82 24 grands
3611 3195 85 23 projets
3719 3199 7 16 :

3307 3219 150 20 Achèvement
3473 3219 32 20 du
3539 3218 66 21 canal
3623 3219 27 20 de
3669 3218 121 24 Charleroi,

3283 3243 44 24 qui,
3343 3247 56 20 pour
3417 3243 55 21 1935,
3490 3243 122 23 permettra
3626 3243 21 20 le
3665 3243 68 20 trafic
3762 3243 28 20 de

3283 3268 95 19 bateaux
3398 3267 26 20 de
3432 3267 49 19 1000
3500 3267 80 19 tonnes
3594 3266 63 20 entre
3676 3266 114 21 Bruxelles

3283 3292 23 20 et
3318 3291 99 23 Clabecq,
3427 3290 24 20 et
3463 3291 26 19 de
3502 3291 37 19 300
3551 3291 79 19 tonnes
3642 3290 64 20 entre
3717 3291 62 20 Char-

3283 3315 54 19 leroi
3353 3317 24 19 et
3395 3314 121 20 Bruxelles.

3307 3340 58 18 Pour
3382 3340 24 19 la
3426 3339 92 19 Sambre
3528 3342 6 16 :
3552 3338 170 24 aménagement
3740 3342 38 16 mo-

3283 3363 86 21 dernisé
3389 3363 39 19 des
3459 3362 83 20 écluses
3574 3364 23 19 et
3615 3363 39 20 des
3674 3363 114 23 barrages;

3284 3387 190 23 agrandissement
3492 3387 26 19 de
3537 3387 23 19 la
3577 3387 96 20 Cunette
3690 3387 39 24 qui
3742 3386 36 20 évi-

3282 3410 49 20 tera
3349 3410 32 20 les
3399 3410 149 24 inondations,
3566 3410 125 21 utilisation
3705 3410 85 21 rendue

3283 3434 92 23 possible
3391 3435 27 20 de
3433 3434 96 20 bateaux
3544 3435 27 20 de
3587 3435 36 19 600
3638 3434 86 21 tonnes.

3307 3459 58 18 Pour
3387 3458 24 19 la
3440 3459 77 18 Meuse
3527 3462 6 15 :
3570 3458 154 20 amélioration
3758 3459 32 20 du

3281 3482 73 20 fleuve
3368 3482 62 19 entre
3443 3482 86 19 Namur
3538 3481 24 21 et
3575 3481 57 24 Visé,
3644 3482 57 20 dans
3715 3482 21 21 le
3748 3482 42 21 but

3283 3506 26 19 de
3329 3505 126 24 supprimer
3486 3506 33 19 les
3552 3505 143 21 inondations
3715 3506 24 20 et
3760 3507 37 22 de.

3281 3530 120 22 permettre
3418 3529 23 20 la
3458 3529 131 20 circulation
3602 3530 28 20 de
3648 3530 96 20 bateaux
3761 3530 28 20 de

3282 3554 37 19 600
3339 3555 79 19 tonnes
3436 3552 15 21 à
3470 3554 48 19 1000
3533 3553 87 20 tonnes.

3306 3577 75 24 Enfin,
3398 3577 75 23 ajoute
3490 3578 31 19 M.
3536 3577 89 24 Eugène
3643 3578 26 21 de
3686 3578 91 21 Braban-

3281 3601 58 22 dère,
3354 3601 64 20 notre
3432 3605 138 20 programme
3585 3606 24 15 se
3624 3601 95 21 termine
3747 3606 42 20 par

3281 3626 20 19 le
3322 3625 70 20 Canal
3413 3625 81 22 Albert,
3511 3625 38 23 qui
3568 3629 138 16 couronnera
3724 3626 53 20 l'œu-

3281 3653 37 16 vre
3335 3649 27 19 de
3378 3649 174 20 modernisation
3567 3649 40 20 des
3621 3649 59 21 voies
3695 3650 82 24 naviga-

3281 3672 46 20 bles
3341 3677 30 15 en
3387 3672 111 24 Belgique,
3512 3682 27 6 —
3553 3673 22 20 R
3594 3673 26 20 T.

2316 4879 156 29 COLLISION
2491 4879 38 29 EN
2549 4878 65 29 MER

2233 4940 80 22 Calais,
2330 4940 12 19 8
2359 4940 55 22 juin.
2430 4949 27 5 —
2472 4940 32 18 La
2521 4939 65 20 malle
2603 4938 110 23 française

2209 4977 9 9 ■«
2232 4970 54 20 Cote
2298 4970 105 22 d'Argent
2416 4977 8 9 »
2438 4969 35 20 est
2485 4969 75 20 entrée
2572 4975 30 15 en
2614 4969 98 19 collision

2208 5004 51 15 avec
2269 4999 21 19 le
2301 5003 83 19 vapeur
2394 4998 87 20 suédois
2493 5006 8 9 <«
2513 4999 62 19 Olive
2587 5007 16 12 ■>.

2231 5030 30 18 Le
2280 5029 54 20 choc
2351 5025 38 23 fut
2406 5028 45 20 très
2467 5029 91 21 violent;
2578 5028 89 21 l'étrave
2682 5028 30 20 du

2207 5059 110 23 paquebot
2345 5058 37 20 fut
2410 5058 170 24 complètement
2597 5058 113 20 arrachée:

2206 5089 57 19 mais
2274 5089 16 19 il
2300 5089 41 23 put
2351 5088 131 20 néanmoins
2495 5088 82 20 arriver
2589 5088 15 19 à
2614 5089 98 19 Douvres

2206 5122 42 19 par
2264 5123 36 15 ses
2322 5122 91 19 propres
2432 5122 90 18 moyens
2545 5118 22 19 et
2589 5118 86 19 revenir
2698 5123 22 17 &

2207 5148 80 20 Calais.

2231 5179 34 18 Au
2278 5178 99 19 moment
2390 5177 26 21 de
2429 5177 130 23 l'abordage,
2574 5182 32 16 un
2620 5178 92 21 matelot

2206 5208 31 19 du
2251 5207 55 20 bord
2321 5212 14 15 a
2349 5207 36 20 été
2398 5207 105 24 précipité
2519 5208 56 19 dans
2590 5208 23 19 la
2626 5209 47 20 cale
2688 5208 23 21 et

2207 5236 69 20 blessé
2293 5236 142 24 légèrement;
2453 5236 15 20 à
2483 5237 56 20 bord
2555 5237 30 20 du
2601 5246 8 8 «
2625 5238 60 21 Clive
2701 5247 9 9 »

2207 5266 15 21 il
2237 5271 15 19 y
2264 5267 75 20 aurait
2354 5267 58 19 deux
2426 5267 88 21 blessés.
2525 5277 27 5 —
2566 5268 82 21 Hava*.

2765 5146 177 27 tVimportantes
2958 5151 168 20 conversations
3161 5153 79 19 franco
3247 5162 10 5 -
3264 5152 66 23 anglo
3338 5163 10 5 -
3355 5153 145 20 américaines

2779 5173 107 21 viennent
2903 5174 83 20 d'avoir
3003 5174 50 23 lieu,
3070 5180 84 16 comme
3170 5180 57 16 nous
3244 5177 83 19 lUvtns
3344 5177 40 23 dit,
3399 5179 15 20 à
3429 5178 70 20 Paris.

2779 5198 69 20 Notre
2865 5198 68 24 photo
2950 5199 129 23 représente
3102 5200 31 19 M.
3151 5200 121 25 Edensons,
3289 5201 118 21 secrétaire
3427 5202 74 20 d'Etat

2756 5226 33 15 au
2802 5221 187 25 Foreign-Ofrice,
3014 5223 24 20 et
3052 5223 48 20 lord
3116 5224 163 25 Londonderry,
3295 5225 101 21 ministre
3412 5226 76 20 britan-

2770 5245 67 25 nique
2853 5247 27 19 de
2895 5246 60 25 l'Air,
2970 5247 41 24 qui
3022 5247 107 20 viennent
3142 5248 26 20 de
3182 5248 101 22 conférer
3297 5254 53 16 avec
3363 5250 56 20 MM.
3431 5250 59 21 Dala-

2989 5271 48 21 dier
3050 5272 24 21 et
3085 5272 175 21 Paul-Boncour.

3568 3742 99 30 ECHEC
3685 3744 73 30 D'UN

3584 3789 160 32 AVIATEUR

3567 3854 86 24 Epinal,
3666 3856 13 19 8
3692 3856 56 23 juin.
3760 3867 28 6 —

3543 3881 37 19 Un
3603 3882 67 20 avion
3692 3883 96 24 planeur

3542 3908 113 22 allemand
3677 3915 14 15 a
3709 3911 79 21 atterri

3542 3935 15 20 à
3577 3936 139 25 VomMourt,
3736 3939 51 23 preîs

3542 3962 28 20 de
3586 3963 177 23 Rambervillers.

3567 3994 20 19 Il
3605 3994 57 21 était
3680 3997 61 22 parti
3758 3997 29 20 de

3566 4021 132 22 Darmstadt
3709 4028 54 16 aveo

3542 4047 126 22 l'intention
3688 4050 28 21 de
3735 4051 40 21 bat-

3542 4075 34 20 tre
3604 4076 22 20 le
3653 4078 78 20 record
3755 4079 33 20 du

3542 4103 80 20 monde
3644 4104 38 23 qui
3703 4105 34 20 est
3758 4105 29 21 de

3541 4129 38 20 280
3594 4129 45 22 km.

3566 4160 35 20 En
3616 4160 142 23 atterrissant
3772 4164 16 20 &

3542 4187 137 25 Vomecourt,
3716 4190 18 20 il
3771 4194 16 17 a

3541 4214 123 21 seulement
3677 4220 110 19 parcouru

3541 4240 37 20 245
3600 4241 45 21 1cm.
3661 4243 31 20 Le
3711 4244 76 24 pilote,

3541 4268 38 23 qui
3598 4269 45 20 fait
3662 4271 72 22 partie
3754 4272 32 21 du

3584 4295 51 21 club
3648 4297 51 21 civil
3713 4298 29 21 de

3540 4322 138 25 Darmstadt,
3704 4330 15 14 a
3745 4325 28 21 dé-

3540 4349 60 20 claré
3616 4350 65 21 s'être
3699 4352 86 24 trompé

3539 4376 162 24 d'orientation.

3565 4406 21 21 II
3605 4412 25 16 se
3651 4409 84 23 croyait
3754 4415 30 16 en

3540 4433 80 22 Suisse.

3577 4465 30 19 Le
3634 4468 150 23 commlss-fflte

3538 4490 83 23 spécial
3649 4493 28 20 de
3706 4495 98 22 Saint-?-.

3538 4517 41 20 Dié
3589 4523 14 15 a
3612 4520 93 22 procédé
3715 4522 15 20 à
3738 4527 46 18 une

3538 4544 99 24 enquête.
3660 4548 124 24 L'appareil

3538 4575 14 16 a
3574 4572 34 21 été
3628 4573 104 23 démonté
3753 4582 30 16 en

3537 4598 120 23 attendant
3681 4606 42 20 que
3750 4604 33 21 les

3536 4625 123 22 formalités
3693 4629 89 23 fussent

3537 4652 117 22 terminées
3684 4656 24 20 et
3738 4661 43 20 qu»

3536 4678 115 22 l'aviateur
3669 4682 41 23 pût
3727 4688 41 16 ren-

3536 4705 46 21 trer
3599 4712 29 15 en
3645 4709 135 24 Allemagne.

3535 4742 26 5 —
3571 4733 83 23 Havas.

3850 3946 27 66 J

3542 4803 106 36 ANDRÉ
3666 4811 102 31 SPADA

3567 4851 172 37 CONDAMNÉ

3557 4919 95 24 Ajaccio,
3664 4922 12 18 8
3689 4921 56 24 juin.
3750 4932 25 7 —
3774 4932 2 7 ■

3531 4945 30 20 Le
3592 4947 79 21 bandit
3700 4949 75 21 André

3531 4972 76 24 Spada
3639 4976 124 22 comparais-

3547 4999 51 25 sait,
3610 5001 146 25 aujourd'hui,

3530 5025 83 22 devant
3637 5028 20 20 le
3676 5028 98 22 tribunal

3572 5055 160 21 correctionnel

3530 5080 111 24 d'Ajaccio
3660 5087 57 19 pour
3737 5083 25 21 ré-

3530 5108 83 23 pondre
3628 5109 32 20 du
3676 5109 55 24 délit
3747 5111 30 20 da

3530 5134 115 22 détention
3681 5137 99 24 d'armeet

3530 5162 28 21 de
3569 5167 84 20 guerre.

3556 5193 20 20 Il
3585 5198 14 16 a
3608 5193 35 22 été
3652 5195 125 21 condamné

3531 5220 16 20 à
3554 5221 13 19 2
3578 5225 41 16 ans
3629 5221 28 21 de
3667 5222 77 24 prison
3753 5223 25 21 et

3530 5248 16 20 à
3559 5249 56 22 1,000
3620 5248 30 21 fr.
3656 5249 122 24 d'amende.

3532 5283 27 7 —
3571 5275 82 23 Havas.

540 5523 6 8 '
