4208 6035
1807 162 160 23 !«NATTON
1989 164 136 25 BELGE»,
2149 164 14 20 B
2186 163 102 22 AVRIL
2310 164 70 22 19S8.!

104 250 75 109 La
222 252 105 107 Vie

126 401 37 33 Le
180 402 110 38 général
308 401 40 33 De
363 400 109 39 Jonghe
488 413 34 19 va
540 403 100 37 quitter

264 445 27 34 le
310 447 104 31 service
432 444 69 33 actif

129 520 35 20 Le
195 520 138 20 lieutenant
364 519 101 25 général
496 519 37 20 De
555 519 104 24 Jonghe,

102 546 179 20 commandant
300 547 25 19 la
345 546 41 20 Ire
405 546 24 19 ùi
432 545 79 20 vision
531 545 120 20 d'infante-

101 572 44 23 rie,
167 571 17 21 à
205 572 79 23 Gand,
308 577 15 15 a
348 571 120 20 demandé
491 576 29 15 sa
542 571 63 20 mise
628 575 30 16 en

101 597 79 25 congé
199 603 32 15 en
248 597 133 21 attendant
397 603 30 14 sa
445 597 109 20 retraite.

130 624 35 20 Le
184 623 101 25 général
304 624 36 20 De
361 624 97 24 Jonghe
478 625 38 18 est
532 623 119 21 sous-lieu-

102 650 91 20 tenant
217 650 141 20 d'artillerie
381 649 30 21 de
436 649 54 20 1897
513 651 26 18 et
561 647 99 21 breveté

102 675 169 25 d'état-major
288 676 30 22 de
337 675 60 21 1906.

131 702 183 20 Commandant
331 702 30 19 de
378 701 104 20 batterie
499 700 17 21 à
532 700 82 25 Liège,
629 704 31 16 en

102 727 61 21 août
182 728 62 23 1914,
265 728 18 20 il
301 729 38 19 est
358 726 79 21 blessé
457 731 34 16 au
509 726 100 20 combat
629 726 30 20 de

101 754 121 22 Lokeren,
242 753 24 21 le
288 753 14 20 7
323 753 107 23 octobre,
453 753 25 20 et
498 753 49 20 fait
567 752 83 20 Cheva-

101 780 49 21 lier
164 780 30 20 de
209 779 95 21 l'Ordre
319 779 30 21 de
361 778 115 24 Léopold.

215 1470 39 24 Le
266 1469 106 31 géné.'al
385 1469 41 24 De
437 1469 106 30 Jonghe

130 1524 184 22 Commandant
336 1526 29 21 de
385 1531 93 20 groupe
497 1532 33 15 au
550 1527 28 21 9e
599 1527 53 20 d'ar-

100 1549 98 26 tillerie,
217 1552 17 20 il
251 1552 120 25 participe
388 1552 16 21 à
420 1553 82 21 toutes
520 1553 36 21 les
574 1552 76 26 opéra-

101 1577 68 21 tions
188 1580 31 19 de
234 1579 25 19 la
276 1578 28 21 3e
322 1578 104 21 division
445 1578 114 22 d'armée.

117 1614 3 4 ■
130 1603 21 21 Il
177 1608 98 20 occupe,
302 1604 73 25 après
402 1605 148 24 l'armistice,
577 1606 82 21 divers

101 1629 104 25 e&iplois
221 1629 173 26 d'état-major,
409 1632 25 20 et
448 1632 85 24 prend,
550 1637 31 15 en
596 1632 62 24 1929,

101 1656 24 20 le
144 1656 215 21 commandement
377 1658 33 19 du
428 1657 123 24 régiment
569 1658 31 21 de
619 1657 30 22 dé-

101 1683 72 20 fense
187 1684 118 20 terrestre
322 1684 85 20 contre
423 1684 122 21 a-ironef-s.

129 1709 63 20 Lors
210 1710 29 20 de
259 1715 29 15 sa
306 1710 153 20 nomination
479 1715 33 15 au
532 1711 77 24 grade
628 1711 30 20 de

100 1734 103 26 général
225 1736 87 24 major,
334 1736 17 20 il
371 1736 168 23 commandait
558 1737 26 20 la
603 1742 45 20 pro-

101 1761 72 20 vince
192 1761 125 21 d'Anvers.

128 1788 35 20 Le
182 1787 100 25 général
302 1789 38 20 De
357 1788 97 25 Jonghe
475 1790 38 21 est
533 1789 124 24 remplacé

102 1813 63 21 dans
185 1819 46 15 son
248 1814 215 21 commandement
483 1820 46 19 par
545 1816 23 20 le
586 1814 63 26 géné-

100 1840 39 20 ral
155 1840 115 21 Massart.

147 1901 208 34 L'avancement
379 1903 49 32 des
450 1904 165 33 lieutenants

127 1962 38 20 La
185 1963 119 24 Belgique
324 1964 126 24 Militaire,
469 1964 42 24 qui
534 1964 63 21 tient
615 1969 42 16 ses

100 1988 107 21 lecteurs
221 1994 33 16 au
269 1991 105 19 courant
387 1990 30 20 de
433 1991 55 20 tout
501 1996 29 15 ce
544 1991 42 24 qui
600 1996 47 15 con-

100 2019 75 16 cerne
189 2016 72 20 notre
277 2015 91 24 armée,
384 2016 42 20 n*a
441 2022 46 19 pas
502 2016 107 26 manqué
627 2018 30 19 de

101 2040 56 21 leur
176 2042 115 24 signaler,
315 2042 38 21 lès
372 2042 60 22 1935.
451 2044 25 19 la
493 2044 115 24 question
627 2044 30 20 de

101 2067 180 22 l'avancement
297 2069 43 20 des
357 2069 158 21 lieutenants.

142 2101 23 20 A
178 2101 65 21 cette
260 2101 101 26 écoque,
376 2102 142 21 l'accession
535 2104 57 24 trop
607 2104 41 20 tar-

102 2126 54 21 dive
170 2127 30 21 de
214 2133 45 15 nos
273 2128 150 21 lieutenants
436 2134 33 15 au
484 2130 76 23 grade
574 2130 30 21 de
618 2135 30 15 ca-

100 2153 95 24 pitaine
215 2153 63 21 était
298 2154 58 25 déjà
378 2154 117 25 signalée,
515 2155 37 21 les
574 2155 74 21 consé-

101 2184 107 19 quences
230 2181 29 19 de
282 2182 39 19 cet
342 2180 53 21 état
415 2181 31 20 de
467 2182 74 20 chose
564 2181 93 21 étaient

101 2205 117 25 erposées
233 2207 25 20 et
271 2212 34 15 un
322 2206 98 22 remède
435 2213 89 19 propre
539 2207 15 21 à
570 2208 87 24 pallier

101 2236 41 16 ces
159 2231 181 26 conséquences
359 2232 62 22 était
440 2234 94 20 soumis
551 2233 17 21 à
586 2235 62 19 l'exa-

99 2262 59 16 men
176 2258 43 21 des
238 2259 106 21 services
362 2259 161 25 compétents.

126 2284 94 24 Depuis
238 2285 57 24 lors,
312 2285 62 21 trois
394 2291 46 15 ans
459 2288 43 18 ont
523 2286 79 25 pas3é.
620 2287 36 20 La

101 2310 119 21 situation
243 2311 43 20 des
308 2312 151 21 lieutenants
509 2313 39 20 est
577 2312 80 21 restée

99 2337 70 19 aussi
187 2338 134 23 mauvaise,
341 2338 64 20 mais
425 2343 33 15 un
476 2338 48 21 fait
543 2343 114 16 nouveau

101 2363 59 20 s'est
177 2363 100 24 produit
296 2364 61 20 dont
372 2364 20 20 il
414 2364 105 24 importe
537 2370 54 19 que,
611 2370 47 20 par

99 2388 70 20 souci
188 2389 171 23 d'obiectivité,
378 2395 61 16 nous
459 2391 147 21 informicns
621 2392 36 19 les

101 2414 106 21 lecteurs
227 2415 30 20 de
276 2416 36 19 La
334 2416 119 24 Belgiaue
474 2417 123 20 Militaire.
617 2417 39 20 En

100 2440 70 24 effet,
187 2446 31 16 en
234 2441 61 24 1935,
310 2442 23 20 le
349 2442 126 25 problème
492 2443 30 20 de
537 2443 110 20 l'avance-

99 2467 71 20 ment
188 2467 43 21 des
248 2468 151 21 lieutenants
418 2468 63 21 était
499 2469 157 21 conditionné

99 2497 48 19 par
164 2493 63 20 deux
241 2494 111 21 facteurs
368 2495 146 24 principaux
530 2501 47 19 que
593 2500 64 16 nous

99 2520 132 22 pourrions
248 2520 102 24 appeler
368 2526 13 13 «
399 2521 23 20 le
439 2521 113 20 bouchon
569 2528 13 13 »
600 2527 56 15 vers

99 2545 23 20 le
137 2545 63 20 haut
215 2546 26 20 et
254 2552 13 14 «
283 2547 23 22 le
322 2547 56 20 vide
392 2553 13 13 »
421 2552 56 15 ver3
493 2548 23 20 le
530 2548 53 21 bas.

126 2571 36 20 Le
178 2577 13 14 «
208 2571 113 22 bàuchon
339 2578 20 18 »,
376 2572 115 22 c'étaient
509 2574 36 20 les
562 2574 84 20 innom-

99 2596 100 22 brables
209 2595 112 24 officiers
333 2604 111 16 nommes
457 2600 30 20 de
501 2600 55 20 1914
567 2600 16 21 à
595 2600 62 24 1921,

100 2623 43 24 qui
159 2625 147 20 occupaient
324 2626 82 20 toutes
423 2626 37 20 les
476 2626 84 24 places
577 2626 71 25 dispo-

99 2649 81 21 nibles
208 2650 30 21 de
264 2651 138 24 capitaines
430 2652 26 20 et
482 2652 24 21 le
526 2659 15 13 •
559 2653 57 21 vide
636 2659 20 15 ».

100 2675 84 23 c'était
203 2677 26 20 la
250 2676 103 26 pénurie
373 2678 30 20 de
424 2678 151 21 lieutenants
597 2678 60 21 dont

99 2706 34 16 on
155 2704 166 24 commençait
345 2703 16 21 à
384 2710 27 16 se
438 2705 88 20 rendre
551 2706 105 23 compte.

99 2728 187 24 Actuellement,
305 2730 25 22 et
349 2730 66 20 voilà
435 2731 22 20 le
476 2731 48 20 fait
542 2736 114 15 nouveau

100 2754 61 21 dont
181 2760 62 16 nous
263 2756 103 20 voulons
389 2761 61 16 vous
469 2757 144 21 entreteni-.
632 2757 24 21 le

100 2786 14 14 «
132 2781 114 20 bouchon
265 2788 13 13 »
299 2782 103 21 n'existe
423 2783 63 24 plus,
505 2783 115 24 puisau'il
639 2789 17 19 y

100 2812 17 14 a
136 2807 30 20 de
186 2808 161 21 «ombreuses
367 2809 82 24 places
469 2809 30 21 de
518 2810 137 24 capitaines

99 2833 55 20 dise
156 2834 100 20 ombles.

125 2859 125 21 D'aucuns
269 2861 134 24 penseront
421 2866 47 20 que
487 2867 28 15 ce
532 2862 49 20 fait
596 2867 50 15 nou-

99 2890 65 16 veau
182 2887 38 19 est
240 2887 29 20 de
286 2887 90 20 nature
392 2886 17 21 à
426 2886 117 22 résoudre
559 2889 24 19 le
600 2894 47 19 pro-

98 2911 82 21 blème
196 2912 30 19 de
242 2912 179 22 l'avancement
439 2914 42 20 des
496 2914 159 20 lieutenants.

99 2937 22 20 H
142 2938 96 21 devrait
256 2944 31 15 en
307 2938 52 21 être
378 2939 186 21 effectivement
584 2941 71 20 ainsi.

99 2963 23 20 si
136 2963 43 21 des
193 2969 61 18 gens
270 2965 49 20 mal
335 2965 120 21 informés
471 2971 31 16 ne
518 2966 137 21 tombaient

100 2994 31 15 en
154 2990 69 21 arrêt
245 2991 91 20 devant
358 2991 23 20 le
405 2991 127 21 deuxième
557 2992 99 21 facteur

99 3016 190 21 conditionnant
303 3015 186 23 -l'avancement
509 3018 44 21 des
572 3018 75 21 lieute-

99 3043 76 19 nants
190 3053 29 4 —
235 3043 23 20 le
274 3049 13 13 «
302 3043 56 20 vide
375 3049 14 14 »
405 3049 56 15 vers
474 3045 27 21 le
518 3044 45 20 bas
580 3055 29 4 —
624 3049 30 15 en

98 3066 151 26 prétendant
267 3069 58 20 au'il
343 3075 31 14 ne
392 3070 60 24 peut
471 3069 52 21 être
541 3070 113 25 question

96 3093 34 21 ■de
145 3095 158 23 promouvoir
317 3095 126 24 beaucoup
460 3096 29 20 de
504 3096 151 20 lieutenants

100 3124 33 16 au
149 3120 77 23 grade
242 3120 129 25 supérieur
386 3122 56 21 tant
459 3127 47 18 que
523 3123 25 19 la
566 3122 88 20 disette

100 3145 30 21 de
147 3146 71 20 chefs
237 3146 29 21 de
282 3147 98 24 peloton
397 3147 142 25 persistera.

126 3171 116 21 L'article
258 3177 47 20 que
323 3173 82 23 publie
421 3174 36 19 La
474 3174 119 24 Belgique
612 3174 35 19 Mi-

98 3197 84 21 litaire
199 3198 33 20 du
249 3198 13 20 3
278 3199 63 20 avril
357 3199 40 20 n'a
415 3204 64 19 pour
495 3200 45 20 but
558 3205 48 20 que
623 3200 30 20 de

101 3223 143 21 démontrer
266 3224 68 21 toute
356 3225 26 20 la
402 3225 110 21 fausseté
536 3226 30 20 de
590 3227 64 20 cette

99 3251 130 20 assertion.
399 3252 11 10 •

127 3304 173 25 L'expérience
326 3304 43 21 des
394 3306 160 22 uniformiers
579 3307 77 20 HEL-

97 3329 188 23 DENBERGH
298 3331 22 20 &
334 3332 49 22 Cie.
396 3332 33 22 19,
442 3338 44 15 rue
499 3333 157 24 Duquesnoy.

99 3357 135 23 Bruxelles,
253 3358 39 20 fut
311 3363 32 15 au
360 3358 95 21 service
472 3358 31 21 de
520 3359 69 20 toute
607 3364 48 15 une

99 3382 146 26 génération
268 3392 7 15 ;
297 3383 47 21 elle
363 3388 32 15 ne
415 3390 60 15 vous
496 3385 104 22 décevra
620 3386 26 23 ja-

99 3409 71 20 mais.
553 3412 99 21 (2522-4)

143 3473 59 38 LES
217 3473 200 39 DIBHEPTS
433 3475 77 38 D'DN
525 3476 84 38 CLDB

121 3521 246 43 D'âTHLFTLSŒE
389 3526 244 41 C0NST4TEKL.

129 3581 38 20 On
179 3587 33 16 ne
225 3583 96 20 saurait
335 3583 55 24 trop
404 3583 130 21 surveiller
546 3584 24 19 la
584 3584 71 21 santé

103 3606 43 22 des
162 3608 87 24 jeunes
266 3614 69 20 gens.

95 3656 7 6 .
127 3640 28 20 16
172 3645 52 16 ans.
243 3642 59 19 Plus
321 3647 33 15 an
371 3647 115 21 garçon...
503 3647 46 20 pas
567 3647 90 17 encore

101 3671 36 16 un
155 3667 120 20 homme...
295 3668 207 22 transformation
521 3670 30 20 de
571 3669 26 20 la
615 3674 33 15 na-

104 3692 64 26 ture,
194 3693 30 20 de
250 3694 179 25 l'organisme...
455 3698 33 20 et.
514 3700 34 16 au
574 3695 81 21 même

102 3720 117 24 moment,
243 3719 132 22 inévitable
401 3721 95 26 fatigue
520 3722 48 21 due
591 3721 17 21 à
632 3723 25 20 la

101 3746 115 24 pratique
234 3747 42 20 de3
293 3748 82 24 sports
392 3749 49 24 qui,
457 3748 17 21 à
490 3748 40 20 cet
547 3748 53 25 âge,
618 3749 38 20 est

100 3777 51 16 une
168 3772 121 25 passion...
307 3774 131 20 Comment
456 3774 81 21 faire?

128 3799 113 24 Parents,
255 3800 105 25 profitez
375 3800 62 21 donc
452 3801 29 20 de
496 3800 160 25 l'expérience

101 3824 72 22 d'une
189 3826 30 21 de
236 3832 45 15 nos
297 3826 113 20 lectrices
425 3828 43 24 qui
483 3833 18 15 a
516 3832 82 16 connu
614 3832 41 16 ces

102 3851 82 22 soucis
204 3851 26 20 et
249 3852 42 25 qui
311 3858 63 15 nous
394 3852 109 21 autorise
524 3854 16 21 à
560 3854 96 22 publier

101 3876 66 23 cette
185 3878 73 22 lettre
263 3903 7 7 r
280 3885 8 18 :

130 3910 14 14 «
163 3903 151 26 Désespérée
334 3911 46 20 par
399 3906 24 22 le
443 3911 107 20 manque
571 3906 30 20 de
621 3907 25 19 vi-

100 3935 80 21 gueur
193 3931 31 20 de
239 3937 57 15 mon
312 3932 41 21 fils
367 3931 47 27 âgé
429 3933 30 20 de
474 3933 27 20 16
515 3938 53 17 ans.
584 3934 71 20 d'une

101 3957 68 20 taille
185 3957 53 21 très
254 3958 94 25 grande
366 3959 25 20 (1
408 3964 31 15 m.
456 3959 48 23 82),
521 3959 26 20 et
563 3960 93 20 devant

102 3983 129 21 l'insuccès
252 3985 29 20 de
301 3985 49 20 bon
370 3986 102 21 nombre
493 3986 30 20 de
543 3986 113 24 produits

103 4009 100 26 essayés
226 4010 16 21 à
265 4015 29 16 ce
317 4011 63 24 jour,
403 4012 25 23 je
452 4017 30 16 ne
505 4011 85 22 savais
613 4017 44 15 sur

101 4037 79 25 quelle
198 4038 55 20 voie
271 4041 40 16 me
330 4037 97 26 diriger.
445 4038 84 25 Ayant
546 4038 110 21 entendu

101 4069 49 18 par
172 4064 25 20 la
219 4063 58 20 voix
301 4064 32 20 du
357 4064 78 21 micro
458 4063 131 22 énumérer
612 4065 44 19 des

102 4088 82 26 éloges
204 4094 31 17 en
255 4090 89 20 faveur
364 4090 29 21 de
413 4090 180 25 l'Ovomaltine,
612 4091 43 24 j'ai

100 4114 50 22 fait
167 4115 164 26 l'acquisition
349 4116 73 21 d'une
440 4117 94 26 grande
552 4116 67 21 boîte
638 4118 17 19 il

99 4147 18 20 y
132 4146 17 15 a
165 4143 102 20 environ
283 4144 39 20 six
338 4143 129 21 semaines.

127 4167 50 22 Dès
193 4168 17 21 à
225 4167 107 27 présent,
348 4169 24 24 je
389 4170 112 20 constate
516 4175 35 15 un
567 4174 78 16 renou-

100 4199 65 16 veau
184 4195 63 21 dans
268 4194 130 25 l'attitude,
418 4197 25 20 la
461 4196 147 24 corpulence
628 4197 27 20 et

100 4221 26 20 la
137 4220 110 22 manière
261 4222 30 21 de
303 4226 27 15 se
344 4222 140 24 comporter
497 4222 29 20 de
538 4226 29 16 ce
580 4223 74 24 jeune

99 4247 107 21 homme.

126 4281 49 20 Les
192 4280 94 22 mêmes
304 4279 182 23 constatations
504 4282 57 20 sont
576 4280 77 21 faites

99 4311 47 20 par
158 4307 37 20 les
209 4308 137 24 dirigeants
360 4308 33 20 du
407 4307 62 21 Club
483 4307 171 21 d'Athlétisme

99 4335 90 24 auquel
205 4334 17 20 il
238 4335 39 19 est
292 4332 88 23 affilié.
397 4334 33 20 Ce
446 4333 165 25 changement
626 4344 28 5 —

100 4365 26 16 et
137 4353 26 32 je
176 4361 23 20 le
212 4360 39 20 dis
264 4360 147 21 hautement
422 4359 18 21 à
453 4360 82 21 toutes
548 4360 37 21 les
598 4365 45 20 per-

103 4390 90 17 sonnes
218 4386 43 26 qui
286 4386 189 24 m'interrogent
499 4396 29 5 —
552 4386 25 23 je
602 4386 52 20 sais

100 4412 60 25 qu'il
177 4412 39 22 est
232 4412 33 22 dû
282 4412 162 25 uniquement
461 4411 19 21 à
494 4411 106 25 l'emploi
618 4411 27 22 ré-

101 4439 81 26 gulier
198 4440 26 21 et
240 4439 137 25 Journalier
395 4439 30 20 de
443 4438 180 22 l'Ovomaltine.
641 4444 13 13 »

128 4465 38 20 La
184 4466 148 25 croissance,
353 4465 22 20 le
395 4468 156 20 surmenage,
571 4463 25 21 la
615 4464 39 20 vie

102 4492 111 25 actuelle,
240 4491 64 25 sont,
333 4496 63 21 peur
426 4490 156 25 l'organisme
611 4490 44 20 des

101 4518 86 25 jeunes
205 4523 68 21 gens,
291 4524 31 15 en
339 4518 82 24 pleine
440 4511 227 35 transformation,!

100 4545 45 21 des
161 4549 86 16 causes
263 4545 31 20 de
310 4543 144 26 dépression
470 4543 43 24 qui
529 4542 36 21 les
582 4542 63 19 affai-

100 4571 47 20 blit
160 4571 27 20 et
199 4571 56 20 nuit
268 4572 17 21 à
300 4570 54 21 leur
368 4568 79 23 santé.
461 4569 68 20 Pour
543 4568 55 21 leur
612 4573 33 19 ap-

100 4598 86 24 porter
207 4597 23 21 le
253 4596 158 25 supplément
434 4596 31 21 de
488 4595 82 21 forces
593 4594 62 20 dont

101 4624 30 20 ils
148 4623 44 21 ont
206 4623 93 24 besoin,
316 4624 36 19 les
370 4623 116 21 docteurs
503 4625 142 16 recomman-

103 4650 59 20 dent
195 4649 179 21 l'Ovomaltine.
406 4648 111 21 Aliment
549 4645 99 22 naturel

100 4676 108 25 tonique,
222 4682 34 16 au
270 4675 60 27 goût
344 4674 123 27 agréable,
481 4672 174 23 l'Ovomaltine

101 4703 53 24 agit
170 4707 44 16 sur
231 4702 36 20 les
285 4701 120 27 systèmes
424 4704 116 20 nerveux,
558 4703 96 18 osseux,

100 4728 157 21 circulatoire
275 4730 26 20 et
317 4727 157 24 musculaire,
491 4726 27 20 et
535 4725 62 21 rend
614 4728 30 16 ra-

99 4754 127 26 pidement
242 4760 49 15 aux
307 4755 88 24 jeunes
411 4758 62 21 gens
489 4751 124 25 l'énergie,
630 4750 25 20 la

100 4779 104 23 vitalité.
575 4776 77 22 (2086)

742 245 292 59 L'exposition
1052 245 125 57 belge

814 312 29 48 à
859 311 29 49 S
890 312 127 48 tockh
1019 311 83 48 olm

815 409 43 33 Un
875 409 114 32 brillant
1008 411 94 30 succès

705 461 167 22 (Correspondance
883 460 113 22 particulière
1006 459 23 18 de
1039 460 18 17 la
1067 458 69 19 Nation
1147 458 65 22 Be.ge)

930 489 151 23 Stockholm,
1102 490 14 18 4
1137 488 70 20 avril.

709 516 39 20 On
771 515 49 21 sait
841 514 90 26 qu'une
953 515 137 24 exposition
1113 515 70 24 belge
1205 513 30 20 de

681 542 64 20 tient
766 541 175 22 actuellement
961 540 17 21 à
1000 540 150 23 Stockholm,
1172 540 63 19 dans

681 568 35 20 les
730 569 84 18 vastes
827 567 63 19 halls
904 567 30 19 de
948 566 146 20 Ostermans
1107 565 127 22 Bilhailar.

708 594 23 19 A
763 593 132 20 l'occasion
929 592 30 20 de
993 592 199 24 l'inauguration,
1212 591 23 20 le

681 620 80 23 grand
781 619 51 20 hall
852 618 30 20 de
904 617 125 25 réception
1048 618 69 20 avait
1136 616 39 21 été
1195 616 30 21 dé-

679 644 56 21 coré
746 645 44 19 des
802 644 133 22 emblèmes
948 645 135 19 nationaux
1094 645 25 18 et
1130 644 43 19 des
1181 647 45 20 por-

681 670 74 21 traits
768 671 34 20 du
816 671 36 19 roi
866 669 108 25 Léopold
988 673 24 17 et
1028 670 29 19 de
1071 669 25 21 la
1110 669 67 19 reine
1191 669 44 19 As-

681 696 58 22 trid.

709 722 54 21 Une
788 722 115 20 brillante
926 719 25 22 et
973 721 147 22 nombreuse
1143 725 82 15 assem-

681 747 60 25 blée,
757 748 81 24 parmi
855 747 104 24 laquelle
975 752 32 14 on
1023 746 153 24 remarquait
1192 745 43 20 des

682 772 179 27 personnalités
880 774 43 19 des
941 772 63 20 deux
1021 777 68 19 pays,
1107 772 35 20 les
1160 776 65 15 mem-

682 800 56 21 bres
755 800 33 20 du
805 803 73 20 corps
894 798 184 25 diplomatique,
1095 798 44 19 des
1156 796 70 26 repré-

682 826 114 20 sentants
814 825 30 20 de
862 824 73 20 l'élite
953 824 31 21 de
1002 823 136 21 l'industrie
1159 824 25 19 et
1202 822 33 21 du

682 854 152 17 cemmerc-re
865 850 31 20 de
928 850 25 21 la
971 849 86 25 Suède,
1089 849 112 21 assistait
1220 847 16 22 à

682 877 66 20 cette
764 876 58 21 fête.

710 903 22 19 A
750 903 14 19 4
781 902 31 23 h»,
830 903 36 20 les
885 901 182 25 personnalités
1085 900 96 25 royales
1200 905 27 15 re-

682 927 142 26 présentées
841 932 47 20 par
903 928 23 20 le
942 927 85 25 prince
1044 926 192 21 Gustave-Adoi-

675 955 62 23 "phe,
758 955 7 19 l
767 962 13 15 e
799 954 84 24 prince
903 953 102 20 Charles
1024 953 25 19 et
1068 952 24 21 la
1110 952 125 24 princesse

683 980 129 25 Iiigeborg,
834 980 25 19 et
879 979 23 20 le
923 979 85 24 prince
1030 977 108 26 Eugène,
1159 978 76 20 firent

683 1007 54 20 leur
754 1005 92 24 entrée,
863 1005 83 20 salues
965 1009 47 19 par
1029 1005 36 20 les
1084 1004 64 20 deux
1167 1004 59 24 hym-

683 1037 45 15 nes
742 1032 142 21 nationaux.
898 1032 34 19 Le
947 1030 85 24 prince
1047 1028 94 26 régent,
1156 1028 71 25 repré-

682 1057 101 21 sentant
797 1057 22 23 le
833 1057 195 24 gouvernement
1042 1055 105 24 suédois,
1162 1054 65 21 indis-

685 1082 57 25 posé
767 1083 74 22 avait,
864 1086 34 16 au
920 1082 56 20 tout
998 1082 99 20 dernier
1119 1081 118 23 moment,

682 1108 40 21 été
739 1107 116 25 empêché
874 1106 127 22 d'assister
1016 1108 16 20 à
1048 1107 25 20 la
1090 1106 146 21 cérémonie.

711 1134 33 21 M.
763 1135 37 20 De
820 1134 75 24 Smet,
915 1134 114 20 ministre
1063 1133 43 20 des
1138 1132 98 21 Classes

683 1160 134 25 Moyennes
832 1162 25 19 et
872 1160 42 20 des
929 1159 111 20 .Affaires
1055 1159 181 24 Economiques

684 1186 30 20 de
747 1186 125 24 Belgique,
908 1189 127 21 prononça
1068 1185 23 20 le
1125 1185 112 20 discours

683 1212 200 23 d'inauguration
903 1216 31 16 en
952 1211 90 24 langue
1062 1210 133 25 française.
1215 1210 22 19 Il

683 1238 120 20 remercia
816 1238 25 20 la
855 1237 103 20 Famille
972 1236 102 25 Royale,
1087 1241 33 16 au
1133 1241 59 16 nom
1206 1236 30 20 de

683 1268 45 15 son
744 1263 201 24 gouvernement,
961 1268 64 20 pour
1039 1262 23 21 le
1079 1262 80 25 grand
1175 1261 52 21 inté-

683 1288 39 22 rêt
737 1289 86 24 qu'elle
839 1290 69 19 avait
924 1287 124 26 témoigné
1064 1293 64 20 pour
1143 1288 25 20 la
1184 1287 43 21 réa-

682 1315 101 21 lisation
800 1315 31 21 de
846 1320 28 16 ce
890 1314 88 25 projet,
993 1314 143 24 soulignant
1151 1318 47 20 que
1213 1314 23 19 le

682 1342 37 19 roi
736 1340 115 25 Léopold,
870 1340 30 20 de
917 1345 45 16 son
979 1339 62 26 côté,
1058 1340 68 21 avait
1144 1341 60 19 tenu
1220 1338 16 21 à

683 1367 118 20 accorder
821 1371 45 15 son
886 1368 138 23 patronage
1044 1365 17 20 à
1080 1366 66 20 cette
1165 1369 62 27 expo-

681 1393 83 21 sition.
782 1392 21 20 Il
820 1393 69 21 salue
906 1393 36 20 les
959 1392 142 21 initiateurs
1118 1392 31 19 de
1165 1392 71 19 celle-

682 1419 29 22 ci.
727 1418 23 20 le
767 1418 85 25 prince
870 1418 30 24 de
918 1419 70 23 Croy,
1004 1417 114 21 ministre
1135 1417 30 20 de
1181 1417 45 20 Bel-

682 1445 73 23 gique
772 1443 17 21 à
807 1444 151 23 Stockholm,
976 1445 25 19 et
1017 1444 22 19 le
1057 1444 113 19 ministre
1187 1442 40 25 plé-

682 1470 175 24 nipotentiaire
873 1471 30 19 de
919 1469 79 21 Suède
1015 1475 36 15 en-
1061 1469 125 24 Belgique,
1202 1469 33 20 M.

680 1496 110 21 Gustave
801 1496 31 20 de
843 1495 98 22 Dardel.
953 1496 20 19 Il
984 1495 100 21 adresse
1096 1494 138 25 également

680 1527 40 15 ses
737 1522 56 24 plus
810 1522 68 20 vives
896 1520 162 22 félicitations
1075 1520 17 21 à
1107 1525 63 16 ceux
1186 1521 48 24 qui,

682 1553 31 15 en
728 1548 109 25 premier
851 1548 56 24 lieu,
923 1547 45 20 ont
984 1546 129 21 contribué
1129 1546 16 21 à
1161 1547 74 20 l'heu-

681 1579 70 15 icuse
767 1572 143 22 réalisation
926 1573 29 20 de
970 1573 65 20 cette
1050 1573 144 24 exposition,
1210 1572 24 20 et

680 1600 156 20 notamment
848 1600 23 21 le
885 1598 94 21 Comité
994 1600 43 20 des
1050 1599 85 20 Foires
1149 1598 25 21 et
1188 1598 37 20 Ex-

680 1626 120 24 positions
815 1625 17 21 à
848 1625 127 20 Bruxelles
990 1626 26 20 et
1030 1626 26 19 la
1069 1623 96 22 Société
1180 1624 54 20 Bel-

681 1650 158 26 go-Suédoise
864 1650 16 21 à
904 1651 151 20 Stockholm.

707 1677 33 22 M.
758 1677 37 21 De
813 1677 68 21 Smet
899 1677 52 19 voit
968 1676 62 21 dans
1047 1677 26 19 la
1090 1675 143 21 réalisation

681 1703 29 20 de
732 1703 67 24 cette
822 1702 144 25 exposition,
990 1707 34 15 un
1047 1702 111 20 heureux
1181 1701 43 25 pré-

679 1734 60 19 sage
757 1734 63 19 pour
838 1729 112 23 l'avenir;
970 1728 17 20 il
1007 1728 110 24 exprime
1135 1728 99 24 l'espoir

679 1760 47 20 que
746 1755 35 20 les
801 1755 63 20 liens
882 1753 123 21 d'amitiés
1024 1754 71 20 entre
1114 1754 37 20 les
1169 1754 64 20 deux

679 1781 101 25 peuples
798 1780 66 21 iront
881 1785 32 15 en
929 1785 27 16 se
973 1780 140 21 resserrant
1130 1780 31 19 de
1178 1780 56 24 plus

678 1812 31 14 en
720 1807 64 24 plus.
795 1806 54 22 Une
862 1806 56 21 telle
931 1805 92 25 amitié,
1036 1806 112 24 souligne
1162 1805 61 20 l'ora-

680 1834 62 22 teur,
759 1833 39 20 est
815 1837 49 15 une
881 1832 75 20 chose
973 1837 56 16 rare
1048 1832 30 19 de
1096 1836 45 16 nos
1156 1831 77 24 jours,

678 1858 67 20 alors
760 1863 48 20 que
823 1859 23 21 le
861 1858 90 20 monde
966 1857 82 21 entier
1061 1858 112 20 traverse
1189 1857 44 20 des

679 1884 124 21 moments
825 1885 22 20 si
869 1883 110 25 pénibles
1003 1884 25 20 et
1049 1883 81 25 pleins
1167 1883 56 20 d'an-

678 1910 89 25 goisse.

705 1936 69 20 Pour
794 1935 128 24 terminer,
942 1935 24 22 le
987 1935 115 21 minrstre
1123 1935 110 25 rappelle

678 1962 23 20 le
718 1961 52 21 rôle
788 1960 184 26 prépondérant
988 1966 48 19 que
1053 1961 36 20 les
1106 1961 127 24 pionniers

678 1986 99 22 suédois
793 1988 44 19 ont
854 1986 56 25 joué
927 1987 62 20 dans
1005 1987 36 20 les
1056 1986 89 21 débuts
1161 1986 30 21 de
1208 1987 25 19 la

678 2013 164 21 colonisation
860 2013 148 24 congolaise.

705 2039 34 22 M.
756 2038 83 26 Skôld,
857 2039 114 20 ministre
988 2039 33 20 du
1039 2038 145 21 Commerce
1202 2038 30 20 de

678 2065 26 20 la
723 2064 87 25 Suède,
830 2065 78 24 ayant
929 2064 118 22 remercié
1067 2069 34 15 au
1122 2069 59 15 nom
1202 2065 29 19 de

678 2096 45 15 son
742 2091 201 24 gouvernement,
961 2095 46 16 son
1026 2089 110 26 collègue
1155 2090 77 25 belge,

679 2117 96 21 celui-ci
799 2115 99 22 déclara
921 2116 154 24 l'exposition
1097 2115 135 26 inaugurée

678 2145 25 18 et
715 2143 26 21 la
753 2143 72 23 visite
839 2143 43 20 des
895 2142 88 22 stands
996 2147 145 20 commença
1153 2143 69 19 aussi-

679 2168 43 22 tôt.
743 2169 47 20 Les
811 2169 116 19 visiteurs
960 2168 92 24 purent
1087 2173 145 20 remarquer

678 2199 47 21 que
739 2196 56 20 tous
809 2195 36 20 les
859 2194 127 20 domaines
1000 2194 30 20 de
1045 2193 137 22 l'industrie
1197 2193 35 26 s'y

680 2221 115 20 tiouvent
818 2220 143 25 dignement
982 2219 163 26 représentés.
1166 2220 68 20 L'ex-

678 2247 107 24 pesition
803 2246 64 22 d'art
886 2246 70 25 belge
976 2246 135 24 comprend
1129 2246 103 20 nombre

679 2273 31 20 de
730 2273 75 21 belles
827 2272 73 20 toiles
921 2275 26 19 et
967 2272 119 24 quelques
1121 2271 111 25 gobelins

681 2299 41 25 qui
747 2297 144 22 stscitèrent
914 2297 169 21 l'admiration
1108 2296 122 26 générale.

705 2324 40 21 Un
765 2324 180 25 emplacement
965 2323 92 25 spécial
1076 2325 39 20 est
1134 2322 97 22 réservé

679 2349 16 22 à
719 2355 48 16 une
792 2350 137 25 exposition
952 2350 121 20 coloniale
1097 2350 53 20 fort
1174 2350 57 20 bien

679 2377 99 24 conçue;

705 2402 34 20 Le
754 2402 80 26 grand
851 2402 55 20 clou
921 2404 29 19 de
965 2401 163 25 l'Exposition
1143 2401 39 21 est
1197 2401 26 20 in-

678 2428 223 21 contestablement
920 2429 25 19 la
962 2428 95 21 section
1076 2428 44 20 des
1137 2428 95 24 pierres

679 2453 139 25 précieuses
836 2452 117 26 exposées
971 2459 47 20 par
1035 2455 25 19 la
1079 2453 153 21 Collectivité

679 2481 43 20 des
742 2480 186 21 Diamantaires
948 2480 135 20 anversois.

705 2506 67 20 Leur
792 2506 86 20 valeur
898 2506 92 20 atteint
1009 2506 42 19 130
1072 2505 109 21 millions
1202 2505 30 21 de

678 2537 138 16 couronnes
834 2531 133 22 suédoises.
986 2534 34 19 Le
1040 2530 192 26 déchargement

677 2559 24 19 et
712 2558 23 20 le
746 2558 129 24 transport
886 2558 44 20 des
942 2557 126 21 diamants
1079 2558 41 20 n'a
1132 2563 46 20 pas
1190 2556 39 22 été

678 2589 49 17 une
742 2585 81 19 mince
838 2584 100 21 affaire.
953 2582 139 26 Flanquées
1107 2583 30 21 de
1152 2583 71 21 détec-

678 2610 70 24 tives,
759 2610 36 21 les
806 2610 93 20 caisses
912 2609 164 21 n'arrivèrent
1086 2610 16 20 à
1114 2609 108 25 l'Exposi-

678 2636 53 20 tion
743 2636 74 24 qu'au
830 2636 55 20 tout
898 2636 99 20 dernier
1008 2635 121 24 moment;
1145 2636 87 24 depuis

678 2662 51 20 lors
745 2662 30 21 de
789 2661 136 21 nombreux
938 2661 121 25 policiers,
1073 2661 113 21 revolver
1199 2666 32 16 au

679 2688 137 24 ceinturon,
833 2687 101 22 veillent
950 2688 58 24 jour
1024 2689 26 20 et
1066 2688 62 24 nuit,
1143 2687 18 21 à
1178 2692 45 20 pro-

677 2713 87 20 ximité
780 2714 34 19 du
831 2714 81 21 stand.

704 2740 38 19 De
757 2739 137 21 nombreux
909 2738 117 22 visiteurs
1042 2740 45 20 ont
1102 2739 58 25 déjà
1176 2745 46 19 par-

677 2770 76 16 couru
765 2767 35 19 les
812 2765 88 21 stands
911 2765 30 20 de
952 2765 162 24 l'Exposition
1125 2766 26 20 et
1161 2766 71 20 celle-

677 2792 23 19 ci
718 2796 30 15 ne
765 2796 92 19 pourra
874 2796 48 20 que
938 2791 144 20 contribuer
1097 2790 17 21 à
1131 2796 91 20 rappro-

677 2818 60 19 cher
749 2822 88 18 encore
852 2816 140 25 davantage
1004 2818 36 20 les
1053 2818 64 19 deux
1130 2818 101 24 peuples

678 2843 70 25 belge
766 2843 25 20 et
808 2842 106 22 suédois.

1083 2869 121 21 OTHON.

694 2926 532 56 VOYAGES

681 3014 94 20 ROME
797 3015 43 19 ET
860 3014 108 20 TOUTE
990 3014 145 23 L'ITALIE,
1155 3014 28 20 16
1203 3014 30 23 J„

724 3039 54 26 dép.
795 3041 27 20 10
839 3043 44 19 Av.
900 3041 25 21 et
942 3040 28 20 10
987 3041 57 19 Mai.
1060 3040 43 21 Fr.
1119 3040 69 22 2,010.

681 3067 157 23 LOURDES,
857 3067 14 20 8
889 3066 31 23 J.,
940 3065 54 25 dép.
1014 3066 27 20 13
1060 3068 45 18 Av.
1124 3066 41 19 Fr.
1184 3066 48 20 770.

680 3092 304 25 EINSfEDELN-Suisse,
1000 3092 14 20 7
1029 3092 30 23 J.,
1075 3091 54 25 dép.
1145 3092 28 20 18
1188 3093 44 19 Av.

679 3121 42 20 Fr.
731 3121 48 23 775.
790 3131 28 5 —
828 3120 82 20 TOUS
921 3118 151 21 DEPARTS
1084 3118 148 21 ASSURES.

681 3147 72 21 Ultra
782 3147 105 23 Montes,
916 3143 48 26 lee?7.
994 3151 19 15 r.
1042 3145 93 23 Neuve,
1157 3145 76 19 Brux.

680 3173 50 22 Tél.
747 3173 102 21 17.53.44.
1154 3170 76 22 (1161)

707 3235 47 48 LE
778 3228 122 54 DÉCÈS
924 3233 116 48 D'UNE
1063 3231 140 49 FEMME

810 3301 29 49 A
862 3298 238 50 MOLENBEEK

721 3384 24 32 II
763 3383 82 39 s'agît
865 3383 83 32 d'une
966 3387 74 27 mort
1057 3380 136 33 naturelle

699 3436 89 24 Lundi,
805 3441 63 15 nous
885 3440 77 16 avons
980 3433 79 22 relaté
1076 3433 26 21 la
1117 3433 67 21 mort
1200 3432 30 20 de

674 3464 67 21 Mme
763 3463 70 20 Elisa
856 3463 111 22 Casaert,
989 3467 45 15 rue
1056 3460 137 25 Delaunoy,
1214 3457 17 22 à

674 3489 151 22 Molenbeek.
850 3489 40 21 On
913 3487 109 27 ignorait
1043 3487 40 21 -s'il
1106 3486 125 25 s'agissait

674 3519 58 20 d'un
756 3518 77 19 crime
858 3521 32 16 ou
915 3515 72 20 d'une
1011 3515 68 20 mort
1102 3513 129 21 naturelle.

677 3545 77 20 L'ami
781 3543 95 22 -i'Elisa
903 3542 104 21 Casaert
1033 3540 70 21 avait
1128 3538 103 22 raconté

673 3577 47 20 que
740 3571 93 21 celle-ci
855 3570 62 22 était
937 3568 105 24 tombée,
1064 3573 27 16 se
1112 3567 119 21 trouvant

674 3605 31 16 en
729 3598 53 21 état
805 3598 124 20 d'ivresse.

699 3625 47 21 Cet
765 3625 58 22 ami,
843 3625 75 20 Louis
938 3624 85 24 Doms,
1043 3623 69 21 avait
1133 3621 39 22 été
1191 3625 30 17 ar-

674 3652 60 21 rêté.

702 3679 140 25 L'autopsie
865 3679 70 20 vient
959 3678 32 20 de
1015 3676 96 22 révéler
1134 3681 49 20 que
1206 3675 26 20 la

674 3707 66 20 mort
758 3706 95 20 d'Elisa
871 3706 105 22 Casaert
994 3704 63 21 était
1078 3704 48 21 due
1144 3703 18 21 à
1181 3707 49 16 une

676 3733 87 21 double
787 3731 156 26 hémorragie
967 3730 133 23 cérébrale.

700 3760 70 20 Dans
792 3765 42 15 ces
856 3759 140 21 conditions
1016 3757 76 21 Louis
1115 3758 77 20 Doms
1214 3761 17 16 a

674 3787 39 21 été
729 3786 76 21 remis
821 3791 31 15 en
868 3785 94 22 liberté.

912 3811 76 22 ♦•♦

698 3840 120 17 Excursions
836 3843 25 13 en
880 3840 54 16 train
952 3839 64 17 radio.
1035 3846 26 5 —
1079 3838 110 17 Dimanche
1207 3837 24 17 17

673 3863 50 15 avril
740 3861 97 19 (Pâques)
858 3864 6 13 :
879 3860 102 17 D'Anvers
995 3861 31 18 C,
1040 3860 90 18 Mallnes.
1147 3861 82 15 Schaer-

672 3884 50 16 beek
738 3884 20 16 et
775 3882 101 17 Bruxelles
892 3883 21 18 Q.
931 3881 23 19 L.
972 3882 15 16 à
1002 3882 82 19 Dînant,
1103 3883 126 15 Anseremme

672 3906 21 16 et
707 3906 28 16 les
750 3905 81 16 Grottes
846 3904 24 16 de
886 3904 50 18 H;in.
953 3903 119 17 S'informer
1085 3906 41 14 aux
1141 3903 89 16 bureaux

674 3927 25 16 de
724 3927 104 16 Tourisme
854 3926 98 16 d'Anvers
978 3925 23 17 C.
1032 3925 43 18 (tél.
1103 3925 77 18 258.39)
1209 3924 21 17 et

673 3948 109 17 Bruxelles-
784 3947 54 17 Nord
859 3948 43 17 (tél.
922 3946 97 20 17.30.35)
1040 3950 25 14 ou
1083 3950 15 13 a
1116 3947 21 16 la
1154 3946 76 17 station

672 3970 24 17 de
711 3970 90 17 Mallnes.

695 3991 110 17 Dimanche
820 3991 23 16 24
860 3990 51 17 avril
930 3993 7 14 :
953 3990 112 16 D'Ostende
1079 3990 23 19 Q.
1118 3990 21 16 et
1154 3989 75 19 Bruges

672 4016 14 13 a
708 4013 84 16 Mallnes
815 4013 20 16 et
858 4011 168 20 Bourg-Léopold.
1050 4011 118 17 S'Informer
1189 4014 41 13 aux

672 4035 85 16 stations
775 4035 25 16 de
817 4034 71 20 départ
906 4037 26 14 ou
949 4037 27 13 au
993 4033 76 17 bureau
1085 4033 25 17 de
1127 4032 102 17 Tourisme

700 4111 83 21 Etude
801 4111 31 21 de
851 4110 91 23 Maître
960 4109 95 21 Gaston
1073 4108 134 24 LECLEF,

824 4137 98 20 notaire
943 4135 17 22 à
980 4136 103 20 Dînant.

700 4186 80 20 Vente
799 4185 117 24 publique
935 4190 33 16 en
987 4189 51 17 une
1057 4182 69 23 -seule
1144 4182 90 22 séance

672 4211 75 21 d'une
761 4211 63 21 beUe
838 4211 79 20 ferme
931 4211 26 21 et
970 4210 55 22 bois
1038 4216 64 19 pour
1116 4215 48 17 une
1178 4214 47 16 con-

673 4239 105 20 tenance
797 4238 32 20 de

698 4263 39 31 44
758 4261 102 32 HECT.
881 4262 39 31 30
940 4260 90 33 ARES
1052 4262 38 30 72
1112 4259 100 33 CENT.

686 4307 81 23 située
792 4306 163 22 COMMUNE
980 4306 46 20 DE
1050 4305 170 21 BLAIMONT

701 4334 37 21 La
759 4333 124 25 propriété
903 4332 18 22 à
940 4333 94 21 vendre
1055 4333 132 23 comprend
1210 4332 25 20 la

673 4361 80 20 ferme
769 4361 31 20 de
816 4359 127 21 Blaimont
959 4364 63 19 pour
1036 4364 49 16 une
1101 4359 124 21 contenan-

674 4391 28 16 ce
716 4387 32 20 de
762 4386 28 20 35
805 4386 115 21 hectares
934 4384 27 21 43
976 4390 57 16 ares
1046 4386 32 21 de
1092 4384 141 24 bâtiments,

674 4413 80 20 terres
768 4413 27 20 et
809 4411 106 25 prairies
930 4413 25 20 et
969 4410 15 20 9
998 4411 115 22 hectares
1127 4412 31 21 de
1173 4411 61 21 bois.

702 4439 35 20 La
755 4439 80 20 ferme
854 4440 39 19 est
911 4436 94 22 divisée
1023 4441 32 17 en
1072 4437 15 20 6
1105 4438 47 19 lo's
1169 4438 65 20 mais

672 4469 59 16 sera
748 4465 97 20 vendue
865 4469 32 16 en
916 4469 82 16 masse
1017 4469 33 15 ou
1069 4467 46 20 par
1134 4462 48 23 lots
1201 4468 32 17 au

673 4490 44 24 gré
735 4491 45 20 des
796 4491 135 20 amateurs.

700 4517 55 20 Vue
776 4515 154 25 magnifique
951 4515 131 21 dominant
1102 4514 27 22 la
1148 4514 86 21 Meuse

674 4545 26 20 et
718 4541 120 22 situation
857 4542 92 24 unique
968 4546 64 20 pour
1050 4546 18 20 y
1086 4540 70 23 créer
1174 4541 51 20 bun-

674 4569 80 23 galow
775 4574 32 15 ou
828 4569 97 20 maison
947 4569 31 21 de
1001 4572 144 20 campagne.
1166 4567 68 21 Belle

673 4594 121 21 situation
807 4593 18 22 à
838 4594 13 20 4
867 4593 143 22 kilomètres
1024 4595 31 20 de
1069 4592 124 22 Hastière.

702 4619 94 22 Séance
811 4620 94 24 unique
924 4625 7 16 :
949 4619 83 21 Mardi
1048 4619 28 21 12
1092 4619 64 21 avril
1173 4619 62 24 1938,

674 4650 32 16 en
727 4646 81 19 l'hôtel
830 4646 96 21 Firmln
947 4646 101 24 Robert,
1068 4645 58 26 près
1145 4646 31 22 de
1210 4646 26 21 la

673 4671 101 24 station,
790 4671 18 21 à
825 4671 234 23 Hastière-Lavaux.

702 4698 68 21 Pour
795 4700 57 20 tous
878 4697 220 26 renseignements,
1124 4698 111 21 recevoir

676 4723 58 24 plan
759 4725 27 21 et
810 4724 208 21 éventuellement
1041 4725 92 21 traiter
1157 4725 78 21 avant

675 4750 25 20 la
719 4751 81 22 vente,
821 4750 135 21 s'adresser
975 4756 32 16 en
1027 4750 91 23 l'étude
1137 4751 34 21 du
1192 4756 34 16 no-

674 4774 64 24 taire
755 4775 91 25 Leclef,
863 4776 17 21 à
897 4776 110 20 Dimant.
1142 4776 90 23 (20893)
1241 4775 6 16 >

1293 252 138 47 Va-t-on
1455 253 128 45 reviser
1607 251 31 47 le
1662 253 121 54 procès

1292 319 43 46 du
1363 317 201 50 «réaliste»
1582 316 202 48 Awouters?

1359 420 68 39 Cinq
1442 421 116 30 témoins
1573 430 145 20 nouveaux

1384 469 85 33 ayant
1488 464 43 30 été
1553 464 142 31 dénoncés,

1300 508 28 31 la
1347 507 72 32 Cour
1439 508 33 32 de
1491 507 143 31 Cassation
1652 506 123 32 ordonne

1321 553 16 30 à
1355 551 27 32 la
1402 552 71 31 Cour
1492 550 119 40 d'Appel
1630 550 33 33 de
1680 550 79 32 Gand

1395 596 33 31 de
1445 595 103 32 donner
1563 606 49 20 son
1627 596 59 30 avis

1287 654 93 25 Joseph
1396 655 135 22 Awouters,
1548 654 58 20 chef
1623 654 149 19 d'orchestre
1790 653 24 19 et

1258 682 110 20 membre
1392 681 63 21 actif
1478 682 34 20 du
1536 682 65 23 parti
1626 679 100 22 réalis*e
1749 679 59 20 d'Ar-

1258 709 75 19 mand
1347 708 126 22 Janssens,
1487 708 68 19 avait
1569 706 38 21 été
1621 706 137 20 condamné
1771 710 46 20 par

1258 734 23 20 le
1309 734 110 20 tribunal
1446 732 180 21 correctionnel
1653 732 120 20 d'Anvers
1801 730 17 21 à

1258 760 26 20 10
1299 765 46 15 ans
1359 760 30 20 de
1403 760 91 23 prison,
1508 759 56 24 puis
1578 764 46 18 par
1636 759 25 20 la
1674 758 65 20 Cour
1751 758 57 23 d'ap-

1259 785 39 24 pel
1314 785 29 22 de
1359 785 133 22 Bruxelles,
1507 783 16 21 à
1538 784 13 20 8
1567 789 45 15 ans
1629 786 24 18 et
1669 783 13 20 6
1696 784 70 23 mois,
1783 783 32 19 du

1258 812 58 20 chef
1339 812 100 22 d'avoir,
1463 816 33 16 au
1520 816 72 15 cours
1616 810 72 21 d'une
1712 810 105 24 bagarre

1257 837 136 24 électorale,
1413 842 122 16 survenue
1554 836 17 21 à
1588 837 97 19 Anvers
1704 837 25 20 la
1746 835 71 21 veille

1257 864 30 20 de
1308 863 121 21 l'élection
1450 862 137 25 législative
1606 863 31 20 de
1658 862 60 23 1936,
1740 862 41 21 tué
1802 860 16 21 à

1258 895 75 19 coups
1349 890 31 20 de
1397 890 111 20 revolver
1523 889 35 20 les
1575 890 85 21 jeunes
1676 889 90 24 gardes
1781 893 27 16 so-

1258 916 109 20 cialistes
1379 916 48 19 Pot
1439 916 25 20 et
1477 915 71 24 Grijp
1561 916 25 19 et
1598 914 79 21 blessé
1690 920 34 17 un
1737 920 73 15 cama-

1258 942 60 20 rade
1338 942 31 20 de
1391 941 101 23 ceux-ci,
1513 940 98 21 nommé
1633 941 88 22 Dewit.

1286 975 129 20 Awouters
1438 979 17 15 a
1478 975 113 23 toujours
1615 973 121 25 prétendu
1760 973 57 25 qu'il

1258 1000 38 21 n'é
1309 1002 36 19 ait
1371 1006 46 18 pas
1443 1000 106 21 l'auteur
1574 1001 44 20 des
1644 1001 123 20 meurtres
1793 1000 24 20 et

1259 1026 58 25 qu'il
1330 1026 87 22 n'était
1429 1026 81 22 même
1524 1032 45 19 pas
1583 1026 75 22 armé.

1285 1060 120 20 L'affaire
1427 1060 69 21 avait
1518 1059 39 21 été
1580 1058 237 23 correctionnalisée,

1258 1085 26 21 la
1308 1086 117 20 chambre
1450 1087 44 19 des
1518 1087 76 19 mises
1619 1092 30 15 en
1674 1085 143 21 accusation

1257 1113 77 23 ayant
1353 1113 87 22 admis,
1459 1111 98 25 jusqu'à
1575 1117 34 15 un
1628 1112 94 20 certain
1742 1111 76 25 point.

1257 1143 47 19 que
1324 1138 94 24 Joseph
1437 1138 130 20 Awouters
1586 1139 69 19 avait
1674 1138 39 21 été
1732 1142 78 20 provo-

1257 1163 47 24 qué
1325 1169 47 18 par
1392 1165 36 19 les
1447 1164 144 21 socialistes.
1610 1165 152 24 Cependant,
1782 1164 36 20 les

1257 1190 158 23 juridictions
1430 1191 34 19 du
1480 1190 61 20 fond
1557 1189 135 25 rejetèrent
1708 1190 25 20 la
1747 1189 71 21 thèse

1257 1216 30 20 de
1307 1217 25 19 la
1351 1215 109 25 légitime
1479 1216 108 23 défense,
1605 1217 103 24 jugeant
1728 1221 47 19 que
1794 1215 24 21 la

1259 1241 102 21 défense
1386 1242 154 20 d'Awouters
1565 1244 70 21 avait
1659 1242 40 21 été
1724 1242 84 24 dispro-

1259 1267 144 23 portionnée
1428 1268 17 20 à
1470 1268 125 25 l'attaque,
1620 1269 36 21 les
1681 1268 137 21 socialistes

1258 1293 95 21 n'étant
1370 1300 45 18 pas
1431 1294 89 20 armés.

1285 1326 42 23 Or,
1344 1327 23 21 le
1383 1328 57 23 jour
1455 1327 80 21 même
1552 1326 32 22 où
1600 1328 26 21 la
1641 1328 66 20 Cour
1722 1327 95 25 d'appel

1257 1353 82 21 rendit
1358 1359 45 15 son
1422 1353 75 24 arrêt,
1516 1354 22 23 lç
1557 1354 133 21 défenseur
1708 1354 100 19 d'Awou-

1257 1379 59 23 ters,
1332 1379 43 30 M*^
1385 1379 102 24 Wynen,
1503 1381 70 22 reçut
1589 1385 49 16 une
1653 1381 155 20 communica-

1257 1405 53 20 tion
1328 1404 174 25 téléphonique
1520 1406 59 20 d'un
1597 1406 108 21 inconnu
1723 1408 43 22 qui
1783 1406 34 20 lui

1258 1430 112 24 dénonça
1398 1431 56 24 cinq
1483 1431 107 22 témoins
1618 1438 130 15 nouveaux
1776 1432 41 25 qui

1257 1457 101 20 avaient
1380 1456 97 25 négligé
1500 1458 31 20 de
1553 1465 27 14 se
1603 1459 64 21 faire
1689 1458 128 21 connaître

1257 1487 50 15 aux
1322 1482 122 21 autorités
1459 1483 150 24 judiciaires.
1625 1485 86 20 Parmi
1727 1490 41 16 ces
1784 1483 24 21 té-

1258 1510 81 19 moins
1364 1515 27 15 se
1417 1511 87 19 trouve
1529 1515 34 16 un
1589 1511 110 20 militant
1724 1510 92 22 libéral.

1257 1534 48 21 Les
1320 1534 113 24 témoins,
1449 1538 104 21 passant
1568 1542 31 15 en
1615 1537 51 20 taxi
1681 1538 22 20 le
1717 1537 53 21 soir
1784 1537 33 20 du

1257 1561 86 20 drame
1365 1561 92 20 devant
1479 1561 99 25 l'Opéra
1598 1563 112 21 flamand
1732 1563 17 21 à
1768 1563 39 20 An-

1256 1591 63 19 vers,
1338 1586 146 22 assistèrent
1502 1588 17 20 à
1537 1588 24 20 la
1578 1588 74 22 scène
1671 1590 30 20 de
1720 1589 88 24 l'agres-

1254 1611 62 21 sion.
1336 1612 127 22 Plusieurs
1481 1614 95 22 d'entre
1595 1620 48 15 eux
1660 1615 101 22 avaient
1779 1620 29 15 ra-

1257 1638 72 21 conté
1343 1644 34 16 au
1391 1641 195 23 correspondant
1599 1646 123 20 anonyme
1735 1643 31 20 de
1780 1641 32 21 M'

1256 1664 95 24 Wynen
1370 1665 71 24 qu'ils
1459 1667 101 20 avaient
1576 1672 34 16 vu
1628 1668 98 22 sortant
1743 1669 31 20 de
1792 1668 25 21 la

1255 1690 78 23 poche
1353 1691 58 21 d'un
1430 1692 44 20 des
1493 1692 88 24 jeunes
1600 1694 90 23 gardes
1709 1694 98 20 socialis-

1257 1718 44 21 tes,
1315 1716 78 25 Grijp,
1408 1717 111 24 croit-on,
1534 1719 25 20 la
1572 1724 83 19 crosse
1668 1720 58 21 d'un
1739 1719 67 22 revol-

1256 1747 45 15 ver
1325 1742 17 21 à
1367 1743 105 21 barillet.
1498 1744 36 20 Or
1559 1745 59 22 c'est
1645 1751 34 16 un
1705 1746 111 21 revolver

1256 1768 140 24 semblable,
1418 1769 134 22 découvert
1572 1777 46 16 sur
1638 1771 36 22 les
1696 1772 65 21 lieux
1782 1773 34 20 du

1255 1794 93 24 drame,
1365 1795 43 24 qui
1425 1797 39 20 est
1480 1796 86 22 l'arme
1582 1798 43 22 des
1642 1798 129 21 meurtres.

1282 1826 37 21 M*
1336 1827 96 25 Wynen
1448 1829 125 21 demanda
1588 1836 34 16 au
1638 1831 110 25 Parquet
1764 1831 43 21 l'in-

1257 1854 163 23 terrogatoire
1463 1856 45 20 des
1542 1856 108 22 témoins
1686 1857 129 22 dénoncés.

1255 1879 100 22 Ceux-ci
1376 1881 86 20 furent
1483 1882 122 22 entendus
1625 1884 68 20 alors
1714 1889 47 19 par
1781 1889 35 16 un

1256 1905 59 24 juge
1338 1906 173 23 d'instruction
1535 1908 120 22 d'Anvers
1678 1909 17 21 à
1718 1910 43 24 qui
1786 1911 30 20 ils

1254 1930 180 23 confirmèrent
1463 1934 36 20 les
1528 1935 68 24 faits,
1625 1936 48 21 tels
1702 1941 48 19 que
1779 1936 36 21 les

1258 1957 69 20 avait
1372 1958 130 24 rapportés
1549 1960 22 20 le
1619 1961 196 25 correspondant

1253 1988 124 20 anonyme
1397 1985 31 21 de
1447 1985 38 20 M*
1503 1985 103 26 Wynen.

1281 2016 65 22 C'est
1366 2018 62 22 dans
1448 2024 41 16 ces
1509 2020 140 22 conditions
1667 2026 48 20 que
1733 2022 24 21 le
1775 2021 31 21 dé-

1256 2042 101 21 fenseur
1378 2044 31 21 de
1430 2045 94 24 Joseph
1545 2047 130 22 Awouters
1696 2047 109 21 introdui-

1255 2069 33 21 sit
1311 2069 93 22 devant
1426 2072 26 19 la
1474 2071 67 22 Cour
1562 2073 32 21 de
1617 2074 126 21 cassation
1766 2080 49 15 une

1254 2095 101 23 requête
1371 2102 31 15 en
1418 2098 108 21 revision
1542 2104 45 16 sur
1601 2099 62 21 faits
1678 2104 136 17 nouveaux.

1255 2121 22 19 A
1303 2121 25 21 la
1352 2123 66 21 suite
1445 2124 33 20 du
1504 2124 75 24 dépôt
1604 2125 59 21 d'un
1689 2126 125 25 mémoire,

1253 2147 130 22 Awouters
1401 2149 41 20 fut
1459 2150 76 22 remis
1554 2157 30 15 en
1602 2150 95 23 liberté.

1281 2179 89 25 Mardi,
1391 2182 26 20 la
1437 2182 67 22 Cour
1524 2184 30 21 de
1576 2186 125 21 cassatfon
1721 2192 18 15 a
1759 2192 46 16 exa-

1254 2206 67 21 miné
1338 2207 25 20 la
1378 2208 101 24 requête
1496 2210 86 23 qu'elle
1598 2217 17 15 a
1630 2211 134 25 accueillie,
1780 2213 26 21 di-

1254 2233 58 19 sant
1331 2238 47 19 que
1397 2234 22 20 si
1438 2234 23 21 le
1479 2235 49 22 fait
1546 2235 93 23 énoncé
1658 2239 39 20 est
1715 2238 57 24 réel,
1790 2239 25 20 la

1254 2258 66 21 Cour
1336 2260 104 25 d'appel,
1457 2267 33 15 au
1508 2266 43 17 cas
1568 2261 33 21 où
1619 2264 46 22 elle
1683 2270 31 16 en
1732 2265 82 21 aurait

1255 2289 30 15 eu
1306 2287 185 24 connaissance,
1512 2290 83 22 aurait
1616 2295 34 19 pu
1670 2292 90 21 rendre
1781 2297 33 16 un

1254 2309 69 23 arrêt
1337 2311 128 23 différent.

1280 2343 39 21 En
1339 2345 175 26 conséquence,
1532 2347 46 23 elle
1596 2354 17 16 a
1629 2350 110 21 ordonné
1756 2350 17 22 à
1789 2351 26 21 la

1254 2368 67 22 Cour
1344 2371 97 24 d'appel
1464 2373 32 21 de
1520 2373 71 23 Gand
1615 2375 151 23 d'examiner
1789 2378 26 20 la

1255 2396 86 21 realité
1362 2398 34 20 du
1416 2399 49 20 fait
1486 2401 25 20 et
1531 2401 31 20 de
1583 2401 34 22 lui
1638 2402 96 21 donner
1753 2403 61 21 avis.

1255 2421 27 21 Si
1305 2422 97 23 celui-ci
1426 2428 38 20 est
1487 2426 135 25 favorable,
1646 2428 25 20 la
1693 2429 67 21 Cour
1783 2430 31 20 de

1255 2448 126 22 cassation
1404 2451 141 22 ordonnera
1568 2453 67 21 alors
1658 2455 26 20 la
1706 2455 108 21 revision

1254 2474 34 21 du
1303 2475 94 23 procès.

1847 254 309 67 RÉVEILLEZ
2179 261 68 58 LA
2265 260 118 61 BILE

1879 338 70 55 DE
1972 335 188 59 VOTRE
2184 335 186 58 FOIE-

1846 400 61 29 Sus
1918 398 100 29 calomel
2032 409 34 7 —
2079 403 22 23 et
2116 408 58 18 vous
2189 403 107 21 sauterez
2308 397 33 29 da
2355 395 28 31 lit

1933 436 21 28 le
1975 437 71 26 matin
2068 432 106 35 "gonflé
2189 432 14 29 à
2223 433 74 31 bloc"

1877 485 23 18 ■n
1913 486 55 17 t*aut
1981 487 47 17 que
2041 483 22 18 le
2077 482 49 19 foie
2138 485 65 14 verse
2216 481 95 19 chaque
2324 479 53 19 loi»,

1853 510 33 15 an
1898 506 55 18 litre
1965 505 29 18 de
2007 504 47 19 bile
2066 504 61 18 dans
2139 503 127 18 l'intestin.
2278 500 25 19 SI
2315 500 63 17 cette

1851 527 46 19 bile
1921 527 76 17 arrive
2021 524 55 21 mal.
2100 528 41 15 vos
2163 523 115 18 aliments
2303 524 31 15 ne
2356 524 23 15 se

1852 548 109 22 digèrent
1977 550 49 18 pas.
2041 546 29 19 ils
2083 550 25 14 se
2122 544 142 23 putréfient.
2278 542 45 19 Des
2337 546 43 17 gaz

1853 573 58 15 vous
1925 568 118 21 gonflent,
2052 570 59 16 vous
2125 567 50 18 êtes
2184 564 117 21 constipé.
2309 563 71 19 Votre

1853 593 134 19 organisme
2006 590 183 18 s'empoisonne,
2207 590 26 15 et
2253 589 59 15 vous
2330 588 50 16 êtes

1853 615 73 16 amer,
1939 612 94 18 abattu.
2047 609 63 18 Vous
2124 611 70 18 voyez
2206 610 55 16 tout
2272 611 31 14 en
2316 606 63 18 noir!

1884 633 42 18 Les
1945 631 97 19 laxatifs
2060 633 57 17 sont
2136 630 42 18 des
2197 628 113 22 pis-aller.
2330 627 57 19 Une-

1855 655 57 19 selle
1938 653 77 19 forcée
2042 653 116 18 n'atteint
2185 651 48 20 pas'
2254 649 22 18 la
2303 653 77 15 cause.

1854 676 83 19 Seules
1942 675 34 18 les
1990 673 120 19 PETITES
2123 671 120 21 PILULES
2249 669 132 20 CARTERS

1857 701 61 18 pour
1933 696 20 19 le
1969 695 68 19 FOIE
2050 697 45 16 ont
2111 694 20 19 le
2149 696 100 18 pouvoir
2264 692 118 18 d'assursr

1857 716 21 21 le
1893 718 59 18 libre
1967 717 80 18 afilux
2061 716 29 17 de
2105 715 47 18 bile
2166 718 42 17 qui
2224 717 59 15 vous
2298 714 84 17 remet-

1857 743 38 16 tra
1911 738 128 21 d'aplomb.
2058 736 129 22 Végétales,
2203 735 95 20 douces,
2315 736 65 17 eton.

1854 762 88 18 nantes
1956 762 60 18 pour
2030 758 59 18 faire
2102 757 81 19 couler
2197 756 23 18 la
2234 756 54 18 bile.
2298 756 81 20 Exigez

1855 783 33 18 les
1906 782 88 18 Petites
2009 779 88 19 Pilules
2110 779 95 18 Carters
2220 781 60 17 pour
2289 777 20 19 le
2319 777 57 19 Fola

1858 805 88 21 -Toutes
1959 804 157 23 pharmacies:
2132 806 36 19 fr„
2177 805 69 18 12.c*"c*..

2291 853 99 23 (2522-8)

1910 982 406 47 NECROLOGIE

1862 1091 39 20 On
1917 1096 63 16 nous
1998 1092 52 24 prie
2068 1092 148 20 d'annoncer
2231 1093 23 19 le
2273 1091 71 21 dicès
2361 1092 29 19 de

1863 1136 39 55 M
1906 1145 37 19 me
1965 1134 35 58 V
2001 1145 30 19 ve
2056 1135 115 57 Henri
2194 1135 177 57 JAC0BS

1899 1212 46 21 née
1968 1212 107 22 Thérèse
2098 1214 230 21 JEUNEHOMME

1835 1244 108 16 st.rvenu
1957 1239 18 22 à
1990 1240 162 22 Schaerbeek,
2168 1241 63 20 dans
2245 1245 29 15 sa
2289 1241 42 21 70e
2348 1245 33 16 an-

1833 1266 54 21 née.

1862 1294 47 21 Les
1929 1292 145 22 funérailles
2095 1298 45 18 ont
2159 1299 31 16 eu
2211 1294 50 21 lieu
2283 1295 62 20 dans
2366 1294 25 20 la

1833 1321 56 25 flus
1908 1321 86 21 stricte
2012 1320 122 23 intimité."

1861 1348 39 20 Un
1916 1348 95 20 service
2029 1348 104 22 funèbre
2149 1352 63 23 pour
2228 1348 24 20 le
2269 1354 73 19 repos
2361 1351 29 19 de

1834 1379 45 16 s:>n
1895 1373 55 23 âme
1965 1379 58 15 sera
2038 1374 95 23 célébré
2147 1381 31 15 en
2193 1375 101 25 l'Eglise
2310 1376 80 21 Saint-

1834 1401 105 24 ■Servais,
1959 1401 23 22 le
2001 1402 117 21 vendredi
2136 1403 15 20 8
2168 1404 112 22 courant,
2298 1403 17 21 à
2333 1403 13 21 9
2366 1403 24 20 h.

1861 1429 34 20 Le
1915 1427 102 26 présent
2037 1430 54 19 avis
2111 1430 63 21 tient
2195 1430 49 20 lieu
2265 1431 30 20 de
2317 1430 74 21 faire-

1833 1456 65 24 part.
2312 1457 74 22 (9060)

1860 1481 164 26 Schaerbeek,
2035 1483 21 22 9,
2068 1488 95 16 avenue
2175 1482 128 23 Maréchal
2316 1483 76 22 Foch.

1360 2542 61 33 LES
1443 2544 262 40 ESCROQUERIES

1295 2584 47 34 DE
1361 2586 45 33 LA
1425 2587 119 35 BANDE
1563 2591 208 35 R0SENTHAL

1276 2660 49 23 (De
1342 2663 72 21 notre
1430 2666 196 23 correspondant
1642 2668 155 23 particulier!

1582 2697 78 26 Mons,
1681 2699 15 20 5
1714 2700 70 20 avril.

1285 2720 94 24 Depuis
1394 2721 112 23 l'arrivée
1521 2723 17 21 à
1553 2724 25 19 la
1592 2725 85 23 prison
1693 2726 30 20 de
1739 2726 72 20 Mons

1257 2745 34 21 du
1304 2746 51 24 juif
1370 2747 118 25 hongrois
1502 2749 81 21 Julius
1598 2752 138 20 Rosenthal
1751 2753 60 20 dont

1259 2772 22 20 le
1305 2776 197 21 gouvernement
1532 2776 112 25 français
1667 2782 17 16 a
1708 2778 104 21 accordé

1258 2798 173 28 l'extradition,
1450 2803 23 20 le
1491 2803 59 24 juge
1571 2803 173 22 d'instruction
1762 2806 41 20 Du-

1258 2825 175 24 pont-Lacroix
1447 2833 16 14 a
1478 2828 105 24 procédé
1598 2830 17 20 à
1630 2830 30 20 de
1675 2831 138 20 nombreux

1258 2851 204 26 interrogatoires
1495 2855 30 19 de
1560 2856 100 20 l'escroc
1694 2857 61 21 dont
1787 2858 26 20 la

1258 2877 87 26 bande,
1367 2880 66 22 ainsi
1454 2879 75 26 qu'on
1552 2882 22 20 le
1597 2883 57 24 sait,
1676 2884 39 20 est
1735 2884 67 20 incul-

1257 2908 45 20 pée
1323 2905 94 21 d'avoir
1436 2906 86 21 éc-umé
1543 2907 124 26 l'épargne
1688 2910 124 25 publique,

1257 2931 56 20 tant
1330 2936 31 16 en
1377 2932 119 26 Belgique
1512 2938 48 20 que
1576 2935 63 21 dans
1655 2936 23 20 le
1694 2936 71 20 Nord
1781 2937 31 20 de

1255 2956 25 21 la
1300 2957 103 26 France,
1424 2960 31 20 de
1477 2960 105 25 quelque
1603 2961 71 26 vingt
1693 2962 116 21 millions.

1284 2990 139 22 Rosenthal
1441 2993 117 21 continue
1576 2993 18 21 à
1612 2993 133 26 prétendre
1763 3001 48 20 que

1256 3015 37 22 les
1311 3016 143 25 opérations
1474 3019 144 27 auxquelles
1636 3021 17 20 il
1671 3021 61 21 s'est
1749 3021 61 22 livré

1259 3043 126 20 n'avaient
1405 3044 55 20 rien
1482 3049 47 19 que
1551 3045 31 20 de
1603 3044 52 22 très
1685 3046 80 22 licites
1787 3047 26 20 et

1256 3073 47 19 que
1320 3073 42 15 ses
1380 3068 177 23 démarcheurs
1574 3072 126 21 n'avaient
1718 3071 17 22 à
1752 3072 49 21 s'oc-

1257 3099 76 20 cuper
1352 3100 48 20 que
1420 3096 31 20 de
1473 3096 87 21 choses
1581 3098 230 24 scrupuleusement

1257 3120 127 24 honnêtes.
1399 3121 41 21 Au
1455 3123 106 25 surplus,
1577 3123 18 24 U
1609 3123 60 22 s'est
1685 3124 49 22 fait
1749 3125 53 20 noti-

1258 3146 49 21 fier
1328 3147 37 21 les
1387 3148 88 21 motifs
1497 3150 35 20 du
1554 3150 105 21 mandat
1682 3150 120 22 d'extradi-

1257 3173 52 19 tion
1323 3174 62 20 dont
1397 3174 19 20 il
1430 3180 17 16 a
1460 3174 39 22 été
1513 3175 84 25 l'objet
1610 3177 26 20 et
1649 3177 18 21 il
1683 3182 17 16 a
1713 3176 97 22 déclaré

1256 3204 32 16 au
1308 3200 134 24 magistrat
1462 3201 152 22 instructeur
1633 3203 59 25 qu'il
1717 3208 33 16 ne
1774 3203 35 21 lui

1257 3226 144 24 rt-pondrait
1428 3225 18 21 à
1466 3232 98 16 aucune
1594 3227 72 22 autre
1696 3230 115 24 question

1255 3252 57 25 qu'à
1336 3254 74 20 celles
1442 3259 28 16 se
1503 3256 148 24 rapportant
1675 3262 51 15 aux
1751 3257 61 21 faits

1256 3283 63 19 pour
1335 3279 106 24 lesquels
1457 3280 18 20 il
1490 3280 40 20 est
1545 3280 98 26 inculpé
1660 3281 92 22 devant
1767 3282 43 21 lui.

1281 3311 83 22 Julius
1381 3313 138 21 Rosenthal
1535 3313 98 22 déclare
1649 3315 58 25 qu'il
1725 3321 17 15 a
1757 3315 44 21 tou-

1256 3338 70 24 jours
1350 3338 179 22 honnêtement
1552 3340 91 25 liquidé
1668 3342 83 20 toutes
1774 3342 37 20 les

1257 3363 142 26 opérations
1416 3366 143 24 auxquelles
1578 3367 17 22 11
1612 3372 17 16 a
1645 3366 41 22 été
1702 3367 71 23 mêlé.
1789 3368 22 20 B

1256 3396 28 15 s*,
1298 3390 122 25 présente,
1436 3392 132 26 d'ailleurs,
1581 3398 98 16 comme
1694 3399 35 15 un
1744 3394 68 20 bras-

1255 3423 59 15 seur
1330 3419 128 21 d'affaires
1476 3420 30 21 de
1521 3421 95 24 grande
1632 3426 137 21 envergure
1788 3422 25 20 et

1257 3448 34 15 un
1312 3443 159 25 spéculateur
1491 3445 145 22 audacieux.
1658 3446 66 22 C'est
1745 3447 65 20 ainsi

1257 3470 58 24 qu'il
1339 3475 17 15 a
1379 3470 100 25 indiqué
1502 3476 55 20 que,
1581 3477 27 16 se
1632 3473 120 21 trouvant
1776 3478 35 16 un

1255 3495 59 24 jour
1329 3495 18 21 à
1362 3496 80 26 Pearis,
1459 3498 18 20 il
1492 3496 103 26 spécula
1612 3503 45 16 sur
1673 3499 36 21 les
1725 3504 86 16 sucres

1256 3526 45 17 sur
1319 3522 65 24 cette
1404 3523 78 24 place,
1501 3528 32 16 en
1551 3523 82 23 même
1652 3525 82 25 temps
1752 3524 59 26 qu'il

1258 3546 122 26 spéculait
1411 3554 44 15 sur
1478 3550 37 20 les
1540 3549 53 23 blés
1617 3550 18 21 à
1656 3551 152 25 New-York;

1258 3574 62 20 l'une
1343 3574 44 22 des
1408 3575 122 24 positions
1560 3575 63 23 était
1643 3577 17 23 à
1681 3578 26 20 la
1729 3579 81 20 baisse

1256 3599 84 22 tandis
1355 3606 48 20 que
1418 3601 88 23 l'autre
1521 3601 63 23 était
1597 3602 17 22 à
1629 3604 26 20 la
1669 3604 99 22 hausse.

1284 3633 124 26 Quelques
1428 3635 71 24 jours
1527 3636 57 24 plus
1604 3637 64 25 tard,
1689 3637 19 21 il
1728 3637 84 22 donna

1256 3660 90 21 l'ordre
1369 3660 18 21 à
1409 3667 39 16 ses
1471 3661 134 26 banquiers
1628 3663 32 20 de
1681 3667 131 18 renverser

1256 3687 110 20 chacune
1381 3687 30 23 de
1426 3692 41 16 ses
1481 3689 121 24 positions
1616 3688 17 21 à
1647 3689 25 21 la
1686 3689 65 22 suite
1766 3691 44 21 des

1257 3713 213 25 renseignements
1491 3715 42 24 qui
1554 3715 36 21 lui
1610 3714 96 23 étaient
1724 3721 79 21 parve-

1257 3744 54 21 nus,
1333 3740 65 20 mais
1420 3745 41 16 ses
1484 3741 163 22 instructions
1669 3747 33 16 ne
1724 3743 87 21 furent

1257 3771 45 19 pas
1324 3766 129 22 exécutées
1474 3767 18 22 à
1512 3768 26 21 la
1558 3768 74 21 lettre
1655 3771 26 20 et
1701 3769 109 21 l'affaire

1256 3797 26 17 se
1300 3792 110 22 termina
1427 3798 71 19 pour,
1508 3794 35 21 lui
1561 3798 47 21 par
1625 3799 49 16 une
1692 3796 69 23 perte
1780 3796 30 21 de

1255 3818 89 25 quatre
1358 3819 108 22 millions
1480 3820 25 20 et
1519 3821 66 22 demi
1599 3820 31 21 de
1645 3821 93 21 dollars
1751 3822 59 24 qu'il

1255 3850 49 21 pay
1323 3852 23 18 a,
1367 3846 84 22 tandis
1471 3848 58 24 qu'il
1549 3849 84 20 aurait
1655 3848 33 21 dû
1708 3848 104 23 réaliser

1256 3875 35 16 un
1310 3870 113 22 bénéfice
1444 3872 72 21 d'une
1536 3873 96 21 dizaine
1652 3873 31 21 de
1701 3873 109 22 millions

1256 3898 30 22 de
1307 3897 98 22 dollars.

1282 3923 45 21 Tel
1347 3925 39 19 est
1406 3923 101 23 l'escroc
1529 3924 61 22 dont
1609 3926 24 21 le
1652 3926 107 25 parquet
1779 3927 31 21 de

1256 3949 73 22 Mons
1353 3950 121 25 s'occupe,
1498 3951 22 21 n
1547 3951 39 21 est
1611 3953 117 24 probable
1752 3958 56 20 que,

1254 3976 78 20 avant
1347 3981 49 19 peu
1411 3977 109 21 l'affaire
1532 3983 97 20 .pourra
1645 3978 85 21 entrer
1746 3979 63 22 dans

1256 4006 48 18 une
1321 4003 78 24 phase
1418 4004 120 20 nouvelle.

1496 4040 79 22 ♦•♦

1280 4083 47 47 LE
1350 4083 143 48 DRAME
1516 4084 53 47 DE
1593 4084 194 50 CAUMONT

1272 4172 49 23 (Da
1338 4175 72 19 notre
1428 4176 195 24 correspondant
1640 4176 157 24 particulier)

1564 4207 80 25 Mons,
1668 4207 15 21 5
1706 4207 71 21 avril.

1281 4230 67 23 C'est
1359 4236 34 16 au
1405 4232 56 22 café
1474 4237 13 15 «
1499 4232 144 23 Bienvenue
1657 4238 20 20 »,
1690 4233 61 21 tenu
1762 4238 49 21 par

1254 4256 59 23 Mlle
1328 4257 104 26 Daubie,
1449 4263 45 15 rue
1510 4257 151 27 Bergifossé,
1677 4257 18 22 à
1711 4259 98 21 Boussu

1254 4287 48 20 que
1315 4283 127 20 l'assassin
1455 4284 30 21 de
1497 4284 27 20 la
1536 4283 116 22 fermière
1666 4284 30 21 de
1709 4284 100 21 Maulde

1255 4314 14 16 a
1286 4308 40 21 été
1342 4308 90 26 arrêté,
1449 4314 59 17 sans
1523 4308 60 27 qu'il
1612 4310 38 21 ait
1680 4309 74 26 opéré
1784 4310 26 21 la

1255 4334 113 22 moindre
1390 4334 143 22 résistance.
1555 4336 20 20 Il
1596 4341 17 16 a
1634 4341 110 16 reconnu
1764 4341 46 16 son

1255 4361 77 20 crime
1348 4361 26 21 et
1390 4360 97 21 déclaré
1503 4360 59 26 qu'il
1577 4361 70 21 avait
1661 4361 44 21 tué
1721 4360 80 27 l'épou-

1255 4391 27 15 se
1305 4386 81 21 Pollet
1407 4391 75 21 parce
1520 4387 59 25 qu'il
1614 4387 70 22 avait
1707 4393 31 16 eu
1761 4392 48 17 une

1256 4412 139 21 discussion
1416 4418 61 15 avec
1497 4413 53 22 elle.

1283 4439 119 25 Broways
1419 4439 70 21 avait
1506 4444 45 16 sur
1567 4440 35 21 lui
1620 4440 103 21 environ
1741 4440 60 25 quin-

1255 4469 27 17 ze
1301 4466 71 19 cents
1391 4465 92 22 francs.
1502 4465 22 20 Il
1543 4470 17 16 a
1579 4464 98 22 déclaré
1695 4466 115 25 qu'après

1255 4490 71 21 avoir
1342 4492 38 20 fui
1397 4492 25 20 la
1439 4492 98 20 maison
1553 4491 34 21 du
1606 4492 84 24 crime,
1707 4492 18 20 il
1741 4492 70 21 avait

1255 4517 130 22 rencontré
1399 4516 17 21 à
1428 4517 90 21 Braffe
1531 4518 26 20 la
1569 4518 168 21 camionnette
1752 4518 57 22 d'un

1255 4544 170 23 commerçant
1442 4544 30 21 de
1489 4543 109 21 Tournai
1626 4548 29 16 se
1686 4543 125 26 dirigeant

1255 4572 57 16 vens
1330 4568 83 25 Mons;
1434 4569 18 20 il
1472 4568 69 23 avait
1561 4568 122 23 demandé
1701 4574 34 16 au
1753 4575 47 15 con-

1255 4593 105 22 ducteur
1375 4594 30 20 de
1420 4595 23 21 le
1459 4594 162 25 transporter.
1640 4596 33 20 Sa
1688 4595 122 21 demande

1254 4621 78 24 ayant
1343 4618 40 22 été
1395 4617 123 28 acceptée,
1531 4620 18 21 il
1560 4622 87 19 monta
1660 4622 63 20 dans
1734 4621 23 21 le
1770 4620 29 22 vé-

1256 4645 81 24 hicule
1354 4647 43 24 qui
1415 4646 110 25 chargea
1541 4644 141 26 également
1699 4653 29 15 sa
1745 4647 57 25 bicy-

1256 4671 81 21 clette.
1351 4673 38 20 La
1403 4672 167 20 camionnette
1585 4672 96 21 n'allait
1693 4677 47 20 pas
1755 4673 56 24 plus

1256 4697 50 20 loin
1323 4701 48 21 que
1386 4698 108 22 Boussu;
1514 4697 23 20 le
1552 4698 135 21 meurtrier
1701 4703 27 16 se
1744 4699 58 21 trou-

1253 4728 31 15 va
1295 4724 63 21 dans
1368 4722 65 21 cette
1443 4722 99 22 localité
1553 4728 56 15 vers
1619 4724 14 20 5
1643 4725 97 22 heures.
1751 4724 50 20 Bro-

1255 4753 70 20 ways
1348 4754 16 15 a
1387 4748 40 21 été
1450 4748 113 23 tansféré
1586 4750 82 21 mardi
1691 4750 82 21 matin
1794 4750 17 22 à

1255 4774 117 22 Tournai.

1860 1569 41 20 Un
1920 1570 94 20 service
2032 1570 168 20 anniversaire
2219 1575 57 16 sera
2294 1569 96 23 célébré

1837 1596 21 19 le
1883 1595 14 20 9
1923 1595 69 25 avril,
2018 1595 17 21 à
2061 1594 26 23 fl
2113 1597 94 23 heures,
2235 1602 30 15 en
2290 1597 100 25 l'Eglise

1836 1622 111 21 d'Ouffet
1965 1627 63 20 pour
2046 1622 22 22 le
2087 1628 71 21 repos
2176 1625 30 20 de
2224 1623 71 22 l'âme
2313 1626 30 21 de

2021 1657 182 22 MESSIEURS

1947 1690 148 47 Georges
2108 1693 34 37 et
2155 1691 128 38 Gaëtan

1918 1740 168 39 CARLIER
2106 1743 205 39 d'ODEIGNE

2310 1797 76 23 (9571)

1866 1863 40 22 On
1923 1870 62 17 nous
2000 1866 54 25 prie
2071 1867 148 21 d'annoncer
2232 1866 24 21 le
2273 1866 72 22 décès
2362 1867 30 21 de

2028 1899 172 22 MONSIEUR

1910 1931 188 39 Ferdinand
2125 1932 194 39 DETIENNE

1937 1984 148 22 NOTAIRE
2105 1985 197 22 HONORAIRE

1884 2010 130 22 Chevalier
2031 2012 32 20 de
2080 2012 94 21 l'Ordre
2191 2012 32 20 de
2240 2012 109 26 léopold

1839 2045 31 21 né
1884 2045 16 21 à
1913 2044 75 27 Liège
2001 2046 24 19 le
2038 2046 28 20 15
2080 2046 131 20 novembre
2225 2046 61 23 1872,
2301 2045 91 21 décédé

1839 2070 17 21 à
1872 2070 81 26 Liège,
1973 2073 21 19 le
2012 2073 14 19 4
2044 2074 61 19 avril
2123 2073 61 23 1938,
2201 2073 71 21 muni
2289 2073 44 20 des
2352 2073 30 20 Se-

1838 2103 72 16 coure
1928 2099 31 19 de
1975 2099 79 21 Notre
2071 2099 67 22 Mère
2155 2101 25 20 la
2197 2099 86 21 Sainte
2300 2099 91 26 Eglise.

1865 2125 48 20 Les
1932 2124 120 25 obsèques
2071 2125 144 21 solennelles
2234 2127 91 20 auront
2343 2126 49 21 lieu

1839 2151 23 21 le
1883 2151 68 25 jeudi
1972 2152 12 20 7
2006 2151 64 21 avril
2090 2153 111 25 courant,
2222 2151 17 21 à
2259 2153 28 20 11
2309 2154 30 22 h.,
2360 2158 32 16 en

1839 2176 92 26 l'église
1951 2178 17 21 S
1970 2179 34 19 te-
2004 2177 145 26 Véronique,
2168 2178 17 22 à
2202 2178 83 26 Liège.

1865 2203 114 21 Réunion
1993 2204 17 21 à
2022 2204 26 20 la
2060 2205 141 25 mortuaire,
2214 2211 45 15 rue
2272 2205 119 24 Louvrex,

1838 2231 34 22 57,
1886 2231 17 21 à
1917 2230 81 25 Liège,
2013 2231 16 21 à
2043 2232 28 20 10
2085 2232 95 20 heures.

1864 2257 185 20 L'inhumation
2066 2263 63 17 aura
2145 2259 50 20 lieu
2212 2258 64 21 dans
2293 2259 26 20 la
2335 2259 56 25 plus

1838 2284 87 20 stricte
1940 2283 114 22 intimité.

1867 2310 73 21 Selon
1962 2310 36 20 les
2018 2310 111 23 volontés
2150 2311 34 22 du
2205 2311 95 24 défunt,
2322 2312 15 21 n
2360 2315 32 16 ne

1839 2342 57 16 sera
1907 2342 45 20 pas
1966 2337 93 26 envoyé
2071 2338 29 21 de
2113 2338 85 22 lettres
2210 2339 31 20 de
2252 2338 139 25 faire-part.

1840 2364 32 22 Le
1888 2363 103 26 présent
2007 2364 54 21 avis
2079 2369 30 17 en
2125 2364 64 21 tient
2205 2364 56 21 lieu.
2312 2364 77 23 (9572)

2416 248 224 94 Marchés
2662 249 302 92 Américains

1899 2450 40 20 On
1952 2454 63 16 nous
2028 2449 52 26 prie
2094 2450 147 22 d'annoncer
2253 2449 26 22 la
2290 2451 66 19 mort

1872 2478 32 21 de

2016 2503 206 34 Mademoiselle

1890 2556 450 32 Louise-Esther-Marie-Lucienne

1864 2608 153 67 VAN
2058 2608 299 67 H00RDE

1874 2694 196 25 «Congréganiste
2083 2695 31 21 de
2127 2697 26 20 la
2167 2694 192 25 Sainte-Vierge,

1947 2722 112 21 Membre
2077 2723 33 21 du
2126 2722 160 21 Tiers-Ordre

1930 2750 30 20 de
1976 2750 199 24 Saint-François
2188 2750 115 22 d'Assise,

1874 2775 110 24 Décorée
1999 2779 31 20 de
2046 2777 25 20 la
2085 2776 113 21 médaille
2213 2776 146 26 pontificale

1991 2809 14 16 «
2021 2804 69 22 Bene
2107 2805 103 20 merentï
2227 2810 14 15 >

2017 2832 27 20 et
2059 2833 32 20 de
2105 2832 26 21 la
2146 2831 69 21 croix

1909 2861 72 21 cPro
2002 2860 113 22 Ecclesla
2137 2862 27 21 et
2185 2860 146 21 Pontiflce»

1874 2884 45 22 née
1938 2888 17 21 à
1974 2885 128 20 Bruxelles
2119 2885 24 21 le
2175 2885 14 20 2
2223 2885 134 20 novembre

1875 2912 60 23 1864,
1962 2912 153 25 pieusement
2138 2911 105 22 décédée
2268 2912 24 21 le
2316 2912 43 20 1er

1872 2940 64 22 avril
1954 2939 62 25 1938,
2034 2938 160 23 administrée
2210 2940 44 21 des
2272 2939 76 20 Sacre-

1874 2967 81 22 ments
1976 2967 31 22 de
2027 2966 78 21 Notre
2124 2965 68 22 Mère
2211 2966 27 20 la
2271 2966 85 20 Sainte

1873 2994 84 24 Eglise
1972 2994 26 20 et
2012 2993 86 21 munie
2110 2993 31 22 de
2155 2994 26 21 la
2194 2991 162 22 Bénédiction

1872 3020 168 24 Apostolique.
2047 3024 13 22 {
2104 3023 6 16 L

1901 3046 182 20 L'inhumation
2095 3041 21 24 â*
2118 3050 33 16 eu
2161 3045 51 21 lieu
2222 3045 17 21 à
2248 3044 108 25 Laeken,

1873 3073 62 20 dans
1948 3073 25 19 la
1984 3072 126 25 sépulture
2123 3074 29 19 de
2163 3074 26 19 la
2200 3072 101 22 famille.

1901 3107 40 21 Un
1952 3107 95 21 service
2058 3106 109 21 solennel
2178 3111 63 21 peur
2250 3108 24 21 le
2285 3110 73 21 repos

1867 3136 38 20 .de
1916 3139 46 16 son
1973 3134 56 20 âme
2040 3139 57 16 sera
2108 3134 95 21 célébré
2214 3139 32 15 en
2257 3133 100 25 l'Eglise

1873 3161 146 25 paroissiale
2062 3161 31 21 de
2137 3160 174 22 Sainte-Marie
2341 3160 17 20 à

1875 3187 155 22 Schaerbeek
2048 3187 24 22 le
2090 3187 119 21 vendredi
2226 3189 15 20 8
2258 3189 65 21 avril
2341 3187 17 21 à

1874 3216 28 20 11
1921 3215 97 22 heures.

1910 3253 36 22 Le
1968 3252 101 25 présent
2090 3252 55 21 avis
2167 3252 65 22 tient
2254 3253 51 20 lieu
2327 3252 31 20 de

1879 3279 137 24 faire-part.

1900 3302 128 21 Bruxelles
2042 3302 25 22 le
2080 3303 15 21 5
2109 3301 63 22 avril
2187 3302 62 23 1938,
2263 3305 45 17 nie
2323 3301 34 20 du

1873 3328 128 26 Méridien,
2019 3329 34 21 42.

2277 3356 76 23 (9573)

1866 3434 40 20 On
1920 3438 63 16 nous
1998 3434 53 25 prie
2068 3433 150 21 d'annoncer
2233 3433 23 21 le
2273 3432 72 21 décès
2361 3432 29 21 de

1879 3470 151 38 Monsieur
2052 3468 100 39 EMILE
2174 3468 171 39 ROUSSEAU

2014 3517 83 26 Major
2113 3516 104 23 retraité

1881 3543 131 23 Chevalier
2028 3544 32 21 de
2077 3543 95 20 l'Ordre
2188 3544 33 22 de
2238 3542 109 26 Léopold

1909 3570 75 22 Croix
2001 3570 115 21 militaire
2133 3570 32 20 de
2180 3570 43 20 1ère
2238 3568 82 22 classe

1927 3597 74 21 Croix
2020 3596 97 25 civique
2135 3597 33 21 de
2186 3596 30 21 2e
2235 3595 81 22 classe

1837 3623 117 22 Médaille
1972 3622 218 23 commémorative
2209 3623 36 21 du
2264 3622 75 25 règne
2360 3621 31 22 de

2043 3649 107 26 Léopold
2164 3650 27 20 n

1865 3678 114 20 Médaille
1999 3676 45 21 des
2065 3676 172 22 Combattants
2256 3676 33 21 de
2307 3676 57 21 1870

1838 3717 109 16 survenu
1968 3711 17 21 à
2005 3710 135 26 Bruxelles,
2162 3711 23 20 le
2206 3710 15 21 2
2242 3709 64 20 avril
2328 3709 62 24 1938,

1836 3740 64 21 dans
1916 3744 30 15 sa
1961 3738 42 20 86e
2018 3736 87 23 année.

1864 3765 74 22 Selon
1955 3765 35 21 les
2007 3764 110 22 volontés
2135 3764 34 21 du
2185 3761 96 26 défunt,
2297 3762 37 21 les
2350 3762 31 21 fu-

1837 3791 116 22 nérailles
1965 3791 44 21 ont
2021 3796 30 16 eu
2063 3791 50 21 lieu
2126 3791 61 20 dans
2197 3789 27 20 la
2234 3789 56 26 plus
2302 3788 87 23 stricte

1837 3817 114 24 intimité.

1864 3846 35 20 Le
1918 3843 103 28 présent
2039 3843 54 22 avis
2113 3842 64 22 tient
2194 3841 51 22 Heu
2266 3841 30 21 de
2315 3841 75 21 faire-

1837 3871 64 26 part

1861 3897 135 24 Bnixelles,
2007 3897 50 24 13a,
2069 3902 45 16 rue
2125 3896 30 21 de
2165 3896 25 21 la
2201 3894 109 23 Science.
2323 3895 66 21 (3544

1860 3963 40 22 On
1915 3968 65 17 nous
1996 3963 54 25 prie
2066 3961 150 22 d'annoncer
2230 3960 25 22 le
2271 3958 73 22 décès
2360 3959 30 21 de

1835 4001 168 39 Monsieur
2027 4000 148 39 Gustave
2196 3998 81 38 VAN
2301 3998 86 38 HAM

1831 4070 33 22 né
1885 4070 18 22 t\
1923 4070 205 22 Bralne-l'Alleud
2150 4070 24 21 le
2194 4067 28 21 11
2256 4067 134 22 novembre

1833 4097 54 21 1873
1905 4098 26 21 et
1946 4102 18 20 y
1981 4097 154 25 pieusement
2151 4093 90 23 décédé
2258 4093 23 23 le
2298 4093 14 21 4
2327 4093 63 22 avril

1832 4123 61 22 1938.

1858 4157 37 22 Le
1908 4156 96 22 service
2018 4155 105 22 funèbre
2138 4153 64 23 suivi
2216 4154 32 22 de
2262 4152 119 22 l'inhuma-

1831 4182 54 21 tion
1899 4188 59 15 sera
1972 4181 96 24 célébré
2084 4188 32 16 en
2131 4180 99 25 l'Eglise
2245 4180 145 24 paroissiale

1832 4209 31 20 de
1876 4208 145 22 St-Etienne
2034 4208 17 21 à
2063 4206 211 25 Braihe-l'AlIeud,
2287 4207 23 21 le
2322 4207 68 24 jeudi

1832 4235 15 20 7
1861 4235 64 21 avril
1940 4233 17 22 à
1972 4234 28 21 11
2015 4235 97 21 heures.
2141 4246 6 7 .

1859 4270 116 22 Réunion
1988 4270 18 23 h
2019 4271 25 21 la
2057 4270 136 23 mortuaire
2206 4269 17 22 à
2236 4269 28 21 10
2277 4270 25 21 h.
2315 4269 48 23 1/2.

1858 4297 49 21 Les
1929 4298 64 20 amis
2015 4298 26 20 et
2062 4299 190 20 connaissances
2274 4297 49 23 qui,
2344 4302 47 19 par

1832 4323 73 24 oubli,
1920 4323 70 21 n'ont
2003 4328 47 20 pas
2064 4328 59 21 reçu
2136 4324 31 21 de
2181 4322 138 25 faire-part,
2334 4323 57 20 sont

1832 4348 67 25 prié*,
1922 4349 31 21 de
1975 4349 143 22 considérer
2153 4351 24 21 le
2199 4347 101 26 présent
2336 4348 55 22 avis

1831 4380 96 17 comme
1946 4381 31 16 en
1997 4374 89 24 tenant
2105 4375 55 21 lieu.

1832 4400 113 23 Château
1968 4401 176 26 St-Sébastien,
2165 4400 212 22 Bralne-l'Alleud.

2312 4428 76 21 (9569)

2589 364 48 22 DU
2653 366 15 20 5
2684 364 102 22 AVRIL

2562 414 263 33 NEW-YORK

2522 457 97 17 •DOTONS
2641 458 33 15 (en
2693 459 55 14 cent»
2767 460 37 16 par
2823 456 38 18 Ib.)

2616 479 51 16 Clôt.
2701 480 73 15 Ouver-
2807 478 63 16 Cours

2902 477 42 18 an»

2612 502 52 16 pro
2716 503 48 13 tere.
2814 500 51 16 sulv.

2900 501 47 14 t-ere.

2410 523 40 16 Mal

2606 521 37 17 857
2702 521 37 17 8:>0
2809 529 27 5 —

2894 520 36 17 853

2409 544 68 16 Juillet

2607 543 37 16 862
2703 543 37 17 854
2810 550 27 5 —

2895 543 37 16 85S

2409 566 84 16 Octobre

2606 565 36 16 871
2703 565 36 16 8fi2
2810 572 26 4 —

2896 564 34 17 ses

2412 587 104 16 Décembre

2607 586 36 17 S72
2703 586 35 16 861
2810 593 26 5 —

2896 585 33 18 MA

2409 609 82 16 Janvier
2510 608 47 16 1039

2619 615 26 5 —
2703 608 36 16 864
2809 615 28 5 —

2895 607 36 16 872

2410 630 55 16 Mars
2483 629 46 17 1B39

2607 630 36 16 879
2703 629 36 17 870
2810 636 26 5 —

2896 629 35 16 8.6

2501 650 169 18 CAOUTCHOUC
2686 652 32 15 (en
2732 652 54 14 <-<-nti
2798 653 38 16 par
2849 651 25 15 ib.

2410 673 40 16 Mal

2608 673 47 16 1122
2703 673 48 16 10S6
2810 680 26 4 —

2895 672 48 16 1100

2409 695 59 16 Jullle

2608 695 47 16 1138
2705 694 46 16 1103
2810 701 27 5 —

2898 694 45 15 ICI*,

2409 716 115 19 .Septembre

2607 716 48 16 1151
2703 716 48 15 1115
2810 723 27 5 —

2896 715 47 16 1132

2409 738 83 16 Octobre

2607 738 48 16 uns
2704 737 48 16 ma
2810 744 27 5 —

2896 737 47 16 1138

2411 759 105 16 Décembre

2608 759 47 16 1172
2705 758 47 17 1138
2811 766 26 4 —

2896 758 48 16 1150

2409 781 81 16 Janvier
2510 780 46 17 1939

2608 781 8 15 3
2621 780 34 16 178
2716 788 24 4 —
2811 788 26 5 —

2897 779 46 17 1156

2411 802 54 17 Mars
2486 802 46 16 1939

2609 802 46 16 1190
2704 801 48 17 1150
2810 809 27 5 —

2897 801 46 17 1168

2540 823 76 17 CUIRS
2635 826 32 14 (en
2683 824 56 16 cent*
2754 826 36 16 par
2806 823 38 18 Ib.)

2409 846 46 16 Juin

2608 845 36 17 807
2704 845 36 16 791
2812 852 26 4 —

2908 852 25 4 —

2410 867 113 19 Septembre

2608 867 36 16 840
2704 866 36 17 830
2811 874 26 4 —

2907 874 25 4 —

2412 889 104 15 n-'ccmbr»?

2608 888 36 16 870
2704 888 36 16 845
2811 895 27 5 —

2908 895 25 4 —

2411 910 54 16 Mars
2483 910 46 16 1*039

2608 910 35 16 901
2704 909 36 17 875
2812 917 25 4 —

2908 917 25 4 —

2478 931 79 17 CAFES

2577 931 35 17 DE
2630 931 43 17 RIO
2694 933 32 14 len
2743 932 55 16 cents
2815 934 36 16 par
2868 931 37 17 Ib.)

2411 953 40 16 Mal

2608 953 37 16 402
2705 952 36 17 402
2812 961 26 4 —

2897 952 36 17 405

2411 975 67 16 Juillet

2608 974 37 17 393
2716 982 26 4 —
2812 982 26 5 —

2897 974 35 16 394

2410 996 115 19 .Septembre

2609 996 37 16 398
2716 1003 25 5 —
2812 1004 26 4 —

2897 996 36 16 3S6

2412 1018 105 16 Décembre

2609 1017 36 18 388
2716 1025 26 5 —
2812 1025 25 5 —

2897 1018 36 15 3-.Ô

2412 1039 54 16 Mars
2488 1039 46 16 1939
2547 1048 3 4 -

2622 1047 24 4 —
2716 1046 26 6 —
2812 1047 26 4 —

2898 1039 34 16 "c*

2479 1060 78 17 CAFES

2577 1060 98 17 SANTOS
2694 1062 33 15 (en
2743 1061 56 16 eentr
2816 1064 37 15 par
2870 1061 36 15 Ib.»

2412 1082 40 17 Mal

2609 1082 36 17 590
2706 1082 35 17 5*55
2812 1090 27 4 —

2898 1082 35 16 5S2

2410 1104 68 16 Juillet

2609 1104 36 16 580
2705 1104 36 16 579
2812 1111 26 5 —

2897 1103 37 17 576

2411 1125 114 19 Septembre

2609 1125 36 17 572
2705 1125 37 17 570
2812 1133 26 5 —

2897 1125 36 17 568

2412 1147 106 16 Décembre

2609 1147 35 16 574
2705 1147 36 16 571
2813 1155 26 4 —

2898 1146 35 18 57.

2412 1168 54 17 Mars
2482 1168 46 17 1939

2609 1168 36 16 577
2705 1168 36 16 576
2813 1176 25 5 —

2897 1168 36 17 574

2540 1189 85 17 CACAO
2641 1192 33 14 (en
2688 1192 56 15 cents
2758 1193 37 16 par
2810 1190 38 17 Ib.)

2412 1212 40 16 Mat

2609 1212 36 16 538
2705 1212 37 16 530
2813 1220 26 4 —

2898 1211 35 18 625

2411 1233 67 17 Juillet

2609 1233 37 17 540
2705 1233 36 17 533
2812 1241 26 5 —

2898 1233 22 17 52
2923 1234 9 15 s

2411 1255 113 19 Septembre

2609 1255 36 16 543
2704 1255 37 16 537
2811 1262 27 6 —

2897 1256 35 15 538

2411 1276 83 17 Octobre

2609 1277 36 16 546
2705 1277 36 16 538
2812 1284 26 5 —

2898 1277 34 16 .-.en

2412 1298 106 16 Décembre

2608 1298 37 16 550
2705 1298 36 16 547
2812 1306 26 5 —

2898 1298 34 17 530

2410 1319 82 17 Janvier
2511 1319 46 17 1939

2609 1320 35 16 553
2705 1319 35 17 549
2812 1328 26 4 —

2896 1320 34 15 —1

2411 1341 55 16 Mars
2481 1341 46 16 1939

2609 1341 36 17 559
2705 1341 24 16 55
2735 1346 6 10 1
2811 1349 27 5 —

2898 1342 33 16 549

2475 1363 79 16 HUILE
2566 1363 36 17 DE
2615 1362 81 17 COTON
2713 1364 33 15 (en
2758 1364 56 16 Mots
2825 1367 37 15 par
2873 1364 38 16 lb.1

2411 1384 41 16 Mal

2609 1384 36 17 797
2716 1392 26 5 —
2812 1393 26 5 —

2908 1393 25 4 —

2411 1406 68 16 Juillet
2520 1406 25 19 f%

2609 1406 37 16 790
2716 1414 26 5 —
2812 1415 26 5 —

2410 1427 114 19 Septembre
2543 1427 8 10 *

2608 1427 37 17 788
2716 1436 26 5 —
2812 1436 26 5 —

2411 1449 83 16 Octobre

2609 1449 36 17 780
2716 1457 26 5 —
2812 1457 25 5 —

2570 1471 84 16 srmn
2669 1471 77 18 (Contr.
2757 1474 20 14 a.
2792 1471 21 18 4)

2908 1458 25 4 —

2411 1492 40 17 Mai

2608 1493 25 16 95
2704 1493 23 16 94
2732 1493 18 19 »_
2811 1500 27 6 —

2896 1493 24 16 94

2410 1514 68 16 Juillet

2608 1514 25 17 96
2636 1514 18 19 '_
2704 1514 25 17 96
2811 1522 27 5 —

2897 1515 45 18 951.

2410 1535 114 19 Septembre

2608 1536 23 16 99
2636 1535 18 21 £
2705 1536 23 17 99
2811 1543 27 5 —

2896 1536 24 16 99

2410 1557 55 17 Mars
2483 1557 47 16 1939

2608 1557 37 17 107
2705 1557 36 17 107
2798 1558 7 6 *
2812 1565 26 5 —

2897 1557 56 16 1051C

2410 1578 42 17 Mal
2470 1578 47 17 1939

2609 1579 57 19 10914
2704 1579 36 17 109
2812 1586 27 6 —

2585 1601 218 34 CHICAGO

2897 1579 57 19 108*.

2525 1644 64 17 BLES
2606 1646 33 15 fen
2655 1646 56 15 cent*
2727 1648 37 16 par
2781 1646 78 17 bn-hel)

2410 1666 41 16 Mal

2607 1666 46 19 82%
2703 1666 25 18 82
2799 1666 25 17 82

2895 1666 46 20 81*4

2413 1687 69 17 Juillet

2607 1688 22 16 79
2633 1688 19 19 14
2703 1688 23 17 78
2729 1688 20 19 H
2798 1688 25 17 7»

2895 1688 46 20 7914

2412 1709 111 19 Septembre

2607 1710 24 16 80
2702 1709 24 18 79
2730 1710 21 19 %•
2798 1709 25 18 79
2826 1710 19 19 S

2891 1710 29 17 «0

2533 1730 62 17 ■HAIS
2609 1733 33 14 fen
2654 1732 56 16 cent*
2722 1735 37 15 par
2771 1733 24 15 bu
2798 1733 40 14 Miel
2842 1733 7 14 >

2409 1752 41 16 Mat

2607 1753 45 19 59'-_
2703 1753 45 19 59'^
2799 1754 46 17 5914

2895 1754 45 18 59%

2410 1773 68 16 Juillet

2608 1774 23 15 61
2704 1775 24 15 60
2731 1775 19 19 "j
2801 1775 45 18 60%

2897 1776 43 16 61'Ç

2412 1795 111 20 Septembre

2609 1795 21 16 61
2635 1794 18 20 14
2705 1796 22 15 61
2801 1796 22 16 61

2897 1796 20 16 61
2923 1797 17 13 ce

2516 1816 92 17 SEIGLE
2623 1819 34 14 (en
2669 1819 56 14 cent*
2737 1820 37 16 par
2787 1819 78 15 bushel)

2410 1838 41 17 Mal

2607 1838 23 17 59
2635 1837 18 21 **_
2704 1839 24 16 60
2811 1846 26 5 —

2897 1839 44 19 58%

2409 1860 68 17 Juillet

2607 1860 47 19 57S
2704 1860 46 19 57«4
2811 1868 27 6 —

2896 1860 24 17 58

2412 1881 111 20 Septembre

2608 1882 45 17 5614
2704 1881 24 17 57
2811 1890 26 4 —

2895 1882 47 19 57%

2513 1902 99 18 AVOINE
2628 1906 31 13 'en
2672 1905 57 15 cents
2740 1906 38 16 par
2790 1904 36 16 bas
2828 1903 40 18 bel)

2410 1925 40 16 Mal

2608 1925 45 19 27%
2704 1926 46 18 26H
2811 1933 26 6 —

2896 1925 25 17 27

2408 1947 69 16 Juillet

2607 1947 46 19 26%
2703 1947 46 19 25%
2811 1955 26 5 —

2895 1947 45 19 26%

2409 1968 113 20 Septembre

2607 1969 45 19 26%
2703 1969 46 17 2S(.
2810 1977 27 4 —

2894 1969 47 18 26-,

2496 1990 131 17 SAINDOUX
2644 1992 32 14 (en
2689 1992 56 15 e*nt*
2758 1994 38 15 par
2808 1991 67 16 bushel
2879 1993 6 14 }

2409 2012 41 17 Mat

2607 2012 58 19 8021.
2704 2012 36 17 800
2811 2021 27 4 —

2896 2013 37 16 816

2409 2034 68 16 Juillet

2607 2034 36 16 825
2703 2034 37 17 820
2810 2042 28 6 —

2896 2034 36 17 835

2410 2056 113 18 Septembre

2607 2056 37 16 850
2704 2056 36 16 845
2811 2064 26 4 —

2896 2056 58 19 8521.

2409 2077 84 17 Octobre

2608 2077 36 17 850
2704 2077 36 17 850
2812 2086 25 5 —

2570 2099 246 34 WINNIPEG

2897 2078 36 16 -*5Ô

2537 2143 50 17 BLE
2602 2144 33 16 (en
2649 2145 54 14 cent»
2717 2147 37 15 par
2767 2144 78 16 bnnhel>

2939 2140 20 14 rS

2410 2165 41 17 Mal

2608 2165 58 19 119%
2705 2165 57 19 119*4
2801 2166 57 18 119*4

2896 2166 58 18 121%

2408 2186 68 17 Juillet

2606 2187 37 16 108
2703 2187 58 19 107%
2799 2187 58 18 107%

2895 2187 36 17 107
2934 2187 19 19 H,

2409 2208 84 17 Octobre

2619 2209 45 18 87*4
2714 2208 47 19 86%
2811 2209 45 19 861.

2907 2209 47 19 8714

2513 2230 98 16 AVOINE
2628 2232 32 14 (en
2673 2231 56 16 cent*
2742 2234 36 14 par
2790 2231 80 17 bushel)

2409 2252 41 17 Mal

2607 2252 46 19 16%
2696 2252 52 20 .46%
2810 2260 26 6 —

2895 2253 47 18 46%

2411 2274 69 16 Juillet

2606 2274 46 18 42%
2713 2282 27 5 —
2809 2281 27 7 —

2895 2274 24 16 42
2922 2275 19 18 H

2409 2296 84 17 Octobre

2607 2295 47 20 37%
2715 2303 26 6 —
2811 2303 26 6 —

2896 2296 46 19 3714

2517 2317 91 16 8EIGI.F
2625 2321 32 14 ien
2670 2321 56 13 cen™
2739 2321 37 13 nar
2788 2317 79 17 bnaheti

2412 2339 37 17 Ma!

2607 2339 23 17 64
2702 2339 46 20 6314
2810 2347 26 6 —

2896 2340 22 16 63
2922 2340 18 18 b»

2409 2361 68 17 Juillet

2609 2361 44 19 61%
2704 2361 23 17 64
2811 2369 27 4 —

2897 2362 45 18 64%

2530 2382 70 17 ORGE
2615 2385 31 13 'en
2659 2384 55 16 cents
2727 2386 35 15 par
2774 2383 78 17 bnshel)

2412 2405 37 16 Mal

2606 2405 45 18 5S1.
2703 2404 24 17 58
2810 2413 26 5 —

2896 2406 43 17 58i_

2409 2426 68 17 Juillet

2608 2426 45 18 57-4
2704 2426 45 18 55%
2811 2435 27 5 —

2896 2427 24 16 55
2923 2428 18 18 V.

2411 2448 82 17 Octobre

2608 2448 46 18 51%
2704 2448 45 18 5114
2812 2456 26 6 —

2581 2470 114 16 loril.ll-l
2712 2469 91 19 (Lalnea)

2896 2449 47 19 51%

2408 2491 42 18 Mai

2607 2492 22 16 34
2643 2492 24 16 50
2714 2499 27 6 —
2811 2500 26 5 —

2906 2500 27 6 —

2410 2514 67 16 J-iillet

2607 2514 25 16 35
2644 2514 24 16 40
2714 2521 28 6 —
2810 2522 27 5 —

2410 2535 83 17 Octobre

2608 2535 24 17 36
2644 2536 24 15 30
2714 2543 27 6 —
2811 2543 26 6 —

2410 2557 107 17 Décembre

2608 2557 24 16 36
2644 2557 25 17 80
2715 2565 27 5 —
2811 2565 27 6 —

2454 2623 147 38 B0URSI

2590 2684 48 21 DU
2654 2685 15 20 S
2685 2684 102 21 AVRIL

1834 4542 162 38 Entreprise
2020 4543 123 38 spéciale
2159 4542 34 32 de
2212 4541 176 34 Funérailles

1836 4592 78 55 M
1916 4599 11 22 0
1928 4599 12 22 "
1941 4600 11 22 5
1992 4591 392 57 Melchior

2005 4663 193 23 BRUXELLES
2208 4668 8 17 :

1838 4697 41 21 16a
1896 4702 44 16 rue
1956 4697 31 22 de
2006 4698 50 20 Loti
2058 4699 64 22 vain.
2197 4697 50 20 Tél.
2257 4702 9 16 :
2285 4698 93 20 12.29.91

1833 4724 33 25 S3,
1882 4729 71 17 aven.
1968 4725 62 20 Paotï
2048 4725 35 20 De
2098 4725 67 21 Jaer.
2180 4733 25 7 —
2223 4723 48 21 Tél.
2288 4725 94 20 37.83.99

1838 4750 33 24 57.
1884 4754 46 18 rue
1942 4750 29 20 de
1985 4750 55 20 Xav
2060 4750 37 21 Dp
2110 4750 59 21 Bue.
2182 4758 26 7 —
2221 4749 51 20 Tél.
2284 4749 96 21 44.09.17

1919 4776 85 22 Grand
2021 4777 73 21 choix
2111 4777 33 21 de
2161 4776 144 23 Couronnes
2324 4777 63 21 (124)

2684 2749 31 16 cl
2730 2751 30 14 tr.
2777 2749 49 16 onv.
2843 2748 22 17 c.
2883 2752 16 12 s.
2917 2748 43 17 cio»

2437 2769 61 17 Allled
2514 2770 101 16 Chemlca)
2677 2770 58 19 131H
2766 2778 25 5 —
2833 2770 57 19 130^
2910 2770 37 17 135

2436 2792 103 16 Americap
2554 2792 42 16 Cas
2613 2802 6 5 .
2634 2803 4 4 .
2687 2792 46 19 80%
2764 2792 46 18 80%
2842 2792 45 19 S0-U
2920 2792 25 17 82

2437 2814 65 16 Amer.
2520 2813 97 17 Radlator
2634 2824 6 4 .
2701 2814 34 18 9%
2768 2815 44 14 im:,
2846 2815 43 17 îo-k
2923 2814 44 16 io-i

2436 2837 65 14 Amer.
2524 2835 96 19 Smelting
2689 2835 46 19 32V4
2766 2835 46 18 32'A
2844 2835 46 19 32»i
2922 2835 46 17 34*4

2436 2857 103 16 American
2554 2856 42 17 Tell
2614 2867 4 6 ,
2633 2868 4 3 -
2678 2857 57 19 122*4
2755 2857 36 17 122
2833 2857 57 19 122^4
2910 2857 58 19 126%

2437 2879 64 16 Amer,
2518 2879 89 15 -'obacco
2625 2878 15 16 &
2689 2879 23 16 66
2766 2879 45 18 66-Vi
2844 2879 46 19 66%
2921 2879 24 16 68

2436 2900 106 16 Anaconda
2560 2900 77 19 Copper
2689 2901 44 17 _!''*,
2766 2900 46 19 24%
2843 2901 47 18 24%
2921 2901 46 18 25%

2437 2922 74 16 Atchla.
2525 2921 43 19 Top
2580 2922 20 15 et
2614 2921 38 17 S.P
2690 2922 45 19 25%
2767 2922 46 19 25%
2844 2922 47 19 25%
2922 2922 45 19 25*i

2436 2943 99 17 Bethléem
2557 2943 53 17 Steel
2634 2954 6 6 .
2688 2944 46 19 43%
2765 2944 46 17 43%
2843 2944 47 18 43%
2920 2942 47 21 44%

2435 2965 71 19 Brfpgs
2528 2964 41 20 Mie
2592 2976 7 5 .
2612 2975 7 7 .
2632 2975 7 7 .
2688 2966 46 18 16%
2767 2966 46 18 16%
2844 2966 46 19 16%
2921 2966 45 18 16%

2434 2986 104 16 Canadfan
2564 2986 75 16 Pacific
2699 2987 34 18 5%
2777 2987 34 19 5%
2854 2987 34 19 5%
2930 2987 35 18 5%

2434 3007 51 16 Case
2505 3007 28 16 Co
2687 3007 46 19 69%
2765 3016 26 4 —
2843 3008 46 18 69%
2920 3008 46 19 69%

2434 3028 92 18 Chrysler
2546 3028 65 16 Motor
2632 3038 6 6 .
2686 3029 46 19 40%
2763 3029 47 19 39%
2841 3029 46 18 39%
2918 3029 46 19 41%

2433 3048 130 17 Commercial
2579 3049 46 19 S0I7
2699 3049 13 17 7
2776 3049 13 17 7
2853 3050 34 19 7%
2931 3050 34 19 7%

2434 3070 58 16 Cons.
2505 3070 42 16 *3as
2559 3070 23 16 of
2595 3070 25 16 N.
2635 3069 14 17 T
2688 3071 23 16 19
2764 3071 46 19 19%
2842 3071 46 19 19%
2920 3072 45 18 19%

2436 3091 30 17 Du
2483 3092 48 19 -pont
2549 3092 24 16 de
2592 3092 41 15 Neu
2686 3092 46 19 98%
2764 3093 45 18 98%
2841 3093 46 19 97%
2919 3093 45 18 98%

2433 3113 83 16 General
2537 3113 84 17 Electric
2687 3114 46 18 30%
2764 3114 46 19 30%
2842 3114 46 18 30%
2920 3114 46 19 31%

2433 3134 84 17 General
2538 3135 75 16 Motors
2686 3135 45 18 28%
2762 3135 46 19 28%
2840 3135 45 19 28%
2918 3136 24 16 29

2434 3155 96 17 Internat.
2550 3156 70 16 Nickel
2685 3157 46 19 40%
2763 3157 45 18 41%
2840 3157 46 18 41%
2918 3157 46 19 43%

2433 3177 109 18 Kennecott
2558 3178 78 20 Copper
2687 3178 25 17 30
2764 3178 47 19 30%
2842 3179 47 18 30%
2921 3179 46 19 31%

2434 3199 96 17 Lorlllard
2545 3199 92 17 Tabacco
2688 3200 45 19 14%
2765 3200 46 19 15%
2830 3202 3 7 '
2843 3200 46 19 15%
2921 3201 45 19 15%

2434 3220 32 18 Me
2484 3220 69 20 Intyre
2570 3220 64 17 ïlinea
2686 3230 25 4 —
2764 3221 46 20 37%
2842 3222 45 19 37%
2919 3222 25 17 38

2434 3242 101 20 Montgom
2568 3242 59 17 Ward
2688 3243 24 17 28
2766 3243 24 17 28
2793 3244 19 19 %
2844 3244 46 19 27%
2921 3244 24 17 28
2948 3245 19 17 %

2432 3264 93 16 National
2538 3263 52 18 Diat.
2604 3264 33 17 Pr.
2686 3265 45 19 18%
2762 3265 46 19 19%
2840 3266 46 16 19'A
2918 3266 46 18 19%

2433 3285 111 18 New-York
2559 3286 75 17 Centra
2689 3287 45 19 12%
2766 3287 45 19 12%
2845 3287 46 19 12%
2922 3288 45 19 12%

2434 3307 94 17 Norand-
2543 3307 53 17 Mine
2613 3307 25 17 \A
2652 3307 4 4 '
2686 3316 26 5 —
2765 3316 25 5 —
2842 3317 27 5 —
2918 3317 27 6 —

2434 3329 62 17 Nortb
2516 3330 104 15 Amencan
2686 3330 45 19 15%
2763 3330 46 19 15%
2841 3331 46 19 15%
2918 3332 25 16 16

2433 3350 154 19 Reynolda-Tor.
2613 3351 24 17 B.
2685 3352 45 19 37%
2763 3352 46 20 37%
2840 3353 48 19 37%
2917 3353 24 17 38

2432 3373 60 16 Sears
2509 3373 93 17 Roebuck
2685 3373 46 20 50%
2762 3382 26 5 —
2841 3374 46 20 51%
2917 3375 46 19 52%

2432 3394 100 17 Steandard
2553 3394 77 17 Brands
2698 3395 13 17 7
2763 3403 25 5 —
2853 3396 13 17 7
2931 3396 13 17 7

2432 3416 70 17 Stand.
2515 3416 31 17 OU
2558 3416 24 17 Of
2593 3416 26 17 N.
2633 3416 15 18 I
2684 3417 26 16 44
2761 3418 47 18 43%
2840 3418 24 16 44
2917 3419 47 19 44%

2433 3437 63 17 Union
2515 3438 77 17 Pacifie
2610 3449 6 5 .
2629 3448 8 7 .
2687 3439 21 15 fil
2763 3447 26 5 —
2842 3440 24 16 62
2919 3440 25 17 63

2433 3459 70 17 United
2524 3460 86 16 Alrcraft
2629 3470 7 6 .
2685 3460 24 16 22
2720 3462 5 5 '
2761 3461 46 19 22%
2840 3461 46 19 22%
2917 3462 46 18 22%

2434 3481 51 16 Unit.
2503 3481 69 16 Staten
2588 3481 46 17 Stes
2685 3482 46 20 40%
2761 3483 23 16 41
2839 3484 46 18 41%
2917 3484 25 16 43

2433 3502 106 20 Westlngh.
2563 3503 62 17 Etect.
2685 3504 24 15 67
2761 3504 47 19 67%
2839 3505 46 19 66%
2917 3506 44 18 69%

2433 3524 117 17 Woolworth
2576 3535 7 7 .
2609 3535 7 7 .
2630 3535 6 6 .
2686 3525 46 20 38%
2763 3526 46 20 39%
2841 3527 46 19 39%
2919 3528 46 18 39%

2572 3554 70 17 CURB
2662 3554 142 18 EXCHANGE

2433 3575 71 17 Electr.
2523 3575 55 17 Bond
2597 3577 20 15 et
2635 3576 20 16 S.
2698 3575 34 20 5%
2775 3577 12 16 6
2853 3577 13 17 6
2931 3578 32 18 6%

2590 3604 197 19 TRANSACTIONS

2433 3626 128 16 Précédente*
2576 3636 8 8 .
2601 3636 8 7 .
2625 3636 7 7 .
2673 3627 81 18 690.000

2411 3647 29 16 Ce
2455 3648 51 18 lonr.
2523 3648 15 16 A
2554 3648 21 15 11
2593 3647 38 19 h.-
2672 3649 36 16 150
2715 3649 36 16 000

2407 3669 28 16 Ce
2447 3670 50 18 Jour,
2513 3669 13 16 â
2540 3670 22 15 14
2576 3670 19 16 h.
2675 3665 80 24 45O*.000

2602 3698 66 17 CALL
2686 3699 18 16 M
2707 3700 51 15 ONT
2760 3700 14 15 Y

2408 3720 27 18 Ce
2451 3720 47 20 Jour
2514 3731 8 8 .
2545 3727 9 12 ï
2578 3731 8 7 .
2610 3731 7 6 .
2642 3731 8 7 .
2673 3721 12 16 1
2701 3724 19 17 p.
2736 3724 19 14 c

2579 3750 118 16 BROKERS
2716 3750 66 16 I-1AFI

2430 3771 30 17 En
2476 3771 117 17 diminution
2609 3783 5 5 .
2628 3782 6 6 .
2671 3771 112 19 19,000,000

2456 3853 92 33 COURS
2563 3853 51 33 DES
2629 3854 113 33 METAUX
2758 3854 18 32 A
2791 3853 127 34 LONDRES

2604 3912 64 16 Mardi
2686 3913 13 17 5
2715 3911 52 18 avril

2741 3955 107 20 Comptant
2873 3956 70 16 Terme

2406 3977 72 18 Cuivre
2494 3977 101 18 Standard
2612 3988 7 8 .
2643 3988 9 8 .
2674 3984 11 15 a.
2706 3984 12 14 ■
2739 3988 8 8 .
2772 3977 24 18 38
2808 3978 12 17 8
2832 3978 12 17 9
2880 3977 25 18 38
2917 3978 36 18 5/8

2751 3999 98 17 Achètent
2878 4000 84 15 Vencjeji

2405 4020 72 18 Cuivre
2492 4021 147 19 électrolytlque
2663 4031 7 8 .
2694 4027 10 13 i
2726 4031 8 8 .
2759 4021 24 17 42
2795 4021 37 21 4/8
2868 4021 24 17 13
2904 4021 36 19 2/8

2406 4042 71 18 Cuivre
2495 4043 51 16 "Vire
2564 4044 49 15 Bar.
2631 4052 103 8 ....
2759 4042 24 18 43
2796 4043 36 19 2/8

2406 4064 71 17 Cuivra
2498 4064 46 17 Beel
2566 4064 76 17 Sleeted
2662 4074 72 9 ...
2759 4063 25 18 42
2867 4064 25 18 43
2904 4065 36 21 2/8

2739 4086 108 19 Comptant
2875 4090 10 12 i
2889 4090 52 12 eerme

2408 4107 61 18 Etala
2661 4113 10 14 I
2694 4117 8 9 ■
2726 4117 7 7 .
2746 4107 37 17 168
2796 4108 35 17 1/8
2856 4108 36 17 168
2904 4108 36 20 5/8

2405 4129 47 17 Zinc
2475 4130 94 16 acheteur
2760 4129 24 17 13
2796 4129 37 19 4/8
2869 4129 24 17 13
2905 4129 23 17 13
2940 4129 12 17 9

2478 4151 88 17 vendeur
2759 4151 25 17 13
2796 4151 22 16 11
2832 4151 12 17 3
2869 4151 24 17 13
2905 4151 35 18 6/8

2405 4171 68 18 Plomb
2490 4174 93 14 acheteur
2758 4172 25 17 15
2795 4172 37 20 5/8
2868 4173 24 16 15
2904 4172 36 20 5/8

2476 4194 88 17 vendeur
2762 4194 23 17 15
2798 4194 22 17 13
2832 4194 12 17 9
2869 4194 24 17 15
2905 4194 24 17 13
2940 4194 12 16 9

2405 4216 75 19 Argent
2494 4216 58 17 barre
2759 4216 23 16 19
2793 4215 51 21 2/16
2868 4216 24 17 18
2904 4216 47 18 6/16

2405 4238 75 19 Argent
2492 4238 30 16 fin
2760 4237 24 17 20
2798 4238 46 17 1/16
2868 4237 24 18 19
2904 4237 48 19 S/16

2406 4259 27 16 Or
2447 4259 36 17 140
2498 4259 13 17 0
2527 4258 44 22 1/2.

2465 4319 79 34 LES
2585 4319 329 33 MERCURIALES

2430 4390 108 23 VEDUIN.
2557 4390 12 17 4
2588 4390 58 19 avril.
2666 4398 24 5 —
2707 4389 81 18 Marché
2806 4393 41 14 aux
2863 4389 99 17 bestiaux.

2407 4412 89 20 Exposés
2523 4407 15 22 :*
2555 4412 46 19 370;
2626 4412 73 16 vaches
2735 4415 26 13 ou
2786 4412 93 19 génisses,
2918 4411 45 19 270;

2406 4433 72 20 boeufs,
2493 4434 34 19 85;
2542 4435 105 18 taureaux,
2662 4434 30 16 15.
2707 4441 27 5 —
2746 4433 82 18 Marché
2844 4436 40 14 aux
2898 4436 63 17 porcs.

2406 4455 88 19 Exposés
2514 4458 6 14 :
2538 4455 43 18 350.

2432 4477 115 19 HANNFT,
2566 4474 17 19 '4
2610 4477 56 16 avril.
2691 4484 27 6 —
2740 4477 80 19 Beurre,
2845 4476 24 17 21
2892 4476 15 17 A
2929 4476 34 19 22;

2407 4499 58 18 œufs,
2485 4498 54 20 9.50;
2560 4498 71 20 lapins,
2652 4498 54 20 7.50;
2725 4500 99 18 moutons,
2845 4498 44 17 2.60
2909 4497 15 18 A
2941 4498 22 19 4;

2407 4520 74 19 poules,
2501 4520 24 17 13
2543 4519 15 18 à
2577 4520 32 19 16;
2630 4520 86 20 pigeons,
2736 4520 13 18 8
2766 4520 15 17 A
2798 4521 33 18 10;
2852 4520 110 18 nourrains,

2406 4541 36 17 250
2463 4541 15 18 A
2497 4541 36 18 300
2537 4546 6 16 ;
2564 4545 71 16 veaux,
2657 4542 18 17 5.
2678 4542 24 17 50
2721 4541 15 18 A
2756 4542 44 17 6.50
2803 4545 6 16 ;
2830 4545 58 16 porcs
2909 4544 53 16 gras.

2406 4563 44 17 6.25
2470 4563 15 17 A
2503 4563 22 20 7;
2547 4564 63 16 choux
2631 4564 75 18 blancs.
2727 4563 53 19 2.50;
2801 4564 64 16 choux
2885 4565 77 18 rouges,

2407 4585 53 20 2.50;
2482 4586 84 18 chicons,
2591 4585 53 20 1.80;
2666 4586 72 16 choux-
2740 4586 68 18 fleurs,
2831 4584 53 20 2.75;
2905 4588 50 13 oran-

2408 4610 40 17 ges,
2473 4606 37 18 115
2534 4607 21 17 la
2578 4607 74 20 caisse;
2676 4607 86 19 salades,
2788 4606 53 20 0.50;
2865 4606 98 19 tournées,

2408 4628 52 21 0.60;
2480 4629 59 17 radis,
2558 4628 51 18 1.25.

2431 4650 130 19 D1XMCDE,
2576 4650 13 17 4
2604 4650 57 17 avril.
2678 4658 26 5 —
2719 4650 80 18 Beurre,
2817 4649 19 17 le
2852 4649 27 18 k».
2897 4649 67 20 20-21;

2406 4672 59 19 œufs,
2482 4675 28 17 p.,
2526 4672 44 17 0.35
2587 4675 7 16 ;
2610 4672 92 19 froment,
2719 4671 29 17 les
2763 4671 35 17 100
2812 4671 29 19 k.,
2858 4671 81 17 128-130
2958 4675 6 16 ;

2406 4693 67 20 seigle,
2492 4693 81 17 115-120
2593 4700 6 16 ;
2617 4694 76 19 avoine,
2712 4693 82 17 118-120
2812 4696 6 16 ;
2835 4695 90 17 pommes
2941 4693 24 17 de

2407 4716 58 18 terre,
2485 4715 25 17 35
2528 4714 15 17 A
2561 4715 25 17 40
2609 4718 6 16 ;
2636 4714 65 20 pallie,
2724 4715 22 15 12
2765 4715 14 15 ft
2798 4714 23 16 30
2844 4717 6 16 ;
2871 4714 49 20 foin,
2941 4714 24 17 30

2407 4738 14 15 a
2438 4736 26 18 40
2486 4748 4 7 ,
2510 4736 113 17 betteraves
2642 4736 132 19 fourragères,
2795 4736 12 17 5
2826 4735 15 17 A
2859 4735 12 18 7
2893 4739 6 16 ;
2917 4739 48 17 orge

2407 4761 50 16 pour
2473 4758 99 17 brasserie
2596 4758 36 17 115
2648 4757 15 18 A
2679 4758 36 17 118
2735 4761 7 16 ;
2759 4757 80 20 graines
2856 4757 25 18 de
2898 4758 65 19 trèfle,

2408 4780 23 16 10
2443 4779 14 17 à
2470 4779 23 17 12
2507 4779 27 19 fr.

3008 246 117 79 LES
3186 238 355 87 THEATRES
3604 246 43 77 A
3708 246 391 79 BRUXELLES

3011 375 128 17 MONNAIE.
3161 383 26 5 —
3208 375 102 18 Mercredi,
3335 375 30 16 La
3388 375 64 17 Tosee
3474 375 20 16 et
3517 375 27 16 Le

2989 397 76 17 Boléro.
3088 405 25 4 —
3137 397 64 17 Jeudi.
3226 396 53 17 Mme
3304 397 99 18 Butterfly
3428 398 20 15 et
3471 397 73 16 CoatM

2987 419 24 16 de
3030 419 55 17 Fées.
3103 427 25 4 —
3145 418 103 18 Vendredi,
3267 419 88 16 dernière
3373 419 23 15 de
3415 419 86 15 Hi«an.
3519 426 25 4 —

2988 440 85 18 Samedi,
3094 440 73 19 reprise
3185 440 24 16 de
3230 440 48 16 Pars
3280 440 16 16 lf
3297 441 26 15 al.
3343 448 24 4 —
3386 440 114 18 Dimanche,
3519 443 24 13 en

2989 462 92 17 matinée.
3106 462 67 16 Thaï*.
3199 462 29 15 En
3253 461 69 18 soirée,
3348 461 99 18 Rlicoletto
3471 463 20 14 et
3515 461 30 17 La

2987 483 60 17 Orisl.
3062 490 26 5 —
3101 482 70 23 Lundi,
3186 483 89 17 Mireille.
3291 491 25 4 —
3330 482 71 18 Mardi.
3417 483 38 16 Les
3469 483 74 18 Quatre

2987 505 102 16 Huatauds
3106 506 20 15 et
3144 506 90 15 Caméra.

3011 533 75 17 PARC.
3104 542 25 4 —
3146 533 96 17 Mercredi
3260 533 19 20 6,
3316 537 11 11 <
3345 533 119 19 Mary-Rose
3482 537 18 15 >_
3519 533 24 17 de

2998 555 18 16 lr
3035 556 68 15 James
3124 555 75 16 Barrie.

3010 576 58 17 Jeudi
3082 576 18 18 7.
3117 581 11 10 «
3143 579 59 14 Arma
3216 577 39 16 and
3271 577 33 16 the
3319 576 48 17 Ma.n
3382 581 17 13 ».
3416 577 23 16 de
3454 577 89 16 Bernard

2988 598 64 18 Shaw.
3071 598 97 16 Vendredi
3185 599 18 17 8,
3222 603 11 10 c
3250 598 42 17 The
3309 598 72 17 Sacred
3398 599 68 16 Flarre
3483 603 18 13 ».
3519 599 25 15 de

2988 620 99 16 Somerset
3106 620 115 19 Maugham.
3243 620 77 16 Somedl
3340 620 18 18 9,
3380 624 11 10 «
3412 620 40 16 The
3473 620 70 16 MHUo-

2989 642 76 15 nalress
3085 645 18 14 ».
3126 642 23 15 de
3172 641 88 17 Bernard
3280 642 65 16 Shaw.
3368 642 58 16 Jeudi
3446 641 19 19 7,
3486 641 15 17 A
3521 641 23 17 11

2989 663 18 15 h.
3030 663 8 15 1
3042 663 17 18 5,
3080 663 86 16 matinée
3185 663 102 19 organisée
3307 667 24 12 en
3350 663 103 16 l'honneur
3471 664 24 15 de
3516 663 26 16 M.

2989 683 21 18 P.
3028 684 114 17 Mondollot.
3161 684 108 17 Dimanche
3286 685 30 17 10,
3335 685 86 16 matinée
3438 685 20 16 et
3475 685 69 22 soirée,

3014 705 70 17 L'Ami
3100 706 55 16 Fritz
3171 710 18 15 »,
3206 706 249 17 d'Erckmann-Chatrian.

3012 734 135 20 GALERIES.
3166 743 25 4 —
3209 734 29 17 La
3258 735 88 16 curieuse
3365 736 20 15 et
3404 736 140 18 passionnante

2989 756 85 16 comédie
3096 756 122 16 d'Hermann
3239 756 81 17 Ciosson
3341 761 10 11 «
3372 757 86 16 William
3478 761 26 12 ou
3526 757 19 16 la

2989 777 85 17 comédie
3098 778 22 15 -1c
3143 778 5 15 !
3151 778 101 16 'aventure
3274 783 18 13 »,
3316 779 31 16 est
3369 778 116 19 interprétée
3508 782 37 16 par

2988 799 83 16 Samson
3093 799 111 17 Fatnp.lber
3226 801 20 15 et
3268 800 46 16 tous
3336 800 28 17 les
3386 800 110 17 comédiens
3518 801 26 16 du

2989 820 84 17 Théâtre
3098 821 62 18 Royal
3185 821 34 16 des
3243 821 94 18 Galeries,
3364 825 48 13 avec
3437 822 20 16 M
3463 821 81 17 *de:ela<!

2989 841 77 20 Barrés,
3084 843 26 15 du
3125 842 85 17 Théâtre
3227 843 94 17 National
3337 843 24 16 de
3375 843 87 17 l'Odéon.

3012 871 151 18 ALHAMI1RA.
3180 879 24 4 —
3219 871 27 17 Le
3262 872 68 16 succès
3346 872 114 19 prodigieux
3475 872 60 19 qu'ob-

2990 892 48 17 tient
3055 893 75 19 chaque
3147 893 41 16 soir
3205 897 10 11 <
3234 893 30 16 La
3280 893 66 17 Veuve
3363 893 84 19 Joyeuse
3463 898 11 11 »
3492 894 43 16 s'ac-

2990 915 68 15 centue
3081 915 24 15 de
3129 914 46 19 Jour
3197 918 24 13 en
3245 915 51 18 jour.
3321 915 111 19 Rappelons
3455 919 38 15 que
3517 916 29 16 les

2991 935 165 19 représentations
3182 936 23 16 de
3231 936 87 17 Maurice
3344 937 103 16 Chevalier
3473 938 71 15 auront

2990 957 37 16 lieu
3044 957 26 16 du
3087 958 23 15 15
3127 961 27 13 au
3171 957 22 16 2t
3211 958 50 16 avril
3279 958 68 16 inclus.
3365 958 30 16 La
3412 959 84 16 location
3514 960 29 15 est

2989 980 79 15 ouverte
3090 982 49 16 pour
3159 980 65 15 toutes
3246 980 27 16 les
3294 980 171 19 représentations.
3488 980 56 17 L'af-

2999 1003 66 13 luence
3083 1001 39 15 fait
3139 1001 78 18 prévoir
3233 1004 26 12 un
3276 1001 68 16 succès
3362 1002 139 16 considérable.

3012 1029 86 17 GAITE.
3115 1038 25 4 —
3159 1034 11 10 «
3189 1029 28 16 La
3235 1029 63 17 Dame
3317 1030 24 16 de
3357 1031 47 16 chez
3422 1030 94 18 Maxlm's
3532 1035 12 11 »

2990 1053 13 13 a
3022 1051 99 16 tellement
3140 1051 27 16 du
3187 1051 67 17 succès
3273 1051 14 16 à
3307 1052 20 16 la
3347 1052 57 16 Gaité
3424 1053 71 19 qu'elle
3514 1054 31 15 est

2991 1072 102 19 prolongée
3117 1073 59 16 d'une
3200 1073 93 17 semaine.
3320 1074 106 16 Amateurs
3451 1074 24 17 de
3499 1074 45 18 rire,

2989 1093 123 17 Mtez-vous.

3013 1115 85 19 Bientôt,
3119 1116 75 19 grande
3212 1116 67 17 saison
3297 1116 119 20 d'opérettes
3435 1117 109 17 modernes.

2995 1151 179 34 VENDREDI

3439 1154 110 33 SCALA

2996 1659 69 33 UNE
3080 1659 191 33 AVENTURE
3285 1660 264 33 PASSIONNANTE

3482 1706 64 23 <123)

3012 1743 176 18 VAUDEVILLE.
3209 1752 27 5 —
3267 1744 171 17 L'enthousiasme
3471 1745 74 16 déferle

2989 1764 13 17 h
3024 1766 75 19 chaque
3122 1766 157 19 représentation
3301 1767 24 16 de
3349 1771 11 10 «
3383 1767 119 16 Bossemans
3525 1768 20 15 et

2988 1787 116 19 Coppenolie
3121 1792 18 12 ».
3160 1788 30 16 On
3210 1789 87 16 acclame
3317 1788 20 17 la
3355 1788 96 17 fantaisie
3468 1788 67 20 désopi-

2991 1809 53 16 lante
3069 1809 25 16 de
3118 1809 89 17 Gustave
3232 1809 80 19 Lfbeau,
3339 1810 105 16 Germaine
3471 1810 73 18 Broka.

2988 1829 56 19 Gaby
3060 1830 97 19 Haublen,
3176 1831 96 18 Marchai,
3290 1831 75 19 Carny,
3381 1832 24 17 G.
3422 1831 116 17 Lambrette

2990 1850 56 19 Nelly
3068 1851 22 16 O"
3094 1852 50 17 Rlss.
3170 1852 77 19 Préval,
3272 1853 51 19 Billy
3346 1853 49 19 Pitt,
3419 1855 37 15 Art
3458 1857 29 15 us,
3511 1853 33 18 U-

2988 1872 80 18 verdan,
3088 1872 58 17 Leleu
3164 1875 20 14 et
3201 1874 73 16 Marcel
3292 1874 65 18 Roels.

3012 1900 124 18 MOLIERE.
3150 1909 26 4 —
3191 1906 11 10 <
3219 1902 39 18 Peg
3274 1903 24 15 de
3313 1906 44 13 mon
3374 1904 59 16 Cceur
3446 1908 12 12 »
3475 1904 59 17 triom-

2989 1922 38 19 phe
3050 1922 75 19 chaque
3148 1924 42 15 esolr
3213 1926 49 13 avec
3285 1923 46 17 Mlle
3354 1925 52 18 Suzy
3429 1925 61 18 Lova.
3515 1926 28 17 M.

2989 1944 82 16 Charles
3095 1944 92 19 Gontier,.
3208 1945 52 15 idéal
3283 1945 59 18 jeune
3367 1947 89 17 premier,
3482 1947 63 16 Mmes

2989 1964 52 17 Luce
3061 1965 25 17 de
3107 1965 70 20 Vigny.
3200 1966 62 19 Netty
3283 1966 79 18 Loncin.
3386 1967 49 17 MM.
3458 1968 87 16 Maurice

2989 1986 70 22 Lecoq_
3080 1987 65 17 André
3163 1988 66 19 Guise,
3251 1988 68 17 Victor
3336 1988 90 17 Randrin
3445 1990 21 16 et
3483 1989 54 17 Char-

2990 2008 27 16 les
3034 2008 86 18 Mahieu.

3012 2030 30 16 La
3065 2030 87 17 dernière
3174 2031 87 16 matinée
3282 2031 25 17 de
3326 2032 23 16 la
3370 2032 67 17 saison
3459 2033 37 18 est,
3519 2036 26 13 on

2990 2051 18 16 le
3027 2053 47 16 sait,
3095 2052 105 17 consacrée
3219 2052 14 17 a
3251 2053 101 19 Tartuffe.
3374 2054 44 16 Elle
3436 2057 52 14 aura
3507 2055 38 16 lieu

2989 2073 28 16 les
3032 2073 54 19 jeudi
3104 2074 23 16 28
3145 2075 20 15 et
3182 2075 76 16 samedi
3274 2074 25 17 30
3316 2075 58 17 avril.

3011 2102 27 5 —
3056 2094 31 17 La
3106 2095 120 20 Compagnie
3247 2096 34 17 des
3302 2096 64 17 Petits
3385 2097 116 17 Comédiens
3521 2098 24 17 de

2990 2116 65 20 Liège,
3082 2118 130 18 poursuivant
3237 2121 26 13 sa
3287 2119 85 16 carrière
3398 2122 46 14 sous
3470 2120 21 16 la
3515 2120 30 16 di¬

3564 376 73 16 rection
3660 376 105 19 artistique
3788 377 24 16 de
3836 376 88 17 Maurice
3947 376 98 17 Maillard,
4071 376 37 16 don-

3563 401 48 12 nera
3630 401 27 13 au
3675 398 84 16 Théâtre
3780 398 85 18 Molière,
3887 398 54 20 Jeudi
3960 399 22 15 14
4003 398 56 17 avr.l,
4081 401 38 13 un*

3563 419 85 16 matinée
3670 420 25 16 de
3719 420 46 18 gala
3788 423 48 13 avec
3860 424 10 11 c
3892 420 40 16 Tltl
3956 424 18 14 »,
3999 420 119 16 l'amusante

3563 441 87 19 opérette
3666 442 24 15 de
3706 441 48 16 MM.
3772 442 97 18 Stelnweg
3884 443 20 15 et
3920 442 109 19 Chapelier.

3588 462 121 17 THEATRE
3725 463 133 17 FLAMAND.
3875 471 25 4 —
3914 463 95 16 Mercredi
4023 463 19 16 et
4059 462 31 19 Jeu
4094 463 24 17 11.

3564 484 14 16 a
3602 484 24 16 20
3651 485 28 17 h.,
3705 485 51 16 deux
3781 485 98 16 dernières
3905 485 120 18 représentât
4029 488 41 12 ions
4096 486 24 15 de

3565 510 10 10 «
3595 504 42 18 Een
3658 506 141 19 onfatsoenlijk
3821 506 70 19 Melsje
3914 511 16 13 ».

3588 528 17 16 A
3626 528 63 18 partir
3709 528 26 15 du
3756 528 75 16 samedi
3850 528 19 18 9,
3891 528 86 16 création
3998 528 59 16 d'une
4077 532 31 12 cou-

3564 552 34 13 vre
3619 549 102 16 flamande
3741 550 88 16 nouvelle
3850 553 10 11 «
3881 549 29 16 De
3930 549 86 17 Dochter
4035 553 38 13 van
4095 550 24 16 -Je

3564 571 114 16 Beiaardier
3695 575 17 13 ».
3730 571 86 16 comédie
3834 571 94 16 musicale
3946 575 23 12 en
3987 573 9 14 4
4016 573 61 15 acte*,
4095 572 25 15 de

3564 592 52 16 Jaak
3634 595 39 12 van
3691 592 129 18 Buggenhout
3840 593 98 18 (musique
3956 593 24 15 de
3998 593 75 16 Mozart
4080 597 13 12 p.

3590 613 229 17 FOLIES-BERGERE.
3846 621 22 5 —
3893 614 52 16 Tous
3972 615 27 15 les
4024 618 50 12 soirs
4107 615 14 16 4

3564 634 24 16 29
3606 635 28 17 h.»
3652 635 20 16 la
3689 638 58 13 revue
3764 636 24 15 de
3805 636 34 15 Jef
3857 636 65 15 Orban
3942 640 10 10 <
3971 636 71 16 Nazi...
4064 637 15 16 't
4098 639 22 13 er

3566 657 33 15 lief
3621 656 30 16 uit
3672 660 18 14 »,
3711 656 12 17 3
3743 658 61 16 actes.
3826 657 24 16 40
3870 657 94 16 tableaux
3984 657 134 19 d'actualiUs,

3565 678 22 15 dt
3608 678 100 21 fantaisie,
3728 678 24 16 de
3772 679 103 18 moquerie.
3897 679 83 16 d'Ironie
3999 679 119 18 Indulgente,

3568 699 82 17 réalisés
3674 702 38 17 par
3737 699 74 17 Esther
3836 699 99 18 Deltenre.
3965 700 53 16 Frits
4045 700 72 17 Vaerc-

3566 720 64 19 wijck,
3655 720 46 17 José
3725 721 103 19 Morlsson,
3853 722 49 16 Stan
3927 722 93 19 Devuyst,
4045 722 75 16 Jeanne

3566 742 126 19 Winterberg,
3716 744 37 15 etc.

3589 771 135 17 VARIETES.
3743 778 27 6 —
3787 771 52 17 Tous
3859 772 28 16 les
3906 773 61 18 Jours,
3989 776 24 13 en
4034 774 86 15 matinée

3565 793 19 15 et
3605 796 24 13 en
3649 792 68 18 soirée,
3739 792 18 17 le
3778 797 10 11 «
3797 793 81 17 Chariot
3887 798 10 11 »
3919 794 99 19 espaegnol,
4040 795 79 16 Chariie

3566 814 65 17 Rivets
3656 816 21 15 et
3700 818 24 13 sa
3749 815 123 19 compagnie;
3897 815 90 17 Barbara
4012 816 29 16 La
4066 816 47 18 May

3565 835 76 17 vedette
3664 836 24 16 de
3712 836 20 16 la
3754 836 67 18 danse,
3846 836 65 17 André
3934 837 81 18 Pasdoc,
4042 833 78 21 vedette'

3565 857 23 15 de
3607 857 18 16 !a
3643 858 64 17 radio;
3724 857 71 19 Zlbral,
3816 858 17 16 le
3851 858 74 16 célèbre
3944 860 100 15 Imitateur
4063 860 45 15 fran-

3565 879 41 18 çais
3621 881 20 13 et
3656 882 69 13 encore
3741 879 44 17 huit
3802 880 87 16 vedettes
3906 880 26 16 du
3947 881 60 16 chant
4024 882 20 15 et
4059 881 24 16 de
4099 881 20 16 la

3565 900 66 16 danse.

3588 928 116 18 Demf-etarif
3719 933 40 13 aux
3776 930 81 16 enfants
3873 934 24 13 en
3914 930 70 19 soirée;
4001 930 11 16 3
4029 931 20 16 et
4062 930 13 18 5
4092 931 25 17 fr.

3565 953 23 13 «n
3609 951 91 16 matinée.
3721 951 63 16 Moins
3803 952 48 16 cher
3869 955 38 15 que
3927 952 28 16 les
3974 952 85 17 cinéma!
4082 953 28 16 Lo-

3565 972 65 15 cation
3652 974 86 17 ouverte.
3760 973 41 17 Tél.
3824 973 93 17 17.63.40.

3589 1000 56 16 MON
3661 1000 118 18 VILLAGE.
3795 1010 25 4 —
3835 1002 66 16 Bravo
3918 1002 17 17 le
3951 1003 90 18 auteurs;
4058 1003 62 16 bravo

3565 1021 28 16 les
3610 1022 86 16 artistes.
3715 1023 57 15 Cette
3788 1024 141 16 collaboration
3945 1025 60 18 qu'on
4024 1028 24 13 ne
4065 1026 45 15 trou-

3565 1046 23 13 ve
3604 1043 48 19 qu'à
3668 1043 45 17 Mon
3730 1043 76 20 Village
3822 1047 75 17 permet
3913 1046 25 16 de
3955 1047 71 15 mettre
4043 1050 24 13 en
4083 1050 26 12 va-

3566 1065 42 15 leur
3631 1066 55 15 toute
3709 1065 20 16 la
3753 1069 72 13 saveur
3847 1069 123 17 sarcastique
3993 1068 25 16 de
4042 1068 68 16 l'excel-

3566 1087 50 15 lente
3633 1089 58 14 revue
3708 1090 11 11 <
3735 1086 132 18 L'Anschluss
3882 1090 34 17 qui
3932 1093 61 13 sonne
4008 1093 18 13 ».

3594 1115 78 16 GAITY
3691 1115 120 17 CABARET
3829 1116 116 17 DANCING
3965 1119 35 15 DE
4019 1118 23 17 10
4059 1118 53 17 HEU-

3565 1136 48 17 RES
3628 1136 52 18 (Dir.
3696 1136 93 18 Walter).
3804 1145 24 4 —
3841 1138 62 16 Guidé
3918 1142 36 15 par
3968 1140 17 15 le
3999 1141 53 15 souci
4067 1140 44 16 d'of-

3566 1158 37 16 frir
3620 1159 89 18 toujours
3726 1158 14 16 a
3757 1162 24 13 sa
3798 1159 58 17 fidJIe
3874 1160 89 16 clientèle
3979 1164 26 13 un
4022 1162 98 18 spectacle

3565 1179 24 16 de
3606 1180 63 17 choix,
3690 1180 20 16 la
3728 1180 94 16 direction
3841 1181 26 16 du
3885 1184 69 16 coquet
3971 1182 149 17 établissement

3564 1201 24 16 de
3604 1201 19 16 la
3639 1204 34 13 rue
3689 1201 185 20 Fossé-aux-Loups
3890 1203 49 16 s'est
3954 1204 70 16 assuré
4041 1205 17 16 le
4073 1208 36 13 cou-

3564 1226 35 13 cou
3611 1226 10 13 s
3637 1223 48 16 d'un
3703 1226 72 16 groupe
3793 1224 102 17 d'artistes
3912 1225 24 16 de
3952 1226 73 18 grand?
4043 1227 74 18 valeur,

3565 1248 49 14 pour
3630 1244 19 16 la
3666 1245 86 15 semaine
3768 1245 27 16 du
3813 1246 33 15 1er
3861 1249 27 15 au
3904 1245 12 17 7
3931 1247 50 16 avril
4001 1250 6 13 :
4025 1247 27 16 le3
4069 1248 49 16 daa-

3564 1269 67 13 seusej
3650 1265 43 19 Ltly
3710 1266 77 18 Waren.
3808 1267 20 15 la
3846 1266 90 18 Vlslrova
3956 1270 20 14 et
3993 1268 124 19 Tanak.eva;

3566 1287 27 16 les
3614 1287 96 16 danseurs
3731 1288 137 19 acrobatiques
3889 1289 80 18 Conett;
3992 1290 28 16 les
4041 1291 79 19 couples

3565 1308 24 16 de
3608 1308 62 17 danse
3691 1308 76 17 Marcia
3786 1311 20 15 et
3826 1310 147 17 Marla-Mahon
3994 1314 21 13 et
4035 1312 83 17 Cuci.er.

3564 1329 96 18 Gcrrcbos
3679 1332 20 14 et
3715 1334 32 13 ses
3766 1331 78 17 solistes
3862 1332 118 19 complètent
3998 1337 22 13 ce
4038 1334 82 16 brillant

3565 1351 103 17 ensemble.
3680 1356 5 5 *

3570 1409 181 40 TABIEAU
3775 1412 74 39 DES
3871 1413 250 38 SPECTACLES

3711 1484 136 18 MERCREDI
3861 1486 12 16 6
3889 1486 13 14 A
3907 1485 60 15 Viui.

3774 1514 137 16 THEATRES

3565 1540 96 19 Monnaie.
3679 1550 25 4 —
3721 1542 24 17 20
3764 1542 20 17 h.
3807 1545 6 13 :
3833 1545 11 11 <
3863 1541 29 15 La
3910 1540 64 17 Tosca
3992 1544 11 12 »
4022 1541 20 16 et
4061 1545 10 11 c
4091 1541 28 17 Le

3587 1563 68 17 Boléro
3671 1568 18 12 ».

3564 1584 56 17 Parc.
3636 1593 25 4 —
3675 1585 23 16 20
3714 1585 19 15 h.
3750 1584 24 16 45
3792 1587 6 13 ;
3815 1587 11 11 <
3841 1583 118 20 Mary-Rose
3973 1588 19 13 ».

3564 1606 94 16 Galeries.
3676 1614 25 3 —
3719 1606 24 15 20
3761 1606 19 15 h.
3801 1605 24 17 45
3845 1608 15 15 :.
3869 1610 12 11 «
3899 1606 86 16 William
4003 1609 26 13 ou
4047 1606 21 17 la
4086 1609 23 14 co-

3587 1628 62 15 médie
3667 1627 24 16 de
3708 1626 109 17 l'aventure
3834 1631 18 15 ».

3565 1648 115 16 Alhambra.
3696 1655 25 5 —
3734 1648 24 16 20
3773 1649 18 15 h.
3808 1648 33 17 30:
3857 1653 11 11 <
3883 1648 30 17 La
3927 1649 67 17 Veuve
4008 1649 83 19 Joyeuse
4106 1654 12 11 »

3565 1669 66 17 Galle.
3647 1677 24 5 —
3687 1669 24 17 20
3728 1670 19 16 h.
3765 1669 25 17 30
3808 1673 7 14 ;
3832 1674 11 11 «
3851 1670 30 17 La
3897 1671 59 16 dame
3971 1671 24 16 de
4010 1672 48 16 chez
4074 1672 35 16 Ma-

3593 1691 66 16 xlm's.
3669 1694 11 12 »

3568 1712 119 17 Vaudeville.
3702 1720 24 5 —
3740 1712 25 17 20
3779 1713 20 16 h.
3814 1713 25 17 30
3855 1716 7 14 :
3877 1717 11 12 «
3903 1713 118 17 Bossemanr
4036 1716 20 15 et
4070 1715 42 19 Cop-

3590 1734 74 18 penolie
3684 1738 18 12 ».

3568 1755 86 18 Molière.
3669 1763 25 5 —
3708 1755 24 17 20
3746 1756 20 16 h.
3782 1756 24 17 30
3823 1759 7 13 :
3845 1760 11 11 <
3872 1756 40 20 Peg
3926 1757 24 16 de
3965 1761 45 13 mon
4025 1758 59 16 Cœur
4098 1762 18 12 ».

3564 1776 85 17 Théâtre
3664 1777 103 17 Flamand.
3782 1785 25 4 —
3821 1777 24 17 20
3860 1779 19 16 h.
3899 1782 6 13 :
3922 1783 10 11 «
3941 1779 47 16 *Een
4004 1780 105 16 onfatsoen-

3588 1799 36 18 lijk
3642 1798 69 19 Meisje
3729 1803 17 13 ».

3568 1820 165 20 Folles-Bergère.
3750 1829 23 4 —
3790 1821 23 16 20
3830 1822 19 16 h.
3871 1825 5 13 ;
3894 1826 10 11 <
3921 1822 74 18 Nazi...
4013 1822 17 17 *t
4046 1826 23 13 er
4084 1823 34 17 lief

3590 1844 29 14 ui*.
3634 1846 18 13 ».

3589 1863 172 18 MUSIC-HALLS
3777 1864 34 17 ET
3826 1865 160 18 SPECTACLES
4002 1866 96 16 DIVERS

3566 1884 96 20 Variétés.
3677 1894 25 4 —
3717 1886 23 16 15
3753 1886 20 17 h.
3789 1887 21 15 et
3824 1886 24 17 20
3863 1887 20 16 h.
3898 1886 24 17 30
3938 1890 7 13 :
3959 1887 78 17 Charlie
4052 1887 68 16 Rlvels

3587 1908 21 15 et
3624 1910 24 13 sa
3664 1907 122 20 compagnie.

3568 1928 45 16 Mon
3628 1928 84 19 Village.
3726 1937 24 4 —
3764 1929 24 17 20
3802 1929 20 18 h.
3837 1929 25 17 30
3879 1933 6 13 :
3902 1934 11 12 «
3927 1930 56 17 C'est
3997 1930 123 17 l'Anschluss

3591 1951 33 17 qui
3642 1953 60 13 sonne
3720 1954 18 12 ».

3569 1970 67 17 Peftlals
3652 1972 25 15 de
3695 1972 59 16 Glace
3773 1973 161 18 Saint-Saaveur.
3951 1981 24 5 —
3991 1973 56 17 Trois
4064 1974 48 15 séan-

3591 1995 32 12 ces
3641 1996 32 14 pa:
3693 1996 49 14 jour.

3566 2013 60 19 Gaity
3643 2014 86 17 Cabaret
3748 2015 90 20 Dancing
3855 2016 24 16 de
3897 2016 24 16 10
3938 2016 81 16 Heures.
4040 2024 25 3 —
4082 2016 38 17 Les

3589 2035 96 17 danseurs
3705 2037 136 18 acrobatiques
3860 2038 78 16 Conett,

3569 2056 45 17 Pôle
3630 2056 60 18 Nord.
3706 2065 23 5 —
3745 2058 101 19 Patinas*.

3776 2080 133 17 CONCERTS

3565 2100 65 16 Beaux
3632 2100 45 16 -Art
3679 2105 16 12 s.
3712 2109 25 4 —
3753 2101 24 16 20
3793 2102 30 15 h.:
3841 2101 52 16 Salle
3910 2101 10 17 C

3587 2122 60 16 mand
3668 2122 93 18 (Concert
3780 2122 85 19 public).

4160 1416 17 97 i

3989 2102 23 16 -v.
4033 2103 21 15 p.
4075 2103 43 15 f:i-

3004 2204 51 49 LA
3072 2199 179 56 JOURNÉE
3268 2206 51 49 DE
3336 2206 203 49 MERCREDI
3569 2208 68 48 LES
3659 2208 173 49 CINEMAS
3853 2209 28 48 A
3903 2211 221 49 BRUXELLES

3165 2296 204 18 EXPOSITIONS

3018 2341 25 4 —
3056 2332 119 18 Beaux-Arts-
3184 2333 70 19 rentrée
3268 2338 31 14 me
3315 2331 79 22 Royale)
3406 2337 6 13 :
3428 2330 119 23 Hoebrec^U;

2995 2354 49 20 Arno
3055 2356 60 20 Stern;
3129 2355 80 21 Jcan-M.
3223 2355 64 22 Gillet;
3301 2355 61 17 Aubin
3375 2355 76 20 Pasque.
3463 2363 3 5 ■
3465 2364 23 4 —
3499 2354 42 18 Mar-

2995 2376 68 22 guerite
3081 2378 77 18 Catleau
3169 2384 5 13 ;
3193 2377 85 22 poupées.
3295 2386 4 6 ■
3298 2386 22 5 —
3336 2376 54 19 Saloo
3407 2377 23 18 de
3448 2377 102 21 Printemps

2998 2399 95 22 (jusqu'au
3111 2402 19 17 1]
3148 2399 65 22 avril).

3017 2431 25 5 —
3056 2421 62 21 Cerçlfc
3131 2422 102 21 Artistique
3246 2425 19 16 et
3279 2421 101 21 Littéraire,
3394 2426 32 14 rue
3439 2421 24 19 de
3477 2422 17 19 la
3509 2423 38 17 Loi.

2995 2443 24 20 Le
3034 2449 68 17 groupe
3117 2451 11 12 «
3136 2446 26 18 1-e
3177 2445 103 18 Chaînon»
3298 2444 94 21 (jusqu'au
3410 2446 21 17 11
3448 2444 64 21 avril).

3017 2476 27 4 —
3056 2467 100 21 Portenart,
3172 2468 31 20 47,
3220 2472 31 13 rue
3267 2466 23 19 de
3305 2467 72 18 Namur
3386 2472 7 14 ;
3411 2466 45 19 Rob.
3474 2466 75 19 Cusner.

3018 2497 25 5 —
3056 2488 73 19 Rubens
3144 2489 80 22 Gallery.
3237 2491 32 19 41,
3283 2494 32 13 rue
3328 2490 23 17 de
3366 2491 18 17 la
3399 2489 87 21 Régence.
3501 2489 41 18 Maî-

2996 2513 35 16 tres
3041 2512 80 18 anciens.

3017 2541 26 7 —
3054 2535 27 18 La
3093 2533 59 21 Petite
3164 2534 76 20 Galerie.
3253 2536 18 20 3,
3282 2533 35 20 Av.
3329 2533 72 19 Louise.
3412 2534 63 19 Albert
3487 2534 60 19 Pinot.

3017 2565 27 5 —
3055 2556 71 21 Galerie
3138 2558 23 18 de
3176 2558 17 18 la
3206 2557 66 19 Toison
3286 2556 51 20 d'Or.
3351 2556 84 20 Clément
3448 2558 40 17 Van
3502 2557 47 18 Dro-

2994 2578 107 21 genbroeck.

3017 2609 25 5 —
3054 2601 71 19 Galerie
3143 2601 88 21 Dîetrich.
3250 2603 31 21 83,
3299 2601 100 22 Montagne
3416 2601 24 19 de
3457 2601 19 19 ta
3494 2601 49 18 Cour

2994 2622 88 20 Gravures
3095 2630 24 13 au
3132 2624 53 19 burin
3197 2625 24 18 de
3235 2624 74 18 Decaris
3324 2624 95 21 (jusqu'au
3434 2625 11 18 6
3459 2624 65 21 avril).

3015 2654 27 6 —
3053 2647 31 21 82,
3095 2650 33 16 rue
3138 2647 23 18 de
3172 2647 18 18 la
3201 2646 39 19 Loi.
3254 2646 99 18 Deuxième
3363 2646 54 19 Salon
3428 2647 25 18 de
3463 2647 18 17 la
3494 2647 48 18 Fédé-

2994 2668 57 18 ration
3069 2668 91 19 nationale
3176 2670 31 20 des
3224 2669 77 19 Artistes
3317 2669 80 20 peintres
3413 2672 19 15 et
3449 2668 101 22 sculpteurs

2993 2690 23 19 de
3030 2690 86 21 Belgique
3131 2692 96 20 (jusqu'au
3242 2692 22 16 12
3277 2691 64 20 avril).

3017 2723 25 4 —
3056 2713 64 19 Studio
3134 2713 75 21 Michel,
3225 2714 30 20 75,
3269 2718 70 14 avenue
3353 2713 72 19 Louise.
3440 2714 26 19 Le
3479 2713 71 22 peintre

2994 2735 79 19 Aeermand
3089 2735 86 19 Debondt
3193 2736 96 20 (jusqu'au
3306 2736 22 17 12
3343 2736 65 20 avril).

2989 2766 13 7 ■**.
3017 2767 26 4 —
3055 2757 71 19 Galerie
3144 2758 75 21 Royale,
3239 2759 44 20 200:
3300 2763 33 14 nie
3350 2758 76 21 Royale.
3444 2758 105 22 Exposition

2993 2779 32 20 des
3039 2780 80 18 neîntres
3134 2780 23 19 R.
3174 2781 113 21 G*2.nd-Jean
3301 2784 21 15 et
3336 2781 23 18 A.
3374 2781 62 19 Leflot
3454 2781 94 22 (jusqu'au

2995 2803 22 18 14
3029 2802 65 20 avril).

3017 2833 27 6 —
3055 2824 71 20 Galerie
3150 2831 11 13 «
3168 2825 28 19 Le
3219 2825 64 19 Studio
3290 2830 18 17 s,
3332 2827 18 19 2.
3373 2830 34 14 rue
3428 2826 33 19 des
3484 2826 67 18 Petits-

2995 2846 80 20 Carmes.
3089 2847 107 22 Exposition
3210 2849 26 19 du
3251 2848 69 21 peintre
3336 2848 30 19 CI.
3382 2849 55 18 Biron
3455 2848 94 22 (iusqu'au

2996 2870 22 18 14
3032 2869 65 20 avril).

3017 2901 26 5 —
3056 2892 71 20 Galerie
3138 2894 100 21 Mommeu,
3249 2898 32 13 rue
3291 2894 24 19 de
3325 2894 19 18 la
3354 2893 82 23 Charité,
3448 2894 31 18 37.
3490 2893 53 22 Expo-

2994 2914 54 19 sition
3065 2915 59 17 Pîeter
3137 2916 110 19 Stobbierts.

3017 2945 26 5 —
3055 2937 70 19 Galerie
3142 2938 95 21 Manteau,
3253 2938 98 19 boulevard
3365 2938 24 20 de
3404 2937 97 24 Waterîoo,
3519 2938 30 18 62.

2994 2958 105 23 Exposition
3116 2960 87 19 Rïccardo
3216 2960 75 22 MagnL"

3015 2990 28 5 —
3054 2982 71 19 Galerie
3136 2984 97 21 Arenberg,
3246 2985 30 20 34,
3289 2989 32 14 rue
3332 2983 116 22 d'Arenberg.
3460 2983 27 19 Le
3497 2983 43 22 cin-

2994 3004 27 17 tre
3033 3004 93 20 Alphonese
3140 3004 81 19 Blomme
3237 3006 95 20 (jusqu'au
3348 3006 22 18 14
3384 3006 65 19 avril).

3016 3034 26 4 —
3054 3026 64 18 Musée
3135 3026 87 18 Cnariier.
3240 3027 26 18 Le
3282 3028 71 20 eepeintre
3369 3027 66 21 Apelle
3453 3027 95 21 (jintim'àu

2995 3047 22 18 15
3031 3047 52 20 avril,
3097 3050 41 15 tous
3151 3048 25 19 les
3189 3049 55 21 jours,
3258 3049 23 18 de
3296 3049 22 17 10
3332 3049 12 18 à
3360 3050 22 16 12
3394 3048 21 19 b.
3428 3051 20 16 et
3460 3048 22 19 de
3498 3050 22 17 14
3535 3049 12 17 à

2996 3070 22 17 16
3031 3068 27 23 h.,
3073 3069 66 18 mardis
3153 3073 19 15 et
3187 3070 93 18 vendredis
3294 3070 101 21 exceptés).

3215 3107 114 19 DIVERS

3016 3151 26 5 —
3054 3143 23 19 13
3090 3143 26 23 h.,
3129 3143 62 19 Cercle
3204 3144 97 18 Industriel
3314 3147 19 15 et
3346 3143 125 23 Commercial,
3485 3145 18 21 I,
3516 3148 32 15 rue

2994 3165 116 23 d'Arenberg.
3127 3166 92 22 Déjeuner
3233 3172 25 13 en
3273 3167 96 20 l'honneur
3383 3167 24 18 de
3422 3167 29 18 M.
3467 3167 22 19 P.
3507 3167 36 17 Bar-

2993 3193 22 16 ge
3016 3190 38 17 ton.

3017 3219 27 5 —
3052 3212 26 19 J7
3092 3210 26 21 h..
3133 3211 61 19 Union
3209 3210 99 23 Coloniale,
3322 3216 32 13 rue
3366 3211 24 18 de
3403 3211 84 19 Stassart.
3501 3210 40 19 Con

2995 3232 70 20 férence
3078 3238 37 17 par
3131 3234 29 18 M.
3177 3236 22 16 A.
3217 3235 94 21 Hacquart
3321 3240 6 13 :
3345 3239 12 13 <
3365 3235 27 18 La
3407 3234 72 19 culture
3494 3238 21 16 et
3530 3234 20 18 la

2995 3255 106 22 production
3113 3257 25 18 du
3151 3256 45 18 Sisal
3204 3261 18 13 ».

3016 3287 27 4 —
3055 3279 23 18 17
3089 3277 20 21 h.
3121 3280 29 19 15.
3162 3280 54 19 Ecole
3225 3279 24 18 de
3258 3278 19 19 la
3288 3284 33 13 rue
3330 3278 65 19 Ernest
3405 3279 68 19 Allard.
3483 3279 29 18 M.
3524 3278 23 19 R.

2995 3300 113 22 Dupierreux
3117 3307 7 13 ;
3139 3302 54 18 «Les
3207 3302 102 18 imitateurs
3321 3302 24 18 de
3360 3302 63 18 Giotto
3429 3307 18 13 ».

3017 3332 26 5 —
3055 3324 23 18 20
3091 3324 26 20 h..
3131 3323 68 19 Ancien
3212 3323 50 19 hôtel
3274 3324 102 18 communal
3389 3324 23 18 de
3424 3323 78 19 Laeken.
3515 3328 33 13 rue

2993 3344 104 21 Tïelemans
3111 3346 73 21 (Réveil
3198 3346 131 20 Intellectuel).
3342 3346 47 19 «En
3402 3352 39 14 vers
3453 3348 20 16 et
3485 3347 63 17 contre

2994 3369 42 17 tout
3042 3373 18 13 ».
3075 3374 34 16 par
3123 3369 27 18 M.
3166 3369 68 18 Marcel
3248 3369 86 18 Antoine.

3016 3398 17 5 —
3032 3390 10 13 '-
3054 3391 24 18 20
3099 3391 19 18 h.
3139 3392 30 19 30.
3191 3391 87 18 Brasserie
3298 3390 104 19 Flamande.
3422 3390 83 23 Meeting
3524 3390 23 18 de

2993 3413 119 21 protestation
3122 3419 6 14 :
3144 3419 11 12 «
3164 3413 67 19 Guerre
3244 3414 12 18 à
3270 3413 72 21 l'impôt
3355 3414 92 18 nouveau!
3459 3419 13 12 »

3018 3444 24 5 —
3055 3437 24 17 20
3097 3436 19 17 h.
3135 3437 30 19 30.
3183 3436 29 18 Au
3231 3435 68 19 Cheval
3319 3435 62 22 BImic,
3401 3436 42 21 140.
3462 3435 86 19 chaussée

2993 3457 90 19 d'Ixelles.
3094 3457 82 20 Réunion
3187 3458 88 22 publique
3284 3459 24 17 de
3318 3458 125 19 l'Association
3454 3458 33 18 des
3498 3458 43 19 Cas-

2992 3485 29 13 ses
3035 3485 101 16 moyennes.
3151 3480 85 18 Orateurs
3246 3486 6 13 :
3268 3480 52 19 MM.
3333 3481 25 18 de
3370 3481 95 22 Savignac,
3479 3481 68 18 Helsen

2993 3506 19 15 et
3025 3507 34 13 van
3075 3503 103 20 Reuynzhe.

3014 3533 26 5 —
3051 3525 24 18 20
3087 3524 20 20 b.
3120 3526 31 19 30,
3163 3525 118 22 Conférence,
3294 3526 32 20 22.
3338 3531 72 14 avenue
3422 3524 45 22 Paul
3480 3526 66 22 Héger.

2992 3552 13 13 «
3011 3547 27 19 La
3054 3548 28 17 vie
3098 3547 62 21 privée
3175 3548 12 19 à
3205 3549 83 20 Byzance
3303 3553 24 13 au
3343 3549 55 18 siècle
3413 3548 23 19 de
3452 3547 77 20 Pbotius
3536 3553 12 13 »

2995 3569 78 22 (Cercle,
3079 3570 24 18 de
3116 3568 97 23 philoloegie
3227 3570 90 22 classique
3330 3573 21 16 et
3364 3570 106 22 orienta!*).

3013 3600 27 6 —
3050 3593 25 18 20
3091 3592 20 19 h.
3128 3593 31 21 30,
3177 3593 112 18 Beaux-Arts
3307 3593 91 22 (Touring
3414 3593 49 19 Club
3479 3592 59 19 luxem-

2992 3613 111 22 bourgeois).
3125 3615 112 19 Conférence
3258 3621 45 13 avec
3325 3616 41 19 film
3386 3621 33 13 sur
3439 3615 19 20 le
3479 3616 68 19 Grand-

2992 3636 69 20 Duché,
3075 3641 34 17 par
3120 3637 30 19 M.
3162 3637 62 19 André
3235 3638 65 18 Wolff.

3013 3667 26 5 —
3051 3660 23 18 20
3089 3659 19 19 h.
3122 3661 31 19 30.
3168 3660 54 19 Ecole
3237 3662 30 19 10,
3282 3661 53 19 Place
3347 3660 23 19 de
3383 3660 101 20 Bethléem.
3497 3660 40 20 Con-

2992 3681 70 19 férence
3074 3682 23 19 de
3111 3682 18 18 la
3142 3682 22 19 L.
3177 3683 30 22 P..
3211 3682 24 19 A.
3247 3683 24 19 de
3283 3683 91 19 St-Gïl!es.

3951 2305 90 20 disparu.'
4063 2305 57 17 Errol

3963 2328 53 16 adm.
4039 2327 69 17 Séanc.
4113 2331 6 13 :

3084 3812 357 73 CASINO

3024 3916 61 107 de
3110 3916 397 107 Chaudfontaine

3021 4050 239 23 (Communications
3266 4051 88 20 faciles
3361 4056 48 19 par
3413 4049 86 26 Liège)

3084 4094 116 25 FETES
3225 4094 51 25 DE
3299 4093 148 31 PAQUES

3141 4143 40 24 les
3197 4148 27 24 17
3240 4145 26 22 et
3281 4142 29 24 18
3324 4141 65 26 avril

3084 4194 72 26 Thés
3172 4199 28 21 et
3215 4193 89 25 dîners
3320 4193 126 25 dansants

3079 4227 67 25 dans
3158 4228 25 25 le
3194 4226 121 25 Pavillon
3326 4227 47 24 des
3385 4225 64 25 Rois

3042 4260 142 25 Orchestre
3200 4268 6 16 :
3229 4259 100 25 Lucien
3348 4256 139 26 HIRSCH

3070 4292 258 29 Tombola-surprise
3345 4290 114 33 gratuite

3105 4382 75 26 Dans
3193 4388 53 18 une
3260 4379 136 26 ambiance

3045 4421 201 32 incomparable,
3256 4428 37 18 un
3303 4427 81 18 menu
3393 4417 94 33 exquis

3186 4462 16 25 à
3213 4468 30 23 35
3252 4460 90 25 francs

3031 4510 209 12 VWWWW^<->.^»^

3117 4551 142 28 SALONS
3282 4551 135 26 PRIVES

3024 4585 141 27 American
3176 4586 53 25 Bar
3243 4593 7 17 :
3265 4584 75 25 dîner
3351 4584 16 26 à
3379 4591 30 18 20
3420 4584 89 25 francs

3026 4638 71 24 Tous
3112 4638 38 26 les
3163 4636 160 30 dimanches,
3336 4635 47 26 thé
3396 4636 114 25 dansant

3069 4671 157 31 (Orchestre
3239 4670 99 27 Lucien
3351 4668 112 31 Hirsch)

3431 4702 77 23 (3545)

3588 2303 94 19 AGORA.
3705 2311 26 5 —
3752 2304 32 16 Un
3807 2304 84 17 Homme

3565 2324 69 19 Flynn.
3657 2325 51 17 Joan
3730 2326 94 16 Blondell.
3849 2326 47 17 Enf.

3566 2347 61 18 14.30,
3652 2347 61 18 16.35,
3740 2348 61 17 18.40,
3825 2348 66 19 20.40;
3915 2352 50 13 sam.
3971 2352 5 13 :
4002 2349 30 19 14,
4058 2349 62 19 16.05,

3566 2368 61 19 18.10,
3653 2369 62 17 20.15.
3741 2369 64 19 22.20;
3830 2370 58 16 dlm.:
3914 2370 30 19 13,
3970 2370 61 19 15.05,
4058 2371 62 19 17.15,

3576 2390 44 16 9.15
3638 2391 20 15 et
3675 2390 62 17 21.20.

3589 2412 178 17 AMBASSAUOR.
3783 2421 26 4 —
3824 2413 42 17 Une
3882 2415 23 15 de
3921 2413 19 17 la
3957 2414 109 17 Cavalerie.
4084 2415 26 15 Su-

3565 2436 63 14 zanne
3648 2433 88 20 Dehelly.
3758 2434 101 19 Duvallès,
3882 2435 23 17 F.
3928 2436 82 16 Oudart.
4034 2436 88 16 Enfanta

3579 2458 25 13 on
3617 2455 54 16 adm.
3686 2455 80 17 Séanc:
3780 2457 61 17 14.30,
3857 2457 61 17 16.40.
3934 2458 62 17 18.50,
4011 2458 30 16 21.
4057 2458 51 16 Dim.
4114 2461 7 13 :

3567 2476 23 17 10
3611 2476 61 17 12.20.
3688 2477 61 18 14.30.
3764 2478 61 18 16.40,
3841 2478 55 17 18.50
3908 2480 20 15 et
3942 2479 22 16 21
3979 2479 19 16 h.

3590 2499 96 16 CA.MEO.
3707 2507 22 4 —
3750 2499 61 17 Marie
3831 2499 116 17 Walewska.
3968 2500 61 17 Greta
4048 2501 73 19 Garbo,

3566 2520 82 16 Charles
3667 2520 69 19 Boyer.
3756 2521 46 16 Enf.
3822 2522 71 15 admis.
3913 2522 80 17 Séanc:
4012 2526 60 13 sem..-
4091 2523 29 19 12,

3566 2541 61 19 14.2",
3645 2542 62 18 16.50,
3724 2542 61 19 19.15,
3802 2542 65 19 21.40;
3882 2547 51 14 Bam.
3950 2545 20 15 et
3986 2544 58 16 dlm.:
4058 2544 62 19 11.45,

3577 2563 19 18 4,
3612 2563 62 17 16.15.
3691 2563 56 17 20.55
3763 2565 18 15 et
3797 2564 62 17 23.15.

3593 2585 101 16 CINEMA
3710 2585 49 17 DES
3774 2586 170 18 BEAUX-ARTS.
3958 2595 25 5 —
3996 2587 30 17 La
4039 2588 84 16 Joveuse

3570 2606 88 16 Suicidée
3691 2607 70 16 Carole
3784 2607 105 17 Lombard.
3923 2608 91 17 Frédéric
4045 2609 76 16 March.

3570 2627 58 17 Pluto
3648 2628 63 19 Papa.
3733 2629 48 16 Eni.
3801 2632 40 14 non
3861 2630 53 17 adm.
3937 2630 69 17 Séanc
4010 2633 7 14 :
4038 2632 30 18 14,
4093 2631 28 19 16,

3570 2649 29 18 18,
3616 2650 23 15 20
3655 2652 19 14 et
3689 2650 23 16 22
3728 2651 18 15 h.

3590 2671 62 17 CINE
3675 2671 98 18 LOUISE.
3796 2680 25 5 —
3842 2672 65 20 EeldJ,
3930 2674 21 16 la
3973 2674 148 19 Sauvageonne,

3567 2693 76 19 Shirley
3666 2693 85 20 Temple.
3776 2694 51 16 Jean
3851 2694 99 17 Hersholt.
3976 2695 47 17 Enf.
4050 2696 71 16 admis.

3565 2714 68 17 Séanc.
3639 2718 6 13 :
3659 2715 24 16 de
3695 2715 12 16 2
3719 2716 20 16 h.
3752 2715 14 17 a
3778 2716 78 17 minuit.

3588 2736 63 17 CINE
3666 2736 65 18 MAX.
3747 2745 26 4 —
3787 2737 64 19 Heidi,
3867 2738 21 16 la
3902 2739 147 19 Sauvageonne.
4067 2740 54 16 Shir-

3566 2761 30 15 v*y
3612 2758 86 19 Templa.
3717 2758 50 17 Jean
3784 2758 100 18 Hersholt.
3903 2760 47 16 Enf.
3969 2761 53 16 adm.
4040 2761 81 17 Séanc:

3566 2779 23 17 de
3604 2779 13 16 2
3631 2780 20 16 h.
3668 2780 15 15 a
3696 2780 79 20 minuit.

3589 2801 162 19 CIXEMONDE.
3769 2810 26 5 —
3811 2803 116 17 Actualités.
3946 2803 30 17 La
3991 2804 64 16 Petite
4071 2805 42 17 Cho-

3565 2823 93 16 colatière
3676 2823 88 19 (Raïmu.
3782 2824 79 17 Simone
3876 2825 85 17 Simon).
3979 2825 27 17 Le
4022 2826 51 16 Rhir.
4090 2830 23 12 ro-

3565 2845 108 18 mantique.
3691 2845 28 16 Le
3736 2845 86 17 Théâtre
3839 2847 24 16 de
3879 2847 84 19 Mickey.
3983 2848 47 16 Enf.
4050 2848 71 17 admis.

3568 2866 81 17 Séanc:
3664 2867 24 16 de
3701 2867 24 16 10
3738 2867 21 19 h.
3775 2867 14 16 a
3804 2868 78 16 minuit.

3591 2888 137 17 COLISEUM.
3748 2897 26 4 —
3793 2891 32 14 au
3843 2890 59 16 Soleil
3922 2891 24 16 de
3966 2891 105 17 Marseille
4094 2892 27 16 M.

3566 2909 70 17 Garât.
3654 2910 82 17 Mireille
3750 2910 91 18 Ponsart.
3858 2911 86 17 Rlttche.
3960 2912 92 17 Ferrât
4074 2913 46 17 Enf.

3567 2931 53 16 adm.
3644 2931 81 17 Séanc:
3749 2932 29 18 10,
3802 2933 62 18 11.45.
3888 2933 61 19 13.45,
3974 2934 61 17 15.45.
4061 2935 55 16 17.45

3566 2953 56 16 19.45
3638 2954 20 15 et
3673 2953 24 17 21
3713 2953 20 17 h.
3750 2954 32 17 45.

3591 2974 187 18 CROSLY-NORD.
3802 2983 26 6 —
3851 2976 117 18 Actualités.
3994 2977 65 17 Pèche
4084 2981 39 14 aux

3565 2995 90 18 Oiseaux.
3671 2996 24 16 15
3708 2997 86 16 minutes
3808 3001 24 12 en
3846 2998 67 17 Chine.
3927 2999 79 19 Gravey
4019 3000 50 16 dans
4084 3002 35 14 une

3574 3017 82 16 omédie.
3670 3017 47 19 Enf.
3732 3018 54 17 adm.
3800 3019 81 17 Séanc:
3894 3020 24 15 10
3936 3020 62 17 31.30,
4014 3021 29 16 12.
4057 3020 65 17 l«-to,

3574 3037 18 17 5.
3607 3038 62 17 16.30,
3685 3039 30 16 18.
3729 3039 31 16 19.
3762 3040 30 18 34
3806 3041 24 16 21
3843 3041 20 15 h".
4119 3042 19 17 r~

3587 3059 148 16 ELDORADO.
3752 3067 26 4 —
3794 3060 126 16 L'Innocent.
3940 3059 114 18 No€I-No«.
4074 3061 47 16 Enf.

3577 3082 26 13 on
3617 3079 54 19 adm.
3687 3079 80 17 Séanc:
3783 3081 30 18 14,
3830 3081 30 19 16,
3877 3081 29 19 18,
3922 3081 24 17 20
3959 3082 20 16 et
3993 3081 24 17 22
4031 3082 20 17 h.
4067 3082 53 16 Dlm.

3578 3103 48 14 rem.
3642 3101 71 16 séance
3727 3101 14 16 à.
3755 3101 24 17 12
3792 3102 21 17 h.

3594 3122 109 17 IAMILIA
3722 3123 51 19 (164,
3790 3124 32 16 ch.
3838 3124 25 16 de
3878 3124 94 18 Haecht).
3990 3132 24 4 —
4030 3125 27 16 Le
4073 3126 47 16 dim.

3594 3144 63 18 14.30,
3676 3144 24 16 17
3716 3145 20 16 et
3752 3145 57 16 20.15
3825 3146 20 16 et
3861 3146 19 15 le
3895 3146 54 18 Jeudi
3964 3145 14 17 à
3996 3146 62 17 14.30.
4077 3147 44 16 Nlt-

3576 3165 55 17 hevo.
3648 3165 66 20 Harry
3730 3166 60 17 Baur.
3806 3166 93 17 Marcelle
3914 3167 94 18 Chantai.

3590 3186 116 18 LEOPOLD
3725 3187 37 19 MI.
3781 3195 26 5 —
3823 3188 31 17 La
3872 3188 49 17 Fille
3940 3189 24 16 de
3983 3190 21 15 la
4022 3189 98 18 Madelon.

3564 3208 68 20 Henry
3647 3209 69 16 Garât.
3734 3208 65 17 Ninon
3814 3209 74 17 Vallln.
3906 3210 47 18 Enf.
3969 3211 53 17 adm.
4040 3212 80 17 Sé-mc:

3576 3230 19 18 3.
3613 3228 30 20 15,
3661 3230 62 19 17.10,
3741 3231 23 16 19
3782 3231 20 16 et
3820 3231 63 17 21.20.

3589 3251 145 17 MARIVAUX.
3750 3260 24 4 —
3788 3252 71 17 Prison
3873 3256 48 14 sans
3935 3254 108 17 Barreaux.
4060 3257 62 15 Annie

3566 3272 89 19 Ducaux,
3682 3273 66 20 Roger
3773 3273 110 20 Duchesne.
3910 3275 84 18 Corinne
4018 3276 103 18 Luchaire.

3564 3294 46 19 Enf.
3625 3297 38 13 non
3677 3295 53 16 adm.
3745 3295 81 17 Séanc:
3838 3299 60 14 sem,:
3911 3297 63 19 14.30,
3988 3298 62 18 16.40.
4065 3298 56 18 18.50

3564 3316 20 16 et
3599 3316 24 16 21
3636 3317 31 17 h.;
3682 3319 51 14 sam.
3748 3318 22 15 et
3782 3317 59 17 dim.:
3855 3318 30 18 14.
3901 3319 29 17 16,
3945 3319 30 18 18.
3989 3319 25 17 20
4027 3321 21 15 et
4062 3317 26 19 22?
4100 3324 19 13 a.

3591 3337 165 18 METROPOLE.
3778 3346 26 6 —
3824 3339 140 18 Tarakanova.
3988 3342 63 16 Annie
4075 3342 47 16 Ver-

3566 3362 46 15 nay.
3630 3358 70 18 Pierre.
3712 3359 88 18 Richard
3815 3360 71 18 Wlllm.
3904 3362 47 17 Enf.
3968 3363 53 16 adm.
4039 3363 62 17 Séanc
4113 3367 5 15 ;

3568 3381 62 18 14.30,
3651 3381 62 19 16.40.
3733 3381 62 20 18.50,
3815 3382 31 17 21.
3851 3386 6 15 ;
3876 3387 62 13 sam.:
3957 3385 23 15 14
4000 3385 37 18 .16,
4058 3385 23 16 18
4089 3386 30 18 05,

3567 3402 57 17 20.10
3625 3414 4 6 ,
3646 3402 31 17 22.
3680 3403 32 21 15;
3729 3403 58 17 dlm.:
3804 3404 30 18 13,
3850 3404 30 18 15.
3897 3405 62 19 17.05,
3977 3406 62 19 19.10,
4057 3407 62 17 £1..£.

3590 3423 205 19 PATHE-PALACE.
3814 3433 25 5 —
3857 3426 69 17 Prison
3945 3430 48 14 sans
4012 3428 108 17 Barreaix.

3567 3446 61 16 Annie
3648 3445 91 20 Ducaux,
3761 3446 66 20 Roger
3846 3447 109 20 Duchesne,
3978 3449 84 17 Corinne
4082 3451 38 16 Lu-

3565 3467 73 17 chaire.
3663 3468 46 17 Enf.
3733 3471 39 13 non
3794 3469 54 16 adm.
3872 3470 80 16 Séanc:
3974 3474 60 13 &em.:
4059 3472 60 19 14.30,

3566 3489 62 19 16.40,
3646 3489 62 19 18.50,
3726 3489 23 17 21
3765 3490 31 19 h.;
3813 3494 51 13 sam.
3881 3492 21 16 et
3918 3492 58 16 dim.:
3996 3494 27 17 -.4,
4041 3494 29 17 16,
4092 3494 26 18 18,

3565 3510 24 17 2)
3602 3511 21 15 et
3635 3510 25 16 22
3673 3511 20 16 h.

3587 3532 91 18 PLAZA,
3695 3541 25 4 —
3735 3533 115 18 Délicieuse.
3869 3534 84 17 Deanna
3969 3535 83 18 Durbin.
4071 3537 49 16 Her-

3577 3555 31 15 ert
3635 3554 104 17 MarshaJL
3770 3555 69 17 Séanc
3850 3559 8 13 :
3887 3556 56 17 13.40
3971 3558 63 19 15.55,
4057 3559 23 16 18
4089 3559 29 18 10,

3564 3575 55 17 20.25
3634 3577 21 15 et
3670 3576 63 19 22.40.

3587 3597 111 19 QUEEN'S
3719 3598 74 18 HAT.T,,
3816 3607 26 4 —
3863 3599 50 17 Sous
3936 3600 18 17 le
3977 3601 55 17 Voile
4054 3602 24 16 de
4102 3603 19 15 *a

3563 3618 55 17 Nuit.
3634 3619 91 17 Edmond
3748 3620 58 19 Love,
3831 3620 93 18 Florence
3948 3622 68 17 Riche.
4033 3623 47 17 Enf.
4097 3628 20 12 n.

3563 3640 71 17 admis.

3587 3662 76 17 ROXV.
3680 3670 26 5 —
3721 3663 38 17 Ces
3777 3663 74 18 Dames
3869 3668 40 13 aux
3926 3665 109 20 Chapeaur
4054 3667 63 16 Verts.

3563 3683 47 20 Enf.
3627 3684 71 17 admis.
3716 3685 80 16 Séanc:
3813 3686 62 19 14.20,
3883 3687 72 19 .16.30,
3974 3688 61 19 18.45,
4053 3689 64 19 20.55;

3567 3709 25 12 fa-
3591 3708 34 14 n.:
3644 3706 10 16 1
3656 3705 50 19 3.40,
3725 3706 62 19 15.15.
3807 3707 62 19 17.15,
3889 3709 56 16 19.15
3963 3711 21 15 et
4001 3710 63 17 21.15.

3588 3727 94 17 STUDIO
3705 3728 148 18 ARENBERG.
3875 3738 23 4 —
3922 3732 57 15 Cetie
4000 3734 68 15 sacrée
4090 3735 31 13 »•-

3574 3748 33 17 ité.
3626 3748 57 17 Irène
3700 3749 76 19 Dunne,
3795 3750 63 20 Carry
3875 3751 71 18 Grant,
3964 3752 47 17 Enf.
4030 3757 19 13 n.
4067 3754 52 16 adm.

3565 3770 79 17 Séanc:
3662 3771 61 18 13.45,
3743 3771 62 19 15.25,
3824 3772 62 20 17.40,
3906 3774 56 16 19.45
3978 3776 20 15 et
4012 3775 22 16 21
4053 3777 20 15 h.
4091 3776 29 16 50.

3588 3792 94 17 STUDIO
3694 3793 33 16 LE
3740 3793 102 18 STCART
3856 3795 40 18 (48.
3911 3798 34 14 rue
3957 3796 35 17 des
4004 3796 116 17 Boucherai.

3566 3822 24 4 —
3603 3814 124 17 L'Aventure
3741 3815 25 16 de
3779 3815 79 18 Minuit,
3875 3816 63 17 Leslie
3953 3817 92 18 Howard.
4062 3819 57 16 FetU

3566 3835 80 18 Davies.
3662 3836 22 17 O.
3701 3837 25 16 de
3740 3836 114 19 Havillaad.
3871 3838 48 18 3nf.
3935 3842 39 14 non
3988 3840 54 17 adm.
4059 3841 49 16 Séan-

3565 3862 40 12 ces:
3625 3858 30 19 14,
3674 3858 30 19 16,
3721 3858 30 19 18,
3769 3858 31 20 20,
3818 3859 32 17 22.

3588 3879 130 18 VICTORIA.
3730 3888 25 5 —
3765 3881 53 19 Ça...
3831 3882 50 17 c'est
3892 3882 27 17 du
3931 3884 65 18 sport!
4007 3883 25 19 H.
4046 3884 69 16 Garât.

3565 3901 14 17 S
3606 3901 88 20 Dehelly,
3714 3901 100 21 Larquey-
3833 3903 48 19 Enf.
3902 3908 39 12 non
3962 3905 52 16 adm.
4036 3905 62 17 Séanc
4109 3908 6 14 :

3564 3923 62 19 14.30,
3642 3924 62 19 16.40,
3720 3924 62 20 18.50,
3797 3924 66 20 21.10;
3878 3929 50 13 sam.
3944 3927 20 16 et
3979 3926 58 17 dlm.:
4053 3927 60 19 13:15,

3565 3945 61 19 15.15,
3643 3945 61 19 17.20,
3721 3945 56 17 19.25
3794 3947 20 16 et
3830 3947 23 16 21
3869 3947 21 18 h.
3907 3947 31 18 30.

3786 4056 86 28 Citons
3875 4069 32 14 eau
3910 4061 105 23 tTuwife.téL
4019 4062 55 31 depuis
4078 4062 36 22 45,k

3785 4083 329 31 (hr.L-^loè^.i.M^tti.t^usiÙr:

3785 4120 79 13 uatci
3886 4116 214 13 ■uM.TEtHa-mawwwm.Mts.

3785 4128 88 18 nUICL
3888 4132 85 12 numoMC.
3979 4132 44 12 eotoA
4033 4131 44 13 o«.B0

3787 4148 325 51 N0RMANDY

3787 4215 11 12 »
3832 4208 29 19 f\
3897 4201 13 18 T
3911 4206 32 13 ma
3953 4200 23 19 dit
3980 4198 73 25 ttt_____!
4056 4202 50 17 ,'ar.,-»
4108 4202 3 21 |

3761 4204 103 55 \Lti.

3839 4232 18 8 —
3856 4235 37 5 —
3892 4232 11 8 »
3904 4235 17 5 -
3934 4232 12 14 ,
3955 4224 160 22 ajpaatB__________Ba».

3839 4235 83 32 ggjg
3930 4235 16 26 /
3980 4243 109 12 «»-J»«^Tt»JI.

4016 4302 102 22 (2522-9)

3575 4372 46 48 A
3654 4373 210 47 Travers
3897 4373 50 47 le
3981 4372 131 57 Pays

3583 4462 50 22 (De
3650 4463 72 20 notre
3739 4462 194 23 correspondant
3951 4459 154 24 particulier!

3597 4495 24 20 A
3643 4494 158 21 OSTENDE.
3823 4505 30 6 —
3874 4493 45 20 UN
3941 4490 151 22 CONGRES

3572 4521 47 21 DE
3641 4521 43 21 LA
3708 4518 235 24 COLONISATION
3965 4516 149 22 BLANCHE

3594 4555 35 23 Le
3645 4554 127 21 deuxième
3786 4551 102 26 congrès
3903 4554 62 21 pour
3980 4550 23 21 le
4020 4548 81 28 peuple-

3568 4582 69 20 ment
3648 4581 72 20 blanc
3732 4585 32 15 au
3775 4579 88 23 Congo,
3876 4575 115 25 organisé
4002 4576 17 21 à
4030 4576 80 20 Osten-

3569 4606 82 26 de.'en
3665 4604 174 23 collaboration
3851 4606 61 16 avec
3926 4603 25 20 la
3964 4608 14 14 «
3993 4600 119 23 Coloniale

3570 4635 34 20 du
3614 4632 105 22 Littoral
3730 4637 20 18 »,
3761 4630 33 20 du
3804 4628 28 20 16
3841 4633 34 16 au
3885 4627 29 21 18
3924 4628 71 24 avril,
4006 4629 99 20 s'annon-

3569 4665 28 17 ce
3614 4664 58 16 sous
3689 4658 34 20 les
3739 4654 124 21 meilleurs
3882 4655 122 24 auspices,
4022 4659 31 15 en
4070 4652 35 21 rai-

3571 4690 45 16 son
3629 4685 32 20 du
3674 4681 100 22 nombre
3786 4680 26 20 et
3824 4679 31 22 de
3867 4679 26 21 la
3904 4680 94 25 qualité
4011 4682 43 20 des
4066 4683 42 17 ora-

3569 4713 67 20 teurs
3649 4707 104 24 inscrits,
3766 4706 64 20 ains.
3844 4710 48 22 que
3905 4707 31 20 de
3948 4707 166 24 l'importance

3570 4737 42 20 des
3633 4732 185 26 représentants
3837 4732 45 21 des
3902 4733 154 25 organismes
4076 4730 39 26 qui

3568 4758 133 29 prendront
3713 4757 58 25 part
3781 4762 50 16 aux
3840 4758 108 21 tie*avaux
3959 4758 33 21 du
4003 4756 112 27 Congrès.

117 4849 16 21 5
154 4855 14 15 c
173 4849 95 22 Nation
289 4850 77 25 Belge
375 4856 13 15 >
412 4850 34 20 du
467 4849 16 21 6
506 4848 65 21 avril
594 4846 63 21 1938.

108 4930 91 89 |E
246 4928 407 73 RETOUR

108 5030 541 73 DUVULCrtN

337 5136 81 28 PAR

136 5191 155 40 Victor
325 5192 114 38 CL/11
446 5192 174 38 RVrtUX

128 5308 29 5 —
167 5299 68 21 Vous
248 5298 106 22 devenez
366 5298 30 22 de
409 5299 56 25 plus
478 5304 33 18 en
522 5299 56 25 plue
590 5303 66 21 gros,

99 5329 133 25 capitaine.
245 5328 166 22 Méfiez-vous.
426 5329 32 21 Je
472 5335 41 15 me
528 5328 128 22 méfierais

100 5358 18 22 à
141 5361 71 20 votre
235 5360 77 25 place.
334 5360 104 21 Devriez
461 5360 65 21 faire
550 5360 105 25 quelque

100 5390 83 24 chose,
199 5390 153 25 croyez-moi.

127 5430 30 6 —
168 5420 32 22 Je
214 5425 31 16 ne
259 5425 40 16 me
312 5420 53 21 suis
378 5420 91 25 jamais
480 5421 85 21 mieux
577 5420 79 27 porté,

100 5450 111 25 docteur,
226 5450 131 25 répondait
372 5450 82 22 Holm»
468 5451 65 22 Mais
548 5457 68 19 vous,
631 5452 25 24 je

100 5487 33 16 ne
155 5481 52 21 sais
229 5486 53 21 pas,
305 5481 26 25 je
354 5482 163 21 consulterais
540 5487 35 16 un
597 5487 59 16 con.

99 5512 76 22 frère.
191 5512 32 21 Je
238 5516 62 16 vous
316 5511 114 22 retrouve
445 5512 107 26 amaigri
565 5512 18 21 à
599 5513 48 20 cha-

101 5548 49 16 cun
167 5542 31 21 de
214 5547 54 16 mes
285 5546 115 22 voyages.

127 5583 29 5 —
175 5573 85 24 Quelle
277 5572 89 22 bêtise!
385 5572 39 22 Ne
441 5573 165 22 m'encombre
626 5574 30 21 de

100 5602 57 22 lien
179 5602 30 21 de
230 5601 120 26 superflu.
370 5601 90 26 Ignore
481 5603 27 21 la
526 5603 129 21 lassitude.

101 5632 69 22 Vous
191 5637 32 16 en
243 5631 115 22 souhaite
378 5632 90 21 autant
489 5633 84 24 quand
593 5638 63 16 vous

100 5668 76 16 aurez
192 5668 58 17 mon
263 5667 57 21 âge.

127 5703 30 6 —
167 5694 41 22 Eh
219 5694 66 21 bien!
301 5693 98 22 restons
410 5698 96 17 comme
516 5699 64 17 nous
593 5700 54 16 som-

101 5729 55 17 mes
176 5725 74 24 alors,
269 5724 130 26 proposait
417 5723 83 22 Holm.

126 5765 31 6 —
165 5755 106 24 Parfait,
282 5753 121 25 déclarait
412 5755 136 21 Woodland
560 5760 32 17 en
602 5761 45 16 sou-

100 5786 76 21 riant.
193 5786 92 21 N'avez
303 5790 122 17 personne
444 5784 17 22 à
475 5785 63 22 bord
555 5786 43 25 qui
615 5791 43 17 au¬

681 4846 51 21 rait
751 4845 86 21 besoin
859 4846 30 20 de
912 4851 54 16 mes
987 4846 84 21 soins?
1092 4846 65 25 Non,
1180 4846 57 21 bien

681 4876 117 22 entendu.
818 4876 82 21 Triste
920 4881 124 21 engeance
1064 4881 48 21 que
1130 4878 37 20 les
1185 4881 44 16 ma-

682 4908 61 21 rins.

708 4938 35 21 Et
757 4938 17 20 il
788 4937 132 22 .-'étendait
932 4943 44 17 sur
987 4938 24 21 le
1026 4938 75 21 divan
1114 4938 34 21 du
1160 4938 78 25 salon,

680 4969 116 21 allumait
813 4973 34 16 un
862 4969 83 24 cigare
962 4968 61 21 dont
1038 4969 25 20 la
1080 4968 84 22 fumée
1181 4973 47 22 par-

680 5000 93 20 fumait
791 4999 26 21 la
832 4998 77 26 pièce,
925 4998 58 22 n'en
1001 4999 99 21 offrant
1116 5000 71 24 point
1204 5004 33 16 au

682 5028 124 26 capitaine
824 5028 42 25 qui
884 5032 31 17 ne
933 5028 91 20 fumait
1041 5033 46 20 pas
1103 5028 57 25 plus
1178 5026 58 29 qu'il

680 5066 32 15 ne
729 5060 94 21 buvait.

707 5088 106 21 Ensuite
831 5088 23 20 le
872 5087 104 21 docteur
992 5087 129 21 Voodland
1139 5088 96 25 passait

679 5118 197 22 succinctement
898 5123 31 16 en
951 5122 76 16 revue
1049 5118 36 20 les
1108 5117 125 22 dernières

680 5150 125 20 nouvelles
829 5149 131 25 d'Europe,
983 5147 149 21 c'est-à-dire
1155 5149 31 20 de
1208 5149 27 20 la

679 5185 95 20 guerre.
789 5180 22 20 Il
827 5180 28 22 la.
866 5179 96 26 Jugeait
977 5179 17 22 à
1008 5179 26 20 la
1049 5177 111 22 manière
1176 5178 57 21 d'un

680 5211 97 20 homme
797 5210 42 26 qui
858 5209 129 22 considère
1007 5209 30 21 de
1056 5207 52 23 très
1126 5208 52 21 loin
1196 5210 37 20 les

679 5240 117 22 horreurs
820 5240 57 21 d'un
899 5240 159 25 cataclysme,
1080 5244 48 20 par
1149 5238 74 22 consé-

678 5271 77 25 quent
774 5276 62 16 avec
854 5271 87 24 calme,
960 5271 86 20 raison
1065 5271 26 20 et
1112 5270 112 21 discerne-

678 5301 76 24 ment,
773 5302 143 21 estimait-il.
934 5303 58 21 Ceci
1009 5301 55 24 fait,
1083 5301 18 21 il
1118 5300 115 21 abordait

677 5333 24 21 le
720 5332 113 24 chapitre
852 5332 31 21 de
901 5337 42 17 ses
961 5330 198 23 considérations
1178 5335 45 22 per-

677 5362 123 21 sonnelles
820 5367 45 16 sur
884 5361 152 26 l'humanité,
1057 5365 26 20 et
1102 5362 56 26 plus
1178 5360 44 27 spé-

677 5392 133 21 cialement
828 5398 46 16 sur
892 5394 66 21 cette
978 5393 80 26 partie
1079 5394 30 20 de
1129 5393 94 20 l'huma-

677 5422 52 22 nité
744 5424 43 25 qui
802 5422 85 22 habite
902 5424 23 21 le
940 5424 74 22 vieux
1028 5424 98 24 monde,
1143 5422 55 23 d'où
1214 5423 18 21 il

677 5452 63 22 était
758 5458 67 16 venu
843 5454 84 21 trente
946 5459 47 17 ans
1013 5454 156 26 auparavant
1189 5459 32 16 en-

677 5483 78 21 viron.
775 5484 42 21 S'il
838 5489 31 16 ne
889 5485 99 21 cachait
1007 5490 45 20 pas
1072 5485 26 21 la
1116 5485 105 21 satisfac-

677 5513 60 25 tion,
753 5515 26 22 et
794 5514 81 22 même
891 5516 26 20 la
932 5514 75 23 fterté
1021 5516 60 25 qu'il
1097 5516 134 21 ressentait

677 5546 17 22 à
713 5544 70 21 avoir
802 5550 35 16 vu
857 5545 162 26 l'Angleterre
1037 5551 29 17 se
1086 5550 92 21 ranger
1197 5547 34 20 du

676 5574 49 21 bon
739 5574 55 22 côté
808 5575 43 22 des
865 5575 139 27 tranchées,
1017 5577 55 20 cela
1085 5581 32 17 ne
1131 5577 23 20 le
1168 5577 53 21 rete-

677 5604 54 22 nait
742 5605 71 26 point
825 5606 30 21 de
868 5606 146 26 s'emporter
1025 5607 87 22 contre
1125 5607 36 21 les
1173 5612 48 21 peu-

677 5635 54 26 ples
754 5637 42 24 qui
821 5637 100 21 avalent
944 5637 102 26 accepté
1070 5637 66 22 cette
1160 5638 70 24 lutte,

677 5670 41 16 ces
733 5671 129 21 carnages,
878 5668 64 20 maie
958 5668 128 25 beaucoup
1102 5668 56 26 plus
1173 5673 47 16 con-

677 5696 39 21 tre
734 5696 37 21 les
789 5697 112 22 hommes
918 5704 34 16 au
970 5698 110 26 pouvoir,
1098 5699 132 25 coupables

678 5728 30 21 de
719 5731 32 17 ne
762 5727 38 21 les
811 5727 70 23 avoir
893 5733 46 21 pas
951 5729 137 24 empêchée,.
1101 5729 22 21 A
1134 5730 96 24 chaque

677 5756 96 21 arrivée
791 5757 33 21 du
841 5763 14 15 <
869 5758 95 21 Vulcan
979 5763 21 21 »,
1016 5760 37 20 les
1070 5759 95 22 mêmes
1182 5760 49 21 dis-

676 5792 74 16 cours
763 5787 156 27 enflammés,
931 5789 36 21 les
980 5789 94 22 mêmes
1088 5789 143 26 Invectives,

1259 4845 36 21 les
1309 4844 96 22 mêmes
1420 4850 77 21 coups
1513 4845 30 21 de
1558 4846 75 25 poing
1647 4851 44 15 sur
1707 4847 25 20 la
1747 4847 67 20 table

1257 4881 29 15 se
1300 4876 193 24 renouvelaient,
1507 4881 60 16 avec
1581 4876 26 21 la
1620 4876 194 22 condamnation

1260 4906 88 22 acerbe
1373 4906 43 21 des
1439 4906 111 21 desseins
1573 4906 182 26 impérialistes,
1778 4906 36 22 les

1264 4935 177 27 imprécations
1466 4937 86 22 contre
1578 4937 26 21 la
1629 4937 109 26 cupidité
1763 4943 43 16 sor-

1260 4967 56 21 dide
1335 4968 31 21 de
1385 4968 25 21 la
1428 4967 101 23 finance
1549 4970 25 21 et
1593 4969 86 20 contre
1698 4969 36 20 les
1753 4969 51 20 hon-

1260 4997 65 25 teux,
1348 4998 37 21 les
1409 4997 114 22 énormes
1545 4999 92 25 profits
1660 4999 31 21 de
1714 4999 91 21 l'indus-

1263 5028 56 21 trie.
1344 5029 66 21 Tout
1434 5029 56 20 cela
1514 5029 212 25 s'accompagnait
1753 5029 57 21 d'un

1258 5057 188 27 éparpillement
1458 5062 43 20 des
1513 5060 103 20 cendres
1629 5060 33 20 du
1673 5060 84 25 cigare
1769 5065 44 16 sur

1258 5090 23 20 le
1304 5089 82 25 divan,
1407 5089 24 21 le
1453 5091 66 23 tapis
1542 5091 30 20 de
1593 5090 26 21 la
1640 5090 67 21 table
1729 5092 26 20 et
1776 5091 36 21 les

1257 5118 139 23 vêtements
1412 5120 35 21 du
1462 5120 109 22 docteur.
1587 5120 37 21 La
1639 5126 76 20 gorge
1732 5120 80 25 sèche,

1258 5150 18 21 il
1298 5155 27 16 se
1347 5151 97 25 passait
1465 5151 67 22 alors
1554 5152 36 20 les
1613 5151 82 26 doigts
1716 5156 45 16 sur
1782 5157 31 16 sa

1258 5184 98 21 pomme
1376 5181 104 21 d'Adam
1498 5180 177 27 proéminente.
1693 5182 35 22 Le
1747 5183 55 24 capi-

1259 5211 67 21 taine
1348 5212 110 24 appelait
1478 5212 24 21 le
1522 5212 116 24 steward,
1659 5214 43 23 qui
1724 5217 79 21 appor-

1258 5240 48 23 tait
1322 5241 104 25 quelque
1442 5242 100 21 boisson
1559 5241 140 23 nécessaire
1716 5243 26 21 et
1758 5243 45 21 tou-

1257 5270 70 25 jours
1343 5271 144 23 bienvenue.

1284 5301 105 22 Ensuite
1405 5307 42 17 ces
1464 5303 65 21 deux
1544 5304 113 21 hommes
1673 5309 27 17 se
1716 5304 86 21 retrou-

1257 5331 85 23 vaient
1360 5332 60 21 chez
1437 5333 23 21 le
1478 5334 111 21 courtier
1605 5334 127 22 maritime
1750 5340 61 16 avec

1256 5362 44 24 qui
1316 5362 76 22 Holm
1410 5363 62 21 était
1489 5369 32 16 on
1537 5365 119 23 relations
1674 5366 136 21 d'affaires.

1256 5392 41 21 Un
1312 5392 183 23 fonctionnaire
1511 5394 136 23 américain
1662 5401 28 17 se
1705 5396 107 26 joignait

1255 5423 17 22 à
1286 5428 54 17 eux.
1355 5424 34 20 Le
1403 5424 52 20 soir
1468 5424 37 21 les
1519 5425 110 21 trouvait
1643 5426 57 21 tous
1714 5427 96 25 quatre,

1256 5458 27 17 se
1302 5454 92 21 livrant
1412 5459 51 17 aux
1481 5453 121 24 émotions
1621 5455 33 22 du
1672 5456 94 26 bridge,
1784 5445 27 34 été

1258 5489 31 16 ne
1315 5484 89 23 tenant
1429 5489 83 16 aucun
1536 5486 100 24 compte
1661 5486 33 21 du
1719 5492 92 16 couvre

1256 5516 50 24 feu,
1323 5515 76 26 qu'un
1415 5516 73 21 vieux
1504 5521 80 17 canon
1600 5516 87 22 faisait
1703 5517 109 26 gronder

1255 5552 44 16 sur
1314 5547 26 22 la
1353 5547 59 21 ville
1427 5550 17 21 à
1458 5546 14 21 e9
1487 5546 97 22 heures.

1282 5577 24 21 A
1326 5577 210 25 Port-au-Prince,
1558 5576 32 22 où
1611 5577 23 21 le
1656 5583 13 14 «:
1684 5577 97 22 Vulcan
1795 5582 15 16 »

1254 5613 29 17 se
1303 5607 99 22 rendait
1421 5608 57 26 plus
1498 5608 134 24 rarement,
1651 5608 64 21 Erik
1734 5609 75 20 Holm

1254 5639 70 21 avait
1334 5639 116 22 retrouvé
1461 5639 23 21 le
1495 5639 42 21 fils
1548 5639 58 21 d'un
1616 5639 89 22 ancien
1716 5639 51 22 ami
1779 5639 30 21 de

1255 5674 45 17 son
1315 5669 66 26 père.
1396 5670 50 23 Pas
1462 5670 50 21 loin
1529 5670 57 21 d'un
1603 5668 148 25 demi-siècle
1767 5675 33 16 au-

1255 5701 129 26 paravant,
1401 5701 127 21 Christian
1544 5701 75 21 Holm
1634 5706 17 21 y
1667 5700 62 22 était
1744 5705 65 16 venu

1255 5730 191 27 régulièrement
1462 5738 61 16 avec
1541 5738 45 17 son
1605 5731 144 22 trois-mâts.

1281 5762 41 22 Au
1343 5763 109 25 premier
1473 5768 94 20 voyage
1590 5763 59 26 qu'il
1670 5763 70 21 avait
1761 5762 49 22 fait

1254 5793 17 22 à
1286 5792 79 25 Haïti,
1382 5794 63 21 Erik
1462 5794 70 23 avait
1549 5793 70 25 écrit,
1635 5794 71 23 entre
1723 5794 86 22 autres

1837 4846 95 24 choses,
1944 4851 41 16 ces
1997 4847 80 24 lignes
2088 4845 17 22 à
2116 4852 35 16 un
2162 4846 31 20 de
2205 4850 41 17 ses
2257 4844 90 23 frères:

1864 4882 15 15 «
1892 4876 31 22 Je
1941 4877 95 21 n'avais
2054 4882 45 20 pas
2118 4881 88 17 encore
2224 4875 40 22 été
2282 4876 63 23 dans
2362 4881 29 17 ce

1838 4907 63 25 port.
1923 4907 95 25 Depuis
2039 4907 141 25 longtemps
2201 4907 25 24 je
2249 4905 104 24 désirais
2375 4912 17 21 y

1837 4938 69 21 aller.
1918 4938 39 21 Tu
1969 4938 23 21 le
2005 4937 58 25 sais,
2075 4938 72 21 notre
2160 4937 61 21 cher
2231 4936 59 27 père
2303 4937 89 21 aimait

1836 4967 18 21 à
1866 4968 84 25 parler
1964 4968 30 22 de
2007 4968 41 21 cet
2062 4968 103 21 endroit.
2177 4965 24 23 Il
2213 4972 18 20 y
2244 4969 69 19 avait
2326 4967 65 22 noué

1837 4999 30 20 de
1882 4998 94 21 bonnes
1990 4998 106 22 amitiés.
2110 4998 87 22 J'étais
2210 5002 35 16 un
2258 4998 64 26 petit
2336 5004 45 19 gar-

1838 5033 46 19 çon
1901 5033 48 21 que
1965 5029 125 25 j'aspirais
2107 5028 58 26 déjà
2180 5029 17 21 à
2212 5029 56 21 voir
2283 5034 30 17 ce
2329 5034 62 20 pays

1838 5060 30 21 de
1889 5059 147 21 merveilles.
2057 5060 50 21 J'ai
2129 5060 70 21 enfin
2220 5057 90 24 réalisé
2331 5064 60 16 mon

1838 5089 57 23 rêve
1916 5089 112 21 d'enfant
2043 5096 20 16 ».

1865 5120 23 21 Il
1910 5121 70 20 avait
2002 5119 69 22 flâné
2095 5121 100 22 d'abord
2216 5125 48 20 par
2286 5120 26 21 la
2334 5118 57 23 ville

1836 5150 80 25 basse,
1934 5150 33 21 où
1985 5151 43 23 des
2045 5150 87 22 blancs
2150 5156 26 16 se
2195 5150 134 21 donnaient
2346 5151 44 21 des

1837 5181 52 21 airs
1909 5181 30 21 de
1959 5187 62 20 gens
2041 5181 105 26 occupés
2166 5181 92 21 autour
2276 5182 114 25 desquels

1836 5211 158 26 grouillaient
2008 5212 43 20 des
2065 5212 68 21 noirs
2146 5213 42 24 qui
2200 5211 119 22 faisaient
2333 5217 47 19 pen-

1837 5247 40 15 ser
1891 5242 17 22 à
1922 5242 43 20 des
1979 5242 113 21 fourmis.
2107 5243 34 21 Ce
2154 5247 48 20 que
2215 5242 76 21 Holm
2307 5241 83 27 voyait

1836 5271 32 25 là,
1885 5271 84 24 c'était
1985 5274 23 21 le
2025 5273 85 22 centre
2127 5272 129 22 d'affaires
2272 5273 31 21 de
2319 5272 71 22 Port-

1836 5302 139 22 au-Prince.
1992 5303 41 22 Du
2051 5303 122 26 spectacle
2191 5303 32 21 de
2238 5309 42 16 ses
2296 5306 59 19 rues
2372 5303 18 21 il

1837 5333 69 23 avait
1926 5332 76 27 gardé
2023 5338 49 16 une
2092 5334 65 22 suite
2178 5333 119 27 d'images
2317 5334 65 25 pitto-

1837 5368 102 21 resques
1961 5364 25 22 et
2007 5363 178 27 particulières.
2206 5364 69 21 Elles
2296 5363 95 22 étalent

1835 5394 100 26 pleines,
1942 5394 114 26 jusqu'en
2063 5395 55 21 leur
2124 5395 91 24 milieu,
2224 5394 29 22 de
2261 5393 130 27 négresses

1835 5425 79 21 triant
1925 5425 164 26 patiemment
2101 5426 42 21 des
2155 5426 61 26 piles
2228 5426 30 20 de
2270 5424 64 27 café,
2346 5431 43 17 sur

1836 5455 129 25 lesquelles
1990 5456 59 20 elles
2074 5461 28 17 se
2126 5456 143 21 trouvaient
2293 5456 96 25 parfois

1839 5485 98 24 assises,
1964 5486 84 21 tandis
2073 5491 48 21 que
2146 5486 116 26 d'autres,
2288 5485 103 27 juchées

1835 5520 45 16 sur
1900 5516 43 21 des
1963 5515 67 26 ânes,
2050 5516 128 25 passaient
2197 5522 31 17 en
2248 5517 67 22 lente
2334 5522 47 20 pro-

1836 5545 104 25 cession,
1962 5552 33 16 ou
2016 5545 136 27 défilaient,
2174 5547 103 25 portant
2298 5553 44 16 sur
2364 5547 25 21 la

1836 5574 51 22 tête
1906 5576 43 20 des
1967 5576 105 26 charges
2088 5578 180 25 surprenantes
2286 5578 104 25 d'objets

1836 5603 164 25 hétéroclites.
2031 5607 148 22 Par-dessus
2210 5608 23 21 le
2266 5608 62 25 tout,
2360 5607 29 22 de

1835 5636 93 25 grands
1943 5641 77 21 coups
2036 5638 29 21 de
2080 5638 70 22 soleil
2165 5638 61 20 dont
2241 5631 148 28 flambaient

1834 5667 36 22 les
1889 5667 114 22 couleurs
2021 5670 26 20 et
2065 5673 27 16 se
2111 5668 82 21 dorait
2212 5669 24 21 la
2254 5667 133 26 poussière.

1861 5698 22 20 Il
1896 5698 68 21 avait
1976 5698 97 21 ensuite
2086 5697 112 23 escaladé
2211 5698 36 20 les
2260 5699 126 24 hauteurs,

1835 5734 57 16 vers
1908 5729 23 21 le
1947 5729 112 26 quartier
2075 5729 44 21 des
2134 5728 141 23 résidences
2292 5728 86 26 élégan-

1836 5762 38 20 tes
1893 5759 130 22 entourées
2043 5760 29 21 de
2090 5760 80 20 beaux
2187 5759 103 25 jardins,
2309 5761 26 21 et
2352 5759 37 25 s'y

1836 5791 62 22 était
1914 5789 89 26 arrêté,
2020 5795 64 21 pour
2100 5790 108 26 respirer
2223 5794 59 19 sous
2297 5794 35 17 un
2349 5794 41 17 ca¬

2415 4846 100 22 roubier
2534 4847 26 21 la
2579 4846 122 26 prenante
2720 4846 103 21 senteur
2841 4845 128 26 tropicale,

2416 4877 62 23 faite
2490 4877 122 25 d'orange,
2624 4877 30 22 de
2666 4876 87 24 citron,
2766 4877 29 20 de
2806 4875 57 22 café
2874 4875 96 23 mêlant

2416 4908 67 20 leurs
2492 4912 99 17 arômes
2600 4907 18 21 à
2627 4912 49 17 une
2687 4908 107 20 douceur
2805 4906 112 23 vanillée.

2443 4937 167 21 Poursuivant
2625 4942 31 17 sa
2671 4937 151 26 promenade
2838 4942 50 17 aux
2903 4938 57 21 alen-

2416 4967 70 22 tours
2503 4969 30 20 de
2548 4970 26 20 la
2588 4967 63 24 ville,
2668 4969 17 21 il
2700 4967 70 22 avait
2783 4967 81 22 croisé
2879 4973 35 16 un
2929 4973 32 16 ca-

2416 4998 78 21 valier
2513 5000 44 24 qui
2576 4998 53 21 s'en
2648 4998 114 23 revenait
2781 4998 72 21 d'une
2872 4999 89 25 planta-

2416 5028 60 22 tion.
2495 5029 76 20 Holm
2592 5027 63 22 était
2673 5027 83 22 arrivé
2776 5033 35 16 au
2829 5029 63 20 haut
2912 5029 58 22 d'un

2415 5063 87 17 morne
2525 5058 56 22 d'où
2602 5064 29 17 se
2652 5058 177 24 découvraient
2849 5059 38 22 les
2908 5060 61 21 toits

2415 5089 71 21 bleus
2508 5090 25 21 et
2554 5094 97 21 rouges,
2672 5090 71 22 entre
2764 5090 107 25 lesquels
2891 5089 69 22 émer-

2415 5119 101 25 geaient
2536 5120 103 25 partout
2659 5121 38 20 les
2719 5120 122 25 bouquets
2862 5120 32 21 de
2915 5125 46 17 ver-

2418 5150 62 21 dure
2506 5149 151 22 exubérante
2690 5150 96 26 parfois
2819 5155 32 16 en
2876 5150 93 26 dames,

2416 5180 94 26 parfois
2532 5186 31 15 en
2583 5180 95 26 légères
2698 5181 96 22 volutes
2815 5182 32 22 de
2865 5182 103 25 palmes.

2415 5211 144 21 Dominant-
2573 5212 36 20 les
2629 5212 111 20 maisons
2759 5212 93 24 basses,
2873 5217 97 16 comme

2416 5241 24 22 le
2468 5241 83 26 prêtre
2578 5247 28 15 se
2635 5241 104 22 détache
2767 5243 130 21 au-dessus
2925 5243 44 20 des

2416 5271 117 26 croyants
2556 5271 158 27 agenouillés,
2737 5271 92 27 l'église
2851 5278 28 16 se
2903 5273 56 21 dres-

2415 5302 49 22 sait
2483 5302 56 21 tout
2557 5301 100 26 entière,
2676 5307 61 17 avec
2755 5308 41 18 ses
2815 5303 65 21 deux
2897 5304 71 20 tours

2416 5331 104 24 effilées.
2542 5333 42 21 Un
2606 5334 47 21 ciel
2677 5333 72 22 d'une
2770 5333 88 26 pureté
2880 5338 90 20 rayon-

2415 5363 78 22 nante
2510 5363 96 21 tendait
2623 5369 31 17 sa
2670 5363 81 25 voûte,
2770 5363 55 22 d'où
2842 5362 126 22 ruisselait

2416 5393 26 21 la
2466 5392 103 23 lumière
2595 5393 124 24 éclatante
2744 5394 61 21 dont
2829 5394 52 21 l'Ile
2905 5392 63 22 était

2415 5423 103 23 éblouie.

2441 5454 36 21 Le
2493 5455 109 21 cavalier
2617 5455 69 22 avait
2702 5453 82 22 arrêté
2800 5459 30 16 sa
2845 5453 121 21 monture.

2414 5485 142 25 D'instinct,
2577 5486 36 22 les
2635 5486 65 20 deux
2720 5486 112 20 hommes
2853 5482 114 22 s'étalent

2415 5516 74 20 souri.
2511 5514 80 26 Après
2614 5516 118 25 quelques
2754 5515 97 25 paroles
2873 5514 30 21 de
2925 5517 33 21 po-

2414 5545 91 24 litesse,
2530 5546 125 20 l'inconnu
2678 5545 69 22 avait
2770 5545 46 21 dit:

2440 5585 30 6 —
2480 5575 68 21 Vous
2560 5575 52 21 êtes
2625 5575 89 25 marin,
2726 5575 53 21 cela
2789 5579 28 16 se
2829 5573 57 21 voit.
2898 5573 68 21 Vous

2414 5610 75 16 venez
2506 5605 30 22 de
2552 5605 67 21 loin?

2439 5646 30 6 —
2489 5636 38 20 De
2550 5636 25 20 la
2596 5634 243 27 Nouvelle-Orléans;
2848 5653 4 5 .
2862 5634 65 21 mais
2948 5633 18 22 à

2414 5666 53 21 dire
2486 5666 62 24 vrai,
2566 5671 60 16 mon
2644 5666 91 21 bateau
2754 5667 39 20 est
2812 5664 93 22 danois.

2441 5707 30 6 —
2494 5696 105 21 Danois!
2625 5697 40 19 Ah
2690 5701 46 19 par
2761 5695 119 25 exemple!
2907 5695 59 22 Mon

2415 5726 57 26 père
2495 5733 16 15 a
2533 5727 139 25 longtemps
2695 5726 129 21 entretenu
2847 5726 36 21 les
2904 5726 52 21 rela-

2413 5758 66 20 tions
2498 5758 36 21 les
2553 5757 55 26 plus
2627 5756 121 22 cordiales
2767 5761 60 18 avec
2846 5761 35 18 un
2899 5757 57 27 capi-

2414 5788 90 22 taine..

3020 4856 30 7 —
3068 4845 128 22 Christian
3214 4844 84 25 Holm,
3317 4842 138 28 peut-être?

3021 4883 35 22 Le
3075 4882 109 22 cavalier
3201 4882 127 21 descendit
3347 4881 30 22 de
3394 4885 46 16 son
3458 4875 85 24 cheval

2994 4915 26 20 et
3039 4914 64 20 Erik
3122 4913 96 25 ajouta:

3020 4961 30 6 —
3066 4951 68 21 Vous
3154 4950 52 21 êtes
3224 4950 127 21 monsieur
3368 4946 87 26 PuljoL

3021 4989 36 22 Us
3074 4993 29 16 se
3122 4987 126 22 serrèrent
3266 4988 36 20 les
3321 4986 87 21 mains,
3426 4982 62 26 puis,
3507 4981 26 20 te-

2993 5020 63 20 nant
3069 5024 29 17 sa
3110 5018 58 22 bête
3180 5023 47 21 par
3238 5019 27 21 la
3276 5017 77 24 bride,
3364 5012 83 23 André
3459 5011 84 25 Puijol

2993 5050 54 21 s'en
3063 5049 119 22 retourna
3197 5050 59 21 chez
3272 5047 42 25 lui,
3328 5051 18 20 y
3362 5043 141 23 emmenant
3519 5041 24 23 le

2990 5085 154 21 -promeneur
3163 5076 137 24 rencontré.

3020 5117 72 21 Cette
3107 5116 103 26 journée
3225 5115 41 21 fut
3280 5117 49 17 une
3345 5111 43 21 des
3403 5110 140 22 meilleures

2995 5147 60 22 dont
3072 5148 63 20 Erik
3151 5146 75 21 Holm
3240 5150 29 16 se
3285 5141 106 22 souvint
3407 5141 38 21 La
3461 5140 74 28 récep-

2994 5179 53 22 tion
3070 5180 43 23 qui
3134 5178 35 20 lui
3191 5175 40 21 fut
3252 5173 63 21 faite
3337 5172 23 21 le
3382 5172 99 22 toucha.
3504 5173 41 21 On

2993 5209 107 21 n'oublia
3112 5211 46 21 pas
3171 5207 29 20 de
3212 5204 35 22 lui
3258 5202 113 21 montrer
3383 5203 30 21 de
3426 5208 46 16 son
3484 5202 60 26 père

2994 5244 48 16 une
3062 5234 177 29 photographie
3258 5233 105 25 quelque
3382 5238 50 21 peu
3449 5233 96 26 passée.

2993 5269 53 21 Elle
3059 5267 67 21 avait
3138 5265 39 23 été
3189 5263 106 23 honorée
3309 5264 58 20 d'un
3378 5264 75 22 cadre
3465 5266 79 25 ovale,

2992 5303 61 18 avec
3067 5295 182 28 passe-partout
3261 5294 81 24 blanc,
3356 5298 18 22 à
3385 5296 27 21 la
3424 5296 73 22 mode
3511 5296 34 22 du

2993 5327 73 23 siècle
3088 5325 103 22 dernier.

3018 5376 17 16 «
3048 5370 113 22 Certains
3181 5368 66 23 êtres
3261 5374 21 21 »,
3302 5369 84 26 s'était
3405 5371 39 23 dit
3461 5372 84 25 Holm,

2992 5408 14 15 «
3019 5402 44 20 ont
3082 5402 23 21 le
3124 5401 66 21 culte
3210 5401 43 22 des
3271 5401 96 25 choses,
3387 5403 44 22 des
3450 5404 95 24 figures

2992 5433 33 22 du
3040 5430 79 27 passé.
3135 5431 64 21 Sans
3214 5432 75 22 doute
3304 5437 33 16 ne
3351 5433 37 21 les
3404 5434 143 21 renconti-e-

2993 5464 51 19 t-cm
3068 5467 48 20 que
3141 5462 62 21 dans
3226 5464 37 21 les
3286 5461 53 24 lies.
3362 5464 36 22 Le
3421 5465 67 21 reste
3512 5465 34 21 du

2991 5493 89 21 monde
3097 5497 32 17 ne
3145 5492 103 24 s'arrête
3265 5493 56 26 plus
3338 5499 50 16 aux
3403 5495 140 26 souvenirs;

2991 5523 19 21 11
3029 5529 17 16 a
3066 5523 58 20 bien
3145 5523 109 22 d'autres
3274 5525 90 21 soucis.
3377 5531 14 16 »

3017 5568 23 22 Il
3058 5568 82 26 quitta
3156 5569 204 24 Port-au-Prince
3376 5576 62 17 avec
3455 5570 90 27 regret.

3019 5598 40 21 En
3081 5598 114 25 arrivant
3216 5601 18 22 à
3254 5601 149 27 New-Tork,
3424 5607 46 16 son
3491 5606 47 21 pre-

2990 5629 65 21 mier
3074 5630 55 21 soin
3149 5631 41 23 fut
3209 5631 131 27 d'envoyer
3360 5637 35 17 un
3415 5632 94 21 cadeau
3528 5631 19 23 à

2992 5660 67 22 Mme
3076 5661 90 26 Puijol,
3185 5662 64 22 ainsi
3268 5668 47 20 que
3335 5663 43 22 des
3396 5663 82 25 jouets
3496 5667 50 17 aux

2992 5692 64 21 deux
3077 5693 107 21 enfants.
3204 5693 84 22 André
3308 5694 83 24 Puijol
3411 5694 24 22 le
3454 5698 83 17 remer-

2991 5724 39 22 cia
3047 5729 47 20 par
3109 5729 50 16 une
3176 5724 73 21 lettre
3266 5724 163 23 affectueuse,
3445 5724 44 25 qui
3505 5729 31 16 ex-

2992 5755 102 25 primait
3113 5755 98 25 l'espoir
3229 5755 110 25 qu'avait
3357 5755 26 21 la
3400 5754 96 22 famille
3515 5755 31 21 de

2992 5786 82 22 revoir
3088 5785 97 26 bientôt
3199 5786 23 22 le
3238 5791 14 16 c
3265 5786 62 22 cher
3341 5784 52 22 uni
3406 5790 15 16 »
3436 5786 61 21 dont
3512 5776 49 35 on/

3568 4836 90 28 parlait
3681 4836 97 25 chaque
3801 4836 64 25 jour,
3888 4837 57 21 tout
3967 4840 95 16 comme
4085 4838 30 16 on

3567 4866 82 23 s'était
3671 4867 133 22 entretenu
3827 4868 31 20 de
3880 4872 48 16 son
3951 4865 64 27 père,
4038 4866 77 20 autre-

3567 4897 55 25 fols,
3634 4897 56 21 tant
3701 4903 49 21 que
3760 4899 24 20 le
3794 4898 74 21 vieux
3878 4897 83 25 Puijol
3972 4897 68 21 avait
4051 4895 63 21 vécu.

3595 4948 92 22 C'était
3710 4950 53 21 lors
3789 4953 30 20 de
3844 4956 29 16 ce
3898 4950 86 21 retour
4008 4948 18 21 à
4049 4948 62 20 Ne»

3565 4980 72 21 York
3647 4981 105 26 qu'Erik
3762 4982 76 21 Holm
3850 4981 68 23 avait
3929 4980 48 21 fait
3987 4984 49 16 une
4047 4979 62 21 aut»

3567 5012 187 22 connaissance.

3594 5063 42 21 Un
3656 5064 70 21 lundi
3748 5065 33 22 du
3800 5064 65 21 mois
3886 5064 30 22 de
3934 5062 59 25 mai,
4014 5063 18 21 il
4052 5057 59 25 avsit

3568 5094 169 26 accompagné
3759 5095 102 21 Charles
3882 5094 98 24 Fulton,
4002 5091 108 24 managM

3569 5125 31 20 de
3631 5126 30 20 l'«
3675 5126 91 20 Austin
3797 5125 162 24 Foi-warding
3990 5125 34 20 Co
4038 5130 21 17 »,
4084 5117 13 36 *|
4096 5120 13 16 e

3568 5156 80 21 Front
3660 5156 89 25 Street,
3762 5157 17 21 à
3791 5160 35 17 un
3838 5161 93 21 garage
3943 5154 33 21 où
3989 5155 17 21 il
4019 5148 91 27 désirai'

3568 5187 56 21 voir
3638 5192 50 17 une
3702 5186 157 24 automobile.
3873 5187 37 20 La
3923 5185 114 21 machine
4051 5177 60 27 avait

3570 5216 52 24 très
3646 5223 48 20 peu
3718 5216 76 25 roulé,
3818 5218 39 20 s'il
3881 5223 31 15 en
3935 5216 83 20 fallait
4040 5211 72 22 croire

3569 5248 136 21 l'annonce.
3728 5248 39 20 On
3790 5253 31 17 en
3844 5246 143 22 demandait
4007 5245 40 20 500
4067 5239 38 23 dol-

3570 5278 58 22 lars.
3654 5277 89 23 C'était
3766 5282 50 18 une
3840 5283 14 15 €
3868 5276 74 23 réelle
3967 5274 109 23 occasion
4098 5267 16 23 à

3569 5309 76 21 saisir
3658 5315 21 16 ».

3596 5361 94 21 Fulton
3712 5360 63 22 était
3795 5366 36 16 un
3852 5360 64 26 petit
3936 5360 95 20 homme
4051 5353 62 21 brun

3572 5392 30 21 de
3622 5396 71 21 peau,
3713 5391 56 21 noir
3789 5392 30 22 de
3839 5391 110 22 cheveux
3968 5391 24 20 et
4011 5385 102 22 nerveu"

3571 5427 96 18 comme
3691 5427 34 16 un
3749 5422 70 25 singe
3843 5419 83 28 agacé.
3949 5419 41 21 S'il
4012 5422 16 21 y
4050 5418 41 17 avr

3572 5453 104 25 quelque
3697 5453 75 20 chose
3802 5452 42 26 qui
3873 5451 35 21 lui
3936 5449 60 21 était
4024 5445 69 22 odieu

3571 5482 84 22 c'était
3671 5483 94 21 d'avoir
3781 5484 17 22 à
3814 5483 64 20 faire
3894 5481 43 20 des
3952 5477 87 23 achats
4056 5477 44 23 pou

3571 5518 46 17 son
3631 5518 90 22 propre
3737 5513 103 25 compte,
3855 5516 46 19 que
3916 5515 28 15 ce
3958 5507 40 21 fût
4012 5512 33 15 un
4060 5505 44 20 cha-

3571 5549 64 20 peau
3652 5549 33 17 ou
3703 5549 49 17 une
3768 5543 69 26 paire
3855 5542 30 21 de
3902 5539 109 21 souliers.
4029 5532 83 29 (Quand

3570 5575 18 21 il
3601 5574 104 26 agissait
3718 5580 32 15 au
3763 5577 57 17 nom
3832 5571 30 21 de
3875 5572 25 20 la
3910 5569 98 20 maison
4021 5564 90 24 Austin,

3571 5610 47 20 par
3635 5605 93 23 contre,
3746 5604 18 20 il
3780 5600 99 27 gardait
3896 5600 55 22 tout
3969 5603 45 16 son
4031 5596 80 22 calme,

3571 5636 105 22 traitant
3692 5631 127 29 posément
3833 5631 37 21 les
3886 5631 56 25 plus
3958 5627 103 28 grandes
4076 5623 27 22 af-

3572 5667 77 21 faires
3662 5665 35 29 ,et
3720 5661 121 23 débattait
3863 5661 37 20 les
3922 5660 56 26 prix
3999 5662 59 17 avec
4080 5657 31 18 u»

3572 5692 176 26 acharnement
3770 5690 130 27 opiniâtre.

3948 5759 35 25 (A.
3997 5752 89 27 suivre*/
