4055 5806
846 102 4 4 -
882 95 4 5 •

1822 127 20 23 8
1899 127 44 24 La
1959 129 158 25 Dernière
2134 129 110 22 Heure
2301 127 20 23 8

161 223 99 33 D'UNE
284 224 116 32 PIERRE
425 224 87 33 DEUX
535 223 104 33 COUPS
656 225 6 28 !
961 234 33 14 -

162 281 87 33 Vous
269 282 131 33 vendrez
418 287 19 28 à
456 296 44 19 un
521 284 59 31 bon
593 284 65 37 prix
671 290 82 24 votre
765 284 106 29 ancien
890 282 82 32 mobi-

160 328 53 33 lier
232 336 32 25 et
281 342 40 19 en
341 337 152 25 trouverez
511 342 43 19 un
574 328 143 33 moderne
736 340 60 19 aux
818 327 168 33 meilleures

160 375 170 33 conditions
358 389 40 19 en
427 375 133 33 utilisant
589 387 56 20 nos
671 374 109 32 Petites
806 374 178 37 Annonces,

316 422 141 40 rubrique
476 434 10 23 :
512 419 315 35 AMEUBLEMENT

862 461 69 19 (B.E.P.
940 461 43 16 4487

1140 212 249 225 La
1460 208 893 225 Dernière
2420 208 613 225 Heure

1819 463 220 35 MERCREDI
2060 464 31 33 l°
2092 463 9 13 r
2125 461 82 33 MAI
2230 461 86 31 1940

3181 243 54 34 IL
3257 236 152 38 FAUT
3421 225 251 43 RÉDUIRE
3685 229 102 34 LES
3797 222 187 58 FR/ag^*

3228 286 52 27 Les
3300 291 67 27 gens
3388 281 47 31 pré
3438 282 117 25 voyants
3570 279 115 26 songent
3699 276 16 25 à
3729 274 164 34 l'économie.
3904 284 24 34 Q
3927 295 16 19 a
3942 270 31 48 >ijj

3188 322 78 25 lisent
3294 315 209 33 régulièrement
3524 309 39 26 les
3584 307 99 26 Petite»
3705 308 145 30 Annonces
3866 314 32 28 cU

3394 345 55 49 La
3462 339 192 54 Dernière
3665 337 135 51 Heur»

3188 404 85 25 avant
3291 399 36 26 de
3343 398 70 26 faire
3432 397 71 25 leurs
3520 392 102 27 achats.
3641 390 32 28 Ils
3689 399 34 17 ne
3740 393 125 27 perdront
3878 404 45 23 pu
3934 402 40 30 ^

3189 440 99 23 temps.
3877 441 98 17 om.a_

1438 570 681 115 Belgique

155 1496 30 7 —
202 1487 70 20 Es-tu
291 1486 56 21 folle
367 1487 29 20 de
409 1486 33 20 lui
458 1487 89 20 donner
563 1486 54 21 cent
632 1486 98 22 sous!...

153 1522 30 6 —
194 1512 37 21 Tu
248 1512 53 21 n'as
318 1517 44 20 pas
381 1512 105 20 entendu
508 1517 27 15 ce
557 1512 55 24 qu'il
634 1517 16 15 a
672 1512 36 22 dit
726 1517 7 16 i
759 1519 11 13 «
787 1512 52 21 Une
862 1512 73 25 petite
950 1511 96 24 charité,
1076 1518 40 15 ma
1145 1512 57 21 belle

127 1537 69 20 dame
211 1545 19 13 ».
840 1537 85 21 Dessin
943 1537 74 22 inédit
1034 1538 30 21 de
1082 1538 100 25 Dorchy.

1272 1499 28 5 —
1313 1489 28 21 Je
1357 1486 44 23 'me
1424 1488 122 22 demande,
1570 1492 55 15 mon
1650 1485 174 24 commandant,
1840 1485 20 20 si
1876 1489 59 16 nous
1951 1486 96 20 n'avons
2063 1490 43 20 pas
2122 1490 29 15 eu
2168 1485 48 20 tort
2231 1485 29 20 de
2276 1491 44 15 con-

1247 1514 45 21 fier
1306 1514 22 20 le
1343 1513 145 24 camouflage
1503 1513 28 20 de
1546 1518 43 15 nos
1603 1512 111 21 blockaus
1727 1511 15 21 à
1756 1516 32 15 un
1803 1510 82 21 artiste
1905 1510 91 24 peintre
2004 1511 13 20 ?

1898 1536 85 20 Dessin
1999 1536 75 22 inédit
2090 1536 29 21 de
2134 1536 58 20 Max
2208 1536 99 21 Servais.

175 2228 30 6 —
217 2219 100 24 Garçon,
341 2224 60 15 nous
414 2219 125 20 voudrions
564 2218 60 21 faire
648 2224 34 15 un
706 2219 46 20 bon
777 2219 61 25 petit
861 2219 92 21 dîner...

149 2243 119 25 Qu'est-ce
284 2249 44 19 que
344 2249 58 16 vous
414 2249 60 16 nous
491 2244 119 20 conseilles
619 2245 12 20 ?

174 2279 30 6 —
214 2269 54 21 Ah!
290 2269 126 23 Monsieur,
429 2269 36 23 ici,
481 2269 16 21 à
514 2270 60 19 deux
606 2274 67 19 pas...
692 2269 23 24 je
732 2269 97 21 connais
845 2274 33 15 un
895 2270 61 24 petit

147 2295 136 20 restaurant
298 2294 99 25 épatant
406 2295 6 20 !
493 2294 84 21 Dessin
590 2294 75 21 inédit
677 2295 30 20 de
718 2294 90 21 Marcel
820 2295 108 21 Antoine.

288 3174 198 21 UTILISATION
497 3174 58 21 DES
573 3174 217 22 COMPETENCES
806 3175 8 21 !

177 3198 176 23 L'OFFICIER.
376 3209 29 5 —
418 3199 119 24 Qu'est-ce
551 3204 44 20 que
610 3204 57 16 vous
681 3200 71 21 faites
767 3201 60 21 dans
841 3200 69 21 l'civll
918 3201 13 21 ?

175 3224 39 20 LE
230 3225 77 20 JASS.
324 3235 28 4 —
367 3224 178 21 Laboureur!...

179 3249 175 21 L'OFFICIER.
377 3260 30 5 —
418 3250 77 21 Bon...
509 3255 63 15 serez
585 3249 195 22 éventuellement
792 3250 94 25 désigné
900 3255 59 20 pour

131 3273 33 21 les
209 3274 98 24 champs
322 3274 98 21 d'mines
436 3282 12 12 »
457 3275 7 20 !
579 3276 85 20 Dessin
681 3275 75 23 inédit
773 3276 29 21 de
819 3277 113 23 Ray-Mu.

151 4114 42 28 M.
209 4114 37 26 A.
264 4113 78 28 Eden
357 4114 170 28 s'entretient
537 4125 69 17 avec
618 4116 49 27 des
679 4116 104 27 soldats
795 4117 35 27 de
841 4117 84 27 Terre

276 4147 95 30 Neuve
385 4148 104 27 arrivés
506 4158 37 17 en
560 4148 170 32 Angleterre.
748 4163 42 5 —
808 4150 31 27 C.

152 4192 22 35 f

999 2432 29 5 —
1041 2422 142 20 Savez-vous
1201 2427 26 15 ce
1245 2426 44 20 que
1307 2422 56 20 c'est
1381 2427 44 19 que
1444 2430 10 6 *
1473 2422 44 20 Les
1531 2422 93 20 foudres
1642 2422 29 20 de
1689 2426 82 20 çuerre
1790 2429 11 11 »
1809 2421 13 20 ?

1000 2457 28 5 —
1041 2447 52 22 Oui,
1111 2452 55 15 mon
1184 2447 123 24 adjudant,
1325 2452 26 16 ce
1368 2448 54 20 sont
1439 2447 34 21 les
1490 2448 87 24 grands
1596 2448 119 19 tonneaux
1733 2447 60 20 dans
1811 2447 98 24 lesquels
1927 2451 31 16 on
1977 2446 84 22 amène

975 2473 21 20 le
1010 2473 84 24 pinard
1109 2477 47 16 aux
1169 2472 82 25 poilus.
1717 2473 85 20 Dessin
1820 2472 75 22 inédit
1913 2472 30 21 de
1962 2473 73 24 Coup.

3503 558 291 56 PATROUILLE
3842 560 49 57 EN
3935 568 64 65 MER

2413 1501 56 27 Des
2485 1502 103 27 soldats
2604 1502 104 31 anglais
2725 1501 181 27 construisent
2927 1510 53 17 une
2994 1499 120 32 position
3126 1497 123 28 avancée
3262 1506 45 18 sur
3319 1496 26 26 le
3357 1496 77 26 front

2778 1548 36 27 de
2829 1547 108 27 l'ouest.
2952 1561 41 4 —
3008 1546 59 27 AT.

3525 1467 105 26 Marins
3648 1467 118 31 français
3784 1467 101 30 devant
3900 1480 32 18 un
3947 1476 49 29 petit

3526 1511 90 16 canon
3636 1501 36 26 de
3691 1503 40 24 47
3750 1510 65 17 mm.
3834 1504 17 26 à
3869 1502 64 30 bord
3949 1507 47 29 d'un

3620 1534 185 31 patrouilleur.
3819 1548 40 6 —
3872 1536 54 29 AT.

2130 2464 62 28 Une
2208 2471 53 18 vue
2279 2462 35 29 de
2330 2461 28 26 la
2375 2468 36 17 v0
2415 2468 6 15 '
2423 2469 15 15 e
2450 2459 89 27 ferrée
2551 2458 36 27 de
2599 2459 107 30 Bergen
2717 2461 18 25 à
2747 2459 78 26 Oslo.
2838 2459 59 27 Elle
2909 2462 129 28 serpente
3049 2461 18 25 à
3079 2463 105 22 travers
3196 2459 25 27 le
3234 2468 69 21 pays
3315 2459 153 26 accidenté.

3633 2413 126 31 Troupes
3785 2414 138 29 françaises

3608 2446 93 31 prêtes
3728 2448 18 26 à
3774 2446 172 31 s'embarquer

3586 2489 72 21 pour
3672 2479 28 27 la
3714 2479 135 31 Norvège.
3863 2494 39 5 —
3913 2478 50 30 AT.

1003 3283 28 5 —
1044 3273 142 24 Sapristi!...
1205 3274 22 20 le
1245 3274 71 25 tuyau
1334 3275 30 20 de
1381 3280 55 15 mon
1454 3280 58 16 mas.

978 3303 44 20 que
1040 3298 15 21 à
1073 3304 42 19 gaz
1125 3300 6 20 !

1167 3325 83 20 Dessin
1267 3325 73 21 Inédit
1356 3325 29 22 de
1401 3326 91 21 Lenolr.

1027 4095 4 5 ■
1043 4085 62 22 C'est
1119 4086 53 20 bien
1180 4086 14 21 T

1042 4111 69 20 J'sais
1129 4117 49 19 pas,
1196 4111 23 24 je
1237 4117 37 15 me
1292 4117 52 16 rase
1362 4112 155 22 moi-même...

1156 4137 85 21 Dessin
1259 4137 75 22 inédit
1351 4138 30 21 de
1400 4138 91 21 Jolomi.

1548 4053 77 31 Lady
1638 4055 104 32 Simon,
1758 4057 103 30 épouse
1877 4056 37 26 du
1930 4056 152 29 chancelier
2096 4057 35 27 de
2146 4055 167 32 l'échiquier,

1548 4092 42 22 est
1604 4088 119 27 malade.
1740 4090 39 25 La
1793 4089 75 26 voici
1883 4089 91 29 disant
1989 4100 36 17 au
2040 4090 90 28 revoir
2145 4091 17 26 à
2178 4098 51 17 son
2244 4088 70 26 mari

1549 4120 46 31 qui
1617 4130 29 17 se
1668 4121 69 27 rend
1759 4131 54 17 aux
1843 4121 168 30 Communes
2036 4132 70 23 pour
2130 4131 19 22 y
2175 4121 140 32 présenter

1740 4154 26 29 le
1782 4164 128 17 nouveau
1925 4154 112 32 budget.
2053 4170 41 6 —
2109 4155 31 27 C.

248 4854 147 28 Escadrille
413 4856 36 26 de
466 4855 95 28 chasse
578 4856 122 31 anglaise
717 4866 35 17 au
768 4857 75 26 front
859 4857 127 30 français.
1002 4871 41 5 —
1059 4859 30 26 C.

1562 4861 34 27 Us
1611 4861 62 28 font
1687 4861 26 27 le
1727 4867 73 22 mort
1814 4871 35 17 en
1864 4863 56 26 duo
1935 4863 8 27 !
1956 4877 37 6 —
1992 4877 6 6 ■
2011 4865 31 28 B.

2553 3431 182 44 Maison
2757 3431 138 44 claire
2916 3439 45 36 et
2980 3438 232 49 pimpante
3233 3437 135 50 après
3389 3431 42 45 le
3453 3432 149 56 grand
3621 3441 239 46 nettoyage

3045 3508 93 29 aux
3167 3495 202 53 produits

2522 3736 377 105 PERSIL

2524 3888 363 107 HENGO

2526 4042 209 103 IMI

2522 4194 235 109 ATA

3028 3572 385 113 PERSIL

2973 3742 105 43 lave
3106 3750 43 35 et
3176 3741 202 44 blanchit
3405 3741 43 44 le
3476 3742 121 56 linge

2973 3818 56 28 en
3058 3803 298 56 prolongeant
3384 3818 52 29 sa
3464 3805 154 44 durée.

2973 3890 194 50 prépare
3195 3885 42 43 le
3265 3885 224 56 lessivage

2974 3954 43 36 et
3044 3946 182 44 adoucit
3254 3947 117 44 l'eau
3401 3949 123 44 dure.

2852 4041 161 38 nettoie
3041 4044 43 35 et
3112 4036 231 54 dégraisse

2852 4111 118 29 avec
2999 4097 202 55 rapidité.

2853 4183 156 38 récure
3036 4187 45 35 et
3106 4180 109 54 polit
3242 4189 94 35 tout
3363 4202 11 24 :

2854 4240 41 43 le
2924 4240 108 49 bois,
3061 4240 163 45 l'émail
3252 4251 43 35 et
3322 4243 64 43 les
3414 4249 195 40 métaux.

2615 4617 339 86 içS*fftof^

2941 4729 117 20 SOCIÉTÉ
3071 4732 142 17 ANONYME
3224 4733 104 20 PERSIL,
3337 4735 164 20 BRUXELLES

3046 4761 80 14 Usines
3137 4759 15 18 à
3165 4761 32 14 M.
3200 4762 54 14 rent.
3256 4761 40 17 lez.
3300 4764 94 15 Louvain

3901 4774 87 32 <S4r.A*
3987 4769 19 21 îJ

216 4974 93 73 LA
374 4974 381 75 calvitie
1022 4976 191 95 Le
1276 4978 701 113 capillaire
2038 4984 127 91 J.
2234 4980 917 99 MOURADE

3253 4983 186 41 PLUS
3483 4986 91 40 DE

302 5068 361 75 VAINCUE

868 5100 76 21 SEUL
963 5101 124 21 REMEDE
1108 5101 146 22 EFFICACE
1271 5102 80 21 contre
1368 5103 23 21 la

867 5132 109 20 cheveux.
995 5132 31 21 Le
1043 5132 50 21 seul
1113 5132 93 26 produit
1224 5134 74 24 ayant
1316 5133 77 22 donné

261 5571 78 17 CJaasive
350 5571 87 19 pendant
449 5572 20 16 14
480 5575 38 13 an.

696 5571 61 21 Apre.
772 5573 11 15 S
799 5573 48 15 mal.

1065 5574 60 19 Aprte
1140 5575 20 16 lt
1174 5575 49 17 raeia

1408 5103 92 22 calvitie
1518 5105 24 20 et
1558 5105 77 21 toutes
1652 5104 33 21 les
1701 5104 113 21 maladies
1831 5105 32 21 du
1881 5105 49 21 cuir
1948 5106 102 23 chevelu.
2067 5106 81 24 Arrête
2165 5111 49 16 non
2229 5106 131 20 seulement
2378 5105 23 21 la
2420 5105 71 21 chute
2510 5104 41 21 des
2570 5104 110 24 cheveux,
2698 5105 61 21 mais
2775 5106 96 24 produit
2882 5106 132 25 également
3025 5107 24 21 la
3061 5112 84 21 pousse
3156 5108 30 22 de
3197 5113 123 18 nouveaux

1408 5134 39 21 des
1465 5134 111 23 résultats
1593 5136 99 26 positifs.
1709 5136 204 21 NOMBREUSES
1931 5137 121 24 PHOTOS
2069 5139 38 21 ET
2124 5137 227 22 ATTESTATIONS
2369 5136 39 20 DE
2425 5136 156 21 MEDECINS
2600 5136 20 20 A
2637 5136 39 20 LA
2693 5136 198 22 DISPOSITION
2909 5138 57 21 DES
2985 5138 191 23 INTERESSES.

1414 5178 193 23 C1ITC6
1643 5178 76 32 UN
1763 5178 154 32 ESSAI
1975 5179 61 22 Four
2054 5183 127 23 personnes
2199 5177 183 26 complètement
2404 5178 108 22 chauves,
2534 5177 11 20 1
2568 5176 81 21 flacon
2671 5177 29 21 de
2721 5177 75 21 lotion

1414 5197 84 20 ■"**■
1514 5197 10 19 '
1541 5202 30 15 ■—
1574 5197 33 20 ^
1643 5197 35 20 w
1685 5197 35 20 "
1762 5197 155 20 •www**l
1975 5208 119 24 capillaire
2111 5208 68 20 d'une
2196 5207 147 20 contenance
2358 5205 29 21 de
2402 5205 38 21 125
2455 5209 33 20 gr.
2501 5204 72 21 suffit
2586 5204 62 21 ainsi
2661 5205 72 25 qu'un
2747 5205 35 21 fla-

1416 5234 44 17 con
1474 5230 29 21 de
1518 5230 158 21 désinfectant
1691 5231 14 20 d
1711 5231 52 20 'une
1776 5232 144 20 contenance
1933 5231 29 21 de
1975 5233 38 21 125
2025 5239 33 20 gr.
2070 5235 32 20 Le
2115 5233 52 20 tout
2178 5236 59 21 pour
2252 5231 40 20 225
2306 5230 87 20 francs.
2407 5231 61 19 Pour
2481 5234 128 21 personnes
2622 5230 174 24 partiellement

1416 5255 108 25 chauves,
1540 5256 16 21 il
1572 5256 53 21 faut
1639 5261 33 16 un
1688 5256 82 20 flacon
1782 5256 29 20 de
1823 5256 120 24 capillaire
1955 5257 28 21 de
1995 5258 39 22 250
2046 5264 33 20 gr.
2091 5259 23 20 et
2126 5262 34 16 un
2171 5257 79 20 flacon
2267 5256 29 20 de
2310 5255 159 21 désinfectant
2483 5255 29 21 de
2527 5255 38 20 125
2579 5259 33 21 gr.
2625 5255 32 20 Le
2672 5256 51 20 tout
2736 5260 60 20 pour

1414 5280 40 21 325
1469 5280 86 21 francs.
1570 5282 63 20 Nous
1647 5281 105 21 attirons
1764 5281 134 21 l'attention
1908 5286 42 16 sur
1961 5282 22 21 le
1994 5283 46 22 falt
2052 5288 52 22 que.
2113 5283 22 20 si
2146 5286 59 22 pour
2217 5282 33 20 les
2266 5285 127 20 personnes
2407 5280 174 25 partiellement
2595 5280 102 20 chauves
2711 5280 17 20 il
2742 5281 55 20 faut

1414 5310 34 17 un
1460 5306 80 21 flacon
1552 5306 29 21 de
1593 5307 39 20 250
1645 5312 33 19 gr.
1690 5306 33 21 de
1735 5306 127 25 capillaire,
1872 5307 57 20 c'est
1940 5312 71 20 parce
2022 5314 45 20 que
2077 5309 34 20 les
2123 5308 103 20 cheveux
2238 5306 106 20 restants
2355 5305 125 21 absorbent
2489 5304 164 21 énormément
2662 5305 22 20 le
2695 5305 101 25 produit.

1415 5331 32 21 Le
1465 5331 68 21 mode
1551 5332 108 24 d'emploi
1676 5336 60 16 avec
1753 5332 52 20 tous
1820 5331 200 25 renseignements
2035 5331 216 27 complémentaires
2266 5335 53 16 sera
2333 5329 87 25 envoyé
2432 5334 41 16 sur
2485 5330 84 24 simple
2582 5329 122 21 demande.
2717 5330 79 22 Prière

1416 5356 29 22 «le
1461 5356 93 25 Joindre
1571 5361 33 16 un
1622 5356 85 21 timbre
1724 5360 59 21 pour
1796 5356 23 21 la
1833 5355 104 26 réponse.
1950 5358 31 20 Le
1995 5359 119 25 capillaire
2126 5358 22 20 J.
2161 5356 153 21 MOURADE
2329 5356 35 20 est
2380 5354 94 25 garanti
2488 5354 125 21 inoffensif
2627 5356 24 19 et
2665 5355 131 21 infaillible,

1414 5381 21 21 n
1449 5382 98 20 absorbe
1559 5382 24 20 la
1597 5381 108 21 maladie.
1725 5381 71 21 Selon
1808 5382 24 21 la
1846 5382 85 20 nature
1944 5382 29 21 de
1987 5384 22 19 la
2023 5383 107 23 maladie,
2144 5382 33 20 les
2190 5380 113 22 résultats
2317 5385 26 16 se
2358 5380 53 20 font
2425 5379 75 21 sentir
2514 5379 70 25 après
2599 5380 11 20 1
2625 5384 30 16 ou
2670 5380 13 20 2
2698 5380 98 21 flacons.

1414 5407 32 20 Le
1460 5407 94 25 produit
1568 5408 36 19 est
1618 5406 87 25 envoyé
1725 5407 84 20 franco
1825 5406 28 21 de
1870 5408 60 24 port,
1946 5408 81 21 contre
2043 5408 118 27 paiement
2177 5411 32 16 au
2224 5407 95 23 compte
2333 5404 201 26 chèque-postaux
2547 5405 86 20 709.447
2647 5405 29 20 de

1412 5456 62 38 M.
1496 5456 45 39 J.
1570 5455 298 47 MOURADE,
1896 5454 61 45 144,
1979 5455 134 40 Boulevard
2137 5454 108 46 Adolphe
2273 5453 66 43 Mai,
2370 5451 137 44 Bruxelles,
2533 5452 99 46 Téléph,
2661 5451 135 45 17.02,37

1414 5511 150 21 Succursales
1580 5511 15 20 à
1612 5511 96 22 PARIS,
1722 5511 32 23 53,
1769 5510 36 21 Bd
1820 5511 147 21 Hausmann.
1981 5523 28 5 —
2022 5512 123 21 MADRID
2164 5517 6 15 :
2187 5508 164 25 Fuencaarral,
2371 5508 32 21 15.
2420 5518 29 5 —
2467 5508 179 21 BARCELONE
2669 5514 6 15 :
2696 5508 101 22 Rambla

1414 5536 29 21 de
1457 5536 24 21 la
1493 5537 86 21 Flores.
1593 5537 19 20 4.
1625 5547 27 4 —
1665 5537 43 19 Les
1722 5535 170 21 consultations
1908 5537 56 20 sont
1982 5539 119 22 gratuites.
2118 5547 28 5 —
2163 5535 89 22 Ouvert
2266 5535 53 19 tous
2332 5533 35 22 les
2380 5534 66 24 Jours
2460 5533 29 20 de
2504 5534 12 19 9
2532 5533 14 21 à
2560 5533 59 21 midi
2633 5534 24 20 et
2671 5533 30 21 de
2715 5535 13 19 2
2743 5534 23 21 h.
2782 5534 15 21 à

1413 5562 13 20 7
1450 5562 90 20 heures.
1563 5561 132 22 Dimanche
1707 5561 29 20 de
1754 5561 25 21 10
1795 5560 16 22 à
1827 5561 64 21 midi.
1906 5572 29 5 —
1950 5562 186 22 DISCRETION
2153 5560 145 22 ABSOLUE.

2915 5579 79 14 tnauve
3009 5579 87 18 pendant
3112 5579 21 15 1Z
3147 5583 37 11 an*

3926 4946 59 105 J

3617 5024 337 53 CHAUVES

3691 5102 107 29 70,000
3809 5078 144 57 SUCCES]

3729 5126 165 34 PROUVES

3340 5583 60 18 Apr.»
3418 5583 12 17 S
3449 5584 53 16 moi.

3722 5579 78 21 -atflsr».
3813 5578 12 16 t
3838 5574 142 30 ■**___£■
