3996 5730
836 256 6 11 j
844 257 34 10 •!___.
880 238 75 28 k-SîSv
960 238 36 35 ^/

1270 261 89 46 Les
1398 263 302 53 Expositions

160 1128 33 21 Lc
217 1126 102 23 dernier
342 1125 102 23 Conseil
467 1126 44 23 des
535 1126 128 23 ministres
682 1127 34 22 du
755 1127 195 28 gouvernement
989 1126 111 28 français
1141 1125 58 23 s'est

159 1155 72 23 réuni
245 1155 15 22 ù
276 1153 113 30 l'Elysée.
407 1154 78 26 Voici,
500 1156 98 21 sortant
614 1155 31 23 de
661 1157 67 21 cette
740 1155 136 23 assemblée
890 1155 45 25 (dc
945 1155 96 28 gauche
1053 1154 15 23 à
1080 1153 95 25 droite)
1189 1160 8 16 :

338 1183 56 23 MM.
410 1183 122 26 Frossart,
549 1184 110 25 Sarraut,
677 1184 22 23 J.
711 1184 73 22 Stern
797 1186 24 20 ct
832 1184 61 22 Jean
905 1184 59 27 Zay.

187 1270 142 62 POUR
360 1271 64 61 LA
456 1271 152 62 LEVEE

261 1364 65 53 des
349 1372 183 45 sanctions

261 1451 39 30 Un
320 1451 77 30 ordre
419 1451 35 30 du
472 1452 61 36 jour

176 1495 30 30 de
229 1494 25 30 la
275 1493 127 31 Chambre
423 1494 32 30 de
477 1504 141 19 commerce

330 1535 128 31 d'Anvers

165 1586 30 21 I.a
220 1583 122 23 Chambre
366 1584 31 22 de
421 1590 140 16 commerce
583 1583 62 23 d'An-

137 1619 52 17 vers
214 1618 62 16 nous
302 1612 177 29 communique
505 1612 92 22 l'ordre
623 1612 32 22 du

138 1643 51 29 jour
209 1642 99 22 suivant
321 1648 6 16 :

165 1688 21 4 —
201 1677 30 21 Le
247 1676 89 20 Comité
352 1677 89 19 central
457 1677 27 19 de
500 1676 23 20 la
539 1676 114 20 Chambre

143 1705 23 19 de
179 1703 131 19 Commerce
325 1702 117 21 d'Anvers,
458 1702 58 19 dans
529 1707 27 14 sa
570 1701 82 19 séance

142 1730 26 19 du
182 1728 62 23 jeudi
260 1728 26 19 28
302 1728 47 19 mai
366 1728 56 22 1936,
440 1726 147 20 considérant
607 1732 5 14 :

163 1754 46 22 Que
231 1753 148 23 l'imposition
401 1753 41 19 des
463 1753 119 19 sanctions
604 1751 40 20 éco-

138 1780 117 22 nomiques
271 1778 15 20 â
301 1777 87 25 l'égard
405 1778 27 19 de
448 1777 82 20 l'Ital'e
547 1783 14 14 a
578 1776 36 21 été
630 1777 21 19 la

138 1809 78 15 source
227 1804 27 21 de
267 1803 129 25 préjudices
408 1808 83 20 graves
503 1805 22 17 et
537 1803 27 19 de
575 1803 77 24 pertes

138 1829 167 22 considérables
320 1834 58 19 pour
392 1829 33 19 les
440 1829 114 19 branches
570 1830 74 21 impor-

138 1856 74 19 tantes
227 1855 30 19 du
271 1859 129 15 commerce
415 1855 129 21 anversois;

162 1881 47 22 Que
221 1880 23 19 la
256 1881 64 23 place
333 1880 112 19 d'Anvers
456 1880 55 18 t'est
523 1879 129 23 cependant

138 1906 98 19 soumise
256 1905 15 20 à
290 1907 23 18 la
333 1905 120 23 discipline
474 1905 117 19 collective
612 1905 31 18 im-

139 1936 24 19 pe
167 1930 37 21 sée
224 1936 42 18 par
286 1931 33 19 les
340 1930 113 19 décisions
474 1930 26 19 de
521 1930 23 19 la
563 1929 89 20 Société

138 1957 38 19 des
192 1957 108 22 Nations;

163 1982 204 23 Qu'actuellement
384 1981 23 19 la
424 1981 110 19 situation
552 1980 92 20 interna-

138 2007 83 20 tionale
243 2007 35 19 est
299 2006 178 23 complètement
497 2005 156 20 transformée

137 2033 20 19 et
171 2037 28 14 ne
211 2034 55 22 peut
279 2032 49 24 plus
340 2032 103 22 just'fier
454 2032 21 18 le
487 2032 113 18 maintien
613 2031 40 19 des

137 2058 118 19 sanctions
271 2056 104 21 vis-à-vis
392 2057 27 20 de
436 2057 91 21 l'Italie;

162 2083 55 23 Que.
231 2083 59 19 dans
303 2083 34 19 les
351 2083 171 19 circonstances
536 2082 117 22 actuelles,

137 2109 22 19 la
172 2108 110 24 pelitique
295 2108 40 21 des
349 2108 118 19 sanctions
481 2108 35 20 est
528 2108 28 19 de
570 2109 83 17 nature

136 2134 14 19 à
168 2133 119 20 entraîner
303 2134 41 18 des
361 2134 134 22 dommages
512 2133 27 20 de
556 2133 51 24 plus
625 2138 28 14 en

137 2160 51 22 plus
203 2164 84 18 graves
301 2161 24 18 et
339 2158 74 20 même
429 2159 27 18 de
471 2158 118 20 caractère
604 2163 50 19 per-

137 2186 105 17 mament
261 2184 59 19 dans
338 2188 43 15 nos
399 2184 110 19 relations
542 2183 103 20 économi-

137 2214 57 19 ques
208 2214 56 15 avec
278 2209 82 19 l'Italie
375 2211 23 18 et
412 2210 52 19 tous
478 2209 33 19 les
526 2210 128 18 territoires

137 2236 39 23 qui
191 2239 28 15 en
233 2234 139 24 dépendent;

165 2260 54 23 Que,
232 2260 35 19 s'il
280 2260 58 19 n'est
351 2265 41 18 pas
405 2265 31 14 au
449 2260 95 23 pouvoir
557 2260 30 19 du
600 2265 46 19 gou-

139 2286 135 18 vernement
291 2285 64 23 belge
372 2285 28 19 de
417 2285 98 23 prendre
531 2284 115 20 unilatéra-

138 2310 85 20 lement
239 2310 40 19 des
295 2309 114 20 décisians
425 2315 27 15 en
468 2315 26 14 ce
510 2311 37 23 qui
563 2315 83 15 concer-

138 2340 29 15 ne
186 2335 33 19 les
236 2336 125 19 sanctions,
380 2336 16 18 il
414 2335 91 19 devrait
535 2336 120 19 s'efforcer

138 2361 112 19 d'obtenir
264 2360 122 19 l'abandcn
401 2361 67 18 d'une
482 2361 110 23 politique
607 2361 48 18 Inu-

137 2385 46 23 tile,
201 2385 143 23 dangereuse
362 2387 22 18 et
402 2386 117 20 contraire
535 2391 47 14 aux
598 2385 48 20 inté-

136 2410 49 21 rêts
200 2410 114 24 légitimes
329 2411 30 18 du
375 2415 66 20 pays;

163 2436 55 23 Que,
237 2436 88 19 d'autre
344 2437 58 22 paît.
422 2437 33 18 les
473 2436 130 24 préjudices
621 2436 25 20 ré-

136 2461 90 20 sultant
245 2461 40 19 des
304 2461 120 19 sanctions
442 2462 54 19 sont
515 2467 82 14 encore
617 2467 30 18 ag-

137 2491 82 19 graves
233 2491 43 19 psr
289 2487 22 19 la
325 2485 98 20 sévérité
437 2487 148 23 particulière
599 2492 56 14 avec

138 2511 95 24 ..•.quelle
251 2511 54 19 elles
321 2512 53 18 sont
391 2511 134 24 appliquées
542 2513 58 18 dans
616 2517 31 15 no-

137 2537 35 19 tre
187 2540 65 21 pays;

163 2562 48 22 Que
231 2562 61 19 cette
311 2562 95 23 rigueur
437 2563 125 22 contraste,
594 2563 61 19 ainsi

137 2587 54 23 qu'il
202 2588 35 18 est
247 2586 49 20 aisé
308 2587 27 20 de
346 2587 21 19 le
378 2588 125 21 constater,
513 2593 57 14 avec
577 2588 24 19 la
608 2593 48 14 mo-

138 2611 104 20 diratïon
257 2612 57 19 dont
328 2613 52 19 font
395 2617 85 19 preuve
496 2613 58 19 dans
569 2613 86 24 l'appli-

137 2637 76 19 catien
229 2637 40 19 des
284 2637 120 19 sanctions
420 2638 118 24 beaucoup
553 2638 101 19 d'autres

137 2666 66 21 pays;

163 2688 85 20 Décide
266 2687 14 20 à
298 2688 144 19 l'unanimité
461 2688 116 22 d'insister
595 2690 50 18 vive-

137 2714 64 18 ment
232 2712 85 24 auprès
335 2713 31 19 du
383 2715 183 21 gouvernement
596 2719 58 19 pour

137 2738 54 22 qu'il
203 2743 111 14 consacre
326 2739 52 18 tous
391 2744 36 15 ses
440 2740 85 19 efforts
537 2739 14 19 à
563 2739 91 20 obtenir

138 2763 21 19 la
174 2764 156 22 sup-ression,
347 2765 62 18 aussi
427 2764 79 23 rapide
522 2769 44 19 que
583 2765 62 23 possi-

138 2788 40 22 ble,
199 2788 40 19 des
258 2789 119 19 sanctions
396 2790 22 19 et
438 2789 66 23 qu'en
523 2790 130 23 attendant,

139 2814 14 20 1!
171 2819 29 14 en
219 2814 73 19 limite
311 2814 155 24 l'application
485 2819 45 14 aux
549 2819 104 15 mesures

140 2839 143 20 strictement
304 2838 90 24 exigées
416 2844 43 19 par
479 2840 164 23 l'accomplisse-

138 2865 63 19 ment
214 2864 40 19 des
268 2864 137 23 obligatiens
419 2864 191 20 internationales
625 2865 26 20 de

138 2889 65 18 notre
218 2894 64 18 pays,

165 2914 23 17 et
199 2918 66 17 pusse
277 2913 14 20 à
301 2914 82 19 l'ordre
395 2915 30 18 du
436 2915 59 22 jour.

265 2952 40 30 Un
324 2953 76 30 ordre
422 2954 34 30 du
475 2955 59 35 jour

178 2993 31 30 de
232 2993 25 31 la
279 2993 125 31 Chambre
425 2995 32 30 de
478 3006 140 20 commerce

336 3036 32 30 de
390 3036 74 37 Liège

168 3082 100 23 D'autre
285 3085 63 27 part,
365 3084 23 22 la
407 3084 122 22 Chambre
546 3085 31 23 de
592 3091 56 16 com-

138 3117 81 16 merce
246 3112 29 22 de
301 3111 73 29 Liège
396 3118 63 16 nous
482 3113 176 28 communique

137 3145 28 17 ce
184 3139 42 28 qui
244 3139 50 23 suit
306 3147 6 16 :

165 3178 24 4 —
201 3168 34 19 La
249 3169 114 19 Chambre
377 3169 28 21 de
418 3169 134 20 Commerce
566 3170 27 19 de
606 3169 42 20 Liè-

139 3198 34 19 ge,
185 3193 79 19 réunie
277 3199 28 14 en
317 3194 127 21 assemblée
455 3195 21 18 le
488 3194 26 19 25
524 3196 48 19 mal
583 3195 51 19 1936
649 3200 5 14 :

164 3219 18 19 1.
202 3218 154 20 Considérant
376 3224 43 18 que
439 3220 34 18 les
492 3219 115 20 hostilités
627 3225 29 14 en

139 3244 107 22 Ethiopie
263 3245 54 18 sont
334 3244 124 20 terminées
476 3247 24 17 et
516 3245 83 23 qu'une
617 3245 38 19 ère

140 3269 27 18 d?
186 3269 52 23 paix
257 3274 30 14 va
305 3270 157 23 logiquement
480 3270 135 23 s'ensuivre;

164 3294 19 19 2.
203 3294 154 20 Considérant
376 3300 44 18 que
453 3295 22 19 le
508 3295 87 24 régime
615 3296 40 20 des

139 3320 118 18 sanctions
279 3319 161 24 économiques
463 3322 24 18 et
508 3321 147 23 financières,

139 3344 131 23 appliquées
285 3350 46 14 aux
345 3346 157 22 exportations
517 3348 24 18 et
555 3351 46 14 aux
614 3347 32 19 im-

140 3370 128 22 portations
289 3370 122 19 italiennes
431 3376 15 14 a
466 3371 69 19 causé
556 3376 46 15 aux
623 3372 22 18 in-

140 3394 98 20 dustries
252 3396 23 18 et
288 3401 31 14 au
333 3400 128 16 commerce
476 3396 27 19 de
517 3397 66 19 notre
597 3402 57 19 pays

140 3419 39 23 deg
194 3422 74 20 ,-ertcs
282 3420 114 24 énormes;

164 3445 18 18 3.
202 3445 153 21 Considérant
374 3446 68 23 qu'au
462 3448 92 23 surplus
572 3454 6 12 ■
587 3449 66 18 notre

139 3475 56 18 pays
210 3470 145 24 appréhende
370 3471 24 19 la
407 3473 65 22 perte
488 3471 120 21 définitive
624 3473 30 19 du

139 3494 93 19 marché
248 3496 79 19 italien
343 3497 23 18 et
382 3496 27 20 de
425 3497 58 19 celui
499 3497 28 19 de
542 3503 38 14 ses
595 3498 58 19 colo-

139 3520 58 22 nïss;

164 3545 19 20 3.
202 3545 152 20 Considérant
372 3547 89 21 d'autre
479 3549 54 22 part
550 3553 44 18 que
614 3549 40 19 des

139 3570 143 20 fournitures
301 3570 48 21 très
369 3572 153 23 importantes
541 3575 53 18 sont
613 3574 40 19 dès

139 3594 14 19 à
171 3594 93 24 présent
280 3595 140 24 envisagées,
436 3598 53 18 tant
506 3603 57 18 pour
578 3598 67 25 l'équi-

140 3621 93 22 pement
251 3621 40 18 des
308 3621 127 20 territoires
465 3622 128 25 éthiopiens
610 3630 44 18 que

141 3650 57 18 pour
211 3645 33 20 les
259 3647 91 18 besoins
364 3646 74 20 même
453 3647 27 19 de
494 3648 81 20 l'Italie
590 3650 23 19 et
627 3650 27 19 de

141 3671 66 17 notre
224 3675 66 18 pays;

166 3695 19 20 5.
200 3694 152 20 Considérant
367 3701 43 18 que
424 3697 33 19 les
472 3697 124 21 Industries
610 3700 36 19 bel-

140 3724 47 18 ges,
205 3724 28 14 en
250 3719 100 24 général,
368 3722 145 20 notamment
529 3724 27 18 de
573 3725 73 19 certai-

143 3749 40 14 nes
203 3745 121 22 provinces
344 3746 23 18 et
386 3751 29 14 en
434 3747 135 23 particulier
588 3750 67 19 celles

142 3770 28 18 de
187 3768 68 25 Liège
273 3771 23 18 et
313 3770 30 19 du
360 3771 110 22 Hainaut,
488 3773 38 22 qui
544 3777 112 20 occupent

140 3794 75 20 seules
232 3795 27 20 de
276 3795 127 20 nombreux
418 3797 96 19 milliers
531 3798 124 21 d'ouvriers

141 3821 22 17 et
174 3819 28 19 où
214 3821 43 18 l'on
268 3821 91 23 compte
369 3821 226 21 malheureusement
604 3825 52 24 trop

140 3845 27 18 de
179 3844 129 24 chômeurs,
320 3851 44 18 que
375 3851 39 15 ces
426 3847 131 22 industries,
569 3848 88 20 disons-

141 3875 64 17 nous,
223 3871 118 20 souffrent
358 3871 214 24 particulièrement
589 3874 28 18 de
634 3875 23 18 la

139 3896 59 19 crise
210 3894 149 25 économique
371 3898 23 19 et
405 3897 153 24 s'inquiètent,
569 3897 15 20 à
594 3899 62 23 juste

140 3920 60 21 titre,
218 3921 28 19 de
264 3921 105 23 l'avenir;

164 3946 18 19 6.
196 3946 47 19 Par
256 3951 38 15 ces
307 3947 82 21 motifs
405 3952 6 15 :

165 3971 32 19 lia
213 3971 114 20 Chambre
344 3972 27 19 de
387 3972 134 21 Commerce
537 3974 28 19 de
580 3973 76 25 Liège,

141 3996 140 20 confirmant
294 4002 42 14 son
350 3997 150 24 télégramme
514 4004 29 14 en
557 3999 54 20 date
625 4000 31 19 du

141 4020 23 19 23
175 4022 92 19 octobre
279 4022 57 23 1935,
347 4022 82 24 adjure
441 4023 21 20 le
473 4025 184 22 gouvernement

142 4045 109 21 d'obtenir
266 4047 24 19 la
305 4047 63 21 levée
384 4048 40 20 des
440 4049 119 19 sanctions
575 4051 80 18 contre

142 4069 84 23 l'Italie.

167 4096 46 19 Elle
233 4102 25 14 se
278 4100 90 21 permet
389 4099 117 20 d'Insister
538 4099 118 21 vivement

144 4121 77 22 auprès
237 4123 31 19 du
283 4124 106 19 Premier
404 4124 107 20 Ministre
526 4130 60 18 pour
601 4126 53 23 qu'il

146 4148 78 18 prenre
236 4153 55 15 sans
304 4149 81 20 tarder
395 4149 35 20 les
442 4154 104 18 mesures
558 4155 97 19 propres

146 4173 14 13 a
170 4172 112 21 restaurer
293 4173 34 20 les
340 4173 116 25 échanges
469 4176 66 18 entre
548 4176 34 19 les
596 4176 58 20 deux

149 4197 55 20 pays.

147 4245 92 50 l'élite
254 4252 214 47 intellectuelle
484 4254 39 45 de
539 4254 117 46 France

327 4315 136 46 réclame

191 4373 28 46 le
239 4379 108 43 retrait
367 4378 57 45 des
444 4380 158 45 sanctions

419 4454 79 29 Paris,
517 4455 30 23 30
565 4455 59 23 mai.

170 4479 30 21 Le
213 4478 93 26 Comité
318 4484 88 21 contre
419 4483 36 22 les
467 4484 129 22 sanctions
609 4483 47 24 fait

141 4506 103 23 circuler
261 4515 48 16 une
326 4510 106 28 pétition
454 4512 153 23 demandant
624 4519 31 17 au

141 4535 186 27 gouvernement
354 4539 31 23 de
409 4540 110 28 prendre
543 4540 112 29 position

142 4565 60 22 pour
222 4563 22 23 la
267 4564 66 26 levée
354 4567 145 25 immédiate
520 4568 43 24 des
584 4575 61 17 sanc-

141 4589 71 23 tions.
234 4592 41 23 Cet
297 4595 72 28 appel
392 4598 36 21 est
449 4596 71 27 signé
542 4597 33 23 du
595 4603 59 18 nom

141 4622 29 16 ne
184 4618 121 29 plusieurs
321 4624 123 23 membres
459 4625 31 23 de
503 4625 152 24 l'Académie

142 4645 128 30 1-rançaise
293 4657 6 16 :
317 4651 55 25 MM.
393 4652 31 22 de
443 4653 108 29 Brogiie,
569 4654 86 29 Henry

141 4674 132 29 Bordeaux,
288 4678 65 23 Léon
369 4680 102 27 Bérard,
486 4682 93 24 Claude
593 4683 62 23 Far-

140 4706 60 23 rc-rc,
221 4704 29 22 de
269 4705 151 26 l'Académie
442 4709 44 23 des
506 4711 119 22 Sciences
647 4718 7 20 ;

140 4730 51 23 •«M.
224 4733 158 29 D'Arsonval,
417 4737 92 24 Claude
542 4739 114 27 Farrère,

141 4759 69 23 'Iouis
234 4762 120 28 Lumière,
378 4765 31 22 de
433 4765 152 25 l'Académie
610 4767 45 25 des

143 4786 143 28 Beaux-Art.
310 4798 6 20 ;
360 4791 55 27 MM.
455 4794 98 28 Piernc,
595 4796 46 23 Flo-

142 4817 50 20 rent
213 4816 113 29 Schmitt,
347 4820 94 28 Widor,
460 4822 24 23 le
503 4823 99 28 général
623 4825 32 23 de

141 4843 133 28 Liislelnau,
292 4847 30 23 de
339 4848 152 26 l'Académie
509 4852 44 22 des
571 4852 73 24 Scien-

141 4875 39 35 ces
197 4874 104 24 morales
319 4877 24 21 et
360 4876 146 30 politiques;
524 4879 56 24 MM.
597 4880 58 23 Mil-

141 4899 48 21 li—
192 4902 39 24 nd.
256 4903 91 23 Gaston
373 4905 163 30 Doumergue,
561 4909 94 26 Joseph

141 4925 159 34 Barthélémy.

170 4954 43 24 Les
234 4958 142 28 présidents
399 4960 44 23 des
466 4961 135 27 Chambres
623 4966 32 23 de

143 4987 136 22 -emmerce
293 4987 31 23 de
336 4988 28 22 41
377 4988 73 23 villes
462 4992 44 20 ont
519 4992 136 28 également

140 5014 20 15 s,
165 5035 9 3 _
195 5012 12 22 é
226 5014 20 22 la
264 5014 115 29 pétition.

196 5067 35 32 La
250 5069 128 33 Chambre
396 5072 34 31 ie
451 5073 147 34 Commerce

305 5113 32 30 de
354 5113 135 33 Bruxelles

159 5148 125 35 demande
304 5153 27 31 la
350 5154 72 32 levée
442 5155 47 32 des
508 5161 130 30 sanctions

168 5212 32 24 La
215 5215 123 25 Chambre
352 5217 31 23 de
396 5217 144 26 Commerce
554 5221 31 22 de
597 5222 50 24 Bru-

140 5240 73 24 xelles
225 5250 63 17 nous
300 5245 177 29 communique
488 5246 25 24 la
524 5249 72 23 lettre
608 5250 39 23 sui-

140 5270 69 23 vante
222 5271 88 27 qu'elle
322 5272 70 25 vient
405 5273 140 25 d'adresser
557 5283 31 16 au
600 5277 47 23 Pre-

141 5299 60 20 mier
211 5297 113 25 Ministre
337 5306 8 17 :

166 5339 24 5 —
202 5331 44 20 Les
261 5332 148 22 événements
423 5335 88 21 actuels
525 5341 59 16 nous
598 5339 46 20 Inci-

144 5354 47 21 tent
204 5356 15 20 à
232 5358 83 21 attirer
328 5359 66 22 votre
408 5359 162 24 bienveillante
582 5363 65 20 atten-

144 5379 45 20 tion
210 5387 40 16 sur
270 5385 21 19 le
312 5384 49 20 tort
380 5384 158 23 considérable
558 5392 44 19 que
622 5389 34 20 les

145 5407 113 21 sanctiens
275 5408 119 23 décrétées
410 5410 79 21 contre
506 5411 82 22 l'Italie
605 5414 52 20 font

144 5433 28 16 an
188 5437 127 21 commerce
331 5435 24 20 et
370 5434 17 21 à
401 5435 128 22 l'industrie
546 5437 28 20 de
589 5438 68 21 notre

145 5458 60 22 Pays,
224 5460 23 20 et
267 5464 41 16 sur
327 5460 163 24 l'opportunité
509 5462 54 24 qu'il
582 5468 17 19 y
618 5468 30 15 au-

148 5482 49 23 rait,
222 5489 58 16 nous
304 5486 137 22 semble-t-il,
468 5486 140 22 d'examiner
631 5488 23 20 le

146 5509 79 21 moyen
245 5510 28 20 de
292 5513 64 19 lever
376 5516 37 16 cee
434 5512 118 21 sanction»
571 5511 16 22 à
605 5513 54 21 bref

147 5530 61 22 délai.
457 5538 14 17 4

169 5556 63 26 Nous
248 5565 58 17 noue
324 5560 84 21 hâtons
425 5561 114 25 d'ajouter
551 5564 55 23 qu'il
623 5565 34 19 est

703 1275 27 44 A
752 1274 48 45 LA
823 1275 154 44 BELGIAN
1001 1275 112 44 SHELL
1136 1274 43 54 Cy

703 1368 34 20 La
754 1368 61 19 Shell
831 1368 64 19 vient
912 1368 28 19 de
957 1368 59 19 faire
1033 1367 136 22 construire,
1186 1366 15 20 à

678 1392 149 20 l'aérodrome
843 1393 29 19 de
887 1392 87 22 Haren,
991 1397 32 14 un
1039 1397 106 14 nouveau
1162 1396 31 19 pa-

681 1415 75 19 villon;

703 1450 32 19 Le
749 1448 114 21 bâtiment
878 1451 35 18 est
927 1448 15 20 à
956 1450 23 19 la
993 1450 45 19 fois
1053 1450 110 22 spacieux
1177 1450 23 18 et

678 1475 88 23 coquet,
786 1480 57 13 avec
864 1480 37 14 ses
921 1475 60 18 deux
1001 1476 79 18 vastes
1101 1479 99 19 garages

678 1499 103 19 abritant
798 1500 41 19 des
857 1506 11 11 <;
876 1500 216 18 camions-aviation
1101 1505 17 15 >\
1136 1500 63 19 c'est-

676 1523 73 20 à-dire
767 1524 41 19 des
827 1525 214 18 camions-citernes
1058 1525 32 18 du
1108 1526 54 22 type
1180 1524 20 19 le

677 1549 52 23 plus
747 1548 85 20 récent.
851 1549 36 19 Un
905 1551 65 17 vaste
989 1553 24 15 et.
1030 1549 58 20 clair
1105 1550 94 20 bureau,

677 1578 44 15 une
741 1574 109 19 chambre
869 1579 57 14 avec
945 1575 122 18 couchette
1085 1575 28 19 de
1133 1579 67 18 repos

677 1603 58 18 pour
751 1599 32 18 le.s
799 1599 88 23 pilotes,
904 1604 32 14 un
952 1599 92 19 cabinet
1059 1599 29 19 de
1104 1600 96 20 toilette,

677 1623 41 19 des
741 1624 156 19 installations
919 1624 131 21 sanitaires,
1073 1629 45 15 une
1141 1624 58 19 belle

678 1649 106 21 terrasse,
807 1647 52 20 d'où
882 1649 45 18 l'on
950 1648 114 20 découvre
1088 1654 44 14 une
1155 1654 44 14 vue

676 1673 118 23 splendide
810 1678 41 14 sur
865 1672 151 21 l'aérodrome
1032 1676 23 17 et
1070 1674 23 19 la
1108 1679 83 18 campa-

678 1702 44 18 gne
735 1698 174 22 environnante,
923 1699 103 19 forment
1037 1703 32 15 un
1082 1699 117 19 ensemble

677 1727 72 18 conçu
763 1722 59 19 dans
836 1728 31 13 un
882 1723 59 22 style
956 1722 47 20 très
1017 1723 82 23 simple
1114 1725 23 19 et
1151 1722 48 21 très

676 1748 88 22 coquet,
781 1748 37 22 gai
835 1748 28 18 de
881 1748 52 19 tons
949 1750 24 18 et
988 1749 29 19 de
1033 1748 112 20 couleurs.

700 1779 21 18 A
738 1778 123 24 proximité
879 1779 31 20 du
928 1780 101 23 pavillon
1047 1785 26 14 se
1090 1781 108 19 trouvent

675 1803 41 20 des
735 1804 156 19 installations
910 1805 158 19 souterraines
1087 1805 102 19 extrême-

676 1830 65 18 ment
754 1829 153 22 importantes
921 1830 146 23 puisqu'elles
1080 1835 109 18 compren-

676 1855 56 17 nent
745 1853 51 20 huit
811 1853 126 20 réservoirs
951 1855 29 19 de
994 1855 133 21 carburant,
1141 1855 57 19 dont

675 1878 23 19 la
716 1877 104 24 capacité
839 1879 71 19 totale
928 1883 36 16 est
981 1880 28 19 de
1026 1879 83 20 100.000
1127 1880 71 19 litres.

700 1910 21 18 A
738 1910 122 19 l'occasion
879 1911 28 19 de
927 1911 180 23 l'inauguration
1125 1912 29 20 de
1172 1917 26 14 ce

676 1939 11 14 «
696 1934 192 20 Service-Station
897 1940 10 14 i
928 1936 33 19 les
980 1936 129 24 dirigeants
1128 1937 28 19 de
1176 1936 23 20 la

675 1959 97 23 Belgian
786 1959 62 20 Shell
861 1961 95 19 avaient
969 1960 107 23 organisé
1090 1966 45 15 une
1148 1961 41 19 réu-

676 1984 54 19 nion
744 1984 81 20 intime
838 1983 15 20 à
866 1985 97 23 laquelle
977 1985 166 24 participèrent
1156 1991 42 14 nos

676 2009 136 23 principaux
825 2010 125 21 aviateurs,
963 2011 65 19 civils
1041 2013 23 17 et
1076 2003 122 29 militaires

675 2034 60 19 ainsi
756 2034 69 23 qu'un
846 2035 74 22 grand
942 2036 95 19 nombre
1057 2036 28 19 de
1105 2041 84 18 person-

676 2058 83 20 nalités
773 2059 32 19 du
818 2060 84 19 monde
916 2060 28 19 de
958 2059 188 25 l'aéronautique.

701 2090 45 19 Les
766 2089 67 21 hôtes
853 2091 29 19 de
903 2091 24 20 la
947 2091 61 20 Shell
1030 2092 80 20 furent
1131 2097 67 18 reçus

677 2120 43 36 §ar
742 2116 32 18 les
797 2116 322 23 administrateurs-délégués
1142 2117 55 19 MM.

693 2138 94 18 "ernend
806 2139 96 19 Démets
921 2141 24 17 et
965 2140 88 19 Robert
1073 2140 125 24 Dekeyser.

677 2166 77 19 tandis
767 2171 44 18 que
825 2166 21 19 le
859 2167 193 23 major-aviateur
1064 2167 88 20 Mantel
1166 2169 22 22 pi-

676 2190 67 20 lotait
757 2191 33 19 les
805 2191 90 20 invités.
909 2192 32 19 Ce
955 2193 39 22 qui
1009 2193 83 23 frappe
1106 2194 92 18 surtout

676 2215 59 20 dans
750 2216 173 23 l'organisation
938 2217 105 20 nouvelle
1058 2218 56 19 c'est
1128 2218 21 20 le
1163 2223 27 14 ra-

677 2240 153 20 vitaillement
854 2242 38 23 qui
916 2242 65 19 vient
1005 2247 30 15 au
1060 2243 86 19 devant
1170 2243 28 19 de

677 2265 83 19 l'avion
783 2267 23 18 et
828 2271 45 14 non
895 2267 52 22 plus
969 2267 83 19 l'avion
1074 2268 39 23 qui
1136 2269 63 18 vient

677 2294 53 15 vers
756 2290 21 19 le
803 2291 185 20 ravitaillement.
1014 2292 44 19 Les
1085 2293 113 19 camions-

678 2314 100 20 citernes
790 2315 28 19 de
831 2316 23 19 la
866 2316 104 22 SHELL,
983 2316 94 24 équipés
1089 2323 57 14 avec
1157 2318 42 19 des

677 2344 95 18 pompes
800 2340 162 21 commandées
989 2347 43 18 par
1059 2342 20 19 le
1107 2344 91 18 moteur

678 2363 74 20 même
766 2365 32 19 du
812 2364 110 21 véhicule,
935 2365 105 21 débitent
1053 2367 38 19 200
1105 2368 65 19 litres
1183 2367 15 20 à

677 2389 24 19 la
717 2390 94 19 minute,
828 2391 24 18 et
868 2390 28 19 ils
913 2390 123 24 possèdent
1053 2392 41 19 des
1111 2394 79 21 projec-

678 2415 64 17 teurs
761 2419 58 18 pour
838 2414 97 20 éclairer
954 2416 32 19 les
1007 2417 191 19 ravitaillements

677 2438 29 19 de
723 2439 58 19 nuit.

703 2477 34 19 La
759 2477 128 21 cérémonie
909 2484 25 14 se
956 2479 95 20 déroula
1073 2481 58 19 dans
1153 2486 45 14 une

677 2501 147 23 atmosphère
842 2503 28 19 de
888 2503 97 20 franche
1003 2507 23 17 et
1043 2506 101 21 sportive
1162 2511 28 14 ca-

678 2527 135 19 maraderie.
1126 2530 44 20 (C.)

679 2593 49 36 Une
747 2594 86 36 femme
854 2594 132 37 renversée
1003 2599 24 33 et
1052 2596 149 44 grièvement

719 2648 96 38 blessée
829 2659 44 36 par
885 2659 46 28 une
944 2654 55 34 auto
1013 2661 43 28 me
1070 2653 90 44 Royale

791 2736 68 30 Mort
880 2736 31 31 de
933 2737 25 31 la
979 2740 102 29 victime

706 2792 32 18 La
775 2793 98 22 victime,
909 2793 62 20 Mme
1007 2795 104 20 Blanche
1147 2796 51 19 Van

680 2814 106 26 Dàntzig,
808 2817 42 20 née
870 2823 28 14 en
918 2818 57 23 1874,
997 2821 35 18 est
1052 2819 97 21 décédée
1168 2826 30 14 au

679 2846 68 15 cours
763 2843 28 19 de
806 2844 23 18 la
844 2844 51 18 nuit
910 2844 27 20 de
952 2845 108 19 vendredi
1075 2845 15 19 à
1104 2846 94 19 samedi.

703 2867 203 22 L'automobiliste,
923 2871 84 18 auteur
1025 2870 27 19 de
1071 2871 121 19 l'accident

678 2892 30 18 M.
723 2892 74 19 Henri
811 2893 35 19 De
860 2894 71 21 Moor,
947 2895 113 22 habitant,
1076 2895 19 22 2,
1112 2901 40 14 rue
1167 2896 30 19 du

678 2917 66 19 Beau
775 2918 55 22 Site,
858 2917 16 21 à
904 2919 126 22 Bruxelles,
1062 2925 15 14 a
1108 2921 90 19 déclaré

680 2943 109 23 qu'ayant
812 2945 68 19 voulu
904 2944 73 21 éviter
999 2945 59 19 deux
1083 2947 115 23 passants,

682 2968 14 18 il
721 2969 64 18 avait
810 2969 45 19 fait
878 2970 148 19 fonctionner
1052 2971 136 23 vigoureuse-

680 2995 65 17 ment
765 2999 38 14 ses
823 2994 80 19 freins.
923 2996 19 18 A
963 2996 23 19 la
1007 2996 60 19 suite
1088 2997 28 19 de
1137 2999 61 18 cette

682 3023 139 17 manœuvre,
839 3020 47 19 l'un
903 3020 28 19 de
949 3022 87 18 ceux-ci
1052 3026 25 14 se
1095 3022 63 20 brisa
1176 3024 21 18 et

682 3044 20 18 le
725 3044 142 20 conducteur
897 3050 29 14 ne
958 3045 117 24 possédait
1101 3048 51 23 plus
1178 3049 19 18 lu

682 3068 104 20 maîtrise
805 3069 27 20 de
851 3070 76 22 l'auto,
946 3072 87 19 celle-ci
1053 3073 108 19 escalada
1178 3073 21 21 le

682 3094 80 23 refuge
785 3098 40 15 sur
847 3095 74 23 lequel
945 3097 23 18 la
989 3097 91 20 victime
1104 3099 86 19 station-

683 3119 56 19 nait.

905 3158 73 21 ♦•_>

712 3206 14 6 __■
738 3192 30 19 M.
784 3195 19 16 et
820 3193 55 19 Mme
892 3199 38 13 von
949 3194 121 23 Ribbentrop
1087 3198 44 15 sont
1148 3196 42 18 arri-

681 3217 42 24 vés,
741 3217 58 23 jeudi
817 3219 48 22 soir,
883 3219 12 19 à
912 3219 130 20 l'aérodrome
1060 3220 23 19 de
1101 3221 97 22 Croydon,

681 3246 73 16 venant
772 3243 143 23 d'AUcmagr.e.

676 3288 523 24 COCX_XXXXX-X_XXXXXXXXXXXX)O00

1146 3406 34 33 SI

765 3442 75 30 mmmJ
915 3450 17 14 °
934 3451 14 15 S
1031 3442 25 30 _'
1064 3442 31 30 m\

690 3468 31 24 _■_
763 3454 133 31 à-___w,
1029 3454 67 31 \__M
1146 3469 32 32 H

1249 359 62 20 C'est
1332 360 24 18 la
1375 360 36 19 fin
1432 360 29 20 de
1481 360 25 19 la
1525 361 86 19 saison.
1633 360 115 23 Quelques

1223 383 135 20 kilomètres
1376 385 29 18 de
1423 385 55 19 toile
1496 387 74 21 ayant
1587 384 37 21 été
1642 384 106 20 déroulés

1223 407 16 20 à
1251 409 24 19 la
1287 409 102 20 cimaise,
1402 409 34 19 les
1449 410 103 22 peintres
1565 409 141 20 eux-mêmes
1719 414 28 14 en

1223 435 42 18 ont
1281 438 66 14 assez
1363 435 24 18 et
1403 434 16 18 il
1436 439 25 14 se
1476 434 95 24 produit
1587 440 45 14 une
1648 434 100 20 détente.

1223 458 33 19 Ils
1278 458 99 20 laissent
1398 459 24 19 la
1443 459 66 23 place
1531 464 46 14 aux
1600 460 148 18 humoristes.

1224 482 127 23 Organisés
1371 484 24 18 et
1415 484 137 21 conscients,
1573 489 90 14 comme
1683 484 16 19 il
1718 489 31 14 va

1223 507 29 19 de
1270 508 41 19 soi.
1329 507 32 20 Et
1377 508 58 20 dont
1453 508 20 20 le
1491 509 107 22 syndicat
1616 515 11 12 <.
1634 509 35 19 La
1685 508 63 20 Mine

1223 531 124 21 Souriante
1355 537 11 14 »
1388 533 66 19 entre
1474 533 148 22 aujourd'hui
1642 534 59 19 dans
1721 538 27 14 sa

1223 556 112 23 septième
1350 557 74 19 année
1438 558 40 22 qui
1493 559 41 20 est,
1548 563 89 14 comme
1652 563 30 14 on
1696 558 52 22 sait,

1223 580 59 24 l'âge
1299 582 29 19 de
1346 582 23 19 la
1386 587 100 18 sagesse.

1249 606 192 23 Heureusement,
1459 606 15 20 à
1492 612 25 15 ce
1535 608 23 18 7*
1576 607 70 19 Salon
1663 607 76 19 actuel-

1224 630 87 20 lement
1323 633 83 18 ouvert
1418 631 15 20 à
1445 632 24 19 la
1482 631 91 20 Galerie
1586 633 28 18 de
1627 633 24 18 la
1662 633 85 18 Toison

1223 655 61 22 d'Or,
1304 656 16 19 Il
1339 656 39 23 n'y
1397 655 77 25 paraît
1494 661 42 19 pas
1555 659 59 21 trop.
1645 657 32 19 Ce
1708 657 40 23 qui

1223 681 107 22 pourrait
1346 682 91 18 vouloir
1453 682 50 18 dire
1521 687 28 13 en
1567 682 103 19 d'autres
1686 683 62 18 mots

1223 709 44 19 que
1284 705 24 20 la
1324 711 94 18 sagesse
1436 711 59 18 pour
1511 706 34 19 les
1561 706 142 19 humoristes
1719 711 30 14 ne

1224 731 104 21 pouvant
1343 730 50 19 être
1409 736 44 18 que
1469 731 24 19 la
1508 731 62 22 folie,
1586 732 16 18 II
1618 731 38 23 n'y
1671 730 78 25 parait

1223 759 42 18 pas
1284 760 72 14 assez.
1376 756 63 21 Bref,
1457 756 29 19 de
1505 755 121 23 l'humour,
1646 755 94 20 énormé-

1223 780 71 21 ment,
1313 779 29 20 de
1361 780 94 24 l'esprit,
1474 779 16 20 à
1509 781 83 19 foison.
1624 780 61 20 Mais
1717 785 31 15 un

1223 803 101 20 humour
1339 804 46 20 bon
1402 806 89 19 enfant.
1506 805 37 20 Un
1560 806 73 23 esprit
1648 810 29 14 en
1693 810 46 18 pan-

1224 828 86 20 toufles
1331 830 23 19 et
1375 829 24 20 la
1419 830 53 23 pipe
1493 835 30 14 au
1544 830 48 19 bec.
1612 830 136 23 L'enseigne

1223 857 29 15 ne
1271 858 60 15 nous
1350 855 91 23 trompe
1461 860 42 18 pas
1513 860 5 14 :
1540 854 63 20 Mine
1622 854 126 20 souriante.

1224 877 32 20 Et
1272 878 56 20 c'est
1343 877 16 21 à
1374 879 67 23 peine
1457 880 26 21 si,
1499 880 29 19 de
1544 880 48 19 loin
1608 884 28 15 en
1652 879 54 22 loin,
1722 884 26 15 ce

1223 904 90 18 sourire
1329 904 83 19 tourne
1428 909 28 14 en
1471 909 31 14 un
1518 905 150 19 ricanement.

1248 928 70 19 Aussi
1338 928 120 24 beaucoup
1476 929 30 19 de
1525 934 38 15 ces
1583 929 165 23 compositions

1223 953 182 23 appartiennent
1418 952 16 20 à
1447 959 27 14 ce
1488 954 68 23 qu'on
1570 954 103 24 appelait
1686 954 62 23 jadis

1223 976 21 20 le
1263 982 71 18 genre
1354 977 53 20 bien
1426 979 53 23 plus
1498 978 53 24 qu'à
1569 979 24 19 la
1611 979 137 19 caricature.

1223 1001 34 20 La
1279 1002 157 20 déformation
1457 1008 30 15 ne
1508 1008 31 15 va
1560 1008 45 19 que
1625 1004 123 23 jusqu'aux

1223 1027 71 22 petits
1310 1028 98 22 travers,
1424 1028 33 19 les
1465 1033 82 15 menus
1555 1028 100 23 défauts,
1662 1029 86 23 jamais

1223 1052 123 23 jusqu'aux
1359 1053 64 18 tares
1435 1053 25 19 ni
1473 1058 47 14 aux
1531 1054 69 19 vices.
1613 1054 66 19 Ainsi
1692 1054 57 19 chez

1222 1075 101 20 Amédée
1344 1077 87 22 Lynen,
1451 1077 46 19 Jan
1517 1083 47 14 van
1583 1078 122 23 Cleemput
1725 1079 23 19 et

1222 1101 108 19 d'autres.
1346 1101 134 21 Seulement
1492 1107 58 15 avec
1564 1102 62 20 J.-M.
1639 1103 108 22 Canneel,

1223 1125 136 23 Scouflaire,
1375 1126 86 20 Denise
1468 1127 70 22 Berll,
1552 1127 22 21 le
1589 1132 87 19 crayon
1683 1128 64 19 taille

1222 1150 59 20 dans
1300 1151 21 19 le
1339 1151 42 22 vif,
1400 1152 46 19 fait
1464 1152 107 23 panteler
1588 1152 22 20 le
1628 1152 68 24 sujet,
1715 1152 32 20 lul

1222 1175 46 20 fait
1286 1180 87 15 avouer
1391 1181 42 14 son
1452 1176 108 23 mystère.

1247 1199 60 23 Non,
1326 1205 59 15 ceux
1404 1201 39 23 qui
1463 1201 142 20 s'attendent
1629 1200 16 21 à
1670 1202 28 19 de
1724 1202 24 20 la

1222 1226 105 20 rosserie,
1344 1225 28 20 de
1390 1225 23 20 la
1429 1226 122 19 causticité
1568 1226 83 20 acerbe
1667 1228 81 18 seront

1221 1249 77 21 déçus.
1319 1250 63 20 C'est
1402 1255 45 19 que
1468 1250 136 20 l'humanité
1624 1251 60 20 n'est
1704 1257 43 18 pas

1222 1275 20 19 si
1259 1275 121 19 mauvaise
1398 1280 44 18 que
1458 1275 34 19 les
1509 1276 133 19 moralistes
1659 1276 21 20 le
1697 1276 41 24 pré-

1222 1300 97 20 tendent
1337 1301 24 18 et
1380 1300 34 19 les
1433 1301 96 19 artistes
1547 1301 46 23 qui,
1613 1305 50 17 eux,
1682 1302 66 19 n'ont

1223 1329 42 18 pas
1290 1325 29 19 de
1347 1324 193 25 préoccupations
1572 1326 101 19 morales
1705 1327 42 19 ont

1221 1350 60 19 dans
1298 1349 66 21 l'âme
1381 1350 120 24 beaucoup
1518 1350 52 24 plus
1586 1350 161 24 d'indulgence

1223 1375 23 19 et
1262 1374 29 20 de
1308 1374 75 20 bonté.
1400 1374 37 24 Ils
1449 1380 29 14 en
1495 1377 42 18 ont
1552 1374 76 21 même
1644 1376 41 19 des
1702 1375 45 20 tré*-

1221 1404 51 14 sors
1291 1404 59 18 pour
1368 1400 61 19 cette
1447 1399 117 24 catégorie
1571 1399 16 20 à
1593 1400 107 21 l'endroit
1718 1401 28 19 de

1221 1424 98 23 laquelle
1339 1425 52 19 tous
1410 1424 34 20 lea
1462 1423 57 25 âges
1537 1425 54 20 sont
1609 1430 56 15 sans
1683 1425 63 24 pitié,

1222 1448 33 20 le3
1278 1449 136 23 politiciens.
1436 1449 62 20 C'est
1518 1455 56 14 sans
1596 1450 24 20 la
1640 1451 106 19 moindre

1222 1473 102 22 cruauté,
1340 1479 56 14 avec
1410 1473 15 20 à
1439 1475 67 22 peine
1520 1480 46 14 une
1580 1475 79 23 pointe
1673 1475 74 20 d'irri-

1221 1499 50 18 sion
1299 1504 44 18 que
1370 1499 101 24 Jacques
1497 1499 68 23 Ochs,
1599 1499 26 20 F.
1649 1500 96 23 Janson,

1221 1523 81 23 Henry
1330 1523 113 22 Lemaire,
1465 1524 81 19 Albert
1575 1525 90 21 Lenoir.
1693 1525 53 20 Van

1222 1548 97 21 Bueren,
1346 1548 51 20 Van
1417 1549 43 19 der
1479 1549 114 22 Straeten,
1620 1550 125 22 Vermelre,

1222 1573 130 23 Spermont,
1372 1574 160 20 caricaturent
1550 1575 34 19 les
1604 1575 142 24 vainqueurs

1222 1602 23 15 et
1264 1598 33 19 les
1316 1598 98 19 vaincus
1432 1599 31 19 du
1482 1599 25 19 24
1525 1600 48 18 mai
1592 1600 99 20 dernier.
1709 1600 36 20 On

1223 1623 48 19 voit
1294 1622 31 19 M.
1348 1623 80 19 Pierre
1451 1623 65 24 Daye
1539 1625 52 19 tout
1613 1629 32 15 nu
1668 1627 24 18 et
1714 1625 31 19 M.

1221 1647 63 19 Léon
1296 1648 107 21 Degrelle
1417 1653 29 14 en
1459 1649 116 23 capitaine
1589 1650 28 19 de
1630 1650 23 19 la
1665 1650 81 23 garde-

1221 1673 95 23 civique.
1334 1672 44 20 Les
1396 1673 84 22 gloires
1498 1675 114 22 sportives
1629 1675 117 19 voisinent

1222 1702 56 14 avec
1301 1697 34 19 les
1358 1697 122 21 célébrités
1502 1699 32 19 du
1557 1699 98 20 cinéma.
1678 1699 67 24 Rien,

1221 1722 116 23 pourtant,
1356 1722 60 21 n'est
1434 1723 79 24 ingrat
1531 1729 58 18 pour
1608 1729 32 15 un
1659 1725 78 19 carica-

1222 1747 82 19 turiste
1325 1752 89 15 comme
1435 1753 31 14 un
1486 1749 35 18 roi
1541 1749 31 19 du
1592 1750 53 22 ring
1664 1754 29 15 ou
1714 1754 30 15 un

1221 1771 70 23 géant
1310 1772 28 19 de
1357 1772 24 19 la
1398 1774 73 19 route.
1502 1773 45 21 Les
1565 1775 63 18 stars
1647 1774 98 21 rendent

1221 1797 77 19 mieux
1318 1797 60 19 mais
1398 1798 64 19 alors
1482 1798 23 20 la
1525 1799 129 23 galanterie
1675 1800 62 19 inter-

1220 1822 70 19 vient.
1307 1821 108 24 Naguère
1432 1822 23 20 la
1472 1824 100 22 querelle
1588 1824 29 19 de
1633 1824 57 20 l'Art
1707 1825 28 18 Vi-

1220 1848 58 18 vant
1295 1847 137 20 fournissait
1451 1853 31 14 un
1499 1849 63 21 sujet
1579 1848 90 21 fécond.
1686 1849 59 19 Sauf

1221 1876 31 14 un
1267 1872 57 18 faux
1338 1871 114 20 Permeke
1466 1874 23 18 et
1505 1879 11 12 <:
1524 1873 103 19 Richard
1641 1874 56 18 chez
1711 1874 33 19 les

1208 1896 4 17 I
1221 1896 116 20 Fauves-",
1355 1901 90 15 aucune
1463 1898 98 19 allusion
1578 1898 16 19 à
1610 1898 23 19 la
1650 1903 72 15 conçu
1725 1904 20 14 r-

1208 1923 3 20 |
1222 1926 73 14 rence.
1311 1921 60 19 Mais
1386 1927 44 18 que
1445 1922 29 19 de
1488 1923 73 22 jolies,
1576 1928 44 18 que
1635 1923 29 20 de
1678 1924 58 19 char-

1220 1947 92 18 mantes
1333 1947 88 22 Images
1441 1947 28 23 de
1489 1947 24 19 la
1531 1948 37 19 vie
1587 1947 74 20 drôle!
1695 1947 49 20 Nos

1220 1970 140 20 humoristes
1392 1972 54 19 sont
1477 1972 41 19 des
1549 1973 137 23 optimistes.
1712 1974 32 18 Us

1220 1995 132 22 s'amusent,
1386 1996 28 20 ils
1446 2001 59 15 nous
1530 1999 114 18 amusent.
1664 1998 80 22 Ancla,

1221 2019 87 21 Marcel
1331 2021 107 20 Antoine.
1461 2021 81 20 Victor
1565 2022 115 23 Degroux,
1703 2023 31 19 Le-

1220 2045 74 23 clercq
1314 2045 29 19 de
1362 2045 40 20 Ste
1420 2046 60 19 Haie
1498 2056 26 4 —
1541 2047 52 23 quel
1612 2048 84 19 travail
1715 2048 28 19 de

1220 2069 130 20 bénédictin
1366 2075 44 19 que
1425 2076 42 14 son
1481 2073 66 17 vaste
1562 2072 54 23 plan
1630 2072 31 19 du
1676 2073 58 19 Bom-

1220 2094 137 20 bardement
1383 2096 29 18 de
1439 2096 120 20 Bruxelles
1585 2097 29 19 de
1641 2097 50 19 1695
1718 2108 24 3 —

1220 2119 146 24 Lempereur.
1383 2120 55 21 Lou,
1457 2120 111 22 Michiels.
1585 2121 80 24 Rosty,
1683 2122 60 22 Rail,

1221 2144 52 23 Ray
1294 2145 51 20 Ber.
1368 2145 53 23 Ray
1441 2146 35 19 De
1498 2146 153 20 Meulenaere.
1672 2147 72 20 Stias-

1220 2170 61 20 teny.
1298 2170 52 19 Van
1367 2170 116 20 Caulaert.
1501 2171 51 19 Van
1570 2172 42 19 der
1629 2172 114 22 Straeten,

1220 2194 92 20 Wilcar.
1335 2197 53 17 tous
1410 2196 134 22 pratiquent
1565 2195 15 20 à
1602 2197 50 19 leur
1673 2198 69 22 façon

1220 2219 23 19 la
1261 2219 108 20 méthode
1388 2219 62 20 Coué
1469 2222 24 18 et
1511 2221 23 18 la
1552 2221 144 24 philosophie
1714 2223 29 18 de

1219 2243 109 20 Candide.
1348 2244 95 20 Comme
1462 2246 34 18 dit
1515 2245 88 22 l'autre,
1622 2247 46 19 rire
1687 2247 57 20 c'est

1221 2269 52 19 rire.
1287 2268 31 20 Et
1331 2270 77 19 mieux
1421 2271 57 18 vaut
1491 2270 103 20 illustrer
1605 2271 22 19 le
1640 2271 45 20 rire
1699 2277 44 17 que

1220 2293 29 19 de
1270 2294 85 19 larmes
1377 2295 107 22 epserire.

1650 2327 24 20 C.
1691 2329 25 19 B.

1458 2356 65 19 _»•_»

1281 2397 49 30 L'I.
1350 2396 30 31 N.
1401 2397 30 31 R.
1452 2403 25 26 et
1496 2398 37 31 les
1551 2401 137 29 musiciens

1251 2472 109 24 L'Union
1383 2473 43 22 des
1448 2474 158 23 Professeurs
1629 2475 32 23 du
1683 2476 51 21 Con-

1221 2501 137 22 servatoire
1381 2503 70 27 royal
1475 2503 30 22 de
1529 2503 128 25 Bruxelles
1682 2511 62 15 nous

1222 2530 176 29 communique
1419 2532 21 22 le
1460 2532 66 22 texte
1546 2532 31 22 dc
1598 2532 92 22 l'ordre
1711 2533 33 22 du

1221 2556 64 28 jour,
1304 2558 56 22 voté
1379 2559 14 22 à
1412 2558 157 26 l'unanimité
1588 2566 30 16 en
1640 2567 44 15 son
1708 2567 26 16 as-

1221 2586 108 22 semblée
1345 2586 115 27 générale
1478 2588 33 22 du
1528 2588 28 22 24
1575 2588 47 23 mai
1645 2596 7 16 :

1249 2632 25 4 —
1284 2622 101 20 L'Union
1397 2623 40 20 des
1448 2624 151 23 professeurs,
1611 2627 71 21 ayant
1694 2626 47 23 pris

1223 2648 167 19 connaissance
1409 2649 28 19 de
1456 2649 142 23 l'obligation
1618 2651 53 18 d'un
1691 2655 42 14 exa-

1223 2677 54 14 men
1297 2672 16 20 à
1333 2678 81 19 passer
1436 2679 57 18 pour
1514 2674 49 21 être
1584 2675 76 19 admis
1680 2675 16 20 à
1716 2681 25 14 se

1223 2698 59 19 faire
1298 2699 111 19 entendre
1424 2705 46 13 aux
1484 2700 118 22 auditions
1618 2702 124 18 musicales

1222 2723 28 19 de
1267 2723 32 20 i'I.
1315 2724 28 19 N.
1360 2725 34 20 R..
1410 2724 150 21 considérant
1575 2731 44 18 que
1637 2728 37 17 cet
1690 2732 43 14 exa-

1222 2753 53 14 men
1295 2750 36 18 est
1351 2749 163 24 incompatible
1534 2755 56 16 avec
1610 2751 22 19 la
1653 2751 87 24 dignité

1222 2774 116 20 d'artistes
1351 2775 56 20 dont
1420 2776 23 18 la
1456 2775 132 24 réputation
1602 2778 35 18 est
1650 2776 90 23 établie,

1222 2799 52 19 tant
1285 2799 59 19 dans
1356 2801 19 18 le
1388 2805 57 19 pays
1456 2800 53 24 qu'à
1520 2801 130 24 l'étranger,
1663 2807 28 14 en
1704 2802 27 19 de-

1222 2825 83 18 mande
1319 2825 22 18 la
1355 2826 155 22 suppression.

1247 2849 49 19 Elle
1313 2850 81 18 estime
1410 2855 44 18 que
1470 2851 130 20 l'Initiative
1616 2853 23 19 et
1655 2853 23 19 la
1694 2857 37 15 res-

1220 2874 137 22 ponsabilité
1375 2875 27 19 de
1419 2881 38 13 ces
1474 2879 167 20 engagements
1657 2883 74 17 appar-

1220 2899 107 19 tiennent
1343 2905 46 13 aux
1406 2901 134 19 conseillers
1570 2902 129 20 directeurs
1716 2905 24 17 et

1220 2925 100 19 services
1338 2925 121 19 musicaux
1477 2926 105 20 nommés
1600 2931 43 19 par
1660 2928 21 18 le
1698 2929 32 18 mi-

1220 2950 79 19 nistre.

1246 2974 153 22 Considérant
1417 2976 89 20 d'autre
1524 2978 53 22 part
1594 2978 136 23 qu'actuelle-

1220 3001 64 18 ment
1298 3000 23 19 la
1334 3002 91 22 gestion
1440 3002 28 19 de
1481 3002 33 20 l'I.
1528 3003 28 20 N.
1570 3004 28 18 R.
1613 3008 28 16 ne
1655 3009 74 18 garan-

1219 3025 30 19 tit
1265 3030 42 18 pas
1323 3026 177 20 suffisamment
1516 3028 34 19 les
1566 3028 73 20 droits
1655 3034 44 19 que
1716 3030 23 19 la

1221 3051 104 23 musique
1344 3052 23 18 et
1384 3052 33 20 le3
1434 3053 125 21 musiciens
1577 3054 78 24 belges
1686 3060 44 18 peu-

1220 3078 54 18 vent
1285 3075 113 21 réclamer
1408 3078 54 19 d'un
1473 3079 72 22 pareil
1556 3080 132 22 organisme
1699 3086 40 14 na-

1220 3102 79 21 tonal,
1320 3102 49 23 prie
1389 3103 120 20 Monsieur
1528 3104 21 19 le
1570 3105 106 20 Ministre
1698 3106 40 19 des

1220 3126 24 19 P.
1260 3126 24 20 T.
1300 3126 24 22 T.
1340 3127 28 19 de
1383 3129 134 22 constituer,
1533 3130 61 19 ainsi
1610 3135 43 19 que
1669 3131 23 20 la
1708 3132 29 19 loi

1220 3151 29 24 l'y
1267 3153 108 21 autorise,
1395 3158 44 15 une
1458 3156 212 19 sous-commisslon
1689 3162 39 14 mu-

1220 3177 69 19 sicale
1308 3178 159 21 consultative.
1485 3180 66 21 Cette
1568 3183 170 19 sous-commis-

1219 3202 50 19 sion
1286 3203 72 19 serait
1374 3204 120 23 composée
1510 3205 28 20 de
1554 3207 53 22 sept
1622 3208 115 20 membres

1219 3232 30 14 au
1265 3228 82 21 moins,
1363 3229 84 20 cheisis
1464 3232 75 21 parmi
1556 3231 40 19 des
1612 3233 125 19 musiciens

1220 3253 186 23 professionnels,
1441 3257 175 22 compositeurs,
1650 3259 77 19 techni-

1219 3278 64 19 ciens
1302 3278 133 24 spécialisés
1457 3286 5 14 :
1484 3281 34 19 les
1537 3283 151 20 attributions
1709 3285 27 18 de

1219 3304 60 18 cette
1291 3305 147 19 commission
1451 3305 66 21 étant
1529 3306 152 22 déterminées
1693 3314 44 19 par

1220 3328 20 18 le
1258 3329 112 21 ministre.

1438 3371 76 20 *•*••••_►

1770 199 8 2 _
1799 181 121 21 NATION
1940 179 104 20 BELGE
2064 182 19 21 *,
2104 180 26 20 SI
2152 178 59 21 MAT
2231 178 52 19 1936
2294 178 4 21 !

1802 260 27 46 A
1848 257 216 48 l'Association
2083 255 179 55 Catholique

1771 324 39 45 de
1834 321 282 46 l'arrondissement
2141 319 39 45 de
2202 318 91 46 Mons

688 3523 32 32 S

687 3584 32 36 ■

686 3646 32 37 fl

685 3709 34 36 B

687 3774 31 31 H
801 3748 19 85 J

686 3834 34 34 H
754 3827 147 50 Jd/>er/e
918 3876 22 14 m

792 3885 212 47 Çuùùuéresc

953 3823 142 27 récupération

954 3850 65 24 totale

1036 3891 66 45 6àz

1145 3532 32 32 H

1144 3595 32 33 B

1143 3659 32 32 H

1141 3723 34 33 m

1141 3782 32 32 H

1140 3845 32 32 a

1139 3908 32 32 a

686 3897 34 34 "*"""]
799 3906 152 20 \.i*u>uua

683 3941 211 25 L'AUXILIAIRE
917 3947 45 21 DU
985 3948 190 25 CHAUFFAGE

707 3976 135 28 Spécialiste
856 3979 41 23 des
912 3981 108 26 Produits
1035 3984 116 26 SURDIAC

683 4011 128 18 BRUXELLES:
825 4013 38 20 IS3.
874 4015 29 16 Bd.
915 4015 79 21 À_.p__h.
1005 4018 35 17 T.l.
1055 4020 83 17 11.9.62
1153 4025 5 5 ■

682 4053 5 10 ■
693 4053 44 10 ,_—
762 4054 22 9 -,.
805 4035 30 28 _.'
837 4035 10 15 5
848 4047 18 16 -.
864 4036 25 15 Ch
890 4047 5 5 -
906 4037 80 19 """H"-
997 4039 35 17 Tél.
1044 4040 83 18 12.70.90

685 4054 76 29 ._—l__
762 4054 29 18 37,
798 4056 79 27 ."•'*•
885 4057 15 16 k
908 4058 23 16 Ré
932 4074 5 4 -
943 4060 22 15 Ub
965 4071 5 4 -
981 4060 9 15 F
991 4061 87 18 "-"C.Tél.
1093 4063 69 18 121.10.

681 4075 82 16 ANVERS
773 4079 6 13 :
793 4075 109 21 Tor.nj.___
905 4084 14 7 -,
921 4090 4 6 .
944 4080 5 15 |
954 4080 16 17 s.
982 4081 190 21 M»—ié*-x-So-ll.—

860 4098 34 17 Tél.
903 4104 6 12 :
921 4100 73 18 280.57.
1134 4093 38 13 ^

722 4127 110 25 Grandes
846 4129 103 26 facilités
964 4132 30 24 de
1009 4139 129 23 payement

756 4173 57 17 sans
823 4170 186 26 augmentation
1020 4172 30 23 de
1061 4172 54 29 prix

696 4243 34 31 Le
754 4243 123 33 Cardinal
901 4246 56 31 Van
979 4248 72 39 Roey
1074 4254 101 36 assiste,

729 4287 18 29 à
759 4285 84 37 Paris,
857 4299 52 20 aux
923 4288 69 33 fêtes
1006 4292 134 37 jubilaires

771 4328 33 31 de
821 4328 111 33 l'Action
950 4332 151 39 Catholique

827 4370 33 31 de
878 4371 27 31 la
920 4372 124 33 Jeunesse

982 4443 73 23 Paris,
1071 4445 25 19 30
1112 4447 53 19 mal.

702 4471 171 21 L'Association
894 4473 135 25 Catholique
1049 4476 28 20 de
1096 4477 23 20 la
1138 4479 44 19 Jeu-

676 4501 67 17 nesse
755 4497 126 24 Française
893 4498 88 20 célèbre
992 4501 60 20 cette
1064 4503 73 19 année
1149 4509 41 14 son

676 4522 198 24 cinquantenaire.
883 4524 48 19 Des
940 4526 188 21 manifestations
1138 4529 54 19 d'un

677 4546 118 23 caractère
811 4548 123 23 grandiose
951 4550 41 19 ont
1008 4550 35 21 été
1059 4553 133 23 organisées

676 4572 15 20 à
704 4573 61 19 cette
779 4573 113 20 occasion.
906 4574 63 20 Elles
983 4576 55 19 vont
1052 4577 69 20 durer
1134 4579 58 20 trois

675 4598 66 23 Jours
754 4599 24 20 et
791 4601 160 18 commencent
964 4601 152 22 aujourd'hui.
1130 4604 62 20 Pour

676 4624 24 18 la
713 4623 114 24 première
842 4624 51 23 fols,
909 4625 119 23 peut-être,
1043 4632 45 15 une
1103 4628 89 20 dizaine

676 4648 29 20 de
721 4649 128 19 cardinaux
864 4651 54 19 sont
934 4649 78 21 réunis
1028 4651 15 19 à
1058 4653 74 19 Paris.
1148 4654 44 19 Les

676 4678 57 19 pays
754 4673 121 24 étrangers
894 4675 55 19 sont
968 4675 129 25 largement
1117 4678 67 24 repré-

676 4698 84 21 sentés.
775 4699 35 20 De
825 4700 53 19 tous
892 4700 34 19 les
942 4700 102 21 diocèses
1060 4702 28 20 de
1103 4703 90 20 France

676 4725 53 19 sont
742 4729 89 15 .venues
847 4724 131 25 également
994 4726 40 19 des
1051 4726 142 25 délégations

676 4749 48 21 très
739 4750 157 21 nombreuses.

701 4775 32 19 Le
745 4775 105 20 cardinal
861 4776 52 19 Van
926 4776 71 24 Roey,
1009 4777 143 24 archevêque
1165 4779 28 20 de

676 4800 104 24 Malines,
793 4800 105 20 arrivera
910 4802 93 18 cemain
1015 4801 16 20 à
1043 4802 67 21 Paris
1123 4804 24 19 et
1159 4809 24 14 se-

676 4830 28 16 ra
719 4830 55 19 reçu
791 4825 15 20 à
821 4826 24 20 la
861 4830 56 20 gare
935 4831 42 18 par
993 4826 20 20 le
1031 4827 162 24 représentant

676 4851 28 19 de
720 4850 185 21 l'ambassadeur
921 4851 28 21 de
966 4851 117 25 Belgique.
1097 4854 3 9 '

700 4876 33 19 Le
747 4876 53 23 soir,
815 4876 15 20 il
845 4876 112 20 assistera
970 4876 16 20 à
1000 4877 77 20 l'hôtel
1092 4878 27 20 de
1134 4879 59 23 ville,

675 4900 16 21 à
704 4905 31 15 un
751 4901 65 19 dîner
831 4903 84 22 auquel
929 4903 53 19 sont
997 4901 130 25 également
1141 4909 43 15 con-

676 4926 49 20 viés
736 4928 52 18 tous
799 4927 34 20 les
844 4927 128 19 cardinaux
983 4927 104 24 français
1098 4929 24 19 et
1132 4930 53 23 quel-

676 4956 56 19 ques
744 4952 128 19 cardinaux
883 4951 128 25 étrangers.

700 4977 76 20 Lundi
791 4978 53 22 soir,
859 4978 21 19 le
895 4979 76 19 comte
986 4978 28 20 de
1029 4978 121 21 Kerchove
1166 4980 27 20 de

676 5002 157 24 Denterghem
849 5002 104 21 donnera
967 5003 15 19 à
997 5004 153 20 l'ambassade
1165 5005 29 20 de

676 5027 117 24 Belgique,
808 5033 32 14 un
854 5028 77 23 grand
947 5027 66 21 dîner
1028 5034 29 15 en
1074 5030 120 20 l'honneur

676 5052 31 19 du
719 5053 87 23 primat
819 5055 28 17 de
859 5053 116 24 Belgique.

900 5079 75 19 ♦«♦

698 5106 21 20 A
730 5106 132 24 Oudezeele.
872 5117 27 6 —
909 5107 85 20 Mortel
1004 5108 114 20 accident.
1129 5118 25 6 —
1164 5109 33 20 Le

674 5130 58 22 petit
746 5131 60 20 Jean
821 5131 136 23 Scuizinski,
971 5133 14 19 5
999 5138 50 18 ans,
1065 5138 29 14 en
1109 5134 80 19 traver-

673 5155 55 19 sant
747 5156 23 19 la
790 5160 41 16 rue
851 5157 28 20 de
900 5157 23 20 la
942 5157 163 23 Grand'Place,
1125 5163 15 15 a
1160 5157 37 22 été

675 5178 107 21 renversé
802 5185 44 19 par
864 5185 45 15 une
930 5181 55 20 auto
1005 5183 39 23 qui
1064 5183 21 20 le
1106 5182 90 24 projeta

674 5202 148 22 violemment
838 5210 43 15 sur
898 5206 21 19 le
938 5206 64 25 pavé.
1020 5206 90 21 Atteint
1128 5207 68 21 dune

675 5227 103 21 fracture
795 5230 31 19 du
844 5230 77 23 crâne,
939 5231 21 20 le
978 5231 150 20 malheureux
1145 5237 43 19 gar-

674 5254 83 20 çonnet
769 5258 15 14 a
797 5254 121 21 succombé
931 5260 44 20 peu
988 5255 68 24 après
1070 5256 126 21 l'accident.

676 5331 54 21 bien
740 5334 49 29 Join
801 5336 28 19 de
841 5337 67 21 notre
921 5336 84 25 pensée
1017 5336 120 23 d'émettre
1150 5342 43 15 une

678 5357 157 24 appréciation
851 5366 42 15 sur
907 5363 24 19 la
946 5362 110 24 politique
1074 5363 40 19 des
1131 5367 56 15 sanc-

678 5382 68 24 tions,
767 5389 26 15 ce
815 5387 39 22 qui
876 5387 105 20 sortirait
1003 5388 28 20 de
1053 5388 66 19 notre
1142 5387 54 21 rôle.

677 5407 65 21 Nous
762 5414 59 16 nous
860 5412 95 24 plaçons
993 5413 151 23 uniquement
1165 5417 30 15 au

677 5433 65 23 point
756 5435 27 20 de
795 5440 43 17 vue
850 5432 121 29 supérieur
983 5438 28 22 de
1022 5437 111 21 l'activité
1146 5437 40 21 éco-

678 5459 107 24 nomique
804 5462 27 22 de
850 5463 22 19 la
889 5462 117 24 Belgique,
1023 5467 58 21 pour
1098 5463 97 23 laquelle

679 5488 30 15 on
726 5489 30 15 ne
774 5487 90 21 saurait
881 5486 105 26 négliger
1001 5492 76 16 aucun
1097 5489 39 21 des
1153 5487 35 20 élé-

680 5510 76 20 ments
777 5513 150 23 susceptibles
948 5514 28 21 de
995 5512 144 22 l'améliorer,

835 5543 38 21 (s.)
889 5544 22 20 J.
924 5544 99 22 Fonson,
1037 5544 119 24 président

802 5569 25 20 «t
837 5568 116 25 Michelet,
965 5570 118 20 directeur
1093 5570 101 25 général.

1258 3409 41 45 La
1314 3410 207 57 Bibliothèque
1536 3412 107 47 Albert
1658 3416 12 43 I
1671 3422 26 14 er

1238 3491 39 33 Un
1298 3505 57 19 vœu
1378 3495 31 32 de
1431 3496 26 30 la
1480 3496 98 32 Société
1600 3498 119 32 Centrale

1372 3537 203 33 d'Architecture

1241 3593 34 19 La
1302 3594 88 20 Société
1417 3596 108 20 Centrale
1552 3597 183 22 d'Architecture

1215 3617 28 19 de
1261 3618 111 24 Belgique
1390 3621 101 22 rappelle
1509 3622 21 19 le
1548 3627 52 14 vœu
1618 3622 58 21 émis
1693 3629 44 19 par

1214 3647 42 14 son
1273 3643 89 20 Comité
1378 3645 28 19 de
1422 3646 153 20 l'Urbanisme
1591 3653 28 14 en
1634 3649 54 20 date
1703 3650 31 19 du

1215 3667 39 19 ler
1272 3668 59 19 avril
1349 3669 56 19 1936.

1239 3691 75 24 Après
1330 3693 77 20 divers
1424 3695 166 24 considérants,
1607 3698 42 19 elle
1665 3699 70 20 attire

1214 3716 131 22 l'attention
1363 3719 41 19 des
1424 3720 112 20 autorités
1555 3722 121 23 qualifiées
1695 3729 41 14 sur

1214 3741 21 19 le
1252 3742 45 19 fait
1314 3747 44 19 que
1375 3744 20 19 le
1413 3745 68 18 choix
1496 3745 55 20 d'un
1567 3747 168 23 emplacement

1214 3771 59 18 pour
1290 3772 31 14 un
1340 3771 136 18 monument
1493 3770 29 19 de
1540 3772 94 22 pareille
1653 3773 74 23 Impor-

1214 3792 68 18 tance
1297 3793 36 18 est
1347 3792 29 20 lié
1390 3792 16 20 à
1420 3798 45 15 une
1479 3795 100 20 solution
1594 3797 132 21 d'urbanisa-

1215 3816 48 20 tion
1278 3817 29 19 de
1322 3817 24 19 la
1361 3818 57 20 Ville
1433 3819 29 19 de
1477 3819 125 21 Bruxelles.

1239 3841 20 18 A
1276 3846 26 14 ce
1318 3846 91 19 propos,
1426 3844 42 19 elle
1485 3845 82 20 estime
1582 3851 44 18 que
1642 3852 26 15 ce
1684 3853 42 18 pro-

1213 3864 74 21 blème
1306 3868 37 18 est
1360 3872 66 15 assez
1443 3871 66 18 vaste
1527 3871 24 19 et
1568 3876 65 14 assez
1651 3873 75 23 impor-

1213 3891 53 19 tant
1280 3895 59 19 pour
1352 3896 44 19 que
1412 3894 52 19 tous
1478 3894 34 19 les
1526 3895 50 20 avis
1590 3896 144 23 compétents

1213 3915 76 20 soient
1304 3916 110 20 sollicités
1431 3919 23 18 et
1470 3918 42 20 elle
1528 3921 102 22 rappelle
1645 3921 21 20 le
1681 3927 53 15 vœu

1213 3939 58 20 émis
1286 3945 44 19 par
1345 3941 20 19 le
1381 3942 90 20 Conseil
1487 3946 131 18 communal
1634 3946 28 20 de
1677 3947 48 20 Bru-

1212 3964 71 20 xelles
1303 3970 29 14 en
1352 3966 57 22 1932.
1429 3968 98 20 tendant
1546 3968 16 20 à
1580 3970 51 20 voir
1650 3973 84 18 mettre

1213 3994 29 14 au
1259 3994 112 16 concours
1387 3991 182 22 d'urbanisation
1585 3995 33 19 les
1633 3996 101 20 terrains

1212 4014 28 19 de
1259 4014 24 19 la
1300 4015 109 23 jonction.
1428 4016 50 21 Elle
1496 4019 59 19 croit
1573 4021 115 21 opportun
1705 4022 29 19 do

1212 4038 113 24 suggérer
1355 4039 16 20 à
1402 4045 106 16 nouveau
1540 4045 61 18 cette
1633 4045 100 21 solution

1213 4067 89 16 comme
1321 4064 87 21 devant
1431 4068 111 22 apporter
1566 4073 45 15 une
1637 4069 97 24 réponse

1213 4092 52 25 aux^
1283 4089 118 23 multiples
1425 4090 129 24 problèmes
1578 4094 156 22 d'urbanisme

1213 4112 67 20 nosés
1297 4117 41 16 sur
1355 4115 52 19 tout
1423 4115 21 20 le
1461 4117 117 20 territoire
1594 4119 29 19 de
1640 4120 84 20 Bruxel-

1213 4137 39 19 les.

1441 4170 81 19 ___»-

1216 4206 61 46 LA
1290 4208 85 46 VIE
1390 4209 341 52 BRUXELLOISE

1225 4305 20 19 A
1263 4305 39 20 LA
1321 4306 150 22 CHAMBRE
1489 4309 43 20 DE
1551 4310 172 22 COMMERCE

1354 4332 42 19 DE
1410 4333 182 22 BRUXELLES

1237 4369 34 21 La
1284 4369 114 23 Chambre
1412 4372 28 19 de
1453 4372 134 22 Commerce
1600 4375 28 19 de
1641 4376 85 19 Bruxel-

1213 4393 33 19 les
1258 4393 131 25 procédera,
1402 4399 6 18 i
1411 4405 11 14 e
1435 4397 63 19 lundi
1511 4398 25 19 18
1548 4399 50 22 juin
1616 4399 16 19 à
1643 4400 25 19 17
1680 4401 29 21 h.,
1720 4401 16 20 à

1213 4417 158 22 l'Installation
1401 4421 110 20 officielle
1543 4423 40 19 des
1613 4425 122 20 chambres

1211 4443 96 23 syndica
1319 4460 20 4 _„
1355 4445 129 22 suivantes:
1502 4447 233 22 Patrons-Pâtissière

1212 4467 28 19 de
1252 4467 117 24 Belgique.
1382 4469 104 24 Epiciers
1500 4470 132 22 détaillants
1645 4473 28 19 de
1685 4474 41 19 Bel-

1213 4491 74 24 gique,
1307 4493 134 23 Commerce
1462 4495 28 19 de
1510 4496 105 22 poissons
1637 4503 27 14 en
1685 4499 40 19 Bel-

1213 4515 67 24 gique
1302 4520 23 18 et
1345 4518 114 21 Chambie
1480 4520 121 23 Syndicale
1621 4521 40 20 des
1681 4523 46 20 Pro-

1214 4540 60 20 duits
1290 4542 157 21 alimentaires
1464 4544 82 23 divers,
1562 4545 75 21 toutes
1653 4548 82 23 quatre

1213 4564 101 21 affiliées
1327 4565 15 20 à
1356 4567 22 20 la
1392 4568 114 20 Chambre
1521 4570 29 18 du
1565 4570 133 22 Commerce
1712 4574 24 19 et

1214 4588 28 19 de
1273 4590 131 20 l'Industrie
1436 4592 157 22 alimentaires
1617 4595 25 21 C.
1665 4596 19 21 L
1707 4598 27 20 A.

1220 4613 163 23 (groupement
1401 4616 123 23 national).

1239 4638 65 21 Cette
1318 4639 129 22 cérémonie
1461 4647 57 16 aura
1530 4644 46 20 lieu
1589 4645 57 22 dans
1658 4647 34 21 les
1704 4647 31 20 *o-

1214 4667 59 15 caux
1291 4664 27 19 de
1337 4665 22 18 la
1377 4666 115 20 Chambre
1509 4668 29 19 de
1556 4670 132 22 Commerce
1706 4673 29 20 de

1214 4687 125 22 Bruxelles,
1363 4690 77 20 Palais
1464 4691 129 26 d'Egmont,
1617 4696 64 21 place
1706 4698 29 19 du

1215 4711 155 21 Petit-Sablon

1240 4737 35 19 Au
1289 4742 67 15 cours
1370 4739 27 18 de
1411 4741 60 19 cette
1485 4741 102 25 réunion,
1601 4745 30 19 M.
1644 4747 21 18 A
1684 4746 51 20 Van

1215 4760 85 23 Caillie,
1321 4762 114 21 directeur
1454 4764 93 24 général
1566 4773 31 15 au
1617 4770 119 21 ministère

1215 4785 40 19 des
1285 4787 103 19 Affaires
1418 4788 174 27 Economiques,
1616 4794 51 19 fera
1690 4800 45 15 une

1214 4810 136 20 conférence
1366 4817 40 15 sur
1422 4819 11 13 «
1449 4814 183 25 L'organisation
1648 4820 78 22 profes-

1214 4835 110 18 sionnelle
1337 4841 22 18 ^
1377 4837 33 20 De
1428 4839 148 22 nombreuses
1594 4845 132 20 personnali-

1215 4857 35 19 tés
1264 4863 15 18 y
1293 4859 142 23 assisteront.

1417 4901 94 22 -♦•♦

1224 4929 22 30 A
1265 4929 148 35 L'INSTAR
1429 4933 62 33 DES
1506 4937 221 36 CHAUFFARDS

1269 4978 60 36 QUI
1346 4980 42 32 NE
1404 4982 200 35 S'OCCUPENT
1620 4988 63 32 PAS

1311 5028 44 31 DE
1370 5030 85 32 LEUR
1475 5032 166 35 VICTIME...

1246 5138 16 4 _
1296 5134 29 14 „-,
1476 5116 108 29 Moscou,
1602 5119 28 23 30
1648 5119 56 25 mal.

1245 5141 34 20 De
1295 5141 7 20 1
1312 5141 96 28 Agence
1424 5143 60 23 Tass
1503 5150 6 17 :

1248 5173 32 23 Fx:
1294 5176 125 27 capitaine
1433 5179 32 21 du
1479 5185 75 21 cargo
1569 5181 166 24 «Menuinski»

1215 5209 14 16 a
1247 5202 98 24 déclaré
1364 5211 7 16 :

1233 5252 38 7 ■—
1291 5245 37 20 Me
1348 5247 110 20 trouvant
1478 5249 21 19 le
1520 5249 25 19 24
1565 5251 46 21 mal
1633 5252 58 21 dans
1714 5255 22 19 la

1220 5270 50 18 Mer
1287 5270 30 19 du
1333 5271 64 20 Nord
1413 5274 23 18 et
1451 5276 117 21 avançant
1584 5275 15 20 à
1616 5278 71 22 petite
1705 5280 22 19 vi-

1220 5293 61 21 tesse
1294 5300 28 14 en
1336 5298 78 18 raison
1426 5297 31 19 du
1469 5298 126 22 brouillard
1608 5307 26 14 eo
1648 5303 89 21 faisant

1220 5322 171 19 constamment
1408 5322 41 20 des
1465 5323 104 23 signaux,
1587 5326 20 20 le
1625 5329 80 19 navire
1722 5334 15 14 a

1220 5348 54 20 reçu
1290 5350 31 15 un
1335 5351 58 19 coup
1409 5347 66 24 porté
1492 5353 42 19 par
1551 5350 20 19 le
1587 5352 79 20 navire
1682 5354 44 19 alle-

1220 5370 70 19 mand
1305 5376 12 14 «
1331 5371 99 20 Rossich
1444 5378 19 14 ».

1241 5394 88 24 Malgré
1345 5396 33 19 les
1393 5396 139 23 obligations
1546 5397 96 25 prévues
1658 5406 42 18 par
1714 5401 21 20 la

1219 5421 139 20 convention
1371 5422 28 19 de
1412 5422 125 24 Bruxelles,
1551 5427 46 17 non
1609 5427 127 22 seulement

1219 5445 22 19 le
1260 5451 12 14 «
1289 5446 100 20 Rossich
1406 5452 13 14 »
1436 5450 40 17 n'a
1493 5453 43 19 pas
1553 5450 81 24 stoppé
1655 5453 24 19 et
1698 5453 22 19 n'
1730 5471 6 3 .

1221 5475 41 18 pas
1277 5471 113 21 demandé
1402 5473 21 20 si
1437 5473 21 20 le
1473 5479 12 13 «
1499 5474 132 22 Menulnski
1646 5483 13 13 »
1673 5479 65 20 avale

1219 5495 79 22 besoin
1314 5497 80 23 d'aide,
1407 5499 59 19 mais
1479 5499 16 19 il
1507 5503 22 15 a.
1535 5500 95 24 disparu
1643 5502 58 21 dans
1716 5493 22 30 'J

1219 5521 127 21 brouillard
1366 5528 56 15 sans
1450 5522 113 26 répondre
1590 5531 47 15 aux
1656 5530 81 22 appels

1220 5547 252 25 radlotélégraphiques
1491 5548 97 22 réitérés
1608 5551 31 20 du
1658 5559 12 13 c
1691 5554 38 19 Me-

1220 5572 94 20 nulnski
1332 5578 13 14 »
1361 5573 39 24 qui
1416 5574 65 20 avait
1496 5574 53 20 subi
1564 5579 45 17 une
1625 5578 86 20 avarie.

1787 417 45 21 (De
1850 416 65 18 notre
1933 413 182 23 correspondant
2133 411 147 25 particulier)

2073 443 74 22 Mons,
2166 443 26 19 30
2210 442 55 21 mai.

1798 470 167 22 L'association
1989 469 132 23 catholique
2145 468 28 19 de
2197 468 86 19 l'arron-

1773 497 126 20 dissement
1920 494 26 19 de
1967 493 73 24 Mons,
2061 494 56 20 s'est
2138 493 80 19 réunie
2238 498 44 15 ven-

1773 524 64 18 dredi
1855 522 54 21 soir,
1926 519 15 20 à
1959 518 74 22 Mona.
2050 520 35 19 La
2103 518 98 20 réunion
2233 518 59 21 était

1772 548 103 25 présidée
1891 552 42 19 par
1948 544 29 19 M.
1993 545 117 24 Alphonse
2125 544 102 23 Servalx,
2244 543 40 26 pré-

1767 574 88 24 sident,
1873 570 71 25 ayant
1960 568 16 20 à
1993 575 37 15 ses
2047 569 64 20 côtés
2128 570 30 20 M.
2176 570 21 20 le
2215 571 76 19 comte

1772 600 28 19 de
1813 600 23 19 la
1847 599 80 20 Barre,
1939 593 119 25 sénateur;
2073 595 109 23 Debersé,
2195 595 94 24 député;

1771 626 28 18 de
1819 623 90 22 Patoul,
1929 621 82 22 Druat,
2031 621 135 20 conseillers
2199 621 83 24 provin-

1772 651 77 21 ciaux;
1865 649 126 20 Couneson,
2007 646 27 21 de
2048 647 78 22 Mons;
2142 646 150 20 Lebrun-Du-

1771 675 119 24 gauquier,
1925 672 27 18 de
1995 671 284 21 Chaussée-Notre-Dame
2283 676 6 18 ;

1774 702 84 23 Dayer,
1885 700 27 19 de
1937 696 137 25 Pâturages,
2098 698 130 19 candidats.
2255 696 37 20 On

1772 728 54 19 note
1842 728 82 17 encore
1940 722 23 19 la
1979 721 110 24 présence
2105 723 28 20 de
2150 723 56 20 MM.
2222 723 22 19 le
2259 722 23 19 vi-

1771 753 76 18 comte
1861 749 76 21 Vilain
1951 747 64 23 XIII,
2029 749 84 19 ancien
2128 747 120 26 président
2262 747 28 20 de

1771 776 160 21 l'Association
1944 773 40 20 des
1996 772 108 26 délégués
2114 774 140 21 cantonaux,
2267 774 24 19 et

1771 803 28 19 de
1814 801 127 20 nombreux
1954 798 115 21 militants
2084 800 31 19 du
2128 800 69 23 parti.

1797 828 30 20 M.
1846 825 95 23 ServaiX
1957 819 75 28 -prend
2050 825 21 19 le
2088 824 103 25 premier
2209 824 23 19 la
2250 828 31 20 pa-

1771 853 48 20 role
1838 858 5 14 :
1862 858 11 13 «
1889 851 43 19 Les
1948 849 91 21 Classes
2055 850 187 20 intermédiaires
2260 849 30 20 du

1771 884 57 19 pays
1843 876 108 21 viennent
1966 874 27 22 de
2006 876 84 20 mettre
2104 879 21 19 le
2139 876 62 23 parti
2214 874 70 20 catho-

1771 904 61 23 lique
1849 902 85 20 devant
1950 905 44 14 une
2010 901 113 20 situation
2139 900 97 23 brutale,
2254 899 37 20 dé-

1771 929 114 20 clare-t-il.
1903 928 21 18 A
1942 926 27 19 de
1988 926 119 24 multiples
2125 926 107 24 reprises,
2252 930 38 15 ces

1771 955 87 19 classes
1877 952 94 21 avaient
1989 951 95 24 accepté
2116 952 93 23 l'espoir
2240 951 51 19 leur

1771 979 76 20 donné
1862 980 27 20 de
1903 977 112 20 réformes
2029 978 127 24 profondes
2170 979 24 18 et
2208 981 73 19 urgen-

1771 1006 36 20 tes
1829 1005 93 23 qu'elles
1943 1002 63 21 n'ont
2028 1008 41 18 pas
2091 1004 112 19 obtenues
2225 1007 66 14 assez

1771 1031 151 24 rapidement.
1934 1028 87 23 Depuis
2034 1029 71 21 treize
2118 1028 66 23 mois,
2196 1033 32 16 un
2241 1031 42 21 pro-

1770 1061 106 19 gramme
1889 1055 28 19 de
1930 1058 37 15 ces
1980 1052 114 22 réformes
2108 1053 59 21 était
2179 1052 111 25 esquissé,

1770 1083 59 19 mais
1842 1080 87 21 l'effort
1940 1078 75 20 donné
2025 1085 15 15 a
2051 1079 37 20 été
2100 1079 145 22 insuffisant,
2257 1079 33 19 les

1771 1106 129 21 difficultés
1915 1106 22 19 et
1952 1104 33 20 les
1999 1105 103 20 lenteurs
2117 1104 129 20 excessives
2262 1104 28 20 de

1769 1137 43 16 nos
1823 1131 145 21 institutions
1979 1129 41 21 ont
2030 1130 46 20 fait
2087 1130 83 24 perdre
2181 1130 108 24 patience

1770 1160 23 18 et
1809 1158 45 19 fait
1870 1155 112 21 déborder
1996 1155 24 19 la
2035 1160 73 19 coupe
2124 1157 24 19 et
2163 1155 21 20 le
2201 1160 58 19 pays
2274 1160 16 14 a

1772 1181 126 21 manifesté
1922 1181 122 19 durement
2065 1186 44 15 son
2132 1175 148 25 mécontente-

1770 1210 65 19 ment
1852 1214 30 14 au
1898 1207 60 25 parti
1975 1206 138 24 catholique.
2129 1207 38 20 Un
2185 1210 105 15 nouveau

1770 1233 150 20 mouvement
1933 1232 55 19 s'est
2000 1231 53 21 créé
2067 1233 39 22 qui
2120 1237 16 15 a
2150 1231 99 25 exploité
2263 1237 27 14 ce

1772 1259 118 24 désespoir
1906 1258 24 19 et
1946 1262 15 14 a
1977 1257 117 24 provoqué
2112 1259 21 18 la
2152 1257 129 25 désagréga-

1770 1285 49 19 tion
1835 1285 40 20 des
1890 1284 76 19 forces
1980 1283 150 24 catholiques.
2146 1283 142 24 Cependant,

1770 1314 31 15 au
1820 1311 66 23 point
1905 1309 27 19 de
1951 1312 43 15 vue
2012 1308 28 21 de
2060 1309 67 19 notre
2146 1309 133 19 arrondisse-

1770 1337 71 22 ment,
1863 1339 58 15 nous
1942 1337 102 20 pouvons
2066 1334 50 19 dire
2150 1337 45 20 que
2230 1338 59 16 nous

1772 1366 73 15 avons
1875 1361 45 20 l'un
1953 1359 42 19 dea
2016 1360 79 19 mieux
2118 1360 31 20 du
2174 1364 57 21 pays
2257 1358 28 21 ré-

1770 1387 56 20 sisté
1848 1386 16 20 à
1886 1384 101 23 l'assaut,
2008 1390 42 15 car
2071 1390 58 15 nous
2152 1390 79 21 avons,
2255 1385 35 23 ici,

1769 1413 122 19 maintenu
1909 1416 42 15 nos
1969 1410 111 25 positions
2100 1411 106 21 intactes.
2225 1411 65 20 Cette

1766 1439 116 20 situation
1906 1441 35 19 est
1961 1437 21 19 le
2004 1437 59 21 fruit
2085 1437 28 21 de
2134 1441 43 15 ncs
2199 1437 92 22 efforts,

1771 1465 81 23 certes,
1878 1464 58 20 mais
1960 1463 63 19 aussi
2046 1463 21 20 le
2093 1461 99 21 résultat
2217 1463 27 19 de
2268 1464 23 18 la

1771 1489 88 25 dignité
1892 1488 141 25 personnelle
2064 1489 28 19 de
2122 1493 43 15 nos
2196 1488 87 19 manda-

1771 1517 77 22 taires,
1879 1516 39 23 qui
1946 1514 53 19 sont
2028 1514 122 20 au-dessus
2182 1514 26 19 de
2239 1514 52 19 tout

1769 1546 109 19 soupçon.
1900 1539 132 24 (Applaud.)
2054 1540 25 19 Si
2098 1544 43 15 nos
2161 1540 77 19 forces
2258 1544 29 15 ne

1770 1566 107 21 s'étaient
1894 1570 43 19 pas
1954 1564 128 24 dispersées
2114 1570 41 14 sur
2186 1565 102 20 d'autres

1770 1594 71 21 listes,
1871 1596 58 16 nous
1958 1591 155 23 compterions
2142 1589 148 25 aujourd'hui

1769 1619 71 22 17,500
1859 1618 52 19 voix
1930 1617 57 19 dans
2004 1617 68 19 notre
2091 1615 199 20 arrondissement

1768 1649 41 15 sur
1822 1644 23 19 la
1860 1644 51 19 liste
1925 1641 130 24 catholique
2070 1642 24 19 et
2108 1643 23 19 la
2146 1641 139 20 diminution

1770 1674 44 18 que
1833 1673 59 15 nous
1910 1667 93 20 aurions
2021 1667 60 20 ainsi
2099 1666 15 20 à
2133 1667 65 19 subir
2216 1666 72 19 serait

1769 1695 23 19 la
1808 1694 105 20 moindre
1928 1692 27 21 de
1971 1689 57 23 tout'
2037 1693 21 20 le
2073 1697 65 20 pays.
2153 1698 12 13 »

1793 1720 30 20 M.
1837 1718 95 22 Servalx
1944 1717 56 20 rend
2013 1718 90 19 ensuite
2116 1718 125 23 hommage
2254 1722 31 15 au

1771 1745 153 21 dévouement
1945 1744 40 19 des
2007 1744 129 22 candidats,
2161 1747 120 20 propagan-

1769 1771 72 20 distes
1854 1768 105 25 délégués
1972 1769 82 20 locaux
2066 1770 24 19 et
2102 1769 15 20 à
2130 1771 53 18 tous
2195 1770 34 19 les
2242 1769 36 19 col-

1769 1797 146 19 laborateurs
1932 1800 28 14 en
1978 1793 93 24 général
2090 1795 28 19 de
2136 1795 93 19 l'action
2248 1799 29 19 po-

1768 1822 81 23 litique
1862 1820 136 22 catholique,
2011 1821 39 22 qui
2065 1820 55 22 doit,
2134 1820 66 23 dit-il,
2215 1820 71 20 sortir

1769 1846 119 21 renforcée
1905 1846 31 19 du
1951 1846 57 19 choc
2024 1846 81 24 qu'elle
2122 1846 65 19 vient
2203 1845 28 20 de
2248 1851 28 14 su-

1768 1873 45 23 bir;
1835 1873 57 19 c'est
1911 1876 31 14 un
1962 1875 58 20 coup
2041 1871 27 19 de
2088 1871 67 19 fouet
2175 1876 45 18 que
2240 1871 45 19 l'on

1770 1898 63 20 vient
1852 1898 27 18 de
1898 1901 57 15 nous
1973 1896 89 20 donner
2079 1901 60 19 peur
2156 1897 78 22 mieux
2252 1901 24 15 re-

1769 1923 74 24 partir
1858 1928 27 14 en
1901 1921 77 20 avant.
1992 1921 64 20 Nous
2072 1922 96 19 n'avons
2182 1927 43 19 pas
2240 1926 45 15 une

1769 1947 120 21 mentalité
1901 1947 27 19 de
1939 1947 104 23 vaincus;
2056 1952 59 15 nous
2126 1947 97 20 voulons
2234 1952 43 14 con-

1769 1973 77 21 tinuer
1857 1973 15 20 à
1883 1977 97 19 occuper
1991 1972 57 20 dans
2060 1973 21 19 le
2092 1978 59 19 pays
2163 1977 45 17 une
2220 1973 65 24 place

1769 2000 75 19 active
1857 1999 58 19 dans
1926 2002 36 15 ses
1975 1997 114 21 destinées
2102 1998 24 19 et
2137 2003 44 19 par
2192 1998 34 19 les
2237 1998 40 23 jeu-

1767 2029 41 15 nes
1823 2025 39 23 qui
1878 2023 114 22 viennent,
2007 2024 99 21 surtout,
2123 2024 123 20 continuer
2261 2024 23 19 la

1767 2050 112 20 tradition
1899 2048 128 24 catholique
2048 2053 29 15 en
2096 2049 102 24 prenant
2217 2049 67 19 notre

1767 2076 53 23 part
1834 2075 59 19 dans
1906 2075 32 19 les
1952 2073 92 21 réalités
2059 2074 129 24 politiques,
2203 2073 73 21 écono-

1766 2101 90 23 miques
1872 2101 23 18 et
1910 2099 95 20 sociales
2020 2104 59 20 pour
2094 2105 85 14 sauver
2194 2101 24 18 la
2232 2100 42 19 Bel-

1765 2126 69 24 gique
1847 2126 31 19 du
1891 2126 86 22 danger
1988 2126 39 22 qui
2040 2125 23 19 la
2075 2130 103 15 menace.
2193 2126 87 23 (Appl.)

1791 2152 32 19 Le
1836 2152 74 19 comte
1924 2151 26 18 de
1961 2151 24 18 la
1996 2151 79 22 Barre,
2088 2150 117 22 sénateur,
2215 2152 67 22 .parle

1769 2178 89 18 ensuite
1876 2182 5 14 :
1897 2184 11 11 «
1922 2176 32 19 La
1968 2176 100 23 tempteê
2082 2182 15 14 a
2111 2176 93 23 soufflé,
2218 2177 66 22 dit-U,

1767 2204 59 18 mais
1838 2204 41 18 elle
1892 2208 28 14 ne
1932 2206 58 16 nous
2001 2207 16 14 a
2027 2207 42 19 pas
2081 2203 101 23 abattus,
2190 2207 31 14 au
2233 2207 43 15 con-

1767 2228 78 20 traire.
1860 2235 11 11 *>
1886 2228 30 19 Et
1930 2227 19 19 le
1964 2226 109 20 sénateur
2087 2228 58 19 rend
2159 2228 124 23 hommage

1767 2258 46 15 aux
1828 2254 101 18 artisans
1944 2252 26 21 de
1987 2253 65 19 notre
2068 2252 80 21 succès
2165 2253 80 19 relatif
2260 2254 23 19 et

1767 2280 145 18 notamment
1924 2278 14 19 à
1951 2278 30 20 M.
1994 2277 108 21 Debersé.
2115 2279 57 19 Puis
2185 2279 15 19 il
2215 2283 67 19 passe

1769 2304 144 24 rapidement
1929 2308 27 14 en
1973 2308 68 15 revue
2057 2304 21 18 le
2095 2304 85 19 travail
2196 2303 87 20 dévoué

1768 2330 41 20 de.?
1827 2330 126 19 candidats.
1972 2329 52 20 «De
2042 2330 54 23 quoi
2115 2330 92 19 demain
2224 2334 62 14 eera-

1767 2356 35 18 t-il
1817 2356 54 18 fait-
1883 2355 33 19 La
1929 2355 110 19 situation
2053 2355 126 19 s'annonce
2194 2360 89 14 comme

1771 2382 97 19 difficile
1894 2381 82 19 devant
2001 2383 33 19 les
2061 2381 136 22 socialistes,
2222 2384 62 16 cem-

1767 2407 113 19 munistes
1897 2407 23 18 et
1936 2406 159 19 nationalistes
2112 2406 119 19 flamands
2248 2411 24 14 re-

1768 2437 71 14 venus
1855 2433 49 24 plus
1919 2432 124 19 nombreux
2057 2431 14 20 à
2087 2433 23 19 la
2124 2432 121 19 Chambre.
2253 2431 31 20 Le

1767 2458 61 24 parti
1850 2458 93 18 Rexiste
1962 2457 127 19 cherchera
2110 2458 52 19 bien
2183 2458 64 19 aussi
2267 2457 15 19 à

1767 2485 84 20 mettre
1867 2485 32 18 les
1915 2483 141 24 catholiques
2072 2488 28 14 en
2118 2482 129 21 difficultés
2262 2483 23 20 et

1767 2508 44 19 l'on
1827 2512 55 20 peut
1896 2507 51 24 déjà
1960 2513 25 15 se
1999 2509 127 19 demander
2140 2509 20 19 si
2175 2509 22 19 la
2212 2509 62 19 situa-

1768 2534 48 19 tion
1835 2534 102 19 nouvelle
1954 2534 147 24 permettrait
2119 2538 45 15 une
2183 2533 99 20 révision

1770 2559 28 20 de
1821 2559 23 20 la
1867 2559 153 19 Constitution
2042 2563 61 19 ipour
2126 2559 157 24 l'application

1767 2584 27 20 de
1818 2584 112 20 réformes
1951 2584 115 19 devenues
2090 2585 190 23 Indispensables,

1766 2614 41 15 car
1825 2614 26 15 ce
1869 2610 53 23 qu'il
1940 2609 50 20 faut
2007 2611 72 18 avant
2098 2611 52 18 tout
2168 2615 30 14 au
2217 2615 64 19 pays,

1766 2635 56 19 c'est
1843 2640 30 14 un
1894 2637 177 22 gouvernement
2091 2635 81 21 stable.
2193 2636 89 19 Allons-

1766 2665 64 17 nous,
1842 2660 79 19 s'écrie
1933 2660 27 20 M.
1973 2660 26 21 de
2011 2660 23 20 la
2045 2661 81 21 Barre,
2138 2661 143 19 allons-nous

1766 2686 83 19 laisser
1868 2686 158 23 empoisonner
2044 2686 109 23 l'opinion
2172 2686 109 24 publique

1766 2716 43 18 par
1829 2711 91 19 l'action
1939 2711 88 21 néfaste
2047 2711 28 20 de
2094 2717 39 15 ces
2151 2712 90 24 partis?
2262 2712 19 19 Il

1765 2737 58 20 faut,
1835 2742 55 14 sans
1902 2737 82 21 retard,
1995 2736 112 20 l'éclairer
2119 2742 59 19 pour
2189 2737 82 24 l'empê-

1764 2762 56 19 cher
1842 2762 28 19 de
1891 2761 98 24 s'égarer
2009 2762 139 24 davantage.
2169 2769 12 13 >

1790 2787 32 19 Le
1832 2787 110 20 sénateur
1949 2788 55 19 rend
2015 2788 123 23 hommage
2149 2788 15 19 à
2174 2793 42 14 son
2227 2789 53 19 tour

1765 2817 30 14 au
1813 2813 68 22 jeune
1900 2814 23 18 et
1940 2813 156 19 enthousiaste
2114 2813 121 24 président
2252 2814 28 19 de

1765 2837 167 21 l'Association.
1947 2838 85 24 (Longs
2047 2839 71 23 appl.)
2135 2845 11 12 «
2161 2840 37 17 Au
2212 2844 68 14 cours

1764 2862 28 19 de
1811 2864 61 17 cette
1893 2863 55 20 dure
1965 2868 134 18 campagne,
2117 2864 162 21 continue-t-il,

1764 2888 22 17 la
1805 2887 113 23 première
1937 2889 51 22 qu'il
2005 2888 73 22 mène,
2098 2889 15 19 Il
2132 2889 55 19 s'est
2205 2888 75 20 révélé

1763 2912 84 21 maître
1864 2913 28 19 de
1908 2913 23 18 la
1946 2914 118 18 confiance
2081 2913 27 20 de
2125 2915 52 19 tous
2194 2914 33 18 les
2242 2919 38 14 ca-

1763 2937 115 24 thetiques
1891 2940 23 18 et
1928 2939 48 18 _:ela
1988 2940 34 18 est
2035 2937 53 25 déjà
2101 2944 31 14 un
2145 2938 82 20 succès
2239 2940 39 22 qui

1763 2968 58 15 nous
1842 2964 44 18 fait
1907 2962 91 24 espérer
2018 2964 118 24 beaucoup
2158 2964 28 20 de
2206 2963 40 21 lut.
2265 2970 13 13 »

1765 2988 256 24 (Applaudissements.)

1788 3014 61 19 C'est
1864 3014 90 19 ensuite
1970 3020 28 13 au
2013 3016 53 18 tour
2081 3015 27 20 de
2124 3015 30 21 M.
2170 3014 108 23 Debersé,

1764 3039 89 24 député,
1881 3040 28 19 de
1938 3040 82 23 parler;
2050 3042 15 19 il
2094 3041 117 23 n'accepte
2238 3045 43 19 pas

1764 3064 108 24 d'éloges;
1891 3065 16 19 il
1924 3065 38 19 n'a
1978 3065 34 20 été
2029 3067 69 23 qu'un
2115 3067 105 20 modeste
2237 3067 34 19 sol-

1764 3090 41 20 dat
1819 3090 58 19 dans
1891 3091 22 19 la
1927 3091 57 19 lutte
1997 3092 151 19 douloureuse
2163 3092 38 23 qui
2216 3092 65 19 vient

1764 3115 70 20 d'être
1857 3115 87 23 menée,
1965 3121 53 15 sans
2039 3116 138 21 défaillance
2199 3122 71 19 cepen-

1766 3140 62 22 dant,
1853 3141 155 23 souligne-t-il.
2031 3143 65 20 Nous
2119 3144 161 18 remonterons

1763 3166 23 19 la
1798 3166 76 25 pente,
1887 3165 79 22 s'écrie
1978 3167 20 19 le
2011 3167 90 25 député.
2114 3169 64 19 Nous
2191 3169 21 19 le
2226 3173 45 15 vou-

1763 3191 57 20 lons.
1843 3192 65 19 Nous
1931 3197 29 13 ne
1983 3194 94 18 voulons
2101 3198 42 19 pas
2166 3199 58 15 nous
2248 3194 22 19 la-

1762 3217 91 19 menter
1866 3218 23 19 et
1902 3221 58 15 nous
1973 3222 26 15 ne
2013 3219 123 23 craignons
2149 3219 57 21 rien,
2220 3219 58 19 dans

1762 3243 23 18 la
1805 3242 124 19 fraternité
1949 3243 28 19 de
1995 3245 66 20 notre
2081 3245 77 19 action
2179 3246 23 17 et
2222 3249 57 15 avec

1762 3272 90 15 comme
1874 3268 41 19 but
1937 3268 22 19 la
1980 3268 71 21 vérité
2073 3271 23 19 et
2117 3270 24 19 la
2161 3270 85 23 justice
2271 3276 6 14 :

1761 3292 59 21 Dieu
1833 3294 24 18 et
1869 3293 21 19 le
1903 3294 50 19 Roi.

1787 3318 31 19 Le
1834 3317 85 25 député
1934 3319 27 20 de
1977 3319 64 21 Mons
2057 3322 36 18 est
2108 3321 117 19 vivement
2239 3327 31 18 ap-

1761 3343 78 24 plaudi
1853 3344 54 23 ipuis
1922 3344 30 19 M.
1967 3345 94 20 Servalx
2075 3351 105 16 annonce
2195 3351 45 19 que
2255 3347 24 19 la

1761 3374 129 18 campagne
1907 3368 119 22 électorale
2043 3377 59 18 pour
2118 3372 32 20 les
2167 3371 111 21 élections

1761 3394 154 24 provinciales
1935 3395 36 19 est
1989 3397 100 21 ouverte.

1786 3419 34 19 La
1836 3420 79 23 parole
1932 3421 36 18 e..t
1984 3422 63 19 enfin
2064 3422 89 20 donnée
2170 3422 15 20 à
2202 3423 30 21 M.
2250 3423 27 20 de

1760 3445 90 22 Patoul,
1870 3445 120 20 conseiller
2006 3448 135 23 provincial,
2159 3449 39 23 qui
2217 3449 60 19 situe

1760 3469 92 20 l'action
1865 3471 110 23 politique
1986 3472 57 20 dans
2055 3473 20 19 le
2087 3474 69 20 cadre
2169 3474 40 19 des
2221 3473 47 20 élec-

1760 3496 61 19 tions
1842 3495 28 20 de
1890 3496 120 21 dimanche
2031 3499 118 22 prochain.
2169 3499 36 20 En
2226 3505 42 18 pas-

1760 3522 60 19 sant,
1838 3521 16 20 il
1873 3521 56 19 rend
1947 3521 121 26 hommag:
2086 3523 15 20 à
2119 3525 55 18 MM.
2193 3525 75 19 Abras-

1759 3547 57 20 sart.
1829 3546 28 19 de
1869 3546 135 25 Pâturages,
2017 3550 23 18 et
2052 3550 113 21 Bernard,
2178 3550 28 19 de
2219 3550 58 20 Her-

1758 3571 70 21 chies,
1844 3572 132 19 conseillers
1991 3575 143 23 catholiques
2150 3576 39 23 qui
2206 3580 29 15 ne
2250 3581 26 14 se

1759 3596 163 25 représentent
1938 3597 50 24 plus
2005 3604 31 15 au
2053 3601 96 20 scrutin.
2167 3601 57 19 Puis
2242 3606 24 15 ra-

1759 3621 119 24 pidement
1889 3623 16 19 il
1918 3623 63 23 parle
1993 3624 39 20 des
2044 3626 73 22 griefs
2130 3627 80 18 contre
2223 3626 44 20 l'ad-

1759 3647 160 20 ministration
1942 3650 138 22 provinciale
2104 3652 118 19 soc.'allste
2246 3652 30 19 du

1757 3672 107 20 Hainaut
1879 3678 5 15 :
1899 3674 149 23 Impositions,
2063 3677 96 22 cumuls,
2173 3677 94 19 mauvai-

1759 3702 24 14 se
1801 3698 91 23 gestion
1909 3698 132 23 financière.

1784 3723 31 19 Le
1833 3724 121 19 conseiller
1969 3725 43 21 cite
2029 3727 27 19 Ce
2074 3728 127 19 nombreux
2218 3728 50 19 chif-

1758 3748 49 19 fres
1828 3749 39 22 qui
1889 3752 139 20 provoquent
2052 3752 40 19 de-,
2114 3754 162 19 mouvements

1758 3773 58 19 dans
1832 3774 135 21 l'auditoire,
1983 3776 36 19 n;*
2021 3783 11 14 s
2049 3778 14 18 n
2079 3779 99 19 termine
2194 3784 28 14 en
2239 3779 27 20 de-

1758 3799 114 20 mandant
1887 3804 46 14 aux
1948 3798 110 23 électeurs
2074 3803 28 19 de
2118 3809 112 14 rervover
2245 3810 30 15 au

1759 3823 90 21 Conseil
1869 3825 21 18 le
1908 3829 87 19 groupe
2027 3828 131 26 catholique
2191 3840 27 4 —
2236 3830 40 24 qui

1758 3846 112 27 pourtant
1885 3852 21 21 y'
1916 3849 66 20 mène
1998 3857 44 14 une
2060 3854 35 19 vie
2112 3854 49 20 très
2177 3855 56 21 dure
2251 3866 25 4 —

1758 3874 51 24 plus
1822 3875 127 19 nombreux
1960 3876 24 18 et
1994 3878 51 22 plus
2058 3880 54 20 fort.
2123 3886 12 12 «
2148 3880 35 19 On
2196 3886 14 13 a
2222 3880 53 20 voté

1759 3900 123 19 dimanche
1904 3900 90 20 dernier
2014 3905 81 18 contre
2129 3906 33 19 les
2198 3906 76 23 excès;

1758 3925 122 20 l'occasion
1897 3931 25 14 se
1938 3927 131 22 représente
2085 3930 124 21 dimanche
2225 3936 41 19 pro-

1757 3950 69 20 chain
1844 3951 28 19 de
1890 3952 21 19 le
1928 3951 65 22 falre,
2010 3955 60 21 mais
2088 3955 29 20 Ici
2135 3957 80 19 contre
2234 3957 41 19 dea

1758 3975 67 20 excès
1845 3975 118 25 généraux
1982 3980 23 18 et
2025 3978 59 21 réels
2105 3981 39 23 qui
2165 3982 111 24 frappent

1758 4000 52 20 tout
1826 4001 21 19 le
1864 4001 83 20 monde
1965 4001 56 22 dans
2038 4005 67 21 notre
2116 4006 131 22 'Hainaut...
2264 4014 11 12 »

1757 4025 74 24 Après
1848 4027 109 23 quelques
1974 4030 60 18 mots
2051 4030 31 19 du
2099 4031 119 24 président
2235 4038 41 15 sur

1757 4051 23 20 la
1795 4052 112 19 situation
1924 4052 108 25 politique
2049 4055 29 20 du
2095 4061 63 20 pays,
2174 4058 22 19 la
2213 4057 55 20 séan-

1757 4080 27 15 ce
1802 4082 15 14 a
1834 4077 37 21 été
1888 4076 70 22 levée.

2407 249 48 32 AU
2472 248 279 33 CONSERVATOIRE

2377 323 217 39 Représentation
2619 323 161 39 d'Elckerlyc

2341 372 33 21 Le
2388 373 103 24 mystère
2506 372 115 20 médiéval
2636 373 130 25 Elckerlyç,
2782 374 57 21 dont

2316 398 30 20 M.
2361 398 107 20 Herman
2484 399 119 19 Teirlinck
2618 403 16 15 a
2649 399 52 23 fait,
2718 400 59 20 dans
2793 404 46 16 une

2316 424 85 24 langue
2418 425 113 23 rajeunie,
2549 429 45 16 une
2612 423 136 22 réalisation
2765 425 75 21 scénl-

2318 454 45 19 que
2387 450 69 20 d'une
2479 450 90 24 grande
2594 450 139 25 originalité,
2758 451 79 20 devait

2315 475 50 20 être
2376 475 141 24 représenté,
2528 476 46 19 l'an
2586 476 98 24 dernier,
2695 482 31 14 au
2737 476 101 21 Théâtre

2316 501 28 20 de
2359 501 105 20 Verdure
2481 502 28 19 de
2525 501 159 25 l'Exposition,
2700 507 28 15 en
2746 502 84 24 présen-

2315 531 27 15 ce
2359 526 28 20 de
2404 527 23 20 la
2443 528 76 18 Reine
2535 527 87 20 Astrid.
2638 527 66 21 Dans
2721 533 46 15 une
2784 533 46 19 pen-

2315 551 39 20 sée
2366 553 134 22 touchante,
2511 557 59 15 ceux
2582 554 39 22 qui
2633 554 95 20 avaient
2740 559 29 14 eu
2782 554 47 19 l'ini-

2315 577 82 20 tiative
2412 578 27 21 de
2454 578 61 20 cette
2529 579 178 19 manifestation
2722 579 61 19 d'art
2797 580 42 19 ont

2315 602 70 20 voulu
2397 604 82 22 qu'elle
2492 604 38 18 fut
2542 602 90 21 révélée
2644 610 31 14 au
2688 605 78 23 public
2778 604 15 20 à
2806 610 32 14 un

2315 629 32 18 tel
2361 630 111 22 moment,
2487 629 82 23 qu'elle
2583 630 130 20 constituât
2727 635 32 15 un
2774 631 55 18 hom-

2313 657 69 20 mage
2394 654 68 23 pieux
2473 654 15 20 à
2500 656 23 18 la
2534 654 111 20 mémoire
2657 655 29 20 de
2697 656 62 19 Celle
2770 655 16 21 à
2797 656 40 23 qui

2314 678 43 20 elle
2374 678 59 20 était
2449 679 87 21 dédiée.

2339 703 66 20 Voici
2426 704 140 25 l'argument
2586 705 28 20 de
2634 706 61 20 cette
2728 706 108 20 moralité

2314 729 46 23 qui,
2372 734 91 17 comme
2475 731 78 19 toutes
2565 736 37 14 ses
2615 732 114 23 pareilles,
2741 732 46 19 tire
2799 738 38 14 ses

2314 755 72 19 effets
2403 756 53 20 d'un
2473 757 149 23 symbolisme
2639 757 79 20 verbal
2726 758 65 19 aussi
2798 757 32 19 im-

2315 781 165 23 pressionnant
2496 787 43 19 que
2555 783 69 21 facile
2640 782 15 20 à
2669 788 87 19 percer.
2772 783 67 23 Dieu,

2314 805 95 25 indigné
2422 807 28 19 de
2464 807 24 19 la
2499 808 109 19 conduite
2622 808 41 19 des
2675 809 113 23 hommes,
2801 814 28 14 or-

2314 831 76 19 donne
2401 830 16 21 à
2428 832 24 19 la
2463 832 62 20 Mort
2538 833 80 19 d'aller
2628 834 101 23 prendre
2741 835 87 19 Elcker-

2313 857 37 23 lyç
2364 856 71 21 (Tout
2436 857 124 22 -le-monde
2572 863 30 15 ou
2614 860 143 21 un-chacun)
2772 861 24 19 et
2808 860 28 19 de

2314 883 112 20 l'amener
2442 884 85 20 devant
2543 890 42 14 son
2593 885 109 19 tribunal.
2710 886 129 23 Elckerlyç,

2315 908 79 23 affolé,
2414 910 90 23 supplie
2512 915 38 14 ses
2557 910 105 26 proches,
2681 916 37 16 ses
2737 911 66 23 amla,
2812 912 27 18 de

2313 934 187 24 l'accompagner
2516 935 59 20 dans
2592 937 21 18 le
2629 937 95 20 terrible
2741 942 95 19 voyage,

2313 960 61 21 mais
2388 961 53 18 tous
2455 966 25 15 se
2495 960 119 22 dérobent.
2627 962 20 19 Il
2662 962 97 24 implore
2774 963 63 19 alors

2313 990 28 14 sa
2351 985 81 24 Vertu,
2443 986 61 19 mais
2516 987 94 22 celle-ci,
2621 987 54 23 qu'il
2688 993 15 14 a
2714 988 54 19 bien
2780 989 47 19 mal-

2313 1009 88 25 menée,
2417 1011 119 23 n'accepte
2551 1011 52 24 qu'à
2619 1013 24 19 la
2658 1013 117 20 condition
2792 1019 44 18 que

2314 1040 26 14 sa
2361 1035 141 20 Conscience
2521 1042 26 15 se
2567 1038 86 23 purifie
2674 1043 42 18 par
2736 1039 24 19 la
2778 1039 49 19 Con-

2314 1061 88 20 fession
2416 1062 24 19 et
2453 1062 55 23 qu'il
2522 1063 64 21 fasse
2599 1063 161 21 humblement
2773 1063 55 25 péni-

2314 1086 66 20 tence
2395 1091 59 19 pour
2469 1092 38 15 ses
2521 1086 92 26 péchés.
2627 1088 68 21 Voilà
2710 1090 60 19 donc
2785 1090 42 19 Elc-

2314 1111 79 24 kerlyç
2406 1113 39 22 qui
2460 1117 25 15 se
2499 1112 100 25 flagelle,
2612 1114 40 23 qui
2666 1114 65 21 revêt
2744 1115 24 19 la
2781 1115 55 20 robe

2324 1137 28 19 de
2363 1137 24 20 la
2398 1137 127 20 contrition
2538 1138 24 20 et
2573 1139 39 23 qui
2624 1144 26 15 se
2662 1140 74 24 dirige
2748 1145 53 15 vers
2813 1142 24 18 la

2314 1163 84 23 tombe,
2414 1165 158 23 accompagné
2591 1165 27 20 de
2637 1165 80 23 Force,
2735 1165 104 24 Sagesse,

2312 1188 90 20 Beauté
2415 1190 24 19 et
2450 1189 134 24 Cinq-Sens.

2339 1214 34 20 La
2387 1214 63 20 Mort
2464 1214 110 24 reparaît,
2588 1215 35 20 les
2638 1216 91 21 ombres
2744 1218 40 23 qui
2798 1217 30 20 l'a-

2314 1240 79 19 vaient
2405 1240 60 19 suivi
2478 1245 25 15 se
2516 1240 127 22 détachent
2656 1241 28 22 de
2696 1242 39 22 lui,
2748 1244 24 19 et
2785 1242 42 20 Elc-

2313 1264 87 24 kerlyç,
2418 1265 91 24 appuyé
2528 1271 42 16 sur
2586 1266 81 24 Vertu,
2685 1268 80 19 monte
2783 1273 53 14 vers

2313 1291 21 20 le
2351 1291 52 23 ciel,
2420 1290 94 25 purifié.

2339 1316 44 20 Les
2399 1315 105 25 épisodes
2520 1318 30 19 du
2567 1319 86 23 drame,
2668 1318 96 21 réalisés
2780 1319 58 20 dans

2315 1347 46 14 une
2385 1343 54 19 note
2463 1343 202 23 impressionniste
2689 1345 145 22 saisissante,

2313 1372 43 19 par
2367 1367 93 21 l'action
2471 1367 121 21 combinée
2604 1369 32 20 du
2647 1368 76 24 décor,
2735 1370 41 20 des
2787 1375 39 15 cos-

2313 1393 77 19 tumes
2407 1394 24 19 et
2449 1393 41 20 des
2507 1393 56 24 jeux
2580 1394 28 20 de
2625 1395 103 24 lumière,
2747 1395 89 21 étaient

2312 1418 118 24 soulignés
2448 1419 28 19 de
2493 1419 24 20 la
2532 1420 108 24 musique
2657 1421 41 20 des
2714 1423 122 24 Psaumes,

2312 1443 29 21 de
2352 1444 93 20 Roland
2457 1445 28 19 de
2495 1445 94 23 Lassus,
2601 1450 59 20 pour
2671 1447 81 19 chœur
2763 1447 24 20 et
2797 1452 29 19 pe-

2313 1470 30 20 tit
2363 1471 125 22 orchestre,
2496 1471 40 23 qui
2556 1472 34 19 les
2610 1473 98 19 entoura
2716 1473 67 19 d'une
2804 1474 25 18 at-

2312 1495 123 24 mosphère
2449 1496 217 23 iparticulièrement
2689 1497 145 22 émouvante.

2337 1520 45 22 Les
2396 1522 96 19 artistes
2506 1523 40 23 qui
2560 1523 170 20 collaborèrent
2743 1523 15 20 à
2773 1525 61 19 cette

2311 1545 187 24 représentation
2512 1553 25 15 se
2552 1548 73 20 firent
2639 1553 137 20 remarquer
2790 1555 44 19 par

2313 1573 50 18 leur
2370 1572 58 20 belle
2436 1573 88 22 diction
2543 1575 23 20 et
2584 1577 24 19 la
2615 1574 88 24 dignité
2721 1576 116 23 mystique

2312 1597 27 19 de
2354 1597 51 19 leur
2420 1598 70 21 tenue
2503 1598 120 25 scénique;
2641 1605 26 15 ce
2682 1602 55 18 sont
2754 1606 5 15 :
2777 1601 56 21 MM.

2311 1622 60 20 Jean
2393 1624 111 22 Bascour,
2527 1625 52 19 Piet
2614 1626 140 24 Savenberg,
2777 1628 56 19 Ane.

2311 1647 72 23 Maes,
2397 1649 41 19 Jef
2451 1649 98 20 Vanden
2565 1651 87 24 Eynde,
2668 1652 90 20 Gaston
2772 1653 52 20 Van-

2312 1673 44 20 den
2378 1674 84 23 Bosch,
2484 1675 21 21 J.
2528 1676 116 23 Wauters,
2667 1677 30 21 M.
2721 1678 111 24 Martens,

2311 1698 159 25 Haverkamp,
2489 1700 76 21 Mmes
2596 1702 86 20 Louiza
2714 1704 71 23 Eran,
2804 1705 28 18 R.

2311 1724 100 24 Impens,
2426 1725 86 21 Louiza
2528 1727 100 21 Soudan.
2643 1728 32 19 Le
2691 1728 69 21 décor
2775 1728 58 21 était

2311 1749 31 19 dû
2362 1749 15 20 à
2397 1749 90 21 Gérard
2508 1752 52 19 Van
2580 1753 60 24 Dyk,
2661 1755 33 18 les
2715 1755 118 20 costumes

2311 1775 105 20 dessinés
2435 1781 44 19 par
2499 1777 121 21 Elisabeth
2656 1779 132 21 Ivanowski
2809 1781 23 20 et

2310 1800 97 20 Charles
2428 1802 134 24 Godefroid,
2584 1804 33 20 les
2651 1810 117 19 masques,
2803 1807 29 20 de

2310 1826 76 21 Claire
2400 1827 131 25 Limbosch,
2545 1830 23 19 et
2581 1830 34 19 les
2629 1831 119 23 coiffures,
2762 1832 61 20 d'Irè-

2310 1856 29 14 ne
2353 1852 180 22 Vanderlinden.

2335 1877 32 19 Le
2380 1878 77 23 public
2471 1878 49 20 très
2533 1881 134 22 nombreux,
2681 1882 23 19 et
2718 1883 39 23 qui
2771 1888 51 15 com-

2309 1904 93 22 prenait
2413 1904 21 19 le
2445 1904 190 22 Tout-Bruxelles
2646 1907 41 19 des
2699 1908 132 24 premières,

2309 1933 16 14 a
2347 1929 218 22 chaleureusement
2586 1933 110 23 applaudi
2719 1939 27 14 ce
2768 1940 54 18 spec-

2310 1954 60 20 tacle
2381 1955 67 20 d'une
2460 1960 53 15 rare
2524 1956 90 24 beauté,
2625 1958 24 19 et
2659 1959 104 20 acclamé
2774 1965 57 15 avec

2310 1979 174 21 enthousiasme
2502 1982 33 19 les
2553 1983 139 24 interprètes
2723 1985 24 19 et
2776 1985 46 20 l'au-

2310 2004 53 20 teur
2374 2005 27 21 de
2412 2006 160 24 l'adaptation.

2536 2039 104 22 ♦#♦—

2877 1062 47 25 Les
2940 1063 113 29 insurgés
3069 1064 89 23 arabes
3174 1065 44 21 ont
3234 1061 85 28 établi,
3334 1062 65 23 dans
3420 1061 35 24 les
3477 1068 59 17 rues
3559 1062 32 23 de
3612 1062 76 29 Jaffa,
3711 1062 45 24 des
3780 1062 156 25 barricades-

2878 1091 146 29 composées
3042 1093 32 23 de
3093 1099 74 16 roues
3186 1093 31 22 de
3235 1091 147 27 charrettes,
3404 1091 31 23 de
3455 1090 137 30 poutrelles
3613 1091 32 23 de
3664 1091 41 29 fer
3724 1093 25 21 et
3769 1091 31 24 de
3822 1092 104 29 plaques

3338 1119 32 23 de
3385 1117 64 25 tôle.

2908 1192 73 33 LES
3022 1192 310 33 MERCURIALES

2317 2078 40 33 On
2375 2079 128 34 découvre
2521 2083 33 31 de
2573 2086 132 30 nouvelles
2724 2093 100 31 grottes

2503 2127 17 28 à
2540 2125 96 32 Dinant

2588 2197 96 24 Namur,
2706 2200 26 19 30
2752 2201 54 19 mai.

2336 2218 30 21 M.
2390 2219 65 23 Julee
2481 2220 98 26 Collard,
2604 2223 82 21 ancien
2710 2226 70 23 guide
2805 2226 27 20 de

2309 2246 89 21 grottes
2417 2246 149 27 dinantaises,
2584 2249 64 21 vient
2666 2251 27 19 de
2712 2250 121 21 découvrir

2309 2269 60 21 dans
2381 2273 20 19 le
2419 2272 63 19 flanc
2499 2273 27 20 de
2542 2274 23 19 la
2581 2275 127 24 Montagne
2723 2277 63 24 juste
2803 2283 29 14 en

2311 2295 53 20 face
2389 2297 40 19 des
2456 2298 80 20 autres
2560 2301 90 23 grottes
2677 2301 149 22 dénommées

2308 2327 11 12 «
2336 2322 33 19 La
2386 2322 158 22 Merveilleuse
2560 2331 19 17 >,
2594 2328 27 19 de
2636 2329 119 19 nouvelles
2770 2328 52 24 gale-

2309 2347 51 21 ries.
2377 2349 78 23 Ayant
2472 2351 81 20 creusé
2569 2357 31 15 un
2617 2353 63 24 puits
2697 2354 67 20 d'une
2781 2360 42 18 pro-

2308 2373 100 21 fondeur
2423 2376 27 18 de
2465 2376 25 19 12
2505 2381 29 15 m.
2550 2377 26 20 50
2587 2377 15 20 à
2617 2379 107 20 l'endroit
2737 2380 93 24 indiqué

2308 2404 90 18 comme
2416 2402 21 19 le
2454 2402 51 24 plus
2521 2403 121 21 favorable
2660 2410 42 20 par
2717 2406 33 19 les
2767 2407 55 18 oscil-

2308 2426 85 22 lations
2410 2427 26 21 de
2453 2429 23 18 la
2491 2428 110 24 baguette
2616 2430 184 25 radiesthésique
2816 2433 14 21 il

2309 2450 120 22 débeucha
2443 2454 58 19 dans
2516 2460 45 15 une
2576 2457 57 21 salle
2646 2457 124 23 grandiose
2786 2458 36 19 sui-

2309 2477 36 21 vie
2368 2479 100 20 d'autres
2492 2481 70 19 salles
2583 2491 25 4 —
2631 2487 30 14 au
2685 2483 95 20 nombre
2804 2483 27 19 de

2307 2503 53 24 cinq
2379 2514 26 4 —
2425 2505 28 19 de
2474 2506 142 20 dimensions
2636 2508 185 23 Impressionnan-

2307 2530 35 19 tes
2360 2530 23 19 et
2399 2531 67 19 dune
2483 2531 82 21 beauté
2582 2532 135 25 inégalable.
2734 2535 31 22 M.
2781 2535 41 20 Col-

2307 2555 51 19 lard
2375 2560 15 14 a
2405 2555 93 25 dépeint
2514 2558 34 19 les
2564 2559 69 19 salles
2648 2564 90 16 comme
2756 2561 74 19 extra-

2308 2581 183 21 ordinalrement
2510 2583 80 24 belles;
2611 2585 51 19 leur
2680 2586 102 20 richesse
2802 2591 28 14 en

2307 2607 130 22 stalactites
2462 2609 22 19 et
2508 2614 27 15 en
2560 2610 146 24 stalagmites
2730 2613 36 18 est
2789 2613 32 19 Im-

2307 2636 86 16 mense.

2307 2667 44 5 —
2526 2661 77 21 ♦•♦

2414 2693 304 48 MONITEUR

2485 2749 43 20 DU
2550 2751 25 19 31
2595 2751 58 19 MAI

1795 4130 34 31 Le
1850 4132 96 36 régime
1969 4132 44 31 des
2037 4134 100 32 devises
2158 4137 83 31 rendu

1769 4171 60 38 plus
1847 4174 88 29 sévère
1951 4184 91 22 encore
2057 4189 33 18 en
2108 4178 154 39 Allemagne

2060 4254 86 24 Berlin,
2161 4257 25 18 30
2199 4258 54 19 mai.

1785 4275 32 19 Le
1833 4276 87 23 régime
1938 4275 39 20 des
1994 4277 88 22 devises
2100 4285 29 14 en
2144 4279 136 28 Allemagne

1759 4300 63 20 vient
1840 4300 71 20 d'être
1928 4302 85 21 rendue
2032 4309 83 16 encore
2131 4307 51 23 plus
2199 4307 79 20 sévère

1758 4330 44 18 par
1821 4330 44 16 u.:e
1884 4325 59 21 série
1963 4327 181 24 d'ordonnances
2168 4332 110 21 lestinées

1758 4349 15 20 à
1788 4351 102 19 boucher
1904 4351 33 19 les
1953 4351 76 22 fuites.

1784 4375 99 24 Jusqu'à
1903 4374 99 26 présent,
2025 4380 15 19 il
2064 4379 58 22 était
2143 4383 86 22 permis
2250 4383 29 20 de

1759 4401 131 20 transférer
1907 4401 14 20 à
1938 4401 125 27 l'étranger
2081 4406 38 20 dix
2137 4408 82 19 marl.s
2236 4413 43 19 par

1758 4426 60 19 mois
1837 4428 24 18 et
1881 4431 43 19 par
1944 4432 113 18 personne
2078 4437 46 14 aux
2145 4433 133 20 Allemands

1758 4451 72 20 ayant
1846 4450 15 20 à
1877 4451 103 19 secourir
1995 4453 28 19 de
2024 4461 11 14 3
2053 4456 94 22 parents
2164 4458 82 19 vivant
2261 4458 15 19 à

1759 4476 130 25 l'étranger.
1923 4477 49 20 Une
2005 4480 92 22 récente
2130 4483 148 21 ordonnance

1758 4503 96 22 spécifie
1869 4508 44 18 que
1929 4504 58 19 cette
2003 4506 78 21 clause
2095 4513 29 14 ne
2139 4514 53 14 sera
2206 4510 63 23 appli-

1757 4526 65 20 cable
1836 4532 44 18 que
1895 4527 59 19 dans
1967 4527 21 19 le
2003 4534 40 20 cas
2056 4530 30 20 où
2101 4532 32 20 les
2149 4538 126 18 personnes

1759 4557 123 15 secourues
1903 4553 52 20 sont
1996 4555 40 20 des
2075 4559 96 22 parents
2192 4560 86 20 direcu

1761 4577 71 25 (père,
1858 4578 69 23 mère,
1951 4581 198 25 grands-parents,
2177 4585 102 22 enfants,

1759 4604 181 22 petits-enfants,
1958 4603 74 25 époux
2050 4612 30 15 ou
2096 4608 94 24 épouse)
2211 4610 27 20 de
2257 4611 22 18 la

1758 4633 114 18 personne
1892 4629 80 20 vivant
1992 4636 28 14 en
2040 4633 142 25 Allemagne.

1783 4653 50 20 Une
1850 4653 118 21 deuxième
1985 4657 146 22 ordonnance
2149 4660 84 22 refuse,
2250 4665 26 14 er

1758 4679 110 24 principe,
1892 4678 170 24 l'autorisation
2087 4684 130 24 d'emporter
2240 4690 38 15 ces

1759 4703 38 20 dix
1812 4704 81 19 marks
1909 4709 43 19 par
1969 4707 58 20 mois
2042 4708 47 19 s'ils
2106 4710 54 19 sont
2176 4709 103 20 destinés

1758 4728 15 19 à
1787 4734 72 19 payer
1876 4728 40 21 dés
1932 4730 81 22 achats
2029 4732 15 20 à
2061 4733 131 26 l'étranger.
2207 4735 20 20 Il
2242 4737 37 18 e3t

1759 4754 101 22 Interdit,
1878 4760 29 14 en
1925 4756 133 22 particulier
2073 4759 117 20 d'acheter
2208 4760 16 20 à
2241 4760 27 21 l'é-

1758 4779 96 24 tranger
1869 4780 41 19 des
1925 4781 174 23 marchandises
2116 4785 67 20 d'une
2200 4785 78 20 valeur

1758 4804 134 24 supérieure
1912 4804 15 20 à
1947 4805 38 20 dix
2006 4809 80 20 marks
2107 4811 24 18 et
2151 4811 28 19 de
2201 4811 76 20 tenter

1759 4829 28 20 de
1806 4830 97 24 liquider
1922 4831 60 19 cette
2002 4832 62 21 dette
2082 4839 28 15 en
2131 4837 88 22 payant
2238 4836 40 20 des

1760 4854 149 20 mensualités
1924 4854 77 24 égales
2014 4857 15 20 à
2043 4858 39 20 dix
2097 4860 87 20 marks.

1784 4880 62 20 C'est
1867 4881 60 19 ainsi
1948 4885 50 20 que,
2020 4883 150 25 dorénavant,
2194 4887 34 19 les
2247 4886 21 20 ci-

1758 4904 81 24 toyens
1857 4906 30 19 du
1904 4905 74 20 Reich
1994 4912 28 15 ne
2039 4911 113 21 pourront
2168 4911 52 23 plus
2236 4912 32 19 s'a-

1758 4929 89 21 bonner
1861 4930 15 20 à
1890 4930 41 20 des
1943 4931 115 22 journaux
2073 4936 23 18 et
2110 4935 15 20 à
2140 4935 40 20 des
2196 4941 82 15 revues

1759 4955 138 23 paraissant
1910 4955 15 20 à
1941 4955 123 27 l'étranger
2082 4961 24 18 ni
2124 4961 95 19 acheter
2237 4961 41 19 des

1759 4980 74 23 livres,
1851 4981 55 20 sauf
1929 4981 20 19 si
1979 4987 38 15 ces
2039 4984 170 21 abonnements
2224 4987 53 19 sont

1759 5006 48 23 pris
1821 5011 43 19 par
1878 5006 187 23 l'Intermédiaire
2084 5011 27 19 de
2127 5011 23 19 la
2165 5013 66 22 poste
2248 5011 29 19 du

1759 5031 80 20 Reich.
1858 5032 19 19 Il
1897 5032 36 19 est
1954 5031 129 25 également
2103 5036 96 20 Interdit
2220 5036 50 20 d'ex-

1760 5057 78 21 porter
1856 5061 38 15 ces
1913 5056 38 21 dix
1967 5059 82 19 marks
2067 5065 58 18 pour
2142 5062 135 19 constituer.

1758 5080 15 20 à
1787 5081 108 21 l'avance,
1913 5086 30 14 un
1960 5083 67 21 fonds
2044 5087 122 21 personnel
2184 5091 28 15 en
2229 5086 40 25 pré-

1759 5106 73 21 vision
1850 5107 53 19 d'un
1923 5111 87 21 voyage
2028 5109 118 22 ultérieur,
2154 5111 15 20 à
2188 5111 80 20 l'étran-

1758 5135 48 19 ger.
1824 5132 33 19 La
1874 5132 62 19 seule
1954 5132 117 23 tolérance
2088 5141 82 15 encore
2189 5136 89 20 admise

1759 5157 34 19 est
1816 5157 59 19 don.:
1893 5161 58 19 pour
1971 5156 32 22 les
2024 5164 126 19 personnes
2170 5161 106 20 habitant

1759 5180 20 19 le
1796 5181 74 20 Reich
1886 5182 23 19 et
1923 5183 98 22 partant
2037 5184 15 20 à
2068 5185 125 25 l'étranger
2209 5187 59 19 d'em-

1760 5208 79 21 porter
1859 5211 56 15 avec
1936 5211 43 15 eux
2018 5210 23 19 la
2080 5215 89 16 somme
2190 5212 28 20 de
2240 5212 38 19 dix

1759 5231 86 19 marks.

1783 5256 44 20 Les
1850 5256 148 23 dispositions
2020 5261 142 20 concernant
2183 5261 86 24 l'expor-

1760 5281 74 19 tation
1853 5282 40 19 des
1910 5280 95 22 métaux
2021 5284 107 24 précieux
2148 5288 54 18 sont
2219 5286 49 20 élar-

1759 5305 49 23 gies
1835 5306 16 20 à
1879 5307 53 18 tous
1952 5307 33 19 les
2012 5309 76 23 objets
2117 5311 64 23 quels
2211 5312 66 23 qu'ils

1758 5331 81 22 soient,
1862 5336 43 19 par
1926 5334 102 22 exemple
2051 5339 46 15 aux
2120 5341 107 14 anneaux
2250 5336 27 19 de

1760 5355 79 20 rideau
1853 5357 23 19 et
1889 5360 47 16 aux
1947 5357 96 25 plaques
2055 5360 148 20 indicatrices
2217 5360 51 20 d'au-

1760 5381 108 20 tomobile
1890 5386 29 15 en
1942 5386 32 17 or,
1996 5383 60 21 a'.nsl
2078 5385 84 25 qu'aux
2185 5386 93 19 miroirs

1760 5410 26 15 &•>
1804 5407 95 22 platine,
1933 5407 47 19 ceci
2012 5413 58 19 pour
2103 5410 122 24 empêcher
2245 5411 33 18 les

1758 5429 101 20 fraudes.

1784 5454 80 24 Enfin,
1895 5456 34 20 les
1960 5457 148 24 dispositions
2139 5460 138 20 Interdisant

1758 5480 161 24 l'exportation
1935 5481 40 20 des
1990 5488 100 17 sommes
2105 5486 129 23 provenant
2250 5485 27 20 de

1758 5505 166 24 l'exploitation
1942 5506 27 20 de
1985 5507 92 22 brevets
2096 5512 23 18 et
2135 5511 28 19 de
2178 5511 100 19 licences

1759 5531 171 19 commerciaux
1950 5534 53 18 sont
2021 5533 99 26 élargies
2140 5541 46 14 aux
2205 5536 73 19 droits

1757 5554 112 21 d'auteur.
1886 5554 115 23 Quelques
2018 5559 133 23 exceptions
2168 5560 55 19 sont
2239 5564 26 15 ce-

1759 5580 103 23 pendant
1875 5580 98 25 prévues
1985 5587 60 20 pour
2057 5585 118 20 certaines
2187 5585 92 25 catégo-

2482 2803 174 20 MINISTERE

2338 2827 58 19 DES
2416 2828 154 21 AFFAIRES
2589 2830 209 21 ETRANGERES

2319 2852 40 19 ET
2377 2853 42 20 DU
2438 2853 176 21 COMMERCE
2634 2855 184 21 EXTERIEUR

2319 2877 41 20 ET
2382 2878 176 22 MINISTERE
2579 2881 61 19 DES
2662 2882 156 20 FINANCES

2334 2903 31 19 Le
2390 2909 11 12 «
2409 2904 119 19 Moniteur
2535 2911 11 12 »
2579 2906 77 24 publie
2688 2912 32 15 un
2751 2908 79 19 arrêté

2306 2930 63 21 royal
2386 2929 80 19 relatif
2481 2929 15 20 à
2513 2931 23 19 la
2551 2932 52 19 taxe
2620 2932 27 19 de
2665 2932 163 20 transmission

2304 2953 16 19 à
2337 2954 172 23 l'importation.

2327 2986 174 20 MINISTERE
2523 2988 59 20 DES
2605 2989 201 21 TRANSPORTS

2331 3012 31 19 Le
2377 3018 12 12 «
2397 3013 117 19 Moniteur
2523 3021 10 11 _>
2552 3014 76 25 pub'le
2644 3020 31 14 un
2692 3016 77 22 arrêté
2786 3016 33 18 mi-

2306 3037 102 22 nistériel
2431 3039 125 21 modifiant
2577 3039 92 21 l'arrêté
2692 3041 136 20 ministériel

2306 3063 30 19 du
2357 3064 25 19 10
2403 3063 121 22 décembre
2544 3066 50 19 1919
2615 3066 79 20 relatif
2713 3072 46 15 aux
2778 3067 41 20 bre-

2304 3090 51 18 vets
2377 3090 126 24 d'aptitude
2526 3096 29 15 ou
2576 3092 99 19 licences
2696 3093 39 21 des
2756 3098 62 14 mem-

2306 3115 51 19 bres
2390 3116 30 19 du
2452 3118 123 22 personnel
2600 3120 28 19 de
2653 3119 109 20 conduite
2787 3120 40 19 des

2304 3140 115 23 aéronefs.

2352 3173 173 21 MINISTERE
2545 3175 60 20 DES
2626 3176 154 20 FINANCES

2331 3198 32 20 Le
2393 3205 11 12 «
2411 3200 119 20 Moniteur
2537 3207 11 12 »
2584 3202 76 24 publie
2689 3207 31 16 un
2750 3202 77 20 arrêté

2305 3226 64 22 royal
2393 3226 79 19 relatif
2495 3231 31 14 au
2549 3227 68 19 mode
2642 3228 27 19 de
2693 3228 133 23 perception

2305 3251 40 18 des
2368 3251 73 22 droits
2463 3252 27 20 de
2513 3252 91 22 timbre.

2331 3276 31 19 Le
2395 3283 11 12 a:
2414 3277 117 19 Moniteur
2539 3285 11 12 >
2582 3279 77 23 publie
2692 3284 31 15 un
2749 3279 77 20 arrêté

2305 3304 63 21 royal
2392 3303 79 19 relatif
2491 3302 16 20 à
2528 3303 136 21 l'exécution
2687 3306 27 19 de
2735 3305 91 20 l'arrêté

2304 3329 63 22 royal
2388 3329 30 19 du
2438 3329 25 19 31
2483 3334 64 15 mars
2567 3330 57 23 1936,
2644 3333 25 16 n"
2688 3331 44 25 291,
2751 3335 28 16 en
2798 3335 27 15 ce

2303 3354 40 23 qui
2367 3359 113 15 concerne
2503 3356 20 19 le
2549 3354 87 25 régime
2659 3350 73 26 fiscal'
2752 3357 27 19 de
2803 3358 23 19 la

2304 3380 71 23 petite
2396 3379 124 25 propriété.

2330 3405 36 21 En
2386 3407 58 19 veici
2464 3408 33 18 les
2516 3407 94 20 articles
2628 3408 136 24 principaux
2775 3413 5 14 :

2328 3431 87 23 Article
2432 3432 37 20 1".
2485 3432 57 20 Sont
2558 3432 61 21 fixé.?
2633 3434 60 19 ainsi
2708 3433 54 25 qu'il
2778 3434 47 19 suit

2303 3457 34 19 les
2359 3462 98 15 revenus
2479 3458 140 20 cadastraux
2641 3459 103 20 maxlma
2765 3458 60 21 visés

2302 3482 15 20 à
2337 3484 95 19 l'article
2452 3484 26 19 22
2498 3484 27 21 de
2544 3485 23 19 la
2586 3485 31 19 loi
2637 3486 30 18 du
2687 3486 25 18 11
2731 3486 93 19 octobre

2303 3509 51 19 1919
2377 3512 23 18 et
2424 3509 15 20 à
2463 3510 96 19 l'article
2583 3511 32 18 1"
2640 3511 28 20 de
2692 3512 23 19 la
2738 3512 31 21 loi
2794 3511 30 19 du

2301 3535 25 19 21
2343 3536 47 18 mai
2408 3536 57 22 1897,
2482 3540 89 20 pourvu
2588 3541 51 19 que,
2657 3538 58 18 dans
2731 3542 27 14 ce
2775 3536 40 19 der-

2303 3561 51 19 nier
2380 3566 46 17 cas,
2451 3562 15 19 il
2491 3567 12 14 s
2511 3562 77 23 agisse
2613 3563 27 19 de
2665 3564 84 22 petites
2774 3568 43 18 pro-

2302 3585 86 25 priétés
2411 3587 89 19 rurales
2523 3591 153 20 comprenant
2697 3588 16 20 à
2734 3590 24 18 la
2779 3589 45 19 fois

2302 3612 40 19 des
2360 3612 127 20 bâtiments
2506 3615 23 19 et
2548 3614 40 19 des
2604 3614 107 22 terrain.?,
2729 3614 78 19 savoir
2815 3619 6 13 :

2327 3638 22 19 1°
2367 3638 102 24 Lorsque
2488 3639 138 20 l'immeuble
2644 3641 80 22 acquis
2742 3641 35 19 est
2795 3640 20 19 si-

2302 3663 39 21 tué
2363 3666 58 19 dans
2442 3669 44 16 un;?
2508 3670 123 18 commune
2651 3666 27 20 de
2700 3666 75 19 moins
2796 3665 27 20 de

2301 3690 58 21 5,000
2378 3690 125 24 habitants,
2522 3691 57 20 1.500
2597 3692 89 23 francs;

2329 3715 22 19 2°
2374 3715 102 24 Lorsque
2499 3718 38 18 cet
2558 3717 124 20 immeuble
2706 3719 35 18 est
2764 3717 60 20 situé

2303 3741 58 19 dans
2383 3746 44 15 une
2449 3747 123 17 commune
2593 3743 27 19 de
2641 3743 58 21 5,000
2719 3742 15 20 à
2754 3743 71 21 30.000

2302 3766 120 21 habitants
2445 3768 187 23 exclusivement,
2646 3787 6 8 (
2654 3769 58 19 2.500
2733 3769 89 22 franco;

2326 3792 22 19 3''
2366 3793 110 23 Lorsqu'il
2495 3795 34 18 est
2547 3793 60 20 situé
2625 3794 58 19 dans
2700 3800 46 14 une
2762 3798 52 16 com-

2301 3823 70 15 mune
2391 3820 27 19 de
2438 3819 71 20 30.000
2528 3820 121 20 habitants
2668 3821 23 21 et
2708 3820 57 24 plus,
2783 3825 31 14 au-

2300 3845 36 19 tre
2355 3849 44 19 que
2417 3846 33 20 les
2470 3850 135 15 communes
2625 3845 74 20 visées
2717 3844 105 25 ci-après,

2301 3870 58 22 3,000
2377 3871 89 21 francs;

2326 3896 23 19 4°
2367 3896 111 24 LîTsqu'il
2497 3897 35 20 est
2548 3897 62 21 situé
2627 3897 58 20 dans
2701 3902 44 14 une
2763 3901 51 15 com-

2302 3926 70 17 mune
2392 3922 27 19 de
2439 3922 200 23 l'agglomération
2659 3923 117 21 d'Anvers,
2795 3922 28 19 de

2300 3947 127 23 Bruxelles,
2448 3948 27 20 de
2494 3947 68 21 Gand
2582 3950 24 19 et
2624 3950 27 19 de
2671 3947 75 26 Liège,
2765 3948 57 21 3.500

2301 3973 86 20 francs.

2328 3999 49 19 Art.
2394 4000 18 18 2.
2431 3999 112 23 Lorsqu'il
2562 4000 68 23 s'agit
2649 4000 27 19 de
2695 3998 128 25 propriétés

2303 4025 89 19 rurales
2416 4030 28 14 ne
2470 4027 153 21 comprenant
2647 4030 43 19 que
2716 4025 39 19 des
2779 4025 36 19 ter-

2302 4050 70 21 rains,
2398 4051 20 18 le
2443 4056 86 15 revenu
2554 4051 117 19 cadastral
2696 4050 126 20 maximum

2300 4076 49 19 visé
2366 4075 16 20 à
2398 4077 96 21 l'article
2512 4077 31 18 1"
2561 4078 27 18 de
2603 4078 22 19 la
2642 4077 29 19 loi
2688 4077 30 19 du
2733 4076 26 19 21
2774 4076 48 19 mai

2301 4102 50 19 1897
2368 4103 36 19 est
2420 4101 47 20 fixé
2482 4102 15 19 à
2511 4103 58 20 1,500
2585 4103 86 21 francs,
2687 4102 74 23 quelle
2778 4106 45 19 que

2300 4128 48 20 soit
2371 4128 24 19 la
2417 4132 122 16 commune
2563 4128 28 19 de
2614 4128 23 18 la
2659 4127 112 20 situation
2796 4127 27 20 de

2301 4152 138 22 l'immeuble
2457 4154 87 23 acquis.

2453 4184 215 20 NOMINATIONS

2329 4210 57 20 Sont
2409 4209 105 20 nommés
2525 4215 5 14 :

2328 4236 123 20 Directeur
2469 4236 27 19 de
2514 4235 209 23 l'enregistrement
2742 4238 22 20 et
2784 4237 39 19 des

2303 4262 126 22 domaine-*,
2453 4260 99 20 affaires
2576 4260 126 25 générales,
2728 4262 15 19 à
2766 4263 49 19 Bru-

2300 4287 78 22 xelles,
2400 4287 29 20 M.
2451 4287 50 19 Van
2523 4287 40 19 der
2583 4287 98 25 Vennet,
2702 4288 66 24 C.-A-j
2791 4288 23 20 di-

2301 4312 91 20 recteur
2412 4313 30 19 du
2462 4311 89 23 timbre,
2570 4311 15 20 à
2604 4313 128 23 Bruxelles;

2327 4337 123 20 Directeur
2479 4337 30 19 du
2538 4338 84 19 timbre
2652 4337 16 20 à
2696 4339 127 23 Bruxelles,

2301 4363 30 20 M.
2357 4363 152 21 Jonckheere,
2537 4363 106 23 H.-F.-A.,
2671 4364 95 20 docteur
2794 4369 27 14 en

2301 4388 67 21 droit,
2388 4389 115 20 directeur
2523 4389 27 19 de
2570 4390 209 23 l'enregistrement
2799 4391 23 19 et

2301 4414 40 19 des
2361 4413 119 21 domaines
2497 4413 16 19 à
2530 4414 105 23 Hasselt;

2326 4440 124 19 Directeur
2467 4440 27 20 de
2513 4440 208 24 l'enregistrement
2741 4444 22 17 et
2783 4442 40 19 des

2302 4466 119 21 domaines
2444 4464 16 20 à
2482 4465 102 22 Hasselt,
2607 4466 30 20 M.
2660 4467 107 21 Rcusset,
2791 4468 32 18 H-

2300 4492 37 19 M..
2355 4491 132 23 inspecteur
2506 4491 28 20 de
2552 4491 31 19 1"
2603 4492 73 20 classe
2697 4493 27 19 de
2742 4493 72 19 l'enre-

2300 4517 138 23 gistrement
2452 4518 23 18 et
2493 4517 39 19 des
2541 4517 127 19 -domaines
2685 4517 15 20 à
2715 4518 105 23 Hasselt;

2327 4543 149 23 Inspecteurs
2498 4542 27 20 de
2549 4542 21 19 2"
2594 4542 74 21 cla.se
2693 4545 27 19 de
2744 4544 69 19 l'enre-

2300 4568 137 23 gistrement
2456 4570 23 19 et
2499 4567 40 19 des
2558 4569 52 18 dom
2621 4568 62 21 .ine*?.
2702 4569 56 22 MM.
2778 4569 43 19 De-

2301 4593 109 25 meuldre.
2436 4593 105 22 A.-A.-H.,
2566 4595 23 18 et
2612 4594 124 23 Becquart,
2759 4595 64 23 A-J.,

2299 4617 164 21 vérificateurs
2487 4619 28 19 de
2537 4618 13 19 l
2552 4621 7 8 r
2561 4620 8 9 "
2593 4618 74 21 classe
2692 4620 27 20 de
2742 4621 70 19 l'enre-

2300 4644 138 23 gistrement
2461 4645 24 19 et
2508 4644 39 19 des
2571 4644 119 20 domaines
2714 4646 98 23 respecti-

2300 4671 94 19 vement
2415 4669 16 20 à
2452 4669 121 28 Bruxelles
2595 4674 23 18 et
2637 4669 16 20 à
2675 4671 74 21 Gand.

2342 4702 174 19 MINISTERE
2534 4701 43 20 DE
2595 4702 38 18 LA
2652 4702 125 21 JUSTICE

2313 4727 41 19 ET
2376 4727 173 20 MINISTERE
2572 4727 60 19 DES
2656 4728 153 20 FINANCES

2326 4752 32 21 Le
2394 4753 154 19 «Moniteur»
2578 4753 77 23 publie
2685 4759 30 14 un
2744 4753 77 20 arrêté

2300 4780 63 22 royal
2381 4778 78 20 relatif
2472 4777 15 20 à
2501 4779 25 18 la
2540 4778 134 24 perception
2690 4780 41 18 des
2748 4779 73 19 droits

2300 4804 28 19 de
2349 4804 83 23 greffe,
2457 4804 26 20 de
2507 4803 83 20 timbre
2615 4804 23 19 et
2662 4804 149 24 d'enregistre-

2298 4832 64 18 ment
2381 4831 30 18 et.
2419 4828 15 20 à
2450 4831 24 18 la
2490 4831 68 19 tenue
2576 4829 41 20 dee
2634 4830 110 23 registres
2762 4830 58 19 dans

2299 4855 33 19 les
2349 4855 94 23 greffes.

2300 4884 173 20 MINISTERE
2503 4884 43 19 DE
2575 4883 246 22 L'AGRICULTURE

2325 4911 31 19 M.
2386 4911 103 21 Lievens,
2518 4910 211 23 Firmln-Clément,
2759 4910 53 25 ingé-

2301 4936 200 23 nieur-agronome
2520 4935 15 20 à
2555 4936 125 22 Breedene,
2701 4940 36 18 est
2758 4942 54 14 nom-

2300 4961 37 20 mé
2358 4962 121 19 conseiller
2501 4962 27 18 de
2548 4961 140 21 zootechnie.

2332 4987 172 20 MINTSTFRE
2524 4987 44 19 DE
2587 4986 200 21 L'INTERIEUR

2326 5012 30 21 M.
2378 5013 50 20 Van
2453 5012 146 21 Oudenhove,
2620 5013 29 22 J.,
2671 5014 35 18 est
2729 5011 92 21 nommé

2299 5038 160 23 b'urgm_:stre
2477 5038 27 19 de
2520 5038 22 19 la
2559 5041 121 16 commune
2698 5039 28 19 de
2742 5038 78 19 Steen-

2300 5064 221 23 huyÊe-Wynhuyse,
2546 5062 198 21 arrondissement
2771 5063 42 21 d'A-

2301 5090 49 19 lost.
2375 5093 28 15 en
2426 5088 181 20 remplacement
2631 5088 28 21 de
2683 5089 30 19 M.
2736 5088 85 23 Margi-

2300 5117 45 19 net.
2370 5115 34 22 R„
2428 5113 196 21 démissionnaire.

2325 5140 43 20 Est
2380 5138 112 25 .acceptée
2507 5140 22 19 la
2546 5137 124 21 démission
2688 5139 26 20 de
2730 5139 31 21 M.
2776 5139 44 18 Pa-

2298 5165 51 23 tljn.
2368 5165 35 21 N„
2424 5166 27 19 de
2471 5170 38 15 se,?
2528 5163 117 20 fonctions
2666 5165 26 18 de
2713 5164 97 19 commis-

2298 5191 61 20 saire
2376 5191 28 20 de
2421 5191 71 24 police
2511 5190 27 20 de
2552 5190 23 19 la
2592 5189 52 22 ville
2659 5190 27 19 de
2703 5189 74 19 Gand.

2324 5216 20 21 Il
2364 5217 37 18 est
2421 5214 101 21 autorisé
2543 5214 16 20 à
2579 5219 124 15 conserver
2722 5216 21 18 le
2765 5214 54 20 titre

2299 5242 46 18 bon
2349 5241 44 19 'rif
2394 5241 52 19 loue
2470 5241 26 20 de
2518 5245 41 14 son
2584 5240 90 20 emploi.

2313 5266 186 19 Gouvernement
2524 5265 127 20 nrovir.rlal
2677 5265 29 21 de
2731 5264 75 25 Liège.

2495 5291 125 19 Fxamens.

2324 5316 51 20 Une»
2393 5316 87 20 session
2499 5317 132 19 d'examens
2647 5321 58 19 pour
2721 5316 91 19 l'admis-

2298 5341 85 20 sibilité
2404 5342 57 19 dans
2480 5343 34 18 1er?
2533 5346 134 15 communes
2688 5341 132 21 flamandes

2300 5367 27 19 de
2349 5368 23 18 la
2394 5367 109 19 nrovinre
2524 5371 45 15 aux
2591 5366 97 24 emplois
2710 5370 27 18 de
2759 5373 52 15 rece-

2299 5396 57 16 veur
2380 5390 102 25 régional
2505 5391 113 21 s'ouvrira
2642 5393 57 20 dans
2723 5396 21 20 le
2768 5398 43 16 cou-

2298 5419 54 18 rant
2372 5417 29 19 du
2418 5416 60 20 mois
2496 5417 27 20 de
2541 5417 49 22 luin
2606 5417 58 22 1938.
2684 5418 67 21 (Voir
2767 5424 43 16 con-

2300 5441 85 22 ditions
2408 5447 32 14 au
2463 5447 12 14 *
2483 5442 116 21 Moniteur
2606 5443 32 22 ■**>).

2883 1273 97 23 ALOST,
3003 1274 23 18 30
3046 1274 51 21 mai.
3116 1284 25 4 —
3162 1275 82 17 Beurre
3265 1273 80 20 crème,
3367 1273 20 18 le

2859 1294 22 18 k.
2883 1308 6 7 t
2908 1295 23 18 19
2950 1300 6 17 ;
2975 1295 26 18 de
3018 1296 76 21 ferme,
3113 1296 24 18 17
3157 1301 5 16 ;
3181 1296 66 19 œufs,
3267 1300 28 17 d.,
3312 1295 44 21 0,58
3371 1294 15 19 à

2859 1317 43 21 0,40
2924 1321 5 16 ;
2951 1318 91 20 poulets,
3061 1318 83 22 couple,
3163 1318 24 18 28
3204 1318 14 17 à
3236 1314 50 24 32";
3306 1317 79 22 lapins,

2860 1338 19 18 le
2896 1338 30 22 k.,
2944 1338 12 19 7
2972 1339 14 18 à
3003 1340 13 18 8
3036 1344 6 16 ;
3061 1340 79 18 viande
3158 1340 26 18 de
3201 1340 64 17 bœuf
3282 1343 55 14 avec
3352 1343 32 16 os,

2859 1360 20 18 le
2894 1361 30 21 k.,
2942 1362 22 18 15
2983 1371 5 5 .
3005 1366 53 13 sans
3074 1366 32 17 os,
3123 1363 23 17 17
3165 1366 6 17 ;
3187 1362 81 17 viande
3284 1361 26 18 de
3325 1365 59 18 porc,

2859 1381 23 19 16
2907 1386 5 17 ;
2944 1384 114 22 porcelets,
3090 1383 49 23 prix
3168 1388 41 18 par
3237 1383 84 23 couple,
3350 1382 36 18 4_50

2858 1404 14 18 à
2885 1405 42 17 550.

2882 1426 92 19 TPRES
2996 1427 24 19 30
3033 1427 51 19 mal.
3099 1437 23 5 —
3135 1427 112 23 Froment,
3261 1427 32 18 les
3308 1427 35 19 100
3355 1427 29 21 k.,

2859 1448 35 18 102
2910 1449 14 17 à
2942 1449 34 18 104
2997 1454 5 16 ;
3022 1450 74 21 seigle,
3115 1450 24 21 75
3156 1450 14 18 à
3188 1450 24 19 78
3233 1454 5 16 ;
3258 1449 85 21 avoine,
3362 1449 24 18 90

2858 1470 15 18 à
2887 1470 24 18 92
2930 1475 5 17 ;
2951 1475 51 18 orge
3020 1472 25 17 de
3061 1471 123 22 brasseurs,
3201 1471 24 18 92
3239 1471 15 18 à
3269 1471 24 19 95
3310 1476 6 16 ;
3332 1475 52 18 orge

2859 1493 135 22 fourragère,
3009 1494 23 18 83
3046 1493 14 18 à
3073 1494 24 18 86
3114 1498 5 17 ;
3136 1494 53 23 pois,
3205 1493 35 19 102
3251 1493 15 18 à
3281 1493 33 19 105
3332 1497 5 17 ;
3353 1493 23 18 fé-

2861 1515 90 21 veroles,
2970 1516 24 17 96
3011 1516 15 17 à
3044 1516 24 18 98
3090 1521 5 15 ;
3116 1520 97 18 pommes
3233 1516 27 17 de
3278 1517 65 20 terre,
3363 1515 24 18 40

2858 1537 15 17 à
2888 1537 24 18 45
2931 1542 5 16 ;
2954 1537 84 22 beurre,
3055 1538 20 18 le
3091 1538 30 20 k.,
3130 1538 31 18 .16
3176 1538 15 18 à
3208 1538 23 18 17
3250 1542 6 16 ;
3272 1538 66 21 œufs,
3356 1542 28 18 p.,

2858 1559 42 21 0,35
2915 1559 13 18 à
2943 1560 44 18 0.38
3005 1565 5 16 ;
3027 1560 114 22 porcelets,
3158 1565 28 18 p.,
3202 1560 34 18 140
3251 1560 14 18 à
3281 1560 33 18 180
3333 1564 5 16 ;
3356 1560 28 18 ld.

2858 1581 20 18 le
2893 1581 30 21 k.,
2938 1582 44 19 6.50
3000 1587 6 15 ;
3024 1582 65 23 paille
3104 1583 26 17 de
3147 1583 104 20 froment,
3268 1582 23 18 15
3306 1582 14 18 à
3336 1582 22 19 17
3377 1586 6 17 ;

2857 1603 27 18 de
2900 1603 68 23 seigle
2995 1604 22 21 le
3035 1604 14 18 à
3067 1604 24 18 20
3111 1609 5 16 ;
3136 1604 107 21 d'avoine,
3263 1605 21 17 13
3301 1604 14 18 à
3334 1604 23 18 16
3377 1607 6 16 ;

2858 1625 79 23 d'orge,
2953 1625 22 18 12
2987 1626 14 17 à
3014 1627 23 17 15
3052 1633 6 5 *
3074 1626 45 18 foin
3133 1627 26 17 de
3174 1626 86 22 prairie,
3275 1627 23 17 25
3310 1626 14 18 à
3337 1626 24 18 28
3378 1630 5 17 ;

2858 1647 46 18 foin
2920 1648 27 17 de
2962 1648 72 22 trèfle,
3051 1648 23 18 35
3089 1648 14 18 à
3118 1648 24 18 35
3161 1653 5 16 ;
3184 1648 46 17 foin
3246 1648 26 18 de
3288 1648 95 20 luzerne,

2857 1669 24 18 38
2897 1669 14 18 à
2928 1670 23 18 40
2972 1674 5 16 ;
2996 1670 29 18 lin
3044 1670 58 20 brut,
3121 1670 23 18 74
3161 1670 14 18 à
3193 1670 24 18 78
3238 1674 5 16 ;
3262 1670 77 22 graine
3357 1670 26 17 de

2857 1691 66 18 trèfle
2941 1692 117 21 ordinaire,
3078 1693 23 17 16
3119 1692 13 18 à
3152 1693 23 17 19
3196 1696 6 17 ;
3222 1692 29 18 id.
3271 1692 71 21 blanc,
3362 1691 23 18 20

2858 1712 13 18 à
2886 1713 24 17 22
2927 1718 5 16 ;
2948 1713 29 18 ld.
2993 1714 86 21 bâtard,
3095 1714 23 18 19
3133 1714 14 18 à
3161 1714 23 18 23
3203 1718 5 16 ;
3225 1713 29 19 Id.
3269 1718 68 18 rouge
3352 1714 22 18 in-

2857 1735 85 21 carnat,
2963 1736 22 17 14
3001 1736 14 18 à
3034 1736 22 17 16
3078 1740 5 16 ;
3103 1736 29 18 U,
3151 1736 64 18 blanc
3233 1736 109 21 incarnat,
3362 1736 21 17 15

2856 1756 15 19 à
2892 1757 23 18 18
2938 1761 6 17 ;
2967 1757 125 19 betteraves
3114 1757 141 23 fourragères
3285 1758 31 18 les
3339 1758 46 18 1000

2858 1778 62 21 kilos,
2935 1779 24 19 75
2973 1779 14 18 à
3001 1780 30 18 80.

2881 1800 102 23 MENIN,
3004 1802 24 19 30
3047 1802 52 18 mai.
3120 1811 23 5 —
3163 1802 89 20 Reurre,
3273 1802 20 18 le
3314 1802 27 21 k.,
3362 1802 22 17 14

2856 1822 14 18 à
2886 1823 23 17 16
2928 1827 6 17 ;
2950 1824 66 23 œufs,
3033 1828 27 18 p.,
3077 1824 43 20 0,28
3138 1828 6 15 ;
3162 1828 97 18 pommes
3275 1824 26 18 de
3316 1824 66 20 terre,

2856 1845 21 17 le
2893 1844 29 21 k.,
2940 1845 43 20 0,70
3004 1850 5 16 ;
3029 1846 29 17 ld.
3076 1846 119 22 nouvelles,
3214 1846 43 19 2.25
3278 1850 6 16 ;
3303 1846 79 22 lapins,

2856 1871 28 18 p.,
2899 1867 23 17 14
2934 1866 15 18 à
2962 1867 24 18 20
3002 1872 6 15 ;
3024 1868 81 22 poules,
3120 1872 28 18 p..
3164 1868 23 18 10
3198 1868 15 17 à
3228 1868 21 18 16
3267 1878 5 5 -
3287 1868 94 22 poulets,

2857 1893 28 18 p.,
2901 1889 22 17 13
2935 1889 15 18 à
2963 1889 23 18 21
3004 1894 5 15 ;
3026 1890 96 22 pigeons,
3137 1890 48 18 4.50.

2887 1911 121 21 BRUGES,
3034 1911 23 18 Z0
3082 1912 52 18 mal.
3160 1921 23 4 —
3210 1912 112 21 Froment,
3350 1911 33 18 les

2855 1933 34 18 100
2901 1933 29 22 k.,
2944 1933 34 18 1C7
2990 1934 14 17 à
3016 1933 35 19 108
3068 1938 5 15 :
3087 1934 75 21 seigle,
3175 1934 24 18 75
3213 1940 6 16 ;
3233 1933 85 21 avoine.
3332 1934 24 18 95
3367 1933 15 18 à

2855 1954 23 18 96
2896 1959 5 15 :
2916 1959 53 17 orge
2983 1955 117 22 brasserie,
3115 1956 24 18 90
3157 1960 5 16 ;
3180 1960 51 17 orge
3245 1955 137 22 fourragère,

2853 1976 24 18 80
2895 1981 5 16 ;
2915 1976 115 20 féveroles.
3045 1977 23 18 90
3085 1982 5 15 ;
3106 1978 53 21 pois,
3175 1977 33 19 108
3221 1978 14 17 à
3250 1978 35 18 112
3302 1982 5 16 ;
3323 1977 49 22 grai-

2855 2002 27 14 ne
2900 1998 26 18 de
2944 1998 36 22 lin,
2999 2000 35 17 150
3050 1999 14 18 à
3081 2000 34 18 155
3135 2004 5 16 ;
3159 2004 97 18 pommes
3273 2000 26 17 de
3316 2000 66 19 terre,

2856 2020 23 18 45
2898 2020 14 18 à
2930 2020 23 18 55
2975 2025 6 16 ;
3002 2021 64 21 paille
3085 2021 26 18 de
3131 2022 103 19 froment,
3256 2022 22 17 16
3297 2021 14 18 à
3331 2021 23 18 18
3376 2026 5 16 ;

2856 2042 64 21 paille
2934 2043 27 17 de
2975 2043 75 22 seigle,
3067 2044 21 17 16
3103 2044 14 17 à
3133 2044 22 18 18
3172 2048 5 15 ;
3193 2043 65 23 paille
3273 2044 108 20 d'avoine,

2855 2064 22 18 14
2893 2064 14 17 à
2924 2064 22 18 16
2966 2069 6 16 ;
2990 2065 64 22 paille
3070 2065 81 22 d'orge,
3169 2066 22 17 14
3206 2065 15 18 à
3237 2066 22 18 16
3280 2070 5 14 :
3303 2065 78 18 beurre

2855 2086 27 17 de
2897 2086 76 21 ferme.
2991 2087 21 18 15
3026 2087 15 17 à
3056 2087 23 18 18
3097 2092 5 15 ;
3119 2087 66 20 œufs,
3202 2092 28 17 p.,
3243 2088 50 18 0.35.

2879 2108 111 21 NAMUR,
3010 2109 24 19 îo
3051 2109 52 18 mal.
3122 2118 24 5 —
3164 2110 112 19 Froment,
3296 2110 32 17 les
3349 2109 33 18 100

2855 2130 63 21 kilos,
2940 2130 35 18 104
2999 2141 5 5 .
3024 2131 113 22 épeautre,
3159 2131 23 18 73
3206 2136 6 15 ;
3233 2132 74 22 seigle,
3328 2131 24 18 76
3376 2136 5 16 ;

2855 2152 79 17 avoine
2948 2150 100 24 blan'**-_e,
3064 2153 24 18 88
3104 2160 7 15 ;
3127 2158 60 17 orge.
3202 2153 24 18 77
3244 2158 6 15 ;
3266 2153 115 20 féveroles,

2854 2174 24 18 80
2893 2174 14 17 à
2922 2174 35 17 120
2977 2179 5 15 ;
3001 2178 98 19 pommes
3116 2175 26 18 de
3158 2176 66 18 terre.
3241 2175 23 18 50
3285 2180 5 14 :
3307 2175 74 24 paille,

2856 2196 53 20 IS*-»
2929 2200 5 16 ;
2951 2196 53 19 foin.
3021 2196 24 18 22
3062 2201 5 15 ;
3085 2197 84 21 beurre,
3187 2197 19 18 le
3221 2197 29 21 k.,
3267 2198 22 17 15
3304 2197 14 18 à
3333 2198 24 18 17
3376 2202 5 16 ;

2854 2218 66 21 œufs,
2936 2218 32 18 les
2984 2218 29 22 26,
3029 2219 12 18 9
3055 2219 14 17 à
3085 2218 28 19 10.

2879 2247 131 22 BATTICE,
3036 2247 23 18 30
3084 2248 51 20 mal.
3160 2257 24 5 —
3209 2248 86 18 Vaches
3320 2252 62 17 gras-

2855 2273 43 16 BeH,
2915 2268 20 19 le
2951 2269 27 21 k„
2995 2270 11 17 8
3021 2269 14 18 à
3050 2270 11 18 9
3080 2274 5 16 ;
3103 2270 81 18 vaches
3201 2270 89 22 pleines,
3307 2270 47 18 16o0
3367 2270 15 18 à

2854 2290 46 19 2650
2920 2295 5 16 ;
2943 2291 81 18 vaches
3041 2295 54 14 sans
3112 2292 109 21 garantie,
3238 2292 37 18 450
3288 2292 15 18 à
3318 2292 37 18 660
3374 2296 6 17 ;

2854 2312 120 40 fénissees,
2993 2313 46 19 1000
3055 2314 15 17 à
3088 2314 47 17 1700
3155 2318 5 16 ;
3178 2314 116 21 taureaux,
3314 2314 20 18 le
3352 2313 29 21 k.,

2869 2335 27 17 ,75
2910 2334 14 18 à
2939 2335 44 18 9.25
3001 2339 5 16 ;
3023 2339 73 14 veaux
3111 2336 26 17 de
3153 2336 87 22 prairie.
3256 2336 35 18 400
3305 2336 15 17 à
3334 2336 46 20 600;

2855 2359 62 20 porcs
2931 2357 103 21 maigres,
3049 2357 19 18 le
3082 2357 29 21 k.,
3126 2358 44 20 6-25
3183 2357 15 18 à
3210 2357 49 19 7.25.

2878 2386 153 20 VERVIERS.
3048 2386 24 18 30
3087 2386 52 18 mai.
3155 2396 25 4 —
3195 2387 82 18 Eeurre
3293 2387 27 18 de
3334 2387 38 18 cré-

2853 2407 74 21 merie.
2941 2408 23 18 IS
2979 2413 5 15 ;
2996 2408 28 18 de
3036 2408 77 21 ferme,
3128 2408 22 18 16
3165 2413 5 16 ;
3184 2409 66 21 œufs,
3264 2409 22 18 11
3301 2414 5 16 ;
3319 2412 51 18 -pom-

2854 2433 54 17 mes,
2925 2430 11 17 4
2950 2430 15 17 à
2979 2430 12 18 5
3010 2440 5 5 ■
3031 2430 88 20 raisins,
3135 2430 23 18 20
3177 2435 5 16 ;
3199 2431 112 21 poireaux,
3326 2431 52 22 0,25;

2854 2451 99 22 oignons.
2973 2449 42 21 1.50"
3035 2457 5 16 ;
3058 2453 104 19 carottes,
3181 2452 42 19 1.25
3242 2457 6 15 ;
3265 2453 73 18 choux
3354 2453 27 18 de

2854 2473 85 21 Savoie,
2957 2474 43 18 1.75
3019 2478 6 15 :
3042 2474 73 18 choux
3131 2475 66 20 verts,
3215 2475 43 18 1.50
3276 2479 6 16 ;
3297 2475 83 17 choux-

2854 2495 76 22 fleurs,
2949 2496 11 17 2
2980 2500 5 14 :
3003 2496 72 17 choux
3091 2500 72 16 raves,
3182 2497 42 17 1.50
3243 2501 5 16 ;
3267 2501 111 18 asperges,

2853 2517 43 18 4.75
2918 2521 5 17 ;
2944 2518 67 22 petits
3031 2518 52 22 pois,
3103 2518 12 18 8
3136 2523 5 15 ;
3162 2519 145 21 mange-tout,
3328 2519 22 17 12
3373 2523 5 16 ;

2853 2539 62 17 fèves
2933 2539 14 18 à
2964 2539 88 23 hacher,
3069 2540 13 18 5
3102 2545 5 16 ;
3126 2540 74 22 laitue,
3218 2540 44 19 0.50
3282 2545 5 16 ;
3305 2540 73 21 céleri,

2853 2560 43 19 0.75
2917 2564 6 17 ;
2942 2565 97 18 pommes
3056 2561 27 18 de
3101 2563 65 22 terre,
3184 2562 45 19 0.90
3245 2562 15 18 à
3277 2563 49 18 1.10.

3091 2592 38 19 _.«
3139 2592 19 19 .►

3612 1192 118 33 BOXE

2984 2627 67 35 LES
3072 2627 172 37 CHANGES

3171 2704 71 20 Paris.
3262 2705 24 18 30
3304 2705 51 18 mai.

2877 2725 103 19 Londres.
3005 2726 56 19 7505;
3086 2726 131 20 New-Tork.
3243 2727 55 20 1519;
3321 2727 49 18 Alle-

2854 2750 86 18 magne,
2963 2747 70 20 61150;
3061 2747 111 24 Belgique.
3198 2748 44 20 257;
3268 2749 110 21 Esoagne.

2853 2768 67 21 20725;
2940 2769 115 22 Hollande.
3076 2765 61 24 10-»;'
3150 2770 71 22 Italie,
3241 2770 66 22 11970;
3325 2771 44 17 Pra-

2853 2794 49 18 gue,
2918 2790 57 20 6290;
2993 2791 82 21 Suisse,
3092 2791 65 19 49075.

2876 2811 70 18 Cours
2964 2812 114 18 officieux.

3136 2862 104 22 Londres,
3262 2864 23 18 30
3304 2864 52 18 mai.

2877 2883 105 23 Belgique
3002 2885 37 18 (en
3057 2883 95 23 belgas),
3170 2884 70 21 29570;
3259 2885 65 19 Paria
3344 2887 36 17 (en

2853 2905 95 20 francs»,
2967 2905 57 21 7503;
3043 2906 76 18 Suisse
3141 2906 37 17 (en
3196 2907 88 18 francs)
3312 2907 68 20 1_*_90;

2852 2926 142 19 Amsterdam
3016 2928 36 17 (en
3072 2927 97 20 florins).
3190 2927 68 20 74025;
3277 2927 104 23 CCopen-

2851 2947 73 22 hague
2946 2948 35 18 (en
3000 2949 142 20 couronnes).
3163 2949 68 21 22400;
3252 2950 127 17 Stockholm

2854 2970 36 16 (en
2909 2971 141 20 couronnes),
3071 2970 67 20 193S2;
3159 2971 52 18 Oslo
3232 2973 36 17 (en
3287 2975 82 14 couron-

2851 2992 49 18 nes)
2917 2992 67 19 19902;
3001 2992 64 17 Italie
3083 2994 36 15 (en
3135 2993 70 19 lires).
3218 2993 58 18 6343-
3292 2993 85 18 Madrid

2854 3014 36 18 (en
2910 3015 107 21 pesetas),
3037 3014 68 21 36660;
3127 3015 110 17 Lisbonne
3260 3018 36 15 (en
3316 3020 52 13 escu-

2854 3035 57 19 dos),
2939 3035 59 18 11012
3025 3042 6 15 ;
3059 3036 129 23 Allemagne
3218 3039 37 15 (en
3282 3037 95 21 marks),

2852 3057 67 20 12415;
2945 3057 125 18 New-Tork
3096 3059 38 17 (en
3160 3059 99 22 .lollars),
3271 3060 71 18 -49981
3371 3064 6 16 ;

2852 3079 162 19 Buenos-Aires
3042 3081 84 21 (peseto
3152 3081 76 21 papier
3250 3082 77 17 contre
3354 3081 13 18 li-

2851 3101 56 20 vre),
2928 3104 66 15 cours
3014 3101 114 23 officieux,
3151 3103 55 20 1802;
3229 3103 42 18 Rio
3291 3104 27 17 de
3338 3103 29 19 Ja-

2850 3123 61 17 neiro
2927 3127 76 17 (oence
3018 3128 41 18 par
3073 3124 93 20 milrels)
3182 3128 65 15 cours
3261 3125 114 21 officieux,

2849 3145 44 20 275;
2910 3145 99 19 Athè'ies
3027 3146 37 19 (en
3080 3146 134 21 drachmes),
3230 3147 57 21 5320;
3303 3148 72 22 Japon

2852 3167 77 22 (pence
2947 3172 41 18 par
3005 3169 60 21 yen),
3085 3169 55 20 1409;
3158 3169 139 18 Montevideo
3316 3172 50 20 (pen-

2849 3193 24 13 ce
2892 3193 40 18 par
2948 3191 70 20 peso).
3036 3190 56 20 2275;
3110 3191 92 18 Canada
3222 3193 36 16 (en
3275 3191 99 21 dolla.-s),

2850 3211 79 20 500050;
2948 3211 93 23 Prague,
3060 3212 65 19 12075.
3141 3222 25 4 —
3181 3214 86 21 Argent
3282 3218 27 14 en
3325 3213 42 18 bar-

2849 3237 36 13 res
2903 3235 36 16 (en
2955 3234 86 23 pence),
3058 3234 22 18 19
3096 3235 67 21 15/16;
3180 3235 110 23 escompte
3306 3235 68 23 privé,

3493 1273 194 43 Schoonbrood
3708 1277 30 41 et
3757 1273 92 54 Preys

3533 1340 152 45 disputeront
3705 1341 24 37 le
3746 1341 58 38 titre

3463 1396 35 45 de
3518 1396 146 53 champion
3687 1398 36 44 de
3741 1398 136 54 Belgique

3533 1461 51 44 des
3599 1461 82 53 poids
3704 1463 107 49 plumes

3430 1550 66 20 Voici
3512 1552 34 18 les
3563 1550 112 21 résultats
3693 1552 27 20 de
3737 1552 25 20 la
3778 1551 98 22 réunion
3892 1556 43 20 pu-

3405 1575 119 24 gilfstfque
3540 1575 57 20 s'est
3613 1575 108 21 déroulée
3738 1577 90 19 samedi
3843 1578 56 22 soir,
3914 1577 17 20 à

3405 1600 77 24 Liège,
3504 1605 30 15 en
3555 1600 112 24 présence
3689 1601 55 20 d'un
3765 1602 78 24 public
3864 1608 67 15 assez

3406 1626 111 20 restreint
3534 1631 6 14 :
3924 1637 6 8 t

3608 1654 125 18 Amateurs

3474 1677 47 21 (En
3535 1678 12 18 4
3562 1678 101 23 reprises
3678 1678 28 20 de
3720 1679 14 18 2
3747 1678 115 23 minutes)

3430 1703 174 22 BONNAERS,
3619 1704 27 19 60
3661 1704 23 19 k.
3703 1703 91 25 (Liège)
3812 1705 42 20 bat
3869 1706 66 19 Mou-»

3404 1727 69 24 llnay,
3489 1728 25 19 61
3533 1728 22 19 k.
3576 1728 91 24 (Liège)
3686 1734 48 14 aux
3750 1730 85 24 points.

3468 1754 161 19 Demi-final.*-,
3647 1754 32 21 du
3699 1754 172 24 Championnat

3416 1778 30 19 de
3464 1779 113 23 Belgique
3595 1779 69 24 poids
3683 1784 98 20 moyens
3800 1782 96 18 anmt.u

3472 1804 48 21 (En
3534 1805 13 19 3
3562 1805 102 23 reprises
3678 1805 36 20 de-
3721 1806 13 20 3
3748 1806 115 22 minutes)

3428 1829 64 20 VAN
3508 1830 44 19 DE
3570 1830 165 24 CASTEELE,
3752 1832 27 19 65
3796 1831 22 20 k.

3403 1854 42 20 bat
3458 1854 127 24 Danthine,
3599 1856 25 19 65
3639 1856 23 19 k.
3679 1855 92 24 (Liège)
3789 1861 47 15 uux
3849 1850 46 31 pofi

3495 1880 175 24 Championnat
3683 1883 30 19 de
3726 1882 115 24 Belgique

3513 1905 68 24 poids
3597 1906 92 24 plumes
3703 1907 123 19 amateurs

3472 1930 47 21 (En
3534 1931 13 19 3
3563 1931 100 24 reprises
3678 1931 29 19 de
3722 1932 13 19 3
3749 1932 113 22 minutes)

3429 1956 237 24 LESCRAUWAET,
3688 1958 26 19 57
3733 1957 24 19 k.
3780 1958 89 21 (Gand)
3892 1959 43 20 bat

3404 1980 108 23 Carabin,
3534 1982 26 19 57
3583 1982 22 20 k.
3632 1982 7 20 (
3642 1980 70 25 Liège
3715 1983 8 21 )
3750 1987 44 19 par
3817 1983 65 21 arrêt
3905 1983 29 19 de

3403 2005 103 20 l'arbitre
3522 2011 31 14 au
3567 2007 27 19 2e
3609 2007 82 19 round.

3574 2031 188 22 Professionne-U

3472 2057 47 20 (En
3534 2057 13 19 8
3561 2057 101 23 reprises
3675 2058 31 21 -de
3719 2058 15 20 3
3747 2058 114 23 -minutes)

3426 2081 146 26 DUSSART,
3590 2083 25 19 72
3633 2083 23 20 k.
3677 2082 91 25 (Liège;
3788 2084 43 20 bat
3847 2084 86 20 Kinsa-

3403 2107 60 23 belli,
3482 2107 25 19 72
3525 2107 23 19 k.
3570 2108 101 21 (Menin)
3693 2114 47 15 aux
3759 2109 85 24 points.

3469 2132 68 19 Demi
3539 2132 95 20 -finales
3649 2133 32 20 du
3697 2134 168 23 championnat

3488 2157 30 21 de
3536 2157 115 25 Belgique
3669 2158 68 24 poids
3756 2158 92 25 plumes
3906 2163 25 21 >*.

3429 2183 237 21 SCHOONBROOD,
3699 2185 25 19 59
3754 2185 22 19 k.
3810 2185 120 25 (Seraing)

3401 2207 41 19 bat
3471 2208 113 24 Barbary,
3615 2208 26 21 57
3671 2209 22 19 k.
3726 2209 125 22 (Ostende)
3883 2215 49 15 aux

3401 2233 84 23 points.

3427 2258 108 25 PREYS,
3550 2259 25 19 57
3588 2259 23 19 k.
3630 2260 123 22 (Tournai)
3770 2260 41 20 bat
3824 2260 107 26 Dolhem,

3402 2283 25 19 57
3442 2282 22 19 k.
3482 2282 112 24 (Ougrée)
3612 2287 47 15 aux
3671 2284 86 24 points.

3825 1756 48 19 mat

3825 1781 97 19 nateurs

3840 1826 92 28 <L»e>

3825 1861 10 14 k.
3849 1857 84 24 points.

3402 2350 107 31 Stevens
3532 2357 26 25 et
3577 2352 100 38 Lapère
3699 2352 13 31 f
3712 2358 46 25 oat
3778 2353 87 32 match
3884 2354 47 31 mut

3593 2396 16 29 à
3629 2394 102 32 Anvers

3425 2464 136 19 Assistance
3579 2465 124 20 restreinte
3720 2465 90 19 samedi
3826 2466 16 20 à
3857 2466 64 24 l'Hip-

3400 2488 111 25 podrome
3525 2490 119 20 d'Anvers.

3425 2513 66 20 Voici
3508 2514 34 20 les
3559 2513 113 21 résultats
3693 2521 5 14 :

3601 2539 127 22 Amateurs

3468 2565 48 20 (Eii
3529 2565 14 20 4
3558 2565 101 23 reprises
3674 2568 28 19 de
3716 2567 13 19 2
3743 2566 115 22 minutes)

3425 2590 64 19 VAN
3505 2590 218 23 SANDBERGEN,
3739 2592 26 19 57
3781 2592 29 23 k.,
3827 2593 24 19 et
3865 2591 66 21 VAN

3400 2614 176 23 HUFFELEN,
3590 2615 26 19 58
3630 2615 29 23 k.,
3675 2616 53 19 font
3741 2617 82 19 match
3838 2617 48 21 nul.

3569 2641 59 19 Prof
3627 2641 47 19 essi
3676 2642 82 19 onnels

3468 2665 47 21 (En
3530 2666 13 19 6
3557 2666 101 24 reprises
3674 2666 28 20 de
3717 2668 12 18 3
3743 2668 115 21 minutée)

3425 2691 169 22 BOGAERTS,
3615 2692 11 10 c
3627 2691 13 19 7
3658 2692 23 19 k.
3699 2693 40 19 2C0
3760 2693 112 22 (Anvers)
3893 2692 38 21 est

3398 2716 130 23 vainqueur
3542 2718 27 18 de
3583 2717 80 23 Santy,
3675 2718 26 19 55
3714 2718 22 18 k.
3750 2718 39 19 500
3805 2718 121 24 (Roulers)

3400 2745 43 20 par
3456 2741 22 19 k.
3492 2746 20 15 o.
3527 2747 32 14 au
3571 2742 40 19 1er
3624 2742 82 19 round.

3469 2766 47 21 (En
3532 2767 12 19 8
3559 2767 101 23 reprises
3675 2767 29 20 de
3718 2768 13 19 3
3746 2768 113 22 minutes)

3427 2791 26 20 A
3477 2791 86 23 ARTS,
3588 2792 25 19 61
3638 2792 23 18 k.
3687 2792 39 20 200
3755 2793 112 21 (Anvers)
3896 2795 36 18 est

3401 2816 129 23 vainqueur
3548 2821 47 14 aux
3613 2817 78 24 pointu
3709 2819 28 18 de
3755 2818 35 19 De
3808 2817 80 25 Witte,
3906 2818 26 20 OS

3401 2840 60 20 kilos
3479 2841 136 22 (Lokeren),

3467 2865 48 21 (En
3527 2865 28 20 10
3567 2866 101 23 reprises
3683 2867 27 20 de
3723 2866 14 21 3
3748 2867 115 23 minutes)

3427 2890 144 23 STEVENS,
3597 2890 27 21 78
3647 2891 23 20 k.
3698 2892 112 21 (Anvers)
3838 2894 24 19 et
3884 2892 51 21 IA-

3399 2915 92 22 PERE,
3506 2916 27 18 77
3546 2916 23 18 k.
3587 2915 90 22 (Gand)
3695 2917 53 19 font
3761 2917 82 19 match
3856 2918 48 19 nuL

3426 2940 30 19 H.
3476 2940 122 19 WEBER,
3621 2941 26 19 86
3668 2941 23 19 k.
3715 2941 152 22 (Esthonien)
3889 2942 44 19 bat

3400 2964 101 22 Melzow,
3521 2965 26 19 90
3566 2965 24 20 k.
3612 2965 145 23 (Allemand)
3778 2971 48 14 aux
3844 2966 86 24 points.

3473 2989 47 20 (En
3533 2990 13 19 8
3557 2990 101 23 reprises
3672 2991 28 19 de
3711 2991 13 19 3
3736 2991 114 21 minutes)

3424 3015 175 22 GAUWLOOS,
3616 3016 26 19 54
3657 3015 23 19 k.
3696 3016 40 19 500
3753 3016 117 22 (Melsele)
3888 3017 42 19 bat

3399 3039 155 22 Cortvriendt,
3573 3041 25 19 54
3617 3040 23 19 k.
3659 3041 39 19 500
3719 3041 143 23 (Bruxelles)
3883 3046 47 15 aux

3397 3064 83 23 poir.ts.

3466 3124 130 32 ENCORE
3615 3125 66 31 UNE
3700 3125 162 33 VICTOIRE

3458 3166 42 31 DE
3523 3166 214 36 JOHN-HENRY
3761 3168 101 32 LEWIS

3059 3286 103 21 -♦•♦-

2898 3320 147 37 BOURSE
3060 3321 268 39 COMMERCIALE

3039 3371 40 36 de
3094 3371 88 37 Paris

3174 3442 49 21 Pju-i
3224 3447 18 15 s,
3259 3443 24 19 30
3298 3444 51 17 mai.

2872 3461 58 19 Blés.
2949 3472 23 4 —
2990 3463 133 22 Disponible,
3143 3464 48 18 cote
3210 3465 111 22 officielle,
3340 3465 30 21 92;

2847 3487 102 16 courant.
2969 3485 23 18 89
3012 3485 65 22 payé:
3098 3486 111 22 prochain,
3230 3487 24 17 92
3272 3491 32 19 p.;
3325 3487 45 22 Juil-

2948 3506 13 18 0
2981 3511 31 18 p..
3034 3507 59 20 août,
3114 3508 54 18 D7.75
3188 3512 19 17 p.
3233 3513 6 16 ;
3260 3508 11 19 3
3289 3509 81 21 d'août,

2848 3504 37 22 let.

2511 5473 105 22 -♦•_--

2330 5524 44 6 —
2444 5507 232 35 PROPAGEZ

2296 5556 75 44 LA
2391 5557 221 48 NATION
2631 5560 186 52 BELGE

2621 5701 29 20 V

2849 3527 34 17 100
2903 3532 31 18 p.:
2955 3528 11 17 3
2981 3526 31 20 "de
3031 3529 124 22 septembre
3182 3530 34 18 103
3236 3535 29 17 p-
3286 3531 11 18 3
3317 3531 47 17 d'oc-

2848 3549 69 20 tobre.
2933 3550 65 18 103.50
3013 3555 20 18 p.

2871 3571 116 19 Tendance
3009 3585 6 5 .
3034 3573 82 19 lourde.

2872 3594 102 21 Avoines.
2993 3604 24 4 —
3039 3595 133 22 Disponible,
3193 3596 49 18 cote
3261 3597 112 20 officielle,

2848 3614 33 21 79;
2906 3617 101 19 courant,
3033 3617 86 18 &3.50—
3145 3618 56 23 payé
3229 3623 5 16 ;
3262 3619 111 22 prochain,

2846 3637 23 17 81
2887 3641 31 17 p.;
2937 3638 78 21 juillet.
3034 3639 94 19 78.50-79.
3130 3640 22 19 a
3170 3645 31 18 p.:
3220 3641 59 20 août,
3298 3641 23 18 71
3339 3645 32 19 p.;

2847 3658 12 18 3
2880 3659 82 21 d'août,
2987 3660 53 24 7r/75
3063 3662 75 20 vend.;
3160 3662 12 18 3
3194 3662 25 18 de
3242 3663 130 21 septembre,

2846 3680 98 21 6S.2Ô-69:
2964 3683 10 17 3
2991 3677 118 29 d'octobre,
3128 3684 56 18 69.50
3202 3689 19 18 p.

2871 3703 116 19 Tendance
3006 3709 5 13 :
3027 3705 77 18 Mime.
3132 3706 3 6 '

2871 3725 100 18 Farines.
2993 3736 22 4 —
3036 3727 53 18 Cote
3109 3728 105 18 officielle
3243 3728 41 19 127.

2872 3747 90 21 Seigles.
2981 3757 22 5 —
3020 3749 54 18 Cote
3090 3750 113 21 officielle,
3221 3750 30 19 80.

2871 3768 86 19 Sucres.
2979 3779 23 5 —
3024 3771 105 22 Courant,
3154 3772 108 19 165.50-166
3284 3773 57 22 pavé
3367 3777 6 15 :

2850 3790 110 21 rrochain.
2980 3793 73 19 167.50-
3055 3793 35 19 16S
3108 3797 31 19 p.;
3160 3794 77 22 juillet,
3258 3795 33 18 169
3299 3796 24 17 50
3341 3800 32 18 p.;

2847 3812 59 20 août,
2922 3813 35 18 171
2971 3818 31 18 p.:
3019 3815 131 20 seDtembre.
3167 3816 64 18 171.50
3244 3821 31 18 p.;
3291 3817 11 17 3
3315 3817 48 18 d'oc-

2846 3834 69 21 tobre,
2937 3835 34 18 174
2991 3840 31 18 p.;
3043 3837 12 18 3
3074 3837 27 19 de
3121 3838 124 22 novembre,
3267 3839 33 18 175
3319 3843 22 18 p.
3367 3844 5 16 ;

2847 3856 49 17 cote
2920 3857 112 23 officielle,
3059 3860 118 20 165.50-167.

2870 3878 117 19 Tendance
3010 3884 6 14 :
3037 3883 115 18 soutenue.

2852 3909 9 5 -
3017 3913 4 5 "
3069 3904 77 21 ♦•♦

3055 3938 117 33 GOLF

2846 4013 40 46 Le
2917 4014 164 57 Challenge
3111 4018 35 45 R.
3177 4018 193 56 Silyercruys

3031 4095 41 30 au
3090 4081 94 46 Zoute

2845 4154 48 32 Les
2911 4156 184 33 éliminatoires
3115 4165 46 25 ont
3178 4161 42 30 été
3240 4161 132 38 disputées

3061 4202 99 31 samedi

2872 4250 41 30 Le_
2925 4252 79 19 match
3027 4253 26 20 de
3076 4252 196 24 l'Anglo-Belgian
3293 4254 77 19 Union

2846 4280 24 15 se
2887 4275 93 22 déroule
2996 4282 58 20 pour
3069 4279 22 18 la
3105 4278 98 19 seconde
3220 4279 45 19 fois
3279 4284 42 15 eur
3335 4279 33 19 les

2848 4301 61 20 links
2936 4303 29 19 du
2990 4303 78 20 Zoute.
3094 4304 94 23 L'enjeu
3217 4310 29 14 en
3280 4304 35 20 est
3347 4304 23 19 la

2848 4327 212 25 Coupe-Challenge
3083 4329 27 21 R.
3132 4329 150 24 Silvercruys.
3304 4330 67 19 Cette

2847 4352 150 25 compétition
3014 4355 47 19 met
3078 4360 28 14 en
3123 4354 110 25 présence
3250 4355 33 19 les
3298 4359 62 15 mem-

2846 4378 53 20 bres
2919 4380 28 18 de
2966 4380 91 19 l'Unicn
3077 4380 150 24 anglo-belge,
3235 4380 28 20 de
3270 4380 100 24 l'Anglo-

2846 4404 97 24 Belgian
2962 4405 77 21 Union
3060 4409 21 16 et
3104 4406 31 21 du
3154 4406 79 19 Cercle
3253 4406 66 23 belge
3341 4406 28 19 de

2846 4430 109 20 Londres.

2870 4455 81 20 Citons
2970 4457 24 19 la
3014 4457 172 23 participation,
3207 4457 30 19 du
3257 4455 52 21 côté
3329 4461 30 14 an-

2847 4481 65 23 glais,
2933 4482 27 21 de
2981 4483 29 18 M.
3030 4482 65 20 H.-E.
3117 4483 38 19 Sir
3173 4482 105 21 Esmond
3298 4482 70 23 Ovey,

2846 4507 169 20 amba_-i?adeur
3048 4508 27 19 de
3108 4507 220 24 Grande-Bretagne
3353 4506 16 20 à

2847 4532 129 23 Bruxelles;
3004 4534 28 19 de
3057 4533 31 22 M.
3113 4533 61 20 C.-R.
3200 4533 90 24 Fairey,
3314 4533 54 19 bien

2847 4562 77 15 connu
2949 4559 58 19 dans
3031 4559 21 18 le
3077 4559 83 20 monde
3186 4558 26 20 de
3237 4551 129 29 l'aviation;

2848 4583 30 19 du
2903 4583 77 24 major
3004 4584 60 20 R.-S.
3070 4586 7 8 "
3089 4584 73 23 Grigg
3187 4588 23 18 et
3236 4584 30 19 du
3292 4583 76 23 major

2849 4609 91 20 Darrell
2966 4609 74 24 Paris,
3064 4608 95 20 attaché
3185 4608 110 20 militaire
3320 4613 30 14 an-

2845 4634 65 24 glais.
2929 4635 37 19 Du
2985 4633 51 22 côté
3053 4634 71 24 belge,
3143 4634 76 20 citons
3237 4633 131 20 l'ex-cham-

2847 4660 53 23 pion
2925 4662 28 19 de
2977 4660 118 23 Belgique,
3119 4661 21 19 le
3164 4660 76 19 comte
3264 4659 51 20 Eiie
3339 4659 27 19 de

2846 4685 158 23 Borchgrave;
3027 4686 30 20 M.
3078 4686 29 20 R.
3127 4685 150 22 Silvercruys.
3299 4684 60 19 dona-

2845 4711 53 19 teur
2917 4712 30 19 du
2967 4711 126 23 challenge,
3112 4711 24 19 et
3153 4710 30 20 M.
3201 4710 95 20 A.-F.-C.
3314 4710 51 19 Van

2846 4736 146 24 den-Bergh,
3012 4735 118 25 président
3150 4736 30 19 du
3197 4735 79 20 Cercle
3294 4734 71 23 Belgs

2846 4762 28 19 de
2891 4762 109 21 Londres,
3017 4762 38 22 qui
3073 4761 45 20 fait
3135 4761 75 22 nartie
3228 4761 30 19 du
3276 4759 90 21 Comité

2847 4787 150 24 d'organisatl
3001 4792 7 4 **
3012 4793 15 13 n
3047 4791 56 15 avec
3125 4787 30 19 M.
3162 4786 117 23 Algernon
3287 4785 81 20 Maud-

2845 4813 51 23 slay
2915 4813 23 20 C.
2957 4813 26 19 B.
3003 4812 26 19 E.
3046 4812 61 22 Hon,
3125 4811 118 24 secretary
3260 4813 28 19 de
3306 4811 50 19 l'An-

2845 4837 144 25 glo-Belgian
3009 4837 83 20 Union.
3111 4854 3 3 .

2871 4870 31 19 Le
2926 4870 76 23 major
3026 4869 24 20 C.
3074 4868 95 23 Hébert,
3193 4868 118 25 secretary
3336 4869 31 20 du

2844 4895 28 22 R.
2888 4895 22 20 Z.
2926 4895 26 19 G.
2967 4893 64 24 Club,
3045 4895 50 18 leur
3110 4893 65 26 prête
3189 4899 42 16 son
3246 4899 120 15 concours.

2872 4920 133 23 Rappelons
3039 4923 44 19 que
3118 4920 21 19 le
3174 4919 131 24 vainqueur
3340 4919 27 20 de

2845 4945 115 23 l'épreuve
2982 4944 105 24 disputée
3109 4950 27 16 en
3156 4945 52 20 1935
3228 4944 16 21 à
3264 4946 104 20 Londres

2841 4976 43 14 eur
2900 4971 33 20 les
2950 4970 62 22 links
3030 4971 27 19 de
3074 4971 66 20 West
3156 4971 65 20 Kent
3236 4971 55 21 Golf
3308 4972 58 20 Club

2845 5001 16 14 a
2882 4995 36 20 été
2942 4996 30 20 M.
2995 4996 62 20 R.-T.
3082 4996 133 21 Stoneham.
3238 4997 31 21 M.
3291 4998 77 23 Baels,

2845 5025 146 19 gouverneur
3009 5022 27 19 de
3054 5023 22 18 la
3093 5022 101 20 Flandre
3211 5023 157 25 Occidentale,

2843 5046 97 22 malade,
2957 5046 38 20 n'a
3010 5051 31 19 pu
3056 5048 99 22 m-endre
3171 5050 54 22 part
3240 5048 16 21 à
3271 5048 86 26 l'épreu-

2843 5076 34 16 ve.
2898 5071 31 20 Le
2951 5072 73 20 baron
3046 5072 93 22 Cartier
3160 5076 27 19 de
3208 5075 160 25 Marchienne,

2845 5097 167 20 ambassadeur
3037 5098 27 19 de
3086 5098 112 25 Belgique
3220 5100 16 21 à
3258 5102 110 25 Londres,

2847 5122 40 24 qui
2912 5121 108 25 séjourne
3047 5125 167 21 actuellement
3238 5133 28 16 en
3291 5128 66 24 Belgi-

2843 5152 50 19 que,
2913 5148 105 21 assistait
3038 5154 30 16 au
3088 5150 89 25 départ.

2872 5180 64 20 Voici
2958 5181 34 20 les
3013 5181 111 22 résultats
3146 5184 28 21 de
3195 5184 115 26 l'épreuve
3332 5186 30 22 éli-

2844 5205 125 21 minatoire
2979 5211 6 15 :

2869 5237 20 20 1.
2904 5238 34 20 W.
2953 5239 116 23 MOORE.
3082 5242 91 22 78-9-69;
3190 5245 19 20 2.
3224 5244 59 22 Ncël
3299 5245 71 21 Char-

2845 5263 40 24 lrs,
2910 5264 88 23 84-9-75.
3023 5267 22 20 et
3069 5268 63 22 R.-T.
3157 5269 128 22 Stoneham
3315 5272 57 19 79-2-

2841 5288 35 23 77;
2895 5290 19 20 4.
2930 5290 25 20 L.
2971 5291 192 28 Massev-Hllton,
3178 5296 91 22 86-8-78;
3286 5297 13 20 5
3322 5297 45 19 W.-

2842 5314 26 20 P.
2887 5315 132 26 Beresford,
3039 5319 88 24 87-9-78,
3147 5321 19 20 6.
3173 5322 60 19 Jean
3240 5322 127 22 Wlttouck,

2846 5340 90 25 85-6-79;
2978 5343 104 25 Marquis
3123 5347 116 21 d'Assche.
3278 5347 90 20 85-6-79:

2845 5366 78 24 Major
2953 5369 60 23 R.-S.
3045 5371 79 26 Grigg.
3156 5373 104 23 93-14-79;
3292 5371 78 23 Major

2843 5392 92 22 DarrélI
2969 5396 75 24 Paris,
3079 5398 104 24 95-16-79;
3218 5398 32 20 10.
3285 5396 82 21 Comte

2845 5418 51 21 Elle
2933 5421 27 20 de
2994 5423 158 25 Borchgrave.
3185 5422 90 23 81-1-80;
3305 5421 62 20 G.-A.

2844 5444 113 28 Bayham.
2980 5448 90 25 86-6-80;
3095 5450 62 20 C.-R.
3163 5449 91 23 Fairey.
3260 5445 104 24 94-14-80;

2845 5470 31 21 13.
2901 5472 56 22 J.-F.
2984 5474 88 24 Hoeck,
3097 5473 117 23 101-20-81;
3239 5472 70 19 Allan
3332 5470 30 19 D.

2845 5497 74 25 Grigg
2950 5499 104 21 96-15-61:
3081 5500 66 20 C.-G,'
3164 5497 107 22 Clruden,
3295 5496 71 20 93-12-

2842 5524 35 23 81;
2897 5525 32 21 16.
2946 5526 73 20 W.-N.
3037 5525 79 24 Doley.
3134 5523 90 22 87-5-82;
3242 5521 67 21 H.-E.
3326 5520 38 20 Sir

2843 5550 104 21 Esmond
2970 5551 69 23 Ovey,
3063 5549 103 21 94-12-82;
3191 5547 101 20 G.-P.-M.
3314 5545 50 20 Hil-

2841 5576 64 24 berg,
2927 5575 103 22 98-16-62;
3052 5575 32 19 19.
3104 5573 89 20 Robert
3213 5572 149 22 Silvercruys,

2843 5601 103 23 101-8-83;
2968 5600 33 21 20.
3021 5599 74 21 W.-H.
3116 5598 31 20 du
3164 5596 86 25 Vivier,
3269 5596 91 25 88-_-84;

3302 5675 23 16 N.

3414 3239 21 30 Il
3451 3251 16 19 a
3485 3239 76 32 battu
3576 3240 55 31 Bob
3647 3240 110 32 Godwîn
3774 3253 49 26 par
3838 3242 65 31 k.-o.

3430 3293 34 19 au
3478 3284 113 35 premier
3606 3284 91 34 round,
3714 3285 17 29 à
3745 3283 74 32 New-
3820 3283 73 32 York

3643 3325 139 24 New-York,
3800 3327 26 19 30
3843 3327 56 19 mai.

3422 3349 59 19 Hier
3497 3350 54 22 soir,
3569 3349 15 20 à
3599 3350 139 23 New-York,
3755 3352 22 18 le
3794 3351 53 21 noir
3864 3351 62 20 John

3397 3375 81 23 Henry
3503 3375 80 23 Lewis,
3621 3374 125 24 champion
3773 3376 31 20 du
3842 3377 86 19 monde

3395 3399 66 24 poids
3479 3399 128 23 mi-lourds,
3627 3407 15 14 a
3661 3401 69 20 battu
3749 3402 50 19 Bob
3819 3402 105 23 Godwîn,

3395 3425 103 19 l'arbitre
3506 3442 4 3 .
3516 3424 107 21 arrêtant
3639 3426 25 19 la
3682 3427 124 21 rencontre
3824 3431 31 16 au
3872 3431 42 19 pre-

3394 3450 59 19 mier
3469 3450 75 19 round
3560 3451 28 20 de
3604 3456 26 16 ce
3646 3451 100 21 combat,
3764 3450 73 25 prévu
3853 3457 29 14 en
3897 3452 27 20 10

3397 3475 107 23 reprises,
3530 3476 86 20 devant
3639 3476 24 19 la
3685 3475 142 24 supériorité
3852 3476 65 20 mani-

3396 3500 60 19 feste
3476 3500 31 20 du
3526 3500 125 24 champion
3671 3502 24 19 et
3715 3500 122 22 déclarant
3855 3502 71 19 celui-

3394 3525 20 19 ci
3433 3525 130 23 vainqueur
3581 3531 44 18 par
3643 3525 129 21 knock-out
3791 3527 132 23 technique.

3422 3549 146 24 L'Espagnol
3580 3550 112 21 Baltasar
3704 3551 126 24 Sangchili,
3842 3552 70 20 cham-

3394 3576 56 24 pion
3466 3577 31 18 du
3513 3576 84 19 monde
3614 3577 40 19 des
3671 3577 66 24 poids
3754 3582 55 19 coqs
3825 3583 22 15 a,
3863 3583 61 18 pour

3395 3604 39 15 ces
3457 3599 83 21 débuts
3563 3604 47 17 aux
3633 3600 143 24 Etats-LVis,
3800 3601 70 24 après
3893 3606 32 14 un

3397 3625 93 21 combat
3514 3625 49 20 très
3590 3626 99 24 disputé,
3713 3627 69 20 battu
3806 3628 22 19 le
3852 3628 69 20 New-

3395 3651 101 20 Yorkais
3514 3652 54 19 Lew
3584 3652 90 20 Farber
3692 3658 46 15 aux
3756 3653 77 25 points
3851 3659 30 16 en
3898 3654 26 20 10

3395 3677 106 23 reprises.

3419 3702 34 20 La
3465 3700 103 23 décision
3582 3704 38 21 fut
3633 3703 157 20 diversement
3801 3703 121 21 accueillie

3396 3731 43 19 par
3456 3726 22 20 le
3497 3727 78 23 public
3595 3727 57 20 dont
3670 3733 46 15 une
3734 3728 77 24 partie
3829 3729 50 20 hua
3897 3730 22 19 le

3396 3753 130 23 champion.
3548 3754 127 24 Toutefois,
3697 3754 120 24 Sangchili
3835 3754 90 21 semble

3392 3777 70 20 s'être
3476 3778 94 24 octroyé
3583 3779 54 24 cinq
3651 3779 94 23 rounds,
3758 3780 91 19 Farber
3862 3781 61 19 deux

3395 3802 78 20 tandis
3488 3808 45 18 que
3547 3804 58 19 trois
3620 3804 100 23 reprises
3736 3803 89 22 étaient
3838 3804 85 25 égales.

3552 3857 109 32 BENNY
3679 3857 111 32 LYNCH

3434 3898 47 32 bat
3499 3898 158 33 Warburton
3674 3912 49 26 par
3743 3900 145 33 knock-out

3584 3944 16 29 à
3617 3942 116 32 Londres

3422 4011 32 19 Le
3477 4011 107 20 Stadium
3606 4012 58 20 Club
3688 4015 27 19 de
3737 4013 106 21 Londres
3864 4012 60 21 était

3395 4037 89 19 comble
3503 4039 80 22 quand
3602 4038 21 19 le
3643 4038 125 24 champion
3789 4041 31 19 du
3839 4040 85 20 monde

3399 4062 40 19 des
3458 4063 67 24 poids
3544 4064 98 19 mouche
3662 4064 84 24 Benny
3764 4064 79 25 Lyn_*"h
3862 4064 30 22 et"
3903 4066 22 19 le

3392 4087 125 24 champion
3533 4091 31 18 du
3578 4089 62 21 Pays
3655 4090 29 19 de
3697 4090 85 21 Galles,
3795 4091 48 21 Pat
3855 4091 67 20 War-

3396 4113 102 25 burtont,
3514 4113 134 22 montèrent
3663 4120 42 16 sur
3719 4116 22 21 le
3755 4116 59 24 ring,
3828 4116 85 23 longue-

3393 4140 64 20 ment
3478 4139 124 21 acclamés.

3419 4163 49 22 Dès
3490 4165 22 21 le
3536 4164 71 20 début
3628 4165 32 20 du
3682 4166 86 24 match,
3791 4167 8 19 I
3800 4174 12 15 e
3835 4167 89 19 Gallois

3395 4190 64 20 tente
3473 4194 28 15 sa
3515 4190 94 23 chance,
3625 4190 60 20 mais
3700 4192 22 18 la
3737 4190 140 24 supériorité
3891 4192 32 19 du

3396 4215 124 23 champion
3543 4215 32 20 du
3596 4216 86 19 monde
3716 4216 120 20 s'affirma
3871 4217 53 19 bien

3393 4239 53 24 vite,
3465 4239 71 24 grâce
3554 4240 16 19 à
3588 4245 38 14 ses
3645 4240 104 24 gauches
3766 4240 84 24 précis.

3419 4265 38 19 Au
3473 4269 68 15 cours
3557 4266 27 18 de
3600 4265 24 20 la
3637 4266 101 20 seconde
3752 4263 95 26 reprise,
3863 4266 49 19 Ben-

3393 4294 33 19 ny
3439 4290 86 23 Lyndh,
3539 4289 54 21 d'un
3606 4290 95 19 crochet
3715 4293 31 19 du
3760 4290 67 24 droit,
3840 4291 82 20 envoie

3394 4314 142 19 Warburton
3555 4319 31 15 au
3605 4314 113 24 plancher
3735 4319 59 19 pour
3811 4316 15 19 8
3842 4319 71 15 secon-

3395 4339 40 19 des
3450 4339 24 19 et
3488 4339 21 19 le
3524 4342 62 22 gOOg
3601 4340 21 18 le
3637 4344 72 16 sauve
3725 4340 67 20 d'une
3805 4339 116 20 situation

3394 4362 142 25 désespérée.
3547 4365 38 18 Au
3596 4363 73 20 début
3681 4365 28 19 de
3721 4365 24 19 la
3755 4363 119 21 troisième
3886 4369 26 15 re-

3388 4388 70 23 prise,
3472 4393 41 14 sur
3526 4393 33 15 un
3572 4393 108 16 nouveau
3693 4388 97 21 crochet
3803 4391 32 19 du
3847 4389 69 22 droit,

3389 4414 22 21 le
3434 4413 87 20 Gallois
3542 4413 109 21 retourne
3672 4419 32 14 au
3725 4413 113 25 plancher
3857 4418 61 20 pour

3394 4438 26 19 10
3437 4438 117 19 secondes.

3418 4463 82 23 Benny
3525 4463 80 23 Lynch
3630 4463 41 19 bat
3696 4463 47 19 Pat
3766 4463 149 21 Warburton.

3392 4487 129 20 knock-out
3538 4487 16 20 à
3573 4488 23 18 la
3614 4486 118 21 troisième
3751 4487 99 25 reprise;
3870 4488 50 20 Nat

3392 4512 93 19 Franks
3501 4512 41 20 bat
3558 4512 81 19 Frank
3656 4512 94 24 Mongb,
3766 4516 47 16 aux
3828 4513 89 23 points;

3388 4536 58 23 Stan
3462 4536 61 20 Jehu
3539 4539 23 19 et
3577 4537 43 19 Joe
3635 4537 117 19 Brahams
3768 4537 52 20 font
3833 4537 83 21 match

3388 4561 47 19 nul.

3472 4606 360 34 MOTOCYCLISME

3417 4675 87 31 Avant
3517 4675 25 32 le
3554 4676 90 32 Grand
3658 4677 60 32 Prix
3733 4678 33 32 de
3778 4678 104 34 Génère

3466 4745 39 31 LE
3519 4745 110 33 SUISSE
3643 4748 206 35 MARTINELLI

3475 4787 216 34 GRIEVEMENT
3711 4791 118 34 BLESSE

3481 4829 24 32 A
3525 4830 292 37 L'ENTRAINEMENT

3673 4898 100 24 Genève,
3792 4900 27 21 29
3837 4901 55 20 mai.

3414 4918 64 20 Pour
3496 4919 24 21 la
3538 4921 115 24 première
3672 4923 98 24 journée
3791 4926 94 20 -'-esais
3904 4926 16 20 à

3389 4942 93 21 Genève
3497 4945 35 20 les
3547 4946 133 22 meilleures
3697 4954 127 20 moyenneo
3840 4952 81 19 furent

3392 4969 110 22 réalisées
3520 4973 44 22 paf
3580 4972 22 21 le
3619 4973 72 25 Belge
3709 4975 106 21 Milhoux
3830 4980 90 16 aooem-

3390 4994 100 23 plissant
3504 4997 21 19 le
3539 4999 54 19 tour
3607 4999 31 20 du
3651 4999 85 22 circuit
3750 5007 29 14 en
3793 5003 13 19 1
3819 5007 32 20 m,
3862 5003 27 20 42
3900 5007 21 15 a.

3391 5020 24 20 et
3431 5026 44 19 par
3492 5021 107 22 Charlier
3616 5028 29 16 en
3662 5026 13 20 1
3692 5031 31 15 m.
3739 5027 26 20 46
3781 5032 19 16 s.

3414 5045 68 21 Dans
3497 5049 34 20 les
3546 5048 110 24 sidecara,
3673 5051 21 22 le
3709 5051 70 25 jeune
3796 5052 91 19 Starklé
3904 5056 15 14 a

3392 5071 46 20 fait
3461 5072 21 21 le
3505 5074 108 23 meilleur
3635 5075 55 20 tour
3711 5081 29 16 en
3765 5078 11 18 1
3800 5082 29 13 m.
3853 5077 25 19 53
3901 5081 17 13 s.

3390 5096 82 21 D'ores
3487 5099 24 20 et
3525 5098 55 25 déjà
3593 5100 16 20 il
3625 5101 37 20 eet
3676 5101 90 19 certain
3780 5106 45 19 que
3838 5101 22 19 le
3873 5101 44 22 cip

3392 5122 41 20 des
3448 5123 39 20 100
3503 5123 137 22 kilomètres
3655 5125 15 21 à
3684 5126 87 19 l'heure
3785 5129 55 16 sera
3854 5126 65 19 fra-i-

3392 5147 45 20 chi.

3417 5173 32 23 Le
3465 5178 99 16 coureur
3578 5175 75 21 sukse
3668 5176 23 18 M
3693 5174 100 20 artinelli
3809 5174 36 19 est
3858 5173 49 20 tom-

3391 5196 28 21 bé
3437 5204 30 15 en
3482 5199 117 20 abordant
3615 5199 25 20 la
3655 5198 96 20 chicane
3767 5200 29 19 de
3812 5198 103 18 l'avenue

3391 5224 29 20 de
3438 5224 91 19 France
3546 5224 24 19 et
3587 5222 46 21 l'on
3651 5223 77 20 craint
3746 5226 45 16 une
3810 5221 105 19 fracture

3393 5249 31 19 du
3442 5247 77 21 crâne.

3393 5320 33 19 21.
3461 5319 62 20 R.-T.
3557 5319 71 19 Jones
3670 5318 91 22 98-7-86;
3797 5318 118 23 Algernon

3393 5344 126 23 Maudsley.
3536 5343 116 23 106-18-86;
3672 5343 32 21 23.
3722 5343 116 20 Terrence
3855 5343 60 20 Lan-

3394 5369 84 24 grlshe,
3516 5368 116 22 101-14-87;
3672 5368 94 24 Savcry,
3796 5369 117 23 103-16-87;

3389 5394 33 20 25.
3438 5394 28 20 A.
3482 5393 52 21 Van
3551 5394 44 19 den
3613 5393 85 24 Bergh,
3716 5393 91 24 95-7-88;
3827 5395 31 20 28.
3874 5394 29 21 Vi-

3391 5419 76 19 comte
3482 5418 69 21 Alain
3569 5419 31 21 du
3617 5418 67 24 Parc,
3701 5419 117 24 109-20-89;
3837 5420 32 22 27.
3883 5420 31 21 F.

3390 5443 70 24 Thys,
3479 5443 128 22 128-21-107.

3412 5468 38 20 Un
3466 5469 81 20 match
3564 5469 28 20 de
3606 5469 163 25 qualification
3787 5470 48 23 doit
3852 5472 60 20 donc

3387 5494 67 20 avoir
3473 5493 47 22 Heu
3540 5495 66 19 entre
3625 5495 56 21 MM.
3701 5495 62 22 Jean
3784 5497 127 24 Wlttouck,

3386 5519 105 24 marquis
3515 5519 116 25 d'Assche.
3654 5521 79 24 major
3754 5522 61 21 R.-S.
3838 5523 74 24 Grifrg

3387 5547 23 19 et
3423 5544 78 24 major
3514 5545 93 21 Darrell
3621 5546 75 21 Paris.
3713 5547 45 20 Les
3773 5548 58 21 trois
3847 5549 53 20 meil-

3390 5570 64 22 leurs
3478 5575 80 17 scores
3578 5573 84 21 seront
3684 5572 89 22 classés
3796 5579 62 20 pour
3879 5576 37 21 les

3391 5595 162 22 demi-finales.

3780 5726 20 3 -
