3979 5763
512 267 276 53 TO09
856 268 484 45 ECHOS

129 366 183 33 Aujourd'hui
338 365 134 29 mercredi

86 434 100 20 Monnaie,
199 436 11 16 s
224 435 26 18 h.,
267 440 8 10 s
288 435 27 16 La
330 435 61 17 Tosca
406 440 17 13 ».

86 460 57 20 farc,
157 462 11 16 6
183 461 19 17 h.
210 462 47 21 ,3/4,
272 466 9 11 «
295 462 75 17 Mozart
385 466 16 12 ».

90 487 93 20 Galeries,
196 488 12 17 8
220 488 20 16 fa.
254 488 38 19 1/2,
305 493 9 11 c
328 488 27 16 La
366 488 65 17 Griffe
444 493 17 13 ».

89 514 111 18 Aihambra,
214 515 11 17 S
238 514 20 17 h.
276 514 38 20 1/4,
331 520 9 10 •
358 515 42 16 1928
415 520 17 13 ».

91 541 61 18 Scala,
165 542 11 16 B
191 542 18 16 h.
225 542 37 19 1/2,
276 546 8 11 ■
298 541 27 17 La
340 542 64 17 Revue
418 546 18 13 s.

89 567 135 20 Ambassador,
234 568 11 16 8
255 568 19 16 h.
287 568 28 19 40,
326 573 8 11 ■
347 568 92 17 L'Amour
451 568 79 20 Masqué
543 573 17 14 ».

91 594 114 18 Vande-fille,
220 595 10 16 s
244 594 20 17 h.
282 595 38 20 1/2,
335 600 9 11 «
360 595 30 17 En
405 595 74 18 Bordéo
496 600 16 13 ».

90 621 71 16 Casino
176 621 87 19 Lyrique,
279 622 10 16 8
305 621 19 17 h.
340 622 37 19 1/2,
391 627 9 10 «
417 622 99 16 Princesse
529 621 66 17 Dollar
609 626 15 12 ».

88 648 64 19 Galle,
167 649 11 16 B
189 648 20 17 ix.
225 648 38 19 1/2,
278 653 9 11 «
303 649 27 16 La
345 648 65 18 Revue
421 649 82 19 Joyeuse
518 653 18 14 ».

88 674 114 20 Capucines.
218 683 22 4 —
253 675 90 16 Relâche.

90 701 84 18 Molière,
188 702 11 16 s
212 701 27 19 h..
253 706 10 10 «
277 702 24 16 Et
317 702 38 16 moi
371 701 35 20 J'te
420 702 30 17 dis
464 701 67 21 qu'elle
545 702 28 17 t'a
590 701 40 17 fa!»

108 721 66 17 d'I'cell
191 727 15 11 ».
220 728 24 7 —
258 721 99 18 Dernière.

89 747 160 21 t'Oiies-Berr-tre,
269 749 11 17 s
300 748 27 20 h.,
345 754 10 12 «
376 749 78 18 Brussel
474 749 78 18 Kermli
571 753 17 14 ».

88 775 83 16 Théâtre
185 774 101 20 Flamand,
300 776 11 16 8
322 775 27 21 h.,
364 781 9 10 c
388 776 29 18 De
428 776 93 19 Hertogin
533 779 39 14 van
583 776 42 17 Pic*

109 795 73 19 cadclly
196 800 17 12 ».

90 822 69 19 Cirque
178 821 67 19 Royal,
264 823 11 16 8
294 822 26 19 h.,
336 823 96 20 spectacle
450 822 94 20 équestre.

91 848 63 16 râlais
169 848 61 19 d'Eté,
244 849 11 16 8
270 849 19 16 h.
306 850 38 19 1/4,
361 850 95 19 spectacle
473 849 59 17 varié,

91 875 95 16 t'inèmas.
199 881 24 7 —
237 875 61 21 Voyez
313 880 24 15 en
353 877 70 20 petlies
440 879 104 15 annonces.

141 936 214 33 Communiqués
376 937 50 27 des
443 936 133 27 Théâtres

263 982 29 22 et
322 977 133 28 Concert*

110 1041 98 18 Monnaie.
219 1049 25 5 —
254 1042 25 16 Ce
291 1042 100 18 mercredi,
403 1041 12 17 à
427 1042 21 16 20
458 1041 27 19 h.,
496 1045 46 13 avec
552 1042 17 17 le
582 1045 35 14 con-

89 1065 56 14 cours
157 1063 24 16 de
191 1063 27 16 M.
231 1063 20 16 F.
264 1063 93 18 Ans.sc^u,
368 1068 10 10 e
391 1063 27 16 La
430 1063 61 16 Tosca
506 1068 16 12 ».
532 1071 23 4 —
565 1063 63 18 Jeudi,

89 1083 13 17 à
114 1083 22 17 30
151 1083 27 18 h.,
191 1093 8 6 .
213 1083 28 17 La
252 1084 95 16 Tiuviata
362 1088 9 11 »
389 1084 40 18 (ler
443 1085 61 17 acte),
519 1089 9 10 «
544 1084 60 17 Faust
619 1088 8 11 »

92 1105 52 15 (acte
154 1103 26 17 du
194 1103 84 22 Jardin),
292 1109 8 10 <
315 1103 71 17 Roméo
398 1106 19 15 et
430 1104 80 17 Juliette
524 1109 9 11 »
547 1104 27 17 fie
587 1103 32 18 bal-

89 1123 45 20 let).
143 1131 25 5 —
179 1124 103 22 Vendredi,
294 1124 12 16 à
318 1125 22 16 20
352 1124 27 20 li.,
392 1130 9 11 «
413 1125 92 16 Chanson
516 1125 90 17 d'Amour
619 1130 9 10 »

88 1145 21 16 et
125 1149 10 11 «
149 1144 27 17 La
191 1144 47 17 Nuit
250 1145 116 16 cnsorcellée
382 1150 9 11 »
409 1145 85 18 (ballet).
507 1154 23 4 —
544 1146 84 18 Samedi,

89 1164 13 16 à
119 1164 23 17 20
160 1164 27 19 h*,
204 1170 9 11 f
230 1165 43 17 Don
289 1165 104 19 Quichotte
410 1171 16 11 ».
444 1174 24 4 —
485 1166 107 17 Dimanche
616 1166 12 17 à

91 1184 21 17 14
124 1184 26 19 h..
164 1190 9 11 «
185 1185 28 17 La
226 1185 96 20 Walkyrie
334 1189 17 15 »;
366 1186 12 16 à
391 1186 21 17 20
423 1186 26 19 h-,
463 1192 9 9 «
484 1187 80 19 Mignon
579 1192 15 12 ».
606 1195 22 5 —

90 1204 68 20 Lundi,
173 1205 13 18 k
199 1206 23 17 14
234 1206 27 19 h.,
276 1212 8 9 ■
298 1206 27 17 La
338 1207 87 17 Basoche
441 1210 17 16 »:
474 1207 12 17 k
501 1208 23 16 20
539 1207 26 19 h..
579 1213 9 10 «
604 1208 25 16 Le

90 1225 118 18 Chemineau
222 1231 16 11 ».
253 1234 24 5 —
290 1227 71 19 Mardi,
375 1228 12 15 à
404 1228 20 16 14
438 1228 27 19 h.,
481 1233 9 10 «
507 1229 60 16 Pauat
584 1232 18 15 •;
617 1229 12 17 k

89 1245 23 17 20
126 1245 27 21 h.,
167 1251 11 12 «
190 1246 91 20 Madame
295 1247 98 21 Butterfly
406 1253 9 11 »
428 1250 19 16 et
462 1254 10 10 *
485 1249 97 20 Nymphes
596 1249 34 17 des

89 1266 46 17 Bois
147 1272 16 12 ».
173 1275 23 4 —
206 1267 102 19 Mercredi,
318 1268 13 17 à
344 1269 20 16 14
374 1269 27 19 h.,
412 1273 10 12 ■
432 1269 74 17 Manon
518 1273 18 15 ■;
549 1270 12 16 à
570 1270 22 16 20
603 1270 25 19 h,.

91 1292 10 9 •
111 1286 28 17 La
149 1287 61 17 Tosca
221 1293 9 10 »
241 1289 20 16 et
274 1293 9 11 *
296 1288 70 19 Quand
377 1289 28 17 les
417 1289 61 18 Chats
489 1292 45 16 sont
545 1291 62 19 partis
620 1296 9 11 •

92 1306 87 20 (ballet).

113 1333 55 18 Pare.
179 1342 24 6 —
213 1340 10 10 •
235 1335 52 17 C'est
299 1339 27 13 un
337 1336 97 21 triomphe
446 1341 17 16 ».
475 1337 46 17 telle
533 1338 29 16 est
574 1337 45 21 l'opi-

91 1354 47 17 nion
155 1356 92 16 unanime
261 1356 23 17 de
298 1356 20 17 la
332 1360 65 17 presse
411 1361 27 14 au
453 1358 52 19 sujet
522 1358 24 17 de
561 1364 9 10 c
588 1359 32 16 Mo-

91 1375 43 16 zart
145 1379 17 13 ».

113 1401 94 18 Galeries.
220 1410 24 6 —
256 1403 26 17 Ce
297 1404 63 17 mardi
377 1405 20 16 18
410 1404 106 22 décembre,
531 1405 62 18 soirée
607 1406 24 17 de

91 1421 53 25 S-Ua,
155 1427 9 10 «
177 1423 27 16 La
216 1423 66 17 Griffe
295 1429 16 13 ».
324 1424 25 17 de
362 1425 102 17 Bernsteln
483 1430 47 13 avec
543 1427 87 17 Francen

91 1443 20 15 et
128 1440 99 20 Corclade.
243 1444 26 17 Le
285 1446 64 15 comte
364 1445 24 17 de
402 1446 83 17 Flandre
502 1450 12 16 y
532 1449 92 15 assistera

91 1462 95 18 Mercredi
199 1464 20 16 lt)
233 1465 20 16 et
265 1464 53 20 Jeudi
330 1466 28 19 20,
371 1466 50 17 deux
434 1467 98 17 dernières
543 1468 24 17 de
580 1474 10 9 «
604 1469 27 17 La

92 1482 66 19 Griffe
170 1489 17 12 ».
199 1484 95 18 Vendredi
306 1486 28 19 21,
347 1486 93 20 première
454 1487 25 17 de
493 1494 8 10 «
516 1489 41 17 Une
570 1489 61 17 Bour-

92 1504 63 18 See-lse
171 1509 16 14 »,
202 1505 24 16 de
241 1505 22 17 V.
278 1506 95 20 Francen,
388 1511 46 13 avec
447 1507 90 19 l'auteur.

114 1530 111 18 Aihambra.
237 1539 24 5 —
274 1533 30 16 Du
320 1533 52 17 faste
384 1533 126 22 éblouissant,
524 1536 24 17 de
560 1536 19 17 la
593 1537 28 17 cri-

91 1550 53 19 tique
162 1551 105 20 cinglante,
282 1556 39 13 une
336 1555 132 17 merveilleuse
482 1557 20 15 et
517 1557 115 18 charmante

92 1570 100 18 évocation
204 1572 34 17 des
250 1576 71 14 mœurs
331 1576 20 15 et
362 1575 24 16 de
398 1575 19 17 la
430 1576 55 17 mode
496 1577 24 17 de
531 1577 40 17 l'on
584 1578 42 17 1900

93 1591 20 16 la
128 1592 88 17 nouvelle
233 1596 58 14 revue
308 1596 30 15 est
357 1594 18 17 le
395 1596 43 19 plus
454 1597 50 17 beau
519 1598 20 17 et
555 1598 18 17 le
590 1599 42 19 plus

92 1613 92 16 amusant
198 1614 96 18 spectacle
311 1615 25 17 de
352 1615 82 18 l'année.

114 1637 136 19 Ambassador.
271 1648 24 6 —
311 1641 173 21 L'interprétation
505 1644 25 17 de
550 1647 81 18 premier

93 1659 57 16 ordre
160 1660 19 16 et
190 1660 19 17 la
220 1661 48 16 mise
279 1665 23 13 en
314 1662 57 18 scène
383 1663 88 23 limier/
485 1665 23 17 de
520 1671 9 10 «
540 1666 92 18 L'Amour

92 1679 80 20 Masqué
185 1685 10 11 »
208 1680 38 18 fait
258 1681 132 20 l'admiration
402 1684 24 18 de
437 1686 50 17 tuus.

93 1703 117 33 ^JSStt?
206 1705 10 20 1
213 1709 19 27 ^.
250 1715 24 6 ~
289 1714 13 22 '.
318 1710 28 16 En
362 1710 16 15 n
379 1711 57 17 °rdée
454 1717 17 14 »,
487 1712 18 18 le
523 1713 110 22 désopilant

93 1726 106 18 vaudeville
215 1727 34 18 des
263 1729 81 17 maîtres
358 1731 20 16 P.
393 1731 60 18 véber
466 1733 21 17 et
502 1733 70 20 Beuxy,
586 1739 36 12 con-

94 1747 54 16 tinue
163 1750 21 14 sa
199 1748 85 19 carrière
298 1749 117 23 triomphale
429 1754 20 16 et
464 1755 97 19 approche
575 1755 24 17 de
613 1756 20 17 la

93 1769 101 16 centième.

94 1791 60 33 mtS
152 1792 10 19 1
160 1796 20 28 *;
195 1802 25 6 —
233 1796 18 28 P
252 1799 23 13 n
275 1800 35 14 »l*
327 1797 52 19 '""*
395 1802 49 16 ynx
462 1799 118 21 ."merveilles
599 1803 24 17 di-

94 1814 58 16 luent
172 1814 27 18 I»
219 1816 43 20 plu,
281 1818 64 17 riches
364 1820 92 19 toilettes,
476 1821 27 17 les
524 1822 42 20 plus
585 1823 48 17 déll-

93 1835 55 16 clem
163 1838 134 19 mannequins,
315 1838 27 17 les
357 1839 43 20 plus
418 1841 90 18 brillants
522 1843 111 19 chanteurs.

95 1884 12 9 n
108 1859 113 34 .?*i'.,'h.T
227 1868 19 25 A
256 1884 13 9 ..
264 1863 27 18 l0
308 1865 66 28 ^V"
388 1867 81 19 '"rente
485 1874 18 16 ».
517 1870 117 20 interprétée

95 1884 35 15 par
143 1882 70 18 Estner
227 1884 96 21 Deltcnre,
339 1886 49 20 Sucy
403 1888 74 17 Oossen
498 1890 85 20 Alberty,
597 1892 37 17 Or-

95 1903 46 17 Dan,
154 1903 44 19 etc.,
209 1904 74 18 atteint
294 1905 18 17 le
323 1910 96 15 summum
431 1909 26 17 du
470 1910 72 18 succès.

116 1927 80 18 Molière
214 1938 24 5 —
249 1932 27 16 o
288 1933 94 17 mercredi
395 1934 46 21 soir,
454 1935 88 19 dernière
554 1937 24 18 de
590 1944 9 10 •
610 1939 25 17 Et

95 1948 38 16 mol
149 1949 33 17 'te
193 1950 30 18 dis
236 1954 26 17 uu
269 1952 36 17 elle
318 1954 28 16 fa
358 1954 38 17 lait
409 1955 66 18 dTcell
489 1962 15 12 ..
517 1958 62 19 Jeudi,
591 1963 34 15 pre-

95 1969 60 17 mière
166 1970 24 17 de
202 1971 52 20 gala,
268 1978 9 10 .
290 1973 25 16 Le
326 1974 99 18 Monsieur
438 1976 24 17 de
476 1977 11 17 5
500 1978 69 18 heures
584 1985 16 12 ».

96 1995 131 32 h.™'."*?"'
228 2002 10 14 8
237 2002 41 25 ,?''*
292 2007 24 20 T
328 2001 26 17 Ce
367 2003 94 17 mercredi
477 2005 20 16 et
512 2004 60 21 Jeudi,
586 2006 12 16 à
613 2007 22 17 20

96 2035 61 20 dredi.
172 2037 12 17 i
197 2038 22 17 30
231 2038 27 21 h.,
273 2041 94 18 première
380 2042 24 18 de
417 2049 10 10 •
443 2044 90 19 Mlranda
549 2052 16 12 ».

97 2062 58 34 h,n?.
148 2062 10 16 é
157 2087 9 9 .
159 2063 12 16 4
173 2064 25 32 "l«
192 2068 10 13 e
200 2088 10 8 .
217 2064 16 17 F
232 2065 66 31 '*J*?
299 2067 12 16 l!
313 2075 42 21 ',~
366 2069 95 18 Mercredi
476 2073 20 15 et
512 2072 59 22 Jeudi,
586 2073 13 18 k
613 2075 22 17 20

96 2081 220 42 cVlJe'nî'vVud-evmé''"
310 2091 11 16 5
321 2088 14 16 "
334 2092 8 13 1
357 2091 39 18 *"
410 2091 108 21 "'"*'"*
532 2077 17 14 "
563 2097 27 15 **»
603 2098 33 15 *»

119 2129 71 35 Casino
204 2132 81 21 Lyrique
304 2142 24 6 _
338 2136 52 18 Tous
401 2137 29 17 les
444 2139 55 20 soirs.
512 2145 10 10 .
537 2141 99 19 Princesse

100 2222 133 37 d.^/rm^nî
234 2226 6 17 1
241 2231 13 12 "
265 2232 18 12 c<
282 2232 41 14 "*"
324 2234 10 11 r
335 2237 8 10 *
355 2232 140 20 «^phonique
507 2235 24 17 de
542 2235 20 18 la
573 2237 64 17 Oran-

99 2248 93 30 dfr.rti«>
208 2250 14 28 5
229 2252 11 12 •
252 2252 48 14 "■*
311 2250 31 16 "*"
340 2254 8 13 J
363 2252 57 19 '"""•
432 2253 12 16 à
455 2254 10 16 2
466 2255 11 16 °
489 2258 19 14 "•
521 2256 10 16 3
532 2256 17 19 °.
560 2260 46 14 sous
617 2258 20 17 ra

99 2264 95 20 érection
211 2267 25 17 du
253 2271 130 18 compositeur
396 2273 74 17 Arthur
484 2267 85 26 Vonoist
591 2281 46 14 a.™

100 2308 25 14 de
138 2308 89 16 Hèraflna
245 2310 76 20 Aztato.
337 2313 101 18 violoniste
454 2316 90 19 virtuose.

99 2332 68 32 i.a'r!!îr.a
166 2333 31 17 réc
199 2335 15 29 ','
215 2336 19 16 a,
232 2356 17 8 a.
253 2336 12 16 d
267 2336 5 8 '
273 2340 41 16 orE,
313 2342 13 12 "
325 2342 6 12 !
349 2343 45 13 sera
408 2341 12 16 i
422 2341 50 17 onnt
490 2347 26 12 au
533 2345 65 18 Musée
613 2346 24 17 de

98 2352 19 31 !-
112 2353 15 16 A
130 2377 17 6 ~
138 2357 18 13 m
150 2377 11 13 u
158 2354 9 16 é
162 2364 54 30 .,,„*o-
229 2355 140 42 SS&"
382 2361 12 16 d
395 2370 9 7 *
406 2363 53 16 CC,nb
460 2367 27 15 "'
502 2363 12 18 *
527 2365 8 16 >
537 2365 11 16 5
560 2374 26 12 ****
601 2351 36 36 »■'

121 2398 29 21 U
152 2401 110 35 JSfi.
258 2403 18 19 r
273 2404 135 32 SS^*S*
406 2412 25 14 mm
450 2412 90 18 ««enlso
555 2416 49 17 pour
619 2414 19 18 le

112 2445 10 11 .
135 2438 62 18 iioi™
212 2428 41 28 •^'i,
248 2428 13 13 n
268 2445 11 11 a
278 2426 68 18 réCllal
360 2430 155 19 «'«ordinaire
530 2434 20 16 et
567 2435 68 17 unioue

115 2445 7 13 .
135 2442 63 18 violon
215 2444 64 18 donné
307 2451 35 16 par
369 2449 27 17 M.
410 2450 93 18 Borislaw
519 2453 111 19 Kuberman

650 367 37 26 La
705 367 183 31 température

739 434 115 18 INSTITUT
867 434 224 20 METEOROLOGIQUE

828 470 32 16 DE
878 470 122 19 BELGIQUE

714 504 118 16 BULLETIN
847 504 33 17 I.U
896 504 22 16 18
931 502 128 18 DECEMBRE
1074 501 43 16 ÎS-S

714 538 98 16 Situation
826 537 163 20 atmosphérique,
1001 541 12 11 av
1026 537 9 15 7
1049 536 68 15 heures

669 573 41 16 Une
723 571 59 17 faible
798 570 111 20 dépression
923 571 24 15 de
961 570 33 16 768
1006 572 45 13 mm.
1066 570 70 14 couvre
1151 569 35 13 nos

647 593 81 19 réglons.
741 592 39 16 Elle
794 595 68 16 sépare
876 591 49 17 deux
936 591 85 17 maxima
1036 587 151 19 barométriques

647 614 48 16 dont
708 613 40 16 l'un
761 613 23 15 de
798 612 32 16 777
844 615 44 13 mm.
903 613 28 15 est
944 611 50 16 situé
1008 614 32 12 sur
1054 608 19 17 la
1087 611 40 13 mer
1141 606 36 17 Bal-

648 635 52 18 tique
712 636 19 14 ct
744 633 70 17 l'autre
826 632 23 17 dc
863 632 32 17 77j
907 636 45 13 mm.
967 635 32 13 sur
1011 631 19 17 la
1043 628 88 18 Manche.

669 655 16 16 Il
702 658 24 12 en
742 653 72 18 résulte
830 657 33 12 s'ir
881 653 19 16 la
914 653 97 19 Belgique,
1025 651 33 16 des
1074 650 56 15 vents
1145 650 32 14 mo-

647 675 55 17 dérés
716 675 24 16 de
756 674 60 18 B.-O..
830 677 27 13 un
873 673 37 16 ciel
926 673 86 17 couvert,
1025 671 24 16 de
1066 669 19 17 la
1100 668 51 21 pluie
1168 669 19 15 et

648 699 37 13 une
699 695 131 19 température
846 695 74 16 voisine
934 694 23 16 de
973 694 11 16 5
999 691 74 20 degrés.

669 717 27 16 La
714 716 131 19 tempcriture
870 718 22 13 ce
907 715 70 16 matin,
996 712 50 17 était
1063 710 24 17 de
1102 709 54 16 —19"
1175 709 11 14 û

648 738 55 19 Riga.
713 737 33 15 -3
758 741 11 10 a
780 735 128 20 Helsinslors,
919 742 28 5 —
946 735 7 15 1
965 739 13 11 a
989 733 53 18 O*:o.
1053 731 33 15 —2
1096 734 12 12 a
1119 730 68 16 Stocx-

647 757 59 19 holm,
722 757 65 16 Berlin
813 757 20 16 et
860 756 101 16 Bucarest.
977 754 32 17 —1
1027 758 13 12 a
1053 750 128 20 Copenhague

647 778 75 19 Prague
737 779 19 14 et
772 777 79 17 Vienne.
863 777 11 16 0
889 776 12 17 à
916 775 87 18 Ulrccht.
1017 774 9 17 I
1039 777 12 13 a
1067 772 68 17 Berne,
1149 771 11 16 2
1175 771 12 14 à

648 798 92 20 Londres.
752 798 10 16 4
773 801 12 13 a
796 798 63 20 Par.s.
869 797 10 16 S
890 802 12 11 a
915 795 105 19 Bruxelles,
1032 794 10 17 t.
1054 793 11 17 â
1076 793 66 15 Rome.

857 836 128 17 rroliabllltés

670 872 50 17 Vent
743 870 60 18 faible
824 870 12 16 à
859 869 77 18 modéré
958 869 25 16 de
1004 865 95 19 direction
1117 862 71 18 variée.

648 894 77 16 surtout
745 892 33 16 des
795 890 77 20 réglons
902 890 22 16 N.
955 889 97 19 Nuageux.
1080 884 107 17 Eclalrc.es.

648 913 108 17 Brouillard
774 912 55 17 local.
844 911 62 17 Bores
920 909 76 18 ondées.
1011 905 176 20 Refroidissement.

649 934 58 17 Gelée
721 933 102 17 nocturne.

719 966 138 17 Observations
873 964 12 16 à
901 963 63 18 Uecle.
978 962 12 17 k
1003 963 11 16 7
1028 962 69 16 heures

649 989 112 16 Baromètre
779 994 11 8 .*
807 987 21 15 b»
847 987 5 15 1
858 985 41 17 1025
914 984 94 17 millibars
1025 983 17 16 8i

648 1009 139 19 Température
804 1007 107 16 mnxlmum
930 1005 24 16 de
970 1004 19 17 la
1005 1002 55 17 veille

650 1029 138 19 Température
808 1027 102 16 minimum
930 1025 24 17 de
977 1024 19 17 la
1016 1023 44 17 nuit

649 1049 98 17 Humidité
766 1049 12 15 à
797 1047 47 17 midi
1024 1055 11 4 -•

650 1071 40 16 Eau
704 1069 75 17 tombée
795 1072 24 13 en
835 1068 22 16 24
873 1067 69 17 heures
960 1066 28 17 (la
1001 1065 63 17 veille)

649 1091 98 16 Direction
762 1089 114 16 dominante
891 1088 26 16 du
932 1087 47 16 vent

650 1112 74 16 Vitesse
737 1113 50 16 moy.
802 1110 25 15 du
845 1109 45 16 vent
909 1110 33 14 lm.
957 1110 35 17 par
1008 1105 46 18 sec.)

649 1131 124 18 Déclinaison
793 1129 123 20 magnétique
941 1127 28 18 (la
986 1126 63 17 velHe)

672 1158 59 17 Soleil
747 1160 6 15 :
769 1157 51 17 lever
835 1156 11 16 7
861 1156 20 16 h.
894 1155 29 18 41;
939 1153 82 18 coucher
1037 1151 20 17 15
1071 1150 20 16 h.
1106 1149 29 17 33.

673 1179 53 16 Lune
745 1181 5 14 :
769 1178 51 16 lever
836 1177 21 17 12
872 1176 20 16 h.
907 1176 18 18 6;
942 1173 82 18 coucher
1039 1172 21 17 23
1075 1171 21 16 h.
1113 1171 17 16 a.

673 1206 64 16 Haute
748 1208 40 13 mer
803 1208 6 13 :
822 1203 86 18 Ostende
920 1203 11 16 4
943 1202 20 16 h.
974 1200 21 17 22
1008 1200 20 16 et
1041 1198 21 17 18
1074 1197 20 17 h.
1107 1196 28 17 44.

675 1227 64 16 Haute
753 1229 41 14 mer
808 1228 6 14 :
828 1225 73 16 Anvers
914 1223 10 17 7
936 1222 20 17 h.
969 1221 21 17 48
1002 1221 20 16 et
1036 1220 22 16 20
1072 1219 20 16 h.
1107 1219 27 16 II.

1100 979 77 18 763mm.
1179 977 10 17 2

1158 998 31 16 4»5

1159 1019 30 16 rr-7

1169 1039 21 16 88

1122 1061 56 15 2mm.
1180 1060 9 15 4

1100 1080 89 19 N.-N.-O.

1180 1100 11 17 6

1108 1121 82 18 io»ito.

1208 363 46 20 Des
1269 368 69 16 noces
1353 364 28 20 de
1396 362 108 22 diamant

1234 412 78 20 Mardi
1324 412 83 24 matin,
1420 412 43 21 ont
1474 411 37 21 été
1525 408 114 23 célébrées
1651 408 14 21 à
1676 408 59 21 l'hos-

1210 438 49 24 pice
1273 437 80 21 Albert
1369 437 29 21 de
1411 438 93 21 Latour,
1519 436 15 20 à
1549 434 152 22 Schaerbeek,
1715 433 33 20 les

1210 468 68 15 noces
1295 463 30 20 de
1343 463 107 20 diamant
1470 462 40 20 des
1528 461 75 24 époux
1621 458 126 22 Bulinckx-

1210 488 121 24 Keyaerts,
1352 487 175 26 pensionnaires
1547 486 32 21 du
1596 485 36 21 dit
1653 483 83 23 établis-

1209 514 98 20 sement.

1236 539 99 20 Avaient
1348 538 56 21 tenu
1416 538 14 20 à
1442 537 94 21 assister
1547 536 16 21 à
1574 535 61 21 cette
1646 534 90 22 cérémo-

1210 564 38 21 nie
1270 565 51 19 tout
1343 564 89 22 intime,
1454 564 31 20 M.
1505 563 29 20 de
1555 563 56 21 Roo,
1631 560 118 26 président

1210 590 29 20 de
1256 589 23 21 la
1295 589 155 21 Commission
1467 588 148 21 d'assistante
1630 585 117 27 publique;

1210 615 31 19 M.
1262 615 121 21 Baevaert.
1401 614 124 20 secrétaire
1544 613 29 20 de
1592 612 61 20 cette
1673 610 64 21 admi-

1210 640 134 23 nistration;
1361 639 31 22 M.
1406 639 112 20 l'échevin
1530 638 114 22 Goudart.
1658 636 91 21 officier

1211 665 29 20 de
1254 665 64 20 l'état
1333 665 60 21 civil,
1407 666 23 20 et
1444 665 31 21 M
1491 665 21 20 le
1526 664 97 21 docteur
1636 661 113 22 Hoebeke,

1211 690 104 20 médecin
1336 691 41 19 des
1395 690 124 20 vieillards.

1237 716 32 20 M.
1288 716 29 19 de
1336 716 56 21 Roo.
1412 715 89 21 faisant
1521 713 75 26 partie
1615 714 41 21 des
1674 711 64 22 admi-

1211 741 138 20 nistrations
1371 740 141 21 charitables
1532 740 29 21 de
1582 739 24 20 la
1628 741 122 18 commune

1211 765 81 25 depuis
1303 766 52 24 plus
1366 767 29 20 de
1405 766 115 24 quarante
1531 769 50 18 ans,
1593 769 30 15 en
1636 768 45 16 une
1692 762 46 21 allo-

1211 792 79 20 cution
1310 792 55 20 bien
1384 791 82 26 sentie,
1485 790 89 22 félicita
1593 790 34 20 les
1648 789 103 21 heureux

1212 816 125 25 Jubilaires.

1238 843 32 19 M.
1287 842 111 20 l'échevin
1417 840 114 23 Goudart.
1546 840 15 21 à
1579 845 43 15 son
1641 839 59 23 tour,
1718 838 33 21 les

1212 868 137 24 congratula
1365 868 24 20 et
1405 867 51 21 leur
1470 867 70 21 remit
1558 866 21 21 le
1595 865 89 21 cadeau
1700 864 38 20 d'u-

1212 898 55 19 sage
1287 898 30 16 au
1337 897 57 16 nom
1413 893 28 21 de
1461 891 206 22 l'administration
1688 894 51 16 com-

1212 918 101 21 munale.

1239 944 52 20 Une
1311 943 178 21 manifestation
1506 941 129 25 spontanée
1654 945 26 16 se
1697 944 43 20 pro-

1213 969 71 20 duisit
1302 968 90 22 ensuite
1410 973 30 15 en
1460 968 83 20 faveur
1559 967 28 21 de
1605 967 32 20 M.
1654 965 99 21 Lebrun,

1214 994 121 23 directeur,
1353 993 60 22 ainsi
1431 998 44 20 que
1491 993 29 21 de
1537 997 43 16 son
1598 992 91 24 épouse,
1707 991 34 20 les-

1213 1020 72 23 quels,
1306 1019 82 24 depuis
1409 1019 53 24 plus
1483 1018 29 21 de
1532 1017 78 22 trente
1631 1022 50 16 ans.
1699 1016 55 20 sont

1214 1045 33 20 les
1263 1044 82 21 fidèles
1359 1044 181 20 collaborateurs
1556 1043 28 21 de
1598 1043 23 20 la
1638 1041 103 22 Commis-

1214 1071 51 20 sion
1280 1071 41 20 des
1336 1070 117 25 Hospices.

1240 1096 62 21 Tous
1323 1095 34 21 les
1374 1094 176 26 pensionnaires
1571 1093 28 22 de
1618 1092 123 22 l'établisse-

1215 1121 66 21 ment
1292 1121 43 21 ont
1347 1126 28 15 eu
1388 1120 50 21 leur
1452 1121 54 24 part
1518 1120 60 21 dans
1588 1119 25 21 la
1624 1118 46 25 joie
1684 1117 57 26 géné-

1214 1146 56 21 rale.
1281 1156 29 6 —
1319 1146 79 24 Belga.

1215 1184 88 22 Divers.

1788 183 20 27 2
1860 183 40 27 La
1923 184 131 29 Dernière
2075 185 93 29 Heure
2224 185 19 25 2
2305 190 5 24 !

1842 262 173 29 NOUVELLE
2039 256 192 38 LITTÉRAIRE

1772 362 141 63 LES
1934 362 231 65 DEUX
2190 362 117 65 LIS

654 1296 87 22 Contre
751 1294 115 21 l'élection
877 1293 29 20 de
917 1292 83 20 Borms

98 2372 20 17 la
130 2375 86 19 musique
229 2377 33 17 des
273 2371 77 25 Guides!

121 2400 28 17 La
167 2403 48 17 Socli

98 2420 21 18 JS
134 2421 77 20 Janvier
234 2428 27 13 un
278 2426 68 18 récital
360 2422 190 28 ext7awdTn^'e'"ët
556 2422 82 32 "unique'

221 2444 58 18 lonné
307 2451 35 16 par
369 2449 27 17 M.
410 2450 93 18 Borislaw
519 2453 111 19 Kuberman

218 2469 63 14 icours
296 2467 25 18 de
333 2469 26 17 M.
373 2470 94 20 Siegfried
483 2473 96 21 Schultse,
594 2471 44 24 pia-'

98 2485 94 38 ïensleln.
322 2489 29 18 "'"
363 2490 12 17 d
377 2494 20 14 ™
409 2492 16 17 B
426 2496 6 9 *
430 2495 32 14 -au
463 2496 21 14 «-
485 2494 16 16 A
501 2495 36 18 »=.
551 2497 34 17 »
597 2496 40 17 Ra-

100 2556 37 23 An
154 2558 92 23 Conseil
259 2565 134 20 communal
408 2566 29 21 de
453 2567 118 22 Bruxelles

680 1351 20 20 A
710 1350 92 21 l'instar
815 1349 28 20 de
854 1347 62 21 leurs
929 1342 137 24 camarades
1079 1341 30 21 de
1119 1339 75 25 Liège,

654 1377 29 21 de
696 1375 120 21 Bruxelles
829 1374 24 20 et
865 1373 29 20 de
905 1370 111 22 Louvain,
1028 1369 34 20 les
1074 1366 120 22 étudiants

654 1402 29 21 de
697 1400 83 22 l'Ecole
792 1398 134 25 supérieure
939 1396 40 20 des
990 1393 92 22 textiles
1095 1392 29 20 de
1136 1392 46 20 Ver-

654 1427 61 21 viers
728 1427 42 19 ont
783 1423 113 25 organisé,
908 1421 66 21 lundi
986 1419 84 22 matin,
1083 1422 47 16 une
1142 1420 40 17 ma-

656 1452 138 21 nifestation
813 1450 81 19 contre
917 1447 23 20 la
962 1444 152 22 scandaleuse
1134 1442 48 20 élec-

655 1478 51 20 tion
719 1477 29 20 de
760 1476 89 20 Borms.
863 1471 73 26 Après
948 1475 46 17 une
1006 1470 122 22 harangue
1139 1471 43 20 pro-

656 1502 89 22 noncée
760 1506 32 16 au
806 1499 54 25 pied
877 1498 32 20 du
926 1500 84 21 perron
1024 1495 30 21 de
1069 1494 8 20 1
1085 1492 64 22 hôtel
1166 1492 30 20 de

657 1528 52 21 vlll-
721 1531 45 20 par
778 1526 22 21 le
812 1523 119 27 président
945 1522 32 20 du
991 1524 86 21 groupe
1089 1518 41 21 des
1143 1518 40 19 étu-

657 1554 86 22 diants,
767 1552 21 20 le
812 1548 92 25 cortège
927 1547 57 20 s'est
1009 1545 61 21 alors
1094 1543 45 21 mis
1166 1546 30 16 en

655 1579 82 21 branle
750 1577 23 21 et
785 1581 15 16 a
812 1577 117 23 parcouru
942 1572 34 21 les
988 1569 141 28 principales
1142 1572 54 16 rues

657 1605 29 21 de
702 1604 25 20 la
742 1602 61 21 ville.
1122 1619 6 8 ,
1170 1617 5 7 ,

682 1630 35 20 De
734 1627 128 21 nombreux
878 1623 96 22 calicots
990 1620 89 22 étaient
1096 1617 100 22 arborés,

656 1654 45 21 tels
717 1658 7 16 :
742 1660 10 10 »
760 1653 36 20 Au
810 1655 58 20 pays
881 1650 40 20 des
935 1647 115 24 aveugles,
1063 1646 84 20 Borms
1160 1644 36 21 est

656 1679 35 21 roi
699 1683 21 13 ••*
739 1686 10 9 »
757 1676 128 22 Flamands
896 1675 25 21 et
933 1673 104 20 Wallons
1048 1670 54 22 unis
1115 1670 81 20 contre

657 1705 33 21 les
708 1701 185 25 flamingants»;
916 1700 102 19 ..Borms
1036 1701 31 17 au
1085 1695 85 25 poteau
1179 1702 18 15 »,

657 1731 50 22 etc.,
719 1729 44 21 etc.
775 1729 84 20 Aucun
870 1724 106 22 incident
988 1728 30 16 ne
1029 1722 55 22 s'est
1096 1721 101 25 produit.

657 1762 20 17 S.
692 1760 27 18 M.
734 1760 18 16 lo
765 1760 36 17 Roi
815 1758 67 18 Albert

656 1806 54 15 vient
728 1804 24 16 de
769 1803 74 16 donner
860 1804 40 13 une
913 1798 88 18 nouvelle
1015 1799 81 17 marque
1111 1795 24 17 de
1151 1797 47 14 con-

658 1825 65 17 fiarce
735 1827 12 13 û
763 1823 19 17 la
796 1823 88 16 Mlnrrva
900 1821 80 17 Motors,
996 1822 25 13 en
1034 1816 139 18 commandant
1187 1817 11 13 a

658 1845 18 17 la
690 1844 74 18 «r-ande
777 1843 57 16 firme
847 1841 55 20 belge
914 1837 147 20 d'automobiles
1076 1840 38 13 une
1129 1836 25 16 de
1169 1838 30 13 ses

658 1865 91 20 superbes
767 1864 20 16 12
803 1862 32 17 CV
851 1862 10 16 8
881 1860 102 20 cylindres,
1002 1857 75 18 modèle
1096 1856 33 20 qui
1145 1855 53 16 vient

659 1884 95 19 d'obtenir
764 1887 28 14 un
802 1884 18 16 si
830 1882 81 17 brillant
921 1883 66 15 succès
999 1882 26 13 au
1034 1877 60 18 Salon
1105 1876 24 17 d'
1140 1877 59 34 =™Jj

659 1938 120 26 L'Hôpital
794 1935 111 23 militaire
920 1935 29 20 de
963 1933 91 20 Namur

685 1988 40 20 On
744 1990 79 17 assure
843 1988 43 20 que
906 1982 34 20 les
959 1982 100 20 travaux
1077 1975 109 24 d'achevé

660 2014 66 20 ment
742 2012 28 21 de
786 2009 106 25 l'hôpital
909 2006 110 22 militaire
1036 2005 29 21 de
1079 2002 121 33 S-t^in»"»

664 2037 118 23 (Namur),
801 2035 80 21 seront
902 2030 136 28 poursuivis,
1060 2033 30 17 en
1109 2028 58 22 1929,
1185 2031 15 16 a

660 2066 154 18 concurrence
834 2058 120 23 d'environ
988 2054 104 25 1,500,000
1113 2053 87 20 francs.

660 2090 59 19 Bien
737 2084 144 28 qu'entamée
901 2083 72 21 avant
990 2082 26 20 la
1033 2084 88 21 guerre,
1140 2078 60 20 cette

661 2113 158 22 construction
829 2111 39 21 n'a
880 2114 32 20 pu
925 2108 49 21 être
986 2106 86 24 reprise
1084 2109 44 20 que
1139 2103 61 20 cette

661 2139 81 23 année,
757 2142 44 21 par
818 2136 61 22 suite
896 2135 42 20 des
955 2130 168 26 compressions
1140 2128 48 21 bud-

660 2164 105 26 gétaires.
780 2163 44 20 Les
839 2162 100 20 travaux
954 2163 31 16 ne
1002 2155 123 23 tarderont
1140 2155 60 20 donc

660 2195 43 20 pas
720 2189 15 21 à.
751 2190 177 19 recommencer.

660 2223 30 19 Le
707 2221 59 24 pont
782 2220 29 20 dc
827 2219 24 19 la
865 2215 112 22 chaussée
993 2215 29 20 de
1037 2213 84 22 Wavre

127 2607 21 22 A
160 2608 25 21 la
198 2609 37 21 fin
248 2610 28 21 de
291 2611 24 21 la
326 2611 85 23 séance
424 2614 31 22 du
470 2616 92 21 Conseil
575 2622 52 16 com-

101 2634 82 20 munal
196 2635 29 20 de
238 2636 126 25 Bruxelles,
379 2639 72 26 lundi,
465 2641 33 20 M.
511 2642 129 25 Waucquez

101 2662 12 16 s
121 2659 35 20 est
171 2659 91 23 déclaré
278 2663 106 23 partisan
400 2665 32 21 du
447 2666 75 22 crédit
535 2668 28 21 de
581 2669 59 21 deux

101 2683 101 23 millions
220 2690 29 17 en
268 2687 83 22 faveur
367 2689 41 22 des
423 2691 97 22 sociétés
538 2693 30 21 de
583 2698 45 17 con-

101 2710 127 22 structions
242 2712 168 24 d'habitations
424 2716 15 21 à
452 2717 47 21 bon
512 2719 102 21 marché.

128 2735 33 21 M.
181 2737 121 23 Brunfaut
320 2744 16 16 a
355 2740 82 22 estimé
458 2747 44 20 que
520 2748 26 17 ce
567 2744 74 22 crédit

102 2761 59 20 était
176 2761 140 26 insuffisant
332 2765 24 21 et
372 2766 90 22 devrait
477 2767 49 23 être
545 2770 67 22 porté
626 2771 15 21 à

102 2785 40 22 dix
156 2787 108 23 millions.

128 2811 191 25 L'amendement
335 2816 29 21 de
383 2817 33 21 M.
433 2818 120 23 Brunfaut
570 2824 16 18 a
604 2821 37 22 été

102 2838 80 23 rejeté.

129 2862 32 21 I*
174 2863 107 26 chapitre
294 2865 82 23 relatif
389 2872 47 17 aux
449 2870 99 22 recettes
563 2872 65 21 extra-

103 2889 128 21 ordinaires
243 2895 59 20 pour
315 2892 68 22 ordre
395 2894 40 21 n'a
447 2895 92 22 soulevé
552 2901 90 19 aucune

103 2912 134 24 discussion.

129 2938 142 24 L'ensemble
287 2942 32 21 du
337 2942 87 26 budget
440 2945 29 22 de
485 2946 25 21 la
525 2947 61 25 ville,
602 2950 40 23 qui

103 2967 12 17 s
122 2962 63 23 élève
199 2965 15 21 à
228 2966 132 24 437,484.162
374 2969 86 25 francs,
476 2976 15 16 a
505 2971 38 22 été
557 2974 85 23 adopté

103 2993 45 20 par
161 2990 28 21 26
203 2991 53 21 voix
271 2993 81 22 contre
369 2994 25 21 10
408 2996 24 21 et
449 2997 11 20 1
475 2996 141 25 abstention.

103 3027 32 22 Le
147 3028 47 22 bon
208 3029 48 25 vin,

103 3075 23 21 le
137 3076 48 22 bon
199 3078 63 26 pain,
274 3079 22 22 le
310 3080 48 22 bon
370 3082 113 23 manteau
497 3085 146 26 Destrooper.

101 3111 30 6 —
145 3103 71 22 (Cm.)

104 3147 36 22 An
158 3148 93 23 Conseil
269 3150 111 26 Supérieu
381 3159 13 15 r
409 3154 30 21 de
457 3155 161 25 l'Agriculture

129 3196 33 22 Le
181 3198 93 22 Conseil
293 3200 125 24 Supérieur
436 3203 29 21 de
484 3204 160 24 l'Agriculture

104 3226 26 17 se
145 3223 102 23 réunira,
265 3229 30 17 en
314 3227 125 22 assemblée
458 3228 109 26 plénière,
582 3236 50 16 mer-

105 3248 63 20 credi
190 3249 25 20 19
235 3251 106 23 courant,
363 3252 15 20 à
397 3253 25 20 10
443 3253 24 22 h.
489 3255 33 24 30,
540 3256 61 21 dans
622 3257 23 21 la

104 3273 58 21 salle
180 3275 41 21 des
238 3275 97 23 séances
352 3278 32 21 du
403 3278 77 22 Palais
499 3281 40 21 des
555 3282 77 21 Acadé-

104 3303 65 16 mies,
183 3300 21 21 n
217 3301 131 25 s'occupera
361 3304 150 22 notamment
523 3307 40 21 des
578 3312 54 20 ques-

106 3324 64 21 tions
190 3326 120 22 suivantes
340 3332 6 16 :
374 3329 181 24 Etablissement
575 3333 69 22 d'une

105 3351 137 22 mercuriale
270 3353 109 24 agricole;
407 3355 146 27 statistiques
578 3363 55 16 men-

104 3375 84 22 suelles
209 3377 140 23 établissant
370 3380 86 21 l'Index
478 3383 42 20 des
542 3385 105 22 produits

106 3401 112 24 agricoles
232 3404 24 20 et
269 3404 41 21 des
323 3405 110 22 matières
446 3407 134 25 premières;
596 3410 37 21 sta-

105 3426 39 21 tut
158 3428 72 21 social
245 3429 42 21 des
298 3430 98 21 salariés
412 3431 120 26 agricoles;
550 3434 85 25 divaga-

106 3451 52 22 tion
174 3454 41 20 des
234 3456 101 20 canards
354 3457 155 26 domestiques
541 3464 42 17 sur
614 3461 33 21 les

107 3482 60 17 eaux
180 3479 114 22 fluviales.
308 3482 51 21 Cm.

105 3515 42 18 Ler
156 3521 58 13 maux
230 3519 24 16 de
271 3519 55 20 pieds

105 3562 48 14 vous
167 3561 77 19 privent
256 3562 47 16 d'un
315 3563 34 17 des
362 3564 95 17 exercices
469 3564 29 18 les
513 3565 43 20 plus
568 3566 55 18 sains
640 3571 5 13 :

105 3580 21 16 la
141 3581 85 17 marche.
242 3581 26 18 Le
286 3583 83 18 système
385 3584 25 16 du
429 3585 28 16 Dr
473 3585 64 17 Scholl
554 3586 64 18 donne
634 3586 12 18 à

106 3600 76 17 chacun
200 3601 19 17 la
234 3602 106 19 possibilité
355 3604 24 17 de
397 3605 89 16 marcher
501 3607 145 17 correctement.

106 3620 147 18 Consultations
271 3624 96 18 gratuites
382 3624 12 17 à
409 3624 19 17 la
444 3628 34 14 rue
493 3626 70 19 Neuve.
579 3627 28 19 45,
623 3631 23 12 ou

107 3639 47 17 chez
173 3641 86 19 Delacre,
280 3643 130 20 Coudenberg,
434 3645 28 19 64,
482 3645 104 18 Bruxelles.
610 3646 37 17 Dé-

100 3660 52 19 .pote
165 3661 50 18 dans
230 3663 64 17 toutes
309 3663 28 17 les
355 3664 54 17 villes
423 3665 24 17 de
462 3666 96 19 Belgique.
578 3667 68 17 (H20/7

108 3692 139 27 L'éclairage
263 3695 78 25 public

135 3743 34 22 La
186 3748 124 18 commune
327 3746 29 20 de
373 3746 82 21 Forest
471 3746 53 21 fera
539 3747 111 24 procéder

110 3773 31 17 au
164 3769 71 22 début
253 3771 29 20 de
304 3771 51 20 1929
375 3776 31 16 au
427 3772 173 21 renforcement
620 3774 30 20 de

109 3793 129 27 l'éclairage
249 3795 77 24 public
337 3796 61 21 dans
409 3801 38 17 ses
458 3798 140 23 principales
611 3803 27 16 ar-

110 3818 67 25 tères,
197 3821 150 21 notamment
381 3826 90 17 avenue
506 3823 145 24 Brugmann,

110 3845 112 21 chaussée
252 3847 163 25 d'Alsemberg,
445 3852 90 17 avenue
566 3849 84 20 Wiele-

110 3872 210 24 mans-Ceuppens,
353 3877 90 17 avenue
475 3873 53 21 Van
548 3874 103 23 Volxem,

111 3896 43 22 etc.
174 3896 52 21 Une
246 3898 109 21 centaine
375 3898 30 21 de
421 3899 118 20 nouvelles
562 3899 88 25 lampes

110 3920 81 23 Seront
209 3922 106 25 ajoutées
333 3923 16 21 à
368 3923 70 22 celles
455 3924 40 24 qui
515 3929 16 20 y
551 3925 100 21 existent

111 3946 62 25 déjà.

137 3972 35 21 De
189 3976 44 18 son
251 3972 58 25 côté,
324 3973 24 21 la
365 3978 124 18 commune
506 3975 145 21 d'Etterbeek

111 3997 109 25 envisage
236 3997 137 26 également,
390 4004 59 20 pour
463 4000 24 20 la
502 4000 76 21 même
595 4001 44 24 épo-

111 4026 52 20 que,
184 4028 47 17 une
252 4024 164 22 amélioration
436 4024 101 23 sérieuse
559 4026 29 22 de
608 4031 44 16 son

111 4047 115 26 éclairage
243 4049 84 24 public.
345 4060 29 5 —
391 4050 30 21 G.

134 4080 57 18 Perte
203 4084 26 14 ou
241 4085 84 17 manquo
340 4082 102 20 d'appétit,
456 4083 93 20 aigreurs,
563 4083 88 21 nausées,

113 4100 91 18 malaises
224 4101 68 18 cajsés
312 4106 36 16 par
372 4103 34 17 des
427 4103 106 20 digestions
553 4104 98 19 difficiles,

112 4122 46 15 sont
177 4121 85 20 corrigés
282 4125 35 17 par
340 4123 84 19 remploi
443 4124 100 19 quotidien
564 4124 87 16 d'ENO'S

114 4146 10 9 «
140 4140 56 17 Frolt
212 4141 43 17 Sait
271 4146 17 14 ».
304 4142 126 21 préparation
452 4143 70 19 saline,
544 4143 108 21 pétillante,

113 4159 41 19 très
171 4164 47 17 pure
233 4162 20 17 et
267 4161 41 18 très
322 4163 65 17 douce.
402 4164 42 16 Eno
460 4163 106 17 rafraîchit
580 4163 61 20 l'orga-

114 4181 69 18 nisme,
200 4181 85 18 favorise
302 4183 86 17 estomac
404 4185 19 15 et
443 4183 46 20 foie,
505 4183 87 18 contrôle
608 4184 45 17 l'in-

112 4200 102 19 l'intestln.
227 4201 75 22 Réputé
314 4203 67 20 depuis
393 4204 22 16 60
427 4207 42 14 ans.
519 4205 84 17 1H10000,
610 4204 41 16 841."

685 2277 34 20 La
736 2273 90 23 Société
842 2272 126 21 Nationale
985 2270 41 20 des
1043 2266 112 23 Chemins
1172 2265 28 21 de

660 2303 36 20 fer
721 2299 105 22 d'accord
841 2302 56 16 avec
914 2293 206 24 l'administration
1136 2295 52 17 com-

661 2326 94 22 munale
779 2323 113 22 d'Ixelles.
927 2322 53 20 fera
1016 2317 111 27 procéder
1149 2317 15 20 d
1173 2316 28 19 ici

660 2352 108 25 quelques
781 2350 116 21 semaines
909 2353 47 16 aux
969 2350 98 18 travaux
1082 2344 106 22 d'élargis-

660 2378 91 21 sement
766 2377 32 20 du
815 2376 58 24 pont
890 2375 29 19 de
934 2374 24 20 la
974 2373 111 20 chaussée
1101 2370 30 20 de
1144 2369 45 20 Wa-

661 2408 39 17 vre
719 2402 54 25 près
786 2402 29 20 de
827 2401 23 20 la
865 2404 55 20 gare
933 2399 32 21 du
979 2396 103 26 quartier
1094 2395 101 23 Léopold

686 2429 32 20 Le
739 2427 60 25 pont
819 2430 53 17 sera
891 2429 49 16 non
966 2421 129 23 seulement
1123 2420 72 23 élargi

661 2454 60 21 mais
743 2451 98 25 allongé,
863 2451 29 21 de
915 2448 105 22 manière
1043 2447 15 21 à
1075 2445 127 22 %n*amber

661 2480 34 20 les
710 2478 118 22 nouvelles
841 2476 64 21 voies
918 2475 29 21 de
961 2473 95 22 chemin
1070 2472 28 21 de
1112 2473 38 19 1er
1162 2471 40 23 qui

661 2504 80 22 seront
754 2502 78 22 créées
845 2501 15 21 à
876 2501 38 21 cet
927 2499 100 22 endroit.

687 2529 109 21 Pendant
810 2526 137 22 l'exécution
963 2526 29 20 de
1007 2529 39 15 ces
1060 2522 142 24 Importants

662 2556 98 20 travaux
778 2553 40 25 qui
837 2551 112 22 dureront
964 2549 54 25 près
1037 2549 28 20 de
1082 2547 36 23 six
1135 2551 67 17 mois,

661 2580 53 22 tout
729 2580 22 20 le
768 2578 71 21 trafic
858 2582 53 16 sera
929 2574 120 23 détourné-
1059 2578 44 21 par
1118 2573 24 20 la
1160 2576 41 16 rue

663 2606 33 21 du
716 2605 96 21 Viaduc.
837 2603 56 21 Seul
917 2601 129 22 subsistera
1067 2604 35 16 un
1126 2598 72 21 étroit

661 2635 98 22 passage
769 2634 60 20 pour
840 2629 34 20 les
885 2627 99 25 piétons.
1013 2626 16 8 ~

686 2658 97 19 Aucune
802 2653 174 26 expropriation
1000 2650 147 22 d'immeuble
1171 2652 31 17 ne

661 2687 53 16 sera
728 2681 88 21 rendue
832 2678 136 22 nécessaire.
981 2687 29 6 —
1022 2676 31 22 O.

662 2728 20 21 A
698 2726 131 22 l'ancienne
844 2722 132 23 Université

2562 262 231 67 LES
2878 258 861 75 FAITS-DIVERS

689 2777 62 20 C'est
767 2775 22 21 le
807 2773 137 22 branle-bas
963 2771 15 21 à
994 2769 131 23 l'ancienne
1142 2767 48 21 Uni-

662 2800 84 23 versité
761 2801 29 20 de
806 2800 24 20 la
844 2803 42 17 rue
902 2798 41 20 des
957 2796 57 21 Sols.
1030 2796 44 20 Les
1091 2794 98 22 déména-

663 2831 68 20 geurs
755 2824 97 26 opèrent
875 2821 153 23 hâtivement.
1047 2821 63 21 Pour
1132 2819 22 21 le
1177 2818 25 21 31

663 2851 127 24 décembre,
803 2855 31 17 en
847 2849 67 23 effet,
927 2848 34 20 les
974 2847 58 21 clefs
1045 2846 29 21 de
1088 2845 102 21 l'immeu-

663 2878 36 21 ble
715 2876 95 22 doivent
828 2874 49 21 être
893 2873 97 22 remises
1005 2872 15 20 à
1037 2872 24 20 la
1077 2870 60 21 ville.

690 2903 68 20 Seule
778 2901 25 21 la
823 2899 88 22 faculté
930 2899 30 21 de
980 2897 62 23 droit
1058 2896 82 21 résiste
1161 2899 30 17 en-

663 2933 53 16 core
732 2925 163 26 stoïquement.
910 2923 163 25 Stoïquement
1087 2922 60 20 n'est
1161 2925 43 20 pas

663 2952 98 26 exagéré
775 2950 154 27 puisqu*aussi
942 2949 55 21 bien
1012 2948 24 21 la
1050 2947 62 25 pluie
1128 2946 76 21 même

664 2984 30 16 ne
709 2978 104 24 respecte
830 2981 43 20 pas
890 2976 34 20 les
940 2974 126 21 auditoires
1082 2973 60 20 dans
1158 2971 34 20 les-

664 3004 65 24 quels
750 3003 34 21 les
805 3001 104 22 derniers
930 3003 68 17 cours
1020 3003 25 17 se
1064 2998 56 20 sont
1138 2996 66 21 réfu-

690 3055 89 20 Encore
792 3052 109 26 quelques
917 3050 65 25 jours
995 3049 26 22 et
1036 3048 34 21 les
1085 3046 120 23 étudiants

665 3080 85 21 auront
764 3078 90 22 déserté
868 3075 188 24 définitivement
1070 3074 24 21 la
1108 3077 42 17 rue
1166 3072 39 21 des

665 3106 58 21 Sols.

691 3131 43 20 Les
750 3128 150 23 conférences
916 3126 121 26 publiques
1051 3129 40 21 qui
1106 3129 26 17 se
1146 3124 48 21 don-

665 3156 83 21 naient
763 3155 56 24 régu
821 3154 54 20 Hère
877 3153 67 21 ment
959 3153 60 20 dans
1035 3151 22 21 le
1072 3149 76 25 grand
1162 3153 31 16 au-

666 3181 83 21 ditoire
770 3181 28 20 de
819 3179 120 25 phvsique,
960 3177 86 22 auront
1065 3175 54 23 lieu,
1139 3174 55 20 doré-

666 3206 97 23 navant,
782 3205 46 21 soit
847 3205 59 21 dans
925 3204 34 20 les
977 3203 83 20 locaux
1076 3201 30 21 de
1125 3199 82 21 l'Ecole

666 3231 156 23 Industrielle,
843 3229 125 22 boulevard
994 3226 146 23 Lemonnier,
1163 3225 45 20 soit

667 3258 60 21 dans
739 3261 58 17 ceux
809 3257 29 20 de
850 3256 25 20 la
888 3253 133 22 Fondation
1034 3250 174 24 Universitaire,

667 3288 41 16 ruc
725 3284 32 19 du
772 3282 94 23 Champ
882 3280 29 21 de
928 3280 71 20 Mars.
1014 3287 29 6 —
1059 3277 30 21 G.

669 3323 42 20 Les
724 3320 118 22 incendies
854 3318 15 22 à
882 3318 119 21 Bruxelles

1236 1232 164 18 WiUcn-s-Fonds,
1414 1231 105 18 Bruxelles.
1530 1239 24 5 —
1566 1229 64 22 Jeudi,
1642 1229 12 18 à
1666 1229 21 17 20
1700 1229 28 19 h*,
1742 1228 11 17 k

1214 1253 65 18 l'école
1292 1253 121 18 communale
1427 1253 24 16 de
1465 1252 20 17 la
1497 1252 55 19 place
1566 1252 127 17 Anneessena,
1707 1253 46 13 con-

1214 1274 76 17 lérence
1306 1274 95 20 publique,
1417 1276 47 13 avec
1492 1272 77 19 chants,
1595 1275 36 17 par
1646 1272 27 16 M.
1691 1271 62 19 Opde-

1215 1295 63 18 beecît,
1293 1300 10 10 «
1319 1294 64 17 Outdo
1396 1293 76 18 Uezcll*
1485 1298 17 12 ».

1237 1321 74 17 Société
1328 1321 53 20 belge
1395 1325 48 16 pour
1460 1319 152 18 l'Amélioration
1628 1319 26 17 du
1670 1319 45 17 Sort
1731 1318 23 17 de

1215 1343 19 16 la
1246 1342 82 17 Femme.
1338 1349 25 6 —
1375 1341 119 17 Conférence
1505 1345 33 13 sur
1551 1346 9 10 «
1575 1341 27 16 La
1616 1340 34 17 Vie
1662 1341 19 15 et
1695 1339 59 17 l'OSu-

1238 1367 10 13 e
1261 1363 23 17 de
1297 1363 119 19 Marguerite
1430 1362 43 17 Van
1488 1363 24 15 de
1527 1361 59 17 Wtele
1601 1366 17 14 ■,
1633 1360 18 17 le
1665 1361 53 19 Jeudi
1733 1360 22 16 30

1215 1384 89 20 courant,
1322 1383 13 18 k
1353 1383 21 17 15
1389 1383 20 18 h.
1428 1383 39 19 1/2,
1485 1383 54 19 place
1553 1381 127 20 Ste-Gudule,
1698 1381 29 21 25,
1743 1384 12 12 a

1215 1404 105 18 Bruxelles.

1239 1431 128 20 L'exposition
1383 1430 34 17 des
1432 1434 75 13 œuvres
1523 1430 25 16 du
1566 1429 75 20 peintre
1656 1428 99 17 ostendals

1218 1452 38 16 Jan
1271 1453 27 16 De
1311 1451 70 19 Clerek.
1392 1455 49 13 aura
1454 1451 37 17 lieu
1503 1450 26 17 du
1542 1450 22 16 32
1575 1449 100 17 décembre
1687 1453 25 13 au
1725 1449 30 16 1er

1218 1473 76 18 Janvier
1312 1472 69 19 Inclus,
1397 1475 35 13 rue
1453 1472 59 16 Basse
1533 1471 33 17 des
1583 1470 92 20 Champs,
1697 1470 26 19 19,
1744 1469 11 15 à

1217 1493 64 16 Gand.
1296 1493 39 17 Des
1350 1492 124 17 conférences
1489 1491 91 18 relatives
1595 1491 13 17 k
1622 1491 47 17 l'art
1681 1491 25 16 de
1717 1491 39 16 Jan

1218 1514 28 16 De
1258 1514 68 16 Clcrck
1339 1514 67 16 seront
1419 1512 84 20 données
1516 1516 36 18 par
1566 1512 47 17 MM.
1627 1512 21 18 P.
1663 1512 28 17 De
1705 1512 51 20 Kcy-

1218 1537 31 13 scr
1263 1536 20 15 et
1294 1535 50 16 Jean
1358 1534 84 17 Laenen.

1243 1560 26 17 Le
1284 1561 75 19 peintre
1376 1560 63 17 Denée
1455 1560 69 17 Blondi
1526 1564 11 13 a
1539 1564 12 13 a
1567 1563 70 16 expose
1652 1559 26 18 du
1695 1559 21 17 17
1732 1562 24 14 au

1218 1581 22 17 26
1255 1581 99 17 décembre
1369 1582 41 16 19-3
1424 1582 68 18 inclus,
1507 1581 28 20 33,
1548 1583 74 14 avenue
1636 1580 34 17 des
1683 1581 51 16 Arts.

1241 1608 93 16 Pensions
1349 1608 33 16 de*,
1399 1607 95 20 employés
1510 1609 20 15 et
1549 1608 25 16 loi
1593 1607 34 17 des
1642 1610 115 14 assurances

1220 1628 87 18 sociales.
1317 1636 24 5 —
1352 1629 25 16 Lc
1388 1629 110 16 Parlement
1511 1629 30 16 est
1552 1628 47 17 saisi
1611 1628 24 17 de
1648 1628 49 16 deux
1709 1631 38 13 nou-

1219 1652 61 14 veaux
1297 1649 74 20 projets
1390 1649 24 17 dc
1430 1649 32 18 loi,
1481 1649 49 16 celui
1547 1649 33 20 qui
1595 1648 81 17 modifie
1695 1648 19 17 la
1731 1648 26 16 loi

1219 1670 33 16 di-s
1264 1670 91 20 pensions
1368 1670 20 16 et
1398 1670 48 16 celui
1458 1670 32 20 qui
1500 1669 43 17 crée
1555 1670 120 17 l'assurance
1686 1668 72 18 sociale

1219 1687 119 23 obligatoire.
1352 1691 25 16 Ce
1388 1690 77 17 dernier
1478 1690 63 20 projet
1553 1690 32 20 qui
1596 1693 44 14 sera
1652 1693 38 13 une
1700 1689 48 17 char-

1220 1715 22 15 ge
1256 1711 78 17 énorme
1347 1715 48 16 pour
1408 1711 27 17 les
1449 1710 103 22 employés,
1564 1710 43 17 fera
1621 1710 67 19 l'objet
1700 1710 58 17 d'une

1220 1731 114 17 conférence
1344 1731 75 18 donnée
1431 1735 35 16 par
1476 1732 78 16 l'Union
1566 1730 57 21 Belge
1635 1731 33 17 des
1679 1731 81 19 Experts

1220 1751 123 20 Comptables
1365 1754 20 15 et
1408 1752 129 20 Comptables,
1557 1752 38 18 12*1,
1618 1754 34 14 rue
1674 1751 84 20 Auguste

1220 1772 46 17 Orts
1288 1773 93 16 mercredi
1399 1773 20 16 19
1434 1773 84 16 courant
1541 1771 12 18 à
1566 1772 23 16 20
1604 1771 75 18 heures.

1242 1792 65 17 Palais
1325 1793 33 17 des
1375 1793 127 18 Beaux-Arts,
1519 1792 104 18 Bruxelles.
1641 1801 23 4 —
1679 1792 69 20 Exposi-

1220 1813 42 17 tion
1288 1813 34 17 des
1337 1817 74 13 œuvres
1439 1814 25 17 de
1480 1812 108 20 Roesslngh
1605 1814 19 15 et
1642 1812 24 17 de
1680 1813 18 16 J.
1716 1813 42 16 Van

1221 1833 141 19 Pujenbroeck.
1376 1834 27 17 du
1415 1834 20 17 15
1449 1838 26 14 au
1486 1834 21 17 26
1521 1834 100 17 décembre
1634 1834 43 17 1928
1690 1833 69 20 Inclus,

1221 1854 23 17 de
1257 1855 19 16 10
1286 1859 11 12 a
1309 1855 9 16 5
1329 1855 75 17 heures.

1243 1885 50 16 Pour
1304 1885 28 16 les
1342 1885 80 16 enfants
1433 1883 72 18 débiles
1513 1883 35 17 des
1557 1882 100 18 erécbes.—
1656 1890 9 6 -
1673 1882 26 18 Le
1709 1882 41 17 Con-

1220 1906 107 16 servatoire
1345 1905 95 18 Africain,
1456 1905 128 20 poursuivant
1601 1907 36 14 son
1652 1906 66 14 œuvre
1736 1902 24 17 de

1222 1924 145 21 philanthropie
1382 1928 68 15 envers
1464 1925 28 17 les
1508 1925 66 19 petits,
1589 1923 67 18 créera
1670 1923 79 20 prochai-

1221 1947 79 16 nement
1316 1950 38 13 aux
1371 1948 66 18 portes
1451 1946 24 17 de
1492 1945 105 19 Bruxelles,
1615 1948 27 14 un
1658 1943 92 18 établisse-

1220 1969 54 14 ment
1289 1967 33 19 qui
1337 1966 114 18 accueillera
1468 1967 45 16 tous
1530 1966 28 17 les
1574 1965 80 19 enfants
1672 1965 77 16 considè-

1222 1991 30 12 res
1266 1991 73 13 comme
1357 1987 72 17 débiles
1443 1987 63 19 parmi
1524 1990 47 13 ceux
1586 1987 33 19 qui
1636 1985 124 21 fréquentent

1221 2008 28 17 les
1262 2007 79 18 crèches
1352 2008 24 17 de
1389 2007 167 21 l'agglomération
1570 2007 120 18 biuxelloiae.

1246 2035 29 16 Au
1286 2034 60 20 Lycée
1355 2035 109 16 communal
1476 2034 94 17 d'Ixelles.
1579 2042 24 5 —
1614 2034 52 18 C'est
1677 2037 22 13 ce
1710 2037 41 13 mer-

1222 2055 52 16 credi
1290 2056 20 16 19
1321 2057 89 18 courant,
1422 2055 12 17 à
1449 2056 19 16 11
1481 2055 19 17 h.
1516 2055 31 18 1/2
1559 2055 26 17 du
1598 2055 69 18 matin,
1679 2054 82 20 qu'au»»

1223 2075 38 16 Heu
1276 2076 20 17 la
1310 2077 70 16 remise
1394 2076 93 19 officielle
1499 2076 47 17 d'un
1561 2076 87 20 drapeau
1662 2079 26 14 au
1701 2074 60 21 Lycée

1222 2096 110 17 communal
1345 2096 95 18 d'Ixelles.
1446 2110 3 3 .

1243 2123 51 15 Pour
1304 2123 27 16 les
1344 2122 87 17 Inondés.
1441 2131 23 5 —
1475 2124 41 16 Une
1527 2123 74 19 grande
1610 2123 109 19 fancy-fflir
1731 2127 20 12 se-

1222 2147 23 13 ra
1260 2143 101 19 organisée
1375 2143 12 17 k
1402 2144 70 17 l'Ecole
1486 2144 159 21 professionnelle
1659 2145 20 16 et
1693 2144 57 16 ména-

1223 2163 44 19 gère
1279 2164 24 17 de
1315 2164 18 17 la
1345 2168 101 14 commune
1458 2165 24 16 de
1492 2165 127 18 Schaerbeek,
1631 2168 35 14 rue
1677 2164 85 18 Général

1223 2184 80 19 Eenens.
1319 2185 28 18 66,
1362 2185 28 17 1rs
1402 2185 74 17 samedi
1489 2185 28 19 22,
1532 2185 103 18 dimanche
1647 2185 22 17 23
1684 2186 20 16 et
1717 2185 34 17 lun-

1223 2204 19 17 di
1259 2205 22 16 24
1298 2205 106 21 décembre,
1419 2206 23 16 de
1460 2206 10 17 3
1488 2206 11 16 k
1516 2206 11 16 6
1542 2206 75 20 heures,
1635 2209 26 13 au
1675 2206 87 17 bénéfice

1221 2225 84 18 exchialf
1319 2226 33 17 des
1367 2226 87 17 victimes
1468 2227 34 17 d?i
1516 2227 125 16 inondations
1656 2227 24 17 de
1696 2227 20 17 la
1733 2226 20 17 ré-

1223 2246 45 17 gion
1281 2246 24 16 dc
1317 2246 113 17 Termonde.
1442 2247 48 17 MM,
1504 2247 73 17 Marcel
1591 2247 86 18 Lefèvre,
1689 2247 73 17 Marcel

1223 2266 83 16 Antoine
1320 2267 19 16 et
1351 2266 18 17 le
1382 2267 61 17 cercle
1457 2267 123 20 dramatique
1595 2273 9 11 a
1616 2268 36 16 Les
1666 2268 85 20 Indépen-

1222 2285 59 18 dants
1298 2291 10 11 »
1323 2287 100 20 prêteront
1439 2287 42 17 leur
1495 2291 94 14 concours
1605 2288 12 17 à
1633 2289 52 16 cette
1697 2289 54 16 mani-

1224 2306 94 18 festation
1329 2307 24 17 de
1363 2308 139 17 blenfal.sance.

1243 2333 84 17 Tournoi
1344 2334 128 20 dramatique.
1486 2343 24 5 —
1522 2336 56 16 Jeudi
1595 2335 22 17 20
1630 2335 106 21 décembre,
1751 2336 12 17 à

1221 2354 11 16 8
1246 2354 20 17 h.
1282 2354 26 17 du
1323 2355 46 18 soir.
1384 2356 26 17 18,
1425 2356 66 19 parvis
1505 2356 100 18 St-QUles,
1621 2357 88 16 dernière
1723 2357 29 16 soi-

1220 2374 33 16 rée
1265 2374 26 17 du
1307 2376 78 16 tournoi
1399 2376 123 20 dramatique
1538 2377 90 18 organisé
1642 2380 36 16 par
1695 2377 17 17 le
1726 2378 27 16 Co-

1221 2395 47 16 mité
1280 2395 73 18 officiel
1367 2396 33 17 des
1412 2396 50 17 fétes
1473 2398 20 16 et
1506 2399 68 15 ouvert
1588 2397 12 17 k
1613 2399 65 16 toutes
1690 2398 29 18 les
1731 2402 22 13 so-

1221 2415 59 17 ciétés
1294 2415 76 19 locales.
1386 2417 72 17 Entrée
1474 2417 54 18 libre.
1544 2423 10 10 «
1567 2418 84 18 L'Etoile
1667 2419 85 17 dramati-

1221 2438 36 16 que
1269 2440 22 12 su
1293 2436 29 17 int
1324 2437 84 19 -gilloise
1423 2443 9 10 »
1446 2437 130 20 interprétera
1592 2442 6 13 :
1611 2444 9 11 ■
1635 2440 35 15 Los
1684 2440 68 19 Surpri-

1221 2459 31 13 ses
1263 2457 26 16 du
1301 2457 57 17 Cœur
1373 2464 8 8 ■>
1395 2460 20 14 et
1428 2464 9 9 #
1452 2458 35 17 Les
1499 2459 87 17 Femmes
1599 2460 32 19 qui
1645 2460 89 19 pleurent
1747 2466 9 10 »

1221 2476 50 17 deux
1285 2477 62 20 pièces
1360 2482 24 13 en
1396 2482 27 13 un
1436 2481 49 14 acte.
1498 2480 27 17 La
1536 2480 126 17 distribution
1674 2481 34 17 des
1720 2482 43 19 prix

1221 2500 38 13 aux
1274 2498 44 20 cinq
1332 2499 81 17 soo-ictés
1428 2501 138 17 concurrentes
1579 2504 49 14 aura
1643 2501 39 17 lieu
1695 2502 58 17 Immé-

1222 2517 107 18 diatement
1341 2519 57 19 après
1409 2520 18 17 le
1437 2521 103 19 spectacle.

1243 2544 41 17 Aux
1294 2546 53 16 Amis
1358 2546 24 16 de
1394 2546 19 16 la
1424 2546 78 20 Langue
1513 2547 111 20 Française.
1636 2556 23 6 —
1668 2549 27 16 M.
1707 2549 46 17 Mau-

1221 2564 39 17 rice
1272 2565 87 20 Mignon,
1374 2566 17 17 le
1404 2569 70 16 savant
1490 2568 110 19 professeur
1615 2569 12 17 k
1640 2569 123 17 l'Université

1221 2585 204 21 d'AIx-cn-Provcnce,
1443 2592 44 13 sera
1505 2588 61 17 l'hôte
1584 2589 34 17 des
1633 2590 53 16 Amis
1702 2590 24 17 de
1744 2590 20 17 la

1222 2605 78 20 Langue
1321 2607 111 19 Française,
1450 2608 18 17 le
1489 2609 73 17 samedi
1584 2610 22 16 23
1624 2610 106 19 décembre,
1752 2611 12 17 à

1222 2626 11 16 2
1247 2626 19 16 h.
1279 2627 29 21 30,
1320 2631 26 13 au
1360 2628 72 17 Casino
1445 2629 88 20 Lyrique.
1546 2630 18 16 Il
1577 2630 78 20 parlera
1667 2631 24 18 de
1706 2637 9 11 t
1728 2632 26 17 Pé-

1224 2648 79 19 trarque
1316 2651 19 15 et
1348 2649 24 17 de
1383 2649 62 18 Laure
1459 2655 16 12 ».

1244 2674 25 16 Le
1284 2675 61 17 cercle
1362 2681 9 9 «
1386 2675 25 18 Le
1428 2676 60 17 Bubls
1503 2682 10 10 »
1530 2678 90 19 organise
1636 2682 48 16 pour
1698 2678 19 18 le
1730 2683 23 14 sa-

1223 2695 50 16 medi
1288 2696 22 16 22
1325 2695 106 21 décembre,
1444 2697 12 16 à
1472 2698 22 16 20
1509 2697 27 20 h..
1550 2699 27 18 IB,
1592 2703 36 13 rue
1642 2700 94 19 Mereells,
1752 2700 12 17 â

1222 2715 75 23 Ixelles,
1313 2719 38 14 une
1364 2717 62 17 soirée
1438 2718 24 17 de
1476 2718 133 18 bienfaisance
1624 2723 25 13 au
1667 2721 61 18 profit
1741 2721 23 17 de

1222 2735 85 18 l'Œuvre
1321 2738 101 16 nationale
1433 2738 24 16 de
1470 2739 107 18 l'Enfance.
1589 2740 27 17 La
1630 2741 75 17 section
1718 2741 36 17 dra-

1244 2757 65 19 stique
1322 2757 25 17 du
1359 2758 62 17 cercle
1434 2759 130 20 interprétera
1578 2766 10 10 «
1601 2760 74 18 Fédora
1690 2768 15 12 n,
1718 2762 47 17 dra-

1266 2781 24 13 en
1306 2778 10 16 4
1331 2779 60 18 actes,
1404 2779 24 17 de
1440 2780 99 17 Victorien
1550 2781 82 18 Snrdou.
1648 2782 67 17 Places
1738 2784 26 15 15.

1224 2801 34 13 rue
1271 2799 94 20 Mercelis,
1377 2800 25 17 de
1414 2800 22 17 20
1447 2800 12 17 à
1473 2801 21 16 22
1507 2801 76 18 heure».

1245 2825 106 18 L'Amicale
1368 2826 26 16 du
1414 2827 104 17 Personnel
1537 2828 34 17 des
1592 2828 73 20 Hôtels,
1681 2830 73 17 Restau-

1224 2845 56 17 rants
1291 2846 20 17 et
1324 2845 58 18 Cafés
1395 2847 25 17 de
1433 2848 90 20 Belgique
1536 2850 89 19 organise
1640 2853 48 17 pour
1702 2850 19 18 le
1733 2855 22 13 sa-

1224 2866 50 16 medi
1290 2867 21 15 19
1325 2866 83 23 Janvier,
1423 2867 12 17 à
1447 2868 22 16 22
1484 2869 76 18 heures,
1573 2873 24 13 en
1611 2870 20 17 la
1644 2871 48 17 salle
1707 2872 24 17 dc
1746 2872 19 17 la

1223 2886 114 20 Madeleine,
1354 2891 38 13 une
1407 2889 61 16 soirée
1483 2889 24 17 de
1524 2890 51 20 gala,
1593 2891 32 16 bal
1639 2895 47 13 avec
1702 2892 53 17 Inter-

1223 2907 61 19 mède,
1301 2911 26 13 au
1343 2909 61 19 profit
1417 2909 24 17 de
1459 2910 19 16 la
1496 2911 62 17 caisse
1572 2911 24 18 de
1612 2915 78 15 secours
1704 2913 24 17 de
1746 2913 19 17 la

1224 2927 104 18 Mutualité
1341 2928 98 19 Hôtelière
1451 2930 25 17 de
1489 2931 98 20 Belgique.

1245 2956 29 16 Au
1286 2956 66 16 Cercle
1362 2956 34 17 des
1406 2957 104 17 Etudiants
1521 2959 86 16 Wallons
1618 2958 25 18 de
1652 2960 81 17 PL'.L.B.
1743 2968 23 6 —
1761 2959 9 6 '

1224 2975 68 17 Grand
1304 2976 58 17 débat
1377 2978 158 21 contradictoire.
1549 2979 18 16 le
1578 2980 94 17 mercredi
1686 2982 20 15 19
1720 2985 35 13 cou-

1225 2997 51 16 rant,
1294 2996 12 16 k
1320 2997 11 15 8
1347 2997 27 18 h.,
1391 3001 24 12 en
1431 2997 20 17 la
1467 2998 49 17 salle
1529 2999 34 16 des
1579 3000 97 17 médecins
1693 3002 73 17 (Palais

1224 3015 118 20 d'Egmont).
1358 3018 48 16 MM.
1422 3018 28 17 les
1464 3019 80 19 députés
1557 3020 18 17 J.
1592 3021 88 17 Mathieu
1703 3023 52 15 socia-

1224 3036 51 18 liste,
1295 3037 24 17 de
1337 3038 89 19 Nivelles,
1444 3039 20 17 et
1480 3040 129 18 Vanceveren.
1626 3042 94 17 frontiste
1742 3043 24 17 de

1224 3057 87 19 Roulers,
1327 3061 12 16 y
1353 3058 100 20 parleront
1469 3060 23 19 dç
1508 3060 106 18 l'amnistie
1629 3063 21 16 et
1665 3063 24 16 de
1703 3056 53 24 l'élec-

1226 3078 41 15 tion
1280 3078 24 17 de
1316 3079 75 18 Borms.
1404 3079 13 17 à
1427 3081 80 16 Anven.
1518 3081 71 17 Entrée
1602 3082 54 17 libre.

1247 3105 42 17 Une
1299 3105 115 18 conférence
1426 3107 24 16 de
1462 3108 26 15 M.
1499 3108 59 17 Karel
1570 3109 42 16 Van
1623 3110 24 16 de
1659 3111 108 19 Woestyne.

1225 3128 25 13 en
1265 3125 71 19 langue
1351 3126 106 19 flamRr.de.
1473 3132 26 13 au
1511 3129 66 17 Palais
1592 3130 34 16 des
1639 3131 122 18 Beaux-Arts

1226 3146 18 16 le
1256 3147 94 16 mercredi
1365 3148 20 16 19
1396 3148 106 20 décembre,
1514 3148 12 17 à
1541 3150 21 17 17
1575 3150 25 16 h..
1614 3151 25 16 M.
1654 3151 59 18 Karel
1725 3153 42 16 Van

1226 3166 23 16 de
1264 3167 19 15 V,
1287 3168 80 18 oestyne
1397 3168 78 20 parlera
1503 3169 27 17 du
1558 3170 99 20 sculpteur
1682 3173 85 17 Georges

1226 3186 73 17 Mlnn-e.

1249 3213 144 20 Rétrospective
1408 3215 66 18 James
1488 3217 79 18 Enscor.
1582 3226 24 6 —
1617 3218 26 18 Le
1657 3220 20 16 18
1692 3219 76 20 Janvier

1227 3237 48 13 aura
1291 3234 38 17 Heu
1342 3239 25 13 au
1383 3236 66 17 Palais
1463 3237 34 17 des
1509 3239 122 17 Beaux-Arts
1646 3240 75 17 (entrée
1734 3245 35 14 rue

1228 3255 23 16 de
1267 3255 19 16 la
1300 3256 151 21 Bibliothèque),
1466 3258 19 17 le
1498 3259 112 20 vernissage
1625 3260 23 17 de
1661 3260 19 17 la
1696 3263 73 17 grande

1228 3276 137 19 rétrospective
1380 3278 68 17 Ensor.

1924 498 226 27 I\EDIT

1794 604 101 23 Lorsque
1908 601 68 21 l'âme
1990 601 106 22 d'Estelle
2109 601 126 20 Pommeau
2247 599 51 24 quit-

1769 630 26 20 ta
1813 630 68 20 notre
1896 627 94 24 gouffre
2009 627 28 21 de
2055 626 110 22 déboires,
2182 629 26 17 ce
2224 629 30 17 ne
2272 625 38 20 fut

1769 659 42 20 pas
1825 658 55 16 sans
1898 656 134 20 remarquer
2047 658 44 19 que
2109 652 24 20 la
2152 655 88 20 pauvre
2257 654 40 16 car-

1769 685 65 17 casse
1852 678 82 26 qu'elle
1948 677 64 21 avait
2028 677 92 22 habitée
2139 676 107 25 pendant
2263 675 35 21 soi-

1769 705 138 23 xante-cinq
1926 708 44 16 ans
1988 702 77 23 s'était
2081 701 117 23 affaissée,
2216 706 40 15 sur
2287 701 24 20 la

1769 732 100 20 bordure
1891 730 55 21 d'un
1964 729 100 23 trottoir,
2077 728 67 22 entre
2172 727 60 21 deux
2252 731 46 19 pou-

1770 757 70 21 belles
1860 753 139 24 reaverséss.
2019 754 49 21 Elle
2084 752 87 23 s'écria,
2188 752 67 20 toute
2274 756 24 16 se-

1770 781 70 21 couée
1857 785 83 16 encore
1955 780 40 20 des
2013 779 106 22 douleurs
2135 779 132 19 terrestres:

1796 838 28 5 —
1841 827 58 20 Mon
1918 825 55 25 père
2003 825 95 21 m'avait
2130 822 76 25 prédit
2227 827 44 19 que
2289 822 23 24 je

1771 852 114 21 mourrais
1902 851 59 20 dans
1976 850 104 21 l'ordure.
2094 849 71 21 Hélas
2176 849 5 19 !
2197 848 115 24 lorsqu'on

1771 879 35 19 est
1820 882 87 20 pauvre
1929 877 24 19 et
1972 876 69 23 qu'on
2078 879 67 22 passe
2165 875 78 19 toutes
2276 877 36 16 ses

1771 902 109 26 journées
1902 902 15 20 à
1936 901 131 21 farfouiller
2089 902 58 20 dans
2169 899 34 20 les
2224 898 89 21 résidus

1771 930 30 20 de
1814 928 53 21 tout
1878 928 23 20 le
1911 926 93 23 monde,
2027 931 31 16 on
2070 932 30 16 ne
2111 925 58 26 peut
2181 924 131 24 cependant

1774 959 43 20 pas
1831 953 89 22 mourir
1932 957 41 17 sur
1987 956 34 17 un
2035 952 28 21 lit
2077 953 28 21 de
2120 951 71 21 roses'

1798 999 49 22 Elle
1866 1002 87 20 songea
1971 1001 44 20 que
2033 998 61 21 cette
2111 995 108 24 suprême
2235 994 66 21 humi-

1773 1025 82 21 liation
1871 1024 29 21 de
1916 1028 27 16 sa
1958 1022 67 21 chair
2039 1023 32 21 lui
2084 1020 109 23 vaudrait
2206 1025 33 16 un
2253 1020 48 20 fleu-

1773 1055 44 16 ron
1837 1050 28 21 de
1885 1049 71 24 gloire
1974 1048 61 20 dans
2065 1049 22 20 le
2105 1046 50 22 ciel.
2175 1045 86 25 Légère
2291 1046 24 19 et

1773 1075 100 23 aoaisée,
1886 1074 45 22 elle
1943 1073 84 22 s'éleva
2039 1078 43 20 par
2094 1072 52 22 delà
2160 1071 24 20 la
2196 1070 84 24 fumée,
2291 1070 24 20 la

1773 1100 125 25 poussière,
1913 1100 23 21 la
1952 1099 116 25 puanteur
2085 1099 24 22 et
2124 1098 24 21 la
2162 1096 83 22 misère
2275 1096 40 21 des

1774 1131 131 16 nommes...

1800 1174 40 20 Un
1855 1172 65 23 choc,
1936 1170 67 22 enfin
2013 1169 7 21 !
2040 1169 84 22 Estelle
2142 1168 65 21 roule
2224 1171 42 17 sur
2283 1171 33 17 un

1775 1199 35 21 sol
1826 1199 111 19 inconnu.
1950 1195 61 21 Rien
2028 1195 29 21 de
2073 1193 78 23 cassé?
2168 1193 49 20 Elle
2233 1192 84 24 s'égaie

1777 1225 17 20 à
1812 1224 62 21 cett?
1891 1222 51 21 idée
1962 1225 136 19 saugrenue.
2105 1220 43 20 Ses
2163 1223 33 18 os,
2215 1218 24 20 la
2257 1222 48 20 pau-

1775 1254 41 17 vre
1830 1245 83 27 vielle,
1926 1246 44 22 elle
1985 1246 35 21 les
2036 1251 15 15 a
2060 1245 80 22 laissés
2153 1249 41 16 sur
2207 1244 23 20 la
2244 1243 72 21 terre!

1803 1295 50 22 Ciel
1863 1295 6 20 !
1888 1295 23 20 le
1928 1292 42 24 loi!
1989 1292 88 24 Jardin!
2096 1291 56 22 Plus
2167 1289 82 25 grand,
2267 1293 39 16 cer-

1776 1322 43 22 tes,
1835 1321 25 21 et
1874 1318 123 25 biennales
2010 1317 60 21 beau
2085 1321 44 22 que
2144 1316 22 19 le
2180 1314 84 21 Jardin
2278 1314 40 20 des

1777 1347 96 20 Plantes
1886 1346 6 19 !
1915 1343 67 21 Voilà
2002 1343 41 20 des
2062 1347 69 17 roses,
2152 1341 41 20 des
2210 1340 47 23 iris,
2279 1340 40 20 des

1777 1372 85 23 tulipes
1875 1370 25 21 et
1911 1370 41 20 des
1965 1369 29 19 lis
2005 1369 51 20 tout
2067 1369 86 20 blancs.
2164 1365 86 21 Estelle
2261 1370 45 15 vou-

1777 1397 64 21 drait
1862 1396 49 21 s'en
1931 1394 61 21 faire
2013 1398 33 17 un
2067 1392 108 26 bouquet.
2198 1390 62 21 Mais
2283 1390 37 21 ici.

1777 1426 91 18 comme
1881 1425 41 17 sur
1934 1420 25 20 la
1973 1419 69 23 terre,
2055 1419 17 21 il
2088 1419 35 22 est
2138 1417 110 22 défendu,
2264 1420 56 17 sans

1778 1448 77 23 doute,
1872 1447 29 21 de
1914 1445 99 22 toucher
2027 1449 45 16 aux
2087 1444 73 21 fleurs
2171 1443 5 19 !

1805 1494 33 20 Ce
1857 1492 61 21 beau
1937 1490 79 25 jardin
2035 1490 50 21 doit
2100 1489 49 20 être
2168 1487 23 21 le
2211 1487 107 21 Paradis:

1779 1517 145 26 Cependant,
1939 1521 31 15 on
1985 1516 40 23 n'y
2040 1514 86 23 entend
2139 1513 67 25 point
2221 1513 100 20 chanter

1778 1545 34 20 les
1826 1542 123 25 séraphins
1962 1541 24 20 et
1999 1541 33 20 les
2044 1541 89 23 visages
2144 1539 70 23 qu'on
2238 1543 15 19 y
2265 1541 43 17 ren-

1779 1570 81 20 contre
1882 1568 42 21 ont
1946 1566 52 21 l'air
2016 1571 87 16 morne.
2136 1565 39 20 On
2196 1563 50 21 voit
2281 1563 41 20 des

1779 1596 106 20 femmes,
1902 1593 120 22 beaucoup
2037 1592 29 21 de
2082 1592 99 20 femmes
2198 1589 40 24 qui
2254 1589 55 24 pleu-

1780 1620 60 21 rent,
1856 1624 31 16 en
1900 1623 25 16 se
1940 1617 97 21 tordant
2051 1617 34 21 les
2099 1617 79 20 bras...
2196 1615 34 20 La
2246 1614 76 21 vieille

1780 1645 92 21 Estelle,
1888 1648 34 16 un
1937 1648 45 19 peu
1998 1642 108 24 inquiète,
2121 1640 92 22 accoste
2230 1644 48 17 une
2294 1640 28 21 de

1780 1676 38 16 ces
1833 1670 92 22 ombres
1940 1669 24 21 et
1977 1668 124 21 demande:

2356 374 131 20 VIOLENT
2504 374 145 21 INCENDIE
2678 375 20 20 A
2727 375 103 21 EVERE.
2843 384 28 6 —

2331 399 55 21 Hier
2396 399 54 24 soir,
2462 404 33 17 un
2505 399 86 22 violent
2604 400 105 21 incendie
2721 405 16 16 a
2747 400 48 25 pris
2806 399 52 21 nais-

2330 429 71 17 sance
2418 425 60 21 dans
2496 429 32 17 un
2544 424 222 25 arrière-bâtiment,
2782 425 33 23 33,
2830 429 40 16 rue

2332 450 108 21 Edouard
2457 450 121 23 Stuckens,
2594 450 15 20 à
2623 450 78 21 Evere.

2357 476 32 20 Le
2403 476 40 21 feu
2455 476 55 21 s'est
2523 475 92 22 déclaré
2629 477 61 20 dans
2702 481 33 16 un
2749 476 82 21 atelier
2842 476 29 20 de

2331 501 160 21 construction
2512 501 30 21 de
2565 501 209 24 machines-outils,
2809 500 50 21 bâti-

2333 527 65 20 ment
2415 526 40 25 qui
2471 531 25 16 se
2515 528 80 20 trouve
2620 526 94 21 enclavé
2739 528 66 20 entre
2831 526 41 20 des

2333 552 102 20 maisons
2450 551 123 22 ouvrières.

2359 578 21 20 A
2398 577 23 21 la
2440 576 112 26 première
2570 576 79 24 alerte.
2665 578 32 20 M.
2715 577 20 21 le
2751 581 109 17 comman-

2333 602 59 21 dant
2411 603 40 20 des
2471 603 116 24 pompiers
2606 603 99 22 Paniels,
2724 603 29 20 de
2772 603 88 19 Schaer-

2334 627 63 24 beek,
2422 629 23 20 et
2467 633 37 15 ses
2527 628 112 22 hommes,
2664 628 128 21 arrivèrent
2818 632 54 16 avec

2334 657 46 17 une
2399 654 152 23 auto-pompe
2567 655 22 19 et
2607 653 113 24 plusieurs
2739 654 78 20 lances
2833 657 40 16 sur

2334 678 33 22 les
2387 678 68 21 lieux.
2476 680 20 19 A
2517 684 25 15 ce
2563 683 105 17 moment
2689 679 21 21 le
2731 679 40 21 feu
2793 678 81 21 faisait

2334 708 55 19 rage
2404 706 23 18 et
2441 704 119 23 menaçait
2574 705 28 20 de
2616 703 114 21 s'étendre
2745 708 45 16 aux
2806 703 55 21 habi-

2336 729 88 21 tations
2447 729 126 24 contigues.
2598 730 67 20 Trois
2687 729 79 21 lances
2788 729 80 21 furent

2335 754 111 25 braquées
2461 759 42 19 sur
2520 754 21 21 le
2559 754 94 21 brasier.
2670 753 74 25 Après
2760 753 101 27 d'énergi-

2335 784 56 20 ques
2414 780 91 24 efforts,
2528 780 33 21 les
2583 784 96 22 sap-^rs
2702 779 135 25 parvinrent
2860 779 15 21 à

2335 804 118 24 préserver
2465 805 33 20 les
2512 805 101 20 maisons
2627 805 106 21 voisines.

2361 830 51 21 Une
2426 830 71 21 heure
2512 830 74 25 après,
2600 830 117 21 l'élément
2731 829 145 22 destructeur

2336 854 58 21 était
2413 855 111 21 maîtrisé.
2544 856 106 21 L'atelier
2670 856 28 21 de
2718 855 158 21 construction

2336 880 29 20 de*
2385 880 203 21 machines-outiîs
2609 883 35 19 est
2666 885 58 20 pour
2746 880 60 20 ainsi
2827 881 49 19 dire

2336 906 180 24 complètement
2534 906 94 21 détruit.
2661 907 40 19 On
2733 906 79 23 ignore
2844 905 33 21 les

2337 935 80 17 causes
2435 932 32 20 du
2485 932 101 21 sinistre.
2603 932 43 21 Les
2663 931 104 21 ouvriers
2783 930 94 21 avaient

195 4289 33 32 Ls
238 4288 72 40 place
324 4289 140 31 ci-cîessous
478 4294 39 27 est
533 4292 116 29 réserrit

116 4346 66 29 ponr
195 4335 168 38 l'impression
385 4335 137 31 éventuelle
542 4335 94 32 d'infor-

117 4383 109 30 mations
240 4393 139 25 parvenues
392 4392 31 21 en
437 4392 75 20 conrs
524 4381 35 31 du
569 4383 80 37 tiragt

117 4437 34 22 m
164 4438 31 21 ta
206 4420 234 38 "DERNIÈRE
452 4426 195 37 MINUTE..

66 4595 17 19 t%
93 4594 32 20 la»
135 4593 129 21 OBaUfBBS,
277 4601 23 7 —
312 4593 31 19 Es
355 4593 137 21 Oommlsslon,
507 4593 64 18 ]'««6-

67 4629 44 18 tSOT
125 4627 25 20 U
162 4627 29 20 M.
202 4625 74 21 BBaaMt
287 4630 15 15 »
313 4626 34 19 M*
360 4627 76 17 .avlldo»
449 4629 37 18 pu
499 4625 12 20 I
526 4627 45 16 TOU

65 4668 71 19 ■Satt*
150 4668 14 19 I
177 4669 22 18 t»
213 4668 13 21 |
239 4669 132 18 *aa*Bta»tltaOnra.

695 3370 36 20 Au
750 3373 68 16 cours
835 3368 29 20 de
881 3365 92 22 l'année
988 3363 99 24 écoulée,
1102 3363 23 22 le
1141 3367 67 20 corps

670 3396 40 20 des
726 3393 117 26 pompiers
856 3393 30 20 de
899 3391 119 21 Bruxelles
1035 3395 15 16 a
1067 3394 29 17 eu
1114 3388 15 22 à
1145 3393 52 17 com

670 3420 77 21 battre
763 3419 38 20 174
814 3417 118 21 incendies
946 3417 58 20 dont
1018 3415 26 21 92
1059 3413 138 22 occasionné

668 3447 55 20 rent
736 3445 42 21 des
790 3444 81 23 dé«?àts
883 3442 132 25 supérieurs
1028 3441 15 20 à
1057 3441 58 21 1.000
1129 3440 80 20 francs

670 3472 24 20 et
708 3471 33 24 82,
756 3471 40 20 des
809 3468 81 25 dégâts
903 3467 122 21 inférieurs
1040 3466 15 21 à
1071 3466 60 20 cette
1146 3470 56 16 som^

670 3502 44 16 me.
1057 3516 8 8 ,
1118 3515 29 6 ...

696 3523 46 20 Des
755 3518 173 28 déplacements
941 3517 82 22 furent
1035 3517 125 21 nécessités
1168 3520 34 16 en.

671 3552 51 17 core
735 3552 44 19 par
792 3546 37 20 143
839 3546 56 20 feux
906 3545 28 21 de
947 3542 120 22 cheminée
1080 3542 23 22 et
1111 3542 26 20 50
1144 3542 10 20 f
1156 3545 46 17 aus.

670 3578 37 16 ses
723 3572 91 22 alertes.

696 3598 80 21 Parmi
789 3597 33 21 les
834 3596 113 23 sinistres.
960 3594 26 21 36
998 3593 91 26 prirent
1101 3592 97 21 naissan-

671 3629 26 16 ce
714 3628 31 17 au
759 3620 211 24 rez-de-chaussée,
984 3620 13 19 2
1013 3619 15 21 à
1044 3617 124 24 l'entresol,
1185 3617 26 20 36

672 3650 59 20 dans
746 3648 33 21 les
796 3652 75 19 caves,
886 3647 27 20 20
930 3651 31 16 au
976 3644 101 26 premier
1094 3643 73 24 étage,
1186 3643 25 20 14

672 3679 30 17 au
716 3675 33 22 2e,
762 3674 14 19 4
790 3679 30 15 au
835 3673 32 22 3e,
881 3672 14 20 4
909 3676 46 16 aux
970 3669 143 24 mansardes,
1126 3669 14 20 6
1151 3669 60 20 dans

672 3700 33 21 les
723 3698 107 24 combles,
852 3698 13 20 6
887 3702 46 16 aux
954 3696 105 22 toitures,
1080 3694 25 20 12
1126 3698 41 16 sur
1188 3694 23 20 la

672 3725 50 21 voie
734 3724 108 26 publique
853 3724 25 21 et
888 3723 13 20 7
913 3723 60 21 dans
979 3721 41 22 des
1032 3721 110 24 hangars.
1148 3729 28 5 —
1182 3719 23 20 G

672 3764 19 19 A
706 3763 83 20 l'Ecole
805 3763 29 19 de
848 3766 82 20 guerre

697 3813 21 19 A
734 3811 76 25 partir
828 3810 28 20 de
872 3810 59 22 1930,
946 3808 34 21 les
995 3806 133 22 conditions
1144 3804 54 22 d'ad

671 3837 97 21 mission
783 3836 16 20 à
816 3835 84 21 l'Ecole
917 3834 30 20 de
964 3837 82 20 guerre
1065 3831 81 21 seront
1177 3831 34 20 les

671 3862 119 21 suivantes
811 3865 6 17 :
836 3861 33 21 les
886 3859 104 21 officiers
1007 3856 157 24 d'infanterie,
1182 3856 29 20 de

672 3887 120 23 cavalerie,
823 3885 140 23 d'artillerie,
995 3883 31 21 du
1044 3882 67 25 génie
1127 3882 25 21 et
1171 3881 40 21 des

672 3917 67 20 corps
760 3913 29 20 de
809 3910 133 25 transports
964 3909 98 21 devront
1072 3913 6 15 r
1101 3908 24 21 a)
1146 3906 65 21 avoir

673 3939 15 20 à
702 3939 24 20 la
738 3938 55 20 date
809 3937 32 20 du
856 3937 25 19 31
897 3935 120 21 décembre
1032 3934 29 21 de
1075 3932 91 22 l'année
1182 3932 29 20 de

673 3964 23 20 la
709 3961 167 27 présentation,
891 3965 31 17 au
937 3960 76 21 moins
1027 3959 53 24 sept
1093 3963 44 16 ans
1152 3957 59 21 dans

673 3989 21 21 le
711 3988 71 25 grade
798 3986 115 22 d'officier
932 3986 23 21 (6
972 3990 44 16 ans
1031 3989 60 20 pour
1106 3984 34 21 les
1155 3987 44 17 exa-

674 4019 66 16 mens
758 4014 29 20 de
808 4013 51 20 1930
875 4011 24 21 et
917 4011 71 23 1931),
1002 4010 59 21 dont
1077 4010 13 19 3
1107 4013 43 16 ans
1181 4012 31 16 au

674 4039 75 21 moins
773 4037 80 26 passés
876 4035 176 23 effectivement
1071 4039 32 16 au
1126 4033 86 21 service

673 4065 30 21 de
728 4064 25 22 la
783 4064 88 23 troupe.
905 4063 45 20 (Ne
967 4066 54 16 sera
1048 4065 43 20 pas
1121 4059 93 25 compté

674 4094 90 16 comme
794 4088 87 21 service
911 4087 16 21 à
941 4087 24 20 la
982 4087 83 23 troupe
1075 4090 6 16 :
1100 4085 23 21 le
1137 4084 76 24 temps

675 4114 67 25 passé
764 4118 90 16 comme
876 4112 63 21 élève
959 4111 16 22 à
993 4111 83 21 l'Ecole
1096 4110 118 23 militaire,

675 4141 60 20 dans
749 4144 47 17 une
810 4138 63 22 école
888 4138 88 21 d'arme
991 4142 30 16 ou
1036 4135 87 22 service
1138 4135 30 21 de
1180 4135 33 21 l'I.

676 4166 31 20 M.
722 4166 25 20 E.
760 4165 33 23 P.,
818 4163 16 22 à
846 4164 35 20 l'I.
908 4164 26 21 C.
947 4163 33 20 M.
992 4163 25 20 et
1030 4162 60 20 dans
1103 4165 34 17 un
1151 4160 63 21 état-

676 4191 77 23 major
768 4190 29 20 de
809 4189 88 25 grande
910 4187 76 22 unité)
994 4192 5 19 ;
1016 4187 25 21 b)
1060 4186 65 21 avoir
1139 4186 76 20 moins

677 4217 28 20 de
719 4216 28 21 34
760 4220 44 16 ans
819 4219 31 16 au
864 4214 25 20 31
903 4213 120 21 décembre
1037 4212 29 21 de
1081 4211 92 22 l'année
1186 4212 29 20 de

677 4242 24 20 la
714 4239 161 26 présentation
894 4238 86 22 (moins
996 4238 29 21 de
1040 4238 27 20 35
1085 4241 44 16 ans
1157 4241 59 20 pour

677 4267 113 20 l'examen
805 4265 28 20 de
847 4264 74 23 1930);
938 4265 22 19 c)
977 4263 65 21 avoir
1056 4263 22 22 le
1091 4262 125 24 caractère,

677 4291 163 24 l'intelligence
855 4290 25 20 et
911 4289 24 21 la
947 4288 97 24 vigueur
1076 4287 141 21 nécessaires

678 4321 59 20 pour
751 4316 22 21 le
788 4315 87 21 service
890 4315 29 20 de
934 4313 157 24 l'état-major
1106 4317 30 18 en
1150 4317 53 16 cam-

678 4346 85 20 pagne;
782 4341 26 21 d)
826 4340 50 21 être
892 4339 187 22 favorablement
1095 4338 56 22 noté
1173 4342 44 20 par

678 4368 33 21 les
729 4367 67 22 chefs
810 4365 180 25 hiérarchla.ues.
1020 4364 30 21 X.

678 4413 34 20 La
727 4410 68 23 santé
812 4411 32 21 du
860 4409 73 22 bétail

717 4459 94 21 Durant
841 4458 24 20 la
894 4457 99 21 seconde
1021 4456 125 26 quinzaine
1189 4456 28 21 de

677 4484 131 23 novembre,
821 4483 34 22 les
886 4482 144 25 Inspecteurs
1066 4481 151 26 vétérinaires

677 4509 80 25 agréés
770 4510 32 20 du
816 4508 182 25 gouvernement
1011 4507 43 21 ont
1067 4507 127 24 enregistré
1209 4512 6 16 :

677 4535 13 20 2
704 4540 41 18 cas
757 4535 29 21 de
800 4538 79 17 morve
894 4533 16 20 à
924 4534 60 23 Pecq
999 4533 24 21 et
1037 4532 15 21 à
1065 4532 65 21 Kaln
1147 4532 57 22 (Hai-

677 4561 68 22 naut)
763 4561 24 21 et
801 4560 39 20 280
856 4564 39 16 cas
909 4559 29 20 de
950 4558 73 21 fièvre
1035 4558 115 24 aphteuse
1167 4558 49 21 (124

677 4586 64 21 bêtes
755 4585 102 22 bovines,
873 4585 26 19 35
913 4584 116 23 moutons,
1045 4584 11 20 1
1071 4583 91 24 chèvre,
1178 4583 38 21 120

677 4612 76 23 porcs)
767 4610 100 25 répartis
878 4610 60 20 dans
950 4609 39 20 dix
999 4613 135 16 communes
1147 4613 6 16 :
1166 4609 37 20 An-

677 4636 110 24 derlecht,
807 4634 281 24 Berchem-Ste-Agathe,
1105 4633 112 25 Bierghes

681 4661 135 25 (Brabant),
826 4660 77 24 Slype,
916 4659 131 23 Westende,
1059 4658 99 22 Roulers
1173 4659 43 21 (Fl.

677 4687 74 22 Occ),
763 4685 125 22 Blandain.
901 4685 34 20 La
948 4684 122 23 Hamaide,
1084 4684 133 21 Mainvault

677 4711 25 22 et
713 4711 146 25 Taintignies
874 4710 136 22 (Hainaut).

703 4737 36 20 En
754 4737 74 21 outre.
844 4736 26 21 10
882 4735 112 21 animaux
1009 4735 43 21 ont
1066 4734 38 22 été
1118 4735 99 21 atteints

678 4761 32 22 du
724 4761 105 21 charbon
841 4760 144 21 bactéridien
1000 4761 25 20 et
1039 4761 13 19 9
1066 4761 32 20 du
1112 4760 104 21 charbon

677 4786 126 23 bactérien,
816 4786 60 21 dans
895 4785 33 21 les
945 4790 135 17 communes
1110 4786 28 20 de
1156 4786 60 21 Hin-

678 4816 58 19 gene
755 4812 119 22 (Anvers),
889 4811 71 23 Jette,
975 4811 87 21 Assche
1082 4811 135 23 (Brabant),

677 4836 115 22 Berlaere,
807 4836 181 23 Waesmunster,
1018 4836 98 24 Huysse,
1132 4836 79 21 Aeltre

678 4862 154 24 Sinay-Waes
855 4861 43 20 (Fl.
918 4862 60 22 Or.),
998 4861 111 23 Ransart,
1129 4861 89 25 Havay,

678 4887 146 23 Hermignies
844 4886 99 24 (Hain.),
964 4886 251 24 Henri-Chapelle,Au-

678 4912 44 24 bel,
742 4911 139 23 Thémister,
898 4911 95 24 Baelen,
1013 4911 117 21 Warhorn
1156 4911 49 22 (Liè-

679 4938 47 24 ge),
743 4938 94 20 Assesse
859 4937 108 21 (Namur)
989 4937 24 21 et
1031 4937 126 24 Leffinghe
1175 4938 37 21 (Fl

678 4962 88 21 Cccid.)
786 4963 29 20 X.

679 5000 43 20 Les
736 4999 150 21 inondations
899 4999 29 21 de
943 4999 102 21 l'Escaut

293 5319 10 6 -
358 5319 53 8 .-.

181 5383 4 4 ■

82 5609 14 21 t

1234 3361 140 30 VIOLENT
1386 3363 154 30 INCENDIE
1552 3366 17 26 A
1583 3365 189 30 BRUXELLES

1258 3432 83 25 Lundi,
1357 3438 53 17 vers
1426 3434 13 20 5
1454 3434 85 22 heures
1556 3436 31 21 du
1603 3436 54 24 soir,
1674 3436 22 22 le
1709 3437 64 21 bruit

1232 3458 91 20 courait
1344 3463 30 16 en
1394 3459 54 21 ville
1471 3464 44 20 que
1540 3461 22 21 le
1584 3462 188 22 Mont-de-Piété

1232 3482 59 22 était
1319 3488 31 16 en
1377 3484 46 21 feu.
1447 3483 211 27 Renseignements
1680 3488 55 24 pris,
1755 3488 17 21 il

1231 3509 117 23 s'agissait
1365 3510 58 20 d'un
1437 3514 70 21 grave
1524 3511 109 22 incendie
1650 3513 41 25 qui
1708 3514 64 20 avait

1233 3533 74 22 éclaté
1322 3535 59 21 dans
1397 3535 141 22 l'immeuble
1551 3537 98 25 portant
1665 3538 21 21 le
1703 3542 28 17 n°
1747 3539 26 20 41

1232 3559 30 21 de
1279 3560 24 20 la
1320 3564 43 17 rue
1382 3560 198 23 Saint-Ghislain.
1600 3563 33 20 Le
1649 3563 41 21 feu
1708 3564 65 20 avait

1232 3584 49 24 pris
1296 3585 60 21 dans
1371 3590 33 16 un
1418 3586 66 21 vaste
1499 3587 117 22 bâtiment
1628 3588 28 22 de
1672 3589 101 21 derrière

1231 3611 97 19 servant
1349 3610 105 22 d'atelier
1476 3612 31 21 de
1531 3613 141 22 menuiserie
1698 3614 17 21 à,
1740 3615 34 21 M.

1232 3635 125 21 Etukkens.

1258 3660 109 21 Pusieurs
1378 3660 80 22 kmees
1469 3662 82 22 furent
1563 3663 70 22 mises
1644 3669 30 16 en
1688 3665 85 24 action,

1232 3685 60 21 mais
1306 3690 27 17 ce
1345 3690 32 17 ne
1390 3686 39 21 fut
1441 3688 70 23 qu'au
1524 3687 58 22 bout
1594 3689 29 21 de
1639 3690 61 21 deux
1713 3690 47 21 heu-

1232 3715 38 16 res
1289 3711 30 20 de
1339 3710 85 22 travail
1441 3717 45 19 que
1504 3712 34 22 les
1557 3714 110 21 flammes
1686 3716 87 23 purent

1233 3735 49 21 être
1294 3735 181 25 complètement
1489 3738 137 22 maîtrisées.
1638 3740 108 22 L'atelier
1759 3745 15 16 a

1232 3760 38 21 été
1291 3762 136 23 gravement
1449 3763 160 25 endommagé.
1628 3764 44 22 Les
1692 3765 82 25 dégâts

1233 3786 55 20 sont
1310 3785 48 22 très
1380 3787 147 24 Importants.
1549 3789 34 21 La
1605 3789 74 25 police
1700 3791 30 21 de
1751 3791 24 21 la

1233 3811 22 20 2°
1275 3811 100 21 division
1393 3817 15 16 a
1429 3814 82 20 ouvert
1530 3819 48 16 une
1597 3814 100 26 enquête
1714 3820 60 20 pour

1233 3836 122 22 connaître
1370 3837 24 21 la
1405 3842 70 18 cause
1489 3839 32 21 du
1533 3839 102 22 sinistre.
1650 3851 29 5 —
1692 3841 29 21 D.

1344 3922 145 31 VOLEURS
1516 3919 116 36 PINCES
1648 3925 17 30 ?

1260 3998 61 25 Huy,
1345 3999 25 20 17
1391 3999 128 23 décembre.
1540 4012 30 5 —
1590 4001 185 27 Dernièrement,

1234 4027 32 17 un
1277 4024 91 21 moulin
1379 4025 29 20 de
1421 4026 98 24 Clavier,
1533 4028 160 24 appartenant
1706 4028 16 21 à
1728 4033 47 16 une

1234 4049 86 21 société
1332 4050 30 21 de
1374 4050 60 25 Huy,
1445 4051 88 22 brûlait
1546 4057 31 16 en
1590 4053 89 24 grande
1692 4054 83 24 partie.

1260 4074 75 24 Après
1352 4075 22 21 le
1391 4077 134 24 sauvetage,
1543 4082 32 16 on
1594 4078 79 21 s'était
1689 4083 87 20 aperçu

1234 4104 44 20 que
1290 4100 29 21 de
1330 4101 149 22 nombreuses
1492 4103 177 22 marchandises
1681 4105 95 21 avaient
1797 4101 84 24 savais,
1897 4101 57 21 moi!

1236 4125 102 25 disparu.
1362 4126 92 22 Plainte
1475 4128 65 21 avait
1558 4127 37 22 été
1614 4128 98 25 déposée
1733 4134 44 20 par

1237 4150 21 22 le
1270 4150 122 25 directeur,
1402 4152 61 21 mais
1472 4152 115 26 l'enquête
1597 4154 90 21 n'avait
1697 4155 80 21 abouti

1236 4175 15 22 à
1263 4176 58 21 rien.

1263 4201 34 21 La
1315 4201 105 22 semaine
1441 4202 113 25 dernière,
1574 4204 25 21 la
1617 4205 160 23 gendarmerie

1237 4226 30 21 de
1278 4226 54 24 Huy
1344 4226 59 21 était
1418 4227 116 25 prévenue
1546 4233 45 21 que
1603 4230 42 21 des
1655 4230 123 22 habitants

1237 4251 29 21 de
1287 4252 137 21 Vinalmont
1442 4254 128 22 vendaient
1589 4255 41 21 des
1649 4256 116 20 marchan-

1239 4277 61 21 dises
1316 4278 109 23 (engrais,
1439 4279 105 24 produits
1557 4280 129 25 chimiques
1702 4281 24 21 et
1738 4281 40 21 des

1238 4302 61 21 sacs)
1315 4301 16 22 i.
1344 4302 41 21 des
1400 4303 52 24 prix
1464 4303 129 23 dérisoires.

1265 4327 40 21 On
1325 4331 134 21 soupçonne
1486 4329 81 22 Zenon
1596 4330 56 24 H...,
1678 4330 101 26 Léopold

1239 4352 57 26 G...,
1318 4357 44 16 son
1386 4353 142 26 beau-frère,
1551 4355 25 21 et
1598 4356 104 24 Georges
1724 4357 56 23 G...,

1238 4377 63 22 frère
1322 4378 30 21 de
1372 4383 27 16 ce
1418 4379 100 25 dernier,
1538 4380 73 22 d'être
1631 4381 35 22 les
1681 4382 98 21 voleurs.

1240 4403 62 21 Chez
1321 4403 33 22 les
1375 4404 61 21 deux
1456 4405 113 24 premiers
1586 4410 32 17 on
1637 4411 16 16 a
1672 4407 107 22 retrouvé

1239 4433 33 15 un
1290 4429 35 20 lot
1339 4429 29 21 de
1382 4429 183 23 marchandises.
1581 4431 125 27 L'enquête
1721 4437 45 17 con-

1240 4453 72 22 tinue.

1852 1716 33 20 Le
1901 1713 105 24 Paradis,
2023 1713 36 21 s'il
2076 1717 58 17 vous
2152 1711 87 25 plaît...
2261 1710 62 21 C'est

1780 1742 55 21 bien
1850 1741 44 21 Ici?

1806 1795 24 6 —
1846 1785 63 22 C'est
1924 1783 86 22 là-bas.
2024 1783 89 26 répond
2125 1782 96 21 l'ombre
2236 1786 31 16 en
2282 1781 29 21 dé-

1781 1812 96 25 signant
1911 1815 46 16 une
1991 1809 66 24 grille
2094 1808 89 22 devant
2224 1806 100 26 laquelle

1782 1837 96 25 grouille
1889 1840 47 17 une
1949 1834 63 22 foule
2024 1835 20 20 si
2055 1833 120 26 compacte
2186 1832 83 24 qu'elle
2281 1836 30 21 pa-

1782 1863 55 24 rait,
1850 1863 30 21 de
1895 1861 55 23 loin,
1963 1865 33 16 un
2011 1860 84 21 essaim
2110 1858 124 22 d'abeilles.

1807 1909 94 22 Estelle,
1921 1907 79 25 pleine
2018 1906 29 21 de
2067 1906 42 23 foi,
2128 1905 69 21 court
2217 1908 53 17 vers
2301 1903 24 20 la

1782 1935 66 25 grille
1861 1933 75 22 dorée.
1948 1934 21 20 A
1981 1937 91 17 mesure
2084 1930 81 26 qu'elle
2176 1930 49 21 s'en
2238 1933 75 21 appro-

1782 1961 51 22 che,
1850 1960 56 21 c'est
1922 1963 35 16 un
1970 1958 95 21 concert
2081 1957 29 21 de
2122 1955 80 26 pleurs
2217 1955 26 20 et
2257 1954 56 21 d'Im-

1782 1985 134 26 précations
1934 1983 83 26 qu'elle
2037 1982 88 22 entend
2143 1981 96 21 s'élever
2248 1985 6 16 :
2276 1988 9 9 »
2294 1980 32 21 Le

1783 2011 84 21 céleste
1882 2010 80 24 séjour
1978 2009 60 21 n'est
2050 2007 68 26 point
2131 2011 60 20 pour
2205 2011 61 16 nous
2276 2006 6 21 !
2298 2016 29 5 —

1782 2038 35 19 La
1834 2036 66 25 grille
1916 2036 29 20 de
1962 2034 82 21 l*Eden
2075 2038 30 16 ne
2118 2032 56 21 s'est
2188 2031 77 21 même
2284 2035 43 21 pas

1783 2061 156 23 entr'ouverte
1953 2064 61 21 pour
2026 2059 47 22 moi
2083 2060 6 20 !
2104 2069 29 5 —
2147 2058 65 20 Nous
2226 2061 101 17 sommes

1783 2087 111 24 maudits,
1911 2085 104 22 maudits
2026 2086 31 20 '■...
2077 2094 10 9 »

1809 2144 29 6 —
1849 2131 133 23 .rentrerai,
1994 2131 48 21 moi
2054 2131 5 20 !
2072 2133 138 18 marmonne
2224 2128 24 21 la
2260 2128 54 21 vieil-

1784 2159 29 26 le,
1825 2157 107 23 soulevée
1946 2156 105 26 d'espoir.

1810 2205 51 21 Elle
1873 2203 91 26 piétina
1979 2202 59 22 trois
2053 2202 85 21 heures
2150 2201 61 21 dans
2224 2200 26 22 la
2264 2199 65 23 foule

1785 2228 140 28 brulssarye.
1944 2228 45 21 elle
2020 2227 51 22 ouït
2090 2228 41 21 des
2149 2226 104 25 plaintes
2271 2230 56 16 rau-

1785 2261 63 20 ques.
1863 2256 41 20 des
1919 2254 91 21 soupirs
2027 2253 141 22 déchirants,
2184 2252 40 20 des
2239 2251 47 21 cris
2300 2251 28 20 de

1784 2281 81 21 colère.
1879 2280 50 22 Elle
1950 2280 36 20 vit
2008 2279 40 21 des
2067 2279 81 25 poings
2172 2277 94 22 furieux
2303 2281 25 16 se

1785 2306 104 22 brandir.

1810 2363 29 5 —
1855 2350 132 24 J'entrerai,
2005 2349 128 26 j'entrerai!
2153 2348 82 26 répéta
2252 2348 63 21 Estel-

1785 2378 29 21 le.

1811 2416 50 21 Elle
1872 2420 25 17 se
1909 2415 83 21 trouva
2002 2414 54 22 tout
2066 2414 15 21 à
2091 2418 59 20 coup
2161 2412 98 25 poussée
2271 2416 44 17 con-

1786 2441 35 22 tre
1842 2441 24 21 la
1886 2441 66 25 grille
1972 2440 56 21 d'or.
2045 2440 50 20 Elle
2114 2439 72 22 avisa,
2205 2438 17 21 à
2238 2439 91 20 travers

1786 2467 33 21 les
1842 2467 122 21 barreaux,
1986 2470 34 16 un
2041 2464 105 22 vieillard
2168 2464 70 21 fleuri
2260 2464 69 21 d'une

1788 2492 72 21 barbe
1882 2491 111 25 argentée
2019 2491 25 21 et
2062 2490 57 22 vêtu
2143 2490 71 21 d'une
2238 2489 85 25 longue

1785 2518 56 21 robe
1852 2517 108 21 blanche.

1813 2568 29 5 —
1857 2556 70 21 Saint
1942 2556 86 23 Pierre,
2055 2554 194 23 balbutia-t-elle.
2277 2554 54 20 tout

1785 2582 151 24 époumonée,
1952 2586 39 17 me
2008 2581 84 21 voici...
2123 2581 29 20 Je
2181 2580 49 21 suis
2244 2579 85 21 Estelle

1787 2609 128 20 Pommeau
1928 2607 26 21 et
1965 2606 77 26 J'étais
2052 2611 47 17 une
2106 2605 96 22 humble
2213 2606 95 22 femme,
2315 2605 15 20 à

1786 2638 86 20 preuve
1889 2637 45 20 que
1953 2633 41 24 j'ai
2013 2632 69 21 laissé
2097 2636 41 17 sur
2148 2631 24 21 la
2191 2631 62 21 terre
2273 2634 57 18 mon

1786 2663 69 21 corps
1872 2658 75 22 affalé
1961 2658 67 21 entre
2050 2658 61 21 deux
2130 2657 125 25 poubelles.

1812 2699 33 20 Le
1858 2698 64 21 saint
1934 2698 92 21 Portier
2038 2702 24 17 se
2075 2697 45 21 mit
2132 2696 16 22 i.
2160 2696 52 21 rire.

1812 2748 29 5 —
1858 2736 86 22 Estelle
1961 2737 161 22 Pommeau...,
2136 2734 115 22 autrefois
2267 2734 51 22 Stel-

1787 2763 24 20 la
1821 2763 6 19 !
1846 2762 135 21 s'écria-t-il
1991 2762 6 20 !
2014 2761 135 21 Oublies-tu
2167 2765 44 20 que
2228 2761 28 20 tu
2272 2764 46 17 ven-

1788 2788 35 20 dis
1835 2788 26 21 ta
1874 2788 67 20 chair
1953 2792 47 16 aux
2013 2787 105 21 hommes
2132 2787 24 21 et
2169 2791 52 20 que,
2234 2786 30 20 de
2277 2786 41 21 lon-

1788 2818 56 20 gues
1859 2813 95 23 années,
1967 2812 28 22 tu
2010 2812 92 25 croupis
2118 2812 60 21 dans
2194 2812 25 21 la
2233 2811 97 22 luxure?

1858 2851 63 22 C'est
1934 2851 58 23 vrai,
2008 2851 56 21 c'est
2079 2850 58 25 vrai,
2152 2850 68 22 hélas
2231 2850 6 21 !
2256 2850 75 25 grand

1787 2877 71 23 saint,
1873 2877 74 24 reprit
1961 2876 92 22 Estelle.
2067 2876 61 21 Mais
2143 2876 18 21 11
2173 2881 16 20 y
2205 2881 14 17 a
2235 2876 29 21 de
2281 2875 50 22 cela

1790 2903 21 21 si
1827 2903 141 24 longtemps!
1990 2902 45 21 J'ai
2051 2901 95 22 racheté
2165 2906 41 16 ma
2224 2901 107 24 jeunesse

1790 2928 149 21 abominable
1973 2933 45 19 par
2036 2927 55 21 tant
2106 2927 29 21 de
2153 2926 87 22 travail
2259 2927 25 21 et
2302 2927 30 21 de

1790 2954 146 20 souffrance!
1954 2953 61 23 Vois,
2031 2958 50 16 mes
2095 2957 101 21 pauvres
2212 2952 78 21 mains
2306 2956 26 17 se

1790 2979 56 21 sont
1868 2978 66 22 usées
1957 2978 15 21 â
1992 2979 29 20 de
2045 2977 69 22 dures
2133 2978 119 24 besognes.
2276 2977 56 20 Vois

1791 3009 50 16 mes
1857 3003 123 26 paupières
1997 3004 80 24 qu'ont
2093 3002 93 25 gercées
2200 3003 22 21 le
2240 3003 37 25 gel
2292 3003 40 21 des

1791 3029 78 22 hivers
1882 3029 25 22 et
1918 3029 22 22 le
1953 3029 33 21 sel
1999 3029 41 21 des
2051 3028 111 23 larmes...

1817 3078 28 5 —
1862 3068 36 22 Tu
1918 3072 32 16 ne
1969 3068 43 20 t'es
2031 3067 68 25 point
2116 3067 115 24 repentie!
2255 3067 77 21 clama

1793 3094 63 20 saint
1873 3094 84 20 Pierre.
1974 3094 36 19 Tu
2026 3093 51 21 n'as
2091 3093 64 21 cessé
2171 3093 43 21 ton
2229 3093 105 21 honteux

1792 3118 83 21 métier
1883 3123 44 20 que
1935 3118 133 21 contrainte
2082 3123 44 20 par
2139 3118 58 24 l'âge
2213 3119 25 19 et
2250 3118 25 21 la
2289 3118 31 21 né-

1792 3144 89 21 cessité.
1897 3143 137 22 Retire-toi!
2050 3144 63 20 C'est
2127 3143 30 21 ici
2172 3144 24 20 la
2212 3144 67 23 grille
2292 3145 41 19 des

1792 3169 66 21 âmes
1868 3174 76 20 pures.
1955 3170 63 20 Pour
2029 3169 25 21 la
2064 3169 108 21 franchir
2182 3169 17 21 il
2211 3169 56 22 faut
2277 3174 44 20 por-

1793 3195 37 21 ter
1845 3200 33 16 un
1893 3194 39 22 lis!

1818 3244 29 5 —
1858 3233 61 25 Qu'à
1931 3233 50 21 cela
1993 3237 31 17 ne
2037 3232 87 25 tienne,
2136 3233 25 25 je
2174 3233 62 21 m'en
2247 3238 42 16 vas
2302 3238 31 16 en

1793 3258 90 22 cueillir
1902 3259 43 20 un!
1966 3263 141 17 marmonna
2126 3259 24 21 la
2169 3259 76 21 vieille
2261 3264 31 16 en
2308 3264 26 16 se

1793 3284 108 21 retirant.

1820 3322 81 21 Hélas!
1914 3322 59 21 trois
1985 3322 45 22 fois
2040 3322 76 22 hélas!
2129 3322 77 22 toutes
2216 3323 35 21 les
2261 3323 73 21 fleurs

1794 3352 25 16 se
1828 3347 110 21 fanaient
1951 3348 59 20 dans
2022 3352 36 17 ses
2069 3348 78 21 mains
2158 3348 83 24 qu'elle
2254 3353 69 20 regar-

1795 3373 57 23 dait,
1863 3372 104 24 hébétée,
1982 3377 31 17 en
2026 3374 150 20 murmurant
2193 3378 6 16 :
2217 3382 9 9 »
2242 3374 43 21 Les
2298 3377 36 17 ai-

1794 3398 24 25 je
1838 3398 53 23 trop
1912 3398 69 21 salies
1998 3403 32 17 en
2050 3399 150 21 farfouillant
2219 3399 61 22 dans
2301 3400 33 20 les

1794 3423 157 25 poubelles?...
1969 3424 60 24 Non,
2057 3425 56 21 c'est
2141 3424 74 21 avant
2243 3424 91 26 lorsque

1795 3448 77 26 j'étais
1887 3449 96 25 jeune...
2001 3458 10 9 »

1820 3488 45 21 Les
1879 3488 92 21 ombres
1982 3488 40 25 qui
2036 3489 120 25 passaient
2168 3488 86 26 auprès
2268 3489 67 21 d'elle

1795 3513 34 22 lui
1841 3514 101 24 jetaient
1956 3514 41 21 des
2010 3514 98 22 Insultes
2125 3519 6 16 :

1807 3560 25 5 —
1845 3552 37 21 Va
1897 3552 67 23 donc,
1979 3552 76 22 vieille
2068 3557 56 21 grue
2138 3552 39 26 qui
2193 3553 113 21 cherches
2320 3553 15 21 à

1795 3577 90 21 cueillir
1902 3577 41 22 des
1958 3577 30 22 lis
1997 3579 7 20 !

1820 3627 29 5 —
1862 3616 74 21 Chair
1949 3616 16 21 à
1976 3616 82 25 plaisir
2070 3617 40 26 qui
2123 3622 60 17 veux
2196 3622 81 21 passer
2291 3622 44 21 par

1795 3641 24 22 la
1834 3642 67 25 grille
1917 3642 41 21 des
1973 3643 78 24 pures!

1820 3689 25 5 —
1856 3681 82 21 Vieille
1950 3681 74 21 catin!
2037 3682 31 21 Le
2082 3682 76 21 diable
2170 3682 127 21 t'étrillera.

1822 3719 49 21 Oh!
1886 3720 63 20 cette
1963 3724 56 17 vase
2032 3720 29 21 où
2076 3721 44 22 elle
2133 3720 79 21 s'était
2226 3720 96 22 embour-

1795 3744 43 21 bée
1856 3744 114 22 autrefois
1989 3745 25 21 et
2033 3746 46 24 qui,
2103 3746 136 23 lentement,
2257 3746 79 21 s'était

1796 3770 98 25 déposée
1912 3775 54 16 sous
1983 3770 77 22 l'onde
2077 3771 61 22 étale
2158 3772 30 20 de
2203 3776 28 16 sa
2249 3771 37 21 vie
2306 3772 29 20 de

1795 3795 83 23 vieille,
1893 3796 63 20 cette
1969 3800 56 17 vase
2039 3796 111 24 maudite,
2164 3797 23 20 la
2204 3796 94 22 fatalité
2311 3797 24 20 la

1796 3821 101 20 remuait
1911 3821 67 23 donc,
1992 3821 14 21 à
2020 3822 61 21 cette
2094 3823 73 21 heure
2180 3822 29 22 de
2222 3822 25 21 la
2261 3822 72 21 mort!

1796 3846 50 21 Elle
1861 3851 30 16 en
1910 3846 59 21 était
1987 3846 135 23 anéantie...

1823 3885 111 24 Soudain,
1958 3885 45 22 elle
2024 3886 35 21 vit
2080 3887 126 23 s'avancer,
2229 3886 54 22 tout
2305 3889 30 17 en

1797 3911 84 24 pleurs,
1904 3911 61 21 dans
1991 3911 22 20 le
2032 3912 88 21 sentier
2142 3911 77 24 fleuri,
2240 3911 95 21 l'ombre

1796 3937 57 21 d'un
1870 3936 92 24 enfant,
1981 3941 47 16 une
2042 3937 79 22 ombre
2139 3936 99 23 chétlve,
2255 3933 81 27 falote,

1797 3962 57 21 celle
1869 3962 55 21 d'un
1940 3961 86 21 enfant
2039 3962 29 21 de
2082 3963 25 20 la
2120 3962 90 21 misère.
2225 3962 32 20 Le
2272 3962 64 20 saint

1797 3986 91 21 Portier
1904 3987 81 21 l'avait
1999 3987 95 23 chassée
2112 3988 29 20 de
2156 3987 24 21 la
2197 3986 66 25 grille
2280 3987 56 22 d'or.

1822 4036 29 5 —
1862 4025 100 24 Maudit,
1976 4025 24 24 Je
2010 4026 48 21 suis
2071 4025 101 22 maudit!
2187 4025 69 22 criait
2268 4025 67 25 éper-

1798 4050 98 22 dument
1909 4051 22 20 le
1944 4051 66 24 petit.
2023 4052 28 20 Je
2063 4052 48 21 suis
2123 4051 40 20 fils
2177 4051 55 21 d'un
2246 4051 90 21 infâme

1798 4076 25 20 et
1837 4076 25 25 je
1874 4081 31 15 ne
1917 4076 36 20 vis
1965 4081 44 20 que
2023 4076 23 21 le
2059 4077 85 22 mal!...
2159 4076 82 22 Est-ce
2255 4081 44 20 que
2312 4077 23 24 Je

706 5048 63 20 Nous
782 5051 72 16 avons
866 5047 36 20 dit
913 5048 71 23 qu'un
998 5047 74 21 crédit
1084 5047 29 22 de
1128 5048 24 21 10
1164 5048 42 21 mil-

681 5072 59 21 lions
756 5073 30 20 de
802 5072 80 21 francs
898 5073 72 20 serait
987 5072 82 21 inscrit
1085 5078 32 16 au
1134 5073 85 24 budget

681 5101 58 20 pour
758 5096 95 25 réparer
874 5097 33 20 les
928 5096 83 25 dégâts
1031 5098 127 24 provoqués
1177 5103 43 20 par

682 5116 32 27 îes
733 5122 105 21 récentes
859 5122 150 21 inondations
1030 5123 24 20 et
1074 5127 60 20 pour
1154 5124 66 20 venir

682 5151 29 16 en
725 5147 52 21 aide
792 5151 46 16 aux
853 5146 112 22 sinistrés.

708 5173 44 20 Ces
766 5171 85 21 crédits
864 5173 81 19 seront
958 5171 101 25 répartis
1072 5177 30 17 en
1116 5173 105 21 subsides

683 5201 45 16 aux
747 5197 202 20 administrations
968 5197 85 20 locales
1071 5198 24 19 et
1116 5203 31 15 en
1165 5198 43 21 sub-

683 5222 106 20 ventions
806 5226 46 16 aux
869 5226 91 16 œuvres
974 5221 90 25 privées
1081 5223 39 23 qui
1136 5224 84 19 auront

683 5247 45 20 fait
741 5251 85 20 preuve
838 5247 30 20 de
881 5246 154 21 dévouement
1046 5248 25 20 et
1083 5248 138 22 d'initiative

684 5276 29 17 en
729 5276 37 16 ces
782 5272 178 20 circonstances.

710 5297 21 20 A
748 5297 38 20 cet
801 5296 67 23 effet,
884 5296 22 21 le
923 5297 182 23 gouvernement
1120 5298 102 23 prendra

685 5322 65 20 l'avis
775 5321 68 21 d'une
867 5321 148 20 commission
1039 5322 61 20 dans
1125 5323 98 24 laquelle

684 5347 79 21 seront
777 5345 145 26 représentés
935 5347 34 19 les
983 5347 202 20 administrations
1200 5348 23 20 et

685 5372 143 24 organismes
842 5372 40 24 qui
897 5372 102 24 peuvent
1013 5371 124 22 utilement
1149 5373 62 21 inter-

685 5397 71 22 venir.

711 5422 104 22 L'action
832 5422 41 20 des
893 5421 98 21 services
1009 5421 125 21 sanitaires
1153 5427 58 20 pren-

685 5449 44 21 dra
744 5452 46 17 une
808 5448 144 24 importance
969 5446 53 25 plus
1039 5447 88 24 grande
1142 5447 15 21 à
1174 5452 37 16 me-

685 5479 54 16 sure
752 5478 45 20 que
810 5473 34 21 les
858 5477 60 16 eaux
932 5474 114 23 pourront
1059 5472 51 22 être
1123 5472 102 23 retirées,

686 5500 25 21 et
724 5499 90 25 lorsque
827 5498 34 21 les
875 5498 73 20 terres
961 5502 32 16 ne
1008 5499 80 20 seront
1104 5498 52 25 plus
1168 5498 44 21 sub-

685 5524 110 26 mergées,
808 5524 16 21 11
836 5524 87 21 faudra
935 5522 111 26 procéder
1059 5523 15 21 à
1087 5523 138 22 l'ouverture

686 5552 42 21 des
749 5554 68 18 cours
840 5550 74 22 d'eau,
936 5549 41 21 des
1001 5548 73 22 fossés
1097 5549 25 20 et
1142 5548 83 25 rigoles

687 5576 166 23 d'évacuation,
872 5574 61 22 ainsi
951 5574 53 26 qu'à
1025 5574 24 21 la
1068 5574 157 21 restauration

686 5603 42 21 des
741 5601 106 23 chemins
860 5600 96 26 publics,
968 5600 82 25 égouts
1063 5600 25 21 et
1103 5600 122 25 aqueducs.

686 5639 27 6 -
728 5628 39 23 X.

1274 4552 186 39 CONSEILS
1482 4553 261 43 COMMUNAUX

1469 4627 76 18 UCCI.E

1260 4665 28 17 Lt
1305 4666 70 17 séance
1391 4667 29 16 est
1440 4668 79 16 ouverte
1538 4667 12 17 à
1566 4668 23 16 30
1604 4668 76 18 heures,
1697 4673 46 14 sous
1759 4669 19 18 la

1240 4685 112 20 ■présidence
1375 4686 23 17 d*
1417 4687 27 17 M.
1467 4687 50 17 Jean
1540 4688 77 18 Vander
1641 4689 48 20 Elst,
1709 4690 60 20 bourg-

1240 4707 77 17 mestre.

1261 4726 27 16 M.
1304 4726 19 17 1*
1337 4726 138 19 bour-jmestre.
1490 4731 26 13 au
1531 4731 45 14 nom
1593 4728 26 17 du
1637 4729 83 20 Conseil,
1736 4733 34 17 pré-

1240 4747 56 16 sente
1313 4746 28 17 les
1361 4746 127 18 félicitations
1511 4747 23 18 de
1556 4748 120 18 l'assemblée
1698 4749 12 16 à
1728 4750 51 16 Mme

1239 4765 94 21 Docquier
1356 4768 20 15 et
1398 4767 27 16 lui
1448 4768 67 18 remet,
1534 4771 38 14 aux
1592 4768 187 20 applaudts«*cment-t

1239 4785 25 17 de
1277 4786 125 19 l'assemblée,
1414 4786 19 17 la
1445 4787 89 17 médaille
1549 4788 42 17 d'or
1604 4789 24 17 de
1640 4789 20 16 la
1672 4792 101 14 commune

1240 4809 37 16 que
1291 4806 18 17 le
1324 4807 49 15 Cons
1378 4807 21 16 ni
1414 4807 27 17 lui
1458 4807 81 18 déorne
1556 4811 24 14 eu
1596 4807 60 21 égard
1671 4812 39 13 aux
1724 4812 45 14 nom-

1240 4825 59 17 breux
1315 4827 83 17 services
1412 4826 142 19 humanitaires
1571 4828 72 18 rendus
1661 4828 12 17 k
1692 4828 20 19 le
1727 4832 51 15 com*

1240 4849 19 13 m
1260 4848 43 15 une.

1261 4865 127 17 L'assemblée
1400 4866 66 17 décide
1479 4867 93 17 d'allouer
1587 4867 11 17 h
1613 4867 20 17 la
1647 4868 132 21 CtoIx-Roub»

1240 4885 24 17 de
1278 4885 90 20 Belgique
1382 4889 26 14 un
1423 4887 77 17 subside
1513 4887 25 16 de
1554 4887 50 18 1,000
1620 4888 73 19 francs,
1710 4893 24 13 en
1747 4889 22 18 la-

1240 4908 47 16 veur
1301 4905 33 17 des
1349 4906 89 17 sinistrAs
1451 4906 33 17 d-s
1498 4906 87 18 réœntei
1601 4908 131 18 Inondations.

1261 4925 95 20 Quelques
1369 4926 62 18 objets
1446 4927 76 16 d'ordre
1537 4929 101 17 purement
1653 4928 124 18 administra»

1241 4944 25 17 tif
1279 4947 44 16 eont
1335 4947 76 16 ensuite
1421 4946 81 21 adoptas
1516 4950 46 14 rans
1575 4947 113 19 discussion.

1261 4965 17 18 A
1293 4965 45 18 huis
1354 4965 45 19 clos,
1415 4966 46 17 MM.
1480 4967 70 16 Jacobs
1569 4968 20 16 et
1605 4967 28 17 De
1647 4967 69 18 Proost
1734 4970 44 16 sont

1241 4985 85 17 nemmés
1345 4985 124 18 surveillants
1490 4986 33 17 des
1544 4988 84 15 travaux
1654 4988 47 16 MM.
1719 4989 59 16 Drae-

1241 5008 49 17 gers,
1307 5005 29 16 D?
1355 5006 72 18 Potter.
1446 5006 64 20 Blver,
1529 5006 55 19 Boes,
1601 5006 42 17 Van
1660 5007 56 19 Hoef.
1734 5009 43 16 Bal-

1241 5028 53 16 seau,
1312 5025 93 20 D-srwael,
1420 5026 88 19 Demoor,
1524 5026 42 17 Van
1584 5026 97 20 Tilbergh,
1699 5028 80 17 Vervec-

1241 5044 38 17 ken
1294 5046 20 16 et
1328 5044 70 18 Lhoest
1414 5047 45 15 sont
1474 5046 86 17 nommés
1577 5047 85 17 commis.
1680 5047 27 18 M.
1725 5049 53 16 Moo-

1242 5068 49 13 nens
1304 5066 29 15 est
1349 5068 67 16 promu
1429 5069 97 16 messager
1539 5066 51 17 chef.

1262 5084 28 17 La
1301 5084 70 18 séance
1383 5087 29 16 est
1426 5085 52 17 levée
1488 5086 12 16 k
1512 5086 21 16 22
1546 5086 77 17 heures.

1287 5160 82 39 LE
1385 5159 361 44 MONITEUR

1400 5219 33 18 ies
1449 5220 53 16 17*18
1516 5219 106 20 décembre.

1367 5276 116 19 AFFAIBES
1502 5278 157 18 ETRANGERES

1264 5304 35 17 Est
1318 5304 75 20 publiée
1408 5305 20 16 la
1444 5305 26 16 loi
1486 5307 122 17 approuvant
1624 5306 20 17 la
1661 5306 119 21 Convention

1242 5324 80 17 conclue
1337 5326 55 15 entre
1405 5324 19 17 la
1437 5324 90 20 Belgique
1542 5326 19 16 et
1576 5325 20 17 la
1611 5326 80 19 France,
1705 5331 24 13 en
1745 5332 36 15 vu,

1244 5344 24 16 de
1282 5343 61 20 régler
1358 5343 17 18 le
1389 5345 73 17 service
1477 5345 34 17 dea
1527 5345 86 17 douanes
1630 5349 33 13 sur
1678 5346 28 18 les
1720 5348 60 19 lignes

1244 5363 73 17 îerrées
1336 5364 148 19 .-anco-belgass,
1504 5368 24 13 en
1548 5368 22 13 ee
1593 5366 32 18 qui
1649 5369 93 16 concerne
1761 5368 20 17 la

1245 5383 115 17 circulation
1376 5383 33 18 des
1425 5385 63 16 trains
1504 5384 66 17 visités
1584 5388 36 17 par
1633 5385 19 17 le
1667 5387 67 19 trajet.

1454 5409 118 17 COLONIES

1267 5435 130 16 Nomination.
1413 5444 24 5 —
1452 5437 26 16 M.
1499 5437 26 16 M.
1542 5437 98 17 Eeckhout
1657 5440 30 15 eat
1706 5440 76 17 nommé

1245 5455 103 17 directeur:
1365 5456 103 17 démission
1483 5456 106 18 honorable
1602 5458 24 16 de
1638 5462 31 12 ses
1685 5459 97 18 fonctions

1246 5477 29 15 est
1289 5475 91 18 accordée
1393 5476 12 16 à
1417 5476 26 16 M.
1456 5477 26 15 M.
1495 5477 104 19 Eeckhout,
1611 5478 102 17 directeur.

1461 5501 97 19 JUSTICE

1268 5527 83 16 rrianna.
1366 5535 24 4 —
1406 5528 107 18 Démission
1531 5529 105 18 honorable
1653 5530 24 18 de
1692 5535 35 13 son
1743 5536 29 13 em-

1247 5548 38 20 ploi
1301 5550 27 16 eat
1345 5548 79 19 cesatrtU
1439 5549 12 17 à
1469 5549 26 17 M.
1510 5549 87 18 Mathieu
1614 5550 121 21 DeHamei*,-.
1752 5553 20 16 di-

1245 5570 76 15 recteur
1333 5569 24 17 de
1368 5569 157 18 rêtabUssoment
1536 5569 137 21 pénitentiaire
1683 5571 23 17 de
1719 5573 63 15 Me.-x-

1246 5588 49 20 ptas.
1309 5589 27 17 M.
1351 5589 86 20 «\atalphe
1451 5589 114 18 Delierneux
1581 5591 29 16 est
1628 5591 75 16 nommé
1720 5592 52 17 direc-

1246 5611 44 16 teur
1305 5609 25 17 de
1343 5610 31 16 cet
1390 5609 151 20 établi*ae-a.*n*.,
1557 5613 47 15 avec
1617 5614 48 16 raag
1683 5611 23 18 da
1720 5612 62 18 cUrcc-

1247 5631 43 16 teur
1302 5629 24 18 de
1337 5629 24 18 2e
1375 5629 27 17 cl*
1406 5633 30 13 ne
1436 5641 6 6 .

1824 4139 44 21 Les
1886 4139 92 21 ombres
1996 4139 99 23 honnies
2112 4140 40 25 qui
2167 4140 121 24 passaient
2305 4140 32 24 là,

1798 4164 186 24 haineusement,
1991 4164 124 24 déversant
2132 4166 51 21 leur
2200 4165 49 24 fiel,
2264 4165 61 21 s'irri-

1799 4189 79 22 tèrent
1893 4194 6 17 :

1824 4238 29 6 —
1866 4229 37 21 Tu
1919 4233 27 16 as
1962 4228 47 25 jeté
2023 4229 127 26 l'opprobre
2164 4234 40 16 sur
2219 4228 23 23 le
2255 4230 83 20 ventre

1800 4253 29 22 de
1844 4254 27 20 ta
1887 4253 73 21 mère!

1825 4302 29 5 —
1867 4292 86 21 Fallait
1967 4297 57 16 sans
2039 4293 69 22 doute
2122 4293 69 25 qu'on
2203 4293 99 25 t'apprit
2316 4293 22 22 le

1800 4317 61 25 bien,
1881 4317 40 21 fils
1941 4318 29 21 de
1986 4322 85 22 gueuse

1826 4365 29 7 —
1870 4355 121 22 L'enfant!
2023 4356 33 23 Le
2085 4356 132 23 châtiment
2231 4357 108 25 suprême

1801 4380 42 22 des
1856 4380 63 22 filles
1922 4381 6 21 I

1826 4429 29 7 —
1870 4419 94 22 Maudit
1979 4419 61 23 celui
2055 4421 40 27 qui
2110 4420 145 26 t'engendra!

1827 4457 91 21 Autour
1936 4457 31 21 du
1984 4457 67 25 petit,
2066 4459 34 21 les
2114 4463 60 21 yeux
2190 4458 149 25 flambèrent,

1802 4481 52 26 plus
1866 4482 61 21 durs.
1941 4483 47 21 Des
1998 4483 82 25 poings
2091 4489 26 16 se
2128 4482 109 23 levèrent.
2249 4484 21 21 Il
2283 4488 43 17 cou-

1802 4507 53 25 rait,
1867 4507 98 26 hagard,
1976 4508 52 23 tout
2040 4509 83 26 rempli
2136 4509 29 21 de
2177 4509 97 21 terreur.

1827 4556 29 6 —
1871 4545 145 24 L'enfanti...
2034 4546 142 26 L'Innocent,
2193 4546 106 23 balbutia
2316 4547 24 21 la

1802 4570 75 22 vieille
1893 4571 93 22 Estelle.

1828 4608 50 22 Elle
1890 4608 34 21 lui
1933 4608 78 22 tendit
2021 4609 34 23 les
2065 4611 61 23 bras,
2137 4610 54 25 puis
2203 4610 44 23 elle
2255 4610 23 23 le
2289 4615 38 17 ser-

1802 4637 28 17 ra
1846 4634 90 22 contre,
1945 4639 27 17 sa
1988 4635 99 25 poitrine
2105 4635 129 23 desséchée.
2249 4636 90 23 Autour

1802 4658 74 27 d'eun,
1888 4659 24 21 la
1925 4659 79 22 meute
2017 4661 41 21 des
2070 4661 124 25 réprouvés
2207 4661 69 21 hurla
2293 4666 6 16 :

1826 4707 29 7 —
1869 4696 83 21 Vieille
1966 4701 72 18 carne
2052 4699 40 26 qui
2106 4704 25 17 se
2144 4699 78 21 donne
2238 4699 41 21 des
2292 4699 48 21 airs

1802 4721 29 21 de
1845 4721 73 22 mère!
1932 4732 29 5 —
1973 4723 71 22 Est-Il
2059 4725 59 21 donc
2130 4724 57 21 sorti
2201 4725 30 22 de
2245 4725 36 21 tes
2296 4729 30 16 en-

1802 4746 89 22 trailles
1908 4751 26 17 ce
1951 4747 113 24 chérubin
2081 4751 31 20 du
2127 4749 116 22 diable?...
2262 4758 24 5 —
2300 4750 39 21 On

1801 4776 31 16 va
1849 4777 58 16 vous
1922 4772 96 22 chasser
2036 4775 53 22 tous
2104 4775 67 23 deux,
2188 4775 14 20 à
2221 4779 70 21 coups
2310 4775 28 21 de

1801 4797 97 24 pierres!

1827 4835 62 21 Mais
1901 4835 24 21 la
1934 4835 76 24 vieille
2020 4837 31 21 fit
2061 4838 52 28 plus
2123 4838 62 22 forte
2196 4843 44 16 son
2250 4838 75 22 étrein-

1802 4858 30 22 te.
1844 4860 51 21 Elle
1907 4861 89 21 sentait
2009 4862 90 23 haleter
2111 4864 81 22 contre
2204 4868 44 17 son
2257 4864 52 20 sein
2316 4864 23 20 la

1801 4885 73 23 petite
1885 4886 101 24 poitrine
1996 4889 104 23 apeurée.
2111 4889 50 21 Elle
2172 4889 50 24 jeta,
2231 4890 52 20 tout
2294 4894 31 16 au-

1801 4908 54 23 tour
1870 4910 66 21 d'elle
1951 4916 33 17 un
1999 4915 83 23 regard
2096 4914 20 21 si
2129 4913 94 21 terrible
2239 4918 43 20 que
2296 4914 42 21 nul

1801 4935 65 21 n'osa
1882 4936 154 24 s'approcher.
2053 4939 34 21 La
2102 4940 85 23 meute,
2202 4939 136 24 lentement,

1800 4960 50 21 s'en
1866 4961 48 20 alla
1930 4966 30 16 en
1973 4964 124 23 grondant.

1827 4997 74 24 Alors,
1915 4998 41 21 des
1968 5004 60 19 yeux
2042 5002 73 21 ternis
2127 5001 107 22 d'Estelle
2247 5002 78 21 tombè-

1801 5023 54 20 rent
1873 5024 60 21 deux
1951 5024 71 22 belles
2039 5026 86 23 larmes
2143 5027 105 21 d'amour
2266 5027 25 20 et
2309 5028 29 20 de

1801 5047 64 24 pitié.
1880 5048 50 21 Elle
1943 5049 75 22 frotta
2032 5056 26 17 sa
2073 5053 54 24 Joue
2140 5051 64 22 ridée
2217 5052 81 21 contre
2314 5052 24 21 la

1801 5072 55 24 joue
1866 5078 51 16 rose
1928 5074 32 21 du
1971 5076 67 24 petit,
2047 5082 69 20 passa
2128 5078 23 20 la
2162 5077 66 21 main
2239 5077 60 21 dans
2311 5082 26 16 sa

1802 5097 62 22 laine
1878 5099 84 21 blonde
1975 5101 25 20 et
2013 5102 94 23 proféra
2123 5107 7 16 :

1827 5146 29 6 —
1868 5137 37 21 Tu
1919 5142 24 16 es
1956 5139 91 23 maudit
2061 5145 44 21 par
2119 5140 25 22 la
2158 5140 67 22 faute
2239 5140 40 21 des
2294 5144 30 17 au-

1802 5160 54 22 tres.
1873 5162 52 24 Que
1946 5167 31 16 ne
1994 5160 89 31 puls-je
2102 5170 87 21 pauvre
2206 5165 65 25 peut,
2292 5165 33 21 im-

1801 5186 78 25 plorer
1895 5188 26 20 ta
1938 5188 78 24 grêce!

1815 5224 22 21 O
1849 5224 105 21 miracle!
1968 5225 44 22 Les
2022 5227 16 22 ,j
2038 5233 44 17 eux
2094 5229 70 21 ^ugs
2176 5229 9 20 i
2185 5233 76 17 ttrmes
2273 5228 52 21 d'Es-

1802 5248 61 23 telle,
1875 5254 30 17 en
1920 5250 108 23 tombant
2039 5258 41 17 sur
2094 5254 22 22 le
2128 5254 42 23 sol.
2184 5254 95 21 avalent
2293 5253 45 21 fait

1802 5278 96 20 pousser
1908 5275 61 21 deux
1980 5276 35 24 lis,
2026 5278 51 24 plus
2089 5279 93 25 grands,
2193 5279 53 25 plus
2257 5279 81 21 beaux.

1802 5299 52 24 plus
1866 5299 81 22 blancs
1957 5305 44 20 que
2012 5302 52 23 tous
2076 5305 34 20 les
2122 5305 85 20 autres.
2219 5305 33 20 La
2263 5303 76 22 vieille

1802 5323 34 22 les
1852 5324 101 22 effleura
1967 5330 55 18 avec
2029 5330 96 21 crainte.
2139 5329 33 21 Ils
2187 5334 31 16 ne
2230 5334 25 16 se
2269 5329 68 21 fané-
2348 5328 3 21 i

1802 5350 55 20 rent
1870 5350 73 24 point
1956 5351 90 23 Levant
2057 5355 124 21 fièrement
2193 5355 25 20 la
2228 5355 55 23 tête,
2296 5354 44 21 elle
2348 5348 4 22 I

1802 5374 42 24 vit,
1857 5379 31 16 au
1900 5375 56 24 loin,
1967 5376 24 21 la
2002 5378 63 22 foule
2076 5379 109 23 s'écarter
2198 5380 29 21 de
2239 5380 24 21 la
2274 5379 64 25 grille

1803 5399 50 21 d'or
1865 5401 24 20 et
1901 5401 64 20 saint
1978 5402 78 23 Pierre
2068 5405 33 21 lui
2114 5405 60 22 faire
2188 5405 72 24 signe.

1829 5437 62 21 Tout
1906 5438 60 21 deux
1983 5440 157 24 s'élancèrent,
2169 5442 97 25 portant
2280 5442 60 22 haut

1804 5461 33 21 les
1851 5462 29 20 lis
1894 5463 31 21 du
1939 5465 97 23 pardon.
2049 5468 29 20 Et
2091 5472 26 16 ce
2131 5467 39 20 fut
2184 5467 61 20 ainsi
2259 5469 68 23 qu'Es-

1804 5487 61 23 telle,
1876 5488 24 21 la
1910 5489 76 22 vieille
1995 5492 133 24 prostituée,
2139 5493 69 23 porta
2218 5497 46 16 aux
2275 5493 65 24 pieds

1804 5512 29 20 de
1850 5513 108 21 l'Etemel
1978 5520 27 16 sa
2024 5517 75 22 vieille
2118 5517 53 21 âme
2190 5518 104 24 repentie
2315 5519 25 20 et

1804 5542 47 16 une
1865 5538 54 21 âme
1931 5540 66 22 toute
2012 5546 73 18 neuve
2099 5542 82 26 qu'elle
2196 5542 65 21 avait
2275 5543 64 21 lavée

1804 5563 29 21 de
1844 5567 27 17 sa
1881 5563 57 26 pitié
1950 5565 30 21 de
1990 5566 128 26 misérable,
2129 5568 53 26 trop
2194 5567 80 25 haute,
2287 5569 52 25 trop

1804 5588 88 24 grande
1909 5594 59 20 pour
1983 5590 50 23 être
2048 5593 76 22 vaine.

1957 5627 186 31 Benii-Jactja-H
2160 5631 155 21 PROUMEN.

2337 956 74 24 quitté
2434 957 22 21 le
2478 957 84 20 travail
2584 960 52 17 vers
2659 957 24 19 18
2704 956 90 20 heures.
2817 956 60 20 C'est
2887 956 4 20 I

2338 986 51 16 vers
2406 982 14 20 8
2437 982 84 21 heures
2536 982 32 21 du
2582 982 47 20 soir
2646 982 70 23 qu'on
2732 982 96 24 aperçut
2846 982 32 19 les

2338 1007 124 23 premières
2483 1007 83 20 lueurs.
2589 1007 31 20 M.
2643 1007 149 23 Houtmeycr.
2814 1011 51 16 com-

2338 1032 104 21 missaire
2453 1033 29 20 de
2493 1032 73 25 police
2577 1032 28 20 de
2617 1032 24 20 la
2651 1036 122 17 commune
2785 1032 93 21 d'Evere

2339 1061 13 16 a
2369 1057 106 24 organisé
2490 1062 33 16 un
2536 1057 86 21 service
2637 1057 97 21 d'ordre.
2747 1058 38 20 On
2799 1057 79 21 estime

2339 1082 33 21 les
2386 1083 82 24 dégâts
2483 1082 15 21 à
2513 1082 52 26 plus
2580 1083 29 20 de
2623 1082 86 20 250.000
2724 1083 86 20 francs.
2826 1083 27 20 D.

2359 1121 35 16 Les
2410 1121 89 19 Banques
2514 1119 99 20 désignées
2628 1119 86 20 ci-après
2729 1122 34 15 ont
2778 1119 101 18 l'honneur

2339 1141 24 16 de
2382 1143 65 17 porter
2465 1141 11 15 is
2497 1140 19 16 la
2536 1140 140 17 connaissance
2692 1140 24 17 de
2734 1140 41 16 leur
2792 1140 89 18 Iclentéae

2339 1163 20 14 et
2377 1161 26 16 du
2419 1161 63 20 public
2497 1161 44 19 qu'a
2560 1160 103 17 l'occasion
2681 1160 25 17 de
2723 1160 19 17 la
2760 1160 52 19 Noël,
2830 1159 51 19 leur,

2339 1181 95 18 guichets,
2447 1182 72 15 caisses
2534 1182 19 14 et
2568 1180 82 20 galeries
2664 1180 24 17 de
2701 1181 135 16 coffres-forts
2851 1185 19 12 se-

2340 1203 44 14 ront
2399 1201 71 16 fermés
2483 1201 18 16 le
2517 1200 54 17 lundi
2587 1201 21 16 24
2622 1203 19 14 et
2657 1200 18 17 le
2690 1201 63 16 mardi
2769 1201 21 16 23
2805 1201 65 16 décem-

2340 1220 34 17 bre
2392 1221 42 16 192S
2452 1224 6 13 :

2361 1241 82 19 Banque
2458 1241 55 17 Jossc
2530 1240 66 18 Allard

2363 1262 102 16 American
2489 1261 81 20 Express
2594 1261 25 16 C»

2362 1281 81 20 Banque
2459 1281 58 19 Berge
2534 1285 48 16 pour
2596 1281 109 19 l'Etranger

2363 1301 80 20 Banque
2460 1302 24 16 de
2501 1301 98 17 Bruxelles

2364 1322 80 19 Banque
2461 1322 33 17 des
2513 1322 88 16 Colonies

2364 1342 79 19 Banque
2461 1342 24 16 de
2503 1342 110 16 Commerce

2364 1362 79 20 Banque
2459 1362 26 17 du
2504 1362 65 19 Congo
2589 1361 56 17 Bc'.»e

2364 1382 81 20 Banque
2465 1382 138 17 Commerciale
2620 1382 27 16 du
2665 1382 65 18 Congo

2364 1402 80 19 Banque
2460 1402 96 17 Générale
2572 1401 58 19 Belge

2365 1423 80 19 Banque
2462 1422 125 17 Industrielle
2604 1422 58 19 Belge

2364 1443 80 19 Banque
2464 1443 24 17 de
2503 1443 56 16 Paris
2575 1443 20 15 et
2612 1442 33 16 de*
2665 1442 99 19 Pays-Bas

2365 1463 66 16 Caisse
2449 1462 96 17 Générale
2563 1462 24 16 de
2602 1462 83 20 Reports
2701 1463 19 15 et
2736 1462 24 16 de
2775 1461 72 21 Dépots

2365 1483 66 16 Cassel
2446 1484 19 15 et
2478 1483 34 16 Cie

2365 1503 100 19 Comptoir
2478 1504 26 15 du
2515 1503 72 16 Centre

2365 1523 100 19 Comptoir
2482 1523 92 17 National
2590 1522 121 20 d'Escompte
2730 1522 24 17 de
2770 1522 55 17 Paris

2366 1542 67 18 Crédit
2451 1543 102 17 Anversois

2367 1563 66 17 Crédit
2455 1563 115 17 Communal
2592 1563 24 16 de
2638 1562 90 20 Belgique

2367 1583 67 17 Crédit
2453 1583 85 16 Oênérsl
2555 1584 24 15 de
2596 1582 90 20 Belgique

2367 1603 66 17 Crédit
2449 1603 85 17 Général
2553 1604 26 16 du
2594 1604 65 19 Congo

2367 1623 67 18 Crédit
2452 1624 97 20 Lyonnais

2367 1643 66 18 Crédit
2447 1644 27 17 du
2490 1644 52 17 Nord
2560 1643 58 20 Belge

2367 1664 115 17 Goldzieher
2499 1666 20 15 et
2539 1664 61 17 Penio

2367 1685 104 19 Guaranty
2485 1685 60 16 Trust
2564 1685 24 15 C»
2605 1684 20 17 of
2644 1683 107 18 Neav-Yora;

2367 1705 18 16 J.
2401 1705 54 16 Jolre
2726 1709 8 9 •

2368 1725 79 19 Banque
2462 1725 23 16 H.
2501 1725 91 16 Lambert

2368 1745 74 17 Lazard
2457 1745 94 17 Brothers

2368 1765 69 19 Lioyds
2448 1765 18 16 Ai
2478 1764 92 18 National
2582 1764 109 17 Provincial
2701 1764 82 20 Porelgn
2793 1764 56 17 Bank:
2860 1764 27 16 La

2369 1784 92 18 Mutuelle
2475 1785 70 19 Solvay

2369 1804 148 20 Nagelmacrters
2535 1805 38 17 Fils
2590 1805 20 17 et
2629 1805 35 17 Cie

2369 1825 92 16 National
2477 1825 44 19 City
2537 1825 55 17 Banlt
2611 1824 20 17 of
2650 1824 107 17 New-York

2369 1845 21 16 P.
2407 1845 26 16 M.
2454 1845 112 20 Phillppson
2582 1845 19 16 «fc
2620 1845 25 16 C°

2369 1865 34 17 Bté
2416 1865 59 20 Belge
2488 1866 24 16 de
2525 1865 66 17 Crédit
2607 1865 105 17 Industriel
2728 1866 20 16 et
2763 1864 126 17 Commercial

2479 1887 21 15 et
2513 1885 24 17 de
2549 1885 73 20 Depuis

2369 1905 76 17 Société
2458 1905 105 19 Française
2576 1906 24 16 de
2613 1905 80 19 Banque
2708 1906 20 16 et
2743 1904 24 18 de
2780 1904 73 21 Dépôts

2370 1926 77 16 Société
2462 1925 96 17 Générale
2576 1926 24 15 de
2618 1925 92 20 Belgiquo

2371 1946 111 16 Volksbank
2499 1949 39 13 van
2557 1945 76 17 Leuven

2371 1966 134 17 Westminster
2521 1966 57 16 Bank
2821 1965 69 18 (HCBI0

2369 1999 103 21 GRAVE
2487 1999 154 20 ACCIDENT
2656 1998 235 21 D'AUTOMOBILE.

2349 2035 28 5 —
2394 2025 39 20 Un
2453 2029 70 20 grave
2543 2024 108 21 accident
2667 2024 80 21 d'auto
2762 2024 55 20 s'est
2836 2028 44 19 pro-

2351 2050 58 23 duit,
2426 2050 52 22 hier
2497 2054 52 16 vers
2570 2050 93 23 minuit,
2682 2049 66 26 place
2768 2050 28 21 de
2817 2049 75 21 Brou-

2351 2075 74 24 ckère,
2442 2075 16 21 à
2475 2075 102 21 hauteur
2594 2076 32 21 du
2644 2075 126 22 boulevard
2787 2074 104 25 Adolphe

2351 2101 63 20 Max.

2378 2127 63 20 Mme
2457 2126 62 21 Istas
2533 2126 121 24 Hermens,
2669 2125 45 23 née
2728 2131 32 16 en
2776 2126 58 23 1876,
2847 2125 32 21 ha-

2352 2151 85 24 bitant,
2456 2152 45 22 118.
2518 2157 42 16 rue
2578 2153 32 21 du
2629 2152 65 24 Midi,
2712 2157 32 16 en
2761 2152 131 21 traversant

2352 2177 23 21 la
2395 2177 58 24 voie,
2473 2182 16 16 a
2504 2177 37 21 été
2557 2177 121 22 renversée
2697 2182 44 20 par
2760 2177 72 22 l'auto
2849 2181 44 20 que

2352 2202 131 22 conduisait
2497 2203 33 21 M.
2546 2203 54 22 B....
2615 2204 29 22 de
2658 2202 126 22 Bruxelles.

2376 2228 36 20 La
2430 2228 94 21 victime
2545 2234 16 15 a
2579 2228 38 22 été
2635 2228 96 25 relevée,
2752 2228 142 25 grièvement

2353 2253 86 22 blessée
2458 2253 16 21 à
2494 2254 25 20 la
2539 2250 48 26 tête
2605 2255 25 20 et
2646 2259 42 16 sur
2708 2254 22 22 le
2751 2259 73 20 corps.
2845 2254 47 21 Son

2353 2279 121 25 transport
2491 2279 16 21 à
2522 2278 107 27 l'hôpital
2647 2280 102 21 St-Jean
2768 2285 14 16 a
2800 2279 37 21 été
2855 2285 26 15 or-

2352 2304 78 21 donné
2446 2305 129 24 d'urgence.
2591 2305 52 21 Une
2658 2305 79 21 sévère
2755 2305 138 21 instruction

2353 2331 36 20 est
2402 2335 30 16 en
2446 2335 74 16 cours.
2535 2330 75 21 L'état
2621 2331 30 21 de
2662 2331 24 21 la
2700 2331 93 21 victime
2807 2330 87 25 inspire

2353 2355 28 22 dc
2396 2356 63 20 vives
2476 2356 165 28 inquiétudes^.
2658 2357 27 20 D.

2374 2387 66 17 POUR
2472 2388 46 16 VOS
2551 2387 121 18 CADEAUX,
2691 2388 146 17 adressez-vous
2857 2391 37 14 aux

2352 2408 152 19 Maroquineries
2517 2408 76 19 Loonls,
2609 2408 109 17 fabricants
2731 2409 87 16 vendant
2832 2408 51 17 direc-

2352 2429 74 15 tement
2438 2432 26 13 au
2476 2428 67 17 détail,
2558 2431 38 14 aux
2611 2429 43 18 prix
2667 2428 23 17 dc
2705 2432 50 16 gros,
2770 2429 33 17 des
2815 2428 79 17 articles

2353 2447 82 20 sérieux,
2449 2448 26 16 du
2489 2448 87 17 mcirieur
2592 2448 47 19 goût
2653 2450 20 15 et
2687 2449 24 16 de
2724 2448 119 17 fabrication
2861 2452 23 15 ga-

2353 2468 71 16 rantie.
2436 2468 36 17 Les
2483 2469 154 19 Maroquineries
2648 2468 71 17 Loonls
2732 2469 44 16 font
2788 2469 33 16 des
2833 2468 62 20 prèces

2353 2491 33 14 sur
2403 2489 114 16 commande
2535 2490 21 15 et
2571 2489 34 17 des
2622 2488 124 19 réparations
2764 2488 93 20 soignées.
2872 2496 23 5 —

2353 2508 100 19 Magasins
2466 2512 5 12 i
2485 2509 16 15 A
2511 2508 106 17 Bruxelles.
2630 2509 58 17 16-18.
2699 2509 85 18 Passage
2797 2509 25 16 du
2834 2509 59 16 Nord;

2353 2528 27 17 25.
2391 2532 34 13 rue
2435 2528 25 16 du
2472 2528 219 18 Marché*aux*Herbes;
2706 2529 38 17 19t.
2755 2528 30 17 ch.
2797 2529 24 16 de
2832 2528 52 17 Char-

2353 2548 54 17 leroi.
2419 2549 16 16 A
2449 2549 73 16 Anvers
2536 2552 5 13 :
2557 2549 28 18 78.
2599 2552 74 14 avenue
2686 2549 28 16 De
2725 2549 80 19 Keyscr.
2818 2549 16 16 A
2846 2549 39 16 Lou-

2354 2569 45 16 vain
2415 2572 4 13 :
2435 2569 27 17 59.
2478 2572 74 13 avenue
2566 2569 33 17 des
2614 2568 65 18 Alliés.
2826 2569 70 16 (H1394

2380 2595 158 21 REN*VERSE
2557 2595 61 20 PAR
2636 2595 43 20 UN
2699 2595 153 21 CYCLISTE.
2869 2605 28 6 —

2354 2620 37 21 En
2403 2620 141 23 traversant,
2556 2620 53 20 hier
2620 2620 55 21 soir,
2686 2620 24 21 la
2720 2625 43 17 rue
2776 2620 121 22 Théodore

2354 2645 144 25 Verhaegen,
2510 2645 16 21 à
2537 2645 122 24 St-Gilles,
2671 2646 32 20 M.
2716 2646 181 24 Jean-Baptiste

2354 2671 82 23 Devos,
2452 2671 141 21 demeurant
2609 2676 89 16 avenue
2714 2672 31 21 du
2760 2671 51 23 Roi,
2828 2676 15 16 a
2860 2671 37 21 été

2355 2696 107 21 renversé
2474 2701 45 20 par
2531 2697 22 21 le
2566 2696 94 25 cycliste
2671 2697 104 21 Armand
2788 2697 55 23 D...,
2855 2697 29 22 de-

2356 2723 108 20 meurant
2478 2722 15 20 à
2506 2722 99 21 Laeken.
2618 2722 32 22 Le
2662 2722 81 25 piéton
2755 2727 14 17 a
2783 2722 37 21 été
2834 2727 64 16 assez

2354 2747 144 24 grièvement
2517 2747 74 21 blessé
2613 2747 16 21 à
2651 2748 25 21 la
2693 2748 57 21 tête.
2772 2748 44 21 Les
2833 2748 64 21 soins

2355 2777 44 20 que
2410 2773 123 21 réclamait
2544 2778 44 16 son
2598 2773 51 21 état
2660 2773 34 21 lui
2705 2774 43 20 ont
2759 2773 37 21 été
2808 2773 90 22 donnés

2355 2798 15 22 à
2390 2798 107 25 l'hôpital
2516 2799 30 21 ée
2566 2799 105 20 l'avenue
2693 2799 103 21 Molière.
2816 2799 29 22 D.

2435 2839 161 32 SECRET
2628 2833 191 38 DÉVOILÉ

2353 2877 15 16 P
2369 2880 35 13 our
2421 2877 51 17 faire
2489 2878 10 16 1
2516 2877 45 17 litre
2575 2877 24 17 de
2614 2877 214 21 CHERRY-BRANDY,
2843 2878 53 16 ANT-

2353 2897 81 19 SETTE,
2449 2898 29 16 etc
2488 2909 11 4 ..
2512 2897 104 17 semblable
2627 2901 38 13 aux
2679 2898 41 16 1res
2730 2902 96 16 marques,
2837 2898 60 18 faites

2355 2918 100 16 dissoudre
2471 2918 26 16 du
2511 2921 56 13 sucre
2582 2918 50 16 dans
2646 2918 24 17 de
2683 2918 57 18 l'eau,
2755 2918 99 20 ajoutes-y
2870 2922 27 13 un

2356 2941 37 16 peu
2416 2937 82 17 d'aJcool
2520 2940 19 14 et
2561 2938 8 16 1
2589 2938 67 17 flacon
2689 2938 99 17 d'Extrait
2822 2937 76 22 végétal

2354 2958 99 19 NOIROT,
2468 2958 32 18 qui
2513 2961 25 13 ne
2550 2957 56 19 coûte
2620 2961 37 17 que
2669 2958 11 16 i
2693 2958 25 17 tr.
2734 2958 27 17 75.
2776 2959 29 16 En
2816 2960 59 15 vente
2890 2961 5 14 :

2355 2978 65 17 toutes
2432 2978 27 17 les
2472 2978 125 17 Pharmacies
2610 2979 19 16 rt
2643 2978 115 21 Drogueries
2770 2986 9 5 -
2791 2978 96 17 Alimenta-

2354 2998 49 17 tion.
2750 2999 148 19 (H10000/638/6

2382 3031 167 21 L'ACTIVITE
2565 3031 58 21 DES
2637 3031 221 22 PICKPOCKETS.
2872 3041 27 7 •—

2357 3057 63 20 Mme
2433 3056 85 21 Louisa
2531 3056 117 23 Verhulst,
2661 3057 140 21 demeurant
2814 3061 42 17 rue
2870 3057 29 21 de

2357 3082 23 20 la
2403 3082 76 23 Poste,
2501 3086 31 17 en
2553 3081 144 22 descendant
2716 3083 32 21 du
2770 3083 69 22 tram,
2857 3087 42 16 rue

2357 3107 29 21 de
2404 3107 114 24 Brabant,
2536 3112 16 16 a
2570 3107 107 22 constaté
2694 3112 45 20 que
2756 3112 27 16 sa
2800 3107 99 22 sacoche

2357 3132 59 22 était
2431 3133 101 21 ouverte.
2547 3132 39 22 Un
2600 3133 66 25 porte
2668 3133 88 21 -billets
2770 3133 129 21 contenant

2357 3158 40 20 610
2416 3158 81 23 francs
2515 3159 24 21 et
2554 3159 41 21 des
2615 3163 102 19 coupons
2733 3158 114 22 d'actions
2866 3159 33 21 lui

2359 3183 65 22 avait
2440 3183 38 22 été
2495 3183 57 22 volé.
2570 3184 34 21 La
2620 3183 74 26 police
2711 3189 15 16 a
2743 3185 81 20 ouvert
2841 3184 46 21 l'en-

2358 3209 69 25 quête
2441 3210 101 24 d'usage.
2556 3209 29 21 D.

2378 3248 211 65 PORTO
2622 3248 257 65 B0DEGA

2359 3334 18 17 la
2388 3338 80 17 marque
2479 3334 19 18 la
2510 3334 44 20 plus
2563 3335 95 17 ancienne
2668 3334 23 17 de
2702 3334 97 20 Belgique,
2809 3334 89 20 toujovr*-*

2359 3355 90 19 garantie
2469 3355 94 20 d'origlnt»
2579 3355 19 17 et
2615 3355 24 17 de
2657 3354 74 21 qualité
2750 3355 78 17 choisie.
2848 3355 51 16 Foui*

2359 3378 34 14 vos
2414 3375 101 20 emplettes
2533 3379 24 13 en
2577 3378 38 14 vue
2631 3375 35 17 des
2684 3375 50 17 feteB
2752 3375 24 16 de
2794 3374 102 18 décembre,

2361 3395 148 17 fi-dressez-vous
2531 3398 38 14 aux
2595 3395 117 17 différentes
2733 3395 122 17 succursales
2877 3395 20 17 et

2359 3414 69 21 dépôts
2446 3418 25 14 ou
2490 3419 24 13 nu
2531 3416 51 19 siège
2600 3415 61 18 social
2678 3415 24 17 di

2372 3449 66 33 THE
2457 3449 226 33 CONTINENTAL
2702 3449 131 32 B0DEGA
2853 3449 35 33 C

2358 3495 52 17 Vous
2420 3499 12 15 y
2445 3496 100 16 trouverea
2556 3498 26 14 un
2593 3494 57 17 choix
2662 3495 24 17 de
2695 3495 88 18 PORTO,
2795 3494 104 20 8HERRY,

2358 3515 107 20 MADERE,
2475 3515 163 18 CHA.MPAGNES
2649 3516 19 15 et
2679 3516 66 16 autres
2755 3515 43 18 vins
2810 3515 32 20 qui
2853 3518 36 16 peu-

2359 3537 46 15 vent
2419 3537 29 18 s'y
2464 3535 90 20 déguster
2570 3536 20 16 et
2606 3535 33 20 qui
2653 3535 29 19 s'y
2698 3535 85 17 vendent
2800 3530 36 25 pir
2852 3532 38 20 bou-

2360 3556 62 17 teilles
2439 3559 38 13 aux
2495 3555 110 18 conditions
2621 3555 29 17 les
2667 3554 43 21 plus
2731 3556 146 18 avantageuses.

2380 3582 56 20 Siège
2450 3583 60 17 social
2527 3586 6 13 :
2551 3582 28 19 50,
2594 3581 104 19 boulevard
2713 3581 61 17 Emile
2791 3582 107 19 Jacqmain,

2359 3603 98 17 Bruxelles
2478 3602 125 18 Succursales
2620 3602 12 17 à
2650 3601 98 18 Bruxelles
2768 3605 5 13 :

2436 3629 17 19 2,
2471 3629 42 17 Rue
2530 3629 24 17 de
2570 3629 94 16 Louvain.

2424 3649 29 19 38,
2471 3649 78 17 Galerie
2567 3649 26 17 du
2610 3649 37 16 Ril

2436 3670 17 18 2,
2470 3669 43 17 Rue
2533 3669 25 17 de
2575 3669 80 17 Namur.

2436 3689 17 20 8,
2468 3690 77 16 Avenue
2559 3689 25 16 de
2596 3689 19 17 la
2627 3689 72 17 Toison
2714 3688 53 18 d'Or.
2841 3688 58 18 (HB47

2384 3723 147 21 MACABRE
2550 3721 209 22 DÉCOUVERTE.
2775 3732 29 5 —
2822 3721 79 22 Mardi

2359 3748 83 23 matin,
2458 3752 32 16 on
2505 3752 16 16 a
2535 3747 82 22 trouvé
2635 3747 22 21 le
2673 3746 94 22 nommé
2782 3747 119 24 Alphonse

2359 3774 52 21 Van
2427 3773 141 24 Rombourg,
2585 3772 92 21 ouvrier
2694 3773 99 24 peintre,
2810 3772 44 24 âgé
2872 3773 29 20 de

2359 3799 26 21 58
2408 3803 50 19 ans,
2481 3798 78 25 pendu
2582 3798 60 21 dans
2664 3798 24 21 la
2711 3798 112 21 chambre
2846 3797 55 25 qu'il

2359 3824 107 24 occupait
2484 3824 103 25 impasse
2608 3824 30 21 de
2658 3821 119 27 l'Hôpital,
2800 3823 16 21 à
2838 3823 49 20 Bru-

2359 3849 79 23 xelles,.

2386 3875 39 20 Un
2438 3873 106 24 médecin
2556 3873 78 26 requis
2647 3874 40 21 n'a
2700 3878 34 21 pu
2747 3878 46 20 que
2806 3874 82 21 consta-

2360 3899 37 22 ter
2412 3900 22 20 le
2451 3899 74 21 décès.
2543 3900 34 20 La
2594 3899 63 21 mort
2671 3899 129 21 remontait
2817 3899 16 21 à
2847 3899 41 25 plu-

2358 3925 74 21 sieurs
2445 3925 85 21 heures
2544 3924 61 25 déjà.
2620 3925 39 20 On
2674 3924 81 24 ignore
2769 3925 33 20 les
2818 3924 82 21 motifs

2359 3950 29 21 de
2405 3950 38 21 cet
2461 3951 52 21 acte
2532 3951 29 20 de
2580 3949 123 25 désespoir.
2720 3950 32 21 Le
2769 3950 100 21 cadavre
2886 3955 15 16 a

2360 3975 37 21 été
2414 3975 134 25 transporté
2564 3980 32 16 au
2613 3974 72 25 dépôt
2702 3975 136 23 mortuaire.
2871 3976 30 20 D.

2381 4013 66 17 C'EST
2460 4013 30 17 I>E
2502 4013 105 17 MOMENT
2621 4014 24 16 de
2656 4017 48 14 vous
2717 4018 90 16 procurer
2821 4017 28 14 un
2860 4014 41 18 très

2360 4033 78 20 élégant
2460 4034 109 19 pardes-su.-:,
2590 4033 62 18 solide
2678 4035 19 15 et
2720 4035 130 19 avantageux,
2875 4038 25 13 cn

2359 4058 48 13 vous
2425 4054 103 17 adressant
2546 4054 12 16 k
2573 4054 20 17 la
2610 4054 79 17 Grande
2703 4053 102 21 Fabrique,
2820 4055 28 18 2a,
2866 4058 35 14 rue

2360 4074 24 17 de
2399 4075 20 16 la
2436 4075 142 19 Vierge-Noire.
2831 4074 69 18 (D340Q

2386 4108 147 21 CYCLISTE
2556 4107 116 21 BLESSÉ.
2690 4118 29 5 —
2739 4109 37 20 Au
2796 4108 106 21 moment

2360 4132 37 24 où,
2412 4133 52 21 hier
2480 4133 53 25 soir,
2546 4132 23 21 le
2585 4132 127 21 chauffeur
2727 4133 106 21 Gustave
2850 4134 52 21 P....

2360 4158 138 21 demeurant
2512 4162 43 16 rue
2569 4158 29 20 de
2613 4157 25 21 la
2652 4158 104 24 Charité,
2771 4158 92 21 ouvrait
2878 4159 23 20 la

2360 4183 100 25 portière
2480 4184 29 19 de
2526 4187 44 16 son
2589 4183 63 22 auto,
2671 4183 77 21 arrêté
2768 4188 43 16 rue
2828 4184 29 20 de
2878 4184 24 20 la

2360 4209 48 22 Loi.
2429 4208 93 21 survint
2544 4207 22 22 le
2588 4207 95 25 cycliste
2703 4209 62 20 Jean
2786 4209 116 23 Delaurie,

2360 4234 27 20 20
2400 4238 51 19 ans,
2465 4233 111 20 habitant
2589 4238 42 16 rue
2645 4234 29 20 de
2687 4233 112 25 l'Egalité.
2813 4234 32 21 Le
2860 4234 29 25 pé

2361 4259 82 21 daleur
2458 4258 48 21 alla
2520 4258 69 20 buter
2604 4259 82 20 contre
2701 4259 24 20 la
2740 4260 67 24 porte
2822 4260 24 20 et
2862 4260 41 20 eut

2360 4284 155 21 l'avant-bras
2533 4283 108 21 fracturé.

2387 4309 43 21 Les
2447 4308 65 21 soins
2531 4313 45 20 que
2595 4309 124 22 réclamait
2736 4315 44 16 son
2800 4309 51 22 état
2870 4310 33 21 lui

2361 4335 43 20 ont
2417 4333 37 22 été
2468 4333 123 25 prodigués
2605 4334 15 21 à
2634 4334 107 25 l'hôpital
2753 4335 150 21 Saint-Jean-

2361 4360 34 20 La
2408 4359 74 25 police
2495 4364 16 16 a
2524 4359 83 21 ouvert
2620 4360 114 24 l'enquête
2750 4361 100 24 d'usage.
2874 4361 29 21 D.

2681 4400 45 17 Fait
2742 4401 119 20 disparaîtra
2880 4407 24 13 en

2682 4420 10 16 3
2714 4421 54 18 Jours
2796 4422 62 17 CORS

2684 4439 145 20 DURILLONS.
2852 4443 51 17 Chez

2684 4461 18 17 ts
2721 4461 28 18 les
2769 4462 135 19 pharmaciens

2682 4483 31 17 ou,
2729 4482 17 16 si
2760 4483 55 17 votre
2828 4483 75 20 pharm,

2683 4504 25 13 ne
2719 4501 26 17 l'a
2756 4505 41 16 pas.
2809 4506 25 13 au
2846 4502 59 25 dépôt

2747 4522 16 18 1,
2780 4526 35 14 rue
2831 4523 24 17 de
2868 4523 36 17 Lo-

2680 4544 52 18 xum,
2751 4542 98 17 Bruxelles
2854 4544 50 16 14693

2919 374 36 21 LE
2972 373 97 21 CRIME
3086 371 39 21 DE
3142 370 201 22 MARCINELLE.
3358 380 28 6 —
3402 371 31 21 M.

2892 399 23 22 le
2934 399 55 25 Juge
3009 397 81 20 Brolée
3112 401 16 16 a
3146 395 80 22 décidé
3246 395 187 24 l'élargissement

2893 425 29 21 de
2934 423 121 22 Théodore
3068 421 104 22 Thomas
3183 422 25 21 et
3219 420 58 21 Paul
3291 421 92 24 Lecocq,
3396 422 38 23 qui

2894 450 94 20 avaient
3010 447 37 22 été
3065 447 89 21 arrêtés
3177 451 30 16 au
3228 446 64 24 sujet
3312 446 32 21 du
3364 446 70 21 crime

2894 475 58 21 dont
2962 475 39 20 fut
3011 473 93 21 victime
3116 473 21 21 lc
3149 471 116 22 houillcur
3276 471 158 21 Vercammcn.

2916 505 109 16 BENEVOL
3038 507 29 15 rst
3078 504 88 19 toujours
3180 503 73 20 galant.
3265 503 50 16 Aura
3328 503 37 16 lieu
3377 503 58 18 Jeudi,

2894 526 12 17 à
2924 526 104 17 l'occasion
3043 526 23 16 de
3085 529 30 12 si-s
3133 524 69 17 adieux
3219 527 25 13 au
3260 522 83 16 PALAIS
3361 522 74 17 D'ETE.

2895 550 37 13 une
2947 546 61 16 soirée
3021 545 24 16 de
3059 544 49 23 (ala,
3126 545 88 15 Pendant
3231 543 27 18 les
3275 543 121 20 expériences
3410 543 25 16 du

2895 566 71 17 Maître
2985 567 26 15 du
3030 564 91 21 Mystère,
3140 564 69 17 l'accès
3231 564 24 16 de
3274 562 19 18 la
3315 562 56 17 scène
3393 567 42 12 sera

2895 586 76 17 réservé
2990 585 149 18 exclusivement
3159 587 38 14 aux
3219 584 72 16 dames.
3368 583 69 16 iD.1720

2922 614 35 20 LE
2971 612 108 21 DRAME
3093 612 40 20 DE
3147 609 209 22 MARCHIENNE.
3367 619 27 5 —
3406 609 25 20 M

2895 639 22 21 le
2938 639 54 24 juge
3013 637 110 21 Malbrun
3143 641 14 15 a
3179 635 96 21 conduit
3295 634 21 22 le
3338 635 99 23 Parquet

2896 665 28 20 d?
2942 663 120 21 Charleroi
3079 667 30 16 en
3126 662 108 20 de-scente
3249 660 15 20 à
3280 660 158 22 Marchienne,

2897 695 30 15 au
2946 690 63 23 sujet
3030 689 32 20 du
3080 687 92 25 pénible
3189 687 81 20 drame
3291 685 40 25 qui
3350 686 34 23 s'y
3404 687 33 18 est

2896 714 100 23 déroulé.

2924 741 30 21 Le
2974 740 60 24 petit
3053 738 63 21 Léon
3136 738 123 21 Fourneau
3280 737 34 20 est
3334 736 105 25 toujours

2898 767 60 21 dans
2968 766 22 21 le
3001 769 74 17 coma.
3087 764 39 21 On
3139 764 38 20 n'a
3188 768 32 20 pu
3232 763 21 21 le
3264 762 176 24 radiograpmer

2898 795 24 17 ei*
2938 792 47 20 l'on
3001 791 80 24 ignore
3098 789 105 24 toujours
3221 787 30 22 où
3268 788 23 20 la
3310 787 59 21 balle
3386 787 53 21 s'est

2898 816 70 24 logée.

2925 843 43 20 Los
2981 841 136 23 magistrats
3128 841 44 19 ont
3186 839 45 21 fait
3246 838 66 21 venir
3325 838 22 21 le
3360 837 68 25 préve-

2900 872 32 16 nu
2950 872 42 16 sur
3011 866 66 25 place
3097 867 24 20 ct
3141 865 33 20 lui
3192 866 43 19 ont
3254 864 45 21 fait
3318 863 123 25 expliquer,

2899 898 41 15 sur
2952 893 32 21 les
2998 893 69 20 lieux,
3080 891 33 21 les
3127 891 171 20 circonstances
3311 890 32 20 du
3354 890 87 19 drame.

2898 931 118 30 ^TTTÏÏÏW
3031 922 137 24 LUTETIA
3172 921 139 23 -PALACE

2996 964 30 17 NE
3035 956 127 26 "MANQUEZ
3178 962 43 16 PAS
3241 962 31 16 DE
3290 961 58 16 VOIR

2941 999 90 31 ROD
3053 999 56 30 LA
3127 996 178 37 ROCQUE

2999 1043 25 25 et
3038 1037 25 30 la
3077 1036 70 31 Belle
3157 1036 81 31 LUPE
3249 1034 97 32 VELEZ

2946 1115 108 48 LE
3089 1112 313 50 BANDIT

3037 1180 109 17 ENFANTS
3167 1180 50 16 NON
3236 1179 77 17 ADMIS

3482 370 100 21 CHUTE
3599 372 101 25 GRAVE.
3715 388 24 8 _
3750 382 53 16 *w

3455 395 37 21 ble
3508 400 29 15 en
3554 399 151 25 construction
3717 405 26 22 de
3756 395 84 32 lw*
3849 402 63 24 *»*ût-.

3457 447 67 22 niste,
3546 446 61 22 Léon
3632 435 280 45 Dl^T'WS

3456 475 67 20 viers,
3537 476 15 17 a
3566 472 44 22 lait
3622 478 43 19 une
3679 478 63 25 chut«
3754 484 25 21 -u
3791 467 76 31 S*"-*
3878 477 36 26 Va.

3458 497 96 30 passant
3568 502 40 16 sur
3621 499 23 22 la
3656 504 98 25 oomlche
3765 510 25 21 du
3802 497 53 36 toi.*,
3856 499 15 21 11
3871 507 17 17 *»
3896 512 18 19 O

3458 517 102 26 Heureux
3578 523 50 22 vint
3645 526 61 23 choir
3725 527 36 27 siic
3777 536 21 23 j»
3813 542 18 15 „,
3835 533 5 6 '
3848 529 21 16 **
3877 517 38 36 oil.

3459 572 102 23 fracture
3577 578 30 17 au
3622 577 67 21 coude
3701 581 22 20 et
3736 583 59 23 d'un*
3805 590 28 16 h~
3839 570 76 36 &'**'«>

3459 596 51 23 ture
3521 598 29 21 de
3562 599 23 20 la
3597 599 89 23 hanche
3695 608 78 21 gauche
3789 596 53 33 Ti.*i
3840 594 7 20 1
3843 610 8 7 *
3851 596 15 24 1(
3877 608 39 19 '•«•

3459 622 65 24 porté
3539 622 15 21 à
3571 624 24 20 la
3612 609 248 56 ellnlquTSrîi^
3867 609 49 43 ta£

2931 1242 85 20 DEUX
3033 1240 246 23 BARAQUEMENTS
3298 1239 39 20 EN
3356 1239 91 20 FEU.—

2905 1268 30 21 Lc
2954 1268 40 20 feu
3011 1267 56 20 s'est
3085 1265 92 22 déclaré
3198 1266 60 20 dans
3279 1269 32 16 un
3332 1264 101 23 baraque-

2906 1295 64 18 ment
2984 1291 116 21 construit
3114 1295 29 17 cn
3157 1290 113 25 planches
3282 1291 24 19 et
3318 1289 61 21 situé
3395 1288 51 25 près

2906 1319 28 20 de
2954 1319 23 19 la
2996 1317 91 20 maison
3106 1317 41 20 des
3165 1315 74 25 époux
3259 1315 113 21 Michiels.
3390 1314 15 20 à
3424 1315 23 20 la

2906 1342 202 22 Préolle-Herstal.
3123 1342 43 19 Les
3181 1341 109 21 flammes
3303 1346 25 15 se
3343 1344 91 16 commu-

2907 1368 123 25 niquèrent
3047 1367 15 20 à
3082 1372 33 16 un
3149 1367 166 24 baraquement
3347 1365 101 24 contigu.

2907 1394 148 20 renfermant
3075 1393 29 21 de
3124 1393 23 20 la
3167 1392 76 24 paille,
3263 1391 61 21 ainsi
3343 1391 53 25 qu'à
3416 1395 31 16 un

2907 1419 77 20 réduit
3002 1418 32 21 où
3052 1423 26 17 se
3097 1418 134 21 trouvaient
3249 1422 33 16 un
3299 1421 56 20 porc
3373 1417 25 20 et
3416 1421 32 15 un

2908 1445 103 20 mouton.
3028 1443 43 21 L*:s
3084 1444 61 20 deux
3162 1443 71 22 bétes.
3251 1442 90 21 léchées
3356 1447 43 19 par
3416 1441 32 21 les

2908 1469 116 21 flammes,
3041 1469 41 20 ont
3098 1468 37 21 été
3152 1468 142 24 légèrement
3310 1467 97 21 brûlées.

2935 1495 43 20 Les
3002 1494 122 20 habitants
3147 1494 140 22 éteignirent
3321 1492 128 22 l'Incendie.

2908 1520 41 24 qui
2969 1525 15 16 a
3004 1519 69 21 causé
3096 1523 64 17 assez
3180 1520 53 20 bien
3254 1520 29 21 de
3301 1519 88 24 dégâts.
3412 1518 37 20 On

2910 1545 79 25 ignore
3008 1546 33 20 les
3057 1550 81 17 causes
3156 1545 31 21 du
3207 1545 46 21 feu.

3099 1592 154 32 agora
3272 1582 178 42 wmsm

3457 547 69 20 d'une
3539 552 95 18 annexe.
3647 551 36 22 On
3695 553 20 22 le
3726 558 66 24 releva
3801 545 114 37 .fi'ïï?-'-**»*

3459 571 102 20 fracture
3577 578 29 13 an
3622 577 67 14 «•«*„,.»
3701 581 22 10 .a
3726 568 64 23 "r"
3801 568 20 17 at
3821 570 44 23 »tat
3873 568 42 24 ST"

3840 580 43 53 n

3852 634 64 19 ■•*-«.

3507 682 147 34 TAVERNE
3673 687 37 32 DE
3728 678 164 62 STRASwSc

3581 721 27 20 M,
3621 727 32 12 '«•
3664 725 22 17 «le
3696 727 16 15 la
3726 728 72 20 F.«,rrh.
3814 719 78 32 rr"*™

3487 747 87 22 MORT
3593 747 210 32 FOUDROYANTE.'
3849 768 9 11 .
3876 749 17 17 ,l1
3891 751 27 21 **

3462 772 68 23 goire.
3547 775 120 22 menuisier
3683 777 12 21 *,
3710 771 130 35 Fr-^,.7",""".
3849 775 70 26 «•<•*.

3462 801 62 17 rasse
3545 803 42 19 par
3609 805 43 18 une
3672 804 92 27 embolie.
3776 794 104 40 £»&*.
3891 808 29 17 •*••

3463 825 102 18 moment
3583 829 30 16 ou
3630 831 31 17 un
3679 826 96 28 habitai,*
3786 817 25 35 ïï
3825 821 65 36 »^
3902 834 17 19 ïi

3464 853 75 16 n-.une.
3559 854 30 16 au
3608 851 77 22 chevet
3705 856 74 25 duquel
3792 863 14 20 il
3820 846 49 37 S'?
3881 855 38 20 «*•

3463 874 91 21 rendait
3569 875 20 21 le
3602 876 88 23 dernier
3703 884 70 24 soupir
3853 869 68 37 -"""è,

3490 906 205 30 ARRESTATION
3715 914 18 20 A
3750 916 106 20 TAWtv-..,

3465 932 91 20 nommé
3574 932 191 29 Narcisse-Joseph
3780 927 71 34 L^a
3872 936 20 14 *"
3903 935 18 26 h

3465 957 105 21 Auvelais
3585 958 21 22 le
3625 959 23 21 19
3665 961 77 24 février
3759 967 40 22 m
3805 950 69 39 *V&
3883 960 19 21 «
3913 964 8 21 i

3465 981 63 22 vient
3543 983 71 22 d'être
3630 986 71 21 arrêté
3716 988 14 22 à
3744 975 88 40 TunU
3843 978 79 39 ^*,

3466 1011 14 16 a
3495 1007 23 20 la
3532 1008 77 24 prison
3623 1010 29 22 de
3664 1011 86 25 Namur.
3763 1000 92 42 dS",'
3853 1006 68 33 L*°**-*

3466 1032 85 21 damné
3570 1033 21 22 le
3613 1035 24 20 14
3656 1040 112 22 novembre
3782 1027 96 39 £mL*J
3889 1027 32 34 «B

3466 1058 111 22 Tribunal
3598 1063 155 25 correctionnel
3770 1050 96 42 de^S',
3870 1060 6 20 1
3875 1061 23 19 ***
3910 1070 12 14 -*

3467 1083 59 21 deux
3545 1084 56 22 mois
3618 1086 28 21 de
3662 1088 72 24 prison
3750 1094 20 20 et
3782 1095 21 22 50
3802 1097 11 20 0
3812 1074 15 21 C
3826 1075 27 42 ^
3852 1079 37 24 rlen
3888 1089 14 19 «.
3914 1089 9 22 i

3467 1109 81 21 rmende
3562 1114 58 19 pour
3632 1116 67 22 coups
3709 1116 21 20 et
3741 1098 121 45 blk^.'*!,*
3861 1109 9 16 1
3868 1110 15 18 "
3893 1111 9 10 J
3903 1113 19 21 V

3468 1134 122 22 recherché
3607 1141 56 20 pour
3674 1131 62 30 "subir
3749 1124 111 44 sa^"
3869 1130 54 32 ««Wt

3494 1165 41 21 UN
3548 1167 138 23 INCENDIE
3701 1172 17 20 A
3730 1173 91 28 NAïn«
3837 1158 22 44 L
3869 1186 14 16 n

3468 1194 79 18 cenoie
3565 1193 54 21 s'est
3636 1194 86 24 déclaré
3737 1199 51 23 dans
3802 1186 121 36 S'ZS***

3468 1216 145 22 l'habitation
3632 1220 28 20 de
3677 1221 29 21 M.
3723 1205 91 45 Joïchii
3827 1212 69 41 «S£?
3906 1218 16 35 «•

3469 1244 107 19 meurent
3589 1244 106 24 chaussée
3707 1248 26 21 de
3746 1237 143 39 LanS-rfa
3900 1244 22 21 **'

3469 1267 42 21 Les
3528 1269 118 24 pompiers,
3660 1272 80 23 arrivés
3755 1268 81 32 presnT.'
3846 1263 77 32 L*SH

3470 1293 88 20 tement
3574 1299 40 16 sur
3631 1295 31 21 les
3682 1297 61 25 lieux.
3755 1286 83 42 7£tw
3852 1289 71 39 «ÏÏÎ&'

3469 1318 144 24 rapidement
3631 1320 21 21 le
3668 1322 90 24 sinistre,
3774 1311 36 35 fi.
3824 1313 61 37 da-Jïf
3885 1316 12 20 11
3898 1323 26 19 **

3470 1348 63 16 axs-îz
3550 1344 140 24 Importants.
3705 1349 23 21 »
3742 1356 45 18 sacs
3800 1360 64 14 eem»
3892 1346 31 21 "W

3469 1368 96 23 souliers
3581 1373 40 19 ont
3640 1371 35 22 été
3692 1373 87 26 détruits
3801 1365 91 36 iSaT"
3900 1374 4 14 1
3903 1375 20 18 **»

3470 1395 136 24 parapluies.
3780 1394 5 8 '
3801 1392 14 10 •*
3814 1386 35 20 msl
3862 1389 28 25 »
3900 1393 23 30 f*

3497 1432 41 21 UN
3550 1434 187 25 AUTOMOBILE
3747 1440 67 22 DANS
3823 1445 27 17 II
3859 1449 61 13 i»^.

3471 1466 27 6 -
3514 1457 37 22 Un
3570 1461 133 21 automobile
3717 1468 77 19 venant
3807 1470 23 19 de
3843 1473 20 16 n,
3860 1450 57 27 MtTSl
3914 1473 9 6 -

3472 1482 92 23 roulant
3578 1489 50 16 vers
3642 1485 112 28 Waulsort,
3763 1486 71 31 suivit
3843 1476 80 45 SSLf

3471 1508 30 21 de
3519 1508 82 25 halage
3618 1511 37 23 qui
3671 1512 61 25 longe
3750 1516 18 21 le
3785 1518 59 21 tw.,
3863 1509 61 30 ,**"-••

3472 1533 68 20 chine
3561 1535 85 18 dérsm»
3666 1524 86 29 xr.„Li-
3774 1544 20 9 ..
3812 1532 17 21 -*.
3824 1525 11 16 V
3830 1526 7 6 *
3834 1527 16 16 t
3862 1530 24 19 *-»
3895 1535 29 18 •*••

3007 1651 164 21 DERNIERES
3182 1651 38 21 DE

2984 1688 409 81 VOLLY

3051 1786 51 16 Tour
3119 1786 26 15 lt*-,
3164 1785 47 17 fi':--*,
3228 1785 24 17 dt
3269 1784 48 17 Norl

2965 1816 128 51 Grande
3110 1816 151 50 semaine
3273 1816 42 49 du
3328 1816 75 50 Rire

3001 1907 166 33 BUSTER
3189 1907 179 32 KEATON

3002 1974 146 33 ERNEST
3168 1973 202 33 T0RRENCE

2984 2038 232 77 CADETS

3105 2088 121 38 D'EAU
3242 2087 136 39 DOUCE

3079 2134 92 18 (Artistes
3193 2133 91 18 associas)

3177 2161 20 16 ct

2994 2195 151 33 HARRY
3166 2194 210 33 LANGDON

3162 2234 50 17 dans

2949 2263 133 58 Harry
3101 2270 42 39 tu
3158 2260 264 49 t'enflammes

2397 4463 30 30 •
2454 4466 126 31 tewms
2608 4464 31 30 9

2388 4571 67 20 VOL.
2466 4580 28 5 —
2503 4570 63 24 Hier,
2577 4572 107 23 pendant
2695 4573 26 20 la
2730 4573 81 25 soirée,
2822 4579 32 16 un
2867 4576 38 20 vol

2363 4600 15 16 a
2397 4595 38 22 été
2453 4596 98 20 commis
2569 4601 30 16 au
2617 4597 53 21 café
2690 4599 94 24 Conter,
2801 4604 31 17 en
2852 4601 53 21 face

2363 4621 28 21 de
2415 4621 25 21 la-
2463 4625 55 20 gare
2542 4622 101 20 d'Arlon.
2663 4623 44 20 Les
2732 4624 123 22 chambres
2875 4627 29 21 de

2362 4646 82 23 l'étage
2460 4647 42 19 ont
2517 4646 38 21 été
2570 4647 93 21 visitées
2674 4653 45 19 par
2734 4649 21 21 le
2771 4650 81 21 voleur
2865 4651 39 24 qui

2363 4676 14 15 a
2395 4671 104 25 emporté
2515 4672 40 22 des
2572 4672 80 25 bijoux
2670 4675 23 19 et
2711 4675 102 21 d'autres
2829 4676 75 24 objets

2362 4696 29 20 de
2411 4696 87 25 valeur,
2514 4702 59 21 pour
2593 4703 46 16 une
2658 4699 114 23 douzaine
2792 4701 29 21 de
2840 4701 64 21 mille

2362 4721 87 21 francs,
2467 4722 22 21 n
2506 4727 16 19 y
2537 4723 78 21 aurait
2633 4724 138 24 complicité,
2788 4726 116 24 paralt-il.

2362 4751 41 16 car
2417 4747 42 21 des
2472 4752 43 20 pas
2529 4753 42 16 sur
2586 4748 24 21 la
2623 4749 68 24 neige
2707 4751 42 19 ont
2764 4750 38 22 été
2817 4752 86 21 relevés

2362 4771 59 21 dans
2435 4772 23 21 le
2473 4773 86 23 Jardin.
2574 4773 33 21 La
2619 4774 74 25 police
2708 4775 74 22 locale
2798 4777 106 24 poursuit

2362 4800 43 17 son
2416 4797 105 25 enquête.

2381 4835 168 33 AMER
2577 4837 315 37 CUVELIER;

2387 4887 132 21 VIOLENT
2540 4889 146 22 INCENDIE
2708 4891 20 20 A
2746 4892 110 22 ARLON.
2875 4903 18 6 -

2361 4912 44 20 Cet
2437 4912 145 25 après-midi,
2614 4920 33 16 un
2676 4915 88 22 violent
2796 4917 107 22 incendie

2361 4937 54 21 s'est
2429 4937 92 22 déclaré
2535 4939 60 21 dans
2609 4940 24 21 la
2646 4941 74 22 ferme
2737 4948 9 11 ■
2762 4942 106 22 Birelhof
2885 4952 18 16 »,

2361 4967 15 16 a
2387 4967 33 16 un
2428 4962 121 23 kilomètre
2559 4965 103 24 d'Arlon,
2672 4971 31 16 en
2713 4966 75 24 pleins
2798 4968 105 25 champs,

2362 4988 90 21 endroit
2468 4987 118 26 dépourvu
2601 4991 74 24 d'eau,
2688 4991 49 21 loin
2752 4993 29 21 de
2797 4994 52 21 tout
2863 4999 26 16 se

2362 5017 72 16 cours.
2449 5014 68 21 Cette
2532 5014 74 22 ferme
2621 5017 35 20 est
2671 5021 46 17 une
2732 5017 42 21 des
2789 5018 52 24 plus
2856 5019 33 21 im

2361 5038 121 23 portantes
2496 5039 41 20 des
2552 5040 115 21 environs.
2684 5042 42 21 Les
2740 5044 117 24 pompiers
2873 5045 29 21 de

2361 5062 23 21 la
2403 5063 54 20 ville
2474 5068 26 17 se
2518 5065 55 20 sont
2588 5066 86 20 rendus
2693 5067 98 21 aussitôt
2809 5073 42 16 sur
2869 5070 33 21 les

2362 5087 61 21 lieux
2441 5089 32 20 du
2491 5089 101 24 sinistre,
2610 5091 60 21 mais
2687 5092 42 19 ont
2748 5092 38 21 été
2804 5093 85 25 impuis-

2360 5113 67 19 sants
2443 5113 81 22 contre
2538 5114 117 22 l'élément
2671 5116 152 23 destructeur.
2841 5120 60 21 Tout

2361 5137 21 21 le
2399 5137 72 22 bétail
2490 5144 15 16 a
2523 5139 38 22 été
2578 5140 72 21 sauvé
2665 5142 138 23 cependant.
2823 5144 35 21 De
2878 5146 23 20 la

2362 5162 74 23 ferme
2448 5163 17 21 11
2476 5168 31 17 ne
2519 5165 61 20 reste
2593 5166 71 24 qu'un
2676 5170 113 18 monceau
2802 5169 30 21 de
2845 5174 43 16 cen-

2361 5187 53 21 dres
2433 5190 24 20 et
2475 5189 30 21 de
2521 5189 76 22 débris
2616 5191 29 20 de
2665 5192 77 20 toutes
2761 5195 81 20 sortes.
2858 5195 43 21 Les

2361 5212 82 23 dégâts
2465 5215 56 20 sont
2544 5215 94 21 estimés
2662 5220 44 20 par
2727 5219 120 22 centaines
2872 5221 28 21 de

2361 5237 63 21 mille
2448 5238 86 22 francs.
2558 5240 42 21 Les
2622 5245 80 17 causes
2726 5243 29 21 de
2779 5244 121 22 l'incendie

2361 5263 89 20 restent
2464 5264 112 23 ignorées.

2368 5312 225 55 simm
2614 5312 271 57 LORRAINS

2367 5366 41 39 ?■,
2421 5369 232 36 PURGATIVE--
2673 5367 208 49 SALINE^

2367 5406 133 32 L'3.'80Tè
2510 5411 90 30 flicqa
2609 5405 271 36 Llotilès'phmiàçiesL'

2830 5454 70 17 (H24Ï9

2389 5478 42 23 ON
2446 5480 105 21 REMET
2568 5481 45 24 ÇA.
2643 5491 29 6 —
2700 5482 76 21 Lundi
2793 5485 76 21 matin
2886 5491 15 15 a

2363 5509 109 20 comparu
2502 5505 87 21 devant
2607 5506 23 20 la
2646 5511 56 17 cour
2734 5508 106 22 d'assises
2871 5511 29 21 de

2362 5531 74 21 Mons.
2453 5530 86 21 Hector
2554 5531 123 23 Attenelle.
2692 5532 116 22 houilleur
2824 5536 64 21 domi-

2362 5555 51 21 cilié
2430 5555 15 20 à
2460 5555 119 24 Maurage,
2594 5556 82 21 accusé
2693 5558 29 20 de
2741 5558 57 21 faits
2816 5560 72 21 Immo-

2362 5584 64 18 raux.
2440 5580 48 20 Son
2502 5580 130 24 défenseur.
2646 5582 39 21 Me
2699 5583 110 24 Marotte,
2822 5586 30 20 de
2867 5586 34 21 La

2362 5604 116 23 Louvière.
2491 5604 69 23 étant
2570 5606 100 24 malade,
2683 5607 24 21 la
2720 5612 56 17 cour
2790 5614 16 15 a
2819 5610 69 25 ajour-

2361 5630 31 22 né
2408 5630 100 21 l'affaire
2525 5630 17 22 i.
2557 5631 25 22 la
2595 5631 128 25 prochaine
2736 5634 94 22 session.

3472 1533 68 22 chine
3562 1535 85 25 dérapa
3665 1539 91 23 soudain
3774 1544 21 20 et
3812 1546 36 20 tlli

3472 1563 59 16 oans
3546 1560 24 20 la
3584 1561 82 22 Meuse.
3677 1563 43 22 Par
3732 1571 40 17 une
3783 1569 70 25 chance
3862 1580 43 16 txù.

3473 1585 96 24 dinaire,
3585 1586 32 21 les
3634 1591 117 21 occupants
3767 1593 24 19 de
3804 1584 93 28 uï*,.'^
3896 1585 8 16 1
3903 1586 21 17 **

3473 1610 81 24 Fabry.
3568 1611 29 21 de
3611 1610 85 25 Dînant
3709 1595 215 42 «„£***$&*

3473 1635 40 25 qui
3533 1636 191 28 l'accompagnait,
3742 1645 48 20 sont
3806 1633 119 38 sJu.tSÏ'

3473 1665 41 16 nés
3530 1662 29 20 de
3574 1662 122 23 l'accident.
3845 1655 15 16 u
3873 1658 52 21 *"*«-•

3500 1700 53 20 LES
3577 1701 211 27 ESCROQUERIES
3806 1709 32 22 DE
3854 1712 70 21 rARlw

3475 1725 38 20 DE
3528 1725 120 22 CHANGE
3662 1726 186 30 GEMBLOUTOÏ**
3889 1719 35 38 i*??

3474 1750 55 24 Juge
3556 1751 156 24 d'instruction
3734 1756 108 27 Phillppvt
3860 1757 65 27 m*BC

3474 1777 139 21 activement
3624 1777 106 27 l'enquête
3741 1786 27 17 au
3778 1785 81 25 sujetd.
3866 1769 59 43 lîhï

3475 1801 15 20 d
3497 1802 150 24 escroqueries
3663 1804 27 22 de
3705 1805 117 27 Gembloux.
3836 1801 89 32 LWÎ

3772 1833 19 14 '•
3801 1826 96 37 **«rt*aaîin
3904 1845 20 22 fc

3475 1876 117 22 Bruxelles
3605 1879 23 19 et
3634 1872 129 30 ïes~auti-es'
3768 1868 157 41 HmlUmS

3642 1903 59 12 ■Mau
3760 1906 17 9 aaU
3833 1902 71 16 .***"•)
3906 1902 18 15 Jla

2943 2395 252 21 DERAILLEMENTS
3213 2395 20 21 A
3249 2395 156 20 AYWAILLE
3421 2394 37 20 ET

2921 2422 17 19 A
2950 2421 153 21 MONTZEN.
3115 2430 28 6 —
3156 2420 34 21 La
3200 2419 136 22 locomotive
3349 2420 32 20 du
3395 2418 62 22 train

2918 2447 28 21 de
2961 2445 175 22 marchandises
3151 2446 59 23 8188,
3224 2446 88 19 venant
3327 2445 29 20 de
3371 2444 87 24 Rivage

2958 2472 76 20 allant
3048 2475 52 17 vers
3113 2471 89 24 Gouvy,
3218 2475 15 17 a
3247 2470 95 22 déraillé
3358 2474 30 17 en
3404 2474 54 19 gare

2918 2497 140 24 d'Aywaille,
3069 2496 31 22 où
3114 2496 42 22 elle
3170 2497 96 20 obstrua
3276 2497 35 20 les
3324 2496 61 21 deux
3397 2495 62 25 voies

2919 2522 146 25 principales.
3083 2523 48 20 Des
3149 2522 92 21 retards
3261 2522 42 21 ont
3322 2521 37 22 été
3379 2521 79 21 causés

2920 2553 46 16 aux
2981 2548 82 24 trains,
3077 2552 43 20 par
3133 2547 61 22 suite
3209 2548 29 20 de
3251 2551 26 16 ce
3292 2546 167 22 déraillement.

2945 2574 39 21 Un
3002 2574 87 21 second
3111 2573 161 22 déraillement
3293 2573 55 21 s'est
3366 2572 93 25 produit

2920 2599 15 21 à
2948 2599 24 21 la
2988 2599 90 23 station
3094 2599 29 21 de
3140 2599 118 22 Montzen.
3274 2597 31 22 où
3321 2598 89 24 passait
3427 2602 31 17 un

2921 2625 63 21 train
3001 2625 29 21 de
3046 2624 176 22 marchandises
3238 2623 74 22 allant
3330 2628 52 16 vers
3398 2623 61 21 Wel-

2920 2651 120 20 kenraedt.
3055 2650 41 21 Un
3111 2654 83 19 wagon
3211 2649 86 24 chargé
3314 2653 15 16 a
3345 2648 73 25 quitté
3437 2649 22 21 la

2921 2676 50 21 voie
2988 2677 24 20 et
3029 2681 16 16 a
3060 2675 124 22 encombré
3201 2675 23 21 la
3242 2675 68 24 ligne.
3328 2674 42 21 Les
3385 2674 74 21 trains

2920 2702 29 21 dc
2963 2706 126 20 voyageurs
3106 2701 52 20 4866
3173 2701 25 21 et
3215 2700 52 21 4826
3284 2700 42 21 ont
3341 2699 51 22 subi
3408 2700 52 25 plus

2920 2728 70 21 d'une
3006 2727 72 21 heure
3097 2727 29 21 de
3144 2727 86 20 retard.

2947 2753 42 21 Les
3004 2753 60 21 deux
3077 2752 174 22 déraillements
3265 2752 66 21 n'ont
3346 2756 42 20 pas
3404 2755 43 17 cau-

2920 2778 25 21 sé
2964 2778 130 22 d'accident
3113 2778 29 21 de
3162 2782 121 21 personne.

2920 2812 67 18 Ezfcca
3001 2812 17 16 le
3033 2812 58 15 Suer»
3107 2810 72 16 raffine
3196 2810 24 16 «Je
3237 2808 145 17 TIRLEMONT.
3401 2808 55 17 (BBlt

2946 2837 169 22 L'ASSASSIN
3134 2837 39 20 DE
3205 2836 103 20 L'ABBE
3328 2835 131 21 CARAVA-

2921 2864 96 20 DOSSI.
3030 2873 28 4 —
3070 2862 31 22 Le
3113 2862 63 21 sieur
3188 2860 166 24 Bartholomél,
3367 2860 39 25 qui
3419 2860 41 21 tua

2921 2888 74 21 l'abbé
3013 2887 154 22 Caravadossi
3186 2888 25 20 et
3231 2886 40 26 qui
3292 2886 37 21 fut
3350 2885 76 22 arrêté
3446 2884 15 21 à

2921 2914 110 21 Flémalle
3052 2912 179 23 dernièrement,
3252 2917 14 16 a
3288 2915 111 21 comparu
3419 2911 29 22 de-

2921 2941 58 20 vant
2993 2940 24 20 la
3032 2939 117 21 Chambre
3163 2939 32 20 du
3212 2937 98 24 Conseil,
3325 2937 39 24 qui
3379 2941 16 16 a
3406 2941 42 17 ren-

2921 2965 57 24 voyé
2992 2966 21 20 le
3029 2964 88 22 détenu
3133 2964 88 21 devant
3235 2963 25 21 la
3276 2963 116 20 Chambre
3410 2967 39 16 cor-

2921 2990 157 23 rectionnelle,
3091 2990 32 20 du
3136 2989 54 20 chef
3201 2989 29 20 de
3241 2989 55 24 port
3308 2988 88 21 d'arme
3406 2991 43 21 pro-

2921 3016 69 21 hibée
3007 3015 37 21 .Le
3061 3015 62 21 sieur
3139 3013 160 22 Bartholomél
3316 3017 59 18 aura
3392 3012 15 22 &
3423 3012 26 22 ré-

2922 3042 89 24 pondre
3031 3041 33 21 du
3084 3040 72 22 crime
3174 3040 29 21 de
3225 3039 66 21 Jœuf
3312 3037 87 23 devant
3416 3042 45 18 une

2922 3066 136 26 juridiction
3073 3065 124 26 française.

2922 3105 153 17 Recouvrement
3099 3107 82 17 pignons
3203 3103 88 18 humides
3315 3106 36 17 par
3375 3102 86 18 ardoises

2924 3128 19 15 et
2961 3125 80 20 plaques
3060 3130 10 10 a
3092 3124 128 17 «tSBESTIXE
3240 3129 16 12 ».
3275 3132 21 5 —
3318 3123 107 17 CHAREl^
3444 3123 17 15 A

2924 3147 77 17 DIEIX.
3015 3146 13 17 k
3044 3146 65 16 Haren
3128 3144 41 19 (tél.
3184 3145 58 16 Brux.
3258 3144 77 16 531.35).
3355 3143 106 18 {19100/100

2949 3179 62 22 UNE
3029 3179 103 20 GRAVE
3149 3177 137 22 AFFAIRE.
3301 3187 28 5 —
3342 3177 20 20 A
3378 3175 72 26 l'hôpi-

2922 3204 33 21 tal
2968 3205 29 22 de
3009 3203 120 22 Charleroi
3141 3204 36 20 est
3189 3203 63 20 mort
3265 3206 33 17 un
3310 3201 109 21 Polonais
3429 3202 32 20 du

2922 3234 57 17 nom
2990 3230 29 21 de
3029 3229 106 21 Bernard
3148 3228 97 22 Kolkae,
3256 3227 112 21 habitant
3380 3232 41 17 rue
3433 3227 28 21 dc

2922 3255 124 24 Montigny
3064 3253 131 26 prolongée,
3210 3253 15 21 à
3242 3252 162 25 Bosquetvljle.
3424 3252 38 21 On

2922 3280 60 21 croit
2993 3274 55 31 qu'il
3063 3285 15 15 a
3088 3278 122 22 succombé
3223 3278 16 21 à
3253 3283 46 16 une
3313 3278 105 21 fracture
3430 3278 31 20 du

2922 3305 71 22 crâne
3005 3306 25 21 et
3041 3305 24 21 le
3075 3305 100 25 parquet
3187 3304 29 22 de
3227 3303 123 22 Charleroi
3361 3308 30 17 va
3401 3303 60 21 faire

2922 3331 120 24 pratiquer
3052 3330 127 24 l'autopsie.

2949 3356 75 21 Kolae
3042 3356 64 21 avait
3122 3355 47 24 pris
3186 3354 62 25 part,
3261 3355 24 20 la
3303 3353 73 23 soirée
3391 3353 30 22 de
3437 3353 24 21 la

2923 3381 178 23 Sainte-Barbe,
3121 3380 15 22 à
3158 3380 60 21 deux
3238 3380 110 24 bagarres
3367 3384 15 17 a
3403 3380 58 20 Bos-

2923 3407 115 24 Ciuetville.
3056 3406 22 22 Il
3096 3411 25 16 se
3137 3405 107 24 pourrait
3263 3410 44 20 que
3322 3410 28 17 ce
3366 3405 48 22 soit
3431 3410 30 16 au

2922 3436 68 17 cours
3008 3432 29 21 de
3057 3436 39 17 ces
3114 3431 110 24 bagarres
3245 3435 45 21 que
3311 3431 22 21 le
3353 3430 109 22 Polonais

2922 3461 15 17 a
2948 3457 38 22 été
2997 3456 81 23 blessé.

2927 3495 35 25 Eer.
2969 3496 10 24 à
2990 3496 5 24 I
2996 3496 98 25 ÏISTITUT
3102 3495 29 25 dni
3144 3490 181 38 HCfiHEÇ
3340 3494 93 34 S?»'»

3294 3547 135 17 iHiocoo/a«B3
3441 3547 18 15 rr.

2949 3572 230 21 ATTERRISSAGE
3190 3571 106 22 FORCÉ.
3305 3583 28 5 —
3342 3573 39 20 Un
3394 3573 68 21 avion

2923 3598 29 21 de
2965 3598 151 21 l'aérodrome
3131 3598 29 21 de
3176 3598 116 21 Gosselles
3307 3603 15 16 a
3335 3597 38 22 été
3388 3598 74 25 obligé

2924 3623 118 21 d'atterrir
3062 3628 32 17 au
3117 3623 47 21 lieu
3187 3623 37 21 dit
3248 3623 52 21 »La
3319 3623 104 24 Lâche»,
3447 3623 15 20 à

2922 3649 74 23 Roux,
3013 3649 60 21 dans
3093 3653 47 17 une
3161 3648 92 25 prairie.
3276 3649 21 20 Il
3316 3649 113 21 continua
3447 3649 15 20 à

2923 3674 77 20 rouler
3014 3674 106 24 pendant
3134 3678 33 16 un
3180 3674 91 21 certain
3286 3675 76 24 temps
3377 3675 24 20 et
3415 3674 47 21 alla

2923 3699 96 21 heurter
3034 3704 47 16 une
3097 3698 89 23 clôture
3200 3699 32 21 du
3248 3699 94 21 chemin
3357 3699 53 26 puis
3425 3699 25 25 pi-

2923 3729 45 20 qua
2979 3725 31 20 du
3022 3729 43 16 nez
3078 3724 25 21 et
3115 3724 121 24 s'enfonça
3249 3724 61 21 dans
3322 3724 22 21 le
3355 3725 42 21 sol.

2935 3750 33 21 Le
2986 3749 71 26 pilote
3078 3750 35 21 est
3133 3750 58 21 sorti
3207 3750 111 21 indemne
3335 3750 30 22 de
3385 3750 64 21 l'acci-

2922 3775 64 21 dent.

2945 3805 31 17 NE
2998 3805 127 17 CHEItcnEZ
3146 3805 59 18 rLÏS
3222 3819 4 3 .
3246 3807 93 17 ladri-sse
3360 3807 46 17 d'un
3425 3807 38 16 bon

2924 3826 77 17 tailleur
3017 3828 33 18 qui
3066 3827 63 17 donne
3146 3827 34 17 des
3196 3827 85 17 facilites
3308 3827 24 17 de
3359 3828 103 20 paiement.

2923 3846 54 17 Voilà
2994 3850 6 13 :
3015 3847 18 18 J.
3047 3847 102 19 Bruyerre,
3164 3847 28 20 BD,
3205 3851 35 13 rue
3252 3847 104 18 Mallbran.
3372 3847 91 19 (H2S77/2

2950 3873 146 22 CYCLISTE
3115 3873 163 21 RENVERSÉ.
3298 3883 29 7 —
3343 3874 33 20 M.
3392 3874 71 21 Omer

2922 3898 107 24 Thonon,
3056 3899 29 20 de
3103 3898 125 24 Waterloo,
3252 3898 141 22 conduisant
3419 3903 44 17 son

2923 3924 63 23 auto,
2998 3923 135 22 descendait
3145 3924 24 20 la
3180 3923 112 22 chaussée
3303 3925 30 20 de
3344 3924 119 21 Bruxelles

2923 3949 15 21 à
2950 3949 88 24 Jumet,
3047 3949 118 24 lorsqu'un
3176 3949 95 25 cycliste
3283 3950 29 20 de
3323 3950 87 23 Jumet,
3424 3950 38 24 qui

2923 3974 107 25 occupait
3040 3974 22 21 le
3073 3974 80 21 milieu
3167 3974 29 21 de
3208 3975 24 20 la
3244 3974 119 24 chaussée,
3373 3975 89 24 obligea

2923 3999 187 21 l'automobiliste
3133 3998 16 21 à
3173 3999 62 21 virer
3260 4000 166 25 brusquement
3448 3999 15 22 &

2923 4025 81 21 droite.
3016 4025 67 20 Cette
3094 4028 139 18 manœuvre
3243 4025 32 21 fit
3286 4025 61 22 faire
3359 4030 32 16 un
3403 4024 59 22 téte-

2923 4049 16 21 à
2955 4055 74 19 queue
3042 4049 15 22 à
3074 4050 79 24 l'auto,
3167 4050 60 21 dont
3244 4051 89 21 l'avant
3350 4051 112 21 accrocha

2922 4075 22 21 le
2967 4075 93 24 cycliste
3080 4075 24 21 et
3122 4074 21 22 le
3161 4079 117 18 renversa.
3305 4076 32 21 Ce
3364 4076 98 23 dernier,

2922 4100 143 24 grièvement
3089 4100 81 25 blessé,
3195 4106 15 16 a
3235 4100 38 22 été
3294 4101 134 26 transporté
3447 4101 15 22 i

2922 4125 105 26 l'hôpital
3038 4126 29 21 de
3078 4125 87 22 Jumet.

2922 4157 160 39 Champagne
3103 4156 185 35 DUMINY
3308 4157 25 32 &
3352 4159 31 30 C"
3395 4178 61 16 ,*--,,.

2950 4203 81 21 C'EST
3051 4203 43 21 UN
3115 4203 131 21 SUICIDE.
3264 4214 28 5 —
3309 4204 64 21 Nous
3391 4209 72 16 avons

2923 4228 73 21 relaté
3009 4228 24 20 la
3045 4228 109 21 descente
3167 4229 42 20 des
3219 4230 112 23 parquets
3345 4230 28 20 de
3387 4230 64 20 Char-

2924 4253 57 21 leroi
3000 4253 25 21 et
3044 4253 30 21 de
3089 4253 70 21 Mons
3179 4258 31 17 au
3229 4254 65 24 sujet
3313 4255 30 21 de
3360 4255 24 21 la
3401 4255 62 21 mort

2924 4282 64 16 assez
2995 4277 165 25 .mystérieuse
3182 4279 29 20 de
3234 4280 65 20 Mme
3322 4280 90 25 Hancq,
3435 4281 28 20 de

2925 4298 228 29 Fayt-"ez-Manage.
3178 4304 132 26 L'autopsie
3334 4305 41 25 qui
3395 4310 16 16 a
3435 4310 28 16 eu

2924 4328 46 21 lieu
2984 4327 16 21 à
3016 4328 106 25 l'hôpital
3137 4329 29 21 de
3181 4329 35 21 La
3229 4329 111 22 Louvière
3354 4335 15 16 a
3382 4331 81 21 conclu

2925 4358 31 16 au
2969 4353 94 22 suicide.

2947 4383 114 18 MOTEUBS
3074 4384 137 19 ELECTBICS.
3221 4394 23 6 _
3256 4386 67 19 Vente,
3334 4386 66 21 achat,
3411 4387 43 18 loca-

2925 4404 48 18 tion,
2997 4404 102 19 échanges,
3123 4404 119 20 réparation.
3265 4415 17 4 —
3308 4406 155 18 ELECTRICITE

2925 4424 98 19 LEODAL,
3034 4424 140 18 BRUXELLES
3184 4434 10 5 -
3204 4425 113 19 WEMMEL.
3397 4427 67 18 (D1231

2952 4451 146 21 INCENDIE
3113 4452 157 22 CRIMINEL.
3284 4464 28 6 —
3322 4454 47 20 Des
3384 4454 70 20 incon-

2926 4480 44 17 nus
2983 4476 43 21 ont
3038 4476 46 20 mis
3097 4476 22 21 le
3134 4476 41 22 feu
3190 4477 15 21 à
3221 4483 47 16 une
3282 4479 76 21 meule
3372 4479 30 21 de
3415 4479 50 21 foin

2926 4501 29 21 de
2970 4501 60 22 2,000
3045 4501 59 21 kilos
3121 4502 99 22 remisée
3239 4504 60 21 dans
3314 4509 46 16 une
3379 4508 86 20 grange

2927 4526 29 22 de
2972 4526 24 22 la
3008 4531 42 17 rue
3067 4527 32 20 du
3115 4526 62 22 Pont
3193 4528 112 24 d'Arcole,
3322 4528 15 22 à
3353 4528 70 27 Gilly,
3442 4529 24 21 et

2927 4551 159 24 appartenant
3107 4551 15 21 à
3143 4552 33 21 M.
3196 4553 81 21 Victor
3295 4554 109 22 Wuldsel.
3423 4554 42 22 Les

2927 4575 81 25 dégâts
3021 4575 111 22 s'élèvent
3143 4576 15 22 à
3173 4578 60 23 3,200
3248 4579 87 21 francs.

2947 4607 152 18 MENAGERES,
3124 4609 65 19 exigea
3208 4610 20 16 la
3252 4611 64 17 crème
3339 4611 24 17 de
3387 4610 79 20 gruyère

2925 4627 112 19 Marathon,
3051 4628 20 17 la
3084 4628 105 19 meilleure,
3205 4629 20 17 la
3239 4631 63 17 moins
3315 4630 64 18 chire.
3398 4631 68 17 (D7178

2952 4653 75 20 RIXE
3042 4653 186 22 SANGLANTE.
3241 4665 28 6 —
3285 4656 66 21 Dans
3366 4660 33 17 un
3414 4655 52 22 café

2925 4678 29 20 de
2969 4678 118 23 Montzen,
3101 4678 126 22 dimanche
3241 4680 55 23 soir,
3308 4681 61 21 deux
3384 4681 82 24 Jeunes

2925 4707 57 19 gens
3000 4703 30 21 de
3048 4703 24 20 la
3092 4703 99 24 localité,
3211 4705 93 22 Hubert
3324 4707 97 21 Schreul
3440 4707 25 20 et

2924 4728 61 20 Jean
3005 4728 77 20 Wertz
3098 4732 30 16 en
3148 4730 55 20 sont
3222 4734 74 18 venus
3314 4736 47 16 aux
3381 4731 83 22 mains.

2925 4753 35 20 Au
2974 4757 68 16 cours
3056 4753 32 21 du
3104 4754 98 24 pugilat,
3215 4755 99 22 Schreul
3329 4757 67 24 reçut
3410 4761 42 16 sou-

2924 4778 57 20 dain
2993 4782 34 17 un
3041 4782 59 20 coup
3113 4779 30 20 de
3157 4781 101 21 couteau
3271 4782 61 20 dans
3344 4782 21 21 le
3376 4782 88 21 ventre.

2924 4803 85 20 Relevé
3027 4803 111 23 Inanimé,
3154 4805 16 19 il
3188 4810 15 15 a
3220 4805 32 21 dû
3266 4806 49 22 être
3332 4807 133 24 transporte

2924 4828 123 23 d'urgence
3061 4827 15 21 à
3090 4828 24 20 la
3126 4828 102 26 clinique
3242 4831 29 21 de
3284 4832 24 20 la
3320 4832 99 21 localité.
3432 4832 32 20 Sa

2924 4852 103 22 blessure
3041 4854 37 20 est
3092 4852 16 21 à
3125 4858 27 17 ce
3168 4855 68 23 point
3251 4861 70 19 grave
3337 4858 69 24 qu'on
3422 4856 29 22 dé-

2923 4877 92 25 sespère
3026 4878 28 20 de
3067 4878 22 21 le
3102 4883 90 17 sauver.

2924 4907 28 17 LE
2973 4907 90 18 SPHINX
3082 4909 90 20 présente
3191 4911 20 16 la
3231 4913 80 17 era.ate
3331 4918 10 11 «
3358 4912 69 17 ECILA
3447 4917 16 11 a.

2944 4928 28 17 La
2987 4929 53 16 seule
3052 4929 102 18 s'ouvrant
3167 4931 20 16 et
3201 4935 21 13 se
3235 4934 104 18 repassant
3353 4933 12 17 k
3382 4933 47 20 plat.

2946 4948 50 17 Chez
3013 4948 28 18 les
3056 4949 47 17 bons
3121 4949 119 21 chemisiers,
3256 4953 100 20 exlgez-là.
3397 4953 64 16 .D731]

2950 4975 146 21 MACABRE
3118 4975 209 25 DÉCOUVERTE.
3343 4990 28 5 —
3391 4980 38 21 On
3449 4984 15 16 a

2924 4999 129 23 découvert,
3072 4999 15 21 à
3106 5001 111 24 quelques
3235 5003 88 22 mètres
3343 5005 28 21 de
3392 5005 23 20 la
3432 5005 18 21 li-

2923 5024 60 22 sière
3005 5025 55 21 d'un
3081 5025 50 21 bois
3150 5026 62 22 situé
3235 5028 15 21 i.
3276 5029 144 24 Wcldingen,
3442 5029 21 21 le

2923 5050 100 21 cadavre
3038 5050 55 21 d'un
3108 5050 106 24 vieillard
3227 5054 79 23 pendu
3320 5054 15 22 à
3350 5055 62 21 l'une
3423 5055 40 20 des

2923 5074 115 21 branches
3059 5075 55 20 d'un
3135 5080 54 19 gros
3210 5077 74 23 hêtre.
3306 5080 31 21 Le
3358 5080 105 22 cadavre,

2923 5100 61 20 raidi
2997 5100 25 20 et
3036 5098 56 25 gelé,
3106 5101 37 20 est
3158 5102 61 21 celui
3231 5103 56 22 d'un
3300 5105 162 24 pensionnaire

2925 5125 29 19 de
2977 5124 109 24 l'hospice
3111 5125 147 27 Saint-Vith,
3278 5130 103 21 Antoine
3405 5129 57 22 Lux.

2923 5148 84 21 ancien
3029 5153 91 21 maçon,
3138 5151 44 24 âgé
3204 5153 30 21 de
3255 5154 27 20 75
3304 5159 50 16 ans.
3377 5155 86 24 Depuis

2923 5174 137 23 longtemps.
3084 5174 23 21 le
3128 5176 154 23 malheureux
3305 5184 31 17 ne
3356 5180 106 24 jouissait

2922 5198 52 25 plus
2986 5199 29 20 de
3029 5203 38 16 ses
3080 5199 101 23 facultés
3196 5204 122 22 mentales.

3140 5232 110 18 OSTENDE

2999 5258 106 31 HOTEL
3124 5259 145 35 YPRIANA
3287 5264 99 32 DIGUE

2922 5294 110 20 Cls.ull.ie
3048 5296 82 20 central,
3150 5301 37 14 eau
3203 5302 101 19 courante,
3321 5303 68 16 ouvert
3409 5302 53 16 toute

2922 5315 7 17 1
2936 5315 67 16 année.
3020 5315 93 17 Pension*
3111 5315 4 8 1
3121 5318 43 18 prix
3182 5319 83 18 modéré.
3394 5322 67 19 (D7338

2948 5341 101 20 CHUTE
3078 5341 204 26 DANGEREUSE
3309 5347 72 21 D'UN
3409 5347 40 22 CY-

2922 5365 112 20 CLISTE.
3050 5375 28 5 —
3092 5366 33 21 M.
3142 5368 106 23 Maurice
3264 5372 111 24 Neuville,
3390 5372 59 25 négo-

2924 5390 66 20 ciant
3009 5394 15 16 a
3050 5390 97 25 Namur,
3172 5393 142 24 demeurant
3341 5398 67 20 route
3432 5397 28 20 de

2921 5414 251 26 Marche-les-Dames,
3185 5420 25 19 et
3222 5419 45 26 âgé
3278 5422 30 21 de
3319 5423 27 20 36
3360 5426 51 20 ans,
3423 5427 25 16 re-

2921 5440 81 21 venait
3016 5439 15 21 à
3046 5439 52 21 vélo
3111 5442 30 21 de
3156 5443 95 26 Vedrin,
3267 5446 30 21 où
3311 5447 17 21 11
3343 5447 60 22 était
3416 5446 44 22 allé

2922 5465 94 20 assister
3033 5464 15 21 à
3063 5469 33 16 un
3113 5467 165 24 enterrement,
3291 5472 21 20 n
3328 5472 132 21 descendait

2921 5489 24 21 la
2964 5489 63 21 forte
3042 5491 70 22 pente
3130 5492 41 24 qui
3189 5496 98 21 conduit
3305 5502 31 16 au
3353 5497 60 22 haut
3431 5497 29 21 de

2921 5514 89 23 Bcmol,
3029 5515 80 24 quand
3130 5521 29 16 sa
3180 5520 112 22 machine
3311 5522 88 23 dérapa
3420 5526 41 16 sur

2921 5539 24 20 la
2963 5539 68 20 route
3052 5539 102 23 luisante
3170 5543 30 21 de
3220 5546 98 24 verglas,
3338 5548 21 20 u
3378 5547 82 21 tomba

2921 5564 157 21 brutalement
3089 5569 41 17 sur
3141 5566 21 21 le
3174 5568 42 24 sol,
3228 5569 31 22 où
3270 5571 17 21 11
3297 5573 64 20 resta
3374 5572 85 22 étendu

2921 5589 104 19 inanimé
3046 5589 87 22 durant
3153 5592 28 21 de
3202 5593 67 26 longs
3290 5596 110 22 instants.
3417 5597 43 21 Les

2920 5616 107 35 ZZZF2
3040 5612 46 39 f&
3088 5615 58 36 ïr&
3141 5619 45 23 a»*
3202 5622 32 19 ne
3246 5622 103 22 mettent
3364 5627 45 21 pas
3422 5626 37 18 ses

2920 5641 64 20 jours
2998 5641 30 17 en
3039 5637 96 26 danger.
3363 5637 46 11 ^^

3438 1729 13 30 i

3433 1816 20 28 I
3474 1826 90 24 change
3578 1822 118 28 Abrassar't
3709 1830 53 22 était
3772 1822 153 40 ië'^eXi.

3434 1848 19 20 B
3477 1851 125 22 financiers
3616 1853 80 22 véreux
3711 1856 52 22 dont
3775 1858 28 23 lea
3816 1848 108 35 inThïï^.

3435 1868 18 17 ■***
3475 1876 117 22 Bruxelles
3605 1879 23 19 et
3640 1878 31 22 les
3684 1882 73 20 autres
3768 1876 93 33 MonTLe
3866 1893 21 16 ■

3476 1902 29 20 de
3521 1907 37 16 ces
3571 1903 58 21 deux
3643 1905 60 23 villes
3717 1911 27 17 va
3758 1907 42 25 être
3809 1913 44 21 saisi
3863 1899 24 31 C
3890 1918 35 20 m

3475 1928 93 21 affaire.
3892 1928 33 14 ****

3503 1965 147 22 BAGARRE.
3668 1977 26 7 -
3711 1969 46 22 Une
3773 1971 78 25 1»™-,,
3863 1982 12 15 ,
3886 1970 40 27 -a-j

3477 1991 66 20 entre
3556 1991 60 21 deux
3628 1992 99 24 hommes
3740 1995 108 27 d'éqraipag-.
3859 2004 35 13 „■-
3903 2011 17 11 „

3477 2015 48 21 vire
3538 2017 89 20 amarré
3642 2022 29 17 au
3684 2023 22 17 n.
3719 2020 34 21 198
3766 2008 160 40 dïîibSfîiK

3478 2045 56 16 vers.
3556 2042 42 21 Les
3619 2047 107 19 couteaux
3745 2046 67 23 firent
3828 2051 42 22 tlrts
3883 2057 16 17 «
3910 2057 16 17 t

3478 2068 60 21 deux
3555 2069 148 25 belligérants,
3720 2077 30 16 un
3765 2074 70 23 Letton
3845 2078 21 21 de
3877 2065 49 35 52

3479 2094 24 20 et
3520 2099 33 16 un
3570 2094 104 24 Polonais
3687 2097 26 21 de
3728 2098 25 21 34
3767 2103 42 21 ans,
3819 2106 20 17 u
3851 2103 75 22 ble»»*w

3478 2119 173 23 mutuellement
3668 2122 21 21 si
3706 2122 54 25 bien,
3777 2129 38 18 aax
3829 2116 80 35 aatïtaTe!
3918 2122 8 29 i

3478 2144 22 21 lt.
3520 2145 74 24 figure
3610 2146 64 24 qu'ils
3691 2148 77 22 durent
3783 2156 22 17 se
3818 2151 45 24 faire
3874 2142 52 34 «àrJ

3478 2174 31 17 au
3519 2170 145 25 dispensaire.
3874 2169 51 14 ^^

3505 2208 53 22 LES
3577 2210 159 24 ACCIDENTS
3753 2213 19 21 A
3788 2214 92 25 ANVERS.
3891 2229 17 7 -
3917 2222 10 17 i

3480 2234 56 21 Dord
3549 2235 55 21 d'un
3616 2236 101 25 steamer,
3729 2239 78 22 amarré
3818 2245 50 18 mu.
3876 2243 24 22 Ul
3906 2246 21 20 di

3480 2259 95 25 bassins,
3593 2265 32 16 un
3643 2261 63 22 arbre
3720 2263 26 21 de
3761 2263 70 25 chaire
3844 2268 38 22 s'est
3891 2269 32 22 bru

3480 2285 65 20 Dans
3562 2290 27 16 sa
3607 2286 73 23 chute.
3698 2287 16 21 U
3730 2293 14 16 a
3759 2289 61 22 blessé
3832 2291 24 22 les
3869 2296 57 21 ounte

3481 2310 23 21 P.
3523 2311 34 21 De
3575 2311 62 25 Vree,
3654 2312 41 25 âgé
3713 2314 26 21 de
3754 2314 23 21 43
3791 2319 39 20 ans.
3844 2321 83 21 ararait.

3480 2336 92 24 Longue
3586 2342 39 16 rue
3637 2338 28 21 de
3680 2338 101 26 l'Equerre
3793 2341 20 21 et
3823 2342 18 22 J.
3850 2343 23 23 De
3883 2345 44 24 Gn»,

3480 2361 25 21 53
3528 2366 49 20 ans,
3599 2363 130 21 demeurant
3759 2370 35 17 rue
3811 2367 23 22 de
3850 2368 18 21 It
3878 2370 48 23 TiiSrt

3480 2387 62 21 Tous
3555 2388 59 21 deux
3631 2391 38 18 ont
3686 2393 60 20 reçus
3761 2390 28 22 les
3804 2393 80 23 preœltn
3894 2384 32 34 «*£

3480 2417 30 17 au
3525 2413 139 25 dispensaire
3676 2416 60 22 nord,
3749 2417 45 23 puis
3806 2420 33 19 ont
3848 2419 26 21 été
3883 2422 42 22 tn»

3481 2438 77 25 portés
3574 2444 31 16 au
3618 2440 132 24 dispensaire
3765 2442 88 25 Kipdorp.

3506 2474 28 4 —
3546 2464 35 21 En
3596 2465 84 21 faisant
3696 2470 41 17 une
3750 2466 65 26 chute,
3825 2473 24 17 tu
3859 2474 16 17 n.
3882 2470 17 22 ST
3906 2472 20 22 la

3481 2489 96 24 bassins,
3597 2491 21 20 le
3636 2491 87 21 nommé
3740 2495 16 20 E
3774 2492 90 26 .Vertleit,
3877 2496 25 21 tri
3911 2498 15 22 fc

3481 2515 26 19 57
3526 2520 50 19 ans,
3595 2520 14 17 a
3625 2521 28 17 eu
3670 2516 102 25 plusieurs
3788 2520 50 21 cotes
3849 2520 58 22 totsees.
3915 2523 10 20 Il

3482 2545 15 16 a
3519 2540 36 22 été
3578 2542 72 21 admis
3673 2547 29 17 au
3722 2543 128 25 dlsepensalre
3863 2546 62 26 Kiptaj

3482 2566 67 24 après
3568 2566 62 22 avoir
3648 2572 51 19 reçu
3716 2568 31 21 les
3761 2569 88 24 premiers
3861 2575 40 18 soin*
3910 2577 15 17 u

3482 2591 139 25 dispensaire
3640 2593 62 21 nord.

3508 2631 210 21 ARRESTATION.
3735 2642 25 5 —
3775 2632 28 21 la
3815 2633 54 23 police
3882 2639 43 16 vm:-

3481 2655 59 21 soise
3559 2661 15 15 a
3591 2656 74 21 arrêté
3682 2656 19 21 le
3718 2658 81 21 nommé
3812 2658 77 23 Percami
3898 2660 27 23 J..,

3483 2681 200 24 ex-sous-officler,
3694 2682 41 25 qui,
3747 2687 26 18 en
3783 2688 21 18 S3
3813 2684 64 22 faisant
3885 2689 40 22 pute

3481 2711 58 20 pour
3551 2707 22 21 le
3585 2706 53 25 père
3647 2708 53 21 d'un
3711 2708 82 21 officier
3801 2709 26 22 du
3837 2710 19 21 5e
3863 2710 20 21 de
3890 2701 35 31 *E

3481 2732 64 20 avait
3567 2732 104 26 escroqué
3691 2733 27 22 de
3735 2733 83 25 l'argent
3834 2734 12 21 à
3861 2735 65 25 pludem

3481 2757 94 21 soldats.

3509 2796 35 20 LE
3554 2797 57 20 FEU
3621 2797 19 21 A
3649 2797 83 21 BORD.
3741 2807 24 6 —
3773 2797 38 22 Par
3818 2797 44 22 suite
3868 2797 19 22 de
3892 2802 34 18 «n-

3482 2821 93 21 bustion
3589 2822 129 25 spontanée,
3729 2822 20 22 le
3761 2822 34 22 feu
3807 2823 40 22 s'es*.
3856 2822 70 23 dkliri'l

3483 2851 46 16 une
3545 2847 118 24 cargaison
3679 2848 27 20 de
3721 2847 98 22 charbons
3830 2852 11 16 a
3851 2847 37 22 bord
3897 2846 28 23 M

3482 2872 80 21 navire
3580 2872 134 24 d'intérieur,
3733 2880 8 11 «
3749 2873 94 21 Ambrolse
3849 2880 14 17 >,
3875 2877 51 17 «mm

3483 2902 30 16 au
3526 2902 23 16 n.
3562 2898 38 20 308
3614 2898 39 21 des
3666 2898 88 24 bassins,
3767 2897 13 22 &
3791 2898 72 22 Anvers,
3873 2898 52 20 Cxœtt

3483 2927 26 16 ce
3529 2923 80 21 navire
3629 2923 15 21 à
3666 2923 37 21 des
3721 2923 84 21 cloisons
3819 2923 78 20 étancliu.
3909 2922 17 23 k)

3483 2949 115 24 pompiers
3620 2949 41 20 ont
3681 2948 42 22 mis
3743 2949 29 21 les
3790 2948 49 22 cales
3853 2953 35 16 soiu
3899 2952 26 16 tu

3482 2973 73 24 Après
3575 2974 106 25 quelques
3698 2974 75 21 heures
3788 2973 24 22 de
3826 2973 61 24 travail,
3898 2973 27 22 W

3482 2999 88 24 danger
3582 2999 63 21 avait
3657 2999 92 25 disparu.

3508 3034 28 6 —
3551 3025 30 21 Le
3594 3025 39 20 feu
3647 3024 53 22 s'est
3713 3023 79 22 déclaré
3804 3028 36 17 aux
3851 3022 74 25 lt-çanat,

3483 3050 29 20 de
3526 3049 123 25 l'équipage
3662 3050 30 21 du
3702 3049 90 22 steamer
3802 3048 83 22 allemand
3894 3047 30 21 •&■

3484 3075 128 21 chershelm
3620 3084 8 8 »
3633 3090 5 7 ,
3654 3074 85 22 amarré
3752 3074 51 22 dans
3815 3074 19 22 le
3843 3075 36 23 port
3887 3072 38 23 SUr

3483 3105 57 15 vers.
3558 3100 51 21 Une
3623 3100 112 24 vingtaine
3747 3100 25 21 de
3786 3099 75 21 matelas
3872 3098 25 21 ont
3905 3096 20 23 W

3484 3125 104 24 détruits,
3601 3125 58 21 mais
3671 3125 62 24 grâce
3746 3124 13 21 â
3770 3125 21 21 la
3802 3123 76 26 prompte
3885 3123 39 20 Iule.

3483 3151 94 20 vention
3595 3151 39 20 des
3650 3150 112 26 pompiers,
3774 3148 92 23 l'Incendie
3875 3148 24 21 ni
3908 3151 16 21 P«

3483 3181 25 16 se
3520 3180 118 21 propager.

3511 3214 52 22 LES
3583 3214 74 21 VOLS
3675 3214 18 20 A
3712 3212 106 22 ANVERS.
3831 3221 21 6 -
3865 3210 39 22 Du»
3911 3213 13 18 »

3484 3243 56 16 cave
3555 3239 29 21 de
3601 3239 23 20 la
3638 3239 85 21 maison
3735 3243 21 16 n.
3771 3238 26 23 11,
3809 3241 31 17 nie
3851 3236 21 21 du
3880 3232 43 26 MR

3485 3269 31 16 on
3532 3269 16 16 a
3562 3264 86 25 surpris
3663 3269 31 16 un
3710 3263 78 22 certain
3801 3262 20 22 P.
3830 3262 37 22 P....
3876 3259 25 25 W
3909 3259 15 22 *

3484 3289 26 21 27
3532 3294 50 19 ans,
3600 3289 130 21 demeurant
3748 3293 36 17 rue
3798 3285 92 24 Memllnck,
3900 3284 23 23 H

3485 3314 67 25 après
3567 3314 173 25 interrogatoire,
3755 3317 13 17 a
3779 3311 57 23 avoué
3846 3310 42 22 avoir
3897 3309 25 20 v*

3484 3341 59 19 3.800
3557 3341 77 20 francs
3649 3344 29 17 au
3693 3338 110 23 détriment
3814 3337 23 22 de
3847 3334 60 23 MneR
3920 3347 3 7 ,

3484 3365 109 21 habitant
3613 3366 58 21 cette
3691 3364 87 21 maison.
3796 3362 50 22 Cette
3859 3360 64 34 pmnj

3484 3390 70 24 avait,
3563 3391 16 21 il
3590 3395 15 20 y
3615 3395 14 17 a
3635 3389 100 26 quelques
3745 3389 60 24 Jours,
3814 3385 84 26 également
3904 3385 11 32 .,'

3484 3415 92 21 victime
3586 3416 53 21 d'un
3650 3416 35 20 vol
3695 3415 51 21 d'un
3757 3413 77 21 brillant
3841 3411 20 22 de
3867 3410 35 23 im
3908 3410 7 33 [

3485 3441 42 21 P...
3544 3446 15 16 a
3574 3440 124 25 également
3712 3438 64 23 avoué
3789 3438 39 21 «re
3838 3436 62 22 l'auteur
3908 3434 7 19 ï

3485 3471 25 16 ce
3524 3467 36 20 vol
3578 3467 24 20 et
3616 3471 14 16 a
3642 3465 70 22 rendu
3726 3465 20 21 la
3757 3464 61 25 pierre
3829 3460 77 28 précltute.
3912 3471 10 7 ••

3484 3497 15 16 a
3512 3491 37 22 été
3563 3491 85 22 écroué.

3511 3529 60 22 UNE
3589 3529 121 21 VICTIME
3724 3516 38 33 De
3778 3520 144 28 VEB0U1-*

3486 3554 117 24 Chockier,
3618 3554 66 21 l'auto
3697 3554 26 20 de
3736 3553 28 20 M.
3777 3549 103 23 Willenden,
3888 3550 34 23 (M

3486 3579 96 23 localité,
3603 3580 65 24 glissa
3686 3583 38 17 sur
3742 3578 20 21 le
3779 3575 72 25 verglas,
3863 3577 25 18 nie
3900 3575 21 15 «■

3485 3606 70 20 mand
3569 3606 64 21 Beco.
3645 3605 23 21 et
3681 3605 43 20 alla
3734 3605 111 22 tamponner
3854 3600 54 21 ruOT*
3907 3599 8 15 1
3917 3608 4 6 .

3486 3630 22 21 la
3522 3631 71 24 petite
3606 3630 102 24 Mulders,
3720 3628 49 26 âgée
3780 3628 23 21 de
3814 3626 18 21 15
3841 3628 78 22 •**<•.-%

3486 3657 107 20 meurant
3613 3660 43 17 aux
3675 3655 79 23 Avoirs,
3772 3652 32 27 qui
3818 3655 19 18 «e
3851 3650 70 21 renmt*

3485 3681 82 22 l'école.
3862 3698 10 5 .
3910 3694 9 11 »

3511 3707 83 23 Quand
3610 3711 29 17 on
3652 3705 70 22 releva
3734 3705 22 22 la
3768 3702 76 23 victime,
3854 3701 27 20 eW
3889 3701 30 18 •»•

3485 3732 23 21 la
3520 3732 76 24 jambe
3605 3732 89 25 gauche,
3699 3731 43 22 mal
3751 3734 26 18 en
3785 3728 56 27 point.
3848 3726 71 33 U*«J»

3486 3762 14 16 a
3516 3757 32 21 dû
3562 3757 47 22 être
3625 3757 100 22 conduite
3737 3756 51 24 dans
3801 3758 25 16 un
3837 3750 81 22 eanit*»

3485 3783 29 21 de
3529 3782 72 25 Liège.
3617 3783 37 21 On
3668 3782 69 21 craint
3750 3781 24 21 de
3787 3777 59 24 devoir
3856 3779 60 21 pw»

3484 3808 159 25 l'amputation
3655 3808 28 22 de
3695 3807 23 21 la
3728 3805 72 27 Jambe.

3511 3847 57 20 DES
3586 3846 128 21 VOLEURS
3730 3839 133 27 PROFITENT
3875 3833 43 25 DUS

3487 3872 136 21 ABSENCE.
3641 3881 26 5 —
3687 3871 39 20 Les
3742 3869 63 26 époux
3821 3863 96 24 M^"""*"

3487 3897 22 20 la
3526 3901 40 17 rue
3582 3897 91 21 Grande
3689 3895 73 24 Bêche,
3777 3893 13 21 à
3802 3891 53 23 Uége,
3865 3892 19 18 e»
3893 3889 18 35 J

3486 3923 64 20 trant
3568 3922 119 22 dimanche
3703 3920 42 22 soir
3763 3919 45 21 chez
3822 3919 46 31 «W.,
3870 3916 16 17 C0
3885 3916 32 31 °S,

3486 3947 75 22 tèrent
3575 3952 42 20 que
3630 3948 22 21 la
3664 3945 82 23 maison
3756 3943 52 23 nvait
3817 3944 39 21 reçu
3863 3941 15 19 il
3886 3941 32 17 v*»

3486 3973 28 24 de
3529 3973 141 22 malfaiteurs
3699 3971 35 26 qui
3762 3967 73 23 avalent
3845 3965 72 35 jWWM

3486 3998 65 21 l'aide
3563 3998 146 21 d'effraction.
3720 3996 29 21 Ils
3760 4000 13 20 y
3784 3992 67 23 avalent
3860 3987 57 39 J*Ç

3484 4028 86 16 somme
3586 4024 28 21 de
3627 4023 56 24 5,000
3696 4023 70 20 francs
3779 4018 71 26 déposée
3859 4015 37 20 dam
3903 4020 14 10 ■»

3485 4049 95 21 meuble.

3895 4071 22 18 IT.

3507 4087 32 16 ON
3557 4087 62 18 AURA
3634 4086 58 18 BEAU
3708 4084 68 20 FAIEÏ,
3788 4082 11 18 Il
3813 4081 24 20 tl
3846 4082 8 14 •
3864 4076 46 22 W"

3484 4106 121 18 AMERICAN
3625 4106 93 18 OPTICAL
3736 4105 28 20 Qui
3778 4103 49 21 PUlsH
3838 4101 31 17 *•*»
3876 4100 40 26 .*■

3484 4127 23 18 de
3520 4128 71 18 bonnet,
3604 4128 84 17 lunettes.

3484 4160 40 20 00a,
3539 4161 40 17 Ru.
3594 4161 24 17 la
3632 4160 52 20 Pau.
3695 4158 88 18 Cdnt-res
3793 4152 79 20 Htstlsxtt.
3883 4144 28 21 lt»

3482 4233 21 70 |
3543 4231 344 62 NECROLOGIE

3541 4348 30 16 On
3585 4350 82 14 annonce*
3680 4345 17 17 la
3710 4344 45 18 m->Tt
3766 4341 21 17 di

3539 4375 128 32 Monsieur
3685 4368 124 36 MARTEHS,
3824 4358 71 41 W*»

3521 4415 55 19 après
3587 4417 37 13 une
3634 4412 62 17 court,
3706 4413 16 14 et
3734 4403 116 34 J**J'*'*,,™**5''
3853 4422 12 13 U
3862 4410 4 7 '
3873 4403 28 27 S

3521 4435 32 16 des
3569 4436 73 15 secours
3655 4431 87 19 relljieux.
3755 4426 69 31 Bfunt™
3835 4423 65 33 »^-

3520 4454 67 18 tutvlre.
3601 4457 34 14 rue
3650 4451 53 18 EdlUl
3719 4447 61 29 ÇaveU.
3793 4445 22 18 ».
3825 4445 13 13 "
3848 4445 24 12 ■"*

3522 4475 19 17 13
3555 4474 92 17 décembre
3660 4472 44 18 UM,
3718 4470 11 17 *
3734 4464 22 34 \
3763 4467 34 31 W,
3794 4469 7 13 r
3807 4484 17 14 «
3834 4472 66 23 M»***

3542 4495 24 17 Ce
3579 4493 72 21 présent
3663 4492 38 18 avis
3713 4489 44 19 tien»
3766 4487 32 18 1W
3806 4487 19 15 »
3834 4483 66 31 "*TS»

3541 4572 30 18 On
3583 4573 47 15 noua
3643 4569 38 21 prie
3692 4566 100 20 d'aononc»
3800 4560 14 18 ls
3824 4554 38 45 **jj
3869 4559 14 10 *■

3569 4598 125 32 Monsieur
3712 4593 58 34 Léon
3788 4586 85 36 ULIEM
3894 4610 9 19 ,

3509 4637 106 18 Industriel,
3627 4634 91 20 cbetaller
3728 4633 20 16 i*
3760 4629 43 17 ''•"■
3813 4629 17 12 "
3864 4629 35 32 |7i

3519 4665 35 17 Les
3564 4662 105 19 funérailles
3678 4657 220 30 »*»»"•.*£*(*"

3519 4685 27 19 23,
3558 4688 33 13 ruo
3602 4684 40 17 Van
3654 4681 72 19 Slalder,
3735 4676 93 19 Ust******-

3540 4738 29 18 On
3587 4739 82 15 s-nnonoe
3684 4734 17 17 la
3713 4732 41 18 «t****
3751 4734 9 13 1
3772 4731 19 14 **•
3809 4749 23 6 _.
3843 4739 54 20 .«j-j.

3519 4763 134 19 M-aier-.ls.lle
3668 4761 59 17 l«*»
3741 4754 40 20 »«
3794 4749 37 40 "£
3843 4749 39 38 !£
3886 4767 11 14 »

3519 4794 80 14 -urrenu
3620 4790 17 17 le
3655 4788 20 17 1»
3692 4798 11 6 -
3704 4783 72 19 "™*"
3794 4779 55 33 SU
3858 4790 22 18 W*
3888 4793 9 6 -

3518 4813 32 16 ne
3566 4810 64 19 année,
3643 4809 33 18 het
3691 4802 95 22 Itssstwllti
3797 4800 45 33 •£*?

3519 4831 90 18 mercredi
3624 4830 19 16 «
3658 4826 78 19 couran*.
3752 4823 10 16 »
3778 4821 9 16 '
3800 4821 51 34 *££«
3861 4826 36 19 s***

3540 4852 83 16 Réunion
3638 4849 11 16 à
3664 4847 17 18 la
3697 4840 142 23 tss's'-ltlf'k"
3878 4842 17 22 (Il

3516 4873 64 18 Dame,
3593 4870 12 19 k
3618 4868 76 19 Laeit»,
3704 4861 104 23 ."•'*

3539 4936 30 16 On
3584 4935 82 17 annonce
3678 4930 18 19 la
3710 4926 44 18 mKt
3755 4923 64 34 J',_
3818 4939 36 18 frI

3594 4961 19 18 H
3613 4959 71 18 e«lt*r
3696 4954 48 18 I*».*
3754 4940 131 47 ^Jlrrsr*

3538 4990 62 20 ttee*
3614 4988 21 17 *»
3650 4986 54 16 B"»
3715 4977 57 32 "*"'.
3772 4979 29 31 ?L
3812 4997 19 16 a.
3840 4988 52 25 H*»,

3525 5015 59 17 '«cette
3598 5013 12 18 k
3627 5008 96 21 tuertse*.
3733 5025 5 13 ,
3738 5005 11 16 k
3745 5003 22 35 J
3773 5002 9 16 i
3773 5003 28 34 f
3794 5017 46 20 sra
3840 5004 54 25 ti.0i

3539 5033 133 19 L'inhumation
3681 5031 43 14 aura
3733 5023 54 18 Ueu»
3792 5023 30 34 gr
3821 5034 14 16 „
3836 5032 32 18 lVt
3875 5023 19 16 *

3538 5055 89 19 Réunion,
3639 5043 172 26 H*--**"
3874 5043 19 21 *"

3538 5129 30 16 On
3585 5127 81 17 annonce
3678 5121 16 18 le
3709 5118 47 19 dée.1
3768 5114 20 16 *"
3798 5131 46 17 rlB)
3844 5123 35 21 rjlt

3547 5154 85 17 Madame
3649 5149 56 17 *•*•«•
3718 5141 66 21 n"**"
3794 5143 27 24 S

3610 5225 30 16 7-0
3651 5220 60 19 anné*..
3779 5230 37 11 _.
3825 5224 17 17 i,
3849 5213 45 24 issf*

3606 5244 65 20 natte*
3682 5241 13 17 i

3563 5263 90 21 cimetière
3670 5264 141 33 *;t,^5J^A
3873 5269 21 26 (j[

3516 5210 80 16 survenu
3605 5205 11 18 k
3626 5203 46 18 ScMa

3516 5229 48 17 dans
3576 5231 21 13 sa
3610 5220 100 32 •"»,»•"*'■
3734 5236 17 16 „
3761 5233 55 16 ..re..
3825 5227 17 14 -•
3849 5220 45 29 »*5

3537 5244 134 21 L'ia-llaUnatlO»
3682 5237 128 35 toMlJ^,
3823 5248 10 13 .
3845 5242 16 14 «
3872 5237 20 12 **

3517 5272 24 14 ,u
3563 5264 90 20 cimetière
3670 5261 22 18 «
3707 5258 103 34 "fouillé.
3828 5283 10 9 v

3516 5289 48 17 dans
3580 5287 18 17 la
3612 5277 227 32 r'-'fi'ïï»**

3536 5309 27 19 23,
3578 5308 67 16 avenue
3656 5300 81 18 Voilait.
3747 5299 29 13 ***
3789 5299 14 9 "
3815 5312 31 9 _.

3498 5391 107 26 Confiez
3620 5391 40 20 vos
3676 5394 156 18 -*-*»--—,•
3834 5397 41 27 r(Bt

3531 5420 22 30 à
3569 5423 29 27 la
3608 5420 55 30 dIus
3684 5412 116 31 ancienne
3819 5410 20 17 '"

3513 5519 83 28 remise
3607 5524 29 21 en
3661 5513 44 27 eW
3715 5508 66 27 •*-**»
3787 5502 99 52 ^ST'

3505 5532 379 68 ^^•sJr^;4S*^

3506 5594 33 18 ™
3543 5593 41 19 Ar
3572 5587 171 44 ^"Lr^\me
