3999 5711
1735 223 130 21 eîîATIOX
1879 220 121 22 BELGE',
2015 219 24 21 16
2053 218 140 22 FEVRIER
2207 217 51 21 lf39
2270 216 4 22 !

106 302 711 179 ^êffr/ie^ï

369 514 32 21 LE
432 508 80 26 MATÉ
542 508 144 26 PAMPÉRO

372 537 174 25 N'EMPÊCHE
569 541 54 21 PAS
649 540 37 20 DE

370 569 126 22 DORMIR.
520 569 27 20 IL
565 563 122 26 DÉTEND

347 597 35 20 ET
398 596 110 21 REPOSE
522 596 33 20 LE
571 590 131 25 SYSTÈME

456 623 147 20 NERVEUX

778 600 25 18 Le
813 600 51 18 Maté
875 599 93 24 Pampéro
976 602 27 17 esl
1012 606 38 13 uns.
1059 600 42 22 infu-

777 627 43 19 sion
834 632 19 14 te
867 626 131 21 consommant
1010 633 69 14 eomme
1094 627 16 18 U

777 655 36 20 thé,
828 656 67 18 nature
915 661 26 13 ou
955 655 121 20 additionnée
1089 655 21 18 de

777 683 66 19 citron.
854 682 22 19 d*t
886 682 35 19 lait
930 689 24 13 ou
964 683 83 20 d'alcool.

320 720 31 22 Le
360 720 64 22 Maté
434 719 123 26 Pampéro,
568 718 78 22 vendu
656 717 88 22 exclusi-

294 750 92 20 vement
392 753 47 21 par
446 747 36 21 les
489 747 176 26 pharmaciens,
673 748 36 19 est
716 751 28 15 re-

294 775 139 22 commandé
439 780 47 21 par
491 775 23 20 le
521 779 71 20 corps
598 773 102 21 médical
706 778 48 15 aux

294 808 131 22 personnes
435 813 31 5 —
473 807 114 18 nerveux,
598 800 155 26 cardiaques,

294 830 164 21 rhumatisants
470 840 29 5 —
511 834 31 16 ne
555 830 140 24 supportant
706 832 48 21 pas

294 859 35 21 les
335 857 109 22 boissons
451 857 128 21 excitantes
585 861 32 15 ou
623 855 89 21 devant
718 855 36 21 les

295 886 117 25 proscrire
425 885 32 20 de
470 884 52 21 leur
533 883 169 21 alimentation.

321 913 74 21 Buvez
402 912 23 21 le
432 912 80 23 matin,
518 917 33 15 au
559 912 83 24 goûter
650 912 24 19 et
681 911 74 24 après

295 941 35 21 les
333 945 74 22 repas
410 944 52 19 .une
465 941 65 19 tasse
534 939 31 21 de
568 938 64 21 Maté
635 938 120 26 Pampéro

295 968 77 27 Après
392 966 26 22 13
435 966 66 26 jours
519 966 33 21 de
570 966 185 22 consommation

295 995 126 26 régulière,
442 999 59 17 vous
521 993 157 27 apprécierez
698 993 59 27 déjà

296 1029 39 17 ses
349 1021 172 23 bienfaisantes
534 1023 89 20 vertus.

409 1070 64 21 BaUe
484 1070 28 21 de
529 1068 41 23 125
581 1076 114 19 grammes
712 1076 9 15 :
734 1070 40 22 Fr.
789 1071 62 22 10.50

412 1105 60 20 Boite
480 1104 28 20 de
519 1103 46 22 250
579 1110 115 20 grammes
712 1112 9 14 .-
735 1105 39 21 Fr.
791 1105 77 26 X7.—*_i

180 1194 293 97 MME
516 1198 517 97 RAMPER©

185 1317 78 18 Agence
282 1318 104 16 ♦xcIutiT»

428 1318 102 16 lacienne
549 1318 80 16 Maison
647 1317 58 16 Lo«u
724 1316 92 15 Sinderi,

1178 303 50 59 LE
1265 302 248 58 DEJEUNER
1551 300 148 59 BELGE

1173 389 44 30 AU
1231 388 104 30 SALON
1350 387 59 30 DES
1421 387 86 30 ARTS
1520 386 177 30 MENAGERS

1356 443 44 30 DE
1416 443 97 30 PARÏS

1194 530 32 20 t*e
1247 529 69 20 Salon
1339 529 41 19 des
1401 530 56 17 Arts
1478 529 124 22 Ménager?
1622 529 39 21 qui
1684 532 14 14 a

1171 554 36 20 été
1227 557 82 16 ouvert
1330 553 15 19 â
1367 553 68 19 Paris
1457 553 30 19 du
1508 553 26 19 26
1554 553 92 22 janvier
1667 557 30 14 au

1171 580 24 19 12
1217 579 87 19 février
1325 580 24 18 et
1369 579 39 23 qui
1432 583 15 13 a
1468 578 38 20 été
1528 579 170 22 parfaitement

1172 603 73 21 réussi
1267 610 15 13 a
1304 609 28 14 eu
1355 604 60 18 cette
1438 604 113 18 heureuse
1574 603 116 23 particula-

1171 629 43 20 rité
1234 630 28 18 de
1282 628 121 24 présenter
1423 628 59 19 dans
1501 633 42 14 son
1563 628 136 18 restaurant

1170 654 134 23 vingt-trois
1329 657 69 18 repas
1423 653 123 23 originaux
1571 657 31 14 au
1628 656 69 14 cours

1171 679 107 23 desquels
1299 679 33 18 les
1353 680 61 17 mets
1437 678 32 19 les
1492 678 51 23 plus
1565 677 133 18 succulente

1170 705 28 18 de
1218 705 77 18 toutes
1315 704 33 19 les
1366 704 123 22 provinces
1507 701 131 26 françaises
1657 701 41 19 ont

1169 729 37 19 été
1228 729 75 19 servis
1324 732 57 15 sous
1400 728 110 23 l'experte
1532 726 113 20 direction
1670 727 27 18 de

1169 754 31 20 M.
1234 754 110 19 Edouard
1379 753 107 22 Rouzter,
1520 753 117 19 directeur
1669 751 29 20 de

1169 780 23 19 la
1215 779 89 19 section
1327 778 66 19 d'Art
1414 778 196 22 Gastronomique
1634 776 15 19 à
1671 780 27 15 ce

1170 804 76 20 Salon.
1267 804 60 18 Mais
1349 804 20 19 le
1391 803 64 20 souci
1477 803 31 19 du
1530 802 168 23 bien-manger,

1169 830 39 23 qui
1223 829 79 20 anime
1317 833 26 15 ce
1358 827 85 20 maître
1459 828 27 19 de
1502 828 22 19 la
1538 827 95 20 cuisine,
1648 826 39 20 l'in-

1170 855 47 18 cita
1233 853 15 20 â
1265 853 60 21 faire
1341 853 68 24 appel
1426 853 15 19 à
1458 853 67 19 notre
1543 851 154 23 compatriote

1169 880 32 18 M.
1221 878 110 21 Barnich,
1351 878 53 19 bien
1425 882 77 15 connu
1520 877 38 20 Ici.

1196 904 39 21 Or,
1258 904 20 18 le
1301 903 24 19 11
1350 903 28 18 de
1401 908 26 16 ce
1450 903 66 20 mois.
1540 902 30 19 M.
1592 900 105 20 Barnich

1169 928 111 25 présenta
1298 927 16 21 à
1332 927 69 21 l'élite
1423 928 40 19 des
1483 928 162 23 gastronomes
1666 929 32 15 un

1169 953 122 20 succulent
1314 958 69 17 repas
1405 953 67 23 belge
1495 951 29 21 où
1555 951 24 19 la
1608 951 89 22 Quiche

1170 979 21 18 d'
1193 978 78 22 Arlon,
1293 978 33 19 les
1350 977 85 20 broche
1438 978 53 18 tons
1513 977 27 20 de
1563 977 22 19 la
1607 976 91 22 Semoy,

1170 1004 66 20 notre
1252 1003 95 24 jambon
1365 1002 144 20 d'Ardennes
1525 1002 23 20 et
1564 1001 21 20 le
1602 1000 95 28 coussin

1170 1029 28 19 de
1223 1028 99 19 Malines
1345 1026 90 21 étaient
1459 1030 172 20 accompagnes
1657 1024 41 20 des

1169 1053 119 20 meilleurs
1310 1053 51 19 vins
1382 1052 28 20 de
1431 1053 97 19 France.

1195 1078 31 19 M.
1242 1078 28 20 de
1285 1078 129 23 Radiguez,,
1430 1076 85 24 chargé
1532 1076 122 19 d'affaires
1670 1075 27 20 de

1169 1102 119 24 Belgique,
1307 1101 113 25 présidait,
1438 1107 26 14 ce
1482 1101 113 23 déjeuner
1613 1099 84 25 auquel

1170 1128 137 19 assistaient
1333 1127 147 19 notamment
1505 1126 55 19 MM.
1586 1125 112 23 Delhaye,

1170 1152 102 24 premier
1305 1151 126 21 secrétaire
1465 1150 168 21 d'ambassade,
1667 1149 31 19 M.

1170 1177 101 24 Caveyn,
1295 1178 82 19 consul
1403 1176 96 24 général
1523 1175 29 19 de
1577 1175 119 24 Belgique,

1170 1203 20 19 le
1206 1202 97 20 docteur
1319 1202 28 19 de
1362 1201 118 22 Pomlane.
1496 1202 34 18 De
1546 1200 152 20 nombreuses

1170 1226 171 24 personnalités
1364 1227 78 23 belges
1465 1227 24 19 ct
1510 1225 131 24 françaises
1661 1229 28 15 as-

1169 1253 110 18 sistaient
1302 1251 132 25 également
1456 1250 15 20 à
1494 1251 62 19 cette
1579 1249 118 24 réception

1170 1276 30 20 où
1216 1277 35 19 les
1267 1277 106 20 discours
1388 1276 16 20 à
1419 1277 24 19 la
1458 1276 100 23 louange
1575 1275 41 19 des
1631 1279 59 19 orga-

1169 1302 119 19 nisateurs
1304 1303 23 19 et
1343 1302 28 19 de
1386 1303 22 19 la
1422 1302 75 18 bonne
1513 1300 88 19 cuisine
1617 1299 81 20 furent

1171 1326 47 20 fort
1241 1326 130 24 applaudis.

100 1426 113 93 Le
258 1426 351 109 congrès
648 1424 145 91 des
838 1420 87 93 U.
952 1422 85 91 P.
1072 1424 97 89 A.
1216 1448 115 67 au
1372 1418 305 113 Heysel

101 1586 31 19 La
154 1584 137 21 Fédération
310 1583 124 20 Nationale
452 1582 41 22 des
510 1581 90 21 Unions

76 1609 209 22 professionnelles
300 1608 118 23 Agricoles
433 1613 15 13 a
464 1610 62 18 tenu,
541 1611 51 15 mer-

75 1634 63 20 credi
155 1634 81 21 matin,
252 1638 30 14 un
299 1632 99 25 congrès
414 1631 184 21 extraordinaire

75 1664 30 14 b*'
123 1659 78 18 Palais
218 1658 30 19 du
265 1657 145 20 Centenaire.

101 1683 47 20 Obs
164 1683 12 19 9
192 1683 22 20 h.
230 1684 41 19 des
287 1684 111 18 autrears
413 1683 130 23 provenant
558 1682 41 19 des

76 1711 82 21 quatre
175 1708 66 20 coins
258 1708 30 19 du
305 1712 64 19 pays,
386 1708 60 19 mais
463 1708 91 19 surtout
571 1707 28 19 de

76 1734 19 18 l.i
112 1734 108 23 province
235 1733 28 19 de
278 1732 75 24 Liège,
367 1733 111 19 viennent
491 1732 109 20 s'aligner

77 1759 85 18 ritvant
190 1758 133 23 l'imposant
352 1758 143 21 monument,
523 1756 78 19 tandis

76 1788 44 19 que
135 1783 33 19 les
183 1784 75 18 trams
273 1782 123 20 déversent
411 1787 29 14 au
455 1782 85 24 Heysel
557 1786 43 14 une

75 1808 63 19 foule
157 1808 27 20 de
203 1808 173 22 congretr-irtes.
395 1807 58 19 Tout
472 1812 26 14 ce
516 1806 84 20 monde

76 1832 113 21 s'entasse
202 1833 59 20 dans
275 1832 21 17 la
309 1832 56 18 salle
379 1832 30 19 du
422 1830 96 21 Cinéma
532 1831 60 19 docu-

74 1859 122 18 mentaire.

101 1883 18 18 A
139 1882 22 19 11
181 1883 28 22 h.,
226 1881 21 20 le
265 1881 111 20 sénateur
393 1881 139 23 Criquelion,
550 1881 40 24 pré-

74 1906 75 21 sident
168 1908 39 17 des
224 1906 24 20 U.
264 1906 24 19 P.
303 1907 32 19 A.,
351 1910 71 16 ouvre
437 1907 21 19 la
474 1906 91 19 séance.
580 1906 18 19 II

78 1933 34 19 est
130 1932 96 19 entouré
244 1936 30 16 au
293 1930 87 19 bureau
400 1931 27 19 de
447 1931 29 19 M.
494 1931 105 21 Fralkin,

75 1961 60 15 ster.
140 1957 59 19 taire
216 1956 102 24 général,
335 1959 23 16 et
376 1957 41 18 des
434 1957 116 19 membres
568 1957 29 18 du

75 1980 83 20 comité
182 1981 125 19 directeur:
332 1981 55 19 MM.
409 1981 107 19 Nivarlet
539 1981 50 19 (Liè-

77 2007 46 23 ge),
140 2006 140 23 Masquelier
299 2005 134 21 (HaUiauO,
448 2006 75 19 Pirlot
542 2006 47 19 (Na-

77 2032 71 22 mur),
169 2031 140 24 Lempereur
331 2031 192 24 (Luxembourg),
542 2031 49 20 Bar-

77 2057 54 22 bier,
150 2056 117 24 président
284 2057 41 19 des
342 2057 21 20 J.
380 2058 26 18 A.
423 2058 25 19 P.

100 2083 30 19 M.
146 2083 138 24 Criquelion,
299 2083 39 22 qui
354 2087 144 19 prononcera
513 2083 20 19 le
548 2083 49 19 seul

77 2108 102 19 discours
200 2107 29 20 de
249 2108 22 19 la
292 2107 103 22 réunion,
416 2113 15 14 a
450 2107 95 19 d'abord
567 2112 30 14 un

78 2135 45 17 mot
147 2132 99 21 aimable
271 2136 58 20 pour
352 2133 22 19 la
396 2137 85 20 presse.
503 2133 57 20 Puis
584 2133 14 18 il

76 2157 89 20 déclare
181 2162 45 20 que
242 2161 41 15 son
302 2157 83 24 exrosé
403 2162 28 14 ne
448 2162 53 15 fera
516 2162 44 19 que
576 2157 21 19 le

77 2181 88 20 résumé
189 2182 40 20 des
253 2183 146 19 conclusions
422 2181 111 25 adoptées
556 2187 42 20 par

77 2206 29 20 les
133 2206 139 19 différentes
297 2207 102 19 .sections
427 2206 103 20 d'études
557 2207 40 19 des

76 2230 23 21 U.
116 2231 26 19 P.
162 2232 22 19 \.

100 2256 119 20 L'orateur
251 2257 64 23 paris
345 2256 95 21 d'abord
473 2257 28 19 de
532 2257 65 20 l'avis

76 2280 57 20 émis
157 2286 43 18 par
225 2282 103 18 certains
352 2281 163 20 économistes.
539 2288 12 12 «
577 2282 18 18 Il

76 2306 49 19 faut
142 2306 105 20 abaisser
266 2306 32 20 les
317 2306 50 24 prix
386 2306 28 20 de
433 2307 90 20 revient
541 2312 18 14 >.
578 2307 18 19 B

76 2335 22 14 w
114 2329 91 21 déclare
220 2330 106 20 d'accord
342 2331 14 19 à
372 2336 26 14 ce
413 2332 69 22 sujet.
498 2332 55 19 Cela
568 2337 29 13 ne

76 2360 50 14 sera
141 2356 98 22 possible
255 2361 44 17 que
315 2360 42 18 par
372 2356 20 19 le
409 2356 96 23 propres
518 2357 15 20 à
549 2357 38 19 réa-

77 2380 51 19 liser
143 2380 57 19 dans
215 2380 21 20 le
251 2381 108 20 domaine
374 2381 108 24 agricole.
497 2382 100 23 Progrce

77 2409 24 15 oe
121 2406 63 18 toute
204 2407 91 18 natur;.
315 2406 117 23 chimique
454 2408 23 18 et
496 2406 93 20 mécani-

76 2434 47 18 que.
145 2429 59 20 Mais
223 2430 56 19 c'est
300 2435 45 14 une
365 2435 79 15 œuvre
464 2431 29 20 de
514 2433 84 23 longue

76 2454 95 20 haleine.
205 2454 34 19 En
273 2455 132 22 attendant,
440 2456 159 23 l'agriculture

76 2480 45 18 coit
144 2478 48 22 être
214 2483 113 16 soutenue
349 2485 91 16 comme
462 2481 130 20 l'industrie

76 2503 118 20 L'orateur
216 2504 81 20 insiste
320 2509 41 15 sur
382 2507 62 17 cette
466 2505 88 19 dua/Mté
577 2507 21 19 et

77 2528 21 20 ft
103 2529 16 18 it
143 2533 44 15 une
209 2530 164 23 comparaison
398 2534 67 15 entre
487 2531 104 23 l'agricul-

76 2553 49 19 ture
146 2555 23 17 et
191 2554 130 21 l'industrie
342 2554 147 21 considérées
510 2560 90 15 comme

77 2577 113 20 richesses
220 2578 139 19 nationales.
389 2585 11 10 «
433 2579 168 24 L'agriculture

77 2603 35 17 est
126 2604 21 18 la
162 2602 113 24 première
291 2604 113 19 industrie
419 2604 125 22 nationale,
559 2604 43 19 dit-

76 2627 15 19 ii
119 2633 70 18 parce
211 2628 81 23 qu'elle
314 2633 14 14 a
349 2633 45 16 une
416 2630 81 19 valeur
517 2632 83 22 argent

76 2653 134 23 supérieure
231 2652 14 19 à
267 2654 77 18 toutes
366 2653 34 20 les
421 2655 80 20 autres
524 2656 69 19 indus-

76 2677 57 18 tries
154 2677 28 19 de
205 2677 111 24 Belgique
339 2677 98 23 réunies,
459 2680 54 23 quoi
534 2681 67 22 qu'en

75 2701 77 20 disent
165 2703 34 18 les
212 2702 64 19 vrais
288 2701 156 22 économistes
456 2709 30 15 ou
498 2704 34 21 les
545 2705 56 19 faux

76 2727 118 18 savants...
215 2726 30 19 Et
265 2727 137 24 cependant,
423 2733 58 16 .:ous
500 2735 102 14 sommer

76 2749 84 22 traités
185 2755 28 15 en
237 2755 96 20 parents
356 2757 105 19 pauvres.
485 2754 116 20 Soutenus

74 2779 39 20 pai
130 2775 79 23 l'Etat,
223 2776 14 19 il
254 2777 51 18 faut
318 2781 83 16 encore
415 2779 138 19 rechercher
565 2780 34 19 les

75 2803 98 19 moyens
186 2801 27 18 de
228 2800 90 21 réduire
340 2807 25 13 es
378 2802 50 23 prix
442 2803 27 19 de
483 2803 90 21 revient
579 2809 20 15 :>.

105 2824 60 19 C'est
179 2824 14 19 à
207 2826 60 18 cette
281 2826 106 23 question
402 2831 44 20 que
460 2828 31 19 M.
506 2829 84 23 Crique-

77 2848 47 20 lion
144 2855 28 13 va
191 2854 123 16 consacrer
332 2856 41 15 son
392 2852 91 24 exposé,
499 2852 24 22 te
540 2854 48 20 divi-

74 2875 55 18 sant
143 2879 28 15 en
186 2874 114 25 plusieurs
315 2877 77 24 points
409 2883 7 16 ;

101 2900 17 19 1.
134 2900 68 20 Lutte
217 2901 149 25 scientifique
381 2904 81 19 contre
476 2904 34 20 les
525 2906 62 19 mala-

75 2923 48 20 die?
140 2925 40 20 des
197 2926 110 21 animaux
322 2931 25 17 et
362 2927 41 20 des
419 2929 98 23 plantes.

103 2950 53 20 Ceci
180 2954 34 16 est
238 2951 99 21 réclamé
362 2954 81 22 depuis
467 2955 130 25 longtemps

76 2980 42 19 par
131 2976 33 20 l-.'s
177 2977 26 19 U.
216 2978 25 19 P.
255 2979 25 19 A-
295 2978 59 20 Miis
367 2979 33 19 les
414 2979 105 20 instituts
533 2985 57 20 agro-

76 3001 119 23 nomiques
207 3001 134 24 supérieurs
353 3009 29 14 ne
393 3006 55 18 âont
462 3011 40 18 pas
515 3011 82 15 encore

75 3030 63 17 sesez
155 3028 129 23 largement
300 3028 65 20 dotée»
380 3030 56 21 d'un
452 3031 107 21 matériel
575 3034 23 18 et

76 3051 51 20 d'un
146 3054 108 22 outillage
273 3055 133 21 suffisants.
425 3056 122 21 L'orateur
564 3057 25 20 ré-

75 3076 71 21 clame
158 3079 22 19 H
192 3079 101 24 gratuité
305 3081 41 19 des
358 3082 94 19 vaccins
464 3088 59 18 pour
533 3088 56 15 sous-

77 3103 69 21 traire
171 3103 107 21 l'éleveur
301 3105 15 21 â
341 3106 132 22 l'influence
497 3107 92 19 d'indus-

76 3128 63 19 triels
150 3135 29 14 ou
191 3131 28 18 de
231 3135 169 20 commer-çanifi
413 3134 53 22 trep
478 3138 44 18 peu
534 3138 54 15 scru-

78 3154 88 23 puleux.

101 3179 17 18 2.
136 3179 163 22 Amé'ioratien
318 3183 29 19 du
365 3183 96 23 cheptel.

839 1540 55 23 »g
900 1539 25 23 #

648 1582 41 22 Ici,
707 1582 16 20 il
740 1582 49 19 viaee
807 1583 93 17 surtout
919 1583 19 17 H
958 1582 73 18 vache
1050 1581 98 20 laitière.

648 1608 18 19 3.
684 1608 50 19 Une
752 1607 110 25 politique
879 1607 41 19 des
937 1607 101 23 engrais.

650 1640 12 20 I
664 1641 5 12 1
666 1654 4 4 .
691 1646 23 14 se
736 1644 55 19 pose
811 1639 28 20 ici
861 1644 44 14 une
926 1640 107 22 question
1053 1639 47 23 qui,
1120 1640 28 20 de

626 1666 65 20 l'avis
703 1667 27 19 de
741 1665 116 21 l'orateur,
869 1665 48 20 doit
928 1671 25 14 se
965 1665 83 19 traiter
1059 1662 97 22 comme'

626 1692 22 19 la
669 1691 95 20 défense
786 1690 125 22 nationale,
939 1691 27 19 de
994 1690 106 25 laquelle,
1119 1696 30 15 en

621 1720 97 19 femme,
732 1717 43 20 elle
790 1716 120 23 participe.
925 1716 20 19 Il
960 1717 52 19 faut
1026 1715 67 20 créer
1107 1716 42 19 des

623 1743 78 20 usinée
718 1742 159 24 productrices
892 1742 117 23 d'eugrais
1024 1741 85 22 azotés,
1125 1744 22 17 et

626 1770 21 18 la
658 1769 86 22 charge
757 1768 48 19 doit
818 1772 66 20 pe^er
896 1773 40 14 sur
949 1769 52 18 tous
1014 1768 33 20 les
1059 1768 88 23 Belges.

649 1794 19 20 4.
684 1793 147 23 Ajustement
848 1793 28 18 de
893 1794 21 19 la
932 1793 29 20 loi
976 1797 42 16 sur
1035 1794 20 19 le
1071 1794 45 19 bail
1133 1793 13 20 à

626 1819 79 21 ferme.
718 1820 60 19 Tout
792 1825 28 15 en
836 1820 133 22 respectant
983 1819 33 19 les
1030 1819 74 20 droits
1117 1820 32 19 du

625 1844 158 26 propriétaire.
797 1845 19 19 Il
830 1850 15 19 y
859 1851 14 14 a
888 1844 29 20 ici
931 1849 32 15 un
978 1844 80 20 devoir
1072 1844 27 20 de
1112 1850 28 14 so-

626 1870 91 20 lidarité
729 1870 109 24 agricole.
852 1871 19 19 Il
884 1875 35 17 est
932 1869 114 22 criminel,
1059 1874 90 16 comme

624 1897 21 18 le
666 1898 50 19 font
738 1896 108 21 certains,
866 1899 99 17 souvent
986 1895 162 21 inconscients,

626 1922 27 19 dc
669 1922 89 20 vouloir
771 1922 15 21 à
800 1923 51 18 tout
865 1922 50 23 prix
929 1920 108 24 acquérir
1051 1922 22 18 la
1086 1922 62 17 terre

619 1947 31 20 du
662 1947 75 20 voisin
749 1949 22 17 et
783 1947 93 20 d'offrir
887 1948 39 18 des
938 1947 51 23 prix
1000 1947 46 22 qui,
1057 1947 92 22 jamais,

626 1976 27 17 no
672 1974 163 21 rapporteront
854 1973 50 19 leur
923 1971 84 20 intérêt
1026 1972 97 19 normal.

651 1998 18 19 5.
683 1997 40 20 Loi
738 2002 40 15 eur
792 1999 22 20 îo
827 1998 89 18 chasse.

649 2030 35 19 On
699 2037 13 14 a
729 2031 19 18 le
762 2031 59 19 droit
838 2030 28 19 de
878 2030 115 18 s'amuser
1006 2030 25 18 et
1044 2030 29 18 de
1087 2029 59 19 faire

625 2055 30 20 du
673 2057 71 21 sport,
762 2056 59 19 mais
839 2056 20 18 le
876 2055 74 23 gibier
968 2055 50 20 nuit
1035 2060 31 14 au
1082 2055 57 19 culti-

624 2083 83 19 vateur
727 2081 57 20 d-ent
805 2079 102 22 l'intérêt
928 2082 35 18 est
984 2080 70 23 digne
1076 2080 72 19 d'être

623 2107 48 23 pris
685 2112 29 14 en
729 2105 180 22 considération.

647 2133 13 18 6
682 2131 106 22 L'Office
804 2132 29 19 du
851 2132 57 20 Lait.

651 2158 49 20 Peu
715 2158 28 20 de
759 2157 149 21 réalisations
922 2156 114 24 jusqu'ici.
1051 2156 47 20 Son
1113 2156 29 20 ob-

624 2183 68 24 jectif
710 2184 113 24 principal
841 2184 47 20 doit
906 2183 50 21 être
975 2188 6 15 :
1001 2183 112 20 valoriser
1130 2183 21 19 le

626 2210 52 19 litre
695 2210 27 18 de
740 2209 40 19 lait
796 2209 52 20 sain
865 2208 107 23 complet.
987 2208 68 19 Cette
1071 2207 81 20 valeur

625 2238 34 16 est
676 2234 136 24 supérieure
828 2234 15 20 à
859 2239 26 14 ce
901 2234 83 24 qu'elle
1001 2234 36 22 est
1053 2234 89 18 mainte-

624 2262 64 19 nant,
703 2259 120 21 L'oriteur
837 2259 120 25 préconise
972 2260 23 18 la
1009 2259 141 20 fabrication

624 2291 29 14 en
669 2285 111 24 Belgique
794 2287 29 18 de
839 2285 87 25 poudre
940 2286 29 19 de
984 2284 49 25 tait,
1049 2289 57 18 pour
1120 2285 22 19 la-

623 2312 75 23 quelle
730 2316 58 15 nous
819 2315 103 16 sommes
953 2311 137 19 tributaires
1121 2310 29 19 de

624 2336 132 24 l'étranger.

650 2363 18 19 7.
685 2362 109 21 Cnéatlon
811 2362 55 19 d'un
882 2361 98 21 Institut
995 2361 113 20 National
1122 2360 29 21 dc

623 2388 80 20 Crédit
723 2388 114 24 Agricole,
857 2386 129 24 prévoyant
1004 2386 41 19 des
1064 2387 87 20 courts,

622 2417 99 21 moyens
735 2418 24 16 et
774 2414 65 23 longs
855 2414 86 17 termes
955 2412 16 19 à
984 2413 56 18 taux
1055 2411 96 20 réduits.

624 2439 36 20 Or.
680 2438 29 21 l'a
729 2444 22 14 ci
757 2437 26 21 éé
803 2444 57 18 pour
879 2439 33 18 les
931 2437 105 20 ouvriers
1056 2437 27 19 de
1102 2437 39 19 l'in-

626 2465 96 21 dustrie,
744 2470 30 14 on
795 2470 15 14 a
832 2464 72 23 songé
926 2463 15 20 à
962 2463 23 20 la
1006 2461 72 27 petite
1101 2468 43 19 pro-

627 2489 74 25 priété
724 2490 125 19 terrienne.
871 2489 62 20 C'est
956 2493 45 14 une
1024 2487 47 20 très
1094 2488 58 19 belle

628 2520 79 14 œuvre
722 2516 39 22 qui
776 2515 73 19 serait
864 2515 50 18 tout
930 2516 63 18 au^si
1008 2514 58 19 belle
1080 2514 73 23 nppïi-

629 2540 58 25 qLéc
703 2545 45 14 aux
764 2540 163 24 agriculteurs.

653 2567 20 18 A
689 2567 51 20 vrai
756 2566 49 21 dire
822 2567 14 19 U
852 2570 29 14 en
897 2565 73 20 existe
985 2569 32 15 un
1034 2564 117 23 embryon,

629 2593 60 19 mais
708 2597 27 14 sa
754 2592 105 19 dotation
880 2591 159 21 insuffisante,
1059 2590 24 18 15
1103 2589 40 20 mil-

629 2617 65 22 lions,
707 2617 125 23 l'empêche
846 2617 27 18 de
887 2616 113 24 répondre
1014 2621 29 14 au
1057 2616 41 18 but
1111 2615 39 23 qui

629 2642 32 21 lui
683 2647 17 15 a
722 2642 36 21 été
781 2641 100 25 assigné.
905 2643 18 19 Il
948 2642 52 19 faut
1022 2642 128 18 soustraire

629 2669 6 19 1
644 2668 142 23 agriculture
804 2667 16 20 à
838 2668 22 19 la
879 2669 103 21 rapacité
1002 2668 27 19 de
1049 2667 102 20 certains

629 2694 112 23 préteurs.
760 2701 12 13 <
787 2693 35 19 En
841 2693 125 19 attendant
983 2698 38 14 ces
1040 2697 111 17 mesures,

629 2724 58 16 nous
705 2720 79 18 disons
801 2719 54 22 qu'il
874 2720 50 20 faut
943 2720 20 18 le
980 2718 114 20 maintien
1112 2718 31 19 ab-

627 2745 50 18 solu
693 2745 27 19 de
736 2745 68 20 celles
818 2745 39 23 qui
872 2748 42 15 ont
928 2743 36 20 été
979 2745 75 22 prises
1069 2745 81 18 contre

626 2772 52 17 tous
693 2771 32 18 les
740 2770 131 23 dump'ngs.
885 2770 86 19 directs
986 2775 29 14 ou
1031 2770 117 18 indirects.

624 2796 135 19 Protection
777 2796 108 22 agricole,
903 2800 56 19 non;
980 2794 101 21 défense,
1099 2795 48 21 oui;

624 2825 62 15 nous
702 2826 102 16 sommes
822 2822 33 18 les
873 2821 112 23 premiers
1002 2821 42 19 dr-s
1063 2821 86 18 classes

626 2841 135 30 moyennes.
765 2853 36 19 >„,

654 2880 36 18 En
708 2880 46 17 tas
778 2878 27 20 de
828 2882 85 20 guerre
936 2878 39 23 qui
998 2877 109 20 nourrira
1129 2876 21 20 le

628 2904 72 25 paye?

654 2929 66 20 Donc
739 2930 23 20 la
780 2929 110 25 politique
908 2929 101 23 agricole
1028 2930 36 18 est
1083 2929 62 19 indis-

629 2954 108 25 pensable
758 2960 28 14 en
806 2955 109 23 Belgique
935 2957 23 18 et
977 2954 40 20 dès
1036 2955 20 18 le
1075 2955 76 23 temps

629 2981 27 19 de
677 2980 59 24 paix,
755 2981 21 18 le
797 2981 182 22 gouvernement
998 2980 50 19 doit
1067 2980 85 19 mettre

629 3005 156 24 l'agriculture
799 3010 27 14 en
840 3007 49 19 état
902 3005 27 19 de
943 3006 108 22 produire
1064 3006 51 23 plus
1128 3007 24 19 et

630 3031 82 19 mieux.
730 3031 18 19 Il
768 3036 28 14 ne
816 3031 50 19 faut
885 3036 41 17 pas
944 3031 66 22 qu'en
1029 3030 76 24 temps
1123 3031 28 18 de

629 3061 83 19 guerre
731 3061 58 14 nous
807 3057 97 22 voyions
921 3057 55 18 chez
994 3061 58 14 nous
1070 3056 33 20 les
1120 3056 23 20 vi-

628 3086 69 20 sages
715 3081 109 21 affamés.

656 3107 30 21 Ai.
708 3107 133 24 Criquelion
864 3108 34 19 dit
920 3112 90 17 encore,
1033 3116 11 10 <«
1059 3107 23 19 la
1104 3112 41 18 pre-

628 3133 70 22 mière
714 3132 87 25 qualité
818 3134 52 19 d'un
886 3137 149 19 programme
1049 3133 101 23 agricole

626 3161 35 18 est
674 3159 71 19 d'être
757 3158 119 24 équilibré.
887 3159 20 20 II
920 3159 51 20 faut
982 3163 46 15 une
1040 3159 110 24 politique

626 3185 27 19 de
670 3184 102 19 stabilité
789 3188 23 17 et
828 3189 26 14 ce
872 3185 57 20 n'est
947 3184 99 23 possible
1063 3189 44 18 que
1122 3184 28 21 si,

1174 1581 16 19 à
1204 1581 23 19 la
1241 1581 54 19 base
1310 1581 28 18 de
1352 1581 61 19 cette
1427 1579 112 24 politique
1553 1578 116 25 générale,
1684 1579 15 19 U

1172 1612 16 18 y
1198 1613 14 13 a
1223 1608 23 19 la
1256 1605 151 20 valorisation
1419 1605 28 19 de
1458 1606 78 18 toutes
1546 1606 35 18 les
1591 1603 110 24 céréales,

1175 1635 23 18 et
1211 1637 29 16 en
1255 1633 48 19 tout
1319 1631 100 23 premier
1433 1631 54 19 Heu:
1503 1633 20 18 le
1537 1630 111 20 froment.

1200 1658 30 20 I^e
1246 1657 117 25 président
1378 1656 41 19 des
1434 1656 26 19 U.
1475 1657 25 19 P.
1515 1657 25 19 A.
1555 1657 100 19 termine
1670 1661 29 15 en

1175 1683 89 18 oifrant
1284 1682 84 24 l'appui
1386 1682 42 18 des
1445 1681 26 19 U.
1489 1681 24 19 P.
1532 1682 21 18 A
1569 1686 37 15 .au
1621 1681 73 20 minis-

1175 1708 36 18 tre
1239 1707 28 19 de
1292 1707 171 22 l'Agriculture,
1489 1707 53 24 quel
1568 1706 55 25 qu'il
1649 1707 53 19 solL

1174 1732 60 19 Mais
1250 1733 14 18 il
1282 1732 51 19 faut
1350 1736 30 15 un
1397 1731 121 21 ministère
1533 1733 133 19 autonome.
1681 1732 19 20 Il

1175 1762 28 14 ne
1222 1757 50 19 fout
1290 1757 52 22 plus
1357 1761 31 19 qu
1420 1757 33 19 les
1471 1755 99 22 intérêts
1587 1757 115 24 agricoles

1175 1782 74 19 scient
1266 1780 71 21 mélôs
1353 1786 45 14 aux
1415 1782 99 18 affaires
1530 1781 172 25 économiques.

1175 1807 17 19 Il
1209 1807 51 18 faut
1276 1811 30 14 un
1322 1805 121 20 ministère
1458 1806 28 20 de
1498 1806 166 24 l'Agriculture
1678 1807 24 20 et

1174 1832 49 18 rien
1245 1835 44 18 que
1310 1832 28 19 de
1360 1831 170 23 l'Agriculture.

1203 1854 27 22 Et
1249 1861 57 18 pour
1321 1856 62 21 finir,
1397 1856 111 21 l'orateur
1522 1856 77 20 donne
1613 1858 88 19 lecture

1175 1883 54 17 u'un
1249 1880 152 25 télégramme
1421 1881 88 24 envoyé
1528 1887 44 19 par
1589 1882 23 19 la
1630 1882 26 22 F.
1674 1882 28 20 N.

1174 1905 40 20 des
1230 1904 26 21 U.
1273 1906 24 20 P.
1314 1906 25 18 A.
1355 1910 30 14 au
1402 1906 44 19 Rji
1461 1905 102 24 Léopoid
1578 1907 42 20 III.
1635 1907 66 21 Voici

1174 1931 21 18 lr»
1213 1932 63 17 texte
1294 1931 27 18 de
1340 1935 25 15 ce
1382 1930 54 20 tôlr-
1446 1936 99 15 ramme;

1249 1954 59 24 Sire,

1196 1979 44 22 Les
1263 1980 112 24 Paysans*
1394 1982 117 19 membres
1531 1983 41 19 des
1592 1988 11 13 «
1613 1983 88 19 Unions

1172 2005 210 22 Professionnelles
1406 2006 121 23 Agricoles
1535 2013 11 12 »
1570 2007 29 19 de
1624 2007 66 23 Belgi-

1172 2035 52 18 que,
1244 2030 79 20 réuni*
1342 2037 26 13 ce
1387 2032 115 19 mercredi
1522 2034 24 18 IS
1566 2033 88 22 février
1673 2038 28 13 en

1171 2055 104 24 Congrès
1299 2057 186 19 extraordinaire
1513 2063 32 13 au
1568 2058 79 21 Palais
1669 2059 30 17 du

1175 2081 140 19 Centenaire
1334 2084 110 17 assurent
1464 2082 72 19 Votre
1554 2082 100 23 Majesté
1673 2082 29 18 de

1173 2106 51 18 leur
1245 2106 160 18 inébranlable
1427 2106 96 23 fidélité.

1200 2132 35 18 An
1251 2135 69 15 cours
1335 2132 41 18 des
1391 2132 88 20 années
1495 2134 51 17 19S7
1561 2133 23 19 et
1600 2134 58 21 ISHSxy
1672 2133 30 19 Us

1173 2158 41 16 ont
1232 2157 36 18 été
1285 2157 108 18 victimes
1411 2156 68 20 d'une
1495 2158 61 18 crise
1572 2162 73 18 grave
1660 2158 42 18 des

1173 2181 106 24 produits
1301 2182 115 23 agricoles
1440 2187 7 15 ;
1469 2183 34 18 les
1523 2183 52 23 prix
1596 2183 41 20 des
1664 2184 27 18 cé-

1173 2206 84 21 réales,
1274 2206 41 21 des
1335 2207 112 20 chevaux,
1466 2207 29 18 du
1517 2208 70 17 bétail
1604 2212 25 14 se.
1648 2208 54 18 sont

1173 2229 77 21 avilis,
1273 2230 22 18 la
1319 2231 87 19 récolte
1431 2230 42 19 des
1497 2231 132 19 betteraves
1660 2236 39 14 su-

1173 2257 87 17 crifires
1281 2261 13 13 a
1315 2257 37 18 été
1372 2257 127 21 fortement
1520 2257 139 22 deficitaiie,
1679 2256 21 18 la

1172 2282 122 17 stomatite
1317 2282 114 22 aphteuse
1453 2287 16 13 a
1491 2282 70 18 causé
1583 2283 25 17 et
1629 2286 71 13 cause

1174 2310 85 15 encore
1275 2306 41 20 des
1333 2311 98 18 ravages
1446 2307 107 19 énormes
1569 2306 40 22 Jes
1625 2306 77 23 gelées

1174 2331 29 19 de
1217 2331 122 20 dé.rejnhrc
1354 2333 41 17 ont
1408 2332 96 17 anéanti
1520 2333 51 17 tous
1583 2331 33 20 les
1630 2332 72 18 semis

1174 2355 173 23 d'escourgeon,
1361 2361 99 18 presque
1475 2358 52 16 tons
1540 2360 58 14 ceux
1612 2356 29 19 de
1654 2357 38 21 fro-

1174 2382 64 17 ment
1256 2383 22 17 et
1295 2381 29 19 de
1340 2381 47 18 très
1403 2381 151 18 nombreuses
1570 2381 131 23 provisions

1176 2405 88 19 d'hiver
1285 2406 28 19 de
1334 2407 64 17 toute
1419 2406 87 18 nature.

1201 2429 31 18 La
1257 2430 112 18 situation
1393 2430 29 18 de
1446 2428 162 24 l'Agriculture
1634 2429 65 21 belge

1173 2456 37 17 est
1232 2455 113 18 vraimrnt
1369 2456 98 20 rritiq.ue
1490 2456 22 17 et
1534 2455 101 18 réclame
1658 2454 41 19 des

1175 2484 104 15 mesures
1300 2479 193 24 exceptionnelles
1515 2480 28 17 ds
1565 2480 134 21 sauvetage.

1202 2505 43 21 Les
1262 2505 106 21 Pajisans
1387 2505 76 21 belges
1479 2504 140 19 demandent
1636 2504 14 18 à
1670 2504 30 18 Ba

1179 2529 99 22 Majesté
1298 2529 21 18 le
1341 2529 43 18 Roi
1404 2528 100 22 Lcopold
1525 2528 35 18 III
1579 2528 29 18 de
1629 2528 63 17 main-

1178 2556 60 17 tenir
1255 2560 31 13 un
1304 2555 120 18 Ministère
1441 2554 28 20 de
1487 2554 163 21 l'Agriculture
1668 2554 34 18 in-

1177 2579 131 22 dt-penfUint
1330 2581 22 16 rt
1373 2579 28 18 de
1420 2579 61 22 faire
1499 2578 66 19 choix
1587 2578 53 18 d'un
1661 2578 34 18 mi-

1176 2604 73 18 nistre
1262 2604 28 18 de
1303 2603 162 22 l'Agriculture
1485 2603 151 18 connaissant
1651 2603 42 23 spé-

1175 2628 123 19 cialement
1319 2629 22 18 la
1362 2629 113 18 situation
1495 2628 28 18 de
1544 2632 42 14 nos
1608 2632 93 18 t-ampa-

1176 2658 57 17 gnes
1251 2655 23 17 et
1292 2653 80 18 décidé
1390 2653 14 18 à
1422 2651 112 20 défendre
1552 2656 30 14 au
1601 2653 49 17 sein
1669 2653 32 18 du

1175 2678 186 18 Gouvernement
1380 2683 31 13 un
1432 2681 148 19 programme
1599 2677 101 23 cympl't

1175 2703 28 18 de
1226 2702 137 18 réno-'-ftion
1387 2702 56 19 aa-'i-

1388 2726 96 18 -♦*♦-

1234 2753 96 31 Mortel
1350 2752 117 31 accident
1488 2752 33 31 de
1543 2752 96 31 travail

1281 2796 66 31 dans
1362 2807 34 18 an
1411 2795 183 38 charbonnage

1273 2837 330 39 d'Eysden-Sanite'jBarht

1188 2909 46 20 (De
1254 2914 64 15 noire
1337 2909 185 22 correspondant
1540 2908 147 22 parti-tmlier)

1352 2940 160 21 Saint-Trond,
1535 2940 24 19 15
1581 2938 92 20 février.

1201 2965 37 19 Un
1259 2965 106 19 accident
1399 2965 83 19 mortel
1517 2964 55 20 s'est
1606 2964 92 22 ivoduit

1178 2989 58 19 dans
1258 2994 32 15 un
1311 2989 164 23 charbonnage
1499 2989 27 18 de
1549 2988 151 24 Eysden-Ste-

1179 3014 80 19 Barbe.
1286 3013 36 21 Un
1346 3013 145 23 surveillant,
1516 3013 22 20 J.
1564 3012 86 21 Leduk.
1674 3012 26 20 35

1177 3043 48 16 ans.
1246 3037 72 20 marié
1337 3039 23 18 et
1377 3037 53 23 père
1449 3039 26 18 de
1495 3038 95 19 famille,
1606 3038 93 18 ■c'emeu-

1177 3065 52 17 rant
1252 3068 30 14 au
1305 3063 100 19 hameau
1430 3064 28 18 de
1481 3063 125 23 Tuinwijk,
1628 3068 14 15 a
1664 3061 37 22 été

1177 3089 89 22 surpris
1287 3093 41 19 par
1350 3093 30 14 un
1400 3087 72 22 câble.
1493 3088 19 20 Il
1532 3093 15 14 a
1567 3086 36 21 été
1624 3089 68 18 trans-

1177 3112 66 24 porté
1262 3113 58 18 dans
1339 3117 45 14 une
1403 3113 100 22 clinique
1523 3111 29 20 où
1572 3112 44 20 l'on
1635 3118 13 14 s
1667 3111 31 20 dû

1177 3137 120 23 pratique.-
1330 3137 161 22 l'amputation
1523 3138 27 18 de
1581 3137 24 20 H
1636 3136 62 21 main

1177 3161 80 20 droite.
1281 3161 150 19 Néanmoins,
1454 3161 22 19 la
1498 3162 94 18 victime
1613 3166 15 15 a
1648 3166 42 15 suc-

1177 3185 80 20 comba
1276 3190 44 15 neu
1340 3185 74 23 nprès.

1377 3261 40 36 m
1434 3261 4 31 i

158 3320 175 99 UN
372 3322 271 99 BON
684 3322 549 103 CONSEIL

159 3465 236 77 faites,
442 3485 182 49 vous
660 3471 229 77 aussi,
934 3471 398 66 confiance

168 3594 137 69 au
352 3568 453 105 PALAIS
844 3576 143 97 du
1034 3576 215 97 VIN

1479 3230 187 23 IMMEUBLES

1489 3259 168 21 DEMANDES

1285 3654 43 37 n

237 3766 37 26 La
289 3768 121 24 Caissette
426 3768 152 30 publicitaire
594 3770 34 24 du
644 3770 121 27 PALAIS
779 3774 46 24 DU
840 3776 60 24 VIN
914 3784 37 19 est
963 3781 101 25 achetée
1077 3789 44 23 par
1134 3786 58 20 tous
1205 3787 24 20 et
1243 3786 88 21 trouve

179 3811 26 17 sa
218 3805 69 29 place
300 3806 61 24 dans
375 3806 94 29 chaque
483 3806 78 29 foyer.

235 3853 33 25 Sa
282 3853 121 24 diffusion
418 3854 84 30 rapide
516 3863 44 22 par
575 3855 99 24 milliers
690 3858 62 23 dans
766 3862 68 22 toute
848 3862 22 23 la
885 3863 176 32 BELGIQUE
1076 3873 37 19 est
1127 3870 23 23 la
1165 3874 60 19 note
1240 3876 80 17 encou-

175 3895 117 25 rageante
306 3891 42 30 qui
363 3899 64 17 nous
441 3893 116 25 conseille
572 3894 31 23 de
617 3894 152 30 persévérer.

233 3939 139 25 Découvrir
385 3941 62 24 dans
461 3949 28 17 ce
504 3941 91 26 coffret
609 3942 206 27 admirablement
833 3949 115 27 composé
967 3950 61 24 DIX
1047 3953 81 26 VINS
1147 3956 29 25 de
1195 3956 74 25 choix
1288 3958 43 23 des

171 3977 55 29 plus
240 3978 75 24 belles
329 3978 100 29 régions
441 3979 118 25 vinicoles
572 3981 31 24 de
617 3981 150 28 FRANCE,
784 3990 32 17 au
833 3983 55 31 prix
904 3986 30 25 de
951 3987 90 26 CENT
1059 3991 62 25 DIX
1141 3994 83 26 francs
1242 3995 87 24 franco

173 4017 69 23 toute
256 4016 24 23 la
296 4016 125 30 Belgique,
435 4017 136 30 emballage
586 4019 85 29 perdu,
689 4024 38 20 est
739 4027 51 17 une
801 4020 105 26 réussite
918 4024 106 29 inégalée
1036 4028 14 23 à
1062 4036 27 17 ce
1101 4030 64 29 jour.

230 4063 82 29 Aussi,
328 4072 64 23 pour
408 4072 63 18 vous
488 4071 134 25 permettre
638 4067 16 25 à
671 4072 72 21 votre
758 4073 59 20 tour
831 4069 149 30 d'apprécier
994 4074 23 24 la
1030 4076 76 25 classe
1119 4080 72 25 d'une
1206 4083 77 28 partie
1298 4084 30 22 de

171 4107 47 17 nos
233 4101 116 28 réserves,
365 4104 24 23 la
403 4103 78 26 caisse
496 4105 31 24 de
543 4105 64 24 DIX
623 4106 134 24 bouteilles
782 4107 32 23 de
839 4106 139 27 GRANDS
1004 4111 80 27 VINS
1110 4116 156 27 REPUTES
1293 4125 38 19 est

169 4139 129 29 présentée
315 4141 14 23 â
348 4145 70 21 toute
435 4150 125 23 personne
577 4144 44 29 qui
639 4150 31 17 en
687 4144 54 24 fera
758 4145 23 23 la
800 4145 121 24 demande
942 4147 151 30 (expédition
1112 4154 85 26 franco
1215 4159 113 24 domicile

171 4182 88 20 contre
273 4179 235 28 remboursement).

161 4244 10 30 1
188 4244 60 32 bout.
263 4245 143 34 BORDEAUX
420 4248 86 32 BLANC
522 4250 64 32 1937

160 4294 11 31 1
206 4305 18 19 »
258 4295 122 32 CHATEAU
399 4297 34 32 U
452 4298 156 33 MAZEROLIE
618 4300 62 32 1934

160 4343 10 32 1
206 4355 18 19 »
258 4345 122 32 CHATEAU
397 4347 102 32 CERONS
518 4349 63 31 1934

160 4393 10 30 1
206 4405 17 16 ->
258 4394 121 33 CHATEAU
397 4397 99 32 OMBRE
515 4399 63 31 1936

159 4442 11 31 1
205 4454 18 19 »
257 4443 122 34 CHATEAU
395 4446 38 32 Gd.
448 4447 24 31 St
487 4447 112 33 E5TEPHE
617 4449 63 31 1934

811 4251 11 31 I
839 4250 60 32 boni.
913 4251 121 34 CHATEAU
1048 4255 35 31 DU
1095 4257 86 33 GALAN
1197 4262 61 32 1926

811 4301 11 31 1
859 4312 18 18 »
912 4301 121 33 CHATEAU
1049 4304 67 33 PAPE
1133 4307 116 35 CLEMENT
1268 4314 60 32 1935

811 4351 11 31 1
858 4362 18 19 »
910 4351 54 31 Cote
980 4352 27 31 da
1024 4353 88 32 RHONE
1129 4357 61 31 1933

811 4401 10 31 1
858 4412 18 18 »
911 4401 101 31 MOULIN
1027 4402 18 30 A
1060 4403 67 31 VENT
1141 4406 63 32 1933

809 4450 12 31 1
857 4461 18 19 »
910 4450 189 33 CHATEAUNEUF
1115 4454 35 30 DU
1166 4455 68 33 PAPE
1252 4459 60 31 1933

1452 3318 88 16 DESinC
1556 3318 113 16 ACHETER
1686 3319 15 15 A

1452 3339 84 16 t'CCI.E.
1556 3338 10 16 7
1583 3343 24 11 m.
1628 3340 71 17 fa.;ai*.

1434 3353 5 24 |
1451 3359 11 15 S
1485 3363 17 11 ».
1527 3363 41 12 env.
1594 3360 42 15 Ecr.
1661 3359 39 17 137.

1434 3380 5 23 j
1450 3382 30 12 av.
1502 3380 55 15 Henri
1577 3380 122 17 Moereman».

1451 3399 77 18 Dilbeek
1636 3401 63 18 <S810)

1493 3459 162 29 COMMERCES

1450 3540 24 15 Pr
1487 3541 29 16 SE
1531 3542 107 16 Bi:Tinr.R
1655 3544 46 15 DES

1450 3561 120 16 AFFAIRES
1595 3564 51 15 orrr»
1669 3567 23 12 ex-

1449 3582 72 17 ception
1552 3583 114 18 Chapellerie
1688 3585 13 15 A

1450 3604 44 12 rem.
1520 3602 21 15 60
1565 3606 34 13 tins
1624 3604 74 16 d'exiat.

1450 3621 37 17 130,
1518 3625 13 13 r.
1561 3623 18 15 d'
1583 3624 115 18 Anderlecht,

1449 3642 54 15 Brux.
1634 3644 63 17 IS712)

1495 3708 158 25 PENSIONS

1446 3799 98 31 Château
1564 3799 42 32 des
1626 3801 73 31 Roses

1471 3834 104 18 ÏISTOL'X.
1593 3835 89 17 WAVHK

1447 3854 51 16 arr.H
1515 3855 25 16 du
1556 3855 41 17 bua,
1615 3859 23 12 en
1656 3856 42 16 face

1447 3875 22 15 fit
1496 3875 83 18 TERllse.
1609 3876 31 15 tel.
1669 3876 28 16 58.

1445 3895 49 16 Cure
1507 3896 48 14 d'air
1569 3896 18 16 et
1601 3896 23 16 de
1638 3900 59 15 repos.

1447 3915 21 15 25
1491 3916 18 15 et
1532 3916 23 16 30
1579 3917 50 17 (prix
1650 3917 40 16 d'hi-

1446 3936 49 16 ver).
1515 3936 58 16 Dîner
1591 3937 16 15 te
1625 3937 64 16 diman-

1445 3957 42 16 che;
1502 3956 21 17 15
1535 3957 25 16 fr.
1577 3957 55 19 (pot.,
1645 3958 53 16 hors-

1445 3976 89 19 d'eeuvre,
1557 3977 74 17 viande,
1654 3978 43 19 lftg.,

1446 3997 89 18 dessert».
1560 3997 22 16 17
1606 3998 31 17 fr.,
1662 4002 36 12 une

1445 4020 65 16 grosse
1523 4018 50 18 pièce
1586 4021 22 13 en
1623 4019 47 18 plus,
1686 4019 12 15 *

1445 4038 106 17 discrétion.
1633 4040 62 15 isyii8>

392 4542 149 67 Dès
578 4546 525 69 maintenant...

158 4668 21 21 "
208 4664 83 65 NOS
328 4668 229 63 BORDEAUX
594 4652 267 83 SUPÉRIEURS
904 4672 143 63 BLANC
1078 4676 37 59 et
1142 4674 143 65 ROUGE
1314 4728 21 21 „

154 4760 58 19 «ont
219 4763 31 17 en
258 4762 73 19 vente
339 4759 63 24 dans
410 4762 85 21 toutes
502 4760 37 24 les
546 4761 97 24 bonnes
655 4763 111 25 maisons
776 4763 197 25 d'alimentation
984 4769 25 19 et
1020 4764 118 29 épiceries
1148 4765 31 24 de
1191 4765 135 28 Bruxelles.

160 4836 219 85 BELGES
396 4840 195 81 BUVEZ
614 4844 69 79 du
708 4844 321 83 BORDEAUX
1048 4846 59 81 et
1122 4848 215 81 surtout

400 4956 215 83 EXIGEZ
650 4962 127 89 qu'il
812 4964 113 79 soit
956 4964 131 81 do...

163 5114 167 31 Dépositaires
352 5121 137 29 régionaux
513 5132 60 17 avec
596 5126 74 23 exclu-

163 5158 68 26 sivité
251 5169 59 18 sont
329 5165 132 27 demandés
482 5169 63 25 dans
565 5173 72 21 toute
657 5171 24 23 U

356 5208 125 33 Belgique.

907 5114 188 54 PALAIS
1121 5115 69 54 DU
1212 5116 85 52 VIN

873 5189 36 28 6o,
924 5189 54 24 Rue
992 5190 44 23 des
1050 5189 140 28 Tanneurs,
1204 5189 130 23 Bruxelles

874 5225 158 30 Téléphones
1053 5234 7 16 :
1080 5227 100 28 1341.38
1196 5231 24 20 et
1236 5233 100 22 1341.40

367 5302 190 51 Salon
590 5310 81 43 de
702 5310 402 54 dégustation

233 5365 37 41 à
302 5364 56 44 la
390 5368 378 57 disposition
804 5377 117 43 des
957 5380 299 44 visiteurs

1461 4101 82 26 FFRES
1556 4098 122 28 D'EMPLOI

1471 4171 79 17 PLACE
1569 4171 102 17 REFRRS.

1446 4192 52 18 Vins,
1524 4192 73 17 Portos,
1623 4192 75 16 Orande

1446 4212 50 18 Fine,
1522 4213 72 19 dlspon.
1618 4212 79 19 Spécial,

1445 4235 22 15 pr
1481 4233 20 16 la
1515 4234 63 17 reirton
1593 4233 33 16 dea
1641 4233 47 16 Flan-

1443 4253 49 18 dres,
1516 4254 32 16 St*
1570 4255 46 15 Ame
1636 4254 58 16 M.-O.

1445 4273 63 17 Laflte
1525 4275 19 15 et
1559 4274 39 16 Cie.
1616 4274 46 16 Fixe
1678 4275 19 15 et

1445 4295 83 15 roairnli.
1558 4295 77 15 suivant
1665 4298 25 14 ap-

1445 4316 42 16 port
1512 4315 63 16 client,
1603 4319 23 12 ou
1655 4318 40 15 pas.

1445 4334 45 16 Ttes
1516 4336 78 16 fournit,
1621 4337 74 17 garant.

1445 4355 135 17 indéfiniment.
1604 4357 92 15 S'adresi.

1445 4375 61 18 Dépôt
1524 4376 69 17 Lafite.
1615 4377 29 17 «7,
1665 4380 32 12 rue

1443 4396 122 19 Américaine,
1593 4397 102 16 Bruxelles.

1620 4417 75 18 (19389)

1495 4491 152 24 DIVERSES

1482 4568 177 33 MARIEZ-VOUS

1431 4612 5 30 j
1446 4614 64 19 selon
1558 4620 27 14 vo
1585 4625 12 13 fi
1620 4616 76 24 goûts.

1448 4639 64 20 Dem.
1536 4641 50 18 doc
1611 4643 22 17 et
1659 4642 37 19 lte-

1446 4666 23 17 te
1488 4665 39 19 400
1546 4667 79 23 partis,
1646 4669 42 18 tou-

1447 4690 35 18 tes
1503 4691 132 22 situations,
1658 4697 29 16 en-

1447 4714 71 23 voyée
1550 4719 58 20 grat.
1641 4721 53 17 sou>

1447 4739 31 23 pli
1508 4740 80 21 fermé.
1620 4743 74 20 Discr.

1447 4766 111 20 garantis.
1580 4767 59 22 Très
1662 4767 26 21 sé-

1448 4788 69 20 rieux.
1548 4791 51 20 Ecr.
1630 4793 66 20 Boite

1447 4813 91 22 Postale
1555 4816 31 20 23.
1603 4817 93 20 Charle-

1448 4838 40 19 roL
1621 4843 73 20 (7837)

2006 606 241 105 robe
2264 598 385 115 nom
2688 606 193 123 QUE
2908 608 113 99 tu
3136 600 93 127 y

2008 772 127 115 as
2186 768 231 115 mise
2458 770 369 113 mm
2892 730 297 163 Wmi

2022 902 101 57 "*
2234 926 29 33 *
2326 930 281 139 UN4E
2652 938 241 113 SALE
2934 936 19 89 I
3180 964 3 3 '

2220 1290 81 26 MAIS.
2312 1288 104 25 MAMAN

2112 1332 30 25 JE
2167 1332 39 24 NE
2231 1330 61 25 PUIS
2316 1330 86 25 AUEB

2068 1374 40 24 A0
2133 1372 104 25 TENNIS
2264 1371 72 25 AVEC
2358 1369 55 26 UNE

1967 1414 74 27 ROBE
2062 1414 47 27 001
2135 1409 77 29 N'EST
2233 1413 46 25 PAS
2303 1402 131 34 FRAÎCHE.

1973 1455 69 25 ELLE
2065 1456 35 24 NE
2125 1454 68 25 SENT
2219 1452 83 24 MEME
2329 1451 50 25 PAS

2036 1494 34 25 LE
2097 1493 81 25 RIAIS

2292 2813 33 27 JE
2350 2814 62 27 SUIS
2438 2813 65 28 BIEN
2526 2813 145 27 CONTENTE

1968 2839 34 56 (g
2050 2841 42 42 V?
2110 2841 21 15 *
2134 2838 56 61 £f
2293 2851 112 29 P'AVOlS
2427 2847 108 34 AP0PTÉ
2565 2851 153 33 SOHLWHT

2055 2898 49 42 ^
2116 2880 60 42 --J
2292 2896 81 26 POUR
2396 2894 70 28 TOUT
2486 2897 64 24 MON
2574 2895 174 31 LESSIVAGE!

2117 2939 29 20 r
2292 2934 162 34 Sunlight,
2469 2931 18 32 À
2511 2938 34 26 la
2565 2939 61 26 fois
2648 2940 75 25 poux
2742 2941 36 24 et

1957 2980 151 30 EFFICACE,
2124 2980 69 26 LAVE
2218 2971 19 35 À
2259 2979 77 27 F0NP
2359 2979 36 27 ET
2418 2979 68 26 FAIT
2511 2971 196 36 APPARAÎTRE

1955 3022 37 26 LA
2018 3022 187 27 BLANCHEUR
2228 3021 170 28 NATURELLE
2426 3022 39 27 PU
2487 3021 87 28 LlN£E
2588 3041 7 7 .
2611 3023 38 26 PE
2674 3023 85 33 PLUS,

1954 3067 30 22 IL
2005 3063 66 25 FAIT
2098 3062 165 28 MERVEILLE
2293 3063 78 26 POUR
2396 3063 52 25 LES
2472 3062 106 26 OBJETS
2600 3063 35 26 Pf
2653 3064 127 26 COULEUR

1954 3106 38 27 ET
2015 3099 153 36 IMPRÈGNE
2194 3105 71 26 TOUT
2286 3105 66 26 MON
2371 3104 83 28 LINGE
2479 3098 91 33 P'UNE
2594 3103 102 28 0PEUR

1955 3139 132 34 FRAÎCHE
2114 3144 40 30 ET
2171 3145 116 29 POUCE.

2880 2816 71 50 NE
2984 2818 166 46 COUTS
3192 2820 123 48 PLUS
3356 2821 97 51 QUE

2887 2971 116 70 FR.

2888 3124 61 50 LE
2982 3123 160 48 CARfC

3032 2888 133 213 2

3958 2963 5 19 i
3982 2982 4 4 .

1974 3224 957 111 SUNLIGHT
3084 3228 473 109 SAVO

2095 3346 143 49 FAIT
2283 3348 318 49 RENAITRE
2657 3353 74 45 LA
2779 3353 380 46 BLANCHEUR
3209 3352 364 48 NATURELLE

3311 3430 149 19 SAVONNERIES
3473 3431 64 19 LEVER
3551 3431 79 19 FRERES.
3643 3432 120 20 BgUXELUJ

1801 3599 94 41 LA
1960 3600 127 42 VIE
2146 3603 575 44 BRUXELLOISE

2197 3665 121 21 —>»*>-

1434 4926 249 27 ►lACHlNeiCALCUieP

1434 4947 247 44 CORONA

1433 4982 163 38 ImprimanjéJI
1607 4992 76 21 neuvb

1433 5016 42 37 90
1478 5005 209 71 '«JÉK«r

1608 5124 76 19 GtUKTIl

1614 5146 12 20 2
1641 5154 38 13 *.N»

1433 5165 93 17 Catalogue
1531 5171 18 12 et
1555 5169 54 17 MM

1454 5182 71 14 ■WATWi
1539 5185 9 12 S
1548 5186 22 11 ua
1577 5187 72 14 btHAKDl

1433 5198 62 24 Ets.
1509 5199 179 30 hermant

1434 5229 48 16 IO/.
1492 5227 198 24 Bould.ANSPAÇH
1706 5234 4 17 I

1861 3703 81 21 GALA
1958 3705 153 21 POLONAIS

1748 3742 51 21 Une
1820 3743 75 22 soirée
1916 3746 28 20 d«
1965 3746 54 23 gaJa
2040 3751 58 15 aura
2118 3747 53 23 lieu,
2193 3753 54 15 sous

1723 3768 20 19 le
1761 3769 58 20 haut
1837 3772 130 22 patronage
1984 3771 30 20 du
2033 3772 106 22 mlntetre
2159 3774 27 19 de
2206 3774 33 19 Po-

1722 3793 67 25 logne
1803 3796 16 20 à
1833 3796 127 22 Bruxelle*.
1975 3796 59 20 dans
2050 3798 22 18 la
2086 3799 88 23 grande
2189 3800 57 21 salle

1723 3821 29 19 du
1770 3821 78 19 Palais
1865 3822 42 19 des
1922 3822 152 23 Beaux-Arts,
2091 3825 21 20 le
2129 3825 75 19 mardi
2221 3826 27 19 28

1723 3844 87 22 février
1825 3846 16 20 à
1857 3848 26 19 20
1900 3847 21 20 h.
1938 3848 32 19 45.

1748 3871 31 20 C«
1795 3877 54 17 sera
1866 3878 45 16 une
1928 3873 177 23 manifestation
2124 3874 48 22 très
2189 3876 49 20 inté-

1723 3899 105 18 ressante
1844 3899 28 18 de
1889 3900 22 19 la
1927 3898 112 24 musique,
2055 3900 28 20 de
2099 3901 53 20 l'art
2167 3901 71 21 choré-

1722 3923 129 24 graphique
1870 3925 25 19 €t
1914 3924 30 20 du
1964 3925 100 21 folklore
2084 3926 111 23 polonais.
2215 3928 31 19 Le

1723 3947 89 22 célèbre
1833 3950 76 20 Ballet
1928 3950 28 19 de
1976 3950 112 21 Varsovie
2108 3956 16 19 y
2143 3952 104 21 donnera

1723 3978 31 14 un
1769 3974 86 25 unique
1870 3974 81 22 récital
1967 3975 28 20 de
2011 3976 78 20 danfie.

1763 4026 45 22 AU
1824 4028 138 21 SOUTIEN
1980 4028 43 21 DE
2041 4030 159 22 ST-GILLES

1743 4059 32 20 Le
1793 4061 76 23 grand
1888 4061 58 20 «bal
1966 4062 117 20 travesti»
2102 4064 29 19 du
2151 4065 95 18 Soutien

1719 4083 28 20 d*3
1766 4085 148 20 Saint-Gilles
1932 4091 60 14 aura
2010 4087 47 20 lieu
2075 4093 20 14 ie
2112 4089 89 20 samedi
2222 4089 26 19 26

1719 4108 93 24 février,
1829 4110 17 21 à
1863 4111 24 19 la
1905 4111 137 20 Madeleine.

1745 4140 31 20 Ce
1807 4146 55 16 sera
1892 4142 61 21 l'une
1984 4142 41 20 dea
2056 4144 191 20 manifestations

1719 4165 219 26 philanthropiques
1961 4167 35 19 les
2018 4168 53 24 plus
2094 4168 102 21 réussies
2219 4169 28 19 de

1721 4189 23 20 la
1769 4191 87 20 saison.
1887 4191 122 21 Plusieurs
2034 4192 110 21 numéros
2169 4198 68 15 sensa-

1719 4215 101 21 tionnels
1836 4220 82 17 seront
1935 4216 108 20 exécuté*
2061 4222 43 18 par
2122 4218 40 20 des
2180 4219 60 19 artis-

1720 4240 36 22 tes
1774 4241 27 19 de
1820 4241 81 22 talent,
1920 4243 21 17 ;■»
1959 4241 76 20 Eallct
2052 4242 74 20 Bl-,n'.
2144 4243 30 19 du
2192 4243 47 19 Sou-

1719 4265 48 19 tien
1790 4265 29 19 de
1840 4266 108 20 St-GU'ft.T
1969 4270 25 16 so
2016 4267 110 22 proOi.ra
2149 4273 12 14 s
2185 4269 61 18 cette

1719 4290 117 19 occasion.
1860 4291 32 20 Le
1915 4290 38 20 bai
1978 4294 54 16 sera
2063 4292 110 20 conduite
2205 4296 43 18 par

1718 4314 136 22 l'orchestre
1889 4314 82 25 réputé
2002 4322 14 11 •
2023 4315 114 24 Packay's
2168 4317 79 22 Swinp

1718 4339 119 24 Academy
1845 4341 56 19 ».Au
1921 4340 79 20 micro,
2019 4339 146 22 l'humoriste
2186 4341 52 19 Mar-

1719 4364 34 20 cel
1773 4365 107 20 Antoine.
1897 4365 37 20 Un
1951 4368 114 15 concours
2083 4365 28 20 de
2130 4366 118 20 travestis,

1718 4388 54 21 doté
1787 4389 27 20 de
1828 4390 116 23 plusieurs
1959 4388 52 24 prix
2025 4389 147 23 Importants,
2187 4394 58 15 aura

1717 4414 48 20 Heu
1781 4419 32 15 au
1831 4419 70 15 cours
1920 4414 29 19 de
1967 4413 24 19 la
2006 4413 82 20 soirée.
2107 4415 44 20 Les
2171 4415 74 19 tables

1718 4439 104 23 peuvent
1846 4438 49 20 être
1921 4437 119 21 réservées
2070 4443 31 15 au
2125 4439 58 20 local
2216 4440 31 19 du

1719 4464 104 23 Soutien,
1848 4464 20 21 5,
1892 4461 114 21 chaussée
2033 4462 166 26 d'Alsembcrg,
2231 4462 15 21 à

1718 4488 116 24 St-Gllles,
1860 4487 123 24 téléphone
2008 4486 97 21 37.07.40.

1743 4519 88 21 Entrée
1848 4518 109 25 générale
1978 4523 5 14 :
2004 4518 13 18 5
2034 4519 88 19 francs.

1729 4565 45 21 UN
1793 4563 175 23 SPECTACLE
1986 4563 44 19 DE
2049 4564 39 19 LA
2107 4565 126 20 TROUPE

1757 4590 59 19 DES
1833 4587 158 21 MATINEES
2007 4587 200 22 ENFANTINES

1742 4614 45 20 DE
1802 4612 89 21 RENE
1906 4612 42 20 DE
1963 4611 69 20 MAN
2049 4613 39 20 AU
2104 4614 115 19 PROI^T

1783 4638 43 19 DE
1841 4636 143 20 I/ŒUVRK
1999 4635 59 21 DES
2073 4637 107 21 MERES

1911 4661 143 20 PAUVRES

1742 4687 38 20 Un
1798 4687 75 22 grand
1891 4686 55 22 gala
1963 4684 28 23 de
2008 4685 160 22 bien/aisance
2187 4692 59 17 pour

1717 4711 24 19 la
1754 4711 107 22 jeunesse
1874 4715 59 15 aura
1946 4710 45 19 lieu
2004 4710 21 20 le
2038 4711 123 21 dimanche
2174 4711 27 21 26
2212 4711 24 20 fé-

1718 4734 68 22 vrier,
1802 4734 16 20 à
1833 4735 26 18 15
1875 4734 28 22 h.,
1920 4734 60 19 dans
1996 4733 23 20 la
2034 4735 58 20 salle
2107 4736 30 20 de
2153 4735 92 19 l'Union

1716 4759 126 21 Coloniale,
1856 4758 32 21 34.
1904 4763 42 15 rue
1961 4757 15 18 d
1977 4766 13 14 e
2006 4757 111 21 Stassart.
2133 4760 35 19 La
2183 4761 53 18 trou-

1717 4788 30 17 pe
1766 4784 42 20 des
1828 4782 117 21 Matinées
1966 4781 142 23 Enfantines
2129 4785 29 19 de
2179 4783 66 21 René

1717 4808 29 19 de
1762 4807 57 20 Man
1835 4808 54 22 joue
1904 4812 31 14 au
1951 4806 74 22 profit
2039 4808 29 20 de
2084 4808 104 20 l'Œuvre
2204 4809 41 20 des

1717 4830 78 21 Mères
1808 4832 110 21 Pauvrea,
1931 4830 58 20 dont
2001 4830 24 21 la
2037 4832 114 22 comtesse
2164 4832 81 21 Pierre

1716 4854 30 21 de
1761 4855 145 21 Liedekerke
1922 4855 37 19 est
1974 4854 24 20 la
2013 4854 133 23 présidente
2161 4857 84 19 active.

1717 4880 36 19 Au
1773 4884 149 18 programme
1943 4879 20 20 le
1984 4880 68 20 conte
2072 4881 124 20 charmant
2215 4882 29 19 de

1718 4903 110 22 Perrault
1852 4909 5 14 :
1882 4909 12 13 «
1915 4903 34 20 Le
1970 4903 63 20 Petit
2056 4904 88 21 Poucet
2166 4910 19 17 ^.
2206 4906 37 20 Un

1717 4928 118 20 spectacle
1860 4927 142 21 intéressant
2026 4932 59 17 pour
2109 4931 88 21 grands
2221 4931 23 19 et

1717 4951 77 22 petits.
1811 4952 37 20 On
1863 4950 47 22 sait
1924 4956 45 18 que
1984 4952 24 19 la
2022 4953 82 22 troupe
2120 4955 41 18 des
2176 4953 59 20 Mati-

1717 4974 56 21 nées
1792 4975 143 21 Enfantines
1953 4975 29 21 de
2001 4976 65 20 René
2085 4978 28 20 de
2132 4978 63 22 Man,
2213 4978 31 19 du

1717 4998 102 22 Thé&tre
1834 5000 76 23 Royal
1925 5000 42 20 des
1982 4999 111 25 Galeries,
2108 5008 16 14 a
2138 5002 55 23 déjà
2207 5002 37 20 été

1716 5024 125 22 applaudie
1858 5029 44 18 par
1919 5023 34 21 les
1971 5024 96 22 enfants
2085 5031 94 18 royaux,
2197 5027 48 19 lors

1717 5047 28 19 de
1764 5048 23 19 la
1804 5047 105 21 création
1927 5049 29 20 de
1974 5047 119 24 l'opérette
2111 5056 11 13 «
2140 5050 104 20 Blanche

1716 5070 74 23 Neige
1807 5077 18 14 f-.

1744 5095 47 20 On-
1806 5097 61 21 neut,
1893 5096 41 21 dès
1959 5096 154 22 aujourd'hui,
2139 5099 106 20 réserver

1717 5123 39 15 ses
1776 5120 78 21 places
1874 5120 15 20 à
1909 5119 109 21 l'Edition
2041 5121 150 22 Universelle.
2212 5123 32 20 53,

1717 5147 42 17 nie
1780 5144 95 22 Royale.
1896 5143 126 22 Bruxelles,
2043 5145 38 20 tél.
2103 5147 90 19 17.02.20
2213 5152 31 15 ou

1718 5166 55 20 chez
1790 5169 34 19 les
1840 5169 117 20 membres
1974 5168 31 20 du
2022 5170 91 20 comité.
2130 5171 48 19 Des
2195 5176 41 14 car-

1718 5190 35 20 tes
1767 5192 29 19 de
1809 5192 96 22 famille,
1918 5192 15 20 &
1946 5193 88 22 grande
2048 5193 128 22 réduction,
2190 5197 53 19 sont

1717 5218 30 15 en
1762 5216 76 20 vente.

1691 5260 21 29 ,|

1743 5264 40 21 LA
1801 5265 176 21 MI-CAREME
1996 5267 20 19 A
2032 5269 185 21 BRUXELLES

1664 5306 33 7 ■—
1743 5295 31 21 Le
1789 5297 74 22 cercle
1877 5297 64 23 royal
1955 5297 204 26 philanthropique
2174 5307 11 11 «
2198 5301 46 19 Les

1449 5326 99 24 ï-rànrl
1583 5329 21 21 C
1629 5331 8 19 I
1706 5332 4 11 !
1717 5318 21 18 G
1738 5319 36 20 a**
1788 5320 92 21 Lurons
1896 5327 11 13 »
1923 5321 47 24 qui,
1985 5322 87 21 durant
2088 5330 45 16 une
2149 5324 94 23 période

1448 5342 113 32 rOnCl.
1584 5342 41 32 LO
1639 5344 41 30 011
1706 5364 4 4 *
1733 5347 13 14 e
1763 5344 115 23 Pleurs
1894 5346 94 21 années,
2004 5352 16 15 a
2036 5347 31 20 dû
2083 5354 26 14 se
2126 5349 117 21 résoudre.

1679 5367 17 13 '•
1717 5370 59 18 pour
1792 5368 79 21 raison
1887 5370 30 20 de
1934 5370 64 22 force
2014 5373 112 21 majeure,
2141 5373 16 20 à
2172 5374 61 19 aban-

1718 5390 90 23 donner
1828 5394 176 23 l'organisation
2026 5395 28 23 d>
2076 5401 39 15 ses
2137 5397 106 22 cortèges

1716 5418 201 22 carnavalesques,
1934 5418 65 20 vient
2014 5420 30 19 de
2060 5420 115 21 décidera
2192 5422 42 19 l'oc-

1717 5440 79 19 casion
1810 5441 33 21 du
1857 5441 186 22 rétablissement
2058 5444 31 20 du
2103 5446 111 19 carnaval
2228 5445 16 20 à

1716 5462 127 25 Bruxelles,
1863 5465 30 21 de
1912 5467 125 21 reprendre
2071 5473 41 14 son
2147 5468 96 20 activité

1717 5486 142 24 d'autrefois.

1743 5511 20 19 A
1779 5512 122 22 l'occasion
1919 5513 29 21 de
1965 5518 28 15 sa
2010 5514 38 22 4Se
2066 5516 176 21 sortie-collecte

1718 5536 107 20 annuelle
1836 5536 29 21 de
1877 5536 96 23 charité,
1985 5543 31 14 au
2028 5539 72 21 profit
2110 5540 32 19 du
2154 5540 89 23 «Foyer

1447 5385 22 17 M
1481 5389 26 15 a.,
1524 5387 54 18 risw.
1594 5389 36 16 Con
1633 5394 11 14 E
1645 5395 17 12 n.
1676 5392 20 18 t.
1707 5400 4 2 -

1448 5407 7 14 r
1457 5409 45 15 a.:ii.,
1523 5407 39 18 dés.
1583 5408 79 19 épouser
1681 5413 9 16 j
1706 5404 5 16 '

1447 5426 40 16 ffllo
1508 5430 25 14 ou
1555 5427 40 18 Vvé
1617 5434 16 13 ».
1656 5434 23 14 M
1681 5433 14 16 f.

1448 5446 56 17 Edu.\
1518 5448 50 18 parf.
1581 5448 22 17 25
1616 5449 13 17 4
1643 5451 22 16 SO
1677 5456 13 12 a

1446 5466 65 17 Photo.
1542 5468 60 17 Dlecr.
1632 5471 62 17 d'hon.

1446 5487 42 17 Ecr.
1520 5489 73 17 Agence
1624 5491 64 17 Rowel

1445 5506 17 16 3.
1483 5507 30 18 D.,
1534 5508 39 18 251.
1594 5510 100 19 Brnx.Ile».

1641 5530 54 22 mu

1703 5553 9 17 i

2265 3712 42 19 des
2321 3711 126 23 Orphelins
2461 3718 17 17 »,
2492 3714 39 21 qui
2546 3718 15 15 a
2574 3714 45 20 tieu
2634 3714 21 20 le
2668 3712 125 21 dimanche

2255 3740 5 21 ]
2268 3736 25 19 19
2309 3741 64 16 mars
2389 3737 112 21 prochain
2519 3741 5 14 <
2530 3736 150 21 Mi-Carème)
2698 3738 16 19 il
2729 3741 58 19 orga-

2268 3762 50 19 nise
2334 3760 15 20 à
2365 3766 113 17 nouveau,
2494 3767 57 14 avec
2568 3761 169 21 l'autorisation
2766 3762 29 19 de

2269 3785 204 22 l'administration
2494 3787 153 20 communale,
2668 3792 32 15 un
2720 3787 75 22 grand

2268 3809 94 23 cortège
2375 3811 182 22 carnavalesque
2570 3810 39 23 qui
2623 3811 126 21 sillonnera
2762 3812 33 19 les

2268 3839 54 15 rues
2338 3835 28 20 de
2383 3835 23 19 la
2422 3835 106 22 capitale.

2293 3859 44 19 Les
2357 3860 88 18 cercles
2464 3859 196 23 carnavalesques
2679 3865 29 15 ou
2729 3865 57 18 grou-

2268 3885 107 20 pements
2397 3883 184 23 humoristiques
2615 3883 108 21 désireux
2758 3885 37 22 d'y

2267 3908 128 22 participer
2414 3910 54 18 sont
2488 3908 63 23 priés
2570 3909 29 20 de
2619 3909 127 21 s'adresser
2764 3914 31 15 au

2268 3931 120 23 président
2401 3933 30 19 du
2445 3933 74 21 cercle
2534 3940 10 11 *
2558 3933 44 20 Les
2615 3933 57 21 Gais
2685 3934 110 22 Lurons»,

2268 3956 18 23 1,
2307 3956 65 24 place
2393 3956 135 24 Fontainas,
2548 3957 15 20 à
2584 3958 127 20 Bruxelles.

2435 3986 45 21 AU
2500 3986 123 22 CERCLE

2319 4015 13 14 «
2341 4009 41 21 LE
2405 4010 126 21 PLAISIR
2556 4011 83 21 POUR
2663 4012 80 21 TOUS
2753 4019 12 13 »

2295 4036 32 20 Le
2353 4037 74 20 cercle
2454 4044 11 11 «
2473 4038 31 18 Le
2530 4038 86 19 Plaisir
2640 4043 59 19 pour
2722 4040 54 18 tous
2785 4045 11 12 »

2269 4061 108 23 organise
2402 4062 20 19 le
2446 4062 124 20 dimanche
2601 4063 25 20 19
2659 4063 92 22 février,
2782 4063 15 20 à

2268 4086 25 18 15
2307 4086 21 20 h.
2343 4086 46 21 1/2,
2405 4087 59 19 dans
2479 4087 34 20 les
2528 4087 79 20 salons
2622 4089 28 19 de
2666 4088 22 20 la
2703 4088 91 20 Maison

2268 4111 41 22 des
2333 4111 134 21 Brasseurs,
2491 4112 32 21 33,
2547 4112 114 22 chaussée
2686 4113 28 21 de
2738 4114 49 19 Lou-

2270 4137 59 22 vain,
2348 4141 32 15 un
2397 4137 74 23 grand
2489 4137 38 20 bal
2544 4138 118 19 d'enfants
2680 4138 116 20 travestis.

2295 4161 146 21 Intermèdes
2463 4166 43 19 par
2528 4162 33 20 les
2584 4164 84 22 petites
2691 4164 106 19 vedettes

2269 4186 30 19 du
2319 4186 75 20 cercle
2415 4188 23 18 et
2457 4186 98 21 élection
2577 4188 28 19 de
2627 4188 22 19 la
2670 4189 74 18 Reine
2765 4189 31 19 du

2268 4211 50 19 Bal.

2296 4235 87 20 Entrée
2407 4237 104 23 gratuite
2544 4241 59 19 pour
2633 4237 35 20 les
2701 4239 95 18 enfants

2269 4260 117 20 costumés
2408 4262 24 19 et
2453 4261 176 24 acesmpagnés.

2382 4291 287 22 SORTIE-COLLECTE

2294 4317 32 20 Le
2341 4317 75 20 cercle
2431 4317 71 23 royal,
2519 4319 79 19 choral
2615 4321 23 17 et
2653 4320 135 23 philanthro-

2270 4343 67 23 pique
2361 4342 63 20 »Les
2447 4343 60 19 Sans
2530 4343 72 20 Noms
2611 4351 11 11 »
2644 4345 108 23 organise
2776 4347 20 19 le

2269 4366 123 21 dimanche
2417 4367 25 19 19
2468 4367 86 20 février
2576 4373 27 15 sa
2627 4369 63 20 50me
2716 4369 81 20 sortie-

2269 4391 102 19 collecte.
2395 4392 45 19 Les
2464 4397 127 20 personnes
2614 4393 130 20 désireuses
2768 4394 28 18 de

2270 4416 129 20 collaborer
2423 4416 17 20 à
2464 4418 62 19 cette
2551 4422 81 15 œuvre
2658 4423 29 14 en
2714 4419 72 20 collec-

2268 4442 53 18 tant
2338 4443 100 22 peuvent
2455 4448 24 13 se
2497 4442 121 23 présenter
2634 4449 31 14 au
2683 4443 65 22 local,
2763 4443 33 24 28,

2269 4471 41 15 rue
2330 4466 182 20 Ste-Catherine.
2531 4468 22 20 le
2573 4469 95 21 samedi,
2688 4468 15 20 à
2721 4468 75 23 partir

2268 4491 28 19 de
2316 4491 27 19 19
2364 4492 21 19 h.
2406 4493 24 18 et
2451 4492 20 19 le
2492 4492 124 20 dimanche
2637 4493 14 19 à
2671 4493 76 24 partir
2767 4492 28 20 de

2267 4515 26 19 10
2314 4516 91 19 heures.

2463 4546 40 20 LE
2522 4546 85 21 GALA

2267 4570 44 21 DU
2331 4570 123 21 CERCLE
2474 4578 13 13 c
2496 4571 139 22 NAMEUR
2654 4572 40 21 PO
2713 4572 60 20 TOT
2781 4577 13 13 »

2293 4603 32 20 Le
2345 4603 80 21 Cercle
2445 4605 63 22 royal
2528 4603 113 21 littéraire
2661 4605 23 20 et
2703 4604 82 19 drama-

2268 4628 63 23 tique
2349 4628 84 20 wallon
2453 4634 11 12 «
2474 4629 105 19 Nameur
2595 4630 34 19 Po
2647 4629 42 19 Tôt
2699 4635 9 12 *
2728 4633 58 18 orga-

2268 4652 50 20 nise
2336 4658 31 14 un
2388 4655 53 19 ja:»
2460 4653 92 22 wallon,
2571 4653 21 20 le
2610 4653 88 20 samedi
2718 4652 26 19 18
2762 4652 22 19 fé-

2269 4678 67 20 vrier,
2351 4677 15 19 à
2383 4677 25 19 20
2424 4678 28 19 b-.
2470 4683 30 14 au
2518 4677 101 20 Théâtre
2637 4676 148 21 Continental

2267 4701 114 22 chaussée
2400 4702 27 19 de
2446 4702 91 20 Wavre.
2557 4702 14 20 à
2590 4701 134 21 Ettèrbeek.

2294 4726 48 20 Des
2369 4727 121 19 amateurs
2524 4726 184 23 interpréteront
2733 4725 61 19 deux

2268 4750 68 24 jolies
2362 4750 83 24 pièces*
2466 4756 6 14 :
2498 4757 12 12 «
2518 4752 20 18 A
2562 4751 75 19 L'fine
2670 4749 96 20 Betehle
2774 4755 18 13 »,

2269 4774 64 24 pièce
2350 4780 28 15 en
2397 4780 31 14 un
2445 4776 53 19 acte
2516 4776 28 19 de
2561 4776 21 18 J.
2599 4775 112 21 Leleune;
2730 4773 64 20 «Les

2268 4800 151 19 Baromètres
2427 4806 17 15 •>,
2465 4799 64 23 pièce
2549 4804 29 15 en
2600 4799 57 19 detix
2679 4799 62 18 acte=
2765 4797 26 19 dt

2268 4823 21 20 J.
2313 4824 113 19 Laubaln.
2481 4831 16 12 *i

2293 4848 37 20 Un
2352 4849 37 18 bal
2410 4848 143 23 complétera
2573 4847 61 19 cette
2660 4845 74 20 soirée
2754 4845 39 23 qui

2269 4871 95 21 réunira
2387 4873 27 18 de
2436 4872 129 20 nombreux
2595 4871 103 19 Wallons
2721 4869 29 20 de
2770 4870 24 20 la

2267 4897 107 24 capitale.

2295 4946 40 21 LE
2353 4946 59 20 Xlle
2431 4945 83 21 GALA
2535 4945 44 20 DU
2596 4944 166 21 FOLKLORE

2462 4969 134 21 WALLON

2294 5002 56 20 Fixé
2366 5007 30 14 au
2413 5001 89 20 samedi
2516 5002 13 18 4
2544 5005 70 18 mars,
2630 5000 15 20 à
2660 5000 26 20 20
2702 5001 84 19 heures

2267 5033 31 14 au
2313 5027 79 19 Palais
2408 5027 40 18 des
2465 5025 151 21 Beaux-Arts,
2634 5025 20 19 le
2668 5025 55 19 XII'
2739 5025 54 24 gala

2268 5053 30 18 du
2314 5051 108 19 Folklore
2437 5050 90 19 Wallon
2544 5055 29 15 ne
2588 5049 21 19 le
2626 5048 83 21 cédera
2724 5050 24 20 ni
2763 5055 28 15 en

2268 5075 87 21 Intérêt
2370 5076 25 19 ni
2411 5080 29 14 en
2457 5075 93 19 entrain
2566 5074 16 20 à
2597 5079 38 14 ses
2651 5074 142 21 devanciers.

2267 5101 86 20 Toutes
2371 5100 33 19 les
2423 5100 81 19 scènes
2523 5099 31 19 du
2572 5103 147 18 programme
2738 5101 54 18 sont

2268 5124 154 20 entièrement
2446 5123 124 20 nouvelles.
2594 5123 81 20 Citons
2698 5129 31 14 au
2752 5125 33 19 ha-

2267 5150 55 19 sard
2342 5154 6 15 :
2368 5150 34 18 La
2419 5149 62 19 Cour
2499 5148 31 19 du
2548 5148 93 19 Coucou
2660 5148 15 20 à
2693 5149 99 22 Polleur,

2269 5175 19 18 le
2311 5173 65 20 Rêve
2399 5173 28 19 de
2448 5173 61 19 Jean
2533 5172 27 19 de
2584 5172 109 23 Nivelles,
2715 5174 24 19 la
2762 5174 22 21 lé-

2268 5199 73 23 gende
2356 5198 27 20 de
2396 5198 24 19 la
2433 5197 106 20 fontaine
2552 5197 146 23 Saint3-Ode,
2713 5199 71 19 l'Elec-

2267 5224 50 19 tion
2338 5222 30 20 du
2389 5222 44 20 Roi
2455 5222 41 19 des
2516 5222 111 19 Bobelins
2646 5222 16 20 à
2684 5223 53 24 Spa,
2758 5225 34 19 les

2266 5247 81 20 scènes
2361 5247 31 19 du
2405 5246 94 21 Moulin,
2512 5246 33 20 les
2559 5245 109 24 légendes
2682 5248 28 20 de
2723 5248 70 20 l'Am-

2266 5272 71 20 blève.
2357 5272 34 18 les
2411 5270 137 20 échasseurs
2569 5272 28 19 dc
2618 5272 96 23 Namur,
2734 5275 57 19 Kln-

2267 5297 106 22 kempois
2390 5300 29 14 en
2436 5295 57 21 1900,
2511 5296 43 18 etc.
2572 5296 42 19 etc.
2632 5297 66 23 Cette
2716 5299 66 24 repré-

2265 5320 117 19 sentation
2396 5324 57 14 avec
2468 5324 46 14 une
2530 5321 58 18 mise
2603 5326 28 15 en
2645 5322 71 21 scène
2732 5324 59 20 dans

2268 5345 22 19 la
2315 5344 113 20 tradition
2453 5344 41 18 des
2518 5345 67 22 galas
2617 5346 32 19 du
2682 5348 109 21 Folklore

2266 5369 97 20 Wallon,
2387 5367 95 20 réunira
2505 5373 42 15 sur
2576 5370 20 19 le
2626 5371 95 23 plateau
2745 5378 45 15 une

2266 5393 128 25 figuration
2412 5393 28 20 de
2458 5393 52 23 plus
2527 5394 28 19 de
2571 5395 39 19 500
2627 5401 164 21 peisonnages.

2292 5418 31 20 Le
2343 5417 116 23 spectacle
2480 5422 54 15 sera
2553 5419 60 20 suivi
2635 5421 30 20 du
2685 5422 38 20 bal
2744 5423 38 20 tra

2266 5441 110 20 ditionnel
2400 5445 57 15 aveo
2479 5441 114 22 l'élection
2618 5446 28 19 de
2668 5446 24 20 la
2716 5448 74 19 Reine

2266 5467 28 20 de
2310 5466 113 19 Wallonie
2442 5467 23 17 et
2481 5467 21 19 la
2520 5467 158 24 présentation
2698 5472 28 19 de
2743 5477 40 16 cos-

2265 5492 76 19 tumes
2361 5490 27 19 de
2408 5490 103 21 diverses
2528 5491 94 23 régions
2641 5495 28 19 Ap
2688 5496 22 20 la
2729 5497 51 19 Wal-

2265 5515 67 20 lonie.
2357 5514 126 20 Dernières
2505 5517 79 19 cartes
2608 5523 28 15 en
2660 5524 69 16 venis
2760 5525 28 15 au

2267 5539 77 20 Palais
2364 5539 40 20 des
2425 5540 151 20 Beaux-Arts.

2844 3606 104 45 LES
2987 3606 332 45 TRIBUNAUX

2863 3694 160 20 TRIBUNAL
3039 3694 265 21 CORRECTIONNEL

2962 3720 45 20 DE
3022 3720 182 20 CHARLEROI

2911 3745 173 21 Dénonciation
3096 3746 159 20 calomnieuse

2847 3772 123 19 Poursuivi
2993 3777 59 18 pour
3074 3771 164 21 dénonciation
3261 3772 76 20 calom-

2821 3797 80 19 nieuse
2926 3802 43 19 par
2993 3796 59 21 écrit
3069 3799 81 19 contre
3168 3798 109 23 Augusta
3294 3797 51 19 Van

2821 3823 149 23 Landeghem
2985 3824 23 19 et
3021 3829 28 15 sa
3062 3824 56 22 fille,
3131 3823 95 22 Honori
3240 3824 105 19 Grenier,

2821 3849 28 19 de
2864 3848 123 23 Vlieaville,
3003 3853 14 15 a
3032 3848 36 21 été
3083 3848 131 21 condamné
3229 3850 15 20 à
3257 3850 13 20 6
3285 3849 60 19 mois

2821 3874 28 19 de
2866 3875 79 22 prison
2961 3878 23 17 et
3000 3875 38 19 700
3054 3875 29 19 fr.
3099 3875 14 19 d
3122 3875 104 19 amende.
3242 3875 20 19 Il
3277 3882 16 14 a
3307 3874 38 20 été

2820 3899 78 20 arrêté
2915 3901 16 20 à
2947 3900 134 20 l'audience.

2847 3926 106 23 Augusta
2971 3926 51 19 Van
3040 3926 150 23 Landeghem
3209 3928 25 18 et
3250 3931 28 15 sa
3296 3925 48 19 fille

2822 3952 40 18 ont
2892 3951 86 20 obtenu
3010 3952 195 24 respectivement
3234 3952 58 22 3,000
3322 3951 23 19 et

2821 3977 58 22 7,000
2894 3977 29 19 fr.
2939 3978 28 18 de
2983 3977 137 24 dommages
3135 3978 24 19 et
3174 3977 103 20 intérêts.

2864 4016 159 20 TRIBUNAL
3040 4016 262 20 CORRECTIONNEL

3007 4042 153 20 D'ANVERS

3000 4067 45 20 Fin
3058 4068 107 23 tragique

2848 4093 124 20 Revenant
2991 4094 28 20 de
3041 4093 124 21 Bruxelles,
3187 4092 54 19 MM.
3261 4092 17 19 I.
3297 4092 47 22 V...,

2822 4118 105 24 employé
2949 4120 15 19 à
2986 4119 113 20 Hoboken
3104 4127 6 15 ;
3133 4119 25 20 P.
3180 4118 49 22 A...;
3253 4117 25 20 C.
3300 4117 43 20 M...

2821 4145 23 18 et
2860 4145 23 19 la
2898 4145 86 20 femme
3001 4146 27 18 de
3043 4149 26 16 ce
3085 4143 98 21 dernier,
3197 4143 87 19 Denise
3299 4143 45 22 C»,

2821 4170 117 19 suivaient
2953 4175 28 15 en
2998 4170 55 19 auto
3069 4172 21 18 la
3107 4168 111 21 chaussée
3235 4169 26 19 de
3278 4168 56 19 Mali-

2819 4201 43 15 nes
2876 4199 14 19 à
2905 4195 102 23 Edegem
3020 4196 92 22 lorsque
3126 4194 59 19 dans
3198 4198 46 15 une
3257 4193 86 19 courbe

2822 4222 21 21 la
2858 4221 91 20 voiture
2964 4220 87 24 dérapa
3065 4222 23 18 et
3101 4219 102 21 s'écrasa
3216 4220 80 18 contre
3310 4223 32 14 un

2821 4247 75 19 arbre.
2916 4247 44 19 Les
2980 4247 127 22 occupants
3134 4245 81 20 furent
3240 4244 103 24 projetés

2821 4272 59 20 dans
2898 4277 44 15 une
2962 4272 90 24 prairie.

2847 4298 86 19 Denise
2953 4298 37 19 C...
3010 4297 38 21 fut
3067 4295 53 20 tuée
3140 4300 42 15 sur
3199 4296 21 19 le
3240 4299 60 20 coup
3320 4298 22 17 et

2821 4323 34 20 les
2878 4324 80 18 autres
2981 4322 129 22 occupante
3134 4321 79 19 furent
3236 4320 54 24 plus
3313 4325 31 15 ou

2821 4349 75 18 moins
2915 4349 136 22 gravement
3069 4345 92 20 blessés.

2848 4374 29 19 M.
2895 4374 17 18 I.
2929 4373 39 21 V...
2985 4371 89 20 traduit
3091 4372 86 19 devant
3195 4372 20 19 le
3231 4371 112 23 tribunal,

2821 4403 90 16 comme
2934 4397 155 24 respon,sable,
3112 4401 14 14 a
3149 4395 36 21 été
3208 4398 89 23 ma»gré
3320 4397 24 20 la

2821 4424 119 25 plaidoirie
2957 4427 29 15 en
3002 4428 41 15 cas
3059 4422 84 20 fortuit
3160 4422 27 20 de
3204 4427 44 15 son
3264 4422 70 21 défen-

2819 4454 63 17 seur,
2900 4448 129 22 condamne
3048 4448 15 20 à
3082 4448 58 20 1,400
3159 4448 29 19 fr.
3207 4449 25 19 et
3250 4447 16 20 à
3284 4449 60 20 trois

2823 4475 44 19 fois
2884 4474 39 20 350
2940 4475 23 19 et
2981 4473 38 20 700
3037 4473 29 20 fr.
3085 4473 127 21 d'amende.

2950 4504 115 19 Abandon
3079 4504 28 19 dc
3122 4505 90 20 famille

2845 4538 103 20 Gustave
2963 4536 78 23 Molin,
3053 4537 89 21 docker
3153 4538 17 21 à
3181 4538 98 24 Anvers,
3292 4544 42 16 sur-

2820 4562 93 21 nommé
2935 4562 53 19 «De
3008 4561 77 20 kleine
3107 4563 150 22 Schroober»
3278 4566 67 20 avait

2819 4586 137 21 abandonné
2970 4593 25 15 sa
3009 4588 87 19 femme
3110 4593 23 16 et
3145 4594 43 15 soc
3201 4591 91 20 enfant.
3305 4592 38 19 En

2820 4613 121 20 décembre
2960 4613 98 21 dernier,
3078 4615 15 19 H
3111 4616 181 23 "comparaissait
3311 4618 23 19 in-

2819 4637 66 25 culpé
2900 4638 68 19 d'une
2983 4639 114 20 tentative
3112 4640 138 22 d'homicide
3264 4647 43 16 sur
3321 4643 24 19 la

2821 4668 114 18 personne
2951 4663 28 21 de
2994 4663 45 24 C..,
3055 4669 42 16 rue
3112 4666 35 20 De
3162 4667 64 20 Prêt.
3241 4668 19 20 Il
3276 4673 16 15 a
3306 4668 39 20 été

2820 4689 129 21 condamné
2963 4693 59 19 pour
3033 4694 26 15 ce
3071 4692 103 22 premier
3185 4694 70 19 motif
3266 4699 16 20 à
3293 4695 53 19 huit

2822 4714 60 19 mois
2915 4710 238 28 d'emprisonnement
3185 4719 55 24 qu'il
3273 4724 73 20 purge

3372 3606 85 93 ON
3504 3606 159 93 NOUS
3708 3600 179 99 ECRIT

3428 3746 47 22 UN
3495 3746 151 21 MONSTRE
3665 3746 24 21 A
3707 3746 104 22 UCCLE
3815 3746 15 22 f

3391 3786 36 20 La
3444 3786 89 20 Société
3551 3786 119 20 nationale
3687 3786 41 19 des
3744 3786 107 22 chemina
3867 3786 29 21 de

3366 3811 37 20 fer
3425 3811 101 24 projette
3551 3810 112 20 d'abîmer
3684 3807 210 28 'déplorablement,

3366 3841 44 18 par
3428 3835 118 20 l'érection
3565 3836 68 19 d'une
3652 3836 63 19 sorte
3735 3836 29 20 de
3782 3837 113 22 monstre,

3367 3862 51 18 tout
3436 3866 32 14 un
3487 3861 105 23 quartier
3611 3862 27 18 de
3657 3861 23 19 la
3697 3861 55 23 jolie
3770 3866 126 16 commune

3367 3885 98 20 d'Uccle.

3392 3924 51 19 Elle
3468 3929 16 14 a
3506 3924 134 19 l'intention
3673 3924 29 19 de
3728 3924 104 23 réaliser,
3864 3930 31 16 en

3367 3948 164 22 surélévation,
3557 3953 46 15 une
3637 3950 87 18 courbe
3756 3949 138 22 réunissant

3366 3973 61 20 deux
3447 3974 89 22 parties
3558 3974 27 19 de
3608 3974 24 19 la
3653 3974 63 23 ligne
3738 3975 160 22 Schaerbeek-

3365 3998 52 19 Hal.
3435 3998 36 19 Un
3488 3999 58 22 pont
3562 3999 73 19 serait
3651 3998 71 21 édifié
3739 4000 99 21 Avenue
3854 4001 42 19 des

3365 4023 101 20 Tilleuls,
3489 4024 123 18 au-dessus
3640 4024 55 19 d'un
3718 4025 29 19 de
3768 4030 60 16 ceux
3855 4026 41 24 qui

3365 4048 101 19 existent
3488 4047 59 24 déjà.
3569 4049 55 18 Cela
3645 4048 166 23 nécessiterait
3831 4051 57 20 l'éta-

3363 4073 137 19 blissement
3539 4072 131 21 d'énormes
3707 4075 64 21 talus
3788 4076 109 20 formant

3364 4096 71 20 écran
3453 4099 24 18 et
3494 4099 103 22 coupant
3614 4099 67 19 toute
3698 4101 155 24 perspective.

3389 4129 35 19 La
3448 4130 66 19 route
3539 4131 117 22 passerait
3679 4136 56 15 sous
3758 4137 32 15 un
3813 4132 84 21 tunnel

3365 4153 57 20 dont
3440 4154 24 19 la
3481 4159 78 15 masse
3578 4156 90 20 nuirait
3687 4156 211 23 lamentablement

3363 4178 15 19 à
3392 4178 147 25 l'esthétique
3554 4180 28 19 de
3598 4186 26 14 ce
3639 4182 114 23 guartier.
3767 4183 32 20 Ce
3814 4183 83 21 tunnel

3364 4203 148 21 deviendrait
3528 4205 124 24 d'ailleurs,
3669 4206 41 20 dès
3724 4208 22 19 le
3761 4207 54 23 soir,
3830 4207 16 21 à
3859 4208 38 20 cet

3364 4228 93 20 endroit
3490 4228 86 25 désert,
3608 4235 33 15 un
3665 4231 116 22 véritable
3813 4237 85 20 coupe-

3363 4258 72 19 gerge
3452 4255 25 18 et
3493 4260 30 14 ne
3540 4256 74 19 serait
3631 4262 43 18 pas
3691 4262 58 15 sans
3766 4258 91 24 danger
3872 4259 26 19 la

3364 4279 53 19 nuit
3436 4284 60 19 pour
3514 4281 23 19 la
3555 4281 140 21 circulation
3715 4283 42 19 des
3776 4284 77 20 autos.

3390 4303 32 20 Ce
3441 4305 92 22 travail,
3553 4306 41 23 qui
3614 4306 98 20 coûtera
3733 4308 41 20 des
3795 4313 102 15 sommes

3364 4329 181 24 considérables,
3567 4332 38 19 n'a
3627 4331 91 21 d'autre
3738 4333 44 20 but
3802 4338 45 19 que
3868 4334 28 19 dc

3365 4351 90 22 donner
3472 4359 32 15 un
3521 4360 46 19 peu
3585 4356 28 20 de
3631 4357 89 20 facilité
3737 4363 61 19 pour
3812 4358 76 20 l'ache-

3363 4379 131 19 minement
3514 4380 55 20 d'un
3589 4381 74 20 trafic
3683 4383 59 19 dont
3760 4381 135 23 l'intensité,

3364 4402 50 21 très
3436 4404 104 23 relative,
3562 4406 90 24 n'exige
3674 4409 158 19 aucunement
3855 4407 42 20 des

3365 4432 107 16 mesures
3496 4429 124 24 spéciales.

3391 4459 37 20 On
3445 4465 40 15 ose
3502 4461 95 23 espérer
3614 4467 44 19 que
3676 4463 35 19 les
3727 4463 112 23 pouvoirs
3855 4468 31 17 pu-

3363 4483 60 21 blics
3443 4486 185 20 n'autoriseront
3649 4492 43 19 pas
3713 4489 24 18 la
3759 4487 136 20 réalisation

3365 4509 28 19 de
3410 4515 26 14 ce
3453 4511 84 23 projet,
3552 4512 65 19 aussi
3634 4513 83 19 inutile
3732 4517 46 19 que
3794 4512 101 20 coûteux

3364 4538 60 19 pour
3442 4535 24 19 la
3484 4536 141 20 collectivité
3644 4538 24 19 et
3687 4539 20 18 si
3725 4536 168 25 préjudiciable

3364 4563 61 19 pour
3442 4561 54 19 tous
3513 4561 35 20 les
3566 4561 123 20 habitants
3708 4562 54 18 d'un
3781 4561 112 24 quartier.

3367 4645 172 20 actuellement.
3553 4645 65 20 Pour
3632 4645 66 20 avoir
3711 4644 139 21 abandonné
3863 4649 29 16 sa

3368 4671 87 19 femme
3475 4671 26 20 et
3520 4676 43 14 son
3584 4671 90 21 enfant,
3694 4670 21 19 le
3736 4669 103 20 tribunal
3862 4670 29 20 l'a

3367 4695 131 21 condamné
3513 4696 16 20 à
3543 4701 108 15 nouveau
3666 4695 16 19 à
3697 4695 12 19 1
3725 4696 59 18 mois
3801 4695 28 19 de
3845 4696 36 23 pri-

3368 4726 42 16 son
3427 4723 24 18 et
3466 4723 16 20 à
3497 4722 38 20 182
3551 4721 29 22 fr.
3597 4721 127 19 d'amende.

2850 4783 50 41 IA
2913 4783 202 46 PASSOIOt
3133 4788 88 46 QUE

2849 4839 115 46 TOUTES
2972 4842 48 46 LES
3030 4832 184 60 HMDE5

2854 4901 186 47 DEV&AIFNÏ
3053 4895 160 57 PO55É0ÏR

3356 5292 465 74 PASSOIRE

2839 5424 224 67 ssss
3206 5390 655 138 PASSŒ-YlTC

2828 5523 55 20 LES
2903 5523 164 19 PASSOIRES
3087 5529 13 14 a
3106 5525 179 24 PAaSSE-VITE
3292 5535 13 14 »
3324 5531 81 20 SONT
3419 5533 135 18 TTVRinrK
3569 5536 119 15 îsnan-p
3701 5539 158 12 aarmaa-v*.

2828 5547 80 20 AVEC
2924 5546 103 23 FONDS
3042 5548 97 23 PLATS
3155 5551 42 22 OC
3213 5552 154 27 ONDULES,
3419 5535 31 19 "
3472 5535 82 21 MES
3569 5536 109 21 BDW
3677 5538 183 51 EB™>™J
