3970 5717
1359 13 3 3 .
1378 2 19 10 z-
1405 0 4 13 :
1430 9 3 5 .
1457 0 15 13 ri
1522 0 3 5 ■

96 142 40 22 ts
155 142 45 23 **m

1828 142 42 17 i»a
1889 140 156 23 Dernière
2065 141 107 21 Heuro

367 205 175 52 NOS
573 200 270 58 ÉCHOS

317 281 13 10 **,
329 281 247 10 .-.r-**^*^^^^*^^^^^**-^*^*****^***.

72 309 204 29 Aujourd'hui
294 312 86 22 lundi

67 375 95 18 Honnale.
176 376 21 16 20
208 375 28 20 h.,
251 380 10 11 «
274 375 25 17 Le
312 375 67 17 Soldat
392 376 24 16 d.
428 375 92 18 chocolat
534 380 17 13 ».

67 400 91 20 Clartés,
174 401 11 17 8
201 401 20 17 h.
237 401 37 20 1/2,
293 405 10 13 «
318 402 57 16 viens
391 401 39 17 rire
446 405 66 14 avec...
528 402 69 17 Esther

87 421 89 17 Deltenre
188 426 18 13 .,

65 447 84 20 ■foliere,
164 448 11 16 S
189 447 20 18 h.
226 447 36 20 1/1,
279 452 10 12 <
302 448 25 16 Et
340 447 39 17 mol
392 447 36 20 J'te
442 447 30 18 «lis
487 448 67 20 qu'elle
569 450 26 15 t'a

87 467 38 17 falt
141 468 63 16 dTœil
222 472 17 13 >.

66 494 109 18 Alhambra.
187 494 11 16 8
208 494 21 17 h.
243 494 37 19 1/3.
294 498 10 11 <
317 494 94 18 Pasanlnl
423 498 17 12 s.

66 519 113 19 VsuderUle,
195 519 11 17 8
221 520 20 17 h.
257 519 37 19 1/2,
311 525 9 11 «
337 520 75 16 L'Ecole
428 520 33 16 des
475 520 88 17 Cocottes
579 525 15 11 ».

65 545 111 19 Capucines.
192 546 11 16 8
216 545 21 18 b.
253 545 36 19 1/S,
305 550 10 11 t
330 546 41 16 Une
384 546 62 16 Petite
461 546 75 17 Femme
550 549 45 13 aan»

86 566 83 16 chemise
180 570 18 12 ».
210 573 24 5 —
244 566 97 16 Dernière.

49 595 4 7 '
65 591 63 19 GaUé,
141 592 11 16 8
163 591 21 18 h,
198 591 37 19 1/2.
249 596 10 11 ■
271 591 66 17 J'veux
350 590 72 18 dormir
435 595 45 13 avec
493 592 28 16 toi
534 596 17 12 ».

66 617 81 17 Théâtre
158 616 98 20 Flamand,
268 617 11 17 8
290 617 26 20 h.,
329 622 10 12 ■
350 617 40 17 Wle
401 618 77 16 Zvanst
488 619 22 15 er
519 618 53 16 mee?
583 622 10 11 »

85 645 24 5 —
121 636 96 18 Dernière.

64 662 65 18 mais
141 662 60 21 d'Eté,
215 663 12 17 S
239 663 21 17 h.
274 663 37 20 1/2,
323 668 11 12 «
348 664 28 19 Ça
389 667 26 13 TS*
428 665 11 15 r
453 667 18 13 a.

68 713 58 18 Voies
143 716 117 16 protramm.
277 713 33 16 dea
325 713 85 16 cinémas
426 713 20 16 et
462 713 22 14 Ue
500 712 21 15 T.
538 712 19 15 ft.
574 713 15 14 ».

216 743 24 12 «a
256 740 68 17 petite,
337 742 105 13 «oneatu.

70 787 252 23 Communiqués
346 787 62 21 des
431 786 162 20 Théâtres

224 826 37 22 ot
275 826 163 22 Concerts

84 893 97 16 Monnaie.
193 901 22 5 —
227 892 124 19 AuJouM'QUl
363 891 59 19 lundi,
435 891 10 16 i
452 891 53 24 Juin,
518 891 12 17 ft
541 891 21 17 20
574 893 14 15 h

64 918 12 12 «
86 914 27 16 Le
123 913 67 17 Soldat
203 912 23 17 de
238 912 92 17 Chocolat
342 917 16 11 ».
371 919 23 5 —
406 911 63 17 Mardi
479 910 16 19 5.
509 911 12 16 à
534 911 21 17 20
568 911 25 18 h.,

63 936 49 16 pour
129 932 19 17 la
166 932 73 17 clôture
256 932 23 16 de
298 932 19 16 la
334 932 65 16 saison
418 931 101 18 théâtrale.
539 937 7 8 ■
567 931 27 16 L»

63 953 91 16 Traviata
168 957 17 14 »,
201 956 44 12 avec
260 952 19 16 le
292 952 93 16 concours
396 949 24 19 de
433 951 52 17 Mm*
499 951 94 16 c:.i*rbcn

63 975 19 14 el
95 978 11 12 .
119 973 74 17 Qretna
207 972 62 17 Qreen
284 976 17 12 ».

85 997 90 17 Galerie*.
189 1006 22 6 —
224 1002 11 12 «
249 998 57 16 viens
319 997 37 16 rlr.
370 1000 45 13 arec
425 1007 5 4 .
450 996 55 16 Ester
516 996 68 17 Delten-

62 1021 23 14 re
100 1022 11 12 »
128 1017 88 21 présente)
232 1020 27 14 un
276 1016 95 17 ensembln
386 1016 86 19 epmtque
495 1016 99 16 Dui]cs<t„e

62 1038 21 17 et
96 1037 23 17 de
134 1041 22 12 ra
163 1037 54 17 Lerie
232 1037 12 17 ft
258 1036 76 20 pcln'es
349 1036 24 16 de
386 1035 67 17 ttenne
466 1035 122 21 ecnpatrol^.

61 1058 28 16 La
102 1057 83 17 location
201 1058 30 16 est
248 1060 12 12 o
266 1067 5 4 .
285 1057 40 16 .rte
341 1058 49 17 pour
406 1055 27 16 les
450 1054 142 17 abonnesnenas.

62 1081 34 17 des
110 1080 93 18 matinées
218 1080 103 18 classiques
335 1083 48 16 pour
397 1079 19 16 la
431 1079 65 16 saison
514 1079 76 15 333,-33.

82 1106 116 18 Vaudeville.
219 1114 23 5 —
262 1106 38 16 Des
322 1105 90 16 tableaux
434 1104 53 17 aossi
508 1103 86 20 élégant,

62 1131 36 16 que
113 1125 108 21 suggestifs,
236 1128 28 14 un
278 1125 51 18 sujet
346 1124 146 20 profondément
508 1123 86 19 ironique

62 1151 25 13 en
100 1146 60 18 môme
173 1147 62 19 temps
249 1148 35 17 que
296 1144 52 17 drôle
362 1148 45 12 avec
421 1144 65 19 esprit,
501 1147 47 13 ssns
561 1147 32 12 ex-

50 1169 3 4 '
61 1166 53 18 dure
129 1166 20 17 la
164 1164 103 22 gaudriole,
282 1164 67 17 tendre
365 1164 12 16 ft
393 1164 84 16 certains
494 1165 99 15 momenTa,

61 1186 56 20 louée
133 1189 45 13 avec
194 1184 92 18 maîtrise,
303 1184 48 16 e'est
367 1187 21 13 ce
405 1184 32 18 qui
454 1183 95 16 constitue
567 1182 27 16 les

63 1207 47 15 trois
128 1207 53 15 actes
197 1205 19 16 si
232 1204 95 21 plaisants
345 1203 23 17 de
386 1208 10 11 «
413 1203 76 16 L'Ecole
507 1202 33 17 des
558 1202 25 16 Co-

62 1228 61 14 cottes
137 1230 18 12 ».

83 1250 112 20 Capucines.
212 1258 23 5 —
251 1250 26 16 Ce
293 1249 40 17 soir
350 1248 60 18 lundi,
428 1247 87 17 dernière
532 1246 23 17 de
573 1250 21 13 c.

61 1271 47 19 long*
123 1271 50 16 éclat
194 1270 23 17 de
237 1269 38 17 rire
296 1269 62 19 qu'est
378 1271 48 16 pour
446 1267 18 16 le
484 1268 109 18 spectateur

62 1296 12 12 «
92 1291 42 17 Une
153 1290 63 17 petite
234 1289 75 17 Femme
329 1291 24 14 en
373 1287 82 17 chemise
476 1292 17 11 ».
512 1285 80 17 Demain

61 1310 69 19 mardi,
144 1309 94 21 première
254 1309 58 16 d'une
328 1307 83 17 comédie
427 1306 62 20 légère
505 1305 48 17 dont
568 1308 26 13 on

61 1330 77 20 parlera
150 1333 48 16 peur
211 1329 17 16 le
241 1328 85 19 comique
340 1326 68 21 qu'elle
421 1326 76 17 atteint,
511 1328 37 16 par
556 1327 37 13 aon

61 1351 120 16 mouvement
196 1347 92 18 endiablé,
303 1351 36 13 son
355 1347 51 19 sujet
420 1345 87 20 original,
523 1345 20 16 et
558 1346 34 14 son

61 1369 148 20 Interprétation
226 1371 5 13 :
246 1372 11 11 «
270 1367 76 17 L'Ecole
359 1367 33 16 des
406 1366 78 18 Satyres
498 1369 17 12 ».

82 1394 109 17 Alhambra.
201 1401 24 6 —
234 1393 31 17 TJn
278 1392 56 17 livret
347 1390 129 18 sentimental,
489 1388 102 17 touchante

61 1415 79 17 histoire
154 1414 92 17 d'amour,
261 1411 90 18 amusant
365 1414 36 16 par
414 1408 142 19 l'Intervention
570 1409 22 14 de

61 1437 128 17 personnages
202 1433 95 19 comiques
311 1431 89 17 évoluant
415 1430 69 16 autour
497 1428 33 16 de*
544 1428 48 15 deux

62 1455 112 18 principaux
188 1452 57 18 héros
258 1452 23 16 de
295 1451 20 16 la
328 1450 58 21 pièce,
401 1452 38 14 une
451 1448 94 20 partition
561 1447 30 18 qui

61 1475 30 17 est
104 1478 27 13 nn
144 1472 93 18 véritable
248 1472 83 17 charme,
344 1469 51 17 vollft
409 1472 21 13 ce
444 1468 33 20 qui
489 1468 30 15 est
533 1466 59 17 offert

61 1498 36 16 par
111 1494 18 16 le
143 1499 10 10 «
167 1491 94 21 Peganlnl
275 1496 11 10 »
301 1490 24 17 de
338 1489 69 17 Lehar.

83 1519 57 17 Gaité
203 1518 31 16 Un
253 1520 48 16 gros,
319 1518 28 13 nn
365 1514 40 17 très
423 1516 43 16 gros
483 1511 65 17 succès
563 1511 29 16 est

61 1539 87 18 r.Iflche
163 1538 25 17 du
203 1536 76 18 théâtre
294 1536 24 16 de
332 1535 20 16 la
367 1533 63 18 Oalté.
445 1533 51 16 C'est
511 1531 18 16 le
544 1534 37 12 vau-

61 1559 67 17 derllle
140 1564 9 10 «
162 1558 66 16 J'veux
239 1555 72 18 dormir
323 1557 44 14 avec
378 1553 27 17 toi
416 1558 10 10 »
438 1552 47 16 dont
497 1551 19 16 la
528 1553 63 17 presse

61 1579 53 17 vient
130 1578 23 17 de
170 1577 50 17 taire
235 1579 28 13 un
280 1574 61 20 grand
358 1572 58 20 éloge.
432 1572 35 16 Les
484 1569 107 19 Imbroglios

61 1603 21 13 se
98 1597 118 20 multiplient
235 1598 24 13 au
277 1594 65 17 milieu
359 1593 58 16 d'une
435 1590 80 17 tranche
534 1590 54 18 gaité.

60 1620 36 16 Lea
108 1618 48 16 deux
169 1618 83 15 auteurs.
263 1614 47 16 MM.
322 1611 113 20 Hennequln
447 1611 20 16 et
479 1609 64 17 Pierre
555 1609 35 16 Ve-

62 1640 33 15 ber
107 1641 13 17 y
133 1637 35 17 ont
180 1636 38 17 ois
232 1635 42 17 tout
287 1633 42 17 leur
343 1632 67 16 talent.

82 1663 84 16 Molière.
181 1670 24 5 —
220 1666 11 10 «
245 1660 23 16 Et
285 1658 38 17 mol
338 1658 26 18 J'e
381 1657 29 16 dis
426 1655 67 20 qu'eUe
510 1654 27 17 t'a
554 1653 37 18 fait

61 1683 65 18 d'I'oeU
140 1688 17 13 ».
173 1677 198 21 comédie-vaudeville
387 1680 24 13 en
428 1676 11 16 3
456 1676 53 15 actes
524 1674 24 17 de
564 1674 25 16 M.

61 1702 112 20 Hennequln
189 1702 19 15 et
222 1701 21 16 P.
258 1698 66 19 Veber,
340 1698 29 16 est
384 1695 54 21 jouée
454 1698 45 13 avec
514 1697 28 13 un
557 1697 24 13 en-

62 1723 52 17 train
126 1719 136 22 exceptionnel.

82 1747 84 17 Théâtre
177 1744 99 18 Flamand.
288 1753 24 4 —
322 1742 62 18 Lundi
397 1741 11 17 4
421 1740 48 20 Juin,
483 1739 72 17 clôture
568 1737 23 18 do

61 1770 21 16 la
96 1768 50 17 série
162 1766 24 17 de
202 1763 162 22 représentations
382 1760 161 18 extraordinaires
560 1761 23 13 or-

63 1787 85 18 ganisées
160 1790 24 13 au
197 1785 82 18 Théfttre
291 1782 93 18 Flamand
396 1784 36 17 par
443 1780 19 16 le
475 1778 116 18 consortium

62 1809 34 16 des
110 1807 83 17 artistes.
208 1805 51 17 C'est
273 1804 48 16 donc
336 1806 21 13 ce
370 1801 41 17 soir
425 1800 81 20 qu'aura
518 1798 39 17 Ueu
571 1798 20 16 la

63 1827 85 18 dernière
161 1826 23 17 de
199 1830 10 11 «
222 1824 39 17 Wle
275 1823 76 17 Zwanst
364 1825 21 13 er
397 1824 41 13 mee
451 1820 10 16 ?
475 1824 17 12 ».

614 1151 57 16 SoleU
687 1154 5 13 :
706 1150 51 16 lever
769 1149 10 16 S
791 1149 68 16 heurea
871 1147 29 18 13;
915 1145 82 17 coucher
1010 1144 20 15 13
1043 1143 69 16 heures
1125 1141 21 16 49

613 1171 53 17 Lune
683 1173 5 13 :
703 1169 51 17 lever
768 1169 12 16 0
793 1168 58 16 heure
866 1167 29 18 03;
910 1165 82 17 coucher
1007 1163 20 17 II
1041 1161 68 18 heures
1125 1161 21 15 20,

613 1189 121 18 Déclinaison
753 1187 121 20 magnétique
1074 1184 11 15 ■
1096 1186 21 11 «°
1124 1184 16 12 u

635 1254 84 17 Ostendc
734 1257 6 13 T
754 1253 10 16 4
777 1253 68 16 heures
859 1251 21 16 49
893 1251 19 15 et
925 1250 21 15 17
958 1249 69 16 heures
1040 1247 28 17 IT.

635 1276 72 16 Anvers
723 1276 6 14 ;
744 1273 11 17 8
769 1273 68 16 heures
852 1271 20 16 12
886 1271 20 16 et
920 1270 22 16 30
957 1269 68 17 heures
1039 1266 28 17 30.

611 1325 201 25 L'aménagement
825 1324 28 20 de
864 1323 24 20 U
901 1322 65 24 place
980 1317 160 23 Sainte-Croix

637 1375 37 19 On
706 1375 158 18 commencera
884 1368 48 21 très
950 1366 190 26 prochainement

610 1399 33 21 les
657 1400 97 20 travaux
765 1397 28 20 de
807 1394 133 22 démolition
953 1393 40 20 des
1006 1391 135 21 Immeubles

610 1424 28 20 de
655 1425 23 20 la
694 1423 65 24 place
775 1418 169 23 Sainte-Croix,
960 1420 99 20 compris
1075 1416 66 19 entre

610 1448 23 20 la
651 1452 41 16 rue
710 1447 64 22 Gray
790 1446 25 19 et
831 1444 24 20 la
870 1447 42 17 rue
930 1443 28 20 de
975 1442 24 20 la
1016 1440 124 21 Brasserie.

610 1472 66 21 Cette
694 1470 126 25 entreprise
837 1473 29 16 va
884 1467 49 20 être
950 1466 57 20 mise
1023 1470 30 15 en
1070 1464 57 23 adju-

610 1497 102 21 dication
731 1496 24 20 et
773 1495 22 20 le
814 1493 100 25 premier
932 1495 59 20 coup
1011 1490 28 20 de
1058 1489 82 25 pioche

609 1526 52 16 sera
680 1519 77 22 donné
776 1517 174 27 probablement
967 1519 82 17 encore
1069 1514 71 21 avant

610 1546 131 21 l'automne.
754 1555 28 5 —
796 1544 29 20 G.

610 1584 82 20 Ixelles
706 1583 39 20 for
760 1586 54 16 ever

60 1881 34 20 La
110 1876 129 27 ménagerie
255 1876 28 21 de
301 1873 118 22 Bruxelles

86 1927 31 20 L-
133 1925 77 25 projet
237 1923 29 21 de
296 1921 83 22 Jardin
408 1918 129 25 zoologique
572 1916 15 21 à

61 1950 143 24 Schaerbeek
219 1949 24 21 et
260 1946 135 22 l'évocation
412 1945 32 20 du
462 1944 67 20 vieux
546 1947 41 16 zoo

62 1977 28 20 de
104 1974 122 22 Bruxelles,
240 1977 58 16 nous
311 1971 79 21 valent
402 1970 40 20 des
455 1969 80 21 lettres
549 1968 26 20 in-

62 2000 138 22 téressantes
215 1998 28 21 de
259 2001 43 17 nos
317 1996 105 21 lecteurs.

86 2026 43 20 Un-
143 2025 72 21 d'eux,
232 2027 25 17 se
275 2020 104 22 souvient
398 2019 64 21 avoir
479 2018 66 20 visité
564 2017 23 20 la

61 2049 129 24 ménagerie
205 2048 31 21 du
254 2048 58 19 Parc
329 2044 98 24 Léopold
444 2048 29 16 en
492 2042 95 21 1877-78.

86 2076 32 20 Le
128 2076 54 22 long
194 2073 31 21 du
236 2071 92 22 chemin
340 2070 15 21 à
366 2068 94 22 l'entrée
472 2068 28 20 de
512 2068 23 20 la
546 2071 41 17 rue

61 2099 101 22 Belliard
173 2103 25 16 se
212 2096 130 22 trouvaient
355 2095 28 20 de
395 2093 127 21 nombreux
533 2096 41 20 per-

63 2125 74 20 choirs
153 2127 56 17 avec
226 2122 41 20 des
281 2119 139 26 perroquets.

86 2146 191 27 L'emplacement
296 2146 31 20 du
348 2143 79 22 Musée
471 2141 115 22 d'histoire

78 2174 96 21 aturelle
187 2171 58 22 était
257 2169 84 25 occupé
354 2173 43 21 par
408 2168 24 20 la
444 2166 105 25 singerie.

86 2197 121 24 Vis-à-vis,
230 2200 40 17 sur
293 2195 33 20 les
349 2193 103 25 pelouses
473 2197 24 15 se
522 2192 52 20 trou-

61 2223 79 22 vaient
155 2222 33 21 les
202 2220 76 22 enclos
294 2223 45 17 aux
354 2218 85 21 biches,
454 2217 81 21 daims,
551 2216 23 20 la-

61 2253 52 16 mas
125 2248 25 22 et
162 2247 59 21 dans
231 2246 22 20 le
266 2245 49 21 bols
327 2243 52 26 près
393 2243 31 21 du
436 2242 37 21 lac
486 2241 101 21 vivaient

62 2273 34 21 les
112 2277 60 17 ours.

87 2298 41 21 Un
141 2295 113 22 bâtiment
269 2292 145 26 aujourd'hui
428 2291 83 22 démoli
526 2290 50 21 abri-

62 2323 46 20 tait
125 2322 60 21 deux
203 2320 91 25 girafes,
313 2319 59 20 deux
390 2316 127 25 éléphants,
547 2315 41 20 des

62 2347 74 22 zébus,
155 2346 43 21 etc.
216 2345 55 20 Plus
290 2344 28 21 de
339 2343 59 20 lions
417 2342 25 20 ni
463 2341 28 20 de
511 2340 77 23 tigres.

62 2372 44 20 Ces
122 2371 81 21 fauves
217 2368 117 22 n'avaient
352 2372 42 20 pas
411 2366 108 25 supporté
534 2365 40 21 l'at-

62 2395 120 26 mosphère
197 2394 94 21 humide
306 2393 32 21 du
352 2396 62 21 pare.

86 2421 34 21 Le
132 2422 56 22 long
201 2419 29 21 da
243 2419 24 21 la
281 2418 71 24 grille,
365 2415 110 22 chaussée
489 2415 87 21 d'Etter-

60 2445 64 21 beek.
143 2449 32 17 on
193 2443 79 25 voyait
289 2443 34 20 les
342 2442 72 24 loups,
434 2441 35 21 les
485 2440 102 20 renards.

61 2471 37 20 En
114 2469 64 25 dépit
193 2468 40 21 des
249 2467 69 21 soins,
335 2467 39 20 des
390 2466 82 20 odeurs
488 2464 87 21 nauséa-

61 2494 88 21 bondes
164 2493 131 21 s'élevaient
311 2492 32 21 du
359 2490 82 22 Jardin
458 2490 117 21 d'acclima-

61 2519 83 21 tation.

87 2545 48 19 Des
145 2547 86 21 ponevs
242 2542 24 21 et
278 2542 40 20 des
330 2541 127 21 chameaux
468 2540 107 23 transpor-

62 2568 77 22 taient
151 2568 34 21 les
198 2567 95 21 enfants
306 2567 24 20 et
344 2566 41 20 nul
398 2565 69 21 doute
481 2569 43 19 que
538 2564 52 24 plus

62 2593 55 21 d'un
132 2592 127 22 Bruxellois
276 2596 25 16 se
319 2590 105 22 souvient
439 2594 82 16 encore
538 2589 37 20 d'a-

59 2619 51 19 voir
126 2621 113 19 parcouru
256 2617 33 20 les
305 2615 69 21 allées
391 2615 32 20 du
440 2618 62 21 parc,
519 2612 69 25 juché

59 2647 43 16 sur
119 2643 24 20 la
162 2642 55 21 selle
236 2641 128 24 tanguante
384 2640 55 20 d'un
458 2639 80 20 navire
557 2638 32 21 du

62 2667 83 22 désert.
158 2677 29 6 —
201 2666 27 21 L.

63 2704 75 21 Petite
154 2709 75 18 cause,
245 2703 86 24 grands
347 2702 95 21 effets...

90 2751 140 21 Savez-vous
242 2751 83 24 qu'une
338 2749 63 21 seule
414 2748 72 25 petite
500 2752 79 16 annon-

65 2780 34 17 ce,
111 2775 87 22 insérée
210 2775 15 21 à
237 2771 46 25 bon
293 2774 88 21 escient
392 2773 60 21 dans
466 2781 9 9 ■
487 2773 34 20 La
533 2773 46 20 Der-

66 2801 65 21 nière
143 2801 76 20 Heure
233 2808 19 16 »,
263 2800 56 25 peut
332 2799 64 21 avoir
407 2802 42 17 sur
460 2798 65 20 votre
538 2801 42 16 ave-

65 2829 39 18 nir
115 2830 35 17 un
162 2825 48 22 très
223 2824 74 25 grand
310 2824 60 21 effet
381 2823 25 21 et
416 2826 58 17 vous
486 2822 65 21 aider
577 2821 15 21 à

65 2850 70 21 sortir
151 2850 29 21 de
196 2848 118 22 l'ornière?

91 2875 97 22 Essayez
204 2873 59 21 donc
280 2877 56 17 sans
353 2872 79 21 tarder
447 2871 24 20 la
486 2871 106 22 rubrique

67 2906 11 12 •
92 2898 102 25 Emplois
211 2896 125 24 demandés
354 2905 11 9 •
382 2896 42 21 des
440 2896 86 20 Petites
543 2896 37 19 An-

65 2928 86 17 nonces
164 2923 29 23 de
207 2930 10 11 «
231 2923 34 20 La
277 2920 109 23 Dernière
399 2921 76 20 Heure
490 2928 19 13 ».
523 2920 70 22 CD4/8

63 2968 95 20 Rubens
169 2967 25 20 et
206 2966 29 21 de
247 2966 47 21 Vos

87 3015 35 20 La
133 3015 69 20 vente
214 3018 46 16 aux
273 3012 109 22 enchères
395 3012 28 20 de
435 3012 23 20 la
471 3011 118 21 collection

62 3039 113 21 d'eeuvres
188 3038 61 22 d'art
262 3037 29 22 de
302 3037 41 21 feu
355 3037 34 21 M.
402 3037 27 20 A.
441 3037 22 20 J.
477 3036 84 23 Sulley,
575 3035 13 21 à

61 3064 109 22 Londres,
188 3067 59 17 nous
265 3062 90 25 permet
373 3066 34 16 un
424 3061 93 21 curieux
534 3064 44 21 rap-

61 3089 158 23 prochement.

87 3114 79 19 Parmi
179 3113 35 20 les
228 3117 88 16 œuvres
331 3112 115 23 adjugées,
461 3115 58 16 nous
530 3111 47 20 rele-

61 3142 59 16 vons
134 3142 34 16 un
181 3137 92 21 tableau
287 3137 28 21 de
327 3137 95 20 Rubens
438 3143 9 9 -
461 3135 34 21 La
508 3134 69 21 récon-

62 3162 104 21 ciliation
188 3162 83 21 d'Esaii
292 3162 25 20 et
339 3161 29 21 de
390 3161 73 20 Jacob
486 3168 10 10 »
520 3160 70 21 au'un

62 3189 107 18 amateur
182 3187 80 20 enleva
274 3190 59 20 pour
347 3186 38 20 520
399 3184 94 23 guinées
510 3184 80 21 (59.800

62 3212 89 22 francs)
174 3212 25 21 et
218 3216 33 15 un
269 3211 100 24 portrait
387 3210 114 20 d'hemme
520 3210 24 20 et
562 3210 28 19 de

62 3236 86 21 femme
163 3241 44 20 par
223 3235 113 22 Corneille
353 3235 29 20 de
397 3235 46 20 Vos
458 3238 59 20 pour
534 3234 56 20 1.000

62 3260 95 24 guinées
174 3261 93 20 (115.000
282 3260 98 21 francs).

87 3285 41 21 Un
144 3285 94 21 Rubens
255 3289 59 20 pour
333 3284 71 21 60.000
421 3283 90 21 francs!
532 3284 59 19 s'ex-

63 3308 177 23 r*lamera^t-on!
262 3310 20 20 A
303 3309 50 21 vrai
374 3308 55 23 dire,
450 3312 26 17 ce
497 3308 94 20 Rubens

62 3335 78 21 vendu
158 3335 15 20 à
190 3334 102 21 Londres
310 3334 35 20 est
360 3333 77 25 plutôt
454 3337 47 16 une
521 3332 70 24 copie,

62 3363 32 17 vu
106 3364 43 20 que
160 3358 113 25 l'original
285 3359 29 20 de
325 3358 24 21 la
363 3366 8 9 «
385 3357 182 21 Réconciliation
580 3365 9 9 »

62 3388 26 18 se
102 3384 81 20 trouve
200 3383 15 21 à
232 3383 103 21 Munich.
352 3383 31 20 Le
400 3381 79 22 Musée
496 3381 95 21 Plantin

64 3408 109 21 d'Anvers
192 3408 94 25 possède
305 3412 46 16 une
367 3406 68 22 étude
454 3407 55 20 d'un
526 3406 53 24 frag-

62 3433 68 21 ment
141 3433 28 21 de
180 3438 27 16 ce
218 3433 101 21 tableau,
329 3432 58 20 faite
398 3436 44 19 par
453 3432 101 20 Rubens.

93 3457 114 22 Corneille
232 3457 28 22 de
284 3457 46 20 Vos
355 3456 106 21 excellait
486 3456 59 20 dans
570 3455 23 20 la

64 3483 87 23 grande
162 3482 114 25 peinture.
286 3482 39 19 On
336 3479 98 27 prétend
445 3485 42 20 que
498 3480 94 21 Rubens

62 3507 34 21 lui
115 3506 127 25 renvoyait,
262 3510 88 16 comme
371 3505 15 21 à
406 3510 33 15 un
460 3505 66 20 autre
547 3504 45 21 lui-

54 3531 84 22 'même
157 3531 34 21 les
208 3535 125 17 Dersonnes
353 3530 28 21 de
401 3529 134 21 distinction
553 3528 39 25 qui

63 3556 119 21 voulaient
202 3555 49 21 être
271 3555 90 24 peintes
381 3559 43 19 par
440 3554 34 20 lui
495 3554 24 20 et
539 3553 54 25 qu'il

63 3581 89 20 n'a-"ait
165 3585 43 19 pas
224 3580 21 22 le
260 3580 75 24 temps
350 3579 29 21 de
394 3578 142 21 satisfaire...
563 3587 7 5 -

92 3605 113 22 Corneille
217 3605 28 20 de
255 3605 46 20 Vos
312 3604 38 25 qui
362 3603 58 21 étalt
430 3603 64 21 l'ami
505 3603 27 20 de
543 3603 38 20 Ru-

64 3630 58 21 bens
133 3630 39 21 fut
183 3631 63 19 aussi
256 3629 59 21 celui
328 3629 28 21 de
368 3628 53 21 Van
433 3627 71 25 Dyck.
515 3637 29 6 —
554 3627 26 21 L.

67 3668 119 20 Vacances
200 3666 15 21 à
230 3666 25 21 la
270 3666 70 21 mer?

634 1631 34 20 La
684 1634 121 16 commune
821 1627 104 21 d'Ixelles
941 1630 14 16 a
969 1625 77 22 donné
1061 1621 22 24 Iè
1098 1624 42 20 ton

609 1660 30 16 en
651 1655 97 21 matière
760 1653 134 22 d'éclairage
908 1651 86 25 public;
1009 1650 24 20 la
1046 1649 94 25 plupart

609 1681 28 21 dc
656 1685 36 16 ses
712 1678 99 26 grandes
831 1677 87 21 artères
939 1677 54 19 sont
1013 1676 14 20 à
1046 1674 94 24 présent

609 1704 107 22 éclairées
730 1704 15 20 à
760 1701 148 23 l'électricité:
925 1700 111 21 toutefois
1051 1703 89 17 avenue

609 1730 28 20 de
655 1730 23 20 la
697 1729 85 20 Toison
802 1728 55 20 d'Or
875 1726 98 21 subsiste
993 1729 82 16 encore
1108 1728 33 15 un

610 1754 111 24 éclairage
757 1753 71 20 mixte
860 1751 40 25 qui
921 1751 35 20 vit
977 1754 38 17 ses
1038 1748 102 22 derniers

609 1779 65 21 mois.
1074 1798 65 7 ....

633 1802 214 23 L'administration
870 1805 79 20 espère
972 1800 64 20 avoir
1058 1798 82 21 réalisé

610 1829 59 21 dans
690 1833 32 16 un
743 1828 60 21 délai
824 1827 55 21 d'un
897 1831 33 15 an
950 1835 27 5 —
996 1823 144 22 c'est-à-dire

610 1854 72 20 avant
697 1852 51 22 1935
760 1863 28 5 —
801 1851 128 24 l'éclairage
944 1849 123 24 électrique
1082 1848 58 20 dans

610 1879 64 21 toute
686 1877 114 22 l'étendue
813 1877 28 21 de
854 1877 25 21 la
892 1879 127 17 commune.
1032 1884 28 5 —
1073 1873 29 21 O.

609 1917 32 20 Le
656 1916 86 24 budget
757 1916 29 20 de
804 1913 143 22 Schaerbeek

634 1964 34 20 La
686 1967 121 17 commune
824 1961 28 21 de
871 1959 144 23 Schaerbeek
1029 1959 65 21 vient
1112 1961 28 18 de

609 1993 25 17 se
651 1988 50 21 voir
717 1988 121 20 retourner
855 1996 28 5 —
900 1990 44 20 par
959 1984 22 22 le
998 1987 143 22 gouverneur

611 2014 28 21 de
654 2014 22 20 la
692 2013 107 24 province
813 2022 28 5 —
855 2015 42 17 son
910 2010 85 23 budget
1010 2013 59 21 pour
1084 2009 57 20 1934.

609 2039 31 20 Le
665 2038 91 21 Conseil
780 2037 71 22 avait,
871 2034 184 22 conformément
1079 2033 15 21 à
1117 2034 25 20 la

610 2062 100 22 décision
733 2062 60 25 prise
814 2066 44 20 par
880 2061 24 20 la
927 2059 136 22 conférence
1101 2059 40 20 des

610 2087 107 21 échevins
732 2087 40 21 des
787 2086 112 21 finances,
914 2085 82 20 inscrit
1011 2089 31 16 au
1055 2083 86 24 budget

610 2112 187 22 extraordinaire,
821 2111 24 20 la
869 2110 100 24 dépense
993 2109 135 24 supplémen-

610 2137 58 21 taire
683 2138 23 20 et
719 2136 137 21 Inattendue
870 2135 114 21 résultant
996 2134 28 21 de
1038 2135 23 19 la
1076 2133 51 21 créa-

609 2162 50 21 tion
700 2161 32 21 du
753 2160 69 21 fonds
844 2164 108 17 commun
973 2160 27 20 de
1022 2159 118 20 chômage.

610 2187 66 20 Cette
694 2185 103 22 manière
814 2185 28 21 de
860 2185 110 24 procéder
987 2184 39 21 n'a
1043 2188 43 19 pas
1104 2183 37 21 été

611 2211 87 21 admise
715 2211 24 20 et
755 2210 22 21 le
793 2210 86 22 budget
906 2210 37 20 est
971 2208 99 24 renvoyé
1087 2208 15 21 à
1117 2208 25 21 la

612 2240 121 16 commune
757 2240 55 15 avec
834 2234 126 24 obligation
985 2234 37 24 d'y
1046 2233 96 21 Inscrire

609 2261 75 24 parmi
700 2260 34 21 les
748 2260 111 24 dépenses
874 2259 128 21 ordinaires
1017 2263 46 16 une
1078 2263 50 16 som-

610 2290 37 16 me
664 2286 28 20 de
708 2285 53 24 plus
776 2285 30 20 de
822 2284 57 21 trois
895 2284 101 21 millions
1012 2284 29 20 de
1055 2284 86 20 francs.

636 2311 94 20 Comme
745 2310 60 21 cette
821 2309 99 24 dépense
935 2308 115 21 ordinaire
1066 2308 62 24 impo-

609 2334 38 22 sée
665 2340 43 16 Dar
723 2335 71 20 l'Etat
811 2334 48 21 doit
877 2333 48 21 être
944 2332 135 25 compensée
1110 2337 31 16 au

610 2360 104 24 chapitre
731 2360 40 20 des
789 2359 98 21 recettes
902 2369 27 5 —
946 2358 23 21 et
987 2363 25 16 ce
1030 2362 31 17 en
1077 2357 64 25 plein

611 2385 100 20 exercice
724 2384 135 24 budgétaire
873 2394 27 5 —
914 2383 50 21 cela
977 2387 55 20 pose
1047 2386 33 16 un
1093 2382 49 21 très

611 2414 67 20 grave
693 2409 116 25 problème
825 2408 130 24 d'équilibre
971 2408 24 20 et
1008 2408 29 20 de
1051 2407 77 21 redres-

609 2435 91 20 sement
722 2434 115 21 financier
859 2438 44 20 que
926 2432 144 21 Schaerbeek
1093 2431 47 21 doit

610 2459 107 22 résoudre
731 2458 15 22 à
757 2459 52 21 bref
823 2458 67 22 délai.
901 2468 28 5 —
941 2457 30 21 G.

611 2498 61 20 Poar
688 2497 34 20 les
741 2503 12 12 a
770 2496 100 24 dragons
886 2503 13 12 *

94 3713 118 20 Vacances
229 3712 16 22 à
262 3713 25 20 la
303 3711 141 25 campagne?
461 3713 37 20 Du
516 3712 79 24 repos?

67 3738 48 20 Des
138 3737 147 21 distractions
307 3737 149 21 mondaines?
480 3737 116 20 DINARD

68 3766 58 17 vous
138 3762 61 21 offre
212 3763 52 20 tout
276 3762 56 21 cela.
344 3763 45 20 Les
400 3762 60 20 mois
471 3760 60 22 d'été
543 3762 54 20 sont

68 3786 147 21 merveilleux
230 3791 41 16 sur
286 3786 25 21 la
327 3786 57 21 Côte
401 3787 155 20 d'Emeraude.
573 3787 24 20 et

68 3812 118 20 DINARD
197 3815 30 17 en
240 3811 35 21 est
286 3811 24 21 la
321 3811 73 22 Perle.
514 3811 82 21 (H8359

68 3853 46 20 Les
119 3853 170 21 sourds-muets
295 3853 25 21 et
325 3853 108 24 aveugles
438 3859 30 15 en
475 3854 120 20 excursion

92 3900 137 23 Dimanche,
242 3900 53 20 tous
307 3900 34 20 les
354 3899 74 21 élèves
442 3901 29 21 de
484 3900 112 22 l'Institut

65 3924 128 24 provincial
211 3925 28 21 de
259 3924 169 21 sourds-muets
445 3926 25 20 et
489 3925 106 23 aveugles

67 3949 31 21 du
117 3949 105 21 Brabant
241 3948 16 22 à
273 3949 113 20 Berchem
405 3949 190 25 Sainte-Agathe,

68 3973 43 21 ont
126 3973 47 21 fait
187 3978 56 16 une.
251 3973 120 21 excursion
386 3978 30 16 en
432 3976 56 18 auto
505 3973 15 22 à
535 3975 49 20 Lou-

67 3998 62 21 vain.
147 3998 155 21 Trente-trois
319 3998 107 24 voitures,
443 3998 69 21 mises
542 4003 42 19 gra-

69 4023 141 20 cieusement
228 4023 14 20 à
261 4022 24 21 la
303 4022 135 25 disposition
456 4023 32 21 du
507 4023 91 21 Conseil

66 4046 210 21 d'administration
310 4047 31 21 du
375 4047 144 21 Protectorat
552 4052 44 20 par

65 4070 52 22 leur
150 4070 157 26 propriétaire,
342 4071 52 21 tous
428 4072 110 21 habitant
572 4072 23 20 la

67 4100 129 19 commune,
215 4096 89 24 prirent
322 4097 22 21 le
364 4095 81 25 départ
461 4096 16 21 à
496 4097 13 20 8
526 4096 24 21 h.
570 4097 26 20 30

68 4124 59 20 pour
139 4120 103 21 Louvaln
254 4119 30 22 où
295 4125 46 16 une
354 4120 108 21 collation
473 4121 39 21 fut
523 4125 72 17 servie

68 4149 47 16 aux
129 4144 105 26 protégés
249 4144 29 22 de
292 4145 102 21 l'œuvre.
407 4155 28 6 —
448 4145 29 21 G.

73 4208 284 46 DERNIÈRE
380 4215 220 39 MINUTE

170 4877 107 19 COURSES
292 4879 16 16 A
321 4878 137 18 BOITSFOET

85 4909 34 18 If.
130 4918 24 6 —
165 4909 83 18 DERBY
260 4911 79 17 BELGE
358 4919 23 5 —
395 4912 8 16 1
423 4912 82 21 Laocon,
519 4912 42 21 8/1;

66 4942 17 17 2.
100 4942 46 18 Fair
163 4943 55 19 Lord.
236 4944 41 19 3/1;
294 4943 16 18 3.
330 4945 66 15 3.-3*:,,:
421 4944 49 20 13/1.

86 4974 44 18 Non
147 4975 66 21 placés
234 4980 6 14 ;
258 4975 142 21 Pelajgonlum;
420 4976 87 20 Flablen;
528 4978 23 16 Jo-

64 5008 134 21 hannesburg;
214 5009 66 21 Knop;
296 5009 105 21 Séraphin;
418 5009 70 19 Orand
502 5010 49 18 Duc.

622 315 41 20 La
679 314 235 24 Tompératurt

710 364 114 18 INSTITUT
836 365 221 21 3T.IETEOROLOaIQ.UE

799 391 33 16 DE
843 391 120 20 BELGIQUE

725 445 117 16 BULLETIN
856 445 33 17 DU
903 446 11 15 S
927 446 54 16 JUIN
996 446 42 16 19.11

682 471 96 16 Sltu.tion
793 470 154 20 atmosphérique
960 472 12 16 à
989 473 7 14 T
1014 472 67 17 heures

637 498 41 16 Une
693 497 109 19 dépression
816 497 66 19 passée
897 498 42 16 hier
952 498 40 17 soir
1006 502 33 13 sur
1053 499 19 16 la
1087 499 60 19 Belg!.

616 520 40 16 que,
671 521 21 12 se
708 517 76 20 déplace
799 520 43 13 vers
857 518 17 16 le
889 518 88 19 Sud-Est,
993 521 43 14 vers
1051 518 19 17 la
1085 519 64 16 Suisse

616 537 19 16 et
650 536 74 17 l'Italie.

637 557 30 16 Un
680 556 119 19 anticyclone
812 556 66 17 centré
891 561 34 12 sur
937 557 88 19 l'Ecosse,
1037 558 75 17 s'étend
1126 559 23 15 de

615 576 124 19 l'Atlantique
757 576 12 16 ft
786 576 19 17 la
823 577 134 17 Scandinavie.

637 596 50 16 Nous
701 596 101 17 observons
814 600 22 13 ce
850 597 67 17 matin,
928 601 35 13 sur
975 597 20 17 la
1007 597 94 20 Belgique,
1116 598 33 16 de*

615 617 56 15 vents
688 615 85 18 modéré*
809 619 53 13 assea
879 616 50 17 torts
947 617 25 16 du
990 617 51 17 Nord
1059 617 11 16 ft
1088 617 60 17 Nord-

615 635 39 17 Est,
672 638 27 14 un
716 635 35 17 ciel
770 639 87 15 nuageux
875 640 45 13 avec
939 637 102 18 éclalrclcs,
1061 637 88 19 quelques

615 655 60 19 pluies
690 656 19 15 et
726 655 25 17 du
765 656 105 16 brouillard
886 659 20 14 ct
921 657 33 16 dea
971 657 138 20 température*
1125 656 23 17 de

616 675 30 16 11«
659 675 86 18 environ.

796 708 68 20 Temps
881 708 88 20 présumé

636 741 58 17 Vents
714 741 25 17 du
760 741 101 19 Nord-Est.
880 741 86 18 modérés
987 741 11 16 ft
1019 744 52 13 assea
1094 740 52 17 forts.

615 764 93 16 nuageux,
722 761 103 19 éclalrcies,
838 765 69 13 encore
921 761 89 20 quelques
1022 759 70 19 ondées
1103 762 36 18 pos-

613 781 58 17 sibles
685 782 20 16 et
719 781 129 20 température
863 781 92 17 modérée.

725 815 35 16 Lea
773 814 138 19 températures
924 814 13 16 ft
949 814 10 16 7
972 814 68 16 heures

1097 844 19 15 11
1136 843 11 15 ft

637 847 29 17 10°
686 847 11 16 ft
716 847 87 19 Chimay.
822 846 106 20 Reykjavik
947 847 19 16 et
984 845 84 17 Londres

614 867 104 17 Bruxelles:
735 867 20 16 12
770 867 12 16 ft
796 867 90 18 Ostende.
900 866 47 17 Brée
962 867 19 15 et
995 863 118 19 Stockholm;
1128 863 19 16 13

615 887 11 15 ft
641 888 60 18 Paris,
713 887 62 17 B^.rne
790 888 19 15 et
823 886 53 18 Oslo:
892 886 19 16 14
926 886 11 15 ft
951 885 133 19 Copenhague:
1102 882 19 16 15
1136 882 10 15 ft

614 907 88 17 Utrecht:
721 907 21 16 16
759 906 12 17 ft
788 906 104 18 Budapest:
912 906 26 15 17.
953 905 12 16 ft
982 903 97 17 Varsovie:
1098 902 20 15 18
1136 901 11 15 ft

614 927 72 16 Vienne
698 928 21 15 et
732 926 84 19 Madrid;
833 927 19 15 10
867 926 11 16 à
893 926 80 18 Prague:
988 924 21 16 20
1023 923 11 16 à
1047 922 99 17 Lisbonne.

694 959 135 16 Observations
845 958 12 17 à
871 957 61 19 Ueele,
948 956 12 17 k
974 956 11 16 1
999 955 69 16 heures

614 993 110 17 Brom-tre
742 992 51 17 (1020
809 991 94 17 millibars
919 990 19 18 6)
1065 985 44 17 7e5n
1108 988 39 24 ?S-

613 1012 136 20 Température
768 1011 104 17 maximum
1107 1008 40 27 **__

612 1032 137 19 Température
770 1031 100 17 minimum
1117 1027 30 25 *,!>

614 1051 96 18 Humidité
1076 1047 71 27 ,„"-,

614 1073 39 15 Eau
673 1071 94 17 recueillie
1076 1062 71 31 "J™*

614 1092 97 16 Direction
726 1091 26 16 du
767 1090 46 17 vent
828 1101 5 5 .

614 1112 72 16 Vitesse
702 1111 25 16 du
743 1111 46 15 vent
806 1120 26 5 ....

614 1132 72 16 Heures
704 1131 23 16 de
747 1129 52 17 soleil

1096 1082 50 17 Nord

1085 1103 10 16 5
1105 1105 20 13 m
1137 1101 10 16 S

1071 1122 12 16 0
1093 1122 21 16 h.
1127 1121 19 16 10

637 2544 148 21 L'Escadrille
805 2544 28 20 de
851 2543 53 20 huit
921 2542 41 22 des
979 2543 113 23 Dragons,
1111 2542 30 20 du

613 2570 37 20 1er
667 2568 114 25 régiment
799 2567 130 21 d'Aviation
946 2568 93 20 d'Evere
1057 2572 15 15 a
1088 2571 54 18 reçu

612 2599 33 17 un
659 2594 122 22 hommage
793 2593 114 20 touchant
920 2593 39 23 qui
973 2592 33 21 lul
1019 2597 15 15 a
1046 2591 37 21 été
1097 2592 46 20 fait

611 2623 43 20 par
669 2619 22 21 le
707 2619 117 23 sculpteur
839 2617 151 21 Thomasson.

638 2644 43 21 Cet
696 2644 81 20 artiste
791 2643 35 21 est
840 2642 96 21 menacé
952 2642 28 21 de
996 2641 77 23 cécité,
1088 2643 25 19 et
1128 2647 14 15 a

611 2669 70 20 voulu
692 2668 59 21 faire
763 2672 34 16 un
809 2667 63 24 geste
885 2667 146 24 symbolique.
1041 2667 22 20 U
1077 2671 14 16 a
1105 2666 37 20 of-

618 2693 41 21 'ert
677 2697 46 17 aux
741 2693 83 25 pilotes
841 2692 30 21 de
888 2692 25 21 la
931 2691 53 22 huit
1002 2696 43 16 son
1064 2696 78 16 œuvre

621 2726 3 10 i
640 2719 74 20 l'Yser
728 2726 19 13 ».
849 2725 18 13 *

637 2744 103 20 L'Union
753 2743 40 21 dss
805 2742 61 21 Ailes
878 2746 43 21 que
932 2741 90 25 préside
1033 2742 33 20 M.
1078 2741 25 20 P.
1117 2742 25 19 A.

612 2768 52 21 Van
681 2768 159 21 Stockhausen
858 2772 15 15 a
889 2766 105 25 organisé
1010 2771 46 16 une
1070 2766 72 24 petite

613 2792 127 21 cérémonie
757 2792 47 21 très
819 2792 81 25 simple
916 2792 39 25 qui
968 2791 54 21 s'est
1038 2790 104 23 déroulée

613 2818 56 21 chez
680 2818 34 20 les
725 2818 113 23 Dragons.
849 2827 28 6 —
888 2817 24 21 S.

615 2855 75 24 Aigles
704 2855 25 20 et
743 2855 81 20 avions

639 2903 35 20 De
692 2903 75 24 temps
782 2901 15 21 à
814 2901 67 22 autre
898 2905 31 17 on
947 2901 35 21 dlt
998 2901 70 25 qu'un
1084 2901 60 24 aigle

614 2928 36 20 est
662 2931 61 17 venu
737 2927 107 24 attaquer
857 2931 34 17 un
904 2926 70 21 avion
987 2928 25 19 et
1025 2926 54 21 s'est
1093 2926 37 20 fra-

614 2952 64 21 cassé
691 2956 41 16 sur
744 2956 36 16 ses
792 2951 63 21 ailes.

637 2978 32 19 Le
685 2977 80 24 prince
781 2977 102 22 Bibssco,
898 2975 119 24 président
1032 2975 29 21 de
1077 2975 25 21 la
1117 2975 26 20 F.

611 3002 27 20 A.
651 3002 19 20 L
684 3006 30 16 en
727 3005 86 20 voyage
826 3005 52 16 vers
889 3001 24 20 la
926 3000 72 24 Syrie,
1012 3000 43 21 dut
1068 3000 62 20 atter-

612 3026 33 21 rir
665 3031 64 16 assez
747 3025 164 25 brusquement
929 3025 18 22 11
966 3029 16 21 y
1001 3030 16 15 a
1036 3025 108 24 quelques

613 3050 92 22 années.
724 3055 66 16 aorss
808 3055 45 17 Ui*e
870 3050 103 21 collision
991 3054 55 16 avec
1066 3054 32 16 m
1113 3050 29 20 de

613 3081 36 16 ce-
670 3076 85 23 grands
776 3075 41 21 o's*
824 3080 52 16 aux.

637 3100 151 21 Récemment
804 3105 31 16 on
851 3100 110 24 signalait
975 3104 47 16 une
1039 3099 103 21 collision

613 3126 65 20 entre
691 3130 33 16 un
739 3126 78 20 oiseau
829 3125 25 21 et
866 3129 34 16 un
913 3125 69 20 avion
994 3125 28 20 de
1035 3124 62 24 ligne
1112 3128 29 16 en

612 3151 94 25 Afrique
720 3150 31 21 du
764 3150 55 21 Sud.
832 3150 52 25 puis
897 3154 45 17 une
956 3149 67 21 autre
1036 3154 30 16 en
1080 3149 49 21 Alle-

612 3180 89 18 magne.
713 3175 62 21 Tout
789 3175 50 21 cela
853 3175 85 22 semble
953 3174 83 21 établir
1050 3178 44 20 que
1108 3174 34 20 les

613 3200 71 24 aigles
700 3200 107 24 essayent
827 3199 88 25 parfois
934 3198 22 22 le
975 3199 92 21 combat
1087 3203 56 17 avec

611 3225 34 21 les
667 3225 85 24 grands
773 3225 93 20 oiseaux
888 3223 152 25 mécaniques,
1062 3228 41 16 etr
1125 3223 17 20 il

613 3254 29 16 ne
656 3250 67 25 s'agit
736 3249 54 26 plus
804 3249 29 22 de
847 3249 114 21 collisions
976 3248 166 22 accidentelles.

613 3285 28 6 —
655 3275 24 21 S.

614 3313 85 20 Contre
709 3312 34 20 les
756 3311 94 21 méfaits
863 3311 28 21 de
905 3311 119 24 I'Espierre

639 3360 31 20 Le
688 3359 155 24 bourgmestre
862 3358 28 21 de
908 3358 77 23 Gand,
1000 3359 33 20 M.
1050 3358 92 21 Vander

614 3384 85 24 Stegen
715 3384 65 20 vient
797 3384 140 20 d'annoncer
953 3387 44 20 que
1014 3383 116 20 l'adminis-

613 3409 89 20 tration
732 3408 143 21 communale
892 3408 52 20 fera
961 3412 47 16 une
1038 3408 105 20 nouvelle

614 3433 122 21 démarche
749 3433 83 24 auprès
844 3433 31 20 du
888 3433 185 23 gouvernement,
1085 3433 58 24 polir

614 3458 90 21 obtenir
718 3458 53 25 qu'il
783 3458 74 21 active
872 3458 33 20 les
917 3457 156 24 négociations
1088 3462 55 16 avec

615 3483 24 20 la
652 3483 89 21 Prance
756 3488 30 15 en
801 3487 44 19 vue
860 3482 119 24 d'enrayer
992 3481 24 21 la
1031 3481 112 24 pollution

616 3508 40 20 des
670 3512 60 16 eaux
744 3508 29 21 de
787 3512 42 16 nos
844 3512 91 16 canaux
949 3507 24 21 et
987 3506 100 25 rivières,
1101 3511 43 21 par

615 3533 68 21 celles
700 3533 29 21 de
745 3533 125 24 I'Espierre.

616 3570 36 21 Où
666 3570 33 20 les
714 3569 97 21 locustes
824 3569 48 21 s'en
886 3569 86 21 mêlent

642 3617 25 20 Si
682 3616 49 21 être
747 3625 10 9 «
774 3616 114 21 descendu
904 3624 9 10 »
931 3621 44 20 par
988 3620 33 16 un
1035 3615 58 25 aigle
1109 3617 36 20 est

617 3641 152 24 désagréable,
789 3641 17 21 il
825 3646 15 19 y
860 3646 16 16 a
895 3641 41 21 des
956 3641 118 21 accidents
1093 3641 52 25 plus

616 3666 93 21 curieux
728 3666 39 24 qui
787 3670 24 17 se
828 3666 140 25 produisent.
988 3665 157 24 Récemment,

616 3695 30 16 au
663 3690 135 25 Transvaal,
815 3695 33 16 un
864 3690 70 25 pilote
952 3690 57 21 était
1028 3691 117 21 contraint

620 3716 117 21 d'atterrir
760 3720 31 16 en
814 3715 76 25 pleine
914 3715 94 21 brousse
1032 3720 44 20 par
1100 3720 45 17 une

617 3745 76 19 panne
709 3741 29 20 de
753 3740 97 22 moteur.

642 3765 22 20 Il
679 3765 113 24 constata,
806 3765 56 21 sitôt
877 3764 61 26 posé,
953 3769 43 20 que
1011 3765 40 21 des
1066 3765 66 21 saute-

617 3789 67 21 relles
697 3790 58 20 dont
767 3790 17 21 il
797 3790 64 20 avait
873 3794 55 16 sans
940 3790 49 21 s'en
1003 3790 81 21 douter
1095 3790 38 20 tra-

616 3814 65 21 versé
695 3819 33 16 un
741 3815 44 23 vol,
798 3815 93 20 avaient
905 3813 95 26 pénétré
1014 3814 59 22 dans
1086 3813 46 22 l'ad-

618 3839 95 21 mission
728 3839 31 22 du
772 3839 98 22 moteur.
883 3850 27 4 —
926 3840 23 20 S.

618 3883 12 12 «
648 3876 92 20 Fermez
756 3876 35 20 les
808 3876 110 21 fenêtres!
939 3883 12 12 »

642 3923 42 20 Tel
696 3923 36 20 est
743 3923 21 21 le
778 3923 85 21 conseil
875 3927 43 20 que
932 3922 76 21 donne
1020 3922 16 22 Y
1044 3930 10 11 «
1067 3922 78 22 Union

617 3947 41 21 des
678 3948 163 20 Sans-Fillstes
858 3947 163 22 Salnt-Glllols
1042 3956 10 10 »
1078 3952 6 17 :

645 3980 9 10 n
671 3972 31 21 Le
720 3972 116 21 monsieur
854 3972 39 24 qui
909 3977 25 16 se
951 3973 70 20 vante
1040 3972 29 21 de
1086 3972 59 22 faire

617 3997 111 21 entendre
748 4001 44 17 son
813 3997 114 20 diffuseur
948 3997 59 20 dans
1028 3997 53 21 tout
1113 4002 33 16 un

620 4021 102 24 quartier
745 4021 36 21 est
804 4026 34 16 un
861 4021 139 21 sans-filiste
1024 4022 55 20 bien
1099 4022 48 20 mal

618 4045 95 26 éduqué,
733 4046 39 24 qui
791 4050 31 16 ne
842 4045 95 26 possède
956 4051 43 20 pas
1019 4051 45 16 une
1086 4047 60 23 Juste

617 4071 82 20 notion
709 4071 29 21 de
748 4075 26 17 ce
785 4075 43 21 que
840 4071 49 21 doit
900 4070 48 22 être
960 4075 45 17 une
1016 4071 76 21 bonne
1102 4076 31 16 au-

617 4095 75 21 dition
707 4100 43 20 par
765 4096 27 20 T.
807 4096 23 20 S.
845 4096 26 20 F.

643 4120 31 21 Le
695 4120 138 21 sans-filiste
855 4120 28 21 de
904 4120 64 21 votre
989 4120 101 25 quartier
1108 4120 39 24 qui

618 4144 46 21 fait
695 4144 79 21 hurler
805 4149 44 16 son
868 4145 170 24 haut-parieur,
1057 4144 90 22 fenêtre

619 4169 86 24 grande
719 4169 100 24 ouverte,
831 4174 30 17 ne
876 4169 71 21 serait
961 4169 68 24 guère
1043 4170 53 23 plus
1109 4169 25 21 in-

617 4194 91 22 discret,
728 4193 119 26 inélégant
867 4195 25 20 et
912 4193 168 25 répréhensible
1112 4194 34 21 s'il

618 4219 166 20 s'introduisait
803 4219 59 21 dans
880 4219 64 21 votre
965 4219 106 21 demeure
1089 4223 58 20 pour

618 4243 121 21 l'enfumer
752 4247 30 17 ou
795 4243 119 21 l'inonder.

642 4268 62 25 Trop
737 4267 29 21 de
800 4268 157 22 sans-filistes.
975 4268 159 21 malheureuse-

618 4293 71 24 ment,
707 4292 144 21 confondent
867 4293 25 20 la
913 4292 102 25 musique
1037 4297 55 16 avec
1126 4293 21 20 le

617 4317 67 21 bruit.
706 4317 33 20 Us
761 4322 30 16 ne
813 4318 82 20 savent
917 4322 43 20 pas
982 4318 71 24 qu'un
1074 4317 72 21 haUt-

616 4341 93 24 parleur
727 4342 50 20 doit
796 4342 77 24 parler
892 4342 148 24 simplement
1058 4342 24 21 et
1099 4346 48 16 non

617 4366 78 21 lancer
710 4366 40 21 des
765 4367 142 20 aboiements
921 4371 94 17 sonores
1031 4374 36 14 »...
1082 4376 29 6 —
1122 4367 24 19 L.

617 4403 42 20 Les
671 4402 134 25 téléphones
818 4403 24 21 et
855 4404 33 20 les
902 4403 113 25 parasites

642 4450 21 20 A
673 4450 23 20 la
706 4450 60 20 suite
779 4450 67 20 d'une
857 4449 152 21 réclamation
1021 4450 125 21 Introduite

617 4478 42 19 par
673 4475 40 20 des
725 4474 121 21 habitants
860 4474 32 21 du
906 4475 102 24 quartier
1022 4475 32 20 du
1060 4475 87 20 Sablon

617 4498 82 25 auprès
717 4499 28 21 de
763 4499 204 20 l'administration
985 4499 40 21 des
1042 4498 92 25 télépho-

616 4527 48 19 nes,
681 4527 31 17 au
729 4523 62 24 sujet
807 4524 29 20 de
852 4524 113 24 parasites
982 4524 39 24 qui
1038 4527 95 21 provien-

617 4548 91 21 draient
725 4548 28 21 de
769 4548 24 21 la
809 4548 108 21 Centrale
935 4548 28 21 de
980 4549 24 20 la
1020 4553 42 17 rue
1076 4549 29 21 de
1123 4549 23 20 la

615 4572 71 22 Paille
703 4573 24 20 et
742 4573 39 24 qui
795 4573 101 21 troubles
912 4573 33 21 les
961 4572 129 25 réceptions
1105 4578 40 16 ra-

617 4597 171 25 dlophoniques,
818 4597 204 21 l'administration
1054 4603 15 16 a
1101 4598 46 21 falt

617 4621 57 22 faire
692 4626 46 17 une
756 4621 97 26 enquête
868 4627 44 20 par
929 4627 31 16 un
980 4622 29 21 de
1026 4627 36 16 ses
1079 4622 54 25 ingé-

617 4646 84 21 nieurs.

643 4671 99 21 Celui-ci
760 4676 15 16 a
793 4671 90 21 certifié
901 4676 45 16 aux
963 4671 122 21 intéressés
1103 4676 43 20 que

617 4695 76 22 toutes
706 4696 34 21 les
754 4695 147 26 précautions
916 4696 94 21 avaient
1022 4696 37 21 été
1074 4697 72 23 prises

617 4723 58 21 pour
703 4724 30 17 ne
761 4724 43 21 pas
819 4720 71 25 gêner
904 4720 33 21 les
952 4720 119 22 auditeurs
1087 4721 59 21 dans

616 4744 61 21 leurs
691 4744 130 26 réceptions
835 4746 25 19 et
873 4749 43 20 que
930 4746 52 20 tous
997 4745 33 21 les
1045 4746 102 21 moteurs

618 4768 87 22 étaient
721 4768 92 26 équipés
828 4770 194 24 d'antiparasites.

642 4794 120 21 Toutefois
780 4798 46 17 une
844 4793 146 21 vérification
1009 4794 138 21 minutieuse

616 4822 29 17 va
667 4817 49 22 être
723 4819 126 24 entreprise
855 4823 59 20 pour
919 4819 50 20 voir
974 4819 21 21 si
1000 4823 35 17 un
1057 4823 30 16 ou
1106 4819 42 21 des

617 4843 101 21 moteurs
733 4847 29 17 ne
780 4843 136 21 continuent
932 4848 43 20 pas
992 4844 15 21 à
1020 4847 127 21 provoquer

617 4867 41 22 des
674 4868 178 25 perturbations.

642 4891 138 25 Lingénieur
795 4892 80 21 estime
891 4896 44 21 que
950 4892 34 21 les
999 4892 101 22 troubles
1116 4897 30 17 ne

616 4918 101 23 peuvent
735 4917 108 25 provenir
860 4917 28 21 de
909 4917 23 20 la
952 4917 102 21 centrale
1076 4917 28 22 de
1122 4918 24 20 la

617 4946 40 16 rue
669 4941 28 22 de
710 4941 24 21 la
746 4941 79 24 Paille,
837 4941 117 25 identique
967 4941 15 21 à
994 4941 56 22 celle
1064 4942 27 21 de
1105 4942 40 21 St-

617 4966 73 21 Gllles
704 4966 25 22 et
744 4965 162 22 d'Anderleeht
921 4966 45 24 qui,
981 4965 61 25 elles,
1055 4967 79 21 n'occa-

616 4990 109 21 sionnent
744 4994 89 17 aucune
853 4990 160 24 perturbation
1033 5006 6 6 .

641 5015 21 21 Il
674 5019 81 17 accuse
767 5014 76 25 plutôt
854 5014 33 22 les
898 5019 94 20 usagers
1004 5015 28 21 de
1044 5016 101 21 moteurs

616 5038 133 26 électriques
773 5039 57 21 (très
851 5039 126 21 nombreux
996 5044 31 17 au
1047 5040 95 21 Sablon)

617 5063 70 22 d'être
699 5064 33 21 les
743 5064 158 24 responsables
913 5064 40 21 des
964 5064 120 25 parasites.
1083 5075 28 5 —
1121 5065 25 21 I*.

615 5101 31 20 Le
659 5100 102 21 contrôle
776 5100 40 21 des
830 5100 106 21 collectes

631 5147 35 21 La
677 5147 159 24 Croix-Rouge
848 5146 29 21 de
888 5146 109 25 Belgique
1008 5147 64 21 vient
1083 5148 48 21 d'at-

615 5171 56 22 tirer
690 5171 131 23 l'attention
854 5172 40 21 des
926 5171 168 24 bourgmestres
1114 5174 31 20 du

614 5197 104 20 Hainaut
740 5200 41 17 sur
803 5196 34 21 les
858 5200 102 17 mesures
984 5197 47 20 très
1053 5197 92 21 strictes

614 5221 54 25 qu'il
681 5225 15 21 y
709 5221 77 20 aurait
799 5220 46 22 lieu
859 5220 29 21 de
899 5220 105 25 prendre,
1019 5221 51 21 afin
1083 5222 48 21 d'as-

614 5250 70 19 surer,
695 5245 60 21 dans
767 5245 33 21 les
812 5245 129 21 meilleures
954 5245 129 21 conditions
1089 5251 42 19 pos-

615 5270 75 24 sibles,
704 5270 22 22 le
741 5269 102 22 contrôle
859 5270 28 21 de
902 5270 76 21 toutes
992 5270 34 21 les
1040 5271 103 21 collectes

616 5297 23 19 et
652 5295 60 21 fêtes
725 5294 71 22 faites
808 5298 31 17 au
853 5294 72 25 profit
937 5294 40 21 des
991 5295 100 21 familles
1105 5296 40 21 des

616 5320 102 20 victimes
732 5319 29 21 de
774 5318 24 22 la
812 5319 148 25 catastrophe
974 5319 28 21 de
1016 5319 128 22 Fêronnes-

616 5344 140 21 lez-Blnche.

640 5368 39 21 Un
700 5368 84 21 comité
805 5368 87 21 officiel
910 5368 29 22 de
961 5373 91 16 secours
1072 5374 15 15 a
1108 5369 37 21 été

616 5392 122 24 constitué;
759 5392 22 22 le
799 5392 118 26 président
935 5393 35 21 est
988 5393 32 21 M.
1038 5394 107 23 Antoine,

618 5417 123 24 ingénieur,
753 5417 56 21 chez
821 5418 40 25 qui
872 5419 53 20 tous
937 5419 33 20 les
982 5418 57 21 dons
1052 5418 93 22 doivent

618 5441 48 22 être
683 5441 140 23 concentrés.
838 5452 28 7 —
882 5442 78 25 Belga.

1201 211 134 63 LE
1385 209 263 64 XXVI
1651 216 30 30 e
1739 194 483 81 CONGRÈS

1332 299 121 48 DES
1487 288 323 57 MÉDECINS
1844 297 242 51 BELGES

1264 401 67 38 LA
1356 391 229 47 PREMIÈR
1589 397 29 37 E
1641 390 206 45 JOURNÉ
1850 398 30 37 E
1902 400 38 38 A
1965 399 198 41 DINANT

1214 487 45 37 LE
1282 484 150 39 BREVET
1455 476 174 45 MÉDICAL
1652 482 48 36 ET
1724 475 260 50 L'ÉDUCATION
2007 483 196 42 PHYSIQUE

1683 537 145 12 ^*^*^^^***Sn**nm*i

1198 576 94 22 Namur,
1307 574 12 20 2
1334 574 58 25 Juin.
1404 583 26 4 —
1444 572 30 21 Le
1490 572 38 20 26e
1544 570 101 23 Congrès
1660 570 40 20 des

1173 601 115 20 médecins
1310 599 82 23 belges,
1414 595 105 26 organisé
1543 597 59 20 cette
1626 594 74 22 année

1172 625 14 20 à
1199 624 90 22 Dînant
1300 625 25 20 et
1336 623 15 20 à
1364 623 93 21 Namur.
1471 626 42 20 par
1526 621 23 21 la
1563 619 137 21 Fédération

1172 650 110 20 médicale
1303 648 63 24 belge
1386 651 25 19 ct
1430 645 93 22 l'Union
1540 645 110 21 médicale
1672 645 28 20 de

1171 675 22 20 la
1208 674 106 25 province
1328 674 27 20 de
1369 673 95 21 Namur,
1477 672 116 23 comporte
1606 675 34 16 un
1646 674 41 21 pro-

1172 704 101 19 gramme
1287 697 119 23 abondant
1418 698 29 20 de
1462 695 134 26 réceptions,
1611 696 27 20 de
1650 696 37 19 tra-

1171 729 61 16 vaux
1249 724 24 21 et
1290 724 28 20 de
1334 722 174 24 réjouissances.

1196 748 67 21 Trois
1283 747 106 25 Journées
1407 748 44 19 ont
1471 746 36 20 été
1527 745 96 26 prévues
1642 749 59 20 pour

1170 779 37 15 ces
1222 773 98 21 diverses
1331 770 195 24 manifestations,
1540 771 56 20 dont
1610 772 23 20 la
1646 775 40 20 pre-

1171 798 70 21 mière
1261 803 14 16 a
1294 798 82 20 retenu
1394 797 33 20 les
1443 796 162 23 congressistes
1625 795 14 20 à
1658 796 30 19 Dî-

1171 824 66 21 nant,
1256 822 30 20 où
1305 823 55 20 s'est
1377 822 94 20 ouverte
1492 821 14 20 à
1527 821 24 19 15
1572 821 83 21 heures
1675 820 25 19 30

1171 846 139 23 l'assemblée
1331 845 113 25 générale,
1463 845 16 21 à
1495 846 81 21 l'ordre
1598 846 30 21 du
1649 846 52 22 .tour

1170 874 28 20 de
1214 872 96 25 laquelle
1324 872 104 23 figurent
1443 871 40 20 des
1499 871 117 24 questions
1631 871 68 20 d'une

1171 898 142 23 importance
1330 897 70 20 vitale
1417 901 59 18 pour
1494 896 23 21 la
1535 896 97 20 carrière
1651 894 36 22 mé-

1170 922 81 21 dicale.

1242 953 38 20 LA
1299 952 135 20 JOURNEE
1452 952 39 20 DE
1513 951 114 21 SAMEDI

1197 983 48 22 EUe
1270 983 85 21 débuta
1379 987 43 20 par
1447 987 33 17 un
1503 982 131 25 pèlerinage
1660 982 39 21 des

1169 1008 117 22 médecins
1308 1013 31 16 su
1359 1008 83 21 rocher
1459 1007 104 25 tragique
1586 1008 27 20 de
1635 1007 65 20 Mar-

1170 1034 193 22 che-les-Dames,
1386 1034 34 20 les
1442 1033 163 23 congressistes
1627 1033 73 24 partis

1169 1064 31 16 en
1218 1060 107 20 autocars
1340 1059 28 20 de
1385 1059 89 20 Namur
1492 1058 14 20 à
1525 1058 24 20 13
1567 1058 83 20 heures
1668 1057 32 22 30.

1170 1084 127 20 errivèrent
1316 1088 30 16 au
1366 1083 53 24 pied
1438 1084 28 20 de
1486 1084 24 21 la
1525 1083 82 21 falaise
1626 1082 73 21 fatale

1170 1113 50 17 vers
1240 1109 25 19 14
1284 1109 89 20 heures.

1197 1133 94 21 Quand*,
1316 1133 88 20 massés
1426 1133 91 21 devant
1535 1132 109 22 l'endroit
1669 1133 30 19 où

1169 1159 21 21 le
1207 1160 34 19 roi
1255 1160 81 19 trouva
1353 1159 24 21 la
1393 1160 68 22 mort,
1476 1159 34 21 les
1525 1158 117 21 médecins
1657 1162 30 16 eu-

1169 1187 52 18 rent
1239 1188 44 20 par
1301 1189 46 16 une
1366 1184 89 21 minute
1475 1184 28 21 de
1522 1183 178 22 recueillement,

1168 1209 74 20 rendu
1256 1214 33 16 un
1305 1210 68 23 pieux
1386 1209 121 23 hommage
1523 1208 15 20 à
1552 1209 23 20 la
1589 1207 109 21 mémoire

1169 1234 31 21 du
1217 1234 42 23 roi,
1276 1235 32 19 M.
1325 1234 21 21 le
1365 1235 95 20 docteur
1474 1234 90 22 Kaisln,
1581 1232 118 26 président

1169 1259 28 21 de
1215 1259 94 21 l'Union
1326 1258 111 23 médicale
1457 1259 28 21 de
1503 1259 23 21 la
1545 1259 107 24 province
1671 1258 28 20 de

1169 1285 95 22 Namur,
1280 1284 84 24 déposa
1380 1285 59 21 dans
1452 1284 92 21 l'enclos
1560 1288 32 16 un
1609 1283 78 23 magni-

1168 1309 63 24 fique
1252 1309 76 25 palme
1345 1315 31 16 en
1396 1310 91 23 bronze,
1527 1307 105 23 cravatée
1654 1312 45 17 aux

1168 1335 105 20 couleurs
1286 1334 137 21 nationales.

1194 1360 45 20 Les
1265 1360 164 21 consrxeGSistes
1453 1364 26 16 se
1499 1359 114 21 remirent
1637 1359 61 19 alors

1168 1390 30 15 en
1210 1386 66 19 route
1289 1389 59 20 pour
1360 1389 87 20 gagner
1458 1389 44 20 par
1513 1384 25 21 la
1548 1382 72 22 vallée
1634 1384 28 20 de
1675 1383 23 20 la

1168 1409 128 22 Gelbrlssée
1310 1412 25 19 et
1349 1410 22 20 ln
1388 1410 47 21 rive
1450 1409 88 25 gauche
1553 1410 28 20 de
1595 1410 24 20 la
1631 1409 55 19 Meu-

1166 1439 33 20 se,
1214 1436 23 20 la
1252 1435 52 21 ville
1321 1436 27 21 de
1363 1435 97 21 Dinant.

1354 1473 20 20 A
1393 1472 115 20 DINANT

1193 1504 36 20 En
1251 1503 104 21 arrivant
1375 1502 15 21 à
1410 1504 97 23 Dinant,
1543 1503 25 20 la
1586 1502 112 25 première

1168 1529 83 24 pensée
1275 1529 40 21 des
1337 1529 164 24 congressistes
1524 1527 38 23 fût
1584 1532 59 21 pour
1665 1527 34 20 les

1167 1556 73 19 morts
1253 1554 29 21 de
1297 1554 24 22 la
1335 1553 44 22 cité
1391 1555 108 22 martyre.

1194 1580 67 20 Aussi
1277 1579 14 21 à
1304 1580 67 24 peine
1385 1579 129 21 descendus
1529 1579 40 21 des
1585 1579 114 21 autocars,

1166 1604 34 23 les
1219 1604 117 22 médecins
1355 1609 25 17 se
1400 1604 180 25 groupèrent-ils
1600 1603 98 21 derrière

1167 1630 62 20 leurs
1251 1629 118 25 président
1391 1628 96 24 fédéral.
1508 1630 33 19 M.
1562 1629 22 21 le
1604 1629 95 20 docteur

1168 1655 101 22 Mattlet.
1287 1659 59 21 pour
1364 1659 25 16 se
1408 1654 83 22 rendre
1512 1659 31 16 au
1562 1653 137 21 monument

1169 1684 45 16 aux
1237 1680 39 20 674
1300 1679 89 21 fusillés
1409 1679 125 23 dinantais,
1554 1678 62 25 érigé
1640 1678 59 20 dans

1167 1706 23 20 îa
1208 1710 55 17 cour
1278 1705 130 21 d'honneur
1421 1705 28 21 de
1465 1703 79 22 l'hôtel
1560 1704 29 22 de
1604 1704 54 21 ville
1674 1703 25 20 et

1168 1730 86 22 devant
1268 1730 74 25 lequel
1359 1730 17 21 il
1390 1735 25 16 se
1430 1730 156 21 recueillirent
1601 1729 84 24 profon-

1168 1754 100 25 dément,
1283 1755 79 22 tandis
1377 1760 43 19 que
1436 1755 32 20 M.
1483 1755 96 21 Mattlet
1595 1754 103 24 déposait

1168 1786 29 16 au
1213 1780 54 25 pied
1281 1781 28 21 de
1324 1781 115 23 l'ouvrage
1455 1779 185 22 commémoratif
1652 1783 46 16 une

1168 1806 76 24 palme
1265 1810 31 17 en
1316 1806 83 20 bronze
1421 1805 130 24 également
1591 1803 107 23 cravatée

1168 1836 46 16 aux
1229 1831 103 21 couleurs
1348 1831 137 21 nationales.

1220 1869 38 19 LA
1282 1867 170 21 RECEPTION
1473 1867 174 21 OFFICIELLE

1193 1899 44 21 Les
1259 1899 154 25 participants
1436 1904 30 16 au
1489 1897 102 25 Congrès
1613 1897 74 25 gagnè-

1168 1926 53 20 rent
1234 1925 61 21 alors
1308 1925 23 21 la
1343 1925 58 20 salle
1415 1925 40 21 des
1468 1923 130 25 réceptions
1604 1923 29 21 de
1639 1923 47 20 l'hô-

1169 1951 32 21 tel
1224 1950 28 22 ds
1274 1950 53 21 ville
1347 1948 30 22 où
1399 1950 34 21 les
1456 1949 148 21 attendaient
1626 1949 32 20 M.
1677 1948 22 20 le

1169 1976 156 23 bourgmestre
1371 1975 124 21 Sasserath
1516 1976 25 20 et
1563 1975 21 21 le
1608 1974 91 21 Conseil

1169 2000 138 21 communal.

1194 2026 73 24 Après
1288 2030 42 20 que
1351 2025 32 21 M.
1403 2025 22 22 le
1442 2025 95 21 docteur
1555 2025 85 20 Kaisln
1659 2027 41 18 eut

1168 2050 106 25 présenté
1289 2051 15 20 à
1318 2050 94 21 réduite
1427 2051 144 21 communale
1586 2050 33 20 les
1626 2054 61 16 mem-

1170 2077 51 21 bres
1242 2077 32 20 du
1296 2076 84 21 comité
1398 2076 114 21 directeur
1534 2076 27 21 de
1582 2076 25 20 la
1626 2075 61 20 Fédé-

1168 2102 77 21 ration
1260 2100 118 24 médicale,
1392 2101 32 20 M.
1438 2101 22 21 le
1474 2101 157 23 bourgmestre
1644 2100 43 20 Sas-

1168 2127 81 20 serath
1265 2130 119 21 prononça
1400 2131 33 16 un
1451 2126 102 21 discours
1568 2126 132 22 charmant,

1169 2152 57 21 dont
1244 2157 32 16 on
1295 2151 107 25 apprécia
1420 2152 24 20 la
1461 2151 87 25 qualité
1565 2151 135 24 spirituelle.

1196 2185 9 10 •
1217 2177 34 21 La
1264 2178 52 20 ville
1330 2178 28 21 de
1369 2177 90 21 Dinant
1470 2179 37 19 est
1520 2177 119 23 heureuse,
1652 2176 47 21 dit-

1168 2202 24 24 il,
1212 2202 138 22 d'accueillir
1370 2207 30 16 en
1418 2207 37 16 ses
1474 2206 64 17 murs
1557 2202 21 21 le
1599 2201 102 24 Congrès

1169 2227 40 22 des
1232 2228 90 21 Unions
1345 2227 202 25 professionnelles
1570 2226 130 23 médicales,

1169 2253 43 21 elle
1226 2258 25 16 se
1266 2253 46 21 fait
1326 2257 33 17 un
1373 2253 107 20 honneur
1491 2254 25 20 et
1530 2257 46 16 une
1591 2252 46 24 Joie
1650 2252 36 20 d'a-

1169 2279 49 20 voir
1232 2278 38 21 été
1284 2277 50 22 élue
1350 2283 43 20 par
1407 2282 40 17 vos
1462 2277 142 24 organismes
1619 2281 68 20 corpo-

1168 2303 70 21 ratifs
1257 2308 87 16 comme
1363 2302 61 25 siège
1442 2303 144 21 d'ouverture
1603 2303 28 21 de
1650 2302 51 21 leur

1169 2328 98 21 réunion
1279 2328 28 22 de
1320 2328 57 20 1934.

1195 2354 28 21 Je
1238 2354 49 21 vois
1302 2354 75 24 parmi
1391 2357 63 19 vous,
1469 2353 63 22 votre
1548 2352 83 22 vénéré
1644 2357 43 16 con-

1170 2378 67 24 frère,
1254 2380 67 20 notre
1339 2378 134 24 concitoyen
1491 2379 21 20 le
1530 2378 95 21 docteur
1642 2378 58 20 Ver-

1170 2408 56 19 mer,
1247 2408 43 20 que
1312 2404 67 21 notre
1401 2404 135 24 population
1557 2404 97 21 entoure
1672 2403 28 20 de

1169 2434 42 16 son
1228 2429 143 21 affectueuse
1385 2429 88 21 estime.
1488 2429 21 20 H
1523 2434 57 16 vous
1595 2429 58 22 dira,
1667 2428 33 21 lul

1170 2454 57 21 dont
1243 2459 59 16 nous
1320 2453 87 22 fêtions
1424 2454 17 20 il
1460 2458 16 20 y
1494 2459 16 16 a
1527 2459 45 20 peu
1591 2454 110 20 d'années

1169 2480 21 20 le
1209 2479 190 25 cinquantenaire
1418 2479 174 25 professionnel,
1609 2480 25 20 la
1651 2480 37 19 sin-

1170 2504 70 21 cérité
1254 2506 40 20 des
1307 2505 139 21 sentiments
1460 2509 43 20 que
1518 2505 23 24 je
1553 2509 57 17 vous
1624 2504 64 24 expri-

1170 2535 36 16 me
1220 2530 31 20 ici
1263 2531 25 20 et
1302 2530 23 24 je
1340 2535 29 16 ne
1384 2530 58 24 puis,
1454 2529 116 25 évoquant
1583 2530 21 21 le
1618 2534 69 16 souve-

1170 2555 37 21 nir
1229 2556 28 21 de
1278 2560 37 17 ses
1335 2560 70 16 noces
1427 2555 49 21 d'or
1492 2554 131 24 médicales,
1645 2555 44 20 éloi-

1170 2585 57 19 gner
1242 2580 59 21 celui
1317 2581 28 20 de
1361 2580 48 21 l'un
1426 2580 28 22 de
1469 2585 38 17 ses
1523 2580 178 25 prédécesseurs,

1170 2605 21 22 ls
1213 2606 95 21 docteur
1328 2606 103 22 Cassart,
1451 2606 39 24 qui
1511 2606 65 21 avait
1591 2605 111 25 prodigué

1169 2635 56 17 sans
1242 2631 111 24 compter,
1367 2631 33 21 les
1418 2630 85 22 trésors
1521 2631 28 21 de
1567 2636 27 15 sa
1611 2631 89 20 science

1170 2657 24 20 et
1214 2656 28 21 de
1262 2661 45 16 son
1327 2655 140 26 expérience.
1488 2657 61 20 C'est
1568 2660 58 17 vous
1646 2657 55 22 dire,

1170 2681 129 24 messieurs,
1311 2685 43 20 que
1370 2682 67 20 notre
1451 2681 80 24 région
1547 2683 35 20 est
1597 2682 91 29 particu-

1170 2706 122 23 lièrement
1309 2707 119 22 favorable
1447 2706 15 21 à
1480 2708 23 20 la
1521 2705 116 25 longévité
1652 2706 37 21 mé-

1170 2731 81 21 dicale.
1381 2737 7 10 •

1197 2757 66 22 Cette
1282 2757 157 21 constatation
1456 2758 48 20 m'a
1520 2757 77 21 donné
1614 2757 16 21 à
1643 2762 46 20 pen-

1169 2787 38 16 ser
1219 2781 54 25 qull
1288 2782 77 22 devait
1379 2788 25 16 se
1420 2784 93 20 trouver
1527 2783 59 21 dans
1600 2787 43 17 nos
1657 2787 31 20 pa-

1170 2812 68 20 rages
1258 2812 33 17 un
1312 2808 99 21 microbe
1433 2808 152 24 avantageux,
1604 2813 31 16 ou
1655 2812 46 16 une

1171 2833 111 21 vitamine
1302 2833 201 20 souverainement
1527 2833 128 23 vivifiante,
1678 2834 24 20 et

1172 2862 31 17 au
1221 2858 79 21 milieu
1319 2858 41 21 des
1378 2858 58 21 rires
1456 2859 28 20 de
1503 2857 148 24 l'assemblée,
1670 2858 31 20 M.

1171 2883 21 21 le
1206 2883 157 23 bourgmestre
1378 2883 129 25 poursuivit
1519 2888 30 16 en
1563 2888 25 16 se
1604 2883 85 21 deman-

1171 2908 59 20 dant
1251 2907 24 23 «d
1294 2908 97 24 quelque
1415 2908 66 21 docte
1503 2908 112 24 Esculape
1661 2908 41 21 des

1172 2933 75 24 temps
1268 2932 98 24 révolus,
1387 2934 54 20 n'en
1464 2934 78 20 aurait
1563 2938 43 20 pas
1627 2938 30 17 eu
1678 2933 24 21 la

1171 2958 81 21 notion
1264 2960 72 19 avant
1345 2958 34 21 lui
1391 2959 25 21 et
1428 2959 16 20 il
1456 2957 87 26 précise
1556 2963 7 16 :
1579 2966 9 10 «
1602 2959 28 21 Je
1643 2959 59 20 crois

1170 2983 53 21 bien
1244 2983 64 22 avoir
1327 2982 87 25 trouvé,
1432 2984 18 21 11
1468 2984 68 24 s'agit
1556 2984 31 21 du
1607 2983 95 21 docteur

1171 3008 93 24 Copère.

1196 3033 87 25 Copère
1298 3036 35 20 est
1347 3039 35 16 un
1395 3039 56 16 nom
1463 3034 29 22 de
1506 3034 89 22 famille
1610 3034 29 22 de
1653 3034 49 21 très

1171 3059 87 23 grande
1283 3059 88 21 famille
1397 3059 106 25 puisqu'il
1527 3059 96 24 englobe
1648 3059 53 21 tous

1169 3083 33 22 les
1214 3084 132 21 Dinantais.
1359 3085 34 20 La
1408 3084 176 25 thérapeutique
1600 3085 31 20 du
1646 3085 42 21 doc-

1171 3110 51 20 teur
1237 3109 88 25 Copère
1341 3111 36 20 est
1392 3110 59 21 faite
1468 3111 28 20 de
1509 3110 77 22 bonne
1602 3110 100 21 humeur

1169 3136 24 19 et
1210 3135 104 21 d'amour
1330 3135 31 21 du
1375 3135 132 24 bourgogne
1520 3143 20 13 ».

1195 3160 43 21 Les
1255 3161 59 20 rires
1330 3160 137 22 redoublent
1484 3161 90 24 lorsque
1592 3161 22 21 le
1633 3160 55 21 mali-

1170 3184 66 21 cieux
1253 3185 91 21 maïeur
1362 3185 90 22 déclare
1472 3190 43 20 que
1533 3186 34 21 les
1586 3185 116 21 médecins

1171 3210 184 24 expérimentent
1392 3211 29 21 de
1436 3213 75 22 temps
1530 3211 15 20 à
1560 3212 66 20 autre
1662 3216 41 16 sur

1169 3235 144 22 eux-mêmes
1331 3236 60 22 cette
1409 3235 184 26 thérapeutique.
1611 3237 78 24 Cepen-

1170 3260 65 24 dant,
1248 3261 32 20 M.
1295 3261 123 21 Sasserath
1431 3266 29 18 ne
1473 3262 115 21 sissimule
1602 3267 42 20 p;±s
1658 3266 44 20 que

1170 3286 28 21 de
1222 3291 81 19 graves
1324 3286 179 25 préocupations
1525 3292 25 16 se
1571 3287 130 21 traduisent

1171 3311 59 22 dans
1248 3312 82 21 l'ordre
1347 3312 40 21 des
1406 3314 99 19 travaux
1524 3313 32 20 du
1594 3312 108 24 Congrès,

1170 3337 39 23 qui
1227 3341 106 17 assurera
1351 3337 15 20 à
1383 3337 24 21 la
1425 3337 147 25 corporation
1589 3337 111 22 médicale

1170 3366 27 16 sa
1213 3362 134 25 réputation
1363 3362 130 22 d'honneur
1505 3364 25 21 et
1546 3363 144 24 d'apostolat.

1197 3387 32 20 M.
1249 3388 95 22 Mattlet
1364 3388 109 21 remercie
1494 3388 25 22 et
1540 3388 74 20 remet
1635 3387 15 21 à
1670 3388 32 20 M.

1171 3412 129 24 Sasserath,
1320 3413 24 21 la
1369 3412 107 22 médaille
1499 3412 202 22 commémorative

1171 3437 30 21 du
1216 3438 38 21 26e
1270 3437 101 25 Congrès
1385 3443 59 20 pour
1458 3438 25 21 la
1496 3438 53 22 ville
1563 3439 28 21 de
1605 3439 96 20 Dinant.

1242 3475 38 20 LA
1299 3475 113 22 SEANCE
1429 3476 43 20 DU
1491 3476 140 21 CONGRES

1213 3507 31 19 M.
1259 3506 90 22 Kaisln,
1365 3512 30 16 au
1408 3511 57 17 nom
1479 3507 28 21 de
1521 3507 94 21 l'Union
1628 3506 61 22 médi-

1172 3531 48 21 cale
1236 3532 28 21 de
1279 3532 24 20 la
1317 3532 109 24 province
1442 3533 28 21 de
1485 3533 96 21 Namur.
1595 3533 106 20 souhaite

1171 3556 24 20 la
1212 3556 127 21 bienvenue
1359 3562 45 16 aux
1423 3558 113 20 membres
1555 3558 30 20 du
1602 3557 101 22 Congrès

1171 3582 24 20 et
1216 3581 99 22 réclame
1337 3587 33 16 un
1388 3582 125 23 vigoureux
1535 3582 167 21 redressement

1172 3607 73 20 moral
1258 3608 26 21 et
1296 3607 149 22 l'institution
1460 3609 27 20 de
1502 3608 82 21 l'ordre
1599 3609 40 20 des
1653 3608 37 20 mé-

1172 3632 85 21 decins.
1273 3633 33 20 M.
1322 3633 96 21 Mattlet
1431 3638 69 16 ouvre
1517 3633 68 22 enfin
1601 3633 21 21 le
1640 3634 50 20 Con-

1172 3656 51 24 grès
1243 3658 55 24 qu'il
1317 3657 97 23 préside.
1430 3659 36 20 Au
1486 3658 88 22 bureau
1594 3658 42 21 ont
1655 3659 48 22 pris

1172 3682 72 24 place,
1261 3683 32 20 M.
1310 3683 81 23 Féron,
1408 3683 229 22 secrétaire-général
1655 3683 35 21 tré-

1167 3707 78 24 sorier,
1261 3707 22 21 le
1300 3707 131 25 professeur
1448 3708 114 21 Vanverts
1578 3708 108 25 représen-

1173 3732 53 21 tant
1246 3733 24 20 la
1293 3732 181 22 Confédération
1498 3734 41 21 des
1584 3734 119 22 syndicats

1173 3757 120 21 médicaux
1312 3758 109 24 français,
1437 3759 21 21 le
1477 3759 96 21 docteur
1592 3759 111 22 Delattre.

1172 3782 132 25 Inspecteur
1327 3783 126 25 d'hygiène,
1497 3784 163 22 représentant
1682 3784 21 21 le

1173 3808 105 21 ministre
1301 3808 28 21 de
1352 3808 131 22 l'Intérieur
1505 3809 25 22 et
1550 3810 21 21 le
1595 3809 94 25 départe-

1173 3833 66 20 ment
1258 3833 27 21 de
1305 3833 119 23 l'hygiène,
1442 3835 26 20 et
1482 3835 22 21 le
1525 3835 94 21 docteur
1638 3835 52 20 Tim-

1167 3857 45 24 bal,
1225 3857 22 21 le
1259 3857 95 21 docteur
1368 3858 80 24 Haibe,
1455 3858 162 25 représentant
1623 3859 63 21 l'Aca-

1173 3882 74 22 démie
1263 3882 27 22 de
1306 3882 117 24 médecine
1438 3884 28 22 de
1480 3884 117 26 Belgique,
1611 3885 22 21 le
1647 3889 44 21 pro-

1173 3907 89 21 fesseur
1285 3908 131 25 Gunzburg,
1438 3909 162 24 représentant
1623 3911 23 20 la
1665 3910 25 20 fa-

1168 3931 61 21 culté
1244 3932 28 21 de
1288 3931 118 23 médecine
1422 3933 29 22 de
1465 3934 126 25 Bruxelles,
1606 3934 21 21 le
1644 3939 42 20 pro-

1173 3957 88 21 fesseur
1274 3957 160 24 Schoikhaert,
1448 3959 162 24 représentant
1626 3960 23 20 la
1665 3960 24 20 fa-

1173 3981 61 21 culté
1247 3983 27 21 de
1288 3981 116 24 médecine
1418 3984 27 21 de
1455 3984 110 24 Louvaln,
1577 3985 22 22 le
1612 3985 78 24 profes-

1173 4011 54 16 seur
1248 4007 171 26 Goormachtig,
1439 4009 162 25 représentant
1621 4010 23 21 la
1665 4010 25 20 fa-

1174 4031 60 21 culté
1251 4033 29 21 de
1299 4032 116 22 médecine
1433 4034 28 21 de
1479 4034 76 25 Gand,
1573 4035 21 22 le
1613 4035 76 24 profes-

1173 4061 54 17 seur
1246 4057 103 25 Schoofs,
1373 4058 74 24 doyen
1470 4060 28 21 de
1517 4060 24 22 la
1564 4060 87 22 faculté
1674 4061 28 21 de

1174 4081 116 23 médecine
1307 4083 28 21 de
1351 4082 74 25 Liège,
1441 4084 32 21 M.
1488 4084 22 22 le
1527 4085 94 21 docteur
1637 4086 64 21 Gen-

1174 4111 66 18 goux,
1258 4107 131 25 inspecteur
1408 4108 30 22 du
1458 4110 90 24 travail,
1567 4110 21 22 le
1608 4110 95 22 docteur

1168 4131 118 24 Langelez,
1304 4132 114 21 directeur
1435 4132 100 26 général,
1551 4134 99 22 l'avocat
1664 4137 34 20 De

1174 4156 71 23 Smet.
1267 4159 82 20 avocat
1366 4158 85 21 conseil
1472 4160 28 20 de
1521 4160 24 21 la
1565 4159 137 22 Fédération

1175 4181 109 22 médicale
1306 4182 71 24 belge,
1398 4184 21 20 le
1442 4183 94 22 docteur
1557 4185 87 23 Duren,
1665 4191 24 16 re-

1174 4205 136 25 présentant
1329 4207 52 21 tout
1399 4208 21 21 le
1439 4209 85 21 service
1545 4209 28 22 de
1589 4210 113 24 l'hygiène

1174 4231 30 21 du
1224 4231 118 22 ministère
1362 4233 39 20 des
1420 4233 112 22 Colonies.

1194 4256 32 20 M.
1240 4256 95 21 Mattlet
1349 4257 108 21 remercie
1472 4258 51 20 tout
1537 4258 94 22 d'abord
1644 4260 42 21 l'or-

1175 4281 133 22 ganisateur
1348 4282 118 22 dinantais
1483 4283 31 21 du
1535 4284 107 24 Congrès,
1681 4285 21 21 le

1175 4305 94 21 docteur
1282 4306 116 21 Bourdon.

1199 4331 21 20 Il
1234 4330 83 23 définit
1330 4332 89 22 ensuite
1431 4332 21 22 le
1465 4332 47 23 rôle
1526 4333 27 22 de
1567 4334 24 20 la
1602 4334 88 21 Fédéra-

1175 4355 50 21 tion
1248 4355 116 25 médicale,
1383 4357 39 24 qui
1443 4357 50 21 doit
1513 4358 73 21 servir
1608 4359 83 20 d'Inter-

1174 4380 109 23 médiaire
1296 4381 65 21 entre
1374 4381 21 22 le
1409 4386 66 21 corp3
1488 4382 98 21 médical
1597 4384 24 21 et
1627 4384 76 20 l'Etat.

1173 4405 63 21 Nous
1249 4405 86 23 devons
1347 4406 90 23 réduire
1450 4406 16 21 à
1478 4407 72 22 néant
1563 4408 33 21 les
1608 4406 95 24 méfaits

1175 4430 27 21 de
1227 4431 106 24 quelques
1357 4431 75 22 brebis
1456 4432 109 24 galeuses,
1587 4438 31 16 en
1638 4433 52 21 obte-

1173 4456 61 20 nant
1253 4455 24 21 la
1293 4455 103 22 création
1415 4457 29 22 de
1463 4457 82 22 l'ordre
1565 4458 39 21 des
1624 4458 65 22 méde-

1174 4480 56 21 cins.
1273 4480 227 23 Malheureusement
1520 4483 22 21 le
1563 4483 77 24 projet
1662 4483 28 21 dé-

1174 4505 54 24 posé
1245 4510 30 16 au
1289 4504 73 24 Sénat
1379 4507 35 21 est
1430 4507 213 22 encommissionné.

1200 4530 30 20 Le
1254 4530 95 21 docteur
1371 4530 123 25 Gildemyn
1518 4532 28 22 de
1570 4533 77 23 Gand,
1665 4538 24 16 re-

1173 4555 83 21 mercie
1274 4560 30 16 au
1320 4560 55 16 nom
1391 4557 40 21 des
1447 4556 116 24 médecins
1578 4558 124 21 flamands.

1194 4580 31 20 M.
1245 4579 21 21 le
1287 4579 130 25 professeur
1435 4581 113 21 Vanverts
1593 4583 105 21 constate

1173 4609 44 18 que
1231 4605 24 21 la
1270 4605 113 21 situation
1396 4607 37 20 est
1449 4606 24 21 la
1490 4606 74 22 même
1582 4607 36 23 ici,
1635 4608 67 25 qu'en

1173 4630 95 20 France.
1291 4630 62 21 Nous
1375 4635 106 18 sommes,
1503 4631 71 25 dit-U,
1597 4637 30 17 en
1649 4632 41 25 pré-

1173 4659 67 16 sence
1257 4655 67 21 d'une
1341 4655 56 21 crise
1414 4656 86 22 morale
1517 4657 38 24 qui
1572 4662 29 17 ne
1617 4662 84 20 pourra

1174 4679 48 22 être
1244 4679 89 22 résolue
1357 4684 43 20 que
1423 4685 43 20 par
1504 4682 148 21 l'Institution
1674 4682 28 21 de

1174 4704 82 22 l'ordre
1282 4705 39 21 des
1346 4704 124 24 médecins,
1495 4706 58 21 dont
1576 4707 22 21 le
1622 4707 77 24 projet

1173 4734 31 16 en
1220 4730 88 21 France
1327 4734 14 16 a
1359 4730 37 21 été
1414 4730 83 25 adopté
1514 4736 43 20 par
1573 4731 25 22 la
1614 4732 76 21 Cham-

1173 4755 47 23 bre,
1239 4755 59 22 mals
1315 4755 18 21 11
1355 4754 50 22 doit
1426 4755 64 23 l'être
1511 4761 82 17 encore
1615 4762 44 19 par
1680 4758 21 20 le

1173 4778 79 22 Sénat.

1199 4804 32 22 Le
1249 4804 102 25 Congrès
1369 4804 83 22 aborde
1470 4805 113 22 l'examen
1601 4808 31 20 du
1649 4811 40 20 pre-

1173 4829 58 21 mier
1242 4829 76 25 projet
1331 4829 15 21 à
1358 4830 81 21 l'ordre
1450 4829 31 22 du
1492 4830 59 25 Jour,
1563 4831 31 22 Le
1607 4832 95 22 docteur

1173 4854 95 23 Mattlet
1281 4855 45 21 fait
1339 4857 96 23 rapport
1448 4860 40 17 sur
1501 4856 22 22 le
1536 4856 79 23 brevet
1627 4857 62 21 médi-

1173 4879 43 21 cal.

1194 4905 35 20 En
1240 4903 136 23 corrélation
1388 4909 54 17 avec
1452 4904 33 22 les
1496 4905 167 26 conséquences
1672 4907 28 21 de

1170 4928 24 22 la
1205 4929 57 21 crise
1274 4929 115 22 mondiale
1402 4930 38 24 qui
1452 4930 123 25 n'épargne
1587 4935 113 21 personne

1170 4953 25 22 ét
1215 4954 86 22 atteint
1320 4954 34 21 les
1375 4955 104 20 hommes
1501 4955 28 21 de
1550 4956 96 23 science,
1667 4961 33 17 un

1171 4979 146 20 mouvement
1338 4979 116 24 d'opinion
1474 4984 31 17 en
1525 4980 83 21 faveur
1628 4980 28 22 de
1676 4982 23 21 la

1170 5003 190 22 reconnaissance
1373 5004 41 21 des
1428 5004 72 21 droits
1514 5004 40 22 des
1568 5006 94 20 savants
1677 5007 22 20 et

1170 5027 41 21 des
1226 5028 132 21 inventeurs
1374 5029 54 21 s'est
1443 5028 124 22 déclenché
1583 5034 30 17 en
1627 5030 59 21 beau-

1170 5056 59 21 coup
1243 5052 28 22 de
1286 5057 57 20 pays
1357 5053 60 21 dans
1430 5054 33 20 les
1478 5054 94 21 miUeux
1586 5055 100 21 scientifi-

1170 5080 55 20 ques
1237 5079 24 20 et
1271 5078 102 20 savants.
1386 5078 34 20 En
1433 5077 108 26 présence
1553 5079 29 20 de
1594 5084 26 16 ce
1632 5084 55 17 mou-

1169 5102 99 24 vement,
1277 5102 23 21 la
1311 5102 89 22 Société
1410 5103 40 20 des
1461 5103 103 24 Nations,
1575 5104 15 22 k
1600 5104 100 24 Genève,

1169 5130 15 15 a
1203 5126 44 21 mis
1266 5127 15 21 à
1298 5126 85 22 l'étude
1402 5128 60 20 cette
1481 5128 106 24 question
1607 5133 29 16 en
1655 5134 44 17 vue

1169 5150 125 22 d'élaborer
1304 5156 46 16 une
1361 5152 104 20 nouvelle
1476 5153 138 21 convention
1626 5154 61 22 inter-

1169 5175 118 22 nationale
1299 5175 136 25 protégeant
1446 5177 34 21 les
1493 5178 90 21 brevets
1594 5178 92 21 d'inven-

1169 5200 49 20 tion
1230 5202 25 20 et
1265 5200 23 22 la
1300 5201 114 24 propriété
1425 5202 152 25 scientifique.
1589 5203 31 21 Le
1633 5208 65 20 corps

1169 5224 97 21 médical
1287 5229 30 17 ne
1339 5227 55 23 peut
1414 5227 48 20 s'en
1483 5226 170 25 désintéresser,
1674 5229 24 20 ni

1168 5248 81 22 laisser
1260 5249 60 21 fixer
1332 5254 42 20 par
1385 5254 46 17 une
1443 5252 138 21 convention
1593 5253 93 20 interna-

1169 5273 85 21 tionale
1265 5274 40 20 des
1316 5275 85 20 statuts
1411 5276 39 23 qui
1460 5280 30 16 ne
1501 5276 145 22 cadreraient
1656 5282 42 20 pas

1169 5301 55 17 avec
1237 5302 37 17 ses
1287 5297 68 23 idées,
1369 5298 23 22 rf
1403 5300 50 21 doit
1466 5300 59 21 donc
1538 5302 95 24 pouvoir
1647 5306 38 17 ma-

1169 5322 98 23 nifester
1276 5327 43 16 son
1331 5323 93 25 opinion
1436 5324 15 21 à
1462 5325 23 21 ia
1496 5325 89 22 Société
1598 5326 40 21 des
1649 5327 35 20 Na-

1169 5347 62 21 tions
1242 5348 24 21 et
1277 5347 17 21 11
1305 5349 35 20 est
1351 5349 114 24 opportun
1477 5353 44 23 que
1532 5350 59 21 dans
1603 5352 52 20 tous
1664 5352 36 20 les

1169 5374 63 21 pays,
1252 5371 18 21 11
1288 5371 77 23 étudie
1385 5373 24 21 la
1428 5372 120 26 légitimité
1568 5375 31 21 du
1619 5376 78 20 brevet

1169 5396 59 20 dans
1243 5396 22 21 le
1281 5396 107 22 domaine
1404 5397 98 22 médical
1518 5399 24 20 et
1558 5398 127 24 éventuelle-

1169 5421 66 21 ment
1247 5420 34 21 les
1294 5421 72 21 droits
1379 5426 44 20 que
1436 5422 105 23 donnent
1555 5428 33 17 un
1601 5425 32 21 tel
1647 5425 40 22 bre-

1169 5445 39 22 vet
1222 5444 59 22 dans
1293 5450 45 17 son
1352 5447 147 24 application.

1748 572 30 20 Le
1794 572 94 21 docteur
1903 575 94 22 Mattlet
2011 576 83 25 dépose
2108 574 34 20 les
2156 572 81 21 conclu-

1718 595 63 21 sions
1793 596 102 24 ci-après
1909 603 6 15 :
1930 600 20 19 1»
1965 601 46 20 »En
2020 600 103 25 principe
2130 602 33 16 un
2170 597 79 20 brevet

1722 621 97 20 médical
1833 626 29 16 ne
1876 626 103 20 pourrait
1992 631 42 19 que
2048 625 66 21 nuire
2127 627 30 16 au
2171 626 80 16 renom

1721 645 32 21 du
1770 650 67 20 corps
1853 647 98 22 médical
1968 652 45 23 qui,
2030 649 87 25 malgré
2134 648 51 19 tout
2202 646 49 20 doit

1721 670 82 25 garder
1816 671 98 22 Intactes
1925 678 37 17 ses
1973 676 77 20 vertus
2062 670 189 26 traditionnelles.

1747 696 31 19 Le
1800 696 104 21 médecin
1925 699 48 22 doit
1993 701 60 20 donc
2072 696 130 23 s'interdire
2223 696 28 20 de

1721 720 99 23 prendre
1837 725 32 16 un
1886 722 78 22 brevet
1980 729 58 20 pour
2055 728 45 17 une
2116 721 136 21 découverte

1722 744 93 24 appelée
1829 745 15 20 à
1855 747 83 21 rendre
1950 750 86 20 service
2049 749 16 21 à
2077 743 146 26 l'humanité;

1747 770 23 19 2"
1788 770 35 20 En
1841 770 161 28 conséquence,
2019 778 46 17 une
2082 772 78 21 action
2178 770 61 20 inter-

1722 794 118 21 nationale
1862 795 90 22 devrait
1974 799 49 20 être
2045 796 126 24 entreprise
2194 799 58 19 pour

1722 819 126 21 l'abolition
1859 820 29 20 dc
1900 821 50 21 tout
1962 823 79 22 brevet
2053 821 88 23 d'ordre
2153 819 98 21 médical

1721 844 47 24 pris
1780 848 43 20 par
1833 848 33 16 un
1878 845 102 22 médecin
1991 853 30 15 ou
2031 852 33 16 un
2075 844 175 23 non-médecin;

1747 868 22 20 3"
1793 869 26 20 Si
1829 869 59 21 dans
1897 872 113 21 certaines
2021 871 129 23 conditions
2160 873 22 17 et
2194 873 58 25 pour

1721 893 115 20 certaines
1861 895 159 26 applications,
2047 898 16 20 il
2089 895 58 21 était
2172 893 80 21 décidé

1721 918 70 23 qu'un
1803 918 78 21 brevet
1892 921 56 22 peut
1957 922 49 21 être
2017 922 55 25 pris,
2083 920 17 21 U
2110 921 35 19 est
2155 918 84 21 souhai-

1722 942 61 20 table
1798 947 43 19 que
1855 943 41 21 des
1909 945 89 22 brevets
2012 948 29 20 de
2054 951 26 16 ce
2093 948 70 21 genre
2177 943 75 20 soient

1721 967 85 23 dédiés,
1819 968 144 23 c'est-à-dire
1977 970 110 26 exploités
2100 973 43 21 par
2156 972 46 16 une
2216 972 27 16 or-

1721 993 131 23 ganisation
1865 996 215 21 gouvernementale
2093 999 31 17 ou
2136 992 103 22 scientifi-

1719 1020 51 21 que,
1779 1027 27 5 —
1815 1018 67 20 ordre
1892 1019 41 20 des
1942 1019 122 25 médecins,
2075 1017 124 24 académie,
2210 1019 42 19 etc.

1727 1052 20 4 —
1761 1046 30 16 en
1805 1043 83 20 tenant
1901 1046 90 23 compte
2004 1045 92 22 surtout
2109 1044 29 20 de
2151 1041 101 22 l'Intérêt

1720 1066 33 21 du
1773 1067 83 24 public.
1876 1068 44 20 Les
1939 1074 96 17 revenus
2055 1068 119 22 devraient
2195 1066 58 21 aUer

1722 1095 57 20 pour
1797 1092 23 20 la
1837 1092 51 24 plus
1906 1095 86 23 grande
2008 1095 76 25 partie
2101 1094 14 21 à
2132 1097 34 16 un
2182 1091 71 21 fonds

1721 1116 29 21 de
1769 1117 138 21 recherches
1926 1119 163 26 scientifiques,
2109 1122 47 16 une
2176 1116 76 25 partie

1722 1142 101 23 pouvant
1834 1146 30 16 en
1875 1142 48 21 être
1934 1144 105 22 distraite
2049 1148 58 21 pour
2116 1142 124 23 récompen-

1720 1170 38 16 ser
1769 1167 100 20 l'auteur
1880 1167 29 21 de
1921 1168 23 21 la
1958 1169 134 22 découverte
2105 1167 134 25 proportion-

1722 1191 125 21 nellement
1858 1192 14 21 à
1882 1197 44 16 son
1937 1194 142 23 importance
2089 1194 24 20 et
2124 1192 15 21 à
2150 1196 43 16 son
2204 1191 35 21 uti-

1722 1215 46 21 lité.
1783 1224 10 10 »

1745 1241 33 20 Le
1792 1241 130 24 professeur
1937 1243 124 26 Gunzburg
2075 1241 120 23 démontre
2208 1245 44 20 que

1721 1265 24 21 la
1758 1266 131 24 protection
1903 1267 31 20 du
1949 1269 105 21 médecin
2069 1269 35 20 est
2118 1266 47 22 très
2180 1266 71 20 faible

1721 1291 24 19 et
1758 1295 43 19 que
1815 1291 41 20 des
1867 1293 97 20 savants
1976 1294 107 21 meurent
2097 1292 59 20 dans
2168 1290 25 21 la
2206 1291 33 20 mi-

1721 1314 56 24 sère,
1797 1315 62 21 alors
1879 1320 44 20 que
1944 1317 40 21 des
2003 1317 96 22 sociétés
2120 1315 120 22 s'enrichis-

1720 1341 53 20 sent
1785 1345 29 16 en
1826 1340 129 25 exploitant
1965 1342 61 22 leurs
2035 1340 115 28 procédés.

1746 1365 32 20 Le
1799 1365 95 21 docteur
1914 1367 143 24 Perremans,
2078 1367 117 20 d'Anvers,
2217 1365 35 20 est

1721 1389 71 21 d'avis
1808 1390 71 24 qu'un
1894 1391 79 21 brevet
1989 1395 35 19 est
2038 1397 46 16 une
2101 1390 151 24 exploitation

1720 1415 169 24 commerciale;
1905 1420 45 17 une
1963 1417 120 21 invention
2097 1415 111 21 médicale
2221 1419 31 16 ne

1720 1439 49 21 doit
1781 1443 43 20 pas
1837 1442 121 22 rapporter
1970 1443 28 20 de
2011 1442 109 21 bénéfice.

1746 1465 31 19 Le
1788 1465 95 20 docteur
1894 1465 81 25 Féron,
1985 1466 122 22 secrétaire
2118 1464 94 25 général
2223 1464 28 21 de

1720 1489 24 21 la
1753 1488 139 25 fédération,
1902 1490 35 20 dit
1948 1496 43 19 que
2002 1492 21 21 le
2035 1495 66 21 corps
2111 1489 99 22 médical
2221 1494 30 16 ne

1721 1515 55 22 peut
1790 1518 43 20 pas
1847 1514 49 21 être
1912 1515 104 23 désarmé
2031 1516 86 21 devant
2131 1514 41 21 des
2187 1518 51 16 mar-

1719 1534 90 25 chands
1822 1543 56 16 sans
1891 1541 123 23 scrupules.

1745 1564 31 20 Le
1791 1564 95 20 docteur
1900 1566 104 25 Cousine,
2018 1567 29 21 de
2060 1564 191 24 Masnuy-Saiqt-

1721 1588 82 24 Pierre,
1827 1588 99 21 réclame
1950 1595 45 16 une
2019 1591 78 21 action
2118 1589 133 24 rigoureuse

1720 1614 79 19 contre
1820 1613 34 20 les
1875 1614 139 24 exploitants
2035 1616 29 21 de
2083 1614 168 22 médicaments

1719 1639 92 19 secrets.

1745 1663 32 20 Le
1794 1663 131 24 professeur
1942 1665 113 22 Vanverts
2071 1664 82 22 Insiste
2170 1668 41 16 sur
2226 1663 24 20 la

1719 1688 113 20 situation
1845 1688 140 23 lamentable
2000 1691 40 20 des
2055 1689 143 22 chercheurs.
2212 1689 39 20 Un

1719 1714 61 19 droit
1794 1713 89 21 devrait
1898 1713 48 21 être
1961 1714 86 26 Imposé
2062 1719 29 17 en
2104 1714 51 20 leur
2168 1713 83 21 faveur

1720 1741 40 17 sur
1772 1737 167 25 l'exploitation
1952 1740 28 20 de
1993 1741 61 20 leurs
2067 1738 117 23 formules.

1745 1763 31 20 Le
1788 1763 96 20 docteur
1896 1764 115 24 Glorieux,
2024 1766 28 20 de
2064 1766 94 22 Bruges,
2170 1763 81 21 estime

1718 1791 43 20 que
1771 1788 24 20 ia
1805 1788 124 21 recherche
1940 1789 49 21 doit
1998 1790 73 21 rester
2080 1787 172 23 désintéressée.

1736 1812 109 21 L'avocat
1856 1813 34 20 De
1902 1813 65 21 Smet
1978 1819 78 16 assure
2068 1818 43 20 que
2123 1813 22 20 le
2156 1812 93 21 remède

1721 1837 73 21 réside
1807 1838 60 20 dans
1878 1838 24 21 la
1914 1840 151 21 constitution
2076 1839 29 21 ds
2116 1838 83 21 l'ordre
2212 1838 40 20 des

1721 1862 123 21 médecins.

1743 1887 32 20 Le
1790 1887 95 23 docteur
1898 1888 183 24 Vandelamotte,
2095 1888 29 20 de
2138 1887 112 22 Verviers,

1720 1913 92 20 montre
1825 1917 45 19 que
1884 1917 26 16 ce
1923 1915 54 20 sont
1990 1914 34 21 les
2036 1912 164 26 pharmaciens
2213 1912 39 24 qui

1722 1938 112 23 profitent
1848 1938 21 20 le
1883 1938 52 24 plus
1949 1939 28 20 de
1991 1939 23 21 la
2028 1938 135 22 découverte
2177 1937 62 21 médi-

1721 1962 56 24 cale,
1794 1962 21 21 le
1832 1962 96 25 congrès
1944 1968 31 16 ne
1991 1964 90 21 devrait
2096 1967 44 20 pas
2155 1967 25 16 se
2197 1966 42 21 pro-

1721 1991 87 17 noncer
1822 1988 154 23 aujourd'hui.

1747 2013 31 20 Le
1803 2013 95 20 docteur
1921 2013 104 22 Delattre
2048 2012 125 23 intervient
2197 2016 55 16 avec

1721 2037 64 21 force
1803 2038 23 20 et
1845 2037 44 21 fait
1906 2038 106 21 observer
2028 2043 43 20 que
2088 2037 36 21 s'il
2141 2042 15 19 y
2173 2041 15 16 a
2206 2041 46 16 une

1722 2062 115 25 propriété
1852 2062 119 25 Uttéraire,
1986 2064 17 20 U
2017 2069 15 20 y
2048 2069 14 16 a
2076 2067 46 16 une
2137 2061 115 25 propriété

1720 2088 154 24 scientifique.

1747 2112 150 21 L'assemblée
1908 2112 79 22 décide
1997 2113 28 21 de
2035 2113 64 22 voler
2109 2112 94 21 demain
2214 2116 39 17 sur

1722 2137 33 20 les
1775 2137 145 21 conclusions
1941 2136 130 26 présentées
2090 2141 45 21 par
2153 2137 23 21 le
2197 2137 43 21 doc-

1722 2163 52 20 teur
1788 2163 102 21 Mattlet.

1747 2188 31 20 Le
1790 2188 131 24 professeur
1933 2188 124 26 Gunzburg
2066 2187 46 22 fait
2122 2187 63 21 alors
2196 2191 43 20 rap-

1722 2215 51 21 port
1789 2217 41 16 sur
1844 2212 24 20 la
1884 2212 119 22 deuxième
2019 2212 105 26 question
2138 2212 15 21 à
2170 2212 82 21 l'ordre

1722 2237 32 21 du
1766 2238 53 24 jour
1834 2243 6 16 :
1854 2237 22 21 le
1889 2237 104 22 médecin
2006 2239 24 21 et
2041 2237 139 22 l'éducation
2192 2237 48 24 phy-

1721 2263 71 24 sique.

1748 2287 21 21 H
1789 2287 98 21 termine
1906 2292 44 16 son
1969 2288 82 25 exposé
2069 2292 43 21 par
2130 2286 35 22 les
2183 2291 70 17 vœux

1722 2317 43 19 que
1779 2313 59 20 voici
1853 2317 7 16 :

1749 2338 22 19 1°
1782 2338 50 23 Que
1843 2337 137 22 l'éducation
1991 2338 111 25 physique
2112 2337 46 21 soit
2169 2336 71 21 «méri-

1723 2363 22 20 te
1764 2367 31 16 au
1813 2367 145 20 programme
1977 2363 33 22 d€
2022 2362 189 25 l'enseignement
2229 2362 24 21 et

1722 2388 68 24 qu'au
1804 2388 76 21 moins
1893 2393 46 16 une
1953 2388 110 21 douzaine
2076 2388 29 20 de
2117 2387 79 24 leçons
2209 2391 43 20 par

1723 2417 31 15 an
1768 2413 33 20 lul
1815 2413 78 21 soient
1906 2417 129 20 consacres;

1748 2437 23 20 2°
1787 2438 74 22 Qu'en
1877 2438 125 21 attendant
2017 2442 43 21 que
2075 2437 50 21 cela
2140 2437 45 21 scit
2200 2437 52 23 fait,

1723 2462 22 21 la
1766 2461 139 22 Fédération
1925 2463 112 21 Médicale
2057 2463 70 24 Belge
2147 2462 105 24 organise

1723 2487 59 21 dans
1801 2488 101 20 diverses
1920 2488 66 21 villes
2005 2488 40 21 des
2064 2492 66 16 cours
2150 2487 29 20 de
2199 2491 41 20 per-

1723 2513 183 20 fectionnement
1926 2514 102 20 mettant
2047 2513 34 21 les
2101 2511 117 23 médecins
2238 2512 16 21 k

1724 2537 73 21 même
1808 2537 28 21 de
1848 2543 24 15 se
1883 2537 148 22 familiariser
2041 2542 55 17 avec
2107 2538 61 20 cette
2179 2537 64 21 scien-

1723 2566 33 18 ce,
1772 2567 44 19 que
1834 2563 77 21 toutes
1927 2563 34 20 les
1977 2562 95 21 sociétés
2088 2562 29 21 de
2134 2563 78 20 sports
2229 2562 24 21 et

1723 2587 146 21 d'éducation
1889 2588 110 24 physique
2020 2587 124 21 inscrivent
2164 2591 89 16 comme

1723 2612 119 21 condition
1858 2613 133 24 obligatoire
2008 2613 14 21 à
2037 2612 94 21 l'entrée
2147 2612 29 20 de
2191 2612 62 20 leurs

1724 2637 120 23 membres,
1863 2637 22 21 le
1905 2638 115 20 certificat
2038 2637 98 22 médical
2156 2636 98 22 dûment

1723 2660 126 26 approuvé;

1748 2687 24 19 4°
1785 2687 50 23 Que
1854 2687 24 20 la
1896 2687 138 21 Fédération
2050 2686 114 22 Médicale
2183 2687 70 24 Belge

1723 2712 45 20 soit
1780 2711 145 25 représentée
1939 2712 59 21 dans
2010 2713 25 20 la
2046 2712 153 21 Commission
2211 2717 29 15 su-

1720 2735 104 25 périeure
1842 2736 146 21 d'éducation
2003 2736 110 26 physique
2145 2736 105 21 nommée

1724 2765 42 20 par
1782 2761 21 21 le
1820 2763 186 23 gouvernement.

1751 2786 63 21 Nous
1827 2791 101 20 pensons
1942 2788 53 23 qu'il
2009 2793 29 16 ne
2051 2787 52 21 faut
2117 2791 43 20 pas
2173 2791 43 20 que
2230 2786 24 21 la

1725 2811 109 24 Belgique
1850 2812 46 22 soit
1908 2812 24 21 la
1947 2812 103 21 dernière
2065 2812 16 21 à
2092 2813 118 23 s'occuper
2225 2812 28 20 de

1726 2838 60 19 cette
1801 2837 105 23 question
1921 2837 146 24 Importante.

1745 2861 44 21 Les
1808 2861 108 21 docteurs
1934 2862 104 23 Konings
2058 2861 23 20 et
2100 2861 89 21 Ledent
2221 2861 28 21 de

1726 2886 70 23 1**1*--
1821 2888 114 23 exposent
1955 2887 62 21 leurs
2040 2886 82 24 façons
2148 2886 28 21 de
2197 2886 56 21 voir,

1726 2912 67 23 après
1809 2916 34 16 un
1860 2913 65 20 court
1942 2912 131 24 historique,
2088 2912 29 20 ils
2133 2912 121 20 montrent

1725 2941 43 20 que
1786 2937 35 21 les
1837 2937 117 21 médecins
1970 2942 25 17 se
2011 2938 54 20 sont
2082 2937 171 21 constamment

1726 2961 137 25 préoccupés
1883 2963 40 21 des
1944 2962 116 24 questions
2077 2962 27 21 de
2125 2962 116 24 gymnasti-

1725 2991 43 20 que
1782 2988 25 20 et
1817 2988 119 23 sportives.
1949 2988 33 20 Us
1994 2988 91 21 tracent
2098 2988 22 20 le
2133 2992 108 20 program-

1726 3016 36 18 me
1780 3011 16 21 à
1813 3013 95 20 réaliser
1926 3017 58 20 pour
2000 3012 74 24 lequel
2092 3012 26 20 45
2137 3012 116 21 cmifrères

1721 3037 111 20 viennent
1846 3037 28 21 de
1887 3037 64 21 créer
1962 3037 24 21 la
2000 3036 89 22 Société
2101 3036 111 22 médicale
2227 3038 23 20 et

1727 3061 123 22 éducation
1874 3062 118 25 physique.
2015 3062 33 21 Us
2072 3063 127 21 formulent
2218 3062 35 21 les

1727 3092 69 15 vœux
1810 3088 68 21 d'une
1891 3088 95 21 entente
1999 3092 59 20 pour
2070 3087 24 25 la
2110 3087 102 21 création
2227 3087 28 21 de

1720 3116 67 17 cours
1804 3113 29 21 de
1851 3112 228 25 perfectionnement.
2095 3113 44 20 Les
2156 3112 81 21 conclu-

1720 3138 63 19 sions
1803 3137 32 21 du
1855 3137 96 25 rapport
1968 3137 32 21 du
2017 3137 132 25 professeur
2170 3138 68 20 Gunz-

1724 3162 59 24 burg
1797 3164 43 20 ont
1855 3162 36 21 été
1906 3162 108 25 adoptées
2028 3162 183 21 unanimement.

1753 3187 34 21 La
1800 3186 83 24 séance
1897 3188 35 21 est
1945 3187 61 23 levée
2020 3187 16 21 à
2050 3188 24 20 19
2088 3188 83 21 heures
2185 3187 31 21 15.

1725 3268 33 27 M.
1789 3266 178 29 BALTHAZAR
1996 3267 41 27 NE
2066 3266 103 28 BOUGE
2199 3266 57 28 PAS

1751 3337 77 24 Gand,
1844 3337 13 19 2
1872 3336 59 25 Juin.
1946 3346 28 6 —
1988 3337 63 20 Nous
2066 3340 73 17 avons
2154 3341 32 20 pu
2203 3337 40 21 tou-

1725 3362 55 20 cher
1794 3363 33 19 M.
1842 3362 22 21 le
1879 3361 85 25 député
1978 3362 29 21 G.
2021 3361 128 21 Balthazar
2163 3361 46 25 qui,
2225 3366 31 16 en

1723 3391 27 16 sa
1765 3386 86 25 quaUté
1867 3385 119 22 d'écbevin
2000 3386 42 21 des
2055 3387 115 20 Finances
2184 3386 29 21 de
2229 3386 25 21 la

1725 3411 51 20 ville
1789 3412 28 20 de
1829 3412 77 23 Gand,
1919 3416 24 16 se
1955 3412 34 20 vit
2001 3412 82 20 retirer
2094 3411 24 21 la
2131 3412 122 20 confiance

1723 3437 31 20 du
1767 3436 91 21 Conseil
1870 3436 137 23 communal,
2018 3436 16 21 k
2043 3436 25 21 la
2078 3436 60 21 suite
2151 3436 40 21 des
2203 3434 38 22 cré-

1724 3461 46 21 dits
1791 3461 30 21 de
1842 3461 26 21 la
1888 3461 53 21 ville
1962 3460 93 25 bloqués
2076 3462 14 21 à
2112 3461 25 21 la
2157 3462 97 23 Banque

1725 3486 68 25 Belge
1807 3486 32 21 du
1852 3486 100 29 Travail,
1966 3487 23 20 et
2002 3487 39 21 fut
2053 3485 73 22 invité
2140 3486 15 21 à
2169 3486 72 21 démis-

1724 3512 100 20 sionner.

1750 3542 39 20 On
1808 3541 95 22 connaît
1920 3542 171 21 l'Intervention
2109 3542 32 21 du
2158 3546 85 21 gouver-

1725 3570 57 16 neur
1795 3566 28 21 de
1835 3566 25 21 la
1872 3567 100 21 Flandre
1985 3567 119 21 Orientale
2116 3569 25 20 et
2153 3567 56 21 ceUe
2223 3567 32 21 du

1725 3591 104 21 ministre
1844 3592 29 20 de
1886 3591 136 25 l'Intérieur,
2036 3592 103 21 invitant
2151 3593 34 21 M.
2197 3592 46 21 Bal-

1726 3615 81 22 thazar
1819 3616 15 21 à
1848 3616 164 21 démissionner
2024 3617 15 21 à
2052 3617 52 21 bref
2116 3616 68 25 délai,
2197 3621 58 21 pour

1726 3640 70 25 lundi,
1814 3641 55 21 date
1887 3641 88 24 ultime,
1991 3642 69 21 sinon
2077 3642 18 21 U
2111 3642 72 21 serait
2200 3646 44 21 pro-

1725 3665 54 21 cédé
1794 3666 15 21 à
1822 3670 29 16 sa
1864 3665 138 23 révocation.

1750 3697 33 19 M.
1801 3696 126 21 Balthazar
1945 3701 58 17 nous
2020 3703 27 16 a.
2053 3698 35 21 dit
2105 3698 55 25 qu'U
2177 3703 17 16 a
2210 3698 46 21 fait

1725 3720 105 22 observer
1848 3725 44 21 que
1910 3726 44 16 son
1972 3723 61 24 parti
2053 3723 78 22 devait
2149 3724 106 24 prendre,

1725 3745 111 21 mercredi
1856 3744 118 27 prochain,
1993 3747 55 22 date
2068 3747 88 22 arrêtée
2176 3748 80 25 depuis

1725 3770 52 21 huit
1792 3771 71 25 Jours,
1879 3775 47 17 une
1943 3771 101 22 décision
2060 3774 74 23 quant
2151 3777 47 17 aux
2214 3778 29 16 cu-

1725 3794 66 24 muls,
1806 3795 24 21 et
1845 3795 54 25 qu'il
1913 3800 30 16 ne
1958 3798 55 23 peut
2028 3802 43 20 pas
2086 3798 115 24 anticiper
2214 3801 41 18 sur

1725 3819 24 21 la
1764 3819 101 22 décision
1880 3821 16 21 à
1911 3821 127 22 Intervenir
2053 3827 30 17 en
2098 3823 157 21 introduisant

1725 3848 26 17 sa
1766 3843 130 23 déniisslon.

1784 3915 126 31 SUICIDE
1928 3918 95 28 D'UNE
2039 3919 162 29 ANCIENNE

1924 3969 132 31 ACTRICE

1750 4038 74 23 Mons,
1838 4038 13 20 2
1868 4037 58 25 Juin.
1942 4048 28 6 —
1986 4039 93 21 Samedi
2094 4039 83 24 matin,
2194 4044 32 17 on
2242 4043 14 16 a

1724 4062 69 22 retiré
1810 4063 33 21 du
1862 4063 69 21 canal
1948 4063 33 22 du
1997 4065 91 23 C;ntre,
2107 4064 15 21 à
2141 4065 75 24 Nimy,
2236 4065 20 19 le

1723 4087 98 22 cadavre
1841 4088 28 20 de
1902 4089 90 21 Jeanne
2025 4089 142 24 Garçonnet,
2185 4091 72 18 veuve

1723 4113 97 20 Charles
1834 4113 115 25 Lemoine,
1963 4114 26 21 48
2006 4118 49 19 ans,
2070 4113 110 22 habitant
2196 4115 61 20 cette

1723 4142 128 17 commune.
1864 4139 38 20 On
1917 4138 80 25 ignore
2012 4140 53 21 tout
2079 4139 40 21 des
2132 4143 80 17 causes
2227 4139 29 21 de

1724 4167 25 16 ce
1768 4163 94 21 suicide.

1749 4194 62 20 Mme
1833 4194 141 24 Garçonnet.
1995 4195 123 23 Française
2141 4194 114 24 d'origine,

1723 4217 58 22 étalt
1811 4223 74 17 venue
1905 4220 15 21 à
1952 4221 75 23 Mons,
2042 4220 17 20 il
2079 4224 15 19 y
2113 4223 16 16 a
2160 4219 96 24 quelque

1725 4243 129 25 vingt-cinq
1869 4248 51 20 ans,
1937 4249 89 16 comme
2043 4243 163 26 pensionnaire
2225 4244 31 20 du

1723 4267 107 25 Théâtre,
1850 4269 30 20 où
1899 4269 43 21 elle
1982 4270 49 20 tint
2063 4273 55 17 avec
2151 4268 105 21 bonheur

1725 4292 98 24 l'emploi
1842 4293 29 20 de
1891 4294 105 24 coquette
2015 4295 30 20 de
2062 4293 102 22 comédie
2184 4294 24 20 et
2228 4294 28 19 de

1723 4318 97 20 seconde
1840 4318 126 21 chanteuse
1987 4318 132 26 d'opérette.

1749 4347 49 20 Elle
1819 4353 23 16 v.
1864 4348 48 21 fixa
1933 4349 60 22 dans
2014 4350 23 20 la
2057 4349 45 21 cité
2123 4348 132 24 hennuyère

1724 4372 23 20 et
1768 4372 30 20 fit
1818 4373 75 24 partie
1911 4373 28 21 de
1960 4374 24 21 la
2004 4375 81 23 troupe
2106 4374 31 20 du
2154 4373 102 21 Théâtre

1725 4396 103 23 pendant
1848 4397 114 24 plusieurs
1981 4399 97 22 saisons,
2098 4399 79 22 avant,
2198 4402 51 21 pen-

1725 4420 58 21 dant
1795 4422 25 20 et
1835 4422 67 24 après
1917 4422 24 21 la
1955 4428 87 20 guerre.
2058 4423 83 22 C'était
2156 4427 46 17 une
2215 4427 34 17 ex-

1725 4445 96 21 cellente
1844 4448 123 21 camarade
1988 4450 26 20 et
2035 4453 46 16 une
2100 4448 86 20 femme
2208 4448 48 20 très

1724 4471 168 24 sympathique,
1913 4472 56 21 d'un
2002 4477 127 17 commerce
2151 4473 104 24 agréable

1725 4495 23 21 et
1765 4495 123 25 optimiste.

1775 4561 440 54 MONITEUR

1904 4621 25 16 du
1944 4621 10 17 3
1967 4622 44 20 juin
2025 4622 48 17 1934.

1912 4669 141 23 *1NTEEIECR

1746 4696 160 20 Adra.nistrmtlon
1921 4699 24 18 de
1961 4701 103 20 riîyjièn...
2080 4708 24 6 —
2118 4700 85 17 Serrieei
2219 4705 23 13 ex-

1724 4716 88 18 térieurs.
1828 4726 23 4 —
1867 4719 125 19 Promotions.
2009 4729 22 4 —
2047 4720 46 17 MM.
2111 4721 27 16 De
2154 4722 53 16 Belle
2224 4722 27 19 E.,

1724 4736 62 20 Spaaa
1797 4738 24 20 J.,
1834 4740 19 15 et
1865 4739 28 17 De
1905 4740 107 19 Mecheleer
2023 4742 21 18 P.
2056 4742 45 16 «ont
2113 4741 86 17 nommé*
2211 4742 41 17 ln«-

1724 4759 88 18 peeteur*
1825 4758 120 21 principaux.

1746 4777 134 19 Commissaire
1894 4780 23 17 de
1931 4781 67 18 Police.
2012 4790 23 5 —
2047 4781 130 17 Nomination.
2190 4790 23 5 —
2226 4782 26 17 M.

1723 4797 96 19 Frayman
1834 4799 24 19 J.,
1875 4801 29 16 eat
1919 4804 74 15 nommo
2009 4802 129 17 commissaire
2153 4802 23 16 de
2191 4802 61 20 police

1724 4817 23 17 de
1761 4818 98 18 Berchem.

1840 4846 162 19 INSTRUCTION
2016 4848 118 19 PUBLIQUE

1745 4870 31 18 Un
1789 4871 64 17 arrêté
1866 4873 53 18 royal
1933 4874 56 19 agrée
2002 4878 72 14 comme
2086 4874 92 17 Instituts
2191 4874 50 20 Supé-

1724 4890 62 18 rieurs
1800 4891 23 17 de
1837 4892 108 19 Commerce
1961 4897 7 14 :

1746 4911 17 17 1)
1777 4911 67 17 I/lnst.
1857 4916 43 16 sup.
1913 4910 23 20 df
1950 4918 67 14 comm.
2031 4916 23 16 de
2066 4914 64 19 l'Etat,
2145 4913 12 18 à
2169 4915 81 18 .Anvers:

1745 4931 18 16 2)
1777 4931 67 18 L'inst.
1855 4936 43 16 sup.
1911 4933 23 17 de
1947 4937 67 16 comm.
2026 4935 108 20 St-lgnace,
2147 4934 12 17 à
2170 4935 80 17 Anvers;

1745 4950 18 18 3)
1777 4951 67 18 L'inst.
1861 4956 42 16 sup.
1920 4954 23 18 de
1959 4959 67 15 comm.
2039 4954 76 19 Annexé
2131 4954 13 17 à
2160 4954 81 18 l'univer-

1723 4970 43 20 sité,
1782 4971 11 17 k
1807 4972 93 20 Louvaln;

1745 4992 18 17 «)
1777 4991 67 18 L'inst.
1855 4996 43 17 sup.
1911 4997 53 16 pror.
1976 4996 24 17 de
2012 4999 73 15 comm.,
2098 4998 12 13 a
2122 4995 63 16 Mons.

1744 5011 48 18 Sont
1810 5011 65 21 agréés
1893 5017 72 15 comme
1982 5016 65 17 Ecoles
2066 5015 111 19 techniques
2193 5014 48 21 supé-

1723 5031 72 18 rieures
1809 5035 6 14 :
2248 5037 4 10 i

1746 5052 16 17 U
1777 5052 75 18 L'Ecole
1873 5054 85 18 centrale
1979 5057 33 17 des
2033 5056 42 17 arts
2094 5055 20 17 ct
2134 5054 83 20 métiers,
2238 5054 12 18 ft

1723 5072 126 20 Auderghem;

1744 5091 19 18 S)
1776 5092 101 18 L'institut
1890 5094 172 20 Meurlee-Chlmle.
2074 5095 12 17 k
2098 5094 106 20 Bruxelles;

1744 5112 19 17 3)
1776 5112 100 18 L'Institut
1893 5115 88 18 national
1999 5117 33 17 des
2048 5115 105 18 industries
2170 5115 23 16 de
2210 5115 31 16 fer-

1723 5133 113 19 mentation,
1850 5133 13 16 ft
1878 5134 103 22 BruxeUes;

1743 5152 19 18 4}
1775 5151 73 18 L'école
1881 5153 80 20 spéciale
1993 5155 258 21 d'ingénleurs-technlclens

1723 5172 85 17 formant
1822 5173 19 16 la
1853 5173 82 18 dUw-îon
1946 5176 17 16 D
1976 5177 23 16 de
2011 5175 118 19 l'université
2141 5176 26 17 du
2179 5175 70 17 travail

1723 5192 11 16 ft
1751 5192 100 18 Charleroï
1867 5195 20 16 et
1900 5198 24 13 sa
1940 5195 67 20 filiale,
2023 5196 93 17 l'institut
2133 5195 33 17 des
2183 5195 57 17 Indus-

1722 5212 47 18 tries
1783 5213 104 19 chimiques
1901 5215 24 18 de
1938 5216 163 18 Saint-Ohlslaln;

1744 5232 18 17 i,
1776 5232 72 18 L'école
1862 5234 33 16 des
1909 5236 41 16 arti
1963 5238 19 15 et
1995 5237 83 17 métiers,
2092 5235 12 17 ft
2118 5235 130 19 Erquellnnes;

1743 5252 18 18 S)
1785 5252 72 18 L'école
1879 5254 101 21 technique
2000 5256 109 20 supérieure
2131 5255 85 17 annexée
2237 5254 11 18 ft

1722 5272 64 18 l'école
1801 5273 119 18 industrielle
1934 5276 115 20 supérieure,
2064 5276 12 16 ft
2089 5275 66 19 Oand;

1743 5292 18 18 Il
1774 5292 73 18 L'école
1866 5295 101 20 technique
1985 5297 110 19 supérieure
2113 5296 23 16 de
2154 5295 95 17 brasserie

1723 5313 83 16 annexée
1819 5313 12 16 ft
1842 5314 92 18 l'inslltut
1946 5316 136 19 Salnt-Uévln,
2094 5316 12 16 ft
2117 5315 65 19 Oand;

1743 5333 18 17 t)
1775 5333 67 18 L'inst.
1854 5337 43 17 sup.
1911 5335 23 17 de
1946 5336 144 19 fermentation,
2102 5335 13 17 ft
2127 5335 65 19 Oand;

1742 5352 11 16 •
1756 5354 5 16 »
1775 5353 100 18 L'Institut
1888 5354 96 22 Oramme,
1999 5357 12 17 ft
2025 5356 63 20 Liège;

1744 5372 28 18 10)
1786 5372 72 18 L'école
1884 5374 84 19 spéciale
1994 5377 33 17 des
2054 5375 57 20 Ingén
2113 5376 59 16 leurs-
2174 5375 64 17 techni-

1721 5393 53 17 ciens
1788 5393 33 17 des
1834 5393 61 18 écoles
1908 5396 111 20 techniques
2033 5397 22 17 de
2069 5396 89 18 Malines;

1744 5413 28 17 11)
1786 5413 72 18 L'école
1875 5414 33 17 des
1925 5416 42 17 aits
1983 5418 20 16 et
2019 5416 83 20 métiers,
2120 5416 12 16 ft
2148 5416 99 16 Pierrard-

1723 5432 111 20 .«-Virton;

1743 5452 27 18 12.
1780 5452 73 19 L'école
1864 5454 111 20 supérieure
1988 5458 33 17 des
2034 5456 82 20 textiles,
2130 5455 12 18 ft
2154 5456 93 17 Verviers.

2524 200 215 65 LES
2814 196 855 69 FAITS-DIVERS

2797 288 66 9 ***-***0*
2864 289 54 9 ***,**■**,
2919 290 280 10 -*0-.*0.^0*^**0^t0n^*.^.^^0-^*^00i^0.
3201 294 5 5 ,

3279 286 88 14 mammimm**
3364 286 11 13 *
3373 286 12 11 **

2299 319 43 20 UN
2361 320 125 21 DEMENT
2507 321 34 20 SE
2560 320 90 21 JETTE
2670 319 79 21 DANS
2771 320 36 19 LA

2274 344 102 21 SENNE.
2392 354 29 6 —
2441 345 101 22 Samedi,
2563 348 52 17 vers
2638 344 24 21 10
2683 344 24 22 h.
2728 343 27 21 30
2775 343 32 21 du

2272 368 54 24 soir,
2340 370 21 20 le
2375 369 93 21 nommé
2481 369 87 24 Jos;ph
2581 369 47 23 V...,
2642 368 110 21 habitant
2767 371 40 16 rue

2274 393 30 21 du
2324 394 90 23 Maçon,
2434 394 14 21 à
2466 394 125 21 Bruxelles,
2608 397 30 16 au
2658 397 66 16 cours
2739 392 68 20 d'une

2274 418 57 20 crise
2349 418 28 21 de
2395 419 62 22 folle,
2472 419 56 20 s'est
2545 418 46 24 Jeté
2609 418 60 20 dans
2683 418 23 20 la
2724 417 77 19 Senne

2274 443 14 20 à
2303 443 101 23 hauteur
2417 444 28 20 de
2461 444 24 20 la
2500 448 41 15 rue
2556 442 89 24 Zérézo,
2660 442 15 21 à
2689 442 119 20 St-Josse-

2274 468 138 21 ten-Nocde.
2429 468 20 21 Il
2467 473 14 15 a
2496 467 58 21 fallu
2572 467 63 20 avoir
2653 470 92 16 recours
2763 469 40 16 au)

2275 492 114 24 pompiers
2402 494 29 20 de
2442 491 120 22 Bruxelles
2576 496 58 20 pour
2647 491 56 21 tirer
2715 491 20 20 le
2749 490 46 21 mal-

2275 517 102 20 heureux
2394 517 27 21 d?
2441 522 28 15 sa
2489 517 99 24 position
2606 516 103 23 critique.
2728 515 45 21 V...
2795 518 14 17 a

2274 541 37 21 été
2325 542 44 20 mis
2381 547 32 15 en
2425 542 147 21 observation
2586 542 15 21 à
2614 541 105 24 l'hôpital
2734 541 63 23 Brug-

2275 571 78 16 mann.
2367 577 27 4 —
2409 568 27 19 D.

2316 604 39 20 NE
2371 604 151 20 NEGLIGEZ
2537 604 54 20 PAS
2607 603 54 21 CES
2676 602 120 21 NOUVEL-

2276 629 85 20 LES.—
2375 629 61 21 Veus
2447 631 80 18 n'avez
2540 633 42 20 pas
2595 628 23 21 lu
2634 636 9 9 •
2652 628 33 20 La
2698 626 110 21 Dernière

2275 654 103 23 Heure-,
2391 657 19 18 31
2425 658 56 17 vous
2492 653 104 25 négligez
2606 653 29 21 de
2647 652 119 25 parcourir
2771 656 38 16 ses

2275 679 87 20 Petites
2369 680 122 19 Annonces
2513 677 97 22 classées
2631 682 43 21 par
2695 676 113 24 rubrique.

2275 703 21 20 Il
2302 708 16 20 y
2328 708 15 16 a
2355 704 24 20 là
2386 704 39 20 des
2438 703 117 22 nouvelles
2566 703 64 21 aussi
2643 701 166 22 intéressantes

2275 733 44 20 que
2334 729 21 20 le
2362 728 53 25 plus
2429 728 142 21 intéressant
2587 728 40 21 de»
2641 727 77 21 échos.
2733 726 74 22 (44/11

2301 764 102 21 GRAVE
2416 764 107 21 CHUTE.
2537 774 29 6 —
2580 764 31 19 Le
2625 761 93 22 nommé
2734 761 63 21 Char-

2275 789 33 20 les
2325 790 114 22 Dielman,
2456 789 43 24 âgé
2516 789 28 20 de
2562 789 26 20 40
2606 793 50 19 ans,
2673 787 136 20 demeurant

2275 819 40 15 rue
2332 815 120 21 Frolssart.
2468 819 30 15 en
2515 813 142 21 descendant
2673 811 88 22 samedi
2777 811 32 21 du

2275 839 93 20 trottoir
2388 843 87 16 avenue
2496 839 29 20 dc
2544 837 148 23 Cortenbsrg,
2713 837 15 21 à
2748 837 49 20 Bru-

2275 864 76 22 xelles,
2364 868 14 15 a
2393 863 45 20 falt
2453 868 46 15 une
2515 863 68 20 chute
2599 864 25 19 et
2637 863 56 20 s'est
2707 861 102 21 fracturé

2275 888 23 20 la
2316 888 84 24 Jambe.
2418 889 33 19 La
2468 888 91 20 victime
2578 892 14 16 a
2610 887 37 20 été
2664 885 145 25 transportée

2275 917 30 16 au
2327 917 83 19 moyen
2427 913 28 20 de
2474 912 223 21 l'auto-ambulance
2716 913 15 20 k
2751 911 47 21 l'hô-

2276 938 58 24 pital
2351 938 108 20 St-Jean.
2474 947 29 5 —
2518 938 30 20 D.

2462 975 85 16 TTTl»

2562 993 106 17 Chambres
2674 994 43 19 dep.
2724 994 23 16 M
2752 994 9 16 f
2763 997 16 12 r.

2278 1013 55 16 Thés.
2342 1013 69 16 Dîners
2425 1013 97 16 Concerts.
2530 1013 27 18 43.
2565 1014 24 15 Dd
2597 1014 84 19 Rsspstl,
2691 1015 59 15 Paris.
2757 1013 50 17 H79«

2301 1045 142 20 FACHEUX
2462 1046 116 19 OUBLIS.
2595 1055 28 5 —
2640 1044 101 24 Samedi,
2759 1049 51 16 vers

2276 1070 24 20 11
2317 1070 24 20 h.
2357 1071 26 19 30
2398 1070 31 20 du
2445 1070 53 23 soir,
2512 1071 32 20 M.
2561 1070 122 20 Baudouin
2700 1071 22 19 R
2732 1085 22 8 ...
2766 1070 30 20 de-

2276 1096 108 19 meurant
2393 1099 42 16 rue
2447 1095 28 20 de
2486 1095 24 20 la
2521 1094 157 24 Consolation,
2688 1094 16 21 à
2711 1094 88 21 Schaer-

2276 1120 63 23 beek,
2352 1120 77 20 s'était
2444 1119 79 21 trouvé
2537 1124 30 16 en
2583 1120 134 23 compagnie
2730 1119 81 21 d'amis

2273 1145 61 20 dans
2356 1149 33 16 un
2410 1144 52 21 café
2485 1144 28 21 de
2534 1145 24 20 la
2579 1144 65 25 place
2663 1144 90 24 Rogier.
2774 1145 36 19 En

2274 1170 105 24 quittant
2394 1170 194 23 l'établissement,
2603 1170 17 20 il
2634 1169 80 20 oublia
2729 1172 25 18 sa
2761 1173 38 16 ser-

2276 1195 70 21 viette
2368 1200 32 15 en
2420 1195 51 20 cuir
2495 1195 61 20 brun
2579 1195 60 20 dans
2664 1193 98 24 laquelle
2786 1197 24 17 se

2275 1220 102 20 trouvait
2397 1224 45 17 une
2461 1219 125 25 enveloppe
2605 1220 128 20 contenant
2753 1219 58 22 5,000

2275 1245 85 21 francs.
2377 1244 86 24 Quand
2482 1245 33 21 M.
2534 1245 46 20 R...
2601 1245 55 20 s'est
2676 1248 85 20 aperçu
2781 1244 29 20 de

2278 1275 43 16 son
2338 1271 69 23 oubli,
2422 1271 17 21 11
2455 1272 36 21 est
2506 1270 109 22 retourné
2632 1275 31 16 au
2677 1269 59 23 café,
2753 1269 59 21 mals

2278 1295 56 25 déjà
2347 1297 25 20 la
2390 1296 108 22 serviette
2519 1296 63 21 avait
2601 1295 37 21 été
2656 1294 93 22 enlevée
2769 1299 42 20 par

2279 1325 32 17 un
2324 1322 110 20 inconnu.

2303 1357 28 5 —
2343 1347 32 20 M.
2388 1347 87 24 Joseph
2488 1347 51 23 P...,
2552 1346 137 22 demeurant
2702 1345 65 25 place
2780 1345 31 21 du

2278 1371 131 24 Châtelain,
2424 1372 15 21 à
2453 1372 89 23 Ixelles,
2557 1372 63 21 avait
2635 1370 84 25 déposé
2734 1370 14 21 à
2761 1369 50 22 côté

2277 1396 28 22 de
2316 1397 40 23 lul,
2368 1397 59 21 dans
2439 1403 32 15 un
2484 1397 52 21 café
2548 1397 28 21 de
2587 1397 24 20 la
2622 1397 49 21 dite
2683 1396 73 25 place,
2767 1400 43 17 son

2277 1423 145 23 portefeuille
2437 1424 128 20 contenant
2579 1423 12 19 5
2602 1422 77 21 billets
2693 1423 27 20 de
2737 1422 37 19 100
2786 1422 25 20 et

2276 1447 13 20 2
2309 1448 28 20 de
2357 1448 26 19 50
2402 1448 79 21 francs
2500 1447 110 24 français.
2629 1448 21 20 Il
2668 1447 94 21 l'oublia
2779 1447 31 23 et,

2277 1474 77 22 quand
2368 1473 16 20 11
2398 1474 76 21 revint
2487 1478 44 20 peu
2543 1473 74 25 après,
2631 1473 20 21 le
2665 1472 144 25 portefeuille

2277 1498 64 22 avait
2355 1498 100 24 disparu.
2466 1508 28 5 —
2505 1499 29 19 D.

2576 1536 98 15 tomate
2705 1536 26 16 da
2762 1535 53 17 soleil

2597 1555 25 17 de
2646 1556 69 19 Naples
2734 1556 80 16 dlrecïe-

2598 1577 53 15 ment
2664 1576 12 16 à
2689 1577 55 15 votre
2757 1576 57 16 ---,1e.

2587 1602 99 16 TOMATE
2696 1609 10 5 -
2718 1601 96 16 renferme

2598 1622 27 18 les
2637 1621 103 17 vitamines
2751 1621 58 16 ABC

2598 1641 152 20 Indispensables
2768 1641 12 17 à
2796 1640 20 17 ia

2594 1662 38 17 vl».

2582 1688 159 16 TOMATE-relr.c
2781 1690 35 16 pu

2598 1708 20 16 la
2630 1707 73 20 qualité
2716 1708 21 16 et
2748 1711 22 14 sa
2783 1711 31 13 sa»

2585 1731 47 13 veur
2655 1727 149 20 Incomparable.

2580 1754 99 17 TOMATE
2690 1761 10 6 -
2710 1753 79 20 produit

2597 1776 44 15 «aln
2659 1775 21 17 et
2696 1773 83 17 naturel.

2757 1796 56 17 IH2I1

2306 1829 205 24 INQUIETANTE
2526 1829 204 21 DISPARITION.
2742 1839 29 5 —
2783 1828 31 21 Lï

2281 1854 24 21 31
2320 1855 53 23 mai,
2386 1859 52 17 vers
2450 1856 12 19 5
2474 1856 83 21 heures
2571 1855 31 21 du
2615 1855 82 22 matin,
2710 1855 21 21 le
2745 1859 55 16 nom-

2282 1880 36 21 mé
2335 1880 199 24 Tweepenninckx
2551 1880 117 24 François,
2684 1879 43 25 âgé
2745 1880 28 21 de
2788 1879 25 20 47

2280 1910 49 18 ans,
2344 1906 91 21 ouvrier
2450 1906 157 23 camionneur,
2622 1905 75 25 quitta
2711 1909 44 17 son
2771 1905 29 20 do-

2280 1931 81 23 micile,
2381 1936 41 16 rue
2442 1931 214 22 Vanderstichelen.
2676 1930 33 23 71,
2725 1930 16 20 à
2760 1931 41 19 Mo-

2281 1956 101 24 lenbeek,
2404 1957 78 21 disant
2504 1957 53 24 qu'il
2575 1961 24 16 ss
2621 1956 93 21 rendait
2734 1955 15 21 à
2769 1959 43 17 son

2280 1982 90 23 travail,
2385 1981 31 22 où
2433 1982 17 21 il
2467 1987 29 16 ne
2512 1982 55 20 s'est
2584 1986 42 20 pas
2643 1980 114 26 présenté.

2304 2007 94 24 Depuis,
2413 2012 32 16 on
2462 2013 14 15 a
2491 2006 178 26 complètement
2685 2006 73 25 perdu
2774 2010 37 17 sea

2278 2032 81 21 traoes.
2378 2033 30 21 Le
2428 2033 94 24 disparu
2540 2037 15 16 a
2574 2032 46 21 fait
2637 2032 109 25 parvenir
2763 2036 47 16 une

2278 2059 63 20 carte
2357 2058 89 24 postale
2461 2058 16 20 à
2491 2062 43 17 son
2551 2057 90 25 épouse,
2657 2062 43 20 par
2713 2057 97 25 laquelle

2279 2083 16 20 il
2314 2083 115 22 l'informe
2448 2084 69 23 qu'on
2533 2088 29 17 ne
2582 2084 21 20 le
2622 2083 112 21 reverrait
2753 2082 58 25 plus.

2278 2108 31 21 La
2323 2108 72 25 police
2409 2114 14 16 a
2436 2108 112 23 transmis
2558 2113 45 16 son
2614 2108 155 24 signalement
2780 2112 30 16 en

2279 2133 52 21 tous
2347 2134 61 20 lieux
2424 2134 74 20 utiles.
2513 2143 28 6 —
2556 2134 27 19 D.

2299 2177 152 17 APPELTEBRE
2466 2179 55 16 extra
2544 2178 10 16 5
2568 2178 32 19 tt.
2616 2178 21 17 70
2652 2177 25 18 fr.
2691 2177 82 17 Franco.
2789 2186 22 4 —

2276 2198 52 17 René
2344 2199 28 16 De
2389 2198 72 19 Clerco,
2479 2199 122 17 Grammont.
2741 2198 68 18 (H2403

2304 2238 112 20 PIETON
2436 2238 109 21 BLESSE
2563 2239 60 19 PAR
2642 2238 60 20 UNE
2724 2238 88 20 AUTO.

2281 2274 26 5 —
2321 2264 35 20 En
2374 2265 132 19 traversant
2523 2263 89 21 samedi
2629 2264 48 20 soir
2693 2263 22 22 le
2733 2263 66 20 boule-

2280 2289 57 24 vard
2349 2290 31 20 du
2392 2289 65 23 Midi,
2468 2289 107 21 l'ouvrier
2587 2288 138 22 cordonnier
2737 2288 63 21 Char-

2279 2313 32 22 les
2324 2314 139 23 Hendrickx,
2476 2313 43 24 âgé
2532 2315 28 20 de
2574 2314 26 20 38
2611 2319 50 17 ans.
2674 2314 138 21 demeurant

2280 2344 40 16 rue
2341 2339 119 23 Brogniez,
2482 2345 15 15 a
2518 2339 37 21 été
2577 2339 107 21 renversé
2705 2344 43 20 par
2765 2344 47 15 une

2280 2365 145 20 automobile.
2435 2365 35 20 La
2480 2364 93 22 victime
2585 2370 15 16 a
2610 2364 37 21 été
2658 2364 88 22 relevée
2758 2369 41 19 gra-

2281 2391 93 19 vement
2385 2389 86 22 blessée
2486 2389 15 21 à
2515 2390 24 21 la
2553 2389 47 22 tête
2614 2391 25 20 et
2650 2394 41 16 sur
2704 2390 22 21 le
2740 2394 73 20 corps.

2281 2415 47 21 Elle
2344 2420 15 15 a
2373 2415 37 21 été
2425 2415 144 25 transportée
2584 2414 16 21 à
2614 2415 104 25 l'hôpital
2733 2415 80 20 Saint-

2281 2440 67 21 Jean.
2363 2450 28 5 —
2406 2441 28 19 D.

2283 2484 39 31 D
2333 2484 46 31 r\
2396 2484 8 31 I
2492 2496 41 19 en
2553 2486 78 29 trois
2651 2490 131 25 séances
2803 2485 9 31 !

2282 2517 10 18 '
2333 2514 46 23 V^
2395 2521 10 13 s
2425 2514 38 21 l—
2524 2524 47 16 TUE
2583 2524 65 16 POU»
2659 2524 124 16 TOUJOURS

2320 2547 36 15 par
2374 2544 55 16 mode
2447 2547 85 12 nouveau
2551 2543 79 19 garanti
2647 2547 47 13 sans
2712 2545 52 14 triée

2277 2572 135 37 INSTITUT
2421 2572 37 36 DE
2465 2565 114 43 BEAUTÉ
2589 2571 37 37 DE
2639 2571 173 38 BRUXELLES

2297 2617 28 18 40.
2337 2620 35 13 rue
2384 2616 24 17 de
2421 2616 88 17 Malines.
2523 2617 82 15 Docteur
2618 2615 115 20 spécialiste.
2750 2616 58 16 (H426

2304 2649 101 21 GRAVE
2420 2650 100 20 CHUTE
2534 2649 71 21 D'UN
2619 2649 152 22 CÏCLISTE.
2783 2659 27 6 —

2277 2674 73 21 Henri
2373 2675 98 20 Vanden
2494 2674 126 23 Eeckhout,
2644 2674 26 20 22
2695 2679 49 18 ans,
2767 2679 41 16 rue

2276 2700 132 22 Coenraets,
2429 2700 20 23 6,
2470 2699 14 21 à
2506 2699 161 23 Saint-Gill*!,
2687 2699 85 22 roulait
2794 2699 13 21 à

2279 2724 55 25 vélo,
2350 2729 88 16 avenue
2453 2725 81 20 Houba
2550 2724 28 21 de
2592 2725 115 24 Strooper.
2722 2724 15 21 à
2751 2726 46 19 Lae-

2276 2749 52 21 ken.
2345 2750 99 20 Passant
2461 2749 59 20 dans
2536 2753 46 17 une
2600 2749 142 23 excavation,
2759 2749 17 21 11
2793 2754 14 16 a

2276 2774 45 21 fait
2334 2778 47 17 une
2395 2774 77 24 chute,
2487 2779 24 15 se
2525 2774 103 21 blessant
2643 2774 134 24 gravement
2792 2775 14 21 à

2276 2799 25 20 la
2314 2798 53 23 tête.
2381 2809 28 5 —
2421 2800 29 20 D.

2424 2835 92 21 TENIR
2524 2836 37 20 LE
2572 2836 87 23 COUP.

2392 2866 126 21 MALGRE
2530 2867 37 20 LA
2583 2866 87 22 CRISE
2679 2867 8 20 !

2296 2898 51 17 Telle
2363 2900 30 15 est
2409 2899 19 16 la
2443 2898 64 17 bonne
2521 2898 112 17 Luncbbeer
2649 2899 33 16 des
2697 2899 109 16 Brasseries

2275 2918 120 19 IMPERIAL.
2415 2918 74 17 Société
2508 2920 103 18 Anonyme.
2631 2919 103 18 Bruxelles,
2754 2919 52 16 b'ére

2276 2939 110 20 supérieure
2402 2943 49 16 pour
2465 2940 29 16 les
2509 2943 57 15 repas
2583 2941 20 14 et
2619 2939 20 16 la
2655 2940 152 16 consommation

2275 2959 107 19 ménagère,
2403 2959 40 17 très
2463 2959 93 20 apérttlve
2576 2961 20 15 et
2616 2959 98 20 dlgestlre.

2297 2980 145 19 Incomparable
2465 2983 38 13 aux
2524 2981 142 17 concurrentes,
2688 2979 57 17 étant
2765 2979 44 20 plus

2276 3000 51 17 forte
2346 3001 20 16 et
2384 3000 64 17 mieux
2464 3000 83 16 brassée.

2296 3020 94 17 BouteUle
2408 3021 46 16 d'un
2473 3021 45 16 litre
2535 3020 79 20 garanti
2632 3021 21 16 et
2670 3019 84 18 bouchée
2771 3023 37 16 par

2277 3040 112 20 mécanique
2405 3040 94 17 chromée.
2516 3049 21 4 —
2554 3041 45 16 Prix
2617 3044 6 13 T
2640 3040 26 17 fr.
2684 3041 44 15 1.25:
2747 3040 63 16 casier

2277 3061 22 16 ï!
2317 3062 20 15 12
2353 3065 6 12 :
2378 3062 19 15 13
2412 3061 68 17 francs
2502 3060 77 21 Téléph.
2594 3061 85 16 21.40.S3.
2699 3061 109 17 (l,'D3,Sâ-4

2302 3094 145 22 CYCLISTE
2459 3095 109 20 BLESSE
2582 3095 59 19 PAR
2654 3094 43 20 UN
2709 3094 87 20 MOTO-

2277 3119 151 22 CYCLISTE.
2444 3130 28 5 —
2488 3119 94 21 Samedi
2599 3119 63 23 midi,
2679 3119 22 20 le
2718 3118 92 24 cycliste

2278 3144 72 21 César
2366 3144 109 24 Devuyst.
2493 3144 26 20 30
2537 3148 50 18 ans,
2605 3143 148 24 magasinier,
2770 3148 41 15 rue

2278 3169 52 20 Van
2341 3169 62 21 Maie
2414 3169 29 20 de
2455 3169 114 22 Ghorain,
2580 3169 15 21 à
2606 3168 143 24 Molenbeek,
2759 3173 42 16 rou-

2278 3193 43 21 lait
2335 3199 32 15 au
2381 3194 125 20 boulevard
2521 3193 100 25 Léopold
2635 3194 31 22 II,
2682 3193 100 24 lorsqu'il
2797 3198 14 16 a

2278 3218 37 21 été
2325 3218 108 21 renversé
2445 3223 43 20 par
2499 3223 33 16 un
2544 3218 163 24 motocycliste.
2718 3219 33 20 La
2763 3218 36 20 vic-

2279 3242 55 22 time
2348 3248 15 15 a
2376 3243 36 21 été
2426 3243 86 21 blessée
2526 3243 15 21 à
2554 3244 24 20 la
2591 3243 48 21 tête
2652 3245 24 19 et
2690 3248 46 16 aux
2748 3243 49 25 Jam-

2278 3269 46 20 bes.
2335 3269 31 19 Le
2378 3268 156 24 motocycliste
2547 3273 14 16 a
2573 3269 48 24 pris
2632 3268 24 21 la
2668 3268 66 21 fuite.
2745 3278 28 5 —
2783 3269 28 20 D.

2304 3305 159 22 TOUJOURS
2478 3305 75 21 PLUS
2565 3305 78 21 VITE.
2658 3316 26 5 —
2699 3305 62 21 C'est
2787 3309 27 16 ce

2280 3331 69 23 qu'on
2368 3330 99 20 cherche
2498 3330 25 20 et
2550 3331 56 20 c'est
2623 3334 59 21 pour
2701 3329 50 21 cela
2770 3334 43 16 c.ue

2279 3355 47 21 l'on
2340 3355 98 24 emploie
2454 3355 22 21 le
2489 3354 115 25 Lavécire,
2620 3355 39 24 qui
2674 3354 52 21 lave
2737 3355 27 21 et
2778 3354 23 21 ci-

2280 3385 32 18 re,
2329 3380 53 26 plus
2395 3380 48 20 vite
2459 3380 26 21 et
2502 3380 84 21 mieux.
2603 3380 86 20 L'essai
2704 3380 37 20 est
2759 3384 41 19 gra-

2280 3405 53 22 tuit,
2348 3406 22 20 le
2389 3405 117 25 droguiste
2526 3405 77 21 donne
2622 3404 143 21 échantillon
2784 3405 29 20 de

2279 3430 115 21 Lavécire.
2704 3430 110 20 (H3777-6

2304 3469 174 20 RENVERSEE
2495 3469 61 20 PAR
2572 3469 37 19 LE
2625 3468 94 20 TRAM.
2736 3478 27 5 —
2779 3468 32 20 La

2279 3493 121 25 ménagère
2414 3493 92 21 Rosalie
2520 3493 134 25 Bontemps,
2667 3493 26 20 53
2707 3497 51 18 ans,
2770 3497 41 16 rue

2279 3518 140 23 d'Aerschot,
2432 3523 30 16 en
2474 3518 133 22 traversant
2619 3518 23 21 la
2656 3522 41 16 rue
2711 3517 28 22 de
2751 3518 46 20 Bra-

2279 3543 64 24 bant,
2357 3543 83 22 tenant
2455 3547 43 16 son
2511 3542 119 26 parapluie
2645 3542 87 23 ouvert,
2747 3547 15 16 a
2775 3541 36 22 été

2279 3567 105 22 culbutée
2397 3572 44 20 par
2453 3572 34 17 un
2501 3568 68 21 tram.
2582 3567 49 21 Elle
2645 3572 15 16 a
2673 3567 37 21 été
2723 3566 76 22 sérieu-

2279 3593 90 20 sement
2384 3592 87 21 blessée
2488 3597 46 16 aux
2550 3592 89 25 jambes
2657 3593 24 20 et
2697 3597 25 16 se
2737 3592 75 24 plaint

2279 3617 29 21 de
2328 3617 107 21 douleurs
2454 3618 110 20 Internes.
2582 3627 28 5 —
2628 3618 28 20 D.

2305 3654 39 20 EN
2357 3655 133 20 PASSANT
2504 3654 153 21 DERRIERE
2671 3655 42 20 UN
2726 3655 86 20 TRAM

2280 3680 124 19 ARRETE.
2414 3690 27 5 —
2452 3680 93 20 Samedi
2557 3680 63 23 midi,
2630 3679 100 21 Thérèse
2742 3679 69 21 Slim-

2279 3704 89 24 broeck,
2385 3704 56 24 âgée
2459 3704 28 21 de
2504 3705 25 19 61
2547 3709 50 18 ans,
2613 3709 41 16 rue
2672 3704 139 21 Godefroid-

2280 3729 154 23 de-Bouillon,
2445 3729 15 21 à
2472 3729 299 23 Saint-Josse-ten-Noode,
2782 3733 30 16 en

2279 3755 97 22 passant
2399 3753 99 21 derrière
2522 3758 34 16 un
2580 3754 62 21 tram
2665 3753 83 23 arrêté,
2772 3758 40 16 rue

2280 3778 92 24 Royale,
2386 3783 14 16 a
2413 3777 36 22 été
2461 3777 120 22 renversée
2594 3783 44 20 par
2650 3783 46 16 une
2709 3779 93 20 automo-

2279 3803 52 22 bile.
2349 3802 92 22 Blessée
2459 3803 14 21 à
2491 3803 23 21 la
2533 3803 48 21 tête
2600 3804 23 20 et
2640 3808 42 16 sur
2699 3804 22 20 le
2739 3807 72 21 corps,

2279 3828 43 21 elle
2334 3833 16 16 a
2362 3827 37 22 été
2411 3826 93 27 soignée
2518 3828 15 21 à
2545 3827 105 25 l'hôpital
2664 3828 147 21 Saint-Jean.

2280 3863 26 5 —
2318 3854 29 20 D.

2304 3890 31 20 IL
2351 3890 189 21 TRAVERSAIT
2556 3891 38 21 I*A
2611 3890 159 21 CHAUSSEE.
2785 3899 27 8 —

2280 3914 93 21 Samedi
2394 3914 144 25 après-midi,
2558 3920 32 16 on
2610 3920 15 15 a
2645 3914 132 26 transporté
2797 3914 14 21 à

2281 3939 104 25 l'hôpital
2397 3940 137 24 Brugmann
2547 3940 87 24 Joseph
2647 3939 126 24 Kesteloot,
2787 3940 25 20 63

2280 3967 49 20 ans,
2343 3969 41 16 rue
2399 3964 31 21 du
2445 3964 123 24 Jardinier,
2582 3965 15 21 à
2611 3964 141 24 Molenbeek,
2766 3964 45 25 qui,

2280 3993 30 16 en
2324 3989 132 22 traversant
2469 3989 24 21 la
2507 3989 110 21 chaussée
2632 3989 29 21 de
2676 3989 136 24 Merchtem,

2280 4013 62 22 avait
2353 4012 36 22 été
2399 4013 166 22 sérieusement
2574 4014 74 21 blessé
2658 4018 44 20 par
2712 4018 45 17 une
2768 4018 31 17 au-

2280 4038 114 22 tomobile.
2405 4048 27 5 —
2441 4039 28 21 D.

2305 4075 156 20 AVEUGLEE
2479 4076 60 20 PAR
2556 4076 38 20 LA
2611 4075 95 23 PLUIE.
2723 4086 27 6 —
2767 4076 30 20 Sa-

2279 4099 67 23 medi,
2363 4104 51 15 vers
2432 4100 24 19 11
2473 4100 84 20 heures
2574 4101 26 19 30
2617 4100 31 21 du
2666 4100 82 24 matin,
2765 4104 45 17 une

2279 4125 92 22 gamine
2386 4124 28 21 de
2431 4125 24 19 13
2471 4129 49 19 ans,
2535 4125 96 21 Viviane
2646 4126 53 22 T...,
2714 4130 41 16 rue
2771 4126 38 21 St-

2279 4148 78 24 Henrl,
2376 4149 16 21 à
2411 4148 309 25 Woluwe-Saint-Lambert,
2740 4155 57 16 aveu-

2279 4172 48 24 glée
2346 4177 43 20 par
2409 4173 23 21 la
2452 4173 69 24 pluie,
2540 4179 15 15 a
2574 4178 71 17 couru
2665 4175 79 21 contre
2766 4179 44 17 une

2279 4196 145 25 automobile,
2438 4202 88 17 avenue
2540 4198 29 22 de
2582 4199 24 20 la
2618 4199 163 24 Renaissance,
2795 4199 15 21 à

2279 4222 123 21 Bruxelles.
2417 4222 149 21 Grièvement
2580 4222 93 25 blessée,
2687 4224 43 21 elle
2744 4229 15 16 a
2774 4224 36 21 été

2279 4246 143 25 transportée
2436 4247 15 21 à
2463 4247 105 25 l'hôpital
2582 4248 148 22 Saint-Jean.
2742 4259 29 6 —
2781 4250 29 21 D.

2303 4283 114 21 FRAPPE
2432 4284 39 20 DE
2486 4284 72 21 SEPT
2572 4285 96 21 COUPS
2683 4286 39 20 DE
2737 4286 61 21 COU-

2277 4307 86 22 TEAU.
2374 4318 27 5 —
2412 4309 33 20 La
2457 4309 53 21 nuit
2521 4309 31 21 du
2565 4309 24 20 12
2601 4314 31 16 au
2644 4310 24 20 13
2679 4310 130 24 septembre

2278 4333 57 23 1932,
2346 4337 32 16 un
2387 4333 49 20 soir
2446 4333 28 21 de
2485 4333 121 24 kermesse,
2617 4334 60 21 deux
2689 4334 121 22 habitants

2277 4357 28 21 de
2325 4358 136 24 Rymenam,
2479 4358 82 23 Albert
2577 4358 120 25 Foaderle,
2715 4360 26 19 35
2760 4364 49 19 ans,

2278 4384 23 19 et
2315 4382 60 20 Jean
2389 4383 52 20 Van
2455 4383 41 21 der
2510 4383 85 24 Zande,
2609 4384 25 20 32
2649 4388 50 19 ans,
2713 4388 30 16 en
2757 4384 39 21 vin-

2278 4407 52 20 rent
2347 4411 46 17 aux
2410 4407 83 24 mains,
2510 4408 24 21 et
2552 4408 50 20 Van
2619 4409 41 20 der
2676 4409 79 20 Zande
2771 4411 37 18 lut

2278 4431 82 25 frappé
2370 4436 44 20 par
2423 4432 98 21 Fondrie
2532 4432 29 21 de
2572 4433 51 24 sept
2633 4437 71 19 coups
2715 4433 28 21 de
2754 4437 42 17 cou-

2278 4456 60 22 teau.
2351 4457 144 24 L'agresseur
2509 4462 14 15 a
2537 4457 36 21 été
2587 4457 129 21 condamné
2730 4462 15 17 a
2757 4459 51 24 sept

2278 4481 57 20 mois
2346 4481 29 21 de
2387 4481 78 24 prison
2478 4482 23 20 et
2514 4482 39 20 882
2565 4482 79 20 francs
2657 4486 30 17 ou
2700 4483 25 19 23
2738 4483 70 25 jours,

2278 4507 22 19 et
2316 4506 59 20 2.014
2390 4507 81 20 francs
2486 4506 29 21 de
2531 4507 249 24 dommages-intérêts.

2304 4549 100 20 GRAVE
2440 4548 159 23 ACCIDENT.
2632 4560 29 6 —
2694 4550 115 21 L'ouvrier

2277 4573 102 21 Maurice
2401 4573 127 24 Verdonck,
2549 4575 26 20 29
2597 4579 49 19 ans,
2667 4575 29 20 de
2716 4575 92 20 Wiche-

2278 4597 44 23 len,
2338 4602 30 16 en
2384 4598 105 25 glissant,
2504 4599 89 20 samedi
2610 4603 51 17 vers
2678 4600 24 20 16
2719 4600 90 23 heures,

2277 4625 53 17 sous
2341 4626 45 16 une
2399 4626 62 20 grue,
2473 4623 54 24 quai
2540 4623 40 21 des
2591 4624 141 24 Armateurs,
2744 4629 15 16 a
2772 4623 36 22 été

2277 4648 134 21 gravement
2430 4646 71 21 blessé
2521 4652 45 16 aux
2584 4648 98 23 Jambes;
2703 4648 17 20 11
2738 4653 15 16 a
2771 4648 37 22 été

2278 4670 130 25 transporté
2425 4671 14 21 à
2457 4671 104 25 l'hôpital
2577 4673 145 21 Saint-Jean.
2739 4683 26 5 —
2780 4674 28 20 D.

2300 4706 31 20 IL
2346 4707 132 20 VOULAIT
2494 4708 119 20 BATTRE
2628 4709 37 20 LE
2680 4709 129 20 RECORD.

2275 4740 28 6 —
2320 4731 80 21 Albert
2429 4731 104 24 Balleux,
2553 4733 24 20 18
2596 4737 50 19 ans,
2665 4732 28 21 de
2722 4733 87 20 Falmi-

2275 4756 77 23 gnoul,
2366 4756 143 24 domestique
2525 4756 27 22 de
2568 4757 134 21 basse-cour
2717 4757 16 22 k
2745 4757 63 21 Wal-

2275 4780 44 24 zin,
2339 4780 59 21 était
2416 4780 28 21 de
2462 4781 71 21 sortie
2553 4785 55 18 avec
2627 4786 33 17 un
2679 4782 129 20 camarade.

2275 4805 32 21 Us
2319 4809 25 17 se
2359 4806 87 20 mirent
2461 4806 14 21 à
2490 4806 79 21 lancer
2582 4806 41 21 des
2638 4806 98 22 cailloux
2748 4807 60 20 dans

2275 4830 24 19 la
2320 4830 86 23 Meuse,
2426 4834 59 20 pour
2503 4830 23 21 le
2547 4831 81 21 record
2647 4831 29 21 de
2697 4831 111 21 distance.

2275 4855 61 20 Tout
2354 4855 15 20 à
2388 4859 65 21 coup,
2471 4855 97 21 Balleux
2586 4861 25 16 se
2627 4855 64 21 brisa
2709 4855 21 21 le
2747 4855 59 20 bras.

2275 4879 21 20 Tl
2316 4883 15 16 a
2350 4879 37 21 été
2408 4879 131 25 transporté
2557 4880 15 21 à
2591 4880 105 24 l'hôpital
2717 4880 28 21 de
2765 4880 30 21 Dî-

2275 4904 67 21 nant.

2300 4947 83 21 POUR
2396 4947 160 21 OUTRAGES
2570 4947 64 20 AUX
2647 4947 120 21 MŒURS.
2780 4956 26 7 —

2274 4971 92 24 Eugène
2385 4971 54 23 R...,
2457 4970 30 21 de
2506 4971 133 24 Qulévraln,
2655 4972 24 20 et
2698 4971 107 21 Fernand

2274 4996 52 23 T...,
2357 4996 28 20 de
2417 4995 79 24 Ghlin,
2527 4997 43 20 ont
2600 4995 36 21 été
2665 4995 86 20 arrêtés
2782 4996 23 19 et

2275 5020 93 21 écroués
2382 5021 32 20 du
2430 5020 56 21 chef
2503 5020 129 24 d'outrages
2650 5024 45 16 aux
2713 5024 92 16 mœurs.

2299 5056 46 21 ILS
2360 5056 89 22 N'ONT
2463 5057 54 20 PAS
2533 5056 119 21 COMMIS
2667 5056 125 21 D'IMPRU-

2273 5080 103 21 DENCE.
2392 5091 28 5 —
2446 5081 31 20 Le
2507 5080 102 21 tribunal
2639 5080 164 20 correctionnel

2273 5105 28 19 de
2318 5106 68 20 Mons
2403 5109 14 16 a
2447 5104 108 25 acquitté,
2568 5104 89 21 samedi
2686 5105 81 23 matin,
2783 5104 21 20 le

2273 5130 55 20 chef
2362 5129 81 24 porion
2464 5131 25 19 et
2509 5129 33 20 les
2564 5129 60 20 deux
2658 5129 93 24 portons
2773 5129 30 19 du

2272 5153 161 25 charbonnage
2451 5153 27 21 de
2494 5153 240 24 Hornu-et-Wasmes,
2751 5152 40 26 pré-

2274 5183 70 16 venus
2363 5178 92 23 d'avoir,
2476 5182 43 20 par
2538 5182 99 20 manque
2660 5178 27 20 de
2706 5178 84 24 précau-

2273 5203 50 21 tion
2342 5208 30 16 ou
2393 5203 28 21 de
2441 5202 149 26 prévoyance,
2610 5202 68 21 causé
2698 5202 25 21 la
2742 5203 60 20 mort

2272 5228 28 20 de
2319 5227 61 21 deux
2401 5228 124 19 bouilleurs
2545 5228 116 19 retrouvés
2681 5227 122 24 asphyxiés

2273 5257 30 16 au
2322 5253 57 21 fond
2397 5252 28 21 de
2444 5252 25 21 la
2499 5252 69 20 mine.
2587 5252 63 22 Leaa*
2662 5251 82 21 débats
2761 5252 41 20 ont

2272 5277 70 21 établi
2357 5274 79 28 qUî'le
2453 5277 161 23 charbonnage
2620 5271 37 26 *tk
2673 5277 129 20 Hornu-et-

2272 5302 109 22 Wasmes,
2400 5301 72 21 classé
2491 5306 87 16 comme
2599 5305 47 16 non
2665 5301 136 24 grlsouteux,

2273 5327 87 22 n'avait
2391 5327 52 24 plus
2458 5326 52 21 subi
2544 5326 27 21 de
2603 5325 153 25 dégagement
2773 5325 28 20 de

2272 5352 86 23 grisou;
2381 5351 24 21 la
2422 5352 62 20 mort
2505 5350 39 22 des
2566 5351 60 20 deux
2647 5351 104 20 hommes
2773 5353 29 17 ne

2272 5376 94 25 pouvait
2399 5376 59 21 donc
2490 5375 48 22 être
2572 5375 91 25 prévue,
2695 5375 107 21 d'autant

2272 5402 75 20 moins
2369 5405 44 21 que
2437 5400 92 22 ceux-ci
2549 5400 118 21 n'avalent
2689 5399 47 22 fait
2758 5403 44 21 que

2271 5426 66 24 vingt
2353 5426 86 21 mètres
2460 5424 59 23 dans
2539 5425 25 21 la
2585 5424 83 26 galerie
2689 5424 112 25 lorsqu'ils

2272 5450 135 22 tombèrent.

2854 321 42 20 UN
2918 322 175 21 AUDACIEUX
3116 322 81 21 COUP
3218 322 39 20 DE
3277 321 86 21 MAIN.

2828 354 26 6 —
2868 345 119 21 Profitant
3004 346 55 21 d'un
3074 348 106 19 moment
3196 346 120 21 d'absence
3334 345 28 21 dc

2829 370 30 20 M.
2877 370 66 20 Aimé
2960 371 131 23 Delannoit,
3109 371 122 25 garagiste,
3250 371 66 20 route
3335 370 28 20 de

2829 394 124 24 Bruxelles,
2974 397 14 19 à
3005 396 111 23 Soignies,
3137 400 31 16 un
3188 396 101 20 inconnu
3309 396 54 19 s'est

2830 419 111 20 Introduit
2958 420 59 20 dans
3033 424 42 16 son
3092 420 94 23 bureau,
3202 420 30 20 où
3249 420 16 20 11
3282 426 15 15 a
3314 419 49 21 volé

2830 443 38 21 550
2890 444 85 21 francs.
2996 445 38 20 On
3055 444 94 25 possède
3169 445 20 20 le
3210 444 153 23 signalement

2831 467 30 21 du
2879 469 141 20 malfaiteur.

2857 505 58 20 SUR
2931 506 36 19 LA
2983 505 101 20 ROUTE
3098 506 38 19 DE
3153 505 91 21 MONS.
3259 515 28 5 —
3301 506 51 19 Rou-

2830 529 57 23 lant,
2903 529 109 21 vendredi
3023 530 55 26 soif,
3092 534 40 16 sur
3147 530 24 20 la
3186 531 65 19 route
3268 531 96 18 menant

2830 554 15 21 à
2866 555 75 22 Mons,
2964 558 32 16 un
3019 555 56 22 taxi,
3095 554 62 24 parti
3179 554 28 20 de
3229 554 136 23 Maubeuge.

2831 579 23 20 et
2877 578 60 21 dans
2972 578 74 24 lequel
3066 583 25 15 se
3129 578 132 21 trouvaient
3284 580 81 23 quatre

2831 607 131 20 personnes,
2982 604 35 19 est
3050 602 44 21 allé
3113 607 25 16 se
3171 602 66 24 Jeter,
3254 603 72 20 avant
3345 602 20 20 le

2831 632 95 21 passage
2948 628 16 20 à
2983 628 84 20 niveau
3089 627 176 24 d'Hyon-ClpIy,
3287 628 79 19 contre

2831 657 32 16 un
2882 653 92 20 camion
2994 652 85 24 chargé
3098 652 29 20 de
3147 652 97 24 briques.
3261 652 58 20 L'un
3338 651 28 20 de

2830 683 36 16 ses
2886 678 133 24 occupants,
3038 681 33 16 un
3086 676 161 25 sergent-chef
3267 676 30 21 du
3318 676 48 20 509*

2831 703 114 24 régiment
2969 702 40 21 des
3034 702 69 20 chars
3128 701 109 22 d'assaut,
3260 701 15 20 à
3298 701 56 20 Mau-

2832 729 77 23 beuge,
2927 732 16 16 a
2959 731 30 16 eu
3003 731 34 16 un
3054 726 65 25 doigt
3136 726 30 21 de
3184 726 24 20 la
3226 726 63 21 main
3309 729 45 20 gau-

2832 753 42 20 che
2892 752 180 25 complètement
3086 751 70 24 broyé
3174 752 24 19 et
3216 751 18 20 il
3248 755 26 16 se
3292 750 76 24 plaint

2831 778 28 21 de
2880 778 62 20 vives
2974 777 110 20 douleurs
3117 777 110 19 internes.
3247 777 44 19 Les
3312 775 56 20 trois

2831 804 79 20 autres
2933 806 125 21 personnes
3080 803 55 19 sont
3159 800 183 21 contusionnées.

2857 840 121 21 VOLEUR
3005 838 175 22 CONDAMNE.
3204 848 28 6 —
3254 838 31 20 Le
3306 836 62 21 valet

2831 866 28 21 de
2875 866 74 21 ferme
2966 866 53 20 Van
3035 866 140 23 Antwerpen
3190 863 108 21 Edouard
3315 863 51 20 vola

2832 891 14 21 à
2860 895 44 16 son
2919 890 90 23 maître,
3024 890 15 21 à
3054 890 126 22 Waelhem,
3196 888 170 24 trente-quatre

2833 915 137 24 obligations
2988 915 29 21 de
3037 914 52 21 ville
3108 915 25 20 et
3151 914 72 23 22,000
3242 913 86 21 francs.
3346 913 20 20 Il

2832 940 110 21 s'affubla
2958 940 55 20 d'un
3029 940 58 20 faux
3103 943 56 17 nom
3175 940 24 19 et
3214 939 96 19 commit
3327 942 39 16 aes

2832 965 159 24 escroqueries.
3002 965 31 20 Le
3047 964 102 21 tribunal
3161 963 166 21 correctionnel
3339 962 28 21 de

2833 990 100 21 Malines
2946 990 30 21 l'a
2991 988 130 22 condamné
3135 988 15 21 à
3165 989 57 20 trois
3238 992 43 16 ans
3295 989 25 19 et
3335 992 31 15 un

2833 1015 58 20 mois
2911 1015 29 20 de
2961 1014 79 25 prison
3061 1016 23 18 et
3106 1014 37 19 182
3165 1014 79 19 francs
3264 1017 30 16 ou
3315 1012 51 21 huit

2833 1039 70 24 Jours,
2922 1043 56 17 avec
2997 1039 140 20 arrestation
3157 1037 140 22 immédiate.

2858 1076 211 21 L'EXPEDITION
3092 1075 227 21 INTERROMPUE.
3341 1084 26 6 —

2834 1102 18 20 A
2875 1101 67 24 Tilff,
2967 1105 30 16 au
3022 1101 101 20 hameau
3147 1100 29 20 de
3200 1099 167 23 Sur-le-Mont,

2833 1126 62 21 Mme
2913 1127 52 22 C...,
2984 1126 38 23 qui
3040 1130 25 16 se
3084 1125 96 20 relevait
3199 1129 58 24 pour
3276 1124 91 21 allaiter

2832 1155 43 16 son
2888 1151 90 22 enfant,
2991 1151 96 23 aperçut
3100 1150 40 20 des
3152 1149 109 21 lumières
3274 1149 59 21 dans
3346 1149 21 20 le

2833 1175 84 24 Jardin.
2939 1175 49 21 Elle
3009 1175 77 21 ouvrit
3108 1175 23 20 la
3153 1174 91 21 fenêtre
3266 1175 25 20 et
3312 1174 55 20 cria.

2833 1201 65 20 Dans
2916 1200 102 22 l'ombre,
3036 1200 41 20 des
3096 1204 56 20 gens
3171 1199 107 24 fuyaient
3299 1203 7 16 :
3327 1199 40 20 des

2833 1229 70 20 coups
2917 1225 29 20 de
2961 1225 102 20 revolver
3077 1224 82 21 furent
3173 1224 57 20 tirés
3243 1224 61 20 dans
3317 1223 50 21 leur

2833 1249 119 23 direction,
2968 1249 59 21 mais
3043 1249 28 20 Us
3086 1249 128 20 réussirent
3228 1249 16 20 à
3257 1248 110 21 s'évader.

2833 1274 122 24 L'enquête
2976 1278 15 16 a
3011 1273 71 21 établi
3103 1278 43 19 que
3168 1273 33 20 les
3221 1273 147 21 malfaiteurs

2833 1299 94 20 avaient
2942 1298 50 21 volé
3007 1298 56 20 chez
3077 1298 34 21 les
3126 1297 74 25 époux
3214 1298 55 23 D...,
3282 1302 42 16 rue
3339 1298 29 20 de

2833 1324 23 20 la
2870 1324 91 23 Grotte,
2973 1324 59 21 2,000
3045 1323 81 20 francs
3138 1327 31 16 en
3181 1322 78 21 billets
3272 1324 24 19 et
3309 1323 59 22 4500

2834 1348 79 21 francs
2932 1352 31 16 en
2982 1348 73 22 titres,
3074 1348 69 19 treize
3162 1347 81 25 poules
3261 1347 56 21 chez
3335 1348 33 20 les

2834 1372 74 25 époux
2925 1373 50 22 S...,
2991 1377 30 16 au
3038 1373 46 19 Ueu
3101 1372 36 21 dit
3155 1380 9 9 -
3183 1372 43 20 Hci
3244 1372 28 21 de
3289 1372 49 20 Mai
3358 1379 9 12 .

2834 1401 24 19 et
2873 1402 34 16 un
2922 1397 65 25 lapin
3003 1397 57 20 chez
3074 1397 34 20 les
3124 1397 75 24 époux
3215 1398 52 22 C...,
3282 1397 86 21 voisin»

2833 1423 41 21 des
2886 1422 144 25 précédents,

2860 1459 60 21 TUE
2941 1460 19 19 A
2983 1459 58 21 SON
3062 1459 139 21 TRAVAIL.
3222 1469 27 6 —
3269 1460 101 22 Samedi,

2835 1488 14 17 a
2871 1485 24 19 11
2917 1485 91 22 heures,
3030 1484 105 20 l'ouvrier
3155 1485 96 23 Demay,
3272 1484 26 20 53
3321 1488 49 19 ans,

2836 1508 79 24 marié,
2931 1509 101 21 hameau
3050 1509 28 20 de
3094 1509 161 22 Profondrieu.
3271 1510 15 20 à
3301 1509 56 20 Bral-

2837 1534 165 23 ne-le-Comte,
3022 1534 104 24 peignait
3145 1538 34 16 un
3200 1535 57 23 pont
3277 1534 93 20 roulant

2836 1559 59 20 dans
2916 1563 46 16 une
2984 1558 106 24 carrière,
3111 1559 15 21 à
3147 1559 224 20 Ecausslnnes-Car-

2837 1583 75 21 nères.
2931 1583 20 21 Il
2970 1588 14 16 a
3001 1588 30 16 eu
3049 1583 24 21 la
3091 1583 47 22 tête
3157 1582 98 25 écrasée,
3274 1583 21 21 le
3313 1584 57 24 pont

2837 1608 92 21 roulant
2950 1609 73 23 ayant
3043 1608 37 21 été
3100 1608 45 21 mis
3166 1613 29 16 en
3216 1609 154 20 mouvement.

2837 1634 87 24 Demay
2938 1638 15 16 a
2966 1632 37 22 été
3017 1633 40 22 tué
3069 1637 42 17 sur
3123 1633 23 21 le
3159 1638 67 19 coup.

2861 1670 36 20 LE
2910 1671 58 20 FEU
2980 1670 79 21 DANS
3070 1670 37 20 LE
3119 1670 79 21 BOIS.
3207 1680 29 5 —
3247 1670 21 20 A
3280 1670 81 21 Wuest-

2836 1695 74 22 wezel,
2929 1695 20 20 le
2966 1695 40 20 feu
3025 1699 15 16 a
3058 1695 49 24 pris
3125 1695 61 20 dans
3203 1695 42 20 des
3264 1695 50 21 bols
3330 1699 30 20 ap-

2835 1721 127 24 partenant
2983 1720 15 21 à
3021 1724 33 16 un
3077 1720 98 20 notaire.
3198 1721 43 19 Les
3265 1719 108 21 flammes

2835 1747 42 19 ont
2892 1745 88 21 détruit
2994 1745 99 21 environ
3110 1746 25 20 10
3150 1745 108 20 hectares
3271 1746 30 20 de
3317 1745 55 20 bols.

2835 1771 38 20 On
2895 1771 59 20 croit
2974 1771 16 21 à
3010 1770 166 24 l'imprudence
3199 1770 56 20 d'un
3272 1770 100 20 fumeur.

2861 1807 53 22 LES
2943 1807 193 21 DESESPERES.
3151 1817 28 5 —
3207 1808 33 19 M.
3269 1807 23 21 J.
3320 1807 52 24 C...,

2835 1833 229 23 commis-voyageur,
3081 1833 26 19 31
3124 1836 53 20 ans,
3193 1831 146 26 d'Eeckeren,
3357 1837 15 16 a

2835 1857 64 21 tenté
2922 1858 27 20 d:
2971 1862 26 16 se
3018 1857 106 24 suicider,
3143 1857 15 20 à
3179 1858 96 21 Anvers,
3295 1862 30 16 en
3346 1860 25 16 se

2833 1883 79 23 jetant
2932 1886 56 18 scus
3010 1886 34 16 un
3066 1883 113 23 tramway
3202 1881 86 21 vicinal
3311 1882 47 21 élec-

2836 1907 81 24 trique.
2939 1908 32 20 Le
3007 1907 115 20 wattman
3142 1911 16 16 a
3180 1911 32 20 pu
3246 1907 89 21 freiner
3355 1908 16 18 â

2835 1933 81 24 temps,
2934 1932 60 20 mais
3012 1933 44 20 C...
3074 1937 15 15 a
3105 1931 38 21 été
3161 1931 138 22 néanmoins
3316 1936 42 21 gra-

2836 1958 92 20 vement
2951 1956 80 22 blessé.
3055 1957 22 21 Il
3100 1962 15 15 a
3139 1956 37 21 été
3200 1958 132 23 transporté
3355 1961 6 16 i

2835 1983 104 23 l'hôpital
2954 1982 28 24 de
2999 1982 167 24 Stuyvenberg.

2859 2018 28 4 —
2909 2007 117 21 Chaussée
3048 2007 193 24 Saint-Bernard,
3259 2007 16 21 à
3297 2008 59 21 Loke

2834 2037 49 17 ren.
2904 2033 32 20 M.
2957 2033 45 20 V...
3025 2036 16 16 a
3075 2032 65 21 tenté
3162 2032 28 21 de
3211 2037 25 16 se
3270 2033 99 20 suicider

2835 2062 42 18 par
2897 2057 118 25 asphyxie,
3035 2057 60 21 mais
3113 2057 43 21 des
3172 2057 86 22 voisins
3277 2059 43 20 ont
3337 2061 31 21 pu

2835 2083 127 20 intervenir
2978 2082 16 21 à
3009 2083 82 24 temps.
3108 2083 45 20 V...
3171 2084 37 19 est
3224 2083 17 21 à
3257 2083 104 25 l'hôpital

2862 2119 57 21 VOL
2950 2119 90 21 D'UNE
3071 2119 89 21 AUTO.
3190 2127 24 5 —
3243 2120 122 25 Rempart-

2835 2145 190 23 Saint-Georges,
3059 2144 16 21 à
3105 2145 95 23 Anvers,
3234 2149 32 16 on
3283 2150 14 15 a
3317 2146 51 19 volé

2835 2169 177 21 l'auto-camlon
3033 2169 29 21 de
3083 2170 33 21 M.
3137 2169 79 25 Saeys,
3238 2170 28 21 de
3288 2170 68 21 Waes-

2835 2196 111 19 munster.

2860 2232 53 21 LES
2931 2231 167 23 ACCIDENTS
3116 2233 20 20 A
3149 2232 124 21 ANVERS.
3289 2243 29 5 —
3331 2234 36 19 En

2835 2257 136 21 travaillant
2990 2257 16 21 à
3024 2257 25 20 la
3067 2257 50 20 cale
3136 2257 68 20 sèche
3223 2260 28 18 n*
3270 2258 20 23 4.
3309 2257 45 21 l'ou-

2835 2283 60 19 vrier
2909 2282 107 20 Bernard
3032 2282 146 24 Merseturer,
3193 2283 27 20 45
3234 2287 50 17 ans.
3299 2287 16 16 a
3328 2283 38 19 été

2835 2307 64 22 brûlé
2918 2312 46 15 aux
2980 2307 89 24 jambes
3087 2311 43 21 par
3147 2311 34 17 un
3199 2307 167 25 échappement

2835 2333 28 20 de
2879 2337 93 19 vapeur.

2865 2364 23 10 —
2903 2359 36 19 Au
2959 2358 91 23 hangar
3069 2357 26 20 24
3114 2357 41 22 des
3175 2358 66 24 quais
3260 2358 29 20 de
3309 2358 44 20 l'Es

2835 2383 61 22 caut,
2907 2383 26 20 F.
2948 2383 51 20 Van
3012 2382 81 23 Looclt,
3106 2383 27 20 20
3148 2387 50 19 ans,
3211 2383 30 21 de
3256 2384 110 21 Merxem,

2836 2412 13 15 a
2863 2407 38 21 été
2916 2408 87 20 att?int
3017 2412 43 19 par
3073 2409 24 20 la
3112 2407 70 21 chute
3198 2407 67 21 d'une
3281 2408 76 23 charg;

2835 2433 28 20 de
2885 2432 173 21 marchandises
3080 2434 25 19 et
3136 2434 135 22 gravement
3292 2433 74 21 blessé

2835 2462 46 16 aux
2900 2457 68 21 côtés.

2859 2493 28 5 —
2886 2484 20 19 A
2926 2483 56 21 bord
3001 2483 32 20 du
3072 2483 102 20 steamer
3196 2491 9 9 ■
3227 2483 98 21 Cadulia
3347 2490 17 15 -,

2835 2508 90 20 amarré
2940 2512 30 16 au
2990 2511 26 17 n"
3034 2508 39 20 208
3085 2508 42 20 des
3144 2508 98 21 bassins.
3258 2509 21 19 J.
3297 2508 68 20 War-

2835 2533 57 22 nets,
2909 2537 41 16 rue
2968 2533 28 20 de
3015 2533 108 24 Chicago,
3142 2538 15 15 a
3175 2533 37 20 été
3231 2534 133 23 gravement

2835 2558 71 20 blessé
2921 2562 43 20 par
2980 2558 23 20 la
3019 2558 70 20 chute
3117 2558 30 20 de
3175 2558 77 23 pièces
3268 2558 28 20 de
3310 2558 54 20 bois.

2835 2584 114 21 L'homme
2967 2584 36 20 est
3019 2583 90 21 ensuite
3127 2583 77 20 tombé
3218 2583 69 21 d'une
3304 2583 48 20 hau-

2835 2609 51 19 teur
2904 2608 28 20 de
2951 2609 81 23 quatre
3051 2608 85 20 mètres
3153 2608 59 20 dans
3230 2608 23 20 la
3270 2607 56 21 cale.
3344 2607 20 20 H

2834 2633 87 21 souffre
2939 2633 27 20 de
2983 2637 81 20 graves
3080 2633 86 21 lésions
3182 2633 109 22 internes.

2859 2671 126 20 L'ORAGE
3000 2671 79 20 DANS
3095 2671 36 20 LE
3147 2670 124 21 CENTRE.
3285 2681 28 5 —
3326 2671 35 20 Au

2833 2700 66 16 cours
2912 2695 31 21 du
2956 2695 86 21 violent
3055 2700 69 19 orage
3137 2695 29 21 de
3179 2695 89 21 samedi
3282 2695 78 25 après-

2833 2720 62 22 midi,
2908 2724 46 16 une
2966 2720 72 20 vache
3052 2720 157 29 appartenant
3223 2724 31 16 au
3268 2720 93 20 fermier

2832 2745 110 23 Querton,
2959 2744 15 21 à
2990 2745 142 22 Ecaussines,
3148 2749 16 16 a
3180 2744 37 21 été
3234 2744 59 21 tuée.
3310 2745 50 20 Une

2833 2769 83 21 toiture
2929 2770 28 20 de
2968 2770 92 23 hangar
3072 2774 14 16 a
3099 2769 37 21 été
3149 2769 110 21 enfoncée
3272 2769 55 21 chez
3338 2770 22 20 le

2833 2795 93 19 fermier
2945 2794 102 21 Gustave
3068 2794 112 24 Delattre,
3200 2794 16 21 à
3234 2794 125 24 Houdeng-

2832 2819 115 20 Almerles.

2859 2856 36 19 LE
2910 2856 94 20 CABLE
3020 2856 34 20 SE
3069 2856 96 20 BRISA.
3176 2866 28 5 —
3216 2856 21 20 A
3251 2855 108 21 St-Nico-

2833 2880 121 23 las-Waes,
2966 2880 72 21 l'auto
3053 2880 107 22 conduite
3176 2885 44 21 par
3234 2881 33 19 M.
3282 2881 79 20 Victor

2834 2905 135 23 Geerinckx,
2994 2906 136 21 demeurant
3151 2905 16 21 à
3190 2905 170 20 St-Gilles-lez-

2834 2930 136 22 Termonde,
2985 2930 63 21 avait
3062 2930 15 20 â
3090 2931 25 20 la
3128 2935 118 19 remorque
3261 2935 45 16 une
3319 2934 30 16 au-

2834 2956 35 20 tre
2883 2956 55 19 auto
2951 2955 156 24 appartenant
3119 2955 16 20 à
3146 2956 32 19 M.
3190 2955 95 24 Buydts,
3298 2955 28 20 de
3338 2954 23 20 la

2836 2979 73 20 mêm-*
2941 2984 127 16 commune.
3103 2979 109 21 Soudain,
3245 2980 20 20 le
3300 2979 63 20 câble

2833 3004 86 21 reliant
2926 3004 35 21 les
2970 3004 62 22 deux
3040 3004 102 22 voitures
3150 3010 25 17 se
3185 3005 64 20 brisa
3258 3004 26 21 et
3292 3003 72 22 l'auto

2836 3030 27 21 de
2876 3030 89 24 Buydts
2977 3030 66 20 roula
3054 3035 41 15 sur
3107 3030 21 21 le
3141 3031 93 20 trottoir
3245 3032 25 18 et
3282 3034 15 19 y
3310 3035 41 15 ren-

2834 3059 67 16 versa
2926 3055 60 20 deux
3007 3055 103 21 enfants.
3135 3055 73 20 Marie
3234 3055 81 21 Moens
3341 3055 23 19 et

2835 3080 96 21 Yvonne
2950 3080 34 21 De
3003 3079 84 24 Rycke.
3104 3079 34 21 La
3152 3079 111 24 première
3281 3079 83 21 fillette

2836 3105 38 22 fut
2894 3104 87 22 relevée
3003 3105 98 21 atteinte
3120 3105 70 21 d'une
3211 3105 102 21 fracture
3334 3105 31 20 du

2836 3130 55 21 bras
2908 3130 95 23 gauche,
3020 3130 24 20 la
3061 3129 97 22 seconde
3175 3130 92 20 victime
3285 3135 29 16 ne
3329 3129 37 20 fut

2836 3160 44 19 que
2901 3154 141 25 légèrement
3063 3154 171 21 contusionnée.
3251 3154 51 22 Une
3323 3159 31 17 en-

2836 3180 68 25 quête
2918 3182 37 19 est
2967 3181 95 21 ouverte
3077 3184 58 21 pour
3149 3180 60 21 fixer
3222 3180 35 22 les
3270 3184 84 21 respon-

2837 3205 110 22 sabilités.

2860 3249 43 21 UN
2931 3249 181 19 MALPROPRE
3142 3248 168 21 VIEILLARD.
3340 3258 26 6 —

2836 3274 93 24 Surpris
2948 3278 43 20 par
3008 3274 42 20 des
3070 3273 101 25 enfants,
3191 3273 61 21 alors
3269 3273 54 25 qu'il
3341 3276 26 16 se

2836 3299 78 20 livrait,
2930 3299 15 20 à
2962 3298 41 21 des
3021 3298 138 21 exhibitions
3177 3297 113 25 obscènes,
3307 3298 59 20 dans

2836 3324 20 20 le
2878 3328 56 20 parc
2954 3324 29 21 de
3004 3323 25 20 la
3049 3323 99 23 Station,
3169 3323 15 20 à
3202 3323 111 23 Soignies,
3333 3326 32 17 un

2837 3349 104 21 vieillard
2954 3349 28 20 de
2998 3349 27 20 76
3041 3353 50 19 ans,
3105 3353 14 16 a
3135 3348 36 20 été
3188 3347 82 22 arrêté.

2862 3387 107 21 PENDU.
2997 3397 28 5 —
3052 3386 115 21 Vendredi
3195 3386 54 23 soir.
3278 3386 87 20 Octave

2837 3412 129 24 Clopterop,
2991 3411 95 23 ouvrier,
3111 3412 25 19 38
3161 3415 49 19 ans,
3234 3411 28 21 de
3286 3411 66 21 Wille-

2837 3437 88 23 broeek,
2942 3442 15 16 a
2973 3436 84 25 profité
3073 3436 28 21 de
3117 3436 113 20 l'absence
3247 3436 41 20 des
3303 3436 61 20 siens

2837 3466 58 20 pour
2911 3466 25 16 se
2953 3461 87 25 pendre
3057 3466 30 16 au
3105 3461 96 23 grenier.
3217 3460 22 21 Il
3256 3461 108 20 souffrait

2837 3488 67 20 d'une
2916 3487 99 21 maladie
3025 3486 124 21 incurable.

2862 3524 74 20 RIXE
2951 3523 181 22 SANGLANTE.
3144 3533 28 5 —
3185 3522 115 22 Vendredi
3313 3523 52 23 soir,

2837 3552 45 17 une
2903 3549 49 20 rixe
2974 3548 75 21 éclata
3070 3549 64 20 entre
3156 3548 61 20 deux
3237 3547 127 24 chômeurs,

2836 3573 59 20 Jean
2912 3573 113 24 Ropsiers,
3040 3573 26 20 28
3083 3577 48 18 ans,
3147 3573 24 20 et
3186 3573 110 23 François
3311 3573 52 20 Van

2838 3598 134 23 Aasbroeck,
2991 3598 25 20 29
3037 3602 49 19 ans,
3106 3599 52 19 tous
3177 3597 59 21 deux
3255 3597 29 21 de
3303 3598 61 20 Eon-

2836 3623 96 24 hcyden.
2944 3624 52 20 Van
3008 3622 128 21 Aasbroeck
3147 3623 67 23 porta
3225 3622 58 20 trois
3293 3626 70 20 coups

2836 3648 27 21 de
2884 3649 96 20 couteau
3000 3648 14 20 à
3033 3652 43 15 son
3096 3646 151 24 antagoniste,
3266 3647 39 23 qui
3324 3647 38 20 fut

2836 3673 140 24 grièvement
2994 3672 72 21 blessé
3084 3673 15 21 à
3117 3670 96 26 l'épaule
3231 3671 89 25 gauche
3339 3671 23 21 et

2837 3702 46 17 aux
2892 3698 61 21 bras.

2862 3734 209 21 ARRESTATION
3094 3734 70 21 D'UN
3187 3733 126 22 VOLEUR.
3335 3743 27 6 —

2836 3760 92 21 Samedi
2944 3759 81 24 matin,
3040 3760 23 20 la
3079 3758 156 25 gendarmerie
3249 3758 28 21 de
3292 3758 69 20 Putte

2836 3789 14 16 a
2864 3783 75 22 arrêté
2952 3784 72 21 Emile
3036 3785 96 23 Luyten,
3145 3783 114 23 chômeur,
3272 3783 26 20 27
3312 3787 49 18 ans,

2836 3809 28 21 de
2874 3809 258 23 Wavre-Notre-Dame,
3142 3808 108 25 coupable
3260 3807 55 21 d'un
3324 3807 36 21 vol

2837 3838 54 17 avec
2902 3834 125 21 effraction
3037 3834 15 21 à
3062 3834 75 20 Putte.

2861 3871 78 21 ABUS
2957 3872 39 20 DE
3016 3870 174 22 CONFIANCE.
3207 3881 28 5 —
3249 3871 52 20 Une
3318 3870 31 21 fir-

2836 3900 36 17 me
2892 3896 28 21 de
2939 3896 89 21 Namur
3046 3896 63 21 avait
3128 3896 14 20 à
3160 3900 43 16 son
3219 3895 85 21 service
3321 3894 28 22 Al-

2836 3920 50 22 bert
2908 3921 45 23 *C—
2980 3925 88 16 comme
3092 3920 219 21 chauffeur-livreur
3335 3919 28 21 de

2836 3945 67 22 bière.
2915 3945 99 22 Celui-ci
3026 3950 15 16 a
3052 3945 95 21 commis
3158 3949 45 17 une
3213 3944 58 22 série
3276 3945 35 23 ,de
3322 3944 28 21 dé-

2836 3969 159 22 tournements
3010 3970 39 25 qui
3063 3969 109 22 s'élèvent
3187 3970 15 22 à
3216 3974 46 17 une
3276 3974 87 16 somme

2837 3994 45 22 très
2895 3995 147 24 importante.
3054 3995 91 20 Plainte
3159 3999 15 16 a
3187 3993 36 22 été
3236 3994 102 25 déposée.

2861 4033 100 20 GRAVE
2975 4032 157 21 ACCIDENT.
3144 4042 29 6 —
3183 4032 115 21 Vendredi
3311 4032 52 23 soir,

2836 4061 50 17 vers
2899 4057 12 20 9
2923 4058 90 22 heures,
3026 4062 46 16 une
3087 4058 56 20 auto
3156 4057 107 21 conduite
3276 4061 43 21 par
3331 4058 32 19 M.

2835 4082 116 23 Devlllers,
2966 4082 114 24 garagiste
3096 4082 14 21 à
3126 4082 125 23 Charleroi,
3266 4084 23 19 et
3305 4082 58 20 dans

2835 4106 96 24 laquelle
2945 4107 63 20 avait
3022 4107 48 24 pris
3082 4106 66 25 place
3161 4108 32 19 M.
3206 4106 114 24 Declercq.
3334 4107 28 20 de

2835 4131 125 24 Charleroi,
2981 4132 56 21 s'est
3058 4131 60 25 jetée
3141 4131 79 21 contre
3241 4136 34 15 un
3297 4131 65 21 arbre

2834 4160 39 16 sur
2895 4157 25 20 la
2940 4156 66 21 route
3028 4156 29 21 de
3079 4155 107 24 Vodecée,
3208 4156 16 21 à
3244 4156 116 24 Philippe-

2835 4181 57 21 ville.
2907 4181 43 20 Les
2964 4181 110 23 victimes,
3088 4180 58 21 dont
3160 4180 64 22 l'état
3239 4182 35 19 est
3288 4179 63 22 extrê-

2834 4206 102 20 mement
2947 4210 75 20 grave,
3033 4206 79 20 furent
3124 4203 155 26 transportées
3295 4210 6 15 :
3314 4206 46 19 De-

2835 4230 82 23 villers,
2939 4231 60 20 dans
3020 4235 33 16 un
3074 4230 91 25 hôpital
3186 4230 29 21 de
3238 4229 122 24 Charleroi,

2834 4255 108 24 Declercq
2956 4255 15 21 à
2984 4254 125 21 Bruxelles.

2859 4292 196 20 IMPRUDENCE
3070 4292 152 20 D'ENFANT.
3235 4302 27 5 —
3274 4292 31 20 Le
3319 4295 28 20 pe-

2834 4316 29 22 tit
2880 4317 116 23 Nossaint,
3015 4317 28 20 de
3061 4317 135 24 Bouvlgnes,
3213 4315 74 25 Jouait
3304 4319 54 17 avec

2833 4341 40 21 des
2885 4341 134 21 camarades
3032 4342 23 20 et
3066 4341 108 25 grimpait
3186 4345 39 16 sur
3237 4344 45 17 une
3293 4340 65 24 porte

2834 4370 29 16 en
2875 4366 36 20 fer
2923 4366 29 21 de
2965 4366 101 24 l'abbaye
3079 4366 40 21 des
3131 4364 153 23 Prémontrés;
3299 4364 59 20 cette

2834 4390 64 24 porte
2913 4395 25 16 se
2954 4390 98 22 détacha
3069 4391 24 20 et
3107 4390 79 21 tomba
3200 4394 40 16 sur
3253 4388 104 23 l'enfant,

2833 4415 38 24 qui
2886 4415 38 21 fut
2938 4414 140 26 grièvement
3090 4414 74 22 blessé
3176 4418 31 17 au
3221 4414 46 20 dos.

2858 4458 116 21 ESCROC
2995 4457 172 21 CONDAMNE.
3186 4466 28 6 —
3232 4457 30 20 Le
3284 4456 60 20 tribu-

2833 4483 40 20 nal
2895 4482 164 21 correctionnel
3081 4481 92 21 d'Arlon
3194 4486 15 15 a
3230 4479 126 21 condamné

2832 4511 43 21 par
2892 4507 82 22 défaut
2993 4507 15 21 à
3026 4507 60 20 deux
3105 4506 57 21 mois
3181 4505 28 21 de
3227 4505 78 24 prison
3323 4508 32 17 un

2832 4531 90 22 certain
2934 4532 29 20 de
2977 4532 51 22 B...,
3042 4532 38 23 qui
3094 4535 24 16 se
3133 4530 68 21 disait
3215 4529 140 25 journaliste,

2832 4558 24 20 et
2876 4557 31 20 fit
2928 4556 29 21 de
2978 4556 146 20 nombreuses
3145 4554 103 21 victimes
3269 4553 28 21 de
3319 4557 36 17 ses

2832 4581 158 24 escroqueries.

2857 4617 129 21 MEFAITS
3007 4617 39 20 DE
3067 4617 36 20 LA
3125 4616 126 21 FOUDRE.
3271 4625 28 6 —
3317 4614 39 22 Un

2832 4642 139 24 domestique
2990 4641 28 21 de
3037 4642 31 19 M.
3087 4640 129 24 chauveau,
3235 4640 29 20 de
3282 4639 72 21 Neuf-

2831 4667 105 22 château,
2951 4665 133 22 travaillant
3097 4665 58 20 dans
3168 4668 33 17 un
3215 4664 102 24 champs,
3330 4668 25 16 se

2831 4691 89 25 réfugia
2932 4691 59 20 dans
3003 4694 33 16 un
3047 4690 91 23 hangar
3149 4688 95 24 lorsque,
3257 4688 85 21 vendre-

2830 4716 30 23 di,
2877 4716 82 23 l'orage
2977 4714 81 21 éclata.
3074 4715 32 19 La
3123 4713 80 21 foudre
3221 4713 78 20 tomba
3315 4718 40 16 sur

2830 4745 25 15 ce
2874 4741 90 23 hangar
2982 4740 24 20 et
3023 4738 21 21 le
3062 4738 69 25 Jeune
3149 4737 90 21 ouvrier
3256 4737 38 21 fut
3312 4742 30 20 pa-

2830 4764 73 25 ralysé
2917 4769 43 20 par
2973 4764 51 20 tout
3037 4763 22 21 le
3072 4766 72 21 corps.

2855 4800 100 21 GRAVE
2970 4799 156 21 ACCIDENT.
3140 4809 28 5 —
3181 4800 93 21 Avenue
3288 4800 30 22 de
3332 4800 23 21 la

2828 4825 89 23 Plante,
2938 4824 15 22 à
2975 4825 94 22 Namur,
3090 4823 72 22 l'auto
3183 4824 107 21 conduite
3312 4829 43 21 par

2829 4850 96 21 l'avocat
2953 4850 32 20 M.
3000 4849 75 20 Franz
3103 4848 81 24 Adam,
3201 4849 28 21 de
3259 4850 96 23 Dînant,

2828 4874 91 21 croisait
2931 4873 23 22 la
2964 4873 88 21 voiture
3062 4873 144 21 hollandaise
3217 4874 84 23 pilotée
3313 4879 42 20 par

2828 4900 31 20 M.
2872 4900 23 19 S.
2908 4898 159 24 Gravenhage.
3080 4898 67 22 Jean,
3160 4898 105 24 coiffeur,
3279 4899 15 21 à
3307 4900 48 23 Ry-

2827 4923 88 23 suryck.
2925 4924 36 19 Au
2972 4922 74 21 même
3057 4923 109 23 moment,
3177 4923 22 21 le
3211 4924 133 24 motocyclis-

2828 4948 22 20 te
2869 4948 80 20 Simon
2966 4946 71 24 René,
3055 4947 26 20 24
3100 4952 50 18 ans,
3168 4946 140 26 célibataire,
3327 4949 28 21 de

2827 4971 248 25 Leuze-Longchamps,
3086 4971 80 22 voulut
3177 4972 109 25 dépasser
3296 4974 47 21 l'au-

2828 4998 23 19 to
2866 4996 142 21 hollandaise
3023 4997 25 20 et
3062 4996 46 21 alla
3123 5001 25 16 se
3163 4997 60 23 jeter
3237 4998 80 21 contre
3332 4998 23 21 la

2827 5022 87 20 voiture
2934 5020 29 21 de
2984 5021 32 21 M.
3036 5020 81 22 Adam.
3138 5021 81 21 Simon
3240 5023 65 24 porte
3327 5023 28 21 de

2826 5046 74 23 larges
2921 5045 72 25 plaies
3015 5049 46 17 aux
3082 5049 96 21 genoux,
3200 5047 15 21 à
3236 5047 24 20 la
3281 5047 73 22 cuisse

2826 5070 73 21 droite
2915 5071 24 20 et
2954 5074 31 16 au
3001 5069 50 21 côté
3068 5070 95 25 gauche.
3178 5071 32 21 Le
3226 5073 97 23 parquet
3340 5078 14 16 a

2825 5095 45 21 falt
2882 5098 46 17 une
2941 5094 114 21 descente.

2849 5131 43 21 UN
2924 5131 171 21 AMOUREUX
3129 5132 40 21 EN
3200 5133 154 22 MAUVAISE

2826 5155 140 21 POSTURE.
2989 5166 28 5 —
3039 5157 31 20 Le
3093 5157 206 26 Luxembourgeois
3322 5159 31 21 M.

2824 5181 24 21 P.
2868 5181 58 22 M...,
2946 5180 26 20 29
2993 5185 49 19 ans,
3064 5182 99 20 courtier
3183 5187 30 16 en
3234 5183 85 24 grains,
3339 5183 14 21 à

2824 5205 118 23 Berchem,
2957 5205 64 21 avait
3036 5205 37 22 été
3087 5205 64 22 l'ami
3166 5207 28 21 de
3210 5207 55 21 Mlle
3281 5208 60 21 Caro-

2824 5230 46 21 line
2888 5231 71 22 Mees,
2977 5230 38 24 qui
3033 5231 86 24 rompit
3137 5231 34 21 les
3187 5232 118 22 relations.
3322 5233 31 20 Le

2824 5254 204 25 Luxembourgeois
3045 5255 76 22 revint
3138 5256 60 21 dans
3214 5257 24 20 la
3256 5258 52 20 nuit
3325 5257 28 21 de

2824 5279 108 21 vendredi
2954 5279 15 21 à
2989 5279 89 21 samedi
3099 5282 25 20 et
3144 5281 158 25 s'introduisit,
3323 5286 30 17 au

2823 5307 83 20 moyen
2920 5303 29 21 de
2965 5303 90 22 fausses
3071 5304 63 24 clefs,
3149 5305 60 21 dans
3224 5306 24 21 la
3263 5307 89 20 maison

2823 5331 28 18 de
2866 5328 23 21 la
2903 5332 41 17 rue
2959 5328 52 21 Van
3026 5329 62 24 Aert,
3103 5329 14 21 à
3131 5330 95 23 Anvers,
3240 5330 29 21 où
3285 5331 55 21 habi-

2824 5353 22 20 te
2862 5353 55 21 Mlle
2932 5354 70 20 Mees.
3018 5354 46 20 Des
3080 5354 155 24 colocataires,
3250 5355 102 21 réveillés

2823 5381 43 21 par
2882 5377 22 21 le
2920 5377 69 25 bruit,
3005 5377 144 23 l'arrêtèrent
3166 5379 24 21 et
3205 5379 22 21 le
3244 5379 108 22 livrèrent

2823 5403 14 20 à
2849 5402 24 21 la
2886 5401 83 26 police;
2985 5406 25 18 ce
3023 5403 40 23 qui
3076 5403 127 25 complique
3216 5403 123 26 singulière-

2822 5427 66 20 ment
2901 5430 42 17 son
2957 5431 46 20 cas,
3016 5431 13 17 c
3036 5428 36 21 est
3085 5428 55 25 qu'il
3152 5428 39 21 fut
3204 5428 80 22 trouvé
3296 5433 43 21 por-

2823 5451 51 22 teur
2889 5450 56 23 d'un
2959 5451 110 23 revolver.

3410 321 145 20 CYCLISTE
3567 321 187 21 GRAVEMENT
3765 324 102 26 BLESSE

3386 346 18 20 A
3422 345 75 26 Liège,
3514 350 41 17 rue
3573 345 144 25 Féronstrée,
3735 347 21 21 le
3774 350 88 24 cycliste
3876 357 22 17 u

3387 372 87 22 Moons,
3494 375 40 17 rue
3554 371 210 26 Bonne-Nouvelle,
3783 375 14 20 à
3815 376 22 21 la
3854 382 50 20 sviit.

3386 396 67 21 d'une
3476 396 103 21 collision
3602 401 56 16 avec
3680 397 72 20 l'auto
3773 398 28 22 de
3822 402 23 20 M
3870 400 33 25 ik.

3386 421 56 25 seph
3455 422 53 23 B...,
3521 422 166 24 entrepreneur
3699 422 15 21 à
3727 422 150 30 Hallemblaye

3387 446 36 21 été
3440 447 126 21 fortement
3584 446 72 22 blessé
3673 447 14 21 à
3704 447 23 20 la
3745 447 52 22 tête,
3812 451 19 20 il
3848 458 13 16 a
3875 442 30 33 _,_),

3388 471 114 22 transféré
3523 473 15 21 à
3560 472 105 24 l'hôpital
3688 472 28 22 de
3738 473 94 24 Bavière
3854 483 7 16 :
3879 485 26 17 «n

3387 497 76 20 craint
3477 501 45 17 une
3535 497 104 21 fracture
3654 497 31 21 du
3699 496 76 23 crâne.

3413 539 121 22 CONTRE
3551 541 56 20 DES
3623 541 118 20 BARRES
3759 543 38 20 DE
3813 545 59 24 FER.
3884 561 21 9 ..

3388 564 31 20 M.
3432 565 59 20 Jean
3504 565 50 23 S...,
3567 566 26 19 42
3606 570 49 18 ans,
3669 570 41 17 rue
3724 567 154 28 Scus-la-Ville
3883 561 22 35 ^

3388 589 186 22 Grand-Mesnil,
3594 590 94 21 roulant
3708 596 30 15 en
3757 595 55 20 auto
3830 588 75 31 avenu*

3389 613 28 20 de
3439 614 201 24 l'Indépendance,
3662 615 16 21 à
3699 615 73 26 Liège,
3792 620 51 22 s'est
3863 624 42 19 trnn

3388 638 115 24 approché
3521 639 56 20 d'un
3597 640 101 24 attelage
3716 641 83 26 chargé
3816 646 27 21 de
3859 648 37 22 bsr

3389 666 36 16 les
3427 663 42 34 **?P
3485 662 37 35 iS.
3540 669 5 15 :
3554 688 14 9 „
3564 664 21 21 le
3602 669 15 19 P
3618 669 25 15 ar
3639 689 6 8 ,
3643 669 13 15 e
3658 665 71 21 ->-rlse
3745 667 28 21 de
3787 673 26 17 sa
3828 661 77 35 volturl

3389 691 14 16 a
3426 686 37 21 été
3485 687 85 22 démoli
3593 692 24 19 et
3639 689 7 20 1
3655 692 166 24 automobiliste
3841 702 15 15 a
3874 692 31 25 éti

3389 712 86 20 atteint
3488 716 44 20 par
3544 713 21 20 le
3579 713 37 21 fer
3628 718 31 16 au
3672 714 51 22 côté
3736 716 65 24 droit.

3390 747 41 17 LKR
3451 748 118 18 IMPRIMES
3587 750 131 19 publicitaires
3735 755 31 18 qui
3782 756 42 18 font
3838 762 62 12 mx-

3389 768 84 21 DEVET.
3485 769 28 20 lt,
3528 774 35 13 ru.
3575 770 122 21 Keulchâtel.
3711 760 96 34 BXM.1&
3828 762 78 41 rpgjj

3417 803 94 21 APRES
3528 804 37 20 LA
3580 804 153 25 BATAILLE.
3747 819 27 5 _
3787 810 49 23 Dne
3851 815 54 19 ala»..

3391 827 55 21 rade
3462 832 15 17 a
3494 828 73 22 éclaté
3583 831 65 19 entre
3665 830 58 23 deux
3738 833 86 24 fè-ards
3844 824 61 33 jTÏT

3391 856 29 17 ne
3444 854 28 19 D.
3496 854 54 29 H.,.,
3573 854 26 19 45
3623 859 49 19 ans,
3694 861 41 17 rue
3757 859 30 21 du
3809 843 95 45 McS

3391 877 80 24 Blanc.
3492 879 19 22 1.
3530 883 15 16 a
3566 878 75 25 Liège,
3659 881 26 19 et
3704 882 98 26 Georges
3819 888 19 20 B
3882 893 23 15 ?»

3391 906 49 20 «ns.
3453 907 42 16 rue
3508 903 29 21 de
3551 904 113 23 l'Ourthe,
3677 907 46 20 ami
3737 908 28 21 de
3778 909 23 22 ia
3812 904 92 30 «ervéna.

3391 928 80 20 Louise
3486 928 52 23 F...,
3553 928 26 20 24
3595 933 50 17 ans.
3660 930 123 25 domiciliée
3798 936 40 22 elle
3852 944 51 14 a-M

3391 956 41 17 rue
3452 953 32 20 du
3505 954 191 22 Mouton-Blanc.
3715 957 87 24 Jeanne
3820 963 21 20 D
3865 966 18 17 H

3390 976 128 23 s'évanouit
3532 978 15 20 à
3560 977 24 21 la
3596 979 61 21 suite
3671 980 53 22 d'un
3738 987 56 19 coud
3806 986 27 20 de
3841 979 63 27 'n~i2Z

3392 1002 66 21 lancé
3475 1006 44 20 par
3535 1003 44 20 F...
3598 1004 35 19 En
3650 1008 111 21 revenant
3776 1009 15 22 à
3807 997 97 36 elle^nî

3391 1028 108 20 constata
3511 1027 24 21 la
3549 1028 137 24 disparition
3697 1031 30 21 du
3740 1035 94 22 contenu
3846 1039 25 18 d.
3882 1047 20 10 «

3391 1052 104 22 sacoche,
3511 1053 47 20 soit
3576 1057 32 16 un
3627 1053 45 21 bon
3690 1056 80 23 millier
3785 1060 27 21 de
3829 1059 75 23 tnne2

3391 1076 178 46 ^déposé
3584 1078 94 24 plainte.
3692 1081 43 21 B...
3749 1088 25 17 se
3788 1063 116 51 défera,

3391 1159 11 16 4
3414 1138 49 40 ^•°n
3462 1138 33 16 M
3488 1159 16 16 o
3497 1139 13 15 E
3505 1159 16 16 »
3511 1140 12 16 S
3522 1139 135 38 Eiïai^
3650 1142 10 15 b
3657 1162 17 15 o
3670 1141 11 16 0
3675 1142 67 39 A^,,
3737 1146 19 16 10
3756 1149 12 36 ;
3769 1147 8 17 ,
3774 1168 6 17 1
3790 1152 62 36 T&
3865 1152 38 36 J*

3391 1179 331 42 ^^..fBd'Yd.^-B^
3711 1184 16 17 0
3727 1179 72 47 ^
3797 1172 106 57 ,,^^

3416 1243 82 18 Dépsrt.
3510 1243 103 17 ASSURES
3625 1249 24 12 eo
3661 1245 103 21 PUUJ««j,
3775 1253 113 15 AUTnr-.».

3393 1263 203 17 OBERAM.MERGAU
3610 1264 20 16 13
3645 1268 19 14 et
3676 1257 76 30 SÛSe
3764 1272 20 16 17
3797 1257 37 31 li„
3848 1259 46 29 VS,
3896 1264 7 12 '

3392 1283 48 17 OES
3458 1283 21 16 33
3498 1285 20 15 et
3537 1284 138 20 DOLOMITES
3691 1287 17 19 M
3707 1282 59 27 ijin
3765 1273 7 15 ^
3790 1278 113 34 TOatTS

3392 1303 33 17 1er
3437 1303 51 21 juill.
3503 1305 24 15 Pr
3529 1307 38 17 ofr.
3583 1305 39 17 dil.
3637 1306 35 19 lse,
3677 1311 13 18 r
3689 1320 5 5 ,
3700 1309 17 17 K
3716 1313 22 15 eu
3737 1294 36 37 ^
3770 1314 15 16 B
3786 1294 36 39 g
3821 1296 82 40 °ff°g

3431 1372 38 27 LE
3486 1372 100 28 SALON
3603 1373 56 29 DES
3676 1376 185 38 HUMORISTES

3421 1442 31 20 Le
3476 1442 128 24 cinquième
3627 1443 69 23 Salon
3714 1449 38 21 des
3770 1452 131 19 Hnmnn»-.».

3391 1466 65 21 vient
3470 1467 28 21 de
3512 1468 96 20 s'ouvrir
3635 1473 30 17 au
3690 1475 24 16 n-
3739 1475 23 19 13
3784 1458 42 40 af
3826 1457 75 38 ïh.'f*

3391 1495 46 17 nue
3464 1492 28 21 de
3519 1492 24 21 la
3567 1493 85 22 Toison
3675 1495 59 22 d'Or.
3746 1486 99 38 Organisi
3857 1511 29 15 an-

3391 1516 142 22 nuellement
3546 1519 25 20 et
3587 1518 47 21 très
3648 1519 133 26 habilement
3805 1531 38 16 oir
3868 1513 31 34 iU

3396 1542 177 24 sympathiques
3599 1544 93 22 artistes
3714 1547 30 21 du
3766 1538 137 38 gro^>em»nt

3399 1575 8 8 »
3429 1567 32 21 La
3482 1568 63 21 Mine
3566 1569 121 23 Souriante
3708 1581 16 15 »,
3742 1578 23 17 ce
3782 1576 61 22 salon
3857 1579 47 23 déjà

3397 1592 84 22 touché
3494 1598 42 20 par
3549 1594 25 21 la
3588 1595 51 25 plus
3654 1596 104 24 flatteuse
3772 1600 36 22 des
3820 1601 84 24 réjruti-

3397 1618 62 22 tions
3475 1624 14 16 a
3504 1618 164 24 sensiblement
3683 1623 103 23 amélioré
3800 1631 73 19 encore
3885 1630 20 20 la

3396 1643 93 24 Joyeuse
3507 1645 108 21 diversité
3631 1647 40 21 des
3687 1651 86 20 œuvres
3788 1653 49 22 qu'il
3852 1654 51 22 offre

3396 1668 15 21 à
3425 1669 24 21 la
3464 1669 75 22 bonne
3556 1670 97 23 humeur
3668 1672 39 23 des
3720 1674 106 23 visiteurs.

3424 1700 63 22 Nous
3508 1705 72 18 avons
3604 1703 66 21 visité
3694 1704 32 21 les
3749 1709 103 21 premiers
3871 1715 20 17 ta-

3397 1725 60 24 lons;
3482 1726 90 22 chacun
3594 1727 65 22 d'eux
3680 1732 111 22 marquait
3810 1737 31 17 un
3860 1740 40 17 iro-

3397 1751 50 24 grès
3459 1756 41 17 sur
3515 1752 21 22 le
3552 1753 129 24 précédent.
3697 1756 58 21 Mais
3770 1758 57 21 cette
3841 1761 60 21 aanh

3398 1781 32 17 un
3446 1777 73 21 effort
3534 1778 53 25 plus
3603 1779 73 24 grand
3691 1785 16 16 a
3723 1781 35 21 été
3770 1782 52 24 fait;
3839 1785 15 20 il
3867 1790 13 20 j
3890 1792 13 16 t

3397 1806 28 17 eu
3443 1803 68 24 aussi,
3529 1808 176 20 pensons-nous,
3721 1810 43 18 une
3780 1808 99 23 sélection
3890 1811 14 22 à

3391 1826 23 21 la
3446 1827 45 21 fois
3522 1828 51 24 plus
3590 1828 77 22 sévère
3685 1832 24 20 et
3726 1831 50 24 plus
3792 1833 106 24 heur-use-

3391 1852 107 25 quelques
3517 1853 218 23 demi-médiocrités
3752 1858 41 20 ont
3811 1858 88 25 dirpanr

3390 1876 130 23 l'ensemble
3542 1883 15 20 y
3575 1883 73 20 gagne
3668 1877 231 29 incontestablement'

3421 1910 121 21 Certaines
3566 1911 160 25 compositions
3748 1914 53 19 sont
3819 1913 80 24 hardies

3397 1934 149 24 truculentes,
3571 1935 62 22 voire
3659 1936 97 21 même...
3800 1932 105 30 gauloises!

3394 1960 57 21 Paul
3468 1960 105 26 Leclercq
3590 1966 43 20 par
3650 1962 101 24 exemple
3766 1968 30 16 en
3812 1965 92 23 présente

3394 1985 108 26 quelques
3519 1991 59 16 unes
3597 1996 27 5 —
3642 1988 39 23 qui
3699 1988 130 22 bousculent
3847 1993 58 21 peut-

3394 2010 48 22 être
3456 2011 32 22 les
3502 2010 73 26 règles
3590 2010 28 23 de
3633 2013 24 20 la
3669 2014 136 23 perspective
3819 2025 21 4 —
3856 2018 50 20 mais

3393 2037 53 20 sont
3462 2036 163 23 franchement
3639 2037 81 22 drôles.
3735 2039 34 21 De
3783 2039 123 25 Lempereur

3393 2062 16 20 il
3425 2062 52 21 faut
3491 2062 59 21 citer
3564 2063 96 24 quelque
3675 2063 68 21 chose
3759 2065 26 21 de
3800 2066 83 21 curieux
3897 2072 7 16 t

3393 2086 40 22 des
3445 2086 60 22 têtes
3516 2092 32 17 en
3560 2087 49 22 bois
3622 2087 109 26 découpé;
3746 2089 16 20 il
3772 2094 15 19 y
3799 2095 13 15 a
3824 2091 71 21 notam-

3392 2114 65 20 ment
3472 2117 33 16 un
3521 2113 79 22 James
3613 2114 72 21 Ensor
3701 2113 46 22 très
3762 2116 144 25 ressemblant,

3392 2137 15 21 à
3422 2138 61 21 demi
3498 2137 72 22 caché
3586 2138 97 22 derrière
3700 2140 39 20 des
3753 2139 92 26 briques,
3861 2143 45 21 (son

3393 2163 177 21 monument!).
3590 2164 54 20 Van
3669 2164 119 25 Cleemput
3812 2171 14 15 a
3848 2167 58 24 peint

3392 2188 40 21 des
3451 2189 79 21 scènes
3551 2189 28 21 de
3599 2189 55 21 chez
3672 2194 66 18 nous,
3753 2195 54 16 avec
3824 2192 36 21 des
3877 2192 20 21 lé-

3393 2213 86 23 gendes
3503 2213 164 22 marolliènnes
3691 2217 55 19 cent
3769 2220 57 20 pour
3848 2218 56 23 cent;

3392 2239 87 22 Marcel
3502 2240 100 21 Antoine
3625 2240 105 25 présente
3752 2241 65 22 entre
3839 2243 69 21 autres

3392 2265 88 20 bonnes
3499 2264 87 23 choses,
3602 2270 33 16 un
3654 2265 92 21 tableau
3767 2274 9 8 «
3794 2266 86 25 parlant
3897 2276 8 9 «

3392 2289 39 22 des
3451 2290 190 24 cent-cinquante
3661 2291 102 21 derniers
3780 2291 61 22 films
3859 2292 14 20 à
3886 2293 22 21 la

3385 2314 76 23 mode;
3486 2314 47 23 très
3555 2316 118 22 amusant;
3697 2316 80 20 Albert
3794 2316 79 21 Lenolr
3890 2322 14 16 a

3391 2339 83 25 croqué
3492 2340 28 21 de
3541 2345 127 16 savoureux
3690 2341 100 24 poivrots
3808 2342 23 20 et
3850 2342 46 23 quel-

3390 2369 56 20 ques
3462 2364 58 23 têtes
3537 2365 95 22 traitées
3648 2371 30 16 au
3694 2366 96 24 picrate;
3809 2366 26 22 de
3850 2367 56 20 Hen-

3389 2390 99 24 deryckx
3509 2390 120 25 signalons
3651 2396 32 16 un
3707 2392 103 24 portrait,
3832 2392 74 23 charge

3390 2415 32 22 du
3438 2416 115 21 financier
3570 2416 96 24 Staquet
3683 2417 24 21 et
3720 2417 60 21 deux
3797 2416 44 22 très
3855 2417 42 21 bon-

3390 2445 41 17 nes
3448 2441 80 21 scènes
3550 2446 30 16 au
3597 2441 153 24 bric-à-brac;
3773 2442 33 21 les
3827 2446 80 17 œuvres

3390 2466 95 21 d'Ancia
3501 2467 55 20 sont
3573 2467 28 21 de
3619 2467 114 21 l'humour
3750 2467 127 23 concentré;
3892 2467 15 21 il

3389 2491 53 21 faut
3456 2492 50 20 voir
3519 2497 31 16 en
3565 2492 72 21 détail
3648 2497 43 16 son
3708 2500 10 9 «
3734 2497 68 20 repas
3816 2492 15 20 à
3844 2493 53 20 l'hos-

3389 2517 49 24 pice
3453 2525 9 9 •
3477 2518 24 20 et
3512 2522 43 16 son
3568 2525 8 8 »
3591 2522 57 16 «aux
3661 2516 82 26 départ
3756 2518 66 21 d'une
3835 2522 71 16 course

3389 2542 92 24 cycliste
3501 2551 8 9 ■
3516 2546 5 18 ;
3542 2547 9 15 c
3553 2541 44 21 hez
3614 2542 85 22 Wilcar
3716 2547 31 16 on
3764 2545 102 19 retrouve
3878 2547 30 16 un

3389 2572 44 19 peu
3467 2568 23 20 la
3508 2567 73 21 même
3598 2568 84 21 touche
3700 2568 27 21 de
3745 2567 94 22 drôlerie
3855 2568 52 20 dans

3387 2592 21 22 le
3421 2592 77 21 d»talL

3413 2618 62 21 Mais
3492 2618 17 21 11
3527 2618 105 22 faudrait
3650 2618 57 21 citer
3724 2618 34 22 les
3775 2618 56 21 trois
3849 2620 58 18 cents

3388 2647 125 19 œuvres...;
3528 2644 28 20 de
3571 2643 150 21 Jules-Marie
3735 2643 101 21 Canneel
3849 2643 47 25 quel-

3387 2672 55 20 ques
3460 2672 154 20 personnages
3629 2669 53 20 bien
3701 2673 94 19 connus,
3811 2674 30 15 en
3858 2669 38 20 uni-

3383 2692 83 23 forme;
3484 2692 28 21 de
3525 2693 103 20 Lemaire
3643 2693 40 20 des
3698 2693 79 21 scènes
3790 2693 75 21 riches
3878 2697 28 16 en

3387 2718 110 23 couleurs,
3511 2718 59 20 mals
3585 2718 57 20 dont
3656 2718 21 22 le
3691 2722 142 20 personnage
3847 2718 50 24 prin-

3386 2743 60 24 cipal
3457 2746 36 19 est
3507 2744 97 19 souvent
3616 2745 53 23 trop
3682 2743 152 24 portraicturé
3841 2745 23 18 et
3870 2747 38 20 pas

3386 2772 63 16 assez
3463 2767 136 24 caricaturé;
3616 2768 28 21 de
3658 2769 62 20 Ochs
3735 2768 39 22 des
3788 2768 59 21 têtes
3857 2767 51 24 déjà

3385 2797 101 17 connues
3503 2795 25 19 et
3546 2793 106 24 que'ques
3671 2797 96 20 groupes
3785 2792 15 21 à
3819 2794 23 20 la
3860 2798 37 15 ma-

3386 2817 62 22 nière
3466 2819 27 20 de
3514 2818 95 23 Forain;
3632 2818 28 22 de
3681 2818 78 21 Victor
3778 2818 70 22 T'Sas
3865 2822 43 16 une

3384 2842 119 21 évocation
3522 2844 27 20 de
3568 2843 24 20 la
3611 2843 69 22 mine,
3700 2842 27 21 de
3746 2844 23 20 la
3788 2843 62 20 mine
3870 2843 50 24 qui"

3383 2868 59 21 n'est
3449 2872 54 20 -pas
3522 2868 127 22 souriante;
3670 2868 27 21 de
3717 2868 81 20 Mister
3813 2867 53 21 Van
3884 2867 25 20 et

3384 2893 60 20 Jean
3460 2893 72 20 Dratz
3548 2898 45 16 une
3610 2893 75 21 bonne
3699 2892 94 22 histoire
3810 2893 28 20 de
3854 2892 43 20 Bel-

3385 2918 65 23 gique
3464 2922 75 17 revue,
3553 2917 115 21 remaniée
3681 2919 25 19 et
3721 2917 145 23 augmentée;
3882 2917 27 20 de

3380 2942 85 20 Denise
3484 2942 63 20 Beeli
3566 2941 41 20 des
3625 2941 79 20 scènes
3723 2941 28 20 de
3771 2941 87 24 plages;
3878 2941 27 20 de

3385 2966 106 24 Degrcux
3505 2971 34 15 un
3554 2967 108 19 amusant
3676 2974 9 8 -
3702 2970 109 17 concours
3825 2965 28 21 de
3867 2970 29 20 pa-

3387 2991 78 23 tinage
3480 2991 55 20 chez
3549 2992 33 20 les
3595 2990 103 21 nudistes
3714 2999 8 9 «
3738 2992 24 20 et
3775 2995 32 16 un
3821 2990 75 24 magni-

3389 3015 61 25 fique
3465 3015 126 25 postérieur
3606 3015 28 21 de
3646 3015 135 24 Germania;
3797 3016 28 21 de
3840 3016 67 20 Scou-

3389 3041 67 21 fiaire
3475 3041 40 20 des
3533 3039 59 22 têtes
3607 3041 28 21 de
3652 3040 71 24 singe,
3740 3041 29 21 de
3787 3041 77 22 clown,
3880 3039 27 21 de

3389 3066 79 23 morts,
3491 3065 41 22 des
3555 3065 143 22 réalisations
3721 3065 114 26 peut-être
3858 3067 50 22 trop

3389 3091 130 24 puissantes
3539 3095 57 20 pour
3615 3090 47 21 être
3682 3095 79 17 encore
3777 3091 119 20 humoristi-

3389 3120 63 20 ques:
3472 3116 60 23 d'Ex,
3547 3116 161 23 d'incroyables
3724 3115 124 21 hardiesses
3855 3115 43 24 géo-

3390 3140 130 25 métriques;
3543 3141 53 21 elles
3615 3141 111 21 étonnent
3746 3141 101 24 toujours
3865 3144 42 21 par

3389 3166 23 21 la
3425 3165 111 26 précision
3548 3170 23 18 et
3583 3166 22 21 la
3616 3166 165 21 ressemblance
3795 3166 26 21 de
3834 3166 71 20 l'iina-

3390 3196 27 19 gï
3431 3191 90 25 qu'elles
3536 3191 129 21 enferment
3683 3196 28 16 en
3729 3192 39 20 des
3785 3191 83 21 droites
3883 3191 23 20 et

3391 3216 39 21 des
3446 3216 101 23 courbes;
3562 3221 25 17 ce
3603 3216 82 20 travail
3701 3221 30 16 au
3747 3221 91 19 compas
3853 3217 24 20 et
3892 3214 15 21 à

3389 3240 105 26 l'équerre
3508 3242 36 21 est
3557 3241 228 21 incontestablement
3799 3245 45 17 une
3858 3241 36 20 for-

3391 3271 35 17 me
3442 3266 98 21 curieuse
3555 3266 25 21 et
3594 3266 134 21 attachante
3745 3266 27 21 de
3786 3266 59 22 l'art,
3858 3264 36 22 mê-

3389 3297 36 16 me
3439 3292 27 21 de
3479 3290 52 23 l'art
3546 3299 10 9 »
3570 3291 103 21 souriant
3688 3295 21 18 •;
3722 3291 28 21 de
3763 3289 47 22 Léo
3823 3291 28 20 Jo
3865 3290 39 21 des

3391 3316 164 24 physionomies
3579 3314 104 25 épaisses,
3707 3315 105 23 bouffies,
3834 3316 58 19 satis-

3390 3342 74 25 faites,
3483 3340 169 25 sympathiques
3673 3340 76 24 quand
3771 3340 83 23 même;
3876 3340 29 20 ds

3388 3366 58 24 Rail,
3466 3372 15 16 a
3500 3365 49 22 côté
3569 3366 27 21 de
3617 3365 104 24 quelques
3737 3365 79 21 scènes
3838 3370 53 16 amu-

3388 3393 84 22 santes,
3491 3396 32 16 un
3543 3390 111 23 ensemble
3694 3390 211 24 d'Interprétations

3389 3421 62 17 assez
3468 3416 86 22 amères
3569 3420 53 17 avec
3638 3416 29 20 de
3685 3415 61 21 vives
3764 3416 140 23 oppositions

3390 3441 107 22 d'ombres
3518 3442 24 21 et
3563 3441 28 21 de
3612 3440 90 23 clartés;
3747 3439 156 21 d'excellentes

3389 3467 77 21 choses
3485 3467 27 21 de
3532 3466 59 21 Jean
3610 3465 77 23 Emile,
3707 3465 26 21 de
3749 3464 104 23 Nanreff,
3874 3464 27 20 de

3388 3492 198 23 Vanderstraet-en,
3605 3491 27 21 de
3654 3490 101 24 Depiere.
3799 3490 28 21 de
3850 3490 52 22 Ray

3383 3517 144 22 Berchmans,
3547 3516 28 20 de
3597 3515 86 22 Kerels,
3704 3515 27 20 de
3749 3515 147 21 Moeremans,

3384 3542 27 21 de
3426 3541 121 22 Oarldana,
3560 3540 29 21 de
3603 3540 82 20 Sortet.
3699 3539 27 21 de
3740 3539 89 20 Vander
3842 3538 55 23 Eist,

3392 3567 67 21 (deux
3471 3566 120 21 boxeurs...
3606 3564 139 25 métalliques
3761 3568 7 16 :
3784 3571 9 9 ■
3806 3563 96 20 Rotent-

3389 3592 50 21 t-ils
3453 3600 9 9 »
3479 3591 22 21 ?)
3515 3593 24 19 et
3552 3590 61 22 aussi
3625 3591 59 20 deux
3697 3593 87 16 œuvres
3790 3587 26 21 de
3823 3588 80 23 Zwyn-

3389 3621 41 21 cop
3441 3615 119 22 lui-même
3570 3616 6 20 !

3416 3643 35 20 Au
3476 3641 58 21 total
3557 3645 45 16 une
3626 3638 127 26 exposition
3777 3638 52 25 qu'il
3852 3637 52 21 faut

3388 3667 56 23 voir,
3463 3671 45 17 une
3528 3666 104 20 occasion
3652 3666 27 20 de
3696 3664 85 21 sourire
3801 3664 57 24 qu'il,
3867 3667 25 16 se-

3387 3693 46 21 rait
3450 3691 185 25 impardonnable
3653 3691 27 20 de
3692 3690 81 20 laisser
3789 3688 115 25 échapper.

3414 3718 20 20 Il
3449 3722 16 19 y
3479 3716 63 21 avait
3556 3716 60 21 foule
3633 3720 30 16 au
3677 3715 138 23 vernissage;
3831 3714 21 21 le
3867 3717 27 16 co-

3388 3742 55 21 mité
3455 3743 27 20 de
3495 3742 22 20 la
3529 3749 9 9 ■
3552 3741 62 21 Mine
3627 3740 121 21 Souriante
3762 3748 9 9 »
3787 3744 6 15 :
3804 3739 31 20 M.
3847 3738 45 21 Gos-

3386 3768 42 21 set.
3451 3766 115 25 président
3589 3766 133 21 d'honneur,
3744 3764 56 21 MM
3822 3762 82 22 Marcel

3387 3792 105 21 Antoine,
3514 3791 80 24 Ancia,
3615 3790 22 21 J.
3658 3790 33 20 M.
3714 3789 107 23 Canneel,
3859 3789 43 19 De-

3387 3813 76 25 êroux.
3485 3816 110 22 Lemaire,
3635 3816 143 24 Lempereur,
3820 3813 82 22 Lenolr,

3387 3841 133 22 Soouflaire.
3542 3841 77 23 T'Sas,
3641 3841 52 20 Van
3739 3839 121 24 Cleemput,
3879 3837 23 21 et

3386 3867 92 21 Vander
3491 3866 48 22 Eist
3550 3865 130 22 recevaient
3693 3866 34 21 les
3740 3863 88 23 Invités,
3833 3862 68 26 parmi

3387 3892 96 25 lesquels
3505 3892 27 21 de
3553 3890 48 23 très
3622 3890 145 22 nombreuses
3808 3890 96 20 femmes,.

3388 3917 40 22 des
3441 3917 98 24 artistes,
3555 3916 39 21 des
3609 3916 104 21 hommes
3728 3916 27 21 de
3770 3915 81 20 lettres,
3863 3912 35 20 des

3387 3942 141 25 professeurs
3549 3941 66 21 d'art.
3637 3941 32 20 M.
3691 3940 102 21 Armand
3832 3938 54 22 Huys-

3388 3972 74 19 mans,
3475 3967 154 24 bourgmestre
3645 3965 108 24 d'Ixelles,
3767 3964 49 21 vint
3829 3968 23 17 se
3864 3961 23 22 dé-

3388 3992 62 22 rider
3468 3992 84 21 devant
3570 3992 33 21 les
3622 3991 109 21 cimaises.
3749 3990 78 23 Quant
3844 3988 15 21 à
3872 3987 28 21 M.

3389 4017 102 25 Adolphe
3503 4017 62 20 Max.
3580 4017 17 20 11
3610 4019 104 20 annonça
3729 4020 27 16 sa
3771 4014 65 21 visite
3850 4015 52 23 pour

3389 4042 98 22 demain.
3504 4052 27 5 —
3548 4041 28 21 G.

3942 3494 11 33 T.

3934 3916 13 53 ?

3409 4108 63 28 UNE
3495 4100 111 35 SOIRÉE
3628 4102 251 30 TOURNAISIENNE

3410 4182 59 21 C'est
3486 4185 56 21 pour
3558 4178 203 22 l'embellissement
3779 4178 31 20 du
3827 4175 75 23 musée

3384 4207 28 21 de
3423 4206 94 21 folklore
3531 4214 9 8 «
3553 4205 32 20 La
3597 4203 90 21 Maison
3698 4202 181 21 Tournaisienne
3891 4209 9 10 »

3383 4235 42 20 que
3444 4231 33 20 les
3497 4228 161 22 Tournaisiens
3677 4227 29 21 de
3726 4227 118 21 Bruxelles
3863 4225 39 22 ont

3382 4254 75 22 donné
3466 4253 86 21 samedi
3562 4257 46 16 une
3617 4252 86 25 grande
3715 4251 71 22 soirée
3797 4249 65 23 d'art.
3872 4250 30 21 Es

3382 4281 41 20 ont
3434 4279 44 20 fait
3491 4277 66 25 appel
3570 4281 47 16 non
3629 4277 128 20 seulement
3769 4277 15 21 à
3796 4277 32 20 M.
3840 4275 49 22 Wal-

3382 4304 35 20 ter
3433 4304 81 20 Raver.
3531 4302 76 21 l'avisé
3624 4302 163 20 conservateur
3803 4301 32 20 du
3851 4304 38 17 mu-

3380 4327 37 21 sée
3433 4328 38 23 qui
3486 4327 49 20 vint
3551 4326 58 21 faire
3625 4330 33 16 un
3675 4324 82 27 exposé
3771 4326 89 21 succint
3874 4324 27 21 de

3380 4352 91 20 l'œuvre
3483 4351 15 21 à
3511 4349 140 26 développer,
3664 4351 59 20 mais
3736 4352 61 20 aussi
3810 4355 44 17 aux
3865 4348 24 22 ré-

3380 4376 66 24 putés
3457 4376 164 20 chansonniers
3632 4376 29 20 de
3673 4376 22 20 la
3709 4384 8 8 »
3731 4376 129 24 Compagne
3870 4374 30 20 du

3380 4401 98 21 Cabaret
3496 4400 90 20 Wallon
3604 4401 153 20 Tournaisien
3776 4405 21 18 »;
3818 4400 38 24 qut
3872 4402 28 17 ne

3380 4425 92 20 connait
3502 4429 25 16 ce
3557 4425 162 24 sympathique
3750 4423 150 27 groupement,

3379 4449 57 21 dont
3448 4449 34 20 les
3494 4449 114 21 membres
3620 4452 55 20 sont
3688 4449 14 21 à
3716 4450 23 20 la
3753 4450 45 20 fois
3811 4449 89 20 auteurs

3378 4475 25 19 et
3418 4473 143 25 Interprêtes,
3576 4474 29 21 ils
3620 4476 53 19 sont
3690 4475 108 20 astreints
3814 4478 42 18 nar
3868 4472 32 20 les

3378 4498 86 21 statuts
3483 4499 29 21 de
3531 4499 50 20 leur
3601 4499 134 25 compagnie
3755 4499 14 20 à
3789 4500 111 22 composer

3378 4523 60 20 deux
3455 4527 91 17 œuvres
3563 4528 31 16 au
3613 4524 74 20 moins
3704 4528 43 20 par
3763 4524 67 23 mois;
3848 4521 52 21 c'est

3378 4551 64 17 assez
3458 4547 49 21 dire
3524 4552 43 20 que
3584 4548 50 21 leur
3650 4548 123 25 répertoire
3791 4550 33 19 est
3841 4545 58 22 varié

3378 4575 25 19 et
3414 4572 134 23 nombreux:
3564 4578 30 16 on
3606 4573 30 21 fit
3647 4573 48 21 fête
3708 4573 14 21 à
3734 4577 38 16 ces
3782 4573 45 21 bon
3839 4572 49 20 tour-

3378 4597 108 24 naisiens,
3498 4597 14 21 à
3524 4598 58 21 MM.
3594 4598 97 23 Tassier,
3703 4598 84 23 Quain,
3798 4595 100 23 Viehard,

3378 4621 90 25 Hespel,
3484 4622 97 24 Godart,
3597 4623 94 25 Coulon,
3707 4623 96 23 Rosscls,
3818 4621 81 24 Pipart,

3378 4647 97 22 Maillet,
3494 4648 112 23 Ponceau,
3627 4649 42 22 etc,
3689 4648 24 20 et
3733 4647 14 21 à
3767 4648 31 20 M.
3817 4647 81 21 Duron,

3378 4671 50 21 leur
3452 4672 326 24 planiste-accompagnateur.

3404 4697 94 21 D'autre
3514 4698 60 23 part,
3589 4697 21 21 le
3627 4697 90 21 théâtre
3733 4696 82 21 wallon
3828 4696 59 20 Tour-

3378 4721 90 21 naisien
3479 4726 43 20 que
3533 4722 71 24 dirige
3614 4723 32 19 M.
3657 4721 87 21 Arthur
3754 4720 88 25 Hespel,
3852 4717 46 22 vint

3378 4745 66 24 Jouer
3467 4750 32 17 un
3522 4747 83 24 joyeux
3627 4746 126 21 vaudeville
3776 4746 28 20 de
3826 4744 72 21 Victor

3378 4770 80 25 Pipart
3477 4775 6 16 :
3502 4779 9 9 «
3528 4771 77 21 Suites
3620 4771 60 21 d'eln
3695 4770 115 25 pronostic
3827 4778 17 11 ».
3858 4768 38 20 Les

3379 4795 143 25 interprètes.
3540 4797 74 19 Mmes
3632 4796 23 21 S.
3672 4795 85 21 Allard.
3775 4796 21 20 J.
3814 4791 83 26 Hespel,

3378 4821 32 20 M.
3422 4821 25 20 E.
3459 4820 90 25 Hespel,
3561 4821 32 20 M.
3605 4820 86 25 Pipart,
3702 4820 94 21 Coulon.
3808 4820 23 19 L.
3843 4818 42 20 Hes-

3378 4845 38 24 pel
3431 4846 23 20 et
3469 4846 22 20 J.
3507 4846 61 20 Desu
3584 4846 77 20 fuient
3678 4844 47 22 très
3739 4840 157 27 légitimement

3379 4869 119 22 acclamés.

3404 4895 110 20 Reconnu
3526 4895 59 20 dans
3595 4895 33 20 les
3639 4894 127 24 baignoires
3777 4891 118 23 officielles.

3377 4919 32 21 M.
3424 4919 104 24 Qulntin,
3542 4919 178 25 vice-président
3733 4918 125 21 d'honneur
3870 4915 25 20 de

3379 4952 9 9 -
3411 4944 33 21 La
3465 4944 91 21 Maison
3576 4944 180 20 Tournaisienne
3779 4952 17 13 »,
3815 4941 81 21 Arthur

3378 4969 134 20 Destombes
3530 4971 23 19 et
3570 4968 57 21 Paul
3644 4968 84 23 Fiévet,
3745 4966 113 25 président
3873 4964 23 20 et

3377 4992 61 22 leurs
3455 4993 183 23 collaborateurs,
3654 4993 57 21 MM.
3728 4989 167 24 Vanderstiche-

3377 5018 46 23 len,
3434 5017 170 25 Woeienbergh,
3614 5017 115 24 François.
3741 5017 85 20 Simon.
3837 5015 58 20 Bau-

3377 5043 64 23 duln,
3462 5042 97 24 Parfait,
3580 5042 101 22 Bontler,
3703 5042 37 20 etc
3765 5045 6 16 :
3795 5039 52 22 noté
3867 5040 28 18 en

3377 5068 66 20 outre
3457 5067 23 20 la
3495 5066 107 25 présence
3617 5066 30 20 du
3661 5064 92 26 général
3769 5064 87 23 Canler,
3868 5062 26 20 de

3377 5092 31 21 M.
3430 5091 98 22 Amédée
3549 5090 103 25 Begault,
3673 5090 28 20 de
3721 5091 32 19 M.
3775 5090 74 20 Pierre
3868 5086 26 21 de

3377 5117 75 23 Soete,
3463 5116 28 21 de
3503 5117 32 20 M.
3547 5116 28 21 H.
3587 5115 79 22 Krein.
3678 5114 28 21 de
3718 5115 32 20 M.
3762 5114 25 20 E.
3799 5112 95 23 Lacoste,

3377 5142 43 21 etc.
3433 5151 29 6 —
3474 5141 29 21 G.

3442 5212 36 28 LA
3501 5205 100 35 GRÈVE
3616 5210 40 28 AU
3681 5209 153 28 BORiNAGE

3401 5281 73 22 Mons,
3487 5279 13 20 2
3512 5278 58 25 juin.
3583 5287 27 6 —
3620 5278 33 19 La
3667 5277 65 24 grève
3743 5280 111 18 survenue
3866 5276 27 18 au

3377 5305 60 25 puits
3454 5306 25 18 n°
3498 5304 24 20 14
3538 5303 32 20 du
3587 5302 93 23 Levant,
3698 5301 40 21 des
3755 5301 109 21 Produits,
3879 5298 15 18 *

3376 5329 77 24 Flénu,
3471 5329 15 21 à
3508 5328 23 20 la
3552 5327 59 21 suite
3634 5326 31 21 du
3683 5327 78 20 renvoi
3784 5325 53 22 d'un
3854 5325 28 18 ou-

3375 5354 59 20 vrier
3455 5353 38 24 qui
3514 5351 138 21 n'exécutait
3673 5355 42 21 pas
3736 5350 54 21 bien
3810 5354 27 16 sa
3857 5348 24 19 be-

3374 5382 77 20 sogne,
3466 5377 37 20 est
3519 5375 116 22 terminée.

3399 5404 42 19 Les
3460 5401 107 22 ouvriers,
3586 5400 92 25 appelés
3697 5401 16 21 à
3729 5399 115 22 connaître
3861 5396 30 21 lss

3373 5426 166 23 circonstances
3555 5425 28 21 de
3599 5429 25 17 oe
3640 5425 85 24 renvoi,
3741 5425 42 21 ont
3796 5422 94 22 reconnu

3373 5456 43 21 que
3428 5451 92 20 celui-ci
3537 5449 64 22 était'
3607 5449 98 24 Justifié.
