3902 5816
97 305 168 24 DIMANCHE
279 304 35 23 10
326 303 99 23 AVRIL
439 302 68 23 1932

1612 294 283 23 L'INDEPENDANCE
1909 292 108 22 BELGE

3127 278 170 24 DIMANCHE
3312 278 34 22 10
3360 276 97 23 AVRIL
3471 274 69 24 193S

140 416 461 197 LA
688 416 385 201 Va

93 663 51 24 linll
195 663 6 20 ,
205 663 24 20 m
233 663 6 20 ,
243 662 44 21 lim
290 662 6 20 ,
300 662 34 20 mi
338 662 6 19 ,
347 660 91 21 llimMII
442 660 6 20 |
452 660 15 20 N
471 655 473 26 uiiiiiiiMiiiiiiii.*'iuHimiiiiiimiiiiiiiiiu

51 735 115 95 Au
190 733 308 92 Théâtre
511 730 241 115 Royal
764 730 96 92 du
876 731 195 92 Parc

159 898 229 39 Histoire
415 898 62 38 de
507 899 36 21 "
564 896 339 39 Bourrachon
932 896 33 20 "

72 988 31 21 En
124 987 53 26 1922,
193 987 20 21 le
230 987 73 25 public
320 986 95 26 parisien
433 984 116 27 apprenait

52 1018 43 20 tout
112 1017 15 21 à
141 1019 57 22 coup
217 1014 20 21 le
256 1019 52 17 nom
327 1015 53 21 d'un
398 1014 80 21 auteur
495 1018 46 16 nou-

52 1049 58 19 veau,
136 1054 25 5 —
187 1048 57 17 nous
270 1047 29 17 ne
323 1042 78 22 disons
427 1047 41 21 pas
494 1042 54 21 d'un

51 1075 60 26 Jeune
128 1072 79 20 auteur
226 1077 39 16 car
283 1072 97 20 Laurent
398 1071 79 22 Doillet
495 1071 53 20 était

51 1105 24 21 té
94 1106 28 16 en
151 1101 48 20 1859
225 1111 25 4 —
268 1101 38 25 qui
334 1100 74 22 venait
435 1100 28 22 de
491 1099 55 21 faire

51 1129 134 25 représenter
210 1133 43 16 une
278 1127 105 25 comédie,
408 1136 10 10 «
429 1128 117 25 Papassier

51 1159 44 22 j'en
116 1158 156 26 v-t-en-guerre
294 1165 18 17 »,
333 1158 39 24 qui
392 1157 38 20 eut
447 1157 51 25 plus
520 1157 27 21 de

52 1187 45 24 cinq
128 1187 62 19 cents
222 1184 186 25 représentations
441 1184 48 21 tant
520 1189 28 16 en

51 1215 80 23 France
145 1214 52 25 qu'à
217 1214 125 25 l'étranger.

71 1242 52 29 "puis
150 1243 32 19 les
209 1243 83 20 années
321 1242 121 25 passèrent,
468 1242 82 20 durant

50 1270 112 26 It-quelles
181 1271 38 20 nul
238 1270 123 21 n'entendit
379 1270 73 25 parler
470 1270 27 21 de
515 1270 35 20 cel

53 1299 199 25 architecte-expert
274 1299 126 20 autrement
424 1303 43 21 que
491 1301 56 22 pour

51 1334 32 16 ses
98 1328 61 22 devis
174 1329 22 19 et
212 1332 56 21 pour
283 1332 35 16 ses
333 1328 79 24 épures
423 1328 5 20 !
441 1327 34 20 Un
490 1327 59 25 jour,

50 1356 109 52 rrtant,
174 1356 63 22 Polin
253 1357 93 24 apporta
361 1357 14 20 à
389 1357 58 20 René
463 1356 83 20 Rocher

90 1384 121 22 manuscrit
231 1384 27 20 de
278 1384 92 22 l'œuvre
391 1384 114 20 maîtresse
523 1383 26 20 de

51 1413 93 24 Laurent
157 1413 78 21 Doillet
245 1420 6 14 :
266 1421 11 11 «
286 1413 143 20 Bourrachon
439 1421 17 13 ».
473 1412 77 22 C'était

51 1448 24 16 en
86 1442 53 21 1921.
151 1450 11 11 «
172 1441 142 21 Bourrachon
325 1450 10 10 ■
345 1441 55 22 était
409 1441 54 21 écrit
471 1440 79 26 depuis

52 1470 116 26 vingt-cinq
185 1474 50 17 ans:
252 1470 96 20 l'auteur
359 1469 75 21 devait
450 1469 100 21 attendre

51 1499 46 26 sept
111 1504 42 16 ans
168 1502 80 17 encore
263 1498 69 21 avant
347 1503 43 21 que
405 1498 23 21 la
441 1497 60 25 pièce
517 1496 33 22 fut

53 1527 140 26 représentée.

74 1555 132 26 •Cependant,
224 1560 28 16 en
269 1555 87 25 janvier
373 1554 57 22 1931.
446 1554 20 21 le
483 1553 59 22 direc-

52 1587 44 20 teur
126 1585 30 21 du
186 1584 94 21 Théâtre
310 1583 96 21 Antoine
435 1584 68 24 jugea
530 1582 20 21 le

51 1613 96 22 moment
158 1612 124 25 opportun*-..
297 1613 17 20 Il
325 1616 118 21 convoqua
454 1611 97 21 Laurent

52 1641 81 24 Doillet,
151 1641 37 25 qui
204 1640 75 21 arriva
295 1641 103 25 ponctuel
414 1645 31 16 au
461 1640 87 21 rendez-

53 1674 59 22 vous,
124 1669 74 21 timide
213 1669 22 20 et
248 1669 91 20 correct.

72 1697 88 22 (Comme
182 1697 20 22 le
222 1697 32 22 dit
274 1696 111 21 lui-même
408 1697 28 21 M.
459 1697 91 23 Rocher,

54 1737 9 10 ■
77 1727 142 21 Bourrachon
235 1735 10 10 »
262 1726 52 21 était
330 1726 58 21 resté
402 1731 57 21 pour
474 1727 31 22 lui
521 1731 30 16 un

53 1755 45 23 vieil
115 1754 51 21 ami.
184 1755 34 20 Du
233 1759 96 21 premur
343 1755 51 25 jour
406 1755 28 21 où
452 1754 15 20 il
483 1759 14 15 a
513 1753 38 21 fait

54 1790 21 18 sa
87 1783 168 25 connaissance,
270 1783 16 20 il
299 1783 61 21 avail.
373 1783 56 21 nimé
443 1787 25 17 sa
481 1782 71 26 gaieté

54 1812 103 22 vraiment
181 1811 117 25 française,
320 1816 41 15 son
387 1811 100 24 comi*']ue
510 1810 40 20 dru

54 1842 19 21 et
87 1840 71 26 Iranc,
178 1840 22 20 et
220 1840 20 20 le
261 1839 115 25 directeur,
397 1839 38 25 qui
454 1844 15 16 a
490 1838 61 25 placé

55 1875 35 18 son
108 1868 84 23 théâtre
210 1873 54 17 sous
282 1868 78 26 l'égide
378 1869 27 20 de
422 1867 90 21 Molière
530 1867 23 20 et

570 986 29 21 de
617 985 131 24 Courteline,
765 984 53 21 était
837 985 96 21 heureux
952 984 122 21 d'inslaller

571 1013 52 21 chez
645 1013 32 20 lui
700 1018 30 15 un
753 1014 50 24 type
823 1018 44 20 que
885 1012 125 21 n'auraient
1033 1017 40 21 pas

572 1043 60 21 renié
646 1046 36 17 ces
696 1041 97 21 illustrer
806 1041 97 21 auteurs.

596 1069 48 23 Une
652 1070 100 20 semains.
762 1070 50 26 plus
823 1070 56 24 tard,
891 1078 10 10 »
911 1069 143 22 Bourrachon
1065 1077 9 10 »

572 1099 81 22 entrait
665 1103 28 16 en
703 1098 121 26 répétition,
839 1098 73 21 tandis
923 1102 42 21 que
978 1097 97 21 Laurent

574 1128 78 20 Doillet
679 1127 81 21 entrait
785 1126 56 21 dans
868 1127 22 20 la
916 1126 95 25 clinique
1035 1127 41 21 des

573 1156 77 20 Frères
667 1155 231 23 Saint-Jean-de-Dieu,
915 1160 39 16 rue
971 1154 103 23 Oudinot.

572 1185 31 22 La
620 1186 64 20 santé
702 1184 25 20 (le
746 1183 112 21 l'écrivain
875 1184 53 25 alla,
947 1183 84 26 depuis,
1046 1187 28 16 en

573 1213 169 21 s'affaiblissant
769 1212 84 25 chaque
880 1212 59 25 jour;
967 1211 50 25 puis
1045 1215 29 16 on

573 1242 62 20 n'eut
658 1241 49 25 plus
728 1241 26 20 de
778 1241 30 20 lui
830 1246 44 20 que
898 1240 28 21 de
947 1239 127 25 laconiques

575 1270 118 21 nouvelles.

598 1298 73 25 Enfin,
690 1298 21 21 la
729 1298 102 25 générale
848 1297 27 20 de
891 1306 10 9 «
912 1297 142 20 Bourrachon
1065 1303 9 10 »

571 1327 54 21 était
655 1326 92 21 donnée.
778 1325 90 25 Surpris
899 1325 100 24 d'abord,
1025 1324 51 26 puis

573 1355 172 24 enthousiasmé,
761 1355 19 21 le
794 1354 74 26 public
883 1354 26 21 fit
923 1358 30 16 un
968 1353 109 25 triomphe

573 1386 15 20 à
604 1384 91 20 l'œuvre
712 1384 29 20 du
757 1382 51 21 vieil
824 1383 78 20 auteur
918 1384 30 20 où
966 1382 14 20 il
994 1382 73 20 retrou-

574 1413 46 22 vait
633 1414 15 20 à
663 1412 21 21 la
701 1412 41 21 fois
758 1412 21 22 la
794 1415 65 17 verve
874 1411 28 21 de
916 1410 125 23 Courteline
1056 1409 22 20 et

572 1441 23 20 la
620 1440 114 21 souriante
765 1440 137 25 philosophie
933 1439 25 21 de
988 1438 87 21 Tristan

575 1469 105 21 Bernard.
695 1469 52 21 Seul
764 1484 7 9 ,
788 1469 58 21 René
862 1468 85 20 Rocher
962 1472 28 16 ne
1005 1466 64 26 parta-

574 1498 58 25 geait
651 1502 48 22 pas,
720 1501 86 17 comme
825 1497 16 20 il
860 1496 74 21 aurait
952 1495 38 23 dû,
1010 1495 58 20 l'allé-

573 1530 76 22 gresse
666 1526 103 26 générale
780 1543 5 4 .
801 1525 55 21 c'est
868 1525 52 25 qu'à
937 1524 13 21 7
965 1524 79 20 heures
1061 1522 15 20 il

573 1555 61 20 avait
654 1555 76 21 trouvé
749 1558 40 17 sur
807 1558 41 16 son
870 1554 82 19 bureau
974 1557 29 16 un
1024 1551 53 25 peW

575 1584 50 21 bleu
639 1583 38 26 qui
690 1582 130 21 l'informait
834 1582 26 20 île
874 1581 164 20 l'enterrement
1050 1579 28 20 de

574 1612 98 21 Laurent
701 1611 84 21 Doillet.
811 1610 84 21 célèbre
925 1610 20 19 le
973 1607 104 22 vendredi

575 1640 122 27 précédent,
710 1642 13 19 à
736 1637 273 27 Saint-François-Xavier,
1021 1637 57 20 dons

576 1670 22 21 la
611 1668 50 26 plus
676 1668 75 21 stricte
764 1667 101 20 intimité.

599 1698 60 20 Duns
676 1701 36 17 ses
729 1695 112 21 dernières
858 1694 108 25 volontés,
983 1693 95 21 l'auteur

576 1725 60 22 avait
650 1725 62 26 exigé
725 1724 68 26 sju'on
810 1723 103 21 n'avertit
928 1726 109 22 personne
1051 1721 28 20 de

575 1760 26 16 sa
612 1754 59 21 mort
681 1754 104 24 jusqu'au
797 1752 46 21 soir
855 1752 26 21 de
892 1752 22 21 la
925 1759 11 11 „
946 1751 102 25 générale
1058 1757 17 13 ».

576 1784 16 20 Il
605 1783 83 20 voulait
698 1786 44 22 que
751 1781 48 20 rien
810 1785 28 16 ne
850 1781 47 20 vint
909 1778 169 26 compromettre

575 1812 32 22 les
623 1812 53 20 trois
691 1811 79 20 heures
782 1809 143 25 triomphales
939 1808 54 26 qu'il
1008 1808 68 22 o-tlen-

575 1840 46 20 dait
637 1839 77 25 depuis
731 1839 70 20 trente
817 1842 65 16 ans...
898 1838 21 20 et
934 1836 55 26 qu'il
1006 1835 70 21 savait

575 1867 51 23 bien
641 1871 27 16 ne
686 1871 41 21 pas
745 1866 93 26 pouvoir
855 1866 67 20 vivre.

55 1914 1000 30 Illllllllllllllllllllllllllllllllllllllllllllllllllllllllllllllllllllllllllllllllllllllllllllllllllllll

78 1968 63 87 k
178 1968 247 85 Rataillon
452 1988 15 65 :
506 1972 31 25 "
568 1966 95 85 Les
702 1964 289 101 Troyennes
1030 1962 25 31 "

79 2109 25 21 Ce
116 2116 11 11 «
140 2108 140 22 Laboratoire
292 2108 27 21 de
332 2107 84 21 théâtre
429 2115 10 10 »
452 2112 13 16 a
478 2107 74 22 donné

58 2136 105 25 vendredi,
181 2139 14 20 à
214 2136 21 21 la
254 2136 57 21 Cour
330 2136 159 25 d'Angleterre,
508 2140 44 16 une

61 2165 163 26 représentation
240 2164 39 21 des
295 2172 9 10 «
320 2164 127 24 Troyennes
463 2175 10 10 »
488 2163 56 22 d'Eu-

62 2194 66 26 ripide.
150 2193 15 21 Il
188 2194 37 25 n'y
248 2192 59 22 avait
329 2197 40 21 pas
391 2193 113 25 beaucoup
525 2192 27 21 de

60 2223 72 20 monde
152 2223 22 20 et
194 2222 46 21 l'on
261 2221 46 21 doit
329 2222 100 25 déplorer
450 2220 93 22 l'indiffé-

61 2256 60 16 rence
132 2250 116 24 (d'ailleurs
261 2249 115 27 classique)
390 2251 30 20 du
432 2249 73 27 public
517 2251 27 21 de-

60 2281 53 19 vant
124 2281 33 19 des
169 2278 117 22 initiatives
298 2284 42 20 que
353 2278 46 21 l'on
413 2280 50 25 peut
475 2278 69 26 appré-

58 2307 45 22 cier
116 2312 79 17 comme
210 2312 30 16 on
256 2308 57 23 veut,
329 2307 57 21 mais
400 2307 55 21 dont
470 2307 39 21 nul
524 2311 29 17 ne

58 2337 120 20 contestera
194 2336 20 21 le
233 2337 43 20 très
296 2336 31 21 vif
344 2335 79 22 intérêt
441 2336 22 21 et
480 2337 21 21 le
519 2340 26 16 ca-

58 2365 82 20 ractère
154 2365 123 20 hautement
292 2364 121 25 artistique.

82 2393 58 22 Nous
153 2398 28 16 ne
195 2397 56 16 nous
264 2397 113 20 occupons
392 2398 40 20 pas
446 2393 28 21 ici
489 2393 27 21 de
531 2393 23 20 la

58 2422 66 25 pièce,
140 2422 25 20 (le
181 2427 26 16 sa
224 2422 87 20 version
329 2421 116 26 française,
462 2421 39 21 des
517 2422 28 20 dé-

57 2454 50 18 cors
125 2452 20 20 et
162 2452 108 21 costumes
289 2450 146 24 surréalistes,
455 2451 57 20 dans
531 2450 23 21 la

57 2479 98 20 manière
173 2479 26 20 de
217 2479 102 21 l'Institut
338 2479 39 21 des
397 2479 51 21 Arts
466 2479 81 21 décora-

58 2506 43 22 tifs.
117 2507 131 21 Constatons
263 2507 122 21 seulement
401 2512 42 21 que
457 2511 38 19 ces
510 2508 36 23 sty-

56 2534 100 22 lisations
178 2537 12 20 à
213 2535 112 21 l'extrême
345 2536 83 20 offrent
450 2536 105 26 peut-être

56 2564 168 21 l'inconvénient
242 2565 27 20 de
288 2573 9 9 „
316 2564 52 22 tirer
386 2564 52 20 l'œil
457 2572 10 10 »
485 2565 63 20 extra-

55 2591 173 22 ordinairement
244 2593 30 26 et,
292 2598 40 19 par
348 2593 29 21 là.
396 2592 26 23 de
439 2592 118 21 détourner

56 2620 67 21 d'une
142 2621 97 20 manière
258 2621 111 20 excessive
388 2620 124 21 l'attention
531 2621 27 21 de

56 2649 49 20 leur
122 2649 55 20 coté.
199 2661 22 4 —
241 2648 55 21 Mais
316 2648 90 26 parlons
424 2649 28 21 de
471 2650 21 20 la
511 2653 47 16 mn-

56 2676 70 26 slsiue.

82 2706 31 20 La
130 2705 103 25 partition
250 2705 52 20 était
318 2705 42 21 due
375 2707 15 19 à*
405 2710 30 16 un
453 2705 104 22 musicien

58 2733 119 21 bruxellois
195 2738 40 20 peu
254 2738 72 16 connu
344 2735 22 19 et
382 2734 37 25 qui
437 2734 76 21 mérite
530 2735 27 20 de

57 2760 61 23 l'être
133 2761 131 20 davantage.
283 2762 27 21 M.
329 2762 86 20 Willem
434 2762 122 22 Pelemans.

59 2789 74 22 C'était
151 2790 43 19 très
212 2789 56 22 bien.
287 2789 58 21 Sans
361 2790 120 20 s'attacher
498 2793 12 19 ô
528 2789 28 21 de

60 2817 59 21 vains
130 2815 115 31 pastiches
261 2817 27 20 de
304 2817 101 25 musique
421 2818 97 24 antique,
535 2817 20 20 le

63 2843 138 26 compositeur
231 2849 13 15 a
276 2844 119 26 enveloppé
427 2845 19 20 le
477 2844 77 21 drame

59 2873 61 20 d'aïs-,
146 2872 138 25 atmosphère
310 2877 81 16 sonore
416 2873 137 25 appropriée.

61 2899 51 22 C'est
130 2900 52 21 écrit
201 2905 54 20 pour
273 2905 30 16 un
323 2901 51 21 oetit
392 2902 112 20 ensemble
522 2900 24 22 in-

59 2928 125 22 strumental
211 2928 49 21 bien
287 2928 111 26 équilibré,
425 2934 53 16 avec
504 2929 49 26 plus

60 2957 162 20 d'instruments
239 2960 12 18 à
269 2957 80 21 souffle
365 2963 42 20 que
424 2958 27 21 de
468 2958 85 25 cordes,

60 2986 18 19 et
94 2985 36 26 qui
150 2985 102 23 demeura
272 2986 154 21 discrètement
446 2986 107 23 invisible.

61 3013 25 21 La
105 3014 68 25 partie
194 3014 73 21 vocale
286 3016 33 19 est
340 3015 81 25 parfois
442 3015 111 26 récitante,

61 3042 49 21 mais
132 3047 27 16 en
181 3043 87 25 général
293 3043 151 22 franchement
466 3044 79 21 mélodi-

61 3076 42 20 que.
119 3071 16 22 U
147 3076 13 18 y
174 3076 13 15 a
201 3072 37 20 des
251 3072 49 24 soli,
314 3074 39 19 des
366 3077 107 21 passages
486 3073 60 21 dialo-

61 3100 55 24 gues,
132 3100 81 23 parfois
228 3104 52 17 avec
294 3101 84 21 chœur,
393 3102 39 20 des
447 3102 99 21 mélodra-

61 3132 41 17 mes
115 3129 115 20 soutenant
246 3130 21 20 la
281 3128 154 27 déclamation,
449 3131 105 24 quelques

60 3155 80 21 eliœurs
155 3157 13 20 à
184 3156 115 21 l'unisson.

82 3183 26 21 Le
125 3184 55 24 style
199 3189 56 16 nous
273 3190 14 16 a
307 3190 53 21 paru
378 3191 24 16 se
421 3187 133 25 rapprocher

61 3213 23 22 de
95 3213 54 20 celui
162 3213 27 21 de
204 3213 123 27 Honegger.
343 3215 15 20 Il
372 3216 34 20 est
419 3220 29 16 un
464 3220 41 21 peu
519 3216 27 21 hé-

61 3241 68 21 sitant.
146 3242 27 21 Le
189 3242 93 25 premier
297 3244 133 25 monologue
443 3244 112 22 d'Hécube

61 3270 29 19 est
107 3272 148 23 accompagné
282 3271 58 21 dans
365 3272 22 20 la
415 3273 98 20 manière
533 3273 21 20 la

62 3297 43 24 plus
118 3298 111 28 moderne,
243 3300 73 20 tandis
329 3299 69 27 qu'un
412 3300 53 26 long
479 3306 69 16 mono-

63 3325 57 25 logue
131 3326 184 28 d'Andromaque.
330 3334 28 16 au
371 3329 115 21 deuxième
499 3331 56 23 acte,

577 2106 152 21 franchement
748 2105 122 27 mélodique
888 2107 22 20 et
929 2105 149 26 accompagné

577 2140 41 21 par
636 2139 30 16 un
684 2134 75 21 dessin
777 2134 156 21 instrumental
953 2134 125 26 persistant,

578 2164 78 22 tourne
675 2163 152 21 franchement
844 2167 14 19 à
874 2163 97 22 l'arioso.

602 2192 73 21 Parmi
694 2193 32 21 les
743 2192 136 25 interprètes,
897 2192 71 21 citons
986 2197 28 15 en
1033 2197 38 21 pre-

577 2221 68 21 mière
663 2221 58 25 ligne
740 2221 50 21 Mlle
809 2221 33 21 Isa
860 2221 66 25 Carli,
943 2222 36 25 qui
996 2221 83 21 chanta

577 2250 20 21 le
613 2250 46 22 rôle
674 2250 118 25 d'Hécube,
809 2251 43 20 très
868 2252 82 23 ingrat,
966 2250 67 21 d'une
1050 2250 21 21 fa-

577 2283 43 21 çon
635 2279 43 20 très
692 2278 132 26 pathétique,
839 2284 52 15 avec
906 2283 43 16 une
963 2280 49 20 voix
1027 2279 44 21 réel-

578 2307 81 21 lement
676 2307 136 26 magnifique
828 2308 22 20 et
866 2308 50 20 bien
932 2308 78 26 stylée;
1026 2308 45 21 mal-

578 2336 176 24 heureusement,
776 2340 29 17 on
827 2336 21 20 la
869 2336 137 26 comprenait
1027 2337 52 21 mal.

579 2363 51 23 Mlle
649 2364 67 22 Paule
734 2365 138 21 Constantini
893 2366 119 25 interpréta
1031 2367 42 25 éga-

579 2393 81 20 lement
675 2393 44 21 fort
733 2393 50 21 bien
797 2393 21 23 le
832 2394 47 21 rôle
893 2394 187 26 d'Andromaque.

604 2421 84 21 Encore
701 2426 42 16 une
756 2426 116 22 remarque
885 2427 28 16 au
927 2423 61 25 point
1000 2423 28 21 de
1040 2428 41 16 vue

578 2450 39 21 des
628 2450 154 21 mélodrames.
795 2451 35 22 On
841 2452 43 20 sait
894 2452 67 25 qu'en
973 2452 42 25 soi,
1026 2453 56 21 cette

581 2478 69 21 forme
664 2479 68 23 (créée
747 2484 39 21 par
798 2480 156 25 Jean-Jacques
968 2481 114 21 Rousseau

580 2511 53 19 avec
648 2515 10 11 «
674 2507 129 25 Pygmalion
819 2517 17 17 »,
851 2509 82 25 reprise
946 2513 29 16 en
989 2509 85 22 Allema-

581 2540 43 21 gne
644 2540 41 21 par
706 2535 75 23 Benda
800 2542 53 18 avec
875 2546 9 10 «
906 2537 80 21 Ariane
1006 2540 14 20 à
1041 2539 42 20 Na-

582 2568 41 16 xos
636 2564 18 23 ■»)
667 2564 34 20 est
714 2565 160 25 pratiquement
885 2565 148 24 défavorable.
1048 2567 34 21 On

580 2596 29 17 ne
622 2594 53 23 peut
686 2592 74 21 suivre
773 2593 182 26 intelligemment
968 2597 15 19 à
996 2595 21 21 la
1033 2596 50 25 fois,

582 2619 22 21 la
622 2620 147 21 déclamation
796 2623 22 19 et
844 2622 21 21 Ca
892 2623 107 25 musique.
1026 2623 58 22 C'est

582 2652 87 17 comme
687 2650 18 19 si
724 2648 45 22 l'on
787 2654 56 17 nous
862 2650 128 22 demandait
1007 2653 27 21 de
1052 2657 23 16 re-

584 2677 81 25 garder
681 2678 12 20 à
711 2677 21 21 la
750 2677 41 22 fois
808 2680 13 19 à
838 2679 70 21 droite
923 2682 21 19 et
961 2682 14 19 te
991 2681 84 25 gauche

583 2704 30 21 Le
631 2706 57 20 texte
705 2706 61 20 étant
783 2706 26 21 ici
827 2707 20 20 le
867 2708 113 26 principal,
998 2710 21 20 la
1037 2714 36 16 mu

582 2733 63 25 slque
657 2738 27 17 ne
697 2736 50 23 peut
758 2735 45 20 être
814 2735 82 26 qu'une
907 2738 59 20 sorte
978 2737 27 21 de
1018 2738 65 20 fonds

581 2765 86 20 sonore.
690 2762 57 20 C'est
766 2763 48 20 dire
833 2764 79 25 qu'elle
939 2765 46 20 doit
1013 2767 70 20 rester

579 2789 100 23 discrète.
710 2790 83 25 Malgré
813 2791 148 26 l'application
982 2794 100 21 évidente

578 2816 40 21 des
640 2817 193 26 instrumentistes,
853 2824 25 16 ce
898 2826 28 16 ne
948 2821 32 21 fut
1001 2827 40 20 pas
1061 2823 20 21 le

577 2849 39 16 cas
631 2845 56 21 celte
703 2845 76 22 fois-ci.
795 2847 33 20 Du
844 2848 46 21 rôle
905 2848 27 22 de
948 2850 132 26 Cassamlre,

578 2872 95 21 vociféré
688 2876 94 20 (comme
797 2875 14 20 il
826 2877 124 24 convenait)
967 2883 40 20 par
1023 2879 58 22 Mme

579 2899 72 23 Léane
668 2901 67 22 d'une
754 2903 48 20 voix
823 2905 124 24 cependant
965 2906 116 26 éclatante,

577 2933 31 17 on
629 2933 28 17 ne
678 2931 93 25 comprit
792 2937 92 21 presque
904 2934 53 22 rien.
981 2934 100 24 L'artisle

579 2958 73 20 aurait
664 2959 47 20 tout
722 2964 29 16 au
763 2960 73 22 moins
848 2962 28 19 dû
890 2963 61 21 venir
964 2966 13 20 à
988 2963 93 23 l'avant-

579 2986 73 25 scène,
664 2987 57 22 mais
733 2987 182 27 l'empêchement
928 2991 106 27 principal
1048 2999 25 16 ve-

578 3015 48 20 nait
649 3016 148 22 évidemment
819 3018 28 22 de
870 3018 211 25 l'instrumentation

579 3048 56 20 pour
649 3044 144 23 instruments
807 3050 13 20 à
833 3047 87 22 souffle.
934 3047 31 22 La
978 3050 50 20 voix
1042 3050 30 21 hu-

579 3073 74 20 maine
667 3072 55 24 lutte
737 3074 151 23 difficilement
902 3077 76 21 contre
993 3079 39 22 des
1048 3083 26 17 or-

579 3105 70 21 ganes
661 3102 121 22 constitués
795 3105 13 20 à
823 3109 41 20 peu
878 3106 50 25 près
940 3111 87 19 comme
1039 3108 41 21 elle

579 3129 47 24 (des
638 3130 98 28 anches),
751 3132 123 25 dégageant
886 3134 40 21 des
940 3135 90 22 timbres
1044 3137 36 25 qui

579 3158 29 20 lui
623 3160 52 19 sont
688 3162 140 23 apparentés.

603 3187 30 20 Le
646 3190 77 20 succès
739 3189 31 21 fut
784 3190 31 20 vif
828 3191 22 20 et
865 3191 43 21 l'on
925 3193 51 25 peut
991 3192 90 23 féliciier

579 3215 29 24 M.
632 3217 25 22 A.
681 3216 92 27 Lepage.
795 3218 233 25 directeur-fondateur
1051 3222 29 21 du

579 3244 117 28 Rataillon,
718 3247 27 20 de
765 3247 56 23 cette
842 3247 146 25 intéressante
1009 3249 62 23 initia-

580 3271 50 24 tive.

605 3301 46 22 Une
664 3304 101 21 nouvelle
778 3305 173 25 représentation
964 3313 50 15 sera
1028 3307 44 21 don-

579 3330 42 21 née
636 3330 61 21 lundi
714 3330 52 26 soir.
990 3336 24 21 E.
1034 3336 22 21 C.

58 3369 1020 32 lilllllllllillllllllllllllllllillllllllllllllllllllllllllMIIIIIIIIIIIIIMIIIIIIIIIIIIIIIIIIIIIIIIIIIIIII

62 3416 156 62 Parmi
266 3441 90 38 nos
404 3419 197 62 Cercles
644 3419 132 63 d'Ar
777 3433 22 50 t
849 3423 234 64 Ihéâtral

372 3533 389 50 L'Etincelle

89 3630 29 22 Kn
138 3632 57 20 19-21
217 3633 36 20 fut
275 3633 67 20 fondé
361 3633 14 20 à
394 3634 119 21 Bruxelles
531 3635 23 19 le

62 3660 66 21 cercle
147 3661 58 21 d'art
225 3661 98 21 théâtral
344 3670 9 9 «
376 3662 135 22 L'Etincelle
534 3671 20 13 •.

61 3686 15 21 Il
90 3690 101 25 groupait
205 3694 45 16 une
265 3691 73 20 bande
354 3691 28 20 de
398 3692 49 25 gais
463 3693 22 19 et
500 3692 41 25 jeu-

62 3720 35 16 nes
114 3719 54 19 amis
187 3718 31 20 du
238 3718 87 22 thé&tre
344 3720 45 25 qui,
407 3724 46 21 peu
470 3719 14 21 à
501 3724 52 22 peu,

62 3744 156 22 l'affirmèrent
240 3751 86 17 comme
347 3747 60 22 l'une
427 3749 40 20 des
488 3748 66 21 mell-

122 4616 125 22 COSTVilE
267 4618 36 21 DE
321 4619 166 21 MALBROUCK

76 4669 58 21 «lires
153 4671 97 22 sociétés
269 4673 153 27 dramatiques
442 4675 31 21 du
491 4679 64 22 pays.

95 4693 140 34 Réimportant
260 4701 94 22 d'année
379 4707 27 17 en
432 4704 71 20 année
528 4703 27 21 de

73 4722 104 25 "•ouveaux
203 4728 82 20 succès
310 4729 56 22 dans
392 4730 34 21 les
453 4731 102 21 tournois

72 4751 138 28 Provinciaux,
226 4756 68 25 grâce
310 4758 14 20 à
338 4758 22 21 la
375 4759 57 21 mise
447 4764 29 17 au
493 4761 64 25 point

73 4780 21 16 M
106 4779 58 24 leurs
181 4784 128 26 spectacles
326 4790 23 20 et
365 4787 14 21 à
395 4788 160 26 l'intelligence

73 4807 21 20 oe
115 4807 47 24 leur
187 4812 70 25 régie,
284 4812 34 21 les
347 4819 153 23 compagnons
528 4817 28 21 de

93 4834 122 27 "Etincelle
233 4847 10 11 »
260 4851 32 4 —
306 4841 48 21 l'un
369 4843 41 21 des
425 4849 64 16 rares
505 4850 38 16 cer-

73 4862 39 21 tes
127 4867 35 24 qui
177 4868 104 26 publient
298 4873 31 17 un
345 4870 95 23 bulletin
457 4873 100 26 régulier

581 3635 42 24 (ou
638 3636 112 25 presque)
770 3635 98 22 relatant
884 3637 50 21 leur
950 3638 91 21 activité
1048 3649 34 4 —

578 3665 40 20 ont
632 3664 148 25 aujourd'hui
794 3665 14 20 à
822 3665 50 21 leur
888 3666 125 26 répertoire
1028 3667 52 26 plus

578 3692 27 21 de
623 3695 53 18 cent
691 3697 98 18 œuvres.
807 3693 29 21 Et
852 3694 57 20 dans
926 3694 21 22 ie
966 3695 81 26 temps,
1065 3695 15 21 il

577 3724 28 17 en
639 3723 33 18 est
705 3720 115 28 beaucoup
852 3722 163 23 d'excellentes.
1048 3723 24 22 Ci-

578 3749 52 19 tons
644 3753 7 17 ;
666 3750 51 20 tout
733 3754 31 16 un
781 3749 63 26 cycle
861 3750 114 22 d'œuvres
992 3752 28 20 de
1037 3752 31 20 La-

577 3776 66 22 biche
665 3778 23 22 (s,
709 3778 43 20 Les
769 3778 88 21 Petites
873 3779 74 21 Mains
967 3788 20 16 «,
1006 3788 10 9 «
1036 3780 44 21 Les

577 3804 114 21 Vivacités
712 3806 30 20 du
763 3806 115 27 Capitaine
900 3808 41 20 Tic
961 3815 19 17 »,
1003 3815 11 11 .
1036 3808 45 21 Les

577 3833 74 22 Petits
667 3833 99 21 Oiseaux
784 3841 19 18 »,
822 3843 9 10 ,,
849 3835 32 21 Le
897 3836 91 26 Voyage
1004 3837 28 21 de
1048 3837 32 21 M.

577 3861 126 22 Perrichon
720 3862 36 25 »),
773 3870 10 10 »
801 3863 102 22 L'Heure
919 3864 31 21 du
965 3864 87 27 Berger
1068 3873 10 10 »

577 3889 64 22 d'Ed.
668 3890 109 25 Bourdet,
807 3899 10 10 «
846 3892 44 21 Les
918 3892 108 22 Chevaux
1052 3894 28 20 de

577 3917 53 21 Bois
653 3925 12 12 ».
689 3918 84 22 d'A.-J.
795 3920 96 21 Antoine
915 3922 23 20 et
960 3921 31 21 M.
1014 3922 66 25 Léry,

579 3953 10 10 s.
610 3946 32 21 Le
659 3946 59 21 Duel
739 3955 9 10 »
770 3948 27 21 de
816 3948 112 25 Lavedan,
949 3957 10 11 »
979 3950 33 21 La
1029 3950 37 21 Me-

577 3979 56 15 nace
649 3981 10 11 »
673 3975 28 21 de
715 3975 77 21 Pierre
806 3976 118 25 Frondaie,
942 3985 9 10 -s
966 3978 44 21 Les
1024 3979 42 20 Frè-

577 4006 38 17 res
629 4003 139 21 Karamazov
783 4011 11 11 »
810 4005 29 20 de
854 4004 74 23 Croué
943 4007 23 20 et
980 4006 98 27 Copeau,

579 4037 10 10 «
604 4030 32 21 La
648 4031 109 22 Dernière
771 4032 99 22 Victoire
886 4041 9 10 »
912 4034 27 21 de
955 4034 25 21 G.
994 4035 85 26 Rency,

579 4065 10 10 *
613 4059 46 20 Les
679 4059 172 28 Romanesques
876 4070 10 10 »
910 4063 87 22 d'Edm.
1020 4063 46 21 Ros-

578 4085 61 25 tand,
657 4094 9 10 «
684 4088 32 21 La
730 4088 131 23 Châtelaine
877 4090 27 23 de
920 4090 129 23 Shenstone
1067 4100 10 10 »

577 4114 98 21 d'André
691 4116 88 25 Blsson,
798 4125 10 10 «
825 4118 32 20 La
871 4118 90 22 Femme
978 4120 70 21 fatale
1067 4128 10 10 »

577 4143 28 21 de
631 4143 118 25 Birabeau,
778 4152 9 11 «
815 4146 132 22 Prisonnier
973 4149 28 21 de
1026 4153 54 16 mon

577 4171 66 21 Cœur
665 4179 10 11 »
699 4172 27 22 de
747 4173 81 22 Marcel
861 4175 87 25 Espaux
975 4177 22 20 et
1029 4177 43 21 Cor-

577 4198 81 26 deaux,
676 4207 10 11 «
704 4201 49 20 Aux
767 4202 91 21 Jardins
874 4204 28 19 de
917 4204 87 22 Murcie
1023 4213 10 10 »
1050 4205 28 21 de

577 4227 71 26 Feluy
662 4233 16 20 y
694 4228 91 25 Codlna,
805 4238 10 10 «
833 4231 97 22 Martine
948 4240 9 10 »
976 4233 28 21 de
1021 4233 58 21 J.-J.

577 4255 109 25 Bernard,
700 4264 9 10 «
724 4257 43 20 Les
778 4258 114 22 Jumeaux
903 4261 28 20 de
944 4261 111 26 Brighton
1067 4270 9 10 »

577 4284 27 20 de
620 4284 91 21 Tristan
729 4285 106 25 Bernard,
854 4295 10 10 «
881 4288 44 21 Les
941 4289 138 21 Marchands

577 4312 28 20 de
620 4311 75 22 Gloire
713 4320 9 10 »
738 4313 28 21 de
780 4314 87 25 Pagnol
882 4317 23 19 et
918 4316 87 25 Nlvoix,
1022 4326 11 10 «
1048 4319 32 20 La

577 4339 92 22 Guitare
690 4342 23 20 et
733 4341 20 22 le
774 4342 114 22 Jazzband
909 4352 10 10 »
941 4346 27 21 de
988 4346 90 21 Duvcr-

576 4367 58 25 nols,
657 4376 9 9 «
688 4368 76 22 Parmi
785 4369 33 22 les
839 4372 67 26 loups
930 4381 9 9 ,,
962 4374 27 21 de
1012 4374 66 22 G.-G.

576 4396 131 25 Toudouze,
725 4399 44 19 etc.

609 4424 146 23 Concourant
775 4431 60 21 pour
854 4428 23 20 la
898 4434 72 21 coupe
978 4435 6 6 •
993 4431 85 21 offerte

576 4456 41 21 par
629 4452 21 22 le
662 4453 41 21 Roi
715 4459 45 15 aux
772 4455 98 21 sociétés
883 4457 155 26 dramatiques
1051 4459 27 21 de

577 4480 82 26 langue
688 4482 121 26 française,
838 4483 15 21 1'
864 4491 10 10 «
885 4484 110 23 Etincelle
1026 4495 9 10 »
1066 4492 14 16 a

577 4508 74 21 donné
664 4510 139 26 récemment
815 4512 14 20 à
842 4513 22 20 la
876 4513 56 21 salle
945 4514 78 21 Patria
1034 4520 44 16 une

579 4537 124 23 excellente
724 4539 184 26 représentation
931 4542 28 22 de
986 4550 8 10 '
1020 4543 59 21 Mal-

577 4564 88 21 brouck
677 4567 50 20 s'en
739 4569 94 20 va-t-en
846 4574 83 21 guerre
944 4578 20 17 »,
977 4571 22 21 la
1011 4571 56 21 char-

578 4594 75 22 mante
666 4594 105 23 fantaisie
785 4597 27 20 de
825 4597 87 21 Marcel
923 4599 98 22 Achard.
1033 4599 34 21 Dé-

578 4626 61 20 cors,
652 4623 124 25 costumes,
788 4625 41 25 Jeu
841 4626 42 20 des
896 4627 92 21 acteurs
1002 4628 78 21 furent

579 4649 47 22 fort
641 4651 126 25 applaudis,
782 4654 24 20 et
821 4658 25 16 ce
861 4654 37 21 fut
911 4655 94 26 Justice.

610 4677 24 21 L'
646 4686 10 10 s,
667 4679 110 21 Etincelle
810 4688 10 11 »
853 4686 35 21 est
918 4683 163 22 actuellement

578 4706 104 26 présidée
700 4713 41 21 par
757 4709 32 22 M.
806 4709 77 22 Pierre
903 4712 46 21 Van
967 4712 113 21 Beneden.

578 4734 31 21 sM.
630 4735 80 21 Daniel
731 4736 112 27 Régnier»,
849 4745 28 16 en
898 4740 37 21 est
956 4740 125 27 régisseur.

578 4762 56 22 MM.
653 4764 71 21 Franz
741 4765 116 26 Dezwaef,
875 4767 86 26 Riekal,
979 4769 102 26 Frisque,

578 4790 119 26 Joachain,
723 4793 118 26 Gerlache,
865 4796 87 21 Marcel
977 4797 104 25 Antoine,

581 4820 44 21 otc.
657 4822 53 21 sont
740 4821 35 22 les
806 4824 134 26 principaux
971 4825 111 22 éléments

579 4848 68 25 grâce
666 4851 111 24 auxquels
795 4856 39 16 ces
850 4852 104 22 heureux
971 4854 111 21 résultats

580 4877 40 20 ont
633 4881 32 22 pu
681 4878 49 21 être
745 4879 105 22 obtenus.
984 4883 26 21 A.
1024 4884 25 19 c.

864 4928 135 46 w<v

1150 734 67 38 Le
1239 732 340 39 bi=centenaire
1596 730 59 38 de
1677 729 167 47 Haydn

2017 728 242 37 Invitation
2283 728 29 36 à
2341 724 47 40 la
2407 726 133 39 valse

108 5603 37 23 "o.
156 5604 31 22 du
199 5608 23 21 Se
235 5611 49 20 acte
297 5612 28 21 de
337 5620 11 11 .
362 5613 132 23 Malbroiick
506 5616 49 20 s'en
572 5616 92 21 va-t-en
674 5621 83 21 guerre
769 5625 11 11 »
792 5618 81 23 réalisé
882 5622 192 26 pour.VEtinçelle

414 5647 44 23 fat
471 5644 30 22 lt.
515 5645 80 25 Daniel
608 5646 103 25 Régnier,

1164 1820 34 20 Un
1219 1819 108 21 excellent
1340 1819 93 24 porlrait
1449 1819 28 20 tie
1492 1818 102 20 l'illustre
1609 1817 108 21 musicien
1733 1818 53 21 dont
1802 1822 29 15 on

1163 1849 45 24 fêle
1232 1848 158 21 actuellement
1407 1848 91 24 partout
1526 1848 19 19 le
1571 1847 158 20 bi-cenlenairc
1755 1848 27 20 de
1810 1847 22 20 la

1434 1876 124 20 naissance.

1930 1816 31 20 M.
1976 1816 90 25 Edgard
2082 1817 28 19 dc
2127 1815 125 25 Ghistelles,
2267 1816 37 19 1er
2318 1817 98 18 danseur
2430 1817 14 18 a
2459 1817 20 18 la
2494 1814 109 22 Monnaie,

1933 1844 20 21 et
1966 1844 53 21 Mlle
2031 1845 98 25 Querlaa
2155 1844 148 25 interprétant
2328 1845 15 20 V
2365 1852 9 10 »
2396 1844 118 20 Incitation
2540 1844 13 20 à
2582 1843 22 20 lu

2232 1873 61 21 valse
2310 1881 17 16 »,

1100 1924 1555 26 IIIIIIIIIIIIlilllllllllllllllllllIMMIIIIIIIIIIIIIIIIIIIIIIIIIIIIIIIIIIIIIIIIIIIIIUIIIIIIIIIIIIIIIIIIIIIIIIIIIIMIIIMIIIIIIMIIIIIinillllllMIIIIIIIIIIII!

1756 1980 79 97 E
1906 1978 181 99 DE
2162 1978 487 97 HAYDN

1835 2100 83 21 T,g*Ê"

1123 2150 31 21 On
1172 2151 42 20 sait
1232 2150 65 26 quête
1315 2151 89 20 avatars
1420 2150 145 26 compliquée,
1582 2151 21 20 et

1098 2183 44 17 non
1159 2183 79 19 encore
1256 2179 145 21 entièrement
1419 2180 107 23 éclaircis,
1544 2180 60 20 subit

1099 2209 20 20 le
1137 2213 67 16 crâne
1224 2209 27 20 de
1272 2208 130 21 Beethoven.
1423 2209 83 20 Vienne
1528 2209 36 21 fut
1583 2210 20 19 la

1099 2237 70 26 patrie
1188 2238 27 19 de
1234 2237 55 25 Gall,
1308 2238 21 19 et
1347 2238 97 20 l'intérêt
1459 2238 85 21 suscité
1564 2242 40 22 par

1101 2268 20 20 [a
1135 2267 98 20 création
1249 2267 60 20 toute
1325 2266 88 21 récente
1430 2267 27 20 de
1473 2267 20 20 ia
1510 2267 95 26 phréno-

1100 2296 57 25 logie
1175 2296 86 20 mettait
1280 2296 64 23 (c'est
1360 2296 21 20 le
1398 2300 38 17 cas
1455 2296 27 20 de
1500 2297 20 19 le
1537 2297 57 22 direj

1100 2325 32 20 les
1162 2325 56 20 têtes
1247 2325 14 20 à
1289 2325 103 20 l'envers.
1421 2325 41 20 Les
1490 2326 114 20 amateurs

1100 2354 82 20 étaient
1200 2355 13 19 à
1231 2354 76 23 l'affût
1327 2354 39 20 des
1385 2355 79 19 crânes
1481 2355 124 20 d'hommes

1101 2383 106 23 célèbres,
1225 2384 23 19 et
1264 2388 29 15 au
1310 2384 44 20 lieu
1370 2383 27 21 de
1415 2384 80 25 perdre
1513 2384 21 19 la
1555 2384 50 23 tête,

1101 2417 85 16 comme
1206 2412 151 26 aujourd'hui,
1376 2413 98 25 pendant
1493 2412 51 20 leur
1563 2413 42 23 vie,

1102 2442 33 20 les
1154 2441 84 26 grands
1258 2442 101 20 hommes
1386 2442 30 20 du
1435 2443 72 24 temps
1533 2442 61 20 atten-

1101 2471 75 20 daient
1190 2476 57 20 pour
1263 2475 24 16 ce
1304 2470 55 21 faire
1376 2470 49 21 leur
1440 2470 89 20 dernier
1546 2475 48 16 som-

1102 2499 59 21 meil.

1126 2529 59 21 C'est
1201 2533 25 16 ce
1242 2529 38 25 qui
1298 2529 66 20 faillit
1379 2529 85 19 arriver
1480 2529 13 19 à
1509 2529 81 19 Beetho-

1102 2562 49 17 ven.
1164 2558 101 20 Aussitôt
1279 2558 66 25 après
1361 2557 21 20 la
1397 2558 57 19 mort
1473 2557 30 20 du
1519 2558 86 22 maître,

1103 2587 146 20 l'anatomiste
1281 2587 98 25 Wagner
1403 2587 59 19 avait
1492 2586 113 20 sectionné

1102 2620 41 16 son
1160 2616 67 20 crâne
1245 2617 22 19 et
1282 2620 26 15 en
1325 2615 59 20 avait
1401 2615 88 25 prélevé
1508 2616 96 19 certains

1103 2649 95 21 organes
1217 2646 36 24 qui
1273 2644 76 20 furent
1367 2644 94 25 déposés
1479 2648 30 16 au
1528 2644 76 20 Musée

1103 2673 198 26 anthropologique
1325 2673 27 20 de
1375 2672 89 24 Vienne,
1497 2673 52 20 d'où
1577 2673 28 20 ils

1102 2703 143 25 disparurent
1265 2702 215 25 mystérieusement.
1507 2701 98 26 Lorsque

1102 2732 34 19 les
1153 2732 70 19 restes
1243 2731 27 22 de
1289 2731 122 20 Beethoven
1431 2731 77 20 furent
1535 2731 59 20 exhu-

1102 2760 47 19 més
1167 2764 56 22 pour
1239 2760 21 20 la
1276 2760 107 25 première
1402 2759 49 24 fois,
1467 2764 26 16 en
1513 2760 53 23 1863,
1584 2760 20 20 le

1102 2793 66 15 crâne
1188 2788 34 21 fut
1242 2789 103 20 retrouvé
1365 2793 26 15 en
1412 2788 113 26 plusieurs
1546 2793 49 16 mor-

1101 2821 71 16 ceaux
1193 2818 22 19 et
1238 2818 42 19 l'on
1309 2818 100 20 constata
1438 2817 114 22 l'absence,
1577 2818 28 20 de

1100 2846 96 20 certains
1215 2845 132 26 fragments.
1366 2847 28 19 La
1413 2846 84 27 relique
1517 2847 34 20 fut
1570 2852 24 16 re-

1101 2875 123 20 constituée
1247 2875 22 20 et
1287 2876 25 19 A.
1334 2875 123 20 Wittmann
1478 2881 26 15 en
1527 2876 26 20 fit
1574 2880 30 16 un

1100 2903 103 25 moulage
1223 2903 53 20 dont
1294 2905 19 20 la
1333 2904 160 26 photographie
1510 2905 34 20 est
1562 2909 43 21 peu

1100 2936 94 17 connue.
1213 2932 100 26 L'aspect
1332 2937 27 16 ne
1383 2933 100 26 rappelle
1508 2938 43 21 que
1577 2934 28 20 de

1101 2960 44 21 loin
1160 2961 20 21 le
1192 2965 93 22 masque
1299 2961 45 21 très
1358 2962 101 26 répandu
1473 2962 27 22 de
1514 2963 81 20 Beetho-

1100 2994 49 20 ven,
1167 2990 155 21 confectionné
1340 2991 88 26 d'après
1453 2996 30 16 un
1502 2992 102 26 moulage

1100 3019 102 26 pratiqué
1218 3024 42 21 par
1272 3019 62 21 Klein
1350 3020 30 20 du
1396 3021 76 20 vivant
1486 3021 71 20 même
1575 3021 30 20 du

1104 3049 86 27 maître,
1204 3053 27 16 en
1246 3049 54 22 1812.
1316 3050 42 20 Des
1371 3049 78 22 doutes
1462 3054 28 16 ne
1503 3055 46 16 sen
1564 3050 33 21 éle-

1100 3076 78 21 vèrent
1194 3081 40 22 pas
1252 3077 72 20 moins
1338 3082 43 16 sur
1397 3078 160 21 l'authenticité
1574 3079 30 20 du

1101 3106 73 23 crâne,
1195 3106 79 20 doutes
1291 3106 101 26 justifiés
1411 3112 42 21 par
1473 3108 39 20 des
1532 3108 73 20 offres

1101 3134 102 27 d'argent
1225 3135 64 21 faites
1310 3140 29 15 au
1361 3136 120 25 fossoyeur
1502 3141 58 22 pour
1580 3137 15 20 li-

1099 3168 54 16 vrer
1163 3165 21 20 la
1196 3164 84 26 relique
1293 3165 22 20 et
1325 3165 38 25 qui
1376 3165 116 21 incitèrent
1504 3166 101 20 Gerhard

1626 2154 42 16 von
1682 2150 112 26 Brcuning
1807 2150 14 20 à
1834 2149 55 20 faire
1903 2148 119 21 surveiller
2037 2149 20 20 la
2071 2149 45 20 tom-

1626 2180 25 20 be
1671 2180 96 26 pendant
1783 2179 112 26 plusieurs
1909 2177 68 24 nuits.

1650 2209 114 21 L'histoire
1777 2209 31 20 du
1820 2208 65 20 crâne
1898 2207 26 20 de
1937 2207 79 25 Haydn
2029 2208 34 19 est
2077 2208 51 25 plus

1626 2238 181 20 extraordinaire.

1651 2267 30 20 En
1702 2267 53 24 1820,
1774 2267 28 20 -le
1828 2266 74 26 prince
1928 2265 128 26 Esterhazy,
2074 2265 14 21 &
2107 2265 21 20 ta

1626 2296 85 20 maison
1726 2296 82 26 duquel
1823 2296 19 19 ie
1856 2294 150 26 compositeur
2022 2295 53 20 était
2090 2295 27 20 de-

1627 2325 76 21 meuré
1721 2325 172 21 nominalement
1911 2323 87 21 attaché
2026 2328 41 22 par
2084 2327 44 17 une

1626 2355 62 20 rente
1705 2359 43 21 que
1766 2355 29 19 lui
1812 2353 82 20 servait
1910 2353 20 20 le
1947 2353 137 20 descendant
2101 2353 27 20 de

1627 2388 37 16 ses
1683 2384 91 19 anciens
1794 2383 97 23 maîtres,
1913 2381 78 21 décida
2011 2382 119 20 d'honorer

1627 2412 66 21 d'une
1715 2412 64 25 façon
1801 2410 140 27 particulière
1969 2411 92 20 l'artiste
2090 2411 38 26 qui

1626 2442 59 19 avait
1695 2441 87 20 illustré
1793 2445 24 16 sa
1830 2440 107 26 chapeJe.
1948 2439 18 21 11
1980 2439 27 21 fit
2019 2440 99 20 construi-

1628 2475 23 15 re
1671 2475 31 15 un
1724 2470 113 20 mausolée
1858 2470 13 20 â
1891 2469 126 20 Eisenstadt
2037 2474 58 21 pour
2115 2474 15 21 y

1628 2499 95 25 déposer
1749 2499 32 20 les
1808 2499 71 20 restes
1905 2498 27 20 de
1956 2498 87 25 Haydn.
2074 2499 56 20 Mais

1626 2528 85 25 grande
1727 2528 36 21 fut
1774 2532 27 16 sa
1814 2527 99 26 surprise
1927 2527 98 26 lorsque,
2039 2527 20 20 la
2074 2528 44 20 tom-

1627 2557 26 20 be
1671 2557 38 25 qui
1730 2557 79 25 depuis
1827 2561 53 16 onze
1898 2561 42 15 ans
1959 2556 112 21 contenait
2097 2557 32 19 les

1627 2586 70 20 restes
1716 2587 69 24 ayant
1803 2585 34 21 été
1855 2585 98 24 ouverte,
1971 2589 28 16 on
2019 2590 13 21 y
2051 2586 79 19 trouva

1627 2614 20 20 le
1658 2615 110 25 squelette
1778 2615 77 20 revêtu
1868 2615 26 21 de
1905 2619 36 16 ses
1951 2614 82 24 habits,
2044 2615 21 20 la
2077 2619 40 21 per-

1628 2647 78 22 ruque,
1722 2653 26 5 —
1766 2644 56 20 mais
1839 2648 44 15 non
1901 2643 19 20 le
1937 2643 74 20 crâne.
2027 2643 61 21 Voici
2105 2647 25 19 ce

1627 2672 36 25 qui
1680 2672 73 21 s'était
1770 2673 66 26 passé
1857 2677 7 16 :

1651 2701 112 25 Quelques
1784 2702 64 25 jours
1869 2701 66 26 après
1956 2701 174 23 l'enterrement,

1627 2735 31 17 un
1673 2731 83 19 certain
1773 2730 146 25 Rosenbaum,
1933 2730 120 22 secrétaire
2068 2730 63 21 d'Es-

1628 2758 97 26 terhazy,
1742 2759 21 20 et
1778 2764 30 16 un
1825 2759 87 21 nommé
1928 2760 72 23 Peter,
2018 2760 113 20 directeur

1627 2788 27 20 de
1669 2788 21 21 la
1703 2788 86 20 maison
1802 2789 27 20 de
1841 2789 122 20 correction
1977 2788 28 21 de
2018 2789 21 20 la
2052 2789 78 20 Basse-

1626 2817 112 23 Autriche,
1753 2817 50 21 tous
1818 2818 60 20 deux
1893 2818 92 26 adeptes
2001 2818 27 22 de
2044 2818 48 20 Gall
2109 2818 22 20 ct

1629 2845 164 28 phrénologues
1813 2847 140 23 convaincus,
1980 2846 152 26 soudoyèrent

1628 2875 19 20 le
1660 2875 121 25 fossoyeur
1794 2875 95 24 (comme
1900 2880 29 16 on
1941 2875 75 21 TaVafl
2028 2875 41 21 fait
2081 2875 50 26 sept

1628 2908 40 16 ans
1694 2904 52 26 plus
1771 2904 50 20 tard
1845 2908 57 22 p$ur
1924 2904 145 24 Beethoven),
2092 2904 38 26 qui

1627 2932 50 21 leur
1689 2933 56 20 livra
1757 2932 21 21 la
1791 2933 45 21 tête
1847 2933 27 20 de
1886 2933 86 25 Haydn.
1983 2933 61 21 Pour
2055 2934 75 19 mieux

1627 2962 60 20 celer
1704 2962 50 20 leur
1770 2962 77 24 larcin,
1863 2961 27 21 ils
1908 2963 80 20 eurent
2004 2963 46 20 soin
2070 2962 49 20 d'en-

1628 2991 60 20 fouir
1701 2991 56 20 cette
1770 2991 44 20 tête
1828 2991 55 21 dans
1897 2991 20 21 le
1930 2991 74 26 jardin
2018 2991 27 21 de
2058 2991 73 24 Peter,

1628 3020 13 20 à
1664 3019 165 26 Léopoldstadt.
1849 3020 141 24 Néanmoins,
2018 3021 20 20 la
2061 3020 70 26 police

1628 3049 37 20 eut
1681 3049 52 21 vent
1751 3049 27 21 de
1795 3048 102 25 l'affaire,
1914 3050 32 20 les
1962 3050 59 22 deux
2038 3050 82 25 compli-

1628 3083 36 15 ces
1686 3078 77 21 furent
1783 3078 127 26 poursuivis
1930 3079 21 20 et
1978 3079 97 20 sommés
2104 3078 27 21 de

1629 3108 105 19 restituer
1755 3107 21 20 la
1797 3107 92 26 relique.
1909 3107 56 21 Mais
1985 3108 28 20 ils
2035 3108 96 20 tenaient

1628 3137 13 20 à
1659 3144 9 9 «
1688 3136 76 26 l'objet
1780 3144 9 10 »
1808 3137 21 20 et
1848 3136 27 21 ils
1894 3137 114 21 rendirent
2026 3141 29 16 un
2076 3137 55 20 faux

1628 3166 73 23 crâne,
1715 3170 32 16 un
1764 3173 9 10 «
1788 3166 74 20 ersatz
1876 3173 19 14 ».
1910 3165 52 22 Vint
1976 3170 57 22 pour
2048 3166 83 20 Rosen¬

2150 2149 66 19 baum
2235 2148 84 20 l'heure
2335 2147 108 24 dernière,
2460 2148 74 24 espoir
2549 2147 107 26 suprême

2150 2178 39 20 des
2211 2177 67 26 juges
2301 2177 163 20 d'instruct.on.
2492 2176 16 20 Il
2539 2177 65 25 légua
2635 2179 20 17 il

2155 2207 59 25 pièce
2233 2205 143 27 authentique
2395 2210 13 17 a
2428 2207 21 19 la
2469 2210 38 21 gra
2511 2206 43 19 mie
2573 2204 84 22 Société

2150 2236 39 20 des
2205 2235 56 21 amis
2278 2235 27 20 de
2322 2234 21 20 la
2360 2235 110 25 musique.
2485 2234 56 20 Mais
2559 2238 21 16 sa
2600 2234 45 20 fem-

2151 2269 42 19 me,
2208 2268 53 16 sans
2280 2265 58 19 tenir
2353 2264 87 25 compte
2458 2260 80 23 de'ses
2555 2263 101 20 volontés

2151 2293 121 23 dernières,
2291 2293 66 20 remit
2377 2293 19 20 le
2417 2293 74 23 crâne,
2511 2297 27 15 en
2566 2292 53 23 1852,
2643 2292 13 20 à

2149 2327 41 16 son
2212 2322 109 24 médecin,
2341 2321 20 21 le
2382 2322 28 19 Dr
2431 2321 82 24 Haller,
2534 2322 72 26 lequel
2629 2326 26 16 en

2152 2352 25 20 fit
2191 2352 92 23 cadeau,
2297 2355 58 23 pour
2368 2355 40 16 son
2424 2351 75 20 musée
2515 2350 69 26 privé,
2598 2351 14 20 à
2625 2355 30 16 un

2151 2381 131 20 analomisle
2303 2379 94 24 célèbre,
2414 2380 146 25 Rokitansky.
2579 2380 67 20 Tardi-

2151 2411 89 19 vement
2254 2409 132 24 seulement,
2403 2410 20 19 ia
2439 2409 115 25 précieuse
2573 2410 84 25 relique

2151 2440 63 20 entra
2233 2439 56 20 dans
2310 2440 32 19 les
2360 2438 103 21 archives
2482 2438 27 21 de
2529 2438 21 21 la
2568 2438 89 21 société.

2175 2469 18 20 Il
2209 2474 13 21 y
2236 2472 13 16 a
2263 2468 109 26 quelques
2387 2468 89 23 années,
2490 2468 20 19 le
2527 2468 131 25 professeur

2151 2498 98 20 Tandlcr
2269 2497 27 20 fit
2314 2497 14 20 à
2347 2498 21 20 ia
2386 2496 85 21 Société
2491 2497 155 25 anthropologi-

2151 2531 44 22 que
2215 2527 27 20 de
2261 2526 83 20 Vienne
2364 2530 44 16 une
2426 2526 134 20 conférence
2578 2530 41 16 sur
2638 2526 20 19 le

2152 2556 67 21 crâne
2233 2556 28 20 de
2274 2555 87 26 Haydn,
2376 2554 54 21 dont
2443 2555 15 20 il
2473 2555 115 20 démontra
2604 2555 43 21 l'au-

2152 2585 113 20 thenticité
2284 2589 41 21 par
2340 2588 42 16 son
2400 2584 187 26 rapprochement
2604 2588 54 16 avec

2152 2614 21 20 le
2188 2618 93 21 masque
2297 2614 30 19 du
2343 2613 157 26 compositeur,
2516 2613 75 20 divers
2608 2617 41 22 por-

2152 2644 65 19 traits
2233 2644 22 20 et
2270 2642 40 21 des
2326 2643 109 25 épreuves
2454 2642 204 26 photographiques

2152 2672 121 25 Roentgen.
2288 2671 136 26 Comparant
2441 2672 19 20 la
2476 2672 44 20 tête
2536 2672 28 20 de
2579 2671 77 26 Haydn

2152 2705 54 16 avec
2223 2700 56 21 celle
2297 2700 99 21 d'autres
2414 2700 120 21 musiciens
2551 2701 107 22 illustres,

2152 2730 16 20 il
2187 2730 28 20 fit
2232 2730 57 20 cette
2308 2730 147 20 constatation
2474 2730 123 25 singulière
2614 2734 44 21 que

2153 2759 53 21 chez
2227 2758 79 26 Haydn
2326 2763 86 16 comme
2433 2759 53 20 chez
2508 2759 90 24 Mozart,
2626 2758 32 21 les

2153 2788 59 20 deux
2232 2788 89 20 oreilles
2340 2792 28 15 ne
2387 2789 50 19 sont
2459 2792 39 21 pas
2517 2788 141 20 absolument

2153 2817 132 25 identiques,
2306 2817 20 20 le
2344 2816 50 21 lobe
2414 2817 27 21 dc
2460 2816 92 22 l'oreilio
2572 2817 85 26 gauche

2153 2846 61 20 étant
2229 2845 52 26 plus
2296 2845 62 26 épais
2371 2850 43 21 que
2429 2845 58 21 celui
2502 2846 27 20 de
2545 2846 21 20 la
2581 2846 77 20 droite.

2154 2874 126 21 L'ossature
2303 2874 31 21 du
2355 2875 66 21 crâne
2442 2875 35 20 est
2497 2878 63 17 assez
2579 2876 66 19 analo-

2152 2908 45 21 gue
2217 2903 54 22 chez
2288 2903 87 26 Haydn,
2394 2903 124 21 Beethoven
2539 2904 22 20 et
2588 2904 59 20 Schu-

2153 2932 55 21 bert.
2228 2932 57 21 Chez
2303 2933 52 20 tous
2372 2933 61 22 trois,
2445 2937 36 15 -on
2500 2933 101 21 constate
2620 2933 27 20 l'é-

2153 2962 103 25 paisseur
2271 2961 142 27 particulière
2429 2961 27 21 de
2473 2962 20 20 la
2509 2962 76 26 région
2603 2963 43 20 tem-

2153 2990 83 26 porale,
2252 2991 177 25 correspondant
2446 2991 14 21 à.
2476 2995 31 16 un
2525 2991 122 26 développe-

2152 3021 62 19 ment
2231 3019 83 26 spécial
2332 3020 27 20 de
2377 3020 21 20 la
2415 3019 112 21 troisième
2544 3020 104 21 circonvo-

2158 3049 69 22 lution
2247 3050 94 20 frontale
2360 3053 21 23 ej
2399 3049 27 21 de
2446 3049 22 21 la
2485 3049 173 21 circonvolution

2158 3078 153 26 sphénoïdale,
2333 3077 132 27 disposition
2488 3077 37 27 qui
2549 3079 40 25 put
2612 3078 45 21 être

2157 3108 104 20 observée
2277 3107 52 22 chez
2345 3107 38 21 des
2402 3111 120 21 personnes
2540 3107 118 26 possédant

2157 3136 146 24 d'éminenles
2323 3136 143 25 dispositions
2489 3136 124 22 musicales.

2468 3165 23 21 E.
2504 3165 127 22 CLOSSON.

1103 3215 1541 24 fitiiiiiiiiifiiiiiiiiiiiitiiiiiiiiiiifiiiiiiiiiiiiiiiiiiiiiiiiiiiiiiiiiiiiiiiiiiiiiiiiBiiiiiiiiiiiiiiiiifiiiiiiftiiiiiiiiiiifiiiiiiiiiiiiiiiifiiiiiiiiiiiiiii

1150 3270 463 95 BRUITS
1702 3270 155 93 DE
1944 3270 671 93 COULISSES

1381 3436 29 27 A
1424 3436 30 28 la
1468 3436 140 29 Monnaie

1133 3490 66 25 Voici,
1212 3491 52 21 sauf
1276 3496 38 16 cas
1327 3492 28 20 de
1368 3491 59 22 force
1439 3493 107 25 majeure,
1559 3493 42 21 l'or-

1106 3519 41 21 dre
1171 3521 21 19 et
1216 3519 184 26 l'interprétation
1422 3521 41 22 des
1487 3522 121 25 spectacles

1106 3548 29 21 de
1151 3548 23 20 la
1189 3548 100 21 semaine
1303 3554 6 15 :

1131 3575 120 22 Dinibnilie
1275 3577 31 25 10,
1329 3582 27 16 cn
1380 3577 102 23 matinée.
1508 3578 100 27 Carmen,

1105 3609 54 16 avec
1178 3605 71 20 Mines
1269 3605 84 29 Andry,
1373 3607 91 25 Alonso,
1484 3608 50 25 etc.;
1554 3609 53 20 ,\L\1.

1106 3633 141 25 Bergerioux.
1263 3633 113 29 Touîenel,
1392 3635 81 26 Parny,
1488 3637 41 23 etc.

1131 3661 32 20 En
1185 3662 78 25 soirée,
1287 3662 92 26 Manon,
1401 3669 54 16 avec
1478 3665 70 21 Mmes
1571 3665 29 23 Le-

1106 3689 73 25 blanc,
1195 3690 110 25 Rambert,
1321 3691 100 26 Deligny;
1436 3692 52 23 MM.
1503 3694 104 22 D'Arkor,

1104 3718 107 25 Colonne,
1232 3718 90 26 Wilkin,
1341 3721 50 23 etc.;
1412 3721 85 22 Danses
1512 3728 5 14 :
1537 3722 71 22 ,\lmes

1104 3746 24 24 S.
1143 3747 96 21 Meriens
1252 3749 22 19 et
1287 3748 183 26 Longuehaleine.

1129 3774 70 21 Lurtdi
1217 3776 22 20 11
1254 3776 63 28 avril,
1334 3777 118 26 Grisélidis,
1467 3783 53 20 avec
1537 3780 69 21 Mmes

1105 3803 87 27 Bunlet,
1204 3804 101 22 Mertens.
1319 3805 145 27 Lamprenne;
1477 3808 51 22 ,\1M.
1541 3808 65 25 Lens,

1104 3831 106 25 Colonne,
1231 3832 86 23 Druine,
1337 3834 40 22 etc.
1398 3834 60 22 Suile
1478 3835 27 22 de
1525 3836 81 22 danses

1106 3864 41 21 par
1162 3860 21 20 le
1198 3865 66 21 corps
1280 3862 27 21 de
1324 3862 72 23 ballet.

1129 3888 70 21 Mardi
1216 3889 22 20 12
1252 3890 62 25 avril,
1330 3891 103 21 Chanson
1447 3892 107 23 d'Amour
1567 3895 39 25 {La

1105 3917 87 20 Maison
1215 3917 39 21 des
1278 3918 53 21 trois
1355 3920 77 25 jeunes
1455 3921 74 26 (illesl,
1553 3928 53 17 avec

1104 3945 71 21 Mmes
1202 3945 103 26 Leblanc,
1333 3948 99 26 Deligny,
1459 3949 147 28 Lamprenne,

1104 3973 85 29 Andry,
1206 3974 88 22 Ballard
1304 3980 6 20 ;
1327 3976 51 25 MM.
1395 3978 104 25 Colonne,
1516 3979 89 23 Moutia.

1104 4001 31 22 De
1146 4002 81 27 Roeve,
1240 4003 78 25 Parny,
1331 4005 115 27 Marcotty,
1458 4008 41 22 etc.
1514 4007 71 22 Danse
1600 4014 6 16 :

1104 4030 72 21 Mmes
1193 4030 69 22 Coeck
1278 4033 23 20 et
1318 4033 29 21 De
1365 4034 78 23 Roeclc.
1461 4036 33 20 Au
1511 4037 94 25 pupitre,

1105 4058 30 22 M.
1150 4059 116 24 Andelhof.

1130 4087 104 22 Mercredi
1253 4089 30 24 13,
1300 4093 14 19 à
1331 4090 23 21 19
1370 4091 22 23 h.
1409 4092 32 26 30,
1457 4092 42 21 Les
1517 4093 88 22 Maîtres

1106 4114 120 23 Chanteurs
1248 4117 26 21 de
1296 4118 143 27 Nuremberg,
1461 4126 53 16 avec
1536 4123 70 21 sMmes

1104 4143 85 23 Deulin.
1213 4145 96 27 Ballard;
1332 4147 51 22 MM.
1406 4148 65 26 Lens,
1494 4150 46 21 Van
1564 4151 41 21 Ob-

1105 4172 77 28 bergh,
1198 4173 103 26 Bogaers,
1317 4175 81 25 Mayer,
1414 4177 123 28 Demoulin,
1552 4179 54 20 Lau-

1105 4205 58 20 renz,
1175 4201 115 25 Marcotty,
1301 4204 40 21 etc.
1354 4204 73 23 Danse
1437 4212 6 15 :
1454 4207 70 21 Mmes
1535 4207 70 22 Coeck

1104 4229 21 21 et
1139 4229 183 25 Longuehaleine.

1127 4257 62 21 Jeudi
1205 4258 24 21 14
1244 4259 62 25 avril,
1322 4262 173 24 représentation
1511 4264 27 21 de
1554 4265 50 25 gala

1103 4286 117 25 organisée
1236 4292 29 16 au
1283 4288 65 25 profit
1364 4290 29 22 du
1411 4291 139 25 Dispensaire
1566 4293 39 21 des

1103 4314 101 25 Artistes,
1217 4320 52 16 aveo
1280 4316 21 21 le
1311 4322 108 18 concours
1431 4320 26 21 de
1471 4321 56 21 Mme
1538 4322 67 21 Clair-

1103 4342 48 21 bert
1165 4349 6 15 :
1191 4343 31 20 La
1243 4344 109 26 Traviata,
1373 4352 53 17 avec
1448 4349 70 23 Mmes
1539 4351 66 21 Clair-

1104 4370 55 24 bert,
1175 4371 69 21 Prick.
1261 4372 85 22 Gianini
1358 4382 6 18 ;
1379 4376 51 24 MM.
1447 4377 98 22 D'Arkor
1567 4378 30 22 Co-

1104 4398 73 23 lonne.
1191 4400 115 26 sMarcolty,
1321 4403 79 29 Parny,
1415 4404 88 23 Lefevre
1524 4407 81 25 Danse,

1104 4426 70 22 Mmes
1190 4428 95 21 Mertens
1299 4430 22 20 et
1337 4423 66 30 BeCla'.

1128 4455 108 22 Vendredi
1267 4458 22 20 15
1317 4460 64 24 avril,
1411 4461 112 28 Wozzeck,
1551 4469 54 19 avec

1104 4483 70 21 Mmes
1186 4485 85 23 Deulin.
1282 4486 146 27 Lamprenne;
1441 4491 43 20 MM
1504 4492 48 21 Van
1564 4493 41 21 Ob-

1104 4511 76 27 bergh,
1195 4513 64 27 Ls-ns,
1273 4514 140 26 Bergerioux.
1427 4518 123 26 Demoulin,
1564 4522 40 23 etc.

1128 4540 89 22 Samedi
1235 4542 22 20 IG
1271 4543 63 24 avril.
1349 4544 41 21 Les
1406 4546 100 25 Dragons
1520 4549 27 21 de
1565 4550 33 20 Vil-

1104 4568 53 26 lars,
1181 4575 53 16 avec
1258 4571 70 22 Mmes
1354 4573 102 27 Merlens,
1481 4576 124 28 Delcampe;

1106 4596 50 24 MM.
1170 4597 90 26 Moutia,
1272 4600 104 25 Colonne,
1387 4603 41 22 etc.

1130 4624 119 24 Dimanche
1272 4628 23 20 17
1316 4629 63 24 avril,
1400 4635 29 16 en
1450 4633 103 26 matinée,
1575 4635 31 21 La

1106 4652 94 23 Bohème
1213 4656 21 19 et
1247 4655 60 21 Suite
1319 4659 26 20 de
1358 4658 91 23 Danses.

1130 4681 32 21 En
1179 4682 76 23 soirée.
1273 4684 66 22 Faust

1130 4760 32 22 La
1175 4763 82 24 reprise
1270 4764 26 22 de
1310 4765 30 21 La
1354 4766 129 23 Vivandière
1496 4774 54 17 aura
1564 4770 43 23 lieu

1106 4789 21 21 le
1142 4789 24 20 IS
1181 4790 62 23 avril.

1131 4816 30 22 La
1178 4819 104 24 première
1296 4824 13 20 à
1323 4822 22 21 la
1360 4823 103 23 Monnaie
1476 4826 27 21 de
1517 4826 90 24 l'œuvre

1106 4846 132 21 émouvante
1260 4848 27 21 de
1311 4850 114 25 Benjamin
1448 4853 87 24 Godard
1557 4856 51 21 date

1106 4874 30 22 du
1155 4874 24 22 21
1198 4879 60 17 mars
1280 4878 52 23 1S36.
1352 4879 46 24 Son
1417 4883 76 20 succès
1519 4884 14 20 à
1552 4885 56 21 cette

1106 4902 92 26 époque,
1216 4903 31 21 fut
1266 4906 44 20 très
1326 4907 36 20 vif.

1132 4990 29 21 Le
1173 4990 118 25 dimanche
1304 4992 31 24 24,
1349 4997 30 17 on
1391 4995 99 23 donnera
1504 5003 27 16 en
1545 5000 62 21 mati.

1106 5019 42 20 née
1166 5018 41 21 Les
1226 5019 88 22 Maîtres
1334 5020 120 25 Chanteurs
1472 5025 27 22 de
1517 5027 82 22 Nurem-

1108 5046 59 27 berg,

1130 5075 30 21 Ce
1172 5081 50 16 sera
1234 5076 97 27 l'unique
1344 5078 41 21 fois
1396 5085 43 21 que
1451 5082 20 21 le
1483 5082 116 24 chef-d'œu-

1106 5108 39 19 vre
1157 5105 28 20 de
1199 5104 93 22 Richard
1308 5105 98 26 Wagner
1419 5113 50 17 sera
1483 5112 124 25 représenté

1107 5135 28 16 en
1150 5132 102 22 matinée.

1130 5159 30 21 Le
1176 5163 109 22 spectacCe
1300 5167 153 19 commencera
1470 5167 13 20 à
1500 5167 12 21 2
1529 5168 79 23 heures

1107 5188 96 25 précises
1215 5195 55 19 pour
1280 5196 25 15 se
1317 5191 104 22 terminer
1432 5198 50 16 vers
1492 5195 13 20 6
1516 5196 22 24 h.
1551 5197 32 21 30.

1131 5215 41 21 Les
1191 5218 73 24 portes
1282 5219 27 21 de
1327 5219 22 22 la
1366 5220 56 21 salle
1440 5223 109 21 resteront
1567 5224 33 22 fer-

1106 5245 60 21 mées
1183 5247 99 24 pendant
1296 5248 132 22 l'exécution
1444 5250 39 21 des
1499 5251 67 24 actes.

1131 5331 58 22 Mme
1202 5333 63 21 Clara
1278 5333 106 23 Clairbert
1396 5337 100 25 poursuit
1507 5339 92 20 actuelle-

1105 5361 62 19 ment
1187 5365 44 17 une
1252 5362 90 22 tournée
1363 5363 132 26 triomphale
1514 5370 41 17 sur
1575 5366 32 21 les

1106 5388 97 25 grandes
1215 5390 77 21 scènes
1306 5391 26 21 de
1346 5391 90 24 France.

1130 5412 71 29 Après
1214 5417 123 28 Bordeaux,
1349 5419 54 22 c'fst
1415 5421 109 23 Toulouse
1537 5424 22 19 et
1571 5427 37 17 en-

1105 5442 58 23 suite
1180 5444 62 25 Lyon
1259 5447 37 25 qui
1315 5449 123 21 acclament
1455 5451 64 20 notre
1536 5451 63 21 conci-

1107 5470 101 26 toyenne.

1130 5500 35 21 Au
1179 5502 57 21 mois
1249 5503 87 30 d'avril,
1350 5506 58 21 Mme
1422 5506 107 22 Clairbert
1541 5508 58 21 chan-

1107 5527 47 21 tera
1168 5530 21 20 le
1202 5530 59 25 jeudi
1277 5531 30 25 14,
1321 5533 14 20 à
1348 5533 23 21 la
1376 5534 120 26 .Monnaie,
1511 5535 31 21 La
1558 5536 41 21 Tra-

1106 5555 68 26 viata,
1189 5563 29 16 au
1234 5559 67 25 profit
1314 5560 30 22 du
1360 5562 140 26 Dispensaire
1514 5564 40 22 des
1569 5565 33 21 Ar-

1107 5582 62 23 tistes
1178 5591 7 20 ;
1204 5586 57 26 puis,
1280 5587 21 21 le
1319 5590 107 21 mercredi
1445 5591 31 22 27,
1496 5591 65 22 Lucie
1581 5593 27 21 de

1107 5611 173 31 Lammermoor,
1290 5620 57 22 pour
1357 5617 90 23 l'Union
1456 5622 41 21 des
1506 5621 101 24 Artistes.

1332 5656 50 30 m%

1658 3436 31 21 La
1708 3436 173 27 représentation
1899 3436 27 22 de
1944 3436 63 23 Lucie
2026 3437 27 22 de
2071 3437 54 20 Lam-

1634 3469 118 21 mermoor,
1769 3466 37 25 qui
1825 3470 50 17 sera
1892 3465 85 21 donnée
1995 3471 28 15 au
2040 3466 93 21 Théâtre

1634 3494 70 24 Royal
1716 3494 27 20 de
1755 3494 21 20 la
1789 3494 104 21 Monnaie
1904 3493 21 22 le
1936 3494 25 21 27
1972 3494 63 25 avril,
2048 3499 53 16 avec
2113 3494 20 21 le

1631 3527 109 16 concours
1767 3522 27 21 de
1822 3523 59 22 Mme
1907 3521 113 27 Clairbert,
2048 3524 85 24 promet

1632 3551 69 21 d'être
1718 3555 30 16 un
1765 3556 52 20 gros
1834 3552 83 22 succès.
1934 3551 35 21 On
1985 3552 51 25 peut
2052 3552 81 21 retenir

1632 3584 37 17 ses
1681 3579 73 25 places
1765 3582 14 18 à
1790 3579 88 22 l'Union
1890 3581 39 21 des
1939 3579 100 29 Artistes,
2050 3580 33 25 29,
2094 3585 39 17 rue

1633 3607 84 24 Grétry.

1658 3635 50 21 Prix
1723 3642 6 15 :
1747 3636 103 24 fauteuils
1867 3636 141 26 d'orchestre,
2027 3638 106 25 première

1634 3664 56 26 loge,
1703 3664 120 26 baignoire,
1836 3665 79 21 balcon
1929 3670 6 16 :
1945 3666 26 20 50
1983 3666 73 20 francs
2067 3671 6 19 ;
2086 3671 40 21 par-

1632 3693 52 25 quet
1698 3699 6 15 :
1721 3693 24 20 35
1766 3693 82 25 francs;
1865 3693 94 23 seconde
1977 3694 49 25 loge
2044 3695 22 20 et
2084 3700 42 20 par-

1633 3722 64 23 terre,
1715 3721 24 21 20
1757 3721 73 22 francs
1840 3728 7 19 ;
1864 3722 54 21 trois
1934 3722 56 27 loge,
2009 3724 23 20 15
2050 3723 82 24 francs;

1634 3749 122 22 troisièmes
1769 3750 28 22 de
1810 3750 55 25 face,
1879 3750 23 21 12
1914 3750 27 21 fr.
1955 3751 30 22 50.

1989 3802 49 27 Au
2056 3802 77 27 Parc

1656 3856 70 21 Lundi
1747 3857 21 20 11
1787 3856 64 25 avril,
1869 3857 107 25 première
1995 3857 26 21 de
2040 3858 84 20 Bourra-

1633 3883 65 27 chon,
1714 3884 20 21 le
1751 3885 49 25 pCus
1816 3889 72 22 grand
1903 3886 76 21 succès
1994 3886 27 21 de
2037 3886 95 26 l'année,

1631 3912 37 25 qui
1690 3915 61 23 reçut
1773 3917 30 16 un
1824 3913 84 22 accueil
1929 3914 110 25 tromphal
2061 3915 28 21 de
2110 3915 22 21 la

1632 3941 78 21 Presse
1729 3942 22 20 et
1770 3942 29 20 du
1820 3941 73 26 public
1912 3944 13 20 à
1946 3942 68 29 Paris,
2035 3943 56 22 dans
2112 3943 20 21 le

1632 3970 58 21 reste
1708 3970 26 20 de
1753 3970 21 21 la
1794 3970 83 21 France
1894 3971 21 20 et
1932 3971 58 20 dans
2008 3971 32 21 les
2058 3972 75 20 autres

1632 4002 57 20 pays
1703 3998 28 20 où
1744 3998 23 21 la
1781 3998 60 26 pièce
1853 4004 14 16 a
1881 3999 33 21 été
1927 4000 144 25 représentée.

1656 4025 191 26 L'interprétation
1870 4028 26 21 de
1918 4026 142 24 Bourrachon
2082 4033 50 17 sera

1632 4055 91 20 assurée
1739 4059 41 21 par
1797 4055 52 22 MM.
1865 4055 82 22 Robert
1962 4056 70 26 Hasti,
2050 4056 76 22 Vande-

1631 4082 38 22 rk.
1684 4083 77 24 Auzat,
1776 4083 59 22 René
1851 4084 112 28 Mauprey,
1977 4085 71 24 ,Vlmçs
2062 4086 70 20 Cariel

1632 4111 21 20 et
1667 4110 79 23 Janine
1762 4110 117 27 Clairjane.
1885 4132 5 4 .

1654 4139 42 21 Ces
1719 4140 187 24 représentations
1927 4145 25 16 se
1977 4143 155 24 poursuivront

1631 4167 104 26 jusqu'au
1752 4167 25 21 20
1792 4168 57 22 avril
1864 4168 174 23 inclusivement.

1655 4240 33 21 Du
1706 4241 23 21 21
1746 4246 29 16 au
1792 4242 24 20 2G
1832 4242 64 24 avril,
1912 4242 21 21 le
1950 4243 54 22 Parc
2023 4244 46 21 fera
2086 4249 44 16 une

1630 4268 101 22 dernière
1747 4270 83 25 reprise
1844 4271 28 22 de
1888 4271 90 26 Topaie,
1994 4272 91 22 l'œuvre
2100 4273 25 21 cé-

1632 4297 59 22 lèbre
1704 4298 27 21 de
1745 4299 28 23 M.
1788 4299 90 23 Marcel*
1883 4300 91 25 Pagnol,
1988 4301 36 25 qui
2037 4307 51 15 sera
2101 4302 23 20 in-

1633 4325 105 26 terprétée
1755 4332 40 20 par
1810 4329 50 20 tous
1876 4328 32 22 le3
1923 4328 112 23 créateurs
2050 4332 13 20 à
2080 4331 44 20 Bru-

1630 4354 68 21 xelles
1722 4360 5 15 :
1749 4355 28 20 M.
1801 4356 113 25 Arnaudy,
1935 4357 58 21 Mme
2014 4358 116 21 Germaine

1633 4382 90 30 Rissler,
1737 4383 52 24 MM.
1805 4384 54 21 Paul
1873 4385 87 22 Asselin
1973 4386 22 21 et
2008 4386 86 24 Hemm.

1753 4433 29 28 A
1802 4433 30 29 la
1846 4434 114 28 Grande
1971 4435 163 29 Harmonie

1656 4495 107 22 Vendredi
1781 4497 53 25 soir,
1854 4502 44 16 une
1917 4498 59 22 foule
1993 4500 102 25 élégante
2112 4500 21 20 et

1631 4524 133 22 nombreuse
1776 4525 74 22 s'était
1862 4526 74 24 sjonné
1949 4527 144 22 rendez-vous
2105 4532 29 17 au

1629 4552 95 22 Théâtre
1742 4552 140 23 Communal"
1893 4554 27 22 de
1937 4554 22 22 la
1977 4561 40 15 rue
2035 4558 29 21 de
2082 4557 45 21 Lae-

1630 4580 51 23 ken.

1655 4610 32 21 La
1705 4611 86 22 Sociélé
1808 4612 76 24 royale
1900 4620 12 11 .
1930 4611 30 22 La
1979 4612 87 22 Grande
2080 4613 47 21 Har-

1629 4642 24 16 em
1662 4638 42 21 ,nie
1728 4646 18 19 »,
1768 4639 83 22 section
1865 4640 155 28 "dramatique,
2041 4641 93 22 donnait

1630 4669 43 18 sen
1691 4668 110 21 troisième
1818 4668 63 27 gala.'

1629 4716 504 26 iiiiiiiiiiiiimiiiiiiiiiiiiiiiiiiiiiiiiiiiiiiiiiiii

1660 4765 59 33 Un
1742 4765 145 35 récital
1908 4767 50 33 de
1980 4768 124 34 danse

1777 5484 67 22 ELSA
1857 5484 126 27 DARC1EL,

1629 5512 23 21 la
1673 5512 120 22 délicieuse
1815 5513 112 21 danseuse
1949 5515 40 25 qui
2009 5515 80 25 donne,
2111 5515 22 20 le

1628 5542 25 19 Il
1664 5541 64 25 avril,
1742 5546 33 17 un
1787 5542 79 21 récital
1879 5542 29 21 de
1921 5542 82 22 danses
2015 5548 31 16 au
2057 5544 76 20 Palais

1628 5570 41 20 des
1685 5571 139 21 Beaux-Arts
1828 5575 10 21 ;
1853 5575 31 17 au
1902 5575 144 22 programme
2067 5577 9 16 :
2093 5576 30 22 ga-

1627 5599 72 20 vottes
1711 5600 23 20 et
1745 5599 140 22 sarabandes
1891 5600 32 20 dé
1934 5601 87 20 llând.l
2033 5601 23 20 et
2066 5601 67 25 Bach,

1627 5628 112 21 Sérénade
1751 5629 29 21 de
1792 5628 93 25 Mozafï,
1898 5629 82 21 danses
1991 5629 29 21 de
2031 5630 103 25 Brahms,

1627 5656 135 27 Beethoven,
1774 5657 113 26 Debussy,
1901 5658 77 25 Ravel,
1993 5658 77 21 Gilson
2084 5660 50 24 ,elc.

2182 3437 34 20 Au
2243 3439 141 22 programme
2401 3435 91 26 ligurait
2517 3435 91 22 l'œuvre
2633 3435 28 20 dsi

2159 3465 74 26 Henry
2250 3464 163 22 Kislemaekers
2431 3471 6 15 :
2454 3474 10 10 «
2483 3464 119 22 L'Instinct
2618 3472 18 13 ».

2183 3500 195 25 L'interprétation
2399 3500 34 21 fut
2457 3501 202 25 particulièrement

2159 3529 72 20 bonne
2247 3532 21 17 et
2284 3530 14 20 il
2315 3531 33 19 est
2362 3531 14 20 à
2391 3530 99 25 signaler
2503 3530 156 25 spécialement

2158 3558 51 20 MM.
2231 3558 60 21 Léon
2314 3558 72 24 Ghiot,
2408 3558 23 20 E.
2455 3558 125 27 Bosquette,
2602 3559 58 21 Mme

2158 3586 23 21 G.
2199 3586 89 22 Servais
2304 3589 22 19 el
2342 3587 50 20 Mlle
2405 3586 76 21 Dever.

2183 3621 16 21 Il
2219 3628 12 18 y
2250 3626 14 16 a
2282 3622 38 20 des
2339 3621 140 23 félicitations
2496 3625 15 19 k
2528 3622 102 21 adresser
2647 3623 13 21 à

2158 3654 37 17 ces
2209 3649 90 22 artistes
2315 3655 56 21 peur
2388 3651 47 20 leur
2450 3651 36 25 jeu
2502 3651 122 26 intelligent
2640 3652 20 20 el

2158 3678 49 21 leur
2223 3678 120 23 excellente
2360 3678 87 21 diction.

2183 3713 122 26 Remarqué
2320 3713 57 22 dans
2391 3714 22 21 la
2427 3715 55 21 salle
2498 3722 5 15 :
2516 3715 51 23 MM.
2585 3715 76 21 Wiele-

2158 3746 72 20 mans,
2260 3742 167 25 vice-président
2436 3748 5 15 ;
2470 3743 96 24 Cardon,
2592 3745 62 19 secré-

2159 3770 54 21 taire
2230 3770 90 26 général
2330 3777 6 20 ;
2353 3771 100 26 Jacqsies,
2470 3772 111 25 régisseur
2598 3773 57 25 géné-

2156 3799 34 20 ral
2201 3806 5 19 ;
2221 3792 160 29 commansjant
2396 3799 91 26 Fostier,
2501 3801 160 21 commandant

2158 3828 106 26 Delfosse,
2279 3828 72 26 Ghiot,
2369 3828 127 26 Hoogstoel,
2515 3830 146 25 Huybrechts,

2159 3856 100 26 Lacroix,
2277 3856 199 22 administrateurs.

2182 3892 75 22 Soirée
2275 3892 84 21 réussie
2376 3897 28 16 en
2423 3892 50 21 tous
2491 3893 74 25 points
2584 3894 22 20 et
2623 3893 37 26 qui

2158 3920 40 21 lait
2216 3920 102 21 honneur
2334 3923 13 20 à
2367 3921 21 21 la
2406 3921 104 20 vaillante
2525 3921 86 22 société.

2280 3977 138 34 Euripide
2429 3978 72 28 chez
2509 3978 151 29 Rataillon

2182 4033 125 26 Rappelons
2325 4038 44 21 que
2388 4034 22 22 la
2429 4034 101 22 dernière
2548 4036 105 24 représen-

2158 4061 70 21 tation
2249 4063 39 21 des
2308 4071 11 11 «
2339 4063 128 24 Troyennes
2489 4071 18 16 »,
2526 4062 136 27 d'Euripide,

2158 4094 41 21 par
2214 4091 22 20 la
2253 4091 77 25 troupe
2346 4091 27 20 de
2389 4091 110 21 Rataillon
2516 4102 25 4 —
2554 4092 54 21 dont
2624 4097 30 16 no-

2159 4120 32 21 tre
2209 4120 92 25 critique
2319 4120 29 22 M.
2368 4120 22 20 E.
2411 4120 92 21 Closson
2521 4122 34 22 dit
2572 4121 90 20 ailleurs

2157 4147 47 21 tout
2217 4148 96 21 l'intérêt
2325 4148 94 21 musical
2431 4160 22 3 —
2465 4153 55 16 aura
2534 4149 42 20 lieu
2590 4149 71 25 lundi,

2157 4179 14 19 à
2184 4177 25 20 20
2223 4178 21 21 h.
2258 4177 32 25 30,
2304 4181 29 17 au
2349 4177 84 21 théàlre
2446 4177 28 21 de
2487 4177 21 21 la
2523 4176 58 22 Cour
2593 4178 61 20 d'An-

2157 4205 101 25 gleterre,
2280 4210 41 18 rue
2342 4205 28 23 de
2388 4205 95 26 Lccken,
2506 4211 28 17 en
2558 4206 48 23 face
2628 4207 31 21 du

2158 4242 5 8 ■
2167 4234 74 20 oéâtre
2276 4233 114 23 Flamand.
2425 4234 158 25 Participation
2616 4238 45 17 aux

2158 4262 53 20 (rais
2227 4268 6 15 :
2248 4262 23 21 10
2285 4262 81 22 francs.

2154 4312 50 27 Au
2214 4312 123 28 Théâtre
2345 4312 158 32 Populaire
2514 4313 148 28 Flamand

2185 4368 14 24 >
2215 4368 32 21 Le
2261 4368 87 21 Voleur
2363 4369 109 21 d'Etoiles
2489 4377 9 10 »
2517 4371 37 20 est
2567 4371 23 20 ia
2605 4371 41 20 der-

2155 4396 62 21 nière
2234 4397 64 27 pièce
2315 4398 28 20 de
2359 4398 85 21 Michel
2462 4398 28 21 de
2508 4398 151 21 Ghelderode.

2156 4425 63 22 C'est
2239 4430 44 17 une
2305 4426 63 26 pièce
2388 4431 60 21 pour
2467 4426 143 22 music-hall.
2629 4427 30 20 Le

2154 4453 68 27 poète
2254 4454 141 22 chiffonnier
2418 4456 24 21 et
2462 4455 82 21 voleur
2565 4456 57 21 dont
2643 4455 17 21 il

2155 4483 68 25 s'agit
2239 4483 30 21 ici
2284 4487 29 16 ne
2330 4483 74 26 quitte
2421 4483 22 22 le
2458 4484 58 26 pavé
2533 4484 65 21 cruel
2614 4488 45 22 que

2154 4516 60 21 pour
2229 4511 125 27 accomplir
2369 4517 31 16 un
2416 4513 52 20 acte
2482 4512 61 22 dicté
2558 4517 43 22 par
2616 4516 43 18 son

2155 4540 73 23 souci,
2251 4541 65 20 souci
2338 4540 80 21 ancien
2440 4545 88 18 comme
2551 4541 108 21 l'homme

2156 4568 81 23 même.
2249 4568 34 21 Ne
2296 4569 110 25 joue-t-11
2420 4574 42 21 pas
2475 4574 60 21 pour
2549 4574 43 17 son
2605 4574 42 22 pro-

2155 4602 40 21 pre
2210 4598 91 25 compte
2317 4598 23 20 et
2353 4602 29 16 en
2397 4598 64 20 toute
2475 4598 102 21 candeur
2589 4598 57 22 ('uni-

2155 4625 98 21 verselle
2274 4626 101 25 tragédie
2398 4626 28 21 de
2448 4627 23 21 la
2494 4626 55 21 faim
2562 4627 11 21 î
2597 4627 19 22 II
2637 4627 23 21 la

2153 4654 56 25 Joue
2231 4654 19 21 si
2271 4654 149 26 ingénument
2441 4654 55 27 qu'il
2518 4660 28 16 en
2567 4655 92 21 devient

2155 4682 104 26 comique
2278 4693 34 5 —
2330 4683 28 20 de
2378 4687 35 17 ce-
2425 4684 105 25 comique
2549 4683 110 28 poignant

2154 4715 44 22 que
2219 4711 86 26 dégage
2325 4710 95 23 Chariot
2439 4711 96 27 Chaplin
2553 4711 105 27 lorsqu'il

2154 4744 81 21 mange
2251 4740 41 21 des
2308 4740 103 21 bottines
2425 4740 115 23 bouillies.
2557 4740 63 22 Voilà
2636 4740 22 22 le

2154 4768 77 21 thème
2253 4773 41 16 sur
2316 4768 78 26 lequel
2417 4769 28 21 de
2469 4769 144 22 Ghelderode
2643 4773 15 17 a

2153 4796 73 21 brodé
2240 4801 45 16 une
2299 4796 65 27 pièce
2379 4797 29 21 de
2421 4797 50 21 très
2485 4798 71 22 haute
2570 4798 88 21 valeur.

2156 4825 30 21 Le
2208 4824 130 22 Vlaamsche
2359 4825 155 23 Volkslooneel
2534 4831 29 16 en
2582 4826 76 21 donna

2154 4858 45 17 une
2220 4853 184 27 représentation
2424 4854 15 22 à
2460 4855 119 22 Bruxelles
2600 4854 22 22 le
2643 4855 14 21 7

2155 4882 57 21 avril
2230 4887 30 16 en
2277 4882 23 22 la
2318 4882 57 22 salle
2395 4883 84 25 Patria,
2495 4889 42 17 rue
2557 4884 31 21 du
2606 4883 39 21 Mi-

2155 4910 54 25 rais,
2221 4911 37 21 23.
2272 4910 31 21 Le
2314 4911 49 21 râle
2376 4912 32 21 du
2420 4912 68 26 poète
2500 4913 37 21 est
2550 4913 55 21 tenu
2615 4916 44 22 par

2155 4938 98 23 l'acteur
2271 4939 119 27 populaire
2410 4940 63 21 René
2494 4940 100 21 Grassin.
2615 4940 44 21 Les

2155 4966 83 22 décors
2256 4968 24 21 et
2298 4967 34 22 les
2351 4968 118 22 costumes
2485 4969 53 21 sont
2556 4968 27 23 de
2603 4968 43 21 Fer-

2155 4995 61 21 nand
2238 4996 128 21 Scouflalre
2389 4997 23 21 et
2432 4997 24 22 la
2479 4997 127 21 traduction
2629 4996 28 22 do

2155 5024 89 26 Joseph
2264 5024 108 27 Contryn.

2272 5118 263 47 Concerts

2176 5232 23 5 —
2218 5224 28 19 Le
2265 5225 97 21 Quatuor
2382 5224 63 19 Vocal
2468 5225 116 20 Weynandt
2606 5224 55 22 (IOI.

2158 5249 126 25 Weynandt,
2298 5250 104 21 Anspach,
2419 5250 29 18 De
2463 5249 77 19 Groote
2555 5251 22 17 et
2592 5249 68 23 Maay)

2156 5278 23 14 bb
2191 5274 49 21 fera
2252 5274 102 20 entendre
2366 5274 70 19 mardi
2449 5274 20 18 19
2480 5274 57 19 avril
2549 5275 111 22 prochain,

2156 5299 15 18 k
2190 5300 20 18 20
2229 5300 22 20 h.
2270 5300 27 21 30,
2317 5304 29 14 an
2366 5298 161 20 Conservatoire
2546 5299 68 22 Boyal
2633 5299 26 21 de

2156 5323 115 24 Bruxelles,
2294 5325 33 17 Au
2348 5328 136 18 programme
2494 5330 6 12 :
2533 5323 127 23 Palestrina,

2158 5349 106 20 Arcadelt.
2286 5349 115 21 Goudimel,
2423 5348 26 19 IL
2471 5348 84 25 Haydn,
2578 5350 82 20 Lassus,

2157 5372 70 23 Lully,
2238 5374 30 18 du
2280 5374 102 21 Caurroy,
2395 5373 83 22 Grétry,
2489 5373 23 22 J.
2524 5373 61 26 Cras;
2598 5374 63 20 ohan.

2157 5402 48 13 socs
2226 5398 122 22 populaires
2369 5398 76 24 belges,
2466 5398 124 23 françaises,
2620 5401 41 18 etc.

2156 5422 108 22 Location,
2282 5423 27 21 20,
2328 5428 40 14 rue
2386 5423 30 19 du
2434 5423 151 23 Treurenberg.
2604 5424 55 19 Télé*

2157 5447 70 22 phone
2236 5454 7 12 :
2259 5448 46 19 17.97
2307 5449 30 19 .£0.

2175 5494 22 5 —
2214 5486 104 19 Vendredi
2333 5485 21 19 22
2369 5486 63 21 avril,
2449 5487 13 17 à
2479 5487 20 17 20
2515 5487 21 19 h.
2552 5489 26 18 50,
2596 5494 25 14 en
2638 5488 21 19 la

2156 5510 57 19 Salle
2231 5511 30 19 du
2279 5510 161 20 Conservatoire
2458 5511 68 22 Boyal
2555 5511 26 20 de
2610 5513 43 18 Bru-

2157 5535 70 24 xelles,
2246 5535 89 21 Concert
2352 5536 28 20 de
2398 5535 155 23 Bienfaisance,
2571 5541 61 16 aveo-
2641 5536 21 19 le

2156 5565 102 17 concours
2276 5560 27 19 de
2322 5560 58 19 Mlles
2409 5560 78 20 Berthe
2514 5561 146 21 Laventurier,

2156 5585 101 22 pianiste,
2276 5587 23 17 et
2318 5584 47 22 Lily
2385 5585 77 22 Dupré,
2482 5587 125 21 cantatrice.
2628 5587 33 18 Au

2156 5610 64 21 piano
2233 5609 224 22 d'accompagnement
2467 5617 6 13 :
2488 5611 25 18 M.
2529 5610 63 20 Louis
2608 5611 53 19 Van*

2156 5634 26 19 de
2203 5634 105 21 Plassche.
2330 5634 109 23 Location*
2459 5637 27 21 20,
2508 5636 151 23 Treurenberg.

2154 5660 118 21 Téléphone
2281 5666 7 13 :
2303 5659 81 20 17.97.80.

2678 722 119 91 Au
2810 716 257 95 Palais
3084 716 133 93 des
3228 714 293 93 Beaux-
3524 710 185 93 Arts

2983 875 131 39 Karl
3160 877 51 35 et
3259 873 147 39 Anna

2703 978 61 20 Pour
2781 976 107 21 terminer
2904 980 44 16 une
2966 975 73 20 saison
3057 973 116 28 particuliè-

2680 1007 83 19 rement
2784 1004 147 22 intéressante
2951 1004 22 20 et
2990 1003 60 21 riche
3069 1003 28 20 do
3116 1002 54 21 réali-

2678 1034 86 21 sations
2800 1031 142 24 excellentes,
2980 1031 21 21 le
3036 1031 74 21 Palais
3145 1030 40 22 des

2679 1062 139 21 Beaux-Arts
2829 1066 13 16 a
2854 1060 80 24 donné,
2943 1060 116 24 vendredi,
3069 1063 55 17 avec
3132 1063 42 17 suc-

2680 1089 43 26 cès,
2738 1098 9 10 «
2761 1090 52 20 Karl
2828 1091 22 19 et
2861 1090 64 20 Anna
2940 1096 17 16 »,
2971 1088 91 21 l'œuvre
3078 1088 107 26 prenante

2681 1118 27 21 de
2742 1118 132 21 l'Allemand
2908 1116 116 21 Léonliard
3047 1116 72 21 Frank
3141 1116 45 26 qui.

2680 1151 43 21 peu
2740 1146 66 26 après
2824 1151 24 16 sa
2866 1146 105 23 créalion,
2990 1145 35 20 fut
3042 1145 143 25 représentée

2680 1179 27 17 en
2723 1175 71 20 même
2807 1176 73 24 temps
2894 1179 41 21 par
2946 1173 165 27 quatre-vingts
3125 1172 50 21 théâ-

2681 1203 45 20 tres
2743 1203 161 20 d'outre-Rhin.

2705 1244 29 22 Ce
2752 1245 65 25 qu'en
2836 1245 72 23 disait,
2928 1245 46 20 lors
2993 1245 28 20 de
3039 1248 24 17 sa
3082 1243 103 27 parution

2682 1272 56 23 dans
2760 1264 13 30 i'
2794 1280 9 10 »
2824 1273 137 21 Illustration
2982 1272 118 21 Théâtrale
3120 1280 17 15 »,
3159 1272 28 20 M.

2681 1301 80 20 Robert
2777 1302 26 20 de
2820 1302 112 25 Bcauplan
2950 1306 56 16 nous
3025 1301 71 26 paraît
3111 1304 65 17 carac-

2682 1329 79 21 tériser
2780 1330 13 20 à
2814 1330 112 21 merveille
2946 1331 36 20 cet
3001 1333 99 22 ouvrage
3120 1329 67 20 d'une

2681 1358 53 25 âpre
2750 1359 21 20 et
2789 1358 63 22 triste
2868 1359 97 25 passion,
2980 1359 30 20 où
3025 1358 112 20 semblent
3152 1357 24 20 ré-

2682 1390 83 16 sonner
2775 1386 85 25 parfois
2872 1387 40 20 des
2922 1387 67 20 échos
3000 1386 27 21 dc
3039 1394 10 10 «
3060 1386 88 20 Tristan
3162 1390 23 16 »:

2706 1422 10 9 •
2731 1414 29 21 Le
2776 1415 61 24 sujet
2850 1415 27 20 de
2892 1422 9 9 «
2917 1415 52 21 Karl
2984 1415 21 20 et
3020 1415 62 20 Anna
3099 1422 17 15 »,
3131 1414 45 21 écri-

2682 1442 78 23 vait-il,
2783 1444 34 19 est
2840 1443 109 25 empreint
2987 1443 67 20 d'une
3090 1442 97 21 cortalne

2682 1470 122 26 élrangeté.
2822 1471 17 20 Il
2859 1476 13 15 a
2889 1471 34 20 été
2941 1471 129 27 popularisé
3087 1475 42 22 par
3156 1475 30 16 un

2683 1498 48 20 film
2750 1499 234 26 cinématographique
3002 1499 41 21 lire
3062 1500 31 20 du
3110 1500 77 20 drame

2682 1527 94 25 original
2797 1528 23 21 et
2837 1528 38 24 qui
2896 1532 13 16 a
2928 1528 35 20 été
2981 1527 130 26 représenté
3131 1527 57 21 dans

2683 1559 95 22 presque
2798 1556 50 20 tous
2870 1556 32 20 les
2922 1560 63 21 pays,
3004 1556 139 21 notamment
3160 1560 27 16 en

2683 1583 91 24 France,
2789 1588 55 16 sous
2861 1583 20 21 le
2900 1584 50 20 titre
2971 1589 6 15 :
2998 1592 10 10 «
3027 1585 28 21 Le
3073 1585 67 20 chant
3157 1584 31 21 du

2684 1611 126 26 prisonnier
2827 1620 18 13 ».
2863 1612 115 21 L'histoire
2996 1612 57 21 n'est
3071 1617 41 21 pas
3130 1617 45 15 nou-

2683 1640 57 20 velle
2754 1644 27 17 cn
2796 1641 32 20 soi
2844 1637 27 24 de
2885 1645 25 16 ce
2924 1641 126 26 prisonnier
3064 1641 27 22 de
3107 1645 81 22 guerre

2683 1669 63 25 porlé
2765 1669 92 25 disparu
2876 1669 80 25 depuis
2975 1669 113 26 plusieurs
3106 1669 83 21 années

2682 1697 22 20 et
2724 1697 72 20 même
2814 1697 239 21 admlnistrativement
3073 1698 116 20 considéré

2683 1730 86 15 comme
2788 1726 59 19 mort
2864 1726 44 25 qui,
2928 1727 108 19 revenant
3053 1726 53 20 chez
3127 1727 29 19 lui
3177 1725 13 21 à

2684 1753 152 26 l'improvisle,
2857 1755 77 21 trouve
2956 1759 25 15 sa
3005 1754 81 20 femme
3108 1754 81 21 mariée

2683 1782 13 20 à
2708 1786 30 16 un
2753 1783 71 20 aulre.
2838 1781 148 27 L'originalité
3001 1783 33 20 est
3048 1783 56 20 dan6
3118 1783 20 20 le
3151 1787 39 17 cas

2685 1810 27 21 de
2733 1810 86 21 l'autre.
2840 1810 77 21 C'était
2936 1815 30 16 un
2996 1815 139 22 compagnon
3163 1811 27 20 de

2684 1838 103 26 captivité
2806 1838 29 21 du
2853 1839 67 23 mari;
2941 1839 54 20 c'est
3011 1844 40 21 par
3069 1840 32 20 les
3118 1840 60 20 confi-

2685 1867 81 20 dences
2789 1867 154 25 quotidiennes
2967 1869 23 19 et
3009 1868 132 20 indiscrètes
3163 1868 28 20 de

2684 1899 25 17 ce
2742 1895 63 24 mari,
2839 1895 46 21 être
2905 1896 87 25 simple,
3011 1896 53 26 qu'ii
3084 1901 13 16 a
3116 1901 74 16 connu

2684 1923 127 21 l'existence
2823 1924 27 20 de
2861 1929 26 16 sa
2899 1925 90 24 femme,
2999 1924 53 27 qu'il
3065 1925 53 20 s'esl
3129 1924 60 27 épris

2684 1951 64 21 d'elle
2766 1953 217 25 romanesquement,
2999 1953 53 26 qu'il
3064 1951 19 23 Ca
3099 1953 34 21 été
3151 1953 39 21 ob¬

3204 973 61 23 sédé,
3285 972 219 22 sentimentalement
3533 973 23 20 et
3589 971 110 27 physique-

3206 1002 66 23 ment,
3294 1006 40 22 par
3350 1006 26 16 sa
3397 1001 93 21 hantise.
3510 1000 82 26 Evadé,
3610 1000 16 21 11
3645 1000 65 21 court

3206 1035 52 16 vers
3276 1029 49 25 elle.
3343 1030 17 20 11
3379 1034 28 17 ne
3426 1030 31 20 lul
3473 1029 33 22 dit
3526 1029 61 26 point
3604 1028 54 27 qu'il
3676 1030 35 20 est

3206 1063 41 16 son
3282 1057 56 22 mari
3362 1057 73 22 rendu
3457 1057 191 22 méconnaissable
3672 1060 41 24 par

3206 1086 117 25 l'absence,
3339 1085 56 22 mais
3408 1086 16 21 il
3438 1085 141 27 l'épouvante
3594 1086 23 21 et
3631 1085 80 22 l'attire

3208 1117 45 18 Inut
3272 1115 113 22 ensemble
3404 1119 41 22 par
3462 1114 20 21 lo
3501 1114 66 21 détail
3586 1114 124 21 minutieux

3207 1144 39 21 des
3265 1143 117 21 souvenirs
3403 1142 53 27 qu'il
3474 1143 92 26 évoque.
3586 1142 47 22 Uno
3651 1144 60 20 sorte

3207 1172 27 21 dc
3249 1171 125 27 complicité
3388 1171 85 21 secrèto
3489 1172 23 21 et
3523 1171 109 21 Inavouée
3646 1170 56 22 s'éta-

3207 1200 40 22 blit
3257 1201 63 20 entre
3327 1205 57 19 .eux,
3396 1204 44 17 une
3452 1200 89 21 trouble
3552 1199 119 22 confusion
3684 1199 28 21 de

3207 1228 157 27 personnalité,
3379 1233 31 16 un
3427 1233 44 21 peu
3485 1228 15 22 à
3514 1228 22 21 la
3552 1228 66 26 façon
3633 1228 28 22 de
3676 1227 26 22 Pi-

3211 1257 101 21 randello
3324 1271 7 9 ,
3354 1257 57 21 mais
3449 1256 54 22 d'un
3544 1256 168 26 pirandelllsme

3208 1286 117 26 transposé
3337 1289 42 23 par
3388 1290 31 16 un
3432 1285 145 26 compatriote
3589 1286 24 21 et
3623 1289 32 18 un
3668 1285 34 21 dis-

3207 1314 57 26 ciple
3281 1314 27 21 de
3324 1314 80 21 Freud.
3421 1313 177 22 Dédoublement
3614 1314 32 21 du
3662 1313 52 25 mol,

3208 1343 161 23 inconscience,
3394 1342 181 25 subconscience,
3601 1342 103 27 'prédesti-

3208 1371 74 21 nation
3299 1370 114 23 charnelle
3433 1375 7 16 :
3457 1371 52 21 tous
3539 1375 38 17 ces
3605 1370 108 22 éléments

3210 1399 50 22 font
3283 1399 88 21 oublier
3395 1399 216 21 l'invraisemblance
3635 1398 69 22 fonda-

3208 1428 96 20 mentale
3324 1428 28 21 de
3369 1427 114 27 l'intrigue
3501 1428 22 20 et
3540 1427 22 21 la
3579 1427 63 27 place
3660 1427 55 21 elle-

3208 1457 71 19 même
3296 1461 42 16 sur
3355 1456 52 26 plan
3425 1456 28 21 de
3470 1456 133 21 recherches
3619 1455 95 22 subtiles

3208 1489 43 22 que
3269 1485 21 20 la
3308 1492 10 10 «
3336 1484 165 26 psychanalyse
3519 1491 11 12 »
3546 1489 14 17 a
3577 1484 69 22 mises
3662 1484 15 21 à
3692 1484 22 21 la

3208 1513 72 21 mode.

3233 1542 29 20 Ce
3275 1541 54 27 qu'il
3342 1547 15 22 y
3371 1546 14 16 a
3397 1541 106 21 toutefois
3517 1542 28 20 de
3559 1541 53 27 plus
3625 1545 76 18 remar-

3208 1569 80 26 quable
3302 1569 57 22 dans
3372 1570 58 20 celte
3444 1574 76 17 œuvre
3535 1570 23 21 et
3572 1570 27 21 de
3615 1569 51 29 plus
3681 1569 23 22 di-

3210 1598 47 21 rect
3278 1598 57 21 dans
3356 1598 148 26 l'Impression
3523 1597 84 28 qu'elle
3626 1598 91 27 produit

3208 1631 42 16 sur
3265 1626 74 21 toutes
3357 1627 33 21 les
3409 1626 143 25 sensibilités,
3562 1627 62 24 .c'est
3641 1626 21 22 la
3679 1631 25 16 re-

3209 1655 143 20 constitution
3365 1655 67 21 d'une
3444 1655 151 26 atmosphère.
3606 1655 58 22 Sans
3676 1655 29 22 dé-

3209 1683 126 25 clamation,
3354 1688 54 16 sans
3427 1683 143 27 exagération
3590 1684 125 20 outranciê-

3209 1716 30 20 re,
3252 1716 55 16 avec
3319 1716 44 18 une
3374 1711 119 27 simplicité
3505 1713 22 20 et
3537 1716 45 17 une
3593 1712 71 21 vérité
3676 1712 38 27 qui

3211 1741 167 25 s'apparentent
3389 1742 15 20 à
3416 1741 22 21 la
3448 1741 113 22 meilleure
3571 1741 104 23 tradition
3687 1741 28 22 de

3210 1769 62 20 notre
3296 1768 61 24 école
3379 1768 133 22 naturaliste
3533 1781 27 5 —
3582 1769 55 22 celle
3661 1769 55 22 d'un

3209 1797 151 25 Maupassant,
3377 1802 43 22 par
3436 1797 103 27 exemple
3556 1808 26 5 —
3597 1798 31 21 M.
3645 1797 71 22 Léon-

3209 1825 56 22 hard
3277 1825 73 21 Frank
3361 1829 13 16 a
3385 1830 28 16 su
3424 1830 59 17 nous
3495 1827 107 24 montrer,
3615 1830 43 23 par
3670 1830 46 18 une

3209 1854 57 21 suite
3280 1854 27 21 de
3321 1854 112 21 notations
3445 1854 80 21 brèves
3538 1855 23 21 et
3574 1858 97 23 presque
3683 1854 22 22 el-

3210 1882 110 26 liptiques,
3340 1882 33 21 les
3392 1882 94 22 misères
3505 1884 22 20 et
3546 1884 33 21 les
3598 1882 106 23 souffran-

3209 1915 37 16 ces
3266 1915 43 22 que
3329 1912 20 19 la
3368 1915 82 22 guerre
3470 1912 95 26 apporte
3584 1916 45 17 aux
3649 1911 56 23 hum-

3209 1939 55 24 bles,
3282 1939 65 26 quels
3366 1939 67 27 qu'ils
3451 1940 79 25 soient,
3547 1945 57 17 sans
3624 1940 80 21 distinc-

3209 1968 43 20 tion
3273 1967 27 21 do
3318 1968 136 22 nationalité.

2687 2006 1029 27 Illllllllllllllllllllllllllllllllllllllllllllllllllllllllllllllllllllllllllllllllllllllllllllllllllllllll

2871 2057 98 39 Nos
2999 2059 188 38 artistes
3216 2060 28 37 à
3274 2057 248 48 l'étranger

2684 2148 75 83 Le
2786 2148 263 85 Théâtre
3076 2148 285 85 National
3382 2150 331 101 Populaire

3004 2260 43 61 à
3094 2258 283 65 l'Odéon

2716 2374 61 21 Pour
2789 2374 21 21 la
2820 2375 111 25 première
2943 2376 44 20 fois
2999 2380 45 16 une
3056 2376 81 26 troupe
3149 2376 25 21 ré-

2683 2402 88 25 gulière
2786 2403 66 26 beige
2868 2404 89 25 jouera,
2973 2408 25 17 ce
3015 2404 99 24 mois-ci,
3130 2405 57 20 dons

2684 2435 29 16 un
2730 2431 88 21 théâtre
2833 2432 167 21 subventionné
3013 2433 28 21 de
3056 2433 72 21 Paris.
3143 2433 44 21 Les

2685 2459 93 21 artistes
2791 2460 31 20 du
2836 2460 98 22 Théâtre
2947 2460 104 22 National
3066 2462 121 25 Populaire

2684 2488 136 25 donneront,
2836 2495 29 16 en
2881 2489 67 23 effet,
2965 2489 34 21 les
3015 2490 38 22 20,
3070 2490 29 21 22
3118 2492 23 20 et
3158 2490 29 21 23

2684 2516 63 24 avril,
2761 2517 42 20 des
2817 2517 195 26 représentations
3027 2519 28 20 de
3073 2527 9 9 «
3101 2519 87 26 Malgré

2686 2549 57 16 ceux
2756 2546 39 24 qui
2810 2546 132 20 tombent...
2960 2554 19 16 »,
2994 2547 27 20 de
3037 2547 56 20 Paul
3106 2547 81 26 Spaak,

2685 2577 28 16 au
2729 2573 88 22 théâtre
2832 2574 28 21 de
2875 2574 103 22 l'Odéon.

2715 2601 57 22 Mise
2791 2607 27 15 en
2836 2602 68 21 scène
2922 2608 40 21 par
2979 2604 76 25 Roger
3072 2604 116 24 Beaulieu,

2685 2630 117 23 directeur,
2824 2631 28 20 de
2878 2631 21 20 la
2923 2631 145 27 Compagnie,
3093 2633 94 21 l'œuvre

2685 2663 52 16 sera
2748 2659 138 26 interprétée
2897 2665 41 21 par
2948 2661 121 21 lui-même
3087 2662 59 23 (rôle
3160 2661 27 21 de

2684 2686 112 21 Martinus
2815 2687 109 25 Venator)
2946 2690 23 20 et
2986 2694 41 21 par
3044 2690 30 20 M.
3093 2690 95 20 Charles

2686 2715 93 21 Gontler
2795 2716 130 25 (Kanzler),
2938 2717 74 22 Mmes
3025 2718 107 21 Marcelle
3145 2718 41 21 Ar-

2686 2744 34 25 ley
2737 2744 97 25 (Anne),
2850 2745 91 22 Yvonne
2955 2745 117 27 Raymond
3090 2747 94 25 (Marie)

2686 2773 22 19 et
2722 2772 70 26 Betsy
2804 2773 74 21 Vanès
2894 2773 33 24 (la
2939 2774 85 25 mère).

2714 2800 53 23 Nos.
2789 2802 173 26 sympathiques
2989 2803 94 21 artistes
3109 2805 79 22 seront

2685 2828 80 26 l'objiet
2779 2830 27 21 de
2820 2831 151 21 nombreuses
2986 2836 108 22 marques
3108 2833 67 20 d'ami-

2687 2857 30 21 tié
2729 2854 28 24 scie
2771 2858 21 20 la
2803 2859 52 25 part
2868 2858 41 25 (lès
2922 2860 112 21 autorités
3047 2862 23 20 et
3082 2861 41 20 des
3135 2866 41 22 per-

2685 2882 125 25 sonnalités
2836 2887 134 26 artistiques
2996 2888 134 27 françaises.
3157 2889 32 21 Ils

2686 2915 79 20 seront
2779 2919 68 21 reçus
2861 2915 14 21 à
2889 2914 84 23 l'Hôtel
2987 2917 27 20 de
3029 2917 57 21 Ville
3101 2918 28 20 de
3144 2918 32 20 Pa-

2685 2942 31 20 ris
2733 2948 41 21 par
2790 2943 31 22 M.
2839 2944 92 25 Latour,
2948 2945 118 26 président
3082 2946 30 21 du
3128 2946 48 21 Con-

2685 2971 42 20 seil
2744 2971 122 27 Municipal
2886 2973 28 20 de
2941 2973 71 25 Paris,
3033 2974 22 21 la
3082 2974 106 21 Comédie

2687 3000 118 25 Française
2827 3002 105 24 organise
2954 3006 45 18 une
3021 3002 118 27 réception
3159 3008 30 17 en

3211 2378 51 20 leur
3281 2377 113 24 honneur,
3415 2378 56 21 ainsi
3492 2383 44 22 que
3555 2378 160 22 l'Association

3211 2406 41 20 des
3268 2405 98 22 Anciens
3380 2407 173 25 pensionnaires
3568 2407 28 21 de
3613 2406 103 23 l'Odéon.

3212 2434 75 24 Enfin,
3303 2439 31 16 un
3351 2435 37 21 Ihé
3404 2435 50 21 leur
3470 2440 53 16 sera
3539 2436 72 22 offert
3627 2440 43 22 par
3684 2436 32 21 M.

3211 2462 28 21 de
3255 2463 97 20 Gaiffier
3366 2463 130 27 d'Hestroy,
3510 2464 165 23 ambassadeur
3687 2464 28 23 de

3213 2491 108 26 Belgique
3333 2492 15 20 à
3359 2492 73 21 Paris.

3243 2519 33 22 De
3287 2524 42 16 son
3341 2520 58 24 côté,
3411 2520 21 21 le
3444 2521 99 21 Théâtre
3553 2521 107 22 National
3669 2522 34 21 Po-

3212 2548 87 26 pulaire
3315 2549 62 21 offre
3393 2554 30 16 au
3439 2549 104 27 Claridge
3558 2555 32 17 un
3606 2551 111 25 déjeuner

3212 2577 83 25 auquel
3308 2577 138 23 assisteront
3457 2578 28 23 de
3497 2579 153 21 nombreuses
3662 2584 42 22 per-

3213 2605 125 21 sonnalités
3349 2606 142 27 artistiques,
3503 2607 124 22 littéraires
3639 2610 24 20 et
3673 2612 31 23 po-

3213 2633 100 26 litiques.

3245 2661 32 22 On
3290 2669 28 16 ne
3331 2667 86 22 pourra
3427 2663 53 27 plus
3493 2664 48 21 dire
3553 2670 44 21 que
3609 2665 66 21 Paria
3687 2670 29 16 ne

3213 2691 42 20 fait
3267 2695 42 22 pas
3322 2696 45 16 aux
3380 2692 83 26 Belges
3475 2697 45 17 une
3533 2693 65 27 place
3609 2692 28 23 de
3650 2691 67 24 oholi

3212 2718 57 22 dans
3283 2724 38 16 ses
3337 2720 109 22 théâtres.
3461 2720 85 23 Tandis
3559 2725 45 23 que
3617 2722 23 21 la
3652 2722 66 22 Scala

3212 2748 107 22 continue
3331 2749 13 20 à
3356 2749 95 25 donner,
3462 2754 56 17 avec
3530 2750 42 22 des
3584 2752 94 21 acteurs
3689 2752 28 21 de

3213 2776 56 20 chez
3289 2781 67 20 nous,
3380 2785 10 10 »
3412 2778 64 21 Pour
3495 2783 46 16 une
3563 2779 45 21 fols
3636 2783 81 18 savez-

3212 2809 58 16 vous
3283 2812 19 18 »,
3314 2806 22 21 la
3347 2803 138 30 Compagnie
3497 2808 30 20 du
3540 2808 85 21 Marais
3637 2808 68 22 triom-

3212 2833 45 26 phe
3275 2834 108 26 toujours
3399 2839 30 18 au
3445 2835 90 24 Studio,
3545 2836 42 22 dos
3605 2836 161 28 Champs-*-**,,^

3214 2862 93 26 Elysées
3321 2868 56 16 avec
3392 2862 35 23 «le
3441 2864 47 21 Mal
3501 2864 29 22 de
3545 2865 23 22 la
3579 2866 138 24 Jeunesse»,

3213 2891 38 26 qui
3266 2892 92 20 marche
3374 2891 152 27 allègrement
3540 2898 53 16 vers
3608 2893 23 22 la
3645 2895 72 20 deux-

3213 2919 119 22 centième.
3353 2919 60 22 Avec
3435 2921 21 21 le
3485 2921 100 22 Théâtre
3612 2921 107 23 National

3212 2947 130 27 Populaire,
3357 2949 50 21 cela
3421 2950 51 21 fera
3486 2950 58 21 trois
3557 2951 95 27 troupes
3666 2951 39 22 bel-

3212 2980 42 22 ges
3260 2977 15 20 r
3280 2976 119 23 Bruxolles
3412 2978 38 22 est
3460 2978 145 23 décidément
3616 2983 30 17 en
3659 2980 59 22 train

3216 3004 28 21 de
3257 3005 121 26 conquérir
3389 3006 67 21 Paris
3462 3007 6 21 I
3616 3008 27 21 A.
3658 3009 26 21 O.

2692 3051 1025 33 IIIIIIEUIIIIIIIIIIIIIIIIIIIIIIIIIIIimilllllllllllllllllllllllllllllllllllllllllllllllllllllllllIlHll

2714 3099 366 79 Récital
3135 3104 122 76 de
3318 3104 373 81 danses

2708 3235 31 23 Le
2762 3236 84 23 Comité
2869 3236 87 21 Central
2982 3237 145 22 d'Education
3150 3243 30 16 ou-

2685 3263 70 23 vrière
2773 3264 113 27 organise,
2905 3265 20 22 le
2944 3265 85 22 samedi
3049 3267 23 21 10
3091 3267 64 26 avril,
3174 3268 15 20 à

2684 3293 26 21 20
2722 3294 21 22 h.
2758 3293 33 25 30,
2805 3298 28 17 en
2848 3294 22 21 la
2883 3294 56 21 salie
2951 3295 41 21 des
3006 3295 142 23 conférences
3162 3296 27 22 de

2827 4527 77 22 TISBA
2924 4528 119 24 NEILSON.

3164 4589 25 20 de

2686 4585 22 22 la
2731 4585 87 23 Maison
2843 4586 30 21 du
2897 4586 88 27 Peuple,
3007 4592 31 17 un
3062 4588 76 22 récital

2687 4613 81 21 danses
2785 4614 57 21 dont
2857 4616 56 21 voici
2932 4616 21 20 le
2972 4620 140 22 programme
3131 4623 7 16 :

2710 4643 17 20 1.
2743 4642 69 25 Idylle
2825 4643 102 22 Hindoue
2940 4644 73 25 (Tisha
3027 4645 89 23 Neilson
3128 4648 23 21 et
3165 4645 24 22 E.

2685 4670 27 21 de
2739 4670 123 26 Ghistelles)
2871 4688 6 8 ,
2904 4672 19 21 2.
2951 4673 74 21 Danse
3052 4673 84 22 Céleste
3162 4674 28 22 de

2685 4699 70 26 Siam,
2770 4699 28 21 de
2813 4699 64 22 Carol
2892 4701 82 23 Bérard
2988 4702 74 26 (Tisha
3076 4703 112 25 Neilson),

3212 3239 19 21 3.
3254 3239 78 26 Danse,
3347 3241 59 21 dans
3428 3242 21 21 la
3470 3241 97 27 Pagode,
3588 3242 29 22 de
3635 3242 84 22 Gaston

3212 3267 78 28 Knorp
3308 3269 75 23 (Tisha
3402 3269 90 22 Neilson
3512 3271 23 21 et
3552 3270 70 23 Henri
3640 3270 80 27 Grey),

3212 3298 19 21 4.
3251 3297 75 26 F.sprit
3346 3298 30 20 du
3399 3298 44 26 Nil,
3464 3300 28 21 de
3514 3298 111 22 Niemann
3645 3298 75 26 (Tisha

3213 3326 97 23 Neilson)
3320 3331 7 20 ;
3353 3327 18 20 5.
3401 3327 73 21 Danse
3501 3327 57 22 dans
3584 3328 21 21 le
3630 3328 91 26 Temple

3212 3355 105 24 d'Amon,
3332 3357 30 20 de
3377 3355 109 22 Niemann
3500 3356 76 25 (Tisha
3592 3356 91 22 Neilson
3699 3357 22 21 et

3212 3383 92 21 Charles
3319 3384 67 23 Cottl)
3395 3391 6 19 ;
3415 3385 13 21 6
3451 3385 75 21 Danse
3541 3386 29 21 du
3583 3395 10 10 «
3610 3385 32 22 Ka
3659 3394 18 16 »,
3691 3385 30 22 de

3213 3412 110 21 Niemann
3337 3413 74 25 (Tisha
3426 3414 97 24 Neilson)
3532 3418 7 21 ;
3552 3415 19 20 7.
3586 3413 135 27 Impression

3214 3441 133 25 Espagnole,
3363 3442 29 20 de
3409 3442 63 21 Falla
3489 3442 30 25 ;E.
3536 3444 29 21 de
3581 3442 123 26 Ghistelles)
3713 3447 8 21 ;

3212 3470 20 22 8.
3254 3469 74 22 Danse
3347 3471 29 21 de
3397 3471 21 22 la
3439 3471 59 21 sWort
3516 3471 75 25 (Tisha
3607 3470 114 27 Neilson);

3213 3498 19 20 9.
3253 3498 65 21 Valse
3335 3499 29 21 de
3382 3499 93 26 Vienne,
3492 3500 28 22 de
3537 3499 92 24 Strauss
3647 3500 74 25 (Tisha

3213 3526 90 21 Neilson
3318 3527 22 21 et
3355 3527 91 22 Charles
3460 3528 67 25 Cotel)
3537 3534 6 21 ;
3555 3529 32 21 10.
3602 3529 74 21 Danse
3691 3528 30 23 du

3214 3555 91 26 Gnome,
3330 3556 27 20 de
3376 3555 66 28 Grieg
3464 3556 119 25 (Sylvestre
3607 3556 99 27 Rogiiîrs)
3714 3562 8 21 ;

3213 3585 30 20 11.
3257 3584 103 25 Czardas,
3373 3584 27 23 de
3413 3586 75 22 Monte
3499 3586 34 26 (E.
3544 3586 27 21 de
3583 3586 137 25 Ghistelles);

3214 3612 31 20 12.
3272 3612 74 21 Danse
3371 3613 110 26 d'Anitra,
3506 3614 29 22 de
3559 3613 67 27 Grieg
3647 3614 75 27 (Tisha

3213 3641 97 23 Neilson)
3320 3648 6 19 ;
3348 3642 28 20 13.
3398 3642 30 21 Le
3444 3642 77 22 Clown
3541 3643 119 25 (Sylvestre
3681 3643 32 21 Ro-

3213 3669 66 26 giers)
3288 3676 7 19 ;
3313 3671 29 20 14.
3362 3671 77 28 Qopak
3465 3671 28 21 de
3511 3671 160 26 Moussorgsky
3688 3670 32 27 (E.

3213 3697 27 21 dc
3256 3698 139 27 Ghistelles);
3410 3700 31 22 15.
3458 3700 75 22 Danse
3546 3700 42 21 des
3601 3700 121 27 Sorcier*»,

3213 3725 97 26 inspirée
3332 3728 27 21 de
3381 3727 102 23 Macbeth
3500 3728 31 25 (T.
3554 3727 99 26 Neilson.
3672 3728 50 26 Syl..

3214 3754 92 26 Rogiers
3320 3757 22 19 et
3357 3756 26 21 H.
3399 3756 70 25 Grey).

3237 3783 82 23 Toutes
3336 3784 33 21 les
3385 3784 92 26 danses,
3493 3787 53 21 sauf
3560 3786 32 22 les
3609 3785 54 22 trois
3678 3785 44 22 soli

3211 3811 29 21 dc
3265 3813 29 20 M.
3319 3812 28 21 de
3370 3812 116 23 Ghistelles
3510 3814 23 22 et
3551 3814 22 22 la
3597 3814 70 22 danse
3689 3813 32 23 du

3213 3840 77 21 Clown
3307 3842 28 21 de
3350 3841 29 22 M.
3398 3842 98 26 Rogiers,
3513 3843 53 21 sont
3579 3843 85 25 réglées
3680 3846 42 22 par

3211 3869 27 22 T.
3255 3869 97 22 Neilson.

3212 3929 260 52 Informations
3515 3932 204 51 théâtrales

3267 4025 35 17 UN
3318 4025 88 19 GRAND
3422 4025 67 20 GALA
3505 4027 32 18 DE
3551 4027 113 19 CHARITE

3214 4049 35 18 AU
3265 4049 94 20 PROFIT
3372 4051 47 19 UES
3433 4052 135 19 EMPLOYES
3580 4052 138 19 CHOMEURS

3278 4075 32 17 ET
3327 4075 47 19 DES
3392 4076 119 19 PAUVRES
3528 4077 124 20 HONTEUX

3234 4105 28 19 Le
3277 4107 50 21 gala,
3340 4108 29 20 de
3383 4109 82 18 charité
3480 4110 99 21 organisé
3594 4110 21 19 le
3628 4110 21 19 16
3663 4111 56 19 avril

3214 4131 109 22 prochain,
3344 4137 30 14 au
3394 4133 135 22 Beaux-Arts,
3549 4140 40 17 par
3609 4135 21 19 le
3649 4135 70 21 -Terele

3213 4155 117 20 Industriel
3344 4159 23 17 et
3381 4158 137 23 Commercial
3531 4159 38 21 des
3584 4160 134 20 Er-Officiers

3213 4182 22 17 et
3251 4180 100 20 OfficierH
3369 4184 26 19 de
3412 4183 89 21 Késerve
3519 4185 18 19 (•
3555 4184 58 20 Mars
3628 4187 23 18 et
3668 4185 44 20 Mer

3211 4209 52 15 cure
3284 4207 24 20 ■»},
3330 4207 114 21 s'annonce
3462 4214 83 16 comme
3563 4217 30 14 un
3613 4210 104 20 véritable

3214 4232 77 20 succès.
3305 4231 40 20 Les
3359 4233 48 24 pins
3420 4234 77 21 hantes
3512 4236 154 22 personnalités
3681 4239 36 16 onl

3212 4256 81 20 promis
3304 4257 37 22 d'y
3354 4259 96 24 assister.
3463 4259 28 19 Le
3504 4260 85 19 fameux
3600 4260 52 19 Jau
3666 4259 45 20 Bnr

3213 4284 26 18 ry
3259 4282 78 20 Bolien,
3357 4284 26 19 de
3402 4284 134 23 Mont-Oarlo,
3566 4286 85 21 prêtera
3680 4291 38 14 son

3212 4309 114 23 concours;
3340 4312 28 18 ou
3383 4309 93 19 dansera
3489 4312 23 17 et
3525 4315 29 15 on
3569 4311 104 19 entendra
3688 4311 31 19 les

3214 4330 146 24 inséparables
3380 4332 81 24 Wicnér
3479 4337 22 17 et
3519 4335 80 20 Doucet
3615 4335 55 20 dans
3688 4341 29 14 un

3213 4356 118 20 répertoire
3351 4358 162 22 complètement
3535 4361 118 21 renouvelé,
3684 4366 34 15 oes

3212 4380 55 19 denx
3284 4383 89 19 artistes
3390 4387 69 18 ayant
3477 4387 50 17 tenu
3545 4385 15 19 à
3577 4387 78 19 mettre
3671 4386 47 20 letir

3213 4407 171 20 extraordinaire
3405 4409 70 20 talent
3496 4414 29 15 au
3547 4411 81 19 service
3648 4411 27 22 de
3695 4412 23 19 la

3212 4430 84 20 charité
3313 4435 68 17 avant
3398 4435 27 18 de
3443 4434 145 24 s'embarquer
3605 4441 55 18 pour
3677 4436 34 20 l'A-

3212 4456 101 22 mérique.
3335 4458 38 19 Les
3390 4461 72 18 cartes
3490 4460 95 20 d'entrée
3613 4464 50 17 sont
3690 4467 28 14 en

3213 4482 62 20 vente
3291 4488 29 15 au
3338 4484 127 19 secrétariat
3482 4486 27 21 de
3526 4492 9 10 •
3553 4485 58 20 Mars
3627 4490 23 18 et
3667 4486 44 20 Mer-

3211 4509 52 16 cure
3276 4514 9 9 »
3300 4507 71 21 (Hôtel
3385 4507 73 23 Albert
3472 4510 50 21 1er),
3533 4516 43 14 aux
3589 4512 129 20 Beaux-Arts

3211 4532 24 17 et
3245 4531 49 19 chez
3307 4533 49 19 Mile
3368 4534 23 19 N.
3407 4535 122 20 Duchateau
3543 4535 59 22 (Miss
3613 4536 104 24 Univers),

3211 4557 38 20 qui
3263 4556 32 19 les
3309 4559 124 21 présentera
3447 4560 116 20 elle-même
3576 4565 43 16 aux
3634 4567 76 17 person-

3212 4585 38 14 nes
3267 4582 37 22 qui
3324 4583 106 20 voudront
3459 4585 31 19 lui
3521 4587 55 18 faire
3605 4586 113 21 l'honneur

3209 4606 65 20 d'une
3288 4607 68 20 visite.
3371 4608 95 21 L'entrée
3473 4611 27 19 de
3506 4611 67 19 lOOlfr.
3580 4617 82 17 payera
3668 4614 49 21 tous

3213 4630 29 19 les
3256 4632 64 25 frais;
3334 4633 60 22 donc,
3408 4639 39 17 pas
3459 4635 28 20 de
3498 4635 59 21 droit
3569 4637 27 21 de
3609 4638 107 21 vestiaire,

3212 4661 38 16 pas
3269 4658 26 19 de
3312 4659 95 20 tombola
3424 4660 129 23 d'enchères,
3570 4666 40 18 pas
3627 4661 27 21 de
3671 4668 39 17 pro-

3212 4686 100 16 gramme.
3332 4683 37 19 Les
3387 4685 180 20 consommations
3585 4689 72 18 seront
3674 4692 42 15 aux

3212 4707 47 21 prix
3274 4708 128 24 ordinaires.

2684 4750 1033 32 iiiiiiiiiiitiiiiiiiiuiiiifiiiiiiiiiiitaiiitiiitiitiiiiiiiiififtiniiiiiiiiiiiiiHiiiiffiiiiiiiiiiftiitn

2684 4797 27 49 A
2733 4807 135 49 propos
2891 4798 42 50 de
2955 4799 36 50 la
3012 4802 145 56 reprise
3181 4801 64 50 des
3269 4801 187 53 "Maîtres
3480 4803 235 60 Chanteurs,,

2789 5625 160 22 EGLANT1NE
2960 5627 112 26 DEULIN,
3356 5631 57 20 TAN
3428 5631 134 27 OBBERGB,

2681 5654 140 26 {'exceUfnte
2837 5655 124 28 ititerprite.
2980 5656 33 21 Ou
3036 5656 50 25 rCie
3109 5657 77 22 d'Eva.
3205 5658 41 26 gui
3259 5658 45 27 fait
3319 5663 33 17 un
3367 5659 62 22 Hans
3446 5660 70 22 Sachs
3533 5661 47 21 très
3597 5662 117 26 applaudi.
