4140 5740
145 193 148 31 à«lC\XCIIE
313 193 24 23 11
358 192 126 24 JUILLET

1950 188 44 26 LA
2009 187 137 27 NATION
2162 190 115 26 BELGE

158 272 242 68 L'accord
438 270 185 66 relatif

234 382 109 46 aux
380 364 152 63 mark

150 478 43 22 Les
208 473 166 25 ruteocialions
391 475 69 22 enlre
476 474 29 22 M.
520 472 80 23 nillcr
615 471 24 22 cl

124 507 63 23 Gull,
212 502 231 30 plénipotentiaires
467 501 43 23 des
532 504 106 25 gouver-

125 534 105 24 nemenls
243 530 68 28 bel^u
326 531 24 22 el.
363 530 121 24 allemand
497 531 43 21 ont
553 527 83 24 abouti

123 569 24 18 ce
166 560 75 24 malin
261 564 14 18 a
295 565 32 17 un
348 558 86 24 accord
452 557 60 23 dont
530 556 63 22 voici
615 555 21 22 la

123 589 87 31 portée.
230 587 168 29 L'Allemagne
417 586 111 29 s'engage
548 584 14 23 à
581 588 42 17 ver-

123 625 37 18 ser
179 618 13 22 à
213 617 21 23 la
255 616 118 28 Belgique
395 615 34 22 les
447 612 116 25 annuilés
583 616 38 18 sui-

123 649 87 23 vantes,
228 650 48 18 aux
294 643 132 25 échéances
443 640 121 29 ci-après:

690 270 81 113 3

817 260 187 36 HEURES

878 305 64 32 DU

833 345 150 34 MATIN

1088 260 881 133 DERNIERES
2020 260 933 137 NOUVELLES
3036 280 85 117 3

3163 271 190 37 HEURES

3224 316 66 33 DU

3183 356 150 36 MATIN

147 680 79 24 Année
242 681 21 21 el
283 678 46 24 moi

334 684 11 17 3

498 675 39 23 Fr.
555 672 80 30 belges

121 711 30 22 1"
162 709 48 27 sepl

217 724 4 5 .
238 707 88 23 1929-31

345 711 65 17 mars
426 704 53 22 1930

501 704 125 20 13S.7i'.9.l'iii

120 739 30 23 1"
162 735 51 25 avri

217 736 6 21 1
240 734 89 24 IM0-3I

346 739 52 16 niar

426 733 49 21 11131

499 733 7 20 1
512 733 13 20 S
530 731 26 22 l.l
561 731 75 24 09,000

159 764 31 23 id.

232 763 66 23 1931-

347 760 31 24 id.

427 761 53 21 11)32

499 760 25 21 18
529 759 107 22 1.109.000

160 791 30 24 id.

233 790 66 23 1932-

347 789 31 23 id.

427 790 54 20 1933

501 787 135 22 181.109.000

159 821 13 22 i'
177 820 5 15 1

231 819 67 22 1933-

348 817 28 22 id.

426 818 8 20 i
440 816 26 22 91
472 817 7 20 i

497 816 61 22 222.7
563 815 73 22 '0.090

159 847 30 25 id.

231 846 67 24 1931-

346 845 32 22 id.

429 844 50 22 I93D

495 843 140 22 222.710.000

159 876 31 23 id.

232 875 66 23 1935-

347 872 44 23 id.'

426 873 55 21 1930

497 871 138 24 222,710.000

158 904 31 24 id.

232 902 65 24 1936-

345 900 32 24 id.

425 901 53 21 1937

495 899 140 22 222.710.000

159 933 30 22 id.

231 930 67 23 1937-

347 928 30 24 id.

429 929 51 21 '"38

496 928 139 22 222.710.000

159 960 30 23 id.

231 958 65 23 1938-

346 956 30 23 id.

425 957 53 21 1939

495 955 140 26 222,710,000

159 989 30 22 id.

230 986 66 24 1939-

346 985 30 21 ■■i.

426 984 54 23 1940

496 984 139 22 222.710.000

159 1016 30 24 id.

230 1014 65 24 1940-

345 1012 30 24 id.

424 1012 51 23 1911

495 1013 62 22 222.7
562 1012 73 22 10.000

159 1045 30 22 id.

230 1042 66 24 1941-

344 1040 32 23 id.

425 1040 54 23 1912

497 1040 138 26 172.170,000

158 1072 31 24 id.

229 1070 66 24 1942-

345 1068 29 24 id.

424 1070 54 20 1913

498 1068 137 26 172,176.000

158 1100 31 24 id.

229 1098 66 24 1943-

345 1097 4 22 i
363 1096 12 23 1.

423 1097 53 21 1911

495 1096 139 23 172.170.000

159 1129 29 22 id.

229 1126 66 24 1941-

345 1124 30 24 id.

424 1125 54 22 1945

498 1123 136 26 172,170.600

159 1157 30 23 id.

230 1154 66 24 1945-

344 1152 31 23 id.

423 1153 55 23 1916

495 1153 139 22 172.170.000

159 1185 30 22 id.

231 1181 65 25 1916-

345 1181 31 22 ;■!.

425 1181 52 22 1917

497 1181 138 22 172.17fl.00O

159 1208 33 28 id.'

229 1210 65 24 1947-

343 1216 4 14 :
361 1223 12 8 ,.

423 1209 54 23 1918

496 1209 137 21 172.170.00:1

159 1240 30 24 id.

230 1238 66 24 19S8-

344 1237 32 22 id.

425 1237 54 22 1919

498 1237 136 23 172,170.000

160 1268 29 25 id.

230 1266 64 24 1949-

344 1264 30 24 id.

424 1265 54 23 1950

507 1265 127 22 79.003.S0O

162 1296 28 25 id.

229 1295 65 23 1950-

343 1293 31 23 ici.

422 1294 51 21 1951

507 1293 126 22 79.003.800

161 1326 30 22 id.

231 1322 64 24 1951-

344 1322 31 21 i.!.

424 1322 53 21 1952

507 1320 126 24 79.663.830

161 1353 30 23 id.

230 1350 64 25 1952-

344 1349 29 23 ici.

423 1349 53 23 1953

508 1349 124 22 79.003.S0O

160 1381 30 23 id.

230 1378 64 23 1953-

342 1376 31 24 id.

422 1378 52 21 1951

505 1377 35 22 79.
549 1377 83 21 '.13.800

159 1409 29 22 id.

229 1406 65 24 1954-

343 1405 31 23 id.

424 1405 52 22 I<155

506 1405 126 21 79.003.80»

159 1436 29 24 id.

230 1435 65 23 1955-

344 1432 29 24 id.

422 1433 54 22 1950

506 1433 28 22 79
542 1433 90 22 003.800

157 1464 31 23 id.

230 1462 66 24 1956-

343 1461 31 23 id.

421 1462 54 21 1957

505 1461 126 22 79.003.800

157 1491 31 25 id.

228 1491 66 23 19.77-

343 1489 32 23 id.

425 1489 52 23 1958

506 1489 125 22 79.003.800

157 1520 31 23 id.

229 1518 65 24 1958-

343 1517 31 23 id.

423 1518 53 21 1959

506 1517 125 23 79.003.SOil

156 1547 32 24 id.

229 1547 65 23 1959-

342 1545 31 23 id.

421 1545 53 25 1980

504 1545 126 24 79.663.800

157 1577 31 22 id.

229 1576 65 22 1960-

342 1574 30 22 i.i.

423 1573 47 23 1961

504 1573 126 23 79.663.800

156 1604 31 24 id.

229 1603 65 23 1951-

343 1602 29 23 id.

421 1602 53 21 1902

505 1602 126 22 79.603.800

157 1631 30 25 id.

229 1631 65 24 1902-

343 1629 29 24 id.

423 1630 51 22 1963

504 1630 127 22 79.603.800

157 1661 30 21 M.

229 1660 65 23 1963-

342 1658 29 23 id.

420 1658 52 22 1901

503 1658 127 26 79,663.800

157 1689 31 22 id.

230 1688 66 22 i%;-

344 1686 30 23 id.

421 1687 53 21 1905

505 1685 125 24 79.663.800

157 1717 31 23 ici.

231 1716 64 23 1965-

343 1714 30 24 ici.

423 1714 51 23 1956

503 1715 127 24 79,003.800

141 1752 44 22 Ces
202 1750 112 25 annuilés
331 1748 135 25 revùliront
482 1755 48 17 une
550 1749 79 21 forme

117 1780 123 28 identique
256 1779 14 22 à
285 1778 60 24 celle
361 1778 91 28 prévue
469 1783 46 22 par
532 1777 35 23 les
584 1782 31 17 an-

114 1808 82 23 nuilés
216 1808 76 22 fixées
311 1812 30 17 au
362 1807 55 27 plan
437 1806 92 27 Young.

143 1842 182 28 L'engagement
347 1840 27 24 de
406 1840 156 28 l'Allemagne
593 1841 36 21 est

118 1869 193 26 inconditionnel,
348 1867 155 25 c'esl-à-dire
539 1868 90 28 qu'elle

116 1898 161 25 continuerait
292 1897 14 23 à
321 1903 76 22 payer
412 1898 34 21 les
462 1897 116 23 annuités
594 1896 19 23 fi-

116 1927 56 24 lées
185 1932 44 23 par
243 1925 99 25 l'accord
357 1924 123 24 ci-dessus
494 1931 31 17 au
542 1931 41 17 cas
598 1924 31 23 où

117 1962 33 17 un
163 1954 126 24 moratoire
301 1953 28 23 de
342 1953 119 23 transfert
473 1959 32 16 ou
517 1953 29 23 de
559 1958 55 23 paie-

120 1985 76 22 ments
211 1981 183 25 interviendrait
410 1987 63 22 pour
489 1982 34 22 les
539 1981 76 23 annui-

120 2012 37 23 tés
174 2011 74 23 fixées
265 2016 29 17 au
313 2010 57 28 plan
389 2010 92 27 Young.
501 2009 62 23 Mais
581 2010 47 22 eile

122 2046 25 17 se
160 2040 93 22 réserve
267 2039 56 22 dans
337 2043 26 17 ce
378 2038 100 23 dernier
492 2043 40 18 cas
547 2038 82 22 d'exé-

119 2069 68 22 culer
203 2073 37 17 ses
257 2066 143 28 olilgnlions
418 2071 58 18 sous
495 2066 79 23 forme
599 2065 29 23 de

118 2096 145 28 preslalions
279 2101 27 18 en
322 2095 95 22 nalure.

143 2129 29 23 AI.
193 2129 57 23 Glllt
270 2129 67 23 avait
357 2128 199 29 précédemment
576 2129 38 23 dis-

114 2157 55 23 cuté
182 2157 13 23 à
208 2157 80 23 Berlin
302 2163 58 17 avec
374 2158 22 24 le
412 2158 171 28 représentant
596 2157 31 22 du

116 2185 111 23 minisire
250 2185 42 23 des
317 2186 120 22 Finances
461 2186 121 23 allemand
609 2186 22 21 la

115 2212 56 23 base
190 2212 57 23 d'un
268 2213 86 23 accord
374 2214 86 22 relatif
479 2214 14 23 à
512 2214 24 23 la
556 2214 60 23 resti-

113 2240 79 23 tution
205 2241 43 23 des
259 2241 70 23 biens
342 2242 135 23 allemands
490 2242 140 29 séquestrés

111 2274 48 17 Don
175 2275 86 17 encore
278 2269 114 29 liquidés.

142 2303 30 23 I.e
194 2304 169 28 représentant
393 2304 32 22 du
447 2305 115 23 ministre
589 2305 43 23 des

114 2331 121 23 Finances
263 2331 120 23 allemand
414 2333 68 22 é'ant
509 2334 88 22 retenu
619 2334 14 21 à

114 2358 92 26 Berlin,
225 2358 102 25 l'accord
345 2359 113 25 définitif
476 2367 14 16 a
508 2361 39 23 élé
565 2361 69 29 signé

113 2387 14 21 à
147 2387 83 23 Berlin
249 2387 159 29 aujourd'hui
428 2389 136 27 également
589 2395 45 22 par

113 2414 54 23 MM.
192 2415 66 23 Marx
282 2416 25 23 et
329 2410 218 35 Deduyts'cliaever
570 2423 63 23 pour

114 2443 23 22 la
159 2443 125 28 Belgique,
306 2450 45 22 par
379 2440 28 29 le"
422 2445 103 23 docteur
550 2445 83 23 Fuclis

110 2476 66 23 pour
191 2471 166 30 l'Allemagne.

139 2505 43 24 Cet
202 2507 85 22 accord
308 2508 38 21 est
364 2508 125 23 conforme
510 2514 31 17 au
561 2510 57 27 prin-

111 2533 55 28 cipe
181 2534 32 22 du
230 2535 56 27 plan
302 2535 86 29 Young
402 2536 42 27 qui
461 2536 98 28 prévoil
574 2537 44 22 l'ar-

111 2562 39 22 rêt
167 2562 42 22 des
227 2562 160 29 liquidations
406 2566 22 21 et
447 2564 22 23 la
487 2565 144 23 restitution

111 2589 43 23 des
171 2589 71 24 biens
261 2591 113 28 liquidés.

113 2671 140 47 Salon
287 2676 59 43 de
375 2676 46 44 la
450 2676 185 57 Poupée

204 2738 38 24 13,
256 2743 41 15 rue
311 2740 40 18 des
366 2739 128 24 Fabriques,
508 2741 30 19 13

224 2764 163 20 BRUXELLES
406 2766 111 24 (Bourse)

131 2809 75 20 DEUX
230 2810 89 20 CENTS
344 2811 131 21 MODELES
502 2812 111 21 INEDITS

233 2842 72 20 TOUS
321 2843 185 20 ACCESSOIRES

239 2874 121 20 TRAVAIL
377 2875 16 19 A
412 2876 90 24 FAÇON

160 2904 120 21 Exécution
296 2907 27 18 de
337 2907 100 22 poupées
451 2909 24 18 et
488 2907 98 21 fétiches

285 2935 56 18 pour
357 2931 104 21 sociétés.

115 2997 19 36 A
150 2998 131 37 l'occasion
289 3001 29 35 du
325 3000 85 45 départ
422 3009 60 36 pour
492 3002 21 35 la
525 3001 110 45 Norvège

162 3055 46 36 des
234 3065 11 22 i
267 3055 136 38 Croisières
429 3057 131 37 médicales
575 3068 10 22 »

112 3108 55 31 it'ii
187 3110 119 36 paquebots
321 3110 95 35 français
435 3111 47 30 font
500 3112 47 31 leur
560 3111 75 32 entrée

208 3158 53 31 dans
275 3159 20 30 le
313 3163 49 31 port
376 3160 25 29 de
416 3159 121 39 Zeebru'gge
555 3191 5 5 .

216 3235 41 23 (De
272 3243 5 5 -
286 3239 44 19 otre
344 3241 80 20 envoyé
438 3238 83 25 spiaal)

320 3278 139 25 Zeebrugge,
474 3278 27 20 13
514 3279 84 25 juillet.

140 3300 30 21 Le
186 3308 10 10 •
214 3301 109 25 Buezza»,
338 3303 40 20 des
392 3304 129 25 Chargeurs
536 3304 91 24 Réunis,

111 3327 36 24 qui
167 3327 100 20 emmène
287 3333 26 15 en
331 3328 104 26 Norvège
455 3330 50 25 [lus
525 3330 27 20 de
572 3331 56 19 trois

109 3352 64 19 centi
186 3356 127 21 passagers,
326 3354 114 20 médecins
453 3356 23 19 el
489 3356 96 20 femmes
599 3356 27 20 de

110 3376 113 21 médecins
240 3379 38 24 qui
295 3380 38 18 onl
351 3380 101 25 répondu
469 3381 13 20 à
499 3381 82 25 l'appel
599 3384 27 19 de

110 3402 233 26 Bruxelles-Médical,
368 3409 12 15 a
405 3405 43 21 fait
472 3410 41 16 son
540 3406 85 24 entrée,

108 3428 107 20 vendredi
230 3430 76 23 malin,
320 3430 13 20 à
348 3430 13 20 9
377 3430 23 21 h.
416 3432 36 22 13,
466 3432 57 19 dans
537 3432 21 20 le
573 3433 50 25 port

109 3453 27 19 de
153 3454 137 26 Zeebrugge.
305 3455 43 20 Les
363 3460 142 17 manœuvres
520 3458 91 20 d'accos-

109 3478 59 25 tage,
184 3480 37 24 qui
239 3482 38 18 uni
293 3481 159 24 parfaitement
468 3497 7 5 .
486 3483 63 23 lussi,
567 3484 43 19 mal-

109 3503 41 25 gré
162 3503 20 20 la
194 3505 72 20 marée
279 3506 74 24 bastfe,
364 3507 39 19 onl
416 3508 83 23 prouvé
512 3513 42 20 que
568 3509 42 20 Zee-

110 3529 86 24 brugge
210 3531 98 23 pourrait
321 3532 48 19 être
382 3536 29 15 un
426 3534 50 23 pori
489 3533 97 21 d'escale
600 3535 23 19 et

111 3554 28 19 de
157 3555 83 19 vitesse
259 3556 91 24 capable
368 3558 27 19 de
415 3557 55 21 faire
488 3563 84 20 gaaner
587 3564 36 15 s'x

110 3578 82 21 heures
203 3584 28 15 au
243 3581 71 22 moins
325 3585 44 16 aux
378 3586 127 22 passager.-,
516 3589 28 15 au
556 3589 55 15 cour-

112 3604 45 19 rier
176 3607 22 19 et
217 3609 44 15 aux
279 3606 167 22 marchandisîs
464 3608 143 25 périssables.

143 3629 30 20 Le
196 3630 112 25 paquebot
331 3631 98 25 français
449 3633 68 25 jausre
542 3635 80 20 15.000

113 3654 79 20 tonnes
212 3656 21 19 et
252 3660 12 15 a
281 3660 43 16 une
343 3657 110 25 longueur
469 3653 33 25 de"
515 3659 42 20 143
575 3660 34 20 mè-

112 3680 55 20 tres.
185 3680 19 20 A
223 3680 75 21 marée
318 3681 75 24 bosse,
430 3683 22 20 la
486 3685 138 24 profondeur

110 3705 73 22 d'eau,
196 3705 14 21 à
223 3707 103 20 l'endroit
341 3707 29 20 où
384 3707 14 20 il
413 3708 55 20 s'est
481 3710 93 23 amarré,
589 3712 33 19 est

110 3730 27 20 de
157 3731 28 20 10
206 3732 91 24 mètres,
317 3733 45 20 soit
382 3733 27 20 15
429 3733 84 21 mètres
532 3736 90 19 environ

109 3760 40 21 par
165 3757 74 19 marée
256 3757 78 21 haute.

139 3781 44 20 Les
205 3782 104 20 officiers
330 3783 64 20 n'ont
416 3788 40 21 pas
479 3784 96 25 manqué
598 3789 26 16 ce

108 3810 58 17 nous
184 3807 56 20 faire
259 3808 78 20 visiter
355 3808 50 21 leur
420 3809 85 24 navire,
523 3812 29 18 du
571 3811 53 24 pont

109 3831 40 20 des
166 3833 78 19 canots
260 3837 45 16 aux
321 3833 150 25 frigorifères,
488 3839 28 16 en
532 3836 92 24 passant

108 3860 42 22 par
162 3857 19 19 la
194 3858 55 19 salle
263 3858 39 21 des
315 3859 123 21 machines.

141 3881 148 27 Entrelemps,
311 3884 15 19 1'
350 3892 10 9 ■
385 3884 103 26 Espagne
511 3892 21 16 »,
555 3886 27 20 de
603 3886 22 20 ia

110 3905 134 27 Compagnie
269 3908 109 21 Générale
420 3910 203 26 TransatiJiniqur,

109 3931 40 24 qui
163 3933 97 22 emmène
274 3934 27 20 de
314 3935 107 22 Varsovie
436 3935 39 20 des
488 3937 94 21 savants
597 3936 27 20 de

111 3957 51 19 tous
181 3961 55 21 pays
254 3963 56 20 pour
328 3960 21 20 la
365 3961 61 20 VIII*
443 3962 94 24 congrès
555 3962 29 21 de
603 3963 20 19 la

110 3983 120 25 chirurgie,
250 3989 14 15 a
285 3986 81 20 doublé
389 3987 20 20 le
431 3987 69 25 phare
521 3989 23 19 el
567 3988 57 20 s'est

108 4009 88 19 amarré
210 4010 61 19 aussi
286 4010 129 23 facilement
428 4017 44 21 que
487 4013 6 19 l
496 4021 12 15 e
525 4020 10 11 «
553 4013 57 20 Braz-

108 4037 26 15 za
160 4041 21 12 ..
203 4034 61 20 Tous
288 4039 56 16 ceux
367 4037 37 25 qui
428 4038 158 20 s'intéressent
609 4039 14 19 à

108 4058 131 26 Zeebrugge
255 4064 27 15 ne
297 4063 97 23 songent
409 4067 40 20 pas
464 4063 14 19 à
495 4063 127 21 lissimuler

108 4082 51 22 leur
174 4084 55 25 joie.
247 4084 25 20 L'
293 4092 11 10 «
324 4086 101 26 Espagne
446 4095 10 10 »
477 4092 13 16 a
508 4089 44 20 îine
571 4088 36 21 lon-

107 4113 75 20 gueur
201 4109 27 21 de
247 4110 44 20 172
309 4111 83 22 mètres
411 4114 22 20 et
450 4113 69 26 jauge
539 4114 81 21 14.000

108 4132 88 22 tonnes.

137 4159 59 20 Sitôt
212 4160 33 20 les
260 4160 168 25 présentations
444 4163 127 26 terminées,
587 4164 34 21 les

106 4183 160 27 états-majors
289 4186 40 20 des
353 4186 58 20 deux
434 4189 124 23 paquebots
582 4190 39 19 ont

105 4209 84 26 déposé
205 4215 44 16 une
264 4212 100 24 6uperbe
382 4216 114 17 couronne
513 4214 27 19 de
556 4218 64 17 roses

105 4235 104 21 cravatée
224 4240 44 16 aux
283 4236 107 21 couleurs
399 4237 125 25 françaises
533 4243 28 16 au
570 4240 51 25 pied

104 4260 30 19 du
153 4263 131 19 monument
301 4262 65 20 élevé
384 4263 14 20 à
416 4263 21 20 la
455 4264 107 21 mémoire
581 4266 39 20 des

103 4285 69 20 héros
187 4286 163 27 britanniques.

133 4311 18 19 A
166 4311 33 20 six
213 4311 83 24 heures
310 4314 25 19 et
347 4312 81 24 demie,
442 4314 15 21 1'
473 4321 11 10 «
501 4314 116 26 Espagne»

102 4336 37 19 est
151 4337 90 24 reparti,
253 4338 69 25 guidé
335 4343 41 21 par
386 4339 61 20 deux
458 4343 162 22 remorqueurs

100 4360 85 26 jusque
199 4363 55 19 dans
267 4363 20 19 la
299 4367 67 21 passe
379 4364 28 20 de
419 4364 70 21 Zand.

134 4386 54 21 Puis
207 4387 20 20 le
245 4388 159 21 commandant
422 4389 30 20 du
473 4397 10 10 »
503 4390 83 20 Brazza
607 4399 9 10 »

100 4415 13 16 i
128 4411 43 20 fait
183 4412 14 20 à
210 4413 52 20 tous
275 4414 33 19 les
322 4414 115 20 honneurs
451 4415 30 20 du
494 4415 66 21 bord.
573 4416 45 20 Des

102 4437 82 20 choses
200 4437 47 22 fort
263 4439 107 21 aimables
387 4441 39 19 ont
441 4440 37 21 élé
495 4441 58 20 dites
568 4441 14 20 à
597 4442 22 19 la

100 4462 71 25 gloire
185 4462 28 20 de
226 4463 21 20 la
260 4463 84 21 France
358 4466 24 19 et
394 4465 28 20 de
436 4465 21 20 la
470 4465 116 26 Belgique.

130 4487 35 22 Au
178 4492 68 17 cours
260 4489 29 19 du
305 4489 107 26 banquet,
425 4495 30 15 un
471 4490 146 26 télégramme

99 4516 14 16 a
130 4512 37 20 été
184 4513 85 25 envoyé
285 4518 29 16 au
331 4515 47 24 Roi,
395 4520 60 21 pour
471 4515 30 21 lui
519 4509 98 34 apflren-

99 4537 41 21 dre
165 4541 44 22 que
234 4539 59 19 deux
316 4540 85 24 grands
426 4542 126 25 paquebots
576 4546 39 16 onl

99 4563 95 21 accosté
209 4564 58 20 dans
282 4564 161 23 d'excellentes
460 4567 127 21 conditions
603 4574 14 14 a

99 4589 141 25 Zeebrugge.

131 4614 34 20 On
182 4619 13 15 a
211 4614 70 20 dansé
297 4619 41 16 sur
352 4615 21 21 le
391 4617 67 25 pont;
474 4622 28 15 on
518 4622 16 21 y
548 4622 13 16 a
576 4618 39 24 bu,

97 4638 58 21 mais
172 4643 114 21 personne
303 4640 36 20 n'a
357 4642 70 25 songé
443 4642 15 20 à
472 4643 91 20 s'offrir
581 4644 33 20 le6

98 4663 187 27 cinquante-huit
300 4665 95 26 espèces
409 4667 28 20 de
450 4668 111 21 cocktaite
576 4670 39 24 qui

98 4689 124 25 figuraient
239 4694 40 16 sur
297 4690 22 20 la
336 4691 51 20 liste
405 4692 39 20 des
461 4693 105 21 boissons
583 4695 31 20 du

96 4714 88 21 bord...

128 4739 31 21 La
177 4740 50 21 nuit
245 4740 57 22 s'est
321 4741 80 25 passée
418 4746 28 16 en
464 4743 103 22 dormant
585 4749 28 16 ou

96 4769 27 15 en
138 4766 108 23 essayant
259 4766 28 20 de
301 4766 85 21 dormir
397 4771 28 15 au
439 4771 175 19 ronronnement

95 4790 41 19 des
152 4790 121 24 machines,
287 4790 93 27 Jusqu'à
394 4791 84 23 l'heure
492 4793 29 21 où
529 4794 84 21 samedi

96 4816 69 20 matin
187 4817 34 20 les
242 4817 110 25 premiers
372 4821 122 22 passagers
515 4824 24 15 se
561 4821 40 25 pré-

94 4841 122 24 sentaient,
233 4842 134 21 encombrés
386 4843 28 20 de
430 4843 107 26 bagages.

125 4865 32 22 Le
169 4866 54 24 soir,
237 4871 44 21 peu
293 4867 67 26 après
374 4868 35 20 six
422 4868 92 25 heures,
526 4869 22 20 la
560 4874 40 21 pas-

96 4891 82 21 serelle
193 4896 14 16 a
222 4892 37 21 élé
276 4893 90 23 retirée,
383 4893 24 20 et
424 4893 21 20 le
463 4901 10 10 ■
493 4894 82 21 Brazza
593 4903 20 16 »,

95 4916 50 20 aidé
158 4921 42 21 par
214 4917 29 24 la.
249 4918 83 24 marée,
345 4923 14 16 a
371 4918 74 26 quitté
459 4919 22 20 le
495 4919 67 24 mOIe,
576 4925 23 15 sa-

94 4940 39 21 lué
151 4947 41 20 par
209 4942 35 21 les
261 4943 74 21 vivats
353 4945 41 20 dC6
414 4944 93 21 curieux
526 4945 88 21 massés

94 4966 53 25 près
163 4967 41 21 des
219 4968 123 21 bâtiments
359 4970 27 19 de
403 4969 20 21 la
440 4970 98 20 douane.

126 4991 30 21 Le
178 4993 122 25 paquebot,
322 4994 68 25 après
411 4994 64 21 avoir
496 4995 83 25 permis
601 4995 12 21 à

94 5020 38 16 ses
147 5021 121 21 passagers
282 5019 28 20 de
325 5020 80 20 visiter
420 5020 34 20 les
469 5020 75 22 fjords
559 5025 42 15 nor-

95 5040 96 27 végiens,
208 5042 34 24 les
259 5043 42 22 Iles
318 5044 90 26 Lofotu,
426 5045 68 20 FeroS
510 5045 24 21 et
549 5045 54 21 Shet-

96 5066 60 25 land,
173 5069 118 20 reviendra
308 5070 13 20 à
338 5071 133 25 Zeebrugge
490 5071 20 20 le
529 5071 12 21 4
559 5071 55 21 août

96 5092 23 19 et
133 5097 16 20 y
160 5093 136 25 séjournera
310 5095 109 26 jusqu'au
436 5097 22 20 9.
476 5104 5 4 -

120 5251 36 37 le
169 5252 98 44 départ
275 5255 37 37 de
323 5250 51 42 r"
385 5257 31 36 Al
417 5257 164 43 bertville,,

343 5329 92 23 Anvers,
459 5330 24 22 13
505 5330 82 26 Juillet.

119 5350 31 21 Le
182 5352 111 26 paquebot
321 5361 11 11 «
340 5354 129 22 Albertville
476 5363 10 11 •
515 5357 96 25 quittera

93 5373 87 24 Anvers
199 5382 26 17 en
247 5379 134 22 destination
402 5380 31 22 du
453 5381 73 25 Congo
546 5382 66 25 Belge

94 5400 20 21 le
128 5403 70 22 mardi
212 5403 24 20 lfi
247 5404 83 25 juillet,
342 5405 15 21 à
368 5405 13 20 9
394 5405 82 25 heures
489 5407 31 21 du
534 5407 77 21 malin.

117 5426 33 21 Le
167 5428 56 21 train
241 5429 83 23 spécial
341 5431 15 20 à
371 5431 85 25 l'usage
472 5433 42 21 des
530 5438 67 20 passa-

93 5455 52 21 ger»
164 5455 23 19 et
205 5454 27 21 de
251 5459 57 17 ceux
327 5458 39 23 qui
386 5457 32 20 les
437 5460 172 24 accompagnent

93 5480 49 17 sera
162 5479 43 19 mis
224 5484 26 16 en
270 5481 89 22 marche
377 5482 28 22 de
424 5482 186 23 Bruxelles-Nord

94 5507 15 14 a
130 5502 92 28 Anvers,
245 5507 52 24 quai
322 5507 212 28 d'embarquement,
557 5510 55 21 han-

93 5531 40 19 ga-
150 5529 31 22 22.
201 5530 20 20 le
240 5531 71 21 même
328 5532 64 25 jour:
411 5534 80 23 départ
508 5535 29 22 de
554 5537 45 20 Brû-

93 5557 27 17 le
123 5553 119 28 UcB-Nord,
257 5556 15 22 à
286 5556 14 22 C
315 5556 23 26 II,
352 5557 33 25 05.
398 5570 7 5 -

665 461 49 67 le
736 460 30 68 J
769 467 11 24 r
799 461 50 66 de
867 460 317 70 Beerenbrouck

734 550 150 42 chargé
897 551 49 32 de
957 551 156 34 former

662 611 27 49 le
702 622 146 38 nouveau
860 611 135 51 Cabinet
1003 612 181 51 hollandais

885 720 35 22 La
934 720 74 29 Haye,
1025 721 25 22 13
1062 721 93 27 juillet.

687 755 33 22 La
734 755 76 23 Reine
822 761 14 17 a
846 755 91 30 chargé
949 757 23 23 le
982 757 124 26 jonklieer
1117 758 65 27 Ruys

662 783 29 24 de
717 785 189 22 Beerenbrouck
935 785 174 29 (catholique),
1134 792 34 16 mi-

660 813 80 24 nistre
758 813 83 24 d'Iîlat
860 815 24 22 et
904 816 176 21 actuellement
1099 815 66 28 prési-

660 844 58 21 dent
733 843 29 24 de
778 844 22 21 la
816 843 109 24 Seconde
940 844 127 24 Chaîner*,
1082 844 30 22 de
1128 844 40 21 for-

660 877 54 17 mel'
735 877 33 17 un
789 871 99 23 cabinet
922 872 148 29 s'appuyant
1092 877 44 17 sur
1158 871 22 21 la

660 900 87 23 droite.

688 936 22 22 M
741 936 66 28 Ruys
827 942 15 17 a
861 936 59 26 déjà,
940 936 38 23 élé
999 936 127 28 président
1147 935 32 22 du

659 965 96 23 Conseil
774 967 22 21 et
815 965 114 22 minisire
947 966 29 22 de
993 964 141 23 l'Intérieur
1150 963 29 22 de

662 994 54 22 1918
735 994 15 22 à
771 994 58 26 1922.
849 996 24 20 et
893 994 30 23 de
943 999 113 17 nouveau
1076 992 30 25 de
1128 992 51 22 1922

658 1022 99 29 jusqu'à
778 1023 59 22 1925.

658 1095 192 33 PEAUX
876 1094 79 32 DU
978 1092 201 34 CONGO

787 1144 106 20 Saurfens
915 1144 21 19 et
959 1144 91 23 reptiles

762 1169 110 24 Tannage,
892 1168 183 21 Naturalisation.

707 1195 89 21 Travail
822 1195 90 24 unique.
939 1195 50 22 Prix
1017 1193 110 21 modérés.

659 1222 99 20 Eessière
773 1224 22 18 et
812 1222 34 21 Co,
861 1222 31 22 47.
907 1226 40 15 rite
963 1222 31 19 du
1011 1221 86 22 Chœur,
1112 1221 66 19 Brux.

1212 464 58 67 On
1294 465 217 66 ex-consul
1537 463 50 67 de
1611 464 122 66 Chine

1338 555 40 31 et
1393 562 45 23 sa
1452 553 146 32 femme

1243 611 132 52 arrêtés
1398 611 18 51 à
1439 612 64 50 San
1522 611 177 53 Francisco

656 1301 76 37 Deux
738 1301 144 36 aviateurs
888 1300 168 37 américains
1062 1301 50 36 ont
1116 1300 64 38 volé

752 1350 47 36 dix
806 1350 78 42 jours
890 1350 29 36 et
925 1350 45 36 six
978 1351 104 36 heures

860 1431 82 21 Culver
958 1431 56 25 City.
1032 1431 23 20 13
1070 1431 81 25 juillet.

680 1456 42 19 Les
745 1456 112 20 aviateurs
878 1456 132 20 américains
1033 1456 87 21 Mendel
1156 1456 20 20 e!

655 1480 110 25 Reinhart,
779 1481 14 20 à
806 1481 54 20 bord
874 1481 28 20 de
918 1475 154 31 i'.Angeleiio»
1090 1482 39 19 ont
1142 1482 21 19 at-

656 1506 51 20 terri
723 1506 48 21 hior
786 1506 13 20 à
815 1506 21 19 ii
854 1505 21 22 h.
892 1506 23 19 13
930 1506 77 21 (heure
1024 1506 150 20 américaine),

653 1530 67 25 après
737 1530 62 20 avoir
817 1530 49 21 volé
884 1535 52 16 sans
955 1531 147 25 interruption
1121 1535 42 21 pen-

654 1555 53 21 dant
721 1556 37 20 dix
772 1556 72 25 jours,
857 1556 34 20 six
905 1556 82 20 heures
1000 1556 164 25 quarante-qua-

657 1582 32 19 tre
712 1581 103 23 minutes,
838 1582 133 24 surpassant
992 1581 56 20 ain-i
1071 1581 51 20 tous
1144 1580 32 20 les

655 1606 90 20 records
762 1606 149 20 d'endurance
927 1610 54 16 avec
998 1605 165 26 réapprovision-

656 1632 89 19 nement
762 1636 26 15 en
805 1630 59 26 plein
881 1631 39 20 air.

880 1662 74 20 *>*■*

710 1701 48 36 Une
781 1704 56 33 auîo
868 1704 85 34 contre
976 1709 30 29 on
1031 1702 83 42 arbre,

694 1756 58 45 près
780 1759 30 34 de
841 1757 75 37 Golha
932 1765 8 29 :
967 1758 38 36 six
1040 1757 98 37 blessés

915 1840 87 28 Gotha,
1020 1841 24 22 13
1058 1840 90 29 juillet.

681 1876 58 24 Près
757 1875 30 25 de
804 1875 88 27 Golha,
910 1882 48 18 une
976 1876 152 23 automobile
1144 1876 31 24 de

655 1905 23 23 la
696 1905 153 25 Reirhwehr,
865 1907 75 26 ayant
956 1905 79 29 perdu
1051 1912 28 16 sa
1094 1905 67 23 direc-

656 1936 58 25 tion,
735 1936 59 22 s'est
814 1935 100 23 écrasée
934 1936 87 21 contre
1042 1940 34 18 un
1096 1934 81 23 arbre.

681 1963 36 23 On
733 1964 93 27 signale
841 1965 38 22 six
894 1964 101 24 blessés.

701 2036 69 18 CAFE
1034 2035 94 19 HOTEL

654 2070 217 30 RESTAURAKT
900 2070 60 29 DES
986 2069 190 30 BRASSEURS

708 2110 34 25 53,
762 2109 125 24 AVENUE
907 2108 212 30 BRITANNIQUE

804 2145 93 26 (Palais
920 2145 107 27 Justice)

836 2181 154 24 ANVERS

657 2210 117 21 Renommé
788 2215 56 22 pour
857 2216 25 16 sa
896 2211 91 24 cuisine,
1001 2214 23 16 sa
1039 2211 71 19 nonne
1123 2214 53 16 cave

688 2244 97 20 Pension
803 2243 112 26 complète
934 2243 28 20 50
982 2243 27 20 fr.
1028 2247 40 21 par
1083 2243 62 25 jour.

685 2275 167 29 Propriétaire
870 2281 7 17 :
894 2275 26 24 E.
936 2275 50 23 Van
1004 2275 116 25 Houtvin.

789 2311 142 25 Téléphone:
951 2310 93 23 774.03.

683 2381 45 36 Les
749 2381 90 44 primes
862 2389 61 37 pour
944 2381 22 36 la
990 2381 167 36 construction

720 2438 173 35 d'habitations
915 2436 13 36 à
950 2437 46 36 bon
1019 2435 99 38 marché

684 2518 30 20 Le
737 2526 9 9 <-
757 2518 110 20 Moniteur
876 2525 9 10 »
910 2518 30 20 du
962 2518 25 21 ii
1006 2518 75 25 juillet
1101 2518 74 24 publii

658 2543 58 20 deux
736 2544 85 19 arrêtés
839 2548 88 21 royaux
945 2543 63 22 datés
1027 2544 31 20 du
1078 2543 25 21 13
1122 2543 43 26 juil-

660 2569 35 23 let,
713 2569 54 20 dont
782 2569 20 20 le
818 2570 97 25 premier
930 2570 34 19 est
979 2569 56 21 ainsi
1051 2574 70 20 conçu
1143 2574 7 16 :

665 2594 7 8 '
686 2594 80 20 «Pour
785 2595 20 20 le
825 2595 71 20 calcul
916 2595 40 20 des
976 2599 96 15 revenus
1092 2595 35 19 joi
1149 2599 26 15 ne

658 2621 97 23 peuvent
773 2620 46 20 être
838 2620 106 25 dépassés
963 2624 57 21 pour
1038 2624 43 21 que
1100 2625 21 15 ie
1139 2620 27 20 de-

657 2645 108 20 mandeur
783 2646 27 19 de
830 2646 70 25 prime
918 2646 43 20 soit
978 2650 99 16 reconnu
1094 2647 82 19 adr.s-

656 2671 55 20 sible
730 2676 30 16 au
778 2671 100 20 bénéfice
897 2672 40 19 des
957 2672 82 25 primes
1058 2671 118 20 accordées

656 2700 27 16 en
698 2697 63 19 vertu
776 2697 40 20 des
830 2697 85 20 arrêtés
930 2701 86 22 royaux
1029 2697 40 20 des
1085 2698 24 18 ti
1124 2696 32 25 jui
1160 2699 4 13 1
1166 2707 10 5 -

656 2721 30 22 let
707 2722 52 20 1328
779 2723 23 19 et
821 2722 31 24 31.
867 2716 97 31 janvier'
976 2722 60 23 1929,
1056 2722 21 21 le
1096 2722 80 21 sahvre

657 2747 27 20 de
706 2747 21 20 la
748 2748 89 22 femme,
859 2747 89 26 lorsque
969 2748 32 20 les
1023 2748 61 20 deux
1104 2748 74 25 époux

656 2774 103 19 exercent
774 2777 44 16 une
834 2773 132 25 profession,
982 2775 33 19 est
1032 2774 118 20 immunis..;
1164 2777 13 15 a

655 2802 150 17 concurrence
821 2799 27 20 de
865 2798 26 19 50
907 2803 20 20 p.
945 2803 17 15 c.
971 2806 11 10 »

680 2824 87 20 L'aulre
783 2824 73 20 arrêté
871 2824 33 20 est
920 2823 76 20 relatif
1010 2828 12 15 a
1040 2824 20 19 la
1077 2824 85 23 majora-

655 2848 45 21 tion
728 2849 42 20 des
790 2849 96 20 maxima
915 2847 157 22 actuellement
1093 2854 28 15 en
1143 2850 19 17 vi-

652 2879 73 20 gueur
738 2879 27 15 en
780 2879 24 15 ce
819 2875 37 25 qui
871 2878 109 17 concerne
995 2875 31 20 les
1041 2874 131 21 immeubles

656 2901 97 24 pouvant
769 2900 120 20 bénéficier
905 2900 40 20 des
961 2900 81 25 primes
1059 2900 28 20 de
1104 2899 65 22 l'Btit

682 2925 18 19 Il
714 2925 82 25 slipule
811 2930 43 20 que
869 2925 21 21 la
904 2924 78 21 valeur
997 2926 122 20 maximum
1134 2925 40 20 des

655 2949 136 22 Immeubles,
809 2955 14 19 y
841 2951 97 24 compris
956 2951 20 19 le
994 2951 81 20 terrain
1095 2951 77 20 estime

658 2979 14 15 a
691 2980 26 15 sa
735 2976 79 19 valeur
834 2975 83 25 vénale,
939 2980 57 20 pour
1015 2976 98 25 lesquels
1132 2980 43 16 une

658 3000 68 25 prime
742 3002 52 22 peut
808 3001 47 19 être
869 3000 114 24 attribuée,
999 3002 34 19 est
1048 3002 57 19 fixée
1119 3002 48 20 ains

657 3025 52 25 qu'il
728 3026 45 19 suit
795 3030 6 15 :

683 3050 61 20 Pour
765 3051 32 20 les
817 3050 163 21 constructions
1001 3051 91 20 édifiées
1112 3054 61 18 enlre

658 3076 19 20 le
694 3076 25 20 1G
734 3080 61 16 mars
811 3076 52 21 1926
880 3078 23 19 et
917 3076 20 21 le
953 3077 26 20 21
996 3082 61 15 mars
1073 3076 52 21 1923
1142 3078 21 20 in-

658 3101 54 20 clus.
729 3111 28 5 —
775 3101 81 23 Quatre
874 3102 97 25 grandes
989 3103 186 24 agglomérations

656 3126 80 23 03.000,
751 3126 52 21 dont
818 3132 27 15 au
860 3128 121 19 maximum
997 3127 72 24 12,000
1085 3133 56 16 oour
1154 3128 21 21 le

658 3152 81 20 terrain

685 3177 35 20 Ire
741 3177 109 25 catégorie
872 3178 137 23 (communes
1028 3179 28 20 de
1076 3179 50 25 plus
1147 3180 27 19 de

657 3202 72 22 00,000
746 3202 129 24 habitants),
893 3203 80 24 54,000,
991 3204 54 20 dont
1060 3209 29 15 au
1108 3209 67 16 -,nr-

656 3232 60 16 mum
736 3228 73 21 11.000
828 3233 57 21 pour
903 3229 20 20 le
940 3230 90 19 terrain.

682 3252 26 21 2e
728 3253 110 25 catégorie
859 3255 138 22 (communes
1018 3255 27 20 de
1067 3255 25 20 15
1100 3255 40 20 000
1162 3255 12 20 à

652 3279 75 23 «0,000
744 3279 128 24 habilanls).
889 3280 81 22 45.000.
987 3281 55 20 dont
1058 3285 29 16 au
1104 3281 58 20 maxi-

654 3309 62 15 mum
732 3305 74 21 10.000
823 3310 56 20 pour
894 3298 20 28 le
928 3306 89 20 terrain.

678 3330 26 19 3e
723 3330 111 25 catégorie
854 3331 137 22 (communes
1011 3331 27 20 de
1057 3332 72 19 moins
1147 3331 27 20 dj

652 3355 74 21 15.000
743 3355 129 25 habitants),
889 3356 79 23 40.000.
985 3357 54 19 dont
1056 3361 28 16 au
1102 3360 59 17 maxi-

652 3385 62 15 mum
736 3381 60 21 9.000
817 3386 58 20 po.ir
896 3382 19 20 le
936 3382 88 20 terrain.

678 3406 61 20 Pour
756 3406 32 20 les
804 3407 164 20 constructions
984 3407 93 22 édifiées
1093 3408 13 20 4
1123 3412 49 21 ,jar-

651 3431 28 20 lir
694 3431 29 21 du
740 3431 27 20 22
783 3436 60 16 mars
861 3431 59 22 1928.
934 3443 28 4 —
977 3432 81 24 Quatre
1074 3433 96 23 grandes

649 3456 195 25 agglomérations.
867 3457 82 23 78.000.
972 3458 53 20 dont
1047 3464 29 16 au
1100 3458 58 20 maxi-

650 3487 62 15 mum
726 3482 75 21 J8.000
816 3486 57 21 pour
888 3484 19 19 le
922 3483 88 20 terrain.

679 3507 37 20 ire
726 3508 117 25 catégorie.
854 3507 82 26 72.000,
947 3508 54 21 dont
1011 3513 28 16 au
1050 3509 122 20 maximum

648 3532 73 21 1G.O00
740 3538 58 20 pour
814 3533 21 20 le
853 3534 90 20 terrain.

674 3557 26 20 2e
713 3559 118 24 catégorie.
845 3559 80 21 60.000.
939 3559 54 20 dont
1006 3564 29 15 au
1049 3560 122 19 maximum

648 3582 72 21 14.000
740 3588 57 20 pour
814 3584 20 21 le
853 3583 89 21 terrain.

673 3608 26 21 3e
715 3608 117 25 catégorie,
848 3608 68 23 50,000
932 3609 55 22 dont
1003 3614 28 17 au
1049 3610 120 20 maximum

648 3632 72 25 12,000
735 3639 57 20 pour
804 3635 21 20 le
839 3635 90 21 terrain.

1365 714 171 29 Washington,
1559 716 28 21 13
1607 715 92 27 juillet,

1237 744 63 22 Mme
1315 743 64 29 Ying
1391 744 53 22 Kao
1459 745 25 22 et
1497 749 43 17 son
1557 744 71 26 mari,
1642 744 86 23 ancien

1207 774 85 21 consul
1309 772 30 22 de
1356 772 84 23 Chine,
1458 773 43 22 ont
1517 773 39 22 été
1573 772 96 24 arrêtés
1685 778 46 23 par

1206 801 22 24 la
1241 801 80 29 police
1333 802 15 22 à
1360 800 197 24 San-Francisco
1570 803 25 22 et
1608 802 48 23 l'on
1669 802 47 22 s'at-

1206 830 57 23 tend
1282 830 14 23 à
1315 836 27 17 ce
1360 830 75 28 qu'ils
1452 830 82 22 soient
1550 830 74 29 jugés
1642 836 47 23 par
1707 830 23 23 le

1206 858 108 23 tribunal
1345 858 95 23 fédéral
1471 864 65 23 pour
1564 858 165 24 contrebande

1202 887 118 28 d'opium.
1332 887 35 23 On
1380 894 26 20 se.
1418 887 115 24 souvient
1545 888 92 28 qu'une
1648 893 70 23 quan-

1206 917 44 23 tité
1267 916 110 28 d'opium
1394 917 103 24 évaluée
1514 917 14 23 à
1543 916 13 20 2
1571 916 111 24 millions
1699 916 30 24 de

1206 946 75 22 livres
1299 946 55 24 (350
1373 945 110 23 millions
1500 945 30 24 de
1547 945 94 25 francs)
1661 947 69 21 avait

1204 973 39 24 élé
1257 973 104 25 trouvée
1376 973 60 24 dans
1451 974 35 24 les
1501 974 105 29 bagages
1620 973 30 24 de
1665 974 63 23 Mme

1204 1003 64 28 Ying
1281 1003 60 23 Kao.

1424 1040 55 20 ♦E-

672 3853 30 36 La
723 3854 130 38 Kermesse
880 3858 29 35 de
932 3857 127 37 Bruxelles
1085 3858 63 37 s'est

764 3913 101 34 ouverte
887 3914 92 35 samedi
1001 3914 52 36 soir

680 3982 45 24 Les
742 3990 122 18 vacances
881 3991 174 21 commencent
1071 3988 16 23 à
1103 3989 50 23 Bru-

646 4012 85 27 xelles,
751 4014 53 24 tout
824 4020 33 16 un
878 4017 110 26 quartier
1008 4017 153 29 d'agrément

645 4046 14 16 a
678 4040 38 23 été
730 4042 193 27 construit.avec
940 4045 44 23 des
999 4049 162 24 restaurants,

646 4069 45 22 des
715 4069 117 29 théâtres,
858 4071 43 25 des
926 4075 163 27 expositions,
1115 4076 44 23 des

646 4097 189 30 hippodromes,
859 4100 43 23 des
925 4102 75 29 rings,
1023 4104 18 22 il
1065 4111 95 23 occupe

646 4129 52 21 tout
715 4128 24 22 le
756 4128 64 22 seuil
840 4128 31 23 de
888 4129 23 22 la
930 4136 57 21 gare
1005 4131 33 23 du
1056 4133 61 23 Midi
1137 4136 23 21 et

645 4162 26 16 se
688 4156 122 29 prolonge
825 4156 97 30 jusqu'à
939 4160 23 21 ia
979 4163 70 23 porte
1066 4162 31 23 de
1114 4162 46 23 Ha:

644 4187 24 21 et
685 4186 6 10 '
700 4193 9 15 '.
725 4192 45 16 rue
787 4186 185 24 d'Anderlecht.

675 4213 34 23 La
722 4214 126 27 kermesse
863 4215 30 24 de
908 4215 19 23 B
943 4216 92 25 uxelles
1048 4219 56 23 s'est
1119 4226 31 17 ou-

643 4245 69 20 verte
727 4244 96 22 samedi
840 4244 63 23 dans
921 4247 52 23 tout
989 4246 80 24 l'tcla
1085 4248 31 24 de
1131 4255 27 16 sa

642 4271 120 23 tradition
774 4273 31 22 de
817 4273 200 24 l'enthousiasme
1028 4278 24 20 et
1063 4276 30 23 de
1105 4279 56 20 cent

647 4300 125 28 musiques
789 4301 184 24 discordantes.

674 4328 21 22 A
708 4331 71 21 notre
795 4329 96 30 époque
907 4331 30 24 de
951 4331 103 30 plaisirs
1069 4334 81 23 fausse-

644 4360 76 31 ment
727 4357 110 28 élégants
855 4366 32 16 ou
905 4360 164 30 compliqués,
1086 4364 19 22 il
1123 4366 36 20 est

643 4385 191 25 rafraîchissant
850 4388 31 23 de
895 4391 128 21 constater
1036 4390 23 23 le
1073 4392 86 23 succès

641 4414 97 29 chaque
755 4416 79 23 année
850 4417 161 28 grandissant
1027 4418 30 23 de
1073 4420 24 22 la
1113 4421 35 22 foi-

642 4449 34 17 re.
691 4444 20 23 Il
726 4450 17 22 y
757 4452 13 17 a
787 4445 103 23 d'abord
906 4446 23 23 le
945 4446 53 22 vrai
1015 4447 85 28 public
1115 4449 44 23 des

642 4471 138 25 kermesses
797 4475 186 29 sympathique,
1003 4475 115 29 bruyant,
1120 4484 30 17 en-

642 4501 51 23 clin
711 4501 14 23 à
743 4508 48 17 une
807 4503 94 24 ivresse
920 4504 63 27 gaie,
1001 4506 51 21 tv-t
1071 4505 22 23 le
1110 4506 50 23 bon

641 4530 91 29 peuple
748 4531 32 23 de
796 4532 75 28 petits
887 4532 134 27 bourgeois
1037 4533 31 23 de
1083 4533 23 26 la
1121 4541 30 16 ca-

641 4558 77 29 pitale
734 4562 24 21 et
775 4560 44 23 des
834 4561 97 23 voisins
948 4561 31 23 de
996 4562 23 22 la
1036 4562 65 24 foire
1118 4563 42 29 qui

642 4593 46 17 eux
702 4590 58 22 sont
773 4589 125 24 vraiment
912 4590 61 23 chez
988 4596 56 18 eux.

670 4616 21 23 Il
704 4623 18 22 y
735 4624 14 16 a
763 4618 67 23 aussi
844 4624 34 17 un
892 4619 87 29 public
993 4619 32 22 de
1036 4615 87 28 lettrés
1137 4622 22 21 et

639 4644 30 24 de
682 4646 142 27 mondains,
837 4653 45 18 car
895 4648 23 22 la
931 4647 106 23 kermès,
1045 4654 13 17 e
1073 4652 36 20 est
1122 4655 26 16 re-

638 4679 80 18 venue
736 4674 15 23 à
768 4675 23 23 la
810 4676 74 23 mode
901 4678 25 21 et
943 4676 99 23 chacun
1061 4683 26 16 se
1105 4677 53 23 doit

639 4702 41 29 d'y
696 4703 72 23 avoir
782 4704 81 29 passé,
878 4711 30 16 en
924 4705 91 25 bande,
1030 4711 32 17 au
1076 4706 83 23 moins

639 4736 48 17 une
701 4732 81 23 soirée
797 4732 142 30 dépouillée
954 4734 31 23 de
1000 4733 128 24 décorum.

668 4759 34 25 La
716 4760 41 23 vie
772 4761 31 23 de
816 4762 25 23 la
856 4762 126 24 kermesse
997 4769 26 17 se
1038 4763 111 23 transfor-

639 4794 39 17 me
699 4795 32 16 un
752 4796 57 22 peu,
828 4797 27 17 se
876 4791 152 27 modernise,
1049 4792 47 23 elle
1118 4792 30 23 de-

638 4817 68 23 vient
719 4818 130 30 beaucoup
863 4821 56 27 plus
934 4820 155 29 mécanique,
1102 4821 57 28 plus

638 4845 151 27 ingénieuse.
805 4847 34 24 Le
856 4849 83 23 forain
957 4851 37 21 est
1011 4854 66 21 mort
1094 4851 24 21 et
1135 4849 23 23 le

635 4874 59 28 jeur
706 4878 37 21 est
757 4877 96 28 proche
867 4877 32 23 où
914 4884 64 18 nous
992 4884 105 17 verrons
1112 4878 45 23 des

637 4902 106 25 sociétés
767 4911 138 23 anonymes
930 4912 65 23 pour
1019 4906 127 29 l'exploita-

638 4931 52 23 tion
714 4932 35 23 du
769 4935 129 23 carrousel
919 4937 24 22 et
966 4935 35 24 du
1021 4935 79 29 whip.
1122 4935 35 23 La

639 4959 59 24 ville
711 4961 139 25 elle-même
866 4964 93 28 profite
975 4964 136 29 largement
1128 4971 31 16 au

638 4988 73 28 point
727 4990 32 23 de
776 4997 48 17 vue
842 4992 127 24 financier
987 4993 31 23 de
1036 5000 46 17 nos
1100 4994 48 22 sim-

641 5016 53 28 ples
715 5018 102 28 plaisirs
838 5021 107 28 puisque
966 5021 192 30 l'adjudication

639 5044 33 23 du
687 5045 91 31 champ
811 5048 31 23 de
873 5050 65 23 foire
969 5050 36 23 lui
1038 5053 119 27 rapporte

639 5073 98 24 740.000
753 5076 92 27 francs,
862 5078 49 23 soit
927 5085 49 17 une
991 5081 117 22 centaine
1125 5080 31 22 de

637 5101 68 25 mille
721 5104 85 23 francs
824 5106 31 23 de
871 5107 56 27 plus
943 5114 48 22 que
1009 5108 48 23 l'an
1074 5108 81 30 passé.

669 5130 35 23 La
718 5132 197 27 modernisation
930 5142 14 17 a
960 5136 39 23 été
1013 5136 105 30 poussée
1134 5136 22 24 si

639 5158 60 27 loin,
716 5162 63 22 cette
797 5163 87 27 année,
901 5171 48 22 que
966 5165 60 24 c'est
1043 5173 48 22 par
1107 5172 50 17 une

636 5187 105 28 journée
760 5191 142 25 ensoleillée
921 5200 48 22 que
987 5195 23 25 la
1029 5194 127 24 kermesse

636 5216 57 25 s'est
708 5220 109 24 ouverte,
831 5226 29 16 ce
876 5222 41 27 qui
934 5223 62 23 n'est
1011 5230 45 21 pas
1072 5224 83 22 ba-al.

669 5245 63 23 Mais
748 5247 94 27 malgré
858 5249 35 24 les
910 5251 92 24 années
1019 5254 24 21 et
1059 5252 24 23 le
1099 5259 48 22 pro-

638 5273 64 29 grès,
720 5275 20 22 il
758 5277 37 21 est
813 5277 35 23 ici
866 5278 43 24 des
928 5280 102 28 plaisirs
1050 5282 107 23 cLrnels

636 5305 24 21 et
672 5303 60 23 c'est
744 5303 14 23 à
770 5310 48 16 eux
829 5312 47 22 que
887 5310 60 21 vont
959 5311 80 21 toutes
1051 5308 35 25 1er
1099 5309 47 27 pré-

636 5331 114 23 férences
763 5338 45 17 car
821 5333 32 23 ils
867 5338 198 27 correspondent
1080 5337 14 24 à
1108 5338 45 24 des

635 5360 102 25 besoins
751 5360 180 31 élémentaires,
944 5371 48 22 par
1004 5367 113 29 exemple
1131 5368 23 23 le

636 5390 137 26 carrousel,
789 5389 24 23 la
830 5390 148 32 ménagerie,
995 5395 23 23 le
1034 5395 42 23 tir.

669 5418 63 23 C'est
745 5424 48 23 par
807 5420 104 24 milliers
925 5429 48 22 que
987 5424 36 23 les
1038 5431 59 17 "ens
1111 5427 44 21 ont

637 5446 75 28 flâné,
736 5448 134 27 souriants,
893 5451 96 23 samedi
1014 5452 53 23 soir
1090 5454 16 22 à
1129 5453 25 23 la

634 5476 138 26 kermesse;
796 5476 61 23 c'est
879 5484 48 22 par
950 5480 105 24 milliers
1079 5482 74 29 qu'ils

637 5505 136 23 défileront
786 5505 36 24 les
834 5505 70 29 jours
917 5508 119 25 suivants.
1051 5510 33 23 Ce
1098 5511 58 22 sont

635 5534 36 24 les
684 5540 124 17 vacances
822 5534 31 23 de
868 5535 128 31 beaucoup
1012 5543 22 20 rt
1049 5538 19 23 il
1083 5539 42 30 n'y
1138 5545 15 17 a

636 5562 126 24 kermesse
778 5562 90 30 qu'une
883 5563 49 25 fois
945 5571 48 26 par
1007 5573 41 18 an»

1244 1069 68 44 Hugo
1335 1069 98 37 Stinnes
1452 1071 82 43 junior
1555 1069 134 39 condamné

1316 1124 14 38 à
1352 1125 17 37 8
1391 1127 62 35 mois
1476 1127 30 35 de
1528 1126 84 45 prison

1456 1208 93 24 Berlin.
1565 1209 27 22 13
1607 1208 93 27 juillet.

1232 1237 65 22 Dans
1314 1237 21 22 le
1352 1236 86 28 procès
1453 1237 100 23 Stinnes
1568 1239 24 22 et
1607 1239 119 25 consorts,

1208 1265 22 24 le
1254 1271 138 23 procureur
1422 1265 30 23 de
1482 1266 24 23 la
1537 1266 154 29 République
1715 1272 13 17 a

1208 1295 86 27 requis
1320 1300 50 18 uno
1389 1295 74 27 peine
1482 1295 30 23 de
1532 1295 57 25 huit
1610 1296 63 23 mois
1699 1296 30 22 de

1207 1324 86 27 prison
1321 1325 25 21 et
1362 1342 6 7 .
1377 1324 88 25 100,000
1486 1323 85 24 marks
1600 1323 128 24 d'amende

1205 1353 86 22 contre
1316 1353 21 22 le
1355 1352 123 29 principal
1504 1352 88 24 accusé
1609 1353 30 23 M.
1657 1354 70 27 Hugo

1203 1381 108 23 Stinnes.

1240 1456 462 43 Chronomètre

1300 1524 333 81 ERY

1328 1631 20 19 le
1361 1632 49 18 seul
1424 1631 87 23 garanti
1524 1631 31 19 20
1567 1635 41 15 ans

1237 1657 80 18 contre
1336 1658 51 17 tout
1406 1656 81 20 défaut
1506 1657 28 19 de
1553 1655 144 21 fabrication.

1265 1733 125 37 Comment
1407 1734 38 36 fut
1467 1734 102 36 commis
1590 1734 23 36 le
1634 1734 41 36 vol

1201 1788 52 31 dont
1281 1788 20 31 le
1330 1787 37 32 Roi
1396 1795 12 24 a
1434 1788 35 31 été
1493 1789 89 31 victime
1604 1787 12 32 à
1636 1787 93 32 Ostende

1232 1864 39 23 [De
1287 1865 63 19 notre
1365 1864 176 24 correspondant
1557 1864 138 25 particulier)

1430 1904 117 27 Ostende,
1562 1904 28 22 12
1604 1903 88 29 juillet.

1231 1946 70 23 Voici
1318 1946 42 23 des
1375 1946 88 23 détails
1478 1952 45 17 sur
1537 1948 23 22 le
1575 1947 39 22 vol
1629 1946 59 23 dont
1704 1945 22 23 le

1204 1974 44 24 Roi
1263 1983 15 16 a
1294 1975 39 23 été
1348 1975 101 24 victime
1466 1975 62 26 hier,
1544 1975 14 23 à
1572 1974 107 23 Ostende
1691 1980 6 17 :

1227 2011 62 23 Vers
1305 2012 23 22 la
1343 2012 36 21 fin
1393 2012 30 22 de
1438 2012 22 22 la
1476 2011 113 27 matinée,
1605 2011 21 22 le
1641 2011 42 23 Roi
1699 2011 24 23 cl

1200 2046 43 17 sor.
1266 2040 104 24 officier
1398 2041 181 22 d'ordonnance
1609 2040 113 23 s'étaient

1201 2068 91 24 rendus
1313 2069 13 23 à
1347 2069 156 24 Mariekerke
1522 2069 32 22 où
1575 2069 30 23 ils
1624 2069 99 22 avaient

1202 2097 23 23 la
1249 2098 87 23 cabine
1359 2105 24 17 n.
1405 2099 48 24 270.
1476 2098 35 22 La
1541 2098 83 22 marée
1654 2097 69 23 étant

1200 2126 79 25 basse,
1296 2127 22 23 la
1334 2127 103 28 plupart
1450 2128 44 22 Q'es
1509 2126 100 24 cabines
1625 2126 98 23 avaient

1202 2156 39 23 élé
1262 2156 74 23 tirées
1354 2162 46 18 sur
1418 2157 22 23 le
1458 2156 69 24 sable
1547 2161 57 18 ver?
1622 2157 23 22 la
1665 2161 59 21 mer,

1200 2184 15 23 à
1235 2185 23 23 la
1276 2185 121 23 demande
1414 2185 43 23 des
1476 2185 96 24 clients.
1589 2185 73 24 Trois
1680 2190 29 17 ca-

1202 2214 70 23 bines
1308 2214 93 23 élaient
1431 2214 93 24 restées
1555 2213 57 29 près
1640 2213 31 23 de
1702 2214 21 23 la

1200 2242 80 28 digue,
1299 2243 23 23 le
1340 2249 23 16 n.
1381 2243 41 22 270
1440 2248 31 18 au
1491 2243 92 27 milieu,
1602 2242 121 24 l'escalier

1202 2272 87 23 tourné
1308 2278 57 18 vers
1384 2273 24 22 la
1425 2272 83 29 digue.

1227 2308 20 22 A
1270 2308 96 22 certain
1388 2308 117 25 moment,
1528 2307 129 29 l'employé
1678 2307 44 24 des

1209 2336 72 23 bains
1306 2340 103 24 aperçut
1436 2343 34 17 un
1496 2336 99 24 homme
1621 2337 99 23 installé

1201 2370 45 18 sur
1269 2365 114 24 'escalier
1406 2366 31 23 de
1460 2366 25 23 la
1509 2365 87 24 cabine
1627 2366 42 22 276
1699 2367 25 22 et

1202 2395 147 27 l'interpella
1368 2401 30 17 en
1416 2395 93 23 disant:

1227 2443 33 5 —
1274 2430 70 25 Celte
1361 2430 86 24 cabine
1465 2432 38 23 est
1519 2431 119 28 occupée!

1230 2466 31 24 Ce
1276 2466 15 22 à
1305 2467 58 28 quoi
1380 2466 127 23 l'individu
1521 2466 126 29 répondit:
1662 2466 63 24 C'est

1204 2496 22 22 la
1244 2495 87 23 cabine
1350 2496 29 23 de
1399 2501 50 18 mes
1468 2495 155 24 camarades!

1232 2530 109 28 Quelque
1356 2532 80 27 temps
1449 2531 73 29 après
1536 2533 22 22 le
1571 2531 153 23 conducteur

1203 2559 42 24 des
1260 2560 99 24 cabines
1374 2561 83 23 arriva
1472 2567 59 18 avec
1546 2567 39 17 ses
1600 2561 123 26 chevaux;

1204 2589 15 22 ii
1247 2589 39 23 fut
1311 2589 130 28 interpellé
1465 2594 47 23 par
1537 2589 116 25 l'homme
1677 2590 42 27 qui

1202 2618 34 23 lui
1255 2618 81 22 donna
1354 2624 74 18 ordre
1446 2618 131 24 d'avancer
1594 2620 23 22 la
1635 2618 87 23 cabine

1204 2652 56 18 vers
1276 2648 22 21 la
1314 2653 60 17 mer.
1390 2647 109 24 Pendant
1513 2653 48 23 que
1577 2648 22 22 le
1613 2648 110 22 conduc-

1204 2676 57 23 leur
1274 2676 111 23 tournait
1398 2677 23 22 la
1434 2676 87 23 cabine
1534 2677 120 23 l'escalier
1667 2682 56 18 vers

1202 2705 23 22 la
1248 2710 60 19 mer.
1332 2705 123 23 l'inconnu
1478 2712 31 18 en
1533 2706 95 27 profila
1656 2711 66 23 pour

1204 2733 64 23 faire
1288 2739 43 18 son
1353 2739 64 23 coup
1439 2734 24 23 et
1483 2734 122 28 s'éloigna,
1626 2741 29 18 ce
1675 2740 48 23 que

1202 2763 96 26 voyant,
1314 2768 49 16 une
1376 2762 75 29 jeune
1466 2762 53 24 fille
1535 2763 119 28 préposée
1668 2764 15 22 à
1698 2764 22 22 la

1200 2791 160 23 oislribulion
1391 2790 43 24 des
1466 2791 88 23 tickets
1583 2792 43 27 de,
1651 2792 69 22 bains

1200 2819 92 23 avertit
1306 2820 22 22 lj
1343 2820 120 27 baigneur
1476 2820 30 23 de
1521 2821 103 22 service.
1639 2821 82 23 Celui-

1199 2849 22 21 ci
1239 2853 58 21 crut
1315 2853 48 23 que
1382 2848 115 23 l'homme
1514 2849 43 28 qui
1575 2855 28 18 se
1620 2850 98 22 sauvait

1199 2877 61 23 était
1283 2884 32 15 u.i
1335 2877 121 28 baigneur
1474 2879 43 27 qui
1539 2878 92 27 n'avait
1650 2879 69 27 point

1201 2905 68 28 payé.
1288 2905 137 23 L'individu
1460 2908 113 22 remonta
1599 2907 23 22 la
1646 2907 75 29 digue

1200 2934 54 23 face
1273 2934 13 22 à
1306 2935 87 23 l'Hùlel
1413 2935 135 28 Monopole.
1566 2936 20 23 II
1605 2936 114 28 disparut

1200 2963 105 24 ensuite.

1226 2998 46 23 Les
1288 2998 80 27 objets
1384 2999 68 22 volés
1468 3000 57 21 sont
1540 3001 100 22 ceux-ci
1662 3007 6 17 :
1685 3006 33 18 un

1200 3025 172 25 chronomètre
1384 3034 31 16 en
1427 3034 35 16 or,
1475 3028 89 23 chaîne
1576 3035 30 17 en
1619 3035 28 17 or
1659 3036 60 17 avec

1200 3055 65 22 deux
1293 3055 153 27 médaillons,
1468 3056 50 23 l'un
1541 3059 132 22 contenant
1697 3060 22 21 la

1199 3082 77 28 photo
1294 3084 29 22 de
1342 3084 24 24 la
1386 3085 80 26 Heine,
1486 3085 89 24 l'autre
1595 3086 109 30 l'inscrip-

1200 3111 50 23 tion
1268 3112 82 24 «Dieu
1368 3114 22 22 le
1406 3113 99 28 garde»;
1521 3120 34 17 un
1572 3116 63 26 petit
1649 3116 69 23 canif

1201 3143 29 19 en
1248 3146 34 20 or,
1300 3141 68 23 enfin
1387 3148 34 17 un
1438 3143 159 27 portefeuille
1615 3150 30 17 en
1662 3145 58 23 cuir

1199 3168 30 23 de
1245 3174 66 23 porc,
1326 3171 133 23 contenant
1474 3172 29 22 de
1519 3172 103 28 l'argent
1636 3174 25 22 el
1675 3173 42 24 des

1201 3197 83 27 apiers
1306 3198 135 25 d'identité.

1228 3232 69 23 Voici
1321 3233 22 23 le
1362 3233 164 29 signalement
1546 3236 33 23 du
1600 3237 87 23 voleur
1711 3244 6 16 :

1200 3260 69 23 taille
1286 3262 10 21 I
1314 3267 32 17 m.
1362 3262 28 22 72
1406 3262 14 23 à
1438 3264 10 21 1
1466 3269 31 17 m.
1512 3265 38 25 75;
1569 3266 148 27 corpulence

1199 3294 68 18 assez
1284 3290 75 26 forte;
1375 3291 85 28 visage
1477 3293 55 27 pâle
1549 3293 64 24 teint
1628 3295 76 27 jaunâ-

1200 3317 48 25 tre;
1265 3317 65 23 deux
1350 3318 117 25 incisives
1485 3321 160 28 supérieures
1662 3325 55 21 sont

1200 3345 96 23 fausses
1316 3349 24 21 et
1358 3349 56 21 sont
1431 3349 128 24 attachées
1576 3356 59 18 avec
1654 3351 64 24 deux

1199 3374 114 23 crochets
1327 3381 29 16 en
1370 3381 38 20 or;
1422 3377 63 22 deux
1499 3379 101 22 canines
1613 3381 44 21 ont
1668 3386 49 17 uni

1197 3402 130 26 garniture
1345 3409 29 17 en
1394 3410 29 17 or
1440 3406 42 27 qui
1501 3405 102 29 dépasse
1622 3408 80 29 légère-

1197 3432 75 21 ment.
1292 3431 33 23 Le
1346 3432 88 23 voleur
1455 3434 91 26 parlait
1567 3436 22 22 le
1609 3436 108 29 français

1197 3464 57 17 sans
1266 3462 87 21 accent
1365 3461 105 27 spécial:
1485 3463 16 22 il
1515 3464 61 22 était
1589 3465 58 22 vùtu
1659 3466 56 23 d'un

1197 3488 112 22 costume
1332 3488 97 24 sombre
1454 3491 25 21 et
1502 3492 95 27 portait
1619 3499 34 16 un
1678 3495 38 22 col

1196 3515 90 23 double
1303 3517 70 23 raide
1389 3523 60 18 avec
1466 3525 33 16 un
1516 3521 64 26 petit
1596 3522 84 26 nœud;
1698 3523 18 22 il

1195 3545 68 22 avait
1273 3551 45 16 sur
1330 3547 22 21 le
1364 3545 57 25 bras
1434 3553 48 17 une
1494 3548 132 28 gabardine
1638 3550 76 25 beige,

1196 3572 57 23 d'un
1279 3575 41 21 Ion
1345 3573 151 30 légèrement
1518 3577 65 23 brun
1608 3579 25 22 et
1656 3579 61 24 était

1196 3601 76 23 coiffé
1304 3602 57 23 d'un
1386 3603 112 28 chapeau
1529 3610 57 18 mou
1609 3607 53 27 gris
1682 3614 34 17 ou

1194 3628 70 29 beige
1281 3630 70 24 clair.
1365 3631 34 24 Le
1414 3632 39 23 vol
1469 3640 15 16 a
1500 3633 38 24 été
1554 3636 101 22 commis
1672 3642 29 17 en-

1196 3660 37 22 tre
1249 3660 22 20 11
1290 3659 24 23 !..
1330 3660 25 22 15
1370 3662 25 22 et
1411 3661 22 22 II
1451 3663 23 22 h.
1488 3662 35 24 30.

1219 3693 94 24 Toutes
1333 3699 136 23 personnes
1491 3698 110 26 pouvant
1621 3698 94 24 donner

1194 3722 211 28 renseignements
1420 3724 101 24 doivent
1535 3726 134 24 s'adresser
1683 3734 31 17 au

1193 3751 183 24 commissariat
1396 3753 103 23 central.

1234 3829 124 39 GRAND
1390 3831 60 38 VIN
1485 3833 189 40 D'ORIGINE

1190 3876 31 20 Ob
1240 3877 98 25 Subitto,
1351 3878 19 23 8,
1383 3884 17 16 r.
1414 3879 44 21 Van
1470 3879 164 28 Campenhout.
1646 3882 68 22 Brux.

1190 3954 218 39 L'AFFAIRE
1428 3958 287 40 D'ESPIONNAGE

1227 4035 59 29 Les
1306 4038 131 35 charges
1458 4040 218 30 s'accumulent

1244 4081 106 26 contre
1363 4080 30 27 le
1405 4081 260 31 HeutenantJoris

1188 4125 28 21 M.
1235 4127 106 24 Mathieu,
1359 4130 105 21 auditeur
1482 4132 106 21 militaire
1606 4134 105 21 continue

1188 4152 135 21 activement
1338 4153 151 23 l'instruction
1504 4157 27 19 de
1545 4157 96 22 l'affaire
1655 4159 45 20 d'es-

1189 4179 108 22 pionnage
1321 4177 56 21 dans
1400 4178 95 26 laquelle
1517 4182 36 19 est
1575 4181 89 26 inculpe
1687 4184 20 20 le

1188 4201 123 21 lieutenant
1323 4203 67 21 Joris.

1209 4232 18 20 Il
1243 4238 15 15 a
1274 4234 97 21 entendu
1390 4235 113 25 plusieurs
1521 4237 102 25 témoins,
1641 4240 68 20 néso-

1190 4257 73 21 cianls
1282 4263 27 16 en
1329 4260 96 24 papiers,
1445 4261 154 22 fournisseurs
1619 4264 27 21 de
1666 4269 36 16 ma-

1190 4281 65 21 tériel
1271 4283 29 20 de
1317 4283 95 25 bureau,
1430 4287 168 22 sous-officlers
1616 4290 96 24 occupés

1189 4306 56 21 dans
1261 4307 32 21 les
1307 4310 98 20 services
1420 4311 30 20 du
1467 4311 124 21 lieutenant
1605 4313 68 21 Joris.

1209 4338 30 21 Le
1253 4338 30 20 Dr
1296 4339 31 21 De
1342 4340 102 23 Rechter.
1457 4342 114 21 directeur
1584 4344 27 19 de
1627 4344 80 22 l'Ecole

1184 4362 26 20 de
1224 4363 71 25 police
1308 4365 150 29 scientifique,
1470 4371 19 16 a'
1495 4367 35 20 été
1543 4370 93 19 commis
1649 4374 59 21 pour

1188 4387 113 22 examiner
1314 4388 20 20 la
1349 4389 101 21 machine
1463 4390 14 20 à
1490 4391 69 21 écrire
1572 4393 66 20 saisie
1651 4394 57 20 dans

1190 4411 19 21 le
1228 4412 86 22 bureau
1334 4413 28 21 de
1383 4414 111 26 l'inculpé,
1514 4418 23 20 et
1557 4417 32 20 les
1608 4419 103 20 attaches

1184 4437 126 24 employées
1324 4443 41 20 par
1377 4439 89 21 celui-ci
1479 4441 23 20 et
1514 4446 36 15 ses
1563 4444 143 20 sous-ordres

1185 4464 57 21 pour
1258 4461 32 21 les
1305 4462 140 22 documents.
1461 4465 18 20 Il
1495 4470 14 16 a
1523 4466 86 21 déclaré
1625 4472 46 21 que
1685 4468 21 21 le

1184 4484 120 23 document
1320 4487 80 21 trouvé
1415 4489 55 21 dans
1488 4489 19 21 le
1524 4491 30 24 pli
1571 4493 91 24 expédié
1678 4498 28 15 en

1185 4509 127 26 Allemagne
1325 4516 41 21 par
1377 4513 60 21 Joris
1451 4513 35 21 est
1499 4515 115 26 Identique
1628 4517 12 20 à
1653 4518 53 19 tous

1185 4533 32 20 les
1229 4535 132 22 documents
1374 4538 87 21 rounds
1473 4543 41 20 par
1526 4540 32 20 les
1569 4542 98 20 services
1678 4542 27 21 de

1185 4557 67 22 Joris.

1207 4589 71 22 Détail
1293 4593 196 25 caractéristique:
1504 4595 104 22 l'attache
1622 4598 31 20 du
1666 4597 29 20 do-

1186 4616 89 19 cument
1287 4617 53 20 saisi
1352 4619 35 20 est
1399 4618 76 30 placée
1486 4620 174 22 verticalement.
1674 4622 33 21 L'n

1188 4638 114 25 adjudant,
1316 4638 90 24 attaché
1435 4648 44 16 aux
1494 4645 97 21 services
1606 4647 28 20 do
1648 4647 61 20 Joris

1183 4665 13 15 a
1207 4663 94 24 déclare,
1313 4669 41 16 sur
1365 4667 107 24 première
1484 4672 44 16 vue
1539 4669 29 19 du
1581 4669 119 22 document

1188 4688 37 23 qui
1238 4687 31 22 lui
1281 4694 13 15 a
1306 4690 35 21 été
1353 4691 110 25 présenté,
1475 4697 44 20 que
1529 4694 49 21 seul
1589 4695 61 21 Joris
1661 4696 36 25 pla-

1186 4712 44 23 çait
1244 4714 57 20 ainsi
1317 4715 32 20 les
1364 4716 102 22 attaches
1480 4718 28 20 de
1523 4718 52 20 tous
1590 4720 33 20 les
1637 4720 57 21 docu-

1187 4737 80 20 ments.

1799 467 42 31 LE
1857 468 79 30 RAID
1952 465 182 33 FARIS-NEW
2148 469 93 30 YORK

1759 543 314 65 L'aviateur
2095 543 187 66 Costes

1860 634 80 47 fait
1955 633 120 47 demi-
2076 636 95 46 tour

1798 728 87 36 Quant
1899 737 54 22 aux
1967 727 137 31 aviateurs
2119 730 121 35 polonais

1769 777 35 30 ils
1829 778 116 30 désirent
1961 777 110 30 atterrir
2091 786 55 23 aux
2161 780 99 35 Açorés

2023 830 79 27 Pans,
2116 832 28 23 13
2156 833 89 29 juillet.

1786 860 19 22 A
1825 860 28 23 18
1870 861 98 25 heures,
1985 866 66 22 pour
2068 867 48 18 une
2134 862 86 23 raison
2238 869 30 16 en-

1755 896 59 16 core
1830 891 135 23 inconnue,
1980 889 130 24 l'aviateur
2125 892 93 26 Costes,
2234 891 44 29 qui

1756 925 27 16 se
1795 920 110 22 trouvait
1917 926 31 16 au
1960 918 65 23 nord
2037 918 44 24 des
2093 920 100 27 Aeorcs,
2206 928 15 17 a
2231 920 48 29 fait

1755 947 144 24 demi-tour.

1781 993 111 31 L'avion
1908 994 17 15 "
1937 992 135 31 Maréchal
2087 994 137 32 Pilsudski
2236 1017 19 15 ,,

1921 1051 30 22 en
1963 1042 126 31 difficulté
2098 1043 15 32 ?

2017 1096 79 29 Paris,
2113 1099 29 23 13
2157 1099 89 30 juillet.

1786 1126 19 22 A
1824 1126 28 22 16
1868 1126 25 22 h.
1910 1125 37 28 30,
1965 1132 33 16 un
2013 1126 88 25 navire
2116 1129 97 28 signale
2230 1135 47 23 que

1754 1154 36 24 les
1815 1156 126 22 aviateurs
1966 1154 125 30 polonais,
2115 1164 128 23 parvenus
2261 1159 16 22 à

1752 1184 27 22 31
1791 1185 81 22 milles
1882 1192 32 16 au
1926 1184 65 23 nord
2000 1184 45 22 des
2053 1185 101 29 Açores,
2163 1187 115 27 auraient

1753 1214 126 23 demandé
1892 1215 41 22 s'il
1946 1221 17 22 y
1978 1215 67 23 avait
2059 1217 142 28 possibilité
2216 1217 51 23 d'at-

1755 1244 75 23 terrir
1845 1244 64 23 dans
1926 1245 67 22 l'une
2008 1244 45 23 des
2069 1245 53 24 iles.
2139 1247 34 22 Le
2189 1248 88 22 navire

1754 1274 82 28 ajoute
1853 1274 119 28 toutefois
1989 1280 48 22 que
2054 1274 22 23 le
2093 1276 73 23 radio
2184 1276 61 30 qu'il
2262 1283 15 16 a

1754 1303 72 29 capté
1840 1304 37 22 est
1891 1302 50 24 très
1956 1302 119 24 brouillé.'

1979 1337 118 21 ♦O*^

1756 1376 51 67 La
1825 1376 184 78 musique
2034 1378 73 66 des
2126 1378 150 69 Guides

1932 1468 17 51 à
1972 1468 130 52 Anvers

1777 1572 29 20 Le
1826 1572 73 25 grand
1919 1572 89 20 concert
2028 1572 141 27 qu'organise
2191 1575 20 21 le
2232 1576 30 21 Co-

1753 1597 52 21 mité
1821 1598 56 20 local
1896 1598 54 19 »Les
1963 1598 61 19 Amis
2040 1597 39 22 des
2094 1600 133 21 Invalides»,
2244 1606 28 16 au

1755 1622 68 25 profit
1843 1623 27 20 de
1891 1621 101 22 l'Œuvre
2013 1622 114 22 Nationale
2149 1626 40 20 des
2209 1626 54 20 Inva-

1753 1647 55 20 lides
1824 1647 27 21 de
1865 1650 89 22 guerre,
1969 1648 34 19 est
2018 1648 78 24 appelé
2112 1653 13 16 a
2140 1650 87 21 oblenir
2242 1654 30 17 un

1752 1676 54 22 gros
1820 1672 86 20 succès.

1779 1698 31 20 La
1838 1698 104 25 musique
1970 1697 40 20 des
2037 1697 83 23 Guides
2147 1699 80 25 jouera
2254 1700 21 22 le

1752 1724 23 20 21
1790 1724 74 24 juillet
1880 1724 14 20 à
1911 1725 19 19 la
1946 1723 84 21 Bourse
2046 1723 30 22 du
2092 1725 135 21 Commerce.
2242 1726 31 21 On

1753 1755 15 18 y
1788 1750 108 20 entendra
1915 1749 123 24 également
2058 1750 58 22 Mme
2136 1751 91 22 Farrère
2247 1753 28 20 de

1754 1775 86 26 l'Opéra
1859 1776 27 20 de
1905 1775 59 23 Nice,
1982 1775 21 21 et
2023 1775 28 22 M
2070 1776 24 23 G.
2113 1777 114 26 Woulers,
2246 1779 27 21 de

1754 1801 86 25 l'Opéra
1862 1801 105 21 Flamand
1989 1801 114 25 d'Anvers.

1774 1828 51 19 Afin
1842 1828 27 19 de
1886 1828 119 25 permeltre
2020 1828 14 20 à
2049 1829 84 21 chacun
2151 1830 37 25 d'y
2203 1835 58 16 assis-

1752 1852 39 22 ter,
1806 1852 20 20 le
1841 1853 49 25 prij
1905 1853 39 20 des
1958 1853 76 25 places
2048 1858 12 16 a
2075 1854 35 20 élé
2125 1854 46 21 fixé
2186 1860 85 16 comme

1751 1877 46 20 suit
1809 1882 6 15 :
1829 1877 131 21 Réservées:
1974 1878 24 19 13
2009 1877 28 23 fr.
2044 1882 6 19 ;
2064 1879 36 20 1er
2112 1884 67 21 rang:
2194 1880 24 20 10
2231 1881 26 20 fr.
2264 1886 6 18 ;

1750 1902 25 20 2e
1789 1906 68 21 rang:
1872 1903 13 19 5
1899 1904 41 21 fr.;
1956 1903 120 25 pourlour:
2091 1904 13 20 3
2119 1905 28 20 fr.

1774 1927 32 21 On
1825 1929 54 25 peut
1896 1928 82 20 retenir
1994 1932 37 16 ses
2047 1928 75 26 places
2138 1930 13 20 à
2168 1929 103 22 l'Œuvre

1752 1952 121 24 Nationale,
1886 1953 19 22 4,
1919 1958 39 15 rue
1972 1953 40 20 des
2020 1953 151 24 .Escrimeurs,
2184 1955 24 23 4;
2223 1955 14 21 à
2250 1956 20 20 h

1751 1978 85 20 Maison
1850 1978 24 20 G.
1889 1979 60 22 Faes.
1962 1977 89 22 Marché
2064 1983 45 16 aux
2122 1980 106 23 Sculiers.
2242 1980 24 21 16

1750 2004 21 18 et
1787 2002 14 20 à
1816 2002 78 21 i'IIolel
1908 2004 31 19 du
1954 2002 59 23 Midi.
2028 2003 89 22 Marché
2133 2010 43 15 tux
2193 2005 78 22 Œuf»,

1749 2027 32 22 3i.
1794 2028 14 20 à
1821 2029 93 19 Anvers.

1768 2098 117 52 SIROP
1906 2098 350 55 HYPOPHOSPHITES

1915 2174 66 18 17.50
1997 2175 20 18 le
2029 2174 76 21 flacon

1767 2212 144 26 Anémiques,
1936 2212 186 25 Convalescents,
2148 2214 106 22 Nerveux

1855 2238 144 20 Pharmacies
2011 2238 154 22 Universelles

1848 2264 20 21 1.
1888 2268 41 16 rue
1948 2263 95 21 Antoine
2062 2264 113 23 Dansaert

1859 2289 36 22 85.
1911 2289 90 20 Marché
2017 2294 43 16 aux
2076 2290 86 21 Herbes
2172 2296 13 11 *

1786 2360 51 45 Les
1867 2361 181 44 Carabiniers
2078 2363 35 43 de
2142 2363 95 45 Calais

1914 2424 16 44 à
1959 2424 149 46 Bruxelles

2334 465 60 69 Un
2432 484 183 64 ouragan
2650 486 24 51 a
2714 471 91 80 fait,

2466 570 50 24 en
2539 562 134 39 Perse,

2341 620 39 51 de
2405 621 218 53 nombreuses
2646 623 151 54 victimes

2534 724 122 28 Téhéran,
2672 727 24 21 13
2708 726 94 27 juillet.

2334 752 68 24 Dans
2433 753 22 22 la
2484 753 85 28 région
2600 755 29 22 de
2659 755 97 28 Tabriz,
2786 757 44 23 des

2307 781 81 28 pluies
2422 783 169 23 torrentielles
2623 785 57 22 sont
2712 785 117 27 tombées,

2306 811 105 22 causant
2436 811 43 22 des
2506 811 166 24 inondations.
2691 813 37 23 Un
2755 819 75 24 orage

2305 838 74 24 d'une
2392 839 111 23 violence
2516 841 135 26 anormale,
2665 844 164 28 accompagné

2306 867 29 24 de
2355 868 24 23 la
2396 868 76 24 rliule
2489 868 59 24 d'un
2567 869 116 28 météore,
2702 877 14 16 a
2734 871 95 24 détruit

2306 896 35 23 les
2356 898 86 22 roules
2458 898 23 22 el
2497 898 86 23 abaltu
2599 898 64 23 deux
2681 900 68 23 mille
2765 901 49 22 mai

2307 931 65 17 sons.
2397 926 131 24 Plusieurs
2552 927 105 29 villages
2680 929 57 22 sont
2760 933 69 19 rases

2307 955 25 22 et
2358 955 37 22 les
2422 955 105 24 récoltes
2547 957 45 21 ont
2612 956 56 23 subi
2690 956 31 23 de
2741 962 89 23 graves

2305 982 149 31 dommages.
2470 984 104 29 Jusqu'à
2591 983 148 30 présent'on
2756 991 15 17 a
2788 992 27 17 re-

2307 1013 87 22 trouvé
2412 1014 42 22 375
2472 1013 125 24 cadavres.

2528 1050 74 19 »»g«

2304 1077 58 32 EN
2398 1079 91 32 QUE
2492 1079 141 32 LQUES
2670 1079 157 33 LIGNES

2326 1144 21 21 SI
2361 1146 31 20 En
2412 1146 129 25 Angleterre,
2565 1153 27 14 on
2611 1147 67 20 craint
2696 1154 40 14 une
2754 1148 74 20 disette

2302 1170 72 25 d'ecu;
2396 1173 20 20 le
2438 1173 95 20 ministre
2562 1173 25 20 de
2617 1173 109 23 l'Hygiène
2747 1180 68 13 recom-

2304 1198 96 20 mandera
2419 1205 42 13 aux
2479 1202 175 20 consommateurs
2671 1199 120 21 l'économie
2808 1200 20 20 h

2303 1224 48 23 plus
2365 1224 76 20 stricte.

2326 1255 20 21 5
2360 1257 107 24 L'express
2490 1258 196 20 Muntch-Eiscnach
2708 1265 13 14 a
2742 1259 86 20 déraille

2302 1283 12 19 à
2330 1282 101 22 Btscnach
2445 1290 26 13 au
2486 1290 84 17 passage
2585 1285 60 20 d'une
2659 1285 88 23 aiguille.
2760 1285 21 20 Il
2795 1286 32 23 n'y

2300 1315 12 13 a
2323 1315 38 17 pas
2371 1309 113 20 d'accident
2497 1310 25 19 de
2532 1314 107 21 personne,
2651 1312 51 19 mais
2713 1312 31 20 les
2755 1311 72 24 dégâts

2302 1335 104 20 matériels
2420 1339 48 16 sont
2484 1339 129 21 importants.

2325 1367 21 21 6
2362 1368 32 20 Un
2416 1369 73 19 nouvel
2510 1369 113 23 hydravion
2645 1370 61 23 géant
2728 1371 12 19 à
2761 1370 65 21 douze

2300 1397 92 17 moteurs
2409 1400 12 14 a
2438 1395 91 23 effectué
2545 1402 34 16 ses
2595 1397 99 23 premiers
2710 1397 65 20 essais
2790 1404 36 12 sur

2301 1420 19 20 le
2335 1420 32 20 lac
2384 1421 25 20 de
2425 1421 121 21 Constance.
2561 1422 19 19 Il
2594 1428 13 14 a
2622 1423 67 19 réussi
2703 1423 13 19 à
2732 1423 94 20 décoller.

2326 1451 20 21 SI
2362 1453 32 19 Un
2406 1454 95 22 .autobus
2518 1455 49 19 s'est
2586 1455 99 20 renversé
2709 1459 39 21 par
2772 1457 55 19 suite

2301 1478 48 20 d'un
2369 1479 119 20 éclatement
2507 1480 26 20 de
2551 1481 144 23 pneumatique
2713 1483 12 18 à
2744 1481 81 24 Poylon

2302 1504 146 24 (Angleterre).
2479 1506 72 19 Douze
2581 1510 113 20 personnes
2726 1511 36 17 o>U
2793 1508 33 20 été

2302 1531 94 20 blessées.

2324 1555 20 21 H
2358 1558 28 19 Le
2404 1557 80 21 cabinet
2502 1557 94 24 français
2613 1565 13 14 a
2644 1559 72 20 décidé
2734 1560 26 21 de
2776 1564 39 19 sup-

2298 1584 84 23 primer,
2397 1586 52 17 cette
2465 1584 72 23 année,
2552 1584 20 19 la
2588 1591 62 14 revue
2666 1586 28 19 du
2711 1591 24 18 14
2749 1586 74 23 juillet.

2323 1614 21 21 SI
2355 1616 19 19 A
2392 1616 67 25 Paris,
2483 1617 32 20 les
2537 1618 55 23 fêtes
2617 1619 26 19 du
2664 1624 23 17 14
2703 1619 69 23 juillet
2789 1623 34 17 ont

2299 1643 124 22 commencé,
2437 1643 85 24 samedi,
2537 1647 39 21 par
2590 1644 125 21 l'ouverture
2730 1645 36 20 des
2781 1645 44 20 bals

2298 1668 84 23 publics.
2396 1669 19 19 A
2430 1675 25 12 22
2468 1669 79 23 heures,
2561 1676 40 14 une
2615 1671 83 20 retraite
2711 1672 112 20 lumineuse

2291 1697 21 16 'a
2324 1697 102 21 parcouru
2440 1695 30 20 les
2483 1696 63 19 bords
2559 1696 25 20 de
2597 1697 20 19 la
2630 1697 69 20 Seine.

2323 1726 22 21 SI
2356 1728 50 24 St-pt
2421 1728 90 24 banques
2525 1729 26 20 de
2565 1730 140 20 Jacksonville
2722 1730 100 23 [Floride)

2298 1756 41 21 ont.
2354 1754 72 24 depuis
2439 1755 46 20 huit
2497 1755 67 24 jours,
2575 1755 68 23 fermé
2656 1757 55 19 leurs
2723 1757 100 22 guichets.

2298 1779 58 20 Neuf
2371 1780 90 22 millions
2475 1781 25 20 de
2515 1782 78 19 dollars
2606 1786 48 16 sont
2669 1782 153 24 indisponibles.

2322 1811 22 21 SI
2356 1813 18 19 A
2382 1813 19 20 h
2416 1813 53 20 suite
2484 1814 61 22 d'une
2560 1815 101 24 collision,
2675 1816 19 19 le
2709 1816 113 20 trois-mâts

2299 1837 97 21 Seaforth
2411 1846 12 13 a
2438 1840 60 20 coulé
2512 1847 26 13 au
2553 1841 57 23 large
2624 1842 37 19 des
2676 1842 146 21 Comoua'llcs.

2298 1864 123 24 L'équipage
2439 1872 12 13 a
2469 1866 34 20 été
2521 1867 92 20 recueilli
2636 1870 39 21 par
2699 1874 28 14 un
2746 1871 77 21 vapeur

2298 1891 104 22 esfognol.

2321 1921 21 21 SI
2356 1923 32 20 On
2405 1930 94 15 annonce
2514 1926 62 22 qu'un
2592 1926 67 24 projet
2676 1927 26 20 de
2717 1928 29 20 loi
2760 1934 13 14 a
2789 1929 33 19 été

2298 1948 75 24 déposé
2390 1956 26 14 au
2433 1951 66 20 Sénat
2515 1952 95 23 français
2627 1953 124 21 demandant
2769 1955 12 19 à
2799 1959 23 14 ce

2298 1980 36 18 qui
2350 1976 29 19 les
2393 1977 85 19 anciens
2492 1978 115 23 présidents
2621 1979 26 19 de
2660 1980 20 19 la
2695 1980 127 24 République

2296 2001 66 19 scient
2381 2002 92 23 nommés
2490 2004 107 21 sénateurs
2616 2005 138 25 inamovibles.

1810 2521 17 31 A
1843 2520 74 32 l'Hôtel
1932 2521 25 32 de
1971 2521 53 32 Ville
2038 2522 26 32 de
2078 2522 138 34 Sctiaerbeek

1778 2576 47 20 Nos
1839 2576 57 20 amis
1911 2576 27 21 de
1955 2576 72 22 Calais
2041 2578 40 20 ont
2096 2577 37 22 été
2147 2583 69 21 reçus
2231 2584 37 16 sa-

1748 2602 58 20 meJi
1825 2602 14 20 à
1856 2602 12 20 7
1888 2603 23 19 h.
1931 2603 40 20 1/2
1990 2603 14 19 à
2022 2603 81 22 l'Hôtel
2122 2605 28 20 de
2169 2605 52 21 ville
2240 2606 27 20 de

1748 2627 150 22 Schaerbeek.
1915 2628 17 17 n
1950 2633 26 15 na
1994 2629 99 21 enler/du
2111 2630 35 20 les
2163 2631 106 21 discours

1748 2652 26 21 de
1791 2654 51 22 MM.
1857 2653 88 23 Pinard,
1961 2654 64 21 Ulum
2040 2655 22 20 et
2077 2655 146 26 Wulveryck.
2237 2656 31 21 La

1748 2680 115 25 réception
1881 2685 26 16 te
1928 2681 93 20 termina
2041 2686 42 22 par
2101 2683 21 19 la
2141 2684 65 20 visite
2226 2684 41 20 des

1749 2706 134 25 principales
1897 2707 70 20 salles
1983 2708 28 20 de
2028 2707 81 21 l'Hùlel
2127 2709 27 20 de
2170 2709 53 21 ville
2240 2710 27 19 de

1747 2731 152 22 Sctiaerbeek.

1777 2758 17 19 A
1811 2758 101 20 l'arrivée
1929 2758 21 21 et
1966 2758 98 26 pendant
2080 2760 60 20 celle
2179 2761 88 20 anlfes-

1748 2784 69 19 lalinn
1831 2783 106 24 d'amitié,
1949 2784 20 20 le
1982 2784 78 25 Rallye
2073 2785 137 25 brabançon.
2212 2791 55 16 sous

1747 2809 19 19 la
1781 2809 109 21 direction
1905 2811 27 19 de
1947 2809 29 22 M.
1989 2811 26 20 C.
2028 2810 72 24 Budn,
2115 2812 27 20 fit
2157 2812 110 20 entendre

1745 2834 116 24 plusieurs
1880 2835 117 26 sonperlqs
2015 2835 28 22 de
2061 2841 52 16 cors
2131 2837 28 20 de
2177 2838 82 19 chasse

2878 472 85 69 Une
2994 473 214 79 explosion
3239 490 23 50 a
3286 474 78 67 fait

2961 562 108 33 milie
3096 563 186 33 victimes

2890 622 82 52 dans
3009 622 31 52 la
3079 623 99 51 Chine
3215 623 42 51 du
3286 623 64 52 Sud

3037 725 164 30 Hong-Kong,
3216 727 27 22 13
3257 726 93 28 juillet.

2886 754 54 24 L'ne
2960 755 129 29 explosion
3109 755 60 23 s'esl
3189 755 118 28 produite
3327 756 57 23 hier

2855 783 149 28 après-midi
3024 785 62 22 dans
3104 790 33 17 un
3157 784 73 29 dépôt
3248 785 30 23 de
3297 785 70 23 muni-

2853 812 66 24 tions
2931 812 14 23 à
2958 813 176 24 Yunnan-Tou
3147 813 61 24 dans
3222 815 23 22 la
3258 813 78 24 Chine
3348 814 33 23 du

2854 840 58 25 Sud.
2929 842 35 22 On
2983 842 96 28 signale
3096 848 33 17 un
3148 842 94 23 millier
3258 842 30 23 de
3306 843 60 22 victi-

2855 875 59 19 mes.
2927 872 88 22 Aucun
3028 872 21 23 él
3055 877 90 21 ranger
3158 871 38 23 n'a
3209 872 40 23 été
3263 872 42 22 lue
3319 878 64 17 mais

2854 893 23 29 le
2892 901 88 22 consul
2996 900 162 29 brilannique
3176 901 38 23 est
3231 901 148 28 légèrement

2853 927 87 24 blessé.
2953 928 33 24 I.e
3000 929 118 24 Consulat
3132 928 112 29 français
3257 935 13 17 a
3283 928 40 24 été
3336 929 31 23 dé-

2854 957 64 23 truit
2937 959 26 21 et
2982 958 36 23 les
3039 959 118 24 missions
3178 958 140 28 françaises
3338 960 40 21 onl

2853 986 56 22 subi
2928 986 30 23 de
2975 988 92 28 grands
3084 987 93 29 dégàls.
3194 988 37 22 On
3249 988 65 23 croit
3332 993 48 23 que

2853 1014 59 25 c'est
2930 1022 33 16 un
2984 1016 112 28 partisan
3115 1015 33 26 du
3167 1016 101 28 général
3287 1016 93 23 rebelle

2853 1043 42 28 qui
2909 1050 13 17 a
2934 1045 117 28 perpélré
3064 1052 26 18 ce
3103 1045 78 23 crime
3194 1050 29 18 en
3236 1051 50 18 vue
3299 1045 29 24 de
3342 1043 25 25 fa-

2853 1072 84 24 ciliter
2954 1079 44 17 son
3017 1080 93 18 avance
3128 1081 46 17 sur
3191 1074 23 24 la
3232 1074 57 23 cité.

3075 1104 82 20 ♦♦♦

1777 2860 30 20 La
1827 2860 76 20 soirée

1746 2885 57 20 nade
1820 2890 27 16 en
1865 2887 66 20 auio-

1744 2910 103 26 Soignes.

2051 2867 39 21 par
2109 2867 46 17 une
2175 2868 91 21 prome-

2038 2892 73 21 avers.
2123 2890 22 19 la
2161 2889 61 22 lorét
2238 2889 28 20 de

1886 2974 100 19 PIANOS
2002 2977 16 17 .1
2033 2975 95 23 QUEUE

1779 3016 19 22 ::
1841 3009 32 28 P
1889 3010 34 27 H
1942 3010 7 28 I
1968 3011 29 27 L
2012 3010 7 28 I
2040 3011 32 27 P
2088 3011 32 28 P
2136 3011 34 29 S
2214 3019 20 22 ::

1792 3047 176 22 Représentant:
1984 3048 81 20 Michel
2083 3049 135 20 MATTHYS

1791 3072 22 24 1,
1831 3077 40 16 rue
1890 3074 27 19 de
1933 3074 109 22 Stassari,
2059 3075 23 22 1,
2100 3075 118 20 Bruxelles

1894 3098 123 25 léléphon»
2038 3100 82 20 853.92

1853 3123 87 20 Maison
1956 3124 82 20 'ondée
2053 3130 28 15 en
2096 3125 62 20 1919

1766 3188 49 37 Une
1842 3190 110 37 collision
1980 3192 30 35 de
2038 3194 77 35 trams
2141 3191 13 37 à
2178 3193 67 36 Mons

1879 3272 137 23 Plusieurs
2031 3274 103 23 blessés

1769 3306 39 23 (Pc
1824 3307 64 21 noire
1905 3308 174 25 correspondant
2095 3309 139 25 particulier)

2031 3343 70 23 Mons,
2119 3344 24 19 13
2158 3344 83 24 juillet.

1765 3364 47 21 t'ne
1823 3366 102 20 collision
1937 3367 27 20 de
1975 3368 70 20 trams
2055 3373 113 16 survenue
2179 3369 14 20 à
2203 3369 64 21 Mons

1742 3390 52 24 près
1812 3391 30 20 du
1862 3391 140 24 Waux-Ilal],
2020 3397 39 20 par
2076 3394 60 21 suite
2154 3395 30 19 du
2203 3398 50 16 mau-

1741 3416 49 19 vais
1808 3416 193 22 fonctionnement
2017 3418 52 21 d'un
2087 3419 120 25 aiguillage
2226 3420 37 24 qui

1743 3445 13 15 a
1773 3440 61 21 lancé
1850 3442 58 20 deux
1925 3443 71 19 trams
2012 3443 12 20 à
2040 3448 85 21 vapeur
2141 3445 82 20 venant
2239 3449 26 16 en

1741 3469 51 16 sens
1808 3467 88 20 inverse
1911 3472 40 15 sur
1967 3468 22 20 la
2003 3469 71 21 même
2089 3470 58 20 vole.
2161 3470 31 20 Le
2208 3470 56 20 choc

1741 3495 12 15 a
1767 3491 34 20 élé
1816 3492 47 20 très
1874 3493 91 21 violent,
1979 3498 43 16 une
2035 3494 107 21 douzaine
2155 3495 28 21 de
2195 3499 59 20 voya-

1741 3519 66 20 geurs
1823 3517 39 20 ont
1878 3517 35 21 été
1928 3517 85 21 blessés
2029 3519 51 25 plus
2095 3524 30 16 ou
2141 3521 74 20 moins
2229 3520 24 20 sé-

1743 3540 135 23 rieusement
1897 3547 41 20 par
1953 3543 41 21 des
2011 3542 68 23 éclats
2095 3545 28 20 de
2141 3546 77 22 vitres,
2235 3550 30 16 ou

1740 3565 59 24 jetés
1816 3567 32 19 les
1866 3572 42 16 uns
1925 3569 77 20 contre
2020 3569 31 20 les
2068 3571 84 19 autres.
2170 3570 32 21 On
2220 3571 43 20 cite

1742 3590 136 21 nnlamnT"i!
1890 3597 29 15 un
1930 3593 96 22 gantois,
2029 3594 117 22 industriel
2161 3595 13 20 à
2188 3595 74 21 Mont?.

1741 3615 49 20 MM.
1804 3617 88 24 Wanin.
1908 3617 47 22 Van
1969 3618 151 25 Wienendael.
2133 3622 80 24 agents
2229 3612 24 33 ju-

1741 3639 101 23 diciaires
1854 3642 12 19 à
1881 3643 73 23 Mons,
1968 3646 50 19 sont
2032 3646 70 23 parmi
2117 3646 33 20 les
2162 3646 90 20 blessés

1806 3715 50 20 LES
1876 3716 170 22 QtOMETRES
2067 3719 128 21 EXPERTS

1756 3746 23 31 J.
1796 3747 195 33 MATHEUSSENS
2012 3752 27 29 et
2061 3752 23 31 F.
2102 3753 35 30 DE
2155 3752 89 31 WITTE

1755 3787 53 24 111.
1823 3789 33 20 Bd
1873 3791 69 19 Emili
1957 3792 124 24 Jacqmain,
2096 3795 12 18 à
2124 3795 118 19 Bruxelles

1889 3815 126 26 Téléphone
2028 3818 82 21 245.12

1741 3837 87 21 o:frent
1855 3843 26 17 en
1908 3842 68 20 vente
2003 3843 124 21 nomlireux
2153 3845 105 20 terrains.

1740 3862 118 25 chUteaux,
1875 3866 101 20 maisons
1993 3868 23 19 et
2033 3868 75 21 hôtels
2125 3869 28 21 de
2170 3870 86 20 maître,

1738 3888 55 20 dans
1804 3889 74 22 Granj
1894 3891 123 22 Uruxelles.
2029 3893 97 22 Mettent
2138 3899 27 16 en
2178 3896 77 20 vnlcu»

1736 3917 117 17 nouveaux
1866 3917 112 24 qusrlier*
1992 3922 7 15 :
2011 3918 245 23 Woluwe-St-Pierre:

1739 3942 86 17 avenue
1844 3940 40 20 des
1904 3940 107 22 Mimosas
2029 3945 22 18 et
2070 3949 52 21 parc
2141 3946 115 20 Woluvvo:

1739 3964 243 23 Rhode-Ste-Qenèse:
2000 3968 52 21 Goir
2067 3970 69 22 Club:
2151 3971 104 21 Littoral:

1739 3989 162 26 Grocnendjc.k
1924 3992 74 21 Pl.iae.

2319 2076 84 68 Une
2445 2079 85 67 fête
2577 2083 223 79 artistique

2361 2179 36 35 au
2417 2170 73 46 Parc
2511 2173 34 44 Ce
2567 2173 187 47 Woivendael

2296 2259 41 27 Le
2349 2260 112 33 prince
2471 2261 140 34 Léopold
2625 2272 20 26 y
2657 2266 162 28 assistera

2318 2300 34 21 L'n
2370 2301 86 22 Comité
2472 2303 69 21 mixte
2558 2306 110 24 organise,
2686 2307 20 20 le
2722 2308 25 20 25
2763 2309 43 25 juil-

2294 2324 37 25 let,
2347 2326 14 20 à
2377 2326 23 20 li
2417 2327 22 21 h.
2455 2327 31 24 30,
2503 2334 29 15 au
2550 2334 53 21 parc
2619 2331 28 20 de
2664 2331 152 23 Wolvendael.

2293 2354 14 16 a
2320 2351 73 22 Uccle.
2408 2356 44 16 une
2465 2354 86 24 grande
2565 2355 46 21 fête
2625 2356 123 27 artistique,
2762 2359 55 21 dont

2293 2375 20 20 le
2329 2376 101 22 bénéfice
2444 2377 96 26 Intégral
2555 2385 50 15 sera
2621 2382 63 20 versé
2698 2382 14 20 à
2727 2382 20 21 la
2762 2384 43 20 Mai-

2292 2404 41 17 son
2351 2401 40 20 d»s
2407 2402 112 21 Invalides
2535 2405 22 19 et
2574 2405 14 20 à
2604 2405 22 20 la
2642 2406 76 21 Caisse
2735 2408 27 20 de
2778 2408 27 21 Se-

2294 2430 66 17 cours
2378 2427 28 19 de
2423 2426 23 23 la
2463 2428 23 20 F.
2503 2428 27 22 N.
2546 2429 25 22 I„
2588 2431 85 21 section
2691 2432 30 21 du
2741 2433 74 20 Grand

2294 2449 123 23 Bruxelles.

2317 2475 202 23 L'adminislrallon
2537 2481 141 20 communale
2696 2482 90 21 d'Uccle
2803 2488 13 15 a

2293 2501 93 20 accordé
2403 2506 40 16 son
2461 2504 121 25 patronage
2599 2505 13 20 à
2629 2507 59 19 celle
2705 2507 51 20 fêle.
2773 2508 43 20 Des

2293 2526 111 21 membres
2422 2527 28 20 de
2467 2527 22 21 la
2506 2528 91 22 Famille
2614 2530 83 24 Royale
2716 2537 13 17 y
2747 2533 57 20 assis

2294 2550 78 21 leront.

2316 2575 33 20 Au
2368 2580 142 23 programme
2523 2583 6 6 •
2550 2578 19 22 le
2586 2583 86 23 groupe
2689 2581 28 20 de
2734 2582 81 21 ballets

2295 2606 10 10 ■
2316 2600 30 21 Me
2366 2602 71 25 Jeugd
2448 2610 20 14 ».
2487 2603 26 21 de
2532 2604 33 20 Ma
2570 2604 61 24 Unes,
2651 2606 36 20 aui
2705 2611 13 15 a
2738 2607 77 21 enlevé

2293 2624 33 20 les
2349 2626 51 24 plus
2422 2627 80 21 haules
2524 2628 139 22 distinctions
2686 2631 57 21 dans
2765 2633 51 19 tous

2292 2650 32 20 ies
2338 2655 110 17 concours
2462 2652 121 22 nationaux
2598 2655 22 20 et
2634 2654 179 24 internationaux

2291 2676 110 23 auxquels
2417 2676 15 20 il
2449 2681 13 16 a
2479 2678 107 26 participé
2603 2680 22 19 et
2640 2680 38 25 qui
2695 2681 118 21 exéculera

2291 2700 40 20 des
2344 2698 79 23 baliels
2436 2702 28 20 de
2475 2703 74 26 Grieg.
2561 2704 89 24 Weber.
2662 2705 90 21 Strauss
2772 2709 41 19 etc.

2316 2725 30 20 La
2367 2726 111 26 phalange
2498 2728 40 20 des
2558 2729 55 20 Cors
2632 2730 28 21 de
2680 2730 84 22 Chasse
2783 2732 30 20 du

2291 2749 76 22 Cercle
2384 2751 69 26 Royal
2471 2752 164 26 Saint-Hubert,
2651 2756 38 25 qui
2706 2757 107 24 produira

2290 2779 37 16 ses
2342 2776 115 21 meilleurs
2471 2782 128 19 morceaux.

2316 2800 27 20 Le
2359 2801 96 20 Théâtre
2470 2802 40 20 des
2525 2803 97 24 enfants,
2637 2804 28 21 de
2681 2805 78 23 Lerov.
2775 2806 37 26 qui

2290 2828 57 17 nous
2358 2829 94 17 enverra
2465 2826 32 21 les
2509 2828 122 21 excellents
2643 2832 85 19 clowns
2739 2825 74 26 "Bouzo

2291 2849 21 20 et
2326 2849 75 25 Sylvia
2414 2852 22 19 et
2449 2851 51 20 leur
2512 2852 63 21 chien
2590 2854 100 22 Casimir.

2315 2874 30 20 La
2365 2874 94 22 Chorale
2477 2876 83 25 Royale
2578 2878 41 20 des
2639 2878 116 24 Invalides,
2775 2881 38 25 qui

2291 2903 57 16 nous
2365 2899 48 20 fera
2431 2901 108 21 entendre
2555 2902 40 20 des
2612 2903 89 21 chœurs
2718 2905 27 20 de
2764 2910 50 19 pr'-

2291 2924 57 20 mier
2364 2924 72 22 choix.

2316 2948 28 20 La
2360 2950 103 25 musique
2479 2950 30 21 du
2525 2951 37 20 1er
2576 2953 143 23 carabiniers,
2734 2954 43 21 etc.

2315 2973 32 20 Au
2366 2978 68 16 cours
2452 2975 41 20 des
2510 2976 126 25 entr'actes,
2655 2982 30 16 un
2703 2983 110 16 concours

2290 2997 27 21 de
2334 2998 125 22 ballonnets
2477 3000 49 21 fera
2543 3001 22 21 la
2579 3002 46 25 joie
2642 3003 22 19 et
2683 3002 118 23 ''émerveil-

2290 3022 82 22 lement
2388 3024 40 20 des
2444 3025 97 21 enfants.

2316 3048 28 20 Le
2367 3049 49 25 prix
2440 3049 40 20 des
2503 3050 74 25 places
2599 3052 35 20 est
2658 3052 45 20 'ixé
2726 3057 86 16 comm»

2289 3074 46 19 suit
2347 3078 6 15 :
2373 3074 114 21 réservées
2500 3080 6 16 :
2524 3075 25 20 20
2566 3076 28 20 fr.
2612 3077 128 23 minimum;
2762 3083 38 21 pre-

2289 3098 93 21 mières:
2402 3099 24 20 10
2445 3099 39 22 fr.:
2505 3101 120 21 secondes:
2644 3102 13 20 5
2676 3102 39 25 fr.;
2736 3104 75 20 entrée

2288 3123 116 25 générale:
2420 3124 12 20 2
2446 3125 28 20 fr.
2486 3124 32 24 50.

2315 3148 41 21 Les
2374 3149 90 21 enfants
2483 3150 27 20 de
2529 3151 73 20 moins
2621 3152 27 20 de
2667 3152 39 21 aix
2724 3158 41 15 ans
2784 3157 27 16 ne

2289 3174 75 24 paient
2376 3174 82 25 qu'une
2471 3176 75 20 entrée
2559 3176 111 25 générale,
2681 3178 74 24 quelle
2768 3183 43 20 que

2288 3198 44 20 soit
2348 3198 19 20 la
2384 3199 63 25 place
2463 3201 97 24 occupée
2577 3206 42 20 par
2633 3201 63 21 leurs
2712 3205 97 22 parents.

2314 3223 40 21 Les
2369 3220 77 33 places
2462 3225 114 21 réservées
2592 3228 98 23 peuvent
2706 3228 47 20 êlre
2770 3233 29 15 nu-

2290 3248 110 22 mérotées
2422 3249 113 23 d'avance,
2557 3255 30 16 au
2612 3252 136 23 secrétariat,
2771 3255 41 18 rue

2289 3273 27 20 de
2332 3273 76 24 Stalle,
2423 3274 29 23 10,
2468 3275 75 20 Uccle.

2313 3298 78 21 Places
2406 3299 105 20 d'avance
2526 3305 27 15 en
2568 3302 91 19 versant
2675 3302 20 20 le
2710 3303 101 20 moulant

2287 3328 29 15 au
2333 3325 87 24 compte
2437 3324 96 26 chèques
2549 3327 96 23 poslaux
2661 3331 21 16 n.
2697 3326 87 22 2416.80.

2853 1130 177 81 Trotzky
3053 1139 67 61 est
3138 1133 243 67 abandonné

3075 1232 77 32 par

2888 1291 55 41 ses
2967 1281 152 53 derniers
3143 1283 202 52 lieutenants

3102 1372 106 26 Moscou,
3222 1372 26 23 13
3257 1372 93 26 juillet.

2880 1398 35 22 La
2938 1404 84 23 presse
3043 1400 86 29 publie
3152 1406 48 17 une
3221 1400 152 25 déclaratior

2853 1426 33 25 du
2897 1428 91 23 comité
3000 1430 93 23 central
3104 1429 30 23 de
3144 1430 110 23 conlrôle
3265 1430 33 23 du
3310 1431 64 27 parti

2852 1457 167 24 communiste
3038 1458 30 22 de
3087 1458 46 23 l'U.
3153 1458 26 23 IL
3198 1458 24 24 S.
3241 1459 31 26 S.,
3290 1459 86 28 signée

2851 1490 45 23 par
2907 1485 35 23 les
2952 1486 102 23 anciens
3066 1487 95 23 leaders
3173 1487 29 23 de
3214 1488 160 28 l'opposition

2852 1513 131 24 trotzkiste
2994 1520 7 17 :
3030 1514 54 25 MM.
3112 1515 90 28 P.adek:,
3230 1516 94 29 Sinilga
3350 1519 23 21 et

2851 1543 192 26 Preobrajcnski
3062 1561 6 6 .

2880 1573 51 22 Les*
2943 1573 151 24 signataires
3111 1573 127 25 déclarent
3255 1574 75 28 qu'ils
3348 1579 27 18 se

2853 1601 100 23 rallient
2976 1602 14 23 à
3013 1602 23 22 la
3058 1602 67 28 ligne
3147 1602 131 30 politique,
3292 1603 67 23 suivi
3363 1608 11 10 0
3369 1620 6 5 ,

2852 1636 46 23 par
2914 1630 22 23 le
2954 1630 64 29 parti
3036 1632 26 22 et
3077 1636 49 23 que
3143 1631 56 23 leur
3215 1632 106 28 rupture
3338 1632 35 22 e»t

2850 1660 125 28 complèlo
2994 1665 59 18 avec
3074 1656 167 34 l'opposition.

2878 1689 34 22 Ils
2931 1688 111 24 blâment
3059 1689 37 23 les
3114 1688 166 24 déclarations
3299 1688 75 24 faites

2850 1723 47 22 par
2910 1716 109 30 Trolzky
3034 1718 14 22 à
3064 1719 25 23 la
3104 1724 84 22 presse
3204 1717 130 29 étrangère
3350 1719 23 21 et

2851 1746 107 23 invitent
2984 1747 69 22 leurs
3079 1747 102 23 anciens
3207 1746 127 29 partisans
3360 1746 14 23 à

2848 1775 86 24 suivre
2953 1776 56 23 leur
3025 1776 120 28 exemple.

3076 1812 96 18 oeo-
3368 1818 5 9 .

2846 1842 112 37 Terrïb'e
2973 1844 112 36 coîisioo
3100 1846 72 34 entre
3186 1845 58 35 auto
3258 1846 26 34 et
3302 1844 73 43 train,

2888 1898 59 47 près
2959 1900 30 36 de
3006 1899 80 38 Melun
3101 1907 9 30 :
3134 1900 63 36 trois
3219 1899 113 45 blesses;

2993 1964 47 29 une
3060 1956 90 37 femme
3173 1955 56 38 tuée

3408 274 40 53 La
3475 275 214 53 Commission
3727 277 59 53 des
3821 277 114 65 loyers

3407 353 112 45 conclut
3533 353 17 45 à
3570 354 145 45 certaines
3736 356 201 53 prorogatioes

3439 442 35 24 La
3499 444 166 24 commission
3678 466 6 3 .
3694 444 44 24 des
3765 445 86 29 'oyers.
3877 445 58 24 s'est

3409 471 87 25 réunie
3519 473 126 24 vendredi
3665 474 158 29 après-midi.
3844 475 56 24 Elle
3920 482 15 16 a

3408 500 94 30 adopte
3516 502 37 23 les
3568 503 164 23 conclusions
3747 504 141 25 suivantes:

3439 530 20 23 Il
3470 537 17 22 y
3498 537 14 17 a
3524 527 51 28 lic'u
3586 531 154 25 d'accorder
3747 539 66 23 pour
3840 534 95 23 ertains

3409 559 148 26 immeubles
3572 564 25 21 et
3612 561 64 23 dans
3690 562 127 24 certaines
3832 562 102 29 régions

3409 594 47 17 une
3481 588 115 25 nouvelle
3621 591 164 28 prorogation
3810 592 64 24 dans
3897 592 37 23 les

3408 617 147 26 conditions
3575 619 133 29 indiquées
3728 620 122 30 ci-après:

3440 646 32 23 La
3495 648 163 31 prorogation
3681 655 31 17 ne
3732 650 77 24 sérail
3831 651 103 29 acquise

3408 676 91 28 qu'aux
3523 676 149 25 immeubles
3696 680 23 21 et
3744 682 190 26 appartements

3408 705 31 22 de
3453 705 23 24 la
3492 705 128 25 troisième
3634 706 127 29 catégorie
3776 711 23 21 et
3813 715 66 23 pour
3892 716 43 17 au-

3409 736 48 21 lan.
3474 741 48 22 que
3537 735 23 23 le
3573 738 59 21 taux
3647 736 33 23 du
3694 737 72 29 loyer
3780 744 31 16 ne
3824 738 49 24 soit
3888 745 46 23 pas

3407 763 134 30 supérieur
3554 771 49 17 aux
3617 765 44 24 2/3
3676 765 35 25 du
3726 767 137 23 maximum
3878 767 46 30 pré-

3408 799 31 16 vu
3468 799 49 23 par
3548 794 22 25 la
3602 794 33 23 loi
3667 794 31 24 de
3730 796 60 22 1926
3812 802 65 24 pour
3891 803 42 17 ces

3408 822 148 24 immeubles
3576 827 24 21 el
3620 826 197 27 appartements.

3438 850 81 28 Quant
3531 852 14 23 à
3558 852 33 27 la,
3592 852 79 24 durée
3683 853 31 22 de
3727 854 22 22 ia
3761 855 173 28 prorogation,

3407 879 22 23 la
3448 881 164 23 commission
3632 888 14 17 a
3665 882 89 24 estimé
3772 884 91 28 qu'une
3882 885 40 24 dis-

3407 909 107 23 tinction
3533 910 155 29 s'imposait:

3437 938 47 23 Les
3501 939 150 24 immeubles
3685 943 24 21 et
3743 944 189 26 appartements

3406 966 62 24 dont
3483 969 22 22 le
3518 970 60 21 taux
3592 969 33 23 du
3641 970 71 28 loyer
3725 969 59 24 était
3799 971 133 29 supérieur

3405 1002 32 17 au
3449 996 44 28 1/3
3506 998 63 22 mais
3581 998 125 24 inférieur
3717 1005 49 18 aux
3778 1000 45 25 2/3
3836 1001 33 23 du
3882 1007 39 17 ma-

3405 1026 96 23 ximum
3520 1027 31 23 de
3568 1029 23 22 la
3609 1028 34 23 loi
3662 1028 31 24 de
3711 1029 67 27 192S,
3796 1030 125 25 bénéficie-

3406 1055 82 24 raient
3506 1056 75 23 d'une
3616 1058 116 23 nouvelle
3765 1060 167 28 prorogation

3406 1084 74 23 d'une
3498 1085 89 27 année,
3608 1086 21 23 le
3649 1087 71 28 loyer
3739 1086 68 25 étant
3826 1089 73 29 porté
3916 1089 16 24 à

3405 1113 14 23 7
3431 1113 50 24 fois
3495 1114 65 23 celui
3576 1115 31 23 de
3623 1115 67 25 1914.

3436 1142 68 24 Ceux
3521 1143 62 27 dont
3601 1145 23 22 le
3642 1146 58 28 prix
3718 1145 60 25 élait
3795 1146 32 24 de
3845 1146 44 28 1/3
3907 1149 25 23 et

3405 1173 82 22 moins
3502 1172 210 26 bénéficieraient
3726 1175 74 24 d'une
3815 1177 116 23 nouvelle

3405 1202 163 27 prorogation
3593 1203 31 23 de
3647 1204 14 21 2
3686 1204 102 26 années,
3812 1206 23 22 le
3860 1205 71 24 lover

3404 1230 67 24 étant
3484 1231 73 29 porté
3570 1231 14 24 à
3597 1232 14 23 5
3624 1233 50 23 fois
3688 1234 65 23 celui
3767 1234 32 24 de
3812 1235 60 23 1914
3886 1236 34 22 du-

3404 1262 56 21 rant
3475 1260 24 23 la
3515 1261 125 28 première
3656 1263 80 23 année
3752 1266 23 21 et
3792 1263 14 24 7
3822 1264 54 23 fois-
3886 1265 34 23 du-

3403 1291 57 21 rant
3477 1289 23 23 la
3515 1290 118 24 seconde.

3433 1318 34 23 Le
3484 1318 118 24 bénéfice
3620 1320 31 23 de
3668 1320 24 26 la
3710 1322 168 29 prorogation
3893 1330 26 16 se-

3403 1347 48 23 rait
3468 1347 81 23 limité
3566 1355 50 16 aux
3633 1349 148 25 immeubles
3798 1355 24 21 et
3838 1358 81 24 appar-

3403 1378 106 22 tements
3521 1377 77 23 silués
3613 1378 63 23 dans
3689 1380 35 23 les
3736 1386 148 19 communes
3897 1382 31 24 de

3402 1405 56 28 plus
3475 1405 32 26 de
3523 1406 86 24 50.000
3625 1407 129 25 habitants
3768 1412 26 21 et
3811 1409 63 25 dans
3891 1411 37 23 les

3402 1435 114 24 localités
3537 1435 31 24 de
3590 1437 117 24 moindre
3726 1439 168 29 importance,
3913 1440 16 24 à

3401 1463 119 29 désigner
3540 1471 47 23 par
3608 1466 22 23 le
3651 1471 204 25 gouvernement,
3884 1476 44 16 sur

3401 1493 54 23 avis
3471 1494 145 24 conformes
3632 1495 33 23 du
3682 1502 158 22 gouverneur
3856 1500 31 23 de
3904 1499 24 23 la

3401 1522 130 28 province,
3547 1523 33 23 du
3596 1524 173 29 bourgmestre
3784 1529 23 21 et
3823 1527 33 23 du
3872 1527 45 29 pré-

3401 1551 84 24 sident
3507 1552 34 23 du
3565 1553 111 24 tribunal
3699 1554 31 24 de
3752 1555 165 26 l'arrondisse-

3401 1583 75 21 ment.

3432 1609 64 24 C'est
3522 1610 65 24 ainsi
3614 1611 58 30 qu'à
3705 1613 138 28 Bruxelles,
3876 1621 50 17 une

3401 1639 97 23 maison
3517 1640 71 23 louée
3606 1648 30 15 en
3656 1641 60 23 1914
3734 1646 71 20 entre
3823 1643 61 23 1200
3902 1647 25 22 et

3401 1667 60 23 1800
3473 1669 32 23 fr.
3518 1670 135 23 rentrerait
3666 1670 64 24 dans
3744 1672 22 23 le
3779 1672 66 24 droil
3859 1680 56 18 com-

3401 1703 69 20 mun;
3483 1698 64 23 celle
3559 1699 61 24 dont
3632 1700 23 23 le
3667 1701 72 28 loyer
3750 1700 59 27 était
3821 1709 30 17 en
3867 1703 60 23 1914

3400 1726 31 23 de
3451 1726 45 23 600
3515 1727 14 23 à
3551 1728 61 23 1200
3632 1729 31 23 fr.
3683 1730 77 23 serait
3780 1732 110 23 soumise
3911 1732 16 23 à

3401 1762 48 16 une
3463 1758 163 27 prorogation
3642 1758 74 24 d'une
3729 1760 81 23 année
3824 1763 22 20 el
3862 1767 65 22 pour

3399 1785 62 23 celle
3476 1785 61 25 dont
3552 1787 23 22 le
3589 1787 72 29 loyer
3675 1788 59 24 était
3748 1789 31 25 de
3794 1790 46 23 600
3855 1791 31 22 fr.
3900 1793 25 21 et

3400 1813 89 28 moins,
3503 1816 24 22 la
3542 1817 163 28 prorogation
3720 1819 77 24 serait
3812 1819 31 24 de
3858 1821 67 22 deux

3399 1848 53 17 ans.

3562 1876 4 10 '
3621 1876 77 19 ♦};■•
3869 1886 47 7 —
3915 1884 8 10 .

3121 2025 83 23 Meiun,
3223 2025 23 21 13
3263 2025 82 24 juillet.

2869 2049 31 21 Le
2920 2050 57 21 train
2997 2051 27 20 de
3041 2050 76 21 Melun
3135 2051 14 20 i
3167 2051 204 25 YeraeuH-i'F.tang

2847 2075 127 25 traversait,
2991 2081 52 17 vers
3060 2076 62 24 midi,
3140 2077 21 20 la
3178 2078 64 19 roule
3260 2071 112 27 nationale

2846 2104 24 18 n"
2883 2102 24 20 19
2920 2102 75 25 quand
3010 2102 81 27 surgit,
3104 2104 82 19 venant
3198 2103 30 23 de
3241 2103 72 23 Paris,
3326 2108 45 16 une

2847 2129 117 24 puissante
2982 2128 137 21 automobile
3138 2129 38 24 qui
3195 2129 82 21 roulait
3295 2130 14 20 à
3327 2135 44 15 une

2846 2154 72 21 allure
2943 2155 85 22 rapide.
3052 2155 32 19 Le
3114 2154 136 21 mécanicien
3282 2155 89 25 stoppa,

2846 2181 56 19 mais
2923 2179 20 22 le
2964 2181 139 20 conducteur
3123 2182 28 19 de
3171 2181 152 22 1'automobiie
3340 2186 30 16 «.ie

2846 2209 41 21 put
2906 2206 84 21 freiner
3008 2207 14 19 à
3042 2207 73 25 temps
3135 2208 22 19 et
3177 2207 21 21 la
3217 2207 89 21 voiture
3325 2207 44 21 alla

2844 2233 111 20 s'écraser
2975 2233 77 22 contre
3074 2233 22 21 la
3116 2232 139 23 locomotive.

2869 2259 42 20 Les
2929 2259 80 25 quatre
3027 2261 127 23 voyageurs
3171 2260 28 20 de
3217 2259 151 21 l'automobile

2846 2284 77 21 furent
2941 2286 20 19 si
2980 2284 137 25 grièvement
3136 2285 88 21 blessés
3242 2287 68 24 qu'on
3328 2287 41 20 dut

2846 2310 33 22 les
2898 2311 141 25 transporter
3056 2311 120 25 d'urgence
3192 2312 14 20 à
3224 2311 99 24 i'hôpilal
3342 2313 28 20 de

2842 2337 84 20 Meiun.

2867 2363 48 20 Une
2925 2362 91 22 .femme
3035 2367 15 21 y
3070 2363 34 22 est
3124 2362 95 22 décéd'e
3239 2363 65 25 après
3324 2368 41 16 son

2842 2388 93 21 arrivée.

2877 2445 68 38 LES
2976 2445 170 38 CENDRES
3159 2446 175 38 -ROUGES

2859 2492 63 21 Pour
2939 2493 127 24 JARDINS,
3084 2494 112 22 TENNIS,
3215 2494 137 20 SENTIERS

2860 2518 24 23 C.
2905 2518 56 20 VAN
2981 2519 150 20 RYSWYCK.
3151 2519 95 26 Téiéph.
3265 2521 87 19 473.36

2844 2544 126 23 Bruxelles,
2989 2545 55 24 123,
3062 2549 87 16 avenue
3169 2546 86 20 Albert.
3279 2546 83 23 (8357)

1816 4060 48 37 Une
1895 4061 101 38 réunion
2023 4064 30 37 du
2086 4067 93 37 bureau

1780 4116 31 37 de
1839 4117 23 36 la
1896 4117 141 39 Fédération
2071 4122 141 45 Catholique

1765 4198 30 20 Le
1806 4198 100 22 burcaue
1918 4199 13 20 d
1944 4200 33 19 ela
1990 4200 130 23 Fédération
2133 4204 41 20 des
2185 4204 57 20 Asso-

1743 4223 95 21 ciations
1864 4226 22 20 et
1913 4225 40 20 des
1980 4225 90 25 Cercles
2096 4229 155 27 Catholiques,

1735 4248 63 21 réuni
1814 4254 57 16 sous
1887 4250 21 20 la
1924 4250 131 26 présidence
2072 4255 27 20 de
2116 4256 30 20 M.
2163 4256 91 23 Sceers,

1732 4278 12 16 a
1761 4274 78 21 décidé
1855 4276 13 19 à
1884 4275 138 22 l'unanimité
2038 4279 116 21 d'insister
2168 4271 86 35 auprès'

1734 4299 30 20 du
1783 4302 179 23 gouvernement
1982 4306 56 20 pour
2072 4309 44 20 que
2152 4307 102 22 celui-ci,

1733 4325 66 20 avant
1839 4325 63 21 toute
1941 4326 64 21 autre
2044 4330 99 21 réforme
2182 4330 57 27 légis-

1734 4349 73 25 lative,
1837 4351 69 25 opère
1935 4351 36 21 les
1999 4353 172 26 dégrcvemc.s
2186 4357 53 20 d'im-

1733 4375 59 24 pôts,
1827 4377 85 24 promis
1946 4381 41 21 par
2020 4379 20 20 le
2074 4382 102 20 minisire
2212 4382 40 20 des

1732 4400 117 24 Finances,
1881 4403 23 20 et
1934 4406 29 21 qu
1980 4407 12 16 e
2009 4403 44 22 l'on
2085 4407 110 20 s'efforce
2217 4412 34 14 mi-

1733 4426 58 20 suile
1812 4426 26 20 de
1859 4427 107 20 résoudre
1985 4427 21 20 le
2026 4430 112 24 problème
2158 4431 82 25 linguis-

1731 4450 59 25 tique
1808 4452 23 20 et
1849 4451 20 20 la
1887 4451 100 26 question
2006 4453 39 21 des
2062 4460 133 17 assurances
2212 4460 25 16 so-

1731 4474 75 22 ciales,
1817 4480 54 16 avec
1882 4477 21 19 le
1915 4481 107 17 concours
2034 4479 27 20 de
2073 4481 60 20 toute
2146 4481 21 21 la
2179 4481 71 19 droite

1730 4500 23 19 et
1770 4499 65 25 après
1854 4505 92 16 examen
1965 4505 148 20 en„commun
2145 4510 41 20 par
2216 4505 32 20 les

1730 4523 83 22 droites
1828 4525 28 20 de
1872 4526 21 20 la
1908 4525 108 22 Chambre
2031 4530 22 19 et
2068 4529 30 21 du
2113 4529 73 24 SénaL

1760 4562 18 20 Il
1798 4567 12 16 a
1832 4563 79 21 décidé
1932 4563 21 21 la
1974 4566 156 25 conslilution,
2151 4573 28 17 au
2200 4568 48 20 seir.

1731 4586 27 21 de
1780 4587 21 21 la
1821 4588 130 21 Fédéralion
1971 4589 27 20 de
2019 4591 54 21 trois
2094 4593 155 20 commissions

1731 4611 135 24 restreintes,
1890 4613 37 25 qui
1952 4612 74 23 feront
2048 4618 92 24 rappurt
2163 4618 50 20 d'Ici
2236 4621 12 16 a

1731 4636 88 21 octobre
1838 4642 41 16 sur
1896 4635 21 22 la
1937 4638 100 25 question
2058 4641 151 27 linguistique.
2228 4641 20 20 Ii

1729 4661 101 24 queslion
1848 4662 40 20 des
1904 4662 110 21 réformes
2031 4665 132 21 financières
2187 4668 23 20 et
2226 4666 21 20 la

1730 4685 102 25 queslion
1851 4686 28 21 de
1898 4686 21 21 la
1939 4686 122 26 législation
2081 4684 89 27 sociale!

2308 3393 64 38 Pour
2395 3395 22 36 la
2439 3397 166 36 restauration
2627 3397 30 36 de
2673 3397 119 45 l'Abbaye

2455 3452 30 37 de
2507 3452 136 44 Tongerloo

2317 3533 34 21 l'n
2366 3533 85 21 Comilé
2466 3534 98 20 national
2579 3534 61 21 vient
2654 3534 71 22 d*-5tre
2740 3540 54 16 cons-

2287 3558 57 21 titué
2363 3564 59 20 pour
2440 3560 21 19 la
2481 3560 152 20 replauralion
2654 3561 28 21 de
2701 3561 107 26 l'Abbaye

2286 3584 27 20 de
2329 3585 135 22 Tonrerloo,
2481 3586 68 25 qu'un
2567 3586 102 20 incendie
2684 3591 13 16 a
2713 3586 66 27 parli.
2778 3592 7 9 1
2782 3581 25 26 *!-

2287 3610 83 21 lement
2389 3611 98 19 détruile
2507 3610 14 21 i!
2542 3616 14 19 y
2574 3616 11 15 a
2606 3612 99 25 auelque
2725 3615 83 23 temps.

2285 3635 30 21 Ce
2332 3635 94 24 Comité,
2442 3636 63 26 placé
2521 3641 55 16 sous
2594 3634 26 23 la"
2629 3638 69 20 haute
2715 3639 78 24 protec-

2287 3662 44 20 tion
2351 3662 29 20 du
2401 3662 39 20 Roi
2459 3662 21 20 et
2500 3662 27 20 de
2547 3661 18 21 la
2588 3663 76 21 Reine,
2683 3665 123 25 comprend

2286 3687 33 20 les
2340 3687 98 26 évoquée
2458 3687 28 20 de
2507 3688 116 25 Belgique,
2644 3689 51 25 Mgr
2716 3690 90 23 Micara,

2286 3717 71 16 nonce
2370 3713 151 25 apostolique,
2535 3713 52 21 lous
2602 3714 32 19 les
2648 3715 114 20 membres
2777 3716 29 20 du

2284 3739 185 24 gouvernement,
2488 3739 19 19 la
2515 3738 98 26 "plupart
2633 3740 39 20 dee
2690 3740 115 22 ministre*

2284 3764 82 22 d'Etat,
2384 3765 40 20 des
2439 3768 157 22 gouverneurs
2613 3764 27 21 de
2658 3766 106 25 province
2782 3767 23 20 et

2284 3789 102 26 quantité
2403 3790 28 20 de
2446 3790 175 25 personnalités.

2840 2608 35 45 La
2896 2609 60 44 fête
2978 2609 165 52 champêtre
3165 2619 34 35 en
3219 2609 150 46 l'honneur

2942 2673 35 44 de
2997 2673 118 44 Charles
3130 2673 55 44 Ber
3187 2697 9 20 t
3197 2674 61 44 »£rd

2890 2762 43 32 Elle
2948 2770 12 25 a
2972 2770 27 25 eu
3013 2764 42 31 lieu
3068 2764 82 31 samedi
3162 2764 12 32 à
3189 2764 124 32 l'initiative

2838 2812 28 31 du
2878 2823 8 19 i
2901 2812 73 37 Rouge
2988 2814 22 30 et
3022 2813 50 31 Noir
3092 2825 9 18 i
3117 2820 42 24 aux
3181 2813 51 37 Sept
3254 2813 113 32 Fontaines

3193 2862 126 25 pleureurs,

2493 3822 103 20 -*•*■•»-

2282 3857 110 33 Ward
2421 3857 181 33 Hermans
2628 3858 178 34 bénéficie

2408 3907 84 32 d'un
2517 3907 163 32 non-lieu

1208 4766 59 21 Dans
1286 4774 30 16 un
1334 4771 66 20 aulre
1419 4772 80 26 champ
1519 4773 27 21 de
1566 4774 136 23 recherches,

1186 4791 7 17 I
1201 4791 104 22 auditeur
1318 4794 102 22 militaire
1434 4800 13 16 a
1461 4797 66 25 opéré
1540 4798 40 20 des
1594 4800 99 24 perqulsi

1186 4816 59 19 tlons
1260 4818 55 21 dans
1330 4824 31 16 un
1376 4820 169 23 établissement
1560 4823 110 22 financier
1684 4825 22 20 et

1184 4841 53 19 chez
1249 4842 39 20 des
1300 4845 78 22 agents
1391 4846 27 20 de
1430 4846 85 25 change
1528 4847 30 20 où
1570 4849 60 20 Joris
1643 4850 62 20 avait

1184 4865 39 20 des
1242 4867 106 24 comptes.
1366 4869 19 20 11
1401 4874 14 16 a
1434 4875 29 20 pu
1483 4871 81 21 établir
1581 4878 44 20 que
1642 4874 61 20 Jori=

1184 4890 113 23 possédait
1309 4896 42 16 une
1364 4894 100 22 centaine
1475 4895 29 21 de
1515 4897 60 20 mille
1588 4898 76 21 francs
1675 4903 29 16 en

1184 4915 87 24 compte
1284 4917 22 19 et
1319 4921 42 17 une
1375 4921 157 19 «couverture,)
1545 4922 27 20 de
1584 4922 80 21 146.000
1675 4923 29 21 fr.

1186 4941 58 21 pour
1259 4941 100 23 garantir
1374 4947 36 16 ses
1426 4944 129 25 opérations
1570 4946 136 22 boursières.

1209 4968 113 27 L'inculpé
1332 4977 13 15 a
1357 4973 107 24 prétendu
1475 4980 44 20 que
1530 4981 35 16 ces
1577 4978 66 21 fonds
1655 4983 41 18 pro-

1182 4994 111 23 venaient,
1307 4997 72 23 partie
1390 4998 53 21 d'un
1456 4999 100 26 héritage
1570 5002 42 22 fait
1625 5007 41 20 par
1678 5008 25 16 sa

1183 5019 82 20 femme
1285 5020 23 20 et
1328 5022 71 23 partie
1418 5023 40 21 des
1477 5024 113 23 bénéfices
1610 5026 94 22 réalisés

1183 5043 56 20 dans
1256 5048 37 16 ses
1310 5049 135 19 commerces
1462 5049 27 21 de
1506 5049 112 23 charbons
1635 5052 24 21 et
1676 5053 27 20 de

1185 5068 56 22 vins,
1254 5068 73 25 partie
1339 5072 62 19 aussi
1415 5072 27 21 de
1455 5077 38 16 ses
1506 5075 63 23 gains
1583 5075 122 22 boursiers.

1207 5098 122 26 L'enquête
1346 5105 14 16 a
1376 5102 67 21 établi
1467 5108 44 21 que
1537 5105 115 26 l'héritage
1677 5108 27 20 de

1182 5123 8 21 I
1197 5123 84 26 épouse
1295 5124 61 21 Joris
1372 5130 27 17 ne
1414 5128 74 21 s'était
1503 5128 82 24 chiffré
1601 5136 45 19 que
1662 5136 41 19 par

1182 5148 110 25 quelques
1311 5149 94 21 milliers
1424 5152 27 20 de
1470 5153 76 21 francs
1565 5156 23 20 et
1606 5160 44 20 que
1671 5157 32 20 les

1182 5172 114 22 bénéfices
1311 5176 163 21 commerciaux
1489 5178 108 27 Invoqués
1611 5185 41 21 par
1665 5181 28 21 Jo-

1182 5198 31 20 ris
1231 5202 28 16 ne
1278 5199 122 24 pouvaient
1416 5200 69 25 guère
1501 5206 25 18 se
1544 5204 97 22 chiffrer
1657 5210 45 19 que

1181 5226 41 21 par
1238 5228 43 15 une
1296 5224 113 24 vingtaine
1425 5225 27 21 de
1467 5227 93 22 milliers
1576 5230 27 20 de
1620 5230 82 21 francs.

1184 5247 21 20 M
1223 5247 100 22 Mathieu
1335 5253 14 16 a
1360 5249 93 28 procédé
1466 5251 13 19 à
1490 5252 27 20 de
1528 5254 115 21 nouvelles
1654 5259 40 18 per-

1180 5270 117 26 quisitions
1311 5275 30 17 au
1355 5272 102 21 domicile
1471 5275 72 21 actuel
1558 5277 27 21 de
1600 5278 98 25 l'épouse

1181 5297 68 23 Joris,
1268 5297 57 21 ainsi
1346 5302 45 21 que
1410 5298 54 21 chez
1483 5300 75 23 divers
1577 5304 80 24 agents
1676 5304 27 20 de

1181 5321 92 26 change.
1291 5322 43 20 Des
1351 5322 133 22 documents
1501 5325 28 21 de
1545 5326 100 23 diverses
1662 5332 30 17 na-

1180 5346 64 21 tures
1261 5348 40 20 ont
1318 5346 36 22 été
1371 5348 86 20 soumis
1474 5348 14 20 à
1512 5353 43 17 une
1579 5352 123 25 expertise-

1181 5371 133 25 comptable.
1334 5370 32 22 On
1387 5371 78 26 espère
1483 5377 44 21 que
1546 5375 86 22 celle-ci
1651 5380 41 22 per-

1181 5396 81 20 mettra
1277 5395 98 21 détabllr
1390 5396 21 21 la
1427 5400 139 22 provenance
1581 5401 40 20 des
1635 5400 68 21 fonds

1182 5420 73 21 saisis.

1205 5449 119 27 L'enquêle
1343 5450 71 27 prend
1433 5451 55 21 ainsi
1509 5453 39 21 des
1567 5454 122 27 développe-

1181 5476 74 20 ments
1273 5476 121 26 Imprévus.
1413 5477 47 21 Elle
1479 5482 28 17 ne
1525 5483 51 17 sera
1594 5481 98 21 certaine-

1180 5501 61 20 ment
1256 5505 42 20 pas
1314 5501 107 22 terminée
1436 5503 68 20 avant
1519 5503 22 21 la
1557 5504 33 21 fin
1606 5505 40 20 des
1662 5510 28 15 va-

1180 5529 79 17 cances
1273 5525 23 21 et
1310 5530 29 16 on
1353 5530 27 16 ne
1395 5527 58 20 croît
1466 5531 40 21 pas
1519 5532 44 21 que
1578 5529 21 20 le
1613 5530 88 21 Conseil

1180 5550 27 19 do
1219 5554 80 21 guerre
1311 5551 77 25 puisse
1400 5552 48 20 être
1460 5552 53 21 saisi
1525 5553 27 22 de
1564 5554 59 22 celte
1635 5554 56 21 affai-

1180 5578 25 19 re
1218 5576 68 21 avant
1299 5575 22 23 le
1333 5576 59 23 mois
1405 5576 122 23 d'octobre.

1754 4723 29 21 Le
1802 4724 93 24 bureau,
1916 4725 49 20 tout
1982 4729 27 17 en
2030 4727 83 22 faisant
2132 4729 114 21 confiance

1728 4752 28 16 au
1776 4749 96 24 premier
1889 4750 100 20 ministre
2007 4754 69 22 quant
2094 4758 44 16 aux
2157 4754 79 20 modifi

1727 4773 84 20 calions
1822 4774 53 25 qu'il
1886 4774 89 20 croirait
1987 4774 76 22 devoir
2074 4779 104 26 apporter
2189 4779 56 20 dans

1729 4796 145 23 l'attribution
1905 4799 41 20 des
1977 4800 153 23 portefeuilles
2148 4804 89 19 ministé-

1729 4821 58 24 riels,
1807 4828 14 16 a
1839 4823 100 26 exprimé
1958 4823 62 21 l'avis
2037 4827 54 26 qu'il
2111 4827 76 21 n'était
2207 4832 40 21 pas

1726 4846 88 24 justifié
1829 4848 28 20 de
1873 4848 76 20 i*éunir
1964 4848 20 19 le
2000 4849 125 23 Parlement
2141 4853 68 19 avant
2224 4851 20 21 ia

1728 4870 51 21 dale
1798 4872 203 20 constitutionnelle
2020 4874 27 20 de
2066 4876 120 20 novembre
2223 4877 24 19 et

1727 4895 53 25 qu'il
1801 4901 15 20 y
1835 4897 61 20 avait
1914 4896 44 21 lieu
1978 4896 27 21 de
2026 4899 77 21 lâcher
2121 4892 125 29 d'écoùrter

1728 4919 160 22 sérieusement
1919 4921 22 20 la
1972 4922 85 22 session
2075 4925 171 25 parlementaire

1728 4943 85 23 l'année
1834 4944 151 22 anniversaire
2007 4947 27 20 de
2055 4949 63 21 noire
2140 4950 94 25 indépen

1727 4968 70 21 dance
1812 4970 118 20 nationale.

1749 5007 59 21 Tout
1822 5012 27 16 en
1864 5008 96 21 rendant
1974 5007 116 29 hommage
2106 5011 14 21 à
2134 5012 110 21 l'attitucl".

1728 5031 39 21 des
1789 5032 102 21 libéraux
1913 5032 56 21 dans
1991 5036 109 20 certaines
2121 5037 123 25 provinces,

1726 5055 113 26 plusieurs
1853 5057 111 20 membres
1978 5058 39 20 ont
2030 5059 91 26 déploré
2135 5061 109 21 l'alliance

1725 5080 92 21 conclue
1830 5082 63 19 entre
1906 5081 100 21 lihéraux
2017 5083 23 20 et
2052 5085 122 21 socialistes
2187 5086 56 21 dans

1726 5104 20 21 le
1765 5105 102 25 Brabant.
1886 5106 56 19 dans
1961 5105 19 20 le
1999 5106 40 23 but
2056 5113 43 16 non
2119 5110 122 21 seulemenl

1725 5128 112 22 d'exclure
1851 5130 22 21 la
1885 5130 71 20 droite
1969 5129 28 21 de
2011 5131 21 20 la
2045 5132 133 26 Députation
2193 5140 40 20 per-

1725 5154 110 20 manente,
1854 5154 56 20 mais
1929 5154 29 20 do
1975 5154 30 21 lui
2025 5157 89 21 enlever
2133 5163 31 16 un
2182 5159 61 25 siège

1724 5177 119 21 sénatorial
1861 5179 38 25 qui
1919 5178 30 21 lui
1968 5179 90 22 revient.
2077 5182 37 20 113'
2126 5184 39 19 ont
2182 5185 49 19 vive-

1724 5204 59 19 ment
1796 5203 114 25 approuvé
1922 5203 33 20 les
1965 5205 128 22 conseillers
2104 5207 138 24 calholiques

1724 5226 27 21 de
1769 5226 94 22 Flandre
1881 5229 22 19 et
1920 5227 107 22 d'Anvers
2044 5231 37 24 qui
2098 5236 25 16 se
2140 5233 52 20 sont
2207 5235 24 18 re-

1724 5250 63 21 fusés
1800 5251 14 20 à
1828 5252 60 20 toute
1902 5251 93 21 alliance
2007 5257 54 17 avec
2074 5255 20 20 le
2108 5257 57 25 parti
2179 5257 60 20 fron-

1723 5274 59 22 tlste.
1796 5275 56 21 Mais
1867 5275 28 21 ils
1910 5277 37 19 ont
1963 5276 34 20 été
2013 5277 101 23 d'accord
2131 5285 57 20 pour
2203 5277 28 24 dé-

1724 5299 93 22 mander
1836 5305 44 20 que
1901 5301 20 20 le
1941 5300 127 24 Parlement
2088 5305 105 21 s'efforce
2214 5306 28 20 de

1725 5323 105 21 modifier
1852 5325 22 20 la
1897 5324 28 21 loi
1949 5324 28 20 de
1999 5325 199 29 l'apparentement
2219 5330 22 20 et

1723 5347 92 23 réaliser
1827 5348 148 26 l'application
1989 5349 27 21 de
2030 5351 21 20 la
2064 5353 176 25 représentation

1722 5372 188 26 proportionnelle
1924 5373 14 20 à
1951 5373 21 20 la
1986 5376 143 25 composition
2145 5378 40 21 des
2199 5378 41 20 Dé-

1724 5397 113 24 putations
1859 5398 162 25 permanenles.

1746 5433 30 22 Le
1791 5434 92 24 bureau,
1899 5434 158 31 d'aulre'part,
2074 5442 12 16 a
2102 5430 41 32 fait
2159 5441 80 20 mettr--

1721 5457 14 21 à
1747 5458 83 21 l'étude
1844 5459 22 20 la
1878 5458 101 26 question
1993 5459 28 22 de
2034 5461 22 20 la
2070 5462 27 20 loi
2111 5463 40 21 des
2165 5464 74 25 loyers

1722 5482 22 20 et
1757 5488 13 15 a
1782 5483 36 20 élé
1829 5483 105 21 unanime
1947 5483 15 20 à
1973 5483 121 24 demander
2107 5488 66 24 qu'on
2187 5493 41 16 con-

1722 5507 73 20 sidère
1808 5507 23 20 la
1844 5507 29 20 loi
1886 5512 28 16 en
1928 5506 79 26 viguer
2019 5514 85 17 comme
2118 5512 114 21 définllive

1723 5531 47 20 tant
1781 5531 52 26 qu'il
1845 5532 77 20 n'aura
1934 5536 40 21 pas
1985 5532 35 21 été
2032 5535 205 25 péremploiremen:

1722 5555 115 21 démontré
1849 5556 55 25 qu'il
1917 5561 15 21 y
1946 5560 13 17 a
1971 5555 45 24 lieu
2030 5558 37 24 d'y
2080 5562 106 21 apporter
2200 5561 39 21 des

1723 5579 179 25 tempéraments,

2309 3990 106 20 L'affaire
2432 3989 29 20 du
2481 3989 55 21 faux
2554 3990 116 20 d'Clrecht
2689 3990 51 21 s'est
2762 3996 32 15 ter-

2281 4015 72 21 minée
2370 4015 83 21 samedi
2472 4016 68 19 malin
2558 4015 83 21 devant
2659 4016 20 20 la
2698 4016 105 21 chambre

2281 4040 30 21 du
2335 4040 82 21 conseil
2441 4041 29 19 du
2495 4040 97 21 tribunal
2623 4042 28 19 de
2680 4041 123 24 Bruxelles,

2280 4071 86 15 comme
2385 4070 28 16 on
2435 4066 33 25 s'y
2488 4065 114 24 attendait,
2624 4067 31 20 du
2675 4068 66 24 reste,
2763 4072 40 21 par

2280 4096 43 15 une
2339 4091 142 20 ordonnance
2496 4091 28 21 de
2542 4091 106 22 non-lieu.

2307 4116 68 20 Ward
2399 4116 114 23 Hermans,
2535 4117 80 20 assisté
2636 4117 27 21 de
2686 4122 40 16 son
2749 4122 41 16 avo-

2280 4142 41 21 cat.
2344 4142 35 20 Me
2402 4141 128 22 Hoornaerl.
2554 4147 11 15 a
2590 4146 106 21 comparu
2720 4143 82 21 devant

2278 4167 21 20 la
2315 4167 104 20 chambre
2435 4167 117 24 composée
2567 4167 27 20 de
2610 4168 28 20 M.
2655 4168 72 25 Ernst,
2742 4169 60 20 vice-

2279 4192 113 25 président
2411 4192 29 20 du
2461 4189 105 26 tribunal,
2585 4194 23 19 et
2627 4193 27 20 de
2673 4194 28 20 M.
2721 4194 79 26 Hayoit

2279 4217 27 21 de
2328 4217 145 22 Termicourt,
2495 4221 124 21 procureur
2640 4219 30 20 du
2694 4219 45 21 Roi.

2305 4242 29 21 Ce
2354 4242 90 20 dernier
2463 4247 12 15 a
2499 4243 75 25 requis
2595 4243 157 22 l'ordonnance
2773 4245 28 20 de

2279 4269 108 20 non-lieu.
2405 4268 17 20 11
2440 4269 79 19 estime
2536 4270 55 23 qu'il
2607 4270 94 20 n'existe
2719 4275 40 20 pas
2776 4273 27 19 de

2277 4293 95 24 charges
2390 4292 133 21 suffisants
2543 4298 56 20 pour
2616 4294 80 22 tlablir
2714 4294 53 27 qu'il
2786 4300 12 20 y

2277 4324 13 14 a
2308 4322 35 18 eu.
2362 4318 57 20 dans
2439 4317 19 20 le
2477 4318 53 20 chef
2548 4319 27 19 de
2594 4319 70 21 Ward
2683 4319 116 25 Hermans,

2276 4343 41 19 des
2344 4342 53 20 faits
2425 4342 157 27 d'espionaage
2617 4345 133 20 inléressant
2779 4346 20 19 li

2276 4367 92 21 défense
2384 4368 111 21 nalionale
2510 4373 28 15 ou
2555 4369 21 20 la
2591 4370 76 20 sûreté
2683 4370 28 20 de
2728 4370 70 21 i'F.tat.

2301 4392 31 21 De
2351 4391 155 26 l'Instruction,
2526 4394 14 20 il
2560 4394 91 24 résulle,
2670 4395 90 26 d'après
2779 4396 21 20 le

2275 4423 125 20 procureur
2413 4419 29 19 du
2458 4417 46 24 Roi,
2518 4424 44 20 que
2575 4421 18 20 si
2609 4421 66 20 Ward
2692 4422 107 20 Hermans

2275 4447 12 15 a
2309 4441 56 21 livré
2386 4445 14 17 a
2420 4441 121 28 l'élranger
2562 4444 39 20 des
2622 4444 139 24 documents,
2783 4445 14 20 il

2275 4467 34 20 n'a
2324 4467 35 25 agi
2373 4471 43 21 que
2430 4467 56 21 dans
2501 4473 28 15 un
2544 4469 41 20 but
2599 4470 105 25 politique
2718 4472 22 19 et
2754 4474 43 22 que

2275 4492 45 20 rien
2335 4492 57 20 dans
2406 4492 20 21 le
2439 4493 55 20 code
2509 4498 27 15 ne
2550 4495 86 24 permet
2650 4495 28 21 de
2692 4495 105 26 qualifier

2276 4519 35 19 cet
2333 4519 48 19 acte
2403 4523 44 16 aux
2470 4519 46 21 fins
2537 4521 27 20 de
2586 4522 131 22 poursuites
2738 4522 50 25 judi-

2274 4542 85 20 ciaires.

2298 4566 71 26 Après
2384 4571 29 16 un
2429 4570 65 19 court
2509 4569 103 20 délibéré-
2627 4571 29 20 M.
2670 4570 73 23 Ernst,
2759 4571 26 20 dé-

2273 4592 74 21 férait
2364 4593 13 20 à
2393 4593 22 21 la
2430 4593 132 26 réquisition
2579 4596 30 20 du
2625 4600 124 21 procureur
2764 4597 31 21 du

2273 4621 38 21 Roi
2324 4626 13 16 a
2350 4622 70 21 rendu
2436 4627 43 16 une
2492 4624 142 21 ordonnance
2647 4626 27 20 de
2687 4625 108 21 non-lieu.

2273 4687 151 64 Voyages
2438 4699 40 40 en
2494 4689 302 64 Dauphine-Savoie

2273 4760 97 26 Départs
2393 4766 26 16 en
2443 4767 87 21 groupe
2553 4764 53 21 tous
2629 4764 34 21 les
2686 4765 107 21 samecie.

2303 4786 97 25 Départs
2417 4788 136 20 individuels
2570 4790 52 19 fous
2639 4790 33 20 les
2687 4790 75 24 jours.

2272 4811 131 25 Egalement
2419 4817 6 15 :
2437 4812 122 24 Pyrénées,
2571 4814 87 24 Alsace,
2671 4815 120 24 Bretagne,

2302 4836 126 24 Auvergne,
2440 4838 87 24 Suisse,
2539 4839 57 19 Lacs
2608 4839 97 25 italiens,
2716 4843 44 17 etc.

2273 4861 78 25 Progr.
2367 4863 110 23 graluit*:
2493 4864 146 19 TOURISTE
2656 4866 136 24 FRANÇAIS

2272 4886 25 19 21
2308 4886 17 21 i.
2343 4887 30 19 Rï
2391 4887 99 20 M:i:irirp
2508 4888 140 24 Kemonnïer,
2666 4890 126 21 Rruxellets.

2321 4953 107 41 CA
2486 4956 97 38 ET
2639 4957 96 39 LA

2480 5030 46 21 Une
2545 5032 87 20 Grande
2650 5032 74 26 Fancy
2741 5032 50 21 Fair

2292 5055 29 20 Le
2337 5060 25 14 20
2378 5054 72 25 juillet,
2467 5056 13 20 à
2496 5062 11 17 5
2524 5057 27 24 h.,
2566 5058 102 20 s'ouvrira
2683 5059 14 19 à
2713 5058 76 21 l'Ecole

2271 5081 49 20 libre
2341 5081 25 20 de
2387 5081 19 20 la
2428 5087 36 14 rue
2484 5082 52 23 Jean
2556 5083 92 24 Jacquet,
2669 5084 14 20 à
2703 5084 87 20 Koekel-

2269 5107 53 22 berg,
2342 5112 48 14 bous
2409 5106 19 20 le
2447 5107 57 20 Haut
2524 5108 115 24 Patronage
2657 5110 27 19 de
2702 5110 22 20 S.
2734 5114 3 10 '
2743 5109 46 21 Em.

2270 5132 143 23 Monseigneur
2435 5132 47 20 Van
2505 5133 63 24 Roey,
2592 5134 90 20 cardinal
2684 5135 96 20 -archevê-

2268 5163 38 17 que
2323 5157 26 20 de
2366 5157 94 23 Malrnes,
2476 5164 41 14 une
2533 5159 77 23 grande
2626 5163 20 16 et
2662 5160 127 24 magnifique

2269 5182 69 24 Fancy
2357 5182 49 20 Fair
2424 5189 27 14 au
2470 5183 94 22 bénéfice
2583 5185 36 20 des
2637 5185 72 23 Ecoles
2728 5186 61 20 libres

2270 5208 21 21 de
2309 5208 19 20 la
2344 5213 114 15 commune.

2292 5233 58 20 Cette
2362 5233 69 24 Fancy
2443 5234 49 20 Fair
2504 5235 73 21 durera
2589 5236 51 20 trois
2652 5237 65 23 jours,
2729 5237 57 20 c'est-

2268 5259 66 20 à-dire
2347 5259 29 20 les
2391 5265 31 16 20,
2437 5265 23 14 21
2476 5263 20 17 et
2511 5266 24 13 22
2549 5261 74 23 juillet.

2293 5285 32 19 De
2343 5285 111 20 nombreux
2473 5286 71 20 stands
2563 5293 13 17 y
2595 5291 69 17 seront
2682 5287 105 25 installés;

2267 5310 15 19 il
2300 5317 14 17 y
2334 5316 50 14 aura
2403 5311 36 20 des
2458 5311 120 21 attractions
2597 5313 26 20 de
2642 5317 46 17 tous
2706 5320 80 17 genres,

2266 5336 35 21 des
2312 5342 100 16 concours
2423 5336 25 20 de
2458 5337 120 24 ballonnets,
2588 5343 99 20 concerts,
2697 5343 76 16 etc.etc.
2781 5346 5 17 ;

2267 5367 27 14 on
2314 5368 75 15 pourra
2406 5362 32 23 s'y
2455 5365 108 18 restaurer.
2582 5364 93 21 L'entrée
2692 5365 95 23 générale

2264 5392 31 15 est
2309 5387 57 22 fixée
2379 5387 13 20 à
2406 5393 27 15 un
2449 5387 59 21 franc
2522 5393 21 17 et
2556 5389 92 21 donnera
2662 5390 55 21 droit
2729 5391 13 20 à
2755 5397 28 14 un

2267 5413 54 20 biilet
2336 5413 27 20 <Je
2378 5413 20 19 la
2413 5414 87 20 tombola
2515 5420 52 18 pour
2581 5415 85 23 laquelle
2680 5416 27 20 de
2720 5416 66 21 beaux

2266 5438 66 23 objets
2352 5442 47 16 sont
2419 5439 97 20 destinés.

2557 5487 61 21 Nous
2635 5493 69 16 avons
2719 5494 63 21 reçu:

2265 5511 56 20 Pour
2336 5511 30 21 les
2381 5511 92 21 Pauvres
2489 5512 25 20 de
2529 5513 21 19 la
2567 5513 77 21 Nation
2661 5515 61 24 Belge
2728 5521 7 13 :

2290 5536 56 20 Mme
2362 5536 24 21 E.
2403 5536 29 20 M.
2449 5538 32 23 D.,
2498 5537 113 23 Bruxelles.
2739 5546 45 18 5.—

2265 5562 56 20 Pour
2336 5563 30 19 les
2381 5564 96 24 aveugles
2492 5564 26 21 de
2531 5571 86 19 guerre*

2291 5588 109 25 Anonyme
2571 5598 13 3 -
2727 5597 31 21 50.
2759 5603 27 5 —

2866 2860 34 21 t'D
2928 2862 78 20 rideau
3033 2862 28 20 de
3088 2862 78 20 saules
3193 2866 21 16 r*
3217 2866 94 16 cureurs
3313 2878 6 8 .
3338 2861 28 20 ^°

2840 2890 85 25 s-3-pins,
2939 2890 28 23 de
2981 2889 84 24 hêîres,
3079 2890 28 22 de
3121 2890 82 23 cïnjnes
3217 2891 39 25 qui
3271 2895 26 18 se
3310 2895 45 19 pen-

2839 2919 52 21 dent
2911 2924 42 15 sur
2970 2919 41 21 des
3030 2924 57 16 eaus
3105 2924 45 21 que
3168 2921 63 19 seuls
3250 2921 75 20 rident
3343 2917 20 24 lé

2838 2948 52 20 saut
2910 2949 68 20 d'une
2997 2952 67 21 carpe
3082 2948 30 21 où
3132 2949 33 23 ies
3185 2948 81 21 bonds-
3276 2949 29 20 de
3323 2953 39 16 ces

2839 2976 105 25 étranges
2960 2977 115 24 araignées
3092 2978 109 24 occupées
3216 2978 14 20 i
3244 2978 119 20 d'obscurs

2841 3006 100 21 travaux.
2958 3006 42 22 Des
3016 3011 96 16 roseaux
3127 3006 91 22 cwaot
3233 3011 28 16 ea
3277 3007 85 20 touffes

2842 3034 33 20 les
2888 3035 87 25 étangs.
2990 3035 42 21 Des
3047 3036 80 23 poules
3142 3037 64 19 d'eau
3215 3040 25 15 se
3248 3036 116 20 racontent

2838 3069 43 16 une
2897 3064 196 21 invraisemblable
3101 3064 92 21 histoire
3202 3066 56 19 dans
3274 3066 21 20 le
3310 3064 57 21 seul,

2839 3092 40 22 bu*
2901 3097 55 17 sans
2975 3094 69 20 doute
3063 3094 28 20 de
3110 3094 82 23 mettre
3211 3099 28 16 en
3259 3094 57 21 fuite
3335 3094 28 20 de

2837 3122 140 21 minuscules
3000 3122 104 26 poissons
3127 3124 109 24 d'argent.
3258 3123 104 22 Réunie*,

2839 3151 62 21 toute
2914 3152 22 20 la
2949 3155 72 22 grâce,
3035 3152 63 20 toute
3111 3152 22 20 la
3146 3153 139 24 sauvagerie,
3299 3152 63 20 toute

2838 3179 22 21 la
2872 3180 121 25 grandeur,
3007 3181 62 20 toute
3082 3181 21 21 la
3116 3180 101 22 douceur
3229 3182 27 20 de
3270 3181 21 21 la
3303 3181 58 21 forêt

2838 3208 27 22 de
2883 3209 92 25 Soignes
2994 3209 88 26 proche.
3100 3210 43 21 Des
3162 3211 84 20 odeurs
3264 3210 97 20 fraîches

2837 3239 27 20 cie
2880 3238 90 24 plantes
2986 3239 142 25 aquatiques,
3144 3239 41 21 des
3200 3240 85 20 odeurs
3301 3239 50 20 lour-

2838 3268 41 20 des
2905 3272 85 16 vejues
3018 3268 40 20 des
3086 3267 94 26 champs
3207 3269 92 23 voisins,
3320 3269 41 20 des

2835 3296 84 21 odeurs
2932 3296 27 21 de
2972 3297 69 20 fruits
3054 3298 22 19 et
3089 3298 27 20 de
3129 3298 80 23 fleurs,
3222 3298 41 20 des
3275 3298 89 20 odeur:-'

2837 3325 89 21 anisées
2941 3335 30 5 —
2987 3330 28 16 on
3033 3327 35 19 est
3086 3326 14 20 à
3117 3325 59 22 deux
3193 3331 41 20 pas
3251 3326 109 20 d'Alsem-

2835 3353 61 29 berg,
2913 3355 21 20 la
2950 3355 120 25 montagne
3086 3355 41 21 des
3143 3355 125 22 absinthes.

2860 3383 24 20 Ei
2900 3383 57 23 dans
2971 3389 25 15 ce
3009 3384 83 20 coffret
3106 3385 28 20 de
3147 3385 97 20 verdure
3257 3389 44 21 que
3315 3385 43 20 l'on

2835 3412 88 25 appelle
2936 3412 55 24 Sept
3004 3412 125 24 Fontaines,
3145 3418 55 16 sous
3215 3414 20 20 le
3249 3414 41 20 ciel
3305 3413 52 20 bleu

2833 3451 29 5 —
2877 3442 20 20 '.e
2913 3440 64 22 soleil
2991 3442 60 21 avait
3066 3441 81 22 chassé
3163 3442 33 20 les
3211 3446 85 22 nuages
3312 3447 36 16 me-

2835 3471 94 20 naçants
2948 3471 28 21 de
2996 3470 21 21 la
3036 3470 96 23 matinée
3150 3481 30 5 —
3197 3472 57 20 dans
3274 3476 25 16 ce
3319 3472 28 20 do-

2834 3504 73 15 maine
2921 3500 72 20 secret
3009 3500 40 20 des
3064 3499 111 25 nymphes
3190 3503 20 19 et
3226 3501 40 20 des
3280 3500 76 25 génies

2834 3528 124 24 silvestres,
2979 3527 91 25 Charles
3092 3529 105 24 Bernard,
3218 3530 64 20 notre
3303 3529 54 20 émi-

2833 3559 55 20 nent
2905 3557 171 23 collaborateur,
3096 3557 47 22 fêW
3141 3575 7 10 (
3166 3558 74 24 adulé,
3258 3558 98 21 acclamé

2833 3590 41 20 par
2889 3590 43 16 une
2948 3585 61 23 foule
3025 3585 79 21 d'amis
3120 3591 72 16 venus
3208 3591 26 16 en
3250 3592 25 16 ce
3291 3591 55 20 para-

2833 3614 34 21 dis
2882 3615 13 20 à
2910 3615 81 25 l'appel
3006 3615 30 20 du
3052 3615 75 24 Rouge
3141 3618 23 18 et
3178 3616 32 20 du
3224 3616 59 23 Noir,
3299 3620 57 21 pour

2832 3643 96 21 assister
2935 3644 13 20 à
2956 3644 58 20 cette
3033 3644 168 21 manifestation
3220 3644 136 25 champêtre.

2856 3673 18 20 11
2895 3678 15 19 y
2931 3673 60 20 avait
3013 3673 21 20 là
3055 3673 59 22 Mme
3135 3673 92 21 Charles
3249 3674 98 20 Bernard

2831 3701 44 20 MM
2901 3701 75 25 Ansel,
2996 3701 113 22 directeur
3128 3702 31 21 du
3179 3702 115 21 ministère
3313 3702 41 21 des

2831 3730 102 21 Sciences
2951 3731 22 20 et
2991 3730 41 21 des
3049 3730 66 25 Arts;
3133 3731 63 21 Finet
3213 3732 22 20 et
3253 3731 101 24 Hisîaire,

2831 3760 27 19 de
2875 3759 22 20 la
2913 3759 97 21 «Nation
3028 3759 97 25 Belge»;
3142 3760 33 23 les
3191 3760 93 21 artistes
3299 3760 56 25 Tyt-

2830 3788 45 24 gal,
2889 3788 99 29 Paulus^
2997 3788 129 24 Bonneiain,
3140 3789 120 26 Hyppolile
3273 3789 81 25 Daeye,

2831 3817 140 24 Mfissonaet;
2991 3817 20 21 le
3030 3817 84 25 député
3133 3818 69 20 Louis
3219 3818 93 22 Piérard
3331 3819 22 20 et

2830 3846 28 20 M.
2889 3846 48 20 Van
2970 3845 134 25 Remoorlel,
3136 3847 40 20 des
3208 3847 82 21 fidèles
3321 3847 31 20 du

2829 3874 75 25 Rcuge
2920 3877 23 19 et
2959 3875 31 20 du
3005 3875 59 23 Noir,
3081 3880 85 17 comme
3183 3876 20 21 le
3219 3875 65 26 poète
3298 3876 55 21 Ver-

2829 3903 77 24 bo(-m;
2927 3904 21 20 le
2968 3903 89 22 lauréat
3076 3903 144 27 d'éloquence
3241 3905 111 24 Ewbank;

2829 3932 21 20 1™
2865 3932 86 21 lauréat
2967 3933 108 21 littéraire
3083 3933 111 24 Golstein;
3209 3934 21 21 le
3238 3934 104 24 pamphlé-

2829 3961 55 21 taire
2902 3961 65 23 Jules
2987 3961 76 24 Gibet;
3083 3963 21 19 la
3123 3961 130 22 charmante
3271 3962 80 21 artiste

2828 3989 71 21 Claire
2920 3990 95 24 Gérard;
3035 3991 56 20 Jean
3112 3991 69 23 Dess;
3201 3992 82 20 Marcel
3304 3992 33 20 An-

2828 4019 71 23 toine;
2916 4019 40 23 des
2974 4019 134 21 aéronaules
3126 4024 89 16 comme
3229 4020 122 24 Demuyter

2828 4047 23 21 et
2872 4047 142 25 Coekelberg,
3036 4049 49 20 tant
3107 4047 111 25 d'autres;
3247 4050 50 20 tout
3325 4053 25 16 ce

2828 4077 79 20 monde
2922 4076 100 24 bruyant
3036 4077 22 20 et
3074 4077 107 27 heureux,
3197 4078 86 20 sincère
3299 4082 41 16 sur-

2827 4104 49 21 tout
2889 4116 27 4 —
2930 4107 110 20 comment
3054 4110 29 16 ne
3097 4106 21 20 le
3131 4106 109 21 serait-on
3255 4111 42 21 pas
3310 4107 28 20 de-

2825 4134 55 20 vait
2909 4134 60 20 cette
2998 4134 81 21 nature
3102 4134 148 22 débordante-
3263 4136 27 20 de
3314 4136 35 20 vie

2826 4163 72 24 loyale
2913 4164 22 20 et
2951 4162 91 21 franche
3049 4173 28 4 —
3084 4163 89 23 présidé
3189 4168 40 21 par
3236 4164 29 23 M.
3272 4164 76 20 Pierre

2825 4191 113 24 Fontaine,
2950 4191 114 24 président
3078 4193 30 19 du
3122 4192 75 25 Rouge
3210 4195 22 18 et
3245 4194 31 19 du
3289 4193 59 21 Noir.

2848 4220 19 21 il
2880 4225 16 19 y
2909 4220 39 21 eut
2961 4220 40 22 des
3015 4220 103 21 discours
3133 4226 29 16 au
3176 4221 96 23 dessert.
3284 4222 64 20 Nous

2825 4249 157 24 n'essayerons
2998 4253 40 21 pas
3054 4249 27 21 de
3096 4249 33 23 les
3145 4251 121 23 transcrire
3281 4251 35 20 ici.
3330 4252 17 20 Il

2824 4277 50 21 faut
2894 4278 33 20 les
2947 4278 62 20 avoir
3028 4278 111 21 entendus
3159 4279 57 21 dans
3236 4285 26 15 ce
3280 4280 68 21 décor

2824 4307 27 20 de
2868 4306 52 21 rêve
2936 4310 57 20 pour
3011 4311 27 16 en
3055 4307 108 25 déguster
3179 4308 20 21 la
3217 4312 89 19 saveur.

2847 4335 29 20 M.
2892 4335 85 23 Pierre.
2983 4335 105 22 Fontaine
3105 4337 63 25 parla
3184 4337 30 21 du
3232 4337 70 21 talent
3318 4338 28 20 de

2823 4363 91 22 Charles
2929 4364 98 21 Bernard
3042 4366 23 20 et
3077 4370 43 15 .aos
3136 4365 98 21 lecteurs
3249 4366 84 26 l'appré-

2823 4393 59 20 cient
2900 4393 52 24 trop
2969 4397 57 21 pour
3042 4397 45 21 que
3105 4398 58 18 nous
3181 4394 114 25 répétions
3312 4395 33 21 les

2823 4421 88 25 paroles
2926 4422 30 20 du
2972 4422 114 25 président
3101 4424 38 24 qui
3154 4423 113 25 dépeignit
3281 4424 64 20 notre

2822 4452 44 20 ami
2884 4454 88 17 comme
2992 4455 48 16 «un
3061 4450 97 22 écrivain
3175 4450 168 22 ^lonnamment

2822 4477 146 22 harmonieux
2991 4479 22 21 et
3038 4478 81 26 coloré,
3143 4484 86 17 comme
3253 4485 35 16 un
3308 4486 25 16 es-

2821 4507 86 24 sayiste
2920 4507 74 25 précis
3006 4508 22 20 et
3037 4513 92 19 *sagace,
3142 4513 85 16 comme
3240 4509 104 22 l'homme

2821 4538 38 23 qui
2876 4535 56 21 s'est
2948 4536 64 24 porté
3029 4536 13 21 à
3059 4537 161 26 l'avant-poste
3237 4538 41 20 des
3294 4539 49 19 arts

2822 4564 179 25 contemporains
3009 4572 18 13 ».

2844 4593 63 21 Nous
2919 4597 30 18 ûe
2963 4593 130 24 répéterons
3109 4595 22 20 ni
3146 4595 21 21 le
3182 4594 102 23 discours
3300 4595 42 21 ailé

2820 4621 28 21 de
2866 4622 21 20 M
2909 4622 93 24 .Anseel,
3023 4624 107 21 trouvant
3148 4628 53 17 son;
3209 4625 132 23 inspiration

2820 4651 56 20 dans
2891 4655 30 16 un
2937 4650 48 22 coin
2999 4651 110 22 délicieux
3123 4653 28 20 de
3165 4652 89 27 lYtang,
3267 4654 23 20 ni
3303 4657 39 17 ces

2819 4679 89 25 rappels
2925 4679 28 22 de
2969 4680 120 21 souvenirs
3103 4685 118 17 communs
3237 4682 104 20 racontés

2819 4712 53 16 avec
2901 4708 50 21 tant
2981 4709 144 26 d'éloquence
3156 4714 41 21 par
3219 4709 30 24 M.
3271 4711 69 20 Louis

2818 4735 100 24 Pléiard,
2944 4738 36 21 ni.
2995 4737 33 21 les
3055 4739 90 22 paroles
3172 4738 67 22 d'une
3265 4739 76 20 amitié

2817 4764 65 22 émue
2896 4770 44 20 que
2955 4770 112 21 proaonça
3081 4767 28 22 M.
3123 4767 58 20 Ren*c
3195 4767 102 24 Hisîaire,
3309 4772 31 16 au

2818 4798 51 15 nom
2881 4793 36 21 -de
2935 4798 38 18 ses
2992 4795 116 21 confrères
3126 4796 29 20 de
3174 4796 20 20 îa
3214 4800 84 21 presse,
3318 4798 22 20 ni

2818 4823 58 20 celte
2891 4822 95 26 répouse
3001 4824 142 25 vigoureuse,
3158 4824 100 24 ardente,
3271 4829 69 21 jeune

2817 4851 27 20 de
2857 4851 91 21 Charles
2961 4852 98 21 Bernard
3073 4853 53 25 qu'il
3141 4853 94 21 termina
3248 4858 41 21 par
3301 4858 37 16 ces

2817 4879 60 20 mots
2888 4884 7 16 :
2909 4888 10 9 «
2927 4880 71 21 Toute
3013 4885 36 16 ma
3064 4881 34 21 vie
3112 4881 38 25 j'ai
3164 4882 75 25 aspiré
3252 4882 15 20 à
3279 4882 60 20 cette

2816 4907 90 22 culture
2933 4908 28 21 de
2989 4908 87 26 l'esprit
3103 4909 55 21 dont
3185 4910 34 21 les
3246 4911 91 20 anciens

2817 4935 95 22 disaient
2927 4936 82 26 qu'elle
3023 4938 55 21 rend
3095 4938 64 21 l'âme
3174 4939 53 25 plus
3242 4940 97 23 douce»,

2816 4966 23 20 et
2856 4966 94 20 s'arrêta
2968 4966 67 25 après
3052 4967 63 20 avoir
3132 4966 80 22 changé
3230 4967 22 22 la
3268 4968 70 25 gloire

2816 4994 27 20 de
2860 4994 101 22 l'amour.

2839 5022 69 21 I-ouis
2927 5022 93 22 Piérard
3040 5028 25 16 se
3085 5024 75 20 devait
3180 5025 27 20 de
3227 5024 110 22 chanter:

2816 5057 10 11 «
2835 5051 81 21 C'n'est
2933 5052 26 20 ui
2978 5057 26 15 co
3024 5051 116 22 Fram'ries
3149 5060 18 13 -».
3185 5053 19 21 Il
3224 5054 113 21 s'exécuta

2815 5079 28 20 de
2863 5079 73 21 bonne
2956 5080 66 25 grâce
3043 5081 149 25 accompagné
3212 5082 13 20 à
3246 5082 81 21 l'accor-

2815 5107 55 21 déon
2889 5112 42 19 par
2948 5108 21 21 le
2986 5108 88 22 cûlèbre
3091 5117 9 10 •
3109 5110 107 20 Krumme
3224 5118 10 10 »
3253 5111 82 25 auquoi

2815 5140 74 16 aui-un
2909 5136 35 21 air
2963 5138 120 25 classique,
3103 5138 136 27 folklorique
3259 5144 29 17 ou
3309 5141 28 21 de

2815 5164 69 21 danse
2903 5165 58 21 n'est
2980 5166 104 22 inconnu.

2837 5192 62 25 Puis,
2915 5194 58 20 Mme
2989 5194 98 25 Eugenia
3101 5196 78 24 Buyko
3195 5196 80 22 chanta
3291 5201 46 17 une

2814 5222 92 25 exquise
2921 5222 98 21 chanson
3035 5224 122 25 lombarde,
3172 5225 81 25 qu'elle
3268 5226 67 20 mima

2814 5253 52 18 avec
2883 5250 126 22 infiniment
3026 5253 27 20 de
3069 5253 72 24 grâce.

2840 5278 65 23 Enfin
2925 5280 48 20 tout
2991 5280 21 21 le
3030 5281 80 22 monde
3128 5286 26 17 se
3171 5287 42 16 rua
3232 5287 52 17 vers
3297 5284 38 24 Jes

2812 5306 133 27 barquettes
2966 5310 39 24 qui
3025 5309 113 22 semèrent
3160 5311 82 24 l'effroi
3262 5314 71 24 parmi

2813 5335 34 21 les
2863 5336 93 25 perches
2973 5338 22 20 et
3011 5337 33 22 les
3062 5338 94 22 têtards.
3183 5357 4 2 .

2838 5365 29 20 Le
2893 5366 78 20 retour
2997 5366 119 23 s'effectua
3142 5369 57 23 dans
3218 5369 33 21 les
3271 5370 55 21 auto-

2810 5397 58 18 cars,
2883 5396 39 23 qui
2937 5394 87 21 avaient
3032 5396 78 20 amené
3125 5397 32 20 les
3173 5398 158 21 manifestants

2813 5422 22 19 et
2854 5423 152 22 emportèrent
3023 5424 40 20 des
3081 5429 57 21 gens
3156 5426 99 23 radieux,
3273 5427 61 21 ravis

2812 5450 28 20 de
2858 5450 21 20 la
2895 5450 94 26 Journée
3006 5453 66 24 qu'ils
3089 5454 102 21 venaient
3210 5456 27 20 de
3254 5460 80 19 passer

2810 5480 23 19 et
2852 5480 39 24 qui
2911 5479 103 22 s'acheva
3034 5486 29 16 au
3084 5482 111 26 -Cygne*,
3217 5484 30 20 où
3266 5485 64 20 coula

2813 5507 20 20 la
2850 5507 105 22 cervoise.

2833 5536 84 21 Jamais
2941 5537 51 25 plus
3013 5537 63 25 Juste
3097 5538 118 27 hommage
3237 5541 36 21 n'a
3295 5541 35 20 é«

2810 5565 72 20 reidu
2899 5565 14 21 à
2928 5566 54 28 plus
2998 5571 44 20 pur
3060 5567 78 25 talent.
3228 5576 6 5 •
3263 5576 5 5 •

2850 5597 11 12 •
3189 5598 118 22 SINTAIR,

3399 1905 63 26 LES
3473 1907 201 27 PREMIERES
3683 1912 24 23 A
3718 1911 208 28 BRUXELLES

3740 1979 24 27 A
3784 1981 26 25 la
3832 1980 91 28 Scaîa

3570 2029 91 34 L'Age
3678 2031 69 27 d'Or

3425 2070 138 22 Poursuivant
3582 2073 20 19 la
3621 2080 54 14 série
3693 2074 26 20 de
3738 2075 55 20 leurs
3813 2077 111 22 spectacles

3395 2096 110 23 oripinaux
3522 2098 54 24 MM;
3594 2099 55 23 Van|
3656 2100 64 20 Stalle
3736 2107 53 14 nous
3805 2102 119 23 présentent

3397 2125 57 28 cttte^
3464 2123 40 20 fois
3517 2130 41 13 une
3571 2131 61 14 revue
3645 2127 26 18 de
3685 2126 40 24 Rip
3738 2128 34 22 qui
3786 2131 35 16 eut
3834 2135 27 13 un
3875 2135 58 17 gros-

3396 2147 72 22 succès
3480 2150 13 19 à
3507 2150 66 20 Paris.
3586 2151 88 24 L'esprit
3686 2154 26 20 de
3725 2153 40 24 Rip
3778 2158 31 15 est
3822 2155 101 20 extrênu-

3396 2179 54 16 ntent
3464 2176 101 21 mordant,
3579 2183 85 14 suuvem
3677 2178 69 24 cruel;
3760 2185 33 14 ses
3806 2179 51 24 bons
3869 2184 54 17 mots

3397 2200 69 20 fusent
3485 2207 26 14 en
3530 2202 71 24 gerbes
3621 2204 141 25 étincelactes,
3781 2211 49 15 sans
3850 2206 73 20 laisser

3395 2232 41 14 aux
3457 2231 125 20 spectateurs
3604 2230 18 19 ie
3643 2234 65 20 temps
3735 2233 26 18 de
3781 2232 96 21 souffler.
3905 2233 17 20 Il

3396 2256 61 17 trsite
3475 2260 50 14 avec
3544 2261 40 13 une
3604 2262 61 14 verve
3682 2257 59 23 égale
3759 2258 30 20 les
3807 2259 67 23 sujets
3892 2259 31 20 les

3396 2279 34 23 plu
3430 2288 11 14 s
3463 2280 70 20 divers
3554 2285 20 16 et
3596 2282 49 23 qu'il
3668 2283 87 23 s'agisse
3777 2284 61 22 d'une
3860 2285 63 20 scène

3395 2305 148 24 sentimentale,
3567 2307 50 20 d'un
3641 2310 81 23 couplet
3747 2310 122 24 patriotique
3893 2317 29 15 ou

3395 2330 48 20 d'un
3460 2331 76 21 sketch"
3547 2334 99 23 comique,
3663 2335 18 20 Je
3697 2339 42 16 tour
3758 2340 57 20 porte
3831 2337 19 20 la
3867 2344 45 13 mar-

3394 2362 39 18 que
3451 2357 26 22 de
3496 2358 94 24 fabrique
3609 2360 25 20 de
3653 2361 153 21 l'étourdissant
3824 2363 97 20 revuiste.

3396 2383 28 19 M.
3440 2383 40 24 Rip
3495 2385 78 23 appelle
3588 2392 28 13 un
3632 2388 53 21 chat,
3701 2394 26 13 un
3743 2389 47 19 chat
3806 2393 19 16 et
3841 2395 80 15 comme

3394 2409 15 19 il
3428 2415 13 14 a
3461 2410 75 20 raison.
3556 2411 45 23 Que
3620 2418 37 16 nos
3675 2417 83 18 auteurs
3776 2415 72 20 aillent
3866 2415 56 21 donc

3394 2436 88 22 prerdre
3498 2437 24 20 éi
3524 2446 11 14 s
3551 2437 68 23 leçons
3636 2439 13 19 à
3665 2446 37 13 son
3719 2440 62 21 école.
3799 2440 75 22 Toutes
3890 2443 30 19 les

3393 2461 72 20 scènes
3479 2466 46 16 sont
3538 2465 172 20 essentiellement
3722 2467 135 25 parisiennes,
3870 2467 40 24 plei-

3394 2493 36 14 nes
3448 2488 120 22 d'allusions
3586 2490 13 20 à
3617 2491 20 19 la
3655 2492 33 20 vie
3707 2492 97 24 politique
3822 2496 20 17 et
3861 2500 48 14 mon-

3394 2513 59 20 daine
3471 2514 25 20 de
3514 2521 38 15 nûs
3570 2517 52 21 amis
3640 2517 105 24 Français,
3763 2523 20 16 et
3800 2523 67 18 toutes
3883 2524 38 16 ont

3393 2539 32 20 été
3436 2541 119 23 applaudies
3566 2542 186 22 chaleureusement
3763 2551 38 18 par
3811 2551 28 14 un
3851 2546 69 23 public

3393 2565 42 20 très
3450 2567 12 18 à
3477 2567 20 19 la
3514 2573 50 18 page

3418 2591 69 21 Parmi
3509 2593 29 22 lé*
3559 2594 72 20 scènes
3652 2595 34 24 qui
3708 2600 81 20 portent
3809 2598 19 20 le
3849 2598 71 20 mieux

3394 2623 51 14 rcus
3465 2619 90 20 citerons
3580 2626 6 13 :
3607 2621 19 19 le
3648 2628 11 12 «
3668 2622 72 20 Fiacre
3767 2624 25 19 de
3818 2624 70 20 Berlin
3899 2630 20 19 »,

3393 2643 52 20 dans
3463 2645 85 23 laquelle
3567 2646 28 20 M.
3613 2647 26 23 Jo
3658 2648 65 23 Delgy
3742 2648 38 20 fait
3797 2656 31 13 un
3843 2651 76 19 cocher

3393 2670 109 20 locarnisie
3532 2672 132 24 impayable;
3694 2675 19 19 ie
3737 2681 12 12 c
3762 2675 127 24 phénomène
3897 2683 23 17 »,

3394 2696 34 20 ail
3444 2700 30 16 est
3490 2699 74 21 parti»
3582 2703 20 15 et
3618 2702 19 16 la
3655 2706 12 12 n
3675 2705 51 18 peur
3741 2702 36 19 des
3793 2701 95 22 histoires
3896 2709 21 16 o,

3393 2722 49 20 trois
3463 2723 71 20 scènes
3556 2724 71 23 jouées
3648 2731 37 18 par
3707 2726 113 21 l'excellent
3847 2728 72 20 diseur

3392 2747 78 21 Gilbert
3489 2749 94 21 Battaille
3601 2752 49 19 dont
3669 2753 18 18 ie
3705 2753 71 20 succès
3793 2760 13 13 a
3823 2754 33 20 été
3872 2755 46 19 très

3393 2774 30 19 vif
3445 2778 19 16 et
3486 2775 104 23 d'ail.-eurs
3612 2778 79 19 mérité.
3713 2778 30 21 M.
3765 2779 91 24 Môrtoa,
3877 2787 40 18 qu;

3392 2806 51 13 r.ous
3458 2807 64 14 avons
3537 2802 48 23 déjà
3601 2804 95 23 applaudi
3711 2805 13 19 à
3739 2805 113 23 Bruxelles,
3867 2806 51 24 joue

3393 2831 125 15 nctamment
3537 2834 50 14 avec
3607 2829 78 20 finesse
3703 2836 28 14 un
3752 2831 43 21 rôle
3814 2832 103 20 d'ouvritr

3393 2851 172 24 bcxhevico-pjtr
3566 2854 54 21 iotii
3630 2861 13 13 u
3648 2854 22 21 la
3693 2857 115 22 girouette,
3822 2863 37 15 sur
3888 2859 31 19 les

3392 2877 76 21 toits».
3484 2878 64 21 Enfin
3563 2881 21 18 la
3597 2880 60 21 s'eèie
3662 2875 73 27 "finale
3748 2889 39 17 que
3800 2883 42 28 l'on,
3855 2890 52 22 pour-

3393 2903 39 19 rait
3451 2905 82 23 appeler
3554 2906 27 19 «1
3589 2912 74 15 envers
3682 2908 61 20 d'une
3752 2925 4 2 .
3764 2909 60 20 étoile
3832 2916 11 13 »
3866 2911 53 20 n'v-t

3393 2929 88 23 posfibte
3503 2930 86 25 cjnV.ec
3613 2930 51 23 M".*.
3688 2933 150 24 Mi^margueit.
3871 2926 46 35 ÉJle

3391 2955 62 22 seule,
3469 2956 34 24 qui
3520 2958 83 22 parodie
3618 2958 61 21 d'une
3696 2960 60 23 façon
3772 2963 110 19 étonnante
3904 2968 14 13 a

3392 2981 91 20 omiss»
3503 2984 160 20 internationale
3681 2987 83 22 pouvait
3783 2993 37 18 par
3837 2988 71 20 l'excel-

3391 3008 55 18 lence
3462 3008 26 20 de
3504 3015 35 13 son
3557 3016 41 16 ku.
3617 3011 51 20 fa-re
3685 3013 70 19 avaler
3771 3013 29 20 les
3817 3014 100 20 rosseries

3390 3039 39 17 que
3444 3034 31 21 M..
3487 3034 39 25 Rip
3541 3042 10 13 a
3567 3036 73 21 écrites
3655 3044 35 13 sur
3704 3039 20 18 la
3737 3039 78 23 grande
3831 3041 85 20 vedette.

3415 3059 23 21 Si
3453 3061 29 19 les
3495 3066 70 16 autres
3578 3063 89 20 artistes,
3682 3066 65 22 psrnii
3761 3065 87 23 lesquels
3862 3072 53 14 nous

3389 3085 90 21 citerons
3496 3093 75 15 encore
3588 3084 91 26 MMm'es
3696 3090 54 21 Luce
3769 3091 79 24 Daudy,
3865 3092 52 21 Lar-

3389 3117 42 16 zac
3450 3111 51 23 Une
3519 3113 53 21 Caro
3589 3120 20 14 et
3628 3115 28 20 M.
3673 3115 75 23 Loche,
3765 3118 97 20 méritent
3877 3118 39 20 des

3389 3138 74 23 eleges,
3484 3139 29 20 les
3532 3141 113 20 ensembles
3665 3143 129 22 manquaient
3821 3150 27 14 un
3875 3150 41 19 peu

3388 3163 39 20 de.,
3449 3164 102 21 cohésion.

3413 3189 32 21 En
3464 3197 29 13 un
3511 3195 48 19 mot,

3388 3222 51 17 gens
3459 3217 90 24 d'esprit.

3816 3248 27 20 H.
3861 3248 27 24 p.

3578 3194 99 20 excellent
3696 3196 100 22 spectacle
3815 3202 51 18 pour
3884 3197 31 20 les

3389 3298 234 36 LOCATION
3648 3302 62 34 DE
3739 3303 174 37 PIANOS

3385 3346 38 23 47,
3441 3347 124 21 boulevard
3582 3349 104 23 Anspach
3705 3361 29 4 —
3751 3351 48 20 Tél.
3817 3352 93 23 117.10.

3442 3410 398 45 MONITEUR

3536 3463 38 18 -OU
3595 3464 22 18 11
3633 3465 125 19 JUILLET

3405 3511 94 19 Institut
3521 3512 71 23 Eoyal
3615 3514 99 18 Colonial
3737 3516 75 22 Beige.
3833 3526 26 5 —
3879 3517 32 19 M.

3380 3533 163 22 BuUgenbach.
3562 3537 97 17 membre
3677 3537 26 17 de
3721 3537 22 18 lu
3760 3538 84 18 section
3871 3539 40 19 des

3380 3554 97 18 sciences
3494 3556 130 23 techniques
3639 3558 14 17 à
3670 3558 110 21 l'Institut
3797 3560 61 22 royal
3874 3565 25 14 co-

3380 3576 66 18 lonial
3460 3577 68 22 belge,
3542 3582 34 14 est
3588 3580 112 17 transféré
3712 3581 15 17 à
3739 3581 21 17 la
3773 3583 84 17 section
3870 3586 40 15 aes

3379 3598 98 18 sciences
3492 3600 121 18 naturelles
3629 3604 21 15 et
3666 3602 126 21 médicales,
3809 3607 26 14 en
3853 3600 45 22 ■'•em-

3379 3619 124 22 placement
3519 3621 26 18 do
3561 3622 30 18 il.
3608 3622 88 21 Cornet,
3713 3624 88 19 décédé.
3817 3624 37 19 En
3870 3631 47 13 ou--

3379 3644 40 17 tre,
3436 3643 50 16 sont
3502 3644 100 17 nommés
3617 3645 110 18 membres
3743 3646 27 17 de
3786 3647 22 17 la
3823 3648 86 18 section

3379 3663 116 23 technique
3511 3665 26 17 de
3552 3665 120 19 l'Institut:
3689 3667 52 18 MM.
3757 3669 85 20 Allard,
3858 3673 50 19 pio-

3379 3685 87 18 fesseur
3484 3686 14 17 à
3517 3686 138 19 l'université
3674 3689 26 17 de
3720 3690 126 18 Bruxelles*
3875 3691 34 18 Da

3377 3706 67 21 Halu,
3460 3707 127 22 professeur
3601 3709 14 17 à
3630 3709 143 21 l'Université
3787 3712 26 18 de
3829 3713 77 23 Liège;

3377 3727 103 22 Gevaert,
3498 3729 110 19 directeur
3624 3732 90 21 général
3732 3733 118 19 honoraire
3867 3733 40 19 dea

3377 3751 65 27 ponts
3459 3751 23 17 et
3499 3751 130 21 chaussées;
3649 3753 79 20 Gillon,
3747 3756 128 21 professeur
3892 3757 16 17 à,

3377 3770 144 20 l'Université
3541 3773 27 18 de
3589 3774 110 22 Louvain;
3722 3776 136 23 Phillppson,
3880 3778 29 18 de

3376 3792 143 20 l'Université
3537 3795 26 18 de
3582 3795 123 20 Eruxelles.

3401 3816 69 21 Corps
3481 3816 166 23 diplomatique.
3658 3828 23 4 —
3694 3819 31 17 Le
3737 3821 73 17 comte
3822 3821 26 18 R.
3861 3825 46 15 van

3376 3836 39 18 der
3428 3837 201 20 Straten-Ponthoz
3643 3844 14 14 a
3671 3841 35 17 été
3720 3841 83 19 déchar
3822 3848 15 15 i,
3851 3843 15 18 à
3880 3847 27 14 sa

3376 3857 115 22 demande,
3513 3860 39 18 des
3574 3861 112 19 fonctions
3707 3862 27 18 de
3754 3863 104 19 Ministre
3879 3865 29 18 de-

3376 3880 105 25 Belgique
3496 3881 14 17 à
3524 3882 165 20 Buenos-Aires
3703 3885 24 17 et
3741 3885 42 18 mis
3797 3886 15 17 à
3826 3886 22 18 la
3861 3886 34 18 dis-

3376 3902 93 21 position
3487 3903 29 18 du
3535 3904 101 18 Ministre
3653 3905 39 18 des
3710 3906 102 19 Affaires
3830 3907 65 19 étran-

3375 3922 71 22 gères.
3468 3924 30 18 M.
3520 3925 28 18 H.
3571 3926 77 18 Ketels
3670 3931 14 14 a
3705 3927 36 18 é:ô
3762 3928 84 23 chargé
3865 3930 41 18 dea

3375 3946 112 17 lonctions
3498 3946 27 18 de
3537 3947 101 19 Ministre
3650 3949 26 17 de
3689 3949 105 23 Belgique
3807 3955 27 14 en
3849 3951 45 19 Uru-

3374 3970 60 18 guay
3449 3968 22 17 et
3485 3972 29 14 au
3530 3969 120 23 Paraguay
3664 3971 23 17 et
3700 3972 88 18 nommé
3801 3972 105 19 Ministre

3375 3988 26 17 de
3414 3988 107 23 Belgique
3534 3991 14 17 â
3561 3991 171 20 Buenos-Aires.
3746 3993 18 18 11
3777 3998 15 14 a
3804 3994 36 18 été
3851 3999 42 18 éga-

3375 4009 83 19 lement
3464 4024 4 3 .
3476 4012 171 19 commissionné
3666 4019 85 13 comme
3770 4016 78 18 consul
3866 4017 28 22 gé-

3374 4032 62 17 néral
3453 4032 56 19 dans
3526 4033 22 18 la
3564 4034 138 23 République
3718 4038 130 21 Argentine.
3872 4038 32 19 M.

3374 4052 27 18 de
3418 4053 68 19 Neeff
3503 4059 15 13 a
3535 4055 36 18 été
3587 4060 87 15 nomme
3691 4058 101 18 Ministre
3810 4059 26 19 de
3854 4060 39 18 Bel-

3373 4078 67 19 gique
3455 4080 26 13 en
3498 4076 108 23 Uruguay
3621 4079 23 17 et
3658 4083 30 14 au
3704 4079 128 24 Paraguay,
3848 4085 57 15 aveo

3373 4096 112 19 résidence
3501 4098 14 17 à
3530 4099 146 19 Montevideo.

3397 4118 30 18 il.
3443 4120 27 17 A.
3486 4119 122 23 Sergysels.
3625 4122 120 19 secrétaire
3761 4123 26 18 de
3804 4123 98 23 légation

3373 4139 27 18 de
3417 4139 30 19 1">
3465 4140 79 22 classe,
3562 4146 14 13 a
3594 4142 36 18 été
3648 4147 75 18 promu
3742 4149 29 13 au
3789 4146 70 21 grade
3875 4146 28 18 d«

3374 4162 116 18 conseiller
3512 4163 27 17 do
3556 4163 104 23 «légation
3682 4167 23 17 et
3728 4166 116 20 maintenu
3874 4172 30 14 en

3373 4182 111 19 fonctions
3498 4184 15 18 à
3527 4185 116 22 Eangkok.

3397 4206 85 19 Agents
3502 4207 137 18 consulaires
3658 4208 28 18 de
3704 4209 104 19 carrière.
3826 4219 26 4 —
3871 4211 31 18 M.

3372 4225 22 18 S.
3408 4226 81 22 Boeye,
3503 4229 77 17 consul
3594 4229 97 22 général,
3704 4234 15 14 a
3732 4230 35 18 été
3780 4235 77 19 promu
3871 4236 31 14 au

3371 4248 68 20 grade
3455 4248 27 18 de
3499 4250 76 17 consul
3591 4250 90 22 général
3698 4252 27 17 de
3741 4251 31 19 !*•
3789 4252 72 19 classe
3877 4255 25 17 et

3372 4269 113 18 maintenu
3503 4275 27 13 en
3546 4271 111 19 fonctions
3674 4273 14 18 à.
3704 4273 79 22 Tunis;
3801 4274 53 19 MM.
3870 4275 31 19 H.

3371 4290 90 18 Vandsr
3480 4292 110 20 Straeten,
3611 4294 28 18 H.
3660 4294 107 21 Bernard,
3788 4295 25 19 P.
3834 4296 67 19 Vers-

3371 4312 87 18 trae:en
3470 4315 24 16 et
3507 4315 26 16 A.
3548 4314 76 21 Motte,
3639 4316 96 20 consuls,
3748 4319 40 16 ont
3801 4317 37 18 été
3850 4322 39 19 pro-

3371 4337 50 14 mus
3433 4338 29 14 au
3476 4336 68 21 grade
3557 4336 27 18 de
3598 4337 77 18 consul
3689 4338 89 22 général
3792 4340 23 17 et
3828 4340 61 18 main-

3371 4355 65 19 tenus
3452 4360 27 14 en
3496 4357 112 19 fonctions
3625 4360 185 21 respectivement
3825 4361 14 17 à
3855 4361 33 18 Bo-

3370 4377 60 21 gota,
3447 4378 15 17 à
3479 4378 196 20 l'administration
3687 4381 105 19 .centrale
3808 4382 29 18 du
3856 4382 33 18 Dé-

3371 4400 127 20 partement
3526 4400 39 18 des
3594 4402 102 18 Affaires
3718 4403 137 22 étrangères,
3883 4405 17 17 A

3369 4420 134 19 Alexandrie
3523 4423 24 16 et
3567 4422 15 18 à
3603 4423 182 23 Constantinople
3791 4429 5 16 ;
3819 4425 30 19 M.
3870 4426 27 18 E.

3370 4441 97 22 Robyns,
3491 4443 141 22 vice-consul,
3654 4449 13 13 a
3697 4445 35 18 été
3761 4450 77 18 promu
3867 4451 32 14 au

3369 4463 69 21 grade
3460 4464 27 17 de
3508 4466 76 17 consul
3605 4466 23 18 et
3649 4467 115 18 maintenu
3785 4472 28 14 en
3834 4468 53 19 fonc-

3369 4484 58 18 tions
3444 4485 14 18 à
3476 4486 81 18 Berlin.

3392 4507 119 18 Consulats
3527 4508 136 19 honoraires.
3677 4518 26 5 —
3717 4509 126 19 Démission
3858 4511 29 17 ho-

3369 4527 90 19 norable
3478 4529 27 17 de
3524 4529 59 18 leurs
3602 4530 112 19 fonctions
3733 4536 15 13 a
3767 4532 35 17 été
3820 4536 67 14 accor-

3367 4548 46 21 dée,
3427 4549 14 18 à
3454 4549 48 18 leur
3514 4550 115 23 demande,
3642 4552 14 17 à
3669 4552 30 18 M.
3711 4552 27 18 R.
3746 4551 84 24 "Hoyle,
3844 4558 41 14 con-

3367 4570 35 18 sul
3415 4570 26 18 de
3453 4571 107 23 Belgique
3571 4573 15 17 à
3598 4573 100 22 Trujillo,
3711 4575 23 17 et
3744 4574 16 18 à
3771 4575 30 18 M.
3813 4575 83 23 Curiel,

3368 4592 134 18 vice-consul
3521 4592 27 19 de
3565 4594 106 23 Belgique
3689 4595 15 18 à
3722 4596 153 19 Paramaribo.

3392 4614 85 21 Agents
3494 4615 137 19 consulaires
3646 4616 116 23 étrangers
3778 4622 29 13 en
3822 4618 64 21 Belgi-

3367 4638 49 18 que.
3428 4644 25 5 —
3465 4637 18 17 A
3497 4636 21 18 la
3530 4637 52 18 date
3594 4638 29 18 du
3635 4638 27 18 25"
3670 4638 48 20 juin
3732 4639 52 21 1929,
3796 4639 31 19 M.
3840 4640 46 18 Gar-

3366 4656 35 18 cia
3417 4656 129 24 Marroquin
3563 4663 14 13 a
3594 4663 52 17 reçu
3663 4659 6 18 1
3679 4663 124 20 exequatur
3818 4661 66 19 néces-

3365 4677 59 18 saire
3438 4683 55 17 pour
3505 4683 89 14 exercer
3607 4680 31 18 les
3652 4681 112 19 fonctions
3777 4682 27 18 de
3816 4683 77 18 consul

3366 4698 27 18 de
3415 4700 140 21 Guatemala,
3577 4706 56 14 avec
3653 4702 129 22 juridiction
3803 4708 42 14 sur.
3871 4704 23 19 la

3368 4721 102 20 province
3489 4723 117 21 d'Anvers,
3627 4728 28 13 en
3676 4725 172 22 remplacement
3867 4726 29 18 d»

3365 4742 30 17 M.
3410 4742 99 23 Marsily.

3389 4764 89 18 Musées
3494 4769 93 18 royaux.
3601 4775 26 5 —
3642 4766 42 19 Est
3698 4767 104 23 acceptée
3818 4768 22 18 la
3855 4768 28 19 dé-

3366 4784 92 19 mission
3478 4786 28 18 de
3526 4791 38 14 ses
3583 4788 112 18 fonctions
3717 4789 114 22 présentée
3838 4805 5 6 ,
3853 4793 42 20 par

3366 4806 29 18 M.
3418 4806 21 18 le
3461 4807 69 19 baron
3552 4808 27 18 de
3602 4809 51 20 Loé,
3677 4812 159 17 conservateur
3863 4815 31 14 en

3364 4827 148 23 chéf-adjoint
3527 4834 45 13 aux
3588 4830 88 19 Musées
3693 4836 85 18 royaux
3793 4832 60 19 d'art
3869 4834 23 17 et

3363 4849 121 19 d'histoire*
3500 4851 135 19 L'Intéressé
3648 4854 35 17 est
3699 4853 99 19 autorisé
3812 4854 15 18 à
3841 4858 40 20 por-

3365 4871 34 17 ter
3416 4871 20 18 le
3454 4871 52 19 titre
3524 4872 139 24 honorifique
3681 4874 27 18 de
3726 4880 36 13 ses
3780 4876 112 18 fonctions

3362 4892 23 18 et
3397 4892 15 18 à
3426 4893 57 18 faire
3497 4894 70 18 valoir
3581 4899 37 14 ses
3631 4896 70 18 droits
3714 4896 15 18 à
3742 4901 43 14 une
3799 4897 92 22 pension

3364 4913 26 18 de
3404 4914 100 21 retraite.

3387 4936 127 19 Université
3527 4937 27 18 de
3568 4937 74 21 Liège.
3653 4947 26 5 —
3692 4939 54 18 MM.
3760 4939 32 19 les
3806 4939 74 23 profes-

3364 4960 63 14 seurs
3447 4957 96 22 Delatte,
3564 4958 92 22 Halkin,
3676 4960 34 20 L.,
3730 4961 90 18 Vander
3839 4961 53 19 Lln-

3363 4977 42 19 den
3419 4980 22 17 et
3456 4979 87 21 Closon,
3558 4981 58 18 ainsi
3631 4986 42 18 que
3687 4982 30 19 M.
3732 4982 21 18 le
3768 4983 81 22 chargé
3863 4983 28 18 de

3363 5003 64 15 cours
3443 5000 84 19 Harsin
3546 5004 52 16 sont
3614 5003 101 22 chargés,
3733 5004 146 23 indépendam-

3363 5021 62 18 ment
3444 5022 28 17 de
3494 5022 60 19 leurs
3582 5025 78 17 autres
3681 5025 152 21 attributions,
3862 5026 28 18 de

3364 5042 65 21 faire,
3453 5043 33 18 les
3509 5044 58 18 deux
3590 5046 106 22 premiers
3720 5046 23 18 la
3766 5047 84 21 partie,
3861 5047 31 19 du

3361 5067 65 15 cours
3445 5065 28 17 de
3493 5066 95 23 critique
3606 5066 123 24 historique
3749 5067 25 19 et
3790 5066 89 25 applica-

3361 5085 47 18 tion
3425 5085 15 18 à
3457 5090 44 14 une
3519 5087 88 23 période
3624 5088 28 19 de
3669 5089 108 18 l'histoire
3795 5089 94 19 relative

3361 5106 14 18 à
3389 5106 133 24 l'antiquité,
3536 5108 32 19 les
3581 5110 54 18 trois
3650 5112 83 17 autres,
3747 5115 28 14 en
3788 5112 100 22 partage,

3361 5127 20 18 le
3398 5128 71 19 même
3487 5134 65 14 cours
3569 5131 78 18 relatif
3662 5135 31 15 au
3710 5136 79 18 moyen
3806 5132 50 23 ftge,
3873 5132 17 19 4

3361 5149 107 19 l'histoire
3485 5151 38 18 des
3539 5152 73 22 temps
3627 5153 115 19 modernes
3758 5154 22 18 et
3796 5154 15 18 &
3827 5154 50 18 l'his-

3361 5170 54 19 toire
3430 5172 187 24 contemporaine.

3544 5216 168 35 AGORA

3489 5271 33 20 Un
3538 5271 50 21 film
3604 5274 159 23 remarquable
3785 5280 4 5 -

3458 5304 29 19 de
3507 5304 20 19 la
3545 5303 113 21 Sélection
3677 5307 25 18 C.
3720 5306 25 20 C.
3764 5306 25 20 B.

3391 5345 27 23 44
3434 5345 88 61 EVE
3549 5347 264 62 ETERNELLE
3827 5338 41 68 J

3393 5456 63 19 Olive
3474 5458 113 19 BORDER
3604 5461 23 17 et
3646 5459 70 23 Ralph
3734 5460 109 20 ORAVES

3565 5508 109 19 SELEOT

3391 5537 85 20 Ronald
3496 5538 91 19 Colman
3607 5539 56 19 dans
3683 5539 34 19 LE
3736 5539 110 19 FORBAN
3859 5537 3 26 |

3511 5569 97 20 Artiste*}
3622 5569 104 22 Associés
