4172 6003
179 11 4 4 *

1855 234 20 23 8
1934 234 43 22 La
1994 235 161 24 Dernière
2173 235 111 23 Heure
2341 232 21 23 8

486 351 94 34 rtn
594 350 46 34 LA
655 342 104 39 PÊCHE
774 347 74 35 AUX
863 348 184 36 OCCASIONS

600 406 118 34 utili-Mz
737 405 30 33 la
790 405 83 40 ligme
893 405 41 34 d*

487 471 201 42 PETITES
703 470 279 42 ANNONCES
1000 470 49 42 de

525 548 65 55 La
607 546 230 57 Dernière
851 546 159 56 Heure

1192 324 257 229 La
1520 324 909 229 Dernière
2500 320 625 229 Heure

1782 582 222 33 MERCREDI
2025 586 46 30 22
2092 582 243 35 NOVEMBRE
2357 583 87 30 1939

3218 331 75 21 WII
3294 332 59 21 III
3355 333 120 20 IIIIM
3479 334 17 19 I
3498 333 40 20 II
3540 334 17 19 I
3559 333 72 20 MM
3634 332 38 20 II
3675 332 18 20 I
3696 332 58 20 III
3756 333 38 19 II
3799 333 16 19 I
3819 333 36 20 II
4057 343 32 18 W
4088 344 17 23 j

3232 375 83 40 LE
3344 376 217 41 TEMPS
3589 375 127 42 EST
3747 367 324 56 PRÉCIEUX

3238 430 60 21 mais
3317 435 56 18 tous
3393 434 114 22 dépensez
3523 437 32 16 les
3576 436 85 17 aeuies
3681 436 57 17 sans
3764 434 112 22 compter,
3904 437 56 21 poui
3990 437 78 22 réuata

3239 462 46 17 une
3301 459 93 22 affaire.
3429 462 131 20 Consacrez
3577 462 68 23 donc,
3660 462 93 24 ctuugue
3770 462 59 23 Joua,
3845 463 110 24 quelques
3972 466 99 22 minutât

3238 487 16 21 A
3274 487 23 21 la
3319 488 88 22 lecture
3427 490 42 22 dee
3490 492 88 19 Petites
3592 492 125 19 Annonces
3729 490 31 21 de
3773 497 9 10 •
3797 491 32 20 La
3843 481 111 32 Dernière
3967 492 75 23 Heure
4054 503 16 14 ».

3240 516 62 22 Vous
3321 522 14 21 y
3356 521 119 19 trouverez
3494 521 175 20 certainement
3685 521 25 20 et
3727 519 53 24 plus
3795 521 101 19 souvent
3912 524 45 21 que
3971 525 56 19 tous
4043 528 29 18 m

3241 545 21 22 le
3282 549 88 22 croyez,
3393 548 121 20 l'occasion
3530 548 30 21 de
3576 548 60 21 faire
3653 552 47 17 une
3715 547 130 23 excellente
3860 547 93 23 affaire.

3954 577 47 17 (St.
4004 579 18 16 p.
4031 581 42 17 148?

326 785 19 27 :.

187 1834 3 6 .
202 1823 29 22 Je
243 1823 50 22 suis
305 1828 31 16 en
349 1822 65 22 train
427 1822 30 22 de
469 1827 39 17 me
521 1821 128 22 demander
662 1820 21 22 si
697 1820 25 26 je
741 1820 49 21 n'ai
810 1825 44 21 pas
873 1819 78 22 oublié
971 1820 30 21 de
1021 1820 102 25 prendre
1143 1820 23 21 le
1186 1819 49 22 foie

187 1868 6 17 I
207 1862 24 22 le
246 1863 122 20 boucher...
382 1867 6 5 *

762 1899 86 21 Dessin
858 1897 79 25 Inédit
951 1899 29 21 de
994 1899 90 22 Marcel
1097 1899 109 21 Antoine.

1785 1818 43 21 AU
1850 1818 61 21 ZOO

1347 1870 29 6 —
1390 1876 23 6 ...
1422 1859 40 22 Un
1478 1864 54 16 rare
1548 1858 99 22 veinard
1664 1858 40 25 qui
1721 1857 127 25 n'éprouve
1864 1862 93 16 aucune
1976 1857 120 22 difficulté
2114 1857 16 23 à
2149 1857 93 26 joindre
2260 1856 35 21 les
2315 1857 62 20 deux

1322 1899 69 21 bouts
1409 1899 7 21 !
2058 1898 86 21 Dessin
2159 1896 76 24 inédit
2251 1896 31 22 de
2296 1897 80 21 T'Sas.

1878 2074 27 31 •J
1920 2045 22 60 \1
1960 2068 70 37 A-\
2038 2053 42 51 V
2114 2077 50 28 V4

2179 1987 69 94 P

1898 2148 281 133 v**S

2179 2184 65 65 ^X

2253 2176 117 89 m^

1904 2230 271 143 *^*\ll

2183 2280 55 81 b

2252 2226 105 131 h

1884 2350 291 173 w!

2258 2378 42 39 s
2314 2408 6 6 .

1919 2521 16 20 N
1946 2505 18 49 ^
2014 2526 43 29 <v
2096 2504 82 65 -"S

2284 2512 94 38 IvV.

1913 2573 35 25 Va
2168 2574 10 20 /

2024 2678 215 21 REXDEZ-VOUS

1889 2727 21 5 —
1923 2717 60 20 Nom
1999 2717 70 20 d'une
2087 2717 54 25 pipe
2160 2717 7 20 ï
2187 2717 29 21 Et
2233 2723 92 15 comme
2342 2718 67 24 signe

1855 2743 29 20 de
1896 2743 197 20 reconnaissance
2105 2743 42 20 elle
2159 2748 15 16 a
2184 2743 96 25 indiqué
2292 2749 33 15 un
2337 2748 59 20 para-

1856 2769 63 22 pluie
1935 2768 75 21 fermé
2028 2769 6 20 !

1995 2801 86 21 Dessin
2094 2800 76 22 inédit
2184 2802 30 21 de
2229 2802 154 22 Blommaert.

2211 2924 35 20 La
2265 2924 73 25 Ligne

2179 2953 190 21 Internationale

2147 2984 54 18 Anti
2205 2984 134 19 vivisection
2344 2984 60 19 nistc-

2153 3013 79 22 plrure
2249 3012 24 20 la
2289 3014 64 19 mort
2368 3013 29 20 de

2153 3047 44 15 son
2212 3041 187 25 vice-président

2145 3074 31 19 M.
2184 3073 91 20 Martin
2283 3073 128 23 Blaubeen,

2152 3102 104 21 écrivain
2273 3103 26 19 et
2314 3102 70 20 confé-

2160 3134 92 20 rencier
2266 3132 126 25 distingué,

2141 3164 38 24 qui
2190 3163 101 20 maniait
2303 3163 61 20 dans
2374 3168 38 15 ses

2140 3197 143 20 campagnes
2300 3197 61 20 pour
2377 3192 34 20 les

2141 3222 120 23 animaux,
2289 3222 25 20 et
2354 3226 57 16 avec

2142 3257 46 16 une
2209 3251 78 21 même
2309 3251 102 23 aisance,

2142 3283 21 20 le
2185 3282 113 24 français,
2320 3282 22 20 le
2364 3281 34 20 fla-

2142 3312 79 22 mand,
2250 3311 109 24 l'anglais
2388 3311 24 20 et

2166 3341 142 21 l'allemand.
2318 3351 28 5 —
2354 3341 31 21 X.

2447 2083 42 27 Ne
2506 2084 160 26 croirait-on
2683 2094 50 21 pas
2750 2084 61 27 voir
2828 2094 53 17 une
2899 2094 48 23 gra-

2447 2126 68 17 vure
2548 2116 85 28 d'une
2666 2118 110 31 époque
2810 2118 114 28 révolue
2940 2117 15 27 ?

2447 2149 77 28 C'est
2557 2150 28 27 la
2617 2150 88 33 photo
2739 2151 84 28 d'une
2857 2152 101 26 actrice

2448 2183 166 27 américaine
2628 2185 126 26 fervente
2769 2186 36 26 de
2820 2185 27 27 la
2862 2185 95 32 harpe.

2819 2234 42 4 —
2877 2218 59 28 AT.

3041 2346 53 28 Par
3115 2346 70 28 suite
3208 2346 50 28 des
3280 2346 137 31 tempêtes
3437 2345 138 27 violentes
3597 2346 36 26 de
3649 2355 45 18 ces
3710 2345 122 28 derniers
3847 2345 85 31 jours,
3949 2354 37 17 un
4002 2345 99 26 certain

3041 2387 118 30 nombre
3179 2388 36 27 de
3235 2387 98 31 mines,
3354 2393 129 25 rompant
3503 2386 73 27 leurs
3605 2395 130 22 amarres,
3764 2395 30 19 se
3822 2391 64 22 sont
3914 2385 136 27 échouées
4077 2385 24 27 le

3041 2428 67 32 long
3128 2428 37 28 de
3186 2428 27 27 la
3233 2428 63 27 côte
3317 2427 91 33 belge,
3429 2429 37 26 où
3486 2426 136 34 plusieurs
3646 2432 49 22 ont
3717 2427 51 27 fait
3791 2426 154 32 explosion.
3971 2427 39 25 En
4032 2425 71 27 voici

3042 2479 54 17 une
3111 2478 46 17 sur
3172 2468 27 27 la
3214 2468 92 33 plage,
3322 2470 17 26 à
3354 2468 136 32 Ostende,
3505 2470 18 26 à
3538 2467 135 33 quelques
3687 2467 100 27 mètres
3801 2468 36 26 de
3851 2466 28 27 la
3893 2467 91 31 digue.
3999 2467 45 28 On
4056 2476 18 22 y
4086 2478 17 17 a

3042 2508 112 27 attaché
3171 2519 38 16 un
3228 2508 80 28 câble
3328 2509 59 27 afin
3405 2509 36 26 de
3460 2508 96 27 tâcher
3579 2508 35 28 de
3633 2507 143 33 l'éloigner
3794 2508 50 27 des
3862 2507 131 28 maisons.
4010 2520 41 5 —
4067 2506 34 28 X.

2455 3309 80 29 Robe
2568 3309 127 27 d'enfant
2728 3319 35 17 en
2796 3308 167 27 mousseline

2453 3342 120 28 blanche
2604 3345 18 26 à
2653 3342 142 27 fleurettes
2828 3351 76 18 roses
2935 3345 30 24 et

2595 3380 101 23 vertes.
2717 3391 42 5 —
2780 3375 60 28 AT.

2113 4222 63 27 LES
2200 4220 115 28 MAINS
2340 4219 116 27 D'UNE
2475 4219 251 29 DENTELLIERE

2101 4254 60 21 Coin
2173 4253 28 21 de
2214 4252 129 21 l'Amateur
2356 4258 19 17 »,
2387 4255 44 20 par
2448 4251 33 20 M.
2494 4251 26 20 P.
2533 4251 73 26 Dury,
2619 4251 142 25 Meereigen,
2776 4252 45 24 123,
2835 4251 123 22 Meixem.)

3050 4164 77 27 Dans
3157 4163 26 26 le
3213 4167 109 23 secteur
3351 4163 106 32 anglais
3487 4163 38 27 du
3554 4163 78 26 front
3658 4161 36 26 de
3721 4160 108 29 l'ouest,
3856 4169 37 17 en
3918 4160 115 29 France,
4061 4158 49 34 de}

3047 4197 128 33 Écossais
3196 4207 127 22 creusent
3342 4212 56 18 une
3419 4202 139 29 tranchée.
3582 4200 221 27 Contrairement
3820 4201 18 25 à
3857 4207 32 17 ce
3908 4198 87 31 qu'on
4013 4207 18 17 a
4049 4197 51 32 pré-

3050 4244 95 29 tendu,
3162 4243 40 26 les
3229 4243 127 27 Ecossais
3383 4247 49 23 ont
3458 4251 101 18 encore
3582 4240 58 27 leur
3667 4239 50 27 kilt
3744 4248 38 17 ou
3809 4238 86 31 petite
3921 4237 76 32 jupe.
4014 4250 44 6 —
4073 4236 36 28 X.

764 5771 52 27 LA
849 5769 124 29 FORCE
1005 5769 235 29 AMERICAINE

255 5807 179 28 Manoeuvres
458 5806 167 31 conjuguées
649 5804 130 29 d'avion*
798 5809 30 24 et
847 5804 36 29 de
903 5803 110 28 navires
1033 5804 36 28 de
1090 5812 96 23 guerre
1207 5803 70 28 dans
1298 5800 41 29 les
1358 5810 71 18 eaux
1448 5800 189 29 américaines.

1655 5813 42 6 —
1714 5799 33 28 C.

2442 5708 46 28 LE
2511 5707 292 29 CHEF-D'ŒUVRE
2827 5709 50 27 DE
2900 5709 51 27 LA
2974 5710 167 29 SEMAINE
3155 5711 56 28 AU
3226 5711 124 28 MUSEE
3365 5708 184 30 MODERNE

1933 5768 16 16 a
1968 5756 53 28 Les
2039 5754 129 29 Miracles
2186 5754 37 28 de
2240 5753 73 30 saint
2330 5755 101 28 Benoit
2445 5766 27 21 »,
2489 5755 27 29 le
2533 5754 113 30 tableau
2663 5755 38 28 de
2717 5754 114 29 Rubens
2849 5756 46 30 qui
2912 5765 62 19 sera
2995 5758 107 33 exposé
3118 5757 130 34 jusqu'au
3263 5757 138 29 vendredi
3416 5757 41 27 24
3473 5753 166 31 novembre,
3654 5764 36 18 au
3704 5753 98 29 Musée
3816 5753 84 29 d'Art
3914 5751 142 28 Moderne,

2868 5797 18 28 à
2904 5796 153 30 BruxeUes.
3075 5812 42 5 —
3133 5797 37 28 X.

2725 5989 3 3 ■
