3902 5623
1649 130 20 23 3
1710 130 41 22 La
1768 129 151 21 Dernière
1933 128 107 22 Heure
2080 125 20 23 3

34 212 37 75 A
104 200 87 75 LA
232 194 449 75 FEDERATION
724 194 101 75 Ul
836 194 225 73 ERALE

84 310 53 51 DE
156 302 463 53 L'ARRONDISSEMENT
640 304 61 49 DE
722 302 267 49 BRUXEUES

342 381 380 10 mmsm*m*n,*emmm^mmmm*m^m-t'mmt,mtm**m^^m*m^^m*

221 415 334 46 L'ASSEMBLÉE
577 415 268 46 GÉNÉRALE

49 526 135 50 L'USAGE
204 525 70 37 DES
294 524 176 39 LANGUES
491 526 28 37 A
541 517 153 45 L'ÉCOLE
717 538 14 9 -
754 523 53 38 UN
829 522 215 39 MANIFESTE

51 619 25 16 t*
89 608 124 26 Fédération
232 605 91 21 libérale
343 605 28 20 de
390 605 131 20 l'arrondis-

36 625 62 34 Jnent
113 636 25 20 de
155 631 113 22 Bruxelles
287 635 16 16 a
320 631 62 21 tenu,
401 629 121 21 dimanche

35 650 53 35 *5in
111 663 38 17 sen
172 655 123 22 assemblée
319 654 105 24 générale
443 655 75 19 statu-

37 675 102 33 KTaous
156 683 23 20 la
196 681 129 25 présidence
344 680 28 20 de
390 684 41 16 son
450 679 71 25 prési-

36 701 45 36 ÎJT
88 713 27 21 M-
126 710 100 20 Catteau.

52 742 33 20 EUe
94 743 13 15 a
119 734 33 22 été
166 730 205 27 particulièrement
382 730 139 20 nombreuse.

51 750 34 35 TÎf
97 763 83 19 bureau,
207 756 144 21 entouraient
378 756 32 19 M.
437 754 84 20 Robert

36 793 71 16 roseau
128 790 5 15 :
155 783 55 21 MM.
231 782 33 20 les
285 781 114 21 ministres
420 780 60 23 Cocq
498 780 24 19 et

36 800 92 35 gritteu;
157 808 72 22 Blum.
259 806 86 20 Marcel
374 805 28 20 H.
433 805 88 23 Jaspar,

36 827 69 34 {Ejrtx
122 834 79 22 Lucien
217 833 137 20 Cooremans
370 832 23 19 et
407 830 89 23 Higuet.

52 869 47 18 Dans
114 862 21 20 la
151 859 54 21 salle
223 862 24 18 se
265 856 128 21 trouvaient
409 855 28 21 de
455 858 66 17 nom-

36 877 208 33 h^rmandataires
263 883 25 19 et
306 879 165 27 personnalités
490 879 31 21 du

36 902 48 34 ST
89 910 77 24 libéral,
182 909 56 20 dont
254 908 57 19 MM.
327 907 61 21 Max.
402 904 119 23 Mettewie,

36 925 103 36 Esmans,
154 933 120 22 Defrenne,
290 933 81 22 Ansey,
384 929 138 23 Mundeleer,

37 951 96 37 SricharT
141 960 96 21 Démets,
249 959 44 20 etc.

116 999 32 20 LE
163 995 135 22 EAPPOET
313 994 105 20 MORAL

50 1034 19 15 u
83 1030 87 22 Catteau
183 1032 13 15 a
211 1027 78 20 ouvert
300 1026 23 20 la
336 1025 81 21 séance
431 1023 15 21 à
461 1024 24 20 10
498 1023 23 20 h.

38 1069 12 9 •
59 1058 64 21 dtinie.

52 1083 53 23 Après
119 1079 59 21 avoir
195 1077 80 20 excusé
292 1076 111 20 l'absence
420 1074 28 21 de
465 1074 56 20 MM.

38 1096 58 34 rvrfee
106 1107 21 20 et
140 1104 106 23 Hymans,
260 1102 92 20 retenus
366 1100 15 20 à
396 1099 125 24 l'étranger,

38 1139 10 18 D
56 1142 10 15 »
75 1129 64 25 donné
149 1129 82 20 lecture
245 1127 28 20 de
287 1131 41 15 son
340 1126 93 23 rapport
447 1129 39 16 sur
499 1125 22 19 la

38 1148 79 37 Jaiation
129 1153 81 22 morale
225 1153 24 20 et
262 1151 124 21 matérielle
400 1151 28 20 de
443 1150 23 20 la
479 1149 43 21 Fé-

50 1220 62 21 Cdle-ei,
127 1218 26 16 dit
169 1216 95 18 l'orateur,
281 1214 87 16 continue
386 1212 11 16 à
414 1212 108 17 s'accroître

39 1244 92 22 -effectifs.
140 1241 37 18 EUe
188 1245 12 12 »
212 1239 109 20 enregistré,
331 1242 24 13 en
369 1238 47 19 1931,
428 1241 36 13 une
477 1241 46 16 aug-

39 1272 74 21 ctfltttion
129 1268 22 16 de
169 1266 46 18 1.430
233 1265 97 17 membres,
345 1267 21 13 ce
383 1264 32 19 qui
434 1264 53 19 porte
506 1263 17 16 le

38 1284 58 33 Zsiat
106 1298 27 13 ses
145 1291 99 18 adhérents
257 1290 11 16 &
283 1290 63 17 13,785.

50 1325 18 17 K.
75 1321 74 18 c»tteau,
161 1321 23 12 en
198 1317 68 15 termes
280 1314 59 17 élevés
352 1315 19 15 et
382 1313 58 19 émus,
455 1317 12 13 a
480 1316 43 16 pro-

39 1353 30 14 êa£
67 1349 10 16 i
86 1345 55 18 l'éloge
151 1341 76 18 funèbre
239 1341 24 15 de
272 1340 47 17 UM.
331 1339 84 17 Maurice
426 1338 97 18 Vauthier,

39 1355 44 38 ^7c
94 1369 83 18 ministre;
192 1366 59 16 Henri
264 1365 42 16 Van
320 1364 111 19 BeUeghem,
446 1363 77 17 échevin

39 1402 21 17 ^
73 1397 78 18 finances
168 1392 23 16 de
212 1390 91 19 Vilvorde,
326 1390 20 16 ct
367 1389 106 17 Guillaume
496 1389 26 16 De

38 1426 57 18 UttJVi
104 1420 20 16 de
136 1416 128 18 Wolvcrthem.

51 1447 74 20 L'orateur
136 1447 11 13 a
161 1441 58 21 passé,
234 1441 79 18 ensuite,
327 1443 23 14 en
363 1442 56 14 revue
432 1438 91 18 l'activité

40 1478 19 15 ifS
69 1470 84 20 cinquante
167 1467 123 17 associations
304 1464 90 21 groupées
406 1468 35 16 par
455 1464 20 17 la
489 1464 25 16 Pé-

39 1499 64 20 tition.

52 1522 58 20 pwtoat
122 1520 30 16 des
165 1516 75 22 progrès
254 1516 39 17 très
307 1515 89 17 sensibles
407 1516 20 15 et
440 1514 40 17 fort
493 1514 29 17 ré-

39 1546 87 23 portants
138 1543 73 17 doivent
223 1542 39 16 être
275 1540 87 20 signalés.

52 1575 17 17 jt
78 1572 68 17 Catteau
157 1568 68 17 félicite
238 1567 23 17 de
274 1570 20 13 ce
307 1566 64 17 succès
383 1565 19 17 la
412 1565 112 17 Fédération

40 1601 20 17 te
71 1598 55 17 Jeunes
141 1593 76 18 Gardes,
232 1592 27 17 les
277 1592 81 16 sections
373 1590 107 20 féminines,
497 1590 27 17 les

39 1623 54 22 éépotés
101 1622 17 16 et
129 1619 94 18 sénateurs
237 1617 90 17 libéraux,

52 1650 11 18 D
70 1653 10 12 a
87 1646 51 18 rendu
148 1647 25 13 un
182 1643 98 18 hommage
292 1641 109 21 particulier
411 1640 12 17 à
434 1640 91 18 l'activité

40 1677 14 16 it
64 1674 20 17 IL
95 1670 93 24 Petitjean,
205 1668 86 16 ministre
308 1667 33 17 des
356 1667 86 16 Sciences
455 1666 21 17 et
492 1666 33 16 des

39 1700 34 20 AA

52 1726 18 17 jt
80 1722 68 18 Catteau
163 1723 11 13 a
187 1718 58 17 rendu
259 1718 74 19 compte
348 1717 73 17 ensuite
436 1716 33 17 -les
484 1716 31 17 tra-

40 1753 32 14 ma
83 1748 20 16 du
115 1744 63 18 comité
193 1744 92 16 directeur
299 1744 19 15 et
333 1743 33 16 dea
378 1741 102 17 excellents
495 1741 30 17 ré-

40 1775 47 19 p}Uts
94 1772 70 17 obtenus
174 1773 34 16 par
219 1768 143 19 l'organisation
372 1766 89 18 fédérale.

52 1799 74 18 L'orateur
139 1799 11 13 a
164 1794 51 17 salué
228 1794 45 16 MM.
285 1793 48 17 Paul
346 1793 72 17 Braun,
432 1791 93 21 vlce-pré-

41 1825 45 19 gcjt,
96 1823 18 16 et
122 1820 66 18 Marcel
202 1820 23 16 H.
238 1819 75 19 Jaspar,
327 1817 101 18 secrétaire
443 1817 81 20 général,

41 1847 29 21 ^ot
80 1849 22 16 les
113 1846 88 17 mandats,
216 1848 58 13 venus
289 1843 12 17 k
316 1843 113 20 expiration,
443 1846 24 13 ne
482 1843 43 16 sont

41 1879 21 13 mi
70 1870 122 20 renouvelables
205 1873 37 13 aux
256 1870 68 15 termes
337 1868 33 16 des
384 1868 78 17 statuts.

52 1900 12 17 q
73 1899 22 16 les
106 1901 10 13 a
127 1895 93 18 remerciés
236 1895 42 16 tous
290 1894 48 16 deux
353 1893 22 17 de
390 1893 41 16 leur
445 1892 71 17 dévoue-

41 1926 33 18 nt
90 1926 20 14 en
127 1920 134 18 caractérisant
281 1920 26 16 M.
329 1919 65 16 Braun
414 1921 72 13 comme
508 1918 17 16 le

43 1953 52 18 p.-c!fn
108 1947 28 17 des
150 1946 100 16 traditions
264 1946 18 15 et
299 1944 24 17 de
339 1944 19 16 la
374 1943 76 19 loyauté
467 1944 19 15 et
502 1946 24 13 en

42 1976 61 16 mirant
114 1975 28 15 sur
155 1971 18 17 la
186 1971 109 16 distinction
310 1970 20 16 et
344 1968 132 19 l'intelligence
490 1971 35 16 que

42 1988 16 26 E
66 2000 54 18 Jsspar
133 1997 74 19 apporte
222 1995 11 16 k
248 1996 43 15 tous
304 1998 30 13 ses
348 1995 87 15 travaux.

53 2026 18 16 X.
80 2024 68 17 Catteau
158 2025 12 13 a
182 2020 79 17 terminé
274 2024 24 13 en
311 2020 65 16 disant
388 2022 36 16 que
437 2019 19 16 la
468 2018 57 17 Fédé-

43 2054 40 12 -uon
90 2048 46 17 allait
146 2047 44 16 aller
200 2046 12 16 à
223 2046 19 16 la
251 2045 77 16 bataille
338 2044 106 19 électorale,
455 2044 32 19 qui
498 2044 29 16 est

43 2074 75 17 ncàalne.
130 2075 41 13 avec
185 2071 18 17 la
215 2071 42 19 plus
270 2070 71 17 entière
354 2070 105 16 confiance.

54 2100 23 17 Lei
90 2098 78 17 élections
184 2095 125 17 communales
324 2095 23 17 de
366 2095 41 16 1932
426 2095 100 15 accentue-

43 2128 27 14 nu
80 2124 14 17 le
106 2122 57 18 succès
177 2121 65 17 libéral
256 2121 24 17 de
295 2121 48 16 19».

56 2162 23 20 H.
86 2160 77 24 Higuet,
175 2158 110 23 trésorier,
299 2162 15 16 a
327 2158 44 20 fait
383 2157 89 21 ensuite
483 2161 43 20 ap-

43 2190 65 21 jreorer
120 2189 38 15 son
170 2184 93 24 rapport
278 2187 39 16 sur
332 2183 23 19 la
371 2182 111 20 situation
494 2182 31 20 fi-

43 2210 80 23 fitocière.

42 2251 4 4 .
58 2236 20 20 M.
86 2236 100 18 Rousseau
197 2238 14 15 a
222 2232 93 24 marqué
324 2236 42 17 son
375 2231 150 25 approbation

43 2261 17 20 de
67 2259 108 21 l'intention
190 2258 31 20 du
237 2258 177 23 gouvernement
430 2257 27 20 de
472 2260 42 20 pro-

44 2289 42 20 poser
96 2284 18 20 la
125 2282 113 21 réduction
253 2282 27 20 de
294 2281 141 21 l'indemnité
450 2281 75 24 parle-

44 2308 83 23 notaire.

185 2331 160 21 ELECTIONS

59 2365 67 21 L'ordre
143 2364 30 21 du
191 2364 51 23 Jour
258 2362 87 25 appelle
365 2362 111 21 l'élection
495 2362 31 20 du

45 2390 86 26 président

60 2421 21 20 M.
91 2420 56 21 Blnm
159 2424 94 20 propose
265 2419 14 21 à
294 2418 137 22 l'assemblée
447 2418 28 22 de
489 2423 37 16 re-

47 2446 71 22 Mnveler
131 2450 39 16 son
181 2445 96 20 mandat
293 2444 14 21 à
323 2445 31 19 M.
370 2444 85 20 Robert
470 2444 44 20 Cat-

47 2472 36 20 ien.

61 2501 117 22 L'assemblée
192 2506 113 20 approuve
321 2501 60 20 cette
398 2500 129 24 suggestion

48 2532 24 20 pr
80 2528 30 20 des
122 2527 213 25 applaudissements
349 2525 125 26 prolongés.

62 2557 20 21 M.
90 2559 84 19 Catteau
190 2558 91 23 accepte
297 2557 29 21 de
341 2557 118 20 demeurer
474 2556 15 21 à
504 2557 23 20 la

50 2583 88 20 téidence
149 2584 27 20 de
187 2584 23 20 la
220 2583 142 22 Fédération,
373 2587 29 16 en
412 2583 76 19 raison
499 2582 28 20 de

51 2602 50 30 hçpoi
114 2608 49 25 qu'il
179 2609 35 20 est
234 2608 87 20 certain
341 2612 42 20 que
403 2607 22 20 le
445 2607 82 20 comité

52 2627 90 27 csûnucra
154 2633 14 20 à
180 2634 32 20 lui
225 2637 112 20 marquer.

65 2664 26 22 Pir
99 2664 159 23 acclamations,
274 2665 31 20 M.
320 2664 67 20 Blum
403 2665 35 19 est
451 2663 77 21 main-

54 2690 28 20 tai
88 2690 46 20 dans
144 2694 26 16 sa
180 2690 84 23 charge
275 2690 28 20 de
312 2688 182 26 vice-président,
505 2690 23 19 et

55 2714 64 21 ÏLéon
131 2715 114 21 Cantillon
259 2715 36 20 est
309 2714 37 22 élu
359 2719 30 16 en
403 2714 118 24 remplace-

56 2740 32 20 ont
98 2740 22 20 de
137 2740 31 20 M.
187 2741 25 19 P.
230 2740 84 23 Braun,
333 2739 90 21 sortant
440 2740 24 20 et
480 2743 47 17 non

58 2756 70 39 pjgUe.

72 2795 30 21 Pwr
110 2796 31 20 les
154 2796 58 21 deux
227 2797 75 24 places
317 2796 28 21 de
358 2795 126 24 secrétaire,
499 2796 28 20 de

61 2818 28 22 Ul
97 2820 75 21 Lucien
196 2822 143 22 Cooremans,
362 2820 119 25 rééllgible,
504 2821 24 21 et

58 2844 42 22 Kud
112 2846 27 19 H.
154 2846 87 25 Jaspar,
256 2851 47 16 non
318 2845 118 25 rééliglble,
452 2846 17 22 il
483 2850 26 20 y.
513 2851 15 15 a

56 2868 26 21 Wi
90 2871 113 20 candidats
229 2876 6 15 :
256 2872 57 20 MM.
334 2872 143 22 Cooremans,
499 2871 28 20 de

54 2891 63 27 I«sleye
133 2897 24 19 et
170 2896 94 20 Charles
280 2896 115 20 Janssens.

64 2924 17 21 h
93 2927 76 19 raison
189 2926 27 20 de
237 2926 59 20 cette
317 2926 160 23 circonstance,
496 2931 33 16 un

52 2948 69 24 Jflsera
131 2951 102 22 organisé
244 2951 57 20 dans
310 2951 33 21 les
352 2951 153 20 associations.

62 2973 78 22 iLéon
152 2976 114 19 Cantillon
278 2976 106 20 remercie
394 2976 136 20 l'assemblée

51 2997 13 22 il
72 3000 15 19 la
106 3000 118 21 confiance
244 3000 38 24 qui
298 3000 64 21 vient
381 3001 28 20 de
430 3001 33 20 lui
483 3000 48 21 être

51 3037 24 6 -—
76 3025 30 20 -é0.

67 3061 26 21 LA
104 3062 199 21 PROPOSITION
313 3062 180 21 MUNDELEER

59 3090 20 21 IL
94 3092 93 22 Catteau
207 3093 103 21 examine
328 3094 94 22 ensuite,
441 3094 91 24 rapide-

47 3118 41 22 ttnt,
97 3119 21 20 ia
126 3118 111 21 situation
248 3119 107 24 politique
367 3120 23 19 et
402 3119 20 20 le
433 3118 47 22 rôle
490 3123 42 20 que

47 3140 11 20 k
62 3143 44 23 parti
116 3143 78 22 libéral
204 3144 48 21 doit
264 3148 15 20 y
287 3144 72 24 jouer.

60 3172 13 20 H
82 3174 92 21 setonne
192 3179 43 20 que
255 3175 24 20 la
296 3175 139 24 proposition
454 3175 29 20 de
501 3176 30 19 M

47 3195 96 24 M-ndeleer
157 3200 57 20 n'ait
227 3203 43 22 pas
285 3204 29 16 eu
327 3199 126 21 l'adhésion
467 3200 27 20 de
509 3201 23 20 la

46 3223 57 21 Bûche
113 3224 94 21 libérale.

60 3252 129 27 L'assemblée,
208 3260 43 19 par
269 3256 28 21 de
317 3256 65 24 longs
401 3256 131 24 applaudis-

47 3279 72 23 fcnents,
141 3281 98 24 exprime
265 3286 27 15 sa
318 3280 161 22 communauté
504 3282 29 20 de

47 3303 53 21 Jewée
112 3309 49 16 avec
174 3310 42 16 son
230 3305 123 25 président.

61 3327 22 20 M.
94 3328 58 23 Blnm
176 3332 100 22 proteste
305 3332 79 19 contre
412 3331 23 21 la
464 3332 68 24 façon

48 3350 44 25 figir
102 3355 23 21 de
137 3356 97 20 certains
246 3357 156 20 mandataires
415 3358 38 23 qui
465 3361 55 16 mon-

48 3378 38 20 tai
95 3383 27 17 un
129 3385 95 21 manque
236 3381 28 21 de
277 3382 121 20 confiance
408 3386 45 16 aux
465 3387 67 21 orga-

48 3405 56 20 osnfis
112 3405 29 21 du
153 3407 59 23 parti
224 3411 30 16 en
266 3407 163 20 manœuvrant
441 3408 59 20 dans
508 3407 24 21 la

49 3426 67 36 Jclisse.
127 3431 19 19 ii
156 3431 105 24 proteste,
274 3432 59 21 dans
345 3436 25 17 oe
383 3437 59 17 sens,
454 3434 78 19 contre

49 3453 14 17 ■
72 3452 93 25 tentative
180 3456 27 21 de
226 3456 63 21 créer
307 3462 33 19 up
356 3459 176 22 gouvernement

50 3477 80 24 Swtite
146 3481 23 20 et
183 3482 100 22 certains
300 3483 64 21 actes
382 3483 39 24 qui
440 3484 92 20 avaient

50 3506 35 17 wr
96 3503 35 23 but
148 3506 145 22 d'amoindrir
309 3508 42 20 des
368 3508 116 21 ministres
502 3513 29 16 en

51 3528 70 21 notice.

52 3550 32 31 __\*
95 3556 40 19 sort
149 3556 72 22 donné
237 3557 15 21 à
265 3558 25 20 la
305 3558 140 24 proposition
461 3559 70 21 Mun-

52 3579 137 33 Jwr-Fischer
200 3588 14 15 a
225 3583 91 23 produit
328 3588 45 16 une
386 3583 89 25 pénible
486 3585 45 20 im-

55 3605 63 28 fssi-n
134 3610 28 16 en
182 3608 75 20 raison
279 3608 28 20 de
326 3608 24 20 la
370 3609 111 21 situation
503 3610 28 20 de

55 3627 139 32 paiement
210 3633 74 24 public
296 3633 87 21 .inondé
399 3634 29 22 de
440 3634 90 22 créatu-

56 3651 15 18 *
78 3651 101 25 cléricales.

65 3674 60 25 L'idéal
145 3685 102 19 commun
269 3688 31 16 en
319 3683 95 22 matière
436 3685 95 21 scolaire

53 3703 60 32 5j*ut
121 3704 42 22 être
171 3706 77 22 réalisé
258 3713 43 19 que
311 3713 43 20 par
364 3714 32 16 un
407 3714 112 19 gouverne-

53 3724 38 37 nt
103 3728 197 26 libéral-socialiste.

54 3751 100 35 ^orateur
163 3759 96 22 proteste
270 3759 79 21 contre
359 3759 24 21 la
392 3760 88 24 gestion
492 3761 39 20 des

53 3777 75 34 ?™jux
139 3782 36 21 qui
188 3787 24 15 se
227 3785 52 19 sont
294 3784 95 21 succédé
404 3790 30 16 au
449 3786 81 20 minis-

54 3798 27 20 *«
89 3801 30 22 des
130 3805 111 23 Finances.

67 3825 13 18 fl
89 3830 18 17 se
116 3828 79 25 déclare
209 3833 80 21 hostile
303 3834 15 21 à
331 3835 25 21 la
367 3834 118 23 réduction
499 3837 31 20 du

54 3854 92 33 Jouent
162 3856 38 21 des
216 3858 185 23 fonctionnaires.
418 3862 20 20 H
455 3862 75 20 craint

55 3879 57 33 J"*s
123 3879 117 24 économies
256 3884 143 24 budgétaires
414 3887 38 23 qui
468 3887 62 20 s'im-

56 3903 49 35 g"gt
113 3906 25 17 ne
149 3906 70 21 soient
230 3908 68 22 faites
311 3915 29 15 au
354 3911 124 21 détriment
491 3913 39 20 des

56 3927 166 37 ^«officielles.
237 3933 24 21 Si
278 3935 40 20 des
333 3935 128 23 économies
477 3939 53 19 sont

57 3970 21 18 «t
87 3972 23 16 w
121 3957 11 16 e
126 3978 9 10 ^
132 3958 15 16 n
160 3957 66 20 matiè
226 3963 25 15 re
263 3959 197 28 d'enseignement,
476 3963 54 20 c'est

57 3979 53 32 gw
126 3979 94 23 énormes
237 3984 101 22 subsides
356 3987 39 24 qui
413 3988 57 21 vont
485 3993 45 16 aux

57 4003 43 34 £*s
108 4004 183 26 confessionnelles
304 4011 52 23 qu'U
368 4012 53 21 faut
432 4013 33 20 les
478 4013 52 24 pré-

75 4031 14 10 w
91 4036 5 6 -
109 4031 71 22 »u>ngs
192 4033 232 25 applaudissements).

140 4065 46 23 LES
198 4069 131 24 LANGUES
341 4073 77 21 DANS

147 4096 245 28 RENSEIGNEMENT

43 4132 2 20 :
57 4120 126 42 Cnw?-
188 4129 39 20 016
228 4131 53 32 ^
296 4137 14 15 a
328 4133 44 20 falt
388 4135 75 20 ensuit
462 4140 14 16 «
496 4140 31 16 «n

58 4149 89 35 SsSÏ#4
155 4152 43 20 très
217 4154 55 22 clair
290 4157 24 20 et
331 4157 78 21 écouté
430 4163 54 18 avec
504 4160 24 22 la

58 4173 28 34 £"
91 4173 67 21 grande
167 4178 108 22 attention
285 4181 39 21 des
335 4182 134 21 différentes
477 4183 46 21 éta-

59 4197 21 16 »
88 4197 167 28 J^-lemeAtaires
273 4204 28 21 de
320 4205 7 4 "

155 4228 27 16 en
208 4227 93 21 matière
330 4230 197 24 d'enseignement.

564 606 26 16 La
603 604 112 17 Fédération
726 603 83 17 Libérale
822 603 23 17 de
855 603 12 17 l'
869 603 159 17 arrondissement
1041 604 23 17 de

544 630 102 19 Bruxelles,

564 655 71 16 Réunie
649 658 24 13 en
690 655 101 16 assemblée
808 653 87 20 générale
911 654 26 16 du
953 654 22 17 34
989 654 75 18 février.

565 680 52 16 Revu
630 682 35 14 son
680 679 56 16 ordre
750 679 26 16 du
790 679 44 19 Jour
849 679 26 16 du
891 679 31 16 ler
938 679 69 17 férrler
1023 680 41 16 1931

544 705 104 16 réclamant
659 707 47 17 pour
719 704 174 17 l'arrondissement
905 704 24 17 de
942 704 95 17 Bruxelles
1048 704 17 17 le

543 730 47 17 libre
603 730 55 16 choix
672 733 34 16 par
719 729 18 17 le
750 729 44 17 chef
805 730 23 16 de
842 729 71 17 famille
927 729 24 17 de
965 729 18 17 la
997 730 67 19 langue

544 759 23 13 en
581 755 78 20 laquelle
672 758 30 13 ses
715 754 78 17 enfants
806 756 98 15 recevront
915 755 40 17 leur
969 755 86 19 enseigne-

544 781 51 16 ment
609 780 89 20 primaire
713 782 19 15 et
743 783 75 16 moyen;

564 813 125 17 Considérant
702 816 35 16 que
750 812 28 18 les
790 812 49 17 deux
852 812 72 20 projets
936 812 129 19 linguistiques

544 838 88 17 scolaires
645 837 52 17 votés
713 841 34 16 par
762 838 17 16 le
794 838 60 16 Sénat
868 838 34 16 ont
915 837 62 17 réduit
992 837 12 16 à
1020 836 46 17 l'ex-

543 863 59 17 trôme
613 863 61 17 limite
684 862 113 17 admtssable
809 863 27 16 les
848 863 60 16 droits
921 862 111 17 individuels
1044 862 19 16 et

544 889 19 17 la
578 889 66 16 liberté
659 889 126 19 linguistique;
802 893 35 15 que
852 892 20 14 ce
888 889 30 16 fut
932 889 13 16 à.
956 889 51 19 Juste
1021 889 45 16 titre

544 918 35 16 que
595 918 31 13 ses
642 915 130 16 mandataires
788 918 25 12 au
827 914 59 17 Sénat
903 914 105 17 refusèrent
1025 915 40 15 leur

544 940 91 16 adhésion
660 943 24 13 au
705 941 21 15 3e
751 940 68 19 projet,
844 939 75 17 celui-ci
943 939 122 19 n'apportant

544 966 68 18 qu'une
628 966 88 18 garantie
735 966 104 15 nettement
859 964 123 17 Insuffisante
1001 966 65 14 contre

544 990 26 17 les
585 991 104 18 avantages
703 992 85 15 énormes
803 994 36 15 que
853 990 152 19 l'enseignement
1019 989 46 16 libre

545 1016 58 16 tirera
614 1016 160 16 immédiatement
785 1016 23 16 de
820 1019 22 13 sa
855 1015 61 20 pleine
928 1015 66 16 liberté
1006 1015 50 16 vis-a-

544 1042 28 15 vis
584 1041 46 16 d'un
641 1041 69 19 régime
722 1041 23 16 de
757 1043 107 17 rigoureuse
877 1041 106 16 contrainte
996 1040 70 19 Imposé

545 1066 11 16 à
569 1066 154 19 l'enseignement
736 1066 79 18 officiel;

565 1097 132 20 Considérant,
710 1098 56 16 d'une
780 1098 49 19 part,
842 1101 36 16 que
889 1097 18 17 le
918 1097 62 19 projet
993 1096 73 17 élaboré

545 1127 35 17 par
601 1123 21 17 la
642 1124 77 16 Section
740 1123 84 16 centrale
843 1123 23 16 de
888 1123 19 16 la
929 1122 92 17 Chambre
1043 1125 23 13 ne

545 1149 74 16 réserve
642 1148 42 20 plus
707 1152 38 13 aux
767 1149 78 15 entants
867 1148 127 19 d'expression
1013 1147 44 17 fran-

546 1175 50 18 çaise
613 1174 49 17 dans
676 1174 18 17 le
709 1174 48 16 nord
774 1174 25 16 dn
817 1177 46 16 pays
879 1176 36 16 que
931 1173 11 16 4
959 1173 68 16 heures
1044 1174 23 14 ac

545 1203 55 13 cours
612 1203 32 13 sur
658 1200 21 16 30
691 1203 25 13 en
730 1199 39 16 leur
780 1199 69 19 langue
862 1198 116 18 maternelle,
992 1201 24 13 au
1030 1197 37 17 lieu

546 1225 25 16 du
585 1225 46 16 tiers
646 1224 57 20 prévu
717 1225 20 16 et
750 1224 96 16 d'ailleurs
860 1224 98 16 maintenu
972 1226 35 16 par
1020 1222 37 17 l'en-

546 1250 115 19 seignement
672 1249 145 17 confessionnel:
829 1249 56 19 qu'au
898 1249 37 16 Ueu
947 1248 24 17 de
982 1248 83 17 stlmulei

546 1277 19 15 et
580 1278 114 15 encourager
707 1276 42 15 tous
765 1274 27 17 les
807 1274 65 19 Belges
887 1273 12 17 à
912 1273 155 20 l'apprentissage

546 1300 22 16 de
582 1300 20 17 la
614 1300 80 16 seconde
707 1300 68 17 langue
788 1299 104 18 nationale,
906 1303 21 12 ce
941 1299 62 19 projet
1017 1299 47 16 n'as*

546 1329 43 12 sure
605 1325 59 16 même
680 1328 34 16 pas
729 1328 37 13 aux
779 1325 78 18 parents
870 1324 23 16 de
907 1324 21 15 25
943 1324 78 16 enfants
1036 1326 31 17 qui

546 1350 19 17 la
580 1350 108 19 réclament,
701 1350 123 16 l'Institution
839 1349 22 17 de
876 1352 21 14 ce
911 1352 62 13 cours:

567 1382 40 18 Que
621 1384 47 17 pour
681 1380 175 17 l'arrondissement
870 1380 23 17 de
907 1380 96 17 Bruxelles
1017 1380 20 17 ct
1048 1380 18 17 le

546 1406 92 17 frontière
650 1406 121 19 linguistique
782 1408 7 14 :

567 1438 17 16 Il
597 1437 68 19 exclut,
679 1441 24 13 en
717 1437 43 19 fait,
775 1437 23 17 de
809 1440 22 14 ce
844 1436 70 20 régime
928 1437 74 19 spécial,
1017 1442 9 10 «
1040 1438 28 15 les

546 1466 108 13 cemmunes
670 1462 92 19 bilingues
776 1462 32 20 qui
824 1463 126 16 environnent
965 1468 8 9 ■
991 1462 67 19 l'agglo-

547 1488 93 16 mération
655 1487 118 19 bruxelloise;

567 1518 69 18 Enlève
653 1518 12 17 k
680 1518 20 17 la
717 1518 118 17 déclaration
853 1518 25 17 du
896 1518 44 20 père
956 1518 24 17 de
997 1518 71 17 famille

547 1547 34 13 son
593 1544 97 17 caractère
706 1547 24 13 en
743 1544 86 17 donnant
844 1543 19 17 la
878 1543 151 22 prépondérance
1044 1547 24 13 au

547 1569 39 17 seul
600 1569 40 17 avis
653 1569 25 16 du
692 1569 44 17 chef
749 1569 24 17 de
785 1569 70 17 l'école;

568 1600 98 20 Supprime
679 1600 27 17 les
722 1605 10 11 «
748 1600 147 20 tempéraments
910 1605 10 10 »
936 1603 34 17 que
983 1600 20 16 la
1018 1600 26 16 loi
1057 1605 11 11 a

548 1625 85 19 toujours
644 1625 61 17 admis
716 1625 12 16 k
739 1625 19 17 la
768 1625 76 19 rigueur
853 1625 24 17 de
888 1629 29 13 ses
929 1628 77 17 propres
1017 1628 42 16 pres-

547 1650 92 20 criptions
655 1650 12 17 k
682 1651 65 16 raison
760 1651 32 16 des
809 1651 138 16 circonstances
961 1650 22 17 dc
1000 1650 37 16 falt
1052 1652 16 15 si

547 1676 105 20 complexes
664 1675 12 17 k
689 1675 103 18 Bruxelles;

569 1707 81 16 Interdit
668 1707 18 17 le
705 1711 78 15 passage
801 1707 45 16 d'un
863 1706 69 20 régime
948 1706 120 20 linguistique

548 1733 49 16 suivi
612 1736 25 12 au
649 1732 56 19 degré
720 1733 89 19 primaire
824 1736 12 12 a
851 1735 26 13 un
891 1733 54 15 autre
960 1731 70 20 régime
1044 1735 24 13 au

550 1757 56 19 degré
630 1760 68 16 moyen
723 1761 45 12 cans
788 1757 51 16 tenir
864 1760 61 13 aucun
949 1757 74 19 compte
1045 1758 23 15 de

548 1783 84 17 l'intérêt
649 1782 96 20 supérieur
761 1786 36 16 que
813 1783 82 16 certains
912 1781 60 17 élèves
988 1783 81 18 peuvent

549 1808 52 16 avoir
616 1812 12 12 a
642 1811 21 14 ce
677 1807 131 20 changement:

569 1839 132 19 Considérant,
723 1839 75 17 d'autre
821 1839 50 19 part,
890 1838 87 20 qu'après
1000 1838 59 20 l'expé-

549 1863 62 18 rience
623 1864 48 17 faite
683 1867 24 13 au
719 1863 64 19 Sénat,
797 1864 13 16 11
822 1864 58 16 serait
892 1863 129 17 Inadmissible
1033 1867 35 16 que

548 1894 35 13 nos
601 1891 129 16 mandataires
746 1890 89 18 libéraux,
854 1890 96 16 ministres
968 1893 25 13 ou
1011 1890 49 19 dépu-

549 1916 35 18 tés,
596 1916 111 17 consentent
721 1915 12 16 k
747 1919 27 13 un
785 1915 69 19 régime
868 1915 23 16 de
904 1914 114 20 quelconque
1030 1918 30 13 res-

549 1942 77 16 triction
642 1941 23 17 do
680 1940 20 17 la
715 1940 66 17 liberté
796 1940 122 19 linguistique
933 1943 47 16 pour
995 1939 65 17 l'ensei-

549 1967 88 18 gnement
652 1965 78 19 officiel,
745 1969 46 13 sans
806 1966 53 16 avoir
871 1965 199 17 PREALABLEMENT

549 1991 85 16 examiné
649 1990 110 17 l'efficacité
772 1991 25 16 du
812 1990 95 18 troisième
923 1990 62 20 projet
997 1990 73 17 destiné

549 2016 12 16 à
576 2020 75 13 assurer
665 2015 106 21 l'Intégrale
785 2016 116 20 application
916 2015 25 17 du
955 2015 60 17 même
1029 2018 32 14 sta-

549 2042 30 16 tut
596 2041 121 20 linguistique
734 2041 49 17 dana
799 2041 154 19 l'enseignement
967 2041 54 16 libre;

570 2066 125 17 Considérant
715 2070 36 15 que
770 2066 19 17 lo
806 2066 112 17 libéralisme
940 2070 11 12 a
972 2066 17 17 le
1007 2066 64 18 devoir

549 2091 102 20 l&ipérleux
666 2092 95 16 d'assurer
775 2091 18 17 le
807 2091 51 19 plein
870 2091 165 21 épanouissement
1047 2092 24 16 de

549 2116 64 17 IV.cole
626 2116 86 20 publique
726 2117 20 16 et
758 2117 23 16 de
792 2117 95 19 s'opposer
900 2120 37 13 aux
951 2117 120 19 conceptions

549 2141 131 20 linguistiques
696 2143 84 18 pouvant
794 2142 82 17 affecter
891 2146 23 13 sa
929 2142 141 19 fréquentation

549 2167 19 16 et
579 2170 34 13 son
626 2166 159 20 développement;

570 2192 62 16 Invite
648 2195 31 14 se»
693 2192 131 17 mandataires
837 2192 12 16 à
864 2192 21 17 la
901 2192 99 19 Chambre,
1016 2193 55 16 d'une

550 2217 49 18 part,
615 2216 13 16 à
642 2220 98 16 repousser
753 2217 43 17 tous
811 2217 72 20 projets
897 2217 90 18 scolaires
1001 2218 32 19 qui
1047 2221 25 14 ne

550 2241 115 17 tiendraient
680 2245 35 16 pas
729 2243 73 18 compte
818 2243 25 15 du
858 2243 51 16 droit
921 2243 23 16 de
959 2243 42 16 tout
1016 2243 55 20 Belge

549 2266 24 17 de
590 2267 83 16 recevoir
688 2266 155 20 l'enseignement
860 2271 24 13 en
903 2271 23 13 sa
944 2267 69 20 langue
1030 2272 32 13 ma-

549 2291 79 17 ternelle
651 2292 20 17 et
694 2292 95 17 d'obtenir
809 2292 34 17 des
866 2296 56 14 cours
946 2293 23 17 de
993 2294 79 16 seconde

549 2319 68 16 tangue
632 2317 98 17 nationale
743 2316 34 18 dès
792 2321 36 16 que
843 2318 20 16 la
877 2318 93 17 demande
987 2320 29 15 est
1032 2319 30 16 for-

549 2341 61 17 mulée
631 2345 35 16 par
687 2345 26 13 un
734 2342 78 18 nombre
829 2343 93 16 suffisant
943 2343 126 18 d'Intéressés:

549 2366 75 17 d'autre
637 2367 50 19 part,
700 2367 12 16 k
726 2371 75 13 assurer
813 2371 37 13 une
863 2368 67 17 liberté
943 2369 103 17 suffisante
1060 2370 12 16 k

549 2391 153 19 l'enseignement
719 2392 73 17 officiel
809 2396 48 17 pour
873 2393 28 17 lul
919 2395 109 18 permettre,
1042 2395 30 16 s'il

549 2416 18 16 le
585 2416 51 19 faut,
655 2417 24 16 dc
695 2417 113 19 s'organiser
827 2421 72 14 comme
918 2418 154 20 l'enseignement

549 2440 144 21 confessionnel,
713 2442 60 20 lequel
793 2446 21 14 se
833 2443 75 18 réserve
927 2444 20 16 la
963 2444 67 17 liberté
1049 2446 23 16 de

549 2466 98 17 satisfaire
659 2470 37 13 aux
709 2467 61 17 désirs
780 2467 48 17 réels
841 2469 23 16 de
876 2468 20 18 la
908 2469 110 20 population
1031 2474 32 13 sco-

549 2491 47 17 laire
609 2495 24 13 en
646 2492 79 18 matière
736 2492 127 21 linguistique.

575 2536 11 12 «
601 2529 30 21 IL
644 2530 78 21 FAUT
735 2530 95 21 POSER
843 2532 37 19 LA
895 2532 149 23 QUESTION

709 2561 38 21 DE
762 2561 128 22 CABINET
904 2570 11 12 •

574 2590 32 20 M.
619 2590 120 24 Loumaye.
753 2601 27 6 —
794 2592 62 21 Nous
872 2597 29 16 ne
916 2593 85 21 devons
1028 2599 42 19 pas

549 2619 58 18 nous
636 2617 120 19 contenter
772 2616 29 21 de
819 2618 64 20 voter
900 2622 26 16 ce
941 2618 130 23 manifeste,

549 2643 57 16 nous
623 2639 85 21 devons
725 2640 59 21 faire
802 2645 67 20 poser
887 2640 15 21 à
921 2646 26 16 ce
962 2643 68 22 sujet,
1047 2643 23 20 la

549 2664 104 23 question
666 2664 29 20 de
709 2665 98 22 cabinet,
821 2670 43 19 par
877 2666 33 20 les
922 2667 56 19 trois
989 2667 69 21 minis-

550 2688 46 20 tres
614 2688 100 21 libéraux
732 2690 38 23 qui
787 2690 178 21 aonarMennent
977 2690 16 21 à
1005 2692 66 20 notre

550 2712 140 21 Fédération.
705 2713 63 21 (Oui!
783 2714 54 21 Oui!
849 2714 67 21 Oui!)

574 2737 147 21 L'assemblée
742 2742 25 16 se
777 2737 79 25 sépare
867 2739 16 20 à
894 2739 57 20 midi
963 2739 33 20 45.
1005 2750 28 5 —
1045 2740 25 21 C.

60 4212 71 21 r*w
131 4202 41 17 e:ne
175 4203 13 18 *
189 4202 66 21 taIres
273 4204 28 21 de
320 4205 23 20 la
360 4207 104 22 Question
483 4208 43 20 lin-

60 4234 40 24 4*ès
110 4225 40 33 *L-
155 4228 19 16 C1
174 4229 13 29 L
193 4250 5 4 -
208 4228 55 19 mati
265 4227 36 21 ère
330 4230 197 24 d'enseignement,

45 4263 3 18 i
60 4247 26 32 S
94 4248 50 33 r«J?
144 4251 18 16 lr
165 4273 10 8 c
174 4274 5 6 .
174 4249 14 20 d
185 4273 5 5 .
189 4251 79 21 efendu
284 4253 33 21 les
329 4254 144 22 dispositions
487 4260 40 16 vo-

60 4270 66 35 £PJr
135 4270 18 21 le
165 4273 73 24 Sénat,
250 4277 17 20 il
280 4282 15 15 a
306 4278 100 23 protesté
421 4284 54 17 avec
488 4280 39 21 vé-

61 4295 74 35 SeÏTrt
143 4299 38 31 °??
182 4299 32 19 tre
230 4300 22 20 la
268 4301 55 21 tend
322 4306 57 17 ance
395 4307 42 20 que
452 4305 75 20 mani-

61 4319 32 35 S*
99 4319 87 35 I^i
196 4323 113 23 «amande
319 4326 14 20 à
344 4326 23 21 la
377 4328 87 20 section
474 4333 53 16 een-

72 4346 20 13 r*
102 4345 23 14 up
136 4344 18 15 la
167 4346 107 13 PhoMk..

73 4352 20 26 g;
102 4340 23 22 le
136 4342 19 21 la
167 4346 113 23 Chambre.

62 4368 119 36 ^nfkSfJ'L
174 4374 8 15 1
182 4372 16 18 "
211 4377 16 27 ?
228 4377 15 15 u
244 4374 5 7 '
250 4378 31 16 un
294 4374 119 23 minimum
428 4376 28 21 de
471 4377 57 24 l'ap-

63 4394 83 31 fcst^S?
168 4394 29 20 du
211 4396 98 24 français
325 4399 58 20 dans
396 4400 131 24 l'enseignc-

64 4416 86 30 faL™>'
149 4420 25 16 en
175 4432 5 9 .
192 4420 57 21 alors
263 4427 41 19 que
317 4423 58 20 dans
388 4424 33 20 les
433 4425 95 23 collèges

65 4449 69 26 «a™
147 4444 12 16 °
160 4445 14 16 n
189 4445 150 22 maintiendra
370 4449 64 20 toute
449 4449 79 21 liberté

49 4470 3 21 !
65 4465 37 36 1$
109 4465 152 43 jjjf^nement
274 4471 114 25 beaucoup
398 4473 51 23 plus
462 4473 54 20 deve-

67 4510 52 38 nir?
132 4511 190 37 iH^'omération
348 4521 28 20 de
407 4521 122 22 Bruxelles.

53 4557 3 14 i
67 4544 63 27 fe,
147 4541 20 15 ^'
171 4540 66 22 Sénat
251 4545 35 18 est
299 4546 60 19 aussi
373 4545 99 21 sabotée.
488 4546 42 20 Les

66 4569 25 26 *&
99 4563 51 32 SrS
163 4564 142 24 '"•"""haines
318 4570 38 22 qui
369 4570 54 19 sont
435 4570 94 20 l'exten-

51 4587 8 32 f
65 4595 32 24 tes
108 4599 41 20 nZJ
161 4588 90 31 2*ale
264 4592 95 21 devront
372 4594 63 20 subir
449 4598 32 16 un
492 4594 37 20 ré-

66 4611 65 32 «KJr;
130 4611 131 24 Vivement
277 4616 109 23 flamand,
400 4618 60 20 alors
487 4622 43 20 que

66 4634 78 34 se^Tpf
156 4638 52 19 Wur
223 4642 50 18 cent
290 4640 28 20 de
333 4641 48 20 leur
397 4642 133 24 population

78 4655 40 37 j™J
127 4654 12 20 *
149 4657 20 20 la
179 4660 77 25 langue
270 4652 143 36 française."

67 4682 49 32 Sas?
123 4682 60 20 Pa*'!
194 4685 79 24 régime
287 4689 31 20 les
332 4690 93 21 enfants
437 4695 29 16 ne
477 4692 53 20 sont

68 4706 49 36 *ïtoi
124 4728 18 14 m
180 4708 25 20 ^
216 4713 174 21 appartiennent
400 4714 15 20 i
427 4714 69 21 mat
506 4716 24 19 et

68 4734 46 27 Ste.
120 4741 23 23 „;
150 4736 77 18 «maie
238 4739 55 17 nous
303 4742 28 15 ne
341 4742 98 16 sommes
450 4743 41 19 pas
501 4743 29 16 en

67 4755 100 43 ""^me
175 4760 48 39 "ts?
232 4760 92 21 Toulons
334 4766 48 20 P**'
395 4763 57 20 (Lon
453 4767 14 19 K
466 4767 13 16 s
488 4767 42 20 »P-

69 4809 8 28 !
85 4797 100 40 toS,.!.?'*
185 4811 12 15 5
210 4806 31 22 '"
255 4809 41 20 lois
309 4810 161 25 linguistiques,
485 4811 17 20 11
517 4816 14 19 y

69 4827 115 35 "3lS™.'
185 4833 14 16 u
215 4831 38 20 dM
271 4834 176 23 tempéraments
474 4840 58 19 pour

55 4858 4 29 !
69 4848 106 39 i*S^?i
173 4852 35 21 lon
206 4878 12 9 J
219 4856 128 22 brlutollolM
348 4874 5 5 '
365 4859 126 21 L'Athénée
504 4860 27 20 de

70 4883 35 24 *3
123 4887 24 22 ii*
190 4878 29 20 nd
233 4880 27 20 de
273 4882 114 21 BruxeUes
401 4884 63 20 avait
479 4884 52 20 tou-

55 4892 6 11 .
70 4892 35 15 nq
123 4896 24 8 ..
177 4892 28 5 —
206 4892 13 6 —
233 4892 26 8 "^
273 4892 114 11 uiuAcuca
401 4892 63 12 a.uii,
480 4892 51 12 vuu-

70 4905 50 28 "«We
130 4904 178 29 „.Pr°ïramme
325 4908 145 23 comportant
486 4912 15 16 u
518 4912 14 16 e

71 4926 17 24 *
94 4924 99 34 rteSr™
209 4926 186 28 Renseignement
425 4932 106 23 français.

72 4953 26 28 !*»
107 4947 71 35 d£-.I
179 4952 13 15 a
205 4952 45 20 e,re
265 4954 99 21 modifié.
378 4956 42 20 Cet
434 4956 97 21 athénée

129 4974 46 19 mm
192 4978 53 19 pour
263 4977 182 24 l'enseignement
476 4985 56 16 con-

72 4987 29 26 T
100 4988 21 18 03
120 4992 16 16 »

129 4990 25 22 KL

74 5020 114 35 *'*&_,^K
190 5025 33 17 me
242 5024 27 21 d*
289 5025 23 21 la
328 5028 87 20 section
431 5029 102 21 centrale

74 5044 136 30 KÎW»
223 5050 52 19 «ut
287 5052 60 20 aussi
362 5056 42 20 que
419 5052 112 24 lorsqu'un

392 5089 5 7 .
411 5076 36 21 été
461 5077 20 20 di

113 5106 98 27 "pliai?;
367 5106 24 14 ,n
385 5124 7 5 .
406 5105 30 17 ne
449 5106 83 19 Pourra

131 5054 37 15 T~
176 5054 34 11 .it
225 5054 50 15 veut
287 5054 60 17 aussi
362 5057 13 18 q

121 5065 89 27 ■Mage
225 5071 27 21 de
267 5073 34 20 six
318 5079 48 18 ans.

85 5164 99 45 tt^\

93 5075 47 28 >ui»
153 5072 17 29 ii
173 5072 37 20 age
225 5075 27 17 «e
267 5073 34 20 six
318 5079 48 18 ans,
381 5080 15 16 a
411 5076 36 21 été
461 5076 71 24 dirigé

93 5095 114 33 >«isr_.,_r!P
206 5098 20 17 ,e
227 5110 5 6 '
246 5096 22 20 la
281 5098 110 22 situation
406 5105 30 17 ne
449 5105 84 20 pourra

158 5120 10 13 3
176 5120 43 18 être
229 5121 103 22 modifiée
343 5124 50 23 quel
411 5129 42 19 que
459 5126 74 20 soient

121 5158 9 17 »
136 5145 62 39 'amtji
238 5146 37 22 ,Ui
288 5148 130 21 ^urraient
430 5150 103 20 survenir

80 5179 114 45 ■^Jafr,'!
194 5194 11 15 6
218 5204 21 20 T
250 5193 70 22 droite
332 5196 114 23 «amande
458 5198 36 20 est
505 5199 27 20 de

78 5221 42 27 5"«
132 5214 79 34 tan?_,!°,
208 5216 24 18 ut
241 5218 23 20 et
272 5219 92 22 Partout
374 5220 32 22 les
416 5221 117 21 établisse-

79 5239 28 24 *
107 5250 16 18 et
131 5232 137 53 SStemSt|
269 5241 20 21 b
308 5247 73 21 au3lqu
381 5248 13 11 ''
395 5244 19 21 15
432 5250 31 16 on
480 5250 14 17 v
493 5250 14 17 *
508 5247 27 21 ut

91 5304 22 27 ^
170 5294 37 23 TO
218 5299 161 26 MANIFESTE

134 5349 12 14 *
154 5349 127 27 'unanimité
291 5361 42 19 par
342 5357 135 24 l'assemblée
490 5365 10 20 ;

636 2809 39 28 AU
700 2808 118 29 SOLDAT
840 2809 139 29 INCONNU

574 2877 127 21 Dimanche
714 2877 82 25 matin,
807 2882 49 18 une
867 2876 128 25 délégation
1008 2879 29 21 de
1046 2877 26 22 la

550 2902 138 22 Fraternelle
711 2902 31 20 du
763 2902 86 22 service
867 2902 29 21 de
919 2902 152 22 l'intendance

549 2927 36 19 est
598 2925 58 22 allée
668 2926 115 20 s'incliner
795 2930 40 17 sur
848 2927 24 20 la
887 2927 75 21 tombe
976 2927 32 21 du
1019 2928 40 20 Sol-

550 2949 41 21 dat
604 2950 108 20 Inconnu.

577 2981 111 21 Conduits
703 2986 43 19 par
761 2981 50 21 leur
826 2981 116 25 président
955 2982 24 20 et
994 2982 22 21 le
1032 2986 27 18 co-

552 3005 62 22 mité,
624 3009 45 17 une
681 3006 161 23 cinquantaine
855 3006 28 20 de
897 3006 112 21 membres
1019 3009 53 20 sont

553 3034 71 18 venus
636 3029 94 25 déposer
743 3034 45 16 une
801 3030 139 24 magnifique
954 3031 66 23 gerbe
1032 3035 40 17 sur

553 3053 24 20 la
589 3054 83 22 tombe,
688 3054 24 22 et
727 3055 42 19 ont
784 3054 92 20 observé
890 3059 33 16 un
938 3053 90 23 Instant
1044 3055 27 21 de

554 3078 173 20 recueillement.

579 3108 65 20 Cette
658 3108 78 21 courte
751 3108 125 21 cérémonie
890 3108 82 21 revêtit
985 3114 33 16 un
1032 3113 28 17 ca-

553 3131 87 23 ractère
654 3132 207 24 particulièrement
872 3132 123 23 émouvant
1009 3138 6 15 :
1030 3138 30 17 au-

553 3161 59 16 cune
624 3156 124 21 allocution
762 3162 29 15 ne
803 3157 37 20 fut
851 3156 134 26 prononcée,
998 3162 74 17 aucun

554 3181 101 23 drapeau
675 3185 30 17 ne
726 3181 100 24 claquait
843 3186 30 16 au
893 3182 61 25 vent,
974 3181 55 25 âpre
1049 3183 24 22 et

554 3205 102 25 piquant.

579 3236 56 21 Tête
647 3241 46 16 nue
708 3235 24 22 ét
744 3235 120 24 Immobile,
875 3236 34 21 les
920 3236 112 22 membres
1045 3238 28 20 de

553 3261 24 21 la
592 3260 127 25 délégation
734 3260 145 22 observèrent
893 3265 33 16 un
942 3261 89 20 instant
1045 3261 28 21 de

553 3285 90 21 silence,
656 3284 76 21 imités
744 3289 43 20 par
797 3290 45 15 une
855 3285 61 20 foule
928 3285 133 20 Instantané-

552 3310 66 20 ment
636 3310 81 24 ample,
735 3311 40 23 qui
791 3309 137 21 stationnait
945 3310 83 20 autour
1043 3310 31 20 du

553 3338 87 20 square.
652 3344 27 5 —
690 3334 27 20 A.

1083 198 299 61 COMMENT
1398 200 208 61 BROKA

1140 279 97 48 FUT
1268 278 279 50 CONTRAINT

1142 349 35 50 A
1199 349 63 47 TO
1263 347 63 49 UT
1348 348 102 48 AVO
1451 348 96 47 UER

1086 447 133 38 APRÈS
1241 452 136 33 AVOIR
1399 451 115 31 TOUT
1538 445 70 37 NIÉ

1196 533 80 22 (Voyez
1287 530 70 21 débat
1370 534 30 16 en
1414 533 57 21 page
1484 528 27 23 1.)

1112 570 98 21 Antoine
1222 568 82 23 Broka,
1319 567 84 20 devant
1418 565 33 21 les
1466 563 141 25 enquêteurs,

1087 596 44 20 fait
1147 598 83 21 preuve
1250 593 54 21 d'un
1324 589 194 23 invraisemblable
1538 594 69 19 sang-

1087 620 68 23 froid;
1173 620 17 20 11
1201 617 120 23 reconnaît
1335 616 48 21 être
1397 616 32 20 du
1443 614 111 21 bataillon
1568 614 40 21 des

1087 645 113 20 individus
1220 644 28 21 de
1267 646 86 17 mœurs
1372 639 110 25 spéciales
1501 640 39 23 qui
1560 638 36 22 fré-

1087 671 109 24 quentent
1208 669 33 20 les
1252 672 67 20 parcs
1328 666 86 25 publics
1426 666 24 20 et
1461 665 33 20 les
1505 669 91 16 casema-

1087 697 35 19 tes
1140 695 28 20 de
1190 695 24 20 la
1234 692 110 23 citadelle,
1364 691 59 21 mais
1444 690 17 21 11
1477 695 26 16 se
1524 689 84 21 défend

1087 720 85 21 d'avoir
1190 719 95 20 commis
1304 718 20 20 le
1344 716 70 21 crime
1433 716 67 23 qu'on
1519 714 33 21 lui
1571 718 25 17 re-

1087 745 90 24 proche.

1112 783 60 20 Mais
1182 782 34 22 les
1227 781 93 21 enfants
1332 780 41 21 ont
1383 778 36 21 été
1431 777 133 24 interrogés;
1577 782 32 16 on

1087 809 33 21 les
1130 812 17 16 a
1159 808 44 20 mis
1215 811 30 16 en
1257 805 106 25 présence
1376 804 40 21 des
1426 802 106 22 habitués
1544 803 28 20 de
1586 802 23 21 la

1087 832 112 23 citadelle;
1221 832 29 20 ils
1265 835 29 17 ne
1313 831 33 20 les
1365 830 42 20 ont
1425 833 43 19 pas
1485 832 121 18 reconnus;

1087 859 106 20 l'homme
1203 857 39 24 qui
1255 862 15 14 a
1280 854 107 22 entraîné
1399 854 49 21 leur
1460 854 58 24 petit
1530 857 67 16 cama-

1088 883 54 20 rade
1154 883 63 20 avait
1230 886 32 16 un
1275 881 101 20 costume
1391 880 59 20 brun
1464 878 113 23 chocolat;
1593 878 16 20 il

1087 907 58 22 était
1160 907 103 22 costaud;
1282 906 17 20 11
1315 906 63 20 avait
1393 905 21 20 le
1428 909 42 16 nez
1486 903 81 25 aplati;
1585 903 24 20 et

1088 933 76 24 quand
1175 937 31 16 on
1216 931 89 21 montre
1316 931 15 20 à
1342 935 37 16 ces
1388 930 95 20 enfants
1492 929 23 20 la
1526 929 71 24 photo-

1088 958 93 24 graphie
1200 957 29 20 de
1247 956 82 22 Broka,
1347 955 179 23 unanimement,
1542 954 28 20 ils
1588 954 21 20 le

1088 982 194 21 reconnaissent...

1114 1022 29 20 Et
1173 1021 57 24 puis,
1260 1020 34 22 les
1322 1019 95 24 charges
1447 1017 163 22 s'accumulent

1088 1047 78 20 contre
1178 1046 81 20 Broka.

1100 1092 36 20 LE
1149 1099 10 11 e
1172 1090 189 21 PROFESSEUR
1372 1090 39 19 DE
1422 1088 154 21 FOOTBALL
1585 1095 12 12 »

1114 1130 37 20 On
1165 1129 102 24 apprend
1281 1132 49 20 que.
1341 1127 80 24 quinze
1434 1127 64 23 jours
1511 1130 87 20 aupara-

1089 1156 62 22 vant,
1166 1154 17 21 11
1198 1154 53 21 s'est
1266 1152 104 25 présenté
1383 1152 15 21 à
1413 1152 41 21 des
1469 1152 89 23 gamins
1573 1151 37 23 qui

1089 1180 103 24 Jouaient
1212 1184 31 16 au
1261 1178 102 21 football,
1383 1176 53 26 près
1458 1177 28 20 de
1507 1176 24 20 la
1552 1176 47 20 cita-

1089 1206 67 23 delle;
1172 1205 16 20 il
1201 1209 15 17 a
1227 1205 34 20 dit
1274 1204 54 24 qu'il
1340 1204 63 20 avait
1415 1202 37 22 été
1466 1202 51 24 goal
1530 1202 81 23 keeper

1089 1231 59 20 dans
1165 1235 32 15 un
1215 1229 51 21 club
1282 1228 168 21 d'Anderleeht;
1469 1228 16 20 il
1503 1232 15 15 a
1536 1226 75 21 donné

1089 1256 59 20 ainsi
1169 1260 45 16 une
1234 1255 66 24 leçon
1317 1254 28 21 de
1366 1253 101 22 football,
1488 1252 51 25 puis
1559 1252 17 20 11
1597 1257 14 15 a

1089 1280 94 25 proposé
1197 1285 45 16 aux
1255 1280 94 20 enfants
1362 1284 44 16 une
1419 1278 66 22 visite
1496 1278 39 20 des
1548 1281 51 17 case-

1089 1307 80 20 mates.

1115 1344 64 21 Dans
1191 1343 21 20 le
1227 1342 80 21 dédale
1321 1342 80 20 obscur
1415 1342 39 20 des
1465 1340 146 22 souterrains,

1090 1369 17 20 il
1121 1373 78 19 essaye
1213 1368 29 21 de
1258 1375 9 9 «
1283 1372 74 18 semer
1371 1375 10 9 »
1397 1371 46 16 une
1457 1366 74 24 partie
1546 1366 28 20 de
1588 1365 24 21 la

1090 1394 70 24 petite
1178 1395 89 21 troupe;
1290 1393 38 23 n'y
1347 1393 71 22 ayant
1438 1396 43 20 pas
1497 1390 78 22 réussi,
1595 1390 17 20 il

1090 1423 94 20 prépose
1207 1418 60 21 alors
1289 1422 45 16 une
1353 1417 158 24 performance
1536 1420 6 15 :
1567 1419 45 17 une

1090 1448 78 16 course
1185 1444 29 20 de
1230 1443 82 20 vitesse
1328 1443 58 20 dans
1402 1442 23 20 la
1443 1440 112 22 traversée
1572 1440 40 21 des

1090 1469 145 20 souterrains.

1115 1508 38 20 Un
1166 1507 49 21 seul
1229 1506 77 24 gamin
1318 1504 99 25 accepte,
1429 1504 23 21 le
1465 1504 58 24 petit
1536 1503 76 20 Pierre

1090 1532 124 25 Wahalter,
1230 1531 42 24 âgé
1286 1531 29 20 de
1331 1531 24 19 13
1371 1534 52 18 ans;
1442 1529 77 24 quand
1532 1529 16 21 il
1564 1532 35 16 res

1090 1558 48 20 sort
1155 1558 31 20 du
1202 1556 135 22 souterrain,
1350 1556 17 20 il
1383 1555 101 22 raconte,
1500 1558 31 16 en
1547 1553 57 25 pieu,

1091 1582 59 21 rant.
1165 1587 42 19 que
1222 1582 105 19 l'homme
1339 1580 30 21 l'a
1384 1578 93 26 attaqué
1492 1579 24 20 et
1529 1583 15 16 a
1556 1583 44 16 vou

1090 1608 24 20 lu
1128 1606 129 24 l'étrangler
1266 1606 6 20 I
1286 1623 5 4 .

1114 1645 43 21 Les
1170 1645 89 23 gamins
1265 1643 53 21 sont
1324 1643 93 21 formels
1430 1642 58 21 dans
1500 1641 60 21 leurs
1573 1641 28 21 dé

1090 1670 124 21 clarations
1235 1674 5 15 :
1261 1669 50 21 leur
1329 1676 10 10 «
1357 1668 130 25 professeur
1504 1667 28 21 de
1551 1667 53 20 feot

1091 1696 45 20 bail
1152 1703 10 10 »
1179 1696 37 20 est
1230 1695 53 20 bien
1297 1694 98 21 Antoine
1412 1692 75 21 Broka
1497 1692 6 20 !

1166 1733 38 20 LA
1218 1732 101 21 BAGUE
1334 1730 202 22 REVELATRICE

1115 1770 79 21 L'étau
1205 1775 24 15 se
1240 1774 98 16 resserre
1350 1769 128 22 davantage
1489 1771 89 17 encore.

1116 1797 35 20 En
1164 1796 65 20 effet,
1241 1800 32 15 on
1286 1799 15 16 a
1314 1794 77 24 appris
1405 1798 42 19 que
1460 1793 21 21 le
1494 1792 120 21 meurtrier

1091 1821 30 21 du
1134 1821 58 24 petit
1203 1819 167 24 Walkenborgh
1380 1824 16 15 a
1407 1818 69 21 attiré
1486 1822 28 16 sa
1523 1817 90 21 victime

1091 1851 53 16 sous
1154 1845 102 26 prétexte
1270 1846 28 20 de
1312 1845 116 20 retrouver
1440 1848 46 16 une
1499 1843 72 24 bague
1585 1847 29 15 en

1091 1876 27 16 or
1128 1871 85 25 perdue
1226 1871 58 22 dans
1296 1870 34 21 les
1342 1869 132 21 casemates.

1117 1910 39 22 Or,
1167 1914 33 16 un
1214 1909 92 20 homme
1319 1908 64 20 vient
1394 1907 28 22 de
1435 1907 66 20 venir
1514 1905 101 21 déclarer

1091 1939 50 20 que,
1155 1934 21 21 le
1191 1934 123 20 dimanche
1328 1933 81 22 matin,
1423 1937 32 16 un
1470 1931 103 21 Individu
1585 1931 30 20 l'a

1092 1960 84 21 abordé
1189 1960 58 20 dans
1260 1959 22 20 le
1295 1962 55 21 parc
1363 1958 28 20 de
1405 1958 23 20 la
1440 1957 105 20 citadelle
1558 1960 58 21 pour

1091 1985 33 20 lui
1136 1984 118 25 présenter
1263 1989 30 15 en
1304 1984 68 20 vente
1385 1988 45 16 une
1440 1983 72 23 bague
1524 1987 29 15 en
1566 1986 26 16 or
1607 1986 6 15 :

1092 2015 26 16 ce
1139 2010 86 21 témoin
1246 2009 93 21 affirme
1360 2012 43 21 que
1424 2009 22 20 le
1465 2008 101 20 vendeur
1587 2007 28 20 de

1092 2035 72 23 bague
1180 2036 24 20 et
1218 2034 76 21 Broka
1308 2039 31 16 ne
1352 2034 55 20 sont
1421 2033 82 24 qu'une
1518 2032 61 20 seule
1591 2033 24 19 ct

1092 2060 74 21 même
1183 2064 122 21 personne;
1328 2063 83 20 preuve
1432 2058 51 24 plus
1501 2058 116 20 flaTante

1093 2089 82 17 encore
1191 2090 6 15 :
1212 2086 33 19 M.
1257 2078 94 30 Masufr,
1365 2084 90 21 officier
1468 2084 28 20 de
1510 2082 78 25 pelioe,
1601 2087 14 15 a

1093 2110 103 21 retrouvé
1207 2110 25 20 la
1244 2110 73 23 bague
1330 2110 59 20 dans
1402 2109 24 21 la
1439 2108 114 21 casemate
1566 2108 37 20 tra-

1093 2135 65 25 gique
1168 2136 66 20 entre
1242 2136 40 20 des
1292 2134 74 21 débris
1376 2134 28 21 de
1412 2134 90 24 briqu?s
1511 2134 7 20 I

1118 2167 31 21 Le
1161 2167 70 20 crime
1244 2172 14 15 a
1270 2167 59 20 donc
1342 2166 53 21 bien
1405 2166 39 20 été
1454 2163 126 22 prémédité
1592 2165 24 20 et

1092 2192 25 21 la
1128 2192 73 24 bague
1214 2197 16 15 a
1243 2190 111 26 participé
1365 2196 31 16 au
1409 2191 143 23 guet-apens.

1118 2224 30 20 Et
1162 2223 58 24 puis,
1234 2223 21 20 le
1270 2223 101 20 faisceau
1386 2222 28 21 de
1429 2226 96 19 preuves
1536 2220 68 22 s'enri-

1093 2249 49 21 chit
1157 2253 81 16 encore
1253 2248 92 21 d'heure
1361 2253 31 16 en
1406 2248 77 20 heure.

1118 2280 32 20 Le
1165 2280 121 20 dimanche
1299 2290 28 4 —
1338 2284 46 16 une
1398 2279 101 20 semaine
1514 2277 67 25 après
1594 2277 22 21 le

1093 2308 70 17 cnme
1175 2315 28 5 —
1213 2305 77 20 Broka
1299 2305 36 20 est
1346 2304 44 20 mis
1402 2304 15 20 à
1426 2308 105 16 nouveau
1542 2308 39 15 sur
1593 2303 24 20 la

1093 2330 97 23 sellette;
1204 2334 31 16 on
1247 2330 21 20 le
1280 2329 120 21 confronte
1412 2333 54 16 avec
1478 2327 33 22 les
1522 2328 95 21 enfants

1094 2356 38 24 qui
1146 2355 21 21 le
1179 2355 171 20 reconnaissent
1363 2356 58 19 tous.

1260 2400 9 8 .
1284 2392 79 21 CEST
1374 2392 31 20 TI
1414 2391 7 20 !
1438 2398 11 12 »

1119 2424 60 21 Mais
1188 2423 60 21 voilà
1256 2423 117 26 qu'arrive,
1383 2422 15 21 k
1408 2427 43 16 son
1459 2423 60 22 tour,
1527 2422 22 20 le
1559 2422 59 25 petit

1093 2449 124 22 Wahalter,
1228 2450 22 20 le
1261 2449 81 22 Joueur
1351 2448 28 20 de
1391 2448 95 20 football
1498 2448 38 23 qui
1547 2447 70 20 faillit

1094 2473 48 21 être
1155 2474 24 20 la
1188 2473 111 25 première
1312 2473 91 20 victime
1417 2473 31 20 du
1457 2472 84 24 satyre.

1120 2505 31 20 Ce
1163 2509 29 16 ne
1203 2508 51 17 sera
1266 2508 42 20 pas
1318 2504 61 24 long.

1119 2529 46 20 Dès
1188 2529 54 24 qu'il
1261 2533 24 16 se
1308 2529 79 20 trouve
1410 2532 30 17 en
1462 2527 107 26 présence
1589 2527 27 21 de

1094 2553 82 23 Broka.
1186 2554 17 20 il
1214 2554 37 20 n'a
1260 2554 69 24 qu'un
1340 2554 34 20 cri
1387 2557 6 16 :

1121 2587 9 8 ■
1146 2579 60 20 C'est
1218 2578 20 21 ti
1248 2579 6 20 I
1269 2588 10 10 .
1296 2579 64 20 (c'est
1369 2578 34 21 toi
1412 2579 28 20 !).

1120 2609 75 20 Broka
1206 2613 80 17 accuse
1299 2609 47 21 mal
1358 2609 21 20 le
1392 2613 64 20 coup.
1469 2609 31 20 Sa
1514 2608 103 25 patience

1094 2634 23 20 et
1127 2639 27 16 sa
1163 2634 125 23 résistance
1294 2635 54 20 sont
1357 2634 16 20 à
1381 2634 65 23 bout;
1458 2634 17 20 11
1483 2637 66 18 entre
1560 2634 58 21 dans

1094 2659 24 20 la
1129 2660 50 20 voie
1194 2659 40 21 des
1247 2664 73 16 aveux
1334 2660 25 20 et
1373 2659 121 21 reconnaît
1508 2663 43 17 son
1565 2663 39 21 pre-

1095 2684 57 21 mier
1166 2684 103 21 attentat
1283 2684 78 20 contre
1374 2683 124 21 Wahalter.

1120 2715 20 20 n
1152 2719 77 19 essaye
1240 2715 28 20 de
1279 2719 25 18 se
1313 2715 129 24 reprendre,
1453 2715 59 20 mais
1522 2715 34 20 les
1567 2719 38 16 ma-

1094 2740 94 24 gistrats
1202 2740 23 20 le
1240 2740 103 23 pressent
1358 2740 28 21 de
1400 2740 124 23 questions;
1542 2740 74 20 Broka

1095 2765 35 20 est
1142 2769 31 16 en
1190 2764 63 25 proie
1269 2764 16 20 à
1299 2769 46 16 une
1361 2764 137 21 défaillance
1514 2764 101 24 terrible;

1095 2793 33 17 un
1144 2789 84 21 frisson
1244 2789 61 24 agite
1322 2789 22 21 le
1358 2789 114 25 coupable,
1489 2792 39 21 qui
1544 2789 73 22 relève

1094 2814 137 22 finalement
1242 2814 23 21 la
1278 2813 54 25 tête,
1343 2815 30 20 et.
1386 2814 67 21 d'une
1466 2815 52 20 voix
1530 2816 87 22 sourde,

1094 2843 71 16 avoue
1178 2843 44 17 son
1234 2838 81 22 odieux
1327 2838 81 21 forfait
1417 2839 7 21 !

1120 2870 32 21 Ce
1165 2869 65 21 lundi
1241 2869 83 24 matin,
1334 2869 76 21 Broka
1422 2874 31 16 va
1465 2870 152 25 comparaître

1095 2894 85 21 devant
1195 2899 37 16 ses
1248 2894 65 24 Juges
1329 2899 58 20 pour
1404 2894 111 24 répondre
1531 2896 27 20 de
1574 2901 43 16 son

1095 2919 76 21 crime.
1183 2929 27 5 —
1220 2919 29 21 G.

583 3406 37 27 LA
643 3399 154 34 SÉCURITÉ
821 3404 233 29 FRANCO-BELGE

578 3474 71 23 Paris.
662 3473 26 21 28
702 3472 89 22 février.
802 3483 28 5 —
842 3473 34 20 La
886 3473 87 22 section
986 3472 28 21 de
1027 3473 34 20 Pa-

553 3498 31 21 ris
599 3498 28 22 de
642 3498 23 20 la
680 3497 135 21 Fédération
828 3495 64 25 belge
905 3497 40 20 des
960 3497 113 21 Invalides

553 3522 28 21 de
601 3527 86 20 guerre,
709 3526 42 20 que
769 3521 89 25 préside
880 3522 30 20 M.
932 3522 105 20 Kerkofs.
1058 3526 16 16 a

553 3546 47 22 fêté
618 3547 59 20 deux
692 3547 28 22 de
739 3551 36 16 ses
793 3546 149 20 bienfaiteurs
964 3550 6 16 :
990 3547 24 20 la
1031 3545 30 21 ba-

552 3576 72 15 ronne
639 3571 28 21 de
682 3570 102 21 Gaiffier
800 3571 126 23 dTîestroy,
943 3570 84 20 femme
1045 3571 28 20 de

552 3595 176 21 l'ambassadeur
744 3594 28 21 de
787 3594 113 25 Belgique,
914 3598 25 21 et
951 3595 32 20 M.
999 3594 62 21 Char-

552 3619 33 21 les
598 3619 97 21 Nlcalse.

577 3650 32 21 M.
622 3649 173 24 Timmermans,
806 3648 121 22 secrétaire
940 3648 92 24 général
1045 3650 28 20 de

552 3674 23 21 la
590 3673 136 22 fédération
741 3673 71 25 belge,
825 3673 58 21 était
896 3677 59 16 venu
972 3673 29 21 de
1013 3674 48 20 Bru-

552 3698 71 23 xelles
638 3702 57 23 pour
711 3698 108 20 remettre
836 3696 15 22 à
867 3696 60 21 l'une
944 3699 24 20 et
985 3697 15 20 k
1016 3697 45 21 l'au-

553 3723 35 21 tre
602 3723 24 19 la
642 3722 105 22 médaille
763 3722 29 20 de
805 3722 24 21 la
845 3721 186 21 reconnaissance
1045 3722 28 21 de

552 3747 24 21 la
592 3746 142 21 Fédération.

577 3778 21 20 A
611 3777 24 20 la
646 3776 126 22 cérémonie
785 3776 132 21 assistaient
930 3776 144 22 notamment

552 3801 31 21 M.
600 3801 103 23 Bovesse,
720 3801 104 20 ministre
842 3800 41 20 des
899 3801 82 21 P.T.T..
995 3801 22 20 le
1034 3800 27 25 gé-

552 3825 64 21 néral
631 3825 116 23 Gouraud.
765 3829 140 19 gouverneur
922 3824 106 22 militaire
1045 3825 29 21 de

551 3850 71 22 Paris,
634 3849 61 21 ainsi
706 3854 43 19 que
760 3850 40 19 des
813 3848 140 25 délégations
965 3849 29 20 de
1007 3851 66 19 ndm-

552 3874 70 20 breux
641 3874 161 24 groupements
820 3872 76 25 belges
916 3874 117 19 militaires
1049 3875 26 20 et

552 3899 63 20 civils
633 3899 24 20 et
674 3899 41 21 des
732 3897 171 25 représentante
920 3898 40 22 des
977 3898 97 22 grandes

552 3922 146 22 Fédérations
733 3922 126 23 françaises
888 3922 131 20 d'invalides
1050 3923 25 21 et

552 3948 115 19 d'anciens
687 3946 162 22 combattants.

578 3978 30 19 M.
624 3978 97 20 Bovesse
738 3982 17 16 a
775 3976 63 25 parié
868 3981 56 17 avec
958 3977 116 24 beaucoup

551 4002 142 24 d'éloquence
715 4002 24 22 et
761 4001 29 22 de
812 4001 95 22 chaleur
929 4001 28 21 de
979 4002 95 21 l'amitié

552 4026 163 24 franco-belge.
731 4026 21 22 Il
771 4030 15 16 a
805 4025 94 21 affirmé
915 4030 43 20 que
977 4027 34 20 les
1030 4030 32 17 an-

550 4051 63 20 ciens
627 4050 162 23 combattants,
803 4054 154 20 compagnons
971 4050 103 24 d'armes,

551 4075 106 21 devaient
671 4075 120 20 continuer
801 4069 16 26 k
830 4074 79 23 velljer
919 4079 40 16 sur
972 4075 24 20 la
1009 4074 53 22 sécu-

552 4099 44 20 rité
606 4100 40 20 des
656 4099 60 20 deux
728 4103 62 20 pays.
802 4099 62 25 C'est
875 4098 15 21 à
903 4099 52 23 quoi
967 4099 54 21 s'est
1031 4103 32 17 en-

550 4124 57 24 gagé
618 4124 32 20 M.
660 4124 105 23 Granier,
775 4123 117 25 président
902 4124 30 21 de
941 4125 24 20 la
975 4123 86 22 Fédéra-

552 4149 49 21 tion
612 4148 116 24 française
742 4148 40 21 des
793 4147 162 23 combattants.

576 4179 77 23 Enfin,
669 4183 32 17 on
715 4183 16 16 a
748 4178 147 24 longuement
910 4178 109 24 acclamé,
1034 4183 40 16 sur

550 4203 23 20 la
588 4203 141 24 proposition
744 4203 30 22 de
788 4203 184 22 l'ambassadeur,
987 4203 22 22 le
1024 4203 38 24 glo-

551 4228 64 20 rieux
633 4228 76 20 soldat
725 4228 73 24 qu'est
814 4228 21 20 le
854 4231 140 20 gouverneur
1012 4227 50 21 mili-

552 4252 57 21 taire
622 4252 28 21 de
667 4252 71 21 Paris.
750 4262 28 6 —
792 4252 77 24 Belga.

552 4316 81 28 DEUX
648 4316 252 29 COFFRES-FORTS
915 4310 160 35 ÉVENTRÉS

576 4383 73 25 Liège,
666 4384 26 20 27
705 4383 89 21 février.
811 4394 27 5 —
855 4384 19 20 A
892 4384 122 24 Haccourt,
1042 4389 30 17 au

552 4413 65 16 cours
629 4409 28 20 de
675 4409 22 20 la
714 4409 58 23 nuit,
789 4408 39 21 des
842 4408 162 21 cambrioleurs
1032 4410 42 20 ont

552 4432 93 24 pénétré
657 4433 59 20 dans
748 4437 33 16 un
800 4432 86 21 bureau
906 4433 40 21 des
963 4433 97 21 cimente-

552 4457 50 22 ries,
616 4456 66 25 après
694 4457 64 20 avoir
770 4457 46 20 scié
832 4457 32 22 les
879 4457 112 21 barreaux
1006 4458 67 21 d'une

551 4476 88 25 fenêtre
646 4481 64 24 qu'ils
722 4481 117 21 brisèrent.
852 4482 42 21 Les
906 4482 59 20 deux
976 4482 97 21 coffres-

553 4504 58 21 forts
640 4505 28 21 de
681 4510 25 16 ce
721 4505 86 21 bureau
836 4505 79 22 furent
943 4506 103 21 entamés
1059 4511 14 15 a

552 4533 69 19 coups
640 4529 28 21 de
687 4530 73 19 burin.
773 4530 56 21 L'un
848 4530 66 21 d'eux
932 4530 37 21 fut
987 4531 86 23 ouvert,

552 4553 59 20 mais
625 4553 16 20 il
654 4558 29 17 ne
695 4553 134 21 renfermait
840 4558 43 20 que
896 4554 75 21 divers
983 4555 91 24 papiers

552 4582 45 19 peu
619 4577 56 21 Intel
680 4578 88 20 essants
786 4582 57 20 pour
855 4578 34 20 les
923 4579 150 21 malfaiteurs.

553 4602 95 20 Ceux-ci
662 4601 164 24 s'attaquèrent
839 4606 31 17 au
882 4603 82 20 second
978 4603 95 23 meuble,

552 4626 39 23 qui
603 4625 82 21 résista
706 4626 52 24 trop
778 4626 136 24 longtemps;
937 4632 26 16 ce
984 4628 39 24 qui
1043 4628 31 22 fit

552 4654 43 20 que
607 4650 35 23 les
652 4649 160 23 cambrioleurs
825 4651 188 23 abandonnèrent
1024 4652 49 21 leur

553 4674 74 22 IMM.

578 4704 30 20 Le
622 4704 151 24 cambriolage
788 4704 38 21 n'a
842 4703 37 22 été
894 4704 121 22 découvert
1030 4710 43 20 que

553 4729 22 20 le
587 4729 81 19 matin.
679 4728 58 22 Rien
749 4728 38 21 n'a
799 4729 58 20 donc
869 4728 37 24 été
918 4729 101 25 emporté
1031 4734 42 21 par

553 4752 33 21 les
599 4752 149 21 malfaiteurs.

579 4782 30 20 Le
622 4783 98 24 Parquet
736 4783 29 20 de
789 4782 67 25 Liège
876 4787 15 16 a
910 4783 50 24 falt,
979 4783 94 25 samedi,

553 4810 46 17 une
611 4807 65 20 desce
677 4808 39 19 nte
729 4811 40 16 sur
781 4807 32 20 les
825 4807 67 21 lieux.

634 4864 100 27 ESCRO
735 4864 21 27 C
771 4864 40 27 ET
827 4865 63 26 RAVI
895 4865 101 27 SSEUR

579 4920 93 24 Anvers,
682 4919 25 20 27
719 4919 89 21 février.
820 4930 27 5 —
858 4920 144 21 L'Allemand
1012 4921 51 21 Wal-

555 4945 35 20 ter
603 4944 89 22 Krahn,
705 4944 26 20 23
745 4948 49 18 ans,
806 4943 75 21 s'était
895 4945 90 21 installé
998 4945 15 21 à
1027 4946 36 20 Ho-

555 4969 73 20 boken
646 4969 24 20 et
687 4968 63 20 avait
768 4968 129 21 commencé
915 4969 22 20 le
951 4973 125 18 commerce

555 4993 147 24 d'abat-Jour.
719 4993 46 19 Par
784 4992 49 21 vole
853 4992 132 23 d'annonce,
1003 4994 16 20 il
1035 4994 28 21 de-

555 5018 85 20 manda
655 5018 40 20 des
708 5021 129 19 voyageurs,
852 5018 108 24 auxquels
972 5019 16 19 il
1003 5018 60 21 récla-

555 5047 39 16 ma
611 5043 41 20 des
669 5041 116 25 garanties
800 5042 29 20 de
846 5041 39 21 200
903 5042 16 20 k
936 5043 38 20 250
991 5043 85 21 francs,

555 5067 78 20 contre
650 5066 81 20 remise
750 5066 28 21 de
799 5065 170 22 marchandises
989 5067 39 24 qui
1046 5072 30 17 ne

555 5091 101 21 valaient
670 5095 44 20 que
726 5090 26 20 50
767 5089 85 21 francs.

580 5116 60 20 Pour
654 5115 64 22 finir.
732 5114 134 21 l'Allemand
879 5114 79 21 enleva
972 5115 24 20 la
1009 5120 55 17 nom-

555 5140 49 20 mée
615 5140 65 20 Odile
692 5140 34 20 De
738 5139 44 23 Nil,
794 5139 24 20 17
828 5143 43 17 ans
884 5139 67 21 (donc
963 5140 111 21 mineure)

556 5166 23 19 et
598 5164 120 22 l'emmena
739 5168 30 16 en
787 5163 119 24 Hollande,
933 5164 31 21 où
994 5166 83 21 Krahn

556 5189 37 21 fut
607 5188 81 21 arrêté.

581 5214 30 20 Le
624 5212 101 21 tribunal
751 5216 16 17 a
794 5212 128 22 condamné
937 5212 140 23 l'Allemand,

556 5242 43 20 par
614 5237 86 22 défaut,
718 5237 15 20 k
746 5238 80 23 quatre
843 5237 58 20 mois
917 5237 28 21 de
961 5238 78 23 prison
1054 5241 23 18 et

556 5263 39 20 723
610 5262 79 20 francs
705 5261 117 21 d'amende
838 5265 57 21 pour
907 5262 80 24 quatre
1003 5266 62 18 escro-

557 5286 87 25 queries
657 5290 46 17 aux
718 5285 125 25 abat-Jour,
858 5286 24 20 et
895 5285 15 21 à
922 5286 58 23 deux
993 5288 85 21 années

558 5306 27 27 de
603 5311 78 24 prison
697 5310 25 21 et
738 5310 39 21 390
791 5310 79 21 francs
888 5310 117 22 d'amende
1022 5316 56 19 pour

558 5336 93 23 outrage
668 5338 45 18 aux
726 5338 86 17 mœurs
827 5333 108 22 vis-à-vis
951 5335 28 21 de
995 5336 24 21 la
1034 5337 32 21 mi-

558 5364 69 17 neure
643 5359 24 21 et
679 5358 143 22 enlèvement
835 5359 28 21 de
879 5358 95 23 celle-ci.

1628 199 109 62 SUR
1777 185 370 82 L'ÉCHIQUIER

1750 283 38 48 C
1790 282 181 48 HINOI
1975 283 31 46 S

1665 384 38 31 LE
1720 381 100 34 JAPON
1839 380 119 32 PARAIT
1977 370 130 41 DISPOSÉ

1693 435 24 31 A
1735 424 147 41 ARRÊTER
1900 432 38 31 LE
1955 430 132 33 CONFLIT

1628 515 165 34 BEAUCOUP
1805 507 195 39 D'ÉLÉMENTS
2013 513 137 32 MORAUX

1698 560 164 39 S'ÉLÈVENT
1880 565 126 32 CONTRE
2024 565 51 31 LUI

1654 643 106 22 Londres.
1777 640 26 20 27
1818 638 90 22 février.
1924 650 28 6 —
1966 640 39 20 On
2020 639 84 22 mande
2121 639 28 21 de

1629 667 72 21 Tokio
1713 666 16 21 à
1745 666 98 23 l'agence
1858 664 86 21 Reuter
1961 669 7 16 :

1654 697 87 24 Tandis
1761 699 43 21 que
1825 694 21 21 le
1867 694 76 25 Japon
1963 694 77 25 paraît
2061 693 88 25 disposé

1629 721 16 20 à
1663 721 87 21 arrêter
1767 720 21 20 le
1805 718 89 24 conflit,
1910 719 78 24 quand
2005 720 33 20 les
2056 718 94 21 Chinois

1629 746 84 20 auront
1732 743 80 24 reculé,
1826 747 31 16 on
1872 743 101 24 exprime
1987 743 24 20 la
2028 743 89 21 crainte
2134 742 16 22 à

1630 770 72 20 Tokio
1721 773 43 21 que
1786 767 110 24 lopinion
1918 767 107 25 publique
2048 767 100 20 chinoise

1630 794 95 24 n'oblige
1747 794 21 20 le
1790 791 116 21 maréchal
1928 791 222 24 Chiang-Kaï-Shek

1630 822 14 16 a
1663 819 59 23 Jeter
1738 818 58 20 dans
1812 816 26 19 la
1854 816 58 20 lutte
1930 816 76 21 toutes
2023 820 37 17 ses
2076 816 74 20 forces

1629 843 125 22 militaires,
1769 845 26 16 ce
1809 841 41 23 qui
1864 840 184 20 transformerait
2066 840 25 21 la
2108 841 30 20 ba-

1630 867 63 20 taille
1709 867 28 21 de
1753 864 119 24 Shanghai
1885 869 31 18 en
1930 869 46 16 une
1991 869 80 20 guerre
2085 868 53 21 pres-

1629 896 44 19 que
1684 890 122 21 nationale.

1631 928 30 20 Le
1684 927 176 25 gouvernement
1881 925 105 25 japonais
2009 925 80 21 estime
2108 930 42 19 qne

1656 953 57 19 trois
1728 953 97 18 facteurs
1841 951 108 23 poussent
1966 949 15 21 à
2000 951 38 19 d:s
2056 950 82 24 compli-

1656 977 88 19 cations
1757 981 7 14 :
1777 974 93 21 d'abord
1882 974 21 20 le
1914 976 91 19 concert
2017 975 28 19 dc
2057 979 94 16 censnre

1656 1001 113 19 mondiale
1784 998 39 25 qui
1838 999 53 20 s'est
1905 998 61 21 élevé
1979 999 78 20 contre
2073 998 21 20 le
2109 999 30 19 Ja-

1657 1030 52 19 pon,
1727 1024 50 25 puis
1794 1022 114 22 l'attitude
1926 1023 28 20 de
1971 1024 24 19 la
2011 1022 87 21 Société
2112 1023 40 20 des

1659 1050 96 19 Nations
1775 1049 28 20 et,
1827 1047 72 24 enfin,
1924 1048 21 19 le
1965 1047 186 20 malencontreux

1656 1074 58 19 effet
1724 1078 41 19 que
1776 1072 132 24 produisent
1918 1077 39 15 sur
1965 1074 33 19 les
2007 1077 85 15 masses
2102 1072 37 19 chi-

1657 1098 74 19 noises
1746 1098 32 19 les
1792 1096 56 19 faux
1862 1096 73 20 bruits
1950 1096 29 21 de
1993 1096 98 23 grandes
2105 1096 34 20 vic-

1657 1122 69 20 toires
1741 1120 118 23 chinoises,
1874 1121 105 20 donnant
1991 1120 16 20 à
2023 1120 71 21 croire
2110 1125 42 19 qne

1658 1146 23 20 la
1692 1146 72 21 Chine
1776 1144 74 25 paisse
1861 1144 89 21 écraser
1960 1145 21 20 le
1994 1145 82 24 Japon.

1657 1183 90 21 Devant
1774 1182 33 22 les
1839 1181 151 24 perspectives
2011 1181 67 22 d'une
2099 1186 41 20 pro-

1632 1208 82 20 chaine
1733 1206 86 21 arrivée
1838 1206 30 20 de
1885 1206 102 22 renforts
2005 1205 95 23 chinois,
2121 1205 32 21 les

1632 1232 65 20 chefs
1708 1232 104 23 japonais
1824 1231 43 19 ont
1878 1230 78 20 décidé
1969 1230 30 21 de
2011 1230 59 20 faire
2080 1231 72 19 intei-

1631 1257 64 19 venlr
1704 1257 33 20 les
1746 1254 90 22 navires
1844 1255 29 20 de
1884 1259 80 20 guerre
1975 1256 60 21 dans
2043 1256 21 19 le
2070 1254 83 21 Fleuve

1631 1280 57 21 Bleu
1700 1285 57 20 pour
1770 1278 119 24 empêcher
1901 1276 102 25 l'arrivée
2015 1283 43 21 par
2069 1280 23 19 la
2104 1279 48 20 vole

1633 1305 29 20 cie
1675 1309 26 16 ce
1718 1305 73 21 fleuve
1808 1303 41 22 des
1865 1303 88 20 armées
1970 1304 44 23 qui,
2028 1303 85 24 dit-on.
2128 1308 24 16 se

1632 1329 83 20 hâtent
1733 1328 124 21 d'accourir
1874 1332 32 17 au
1921 1332 90 16 secours
2029 1328 29 21 de
2073 1329 25 20 la
2116 1328 37 20 19e

1634 1353 82 24 armée,
1739 1352 60 21 seule
1822 1351 104 26 Jusqu'ici
1949 1351 16 21 à
1988 1353 120 23 supporter
2131 1352 22 20 le

1633 1378 65 24 poids
1716 1378 28 20 de
1760 1377 22 20 la
1800 1376 59 22 lutte
1878 1377 83 20 autour
1980 1376 28 21 de
2027 1376 127 24 Shanghaï.

1657 1409 38 20 On
1706 1408 58 21 croit
1777 1406 74 22 savoir
1862 1407 70 24 qu'un
1945 1406 209 25 contre-torpilleur

1632 1431 107 25 japonais
1747 1437 30 17 va
1787 1430 121 26 empêcher
1919 1432 33 21 les
1962 1431 116 24 nouvelles
2089 1431 53 21 trou-

1633 1461 40 19 pes
1694 1457 112 21 chinoises
1826 1455 28 21 de
1875 1456 105 20 franchir
2000 1456 22 21 le
2043 1456 76 20 fleuve
2139 1457 15 19 k

1632 1481 100 22 Nankin,
1748 1480 30 22 où
1791 1479 111 26 plusieurs
1916 1480 95 23 milliers
2027 1480 27 21 de
2068 1480 87 21 soldats

1633 1506 54 20 sont
1702 1504 54 24 déjà
1768 1503 76 26 passés
1860 1509 40 16 sur
1915 1505 24 20 la
1953 1505 48 20 rive
2016 1504 43 21 sud
2072 1505 25 21 et
2111 1509 43 19 que

1633 1529 100 21 d'autres
1751 1529 90 21 navires
1860 1528 28 21 de
1907 1533 80 20 guerre
2006 1529 93 22 doivent
2117 1529 25 21 in-

1633 1553 112 24 tercepter
1756 1554 33 20 les
1801 1554 157 20 mouvements
1970 1552 28 22 de
2010 1554 92 24 troupes
2115 1558 40 16 sur

1633 1576 22 23 le
1672 1578 75 21 fleuve
1762 1577 136 25 Kiu-Kiang
1915 1579 25 21 et
1957 1578 28 21 de
2003 1578 151 24 Hang-Kéou.

1658 1609 96 22 Parlant
1764 1608 28 22 d_;
1799 1608 24 20 la
1832 1607 92 25 requête
1934 1608 40 21 des
1984 1609 131 24 puissances
2124 1612 31 17 au

1633 1633 82 25 Japon,
1732 1633 34 20 lul
1783 1631 126 23 défendant
1926 1632 98 21 d'armer
2037 1638 37 16 ses
2090 1633 52 20 trou-

1634 1662 41 19 pes
1690 1663 30 15 en
1732 1657 82 21 dehors
1828 1657 29 20 de
1873 1657 23 20 la
1911 1657 138 22 concession,
2062 1659 33 20 les
2110 1659 33 19 mi-

1634 1682 60 20 lieux
1706 1681 110 22 autorisés
1827 1680 101 22 relèvent
1940 1686 43 19 que
1995 1682 59 20 dans
2063 1686 26 16 sa
2103 1682 41 20 der-

1634 1705 63 22 nière
1716 1706 61 23 note,
1793 1705 21 24 le
1834 1707 177 22 gouvernement
2031 1706 123 27 améi^caln

1634 1736 30 16 ne
1678 1731 61 20 tient
1751 1735 41 20 pas
1804 1734 88 20 compre
1907 1730 40 20 des
1959 1730 84 22 efforts
2056 1735 43 19 que
2111 1731 45 20 falt

1634 1755 22 21 le
1672 1755 75 23 Japon
1763 1759 57 20 pour
1831 1754 126 21 maintenir
1972 1755 21 20 le
2009 1754 91 22 théâtre
2116 1755 40 21 des

1634 1779 114 21 hostilités
1765 1780 53 20 hors
1835 1779 29 20 de
1882 1780 23 20 la
1920 1779 131 22 concession
2068 1779 24 20 et
2106 1784 50 19 que,

1635 1805 28 20 de
1674 1804 58 24 plus,
1745 1804 20 21 le
1779 1805 176 22 gouvernement
1965 1803 28 21 de
2005 1804 150 23 Washington

1635 1828 111 21 demande
1761 1832 42 20 que
1817 1827 53 22 tous
1883 1828 33 20 les
1931 1829 90 19 navires
2033 1828 28 21 de
2076 1832 79 19 guerre

1635 1853 106 24 japonais
1759 1851 73 22 soient
1846 1852 82 23 retirés
1945 1853 32 19 du
1991 1852 115 25 voisinage
2125 1854 30 20 du

1636 1877 64 21 front
1719 1877 28 21 de
1764 1881 49 16 mer
1831 1876 29 21 de
1876 1877 126 24 Shanghaï.

1662 1908 37 20 On
1718 1907 124 24 rapproche
1857 1907 29 22 de
1904 1912 38 15 ces
1959 1907 124 23 demandes
2101 1908 55 21 celle

1636 1932 40 21 des
1697 1932 186 24 gouvernements
1904 1932 102 23 français
2023 1935 25 19 et
2068 1932 89 24 anglais

1636 1957 45 23 qui,
1694 1956 99 24 souligne
1796 1956 71 21 -t-on.
1882 1960 25 16 se
1920 1957 136 20 contentent
2071 1957 29 20 de
2115 1957 29 20 de-

1636 1980 96 21 mander
1754 1985 42 19 que
1818 1980 20 21 si
1860 1984 38 17 ces
1919 1980 116 21 dernières
2056 1985 101 16 mesures

1636 2005 111 20 n'étaient
1761 2009 41 20 pas
1816 2005 115 23 possibles,
1942 2005 35 23 les
1991 2005 111 24 Japonais
2116 2005 28 21 dé-

1637 2028 91 25 placent
1747 2032 29 17 au
1798 2027 74 21 moins
1900 2028 50 20 leur
1984 2029 172 21 navire-amiral

1639 2062 8 7 -
1664 2054 78 19 Izumo
1755 2061 18 15 »,
1786 2053 38 23 qui
1836 2052 77 24 paraît
1927 2054 64 20 avoir
2005 2053 37 20 fié
2056 2054 22 21 le
2091 2054 65 25 point

1637 2080 28 20 de
1677 2077 57 21 mire
1745 2077 40 22 des
1796 2077 56 21 obus
1860 2077 96 22 chinois.
1967 2089 27 4 —
2004 2078 78 25 Be!ga.

1752 2121 152 21 RENFORTS
1921 2122 122 20 CHINOIS

1663 2166 125 22 Shanshiï,
1808 2165 26 21 27
1854 2165 89 21 février.
1960 2175 28 6 —
2006 2162 35 24 Dé
2057 2165 100 26 l'agence

1637 2191 185 23 Indo-Paclflquo
1838 2194 6 16 :

1663 2223 20 19 A
1704 2222 21 20 la
1748 2222 58 20 suite
1826 2221 32 20 du
1875 2220 188 22 bombardement
2082 2220 29 21 de
2131 2225 27 16 ce

1637 2246 81 21 matin,
1738 2246 29 20 de
1785 2250 119 16 rouveaux
1925 2245 116 21 incendies
2058 2250 25 16 se
2104 2245 54 20 sont

1637 2270 96 22 allumés
1747 2270 16 20 k
1778 2270 93 24 Chapeï.

1663 2302 43 19 Les
1718 2301 107 20 premiers
1835 2300 87 20 soldats
1932 2300 29 21 de
1973 2300 26 20 la
2011 2300 38 20 12e
2061 2299 97 21 division

1637 2325 117 25 japonaise
1770 2325 28 20 de
1813 2325 88 20 renfon-
1914 2325 44 20 ont
1973 2324 112 24 débarqué
2099 2324 59 20 dans

1637 2345 32 25 la'
1677 2349 129 21 concession
1823 2349 184 21 internationale.

1662 2380 92 21 Nankin
1767 2380 77 20 envoie
1860 2379 60 21 deux
1936 2379 108 21 divisions
2060 2379 28 21 de
2104 2384 41 15 sou-

1637 2405 49 20 tien
1698 2404 15 21 à
1724 2407 23 17 la
1760 2405 36 20 19e
1808 2403 82 24 armée,
1900 2403 79 21 tandis
1990 2408 43 20 que
2045 2404 33 23 les
2090 2404 55 21 auto-

1639 2428 58 21 rités
1719 2429 118 20 militaires
1862 2428 120 20 installent
2005 2428 41 20 des
2068 2432 88 16 canons

1637 2452 140 22 antiaériens
1798 2456 45 17 aux
1865 2453 78 21 coints
1965 2452 138 20 importants
2126 2453 30 20 du

1638 2477 91 21 chemin
1751 2477 28 21 de
1796 2477 35 20 fer
1852 2476 231 22 S!?.ar"*baï-Nankin.
2100 2481 58 19 pour

1637 2501 113 21 rënondre
1768 2506 30 16 au
1813 2501 186 21 bombardement
2019 2501 93 25 nippon.
2131 2511 27 5 —

1638 2526 77 24 Belga.

1650 2569 197 21 L'ARTILLERIE
1865 2569 141 20 CHINOISE
2024 2569 34 19 SE
2075 2567 70 21 TAIT

1664 2612 106 23 Londres,
1786 2613 25 19 28
1825 2611 90 22 février.
1931 2622 28 5 —
1972 2612 37 20 On
2027 2611 85 21 mande
2130 2611 27 21 de

1638 2637 120 24 Shanghaï
1774 2636 15 21 à
1803 2637 104 24 l'Agence
1923 2636 87 21 Reuter
2029 2640 6 17 :

1664 2668 30 20 Le
1716 2668 87 20 secteur
1822 2668 30 20 de
1873 2667 89 24 Chapeï
1980 2670 34 20 est
2036 2666 80 21 calme.
2137 2666 20 21 H

1639 2692 84 21 semble
1742 2696 43 20 que
1801 2692 21 20 le
1841 2692 32 21 tir
1887 2692 41 21 des
1945 2695 87 17 œnons
2046 2691 113 24 japonais,

1638 2721 26 17 ce
1680 2717 82 21 matin,
1779 2716 32 21 ait
1827 2715 76 23 réduit
1918 2716 125 20 l'artillerie
2057 2715 101 22 chinoise

1639 2744 30 17 au
1685 2740 90 21 silence.

1664 2771 31 23 L«
1716 2771 113 25 paquebot
1850 2778 11 10 «
1880 2770 121 25 Shanghai
2021 2770 69 20 Maru
2109 2777 10 11 •
2143 2775 16 16 a

1638 2794 81 21 amené
1734 2799 34 18 un
1782 2795 161 22 détachement
1954 2795 29 20 de
1997 2795 39 20 400
2049 2794 110 23 hommes,

1639 2819 50 23 afin
1707 2819 28 21 de
1753 2818 124 26 remplacer
1892 2820 35 23 les
1940 2819 77 25 pertes
2033 2819 83 21 subies.

1663 2848 43 22 Les
1718 2849 59 22 forts
1789 2850 30 20 de
1828 2849 169 24 TM-Tza-Ling
2008 2849 43 20 ont
2060 2848 38 21 été
2109 2850 38 21 for-

1639 2873 88 21 tement
1744 2873 133 21 bombardés
1894 2874 16 20 à
1928 2873 57 21 trois
2000 2873 97 24 reprises
2116 2877 31 16 au-

1639 2897 115 25 jourd'hui
1772 2902 24 20 et
1812 2898 53 20 huit
1881 2900 29 20 de
1925 2898 61 20 leurs
2002 2902 87 17 canons
2107 2898 53 20 sont

1639 2921 88 23 réduits
1742 2927 32 17 au
1789 2921 89 22 silence.
1890 2932 28 6 —
1933 2922 77 25 Belga.

2170 184 138 51 UNE
2347 174 344 57 TRAGÉDIE

2245 248 47 46 A
2324 246 217 48 LONDR
2546 244 71 48 ES

2321 331 43 31 UN
2383 324 80 38 PÈRE
2480 330 64 31 TUE

2207 370 53 33 SES
2278 369 93 32 TROIS
2390 368 108 32 PETITS
2516 366 141 33 ENFANTS

2169 429 70 32 PUIS
2258 428 29 31 IL
2306 426 101 33 TENTE
2429 426 44 31 DE
2494 425 37 32 SE
2550 423 146 33 SUICIDER

2267 497 43 20 (De
2324 495 67 21 notre
2405 493 193 25 correspondant.)

2196 527 107 24 Londres.
2321 526 26 20 27
2366 524 90 22 février.
2473 534 28 6 —
2521 523 53 21 (Par
2591 522 91 25 télépho-

2171 554 49 20 ne).
2233 563 28 5 —
2273 552 51 20 Une
2338 550 101 24 tragédie
2452 549 54 21 s'est
2518 547 104 22 déroulée
2636 548 59 20 dans

2171 579 24 21 la
2207 578 52 22 nuit
2272 577 28 21 de
2315 575 109 21 vendredi
2439 574 15 21 à
2469 573 93 24 samedi,
2578 573 58 20 dans
2649 577 45 16 une

2171 603 103 21 banlieue
2288 601 32 21 du
2332 600 63 21 Nord
2407 599 28 21 de
2445 598 107 21 Londres.

2197 628 65 21 Trois
2279 626 94 21 enfants
2390 625 53 20 sont
2460 624 72 21 morts
2549 622 25 22 et
2587 622 50 21 leur
2653 621 29 26 pè-

2172 658 25 17 re
2212 654 36 20 est
2262 652 15 21 à
2291 650 104 25 l'hôpital
2407 650 59 20 dans
2477 654 33 16 un
2525 648 50 21 état
2590 648 40 20 des
2645 647 50 25 plus

2172 682 86 21 graves.

2197 704 21 21 Il
2235 702 67 24 s'agit
2333 701 55 21 d'un
2405 700 62 24 sujet
2497 698 108 24 français,
2624 697 71 21 Emile

2173 729 125 24 Chajenet,
2316 727 26 20 41
2361 730 50 19 ans,
2433 725 39 24 qui
2494 724 78 20 habite
2595 722 101 21 Londres

2173 754 79 24 depuis
2271 753 28 21 de
2331 751 146 22 nombreuses
2512 748 91 22 années,
2623 748 20 20 n
2660 749 36 19 est

2173 780 53 21 bien
2244 783 76 16 connu
2340 777 58 20 dans
2417 776 34 20 les
2469 775 93 20 milieux
2580 773 29 21 de
2628 772 56 21 théâ-

2174 808 41 18 tre,
2232 809 39 15 car
2289 803 17 21 11
2322 806 79 17 exerce
2418 801 24 20 la
2455 799 127 25 profession
2596 798 28 21 de
2641 802 43 17 cou-

2174 830 71 20 turier
2259 834 31 16 en
2306 828 65 20 robes
2386 831 58 20 pour
2457 826 23 20 la
2495 824 74 22 scène.
2585 824 47 20 Son
2645 824 39 20 ate-

2174 855 42 20 lier
2229 854 59 21 était
2302 852 60 22 situé
2379 857 31 16 au
2427 851 79 20 centre
2523 850 28 20 de
2569 849 24 21 la
2609 848 75 21 Métro-

2174 880 56 24 pole,
2262 879 77 20 tandis
2357 882 42 20 que
2418 882 26 15 sa
2475 876 84 20 femme
2574 874 123 24 s'occupait

2174 906 66 20 d'une
2256 904 95 24 pension
2370 903 28 20 de
2414 901 87 21 famille
2519 901 29 20 de
2566 899 131 22 Hlghtgate,

2172 930 104 20 banlieue
2293 928 158 21 londonienne,
2458 927 24 20 et
2496 926 30 20 où
2533 925 113 24 logeaient
2652 928 45 16 une

2175 956 87 19 dizaine
2293 954 28 20 de
2349 956 130 21 personnes,
2505 951 28 20 de
2561 948 137 23 nationalité

2174 979 126 21 étrangère.

2200 1006 41 19 Les
2252 1005 73 21 éneux
2337 1003 125 24 Chapenef
2467 1001 87 22 étalent
2563 999 84 22 mariés
2658 1000 39 20 de-

2174 1031 52 22 nuls
2241 1030 69 20 douze
2328 1034 43 15 ans
2385 1031 25 18 et
2426 1028 56 21 trois
2499 1027 95 20 enfants
2611 1025 87 21 étaient

2176 1060 57 16 issus
2249 1055 27 21 de
2292 1055 49 20 leur
2354 1054 78 22 union,
2447 1053 59 20 deux
2522 1051 95 21 fillettes
2632 1050 66 24 âgées

2176 1081 28 20 de
2221 1081 24 20 11
2262 1080 24 20 et
2304 1080 24 20 10
2345 1084 49 18 ans.
2411 1080 23 20 et
2451 1083 33 16 un
2500 1077 125 24 garçonnet
2641 1075 28 21 de
2685 1075 13 20 4

2175 1110 50 16 ans.

2201 1131 31 21 Le
2242 1130 53 24 père
2307 1130 86 24 portait
2403 1129 103 24 toujours
2519 1128 58 20 dans
2588 1131 27 17 sa
2627 1126 72 25 poche

2175 1156 25 20 la
2224 1154 164 26 photographie
2401 1155 28 20 de
2455 1158 37 17 ses
2517 1153 56 21 trois
2599 1151 100 24 enfants,

2176 1181 71 24 photo
2267 1180 54 25 qu'il
2337 1180 103 21 exhibait
2458 1183 55 16 avec
2533 1182 45 17 une
2598 1177 101 21 certaine

2176 1205 75 21 fierté.

2202 1231 71 20 Etant
2294 1229 89 22 donnée
2404 1229 60 21 cette
2486 1228 162 23 circonstance,
2669 1231 31 17 on

2176 1260 30 16 ne
2220 1256 123 24 comprend
2359 1255 126 21 nullement
2498 1255 21 20 le
2535 1254 82 21 mobile
2630 1253 40 24 qui
2685 1257 15 16 a

2177 1281 80 22 Doussé
2270 1285 26 18 ce
2309 1280 52 25 père
2374 1280 15 21 à
2402 1284 126 16 massacrer
2540 1284 36 16 ses
2589 1279 57 20 trois
2657 1283 31 16 en-

2178 1306 70 24 fants,
2268 1306 52 24 puis
2341 1305 15 21 à
2378 1305 76 21 tenter
2475 1305 28 20 de
2524 1310 25 16 se
2571 1304 88 21 donner
2677 1303 23 21 la

2177 1331 67 21 mort.

2202 1357 57 20 Hier
2280 1356 52 24 soir,
2353 1356 65 23 donc,
2439 1356 24 20 la
2481 1355 154 24 gouvernante
2657 1354 43 21 mit

2177 1381 33 21 les
2227 1382 95 21 enfants
2338 1385 31 17 au
2385 1381 35 23 lit,
2437 1381 51 23 puis
2504 1380 43 22 elle
2564 1380 31 21 flt
2611 1385 28 15 sa
2655 1379 33 21 toi-

2177 1407 56 21 lette
2252 1411 58 19 pour
2326 1410 165 20 accompagner
2510 1406 49 20 Mrs
2575 1405 125 23 Chanenet,

2178 1433 37 22 qui
2231 1432 65 20 allait
2310 1437 31 16 au
2354 1431 97 22 théâtre.
2466 1431 30 20 Le
2511 1431 59 20 mari
2585 1430 63 21 avait
2663 1430 25 20 in-

2177 1456 46 21 vité
2240 1458 59 20 deux
2317 1457 29 21 de
2362 1461 35 17 ses
2415 1457 58 20 amis
2490 1456 55 20 chez
2561 1456 33 20 lul
2611 1455 25 21 et
2649 1455 52 20 tous

2178 1482 56 21 trois
2249 1482 108 22 dinèrent
2369 1481 156 25 Joyeusement
2539 1481 59 21 dans
2612 1481 24 20 la
2651 1479 38 22 mê-

2178 1512 36 17 me
2231 1508 56 20 salle
2305 1512 44 20 que
2363 1508 34 20 les
2413 1507 179 24 pensionnaires.

2203 1533 71 21 Après
2289 1533 21 20 le
2325 1532 73 24 diner,
2413 1537 31 16 on
2459 1532 56 24 Joua
2528 1536 45 16 aux
2588 1531 75 21 cartes
2678 1531 24 20 et

2178 1558 23 21 la
2220 1557 71 21 soirée
2310 1562 25 16 se
2354 1562 68 20 passa
2439 1557 176 22 agréablement.

2204 1584 37 20 On
2261 1588 24 16 se
2301 1582 82 25 sépara
2402 1587 58 20 pour
2478 1583 57 20 aller
2553 1581 97 24 prendre
2671 1581 31 21 du

2178 1613 66 17 repos
2260 1609 24 20 et
2298 1613 51 16 vers
2366 1608 24 20 11
2404 1609 24 19 h.
2445 1608 32 23 30,
2492 1608 33 20 M.
2541 1607 120 24 Chapenet
2676 1611 25 16 6e

2178 1634 71 21 retira
2258 1634 59 20 dans
2329 1638 26 16 sa
2368 1633 114 23 chambre,
2495 1632 67 24 après
2573 1632 64 20 avoir
2648 1636 42 17 sou-

2179 1659 62 21 haité
2256 1666 10 10 "
2288 1659 75 20 bonne
2376 1659 68 20 nuit»
2461 1663 31 16 au
2505 1657 146 25 domestique.

2204 1684 50 21 Une
2272 1684 142 20 demi-heure
2431 1684 52 23 plus
2500 1683 59 22 tard,
2573 1688 28 16 sa
2618 1683 84 20 femme

2178 1710 24 20 et
2214 1710 23 20 la
2252 1710 154 23 gouvernante
2420 1708 129 21 rentrèrent
2564 1709 25 21 et
2601 1708 89 22 s'instal-

2179 1734 74 21 lèrent
2271 1734 85 21 devant
2373 1735 22 20 le
2410 1734 40 21 feu
2467 1734 32 21 du
2516 1734 66 20 salon
2599 1733 104 23 pendant

2179 1764 32 16 un
2229 1760 47 21 bon
2293 1760 109 21 moment,
2421 1760 72 20 avant
2508 1759 79 21 d'aller
2605 1763 24 16 se
2647 1763 43 16 cou

2179 1787 62 18 cher.

2205 1811 60 20 C'est
2281 1810 172 23 probablement
2469 1809 103 24 pendant
2588 1813 38 17 ces
2639 1808 52 25 quel-

2179 1839 55 19 ques
2247 1836 100 21 minutes
2360 1840 43 19 que
2416 1835 24 21 la
2453 1834 102 23 tragédie
2565 1839 25 16 se
2604 1834 99 23 déroula,

2180 1861 58 20 dans
2257 1861 25 20 la
2301 1861 96 20 maison.

2204 1886 34 21 La
2257 1886 154 23 gouvernante
2427 1886 39 23 qui
2485 1885 99 21 dormait
2603 1886 58 20 dans
2680 1884 23 22 la

2179 1911 74 21 même
2272 1911 109 21 chambre
2397 1916 43 19 que
2459 1911 34 21 les
2510 1911 96 20 enfants
2624 1910 79 21 voulut

2180 1936 105 24 pénétrer
2299 1937 58 20 dans
2371 1936 24 21 la
2408 1935 63 23 pièce
2484 1936 59 20 mais
2557 1936 42 20 elle
2611 1935 81 21 consta

2181 1963 30 20 ta.
2225 1966 48 17 non
2286 1966 55 17 sans
2354 1962 99 24 surprise
2468 1966 43 18 que
2525 1961 25 21 la
2560 1961 65 24 porte
2640 1961 51 20 d'en

2181 1987 47 22 Irée
2239 1987 59 21 était
2309 1987 85 21 fermée
2407 1987 15 21 à
2431 1981 131 26 l'Intérieur.
2574 1986 48 21 Elle
2632 1990 59 20 appe

2180 2012 23 21 la
2221 2012 119 21 maitresse
2359 2013 25 20 et
2402 2013 75 20 toutes
2496 2012 60 21 deux
2573 2011 131 25 essayèrent

2180 2038 98 20 d'ouvrir
2292 2037 23 21 la
2327 2037 73 21 porte.

2204 2063 34 20 La
2248 2064 100 19 surprise
2357 2063 79 20 devint
2446 2062 90 21 bientôt
2545 2062 29 21 de
2585 2062 119 24 l'angoisse

2181 2088 50 24 puis
2250 2089 28 21 de
2297 2088 141 21 l'épouvante
2458 2089 41 19 car
2516 2092 31 17 au
2565 2087 83 21 silence
2665 2087 38 24 qui

2179 2113 90 23 régnait
2290 2113 51 21 tout
2361 2113 93 21 d'abord
2474 2113 59 20 dans
2552 2113 25 20 la
2596 2113 109 20 chambre

2179 2137 148 22 succédèrent
2338 2139 40 20 des
2391 2138 83 21 faibles
2488 2137 177 24 gémissements.

2205 2165 21 19 A
2244 2164 61 21 leurs
2320 2164 86 24 appels,
2425 2164 21 20 le
2462 2163 141 24 domestique
2621 2163 25 21 et
2664 2163 40 20 des

2180 2189 171 21 pensionnaires
2378 2189 151 20 accoururent
2554 2189 24 20 et
2605 2193 45 20 peu
2675 2189 30 20 de

2181 2217 74 18 temps
2269 2214 66 21 après
2349 2214 23 20 la
2386 2215 65 23 porte
2465 2214 39 20 fut
2516 2213 82 21 forcée.

2205 2239 137 21 L'obscurité
2353 2240 24 20 la
2390 2239 52 25 plus
2456 2239 111 24 complète
2579 2244 15 19 y
2607 2238 94 25 régnait.

2205 2264 46 21 Dès
2269 2265 68 22 qu'on
2354 2266 98 22 arporta
2469 2265 28 20 de
2515 2265 24 20 la
2553 2263 101 25 lumière,
2671 2268 33 17 un

2180 2289 112 21 soectacle
2308 2290 98 20 horrible
2420 2294 25 16 se
2461 2289 108 25 présenta
2585 2294 45 16 aux
2647 2294 57 20 yeux

2181 2315 28 21 de
2223 2316 57 20 tous.
2290 2316 43 20 Les
2346 2315 59 21 deux
2417 2315 95 20 fillettes
2524 2315 105 24 gisaient,
2641 2319 51 16 mor-

2181 2341 35 20 tes
2232 2345 40 16 sur
2289 2341 50 20 leur
2353 2341 35 21 lit.
2404 2341 35 20 De
2457 2340 49 21 leur
2522 2340 54 24 tête,
2594 2339 77 22 trouée
2689 2340 15 20 à

2180 2369 70 21 coups
2266 2366 28 20 de
2311 2366 107 23 revolver,
2431 2365 86 21 coulait
2532 2370 33 16 un
2581 2366 75 20 mince
2673 2365 19 21 fi-

2180 2391 32 21 let
2230 2391 29 20 de
2277 2395 65 19 sang.

2205 2416 31 20 Le
2247 2417 124 23 garçonnet
2381 2416 85 25 portait
2474 2416 34 21 lui
2518 2416 61 21 aussi
2589 2421 45 16 une
2644 2415 60 22 bles-

2182 2446 50 16 sure
2250 2441 15 20 à
2282 2441 23 21 la
2320 2441 47 20 tète
2384 2442 59 20 mais
2460 2441 18 21 il
2494 2442 106 23 respirait
2617 2445 88 17 encore.

2181 2467 31 20 Le
2233 2466 60 25 père,
2315 2466 72 21 blessé
2405 2467 28 21 de
2456 2467 23 20 la
2500 2466 74 22 même
2596 2466 109 24 manière,

2180 2491 59 21 était
2256 2492 72 20 affalé
2346 2497 31 15 au
2391 2492 53 24 pied
2462 2492 32 20 du
2510 2492 29 20 lit
2556 2492 29 20 de
2601 2496 43 17 son
2662 2496 29 16 en-

2181 2517 59 20 fant,
2259 2518 20 19 n
2295 2517 106 24 respirait
2419 2517 155 24 péniblement
2593 2517 24 21 et
2636 2521 56 20 pous-

2180 2542 46 21 sait
2240 2543 28 20 de
2284 2542 82 21 faibles
2378 2542 177 24 gémissements.
2570 2543 87 20 L'arme
2672 2542 32 21 du

2183 2568 67 20 r^e
2268 2567 57 21 était
2342 2567 89 21 tombée
2448 2572 48 17 non
2512 2568 48 20 loin
2577 2568 29 21 de
2620 2567 29 22 de
2666 2568 37 21 lui.

2206 2593 46 20 Des
2267 2592 116 21 médecins
2398 2593 79 20 furent
2492 2593 76 24 requis
2583 2593 25 20 et
2623 2593 24 20 la
2662 2597 30 20 po-

2181 2617 41 21 lice
2238 2617 37 22 fut
2287 2618 93 21 avertie.

2207 2643 69 20 Hélas
2286 2644 6 20 !
2313 2648 32 16 on
2365 2643 78 21 venait
2462 2643 29 21 de
2510 2643 78 25 placer
2606 2643 98 21 l'enfant

2181 2668 59 20 dans
2253 2673 46 16 une
2313 2669 135 21 ambulance
2459 2669 54 24 qull
2526 2669 77 21 rendit
2616 2669 22 20 le
2652 2669 45 21 der'

2181 2694 50 19 nier
2242 2694 84 23 soupir.

2206 2719 35 21 En
2258 2719 86 23 voyant
2359 2719 65 21 toute
2437 2724 28 16 sa
2481 2719 87 21 famille
2585 2719 80 24 morte,
2681 2719 24 21 la

2182 2744 61 21 mère
2254 2744 117 21 s'affaissa
2384 2749 41 16 sur
2438 2744 22 21 le
2473 2745 34 21 sol
2521 2745 24 21 et
2557 2745 18 20 11
2589 2745 70 21 fallut
2672 2744 33 22 lui

2182 2770 87 20 donner
2283 2770 40 20 des
2337 2770 62 20 soins
2412 2774 58 20 pour
2483 2770 24 20 la
2520 2770 108 21 ranimer.

2207 2795 31 20 Le
2254 2794 54 24 père
2322 2795 38 21 fut
2376 2795 131 24 transporté
2523 2795 16 21 à
2556 2795 103 24 l'hôpital
2676 2795 30 21 où

2182 2819 32 22 les
2230 2819 115 21 médecins
2363 2819 157 22 constatèrent
2536 2824 43 20 que
2596 2825 43 16 son
2656 2820 50 21 état

2182 2845 57 20 était
2251 2845 48 21 fort
2312 2845 102 21 critiaue.
2428 2846 38 20 Un
2480 2845 120 25 détective,
2612 2845 64 25 placé
2691 2845 15 21 à

2181 2874 42 18 son
2242 2870 87 22 chevet,
2349 2871 39 19 n'a
2404 2873 32 22 pu
2453 2870 92 21 obtenir
2561 2870 23 21 le
2602 2871 104 21 moindre

2182 2896 49 21 mot
2253 2895 211 21 d'éclaircissement
2486 2900 40 16 sur
2548 2895 61 22 cette
2629 2896 77 20 atroce

2182 2920 74 21 scène.

2716 174 589 83 BRUXELLES
3346 168 441 81 S'AMUSE

3083 272 173 14 m\*mtS*s*m^t^ts^*)0ms0msm\

2837 314 88 49 DES
2959 312 160 49 BALS...
3151 310 184 49 PLAISIR
3369 308 58 48 ET
3458 306 207 51 CHARITE

1451 5306 38 22 LA
1499 5313 12 13 «
1520 5306 73 23 FBTE
1604 5309 40 22 DE
1652 5311 74 22 NUIT
1736 5312 21 22 A
1766 5312 105 21 VENISE
1881 5319 13 12 »
1914 5312 40 21 DE
1966 5319 13 12 «
1989 5312 38 21 LA
2040 5313 120 21 GRANDE
2171 5315 155 20 HUtsIONT"

1446 5356 4 6 ,
1492 5360 14 10 .
1696 5341 198 21 GONDOLIERS.
1903 5351 28 7 —
1940 5342 178 24 MARQUISES.

1492 5361 32 22 Le
1536 5363 75 25 prince
1624 5365 24 20 et
1658 5366 25 21 U
1691 5366 113 25 princesse
1817 5367 69 21 Pisan
1902 5367 40 25 qui
1954 5368 137 24 présidaient
2101 5369 25 23 to
2138 5368 55 23 (Me.

2716 444 37 28 LE
2769 442 77 30 GALA
2863 441 40 29 DU
2921 438 160 31 FOLKLORE
3097 436 126 29 WALLON

2740 512 34 20 La
2788 509 86 26 grande
2890 507 56 22 salle
2961 506 33 22 du
3008 505 76 22 Palais
3096 504 41 22 des
3149 504 90 20 Beaux-

2716 537 53 20 Arts
2778 536 59 21 était
2847 536 51 23 trop
2907 532 78 26 petite,
2995 531 50 21 hier
3054 530 53 23 soir,
3116 533 58 21 pour
3184 532 44 16 con-

2715 561 61 21 tenir
2798 561 24 21 la
2845 557 104 27 quantité
2972 556 92 22 énorme
3088 554 29 21 de
3139 553 101 21 Wallons

2715 591 74 20 venus,
2797 585 120 26 applaudir
2926 583 24 21 la
2963 582 48 21 fête
3023 580 47 23 très
3082 579 108 22 brillante
3202 578 39 26 qui

2715 612 33 24 s'y
2762 611 85 21 donna.
3145 628 10 8 m
3198 628 15 4 _

2742 637 93 23 Chaque
2851 634 81 24 année,
2948 634 24 21 la
2988 631 137 22 Fédération
3141 630 40 20 des
3197 629 31 20 So-

2718 661 70 21 ciétés
2811 660 132 21 Wallonnes
2966 658 28 21 de
3019 655 118 23 Bruxelles
3157 654 83 22 donne,

2717 687 58 20 dans
2786 690 26 16 ce
2826 686 69 21 cadre
2909 683 132 25 admirable,
3055 685 45 18 une
3113 684 68 17 revue
3195 678 34 21 fol-

2717 711 100 24 klorique
2835 711 38 24 qui
2891 709 105 26 présente
3016 708 40 20 des
3074 705 109 26 épisodes,
3201 704 40 21 des

2717 737 128 21 anecdotes,
2856 736 40 20 des
2910 735 107 20 tableaux
3030 731 91 22 relatifs
3134 734 46 17 aux
3192 730 38 20 tra-

2719 761 84 21 ditions
2826 760 135 25 populaires.
2985 758 61 22 C'est
3069 756 105 24 toujours
3194 754 48 21 très

2718 787 138 20 intéressant
2867 787 25 19 et
2903 785 47 21 très
2962 784 114 21 amusant.

2744 812 65 20 Cette
2827 811 51 23 fois,
2895 811 23 21 la
2934 815 68 16 revue
3019 809 38 21 fut
3071 807 15 22 à
3102 807 25 21 to
3143 805 99 22 hauteur

2718 837 29 21 de
2760 841 36 16 ses
2807 835 150 22 devancières.

2744 862 56 20 Cela
2807 861 93 21 s'ouvrit
2911 865 40 16 sur
2961 865 45 16 une
3019 867 10 10 «
3042 859 61 21 Cour
3113 857 108 21 d'Amour
3231 864 9 9 .

2718 892 54 16 sous
2808 886 138 24 Marguerite
2981 885 29 21 de
3046 882 196 24 Constantinople.

2719 913 109 20 comtesse
2841 912 28 21 de
2883 911 109 22 Hainaut,
3005 914 58 21 pour
3073 914 25 16 se
3111 907 131 26 poursuivre

2719 942 43 20 par
2773 937 24 20 la
2811 937 95 20 ducasse
2920 936 28 21 de
2964 936 110 20 Messines
3089 939 30 15 en
3135 933 57 20 1830.

2744 963 34 19 La
2801 961 120 21 délicieuse
2948 960 93 25 légende
3070 959 122 21 d'Annette
3219 957 25 21 et

2720 988 72 19 Lubin
2813 986 86 24 évoqua
2918 986 22 23 le
2960 990 56 20 pays
3033 985 28 21 de
3081 985 54 24 Spa,
3155 984 24 20 et
3197 983 46 21 l'on

2719 1017 59 16 nous
2792 1012 92 20 montra
2898 1012 23 20 la
2935 1019 9 9 »
2960 1011 143 21 trlmousette
3119 1018 9 9 »
3145 1007 99 22 d'OrvaL

2745 1038 32 20 La
2789 1037 138 21 Conversion
2938 1037 28 20 de
2977 1036 134 23 St-Hubert,
3121 1035 34 21 les
3165 1042 9 9 .
3187 1033 57 21 Chl-

2720 1063 50 21 nels
2785 1071 9 9 »
2810 1063 29 21 de
2852 1062 86 24 Fosses,
2951 1061 22 21 le
2986 1065 84 20 perron
3081 1060 91 24 liégeois
3185 1059 47 20 don-

2721 1088 82 21 nèrent
2816 1088 46 20 lieu
2875 1087 15 20 à
2901 1087 28 20 de
2944 1086 64 24 jolies
3022 1087 92 23 images,
3128 1085 16 20 à
3155 1085 76 20 d'amu-

2720 1115 66 19 sants
2803 1113 122 23 dialogues,
2943 1111 15 21 à
2977 1112 40 20 des
3034 1111 107 21 tableaux
3159 1109 85 21 colorés

2721 1140 23 19 et
2755 1139 52 20 bien
2820 1138 28 20 de
2861 1138 55 20 chez
2927 1141 65 17 nous.

2746 1162 147 25 L'apothéose
2910 1162 39 21 fut
2963 1160 120 22 consacrée
3099 1166 31 16 au
3146 1160 98 21 Travail.

2747 1190 31 20 M.
2793 1188 122 23 Petitjean.
2930 1187 103 21 ministre
3048 1187 40 20 des
3103 1186 105 20 Sciences
3222 1186 23 20 et

2721 1215 62 22 Arts;
2803 1214 32 20 M.
2853 1214 61 22 Max,
2931 1212 155 24 bourgmestre
3103 1212 28 20 de
3149 1211 84 20 Bruxel-

2721 1240 42 22 les;
2780 1239 21 20 le
2816 1238 116 25 capitaine
2946 1237 96 23 Fustler,
3054 1237 28 21 de
3096 1237 149 20 l'ambassade

2721 1265 29 21 de
2766 1265 96 22 France;
2879 1263 67 21 Louis
2963 1262 101 22 Pierard.
3079 1260 93 26 député;
3191 1261 55 21 Mlle

2723 1290 98 21 Dandin.
2838 1289 23 20 la
2878 1288 116 24 gracieuse
3012 1295 9 9 »
3040 1287 56 21 Miss
3113 1282 105 29 Belgique
3234 1294 10 11 •

2722 1314 173 25 d'aujourd'hui,
2909 1313 162 25 applaudirent
3084 1312 116 24 beaucoup
3213 1312 34 21 les

2722 1340 93 21 artistes
2837 1339 103 24 Ingénus,
2963 1338 64 24 plein
3052 1338 29 20 de
3106 1338 92 20 naturel
3223 1337 25 21 et

2722 1365 122 21 excellents
2855 1365 39 24 qui
2907 1369 24 16 se
2942 1362 150 26 dépensèrent
3104 1367 54 17 sans
3169 1367 66 19 comp-

2722 1392 42 20 ter.
2782 1402 10 13 ,

2748 1417 20 20 A
2784 1416 90 23 minuit,
2891 1415 78 21 tandis
2985 1419 43 20 que
3041 1414 23 21 le
3077 1413 39 21 bal
3131 1417 104 16 commen-

2723 1442 53 24 çait,
2789 1447 33 16 un
2838 1441 53 25 jury
2907 1439 129 22 choisissait
3052 1440 23 20 la
3092 1438 72 22 Reine
3176 1438 32 29 ,de
3224 1438 23 21 la

2722 1467 136 21 Fédération
2873 1467 41 20 des
2929 1464 100 22 Sociétés
3043 1464 138 20 Wallonnes.

2749 1493 21 20 Il
2782 1493 40 20 eut
2834 1492 28 21 de
2874 1491 23 21 la
2908 1491 66 25 peine
2988 1490 15 21 à
3016 1489 91 22 décider
3120 1489 28 22 de
3161 1489 23 21 la
3196 1488 52 25 plus

2723 1518 60 24 Jolie.

2748 1542 150 24 Finalement,
2921 1541 55 22 Mlle
2999 1539 60 25 Arts,
3081 1540 29 21 de
3132 1539 25 22 la
3178 1539 69 24 Ligue

2723 1568 119 21 Wallonne
2860 1567 28 21 de
2907 1566 123 23 Bruxelles,
3051 1565 38 22 fut
3109 1564 58 22 élue.
3188 1564 61 21 C'est

2723 1598 47 17 une
2793 1593 136 21 charmante
2952 1591 114 24 brunette,
3090 1589 115 26 gracieuse
3225 1590 23 20 et

2723 1618 61 25 Jolie.

2749 1643 42 21 Ses
2803 1643 140 21 demoiselles
2955 1642 129 21 d'honneur
3094 1640 79 22 seront
3182 1640 67 22 Mlles

2724 1669 123 20 Germaine
2860 1669 75 20 Adam
2948 1669 24 20 et
2988 1667 45 21 Léa
3049 1667 91 23 Fraeys.

2748 1694 35 21 La
2795 1693 72 22 Reine
2880 1693 70 21 défila
2964 1698 31 16 au
3008 1692 78 21 milieu
3099 1692 32 21 du
3144 1691 46 25 bal,
3202 1691 48 21 très

2724 1719 120 23 acclamée,
2856 1723 31 16 au
2899 1719 53 20 bras
2964 1718 28 22 de
3005 1718 33 20 M.
3050 1718 25 20 F.
3087 1716 96 25 Pavard,
3196 1716 45 25 pré'

2723 1744 77 21 sldent
2813 1744 28 21 de
2854 1744 24 21 la
2888 1743 143 21 Fédération.

2750 1770 28 20 Et
2798 1769 46 21 l'on
2862 1769 74 20 dansa
2953 1769 96 24 ensuite,
3067 1768 105 25 jusqu'au
3190 1768 59 23 petit

2724 1794 81 24 matin,
2820 1794 59 21 dans
2893 1799 46 16 une
2955 1793 144 25 atmosphère
3114 1793 98 22 cordiale
3226 1794 24 20 et

2725 1819 98 25 Joyeuse.
2834 1828 28 7 —
2871 1818 26 22 8.

3260 424 46 17 aux
3324 419 110 26 premiers
3452 423 70 20 rangs
3540 417 83 26 duquel
3642 421 32 17 on
3692 415 96 26 pouvait

3262 444 146 22 reconnaître
3434 447 7 17 :
3463 444 33 20 M.
3517 444 90 22 Melser,
3631 441 157 25 bourgmestre

3261 470 29 21 de
3308 469 152 24 Schaerbeek;
3479 469 33 21 M.
3528 468 22 21 le
3565 467 84 26 député
3666 466 122 24 Raymond

3261 495 108 23 Foucart;
3385 495 32 20 M.
3431 493 75 24 Blum,
3518 493 104 23 échevin;
3639 493 32 20 M.
3685 494 24 20 et
3725 492 63 20 Mme

3262 521 115 21 Rauwers;
3409 519 33 21 M.
3470 520 73 19 Franz
3571 518 129 23 Bossaerts;
3731 515 58 22 Mils

3263 545 118 24 Verheyen
3398 545 24 20 et
3441 544 32 21 M.
3492 544 87 24 Leplat,
3596 543 66 21 chefs
3681 541 105 24 d'écoles;

3263 571 30 19 M.
3318 570 79 23 Ponty,
3421 569 114 24 président
3555 569 40 21 des
3620 568 117 21 .Anciens
3759 567 31 20 ds

3262 594 140 24 l'Athénée.;
3418 594 32 21 M.
3463 594 34 21 De
3509 593 69 26 Nève,
3591 592 161 25 représentant
3764 592 27 21 to

3264 628 9 9 «
3282 621 107 20 Semeuse
3397 628 8 9 »
3411 624 6 19 ;
3429 620 32 20 M.
3471 619 70 24 Allar,
3551 618 117 26 président
3676 618 40 22 des
3729 618 49 20 .An-

3262 645 63 22 ciens
3339 645 29 22 de
3383 645 79 20 l'Ecole
3477 644 107 21 Normale
3599 644 95 21 Charles
3709 643 78 23 Buis*;

3263 671 57 20 MM.
3330 670 78 23 Geefs,
3421 671 121 22 Duyssens.
3555 669 73 23 Calés,
3641 668 86 21 Marcel
3740 669 37 20 An-

3263 695 69 24 toine,
3356 695 134 23 Xhignesse,
3514 694 124 24 Weygand,
3661 694 36 20 De
3722 693 69 24 Cock,

3263 721 52 21 Van
3330 719 170 24 Grunderbeek,
3513 720 35 21 De
3560 719 79 24 Greef,
3651 719 45 22 etc

3289 746 32 21 M.
3332 745 77 21 Pierre
3423 745 87 21 Carton
3524 745 69 23 avait,
3607 749 55 16 avec
3673 744 118 25 beaucoup

3264 771 29 22 de
3309 771 75 21 talent
3400 770 45 23 mis
3462 775 31 16 en
3509 769 69 22 scène
3598 774 7 17 :
3626 777 10 10 ■
3643 770 31 21 Le
3693 769 40 22 feu
3750 768 41 26 qui

3265 795 99 25 reprend
3388 795 74 23 mal.,
3484 795 29 21 de
3537 795 71 20 Jean-
3609 795 98 24 Jacques
3730 795 47 20 Ber-

3263 821 69 24 nard;
3344 826 27 17 ce
3383 821 38 21 fut
3433 821 141 24 prestement
3586 820 79 22 enlevé
3677 824 42 21 par
3732 824 45 20 qua-

3264 848 35 21 tre
3311 846 136 25 interprètes
3458 846 123 21 excellents
3595 850 7 16 :
3615 846 67 20 Mlles
3694 846 83 20 Mariet-

3264 873 23 20 te
3303 875 23 19 et
3342 872 83 21 Yvette
3443 872 25 20 et
3483 872 57 19 MM.
3556 871 85 21 Albens
3655 871 24 20 et
3696 871 22 20 J.
3735 871 56 20 Jac-

3264 898 75 24 quart.

3290 929 74 20 Mmes
3375 929 31 19 M.
3417 928 147 21 Deswatines,
3575 927 99 25 pianiste
3684 927 108 24 victuose,

3265 954 38 21 fut
3322 954 115 21 vivement
3457 953 122 25 applaudie
3597 957 30 17 en
3647 952 145 22 intermèdes.

3290 986 37 20 Au
3344 985 59 21 total
3421 989 34 17 un
3471 988 106 17 nouveau
3592 984 73 24 grand
3683 984 78 21 succès
3775 983 17 22 à

3265 1011 84 21 mettre
3370 1010 16 21 à
3408 1010 73 21 l'actif
3502 1010 33 20 du
3556 1011 149 23 groupement
3727 1011 76 22 post--

3265 1035 101 24 scolaire,
3381 1035 29 21 de
3424 1039 43 17 son
3481 1034 118 26 président
3611 1036 32 19 M.
3656 1035 71 21 Oscar
3742 1035 49 21 BU-
3798 1053 6 6 .

3265 1061 50 21 tiau
3328 1061 25 21 et
3364 1059 29 24 de
3408 1061 52 20 tous
3471 1060 33 21 les
3518 1060 177 21 collaborateurs
3712 1065 6 16 :
3734 1061 58 20 MM.

3266 1086 93 24 Carton,
3377 1086 89 22 Lenoir,
3483 1086 128 24 Duquesne,
3630 1086 86 21 Marcel
3734 1085 58 21 Ver-

3266 1112 97 22 mersch,
3389 1111 101 24 Fraikln,
3517 1111 35 21 De
3576 1111 77 24 Block,
3680 1112 113 24 Coppens,

3265 1137 73 24 Raiff,
3356 1136 44 22 etc.

3292 1169 34 19 De
3346 1168 108 24 superbes
3469 1172 156 21 programmes
3645 1167 92 22 avalent
3755 1167 38 22 été

3267 1193 83 21 offerts
3366 1198 43 20 par
3424 1194 33 21 les
3473 1193 92 21 artistes
3580 1193 115 24 Luypaert
3709 1194 24 21 et
3749 1193 30 21 Le-

3267 1218 52 21 nolr
3334 1218 24 21 et
3371 1223 43 20 par
3429 1219 34 22 les
3478 1218 74 21 élèves
3567 1218 28 22 de
3611 1218 77 22 l'école
3703 1219 77 24 profes-

3267 1243 117 21 sionnelle.
3396 1254 28 6 —
3436 1244 30 21 G.

2726 1872 38 29 LE
2788 1872 57 28 BAL
2868 1873 17 27 D
2889 1873 17 27 E
2930 1873 34 27 LA
2985 1873 16 18 «
3018 1872 61 28 PRO
3079 1869 138 31 TECTION
3233 1872 16 18 »

2750 1924 43 20 Les
2809 1923 124 24 dirigeants
2946 1923 28 21 de
2989 1923 24 21 la
3029 1928 9 13 ■
3046 1922 131 21 Protection
3184 1930 10 10 »
3209 1922 42 21 ont

2725 1948 107 22 l'énorme
2849 1948 107 25 prlvlège
2974 1948 28 23 de
3016 1948 95 24 pouvoir
3126 1947 126 25 multiplier

2725 1974 60 22 leurs
2806 1974 187 21 manifestations
3014 1973 141 24 d'agrément
3176 1972 25 22 et
3221 1973 28 20 de

2725 1999 89 22 charité
2827 2004 56 17 sans
2895 2004 43 20 que
2952 1999 21 20 le
2986 1998 78 22 succès
3077 1999 73 21 boude
3161 1997 16 22 à
3189 1998 61 21 leurs

2725 2025 89 20 efforts.

2751 2050 59 21 Leur
2831 2050 39 21 bal
2889 2050 96 20 travesti
3007 2049 28 21 de
3057 2049 88 21 samedi
3167 2049 46 21 soir
3235 2053 13 16 a

2725 2074 112 22 confirmé
2850 2075 38 20 cet
2901 2075 123 24 avantage;
3040 2075 17 20 11
3068 2074 39 21 fut
3119 2074 129 23 nombreux,

2725 2101 83 24 Joyeux
2820 2101 26 21 et
2856 2100 185 21 délicieusement
3054 2099 83 24 coloré;
3153 2100 34 21 les
3200 2100 38 20 tra-

2725 2126 70 21 vestis
2810 2126 72 21 firent
2897 2125 127 23 sensation;
3041 2125 47 21 l'un
3105 2125 87 21 d'entre
3206 2130 44 16 eux

2725 2152 38 20 fut
2784 2151 210 24 particulièrement
3012 2150 128 25 remarqué;
3164 2149 27 22 ce
3212 2150 39 21 fut

2726 2177 122 23 l'originale
2877 2175 165 25 lnterpréatlon
3073 2176 29 21 de
3134 2182 9 12 ■
3151 2176 98 20 Boum...

2726 2202 58 21 dans
2797 2202 24 21 la
2834 2200 155 26 stratosphère
2999 2202 6 20 I
3015 2210 18 15 »,
3046 2200 106 26 présenté
3165 2206 44 20 par
3218 2202 30 19 M.

2726 2227 78 21 Coedt.

2751 2253 20 20 A
2784 2257 55 18 onze
2852 2252 89 24 heures,
2951 2252 34 21 les
2998 2252 147 21 charmantes
3160 2259 10 10 •
3177 2251 71 21 Twel-

2727 2281 28 16 ve
2779 2277 70 24 fancy
2869 2277 54 24 giris
2931 2286 18 14 »,
2969 2277 54 21 bien
3045 2276 84 25 stylées
3152 2282 43 19 par
3218 2278 30 19 M.

2726 2303 96 22 Hanlck,
2838 2303 119 24 passèrent
2972 2308 31 16 en
3019 2302 134 25 intermède.
3168 2302 70 21 Immé-

2726 2328 126 21 diatement
2863 2329 83 20 suivies
2955 2333 44 19 par
3009 2329 22 20 le
3045 2336 9 9 »
3062 2328 69 21 Little
3141 2328 84 21 bekker
3233 2336 16 11 ».

2751 2353 140 23 L'orchestre
2905 2354 28 20 de
2949 2354 49 23 jazz
3014 2354 29 20 de
3058 2354 32 20 M.
3107 2353 42 21 Ch.
3164 2354 86 20 Remue

2726 2379 25 20 et
2761 2379 130 21 l'orchestre
2902 2379 106 23 argentin
3021 2378 29 22 de
3063 2379 32 20 M.
3107 2378 57 21 Alex
3177 2379 61 20 Douf
3240 2389 3 4 ■

2726 2404 35 20 fet
2772 2404 79 21 furent
2863 2404 115 21 endiablés
2990 2403 16 21 à
3016 2404 102 22 souhait;
3132 2408 33 16 un
3177 2404 73 23 grand

2727 2433 110 16 concours
2860 2429 28 21 de
2912 2430 114 20 costumes
3049 2428 145 25 interrompit
3217 2433 34 16 un

2726 2455 90 20 Instant
2832 2454 23 22 le
2870 2454 45 23 bal.
2933 2454 52 25 puis
3003 2454 24 21 la
3044 2454 72 22 danse
3135 2454 72 25 reprit
3221 2454 28 22 de

2727 2480 50 24 plus
2790 2480 57 20 belle
2862 2484 94 21 presque
2970 2480 104 24 Jusqu'au
3089 2479 82 21 matin.

2751 2506 61 20 C'est
2822 2510 33 16 un
2865 2510 52 18 gros
2926 2505 78 21 succès
3015 2505 29 21 de
3054 2505 51 25 plus
3114 2505 15 20 à
3139 2504 73 22 l'actif
3222 2504 29 22 de

2728 2538 9 9 .
2745 2531 34 20 La
2794 2531 131 20 Protection
2932 2539 9 9 »
2960 2531 25 20 et
2999 2530 29 21 de
3044 2535 37 16 ses
3096 2530 126 24 dirigeants
3242 2535 7 16 :

2726 2556 62 20 Mme
2799 2555 98 24 Ramlot,
2908 2556 33 21 les
2950 2556 86 23 majers
3047 2555 62 21 Colle
3121 2556 24 20 et
3152 2556 99 20 Dewan-

2726 2581 46 23 dre,
2788 2582 33 19 M.
2833 2581 114 23 Postlaux,
2962 2582 32 20 M.
3009 2581 99 23 Ramlot,
3123 2581 33 20 M.
3170 2581 81 20 Pirson

2726 2607 24 20 et
2765 2606 33 21 M.
2812 2606 64 22 René
2891 2606 100 24 Ramlot,
3005 2606 33 21 les
3052 2606 59 21 deux
3126 2605 124 22 directeurs

2726 2631 40 22 des
2779 2631 65 25 fêtes,
2856 2632 45 20 etc.
2910 2641 28 6 —
2950 2632 30 20 G.

2728 2689 65 28 UNE
2805 2688 16 21 «
2837 2690 60 27 FET
2898 2690 18 27 E
2932 2690 39 27 DE
2987 2691 78 27 NUIT
3076 2691 18 27 A
3107 2690 113 28 VENISE
3234 2691 15 18 »

2752 2739 27 22 81
2791 2739 22 21 le
2826 2739 38 21 bal
2875 2741 86 21 annuel
2974 2740 29 20 de
3015 2740 54 24 gala
3079 2740 29 21 de
3121 2740 23 20 la
3158 2740 94 21 Grande

2727 2764 124 22 Harmonie
2869 2770 16 16 a
2904 2765 37 21 été
2957 2765 117 25 supprimé
3092 2765 61 21 cette
3171 2765 81 24 année,

2727 2790 25 21 to
2764 2790 112 21 direction
2889 2791 41 20 des
2942 2790 59 21 fêtes
3015 2790 28 21 de
3057 2791 25 20 la
3095 2791 103 24 doyenne
3211 2791 42 20 des

2727 2815 95 21 sociétés
2836 2815 146 21 bruxelloises
2998 2821 17 16 a
3031 2816 56 21 tenu
3101 2815 15 21 à
3133 2816 88 21 donner
3237 2815 16 21 à

2727 2845 37 17 ses
2783 2841 59 21 omis
2860 2845 46 17 une
2925 2841 137 21 charmante
3081 2841 172 24 compensation

2727 2869 53 17 sous
2798 2866 74 20 forme
2891 2866 67 20 d'une
2976 2865 73 21 soirée
3068 2865 77 25 placée
3164 2871 52 16 sous
3231 2867 22 20 le

2727 2891 64 23 signe
2803 2891 29 21 dc
2845 2891 24 20 la
2881 2891 97 25 gondole
2990 2891 137 21 vénitienne.

2753 2916 66 21 Cette
2836 2916 176 21 reconstitution
3029 2917 48 20 fort
3093 2916 76 21 habile
3186 2917 68 21 d'une

2728 2941 48 21 fête
2792 2941 28 21 de
2836 2941 53 21 nuit
2903 2941 16 20 à
2931 2941 89 24 Venise,
3037 2942 63 21 avait
3116 2941 70 21 attiré
3198 2942 17 21 à
3230 2942 24 21 to

2727 2966 94 21 Grande
2834 2966 120 21 harmonie
2965 2967 135 21 nombreuse
3109 2968 25 20 et
3146 2966 107 22 brillante

2727 2991 131 21 assemblée.

2753 3017 31 20 I_e
2799 3016 104 22 scénario
2918 3017 37 21 est
2968 3017 81 25 simple
3064 3018 26 21 et
3102 3017 121 25 ingénieux
3238 3019 16 20 à

2728 3042 25 21 la
2764 3042 46 21 fols
2827 3046 6 16 :
2848 3042 22 21 le
2884 3042 78 25 prince
2974 3044 24 20 ct
3010 3043 24 21 la
3048 3043 115 24 princesse
3176 3044 78 20 Pisan.

2728 3068 107 20 recevant
2847 3067 59 21 dans
2920 3068 50 20 leur
2984 3068 74 24 palais
3070 3068 29 21 de
3112 3068 74 21 Santo
3200 3069 45 20 Ste-

2727 3092 63 23 fano,
2814 3093 41 20 des
2877 3093 83 21 invités
2984 3094 119 23 étrangers
3125 3094 90 21 offrent
3238 3093 15 21 à

2726 3118 91 21 ceux-ci
2829 3123 45 16 une
2887 3119 86 23 grande
2984 3118 47 22 fête
3041 3120 29 22 de
3081 3119 52 21 nuit
3145 3124 30 16 au
3186 3123 67 17 cours

2729 3143 27 20 de
2774 3143 97 25 laquelle
2892 3148 34 17 un
2946 3144 71 21 ballet
3038 3144 143 25 romantique
3202 3149 52 17 sera

2729 3168 70 21 dansé
2812 3173 40 16 sur
2865 3169 33 20 les
2908 3169 111 22 terrasses
3031 3169 31 21 du
3075 3170 83 24 palais;
3172 3171 54 20 tour
3238 3170 15 20 à

2727 3194 53 21 tour
2794 3193 33 21 les
2841 3194 125 21 chanteurs
2978 3194 98 24 italiens,
3090 3195 33 21 les
3138 3196 102 20 mandcll

2727 3218 72 22 nistes
2810 3219 25 22 et
2846 3219 33 21 les
2890 3220 128 23 gondoliers
3029 3220 53 21 font
3093 3221 110 21 entendre
3214 3221 39 20 des

2727 3244 90 24 chants,
2835 3244 40 22 des
2893 3244 121 21 sérénades
3032 3245 25 21 et
3074 3245 101 22 admirer
3191 3247 62 21 leurs

2727 3269 83 21 danses
2827 3270 138 24 populaires;
2981 3270 33 21 les
3031 3271 79 21 dames
3126 3271 127 24 gracieuses

2728 3295 23 20 et
2762 3294 86 25 parées,
2861 3296 25 19 et
2899 3295 34 21 les
2943 3295 117 24 seigneurs
3073 3296 29 22 de
3115 3297 125 20 l'aristocra-

2728 3320 30 20 tie
2776 3320 100 21 dansent
2891 3325 33 16 un
2938 3322 94 20 menuet
3049 3321 111 24 vénitien;
3180 3321 60 25 l'apo-

2726 3344 78 21 théose
2823 3350 58 16 nous
2899 3346 90 20 montre
3007 3351 31 16 en
3055 3351 33 17 un
3107 3347 91 21 dernier
3213 3348 27 21 ta-

2728 3370 67 21 bleau
2812 3370 24 21 la
2853 3371 123 22 .Gondole
2993 3372 29 22 de
3036 3376 43 18 nos
3095 3371 91 22 rêves..

2751 3395 61 22 Tout
2824 3395 51 21 cela
2889 3396 38 21 fut
2941 3396 64 25 frais,
3018 3396 184 22 délicieusement
3216 3399 23 19 vi

2726 3421 57 20 vant
2796 3421 25 21 et
2834 3421 84 24 coloré;
2934 3422 18 20 il
2966 3422 53 21 faut
3033 3423 82 21 rendre
3129 3422 122 26 hommage

2726 3445 15 21 à
2762 3446 32 20 M.
2816 3446 95 21 Charles
2933 3447 150 25 Huybrechts,
3103 3448 98 22 l'auteur
3220 3449 33 21 du

2726 3470 110 25 scénario,
2846 3471 15 21 à
2870 3472 32 20 M.
2913 3473 102 20 Maurice
3024 3474 65 19 Désir
3100 3474 38 24 qui
3149 3478 25 16 se
3183 3474 62 21 char

2726 3500 43 20 gea
2780 3497 28 21 de
2820 3497 23 20 la
2854 3497 95 24 superbe
2961 3497 139 24 décoration,
3111 3499 32 20 M.
3154 3500 96 21 Ambro-

2726 3521 52 25 slny
2792 3522 39 24 qui
2850 3522 87 24 dirigea
2954 3523 9 20 1
2981 3523 178 25 achorégraphie
3178 3526 25 20 et
3218 3525 33 21 les

2725 3546 88 23 mimes.
2827 3546 32 21 M.
2873 3542 71 26 Siïvio
2955 3548 95 21 Ranleri
3064 3549 39 24 qui
3113 3554 27 16 se
3153 3549 98 25 chargea

2725 3572 29 21 de
2765 3572 24 20 la
2800 3572 111 21 direction
2922 3574 116 23 musicale,
3049 3575 32 19 M.
3093 3574 95 23 Charles
3200 3575 51 21 Van

2725 3597 80 24 Roose,
2819 3597 55 21 Mlle
2891 3598 99 24 Baritza,
3006 3603 106 20 soprano,
3128 3600 33 21 M.
3176 3600 67 22 Fran-

2725 3621 58 24 zonl,
2793 3621 73 25 ténor,
2877 3622 22 21 le
2909 3627 84 20 groupe
3005 3624 41 20 des
3054 3625 123 22 musiciens
3188 3630 51 21 sym-

2725 3647 118 25 phonistes
2860 3649 24 19 et
2900 3649 180 24 mandolinlstes,
3097 3650 44 22 etc.

2749 3672 62 21 Tous
2822 3677 37 16 ces
2870 3672 145 24 réalisateurs
3026 3675 31 21 du
3069 3675 181 23 divertissement

2725 3696 79 22 furent
2824 3698 115 21 vivement
2959 3699 97 23 félicités
3074 3705 43 19 par
3137 3702 33 20 M.
3186 3702 64 21 René

2724 3722 110 24 Poelaert,
2846 3722 117 24 président
2972 3725 28 21 de
3011 3725 24 20 la
3045 3726 96 21 Grande
3151 3727 86 21 Harmo-

2725 3747 38 21 nie
2786 3747 24 22 et
2832 3752 44 20 par
2898 3753 37 16 ses
2958 3749 177 23 collaborateurs
3161 3756 7 17 :
3192 3753 56 20 MM.

2724 3772 143 24 Wlelemans,
2882 3774 99 23 Cardon.
2996 3775 144 26 Duchâteau,
3152 3777 96 25 Peetere,

2724 3797 104 24 Jacques,
2850 3798 151 24 Huybrechts.
3023 3800 110 25 Delfosse,
3156 3802 92 25 Fostler,

2724 3822 79 25 Ghlot,
2823 3823 97 24 Servais,
2940 3825 101 24 Lacroix,
3058 3826 128 26 Hoogstoel,
3206 3828 42 21 etc.

2750 3848 38 21 Un
2804 3849 74 23 grand
2894 3849 38 21 bal
2948 3849 88 23 clôtura
3052 3852 61 21 cette
3129 3852 58 22 belle
3203 3854 35 21 soi-

2724 3872 45 22 rée.
2782 3882 28 6 —
2825 3873 61 33 G.^

2905 3927 34 28 U
2954 3923 115 35 SOIRÉE

2795 3968 59 28 DES
2872 3968 16 18 «
2905 3969 130 27 DIABLES
3057 3969 18 27 N
3076 3968 76 30 OIRS
3165 3968 17 20 »

2749 4017 125 26 L'Amicale
2891 4018 33 21 du
2938 4019 38 21 ler
2991 4018 114 25 régiment
3119 4019 41 21 des
3176 4020 61 20 Cara-

2723 4043 207 23 biniers-cyclistes,
2955 4043 25 21 et
3005 4044 25 20 la
3055 4044 141 22 Fraternelle
3209 4046 41 21 des

2725 4075 9 10 •
2748 4067 93 22 Diables
2848 4067 68 22 Noirs
2928 4076 17 14 -,
2958 4068 121 24 1914-1918,
3087 4069 161 24 organisaient,

2724 4092 87 21 samedi
2822 4093 53 23 soir,
2888 4093 59 20 dans
2959 4098 46 16 une
3017 4093 57 21 salle
3086 4093 32 22 du
3130 4094 78 21 centre
3221 4095 28 21 de

2723 4117 24 21 la
2760 4116 59 24 ville,
2832 4121 46 17 une
2893 4117 183 24 représentation
3092 4119 27 19 de
3135 4119 60 25 gala,
3211 4120 39 24 qui

2723 4141 76 21 obtint
2813 4141 23 21 le
2852 4142 52 24 plus
2921 4142 34 20 vif
2971 4142 85 21 succès.

2748 4167 66 20 Dans
2826 4165 148 24 l'assistance,
2989 4167 166 22 extrêmement
3182 4173 55 17 nom

2722 4190 80 22 breuse
2820 4190 24 22 et
2860 4190 111 24 élégante,
2987 4196 59 16 nous
3062 4197 71 17 avons
3148 4197 101 18 reconnu

2723 4216 145 20 notamment
2880 4216 57 21 MM.
2950 4216 22 20 le
2988 4216 87 22 colonel
3090 4218 82 20 Decae.
3186 4222 52 17 com-

2723 4240 114 21 mandant
2850 4240 21 21 le
2889 4240 38 21 ter
2943 4239 113 25 régiment
3084 4242 41 21 des
3153 4243 84 21 Carabi-

2723 4264 184 24 niers-cyclistes,
2925 4264 22 22 le
2966 4266 75 23 major
3057 4266 86 24 Albert,
3159 4268 22 20 le
3197 4272 40 16 ma-

2723 4289 37 22 jor
2776 4289 111 24 Beaupin.
2903 4289 22 21 le
2942 4290 192 23 major-médecin
3150 4292 99 24 Jenotte,

2723 4313 21 20 le
2760 4314 164 20 commandant
2940 4314 122 23 Lambeau,
3075 4315 34 21 les
3122 4316 127 22 capitaines

2723 4338 83 23 Renoz,
2819 4337 117 24 président
2949 4339 21 20 le
2985 4341 150 22 groupement
3149 4341 28 21 de
3188 4342 48 21 Bru-

2723 4362 75 23 xelles,
2812 4363 52 20 Van
2877 4363 82 25 Espen,
2972 4363 119 24 Lasseron,
3105 4365 52 21 Van
3172 4366 74 24 Laere,

2724 4387 79 21 Collin.
2819 4388 91 23 Berças,
2925 4388 150 24 Fauconnier,
3091 4390 52 21 Van
3158 4391 85 25 Elewyt

2723 4411 52 21 Van
2787 4412 46 21 den
2845 4412 60 22 Plas.
2933 4412 34 21 les
2994 4413 140 22 lieutenants
3157 4415 92 25 Favere,

2723 4436 67 21 Qoes.
2806 4436 58 21 MM.
2880 4436 121 24 Leuridan.
3028 4438 160 25 Berrewaerts,
3214 4441 35 21 De

2723 4460 93 23 Ridder.
2832 4462 42 19 etc.

2748 4484 31 21 Le
2792 4489 151 20 programme,
2958 4485 48 23 très
3022 4486 129 26 éclectique,
3164 4489 84 22 débuta

2723 4512 44 21 par
2776 4514 33 16 un
2819 4511 93 20 concert
2923 4511 76 21 donné
3012 4516 44 20 par
3067 4513 24 20 la
3102 4513 103 25 musique
3218 4515 30 21 du

2723 4534 26 19 8e
2769 4534 29 21 de
2817 4534 77 23 Ligne,
2912 4539 54 18 sous
2985 4536 25 21 la
3028 4537 113 22 direction
3162 4539 28 21 de
3206 4543 43 17 son

2723 4558 60 23 chef,
2799 4558 22 21 le
2837 4558 130 23 lieutenant
2980 4561 75 21 Snoel.
3072 4563 66 20 Cette
3154 4563 82 21 harmo-

2723 4583 38 20 nie
2781 4583 95 21 exécuta
2896 4583 34 22 les
2948 4585 116 22 meilleurs
3081 4591 123 17 morceaux
3219 4589 30 20 de

2723 4611 42 17 son
2776 4606 131 25 répertoire,
2922 4611 25 20 et
2959 4610 146 22 notamment
3117 4612 25 20 la
3158 4621 9 8 »
3184 4614 52 19 Mar-

2724 4632 44 22 che
2789 4633 40 21 des
2848 4633 93 22 Diables
2963 4635 94 25 Uolrs.,
3078 4636 29 21 de
3128 4637 79 25 Mahy,
3224 4637 24 22 to

2725 4665 9 9 •
2753 4657 140 24 Symphonie
2911 4659 123 22 inachevée
3053 4669 9 10 .
3082 4661 30 21 de
3129 4662 118 22 Schubert.

2722 4681 23 22 le
2765 4689 10 10 «
2796 4682 131 24 Capricloso
2948 4685 109 23 espagnol
3075 4693 9 9 .
3108 4687 28 19 de
3154 4687 94 24 P.lmsky

2723 4707 130 22 Korsakow.
2867 4708 22 21 le
2907 4714 9 13 ■
2935 4709 77 20 Ballet
3028 4710 41 21 des
3085 4710 88 21 Heures
3191 4719 9 10 .
3219 4712 29 21 de

2722 4732 132 22 Ponchlelli.
2867 4733 25 20 et
2904 4737 34 17 un
2952 4734 130 23 pot-pourri
3096 4739 41 16 sur
3149 4735 41 22 des
3201 4736 46 21 airs

2722 4756 135 23 populaires.
2874 4762 9 11 «
2897 4757 70 22 Tiens
2976 4758 6 20 !
3000 4759 60 21 voilà
3074 4759 105 21 Mathieu
3192 4768 10 10 •
3218 4761 29 21 de

2722 4781 157 23 Daltzenberg,
2894 4786 144 20 programme
3051 4783 40 23 qui
3104 4784 77 22 obtint
3195 4785 52 21 tous

2722 4805 33 20 les
2771 4806 115 22 suffrages
2901 4806 29 21 de
2944 4807 146 21 l'assistance.

2747 4830 34 20 La
2792 4831 96 20 seconde
2900 4831 74 23 partie
2987 4832 32 21 du
3029 4836 150 21 programme,
3190 4838 44 17 con-

2721 4854 77 21 sistait
2814 4859 31 16 en
2860 4854 24 21 la
2900 4855 182 24 représentation
3099 4857 29 21 de
3144 4858 22 20 la
3183 4858 63 24 pièce

2720 4882 32 17 en
2768 4879 57 21 trois
2842 4879 63 24 actes
2923 4887 10 11 .
2949 4880 22 21 A
2984 4881 61 22 l'Est,
3059 4881 33 21 du
3106 4886 105 18 nouveau
3227 4892 18 14 »,

2722 4903 28 20 de
2761 4903 108 25 Luclgny.

2747 4928 66 20 Cette
2828 4933 84 17 œuvre,
2923 4929 166 22 puissamment
3103 4929 142 25 émouvante,

2721 4952 38 20 fut
2775 4952 113 22 défendue
2904 4957 55 17 avec
2973 4958 33 16 un
3020 4955 73 23 grand
3108 4956 79 20 succès
3203 4961 43 19 par

2721 4976 55 22 MUe
2796 4977 65 24 Fany
2879 4977 65 23 Prils,
2964 4978 57 20 MM.
3039 4979 108 24 Lucigny,
3166 4980 78 22 Saviè-

2722 5006 42 17 res,
2779 5001 123 23 Schouten.
2918 5003 35 20 De
2968 5003 82 22 Coene.
3062 5004 106 22 Antoine.
3184 5006 60 21 Bur-

2721 5025 43 21 tln.

2746 5050 39 20 Un
2798 5049 45 23 bal.
2857 5050 40 21 des
2911 5050 52 25 plus
2976 5051 84 24 animé,
3073 5052 101 22 termina
3184 5055 60 21 cette

2721 5074 58 21 belle
2797 5074 73 22 soirée
2890 5076 126 25 artistique,
3035 5076 39 25 qui
3094 5078 45 25 fut,
3158 5079 52 22 tout
3229 5080 16 22 &

2721 5098 120 21 l'honneur
2856 5099 29 21 de
2900 5104 36 17 ses
2951 5101 169 23 organisateurs
3139 5107 7 18 :
3165 5111 11 11 •
3192 5104 40 22 Jeu-

2721 5127 41 16 nes
2773 5124 24 20 et
2807 5124 95 21 anciens
2915 5132 19 13 >.
2945 5134 29 7 —
2984 5126 29 20 A.

2750 5176 35 27 U
2801 5170 115 35 SOIRÉE
2934 5178 41 28 DU
2993 5179 222 30 GROUPEMENT

2859 5215 42 28 PO
2902 5216 159 30 ST-SCOLAI
3067 5220 40 27 RE

2744 5271 31 23 Ls
2817 5272 157 25 Groupement
3015 5275 160 23 Post-scolaire
3214 5277 29 22 de

2720 5297 141 22 Schaerbeek
2880 5299 36 21 est
2934 5299 29 21 de
2982 5300 52 21 tous
3052 5301 35 22 les
3103 5303 139 24 organismes

2719 5323 106 20 scolaires
2842 5323 48 22 l'un
2908 5324 41 22 des
2966 5325 52 25 plus
3035 5327 183 24 entretenants.

2745 5348 32 21 Sa
2798 5348 72 22 soirée
2891 5350 119 25 artistique
3029 5351 29 23 de
3079 5352 88 22 samedi
3188 5353 41 22 réu-

2717 5372 38 24 nit
2767 5378 32 17 un
2809 5374 74 24 public
2897 5375 209 25 particulièrement
3117 5378 125 22 nombreux

3332 1321 38 27 LE
3382 1321 122 28 CERCLE
3520 1320 207 29 D'EDUCATION

3323 1360 113 31 PHYSIQ
3440 1361 42 27 UE
3498 1361 121 27 CHARLE
3621 1361 17 28 S
3657 1361 82 28 BULS

3294 1422 58 22 Sous
3361 1417 32 27 'la
3407 1422 132 25 présidence
3555 1425 21 21 si
3591 1423 114 21 autorisée
3721 1423 28 22 de
3762 1424 33 21 M.

3270 1448 25 20 V.
3309 1448 132 25 Rombouts,
3455 1448 22 21 le
3491 1448 73 22 cercle
3579 1448 143 22 d'éducation
3734 1449 60 25 phy-
3801 1455 4 6 •

3268 1472 63 26 slque
3345 1473 96 21 Charles
3452 1473 56 22 Buis
3521 1478 16 16 a
3549 1472 83 25 donné,
3644 1474 87 21 samedi
3742 1475 50 23 soir,

3269 1502 31 17 au
3322 1498 76 21 Palais
3417 1498 41 21 des
3480 1499 151 24 Beaux-Arts,
3653 1503 46 17 une
3722 1498 72 23 soirée

3270 1523 113 21 dansante
3401 1523 76 22 corsée
3496 1523 167 22 d'intermèdes.

3295 1553 78 22 Public
3396 1554 117 23 mondain.
3536 1555 123 21 Orchestre
3678 1555 116 22 excellent

3271 1579 129 22 Assistance
3417 1580 135 24 charmante
3568 1582 26 20 et
3610 1580 130 21 charmée...
3757 1581 38 22 On

3270 1604 154 22 tourbillonna
3455 1602 60 27 tard,
3545 1604 48 23 très
3624 1605 60 23 tard,
3714 1610 81 17 encore

3269 1628 77 26 plus...

3296 1661 33 20 La
3344 1661 76 21 bonne
3448 1661 98 22 humeur
3560 1662 25 21 et
3599 1662 23 21 le
3650 1662 47 23 bon
3711 1662 44 23 ton
3768 1672 27 7 —

3271 1686 109 24 premiers
3393 1686 82 22 invités
3489 1687 29 22 ds
3531 1687 24 21 la
3566 1687 97 22 réunion
3675 1698 28 5 —
3716 1688 86 22 furent"

3271 1715 48 16 non
3334 1711 127 21 seulement
3479 1712 136 23 remarqués,
3635 1713 59 21 mais
3713 1713 83 25 appré-

3293 1735 23 23 és
3329 1735 134 23 infiniment
3476 1741 45 20 par
3534 1737 165 22 l'assistance...

3296 1767 37 21 Au
3350 1767 59 21 total
3419 1772 6 16 :
3446 1768 92 22 nouVsu
3556 1768 78 23 succès
3653 1769 16 21 à
3687 1770 78 23 porter
3780 1770 15 21 à

3271 1792 73 21 l'actif
3363 1793 28 20 de
3411 1793 24 21 la
3453 1793 103 23 fameuse
3575 1794 88 22 section
3683 1795 29 21 de
3730 1799 53 21 gym-

3271 1817 105 25 nastique
3390 1817 140 23 bruxelloise.
3545 1828 28 7 —
3586 1819 24 20 J.

3339 1889 38 27 AU
3397 1889 122 30 CERCLE
3537 1890 193 33 ARTISTIQUE

3299 1927 39 28 DE
3361 1928 81 28 BERC
3446 1929 175 27 HEM-SAINT
3622 1930 150 28 E-AGATHE

3297 1978 31 21 Le
3346 1977 97 23 vaillant
3462 1979 72 22 cercle
3553 1980 120 25 artistique
3691 1981 29 21 de
3739 1981 58 22 Ber-

3271 2002 261 26 chem-Sainte-Agathe
3556 2005 36 20 est
3601 2005 153 26 .décidément
3775 2006 23 26 Je

3271 2027 52 25 plus
3336 2028 99 21 aimable
3448 2028 40 21 des
3504 2043 23 6 ...
3545 2037 10 10 .
3572 2030 139 21 récidivistes
3727 2038 30 14 ...

3296 2059 100 23 Samedi,
3410 2064 43 16 son
3479 2057 124 27 président,
3630 2061 22 21 le
3679 2059 119 24 conseiller

3271 2084 131 20 communal
3422 2085 32 20 M.
3474 2084 106 25 Tellléhs,
3598 2086 97 21 entouré
3715 2087 29 21 de
3760 2091 38 17 ses

3271 2108 122 21 excellents
3409 2109 177 22 collaborateurs
3598 2110 121 24 habituels,
3734 2112 64 20 avait

3271 2132 72 21 invité
3359 2133 25 21 la
3400 2133 62 22 foule
3479 2134 41 21 des
3533 2134 59 21 amis
3607 2135 25 21 et
3647 2135 41 21 des
3704 2141 80 19 sympa-

3272 2157 101 22 thisants
3397 2157 15 21 à
3435 2162 33 17 un
3488 2158 39 21 bal
3550 2159 95 21 travesti
3653 2175 5 4 .
3668 2160 60 22 dans
3751 2166 46 16 une
3805 2177 7 10 ,

3271 2182 57 20 salle
3341 2182 28 21 de
3382 2182 24 20 la
3416 2182 110 22 chaussée
3540 2184 28 20 de
3582 2184 75 21 Gand.
3670 2185 128 21 Résumons

3272 2206 33 21 les
3333 2206 147 26 impressions
3512 2208 126 22 recueillies
3669 2214 31 16 en
3731 2215 67 16 cours

3274 2239 9 9 »
3301 2232 121 20 d'exercice
3440 2240 9 10 .
3471 2237 6 16 :
3496 2233 124 21 assemblée
3634 2234 162 23 enthousiaste,

3272 2255 153 25 chaleureuse,
3448 2256 126 22 étonnante
3596 2258 29 21 de
3646 2259 105 24 Jeunesse
3773 2262 24 19 et

3272 2280 137 21 d'entrain...
3440 2282 114 21 costumes
3580 2283 63 21 aussi
3672 2284 125 21 nombreux

3272 2305 210 25 qu'intéressants...
3499 2306 72 21 soirée
3585 2312 46 17 une
3644 2308 47 21 fols
3705 2309 29 20 de
3746 2309 55 25 plua

3272 2330 101 24 parfaite
3385 2330 15 21 à
3416 2331 52 21 tous
3482 2331 77 25 points
3575 2332 29 21 de
3617 2336 50 18 vue.
3681 2342 28 7 —
3722 2333 22 21 J.

3416 2416 15 18 «
3449 2416 173 29 EXCELSIOR
3638 2417 16 18 »

3300 2473 10 10 «
3326 2465 115 22 Excelsior
3457 2474 10 10 •
3481 2476 28 6 —
3524 2466 22 22 le
3559 2467 73 21 cercle
3649 2468 40 21 des
3704 2468 94 22 anciens

3272 2489 74 22 élèves
3362 2492 25 20 et
3403 2490 74 21 élèves
3494 2491 28 22 de
3539 2491 76 22 l'école
3633 2493 107 24 primaire
3757 2498 28 16 su-

3272 2514 102 25 périeure
3395 2515 29 21 de
3444 2516 134 21 Molenbeek
3599 2527 28 6 —
3644 2517 73 21 cercle
3737 2517 16 22 à
3773 2518 24 21 la

3273 2544 10 11 «
3301 2540 231 24 devise-programme
3554 2548 19 17 .,
3589 2548 16 16 a
3624 2541 69 22 voulu
3713 2546 44 20 que
3776 2542 22 21 le

3272 2564 38 20 bal
3323 2564 100 25 masqué,
3434 2565 56 25 paré
3502 2566 25 20 et
3539 2565 96 22 travesti
3647 2566 29 22 de
3690 2567 50 21 1933
3753 2568 44 20 soit

3272 2589 68 24 digne
3353 2589 28 22 de
3394 2594 37 16 ses
3445 2589 141 25 précédents.

3297 2620 65 21 Dans
3375 2620 34 21 les
3425 2620 76 21 vastes
3514 2621 78 21 salons
3608 2622 54 22 d'un
3679 2622 105 23 établisse-

3272 2645 65 20 ment
3354 2652 11 10 «
3384 2644 153 25 plein-centre
3555 2654 10 10 ■
3583 2646 29 22 de
3630 2647 24 20 la
3670 2652 127 19 commune,

3273 2669 137 22 l'inlassable
3427 2670 84 21 comité
3528 2670 32 22 du
3577 2673 150 23 groupement
3743 2677 43 20 par-

3272 2694 51 20 vint
3336 2694 16 21 à
3362 2693 79 22 réunir
3455 2698 45 17 une
3513 2695 126 21 assistance
3650 2697 62 21 aussi
3725 2697 61 22 éclec-

3272 2718 62 25 tique
3350 2722 44 21 que
3411 2719 139 25 pittoresque
3571 2725 6 16 :
3589 2720 75 22 xhoix
3679 2721 28 22 de
3721 2723 65 21 costu-

3272 2747 49 17 mes
3336 2743 94 24 parfait,
3445 2744 93 22 entrain
3554 2745 111 22 endiablé.

3297 2774 58 20 MM.
3376 2774 22 20 le
3414 2774 118 25 président
3548 2776 116 25 Couvrier,
3684 2777 23 22 le
3723 2778 63 22 secré-

3274 2798 59 22 taire
3354 2799 93 25 Duquet
3467 2800 25 21 et
3513 2800 61 22 leurs
3594 2805 156 21 compagnons
3770 2803 29 21 de

3274 2823 84 21 travail
3374 2824 43 20 ont
3429 2834 28 6 —
3474 2824 111 22 disons-le
3600 2830 56 17 sans
3673 2827 86 21 hésiter
3774 2837 26 6 —

3275 2847 87 23 mérité,
3379 2853 45 17 une
3439 2849 45 21 fols
3501 2849 29 22 de
3547 2850 59 25 plus,
3618 2850 35 21 les
3670 2851 52 25 plus

3275 2872 155 21 félicitations.
3441 2884 28 5 —
3481 2874 22 21 J.

3320 2941 439 53 MONITEUR

3468 3001 25 17 du
3504 3001 22 17 28
3537 3001 70 18 férrler

3490 3053 96 17 JUSTICE

3298 3077 94 17 Notariat.
3405 3086 23 5 —
3441 3078 33 17 Est
3487 3079 89 20 acceptée
3588 3079 21 18 la
3622 3079 102 19 démission
3738 3081 23 18 d*
3772 3082 26 17 M.

3276 3097 92 17 Germain
3381 3098 39 19 Ch.,
3435 3098 24 17 de
3472 3098 93 18 Cb&telet

3298 3124 48 16 Sont
3359 3124 84 16 nommés
3456 3125 85 16 notaires
3556 3128 6 14 :
3575 3125 93 21 Chitelet,
3681 3126 26 17 M.
3720 3127 80 20 Jacqaet

3277 3143 28 19 E.;
3319 3143 89 20 Lokeren,
3422 3145 25 15 M.
3461 3145 28 16 De
3501 3145 79 17 Qbeest.

3292 3199 126 40 AUX
3458 3199 322 43 FUMEURS

3303 3251 59 20 Vous
3389 3255 86 21 pouvez
3502 3256 93 17 vaincre
3618 3252 125 23 l'habitude
3771 3256 27 19 dï

3276 3276 76 20 fumer
3373 3280 31 17 en
3426 3276 57 21 trois
3504 3276 70 25 Jours,
3596 3277 120 22 améliorer
3736 3279 63 21 votre

3275 3300 68 22 santé
3361 3302 25 20 et
3407 3301 121 25 prolonger
3548 3303 64 20 votre
3632 3302 42 22 vie.
3695 3303 55 23 Plus
3770 3304 28 20 de

3276 3325 100 21 troubles
3401 3326 129 23 d'estomac,
3551 3327 53 24 plus
3628 3327 29 21 de
3683 3329 116 21 mauvaise

3276 3350 98 24 haleine,
3387 3350 52 26 plus
3453 3351 30 21 de
3499 3351 107 22 faiblesse
3621 3352 29 21 de
3666 3357 70 17 cœur.
3752 3354 35 21 Re-

3275 3379 95 17 couvres
3383 3377 64 20 votre
3461 3376 101 24 vigueur,
3575 3377 88 21 calmez
3676 3382 40 17 vos
3729 3378 70 23 nerfs,

3276 3400 139 22 éclalrclssez
3426 3402 64 20 votre
3501 3405 43 17 vue
3554 3402 24 22 et
3589 3402 136 25 développez
3736 3405 64 21 votre

3276 3425 62 21 force
3351 3425 109 21 mentale.
3472 3425 50 24 Que
3536 3430 56 18 vous
3604 3426 85 22 fumiez
3701 3428 22 20 la
3736 3429 50 25 ciga-

3276 3450 65 23 rette,
3355 3450 21 23 le
3389 3450 83 24 cigare,
3483 3450 24 21 la
3520 3451 52 24 pipe
3585 3456 30 17 ou
3628 3456 44 20 que
3682 3457 56 16 vous
3751 3454 36 24 pri-

3275 3475 52 24 siez,
3344 3475 124 21 demandez
3483 3480 55 16 mon
3551 3476 57 21 livre
3623 3477 21 20 si
3660 3477 138 22 intéressant

3275 3504 59 20 pour
3349 3501 52 20 tous
3417 3500 33 22 les
3466 3500 110 22 fumeurs.
3589 3501 21 22 Il
3627 3503 56 20 vaut
3699 3506 42 17 son
3758 3508 28 20 pe-

3275 3525 55 21 sant
3347 3525 56 21 d'or.
3416 3525 72 21 Envol
3507 3525 78 25 gratis.
3605 3526 24 21 E.
3648 3526 22 21 J.
3686 3526 113 25 WOODS,

3275 3549 50 24 Ltd,
3343 3550 46 23 167,
3409 3550 86 21 Strand
3519 3550 47 23 (321
3586 3550 28 22 T.
3632 3551 26 22 A.
3673 3552 45 23 P.),
3738 3553 47 21 Lon-

3277 3575 59 21 dres.
3352 3575 27 20 W
3396 3574 25 21 C.
3434 3575 21 21 2.
3717 3578 83 21 (H1223

3290 3664 495 67 EAU..CARMES

3474 3744 249 67 BOYER

3505 3877 36 24 est
3551 3870 172 35 indispensable

3352 3911 15 24 à
3378 3912 66 23 toute
3455 3910 116 28 maltresse
3581 3905 33 30 de
3628 3911 93 30 maison,

3352 3940 45 28 afin
3411 3939 34 31 de
3458 3945 102 29 pouvoir
3571 3945 50 25 être
3634 3940 89 29 utilisée

3352 3985 31 19 en
3393 3981 67 23 toute
3471 3980 112 24 occasion
3589 3985 9 19 :

3351 4034 147 30 MALAISES,
3507 4034 88 25 MAUX
3602 4035 34 25 DE
3642 4035 82 25 CŒUR

3440 4067 88 27 MAUX
3536 4069 35 25 DE
3580 4066 58 29 TÈTE

3392 4103 158 27 DIGESTIONS
3565 4101 117 29 PENIBLES

3352 4161 88 29 Contre
3453 4173 111 22 vapeurs,
3577 4163 144 28 étourdisse-

3351 4204 79 24 ments,
3436 4207 32 18 ou
3471 4201 16 24 à
3490 4197 23 29 la
3517 4202 65 25 suite
3586 4197 60 30 d'un
3651 4208 72 24 coup,

3349 4230 77 30 d'une
3432 4230 81 35 chute,
3517 4232 31 29 tf
3547 4243 50 18 une
3605 4236 117 26 émotion.

3424 4298 88 28 S'emploie
3523 4304 29 12 sur
3563 4298 24 19 du
3595 4304 54 16 KKrn,

3370 4317 44 21 SsttS
3426 4318 24 20 dc
3462 4325 42 13 ItN
3519 4319 60 18 fr.iche
3593 4325 24 13 OU
3628 4325 22 13 Cil
3661 4324 42 18 gF0g

3366 4460 55 31 LA
3440 4461 251 32 LESS1VFUSE

3301 4495 82 47 LA
3400 4495 356 51 FLAMANDE

3308 4552 49 17 Lace
3367 4553 20 16 et
3398 4553 55 15 sèche
3461 4553 19 16 le
3489 4553 51 19 Unre
3550 4558 45 13 ,im
3607 4555 148 18 manipulations

3367 4572 91 16 La.eu.e»
3471 4572 111 18 éleetrl__aea
3596 4578 25 13 en
3635 4574 64 17 enivre

3309 4595 45 13 arec
3368 4592 96 16 tordenses
3479 4593 19 16 et
3513 4597 105 14 easorenses
3634 4595 120 19 eentrlfurea.

3308 4611 27 16 En
3349 4611 46 18 bols,
3408 4612 65 18 depuis
3486 4613 32 16 sût,
3531 4613 72 19 francs,
3616 4616 45 15 arec
3674 4615 80 16 moteur.

3379 5113 24 17 Le
3416 5115 62 19 grand
3491 5116 64 18 succès
3569 5121 48 17 pour
3630 5119 44 17 1D3Î

3302 5151 27 18 b
3338 5137 414 41 nouTeueAufolaveuseCentrifuge

3306 5191 46 7 ._~
3357 5172 41 17 E<:n
3397 5176 21 13 **
3419 5172 6 16 l
3424 5177 13 16 «
3436 5175 79 16 ,iement
3514 5179 10 13 '
3537 5180 22 13 «
3560 5180 10 12 r
3581 5177 92 18 demande
3687 5182 8 14 :

3302 5191 50 17 *c*
3432 5208 6 6 .
3450 5194 90 24 effra,..
3552 5211 14 9 ..

3293 5220 81 27 USlnP"
3386 5222 19 16 K
3407 5233 5 5 -
3424 5219 125 26 Immobile,
3563 5221 33 20 les
3607 5225 57 19 yeux
3676 5227 75 20 c-„i,

3293 5239 14 12 u
3309 5239 69 27 '"t}ue
3396 5244 21 20 le
3434 5245 63 20 train
3513 5245 82 21 veuille
3612 5246 52 21 bien
3680 5239 72 28 s'èffU

3285 5264 89 27 -Malgré
3392 5272 43 17 son
3452 5269 100 24 anxiété,
3570 5271 24 20 la
3609 5271 63 21 reine
3688 5271 41 21 des

3284 5297 12 15 e
3309 5294 54 21 peut
3377 5293 139 25 s'empêcher
3531 5295 27 21 de
3572 5296 52 20 rire.
3637 5306 28 5 —
3677 5296 51 21 Mé-

3285 5321 28 18 :n,
3333 5317 89 22 dit-elle
3440 5319 16 20 à
3474 5320 70 24 Boby,
3556 5317 81 24 Voulez
3653 5320 75 21 lente-

3285 5343 79 20 uitour
3375 5343 29 21 de
3418 5344 94 23 griffon.
3526 5345 61 21 C'est
3600 5350 55 16 mon
3670 5347 58 23 tour,

3294 5366 61 26 "hul,
3368 5368 122 21 d'admirer
3501 5369 34 21 les
3546 5371 88 20 statues
3643 5371 7 20 I

948 5612 4 4 .
