3963 5690
961 1 90 27 CjKW'
1052 2 3 8 1
1056 2 5 12 '

3669 0 8 10 '
3687 0 147 28 «.'AiW.W.-JBH

1769 194 119 20 NATION
1909 195 108 23 BELGE,
2038 195 27 19 21
2085 195 60 19 MAI
2165 194 62 21 1932.

112 259 60 22 MM.
204 262 102 24 Franck,
340 263 92 26 Segers,
465 264 109 27 Hymans
605 266 26 21 et

113 288 95 26 Jaspar.
224 290 22 20 Il
264 295 16 16 a
297 295 57 22 reçu
371 293 134 25 également
522 294 32 20 M.
575 294 54 26 Sap,

111 316 82 22 tandis
205 323 45 21 que
261 319 33 21 M.
307 320 127 26 Petitjean,
447 322 69 25 après
529 327 32 15 un
573 322 57 26 long

111 347 119 22 entretien
244 352 58 17 avec
317 349 33 21 M.
364 350 110 24 Dierckx,
490 350 137 23 soumettait

112 375 16 20 à
145 376 32 20 M.
191 375 97 27 légers,
305 378 121 25 président
441 379 29 20 de
487 378 24 21 la
527 379 91 21 Fédéra-

112 403 52 21 tion
181 404 42 21 des
240 405 95 22 Cercles
353 407 157 25 Catholiques,
528 407 35 21 les
581 409 38 19 ter-

113 437 52 16 mes
186 433 29 21 de
234 433 110 22 l'accord-
358 440 41 15 sur
419 435 75 25 lequel
515 436 35 20 les
571 441 47 21 gau-

112 461 57 20 ches
184 462 110 21 libérales
309 463 97 21 allaient
419 464 122 21 délibérer.

142 490 33 20 M.
197 491 86 28 Segc.;s
304 492 83 21 estime
407 497 45 20 que
479 493 39 20 cet
544 494 85 23 accord

112 522 57 17 *era
189 519 80 21 ratifié
288 525 46 20 par
352 521 54 20 *ous
425 520 35 21 les
479 525 102 22 groupes
600 522 29 20 de

112 544 26 23 la
151 547 117 21 Chambre
283 549 24 20 et
320 549 32 20 du
365 549 80 20 Sénat.

179 592 51 30 Les
252 592 306 32 démocrates-chrétiens

109 626 12 14 r

109 656 8 9 •
173 654 7 6 -
254 642 64 29 chez
333 642 37 29 M.
385 642 101 31 Renkin

112 700 4 7 ,
142 686 25 20 A
181 686 25 21 la
223 686 36 21 fin
275 686 29 21 de
319 687 25 20 la
360 687 110 23 matinée,
486 688 33 20 M.
536 688 92 20 Renkin

113 718 16 17 a
143 719 56 21 reçu
213 719 45 16 une
273 715 134 26 délégation
422 716 41 20 des
476 716 152 20 travailleurs

114 743 125 22 chrétiens,
252 744 123 25 composée
387 744 42 20 des
441 744 123 21 sénateurs
576 745 53 20 Van

114 771 138 26 Overbergh
271 772 25 21 et
314 773 136 23 Tschoffen,
470 773 42 20 des
530 770 99 29 députés

117 800 117 21 Rubbens.
260 801 85 20 Marck
370 801 24 20 et
418 801 106 21 Mathieu
550 802 25 20 et
599 802 29 20 de

113 828 33 20 M.
158 828 116 25 Pamvels,
287 829 122 26 président
421 830 29 20 de
463 830 24 20 la
500 830 73 26 Ligue
586 831 42 20 des

113 857 160 21 Travailleurs
289 858 125 20 chrétiens.
438 859 46 20 Ces
501 859 128 20 messieurs

114 886 42 20 ent
171 886 71 20 remis
258 891 31 15 au
303 887 103 24 premier
420 883 108 24 ministre
543 887 85 21 l'ordre

114 914 32 20 du
164 914 55 25 jour
237 915 68 25 qu'ils
324 915 42 20 ont
384 915 58 20 voté
456 915 65 26 jeudi
540 916 25 20 et
583 921 45 20 que

113 947 62 16 nous
194 948 74 15 avons
286 943 80 26 publié
386 944 59 20 dans
464 949 44 15 nos
527 944 101 22 éditions

114 971 30 20 ds
162 971 118 21 vendredi.
300 972 34 20 Ils
353 972 42 21 ont
414 972 83 21 insisté
517 977 42 16 sur
577 973 52 21 leur

113 1000 65 20 désir
189 1000 28 20 de
229 1005 126 16 conserver
365 1001 60 20 trois
436 1001 121 20 ministres
568 1001 61 20 dans

113 1028 25 20 la
156 1029 106 21 nouvelle
281 1029 161 21 combinaison
460 1029 167 21 ministérielle.

133 1057 119 22 .Certains
265 1057 90 21 d'entre
368 1062 46 16 eux
428 1058 41 20 ont
482 1058 102 25 suggéré
597 1063 31 15 au

114 1085 107 24 Premier
239 1086 109 20 ministre
368 1086 28 21 de
416 1086 112 21 détacher
548 1086 21 21 le
589 1087 29 20 dé-

114 1114 135 25 partement
268 1114 29 21 de
317 1114 133 21 l'Industrie
469 1115 29 20 de
517 1115 61 20 celui
597 1115 32 21 du

115 1142 95 21 Travail
230 1143 25 20 et
274 1143 29 20 de
322 1143 23 20 la
364 1143 151 25 Prévoyance
536 1143 92 20 sociale.

115 1170 36 20 On
169 1171 107 25 pourrait
293 1171 28 20 de
339 1171 24 20 la
380 1171 70 24 sorte,
468 1171 16 20 à
500 1171 52 21 leur
569 1172 58 23 avis,

115 1199 67 20 créer
193 1203 41 16 'un
255 1204 107 16 nouveau
383 1199 125 21 ministère
525 1200 29 20 de
575 1200 43 21 l'In-

114 1227 90 21 dustrie
222 1226 24 22 et
263 1228 32 20 du
312 1228 143 22 Commerce.,
473 1228 23 20 la
513 1228 115 21 direction

114 1255 36 21 du
162 1260 132 18 .commerce
312 1256 67 21 étant
396 1257 112 20 détachée
525 1257 42 20 des
585 1257 34 20 Af-

113 1284 75 21 faires
202 1284 144 25 étrangères.
359 1285 63 20 Mais
435 1286 33 19 M.
482 1285 93 20 Renkin
588 1286 40 25 qui

116 1317 31 16 ne
177 1313 60 20 croit
259 1318 45 20 pas
334 1313 57 21 utile
422 1314 163 24 d'augmenter
607 1313 22 21 le

114 1341 98 20 nombre
228 1341 42 21 des
285 1342 141 22 ministères,
443 1347 29 14 ne
487 1342 52 20 leur
553 1346 16 15 a
584 1346 45 21 pas

116 1369 74 21 caché
214 1374 45 21 que
284 1370 62 20 cette
371 1370 138 31 puggestrjon
539 1374 31 16 ne
595 1370 33 20 lui

114 1398 129 25 paraissait
258 1402 45 21 pas
317 1398 121 21 heureuse.

112 1435 49 31 Les
175 1436 92 30 visites
289 1436 31 30 de
341 1436 122 30 vendredi
477 1435 154 37 après-midi

262 1485 63 30 chez
339 1485 37 30 M.
390 1485 99 30 Renkin

144 1529 117 21 Vendredi
282 1529 143 26 après-midi,
446 1530 32 20 M.
500 1530 92 21 Renkin
614 1535 16 16 a

116 1561 56 22 reçu
188 1563 32 15 au
236 1558 121 21 ministère
373 1558 42 21 des
431 1559 122 23 Finances,
570 1558 59 22 MM.

114 1586 89 25 Cyrille
222 1586 52 21 Van
296 1586 136 26 Overbergh
453 1586 105 25 .Poullet,
580 1587 48 26 Sap

115 1615 26 22 et
157 1615 116 25 Heyman.

123 1652 5 3 •
142 1643 33 21 Le
198 1643 107 21 Premier
326 1643 108 21 ministre
456 1648 30 16 ne
509 1648 108 17 commen-

115 1672 56 20 cera
191 1672 186 25 qu'aujourd'hui
397 1672 90 20 samedi
506 1672 15 21 à
542 1673 76 20 s'occu-

113 1703 44 22 per
170 1700 28 21 de
212 1700 25 20 la
252 1700 139 25 répartition
405 1701 41 20 des
459 1700 168 26 portefeuilles.

114 1726 32 23 Le
158 1728 55 21 vote
225 1728 29 21 de
265 1728 84 21 l'ordre
362 1729 31 20 du
405 1729 54 24 jour
470 1729 42 20 des
523 1729 105 26 gauches

114 1756 109 21 libérales
238 1757 34 20 lui
287 1757 91 25 permet
393 1757 81 20 d'aller
488 1757 29 21 de
532 1757 95 21 l'avant.

115 1785 66 20 Dans
198 1790 43 17 son
257 1786 135 25 entourage,
410 1790 30 15 on
457 1785 60 21 croit
532 1790 45 21 que
593 1785 35 21 les

115 1813 84 21 choses
219 1814 61 20 Iron'
300 1814 68 20 vîtes.

124 1867 5 4 '
142 1858 39 30 M.
194 1858 151 36 Huysmans
359 1862 69 27 reste
441 1859 18 30 à
473 1859 123 30 Zurich...

143 1904 45 19 Les
204 1904 131 20 socialistes
350 1909 26 16 se
392 1904 55 20 sont
461 1904 104 21 associés
580 1909 48 16 aux

113 1931 103 22 travaux
230 1932 29 21 de
274 1932 24 21 la
312 1933 155 20 Commission
482 1933 101 25 spéciale
598 1933 29 21 de

113 1960 25 21 la
151 1961 117 20 Chambre
281 1961 39 25 qui
333 1966 15 15 a
361 1961 119 26 approuvé
493 1961 22 21 le
530 1962 97 25 rapport

113 1988 99 26 poullet.

139 2018 144 20 M~Reiakin
302 2022 15 16 a
334 2018 71 25 pensé
423 2018 55 25 qu'il
496 2018 79 21 fallait
593 2018 35 20 les

114 2046 87 20 mettre
220 2051 31 16 au
270 2047 100 20 courant
388 2046 29 21 de
436 2046 100 21 l'accord
555 2046 62 21 inter-

114 2079 61 16 venu
186 2079 42 16 sur
237 2074 24 21 la
272 2075 107 25 question
390 2075 158 25 linguistique,
560 2075 67 20 entre

114 2103 35 21 les
165 2103 110 26 délégués
291 2103 42 20 des
349 2108 102 21 groupes
466 2103 29 21 de
511 2103 25 21 la
552 2104 65 24 majo-

113 2131 53 21 rité.
180 2131 21 21 Il
216 2136 16 16 a
246 2132 146 25 télégraphié
406 2137 16 15 a
435 2132 33 21 M.
482 2132 144 26 Huysmans,

115 2159 158 26 porte-parole
303 2158 104 23 habituel
432 2160 41 20 des
497 2160 131 21 socialistes

114 2187 126 25 flamands,
259 2188 22 21 le
299 2189 80 25 priant
397 2188 29 21 de
444 2188 67 23 venir
528 2188 23 21 le
569 2189 56 21 voir.

113 2216 69 21 Mais-
192 2217 33 19 M.
242 2217 143 24 Huysmans,
403 2217 83 20 retenu
503 2217 15 20 à
535 2217 89 24 Zurich,

114 2250 15 15 a
144 2245 113 20 demandé
271 2245 16 20 à
301 2250 42 16 son
357 2245 104 25 collègue
476 2245 30 21 de
519 2245 105 24 Malines,

112 2273 33 21 M.
159 2273 128 25 Bouchery,
300 2273 29 21 de
342 2278 25 16 se
380 2274 90 21 rendre,
484 2274 15 20 à
511 2278 29 16 sa
553 2274 71 25 place,

113 2301 16 20 à
143 2302 142 20 l'invitation
301 2302 31 20 du
347 2302 106 21 Premier
467 2302 115 21 ministre.

140 2330 32 20 M.
195 2330 95 20 Renkin
314 2335 16 15 a
353 2330 133 24 ^«rfalement
509 2330 119 23 convoqué

114 2362 32 16 un
171 2358 118 20 socialiste
313 2358 91 23 wallon,
429 2359 32 20 M.
486 2358 66 21 Jules
576 2359 41 21 Ma-

113 2384 76 26 thieu,

179 2423 67 31 MM.
260 2425 134 35 Bonchery
407 2427 26 28 et
446 2424 118 31 Mathieu

132 2500 7 11 ,
148 2475 11 37 J
169 2478 7 8 '
192 2472 63 30 chez
268 2473 24 29 le
305 2472 116 31 Premier
434 2472 120 31 ministre

134 2516 41 21 -M.
182 2516 100 20 -Renkin
297 2521 15 15 a
327 2521 61 20 reçu,
403 2517 16 20 à
433 2517 15 20 5
462 2517 91 22 heures,
568 2517 56 20 MM.

113 2544 123 26 Bouchery
251 2545 25 20 et
291 2545 22 20 J.
328 2545 114 24 Mathieu,
457 2545 111 25 délégués
582 2550 46 21 par

112 2572 22 22 le
156 2573 88 20 bureau
263 2573 32 21 du
314 2578 90 21 groupe
423 2574 126 20 socialiste.

141 2602 59 20 MM.
221 2602 120 25 Petitjean
363 2603 24 19 et
408 2603 55 24 Sap.
478 2603 41 20 ont
540 2603 87 23 assisté

113 2630 19 20 à
141 2629 127 21 l'entrevue
282 2635 31 15 au
326 2635 69 15 cours
407 2631 28 20 de
448 2631 99 25 laquelle
560 2631 58 21 l'éco-

112 2659 78 20 nomie
210 2659 29 20 de
259 2659 24 20 la
303 2660 106 20 nouvelle
429 2660 103 20 formule
551 2665 17 16 a
587 2660 39 20 été

113 2687 99 25 exposée
226 2692 48 15 aux
287 2687 61 21 deux
361 2688 99 26 députés
474 2689 45 25 qui,
534 2693 30 16 on
578 2689 50 20 s'en

113 2716 114 23 souvient,
247 2716 42 20 ont
307 2717 50 25 pris
376 2721 45 16 une
439 2717 57 25 part
513 2717 78 21 active
610 2717 19 21 à.

111 2743 25 21 la
152 2744 130 21 discussion
298 2745 41 20 des
355 2745 91 26 projets
462 2745 118 21 scolaires.

140 2773 79 25 Après
236 2773 52 21 leur
305 2774 115 20 entretien
438 2779 58 16 avec
512 2774 34 20 M.
565 2774 50 21 Ren-

113 2800 60 24 kin,.
184 2801 58 21 MM.
265 2802 124 26 Bouchery
410 2802 25 21 et
455 2803 109 20 Mathieu
585 2804 42 20 ont

111 2829 139 25 Oaéelarç;..
301 2844 35 9 ....
410 2848 122 7 ....

127 2872 42 15 arr.
182 2864 36 26 M.
236 2865 94 21 Renkin
349 2870 30 16 ne
400 2870 60 15 nous
480 2870 19 16 a
516 2866 51 20 rien
588 2865 29 21 de-

114 2892 92 22 mandé.
224 2893 22 20 Il
260 2898 62 17 sious
340 2899 16 15 a
375 2894 85 25 exposé
479 2894 24 20 la
521 2895 107 20 nouvelle

113 2920 111 25 formule,
246 2922 26 19 et
294 2926 59 16 nous
377 2922 34 20 lui
434 2927 74 16 avons
531 2923 96 24 rappelé

113 2953 45 20 que
180 2950 21 20 le
222 2950 67 25 point
310 2950 29 21 de
359 2956 46 15 vue
425 2951 120 21 socialiste
567 2952 59 20 était

115 2977 103 24 fo.-mulé
240 2978 60 21 dans
323 2978 35 20 les
381 2979 178 21 amendements
582 2984 45 20 que

115 3010 59 15 nous
197 3011 74 15 avons
294 3006 98 25 déposés
415 3007 17 20 à
455 3007 24 21 la
503 3007 123 22 Chambre.

113 3035 65 20 Mais
191 3040 59 15 nous
266 3041 29 15 ne
310 3041 105 20 pouvons
431 3037 99 20 émettre
545 3038 82 20 d'avis.

114 3063 62 20 C'est
191 3064 17 20 à
220 3065 68 20 notre
302 3070 89 20 groupe
405 3070 45 20 que
464 3071 60 15 nous
538 3066 88 21 devons

112 3091 70 26 feire^
195 3094 55 23 part
271 3098 29 15 en
322 3094 51 19 tout
393 3094 103 25 premier
523 3094 47 21 lieu
597 3095 29 20 de

112 3121 70 19 notre
193 3121 135 21 sentiment.

139 3149 224 25 Personnellement,
377 3151 80 25 ajoute
472 3152 32 20 M.
512 3152 113 24 Mathieu,

112 3176 43 25 j'ai
167 3177 155 26 l'impression
335 3184 44 20 que
393 3179 21 21 le
427 3180 106 21 Premier
545 3180 70 21 minis-

112 3201 42 24 tre-
163 3206 47 24 fait
223 3207 53 20 tout
287 3212 44 15 son
343 3208 103 24 possible
459 3213 60 21 pour
532 3209 94 21 aboutir

112 3233 17 20 à
141 3231 50 24 une
200 3234 103 22 solution
317 3236 125 21 nationale.

139 3279 6 5 -
144 3279 29 5 —
184 3269 64 21 Celle
264 3270 56 26 qu'il
335 3275 59 16 vous
409 3276 16 15 a
439 3271 123 26 présentée
579 3273 47 20 est-

113 3297 43 20 elle
175 3298 118 21 vraiment
311 3299 119 21 nationale
449 3300 15 20 à
483 3305 43 15 vos
544 3301 80 25 yeux?

112 3325 34 20 lui
164 3330 144 17 avons-nous
323 3327 122 21 dsmandé.

131 3370 41 6 —
186 3360 63 21 C'est
267 3362 158 24 précisément
444 3368 28 15 ce
490 3368 46 20 que
554 3363 25 25 je
597 3369 30 15 ne

112 3389 54 24 puis
179 3394 83 16 encore
275 3390 50 20 dire
339 3391 54 25 qu'à
406 3396 55 16 mon
473 3396 97 21 groupe.

141 3424 39 20 Au
195 3424 101 26 surplus,
311 3425 36 20 les
361 3425 62 21 deux
438 3426 98 26 députés
551 3427 65 21 socia-

113 3452 56 21 lises
185 3453 42 20 ont
242 3454 81 24 ajouté
339 3454 68 25 qu'ils
423 3455 96 20 avaient
535 3455 91 26 signalé

116 3481 110 25 quelques
256 3482 81 25 points
361 3483 40 25 qui
425 3483 107 26 figurent
564 3484 61 20 dans

112 3509 63 20 leurs
188 3510 182 25 amendaments,
383 3515 97 20 comme,
492 3516 44 22 par
548 3517 67 16 exem-

111 3536 58 26 ple,,
174 3538 22 21 le
213 3538 68 21 mode
299 3539 29 20 de
349 3539 146 26 Jésignation
512 3541 42 20 des
571 3546 43 21 pro-

112 3566 105 21 fesseurs
233 3567 101 26 chargés
348 3568 42 20 de3
406 3573 69 16 cours
490 3568 136 22 facultatifs

112 3594 30 21 de
158 3595 98 21 seconde
272 3595 93 27 langue,
382 3596 25 21 et
422 3601 45 22 que
481 3597 23 21 le
519 3597 107 21 Premier

113 3623 108 21 ministre
243 3624 90 21 n'avait
354 3629 44 21 pas
420 3625 74 26 rejeté
516 3626 16 21 à
553 3627 73 25 priori

111 3650 65 21 leurs
191 3652 170 21 observations.

125 3704 4 4 .
140 3687 36 23 >r-'
185 3686 36 21 On
247 3692 31 16 ne
297 3692 59 16 nous
376 3693 15 16 a
410 3693 44 21 pas
480 3689 90 21 soumis
596 3689 30 21 da

112 3714 84 23 textes,
216 3720 16 15 a
249 3715 45 21 fini
312 3721 46 21 par
375 3717 50 20 dire
444 3717 32 20 M.
495 3717 129 27 Bouchery,

113 3738 64 25 niais
190 3743 150 26 simplement
357 3745 34 21 les
408 3745 117 26 principes
541 3746 41 25 gui
597 3750 31 17 en

111 3772 80 23 feront
203 3772 24 21 la
239 3773 127 24 structure,
378 3778 27 16 ce
417 3774 40 25 qui
468 3779 60 16 nous
540 3774 85 22 incline

113 3799 18 20 à
139 3800 76 20 croire
226 3801 57 24 qu'il
292 3806 54 16 sera
358 3803 70 19 tenue
438 3803 94 25 compte
544 3803 28 21 de
583 3808 43 16 nos

112 3832 144 22 remarques.

127 3863 82 23 ,rNous
233 3864 137 21 n'insistons
393 3865 60 26 plus.
492 3866 47 20 Les
563 3866 62 21 deux

112 3888 111 29 délégués
238 3893 112 20 rendront
364 3894 93 25 compte
474 3899 56 15 sans
545 3895 80 20 retard

113 3919 29 23 de
156 3920 52 21 leur
221 3921 111 21 entrevue
346 3926 32 17 au
390 3922 90 21 bureau
493 3922 31 21 du
537 3928 89 22 groupe

114 3948 119 21 socialiste
258 3949 40 25 qui
324 3954 147 22 convoquera
502 3952 112 24 probable-

110 3977 66 20 ment
191 3977 35 21 les
241 3978 98 25 députés
354 3983 59 22 pour
427 3979 77 20 mardi
518 3984 30 16 ou
562 3985 52 16 mer-

112 4005 64 20 credi
193 4006 120 25 prochain.

173 4043 39 31 La
225 4044 88 30 Droite
326 4045 115 38 agricole
456 4045 111 32 réclame

262 4101 35 23 un
311 4102 168 29 programme

139 4136 33 22 Le
194 4137 76 21 comte
292 4138 80 21 Pierre
393 4139 29 20 de
443 4140 144 21 Liedekerke
608 4146 16 15 a

111 4164 49 24 fplt
183 4169 45 17 une
252 4166 118 21 démarche
378 4182 5 8 ,
408 4168 112 20 vendredi
543 4170 80 25 après-

112 4193 65 25 midi,
193 4194 58 20 chez
267 4195 33 20 M.
318 4195 100 22 Renkin.
443 4196 5 4 '

141 4221 20 21 Il
173 4220 24 23 A-
207 4224 90 20 soumis
312 4229 31 16 au
358 4226 106 21 Premier
479 4228 108 21 ministre
603 4229 21 21 le

109 4254 152 21 programme
280 4252 29 21 de
328 4253 149 22 réalisations
496 4251 85 32 auquel
600 4258 24 21 la

111 4278 83 22 Droite
210 4280 103 25 agricole
330 4282 146 22 subordonne
493 4289 43 16 son
553 4287 72 24 appui

112 4310 31 16 au
158 4311 107 17 nouveau
279 4312 190 22 gouvernement.

121 4351 54 32 Pas
188 4353 32 32 de
233 4360 204 30 gouvernement
447 4361 82 27 avant
539 4358 74 31 lundi

135 4402 27 21 B'
179 4404 60 21 était
259 4406 55 25 près
334 4407 28 21 de
383 4408 14 20 7
417 4408 91 24 heures,
529 4409 93 28 lorsque

109 4431 33 21 M.
159 4432 92 21 Renkin
268 4434 140 22 abandonna
424 4441 43 16 son
484 4438 93 22 cabinet
594 4440 28 20 de

112 4460 104 21 travail.-

142 4488 110 22 AUssltdt
275 4491 96 21 entouré
393 4497 46 21 par
466 4494 36 22 les
530 4495 85 26 Journa-

114 4515 75 26 listes,
213 4515 23 23 le
260 4519 107 21 Premier
391 4522 108 21 ministre
525 4524 40 20 eut
590 4529 32 16 un

109 4544 87 22 mot':.

138 4589 31 14 tt
182 4579 57 23 Cela
256 4586 31 17 va
305 4582 60 25 bien,
381 4584 62 20 mais
459 4584 25 26 j»
499 4586 51 20 suis
566 4587 57 25 fati-

112 4606 68 27 £ué...
268 4605 17 8 '*

133 4644 40 16 '—
186 4643 233 24 Çopstituerez-vous
444 4647 68 21 votre
536 4649 73 21 Minis-

110 4670 52 22 tère
179 4671 42 21 dès
238 4673 94 23 demain
350 4675 96 25 samedi,
464 4676 120 22 Monsieur
602 4678 21 20 le

109 4698 128 24 Ministre?
252 4719 4 4 .
415 4714 5 8 ,

141 4744 29 5 —
181 4734 77 22 Won...
277 4736 48 21 Pas
343 4737 115 22 demain...
476 4739 22 21 n
515 4740 109 22 convient

92 4775 6 11 ,
111 4761 131 23 d'attendre
257 4764 24 21 la
295 4765 98 21 réunion
406 4766 42 21 des
461 4767 95 22 Droites
569 4774 44 15 con-

111 4791 91 25 voquée
215 4797 61 20 pour
290 4793 72 22 lundi.

139 4836 32 6 —
182 4826 34 21 Le
239 4829 184 24 gouvernement
445 4831 107 24 pourrait
574 4832 51 21 «tre

111 4853 83 24 formé,
205 4855 62 21 ainsi
282 4856 66 22 lundi
364 4858 155 26 après-midi?

132 4883 35 29 .-^-
179 4890 151 25 Peut-être-..,
346 4893 62 20 mail
424 4894 119 24 peut-être
559 4896 66 20 aussi

111 4918 84 21 mardi.

136 4966 33 9 •—
181 4956 65 21 Vous
261 4962 30 16 ne
307 4959 108 25 comptez
430 4959 59 21 donc
504 4965 45 21 pas
564 4966 59 16 vous

110 4984 128 26 présenter
258 4986 88 21 devant
369 4987 35 21 les
428 4988 129 22 Chambres
582 4990 42 21 dès

107 5012 95 22 mardi?

129 5040 39 18 *—
180 5042 119 21 Mercredi
312 5043 97 25 plutôt...

136 5076 33 21 Et
182 5080 26 20 se
221 5076 134 27 dégageant
367 5078 32 21 du
411 5083 89 22 groupe
513 5080 40 26 qui
566 5080 45 21 l'en-

108 5103 75 25 toure,
203 5104 26 21 le
253 5105 106 21 Premier
380 5107 109 21 ministre
512 5108 110 27 s'éloigne

108 5131 32 25 le.
145 5132 57 27 long
215 5133 29 21 de
257 5133 25 21 la
295 5139 41 16 rue
351 5135 29 21 de
392 5135 26 21 la
430 5136 64 21 Loi...

125 5187 55 35 One
192 5191 110 33 réunion
316 5193 113 37 plénière
444 5195 46 30 des
504 5196 99 31 droites

120 5240 4 8 '
138 5238 45 20 Les
192 5254 4 4 .
203 5237 91 22 droites
314 5238 29 22 de
363 5239 25 21 la
408 5240 117 21 Chambre
547 5241 24 20 et
591 5241 32 21 du

109 5265 79 23 Sénat-
212 5267 55 20 sont
287 5268 156 25 .convoquées
469 5273 62 21 pour
557 5269 66 21 lundi

107 5294 83 24 matin,
198 5303 5 12 r
209 5294 16 21 à
244 5295 29 20 10
292 5295 22 19 h.
334 5295 35 21 30.

103 5359 51 32 Les
157 5361 107 31 anciens
271 5361 182 33 Combattants
459 5365 26 28 et
491 5363 131 32 Invalides

139 5410 146 36 expriment
306 5411 57 30 leur
376 5412 217 32 reconnaissance

286 5460 16 28 à
318 5461 36 28 M.
369 5460 69 31 Deus

135 5502 35 24 Le
192 5501 125 23 Président
339 5504 91 24 fierai
452 5505 29 21 de
504 5504 25 23 la
550 5506 73 26 FéfM-

109 5526 78 23 ratioh
205 5528 128 23 Nationale
351 5529 43 21 des
411 5530 119 22 Invalides
548 5531 17 22 à
584 5536 39 16 en-

478 5552 19 7 —
501 5552 6 5 *
602 5557 11 10 -.

674 275 164 75 Après
870 273 283 65 l'accident

749 366 48 46 de
826 365 251 46 Brasschaet

673 466 37 29 Un
739 464 69 31 deuil
835 473 68 28 pour
929 467 75 28 notre
1031 464 118 31 aviation

847 513 126 30 militaire

681 567 74 21 Grâce
771 567 15 21 à
801 568 128 19 l'excellent
944 567 107 20 matériel
1068 566 103 25 employé

655 593 23 19 et
690 590 21 22 à'
717 598 43 14 son
773 593 115 19 entretien
899 593 96 23 parfait,
1008 597 47 15 aux
1067 597 103 15 mesures

655 617 92 21 sévères
761 618 74 23 prises
848 622 59 19 pour
919 618 139 23 augmenter
1071 618 24 18 la
1108 616 54 20 sécu-

654 643 44 20 rité
714 644 41 19 des
769 642 131 25 équipages,
915 647 46 15 aux
974 642 120 22 méthodes
1110 642 51 22 d'ap-

654 669 146 23 prentissage
827 668 23 20 et
878 668 28 20 de
918 681 4 3 -
934 666 234 25 perfectionnement:

655 693 69 25 grâce
740 694 63 19 aussi
820 698 46 14 aux
882 692 92 22 sévères
990 692 111 24 épreuves
1116 691 24 19 et
1155 689 15 20 à

656 718 185 20 l'entraînement
864 718 111 24 prolongé
1000 716 100 24 imposés
1123 720 46 15 aux

650 745 80 23 jeunes
743 744 89 24 pilotes,
844 744 73 19 avant
928 744 28 19 de
969 744 34 18 les
1015 742 115 20 admettre
1143 745 29 15 en

651 769 126 23 escadrille,
811 769 68 19 notre
913 767 166 23 aéronautique
1114 765 49 20 mili-

655 795 65 21 taire,
736 800 29 14 en
780 793 63 25 dépit
858 794 66 19 d'une
938 792 125 24 fréquence
1078 791 28 19 de
1120 790 50 19 vols

654 820 86 24 jamais
758 819 85 25 égalée,
860 824 29 15 ne
906 817 144 21 connaissait
1066 817 53 23 plus
1136 816 34 19 le»

637 848 6 24 j
654 845 92 20 lourdes
763 845 78 23 pertes
857 844 45 24 qui,
918 843 59 19 dans
994 841 101 20 d'autres
1112 845 57 19 pays

654 870 132 24 atteignent
825 869 20 20 si
884 867 98 20 souvent
1019 866 35 19 les
1092 866 77 19 forces

653 894 129 20 aériennes.

680 926 66 20 Voici
762 930 44 20 que
821 925 24 20 la
860 925 62 19 mort
936 924 64 19 vient
1014 922 112 24 pourtant
1142 921 27 20 de

654 943 98 33 îrap^er
771 951 67 19 notre
858 950 34 19 Ve
912 953 72 18 arme,
1005 948 113 22 enlevant,
1140 951 30 15 en

656 976 89 19 service
768 973 144 24 commandé,
935 978 33 14 un
994 972 28 20 de
1046 977 43 15 nos
1113 971 53 24 plus

654 1000 175 24 sympathiques
862 999 119 19 aviateurs
1012 998 26 19 et
1069 996 100 23 broyant

653 1030 57 15 avec
721 1025 41 22 lui,
776 1029 30 15 au
821 1024 79 20 retour
914 1023 67 19 d'une
996 1022 97 20 mission
1109 1021 52 19 d'ob-

655 1050 124 22 servation,
793 1054 33 15 un
839 1049 70 23 jeune
923 1047 94 20 officier
1031 1046 139 22 d'artillerie,

655 1080 42 14 son
715 1078 113 20 passager
845 1072 153 20 occasionnel.

679 1107 32 19 Le
725 1105 116 24 capitaine
856 1109 46 14 van
916 1103 46 20 Pée
977 1103 58 21 était
1049 1108 33 15 un
1097 1102 63 20 excel-

654 1131 50 20 lent
722 1131 77 23 pilote,
820 1130 16 19 11
857 1129 98 20 donnait
974 1129 54 20 tous
1048 1133 37 15 ses
1105 1128 63 19 soins

654 1155 143 25 compétents
813 1155 23 19 et
852 1154 81 25 payait
946 1152 179 26 journellement
1141 1151 27 19 de

654 1185 27 15 sa
702 1184 114 20 personne
851 1183 31 15 au
916 1177 203 20 commandement
1141 1176 28 20 de

654 1206 67 19 notre
750 1204 62 20 école
841 1202 194 24 d'Aéronautique
1065 1202 104 19 d'Evere.

654 1230 59 20 Chef
728 1228 71 21 adoré
815 1228 27 24 de
859 1233 37 15 ses
912 1226 165 22 subordonnés,
1092 1231 67 15 cama-

654 1255 56 19 rade
730 1254 130 21 charmant,
881 1258 29 15 ne
929 1253 100 19 laissant
1048 1251 85 24 jamais
1154 1249 15 21 à

655 1279 102 20 d'autres
770 1280 23 18 la
807 1279 100 23 besogne
922 1278 143 23 dangereuse
1079 1281 30 15 ou
1122 1276 38 19 fas-

654 1305 107 21 tidieuse;
775 1309 43 14 son
829 1302 119 21 caractère
960 1301 83 24 enjoué
1055 1302 25 19 et
1090 1301 80 20 boute-

655 1330 101 19 en-train
769 1333 30 18 ne
815 1328 98 20 donnait
927 1332 43 19 pas
986 1327 22 20 le
1022 1327 91 21 change
1129 1330 41 15 sur

655 1354 22 20 le
696 1353 91 20 sérieux
806 1353 28 20 de
852 1358 38 14 ses
909 1352 180 19 connaissances
1107 1351 54 19 tech-

655 1380 81 22 niques
750 1378 46 24 qui,
812 1378 28 19 de
855 1382 43 15 nos
911 1377 71 24 jonri.
996 1377 54 19 fort
1064 1376 52 19 tout
1130 1379 31 16 au-

656 1404 53 20 tant
728 1408 44 19 que
793 1403 34 20 les
847 1403 100 19 finesses
968 1399 31 22 du
1010 1401 117 27 .o'.lotage,
1147 1400 23 19 le

655 1428 89 25 bagage
761 1428 53 19 d'un
829 1427 93 20 officier
936 1425 194 24 d'aéronautique.

681 1460 21 20 A
717 1465 38 15 ces
771 1459 76 20 divers
863 1459 75 24 titres,
953 1458 22 23 lç
990 1457 117 24 capitaine
1123 1461 46 14 van

652 1484 45 20 Pée
714 1484 82 20 mérite
812 1484 53 19 tous
879 1483 34 20 les
928 1484 136 22 hommages
1081 1483 23 19 et
1120 1482 51 20 tous

655 1510 34 19 les
706 1509 96 24 regrets.

682 1540 147 24 Infatigable,
853 1539 107 24 toujours
984 1538 53 24 prêt
1061 1537 15 21 à
1099 1538 69 20 voler,

654 1570 60 20 pour
733 1565 122 24 n'importe
875 1565 74 23 quelle
968 1564 97 20 mission
1086 1563 24 20 et
1129 1567 41 15 sur

655 1590 121 23 n'importe
795 1590 52 23 quel
867 1589 110 23 appareil,
995 1589 17 18 il
1031 1589 37 19 e3t
1085 1586 83 23 toml>6,

655 1621 28 14 en
697 1615 95 20 initiant
806 1619 31 15 au
851 1614 84 20 travail
949 1613 80 20 aérien
1044 1613 28 20 de
1087 1613 81 22 jeunes

652 1640 104 20 officiers
781 1639 88 21 séduits
893 1638 16 21 à
930 1639 52 19 leur
1004 1639 54 20 tour
1081 1643 43 19 par
1147 1637 24 21 la

653 1665 34 20 Ve
698 1669 74 15 arme.

679 1696 35 20 De
733 1696 81 19 l'amas
835 1694 28 21 de
883 1694 77 21 débris
978 1693 83 25 broyés
1081 1694 23 20 et
1123 1694 36 20 cal-

654 1720 64 21 cinés
737 1721 38 22 qui
793 1720 62 20 reste
874 1720 28 20 de
920 1720 51 20 leur
988 1720 75 20 avion,
1082 1719 15 20 il
1116 1724 52 15 sera

653 1744 97 21 malaisé
772 1744 113 20 d'obtenir
905 1744 22 20 le
948 1745 76 19 secret
1045 1744 27 20 de
1094 1743 65 20 l'acci-

653 1770 62 20 dent.
729 1770 126 22 Toutefois,
870 1770 62 19 aussi
947 1769 53 19 bl»n
1015 1769 33 19 les
1063 1769 50 19 avis
1127 1768 40 19 des

652 1795 100 20 témoins
766 1799 44 20 que
824 1795 34 19 les
872 1793 100 25 qualités
986 1794 31 19 du
1031 1794 71 19 nilote
1117 1798 42 19 per-

654 1820 101 20 mettent
779 1819 113 20 d'écarter
922 1818 144 24 l'hypoth^ca
1098 1818 67 19 d'une

653 1845 72 20 faute.
745 1845 32 19 Le
796 1843 107 20 matériel
924 1844 112 19 excellent
1056 1848 29 15 no
1105 1843 62 23 peut,

653 1869 49 21 être
719 1874 47 15 non
783 1869 58 24 plus,
859 1868 133 25 soupçonné
1009 1868 28 20 de
1056 1868 110 19 fantaisie

653 1894 106 20 vicieuse.

678 1925 130 24 L'appareil
834 1930 81 15 reveca
920 1925 19 19 it
969 1929 30 15 au
1034 1925 85 23 champ
1143 1924 24 20 îa

652 1950 97 20 mission
770 1949 118 21 terminée.
909 1950 178 24 L'atterrissage
1108 1954 49 16 sem-

652 1975 58 20 blait
726 1975 79 20 devoir
821 1980 26 18 se
862 1975 61 20 faire
939 1974 174 21 normalement.
1130 1975 36 19 Au

652 2004 68 15 ccurs
734 2000 67 19 d'une
815 2000 62 23 prise
892 1999 28 20 de
934 1999 77 23 plaine
1025 1999 141 21 habilement

652 2024 107 22 calculée,
780 2025 50 19 rien
852 2024 59 20 dans
932 2025 21 19 le
974 2025 37 18 vol
1031 2029 30 14 ne
1082 2024 75 20 trahis-

652 2050 47 19 sait
713 2054 46 15 une
775 2049 138 19 défaillance
929 2049 28 21 de
973 2049 24 19 la
1012 2049 107 20 machine
1136 2053 30 15 ou

652 2074 29 19 du
696 2075 76 23 pilote.
785 2075 20 18 Il
820 2074 86 20 semble
919 2074 54 20 bien
986 2079 44 19 que
1044 2079 30 14 ne
1088 2074 78 23 puisse

654 2099 49 20 être
724 2098 98 21 accusée
844 2104 44 19 que
910 2099 24 19 la
954 2099 92 23 stupide
1068 2098 93 20 fatalité

653 2124 97 24 quelque
774 2124 64 23 objet
874 2128 30 16 ou
935 2124 65 24 geste
1024 2123 142 20 Inconscien*

650 2149 72 23 ayant
732 2148 80 21 coincé
822 2153 44 15 une
876 2148 137 20 commande
1023 2149 24 20 et
1057 2147 109 26 empêché

652 2174 28 19 de
695 2174 118 19 redresser
826 2178 32 15 un
872 2173 79 24 virage
966 2172 70 21 serré.
1061 2189 7 8 „

679 2198 31 20 Ce
725 2198 38 20 fut
778 2198 160 20 l'écrasement
954 2198 24 20 pt
993 2198 52 20 tout
1062 2198 75 20 donne
1152 2196 16 22 à

652 2224 74 19 croire
742 2228 44 19 que
802 2224 34 19 les
853 2223 61 20 deux
929 2224 111 20 officiers,
1055 2222 52 21 tués
1123 2226 43 21 par

652 2249 23 18 la
689 2248 70 19 chute
774 2247 81 22 même,
871 2248 95 20 avaient
979 2247 65 21 cessé
1059 2248 28 20 de
1102 2248 65 19 vivra

652 2274 98 23 lorsque,
767 2273 41 20 les.
832 2272 127 21 réservoirs
989 2273 73 23 ayant
1092 2272 73 23 crevé,

652 2298 110 20 l'essence
777 2298 145 20 s'enflamma
939 2298 104 20 soudain.
1059 2298 60 19 Tout
1133 2303 25 14 se-

652 2328 68 14 cours
737 2328 30 15 ne
782 2323 97 23 pouvait
893 2323 68 20 venir
976 2328 45 19 que
1037 2323 54 25 trop
1106 2322 60 20 tard.

678 2348 49 23 Que
742 2352 27 15 ce
786 2347 79 22 drame
880 2352 29 15 ne
925 2348 46 19 soit
984 2352 43 20 pas
1042 2352 45 15 une
1101 2352 57 15 occa-

652 2372 51 20 sion
717 2373 118 19 d'accuser
846 2372 118 20 l'aviation
977 2373 52 23 plus
1043 2373 82 23 qu'elle
1137 2377 29 15 ne

652 2398 22 19 le
693 2397 97 24 justifie.
809 2397 51 20 Elle
880 2397 118 25 comporte
1017 2398 40 20 des
1077 2398 90 23 risques

653 2422 39 23 qui
705 2423 54 18 font,
772 2427 40 14 son
828 2422 141 20 douloureux
982 2422 112 21 honneur,
1106 2422 61 20 mais

653 2447 39 23 qui
704 2447 55 19 sont
770 2446 75 24 précis
859 2448 24 19 et
894 2446 93 21 limités.
1000 2447 95 20 L'avion
1108 2447 59 20 n'est

652 2472 53 23 plus
719 2476 45 16 une
779 2471 108 20 machine
902 2472 40 23 qui
956 2472 77 19 tombe
1048 2477 44 18 par
1106 2472 61 19 suite

653 2496 29 20 de
696 2497 97 23 quelque
809 2496 152 23 mystérieuse
976 2497 68 20 lubie.
1059 2497 35 20 La
1107 2497 52 20 fata-

652 2520 41 20 lité
713 2522 62 23 peut,
795 2526 90 17 commo
904 2522 62 19 cette
986 2521 52 22 fois,
1057 2521 68 25 jouer
1144 2522 22 19 le

652 2546 102 22 premier
769 2545 54 23 rôle,
839 2546 42 22 elle
897 2547 36 19 est
948 2551 29 15 en
992 2547 77 20 toutes
1084 2546 83 20 choses

652 2571 29 19 ici
693 2571 42 19 bas
747 2571 24 19 et
783 2575 27 15 va
824 2571 62 20 aussi
898 2571 53 20 bien
963 2572 112 19 chercher
1086 2572 22 19 le
1120 2570 37 25 pié-

652 2596 40 18 ton
707 2600 40 15 sur
754 2596 28 21 .le
796 2596 52 23 plus
863 2597 123 19 rassurant
1000 2596 39 20 des
1054 2596 112 20 trottoirs.

652 2621 36 18 Au
705 2620 82 22 moins,
804 2621 59 18 celui
882 2621 37 23 qui
937 2621 78 20 meurt
1031 2627 13 12 «
1060 2626 54 14 sous
1131 2621 34 19 les

653 2645 110 19 cocardes
778 2650 13 14 »
807 2645 122 22 tombe-t-11
946 2650 28 17 en
989 2646 101 19 servant.
1106 2645 60 20 C'est

651 2674 59 18 pour
721 2674 58 15 ceux
790 2670 39 23 qui
840 2670 38 22 les.
885 2670 108 24 pleurent
1003 2671 24 18 la
1039 2671 62 19 seule
1113 2675 43 16 con-

654 2694 99 20 solation
769 2694 28 20 de
811 2694 61 20 cette
886 2695 85 22 cruelle
987 2695 23 19 et
1024 2695 86 23 injuste
1124 2695 42 20 fin.

894 2718 9 12 r
909 2718 13 13 •
931 2719 6 8 '

899 2735 12 11 *
920 2735 12 10 *

677 2749 19 21 U
712 2750 59 20 n'est
785 2750 65 24 point
866 2750 127 21 d'accident
1008 2751 38 23 qu!
1061 2756 29 15 ne
1105 2756 51 15 com-

652 2775 66 23 porte
733 2775 30 20 de
776 2775 85 24 leçons,
874 2774 65 22 hélas
943 2775 6 21 î
965 2776 53 24 trop
1032 2775 134 21 chèrement

651 2798 92 25 pavées.
876 2807 94 14 .-•,;.-

678 2824 36 19 On
728 2829 15 15 a
760 2824 45 21 fait
819 2825 119 24 beaucoup
952 2830 60 18 pour
1026 2825 140 25 la,aécurité

652 2848 42 21 des
714 2848 124 22 aviateurs.
857 2849 111 24 L'emploi
988 2850 31 21 du
1038 2850 129 27 parachuta

652 2872 36 19 est
706 2871 128 25 généralisé
854 2873 58 20 dans
931 2874 34 19 les
983 2874 77 20 forces
1078 2873 78 21 aérien-

652 2902 41 14 nes
711 2897 40 20 des
768 2897 77 21 divers
862 2902 59 19 pays
939 2899 24 19 et
979 2904 30 14 on
1018 2898 37 21 'ne
1073 2899 92 24 compte

649 2922 51 24 plus
715 2923 34 19 les
765 2923 49 19 vies
830 2923 86 20 nu'il.a
931 2923 103 20 sauvées.

678 2947 72 19 Reste
768 2947 122 21 l'accident
907 2952 31 15 au
955 2948 34 19 sol
1007 2949 24 19 et
1048 2949 22 19 le
1088 2949 77 23 risque

652 2971 133 21 d'incendie.
804 2971 34 21 Là
857 2973 64 19 aussi
940 2978 30 14 on
989 2978 16 14 a
1024 2973 97 20 cherché
1142 2974 23 19 et

651 2996 87 22 trouvé,
753 2996 61 21 mais
829 2997 16 20 il
860 2997 54 21 faut
930 2997 27 21 de
972 2998 77 25 larges
1065 2998 99 24 budgets

651 3023 64 22 pour"
726 3021 95 20 acheter
834 3022 40 20 "ces
890 3021 118 21 matériels
1025 3022 100 21 coûteux
1142 3022 22 20 et

653 3051 29 13 on
698 3047 46 18 sait
759 3047 67 23 qu'on
842 3045 45 21 fait
903 3047 28 20 de
947 3045 157 25 budgets...!!!"

677 3070 35 20 On
726 3075 15 14 a
753 3076 30 14 vu
797 3071 59 20 dans
869 3072 31 19 lin
913 3072 53 20 film
979 3071 79 21 récent
1070 3073 25 19 la
1106 3073 59 19 mise

651 3100 29 14 en
701 3095 68 23 scène
790 3096 28 20 de
838 3096 25 20 la
882 3097 70 19 chute
972 3097 54 20 d'un
1045 3098 69 19 avion
1135 3103 29 14 en

651 3120 108 20 flammes
780 3121 23 19 et
822 3125 45 15 une
887 3121 154 21 intéressante
1061 3122 95 20 démons-

652 3144 88 20 tration
763 3145 40 21 des
826 3150 95 19 moyens
944 3147 136 24 techniques
1104 3148 61 22 util!-:

647 3174 43 18 ses,
706 3170 204 23 Instantanément,
926 3176 59 19 po-r
999 3172 73 22 lutter
1087 3173 79 22 contre

650 3194 22 19 le
692 3194 40 20 feu
752 3194 24 20 et
795 3199 59 18 pour
872 3196 126 25 permettre
1017 3201 47 15 aux
1084 3202 71 15 sauve-

651 3218 70 23 teurs,
748 3218 108 24 protégés
883 3220 80 20 contre
975 3218 4 4 '
988 3221 35 20 les
1049 3221 115 23 flammes,

652 3243 132 21 d'arracher
799 3243 128 26 l'équipage
944 3244 15 21 à
975 3250 44 16 une
1036 3246 62 22 mort
1113 3247 44 19 hor-

651 3268 64 20 rible.

675 3293 33 19 Le
727 3292 91 22 cinéma
836 3298 16 15 a
869 3293 131 24 également
1018 3295 92 21 montré
1129 3296 34 20 les

648 3317 73 23 autos,
749 3318 106 20 utilisant
861 3313 62 26 ^des
949 3319 111 22 procédés
1087 3321 70 20 chimi-

651 3346 57 18 ques
725 3342 148 21 d'extinction
889 3344 86 23 rapide,
990 3345 39 23 qui
1045 3345 53 20 font
1112 3350 43 19 par-

646 3366 33 19 tie
692 3367 29 19 de
736 3366 161 25 I'équlnement
912 3369 29 20 de
954 3369 101 21 certains
1069 3371 96 24 champs

653 3390 124 21 d'aviation
794 3391 127 23 étranpers.

676 3415 73 20 Enfin
762 3421 30 15 on
805 3421 29 16 ne
846 3418 90 20 saurait
949 3418 110 24 apporter
1069 3419 53 24 trop
1136 3419 28 20 de

651 3437 63 22 soins
728 3441 23 22 et
765 3441 204 24 d'empressement
982 3448 31 15 au
1026 3444 139 24 perfection-

647 3465 100 20 cément
770 3465 28 20 de
821 3466 101 21 certains
946 3467 84 21 détails
1052 3468 103 24 d'équipe-

649 3490 66 19 ment
728 3489 40 21 des
780 3491 118 20 aviateurs
911 3492 44 20 tels
967 3492 21 20 le
1002 3493 67 20 mode
1083 3494 72 20 d'atta-

651 3514 43 19 che
713 3514 28 20 de
762 3515 116 21 courroies
898 3516 28 23 de
947 3516 100 21 sécurité
1066 3519 39 23 qui
1126 3518 42 20 de-"

651 3538 91 21 vralent
752 3540 96 22 pouvoir
857 3540 49 21 être
916 3541 199 21 Instantanément
1125 3548 30 15 ou-

652 3563 76 20 vertes
751 3563 58 21 dans
830 3565 98 24 quelque
950 3566 101 24 position
1072 3572 45 19 que
1139 3573 25 14 se

651 3587 81 21 trouve
748 3588 22 20 le
786 3593 68 20 corps
871 3590 28 20 de
914 3590 128 21 l'aviateur.

676 3612 20 19 H
712 3613 54 19 faut
781 3618 25 19 se
822 3613 69 22 hâter
907 3615 114 24 d'ajouter
1036 3621 45 19 que
1096 3617 67 20 notre

650 3635 167 27 aéronautique
836 3639 47 19 fait
901 3638 16 21 à
936 3645 26 15 ce
983 3640 63 24 dujet
1064 3641 53 21 tout
1136 3647 26 14 ce

651 3661 81 24 qu'elle
762 3662 75 24 peut...
864 3663 60 20 dans
951 3665 24 19 la
1002 3670 92 16 mesure
1123 3666 41 20 des

651 3688 96 21 moyens
764 3687 44 20 mis
823 3687 16 20 à
856 3693 27 15 sa
899 3688 143 26 disposition.

731 3745 39 69 le
801 3746 85 70 Beau
916 3747 168 73 Vêtement

673 3827 108 21 Costume
792 3829 93 22 Veston.
896 3831 76 24 Coupe
983 3833 112 23 garantie,
1105 3833 59 21 tissu

649 3851 27 20 de
692 3852 67 24 laine,
775 3858 41 16 sur
831 3855 91 21 Mesure
939 3861 30 15 ou
984 3857 55 20 Fait
1055 3858 109 21 d'avance

647 3881 44 19 par
709 3877 33 20 les
762 3877 88 22 mêmes
869 3880 104 21 ouvriers
1000 3882 39 20 295
1059 3883 38 20 fr.-
1107 3884 48 20 Par-

649 3901 86 23 dessus,
749 3902 38 20 250
802 3903 28 20 fr.
843 3903 115 22 Pantalon
974 3906 28 21 de
1017 3907 61 22 vDSe.
1092 3908 26 20 95
1134 3909 23 19 fr

648 3926 86 20 WEST
748 3928 65 20 END
829 3929 135 25 TAILOBS,
980 3931 32 23 10,
1028 3937 41 15 rue
1085 3924 80 30 Fossé^

649 3952 137 24 aux-Loups.

676 4003 280 49 Radio-Schaerbeek
983 4011 155 51 reprendra

769 4077 43 29 ses
832 4069 129 39 émissions
979 4072 67 38 lundi

675 4149 75 21 P.adlo
766 4150 150 25 Schaerbeek,
932 4153 55 21 dont
1002 4155 33 20 les
1049 4156 116 20 nouvelles

646 4173 157 22 Installations
821 4177 54 20 sont
894 4177 86 21 situées
999 4184 16 15 a
1033 4179 130 24 Crainhem,

648 4200 126 22 reprendra
796 4206 37 14 ses
855 4201 121 21 émission*
998 4202 15 21 à
1035 4205 74 23 partir
1133 4206 31 19 du

648 4224 64 20 lundi
724 4225 26 19 23
762 4226 45 19 mai
821 4225 16 21 à
848 4226 64 20 midi.
960 4239 6 6 .
1024 4243 6 6 .
1049 4241 4 4 .

673 4249 35 19 La
721 4249 112 24 longueur
847 4251 80 21 d'onde
941 4251 27 21 de
984 4257 25 16 ce
1023 4252 65 25 poste
1103 4255 60 19 reste

649 4272 61 21 fixée
723 4273 16 21 à
751 4274 39 21 245
803 4274 92 22 mètres.

672 4297 153 26 L'entreprise
838 4301 136 20 continuera
987 4301 15 20 à
1015 4302 48 21 être
1077 4303 85 25 dirigée

647 4327 44 19 par
710 4323 30 20 M.
759 4324 129 25 Mestdagh,
908 4325 78 20 tandis
1004 4332 44 18 aue
1068 4328 31 20 M.
1118 4328 45 21 Do-

648 4348 72 21 chard
735 4353 119 16 assumera
871 4350 23 19 la
908 4350 112 21 direction
1035 4352 128 24 artistique.

649 4371 30 20 M.
698 4372 86 20 Marcel
803 4373 99 21 Antoine
921 4376 109 22 remplira
1048 4377 34 19 les
1100 4377 54 20 fonc-

648 4397 60 20 tions
727 4398 27 20 de
773 4398 99 23 speaker
890 4404 28 15 en
937 4400 179 23 remplacement
1135 4402 27 20 de

650 4421 108 21 Faustus.

651 4467 16 19 «
672 4466 92 22 â*«**
769 4468 15 20 »
789 4468 91 20 «â«*â
886 4468 13 19 *
905 4469 92 21 *»*àâ
1003 4470 151 21 ********

649 4507 59 24 voyé
722 4511 31 16 au
765 4508 108 20 ministre
886 4508 29 20 de
928 4509 25 20 la
964 4509 103 21 Défense
1079 4511 74 20 Natio-

648 4532 53 21 nale
720 4532 22 21 le
760 4532 154 26 télégramme
932 4534 139 22 ci-dessous:

706 4564 32 20 M.
758 4565 71 24 Dens,
848 4566 108 21 ministre
974 4567 104 25 Défense

855 4597 132 24 Nationale,
1004 4599 129 22 Bruxelles.

677 4627 140 22 Fédération
832 4629 126 21 Nationale
970 4630 126 21 Militaires
1110 4632 41 20 Mu-

650 4652 54 20 tilés
718 4653 118 21 Invalides
850 4655 74 24 ayant
938 4655 26 20 lu
976 4655 127 25 magistral
1116 4656 37 21 dis-

648 4682 69 16 cours
733 4683 45 20 par
794 4678 75 26 lequel
885 4684 59 16 avez
959 4680 99 24 affh.iê
1074 4682 88 21 devant

649 4702 135 22 Parlement
802 4703 34 21 les
854 4704 75 21 droits
946 4705 42 21 des
1006 4705 114 22 fnuali<fs3
1138 4708 25 19 et

650 4727 34 21 les
705 4728 93 21 devoirs
818 4729 89 22 Nation
927 4735 84 16 envers
1032 4736 53 19 eux,
1104 4736 59 16 vous

650 4751 98 21 adresse
770 4753 156 24 félicitations
949 4755 205 22 reconnaissantes

650 4777 24 20 et
694 4777 66 25 place
780 4783 30 16 en
829 4784 60 17 vous
907 4780 67 20 toute
992 4785 30 16 sa
1040 4781 123 24 confiance

647 4806 60 20 pour
719 4802 97 25 défense
828 4804 64 25 jitte
904 4810 71 15 cause
989 4806 96 21 anciens
1097 4812 53 16 com-

651 4826 112 22 battants,

902 4854 48 24 (s.f
966 4855 33 20 Le
1015 4856 90 25 Clercq,

924 4886 125 21 Président
1064 4887 97 22 fédéral.

676 4914 97 21 D'autre
790 4916 62 25 part,
870 4916 24 21 la
912 4917 182 23 Confédération
1111 4919 40 21 Na-

648 4939 87 20 tionale
752 4940 42 21 des
811 4942 103 20 Anciens
931 4943 172 26 Combattants,
1122 4945 40 25 qui

649 4968 90 21 groupe
761 4965 79 21 toutes
862 4966 35 20 les
919 4968 155 21 associations
1098 4969 53 20 d'an-

648 4990 65 19 ciens
737 4990 95 23 soldats,
857 4992 55 19 sarf
934 4992 35 20 les
992 4993 131 24 frontistes,
1146 4999 16 15 a

648 5014 47 20 fait
707 5015 111 24 parvenir
830 5015 21 20 le
864 5016 154 26 télégramme
1031 5019 130 21 ci-dessous

647 5043 32 17 au
688 5040 108 21 ministre
807 5040 28 21 de
845 5041 24 21 la
880 5041 100 22 Défe—-
991 5043 130 22 nationale:

661 5072 33 20 M.
710 5072 72 22 Dens,
796 5072 109 21 ministre
918 5074 103 24 Défense
1034 5076 128 24 nationale,

675 5097 36 20 La
724 5097 182 25 Confédération
918 5099 127 22 Nationale
1057 5100 43 21 des
1112 5102 38 19 An-

647 5121 65 21 ciens
731 5122 168 21 Combattants
918 5123 30 21 de
966 5124 119 27 Belgique,
1104 5130 57 17 aans

648 5147 112 25 préjuger
780 5147 33 21 du
831 5147 157 23 dénouement
1007 5149 30 21 de
1056 5150 26 22 la
1100 5151 62 21 crise

646 5172 169 24 ministérielle,
832 5173 68 23 tient,
916 5174 41 17 <*>-
974 5174 156 26 maintenant,
1146 5177 15 20 à

647 5201 59 16 vous
720 5197 110 21 adresser
843 5197 141 27 l'hommage
997 5198 30 21 de
1039 5204 29 16 sa
1081 5204 70 17 recon-

648 5222 125 20 naissance
793 5227 62 21 pour
876 5223 24 20 la
921 5223 72 25 façon
1014 5224 148 22 d'honnêteté

648 5247 139 24 magistrale
808 5253 60 15 avec
889 5248 100 25 laquelle
1017 5254 59 15 vous
1104 5255 58 15 avez

646 5272 108 24 toujours
766 5272 102 25 défendu
881 5273 35 20 l-s
928 5273 75 21 droits
1016 5275 25 20 et
1053 5274 35 20 les
1101 5275 50 21 inté-

649 5297 49 20 rêts
713 5297 41 21 des
769 5298 114 21 invalides
900 5302 21 9 -'
937 5298 42 21 des
994 5299 168 22 combattants.

647 5321 51 21 Elle
710 5322 49 20 sait
770 5323 66 20 aussi
847 5324 57 20 tout
912 5323 23 21 le
946 5324 88 20 travail
1046 5328 45 21 Que
1102 5329 59 16 voue

647 5350 57 17 av-sz
722 5347 81 24 fourni
819 5352 60 21 pour
895 5347 22 22 le
935 5348 53 21 bien
1004 5350 25 20 et
1047 5349 22 20 le
1087 5349 75 21 main-

649 5370 48 22 tier,
720 5371 30 22 de
771 5371 91 27 l'esprit
884 5374 106 20 national
1012 5374 60 20 dans
1094 5375 68 20 notre

648 5396 80 21 armée
747 5397 62 21 ainsi
818 5418 3 3 .
828 5401 45 21 que
891 5403 61 20 pour
970 5399 25 21 la
1014 5399 99 25 défense
1130 5399 31 20 du

647 5421 125 21 territoire.
789 5422 67 21 Nous
872 5424 52 20 esfi.
943 5429 44 15 ans
1003 5429 46 21 que
1066 5429 42 16 vos
1125 5425 27 24 ef-

649 5445 61 23 forts
729 5446 143 24 ioumcllors
889 5449 25 19 e*
932 5449 69 19 votre
1018 5449 96 20 volonté
1133 5449 28 20 de

648 5471 53 19 bien
715 5472 60 22 faire
790 5473 110 20 méritent
914 5475 67 18 notre
997 5475 134 20 hommage.

698 5501 61 25 Y»./
774 5503 34 21 Le
826 5504 124 24 Président
970 5510 30 15 en
1020 5504 113 25 exercice,

796 5535 9 6 '
912 5536 6 4 "
927 5537 11 4 -
942 5535 161 27 Vafemiiïà

1198 267 168 64 Petite
1420 266 292 73 Chronique

1250 384 102 21 Bulletin
1368 383 195 25 météorologique
1578 383 31 20 du
1625 384 25 19 20
1667 384 45 18 mal

1223 423 46 20 Une
1298 422 115 24 dépre^i.n
1437 422 76 20 s'étend
1536 422 25 19 de
1584 421 95 20 l'Irlande
1701 421 13 19 à

1196 449 113 23 l'ICspagne.
1328 448 42 20 Des
1387 447 146 25 perturbations
1551 447 125 23 cycîor.iques
1694 451 20 15 et

1195 479 106 18 orageuses
1316 479 21 14 se
1352 476 135 20 transportent
1502 473 35 19 des
1553 473 100 22 PyrcnOes
1667 478 46 13 vers

1195 500 20 20 la
1230 500 45 19 Mer
1291 499 27 20 du
1333 498 63 21 Nord.

1224 524 56 19 Kons
1300 524 108 20 observons
1427 529 24 14 oe
1470 523 64 19 matin
1554 529 35 14 sur
1609 523 19 18 la
1649 522 55 23 Belgi-

1196 555 38 17 que
1249 549 35 20 des
1300 552 56 16 vents
1370 548 26 20 du
1411 548 38 20 sud
1464 547 98 23 modérés,
1577 554 39 14 une
1631 548 82 19 nébulo-

1196 574 37 20 sît*
1253 573 95 22 variable,
1367 573 95 24 quelques
1480 579 72 17 orages
1571 576 20 17 et
1611 573 34 20 des
1664 577 38 15 tem-

1197 600 104 23 pératures
1321 599 86 20 voisines
1427 599 24 19 de
1472 604 23 13 20
1496 600 10 10 0
1507 612 5 6 .

1222 624 72 23 Temps
1310 624 92 24 présumé
1423 630 6 13 :
1445 624 64 19 Vents
1525 623 92 20 modérés
1633 623 26 20 du
1675 623 37 20 sud

1196 650 12 19 à
1230 650 116 22 sud-ouest;
1370 648 79 24 groins;
1472 652 41 16 tres
1542 655 92 16 nuageux
1663 654 49 13 avec

1195 674 94 24 "périodes
1314 674 24 20 de
1362 674 50 20 beau
1438 676 75 21 temps;
1546 679 78 17 orages,
1656 679 56 13 assez

1195 699 71 20 chaud.

1222 724 154 23 Températures
1404 729 5 14 :
1435 730 22 16 14
1459 726 9 9 0
1490 724 12 19 à
1525 723 95 22 Londres,
1645 729 21 18 iô
1668 725 9 10 -
1700 723 12 19 à

1196 749 136 23 Helsingfors,
1350 749 70 22 Berne,
1440 750 23 18 16
1464 750 9 10 0
1489 749 13 20 à
1520 749 139 23 Copenhague,
1679 754 22 18 17
1702 751 10 9 0

1195 774 13 20 à
1223 774 104 22 Varsovie,
1343 774 68 22 Rome,
1431 775 22 18 18
1454 776 9 9 0
1478 774 13 20 à
1508 774 102 22 Belgrade,
1627 774 84 23 Prague,

1196 799 95 21 Ostende,
1308 799 118 23 St-Huhert,
1446 801 32 17 io°
1493 799 12 20 à
1523 799 63 22 Paris,
1606 800 105 23 Budapest,

1195 826 35 17 2o°
1245 825 11 19 à
1275 824 73 23 Berlin,
1364 824 91 23 Cliimay,
1470 826 35 17 21"
1520 824 13 21 à
1550 824 110 24 Bruxelles,
1676 826 35 17 22°

1194 850 13 20 à
1223 849 57 21 Brée.

1369 874 155 21 Observations;

1196 906 117 20 Baromètre
1466 907 68 20 1016.S
1552 907 38 19 mb.
1610 906 101 23 (762.7™**

1195 931 144 24 Température
1352 930 110 21 maximum

1656 932 55 23 26-7.

1193 956 144 23 Tarpérature
1349 956 104 20 minimum

1658 962 22 17 I4
1682 958 8 9 0
1691 963 19 13 o.

1194 981 105 20 Humidité

1639 983 26 22 5*
1680 982 30 23 %.

1195 1007 43 20 Eau
1255 1006 99 20 recueillie

1646 1013 11 14 o
1659 1008 30 10 mm
1691 1013 19 13 o.

1196 1031 103 20 Direction
1320 1032 27 20 du
1367 1034 47 17 vent

1668 1039 9 13 E
1678 1039 13 13 u
1692 1032 12 19 d
1706 1047 4 4 .

1193 1056 27 20 Vi
1230 1062 43 15 e$r-
1292 1057 27 20 du
1338 1060 46 16 vent

1616 1063 13 17 4
1647 1064 26 15 m.
1692 1063 17 17 3-

1194 1082 79 19 Heures
1291 1082 35 19 de^
1334 1081 56 21 soleil

1600 1088 20 13 11
1641 1082 13 19 h
1680 1089 30 13 ri.

1195 1106 129 21 Déclinaison
1341 1106 127 24 magnétique

1562 1109 21 21 9"
1599 1109 32 21 44"
1647 1114 12 13 0
1677 1110 33 16 -st.

1195 1132 67 19 Haute
1275 1138 43 13 mer
1335 1137 6 14 :
1354 1132 13 20 â
1381 1132 88 20 Ostende

1482 1139 11 13 0
1506 1132 20 20 h.
1538 1133 25 19 28
1577 1136 19 16 et
1611 1139 22 12 12
1645 1133 19 20 h.
1678 1134 32 21 46.

1265 1167 25 4 —
1289 1166 4 6 ■
1365 1157 12 20 à
1390 1158 84 21 Anvers,

1486 1163 11 18 3
1510 1158 20 20 b.
1543 1163 24 17 24
1579 1160 19 17 et
1613 1163 20 18 15
1647 1158 19 19 h.
1682 1163 27 17 19.

1195 1180 62 23 Soleil
1278 1187 6 16 :
1301 1181 60 24 lever,
1378 1187 11 18 3
1405 1182 20 23 h.
1440 1187 25 18 45

1494 1183 93 23 couclier,
1605 1189 23 18 19
1642 1183 20 20 h.
1678 1189 31 17 33.

1381 1236 112 20 Sécurité!
1518 1236 192 21 Désarmement?

1221 1266 51 21 Sous
1287 1267 29 20 les
1331 1267 91 24 auspices
1437 1268 24 20 de
1476 1268 119 20 TdAmicaîe
1610 1268 34 20 des
1660 1268 40 20 offi-

1195 1291 51 21 ciers
1264 1293 24 19 de
1306 1293 19 20 la
1343 1299 109 17 campagne
1472 1294 130 22 1914-191S»,
1621 1294 19 19 le
1657 1294 44 23 capi-

1194 1317 54 20 taine
1263 1318 24 19 de
1303 1317 80 21 réserve
1398 1318 176 24 Giraud-Mangin,
1589 1319 25 19 de
1630 1318 80 20 J'infan-

1195 1342 50 20 terie
1265 1342 97 20 coloniale
1383 1343 101 22 française
1505 1343 50 22 fera,
1577 1343 18 20 le
1616 1344 94 20 vendredi

1195 1373 25 17 37
1233 1367 46 23 mai,
1292 1368 13 20 à
1319 1374 24 13 20
1355 1368 20 23 h.
1388 1374 31 16 30,
1432 1369 50 19 dans
1494 1368 20 19 la
1527 1369 50 20 salle
1590 1369 25 19 de
1627 1369 82 20 l'Union

1196 1392 101 20 Coloniale
1318 1399 36 13 rue
1375 1393 25 20 de
1422 1394 95 21 Stassart,
1537 1400 39 13 une
1597 1394 42 20 très
1659 1394 43 19 inté-

1195 1420 89 17 ressante
1298 1418 120 20 conférence
1432 1424 37 14 sur
1483 1425 27 14 un
1526 1419 54 23 sujet
1595 1419 24 20 de
1633 1419 77 24 grande

1194 1442 94 21 actualité
1312 1448 6 14 :
1336 1443 106 21 Sécurité!
1459 1444 168 21 Désarmcmcntf

1221 1467 38 20 Les
1280 1467 93 21 officiers
1395 1468 88 24 français
1504 1472 20 17 et
1544 1469 66 23 belges
1630 1475 14 17 y
1664 1473 46 16 sont

1195 1492 142 21 cordialement
1356 1493 72 20 invitt's
1435 1500 5 16 ;
1461 1494 24 20 ils
1505 1498 67 16 seront
1591 1495 64 20 admis
1675 1501 35 14 sur

1195 1517 71 25 simple
1288 1518 133 24 présentation
1445 1519 25 20 de
1493 1519 43 20 leur
1558 1523 55 17 carte
1636 1520 65 20 d'iden-

1193 1542 44 23 tité.

1246 1596 35 20 La
1304 1595 166 26 rétrospective
1494 1598 77 20 Franz
1596 1598 113 21 Courtens

1221 1627 61 21 Etant
1301 1628 65 21 donné
1387 1629 18 20 le
1424 1629 70 20 succès
1514 1636 38 17 que
1571 1633 99 21 remporte
1688 1631 20 19 la

1195 1652 141 24 rétrospective
1358 1654 35 20 des
1413 1660 78 14 œuvres
1512 1655 27 20 du
1559 1655 64 20 baron
1644 1655 65 20 Franz

1194 1677 113 23 Courtents,
1326 1679 19 20 !e
1362 1678 73 21 comité
1452 1680 139 23 organisateur
1607 1687 13 14 a
1639 1681 69 20 décidé

1194 1702 25 20 de
1233 1703 19 20 la
1266 1703 106 23 prolonger
1386 1704 59 21 d'une
1459 1704 93 22 semaine.
1569 1705 44 20 Elle
1628 1712 25 13 ne
1669 1706 31 20 fer-

1193 1733 56 14 mera
1263 1728 50 20 donc
1327 1734 35 17 pas
1376 1735 31 14 ses
1420 1732 68 21 portes
1502 1730 18 19 le
1534 1736 24 13 22
1572 1731 46 20 mai,
1631 1737 77 14 comme

1193 1752 15 20 il
1231 1752 56 22 irait
1308 1754 32 21 été
1361 1755 95 23 annoncé,
1479 1755 50 20 mais
1558 1755 18 21 le
1605 1756 102 20 dimanche

1194 1783 24 18 29
1234 1777 47 21 mai.

1325 1832 36 20 Au
1381 1833 78 20 Cercle
1477 1833 64 20 Mars
1559 1835 25 19 et
1601 1835 106 20 Mercure

1219 1863 28 21 Le
1267 1863 69 21 Cercle
1356 1864 108 21 Industriel
1484 1868 20 17 et
1523 1865 129 21 Commercial
1672 1866 35 20 des

1193 1888 127 21 ex-officiers
1339 1892 20 17 et
1378 1889 93 22 officiers
1491 1890 25 20 de
1535 1891 85 22 réserve,
1640 1891 67 20 termi-

1192 1919 48 15 n:ra
1256 1914 20 19 la
1293 1914 66 20 saison
1377 1915 35 20 des
1428 1914 94 21 réunions
1538 1916 116 20 mondaines
1670 1922 37 18 par

1192 1944 28 14 ua
1237 1938 80 21 dernier
1332 1939 35 20 thé
1385 1940 86 20 dansant
1487 1940 47 25 qu'il
1552 1941 88 20 donnera
1657 1942 50 19 dans

1193 1969 31 14 ses
1243 1964 66 20 salons
1327 1964 19 20 le
1363 1965 75 20 samedi
1456 1971 22 14 21
1499 1965 47 23 mai,
1563 1966 13 20 à
1595 1967 23 19 16
1634 1966 21 21 h.

1219 1988 41 21 Des
1277 1992 66 17 cartes
1362 1996 24 14 en
1405 1990 81 20 nombre
1503 1991 124 20 strictement
1644 1991 62 21 limité

1194 2016 85 21 peuvent
1302 2014 43 20 être
1369 2015 94 20 obtenues
1487 2021 36 18 par
1545 2016 163 21 l'intermédiaire

1193 2038 35 20 des
1246 2039 105 22 membres.

1285 2093 34 19 La
1337 2091 95 22 réunion
1450 2093 32 20 du
1499 2093 89 21 Comité
1606 2093 100 22 exécutif

1446 2118 29 20 de
1491 2119 24 20 la
1530 2119 24 21 C.
1568 2120 20 20 I.
1603 2120 26 19 E.

1218 2148 29 21 Le
1266 2148 76 22 Comité
1361 2149 89 21 e..'cutif
1468 2150 26 20 de
1512 2151 19 19 la
1551 2150 155 21 Confédération

1193 2173 151 21 internationale
1366 2174 35 21 des
1423 2175 101 20 étudiants
1546 2175 54 21 vient
1622 2177 25 20 de
1667 2181 31 15 ter-

1192 2199 65 20 miner
1274 2199 29 20 lés
1320 2202 87 17 travaux
1425 2200 24 20 de
1466 2207 22 13 sa
1505 2200 83 20 réunion
1606 2202 25 19 de
1650 2202 48 19 Bolo-

1192 2230 43 16 gne.
1251 2224 39 21 L'es
1305 2225 98 20 membres
1419 2225 25 20 du
1460 2225 76 20 Comité
1552 2228 35 18 ont
1602 2226 32 20 été
1649 2233 57 17 reçus

1192 2255 36 17 par
1238 2249 29 20 les
1278 2249 74 24 Cruppi
1363 2249 134 21 Unîversitari
1508 2251 86 20 Fascisti
1605 2251 33 24 qui
1649 2258 57 17 orga-

1192 2274 86 20 aisaient
1293 2274 13 21 à
1322 2275 19 20 la
1357 2275 63 20 même
1436 2275 76 24 époque
1527 2279 19 17 et
1561 2281 50 18 pour
1627 2276 20 20 la
1662 2283 36 17 pre-

1191 2299 64 20 mière
1270 2300 39 20 fois
1324 2300 28 20 les
1366 2300 49 23 jeux
1430 2300 201 22 interuniversitaires
1646 2302 51 20 d'Ita-

1192 2324 26 21 lie
1234 2325 81 24 appelés
1332 2331 12 14 «
1353 2325 99 22 lAiorialî
1459 2331 21 16 ».

1219 2349 38 20 Les
1276 2349 95 21 réunions
1390 2351 27 20 du
1438 2351 77 21 Comité
1534 2351 91 21 exécutif
1643 2351 26 21 de
1688 2352 19 20 W

1193 2373 22 21 C.
1230 2374 17 20 I.
1262 2374 24 21 E.
1300 2378 35 17 tnt
1348 2375 61 19 tfaîîé
1423 2376 25 20 de
1461 2376 129 20 nombreuses
1605 2377 101 24 questions

1192 2399 81 21 d'ordre
1292 2400 139 21 universitaire
1450 2402 146 21 international.

1440 2448 35 20 La
1491 2453 83 19 guerre
1590 2449 116 24 chimique

1219 2476 80 22 Comme
1318 2478 28 20 les
1366 2478 101 21 iournaux
1484 2480 50 19 l'ont
1552 2480 47 23 déjà
1618 2481 88 20 annoncé

1192 2502 13 20 à
1218 2503 105 23 'plusieurs
1343 2504 91 23 reprises,
1452 2505 20 19 la
1492 2504 131 22 Commission
1643 2506 54 19 natio-

1193 2528 45 19 nale
1256 2529 30 23 de.
1299 2528 132 21 mobilisation
1449 2536 14 15 a
1482 2529 59 21 établi
1560 2537 27 14 un
1607 2531 46 24 plan
1673 2531 25 23 gé-

1192 2553 56 19 néral
1265 2553 25 20 de
1307 2554 110 24 protection
1436 2555 25 19 de
1479 2554 19 20 la
1516 2555 113 23 population
1648 2556 58 20 civile

1192 2580 69 18 contre
1280 2578 19 20 la
1318 2585 71 17 guerre
1408 2579 103 26 chimique.
1532 2580 27 20 Ce
1578 2581 72 20 travail
1670 2584 30 17 est

1192 2608 23 14 en
1229 2609 23 14 ce
1263 2607 95 20 moment,
1372 2604 12 20 à
1397 2604 96 20 l'examen
1507 2605 34 21 des
1554 2606 86 20 services
1653 2613 42 14 com-

1193 2627 77 24 pétents
1295 2629 35 20 des
1354 2629 113 21 ministères
1491 2636 51 17 pour
1565 2631 29 20 les
1618 2637 88 14 mesures

1192 2652 133 27 d'exéc;ition.

1219 2677 29 21 En
1270 2678 110 25 attendant,
1399 2680 19 20 le
1438 2680 65 24 public
1522 2687 12 14 a
1553 2681 19 20 le
1593 2681 69 21 devoir
1681 2681 25 20 de

1191 2703 91 25 prendre,
1296 2703 108 25 lui-même,
1417 2708 65 17 toutes
1496 2706 28 19 les
1538 2713 87 14 mesures
1639 2707 57 20 néces-

1191 2728 63 20 saires
1270 2734 50 19 pour
1337 2730 87 20 faciliter
1439 2736 23 14 sa
1477 2730 134 24 préparation.
1628 2732 31 20 En
1675 2733 22 19 ef-

1193 2753 36 24 fet,
1251 2754 50 20 dans
1323 2754 29 21 les
1373 2761 88 14 mesures
1481 2756 126 23 préconisées
1629 2763 37 17 par
1686 2758 20 19 la

1191 2778 127 21 comrr.i'ssion
1332 2780 25 20 de
1370 2780 139 24 mobilisation,
1523 2788 40 14 une
1575 2785 45 20 part
1632 2782 65 24 impor-

1188 2806 57 18 tante
1259 2803 61 21 devra
1334 2805 42 20 être
1389 2806 82 19 assurée
1485 2812 37 18 par
1535 2806 113 22 l'initiative
1661 2814 35 17 per-

1192 2829 92 20 sonnelle.
1292 2840 5 16 ;
1303 2829 18 20 le
1338 2830 79 20 manuel
1434 2831 137 23 Instructions,
1586 2836 120 16 concernant

1192 2853 20 19 la
1228 2854 109 24 protection
1354 2854 25 20 de
1395 2855 20 19 la
1431 2856 115 23 population
1563 2856 58 20 civile
1637 2861 69 16 contre

1192 2878 31 19 les
1233 2878 98 25 produits
1350 2879 99 24 toxiques,
1467 2880 53 20 édité
1538 2881 50 20 dans
1607 2882 29 20 les
1655 2882 51 20 deux

1191 2902 82 24 langues
1296 2909 37 18 par
1354 2904 18 20 la
1396 2904 140 24 Croix-Rouge
1557 2906 26 20 de
1606 2906 99 25 Eeîsi^ue.

1192 2931 76 19 permet
1287 2928 11 20 à
1319 2932 44 16 tous
1382 2929 28 19 les
1429 2929 90 23 citoyens
1537 2931 66 24 beiges
1623 2932 82 22 d'avoir,

1191 2958 35 14 sur
1242 2956 40 28 cet^
1291 2953 108 24 important
1416 2955 107 23 problème,
1540 2956 28 20 les
1586 2956 119 21 indications

1191 2977 127 21 essentielles.
1338 2978 28 21 Ce
1384 2980 79 20 manuel
1482 2983 30 18 est
1531 2981 65 20 vendu
1615 2988 25 14 au
1660 2982 44 23 prix

1190 3002 92 25 modique
1299 3004 25 19 de
1341 3009 45 18 4.50
1404 3004 27 22 fr.
1450 3005 123 23 {versement
1590 3013 26 14 au
1634 3007 69 20 CC.P.

1191 3027 25 20 de
1232 3028 18 20 la
1268 3028 141 25 Croix-Rouge
1424 3030 25 20 de
1466 3030 99 25 Belgique,
1581 3033 31 21 80,
1628 3039 36 14 rue
1680 3033 25 20 de

1191 3052 108 28 Livourne,
1320 3054 104 21 Bruxelles
1444 3062 20 14 n.
1485 3057 61 22 6566)
1555 3063 6 17 ;
1582 3057 78 23 joindre
1681 3064 24 14 en

1191 3078 45 23 plus
1255 3078 17 19 le
1290 3082 91 17 montant
1398 3080 34 21 des
1451 3081 50 20 frais
1519 3081 75 22 d'envoi
1613 3082 24 21 de
1654 3087 51 16 cette

1190 3103 104 21 brochure.

1418 3152 34 20 La
1469 3157 75 15 messe
1562 3153 29 20 de
1609 3154 96 21 St-Yves

1206 3181 96 23 .Suivant
1319 3182 81 24 l'usage,
1418 3184 19 19 la
1456 3184 122 20 Conf-rence
1595 3186 110 23 Judiciaire

1193 3206 25 21 de
1241 3207 121 21 Saint-Yves
1383 3215 12 13 a
1418 3209 77 20 célébré
1518 3209 19 20 la
1561 3211 41 19 fête
1624 3211 24 20 de
1670 3217 35 15 son

1192 3231 90 23 glorieux
1305 3236 75 20 patron,
1402 3234 93 20 vendredi
1517 3241 24 13 ro
1562 3235 46 21 mai.

1217 3256 46 21 Une
1280 3264 63 14 .nesse
1358 3259 58 19 basse
1431 3265 12 15 a
1460 3260 31 19 été
1507 3260 41 20 dite
1564 3261 12 20 à
1595 3267 6 13 1
1608 3267 6 13 1
1633 3261 71 21 heures

1191 3287 24 15 en
1232 3282 78 24 J'église
1329 3283 61 21 N.-D.
1409 3284 35 20 des
1462 3284 99 21 Victoires
1579 3292 26 14 au
1624 3287 80 23 Sablon,

1191 3306 54 23 siège
1263 3307 25 20 de
1306 3308 20 19 la
1345 3308 111 21 Confrérie.

1216 3332 67 20 Après
1305 3333 19 21 la
1346 3339 63 15 messe
1431 3334 18 20 le
1471 3334 23 21 P.
1517 3335 102 23 Humblet,
1643 3337 20 21 S.
1685 3337 18 23 J.

1194 3361 12 14 a
1232 3356 39 20 fait
1280 3380 6 7 ^
1295 3363 39 14 une
1359 3358 127 25 conférence.
1511 3360 47 20 Une
1583 3362 119 20 nombreuse

1190 3381 108 22 assemblée
1316 3383 23 19 de
1356 3385 145 22 personnalités
1519 3386 26 19 du
1563 3387 71 20 monde
1650 3387 44 23 judi-

1192 3406 67 23 ciaire,
1275 3407 35 20 des
1326 3408 115 23 magistrats
1457 3413 20 16 et
1493 3410 34 21 des
1543 3415 87 19 avocats,
1646 3413 51 19 assis-

1192 3431 62 21 taient
1273 3432 14 21 à
1305 3433 21 20 la
1347 3433 118 22 cérémonie.

1485 3491 34 21 la
1535 3492 62 21 Rose
1613 3493 28 20 de
1658 3494 47 20 Mai

1191 3521 31 18 est
1242 3526 39 15 une
1301 3523 56 18 toute
1377 3521 60 24 petite
1459 3523 53 20 fleur
1532 3524 104 24 stérilisée,
1658 3531 47 15 sans

1190 3544 65 23 grâce,
1270 3552 46 13 sans
1330 3547 87 24 parfum,
1431 3554 47 15 sans
1493 3548 37 21 vie.
1545 3550 28 19 Sa
1587 3549 40 24 tige
1641 3557 24 13 en
1681 3551 23 20 fil

1190 3569 25 20 de
1230 3570 31 20 fer
1277 3571 38 19 fait
1330 3578 70 17 penser
1414 3573 13 20 à
1441 3579 26 13 un
1481 3573 69 21 article
1564 3575 25 19 de
1603 3575 61 20 bazar
1678 3582 25 14 ou

1191 3594 26 20 de
1239 3595 34 32 tir^
1289 3596 82 31 forain,^
1384 3597 34 21 Un
1439 3598 86 24 bouquet
1547 3599 25 20 de
1595 3606 33 14 ces
1651 3606 54 15 roses

1190 3619 65 21 serait
1265 3620 12 21 à
1290 3627 24 14 sa
1328 3621 55 21 vraie
1397 3622 55 24 place
1466 3629 35 15 sur
1515 3630 38 14 une
1567 3625 100 21 cheminée
1681 3626 24 21 de

1190 3650 115 19 campagne,
1317 3652 48 15 sous
1377 3653 39 15 une
1426 3648 69 20 cloche
1506 3649 25 20 de
1543 3656 63 18 verre,
1618 3653 55 19 entre
1684 3652 20 20 la

1192 3669 53 21 fleur
1263 3670 103 25 d'oranger
1387 3673 24 20 de
1431 3673 125 24 grand'mère
1575 3678 19 17 et
1613 3676 20 20 ia
1651 3676 54 21 boite

1190 3694 12 21 à
1219 3695 75 23 poudre
1311 3696 24 20 de
1351 3697 126 25 grand^père.

1217 3719 54 22 Mais
1291 3720 19 21 la
1330 3722 52 20 Rose
1402 3722 24 20 de
1446 3723 42 20 Mai
1508 3724 72 20 retient
1599 3731 35 15 sur
1647 3729 58 18 -cette

1191 3746 53 18 terre
1267 3745 34 20 des
1325 3746 41 20 vies
1390 3747 100 21 d'enfants
1513 3749 89 23 guettées
1627 3756 35 19 par
1685 3752 20 20 la

1191 3769 130 25 tuberculose.

1216 3795 108 25 Achetons,
1342 3796 109 25 dimanche,
1468 3798 19 20 la
1504 3799 52 21 Rose
1572 3800 25 20 de
1614 3801 48 21 Mal.

1274 3849 44 19 Les
1338 3849 149 22 Habitation!
1508 3851 16 21 à
1543 3852 46 21 bon
1610 3854 94 20 marché

1216 3879 28 21 Le
1260 3879 78 22 Conseil
1355 3881 179 21 d'administration
1550 3884 25 20 de
1590 3884 19 20 la
1625 3884 79 21 Société

1188 3905 125 20 communale
1330 3906 151 20 d'Habitations
1497 3908 13 20 à
1526 3909 39 19 bon
1583 3910 79 19 marché
1679 3910 25 20 de

1190 3929 96 23 St-Josse,
1298 3931 108 22 procédera
1418 3932 55 20 lundi
1486 3933 101 23 prochain,
1599 3935 13 20 i
1623 3941 11 17 3
1647 3935 20 23 h.
1680 3935 24 20 de

1191 3954 138 24 l'après-oiidi,
1353 3956 14 20 à
1391 3956 20 20 la
1436 3957 60 20 visite
1520 3958 25 20 du
1571 3959 71 20 nouvel
1667 3960 27 20 im-

1189 3979 77 21 meuble
1281 3980 13 20 à
1308 3984 147 20 appartements
1469 3983 100 23 multiples
1584 3984 54 23 érigé
1654 3991 50 17 pour

1189 4010 36 13 son
1242 4007 83 21 compte,
1342 4012 35 14 rue
1392 4007 153 20 Verderhoeven
1563 4014 29 18 13,
1607 4009 13 21 à
1637 4010 66 20 Saint-

1188 4029 64 23 Josse.

1746 391 57 20 LES
1821 391 77 20 VOLS
1915 392 81 20 DANS
2015 391 57 20 LES
2089 390 154 20 MAGASINS

1761 421 50 20 Une
1823 421 147 24 Journalière,
1983 422 116 20 Christine
2111 421 94 21 Brehm,
2218 421 30 18 ha-

1737 446 78 20 bitant
1830 447 127 23 Bruxelles,
1974 452 55 15 sans
2045 446 119 20 résidence
2180 446 47 19 fixe
2244 450 12 13 a

1735 471 54 24 déjà
1802 476 102 17 encouru
1917 477 45 16 une
1976 472 116 20 trentaine
2106 472 27 19 d:
2148 470 99 21 condam-

1735 498 94 18 nations
1845 502 58 18 pour
1918 498 44 19 vol.

1759 523 33 18 Le
1803 523 12 19 4
1826 523 58 19 avril
1895 523 56 23 1932,
1963 524 41 19 elle
2015 523 36 19 fut
2062 521 89 21 arrêtée
2162 522 28 20 de
2201 527 46 14 nou-

1734 551 59 14 veau
1809 551 31 15 au
1857 550 105 18 moment
1978 547 29 20 où
2023 547 43 19 elle
2083 547 72 18 volait
2171 548 83 21 quatre

1735 572 77 23 paires
1830 572 28 19 de
1876 572 41 19 bas
1935 573 58 19 dans
2012 576 31 15 un
2060 571 108 24 magasin
2186 571 27 19 de
2232 571 22 19 la

1736 601 41 15 rue
1794 597 167 24 Treurenbjrg.

1761 622 116 19 Vendredi
1893 622 20 19 le
1929 621 100 21 tribur.al
2045 626 12 14 c
2074 620 139 20 rrectionnel
2229 621 27 18 de

1734 648 118 19 Bruxelles
1864 648 29 19 l'a
1905 646 141 22 condamnée
2057 652 57 18 pour
2126 652 27 14 ce
2164 646 91 20 dernier

1735 672 37 18 vol
1784 671 15 19 à
1812 672 82 23 quatre
1907 672 59 19 mois
1980 672 27 19 de
2019 671 80 24 prison
2112 672 22 20 et
2147 670 15 20 à
2175 671 38 19 350
2226 672 29 17 tr.

1736 696 126 20 d'amende.

1791 728 64 20 UNE
1876 728 174 20 TENTATIVE
2071 728 43 19 DE
2135 727 60 20 VOL

1889 754 21 19 A
1927 752 170 21 MACHELEN

1764 777 81 19 Pierre
1868 777 150 23 Frederickx,
2042 776 98 21 ouvrier,
2164 776 82 18 demeu-

1736 803 54 18 rant
1805 801 15 20 à
1834 802 100 22 Deurne,
1949 801 153 21 L'introduisit
2115 801 21 19 le
2152 801 24 19 21
2191 805 64 14 mars

1733 827 93 19 dernier
1842 828 59 18 dans
1916 832 32 14 un
1964 827 106 24 magasin
2087 827 28 21 de
2132 826 120 19 Machelen

1736 853 23 18 et
1770 852 15 19 il
1796 852 66 19 tenta
1873 852 37 23 d'y
1920 853 63 19 voler
1994 853 21 19 ie
2026 852 100 18 contenu
2139 851 30 19 du
2180 851 76 19 tiroir-

1732 878 81 19 caisse.
1826 877 19 19 H
1859 877 38 20 fut
1910 878 90 23 surpris
2013 876 16 20 à
2042 882 25 13 ce
2081 877 105 18 moment
2199 877 24 19 et
2237 876 14 18 il

1732 902 48 24 prit
1796 903 24 18 la
1836 902 66 19 fuite.
1919 903 47 18 Des
1983 902 118 23 villageois
2119 901 32 19 lui
2168 900 75 20 donnè-

1735 928 53 18 rent
1805 927 23 20 la
1845 928 89 18 chasse,
1950 928 46 19 air
2011 927 21 21 le
2049 927 66 22 point
2132 925 72 20 d'être
2221 931 25 14 re-

1734 953 66 22 joint,
1820 953 15 18 il
1853 957 99 18 menaça
1969 953 33 19 les
2018 951 165 24 poursuivants
2201 951 52 18 d'un

1733 979 105 18 couteau.
1854 978 20 18 Il
1889 978 40 19 fut
1942 976 77 20 arrêté
2035 976 136 23 cependant.

1758 1002 117 20 Vendredi
1894 1002 142 20 Frederickx
2053 1006 15 14 a
2086 1005 112 19 comparu
2217 1000 27 19 de-

1732 1028 58 19 vant
1806 1028 21 19 le
1845 1027 102 19 tribunal
1965 1026 167 20 correctionnel
2150 1025 28 20 dv.
2194 1026 50 18 Bru

1733 1053 71 18 xelles
1823 1052 38 24 qui
1880 1052 30 19 l'a
1929 1050 128 22 condamné
2081 1050 16 20 à
2120 1051 13 19 3
2157 1055 43 14 ans
2225 1050 28 19 de

1731 1077 86 23 prison.

1856 1102 140 20 VOLEURS
2019 1101 110 20 D'AUTO

1758 1127 70 19 Louis
1856 1127 92 22 Becart,
1975 1125 111 24 employé,
2115 1126 23 19 et
2167 1125 86 20 Olivier

1734 1151 84 23 Gierts,
1839 1152 116 22 cuisinier,
1976 1151 104 20 volèrent
2100 1151 21 18 le
2143 1150 26 19 26
2189 1154 63 15 mars

1733 1178 91 19 dernier
1853 1178 155 19 l'automobile
2043 1176 29 20 de
2102 1176 36 19 M..
2164 1176 89 19 Robert

1732 1202 93 23 Sablon,
1839 1202 71 23 agent
1924 1201 28 20 de
1967 1202 95 22 change,
2077 1200 109 19 habitant
2200 1204 43 14 ave-

1732 1232 44 15 nue
1789 1227 28 20 de
1829 1227 23 19 la
1863 1227 84 19 Toison
1961 1226 60 20 d'Or.
2032 1226 32 18 Ils
2075 1226 9 12 f
2086 1224 108 21 entèrent
2204 1224 38 20 vai-

1732 1252 96 20 nement
1845 1252 28 22 de
1891 1252 86 19 vendre
1996 1251 23 20 la
2037 1251 96 21 voiture,
2152 1268 9 6 m
2168 1250 36 18 uis
2223 1249 29 20 ils

1733 1276 206 20 l'abandonnèrent
1954 1281 30 14 au
1998 1276 55 19 Bois
2076 1281 20 14 ie
2111 1276 23 18 la
2148 1275 98 19 Cambre

1730 1302 32 21 Le
1774 1303 39 18 1er
1824 1302 65 21 avril,
1901 1302 73 23 ayant
1985 1299 81 21 trouvé
2079 1305 32 14 un
2123 1299 128 24 arquéreur

1734 1328 27 18 ils
1781 1320 143 26 décidèrent"
1931 1327 29 18 de
1977 1326 64 20 voler
2059 1330 44 15 une
2121 1326 68 18 autre
2206 1325 37 18 voi-

1731 1353 58 18 ture.
1804 1353 36 18 Au
1854 1352 105 19 moment
1972 1350 30 20 où
2017 1351 29 19 ils
2061 1356 4 13 :
2074 1350 111 20 mettaient
2200 1350 50 19 leur

1730 1377 77 23 projet
1821 1376 15 20 à
1851 1376 120 20 exécution
1986 1376 28 19 ils
2028 1375 81 20 furent
2123 1375 89 24 surpris
2226 1375 24 18 et

1733 1401 96 20 arrêtés.

1757 1427 44 18 Les
1821 1426 59 19 deux
1898 1426 91 19 voleurs
2007 1426 42 19 ont
2068 1429 110 20 comparu
2197 1429 45 15 ven-

1733 1451 64 20 dredi
1817 1451 86 20 devant
1922 1452 21 19 le
1962 1451 102 19 tribunal
2084 1450 166 20 correctionnel

1733 1476 28 22 de
1776 1476 119 19 Bruxelles
1910 1476 40 19 rui
1964 1481 16 14 a
1994 1474 128 21 condamné
2136 1475 87 19 Becart
2236 1473 13 21 à

1730 1501 25 20 18
1765 1501 59 19 mois
1836 1501 27 20 de
1873 1501 79 24 prison
1963 1502 24 18 et
1996 1501 77 19 Gierts
2083 1500 15 19 à
2108 1500 26 19 12
2145 1500 65 19 mo's.

2450 272 483 95 FAITS
3102 274 619 97 DIVERS

2279 437 129 38 Capitaux
2419 438 159 37 disponibles
2588 455 15 8 -
2614 439 184 36 Hypothèques
2806 438 8 31 !
2822 438 64 37 ,,-,*?„
2893 440 73 19 mnUn
2968 454 6 8 '
2987 441 22 20 ,e
3008 466 5 9 ,
3024 447 12 15 »
3036 441 36 20 olr
3085 446 45 15 vou

2308 462 38 27 /,,
2362 479 5 4 .
2424 479 6 6 .
2461 462 15 13 "
2501 480 5 5 .
2634 462 19 27 f.
2654 462 18 15 r
2671 479 6 5 .
2734 468 16 21 2
2763 480 7 6 .
2822 462 86 20 davorr
2922 468 64 16 votre
3000 466 96 20 demi-sa
3107 471 25 14 so

2303 479 105 19 Affaires
2423 479 154 23 Importantes
2592 480 181 19 ercelirL-uvement

2317 503 91 19 Ecrire:
2484 504 31 22 76,
2533 503 94 20 Avenue
2645 503 154 24 Britannique

2278 527 24 19 L.
2315 527 155 20 GEENBITS
2623 528 123 19 ANVERS

2347 608 111 19 TASSEZ
2471 608 56 19 VOS
2540 608 157 19 VACANCES
2708 609 20 18 A
2777 602 20 40 jjj

2326 641 424 33 BLANKENBERGHE

2312 681 52 19 Prix
2376 682 126 19 fortement
2513 681 94 20 réduits.
2619 683 52 18 Ecr.
2681 687 21 18 p.
2712 682 53 19 liste
2776 681 20 31 Jjj

2311 712 72 20 hôtels
2396 718 31 14 au
2438 713 55 19 Bur.
2506 713 40 19 des
2559 713 207 24 Renseignements
2783 705 12 34 };

2691 738 71 19 (633-1)
2776 731 12 29 '{

1354 4084 21 20 A
1390 4084 161 22 l'Association
1568 4086 136 26 Catholique

1214 4113 29 21 La
1261 4114 74 21 section
1355 4115 94 22 féminine
1466 4116 25 21 de
1507 4117 139 22 l'Association
1665 4119 29 20 Ca-

1188 4138 90 24 tholique
1298 4140 25 20 de
1343 4140 190 22 l'Arrondissement
1553 4143 25 20 de
1598 4143 104 22 Bruxelles

1188 4169 23 14 se
1229 4164 88 23 réunira,
1334 4165 83 23 samedi,
1435 4166 13 20 à
1468 4172 23 18 14
1508 4167 20 21 h.
1549 4173 29 18 15,
1596 4168 12 20 à
1627 4168 75 21 Patria.

1189 4188 55 20 Mme
1257 4190 25 19 de
1297 4190 80 20 Hennin
1391 4191 25 19 de
1430 4191 78 21 Boussu
1522 4192 110 25 Walcourt,
1647 4194 55 20 Mme

1189 4213 170 25 Lutens-Woeste,
1376 4216 29 20 M.
1421 4216 113 22 Posscbelle
1550 4221 20 17 et
1585 4218 29 21 M.
1631 4219 72 20 Wauc-

1189 4244 50 18 quez
1257 4246 14 17 y
1290 4240 108 23 prendront
1417 4240 19 21 la
1455 4242 73 23 parole.
1547 4243 33 20 Au
1599 4249 60 16 cours
1678 4245 26 19 de

1187 4266 52 17 cette
1252 4264 89 24 réunion,
1354 4265 28 20 les
1395 4266 98 20 membres
1506 4267 95 21 féminins
1614 4269 24 20 âc
1651 4270 51 20 Bru-

1187 4288 62 20 x»lles
1269 4295 33 14 1er
1320 4290 79 20 district
1417 4290 128 24 désigneront
1563 4293 53 21 leurs
1635 4294 57 20 candi-

1188 4313 55 20 dates
1259 4321 39 12 aux
1315 4315 95 20 élections
1426 4317 141 20 communales.
1585 4319 28 20 La
1630 4319 72 21 séance

1189 4343 44 16 s^-a
1257 4339 64 21 suivie
1342 4340 60 20 d'une
1425 4341 64 24 partie
1512 4343 95 20 musicale
1629 4347 21 17 et
1672 4344 22 20 ré-

1187 4363 94 21 créative.

1306 4418 38 20 Un
1359 4420 94 19 concert
1469 4420 30 20 de
1513 4421 107 25 musique
1636 4427 66 15 russe

1187 4454 50 14 aura
1254 4447 39 22 Heu
1311 4455 26 18 nu
1357 4450 68 21 palais
1442 4451 36 21 des
1496 4451 133 25 Beaux-Arts,
1648 4454 54 20 Salle

1187 4472 26 21 de
1227 4473 93 24 Musique
1333 4474 25 21 de
1372 4475 106 25 Chambre,
1492 4476 20 21 le
1524 4477 77 21 samedi
1615 4479 25 18 28
1655 4479 47 21 mai.

1187 4497 13 20 à
1213 4503 25 14 30
1251 4498 20 20 h.
1284 4504 31 18 30,
1329 4505 48 15 avec
1390 4500 20 21 le
1421 4506 97 16 concours
1530 4502 24 20 de
1567 4502 30 21 M.
1611 4503 23 20 G.
1647 4504 54 23 Juri-

1188 4523 51 22 neff,
1258 4523 24 20 de
1301 4524 82 24 l'Opéra
1401 4531 57 14 russe
1476 4526 26 20 de
1520 4527 59 21 Paris
1600 4527 48 24 (Th.
1667 4529 35 20 des

1189 4547 198 25 Champs-Elysées),
1412 4550 25 21 de
1462 4551 56 21 Mme
1541 4552 23 21 L.
1590 4552 113 21 Tourovetz

1187 4573 116 23 canutrice,
1319 4577 21 17 et
1355 4574 26 21 de
1397 4575 49 20 'ilït
1462 4576 29 21 M.
1508 4577 60 24 Suzy,
1585 4577 90 25 pianiste.

1211 4597 33 20 Au
1257 4604 123 18 programme
1386 4606 6 13 :
1404 4606 78 15 œuvres
1493 4601 26 20 de
1529 4602 78 23 Glinka,
1618 4603 82 21 Tschaî-

1186 4622 88 24 kowsky,
1290 4624 104 23 Borodine,
1409 4625 212 26 Rimsky-Korsakoff,
1636 4629 66 20 Rach-

1186 4647 108 23 maninoff,
1309 4649 72 24 GHere,
1396 4650 109 22 Scriabîne,
1520 4652 130 25 Liapounoff,
1665 4656 36 18 etc.

1213 4672 50 20 Prix
1276 4673 35 21 des
1326 4674 65 21 places
1410 4681 5 14 :
1430 4675 25 21 de
1469 4681 10 18 s
1493 4676 13 21 à
1518 4683 26 16 40
1558 4677 26 21 fr.

1213 4696 28 22 Le
1262 4698 92 21 bénéfice
1375 4703 34 17 net
1429 4700 26 21 du
1477 4705 80 17 concert
1577 4708 45 15 sera
1644 4705 57 19 versé

1187 4728 40 14 aux
1241 4722 75 21 caisses
1329 4724 25 20 de
1367 4730 80 16 secours
1460 4726 26 21 de
1497 4727 83 21 l'Union
1593 4728 35 21 des
1642 4729 50 20 Inva-

1186 4747 49 20 lides
1251 4754 66 14 russes
1333 4752 20 17 et
1368 4750 25 20 de
1407 4751 82 20 l'Union
1505 4751 34 21 des
1554 4759 67 14 russes
1637 4754 54 24 diplô-

1186 4772 42 20 més
1248 4773 35 20 des
1301 4774 77 21 Haute*
1398 4775 75 21 Etudes
1492 4783 24 13 en
1536 4777 100 24 Telgique.

1213 4797 95 21 Location
1326 4805 25 14 au
1371 4799 67 22 Palais
1456 4801 35 21 des
1510 4801 134 24 Beaux-Arts.

1243 4851 44 21 Les
1306 4851 105 22 Colonies
1429 4853 110 21 scolaires
1558 4856 143 25 catholiques

1435 4879 29 19 de
1479 4879 145 21 Schaerbeek

1186 4905 124 23 célébreront
1327 4907 43 20 leur
1387 4914 34 18 2$-
1438 4909 141 25 anniversaire,
1597 4912 104 21 dimanche

1185 4932 103 22 prorhain.

1213 4956 28 20 Le
1260 4963 124 18 programme
1401 4959 25 20 de
1445 4959 19 20 la
1483 4960 83 23 journée
1585 4965 31 16 est
1634 4963 66 19 arrêté

1183 4986 79 15 comme
1276 4983 52 20 suit:

1212 5007 18 19 A
1253 5013 8 13 1
1265 5012 11 18 5
1297 5007 20 21 h.
1338 5008 52 20 salut
1410 5009 94 24 solennel,
1525 5017 24 13 en
1570 5011 76 23 l'église
1667 5013 32 19 St-

1189 5031 92 23 Servais;
1305 5032 109 21 allocution
1439 5034 26 20 du
1489 5035 62 23 doyen
1576 5036 89 24 Glibjrt;
1689 5037 13 19 à

1188 5061 21 17 '5
1224 5062 31 17 45,
1269 5057 62 20 défile
1344 5058 36 20 des
1394 5059 75 24 écoles;
1483 5059 13 20 à
1511 5061 23 18 16
1546 5061 20 19 h.
1580 5067 31 17 30,
1625 5068 65 14 assem-

1185 5080 45 21 blée
1251 5082 92 22 générale
1365 5084 13 19 à
1398 5084 97 20 l'Institut
1517 5085 116 24 Ste-Marie,
1658 5088 43 21 164,

1186 5106 97 22 chaussée
1302 5107 105 23 d'Haecht,
1428 5109 95 21 Discours
1543 5111 25 19 de
1589 5111 46 23 Mgr
1655 5111 44 20 Van

1187 5130 68 23 Eynde
1272 5131 74 21 vicaire
1363 5132 81 24 général
1461 5137 19 17 et
1498 5135 24 20 de
1539 5135 28 21 M.
1585 5136 73 20 Carton
1675 5136 25 20 de

1187 5155 71 24 Wiart,
1279 5156 91 22 ministre
1391 5158 68 21 d'Etat

1424 5212 153 21 L'assemblée
1593 5214 106 24 générale

1186 5240 25 20 de
1234 5240 19 21 la
1276 5241 78 21 Société
1377 5243 27 20 du
1427 5243 63 20 Canal
1520 5248 21 16 et
1564 5245 136 20 Installations

1187 5265 113 22 Maritime*
1317 5273 14 14 a
1350 5266 57 22 réuni
1427 5268 29 20 les
1474 5268 95 23 délégués
1587 5270 26 20 de
1632 5270 68 22 l'Etat,

1186 5290 25 20 de
1225 5290 19 19 la
1259 5291 100 24 province,
1373 5292 25 21 de
1412 5293 19 19 la
1446 5293 46 21 ville
1506 5298 20 16 et
1540 5294 36 21 de*
1592 5295 108 23 faubourgs

1186 5314 24 20 de
1228 5315 111 25 Bruxelles.
1355 5317 66 23 Après
1439 5317 74 22 lecture
1531 5319 27 20 du
1576 5324 87 19 rapport,
1681 5321 19 19 ie

1185 5339 62 21 baron
1261 5341 72 21 Stcens
1345 5348 13 14 a
1371 5342 90 20 annoncé
1473 5349 40 18 que
1527 5343 18 21 ïe
1558 5344 92 21 bouchon
1665 5346 34 22 qui

1187 5363 64 22 ferme
1269 5365 20 21 le
1306 5366 59 21 canal
1386 5367 24 20 de
1430 5367 102 21 Charleroi
1553 5374 41 14 aux
1614 5370 86 20 bateaux

1186 5388 25 20 de
1228 5395 50 18 1350
1293 5393 69 18 tonnes
1378 5392 96 20 sauterait
1489 5398 26 15 au
1532 5393 61 21 début
1608 5394 28 21 de
1651 5401 48 17 1935

1184 5417 21 16 et
1218 5420 38 18 que
1267 5415 29 20 les
1308 5415 94 24 péniclies
1414 5417 26 21 de
1452 5423 38 17 300
1502 5421 71 17 tonne*
1585 5420 114 22 pourraient

1186 5437 36 22 d«
1246 5445 47 17 1933
1315 5440 50 20 aller
1385 5441 25 20 de
1432 5441 103 22 Bruxelles
1556 5443 13 20 â
1591 5444 113 21 Charleroi.-

1184 5463 19 20 Il
1220 5470 12 13 a
1248 5464 86 22 déclaré,
1350 5465 77 21 d'autre
1443 5470 51 22 partj
1509 5474 38 17 que
1563 5469 27 19 les
1606 5469 85 23 négocia-

1186 5488 54 20 tions
1254 5493 57 17 entre
1325 5490 19 20 la
1360 5491 81 20 société,
1456 5492 20 19 la
1493 5492 46 20 ville
1554 5493 26 20 de
1596 5493 104 21 Bruxelles

1186 5516 25 19 et
1223 5512 76 26 l'Etat,"
1311 5521 50 18 pour
1379 5516 116 25 compléter;
1503 5517 135 25 l'avant-port,
1657 5524 35 18 pre-

1187 5538 67 21 naient
1270 5545 39 15 nne
1326 5543 95 19 tournurt
1438 5540 40 21 très
1497 5541 108 23 favorable.

1774 1547 157 20 TRIBUNAL
1951 1547 260 20 CORRECTIONNEL

1883 1573 45 19 DE
1939 1572 156 20 VERVIERS

1760 1597 38 20 Un
1815 1597 57 20 écho
1891 1598 28 19 de
1936 1597 101 20 l'affairo
2055 1597 170 19 Bellefontaine

1759 1622 120 22 Mercredi,
1895 1622 161 20 l'ex-receveur
2073 1622 131 19 communal
2222 1622 27 19 de

1734 1647 168 19 Bellefontaine
1925 1653 14 13 a
1961 1648 28 19 de
2011 1651 106 15 nouveau
2138 1652 111 18 comparu

1733 1672 85 20 devant
1837 1673 22 19 le
1880 1672 101 20 tribunal
2002 1672 97 20 correct!
2103 1673 65 18 jnnel
2189 1677 59 18 pour

1735 1696 113 25 répondre
1870 1697 39 20 des
1930 1697 147 24 préventions
2100 1698 26 19 de
2148 1698 58 19 faux
2228 1697 21 19 et

1732 1726 83 21 usages
1830 1722 27 20 de
1871 1723 63 21 faux,
1948 1722 67 20 délits
2029 1723 53 22 qu'il
2096 1723 78 19 aurait
2186 1727 52 15 com-

1732 1747 45 20 mis
1790 1747 61 21 alors
1865 1747 66 24 qu'en
1945 1748 81 19 dshors
2041 1748 26 19 de
2080 1752 37 15 ses
2131 1748 116 19 fonctions

1735 1772 27 19 de
1786 1777 109 15 receveur
1917 1773 131 19 communal
2072 1772 16 19 il
2112 1773 74 19 tenait
2209 1773 39 19 des

1733 1796 170 25 c-mptabiîités
1923 1798 55 19 chez
1997 1798 32 19 les
2049 1798 153 23 particulière.

1759 1822 32 20 Ia-
1819 1823 102 19 tribunal
1943 1828 15 14 a
1980 1821 127 22 condamné
2134 1823 106 19 Bellefon-

1733 1848 64 20 taine
1819 1847 15 20 à
1854 1849 13 17 4
1888 1848 60 19 mois
1971 1848 27 19 de
2019 1848 79 24 prison
2120 1849 24 19 et
2165 1848 82 24 quatre

1735 1873 108 19 amendes
1865 1873 28 19 de
1912 1873 38 19 700
1970 1874 86 19 francs.

1743 1930 57 36 Une

1953 1900 75 21 ♦■♦

1832 1930 214 37 manifestation
2070 1930 174 43 patriotique

1934 1978 18 37 à
1973 1979 76 37 Jette

1758 2057 128 19 Dimanche
1901 2056 15 21 à
1931 2057 26 19 15
1971 2057 22 20 h.
2008 2056 31 23 15,
2054 2057 66 23 place
2135 2056 109 21 Cardinal

1732 2081 104 24 Mercier,
1858 2087 59 14 aura
1939 2082 46 19 lieu
2007 2087 29 16 en
2058 2082 110 24 présence
2191 2082 53 19 d'un

1731 2105 95 25 délégué
1838 2107 31 19 du
1881 2107 51 22 Roi,
1944 2107 24 19 la
1980 2107 82 19 remise
2075 2107 54 19 d'un
2141 2107 104 23 drapeau

1732 2130 15 20 à
1764 2132 23 18 la
1803 2132 89 19 section
1910 2132 72 20 locale
2000 2132 28 20 de
2044 2132 41 20 l'O.
2101 2133 29 19 N,
2147 2132 40 20 des
2203 2132 33 19 Or-

1731 2156 91 23 phelins
1835 2157 27 19 de
1875 2157 23 19 la
1911 2157 87 20 Guerre
2011 2157 23 22 et
2045 2156 16 21 à
2072 2157 118 22 l'Amicale
2204 2157 40 20 dez

1732 2180 102 21 Enfants
1849 2181 41 20 des
1904 2182 167 20 Combattants.

1757 2206 65 20 Cette
1835 2205 129 21 cérémonie
1978 2211 52 15 sera
2042 2207 73 19 suivie
2130 2207 28 19 de
2172 2207 23 19 la
2210 2211 25 15 re-

1732 2231 58 19 mise
1809 2231 124 20 solennelle
1954 2231 28 20 de
2002 2232 23 20 la
2044 2237 12 13 «
2076 2231 107 21 Médaille
2204 2232 40 19 des

1732 2255 146 20 Volontaires
1893 2261 12 13 »
1919 2260 47 15 aux
1979 2256 139 20 volontaires
2131 2257 90 23 jettols..

1757 2280 44 19 Les
1815 2279 142 25 délégations
1971 2281 30 19 de"
2012 2281 157 20 combattants
2190 2282 15 19 d
2212 2282 23 18 in-

1733 2305 93 23 valides,
1850 2305 28 20 de
1901 2306 140 19 volontaires
2064 2307 24 19 et
2111 2307 76 19 toutes
2210 2307 35 19 les

1730 2328 99 20 sociétés
1850 2329 91 23 locales,
1961 2329 165 24 participeront
2147 2335 30 14 au
2197 2335 41 15 cor-

1731 2354 58 24 tège.
1805 2355 34 19 La
1855 2355 105 24 musique
1975 2356 31 19 du
2021 2355 113 24 régiment
2150 2356 40 19 des
2207 2361 27 14 ca-

1731 2380 114 19 rabiniers
1859 2380 84 20 Prince
1957 2380 121 20 Baudouin
2094 2380 90 24 prêtera
2201 2386 42 15 sen

1731 2409 113 15 concours
1860 2404 17 20 à
1893 2405 61 19 cette
1972 2405 135 20 cérémonie.

2304 823 44 19 Les
2370 823 107 19 concerts
2498 822 15 20 à
2535 822 146 20 Anderlecht.
2703 833 27 4 —
2757 822 30 20 Di-

2278 848 99 19 manche
2393 848 26 19 22
2436 848 54 22 mai,
2506 846 16 20 à
2538 848 25 18 17
2580 847 90 23 heures,
2687 852 30 14 au
2735 848 60 19 Parc

2279 873 167 21 d'Anderlecht,
2474 873 95 19 concert
2590 877 43 19 par
2654 873 141 20 l'Harmonie

2279 898 246 22 Scheut-Attractions,
2554 902 55 14 sous
2635 898 23 19 la
2683 898 112 19 direction

2278 924 27 19 de
2322 924 30 19 M.
2367 924 80 19 Victor
2461 923 36 20 De
2512 937 9 4 -
2541 926 40 21 iys.

2303 949 74 19 Ijundi
2394 949 26 19 23
2435 948 54 22 mai,
2504 947 16 20 à
2534 948 26 19 20
2577 948 89 21 heures,
2681 948 66 23 place
2764 948 30 19 du

2278 974 97 23 Conseil,
2392 974 94 19 concert
2501 978 44 19 par
2560 973 143 21 l'Harmonie
2719 973 67 20 Socia-

2277 999 59 21 liste,
2353 1004 55 15 sous
2426 1000 23 19 la
2468 998 112 20 direction
2598 998 27 20 de
2643 999 30 19 M.
2690 999 26 19 B.
2734 999 61 19 Van-

2277 1024 138 20 kerckâove.

2298 1058 62 18 Auto
2375 1057 70 20 volée.
2459 1068 27 4 —
2499 1057 75 22 Jeudi,
2589 1055 15 21 à
2619 1056 25 19 22
2660 1057 90 22 heures,
2764 1057 31 19 M.

2273 1082 109 19 Edouard
2398 1083 120 23 Guistalla,
2533 1082 137 19 demeurant
2683 1081 113 20 chaussée

2274 1107 27 18 de
2320 1107 125 22 Charleroi,
2463 1107 45 23 265,
2525 1106 16 20 à
2559 1106 153 21 Saint-Gilles,
2731 1106 65 19 avaln

2274 1131 137 20 abandonné
2429 1137 43 14 son
2490 1132 62 22 auto,
2570 1136 45 15 une
2634 1131 108 19 conduite
2762 1131 23 18 in-

2273 1155 99 20 térieure
2392 1157 78 22 brune,
2489 1157 86 19 devant
2594 1160 44 15 une
2657 1155 90 21 maison
2765 1155 29 19 de

2273 1180 104 19 l'avenue
2393 1180 74 19 Emile
2484 1181 85 23 Duray.
2588 1180 35 19 On
2640 1180 23 19 la
2678 1180 34 19 lui
2726 1185 15 14 a
2756 1185 29 13 vo-

2273 1204 42 20 lée.
2767 1204 26 19 D.

2298 1228 55 21 Vols
2374 1234 41 14 sur
2435 1229 33 19 les
2490 1230 68 19 autos
2578 1228 170 21 abandonnées.
2768 1238 27 5 —

2272 1254 37 19 En
2322 1254 135 23 regagnant,
2469 1254 62 22 jeudi
2545 1254 53 23 soir,
2610 1259 43 14 son
2665 1255 61 21 auto,
2739 1253 54 23 qu'il

2273 1278 65 19 avait
2357 1277 82 20 laissée
2459 1283 55 14 sans
2533 1279 152 19 surveillance
2704 1283 42 14 rue
2765 1278 29 18 de

2273 1302 172 24 l'Impératrice,
2460 1303 31 18 M.
2505 1303 54 19 Max
2572 1303 100 24 Koning,
2686 1302 108 20 habitant

2273 1332 89 15 avenue
2379 1328 31 18 du
2426 1327 85 24 Congo,
2527 1327 19 22 1,
2561 1326 16 21 à
2592 1328 89 23 Ixelles,
2696 1333 15 14 a
2728 1331 57 16 cons-

2272 1352 49 20 taté
2338 1357 44 19 que
2398 1352 41 19 des
2455 1352 113 19 inconnus
2584 1353 32 19 lui
2632 1352 94 19 avaient
2742 1350 51 21 volé

2272 1381 31 15 un
2317 1377 78 23 phare,
2408 1381 44 14 une
2464 1377 91 18 montre
2568 1376 28 20 de
2608 1377 57 20 bord
2680 1377 24 19 et
2715 1376 77 19 divers

2272 1401 82 23 objets.
2770 1401 23 19 D

2298 1433 44 19 Les
2363 1432 56 20 vols.
2440 1442 28 4 —
2487 1432 36 19 En
2546 1433 107 19 rentrant
2675 1433 56 19 chez
2754 1431 39 22 lui,

2272 1457 63 23 jeudi
2356 1457 54 22 soir,
2432 1457 30 19 M.
2485 1457 116 22 Alphonse
2623 1458 41 18 De)
2667 1462 66 17 vaux,
2755 1457 31 19 de-

2272 1484 107 18 meurant
2395 1486 40 15 rue
2451 1481 29 19 de
2497 1481 136 23 Cureghem,
2648 1482 32 22 31,
2696 1487 14 14 a
2727 1486 56 15 cons-

2271 1506 49 20 taté
2335 1508 69 22 qu'un
2419 1506 80 19 voleur
2515 1505 77 20 s'était
2606 1506 112 19 introduit
2732 1506 59 19 dans

2271 1536 42 15 son
2327 1531 168 23 appartement,
2509 1529 60 20 situé
2582 1535 31 14 au
2627 1531 156 19 rez-de-chaus-

2271 1555 45 20 sée.
2333 1556 37 19 Un
2387 1555 87 20 coffret
2489 1555 130 19 refermant
2636 1555 57 22 2,500
2711 1556 80 19 francs

2271 1585 16 15 a
2299 1580 102 24 disparu.

2296 1622 27 5 —
2337 1612 75 22 Jeudi,
2429 1616 31 15 un
2476 1611 100 19 inconnu
2592 1615 15 15 a
2622 1609 94 25 pénétré
2731 1611 60 19 dans

2270 1637 23 20 la
2308 1637 109 20 chambre
2432 1637 27 19 de
2473 1636 54 19 Mlle
2541 1634 134 21 Philomène
2690 1636 100 22 Peeters,

2271 1662 114 22 servante,
2402 1665 88 15 avenue
2505 1660 65 19 Jule3
2586 1659 84 21 Malou,
2684 1660 19 22 5,
2718 1659 15 20 à
2749 1660 42 19 Et-

2271 1686 101 19 terbeelc.
2393 1685 47 20 Des
2461 1684 136 22 vêtements,
2619 1684 31 19 du
2671 1684 66 23 linge,
2758 1685 24 19 di-

2270 1716 53 14 vers
2339 1710 75 23 objets
2431 1710 23 19 et
2470 1710 33 19 les
2520 1708 128 21 économies
2663 1708 28 20 de
2706 1709 24 19 la
2745 1714 37 14 ser-

2270 1736 70 19 vante
2360 1736 41 19 ont
2419 1734 36 20 été
2472 1733 70 20 volés.

2295 1769 27 5 —
2338 1760 65 19 rja.ns
2418 1759 24 19 la
2458 1759 109 19 chambre
2584 1757 28 20 de
2629 1757 62 20 Mme
2707 1757 84 19 FrietV

2269 1784 127 22 Hallstern,
2412 1788 41 15 rue
2469 1783 82 21 Giîlcn,
2566 1783 32 21 14,
2611 1781 17 21 à
2642 1782 148 20 Saint-Josse.

2270 1814 32 15 un
2315 1809 101 20 inconnu
2428 1813 15 15 a
2455 1807 51 20 volé
2517 1807 39 20 380
2569 1808 86 19 francs.
2770 1807 20 19 D

3159 440 73 19 seriez
3247 439 95 20 content

3000 466 155 20 demi-saison.
3169 465 63 19 Allez
3245 464 51 19 voir
3308 464 33 19 les

2821 486 101 21 modèles
2937 488 15 19 à.
2968 490 38 19 525
3020 491 36 24 fr.,
3072 491 30 20 du
3118 497 11 13 c
3145 491 57 19 Coin
3218 489 29 19 de
3263 489 51 19 Rue
3329 495 11 11 *

2823 512 29 20 (4.
2865 512 66 23 place
2944 514 26 19 de
2983 515 23 19 la
3019 515 114 22 Monnaie,
3146 514 139 21 Bruxelles).
3298 513 43 20 Ces

2821 536 124 22 pardossu.î
2964 538 28 20 de
3010 540 131 19 confection
3161 539 48 20 très
3229 538 112 24 élégante,
3351 533 4 28 |

2822 565 27 14 en
2867 566 56 18 pure
2942 562 59 19 laine
3019 564 93 20 doublés
3129 565 47 19 soie
3193 564 78 21 mixte,
3287 564 53 18 sont

2822 589 44 14 une
2880 584 119 24 spécialité
3016 588 31 20 du
3061 595 11 12 «
3088 589 55 20 Coin
3160 589 27 21 de
3202 589 52 19 Rue
3269 594 19 13 *.

2296 1868 213 77 VICHY

2286 1955 105 16 Dernier
2399 1954 106 18 Confort

2285 1983 64 22 Pension
2359 1983 54 26 depuis
2428 1983 42 21 45
2486 1982 21 22 fr.

2560 1863 206 44 HOTEL

2539 1919 171 45 FRANCE
2735 1919 34 30 "

2557 1967 204 47 PASTEUR

1941 2430 85 21 -<►■■*
2037 2438 5 4 -

1732 2459 164 62 LaVie
1920 2477 64 45 en
1998 2461 246 63 Province

1731 2561 46 21 (De
1795 2566 43 15 nos
1862 2562 195 25 correspondants
2082 2563 161 25 particuliers)

1905 2596 90 23 DANS
2016 2596 43 24 LE
2081 2597 156 24 HAINAUT

1771 2647 20 19 A
1814 2648 106 19 WIERS.
1943 2658 27 5 —
1993 2648 210 22 BENEDICTION

1854 2674 93 20 DX'NE
1964 2674 159 21 CHAPELLE

1848 2718 15 19 ^
2006 2697 100 33 .'Wiers,
2122 2707 26 20 20
2164 2707 54 20 mal.

1755 2730 129 20 Dimanche
1899 2731 25 19 22
1940 2731 53 22 mal,
2009 2726 14 25 k
2038 2732 25 19 15
2079 2732 89 23 heures,
2184 2737 58 15 aura

1731 2755 44 19 lieu
1789 2757 23 18 la
1825 2755 145 21 bénédiction
1985 2757 34 19 de'
2025 2757 22 19 la
2060 2757 104 24 chapelle
2178 2758 28 19 de
2220 2759 23 18 la

1731 2780 174 21 Croix-Méhaut
1925 2787 43 18 par
1988 2782 21 19 le
2030 2782 73 23 doyen
2125 2783 27 19 de
2173 2782 71 20 Péru-

1729 2806 61 18 welz.
1803 2806 66 19 Cette
1882 2806 103 24 chapelle
1989 2807 133 23 "bt3torlque
2136 2808 38 22 qui
2189 2808 53 19 date

1732 2830 26 19 de
1774 2830 51 19 1616
1839 2831 38 19 fut
1893 2829 153 25 détruitd^iar
2061 2832 32 20 les
2108 2832 134 19 Allemands

1731 2854 46 19 lor.=î
1795 2855 27 19 de
1839 2855 22 19 la
1877 2855 104 19 fameuse
1997 2856 94 19 retraite
2108 2857 27 19 de
2152 2861 82 15 novem-

1731 2879 39 19 bre
1787 2880 57 19 1913.

1768 2911 21 20 A
1810 2912 107 20 VAULX.
1938 2922 27 6 —
1984 2912 221 21 INSTALLATION

1832 2937 42 20 DU
1893 2938 146 20 NOUVEAU
2059 2938 82 20 CURE

2016 2963 81 23 Vaulx,
2117 2964 26 19 20
2161 2964 56 20 mal.

1755 2986 129 21 Dimanche
1904 2988 25 18 22
1951 2988 53 24 mai,
2025 2987 147 25 après-midi,,
2184 2994 58 14 aura

1730 3011 45 20 lieu
1796 3012 157 20 l'installation
1974 3014 127 24 canonique
2122 3014 27 19 de
2170 3013 72 21 l'abbé

1729 3036 108 25 Delbecq,
1855 3042 28 15 en
1901 3037 86 24 qualité
2006 3039 27 19 da
2051 3038 54 21 curé
2124 3040 27 19 de
2167 3040 76 19 Vaulx

1730 3062 150 21 lez-Tournai.
1916 3063 31 19 Le
1984 3063 113 20 chanoine
2120 3064 123 23 Missonne,

1729 3087 73 23 doyen
1818 3087 28 20 de
1859 3088 142 21 SainL-Brice
1999 3103 13 15 t
2022 3088 15 20 à
2050 3089 107 23 Tournai,
2171 3089 62 25 prési-

1732 3112 56 20 dera
1812 3113 60 19 cette
1897 3112 129 21 cérémonie
2051 3114 130 26 liturgique.
2206 3115 36 19 Un

1729 3137 92 25 cortège
1836 3138 34 19 ira
1883 3139 99 28 prendre
1995 3139 20 20 fce
2030 3144 105 15 nouveau
2148 3140 95 24 pasteur

1731 3167 31 14 au
1791 3162 133 25 presbytère
1948 3160 63 28 'pour
2040 3164 21 21 le
2091 3165 109 20 conduire
2228 3164 16 21 à

1729 3187 92 24 l'église.

1728 3242 202 78 Ardenne,
1981 3245 261 80 Villégiature

1727 3326 103 21 HOTEL
1841 3328 43 19 DE
1897 3328 38 20 LA
1949 3329 125 22 VALLEE,
2087 3329 155 22 Hotton-s./O.

1862 3352 144 21 Restaurant
2024 3352 80 26 réputé

1880 3377 61 20 Tout
1955 3378 21 20 le
1990 3378 98 21 confort.

1796 3400 142 22 Réductions
1960 3408 5 14 :
1985 3403 50 23 juin
2052 3404 24 20 et
2093 3403 81 24 juillet.

1892 3449 46 23 AU
1962 3449 85 24 PAYS
2069 3450 47 23 DE
2137 3450 103 24 LIEGE

1731 3499 20 20 A
1763 3500 163 20 VERVIERS.
1937 3510 27 6 —
1976 3501 78 20 CIXEZ
2067 3502 56 20 LES
2137 3502 98 21 SECRE-

1825 3525 112 20 TAIRES
1952 3526 195 22 COMMUNAUX

1986 3551 114 23 Verviers,
2120 3552 26 19 20
2164 3553 54 20 mal.

1756 3573 128 21 Dimanche
1910 3575 117 23 prochain,
2051 3577 33 18 1m
2107 3576 136 22 secrétaires

1729 3603 154 16 communaux
1900 3600 27 20 de
1943 3601 104 20 soixante
2063 3606 133 17 communes
2214 3603 27 20 de

1730 3624 211 21 l'arrondissement
1959 3626 28 19 de
2002 3626 107 20 Verviers
2125 3632 27 15 ee
2169 3627 65 20 réuni-

1730 3650 52 19 ront
1795 3648 15 20 à
1822 3650 107 19 Verviers
1942 3655 59 20 pour
2013 3650 110 24 procéder
2135 3651 16 20 à
2163 3653 70 20 l'inau-

1729 3675 108 22 guration
1857 3675 30 19 du
1907 3675 102 24 drapeau
2029 3677 27 18 da
2075 3677 50 19 leur
2144 3678 89 19 associa-

1731 3699 55 20 tion.
1801 3699 127 24 Réception
1943 3700 16 21 h
1972 3701 83 20 l'Hôtel
2071 3702 27 19 de
2112 3702 65 24 Ville,
2191 3703 52 25 puis

1729 3724 108 24 banquet.

1951 3750 71 26 »fr$

1739 3781 31 36 LE
1789 3781 175 38 PROFESSEUR
1984 3783 105 37 PICARD
2111 3784 19 36 A
2152 3784 78 38 MONS

1767 3851 40 23 {De
1825 3854 57 19 notre
1898 3853 157 24 correspondant
2074 3853 124 26 particulier)

2037 3879 73 22 Mons,
2124 3880 25 19 20
2163 3880 53 20 mai.

1752 3900 115 22 Vendredi
1886 3902 139 24 après-midi,
2043 3908 54 15 cous
2115 3905 32 19 les
2165 3905 66 24 auspi-

1728 3930 38 15 ces
1786 3927 39 20 des
1842 3927 98 20 Amitiés
1958 3929 177 23 Belgo-Suisses,
2152 3929 22 21 le
2191 3935 43 18 pro-

1729 3952 91 20 fesseur
1842 3952 99 20 Piccard
1963 3959 16 15 a
2001 3954 74 19 donne
2100 3959 43 14 une
2166 3955 68 20 confé-

1729 3980 67 16 rence
1812 3976 16 20 à
1843 3977 73 21 Mons,
1932 3978 65 25 Reçu
2012 3983 43 19 p.ir
2071 3979 19 18 le
2107 3980 84 20 comité
2207 3985 26 15 or-

1728 4001 141 24 ganisateur,
1881 4003 16 19 il
1909 4008 16 14 a
1938 4002 35 20 été
1985 4001 93 23 commit
2090 4003 16 20 à
2117 4004 84 21 l'Hôtel
2214 4006 27 20 de

1729 4026 56 20 Ville
1802 4026 29 20 où
1847 4028 22 18 le
1884 4027 158 25 bourgmeetre
2059 4029 128 24 Maistriau,
2204 4036 29 14 en-

1729 4051 66 20 touré
1816 4052 40 20 des
1878 4053 114 20 membres
2015 4054 29 19 du
2065 4054 91 24 Collège
2178 4055 65 20 éche-

1727 4076 62 20 vinal
1811 4078 23 19 et
1855 4077 30 19 du
1906 4078 90 21 Conseil
2016 4080 137 23 communal,
2173 4081 33 19 lui
2226 4086 16 15 a

1728 4102 70 19 remis
1823 4103 23 18 la
1871 4107 9 14 r
1896 4102 81 21 édallle
2003 4104 125 19 d'honneur
2160 4104 28 20 de
2218 4106 24 21 la

1726 4125 59 21 Ville
1800 4127 27 20 de
1843 4127 73 24 Mons,
1930 4133 78 15 œuvre
2023 4129 30 20 du
2067 4129 101 21 sculteur
2182 4130 59 20 Paul

1726 4151 94 21 Dubois.

1753 4176 61 21 C'est
1838 4177 58 20 dans
1920 4178 23 20 la
1966 4179 57 20 salle
2048 4179 28 19 de
2099 4179 142 21 l'Alhambra

1726 4201 168 23 archl-comble,
1914 4202 30 21 où
1963 4204 45 20 l'on
2027 4205 143 23 remarquait
2188 4206 52 19 tout

1727 4231 27 15 ce
1772 4231 43 19 que
1833 4227 23 20 la
1874 4227 45 20 cité
1937 4229 103 19 contient
2058 4229 27 19 de
2103 4230 139 24 notabilités,

1727 4256 45 18 que
1792 4252 20 19 le
1832 4253 134 23 professeur
1983 4254 98 19 Piccard
2101 4260 15 13 a
2136 4254 36 20 été
2191 4255 41 25 pré-

1726 4276 65 20 senté
1808 4282 44 20 par
1869 4278 31 20 M.
1917 4278 100 24 Jacques
2034 4279 119 24 Gauthier,
2170 4280 61 24 prési-

1728 4301 54 20 dent
1804 4302 31 19 du
1857 4302 78 20 Cercle
1958 4303 29 20 de
2008 4304 147 24 propagande
2177 4305 55 21 aéro-

1725 4327 111 23 nautique
1853 4328 27 18 de
1896 4327 76 21 l'école
1989 4329 144 21 communale
2150 4330 23 20 et
2187 4335 43 16 con-

1725 4352 86 19 sulaire
1829 4352 27 20 de
1873 4353 73 20 Mons.

1751 4376 65 20 Nous
1832 4382 29 14 ne
1878 4377 145 21 résumerons
2039 4384 42 18 pas
2097 4379 29 19 Ici
2142 4380 98 24 l'exposé

1727 4401 30 19 du
1777 4402 132 23 professeur
1927 4403 104 23 Piccard,
2050 4404 68 21 héros
2136 4406 104 20 modeste

1726 4426 40 23 qui
1784 4426 136 24 agrémenta
1937 4433 29 15 sa
1984 4428 103 21 causerie
2107 4429 27 20 de
2153 4431 79 23 projec-

1725 4451 62 20 tions
1804 4452 58 20 fixes
1880 4453 23 19 et
1919 4453 27 19 de
1963 4458 56 16 vues
2033 4453 198 27 cinématographi-

1726 4480 63 19 ques.
2046 4496 4 4 .

1752 4501 31 20 Le
1798 4501 54 23 soir,
1868 4507 31 14 un
1917 4502 68 21 dîner
1997 4498 95 25 aPrëuni
2108 4504 55 20 chez
2178 4506 62 19 Mme

1725 4525 58 20 Paul
1800 4526 80 25 Leroy,
1896 4528 84 20 autour
1996 4529 31 20 du
2041 4529 134 23 professeur
2189 4530 42 21 Pic-

1727 4551 62 22 card,
1806 4552 33 19 les
1856 4552 132 21 notabilités
2005 4554 131 21 montoises,
2153 4555 21 19 le
2191 4555 41 24 pré-

1725 4575 77 21 sident
1820 4577 30 19 du
1868 4577 78 20 Cercle
1965 4578 27 21 de
2010 4580 147 23 propagande
2176 4579 54 21 aéro-

1726 4601 110 23 nautique
1858 4602 23 20 et
1903 4603 39 19 des
1964 4604 114 19 membres
2101 4604 30 19 du
2152 4605 88 20 bureau

1726 4626 40 19 des
1788 4626 98 21 Amitiés
1907 4628 170 24 Belgo-Suistes
2101 4629 55 21 dont
2178 4630 61 20 Mme

1724 4650 58 20 Paul
1800 4651 74 25 Leroy
1890 4654 36 19 est
1940 4653 24 19 la
1980 4654 138 24 promotrice
2133 4653 16 20 à
2165 4655 73 20 Mons.

1721 5459 28 22 Le
1761 5460 67 22 Palais
1840 5461 61 21 d'Eté
1913 5462 97 25 inaugure
2022 5468 23 15 sa
2056 5462 68 21 saison
2137 5462 21 21 d'
2158 5462 70 26 opéret-

1722 5489 30 19 tes
1763 5491 37 22 par
1811 5489 28 20 les
1850 5488 170 26 Saltimbanques;
2029 5490 50 20 Mlle
2092 5490 86 25 Marihy
2189 5489 51 22 (rôle

1721 5515 24 21 de
1766 5516 78 23 Suzon)
1869 5517 74 20 chante
1963 5518 78 24 c'taquc
2060 5518 42 20 soir
2123 5519 67 24 parmi
2209 5519 30 20 les

1825 5544 52 22 lions
1892 5545 27 21 du
1935 5545 108 22 dompteur
2056 5546 80 22 Marck.

2294 2051 38 19 Dn
2344 2051 88 23 danger
2444 2050 27 19 de
2485 2048 87 21 dormir
2583 2048 16 20 à
2610 2048 24 19 la
2645 2047 59 20 belle
2714 2047 76 20 ét'jHe.

2268 2084 26 7 —
2309 2076 37 19 En
2363 2081 25 14 se
2405 2074 127 22 réveillant,
2549 2073 110 19 vendredi
2677 2073 81 22 matin,
2774 2070 15 21 à

2268 2101 13 18 4
2300 2100 90 22 heures,
2412 2100 30 19 M.
2463 2099 80 19 Pierre
2563 2098 142 22 Verhoeven,
2725 2097 56 20 habi-

2270 2125 52 19 tant
2342 2130 41 14 rue
2406 2125 121 20 Goossens,
2547 2122 32 22 39,
2600 2121 16 20 à
2637 2121 151 23 Schaerbeek,

2268 2150 39 24 qui
2320 2149 77 20 s'était
2409 2148 103 21 endormi
2524 2152 40 15 sur
2577 2152 31 14 un
2620 2147 60 19 banc
2692 2146 31 19 du
2735 2146 45 19 bou-

2267 2174 80 20 levard
2364 2173 135 23 Botanique,
2517 2177 15 14 a
2550 2170 105 21 constaté
2672 2171 24 19 la
2713 2171 67 22 dispa-

2268 2199 70 20 rition
2360 2199 28 19 de
2411 2203 27 14 sa
2460 2197 92 19 montre
2574 2201 28 15 en
2626 2195 83 25 argent
2731 2200 57 14 avec

2268 2223 81 21 chaîne
2364 2228 28 15 en
2405 2228 33 15 or.
2759 2219 28 20 D.

2293 2262 97 19 Beware
2403 2261 26 20 of
2443 2259 157 25 pickpockets.
2612 2269 28 5 —
2652 2258 69 21 Jeudi
2735 2257 54 22 soir,

2268 2287 30 19 M.
2314 2287 74 20 Raoul
2402 2286 109 20 Dumont,
2526 2285 137 19 demeurant
2677 2282 111 21 chaussée

2267 2311 28 20 de
2311 2312 24 19 la
2350 2311 83 23 Hulpe,
2450 2309 16 21 à
2481 2310 121 22 Boitsfort,
2618 2308 65 20 avait
2700 2308 49 24 pris
2765 2308 22 18 le

2267 2337 120 22 tramway,
2399 2335 65 24 porte
2476 2335 30 19 de
2517 2334 96 20 Namur.
2626 2338 58 19 pour
2697 2332 91 20 rentrer

2266 2361 56 19 chez
2334 2361 39 19 lui.
2385 2359 82 20 Arrivé
2478 2358 16 20 à
2506 2358 147 23 destination,
2665 2358 16 19 il
2695 2362 15 15 a
2722 2361 56 15 cons-

2267 2385 49 20 taté
2337 2385 21 20 le
2378 2385 36 19 vol
2435 2384 27 19 de
2484 2388 42 15 son
2547 2382 145 24 portefeuille
2710 2382 69 19 conte-

2267 2410 59 19 nant
2344 2409 58 23 2,800
2420 2409 80 19 francs
2520 2408 24 19 et
2562 2407 40 19 des
2621 2406 93 25 papiers
2734 2406 48 19 d'af

2267 2435 78 20 faires.
2765 2431 21 19 L)

2294 2465 45 20 Les
2354 2464 119 21 accidents
2488 2463 84 20 dauto.
2588 2472 26 5 —
2630 2463 65 21 Deux
2712 2461 74 22 autns,

2269 2491 59 19 l'une
2350 2490 107 20 conduite
2477 2494 43 19 par
2540 2489 31 20 M.
2593 2488 80 20 Albert
2693 2487 93 21 Piffert,

2268 2515 135 20 demeurant
2418 2520 40 14 rus
2475 2513 152 22 Américaine,
2645 2513 81 19 l'autre
2743 2517 42 18 par

2269 2541 23 19 le.
2311 2541 124 20 chauffeur
2456 2540 88 20 Gaston
2566 2539 91 21 Cauter,
2678 2537 108 20 habitant

2267 2571 40 14 rue
2322 2566 26 19 de
2363 2564 89 21 Vlllers.
2466 2568 53 16 sont
2534 2563 90 21 en-rées
2638 2568 27 15 en
2680 2563 104 19 collision

2268 2591 63 23 jeudi
2343 2596 51 14 vera
2407 2590 56 20 midi
2475 2589 16 20 à
2502 2589 164 20 i'intersectïon
2680 2588 39 20 des
2732 2588 29 19 bo
2769 2594 17 12 1-

2268 2616 30 19 !e;
2305 2616 54 19 ards
2383 2616 30 19 du
2438 2615 56 19 Midi
2516 2616 24 19 et
2563 2614 103 20 Maurice
2690 2614 95 19 Lemon-

2267 2641 56 21 nier.
2336 2641 61 19 Mme
2412 2640 141 23 Marguerite
2566 2637 79 23 Bonté.
2659 2639 25 19 ?7
2697 2639 88 19 ans.d.-

2267 2665 105 20 meurar.t
2395 2670 41 15 rue
2456 2665 105 23 Phi'ippe
2582 2666 19 18 îc
2623 2665 57 21 Bon,
2700 2664 39 24 qui
2759 2668 24 15 83

2268 2691 101 21 trouvait
2384 2691 56 20 dans
2455 2691 22 19 la
2492 2689 103 21 dernière
2610 2690 96 23 voiture,
2721 2695 14 13 a
2748 2688 35 21 été

2267 2715 88 20 blessée
2368 2715 15 20 à
2395 2718 23 18 la
2429 2717 76 22 figure
2517 2716 23 19 et
2552 2719 45 15 aux
2610 2715 74 19 mains
2697 2719 42 19 par
2751 2714 32 20 les

2267 2740 71 21 éclats
2354 2741 27 20 de
2396 2741 77 19 vitres.

2291 2776 27 5 —
2335 2766 31 19 M.
2383 2766 73 19 Henri
2474 2766 147 19 Borremans.
2638 2765 25 19 37
2680 2770 48 17 ans,
2748 2764 26 20 de-

2265 2792 116 22 meurant.
2385 2790 15 20 à
2411 2791 142 23 Tourneppe,
2566 2790 100 23 longeait
2679 2791 102 19 l'avenu';

2266 2816 88 21 Louise,
2373 2814 99 25 lorsqu'à
2491 2814 122 24 proximité
2631 2816 28 18 de
2688 2815 22 19 la
2741 2819 41 15 tmù

2265 2840 59 19 Jean
2338 2840 53 19 Stas
2405 2840 15 19 il
2435 2845 14 14 a
2464 2839 35 20 été
2514 2840 84 19 atteint
2614 2840 22 18 et
2650 2839 74 20 blessé
2739 2844 44 21 par

2266 2865 70 20 l'auto
2352 2865 27 19 de
2394 2865 30 19 M.
2438 2865 50 22 M...,
2502 2864 108 19 habitant
2625 2869 40 14 rue
2681 2865 30 18 du
2718 2865 65 18 Beau

2267 2889 54 20 Site.

2289 2931 27 6 ~
2333 2921 68 21 Jeudi
2420 2927 52 15 veis
2490 2921 63 20 nv.di,
2573 2921 61 20 Mme
2652 2921 129 19 Hubertine

2267 2946 92 24 Engels,
2374 2947 25 19 61
2414 2951 49 18 ans,
2481 2947 135 20 demeurant
2631 2951 40 15 rue
2684 2947 42 20 de^
2742 2945 32 21 Pé-

2266 2972 58 23 pins,
2337 2977 28 15 en
2379 2973 133 18 traversant
2526 2972 23 18 la
2563 2976 39 15 rue
2616 2972 27 19 de
2657 2972 22 19 la
2693 2971 80 24 Régen-

2267 3002 25 15 ce
2304 2996 15 20 à
2329 2997 99 19 hauteur
2439 2997 27 20 de
2478 2995 86 25 l'église
2576 2997 29 19 du
2618 2997 91 22 Sablon,
2721 3002 15 13 a
2747 2996 36 20 été

2266 3021 120 21 renversée
2396 3027 44 18 par
2449 3022 70 20 l'auto
2531 3022 30 19 du
2572 3022 125 19 chauffeur
2708 3022 75 20 Emile

2264 3046 83 26 David,
2366 3046 107 21 habitant
2503 3052 40 14 rue
2574 3047 27 20 de
2631 3047 107 22 l'Olivier,
2767 3046 16 21 à

2266 3072 151 19 Schaerbeek.
2432 3073 33 19 La
2479 3072 93 20 victime
2586 3078 15 14 a
2615 3071 36 21 éié
2667 3071 87 21 blessée
2769 3072 15 20 à

2265 3097 23 19 la
2301 3096 47 21 tête
2361 3098 24 19 et
2396 3102 47 15 aux
2454 3098 96 23 jambes.

2290 3137 27 7 —
2331 3129 117 20 L'ouvrier
2461 3130 142 24 magasinier
2616 3129 106 21 Léonard
2737 3131 36 19 Du-

2266 3154 58 23 puis,
2340 3155 25 19 52
2380 3160 49 18 ans,
2446 3155 135 20 demeurant
2597 3160 40 15 rue
2651 3156 73 19 Notre
2738 3156 36 19 Da-

2266 3184 37 15 me
2317 3180 30 19 du
2362 3180 115 23 Sommeil,
2490 3181 105 24 poussait
2608 3185 45 16 une
2667 3182 116 20 charrette

2266 3203 15 20 à
2297 3205 60 21 bras,
2372 3205 63 23 jeudi
2452 3210 52 15 v^rs
2521 3206 25 19 11
2563 3206 22 19 h.
2600 3206 38 19 1/2
2656 3206 30 19 du
2702 3207 81 22 matin,

2266 3229 124 20 boulevard
2401 3230 154 25 Barthélémy,
2566 3231 90 24 lorsque
2668 3237 41 14 son
2722 3231 52 20 véhi-

2266 3255 50 19 cule
2334 3260 16 15 a
2369 3254 36 21 été
2424 3255 111 21 accroché
2555 3261 43 19 par
2616 3261 45 15 une
2681 3257 93 20 auto-ca-

2266 3279 127 21 mionnette
2404 3281 39 23 qui
2454 3286 15 14 a
2480 3281 108 20 continué
2599 3286 27 15 sa
2637 3287 81 15 course
2731 3282 51 20 vérd

2266 3304 116 21 l'abattoir
2411 3306 27 20 de
2466 3307 125 20 Bruxelles.
2620 3307 34 20 La
2682 3308 101 23 victime,

2266 3329 97 22 atteinte
2381 3336 43 18 par
2440 3331 33 20 les
2491 3331 134 23 brancards,
2644 3337 15 15 a
2678 3332 36 20 été
2733 3338 40 14 ren-

2266 3354 79 20 versée
2363 3356 23 19 et
2402 3361 15 14 a
2434 3355 36 21 été
2488 3356 87 20 blessée
2591 3362 47 14 aux
2653 3358 89 23 jambes
2760 3359 23 20 et

2266 3380 89 20 souffre
2374 3381 27 19 de
2420 3381 106 20 douleurs
2545 3382 57 20 dans
2620 3383 21 19 le
2658 3382 58 21 côté.

2291 3415 27 5 —
2331 3406 69 19 Jeudi
2415 3411 52 14 vers
2483 3407 25 19 11
2522 3407 83 20 heures
2619 3407 31 20 du
2664 3409 80 21 matin,
2751 3414 32 15 un

2266 3429 112 21 auto-taxi
2396 3431 156 23 appartenant
2568 3431 15 21 à
2600 3433 30 19 M.
2648 3433 50 20 Van
2716 3425 67 31 Gheij

2267 3460 14 14 a
2292 3455 48 24 pris
2350 3456 40 19 feu
2400 3461 43 19 par
2453 3457 59 19 suite
2524 3457 52 20 d'un
2588 3458 79 20 retour
2678 3459 27 19 de
2717 3460 57 19 flam-

2267 3485 48 14 mes
2332 3481 64 23 place
2411 3482 73 20 Henri
2500 3482 145 24 Conscience,
2663 3483 15 20 à
2694 3484 89 21 Ixelles.

2266 3504 88 25 Malgré
2379 3506 23 19 la
2426 3508 106 22 prompte
2557 3507 155 21 intervention
2737 3510 40 19 des

2267 3531 122 24 pompiers,
2408 3532 23 19 la
2449 3532 89 20 voiture
2557 3538 15 14 a
2592 3532 36 20 été
2647 3539 29 14 en
2695 3536 88 22 grande

2267 3555 74 23 partie
2359 3555 105 21 détruite.
2479 3566 26 6 —
2521 3557 27 19 D.

2299 3593 154 35 HOTEL
2473 3595 62 34 DE
2556 3596 194 36 L'ANCRE

2424 3638 187 21 WESTERLOO

2302 3689 90 21 MENU
2407 3690 43 20 DU
2465 3691 165 21 DIMANCHE
2645 3693 25 19 22
2686 3693 59 20 MAI

2449 3715 15 21 à
2478 3716 26 20 25
2518 3716 81 20 francs

2289 3738 81 22 Crème
2381 3740 108 24 Dubarry
2494 3750 27 5 —
2526 3741 119 21 Bouchées
2656 3742 15 20 à
2680 3744 24 19 la
2710 3743 74 21 Reine

2264 3772 25 4 —
2298 3763 70 21 Elbot
2377 3764 16 20 à
2402 3765 164 20 l'Hollandaise
2576 3776 27 4 —
2612 3767 89 23 Rosbif,
2712 3768 70 23 petits

2266 3787 56 26 pois,
2346 3789 108 22 carottes,
2476 3795 104 18 pommes
2603 3793 131 22 croquettes
2757 3803 26 5 —

2266 3812 37 21 1/2
2324 3813 98 20 homard
2443 3815 64 23 frais,
2530 3820 63 15 cœur
2615 3817 27 19 de
2665 3817 71 20 laitue
2756 3827 27 6 —

2265 3838 67 20 Fruit
2350 3844 30 14 ou
2397 3839 92 24 gâteau-

2289 3870 37 19 Un
2340 3870 94 20 homme
2446 3871 65 20 tentî
2524 3871 119 26 d'égorger
2657 3879 28 15 sa
2698 3874 87 21 femme

2263 3898 59 16 aveo
2333 3899 33 15 un
2379 3895 80 20 rasoir.
2472 3906 27 5 —
2511 3897 122 23 Vendredi,
2646 3897 16 20 à
2675 3899 13 18 2
2700 3899 84 20 heures

2264 3918 31 20 du
2312 3920 80 23 matin,
2409 3920 59 20 dans
2486 3925 31 15 un
2535 3923 162 22 appartement
2713 3924 30 19 de
2762 3925 22 19 la

2264 3948 41 14 rue
2323 3944 29 19 de
2370 3944 24 20 la
2409 3945 182 25 Philanthropie,
2608 3947 32 22 21,
2659 3946 15 20 à
2690 3948 85 20 Bruxel-

2264 3968 40 23 les,
2322 3968 70 20 Louis
2410 3969 103 23 Pierard,
2532 3969 43 25 âgé
2595 3971 27 19 de
2640 3972 26 18 59
2683 3977 50 18 ans,
2753 3978 32 14 au

2264 3997 67 15 cours
2346 3993 67 19 d'uni
2429 3993 68 21 scène
2513 3994 28 20 de
2557 3995 98 23 jalouise
2670 4001 57 15 avec
2741 4002 43 15 son

2265 4016 89 24 épouse,
2373 4017 63 20 Elise
2452 4019 104 23 Isbeque,
2572 4018 56 25 âgée
2646 4020 29 20 de
2691 4021 26 19 41
2734 4027 49 19 ans,

2264 4046 14 15 a
2292 4042 64 19 tenté
2371 4042 27 19 de
2412 4042 113 25 l'égorger
2538 4042 15 21 à
2567 4044 68 20 l'aide
2649 4045 28 19 de
2691 4050 42 15 son
2748 4051 27 15 ra-

2263 4066 53 20 soir.
2337 4066 44 20 Les
2402 4067 87 22 voisins
2511 4068 23 20 et
2554 4068 24 20 la
2599 4069 80 23 police,
2700 4070 83 20 attirés

2264 4095 42 19 par
2322 4090 34 20 les
2371 4091 45 21 cris
2433 4091 27 20 de
2477 4092 23 19 la
2515 4093 101 23 victime,
2629 4095 155 20 accoururent

2264 4114 104 21 aussitôt.
2383 4116 31 20 Le
2430 4117 110 20 coupable
2555 4118 38 20 fut
2607 4117 83 21 arrêté.
2706 4119 78 23 Quant

2262 4138 16 20 à
2295 4144 28 15 sa
2341 4140 92 24 femme,
2454 4141 43 19 elle
2514 4146 16 15 a
2549 4140 36 21 été
2603 4142 145 25 transportée
2767 4143 16 21 à

2263 4163 103 25 l'hôpital
2389 4165 141 20 Saint-Jean.
2551 4166 31 20 Sa
2605 4167 36 19 vie
2662 4168 59 20 n'est
2741 4172 43 20 pas

2263 4192 29 15 en
2305 4188 95 25 danger.
2762 4193 21 20 jy

2290 4225 33 20 Le
2338 4225 41 21 feu
2395 4226 59 20 dans
2472 4232 45 15 une
2533 4227 142 22 teinturerie.
2692 4239 26 4 —
2735 4229 47 21 Des

2266 4254 99 20 vapeurs
2383 4251 161 21 surchauffées
2562 4254 40 19 ont
2619 4254 116 24 provoqué
2752 4260 31 15 un

2264 4274 104 20 Incendie
2391 4276 57 20 dans
2468 4277 23 19 la
2514 4277 134 21 teinturerie
2671 4280 27 19 de
2719 4280 61 20 Mme

2264 4299 124 21 Catherine
2404 4302 155 26 Vanderdoot,
2591 4308 40 15 rue
2662 4304 119 20 Franklin.

2264 4324 43 20 Les
2324 4325 116 24 pompiers
2457 4328 85 22 purent
2571 4328 118 20 maîtriser
2717 4335 64 14 assez

2264 4349 47 21 Yite
2328 4351 20 19 le
2366 4351 100 20 sinistre.
2481 4352 45 20 Les
2543 4352 80 25 dégâts
2641 4354 109 21 s'élèvent
2766 4355 16 20 à

2264 4374 69 21 50.000
2351 4375 29 20 fr.
2397 4376 101 20 environ.
2513 4386 27 5 —
2556 4378 29 20 D.

2263 4406 148 21 OSTENDE.
2441 4408 67 21 Hôtel
2538 4409 240 27 Provldence-Régina

2262 4431 60 20 Tout
2337 4433 20 18 le
2372 4433 61 19 conf.
2447 4434 60 19 mod.
2521 4434 108 21 Restaur.
2642 4436 15 19 à
2672 4437 22 19 la
2708 4439 68 17 carte.

2286 4462 149 25 Inquiétante
2448 4464 144 24 disparition.
2604 4476 27 6 —
2644 4468 36 19 On
2693 4469 82 20 recher-

2262 4487 43 19 che
2321 4487 85 21 Léonie
2423 4488 45 24 G...,
2485 4488 84 24 épouse
2585 4491 34 20 De
2636 4491 86 26 Bruyn,
2740 4492 42 21 née

2261 4510 16 20 à
2290 4511 140 23 Houffallze,
2446 4518 29 15 en
2490 4514 57 24 1897,
2561 4516 39 22 qui
2615 4521 15 14 a
2645 4516 94 24 disparu
2754 4517 28 19 do

2262 4540 43 15 son
2323 4537 112 23 domicile,
2455 4543 40 14 rue
2515 4539 28 19 de
2561 4540 24 19 la
2602 4540 94 24 Longue
2717 4541 66 20 Haie.

2260 4559 16 20 à
2287 4560 139 22 Linkebeek.
2440 4562 36 20 On
2489 4563 76 21 craint
2578 4569 31 14 un
2622 4565 113 19 accident.
2761 4566 20 18 E

2285 4590 97 21 Beware
2394 4592 26 20 of
2431 4592 158 25 pickpockets.
2600 4604 28 6 —
2640 4595 75 23 Jeudi,
2728 4601 44 19 pen-

2262 4615 58 22 dant
2339 4621 32 15 un
2388 4617 72 23 trajet
2481 4623 28 15 en
2528 4619 120 24 tramway,
2666 4620 31 19 M.
2714 4620 60 20 Geor-

2261 4644 41 20 ges
2327 4640 127 25 Jaclonski,
2480 4642 109 21 habitant
2614 4644 113 20 chaussée
2753 4644 29 20 de

2261 4664 97 24 Haecht,
2371 4665 16 20 à
2400 4666 152 24 Schaerbeek,
2565 4673 16 14 a
2593 4668 106 20 constaté
2712 4668 69 24 qu'un

2262 4688 139 24 pickpocket
2413 4690 32 20 lui
2459 4691 64 20 avait
2535 4692 105 20 subtilisé
2653 4698 42 14 son
2708 4694 67 23 porte-

2262 4713 77 20 feuille
2352 4715 127 19 contenant
2491 4715 59 24 1,300
2561 4716 86 25 francs,
2661 4722 31 15 un
2706 4722 67 19 passe-

2261 4738 53 23 port
2333 4739 111 22 polonais,
2464 4739 40 20 des
2525 4739 75 24 pièces
2620 4741 118 20 d'identité
2759 4741 23 20 et

2262 4766 31 15 un
2310 4764 82 19 carnet
2407 4763 29 20 de
2452 4763 107 25 chèques.
2761 4765 20 20 E

2286 4792 80 22 Faites
2378 4794 31 20 du
2422 4794 55 21 bien
2489 4794 16 21 à
2516 4800 33 15 un
2562 4796 78 19 vilain.
2652 4806 27 6 —
2690 4796 31 20 M.
2734 4797 38 23 Syl-

2261 4818 54 19 vain
2336 4818 52 20 Van
2408 4819 155 22 Vlockhoven,
2584 4821 136 19 demeurant
2741 4826 41 14 rue

2262 4841 40 20 des
2313 4842 104 23 Faisans,
2429 4844 19 22 5,
2464 4844 60 21 ivait
2535 4845 101 20 recueilli
2648 4845 59 20 Hen-
2714 4846 7 18 i
2734 4845 46 22 D...,

2261 4866 29 19 né
2303 4866 14 19 à
2329 4867 133 23 Etterbeek,
2476 4874 27 14 en
2534 4869 41 22 "93,
2588 4871 72 18 avant
2674 4869 107 20 demeuré

2262 4895 40 15 rue
2324 4891 30 19 du
2372 4892 69 23 Ham,
2460 4891 15 20 à
2493 4893 76 19 Uccle.
2589 4893 36 21 Eu
2646 4894 135 23 regagnant,

2261 4915 62 22 jeudi
2335 4916 54 22 soir,
2401 4922 27 13 sa
2438 4917 114 24 demeure,
2564 4918 30 19 M.
2605 4918 51 19 Van
2666 4918 104 20 Vlockho-

2261 4944 44 14 ven
2319 4945 14 14 a
2345 4941 105 19 constaté
2463 4946 43 19 que
2519 4947 42 14 son
2573 4948 12 13 c
2592 4941 95 24 protégé
2694 4948 12 13 >
2718 4943 64 19 avait

2261 4963 95 24 disparu
2372 4964 68 25 après
2457 4966 31 19 lui
2505 4967 66 19 avoir
2586 4966 51 20 volé
2652 4967 40 19 des
2710 4967 71 19 effets

2261 4987 172 22 d'habillement
2450 4992 24 18 et
2490 4995 45 15 une
2552 4991 127 24 bicyclette.
2747 4991 22 19 E

2286 5026 118 20 Renversé
2417 5032 44 18 par
2472 5032 47 16 une
2531 5029 63 19 nnto.
2605 5038 27 6 —
2644 5029 68 19 Jeudi
2728 5029 52 21 soir,

2261 5050 30 19 M.
2314 5051 81 21 Alfred
2417 5052 36 20 De
2475 5052 51 22 M...,
2547 5053 108 20 habitant
2677 5058 41 14 rue
2740 5053 41 20 des

2262 5075 85 20 Riches
2363 5076 93 22 Claires,
2473 5082 28 14 en
2516 5078 132 19 traverrant
2662 5078 24 18 la
2701 5078 72 19 chaus-

2261 5098 38 21 sée
2320 5100 29 19 de
2371 5100 123 22 Waterloo,
2516 5107 14 14 a
2551 5101 36 20 été
2609 5101 108 20 renversé
2738 5107 44 19 par

2262 5123 69 21 l'auto
2347 5129 45 19 que
2407 5125 131 21 conduisait
2553 5126 22 19 le
2590 5126 124 20 chauffeur
2730 5126 43 21 Vic-

2261 5148 37 19 tor
2312 5148 43 23 C...,
2367 5149 115 21 domicilié
2495 5155 41 15 rue
2548 5151 100 19 Antoine
2660 5151 122 20 Dansaert,

2261 5172 30 19 L"
2306 5174 93 19 victime
2411 5179 14 14 a
2438 5173 36 20 ét5
2486 5173 88 21 relevée
2586 5179 55 15 avec
2654 5175 40 19 des
2708 5180 65 16 meur-

2261 5197 109 20 trissures
2385 5197 16 20 à
2416 5198 24 19 la
2454 5198 47 20 tête
2518 5199 23 20 et
2556 5204 45 14 au::
2617 5199 96 24 jambes.
2753 5199 29 21 E.

2287 5227 99 24 Cycliste
2399 5228 108 21 renversé
2520 5234 43 19 par
2575 5234 46 15 une
2634 5230 63 20 auto.
2710 5240 27 5 —
2749 5231 33 20 Le

2261 5256 85 19 garçon
2361 5254 29 19 de
2403 5258 94 16 courses
2511 5254 108 19 F^rnand
2633 5254 46 23 D...,
2694 5255 24 18 17
2732 5260 49 18 ans,

2262 5276 107 21 habitant
2380 5283 41 14 rue
2432 5278 90 23 Faider,
2533 5283 14 15 a
2558 5278 36 20 été
2606 5279 114 22 renversé,
2730 5285 43 14 ave-

2261 5305 45 15 nue
2320 5301 29 20 de
2364 5302 23 19 la
2403 5303 69 19 Porte
2486 5303 28 19 de
2528 5302 53 23 Hal,
2596 5308 43 17 par
2651 5303 72 21 l'auto
2737 5310 45 18 que

2261 5326 130 20 conduisait
2407 5327 21 19 le
2445 5327 125 20 chauffeur
2585 5327 77 20 Julien
2679 5328 49 22 R...,
2743 5329 30 20 do-

2261 5349 85 21 micilié
2359 5355 41 15 rue
2412 5351 31 19 du
2456 5351 119 19 Méridien.
2588 5352 19 19 II
2621 5358 14 13 a
2649 5352 36 20 été
2697 5353 85 21 atteint

2261 5373 68 20 d'une
2339 5376 61 20 nlaie
2411 5377 96 19 contuse
2518 5381 30 15 au
2561 5375 76 21 crâne.
2760 5378 22 20 E

2286 5404 21 20 A
2321 5405 86 21 Uerre.
2419 5416 28 5 —
2460 5406 37 19 Un
2511 5406 83 24 pendu.
2607 5417 27 5 —
2646 5408 68 20 Jeudi
2728 5409 53 22 soir,

2261 5433 53 15 vers
2326 5430 13 18 5
2350 5430 89 22 heures.
2450 5431 27 19 V.
2488 5431 40 19 D...
2539 5436 15 14 a
2567 5430 35 21 été
2614 5432 81 20 trouvé
2706 5433 78 23 pendu

2262 5453 58 19 dans
2342 5458 42 15 son
2406 5455 98 22 grenier.
2527 5456 19 18 Il
2569 5456 111 20 souffrait
2701 5457 81 23 depuis

2261 5477 131 24 longtemps
2409 5479 67 19 d'une
2493 5479 99 20 maladie
2610 5481 102 19 mentale
2728 5482 23 19 et
2768 5486 14 14 a

2260 5502 45 18 mis
2318 5506 42 15 son
2374 5503 91 19 funeste
2479 5504 75 22 proïet
2567 5503 16 20 à
2596 5504 119 20 exécution
2729 5511 43 17 pen-

2262 5526 57 21 dant
2337 5530 44 15 une
2401 5527 98 20 absence
2516 5528 29 20 de
2562 5533 28 16 sa
2607 5529 87 21 femme
2712 5531 24 19 et
2753 5531 29 18 de

2263 5554 37 16 ses
2318 5551 100 20 enfants.

2845 644 132 20 Audacieux
2993 645 35 22 vol
3042 646 15 20 t.
3070 648 22 19 la
3104 648 88 20 Bourse
3205 649 30 19 de
3248 647 86 21 Bruxel-

2818 667 40 21 les.
2874 679 26 4 —
2915 670 30 19 M.
2961 670 129 22 Guillaume
3107 673 50 20 Van
3173 674 167 21 Gintertaelen,

2817 693 137 20 demeurant
2965 700 87 14 avenuo
3063 697 91 21 Rosier.
3164 699 44 20 136,
3218 698 16 19 à
3245 699 87 19 Schaer-

2819 718 66 22 beek,
2915 724 15 14 a
2962 720 111 23 constaté,
3104 721 63 23 jeudi
3198 722 142 24 après-midi,

2818 743 82 22 qu'une
2914 748 88 15 somme
3015 744 27 19 de
3056 744 70 23 31,000
3141 747 85 21 francs,
3240 748 57 18 dont
3303 746 37 20 "on

2818 767 80 20 ignore
2921 768 22 18 la
2967 770 158 22 composition,
3148 776 15 13 a
3188 771 36 20 été
3247 771 93 20 enlevée

2818 791 53 19 d'un
2891 792 93 22 guichet
3003 793 57 19 din:i
3081 794 21 18 la
3121 796 56 17 ;ti1!p
3197 796 27 18 de
3244 796 88 24 liquida-

2818 816 48 19 tion
2880 816 28 19 de
2921 817 22 19 la
2955 817 95 19 Bourse.
3065 818 34 19 On
3114 824 27 13 ne
3155 819 95 23 possède
3262 826 76 15 aucun

2818 841 75 19 indice
2908 846 41 14 sur
2963 841 21 20 le
3000 843 117 22 coupable.
3318 845 20 19 E

2843 878 20 20 A
2879 878 185 25 Haverskerquo.
3080 890 26 5 —
3123 881 85 19 Dramr
3224 883 114 24 conjugal.

2816 913 25 4 —
2853 904 21 18 A
2887 904 23 18 la
2924 904 87 19 cCrcix
3025 904 112 19 Maire?se
3145 912 17 14 »,
3177 907 20 18 le
3211 908 126 19 marchand

2816 927 28 19 de
2862 928 104 19 volailles
2982 928 80 20 Liévin
3080 929 115 23 Heururs,
3213 931 26 19 52
3257 937 49 18 ans,
3322 938 15 13 a

2816 951 40 20 tué
2872 957 28 15 sa
2916 953 93 19 fenim».
3025 953 63 19 Julia
3106 954 123 22 Hazebart.
3246 956 25 18 42
3288 962 49 17 ans,

2816 976 15 19 à
2849 981 71 19 coups
2939 977 28 19 de
2987 978 104 19 couteau.
3111 978 55 19 Puis
3186 979 16 19 il
3220 980 55 19 s'c.~t
3293 982 35 18 sui-

2817 1001 51 19 cidé
2891 1006 28 14 en
2943 1006 25 15 se
2990 1003 88 22 noyant
3099 1002 59 21 dans
3181 1003 20 20 le
3223 1004 73 20 canal,
3318 996 19 28 il

2816 1026 69 19 laisse
2907 1030 46 15 une
2976 1026 80 19 'illette
3077 1027 98 20 atteinte
3196 1027 29 20 de
3245 1028 92 21 débilité

2816 1051 108 19 mentale.

2841 1081 20 19 A
2878 1081 81 23 Ypres.
2974 1091 27 5 —
3016 1081 60 21 Auto
3093 1083 81 19 contre
3191 1083 105 21 autobus.
3311 1094 28 6 —

2817 1106 120 22 Mercredi,
2961 1111 52 14 vers
3038 1106 12 19 7
3075 1107 21 19 h.
3120 1107 33 22 30,
3177 1111 31 15 un
3233 1109 104 22 autobus,

2815 1131 87 19 venant
2921 1131 24 16 rf
2966 1131 24 19 la
3008 1131 112 20 frontière
3140 1132 24 19 et
3182 1132 93 19 conduit
3295 1138 41 18 par

2815 1155 85 23 Cyrille
2914 1155 143 24 Verhaegen,
3072 1156 25 19 35
3112 1161 50 18 ans,
3178 1157 35 18 est
3228 1156 66 20 entré
3309 1162 28 14 en

2815 1179 104 19 collision
2936 1184 56 15 avec
3010 1185 45 14 une
3072 1181 56 19 auto
3146 1180 118 23 française
3281 1181 47 19 arri-

2814 1204 56 19 vant
2884 1208 28 15 en
2927 1209 53 14 sens
2994 1204 96 20 inversa.
3104 1205 32 19 Le
3152 1205 141 19 conducteur
3308 1206 28 18 de

2815 1228 70 19 l'auto
2904 1228 116 22 française
3039 1234 15 14 a
3072 1229 36 19 été
3127 1228 48 21 très
3194 1229 144 24 grièvement

2814 1252 74 20 blessé
2901 1254 23 18 et
2935 1258 15 14 a
2961 1252 31 20 dû
3004 1253 64 19 subir
3081 1253 198 20 immédiatement
3291 1259 46 14 une

2815 1276 120 24 opération
2965 1278 160 21 chirurgicale.
3150 1278 63 19 Mme
3237 1279 91 19 Verhae-

2814 1306 51 18 gen,
2876 1301 43 20 née
2930 1302 135 20 Antoinette
3078 1302 85 24 Scgier,
3173 1303 27 19 36
3211 1308 50 17 an3,
3273 1309 15 14 a
3300 1303 37 20 été

2814 1325 130 24 ég.-.lement
2958 1326 143 21 grièvement
3114 1327 95 20 blessée.
3224 1328 58 23 Cinq
3297 1332 30 15 au-

2813 1351 48 19 tres
2874 1352 126 22 occupants
3012 1351 29 19 de
3052 1351 71 20 l'auto
3134 1353 41 18 ont
3189 1351 36 20 été
3238 1352 98 20 atteints

2813 1375 28 19 de
2855 1375 115 20 blessures
2984 1380 65 15 as;ez
3063 1381 89 19 graves.
3166 1376 44 20 Les
3224 1377 51 23 sept
3290 1376 37 19 vic-

2814 1400 68 19 times
2901 1401 41 19 ont
2961 1399 36 21 été
3015 1400 159 23 transportées
3192 1400 16 19 à
3225 1400 111 24 l'hôpital.

2813 1425 31 18 Le
2859 1424 99 24 parquet
2973 1429 15 15 a
3003 1425 46 19 fait
3064 1430 45 14 une
3123 1425 109 20 descente
3246 1431 41 14 sur
3302 1426 33 19 les

2814 1449 67 20 lieux.

2838 1487 20 18 A
2879 1487 76 19 Putte.
2975 1497 27 5 —
3022 1487 122 20 Charrette
3164 1488 82 19 contre
3265 1488 70 19 moto.

2811 1521 27 4 —
2852 1511 76 22 Jeudi,
2943 1516 52 15 vers
3009 1511 13 20 3
3037 1512 83 20 heures
3135 1511 30 20 de
3178 1511 156 24 l'après-midi,

2812 1535 111 21 chaussée
2945 1536 28 20 de
2993 1537 137 23 Rymenam,
3150 1541 46 15 une
3217 1537 118 19 charrette

2813 1560 99 25 chargée
2936 1560 28 20 de
2985 1561 68 23 grain
3075 1562 24 18 et
3119 1561 109 20 conduite
3250 1566 43 19 par
3314 1562 22 19 le

2811 1585 105 20 meunier
2934 1585 65 20 Jules
3019 1585 159 22 Lambrechts,
3199 1586 35 19 est
3255 1585 79 21 entrée

2813 1615 28 14 en
2857 1610 103 20 collision
2974 1614 57 15 avec
3045 1614 45 16 une
3106 1610 163 24 motocyclette
3282 1615 45 15 con-

2811 1635 64 19 duite
2893 1639 44 19 par
2955 1634 31 20 M.
3005 1634 148 24 Schuerjans,
3172 1635 26 19 18
3217 1639 49 18 ans,
3286 1635 40 19 dia-

2812 1659 122 22 mantaire,
2948 1659 23 19 <-t
2983 1664 41 14 sur
3038 1659 97 24 laquelle
3149 1659 65 19 avait
3226 1659 48 24 pris
3288 1660 38 23 pla-

2812 1689 31 18 ce,
2862 1689 28 15 en
2908 1688 91 19 croupe,
3018 1688 42 15 son
3078 1684 47 19 ami
3142 1683 95 21 Florent
3256 1684 79 19 Ceule-

2812 1713 73 18 mans,
2907 1708 26 20 19
2956 1713 50 17 ans,
3028 1708 109 20 habitant
3164 1708 102 20 Berlaer.
3291 1709 43 19 Ces

2812 1733 59 19 deux
2884 1733 103 19 derniers
3000 1734 42 18 ont
3055 1732 36 20 été
3105 1732 129 23 également
3247 1733 87 20 blessés

2811 1756 14 20 à
2839 1758 21 18 la
2875 1757 47 20 tête
2938 1758 23 19 et
2975 1762 40 15 sur
3027 1757 22 20 le
3064 1762 74 20 corps,

2836 1795 21 19 A
2873 1795 115 20 Courtrai.
3003 1804 28 7 —
3046 1795 37 20 Un
3102 1795 106 20 vieillard
3225 1795 109 21 renversé

2799 1820 3 18 i
2812 1823 42 19 par
2865 1824 45 15 une
2921 1821 63 18 auto.
2994 1830 27 4 —
3032 1820 87 24 Joseph
3131 1820 103 22 Délavai,
3246 1821 25 18 75
3283 1825 50 17 ans,

2799 1854 4 19 I
2811 1848 28 14 en
2857 1845 133 20 traversant
3004 1845 24 19 la
3043 1850 41 14 rue
3102 1845 27 19 de
3146 1845 155 23 Sweveghem,
3317 1850 15 14 a

2813 1867 36 20 été
2866 1869 107 20 renversé
2990 1874 43 19 par
3049 1870 70 19 l'auto
3136 1869 28 19 de
3180 1869 30 20 M.
3227 1870 106 22 Delaeve,

2812 1893 122 24 garagiste,
2949 1895 23 19 et
2984 1899 15 15 a
3014 1893 36 21 été
3063 1895 137 23 gravement
3213 1893 81 21 blessé.

2811 1944 84 23 Exigez
2902 1944 20 19 le
2930 1945 70 19 Sucre
3008 1945 97 20 Raffiné
3112 1945 29 20 de
3147 1946 182 20 TIRLEMONT

2836 1982 20 19 A
2868 1982 94 20 Dînant.
2973 1993 27 5 —
3010 1984 51 19 Une
3071 1985 56 18 auto
3140 1989 29 14 en
3183 1984 47 20 feu.
3241 1994 27 5 —
3278 1985 46 20 Jeu-

2811 2006 22 19 di
2854 2007 140 23 après-midi,
3013 2009 20 19 le
3051 2009 97 19 docteur
3165 2009 119 23 Fmmont,
3304 2010 28 19 de

2810 2030 89 23 Bièvre,
2916 2031 77 21 s'était
3011 2034 72 18 rendu
3102 2032 15 21 à
3134 2034 90 20 Dinant
3241 2039 58 18 pour
3316 2039 16 19 y

2810 2056 60 19 faire
2886 2057 41 18 de3
2945 2057 120 23 emplettes
3082 2063 57 14 avec
3155 2063 27 14 sa
3198 2059 95 19 famille.
3310 2060 20 18 A

2811 2080 66 23 peine
2892 2081 88 19 avait-il
2997 2081 120 24 débarqué,
3134 2088 6 5 -
3146 2088 28 14 ue
3189 2083 99 23 Grande,
3304 2089 26 14 sa

2810 2105 86 19 iemme
2909 2106 24 18 et
2943 2110 41 15 son
2997 2106 45 23 fils,
3052 2107 69 23 qu'un
3134 2109 78 18 retour
3224 2108 28 19 de
3263 2108 59 20 flam-

2809 2134 37 15 me
2862 2134 25 15 se
2903 2130 114 23 produisit
3033 2131 23 19 et
3071 2136 45 18 que
3134 2137 26 14 sa
3178 2133 88 19 toiture
3283 2133 47 23 prit

2810 2154 45 19 feu.
2870 2154 30 19 M.
2914 2154 111 20 Froment
3040 2155 78 19 arrêta
3132 2160 27 15 sa
3172 2156 90 20 voituie
3277 2157 53 24 près

2810 2178 28 19 de
2858 2179 23 19 la
2898 2179 89 19 bouche
3006 2179 127 21 d'incendie
3151 2180 29 19 de
3200 2180 83 21 l'Hôtel
3302 2182 28 19 de

2808 2203 53 19 ville
2877 2204 23 19 et
2916 2203 16 20 il
2946 2204 64 19 n'eut
3024 2209 44 18 que
3082 2204 20 19 le
3119 2206 74 21 temps
3208 2205 27 19 de
3250 2208 80 17 sauter

2810 2227 83 20 dehors
2906 2229 23 17 et
2940 2228 29 19 de
2980 2233 24 14 se
3016 2233 90 14 sauver.
3117 2229 20 19 I!
3150 2230 37 18 tut
3199 2230 131 23 impossible

2808 2252 112 20 d'utiliser
2938 2254 88 22 tuyaux
3045 2254 23 18 et
3086 2258 96 19 pompes
3201 2254 39 20 des
3259 2256 61 18 servi-

2809 2282 38 14 ces
2865 2277 106 19 officiels.
2988 2278 45 19 Lss
3051 2276 81 25 dégâts
3150 2278 52 19 sont
3222 2280 107 18 ccuveits

2810 2306 42 19 par
2871 2301 147 20 l'assurance.

2838 2338 19 19 A
2882 2338 73 20 Gand.
2977 2348 27 6 —
3033 2338 97 21 Suicide.
3159 2349 28 6 —
3215 2339 105 20 Mercred

2813 2362 140 24 après-midi,
2976 2363 61 20 Mme
3059 2364 34 19 De
3115 2365 79 23 Mêyer
3214 2364 68 23 Julie,
3303 2365 26 19 37

2812 2393 50 17 ans,
2887 2388 136 20 demeurant
3054 2388 112 21 chaussée
3199 2389 130 25 d'Evegem,

2809 2414 56 18 s'est
2883 2414 89 22 pendue
2990 2414 57 19 dans
3064 2413 92 21 l'écurie
3174 2415 121 20 attenante
3313 2414 15 20 à

2810 2443 41 15 son
2868 2438 135 20 habitation.
3019 2439 50 20 Elle
3084 2439 81 20 n'était
3179 2439 87 21 mariée
3282 2445 45 19 que

2811 2463 80 24 depuis
2914 2463 59 20 deux
2994 2464 59 20 mois
3075 2465 23 20 et
3118 2465 127 24 paraissait
3265 2466 55 19 souf-

2810 2489 84 19 frante.

2835 2528 20 20 A
2872 2528 98 21 Chênée.
2986 2538 27 6 —
3028 2529 36 19 Un
3082 2528 93 21 ouvrier
3191 2534 16 15 a
3222 2528 24 21 la
3262 2529 64 20 main

2810 2553 92 20 coïncêe
2919 2555 67 19 entre
3002 2554 61 19 deux
3080 2554 95 21 butoirs.
3191 2564 27 4 —
3234 2554 92 24 Occupé

2810 2577 16 20 â
2844 2578 23 19 la
2884 2583 63 19 gare,
2965 2578 15 20 à
2998 2579 23 19 la
3040 2584 133 15 manœuvre
3193 2579 53 20 d'un
3265 2579 62 21 train

2809 2603 28 19 de
2855 2603 182 23 marchandises,
3057 2604 107 20 l'ouvrier
3184 2605 30 19 du
3233 2605 93 29 chemij

2810 2628 28 19 de
2860 2629 37 19 fer
2918 2629 67 19 F.emi
3007 2629 149 25 Doutreloup,
3177 2630 27 19 40
3226 2635 49 17 ans,
3297 2626 28 24 de

2808 2653 64 22 Tilff,
2886 2659 14 13 a
2914 2659 27 14 eu
2954 2654 99 22 la.nA.in
3067 2655 73 19 droite
3154 2654 92 21 écrasée
3261 2655 63 20 entre

2809 2678 58 19 deux
2886 2679 95 20 butoirs.
2998 2680 34 19 La
3050 2680 93 20 victime
3160 2685 16 14 a
3195 2679 36 20 été
3250 2681 65 19 trans-

2809 2703 78 23 portée
2904 2704 19 19 à-
2936 2704 23 19 la
2976 2705 99 23 clinique
3094 2705 26 19 de
3139 2705 137 25 Montegnée
3294 2706 30 19 où

2808 2728 42 20 elle
2873 2733 16 15 a
2910 2729 52 19 subi
2986 2730 160 23 l'amputation
3177 2730 27 20 de
3228 2730 95 20 l'avant-

2808 2753 61 20 bras.

2832 2786 20 19 A
2864 2785 158 21 Saint-Trond.
3033 2797 27 5 —
3070 2787 37 20 Un
3118 2787 83 19 enfant
3211 2791 55 16 sons
3277 2792 46 15 une

2806 2811 62 18 auto.
2881 2819 26 6 —
2920 2811 105 24 Le-petit
3038 2811 114 22 Wauters,
3166 2812 12 19 3
3193 2816 49 18 ans,
3256 2817 14 14 a
3285 2811 36 20 été

2807 2834 113 22 renversé,
2935 2839 40 15 rue
2990 2836 27 19 de
3031 2836 73 21 Diest,
3119 2838 23 18 et
3155 2835 166 21 sérieusement

2806 2859 74 19 blessé
2898 2859 16 19 à
2932 2860 23 19 la
2974 2860 47 20 tête
3039 2866 43 18 par
3101 2865 45 15 une
3165 2866 62 14 au;o.

2829 2891 38 20 Un
2885 2891 80 21 drame
2984 2892 14 19 à
3018 2892 103 20 Antihes.
3140 2902 26 4 —
3184 2893 51 19 Une
3254 2893 69 23 jeune

2806 2916 48 19 fille
2872 2916 27 20 de
2916 2917 26 18 21
2958 2922 55 14 an3_
3026 2918 73 19 Marie
3116 2918 60 21 Izac,
3192 2923 16 14 a
3224 2917 41 21 tué
3281 2923 43 15 son

2806 2939 59 24 père,
2885 2941 77 19 tandii
2982 2941 54 25 qu'il
3056 2942 80 20 faisait
3156 2943 24 19 la
3198 2943 76 20 sieste.
3293 2943 31 20 Ce

2806 2965 90 20 dernier
2912 2965 58 20 était
2988 2967 53 19 d'un
3058 2966 119 21 caractère
3193 2968 131 22 violent;al-

2806 2990 109 24 coolique,
2937 2992 16 19 il
2973 2992 140 20 maltraitait
3134 2993 81 23 depuis
3235 2993 27 20 20
3281 2998 43 15 ans

2806 3020 42 15 son
2869 3015 90 24 épouse.
2980 3017 33 19 La
3034 3017 70 23 jeune
3131 3018 49 19 fille
3207 3023 15 15 a
3250 3019 74 19 avoué

2805 3040 198 21 immédiatement
3018 3043 20 19 le
3053 3043 71 19 crime
3141 3043 56 19 dont
3212 3044 42 19 elle
3269 3044 55 20 s'est

2806 3065 86 20 rendue
2908 3067 117 23 coupable,
3041 3072 27 15 en
3084 3068 134 23 expliquant
3233 3069 33 19 les
3282 3069 34 19 cir-

2805 3092 136 19 constances
2955 3092 38 23 qui
3007 3092 56 20 l'ont
3076 3092 97 24 poussée
3187 3092 15 20 â
3215 3095 99 19 commet-

2805 3116 35 19 tre
2855 3121 41 14 son
2911 3117 58 19 acte.
2982 3117 51 20 Elle
3045 3123 15 14 a
3074 3117 35 20 été
3124 3117 91 22 déférée
3230 3124 30 14 au
3272 3125 43 18 par-

2806 3140 61 25 quet

2831 3174 22 19 A
2873 3173 106 22 Sclessin.
3000 3185 27 5 —
3047 3175 76 21 Grave
3156 3176 106 21 accident
3295 3177 28 20 do

2805 3198 120 24 tramway.
2944 3209 26 4 —
2989 3200 29 19 M.
3037 3201 85 20 Marcel
3142 3202 72 23 Gillis,
3231 3203 25 19 35
3274 3208 48 18 ans,

2807 3223 136 21 demeurant
2958 3224 16 21 à
2988 3225 94 25 Tilleur,
3097 3231 15 15 a
3128 3225 36 21 été
3181 3228 85 19 atteint
3281 3233 43 18 par

2806 3248 20 20 le
2844 3249 114 24 tramway
2975 3255 40 15 rue
3033 3251 86 20 Ernest
3136 3252 80 20 Allard
3233 3254 23 18 et
3273 3258 41 19 pro-

2805 3272 47 24 jeté
2866 3273 16 20 à
2895 3279 46 15 une
2954 3275 87 24 grande
3057 3276 111 21 distance.
3182 3277 33 20 La
3230 3278 92 19 victime

2806 3302 15 15 a
2840 3297 36 21 été
2896 3301 137 21 gravement
3052 3301 88 20 blessée
3160 3307 41 14 sur
3226 3303 50 19 tout
3301 3303 21 19 le

2806 3328 67 19 corps
2893 3325 22 19 et
2933 3330 16 15 a
2967 3325 36 20 été
3022 3326 108 21 conduite
3149 3326 16 21 à
3182 3328 24 19 la
3223 3328 99 24 clinique

2806 3348 188 22 Sainte-Rosalie.

2831 3380 21 20 A
2869 3381 151 25 Poperlnghe.
3036 3393 26 4 —
3078 3383 60 21 Rixe
3154 3384 127 25 sanglante.
3296 3395 27 5 —

2806 3405 35 19 Au
2858 3410 68 16 cours
2943 3407 66 20 d'une
3028 3408 134 23 discussion,
3179 3410 32 19 les
3228 3410 85 19 cultiva-

2807 3430 63 19 teurs
2886 3430 169 22 Vanbecelaere
3072 3434 23 18 et
3110 3433 101 23 Alleyna.
3227 3438 28 14 en
3269 3435 54 19 sont

2806 3458 71 15 venus
2892 3460 46 14 aux
2951 3456 81 20 mains.
3047 3456 32 20 Le
3092 3457 39 19 fils
3145 3458 27 19 de
3185 3463 26 14 ce
3225 3458 96 23 dernier,

2805 3478 65 20 armé
2885 3479 66 20 d'une
2967 3480 67 20 barre
3050 3481 27 19 de
3093 3482 41 22 fer,
3151 3486 27 14 en
3192 3486 67 18 porra
3273 3483 39 22 plu-

2806 3502 72 21 sieurs
2890 3508 71 19 coups
2973 3503 15 20 à
3000 3505 161 23 l'antagoniste
3174 3506 27 18 de
3213 3510 42 15 aon
3268 3505 53 24 père

2807 3527 23 20 et
2849 3527 21 20 le
2889 3527 78 21 blessa
2986 3528 148 25 grièvement.
3155 3529 50 20 Une
3225 3530 96 24 enquête

2807 3552 35 19 est
2855 3553 101 19 ouverte.

2831 3589 52 21 Une
2895 3590 110 21 vendetta
3018 3591 14 20 à
3046 3591 111 21 Roubalx.
3171 3601 26 4 —
3209 3591 51 20 Une
3274 3592 39 20 hai-

2807 3618 28 15 ne
2859 3613 77 21 féroce
2961 3615 103 25 séparait
3087 3617 78 23 depuis
3189 3616 132 25 longtemps

2808 3638 58 21 deux
2877 3640 104 20 ouvriers
2994 3641 147 23 roubaislens,
3154 3641 114 21 Constant
3279 3643 44 19 De-

2807 3664 127 24 cottignïes,
2951 3666 34 19 dit
3000 3672 11 13 c
3026 3666 157 20 l'Assommoir
3197 3671 20 20 :>,
3232 3667 25 19 30
3273 3672 49 19 ans,

2806 3689 23 20 et
2842 3689 102 25 Georges
2959 3691 119 22 Wasselin,
3092 3690 42 25 âgé
3148 3691 27 19 de
3189 3691 24 19 32
3227 3697 49 15 ans.
3278 3693 44 20 Les

2808 3713 58 20 deux
2888 3714 104 21 hommes
3017 3721 24 14 se
3065 3715 174 21 rencontrèrent
3264 3718 58 19 dan3

2807 3743 31 15 un
2856 3738 52 21 café
2927 3740 27 20 de
2971 3740 22 19 la
3011 3745 40 14 rue
3070 3741 38 19 des
3126 3740 105 24 Longues
3249 3742 73 21 Haies

2807 3764 23 19 et
2844 3763 67 24 après
2926 3766 65 19 avoir
3004 3764 91 24 trinqué
3109 3770 53 14 sous
3176 3765 104 24 prétexte
3296 3769 27 19 de

2806 3793 24 15 se
2848 3788 139 24 réconcilier,
3004 3790 27 20 ils
3048 3795 28 14 en
3093 3790 92 20 vinrent
3202 3796 46 15 aux
3263 3793 50 23 inju-

2808 3818 43 17 res,
2868 3814 52 24 puis
2937 3819 46 15 aux
3000 3819 75 19 coups.
3092 3815 65 19 Dans
3174 3816 23 20 la
3215 3822 46 18 rue,
3279 3817 45 20 Dé-

2806 3839 122 24 cottignies
2950 3840 83 23 frappa
3051 3839 15 20 â
3087 3840 114 23 plusieurs
3222 3843 100 23 reprises

2806 3868 42 14 son
2862 3864 131 20 adversaire
3008 3869 55 15 avec
3078 3869 31 14 un
3123 3866 98 20 couteau
3237 3866 15 20 à
3266 3873 56 15 cran

2807 3887 90 21 d'arrêt.
2910 3889 113 19 Wasselin
3036 3894 15 14 a
3064 3887 36 21 été
3114 3890 132 25 transporté
3259 3897 53 15 mou-

2808 3914 53 19 rant
2873 3912 15 21 à
2901 3913 107 25 l'hôpital.
3021 3913 148 25 L'agresseur
3182 3920 15 15 a
3211 3915 35 21 été
3262 3918 52 19 arrê-

2807 3937 30 21 té.

2831 3977 20 19 A
2866 3976 138 25 Beauralng.
3021 3987 27 6 —
3063 3977 58 21 2.000
3137 3979 84 21 truites
3238 3980 76 21 anéan-

2805 4001 44 20 ties
2863 4007 43 19 par
2921 4008 30 14 un
2966 4003 51 19 acte
3030 4002 28 20 de
3072 4003 165 22 malveillance.
3251 4015 26 5 —
3290 4006 32 20 Le

2805 4026 152 25 propriétaire
2976 4027 52 19 d'un
3048 4028 65 19 vaste
3133 4028 107 21 domaine
3259 4031 63 19 avait

2806 4051 44 20 fait
2872 4051 124 24 aménager
3018 4051 56 20 trois
3096 4051 82 26 étangs
3200 4054 122 20 al!menté3

2806 4080 43 19 par
2872 4077 39 18 des
2934 4080 92 15 sources
3050 4076 64 20 vives
3136 4079 24 18 et
3183 4078 101 21 destinés
3307 4079 15 20 à

2806 4099 107 25 l'élevage
2930 4101 27 19 de
2975 4100 88 20 truites.
3081 4101 104 21 Environ
3202 4103 58 20 7.000
3277 4104 36 19 ale-

2805 4125 52 20 vins
2876 4131 16 18 y
2912 4125 77 20 furent
3011 4124 112 21 déversés.
3144 4127 65 20 Dans
3229 4128 21 19 le
3270 4129 51 23 plus

2805 4151 75 23 grand
2897 4154 24 14 se
2937 4150 132 20 trouvaient
3085 4150 59 20 deux
3160 4152 62 20 mille
3238 4153 84 19 truite3

2807 4175 27 20 de
2852 4175 38 20 150
2907 4173 15 21 à
2939 4174 37 20 500
2992 4179 124 19 grammes,
3134 4176 88 20 bonnes
3240 4176 15 20 à
3273 4177 48 20 être

2806 4198 80 21 livrées
2903 4203 29 16 au
2949 4204 134 16 commerce.
3099 4200 66 21 Dans
3181 4206 26 15 ce
3225 4201 47 22 but,
3290 4207 31 13 un

2806 4224 133 21 marchand,
2956 4224 156 24 accompagné
3129 4226 28 19 de
3186 4226 83 23 gardes
3299 4227 23 19 et

2807 4249 129 22 d'ouvriers,
2956 4246 77 22 s'était
3053 4250 74 19 rendu
3146 4255 41 15 sur
3208 4251 32 19 lej
3262 4251 60 19 lieux

2806 4278 56 15 avec
2890 4277 31 16 un
2951 4272 221 22 camion-réservoir.
3202 4275 35 19 On
3269 4275 53 20 vida

2805 4297 85 24 l'étang
2909 4298 58 18 mais
2987 4298 32 19 les
3039 4299 83 23 gardes
3141 4304 29 15 ne
3188 4299 134 20 trouvèrent

2805 4328 43 18 que
2863 4322 108 24 quelques
2985 4322 90 21 truites.
3089 4324 31 20 Le
3134 4324 57 19 fond
3205 4324 27 19 de
3248 4324 23 20 la
3284 4324 29 24 pê-

2805 4348 76 19 cherie
2894 4346 57 20 était
2963 4346 84 24 jonché
3060 4348 27 20 de
3101 4349 111 19 cadavres
3226 4349 28 19 de
3266 4349 46 19 trui-

2805 4373 35 19 tes
2860 4377 30 15 en
2908 4371 75 24 pleine
3005 4371 187 25 décomposition.
3213 4373 20 20 Il
3254 4374 69 23 s'agit

2806 4397 52 20 d'un
2880 4397 51 19 acte
2953 4396 28 20 de
3003 4397 165 24 malveillance,
3189 4403 32 15 un
3241 4399 78 23 poison

2805 4422 71 23 ayant
2894 4419 36 21 été
2947 4420 48 24 jeté
3013 4421 57 20 dan3
3102 4422 92 25 l'étang.
3224 4423 98 24 D'après

2805 4446 100 20 certains
2927 4445 94 22 indices,
3041 4447 21 20 le
3083 4447 83 20 méfait
3186 4448 78 20 aurait
3286 4447 35 21 été

2806 4471 94 19 commis
2919 4475 52 15 vers
2989 4470 98 25 Pâques.
3103 4473 52 19 Une
3173 4472 97 25 enquête
3288 4475 35 18 est

2806 4495 100 20 ouverte.

2827 4535 20 19 A
2861 4533 86 21 Lierre.
2959 4545 27 4 —
2999 4535 112 21 Accident
3125 4536 84 21 d'auto.
3222 4547 27 4 —
3264 4537 51 19 Mer-

2805 4559 62 19 credi
2887 4563 53 14 vers
2960 4559 13 19 8
2992 4559 84 21 heures
3097 4561 30 20 du
3148 4562 53 22 soir,
3221 4561 101 24 Jacques

2805 4583 107 22 Morisen,
2924 4584 25 19 26
2961 4589 49 18 ans,
3022 4585 133 25 boulanger,
3167 4586 82 20 ancien
3262 4591 51 15 com-

2805 4608 99 24 battant,
2920 4609 99 20 rentrait
3036 4615 27 15 en
3082 4612 55 18 auto
3154 4610 15 20 à
3185 4612 88 22 grande
3290 4612 22 18 vi-

2806 4634 65 21 tesse,
2887 4633 111 21 chaussée
3014 4635 120 23 d'Anver3;
3151 4635 15 21 à
3181 4635 51 20 côté
3247 4636 28 20 de
3291 4637 31 19 lui

2805 4658 64 19 avait
2884 4658 46 23 pris
2946 4659 64 23 place
3025 4660 94 20 Nicolas
3133 4661 112 21 Jourdan,
3260 4661 54 19 habi-

2805 4683 51 20 tant
2870 4683 151 23 Borgerhout.
3037 4684 82 21 Arrivé
3134 4684 15 21 à
3163 4690 32 15 un
3211 4686 111 20 tournant

2805 4708 138 23 dangereux,
2967 4709 101 20 Morisen
3092 4711 35 19 cet
3148 4710 44 19 allé
3215 4716 25 15 se
3262 4711 61 23 jeter

2805 4732 81 19 contre
2904 4736 31 15 un
2954 4733 73 20 arbre.
3045 4734 30 20 Le
3094 4735 142 19 conducteur
3254 4740 15 14 a
3287 4734 36 21 été

2804 4759 136 21 gravement
2955 4758 74 21 blessé
3044 4759 16 20 à
3074 4760 23 19 la
3113 4760 47 20 tête
3176 4761 23 19 et
3214 4766 41 14 sur
3271 4761 51 19 tout

2805 4783 20 19 le
2838 4786 76 20 corps.
2929 4783 46 20 Son
2989 4785 47 19 ami
3052 4790 28 14 en
3095 4789 15 15 a
3126 4784 36 21 été
3177 4786 73 23 quitte
3266 4790 56 15 avec

2805 4807 27 19 de
2847 4806 88 24 légères
2950 4808 122 22 blessures,

2832 4845 33 20 La
2882 4846 118 21 meilleure
3018 4847 106 21 chicorée
3140 4853 29 15 en
3188 4849 78 23 grains
3284 4850 37 21 qui

2806 4874 25 15 se
2843 4871 60 18 vend
2917 4876 28 14 en
2957 4872 59 23 ville,
3030 4874 34 19 est
3076 4873 56 20 celle
3146 4873 27 20 de
3184 4874 28 19 D.
3224 4872 99 23 CAJOT,

2804 4894 96 20 Namur.

2830 4932 21 20 A
2868 4932 108 22 Tournai.
2992 4944 27 6 —
3037 4934 122 21 Tentative
3182 4934 30 20 de
3235 4933 87 21 suicide

2804 4957 54 20 d'un
2875 4958 83 21 soldat.
2973 4969 27 4 —
3017 4959 68 20 Jeudi
3103 4960 80 22 matin,
3200 4964 31 15 un
3247 4959 75 20 soldat

2806 4981 30 20 du
2855 4983 38 20 lie
2915 4983 138 24 d'artillerie,
3073 4985 88 23 Joseph
3179 4984 144 22 Coisne.s'est

2806 5006 44 20 tiré
2868 5012 44 15 une
2930 5009 60 20 balle
3008 5010 28 19 de
3054 5009 105 20 revolver
3175 5009 57 20 dans
3249 5009 22 19 la
3289 5007 24 20 ré-

2804 5031 55 23 gion
2874 5033 30 19 du
2919 5038 69 15 cœur.
3002 5034 58 20 Vers
3075 5034 13 20 9
3103 5034 22 19 h.
3141 5034 45 22 1/4,
3200 5034 82 19 Coisne
3297 5036 25 16 ee

2804 5059 102 19 trouvait
2922 5063 42 16 rue
2981 5059 104 20 St-Brice
3102 5060 59 19 dans
3180 5060 24 19 !a
3220 5063 56 15 cave
3296 5057 27 19 de

2806 5082 23 19 la
2842 5083 90 19 maison
2948 5084 53 19 d'un
3015 5084 93 19 officier
3123 5084 56 19 dont
3193 5084 16 19 11
3224 5083 35 19 est
3273 5082 41 19 l'or-

2807 5106 126 24 donnance,
2948 5108 78 24 quand
3041 5109 14 19 11
3070 5109 92 19 attenta
3175 5107 15 20 à
3203 5113 36 14 ses
3252 5107 70 23 jours.

2806 5131 36 20 On
2858 5133 135 23 transporta
3010 5133 21 19 le
3049 5132 120 25 désespéré
3187 5132 15 20 à
3220 5131 102 23 l'hôpital

2805 5156 110 21 militaire
2932 5156 30 21 où
2980 5158 33 20 les
3032 5158 106 20 docteurs
3156 5157 63 20 n'ont
3236 5161 31 20 pu
3285 5161 28 14 en-

2806 5186 52 16 core
2871 5188 25 14 se
2910 5187 130 19 prononcer
3054 5188 40 15 sur
3107 5187 43 15 eon
3164 5181 55 21 état.

2829 5208 62 19 C'est
2907 5207 16 20 à
2938 5208 25 19 la
2979 5208 61 19 suite
3057 5208 29 19 de
3103 5208 108 23 chagrins
3231 5206 92 20 intimes

2803 5237 45 18 que
2866 5232 83 20 Coisne
2967 5232 66 20 tenta
3051 5233 28 19 de
3097 5233 84 19 mettre
3199 5231 35 20 fin
3252 5229 16 21 à
3285 5235 38 15 ses

2803 5256 72 24 jours.

2828 5287 58 21 Près
2898 5288 30 20 de
2940 5288 67 21 Lens.
3019 5298 27 5 —
3058 5288 36 20 Un
3108 5287 92 20 ouvrier
3211 5285 112 24 décapité.

2803 5322 27 5 —
2848 5313 21 19 A
2889 5313 24 19 la
2932 5313 62 19 fosse
3013 5313 25 19 15
3057 5312 40 20 des
3116 5312 74 19 mines
3209 5311 29 18 de
3256 5311 68 21 Len=,

2803 5336 16 19 à
2838 5337 208 22 Loos-en-Gohelle,
3069 5337 58 20 dans
3147 5336 21 19 le
3188 5334 127 20 Pas-de-Ca-

2803 5361 50 22 lais,
2871 5361 108 20 l'ouvrier
2998 5361 91 20 mineur
3107 5360 111 22 François
3237 5359 87 19 Bochc-

2803 5385 66 23 neck,
2880 5385 25 20 34
2916 5390 50 18 ans,
2977 5386 62 22 sujet
3049 5385 109 22 nolonais,
3170 5383 58 20 était
3238 5384 86 19 ce""*,**

2803 5409 15 20 à
2831 5409 128 24 décharger
2972 5409 40 20 des
3028 5410 55 19 rails
3096 5409 54 18 d'un
3162 5412 83 19 wagon
3260 5408 22 19 et
3298 5413 26 14 so

2803 5435 103 19 trouvait
2926 5435 79 18 monte
3026 5439 40 14 sur
3087 5438 27 14 ce
3136 5437 88 16 waron,
3245 5433 79 22 quand

2804 5463 44 14 une
2869 5463 64 14 rame
2954 5459 84 19 heurta
3058 5457 148 20 violemment
3227 5457 97 20 celui-ci.

2802 5483 32 18 Le
2851 5483 150 19 malheureux
3018 5482 37 19 fut
3073 5480 46 24 jeté
3134 5486 41 14 sur
3190 5481 24 19 la
3230 5481 52 19 voie
3300 5483 24 19 et

2803 5507 33 19 le.3
2856 5511 67 15 roues
2942 5506 31 20 du
2990 5511 83 17 v.-rv^on
3093 5506 31 18 lui
3144 5504 120 24 prr--èrent
3283 5511 41 14 sur

2804 5531 22 19 le
2847 5535 50 15 cou.
2918 5531 20 19 Il
2959 5535 16 15 a
2996 5535 29 15 eu
3044 5530 24 20 la
3091 5529 47 20 tête
3159 5528 166 23 littéralement

2804 5555 117 20 tranchée.

3487 439 280 23 BLANKENBERGHB

3482 464 85 21 Passez
3581 466 21 19 le
3617 467 64 19 week
3695 466 46 20 end
3754 465 16 20 à

3377 495 190 47 l'HOTEL
3597 498 270 48 EXCELSIOR

3419 551 76 24 Digue
3508 562 25 5 —
3549 553 97 21 Confort
3661 564 25 4 —
3700 555 133 23 Chauffage

3393 604 19 18 A
3429 604 114 20 Moustler
3559 605 150 20 Iez-Fr.isne«i.
3725 616 28 5 —
3768 607 112 20 Funérail-

3366 628 34 20 les
3417 629 55 19 d'un
3490 629 74 20 héros.
3581 640 27 4 —
3623 630 181 21 D'émcuvantes
3822 630 56 21 funé-

3365 654 78 18 railles
3459 659 13 14 o
3490 654 9 19 i
3516 654 36 20 été
3568 655 70 20 faites
3653 655 16 20 à
3684 657 29 18 M.
3728 657 88 23 Joseph
3831 658 56 19 Bot-

3366 679 87 23 tequin,
3489 679 129 21 volontaire
3655 681 28 19 de
3720 686 90 18 guerre,
3846 683 40 24 qui

3363 704 79 19 s'était
3457 704 87 24 engagé
3558 704 16 20 â
3587 706 25 18 41
3626 710 43 15 ans
3686 707 23 19 et
3723 707 38 22 qui
3777 707 30 19 fit
3821 708 64 19 toute

3364 730 23 19 la
3408 734 84 18 guerre
3514 735 56 15 avec
3593 730 56 21 héro
3649 730 8 13 7
3662 737 7 13 :
3696 737 11 9 a
3701 746 12 5 ..
3749 732 31 19 Le
3803 733 83 23 bourg-

3364 760 12 15 r.
3389 756 62 18 estre
3469 756 23 18 et
3511 755 30 20 M.
3559 756 80 23 Barez,
3656 756 120 24 président
3793 758 83 23 provin-

3363 781 45 19 cial
3426 780 27 20 de
3470 780 23 19 la
3509 780 26 19 F.
3551 781 28 20 N.
3596 781 30 22 C,
3641 781 171 24 prononcèrent
3827 788 58 15 aveo

3365 806 123 24 éloquence
3509 804 7 20 1
3525 805 64 24 éloge
3609 807 30 18 du
3659 808 104 22 glorieux
3784 808 101 24 disparu.

3365 832 49 19 Une
3440 832 63 19 foui?
3530 831 160 20 innombrable
3715 833 106 19 assistait
3853 839 31 14 au

3362 857 90 20 service
3474 856 111 24 religieux
3606 857 60 20 ainsi
3688 862 44 19 que
3752 859 77 19 toutes
3850 859 34 20 les

3362 881 99 22 sociétés
3480 882 85 20 locales
3584 883 23 19 et
3626 883 33 20 les
3678 882 80 20 écoles.

3384 917 20 19 A
3416 916 83 24 Ypres.
3510 926 28 5 —
3550 916 76 19 Noces
3638 916 55 19 d'or.
3704 926 27 5 —
3744 917 75 20 Lundi
3832 923 42 19 pro-

3359 942 76 22 chain,
3454 942 33 19 les
3507 940 74 25 époux
3600 940 107 20 Edmond
3728 941 158 21 Verdome-Si-

3359 966 68 19 donie
3450 966 104 21 Lamote,
3579 965 195 23 respectivement
3797 966 43 20 nés
3863 968 22 19 le

3359 991 25 19 24
3404 990 87 20 février
3509 990 52 20 1S60
3582 991 23 19 et
3626 990 21 19 le
3668 990 26 19 27
3714 991 47 18 mai
3781 991 58 21 1852.
3861 992 25 19 et

3359 1015 84 20 mariés
3464 1016 21 19 le
3505 1016 26 18 27
3553 1015 47 20 mai
3620 1015 58 20 1882,
3698 1015 104 19 fêteront
3822 1017 62 19 leurs

3358 1044 68 15 noces
3443 1040 54 19 d'or.
3513 1040 33 20 Us
3562 1040 42 20 ont
3620 1039 73 20 douze
3709 1040 102 23 enfants,
3827 1041 57 19 dont

3358 1064 51 19 huit
3422 1066 54 18 sont
3491 1069 83 15 encore
3589 1070 29 14 en
3632 1065 44 19 vie.
3689 1064 21 19 A
3723 1064 78 20 l'issue
3815 1065 68 20 d'une

3358 1092 75 16 messe
3456 1089 131 22 solennelle,
3611 1094 46 15 une
3681 1088 120 24 réception
3830 1090 44 19 offi-

3358 1112 64 19 cielle
3437 1118 58 15 aura
3508 1114 46 20 lieu
3569 1113 16 21 à
3598 1113 85 20 l'Hôtel
3698 1113 29 20 de
3741 1114 61 19 ville.

3384 1137 19 18 A
3420 1137 136 25 Tourcoing.
3572 1149 28 5 —
3617 1139 36 19 Un
3671 1138 56 24 père
3745 1138 30 20 de
3792 1139 35 19 six
3844 1144 29 15 en-

3359 1160 64 20 fants
3441 1161 39 19 tué
3499 1167 43 18 par
3559 1168 46 15 «ne
3624 1164 63 20 auto.
3705 1173 27 6 —
3750 1163 134 23 Boulevard

3359 1183 129 26 Gaxnbetta,
3504 1185 15 20 â
3533 1187 137 25 Tourcoing,
3688 1188 70 19 l'auto
3773 1188 112 21 conduit»

3358 1213 44 19 par
3419 1209 30 19 M.
3468 1210 64 20 René
3549 1212 95 19 Lccoco.
3665 1212 111 25 emplové,
3795 1218 16 14 a
3829 1218 53 14 rer-

3358 1233 66 19 versé
3445 1234 23 19 et
3488 1234 38 20 tué
3546 1240 41 14 sur
3605 1237 22 19 le
3648 1242 59 19 coup
3726 1243 32 14 un
3778 1238 104 23 cycliste,

3358 1258 31 18 M.
3409 1258 104 23 Auguzte
3532 1260 102 23 Denond,
3655 1262 26 19 36
3701 1267 49 16 ans.
3772 1263 29 19 de
3821 1263 62 20 Bon-

3357 1282 63 22 dues,
3438 1282 54 20 ^èrn
3512 1284 27 14 ■*-»
3556 1284 36 19 six
3609 1286 100 23 enfants,
3726 1287 145 20 L'automobi-

3357 1307 53 19 liste
3423 1312 15 14 a
3451 1306 36 20 été
3501 1306 84 21 arrêté.

3381 1337 21 20 A
3414 1337 75 20 Meîle.
3500 1348 27 4 —
3538 1338 51 19 Une
3600 1340 80 19 torche
3693 1341 100 21 vivante.
3805 1353 27 4 —
3842 1343 39 20 Un

3357 1363 93 19 ouvrier
3467 1362 69 21 tôlÏT
3552 1366 40 16 ci?s
3609 1365 93 19 ateliers
3719 1366 110 24 Haulnez,
3846 1368 26 19 fa-

3357 1387 81 24 brique
3454 1387 29 19 de
3499 1387 143 23 lessiveuses,
3659 1389 31 19 M.
3708 1389 94 21 Charles
3819 1392 63 19 Dan-

3357 1413 114 22 gremont,
3488 1412 76 20 tenait
3583 1418 5 11 1
3596 1419 12 6 -
3628 1414 64 18 main
3709 1418 47 15 une
3773 1415 75 23 lampe
3866 1416 16 19 à

3356 1436 92 22 souder,
3466 1437 76 19 -uand
3558 1437 87 20 celle-ci
3662 1438 31 19 fit
3709 1438 124 20 exDlosion.
3849 1441 33 18 Le

3356 1461 41 19 feu
3414 1465 25 16 se
3457 1462 165 19 communi'-uj.
3639 1467 48 15 aux
3704 1462 131 21 vêtements
3852 1465 29 18 de

3356 1485 113 24 l'ouvrier,
3484 1486 40 24 qui
3539 1487 38 18 fut
3590 1486 91 21 bientôt
3695 1487 142 21 transformé
3853 1494 29 14 en

3356 1509 112 21 véritable
3490 1511 81 19 torche
3595 1511 100 20 vivante.
3718 1512 22 19 A
3761 1511 69 21 l'aide
3853 1513 31 19 de

3356 1536 149 19 couvertures
3523 1536 24 19 et
3564 1536 28 19 de
3612 1541 58 18 sacs,
3688 1541 37 15 ses
3744 1538 137 19 camarades

3356 1560 136 22 parvinrent
3503 1559 12 20 h
3531 1560 102 20 e'Leindre
3645 1561 34 19 les
3691 1561 115 20 flammes.
3816 1562 57 20 L'ou-

3356 1584 62 20 vrier
3437 1585 36 19 est
3491 1584 58 20 dans
3569 1585 22 19 le
3608 1590 73 15 coma.

3382 1614 34 20 La
3426 1613 119 22 kermesse
3556 1615 29 20 de
3597 1616 150 25 Cortenberg.
3758 1626 28 5 —
3796 1617 21 19 A
3827 1617 43 20 l'oc-

3356 1639 80 20 casion
3450 1640 27 19 de
3491 1640 23 20 la
3527 1641 119 20 kermesse
3660 1642 27 19 de
3702 1642 143 24 Cortenberg
3858 1643 21 20 le

3357 1664 122 21 dimanche
3495 1666 26 18 22
3537 1666 53 22 mai,
3606 1667 21 19 le
3642 1667 89 19 service
3748 1667 39 20 des
3803 1669 76 18 trains

3354 1695 53 15 sera
3420 1690 120 21 intensifié
3554 1696 90 16 comme
3659 1693 56 19 suit:
3731 1693 92 19 Heures
3839 1693 41 20 des

3357 1712 94 25 départs
3468 1715 27 19 de
3511 1716 120 20 Bruxelles
3650 1717 86 21 (Nord)
3755 1723 53 15 vers
3825 1718 46 20 Cor-

3355 1739 107 24 tenberg:
3475 1740 51 21 8.15,
3538 1741 51 21 9.21,
3601 1742 51 22 9.4S,
3663 1742 64 23 10.45,
3739 1743 64 22 11.25,
3813 1744 66 22 12.10,

3356 1764 64 23 13.10,
3433 1765 51 21 14.4,
3497 1765 64 23 15.39,
3576 1766 58 20 16.28
3655 1767 64 22 17.43,
3734 1768 65 22 18.59,
3814 1769 25 19 19
3846 1769 32 22 28,

3354 1789 51 23 20.1,
3425 1790 52 24 21.4,
3497 1791 64 23 22.47,
3582 1792 64 19 22.51.
3667 1792 91 21 Heures
3780 1794 40 19 des
3842 1794 29 19 dé-

3355 1815 65 22 parts
3441 1814 27 20 de
3499 1815 143 25 Cortenberg
3673 1822 53 14 vers
3757 1818 121 20 Bruxelles

3358 1838 97 21 (Nord):
3478 1839 52 23 9.5S,
3551 1841 65 22 10.40,
3638 1841 64 22 11.58,
3725 1842 63 22 12.44,
3811 1843 58 20 13.41

3355 1864 64 23 14.18,
3431 1864 64 23 16.20,
3509 1865 63 22 16.41,
3584 1866 64 22 17.39,
3660 1867 63 20 18.38.
3735 1868 65 21 19.15,
3812 1869 42 19 197
3859 1861 19 27 6*

3355 1889 50 22 21.6,
3423 1889 65 22 21.39,
3505 1890 64 23 22.00,
3587 1891 64 23 22.39,
3669 1892 65 24 22.53,
3751 1893 65 20 23.40.
3833 1895 44 18 Les

3353 1915 75 19 trains
3445 1915 44 22 603,
3508 1916 39 19 645
3563 1917 24 19 et
3603 1917 38 19 631
3658 1918 97 22 partant
3773 1918 29 20 de
3820 1919 49 20 Lou-

3354 1939 55 19 vain
3424 1938 16 20 à
3453 1940 26 18 10
3494 1940 21 19 h.
3529 1941 33 21 23,
3577 1942 26 18 17
3619 1942 21 18 h.
3654 1942 27 19 24
3696 1944 23 18 et
3733 1943 26 19 22
3775 1944 49 19 h.38
3839 1945 23 18 fe-

3354 1965 53 19 ront
3422 1964 64 21 arrêt
3500 1964 15 21 à
3529 1966 149 24 Cortenberg.
3693 1968 57 19 Prix
3767 1968 30 20 du
3812 1969 65 20 billet

3354 1989 120 20 weekend:
3494 1990 121 21 Bruxelles
3637 1992 241 27 (Nord)-Cortenberg

3352 2014 26 19 2e
3393 2014 81 23 classe,
3490 2015 26 19 10
3531 2016 29 19 fr.
3575 2017 35 22 20;
3627 2017 26 20 3e
3668 2018 81 22 classe,
3764 2019 12 19 6
3791 2020 30 19 fr.

3577 2049 78 22 ♦BW>

3353 2084 92 37 Autour
3466 2084 29 38 de
3517 2085 127 46 l'héritage
3665 2087 30 38 de
3716 2088 44 37 IT
3773 2089 103 38 Wendel

3379 2173 36 20 On
3432 2174 47 20 sait
3496 2180 45 18 que
3557 2176 59 20 1.500
3634 2181 127 19 personnes
3780 2180 97 20 environ

3351 2198 52 21 font
3417 2199 75 20 valoir
3505 2200 62 20 leurs
3583 2201 72 20 droits
3670 2201 16 20 à
3698 2203 24 20 la
3735 2203 96 20 fortune
3847 2204 27 19 de

3353 2223 54 20 Mlle
3420 2224 102 19 Wendel.
3534 2225 124 24 Signalons
3669 2225 16 20 à
3696 2231 26 15 ce
3734 2232 85 19 propos
3831 2233 45 18 que

3352 2248 22 19 le
3385 2248 102 20 tribunal
3502 2249 40 20 des
3555 2250 145 20 successions
3714 2251 31 20 du
3758 2251 76 21 comté
3849 2252 27 20 de

3351 2272 131 20 New-York
3501 2274 65 20 vient
3584 2275 28 19 de
3630 2275 101 24 prendre
3750 2281 45 16 une
3816 2276 49 20 déci-

3350 2298 51 19 sion
3415 2299 40 23 qui
3470 2298 131 23 écarterait,
3617 2300 80 22 dit-on,
3711 2301 121 24 beaucoup
3847 2302 27 19 de

3352 2321 121 22 candidats
3487 2323 16 20 à
3517 2323 130 25 l'héritage:
3665 2325 33 19 les
3713 2324 108 21 héritiers
3838 2327 27 18 de-

3351 2348 91 19 vraient
3457 2353 102 19 prouver
3576 2349 51 20 leur
3644 2349 70 24 degré
3731 2350 28 20 de
3776 2350 97 23 parenté

3352 2377 59 19 pour
3423 2372 49 21 être
3484 2373 103 20 autorisé
3599 2373 16 20 à
3627 2374 60 20 faire
3700 2375 131 23 opposition
3844 2380 31 15 au

3353 2397 131 20 testament.

3377 2422 71 23 Voici,
3469 2427 31 16 au
3522 2423 100 24 surplus,
3643 2423 156 24 l'explication
3821 2425 44 19 don-

3352 2445 42 22 née
3406 2452 45 19 par
3463 2452 31 15 un
3507 2448 131 24 magistrat,
3652 2448 30 20 M.
3695 2449 80 19 James
3788 2449 30 20 H.
3831 2449 44 20 Fo-

3352 2472 45 24 ley:

3376 2502 13 14 €
3398 2497 64 20 Pour
3472 2496 156 25 comparaître
3641 2502 29 15 en
3681 2498 85 23 justice
3779 2499 23 20 et
3813 2499 52 20 atta-

3351 2527 58 19 quer
3419 2523 21 19 le
3451 2523 134 21 testament,
3596 2523 16 19 il
3623 2528 30 15 ne
3665 2523 70 19 suffit
3747 2528 42 18 pas
3801 2523 16 20 à
3828 2529 47 14 une

3351 2552 114 18 personne
3482 2547 131 20 d'affirmer
3628 2547 81 24 qu'elle
3728 2547 58 20 était
3803 2553 62 19 appa-

3351 2571 79 21 rentée
3449 2576 31 16 au
3501 2572 101 23 decujas.
3622 2573 32 19 Le
3673 2572 45 20 fait
3738 2573 70 23 qu'un
3829 2573 44 20 soi-

3352 2596 78 21 disant
3446 2596 96 20 héritier
3559 2597 66 24 porte
3644 2597 21 20 le
3684 2602 55 15 nom
3759 2598 28 19 de
3805 2598 59 19 Wen-

3351 2622 35 19 del
3403 2627 56 14 sans
3477 2622 92 19 fournir
3586 2627 90 15 aucune
3694 2627 86 18 preuve
3801 2622 27 20 de
3845 2628 28 14 ea

3351 2645 96 25 parenté
3462 2648 36 18 est
3511 2651 55 15 sans
3580 2647 86 20 valeur.
3680 2647 37 20 Un
3732 2646 140 25 prétendant

3350 2671 14 20 à
3383 2673 23 18 la
3423 2672 133 19 succession
3576 2672 49 19 doit
3643 2676 101 20 prouver
3762 2672 54 23 qu'il
3837 2673 37 18 est

3349 2697 86 23 proche
3455 2698 84 23 parent
3558 2697 30 19 du
3607 2697 116 19 testateur
3744 2697 24 18 et
3788 2696 84 21 établir

3349 2727 37 14 ses
3400 2722 72 19 droits
3487 2720 118 21 d'héritier
3617 2720 58 25 légal
3690 2722 73 19 avant
3777 2721 27 19 de
3817 2726 47 19 pou-

3347 2747 51 19 voir
3411 2746 110 23 attaquer
3533 2747 22 19 le
3569 2746 133 20 testament.
3716 2746 36 19 De
3766 2747 66 23 plus,.
3837 2746 34 20 les

3347 2772 52 22 plus
3413 2771 98 23 proches
3527 2772 96 22 parents
3639 2771 42 19 ont
3697 2771 62 19 seuls
3774 2771 21 20 le
3810 2769 62 22 droit

3347 2796 131 22 d'attaquer
3495 2796 20 20 le
3535 2796 132 19 testament.
3685 2796 19 18 U
3724 2795 78 23 parait
3818 2800 52 19 que,

3346 2820 59 19 dans
3425 2820 102 20 l'affaire
3549 2824 28 14 en
3600 2824 74 17 cours,
3697 2820 54 18 I-'ile
3773 2820 100 19 Wendel

3345 2845 38 19 n'a
3402 2843 70 20 laisse
3492 2843 24 20 ni
3538 2844 160 20 descendants,
3717 2844 23 18 ni
3760 2842 63 20 frère
3844 2843 27 19 ni

3346 2873 69 17 sœur,
3426 2869 23 18 ni
3460 2872 74 14 neveu
3544 2868 24 19 ni
3578 2867 71 20 nièce.
3660 2868 44 18 Le3
3716 2868 154 19 demandeurs

3349 2894 125 21 invoquent
3491 2892 68 23 qu'ils
3577 2893 54 19 sont
3650 2892 40 19 des
3708 2892 94 19 ccurins
3821 2896 41 20 ger-

3348 2917 76 19 mains
3441 2922 30 14 ou
3489 2917 39 19 des
3547 2916 96 25 parents
3659 2915 143 21 collatéraux
3818 2917 52 23 plue

3349 2940 109 25 éloignés.
3472 2947 13 14 »

3571 2973 94 22 ♦«♦-■

3437 3001 100 31 COM
3540 3001 120 30 MUNI
3664 3001 114 31 QUES

3367 3060 31 17 L*
3408 3064 102 14 nouveau
3522 3060 97 21 drapeau
3632 3060 27 17 de
3669 3060 44 18 TA.
3724 3059 28 19 V.
3764 3059 24 19 C.
3801 3060 25 17 A.
3837 3060 30 17 M.

3345 3083 27 17 de
3392 3082 143 18 l'Université
3557 3081 110 19 Coloniale
3688 3085 52 15 sera
3761 3080 109 24 Inauguré

3345 3104 114 18 dimanche
3473 3104 111 22 prochain.
3587 3104 18 18 U
3618 3108 51 13 sera,
3681 3103 50 18 béni
3744 3108 26 14 en
3785 3103 82 22 l'église

3345 3126 68 18 Marie
3431 3126 127 18 Médiatrice
3577 3126 22 18 et
3617 3126 147 20 Saint-Louis,
3784 3126 13 17 à
3815 3126 52 17 Ber-

3344 3148 70 21 chem,
3434 3148 15 18 à
3468 3148 24 18 11
3511 3148 87 18 heures.
3619 3148 44 18 Des
3685 3148 135 22 délégations
3842 3147 26 18 de

3344 3170 50 18 tous
3412 3169 32 19 les
3463 3169 75 18 ordros
3557 3169 167 19 missionnaires
3743 3170 76 18 belcei
3838 3174 29 13 au

3345 3192 72 22 Congj
3437 3192 22 18 et
3480 3191 25 18 de
3526 3192 97 18 l'Œuvre
3644 3192 38 18 des
3701 3191 119 23 Congolais
3841 3195 26 15 en

3346 3214 103 27 Belgique
3472 3213 29 19 du
3523 3214 26 17 R.
3573 3214 25 17 P.
3621 3214 94 21 Cruyen,
3738 3218 15 17 y
3776 3214 81 18 assiste-

3344 3240 56 15 ront.

3365 3265 31 18 I.e
3412 3264 54 19 Club
3481 3264 99 18 national
3596 3265 28 17 du
3639 3264 92 18 bouvier
3747 3265 37 17 de*
3800 3265 58 18 Flan-

3343 3287 49 18 dres
3406 3286 103 22 organise
3524 3286 19 18 le
3557 3287 24 17 22
3595 3286 51 21 mai,
3661 3287 14 17 à
3689 3287 119 21 Sottegem,
3823 3290 43 15 une

3347 3308 83 22 grande
3444 3307 53 24 "exp
3512 3308 68 18 sitlon
3607 3307 171 20 interna'ionale
3803 3308 64 19 dotée

3343 3331 26 18 de
3384 3331 46 18 12:3
3444 3330 76 19 francî
3535 3330 26 18 de
3576 3330 55 23 prix.

3367 3353 31 18 Le
3412 3352 61 22 jeudi
3486 3353 23 17 26
3525 3353 45 17 mai
3585 3357 56 13 aura
3656 3352 43 18 Heu
3715 3352 55 18 dans
3785 3352 23 18 la
3822 3352 44 18 mê-

3367 3381 12 11 j
3398 3381 7 7 '
3415 3379 104 15 >n.mune,
3540 3379 30 13 un
3591 3374 71 22 grand
3681 3379 108 13 cor.cour»
3807 3375 49 21 agri-

3342 3396 47 19 cole
3400 3396 104 18 cantonal
3518 3401 54 17 pour
3585 3397 106 21 chevaux,
3704 3396 85 22 fcovina,
3802 3400 65 18 porcs

3343 3420 23 17 et
3378 3419 110 18 moutons,
3501 3418 104 22 organisé
3619 3423 41 18 par
3672 3418 21 19 le
3707 3418 85 18 Comice
3807 3418 49 23 agri-

3342 3441 47 18 cole
3406 3441 26 18 de
3449 3441 134 21 Sottr,phem.

3565 3469 77 20 <>2>
3842 3476 16 8 -at

3424 3504 363 33 PELERINAGES

3372 3571 143 21 I.OUHDES
3528 3576 56 14 avec
3597 3570 75 20 arrêts
3686 3570 16 20 à
3714 3571 74 22 Paria,
3801 3571 59 20 Biar-

3349 3597 43 19 ritz
3410 3598 24 19 et
3451 3597 68 19 visite
3539 3596 39 20 des
3596 3596 86 23 grands
3701 3595 117 20 châteaux
3836 3596 31 20 du

3347 3622 121 19 Bordelais
3486 3626 56 15 avec
3559 3620 117 24 réception
3693 3626 44 17 par
3753 3621 21 19 le
3793 3621 74 20 Maire

3349 3647 27 20 de
3394 3646 205 24 Margaux-Médoc
3617 3651 5 14 :
3640 3646 13 19 9
3668 3646 58 23 juin,
3743 3646 25 19 19
3784 3646 81 23 Juillet.

3348 3673 124 20 USIEUX
3493 3676 57 15 avec
3573 3671 37 25 pri
3648 3676 13 14 3
3686 3676 5 14 :
3715 3670 25 20 16
3762 3670 58 24 juin,
3842 3671 24 20 28

3348 3698 80 23 juillet
3443 3697 146 19 Association
3603 3696 67 24 belge
3684 3696 26 19 de
3725 3695 103 20 Lourdes
3843 3696 24 20 et

3350 3722 98 22 Llsieux,
3472 3722 32 21 3'..
3531 3730 37 6 -•-
3598 3722 18 18 i"
3617 3720 93 23 Assaut,
3741 3721 126 19 F7uxeruea.

3348 3748 56 19 Prix
3421 3747 94 21 réduits.

3346 3796 75 19 Rome
3440 3794 87 23 (Italie)
3546 3799 7 14 :
3568 3794 26 20 16
3609 3793 65 23 août;
3690 3793 26 19 12
3730 3793 137 24 septembre.

3345 3820 207 22 Auto:Lourdes,17
3563 3818 220 25 juin.Xormandle,3
3793 3818 76 23 juillet

3346 3845 49 21 Gds
3406 3844 158 24 Pèlerinages:
3576 3849 36 15 av.
3625 3843 36 21 Mt
3671 3843 114 23 Kemmel,
3797 3843 70 20 Brux.

3346 3898 149 21 LOURDES.
3508 3907 28 6 —
3551 3896 102 25 Départs
3673 3902 5 14 :
3697 3897 13 19 8
3727 3896 24 20 et
3767 3896 26 20 21
3809 3896 57 23 juin.

3403 3923 82 20 Arrêts
3503 3922 17 20 à
3537 3923 75 22 Parts,
3629 3923 58 21 Pau,
3708 3921 102 20 Biarritz

3347 3949 48 20 Gds
3406 3948 158 24 Pèlerinages:
3577 3952 36 15 av.
3626 3947 36 20 Mt
3672 3946 113 23 Kemmel,
3797 3946 70 20 Brux.

3349 3993 305 22 LOURDES-BIARRITZ,
3676 3991 80 24 depuis
3778 3991 38 19 900
3838 3991 29 20 fr.

3350 4019 53 19 tous
3434 4019 59 18 frais
3518 4018 107 22 compris.
3656 4016 89 23 Départ
3770 4016 14 19 6
3808 4016 58 23 Juin.

3366 4041 494 24 LOURDES-BIARRITZ-LUCHON-RO-

3350 4069 176 22 CAMABOUR,
3541 4072 55 15 sans
3614 4067 51 19 nuit
3681 4071 28 14 en
3726 4065 36 21 ch.
3780 4066 27 19 de
3824 4066 43 20 fer.

3349 4094 56 24 Dép.
3422 4094 25 19 15
3462 4093 57 23 juin.

3374 4118 152 22 ALLIANCE
3549 4117 196 23 CATHOLIQUE
3769 4116 98 25 (Voyag.

3349 4143 130 24 François),
3513 4142 33 23 47,
3579 4142 128 20 boulevard
3733 4141 43 20 Ad.
3805 4142 62 22 Max,

3348 4168 126 21 Bruxelles.
3792 4167 72 20 (1433)

3345 4223 108 23 Lourdes,
3466 4222 13 20 8
3491 4222 72 23 jours.
3575 4221 58 25 Dép.
3647 4222 12 19 4
3673 4221 57 23 juin,
3743 4221 26 19 16
3782 4221 83 23 Juillet,

3346 4249 25 19 12
3386 4247 62 20 août.
3463 4248 57 24 Voy.
3537 4247 43 20 Ed.
3595 4247 121 21 Goossens,
3731 4246 32 22 15,
3781 4251 18 15 r.
3816 4246 50 21 Ste-

3346 4274 96 21 Gudule,
3457 4273 126 19 Bruxelles.
3599 4282 24 5 —
3638 4271 47 20 Tél.
3701 4271 97 20 11.03.76.

3565 4296 76 22 *>Z*>
3860 4300 4 11 '

3405 4333 405 46 NECROLOGIE

3373 4424 37 21 On
3424 4429 59 16 nous
3498 4424 48 24 prie
3563 4423 140 19 d'annoncer
3719 4423 24 20 la
3757 4423 63 20 mort
3835 4423 29 19 de

3344 4459 135 30 Monsieur
3497 4457 204 36 Félix-Adolphe
3723 4457 143 31 C0RDIER

3368 4506 61 20 Veuf
3441 4505 29 20 do
3482 4505 74 19 Dame
3567 4503 76 20 Marie
3653 4504 44 20 DE
3709 4505 130 19 MOI.DEK

3542 4535 127 20 Industriel

3395 4561 97 23 Officier
3511 4560 28 18 do
3559 4560 90 20 l'Ordre
3669 4561 29 19 de
3718 4561 101 24 Léopold

3376 4587 97 23 Officier
3487 4585 29 22 dg
3531 4584 89 21 l'Ordre
3635 4586 29 18 de
3679 4586 23 19 la
3718 4586 121 19 Couronne

3349 4611 97 23 Officier
3462 4610 31 19 du
3509 4609 84 19 Mérite
3610 4610 114 24 Agricole,
3740 4612 51 22 etc.,
3807 4612 56 18 etc..

3348 4642 28 20 né
3391 4641 15 20 à
3421 4640 117 20 Bruxelles
3553 4640 21 19 le
3589 4640 25 20 20
3629 4641 131 24 septembre
3775 4642 51 19 1857
3840 4641 24 21 et

3348 4666 143 24 pieusement
3506 4664 84 21 décédé
3605 4665 16 20 à
3638 4666 225 24 Mousty-Ottignles,

3349 4693 20 18 le
3388 4691 25 19 IS
3430 4690 47 19 mal
3496 4690 56 22 1932,
3572 4691 65 19 muni
3657 4692 40 19 des
3716 4692 147 19 Sacrements

3349 4716 27 20 de
3392 4714 145 21 Notre-Mère
3554 4715 24 19 la
3594 4715 175 25 Sainte-Eglise.

3373 4741 32 19 Le
3423 4739 88 20 service
3530 4739 105 25 funèbre,
3655 4742 61 19 suivi
3735 4741 29 20 de
3783 4741 72 20 l'inhu-

3347 4765 88 20 mation
3450 4764 58 19 dans
3522 4764 21 19 le
3558 4769 89 16 caveau
3661 4766 28 20 de
3702 4766 89 20 famille
3805 4770 60 15 aura

3346 4791 46 18 lieu
3404 4790 21 18 le
3437 4788 89 20 samedi
3537 4789 26 19 21
3576 4791 48 18 mai
3636 4790 16 20 à
3663 4791 26 19 11
3700 4791 22 19 h.
3735 4795 29 15 en
3777 4790 86 25 l'église

3348 4813 135 25 paroissiale
3500 4813 29 20 de
3546 4814 101 24 Mousty.

3374 4837 106 20 Réunion
3494 4837 15 20 à
3522 4838 24 19 la
3559 4840 128 20 mortuaire
3701 4839 16 20 à
3731 4840 25 19 10
3769 4840 23 19 h.
3806 4840 32 19 S0.

3371 4863 44 19 Les
3435 4863 61 18 amis
3517 4864 24 18 et
3560 4865 180 19 connaissances
3760 4865 39 23 qui
3820 4870 44 18 par

3348 4888 61 19 oubii
3423 4887 132 21 n'auraient
3568 4893 42 19 pis
3624 4894 56 19 reçu
3693 4890 28 20 de
3735 4889 129 24 faire-part,

3347 4912 53 19 sont
3412 4910 61 25 priés
3486 4911 28 20 de
3526 4913 134 21 considérer
3671 4914 22 20 le
3706 4913 95 26 présent
3813 4915 51 19 avis

3348 4941 89 14 comme
3453 4941 30 14 en
3499 4937 83 20 tenant
3598 4939 52 20 lieu.

3370 5118 34 20 La
3425 5118 137 25 Supérieure
3584 5121 113 22 Générale
3718 5123 23 20 et
3760 5123 34 20 les
3814 5123 42 20 reli-

3345 5142 90 24 gieuses
3464 5145 168 24 Hospitalières
3660 5149 31 19 du
3718 5148 147 20 Sacré-Cœur

3344 5171 191 19 recommandent
3547 5171 15 19 â
3575 5177 41 15 vos
3628 5173 140 20 charitables
3780 5173 87 24 prières

3345 5191 66 22 l'âme
3426 5193 27 20 de
3467 5194 51 20 leur
3531 5195 68 21 chèro
3615 5201 107 16 consœur

3349 5225 176 36 Madame
3539 5229 98 34 Alice
3651 5230 98 34 COU
3758 5228 104 35 RTIN

3431 5274 141 22 Fondatrice
3584 5277 30 20 de
3625 5278 51 20 leur
3687 5276 89 21 Société

3346 5303 43 21 née
3404 5304 14 21 à
3434 5305 89 22 Anven
3539 5307 21 20 le
3576 5308 26 19 10
3617 5309 76 23 juillet
3707 5309 56 20 1882,
3779 5307 77 23 pieuse-

3345 5331 64 19 ment
3427 5330 97 22 décédée
3542 5332 15 20 à
3573 5333 77 22 Uccle,
3666 5334 22 20 le
3703 5334 25 19 19
3744 5333 47 19 mai
3807 5332 58 21 1932,

3347 5354 57 20 dans
3421 5356 24 18 la
3458 5356 39 20 25e
3513 5357 75 20 année
3604 5359 27 19 de
3645 5363 27 14 sa
3689 5359 35 18 vie
3738 5357 127 22 religieuse,

3346 5379 69 24 après
3441 5382 66 19 avoir
3535 5387 54 17 reçu
3611 5384 32 18 les
3665 5382 102 20 derniers
3787 5381 69 19 Sacre-

3346 5406 77 19 ments
3449 5408 23 17 et
3498 5407 23 18 la
3547 5407 151 20 Bénédiction
3718 5405 99 24 spéciale
3838 5406 27 19 de

3345 5428 74 22 Notre
3434 5430 67 20 Saint
3513 5431 59 21 Père
3585 5432 20 20 le
3618 5432 70 24 Pape.

3372 5454 69 20 Cœur
3453 5456 27 18 da
3492 5455 75 23 Jésus,
3580 5456 124 23 espérance
3717 5455 26 19 de
3756 5459 57 15 ceux
3826 5454 39 25 qui

3346 5481 108 19 meurent
3467 5486 28 13 en
3508 5481 63 19 Voua
3585 5486 55 18 ayez
3653 5479 56 24 pitié
3722 5479 27 19 de
3763 5484 65 15 nous.

3448 5516 4 3 ■
3477 5499 140 29 Requlescàt
3632 5506 24 18 in
3670 5505 62 19 Paca

3371 5528 77 24 Uccle,
3465 5529 25 19 19
3506 5530 47 18 mai
3568 5529 57 19 1932.

3372 5554 31 22 27,
3420 5559 88 15 avenue
3525 5554 27 20 de
3568 5554 24 19 la
3607 5552 95 22 Raméa,

234 5634 12 10 ■r

229 5636 16 34 1
