3987 5553
1818 119 139 20 «NATION
1973 118 132 24 BEUGE>,
2121 119 25 20 13
2164 117 86 23 MARS
2266 116 51 21 1M0

148 197 58 20 1.380
228 195 114 24 écharpes
369 195 26 20 et
423 194 40 21 250
484 198 96 17 cannes.
600 193 38 21 On
661 198 15 14 a

148 225 75 25 perdu
237 225 67 20 aussi
318 225 25 18 73
358 224 68 20 tours
441 223 30 20 de
487 228 49 15 cou.

173 254 86 24 Quand
282 253 18 20 il
323 252 46 20 fait
391 251 86 24 chaud,
497 253 124 21 'beaucoup
645 251 29 20 de

148 287 132 20 voyageurs
297 281 128 21 n'hésitent
443 285 45 21 pas
505 279 17 21 à
541 280 53 21 ôter
611 280 70 21 leurs,

145 312 145 21 chaussures
305 311 25 19 st
343 310 18 21 k
375 310 36 21 les
426 309 131 24 remplacer
572 314 45 20 par
632 309 42 19 des

147 340 142 25 pantoufles.
307 340 79 19 Est-ce
403 343 47 15 une
466 339 81 20 raison
563 343 61 20 pour
640 338 34 19 les

145 369 107 20 oublier?
266 369 26 20 Jl
309 368 55 20 faut
380 368 23 19 le
420 368 78 20 croire
515 366 124 25 puisqu'on
659 371 15 15 a

146 398 83 20 trouvé
239 398 60 19 dans
307 397 36 19 les
353 396 195 24 compartiments
558 396 26 19 70
595 396 79 24 paires

146 426 31 21 de
193 427 100 20 souliers
311 426 25 19 et
351 425 27 21 51
396 425 78 24 paires
492 425 29 19 de
539 424 135 24 pantoufles

145 455 139 24 auxquelles
298 455 113 20 viennent
428 458 26 16 se
471 454 93 23 joindre
582 453 26 20 25
625 453 40 23 pai-

145 488 40 17 res
201 485 28 19 de
244 485 43 21 bas
302 483 24 20 et
340 484 27 19 15
381 483 79 24 paires
475 483 29 19 de
519 484 154 18 chaussettes.

172 521 45 19 Les
233 519 119 24 employés
367 519 32 20 du
415 519 93 19 chemin
523 518 29 19 de
568 518 39 19 fer
621 518 53 19 font

145 548 134 25 également
301 548 77 23 ample
401 547 103 20 moisson
527 547 28 19 de
578 551 96 15 couvre-

145 578 78 20 chefs:
237 576 40 21 322
289 577 123 24 chapeaux
424 575 135 22 d'hommes,
571 576 40 19 482
625 579 39 15 cas-

145 607 95 24 quettes
268 607 26 19 et
320 605 85 23 bérets,
426 605 40 20 200
494 605 123 23 chapeaux
645 605 28 19 de

146 635 32 20 da
177 640 10 11 T
186 640 34 15 pp,
217 641 17 14 g.
253 635 33 20 Et
304 635 60 20 voici
382 639 60 20 pour
459 634 36 20 les
513 633 131 20 vêtements
666 638 5 14 :

145 665 28 19 68
189 664 103 24 paletots
307 663 29 20 de
353 663 81 20 dames
451 664 25 18 et
492 663 126 22 d'enfants,
634 662 39 19 235

146 692 187 25 imperméables,
349 692 26 20 77
392 691 133 25 pardessus,
543 692 26 19 64
585 691 81 20 ceintu-

144 726 48 19 res,
203 722 27 19 22
243 722 78 23 paires
334 723 29 19 de
377 721 163 20 caoutchoucs.
553 720 26 19 75
593 720 81 19 cache-

146 750 129 27 poussière.

170 786 66 21 Vous
258 785 63 19 est-il
343 784 78 20 arrivé
446 784 29 19 de
499 783 83 24 perdre
606 784 66 18 votre

145 814 115 25 pantalon
273 813 60 20 dans
346 813 22 20 le
382 814 79 19 train?
475 813 70 20 Non?
560 813 32 19 Et
606 817 59 19 pour-

145 844 56 20 tant
215 848 32 16 on
261 847 31 15 en
306 847 16 14 a
336 842 84 20 trouvé
435 842 45 22 101,
496 846 56 15 sans
568 842 106 23 compter

144 872 29 20 63
183 873 102 20 vestons,
296 872 14 19 5
321 871 76 24 gilets,
409 871 26 19 20
448 871 97 24 jerseys,
556 871 13 19 6
581 871 92 23 jupons,

146 901 27 19 24
183 901 94 20 blouses
290 901 25 19 et
326 901 14 19 9
350 901 69 21 robes
432 900 51 23 plus
495 901 14 18 2
521 899 116 24 pèlerines
649 899 23 19 et

144 930 152 21 l'uniforme
316 929 102 23 complet
437 929 28 19 de
485 928 130 24 religieuse.

171 966 34 20 Et
221 966 61 19 voici
299 970 61 19 pour
377 965 34 19 les
429 965 86 23 objets:
535 964 26 20 13
579 969 86 15 couver-

144 995 68 20 tures
225 996 29 20 de
267 999 96 19 voyage,
377 994 27 19 17
416 993 107 20 coussins
536 993 29 19 de
578 997 96 20 voyage,

144 1024 15 20 2
178 1024 136 21 cravaches,
335 1023 27 20 10
382 1023 88 20 valises
490 1023 57 19 dont
567 1022 14 19 5
600 1022 73 21 vides,

145 1053 41 20 486
202 1052 114 20 sacoches
334 1052 58 19 dont
410 1052 26 19 97
455 1051 71 22 vides,
545 1051 26 19 56
589 1050 76 20 réticu-

144 1081 42 24 les,
194 1080 58 22 dont
264 1081 27 20 39
304 1081 72 21 vides,
389 1081 39 19 570
441 1081 100 24 paquets
555 1079 118 21 emballés.

145 1111 28 20 13
189 1109 119 25 appareils
324 1110 216 24 photographiques
557 1109 25 19 et
598 1109 13 18 2
628 1108 37 19 tré-

145 1139 75 25 pieds,
243 1139 26 20 41
294 1139 167 23 portefeuilles,
484 1138 41 19 272
549 1138 125 19 serviettes

146 1168 59 20 dont
223 1168 41 20 110
282 1168 73 21 vides,
375 1167 40 20 213
434 1167 194 24 porte-monnaie,
648 1166 26 19 56

147 1197 62 21 étuis
228 1197 85 23 divers,
331 1197 15 19 8
363 1196 120 26 alliances,
501 1196 27 19 11
546 1195 97 25 bagues,
662 1194 14 20 S

146 1226 122 22 bracelets,
282 1226 14 19 3
309 1226 105 23 broches,
428 1225 27 20 34
468 1225 106 20 montres
588 1225 78 19 d'hom-

147 1260 52 15 mes
215 1255 25 20 et
255 1255 30 20 de
301 1255 107 21 femmes,
423 1254 27 19 40
466 1254 156 24 porte-plume
639 1252 27 20 ré-

145 1282 97 23 servoir,
258 1283 28 19 48
300 1282 121 24 chapelets
439 1283 24 19 et
487 1287 33 15 un
550 1281 122 20 cure-dent

147 1317 32 15 en
193 1315 34 16 or.

171 1339 70 20 Voilà
255 1339 43 21 des
313 1339 165 19 instruments:
495 1338 13 19 2
524 1339 105 18 trousses
646 1337 27 19 de

148 1367 161 23 vétérinaires,
330 1368 14 20 8
365 1367 123 22 couteaux,
510 1367 14 19 5
545 1367 96 21 rasoirs,
662 1366 13 19 6

147 1397 81 27 paires
243 1397 29 20 de
284 1397 104 22 ciseaux,
402 1396 15 20 6
431 1396 85 22 canifs,
531 1395 13 19 2
560 1396 59 19 clefs
634 1400 31 14 an-

147 1425 94 24 glaises,
258 1425 14 20 1
289 1424 102 22 tenaille,
408 1424 14 20 1
440 1424 91 24 truelle,
547 1425 14 19 1
580 1424 86 19 vilebre-

145 1454 67 24 quin,
231 1454 15 19 1
263 1454 91 24 pioche.

174 1490 124 20 Comment
311 1494 25 17 se
350 1489 104 24 dirigent
465 1493 39 16 ces
517 1488 122 24 presbytes
652 1489 24 18 et

147 1523 41 16 ces
209 1519 112 23 myopes?
345 1517 34 21 Us
401 1519 42 19 ont
465 1517 71 20 laissé
559 1519 61 19 dans
641 1518 34 19 les

146 1548 195 23 compartiments
378 1547 27 19 20
441 1547 121 23 pince-nez
587 1547 24 19 et
636 1546 39 20 133

147 1576 81 27 paires
244 1576 30 20 dc
292 1576 109 20 lunettes.

150 1618 9 7 -
170 1613 36 19 La
212 1611 108 25 musique
326 1611 96 20 adoucit
434 1611 34 20 les
476 1616 89 15 mœurs
572 1612 24 19 et
608 1611 67 25 porte

146 1645 34 18 au
191 1640 62 22 rêve.
265 1641 34 20 Le
313 1640 55 20 rêve
381 1640 68 25 porte
462 1640 16 20 à
490 1640 25 19 la
529 1640 146 20 distraction.

146 1670 46 20 Les
210 1669 127 20 musiciens
356 1670 42 19 ont
416 1669 75 25 perdu
508 1670 13 18 1
541 1670 133 23 trompette,

147 1703 33 16 un
189 1699 97 21 clairon,
296 1699 12 18 1
322 1698 48 20 alto
381 1699 25 19 et
417 1699 13 18 4
441 1698 98 25 plaques
550 1699 28 19 de
590 1699 84 23 phono.

173 1727 80 24 Quant
264 1732 32 15 au
307 1728 76 21 tabac,
394 1727 93 19 chacun
498 1727 47 19 sait
556 1727 56 24 qu'il
622 1727 53 20 nuit

146 1756 16 20 à
176 1756 25 20 la
214 1755 120 21 mémoire.
348 1756 62 19 Rien
425 1755 29 20 de
469 1757 150 23 surprenant,
634 1755 41 20 dès

146 1784 55 25 lors,
216 1785 16 20 à
245 1790 28 15 ce
287 1789 45 20 que
346 1785 35 19 les
396 1786 107 19 fumeurs
518 1785 66 20 aient
598 1784 76 20 oublié

146 1814 41 19 112
201 1815 73 23 pipes,
290 1814 27 19 85
333 1814 97 24 blagues
446 1814 16 20 à
478 1815 77 21 tabac,
571 1814 26 20 34
613 1814 62 20 étuis

146 1842 19 21 à
174 1843 95 23 cigares
283 1843 25 19 et
320 1842 17 20 à
351 1843 134 23 cigarettes.

172 1878 22 20 Il
205 1883 18 20 y
236 1883 16 14 a
264 1878 26 20 là
302 1878 29 22 de
345 1879 55 24 quoi
414 1879 94 19 monter
522 1879 53 19 tout
588 1883 33 16 un
635 1879 30 18 ba-

146 1912 42 15 zar
204 1909 61 19 dans
280 1907 77 24 lequel
374 1913 30 14 ne
422 1908 107 22 figurera
545 1912 50 19 pas,
612 1908 62 20 cette

146 1936 54 23 fois,
218 1935 23 20 le
258 1937 57 19 chef
331 1936 33 20 du
381 1937 98 19 fameux
496 1937 102 19 invalide
616 1937 16 20 à
650 1937 23 19 la

148 1964 48 20 tête
211 1966 30 19 de
256 1965 53 21 bois
323 1966 48 23 qui,
386 1966 41 19 nul
443 1970 30 15 ne
488 1965 104 24 l'ignore,
601 1965 64 21 dévis-

145 1993 49 22 sait
211 1995 88 19 celle-ci
316 1994 91 24 chaque
424 1995 47 19 fois
489 1995 55 24 qu'il
561 1999 32 16 en
608 1995 66 19 avait

145 2022 126 21 l'occasion
286 2028 62 19 pour
363 2028 96 20 reposer
475 2029 38 18 ses
529 2023 96 24 épaules
642 2023 32 21 du

146 2051 68 25 poids
229 2052 82 25 qu'elle
325 2053 53 19 leur
393 2053 116 23 imposait.

372 2095 72 20 ♦•»

144 2136 107 95 LES
276 2136 395 93 EXPOSITIONS

216 2277 50 28 AU
287 2277 121 24 MUSEE
429 2277 178 24 MODERNE

170 2322 77 20 Notre
269 2322 81 20 Musée
373 2322 113 20 Moderne
508 2322 100 20 n'abrite
629 2327 44 19 pas

132 2351 145 21 .seulement
293 2352 36 19 les
346 2351 180 20 chefs-d'œuvre
543 2352 33 19 du
592 2351 81 20 Musée

144 2380 31 20 de
189 2380 78 25 Liège,
281 2381 17 19 il
312 2381 38 19 est
363 2381 93 20 devenu
469 2381 65 19 aussi
549 2385 47 15 une
610 2381 64 20 sorte

145 2409 31 20 de
186 2410 63 20 banc
261 2408 124 25 d'épreuve
396 2414 60 20 pour
468 2414 47 16 une
527 2410 64 20 foule
603 2409 63 20 crois-

145 2439 70 19 sante
254 2439 125 23 d'artistes,
420 2439 58 20 dont
515 2439 26 19 la
578 2439 95 24 plupart

144 2467 122 22 n'avaient
278 2472 45 20 pas
336 2472 85 16 encore
434 2473 30 15 eu
477 2468 125 20 l'occasion
615 2468 51 19 d'af-

144 2497 94 20 fronter
252 2497 21 19 le
287 2497 85 23 public.
385 2497 68 20 Trois
466 2502 102 20 groupes
580 2502 28 15 se
622 2502 44 19 par-

145 2526 84 24 tagent
251 2530 31 16 en
303 2531 27 15 ce
352 2527 107 19 moment
481 2527 34 20 les
539 2527 133 23 spacieuses

143 2555 119 19 cimaises.
298 2555 68 21 Voici
404 2555 97 20 d'abord
537 2556 23 19 le
598 2556 75 19 cercle

142 2584 138 24 Hélianthe,
301 2585 41 23 qui
363 2584 80 20 réunit
463 2589 46 16 une
531 2585 93 21 dizaine
643 2585 29 19 de

143 2614 107 24 peintres
268 2613 30 20 de
318 2614 128 20 tendances
466 2615 50 19 fort
534 2614 99 20 variées.
652 2615 22 18 A

143 2642 54 21 côté
208 2643 41 19 des
258 2644 104 23 grandes
372 2643 61 22 têtes
443 2643 29 20 de
482 2643 63 20 Lode
556 2644 117 24 Matthijs,

145 2671 59 20 dont
220 2671 228 25 l'expressionnisme
467 2672 79 24 parait
562 2673 56 20 bien
636 2673 29 23 pé-

144 2700 67 24 rimé,
229 2701 36 20 les
281 2701 115 25 portraits
414 2702 26 19 et
456 2701 35 22 les
509 2705 118 21 paysages
644 2703 29 19 de

143 2729 84 21 Didier
246 2729 108 21 Greffier
372 2735 26 16 se
418 2730 194 21 recommandent
630 2735 44 20 par

143 2759 54 20 leur
216 2759 102 21 sobriété
337 2760 25 20 et
374 2760 68 20 -leur-
453 2761 99 20 absence
573 2760 29 19 de
621 2761 53 19 tout

142 2788 67 24 parti
228 2790 51 23 pris
299 2789 139 24 esthétique.
460 2790 32 19 Ce
512 2789 93 24 peintre
625 2789 47 19 sait

143 2817 106 25 dégager
270 2818 35 23 les
327 2818 103 25 grandes
452 2818 76 24 lignes
550 2818 56 20 d'un
628 2819 45 19 site

144 2847 134 23 industriel;
299 2852 39 15 ses
356 2846 101 26 qualités
475 2847 31 20 de
524 2843 149 24 dessinateur

144 2880 27 15 se
187 2877 156 19 manifestent
358 2877 134 24 également
507 2878 60 19 dans
583 2877 35 19 les
635 2882 29 18 pe-

145 2905 56 19 tites
230 2905 83 21 études
342 2906 56 24 qu'il
428 2911 16 15 a
474 2905 138 25 rapportées
643 2906 30 19 de

143 2934 104 20 Zélande
275 2935 25 20 et
327 2934 41 25 qui
396 2935 55 20 sont
470 2934 113 24 baignées
604 2935 68 19 d'une

142 2963 100 21 lumière
257 2963 49 21 très
319 2964 57 19 fine.
390 2964 38 21 On
441 2964 127 21 s'arrêtera
581 2965 93 19 ensuite

143 2993 90 19 devant
253 2993 36 23 leg
311 2993 114 24 portraits
448 2994 29 19 de
499 2993 57 20 Mlle
579 2994 93 19 Marthe

144 3022 122 22 Fassiaux,
279 3027 27 15 ce
317 3022 73 24 profil
403 3023 29 19 de
444 3023 127 23 Paysanne
582 3023 83 19 notam-

142 3052 75 22 ment,
235 3051 40 24 qui
293 3057 16 14 a
326 3051 38 20 été
382 3051 94 21 détaillé
494 3056 58 16 avec
569 3052 104 20 émotion

142 3081 28 19 «t
183 3080 137 20 sensibilité.
333 3080 112 21 L'artiste
459 3085 86 19 expose
560 3082 65 19 aussi
641 3085 33 15 un

140 3110 52 20 1>on
210 3110 104 24 portrait
333 3109 117 20 d'homme
469 3110 124 20 maintenu
614 3110 59 20 dans

142 3144 49 15 une
203 3138 101 23 discrète
316 3143 95 20 gamme
423 3140 30 18 de
465 3140 56 23 gris.
534 3139 55 20 Mlle
603 3140 71 19 Geor-

139 3169 69 23 •gette
220 3168 108 24 Tserbijt
339 3168 38 19 est
390 3173 45 15 une
448 3168 64 20 élève
525 3168 148 20 talentueuse

143 3197 30 19 de
191 3197 105 24 Georges
313 3197 192 24 Zevenberghen;
524 3202 39 16 ses
580 3198 93 20 fusains

143 3225 128 22 rehaussés
288 3227 29 19 de
335 3227 116 22 sanguine
467 3227 57 20 sont
540 3226 125 25 particuliè-

143 3257 95 19 rement
250 3255 55 20 bien
318 3260 81 15 venus.

169 3284 83 19 Parmi
265 3285 35 19 les
314 3284 105 24 peintres
434 3284 32 20 du
480 3284 75 21 cercle
569 3285 95 19 L'Ebau-

145 3314 51 22 che,
214 3317 60 15 nous
292 3313 157 20 accorderons
468 3319 45 15 une
533 3314 106 20 mention
658 3314 15 19 à

144 3342 78 20 Emile
234 3342 89 24 Libert,
336 3343 60 20 dont
407 3343 34 20 les
454 3347 117 20 paysages
585 3344 43 19 ont
641 3347 32 16 un

143 3370 112 25 agréable
268 3372 84 19 cachet
364 3371 150 25 romantique
527 3373 24 18 et
564 3371 16 21 à
592 3373 23 19 J.
628 3373 45 18 Bu-

144 3400 58 25 lens,
215 3402 41 23 qui
267 3405 86 19 expose
366 3401 112 24 quelques
491 3402 114 23 portraits
619 3407 10 11 <■
644 3405 30 15 en

143 3434 58 19 gros
219 3430 58 24 plan
295 3436 13 13 >
327 3430 69 21 d'une
416 3430 134 24 originalité
569 3431 104 19 certaine

143 3459 28 20 et
188 3458 57 20 d'un
265 3459 85 21 coloris
369 3459 17 20 à
404 3459 25 19 la
448 3459 48 20 fois
516 3459 59 20 clair
594 3461 25 19 et
639 3459 36 20 ré-

111 3488 6 6 *
144 3488 75 20 serve.

171 3517 81 21 Enfin,
270 3516 23 20 le
311 3522 89 19 groupe
418 3518 100 19 Streven
535 3517 81 20 réunit
634 3522 31 15 au-

143 3546 58 20 tour
222 3546 29 20 de
272 3546 68 21 Jules
359 3547 128 20 Brouwers
507 3547 167 24 quelques-uns

145 3575 31 23 d«
187 3579 40 16 ses
236 3575 120 20 meilleurs
367 3575 116 24 disciples.
494 3576 20 20 H
525 3580 16 18 y
552 3580 15 15 a
578 3576 24 20 là
613 3576 54 19 Mar-

144 3604 39 20 tin
193 3604 65 20 Bollé
270 3609 58 16 avec
338 3609 38 16 ses
388 3604 126 21 intérieurs
525 3610 47 15 aux
583 3609 83 20 surpre-

145 3634 74 19 nants
230 3633 133 21 contrastes
376 3633 103 20 d'ombre
493 3635 25 18 et
530 3634 28 21 dé
572 3634 103 22 lumière,

145 3662 93 20 Bertha
250 3663 94 19 Coenen
356 3667 58 16 avec
426 3669 32 14 un
471 3663 101 24 portrait
585 3663 28 19 de
622 3663 54 23 boy-

146 3692 71 18 scout
237 3692 25 19 et
281 3692 123 19 Kockaert
431 3692 41 24 qui
499 3697 22 17 a,
549 3692 34 19 lui
604 3692 72 22 aussi,

146 3719 89 25 adopté
265 3720 23 23 le
318 3720 85 20 coloris
433 3721 108 24 argileux
573 3720 28 22 de
633 3725 43 15 son

145 3748 97 22 maître.

285 3791 89 25 L.-Ch.
391 3791 150 25 CRESPIN

173 3829 48 21 Lea
239 3835 92 14 œuvres
351 3834 46 20 que
417 3831 70 19 L.-Ch
507 3831 98 23 Crespin
625 3830 41 24 pré-

147 3859 68 18 sente
229 3858 17 20 à
258 3858 25 20 la
296 3864 13 13 «
323 3859 93 19 Galerie
430 3859 22 19 le
468 3859 81 20 Studio
565 3867 11 12 >
591 3860 77 19 contri-

147 3886 104 20 bueront
269 3887 16 19 à
303 3887 85 19 établir
406 3887 54 25 plus
478 3888 144 20 solidement
637 3893 31 15 en-

146 3919 58 17 core
216 3916 25 18 la
254 3915 135 25 réputation
403 3916 29 20 de
447 3922 26 16 ce
488 3916 133 24 spécialiste
635 3918 41 18 des

148 3943 128 22 Intérieurs
298 3943 113 25 d'églises.
432 3945 152 25 L'aquarelle,
606 3946 17 20 à
644 3947 25 19 la-

148 3972 78 25 quelle
240 3973 100 20 l'artiste
356 3975 37 18 est
407 3973 63 21 rtsté
485 3974 78 23 fidèle,
577 3975 34 19 lui
627 3980 42 19 per-

148 4002 53 20 met
212 4002 29 20 de
253 4002 106 20 traduire
370 4003 23 22 le
405 4003 153 20 clair-ebscur
569 4003 42 21 des
624 4004 53 19 nefs

148 4035 60 15 sans
220 4035 45 20 que
277 4031 87 24 jamais
376 4032 25 19 la
412 4032 96 20 couleur
521 4037 30 15 ne
565 4033 113 19 devienne

149 4059 70 20 terne
233 4064 31 16 ou
279 4064 97 19 opaque.
391 4061 35 19 La
440 4060 100 20 matière
556 4061 42 20 des
611 4066 66 15 murs

149 4088 28 20 et
194 4087 44 20 des
256 4088 82 25 piliers
358 4089 46 24 qui,
424 4090 57 19 chez
500 4091 55 19 tant
574 4090 103 20 d'autres

149 4116 114 25 peintres,
282 4117 110 20 demeure
410 4117 82 21 lourde
511 4120 25 19 et
555 4124 122 19 rugueuse,

149 4144 97 25 «'allège
266 4146 26 19 et
310 4150 27 15 se
357 4147 153 23 transfigure.
531 4148 51 19 Une
602 4148 75 20 clarté

143 4173 169 25 .mystérieuse,
330 4175 99 20 tamUée
445 4181 45 18 par
505 4176 35 20 les
557 4177 121 23 verrières,

149 4203 88 19 allume
258 4204 99 23 partout
377 4206 30 19 de
427 4205 141 24 chatoyants
589 4206 89 19 reflets.

149 4231 99 24 Chaque
264 4231 86 21 édifice
365 4237 16 14 a
396 4239 29 16 sa
440 4234 96 20 couleur
551 4239 94 19 propre:
662 4234 17 20 à

149 4260 55 21 côté
220 4261 42 19 des
277 4261 128 20 immenses
420 4262 126 20 vaisseaux
561 4263 29 19 de
608 4264 61 18 Char-

151 4290 51 19 tres
222 4285 27 24 ei
270 4288 30 21 de
320 4290 91 23 Rouen,
440 4290 63 20 voici
524 4291 36 21 les
580 4292 99 20 arcades

150 4318 156 24 triomphales
328 4320 24 19 et
373 4318 113 21 blanches
506 4319 28 20 de
556 4320 123 24 St-Pierre,

149 4346 25 21 le
198 4346 187 21 déambulatoire
423 4348 59 24 noyé
520 4348 104 21 d'ombre
651 4350 28 19 de

151 4375 183 21 Sainte-Gudule
347 4377 26 19 et
385 4377 34 19 les
426 4377 92 23 .claires
531 4377 86 25 églises
629 4383 42 14 rus-

149 4403 80 25 tiques
240 4404 30 20 de
282 4405 126 24 Bretagne.
421 4405 91 24 Malgré
524 4406 25 20 la
560 4406 119 24 souplesse

150 4432 33 22 de
196 4433 27 21 la
235 4434 134 24 technique,
385 4434 35 20 les
437 4434 114 21 éléments
567 4436 105 19 architec-

150 4461 91 23 turaux
259 4465 56 19 sont
335 4463 105 21 dessinés
460 4468 58 16 avec
538 4469 45 14 une
603 4465 69 19 infail-

151 4490 57 21 lible
222 4491 124 25 précision.

278 4534 124 25 PETITS
422 4535 135 24 SALONS

176 4571 71 21 Deux
265 4572 107 23 peintres
389 4572 114 24 exposent
521 4572 53 20 côte
594 4573 16 20 à
629 4573 52 20 côte

151 4599 17 21 k
179 4600 26 20 la
217 4600 93 20 Galerie
323 4602 74 20 d'Art.
410 4602 37 19 On
460 4601 97 21 connaît
569 4602 35 19 les
617 4606 65 16 sous-

152 4629 54 20 bols
222 4629 30 20 de
266 4630 91 24 Joseph
373 4630 85 23 Caron,
476 4636 27 14 ce
521 4631 47 20 bon
585 4631 96 23 disciple

151 4657 32 20 de
201 4658 121 22 Courtens,
341 4659 40 23 qui
399 4659 91 20 traduit
508 4660 55 20 d'un
581 4660 100 24 pinceau

152 4685 68 25 large
236 4687 26 19 et
277 4687 122 24 fougueux
414 4689 26 19 la
454 4688 117 20 rutllance
589 4689 41 19 des
647 4689 26 19 fo-

150 4714 52 21 rêts
215 4719 31 16 en
258 4716 120 22 automne.
392 4717 98 20 Charles
503 4717 178 20 Hallemeersch

152 4743 85 20 trouve
252 4744 135 25 davantage
404 4750 44 16 son
464 4746 141 24 inspiration
622 4746 59 20 dans

152 4771 26 20 la
192 4772 109 20 banlieue
315 4773 148 22 bruxelloise.

178 4801 40 20 Au
230 4801 80 20 Cercle
322 4802 69 24 belge
404 4802 29 21 de
445 4803 25 19 la
482 4803 122 24 Librairie,
617 4805 64 19 Mme

152 4829 146 25 Marguerite
316 4831 29 19 de
361 4832 95 19 Backer
472 4836 85 19 expose
574 4832 43 22 des
632 4838 42 14 ma-

154 4858 67 20 rines
242 4859 26 20 et
290 4859 44 21 des
363 4860 68 23 ports
461 4860 29 20 de
512 4860 75 24 pêche
601 4866 45 15 vus
667 4862 11 20 à

153 4887 148 25 contre-jour
317 4891 56 17 sous
392 4893 33 16 un
442 4888 45 20 ciel
504 4889 78 20 livide.

578 4918 27 22 G.
624 4919 31 20 M.

153 4977 44 32 Un
210 4978 133 31 bûcheron
357 4985 41 26 est
413 4981 88 29 écrasé
516 4991 50 27 par
580 4979 99 33 l'arbre

321 5021 65 39 qu'il
401 5021 113 33 abattait

164 5091 49 23 tDe
228 5093 70 20 notre
314 5094 186 23 correspo.idant
517 5094 147 24 particulier)

411 5125 117 23 Verviers,
542 5125 28 19 12
585 5131 73 15 mars.

178 5148 32 21 M.
225 5148 63 21 Jean
303 5150 74 19 Lamb
379 5155 20 18 y,
414 5150 28 20 61
454 5155 52 19 ans,
521 5149 127 26 bûcheron,
663 5149 17 21 à

154 5173 88 23 Ovifat,
256 5173 61 22 était
330 5174 88 25 occupé
431 5180 33 15 au
477 5175 47 21 lieu
538 5175 36 22 dit
587 5181 14 14 c
615 5176 57 20 Mou-

155 5198 36 22 lin
206 5199 30 20 de
250 5199 114 25 Babeyon
380 5205 20 17 »,
416 5200 67 21 entre
498 5201 80 20 Recht
591 5202 25 20 et
629 5201 55 20 Sur-

155 5225 77 22 brodt,
245 5223 17 21 à
274 5224 118 25 l'abatage
406 5225 29 21 de
449 5225 118 25 plusieurs
580 5226 89 25 sapins.

175 5249 24 20 A
211 5249 93 21 certain
317 5251 107 21 moment
438 5255 33 15 un
485 5250 78 24 arbre,
576 5251 59 21 dont
660 5251 17 20 il

150 5274 144 22 n'attendait
311 5280 46 20 pas
376 5275 67 21 aussi
475 5275 150 25 rapidement
654 5276 25 20 la

152 5300 80 24 chute,
246 5300 82 21 tomba
345 5301 60 21 dans
421 5305 29 16 sa
466 5301 115 20 direction
597 5301 73 20 l'attei-

151 5327 78 23 gnant
240 5325 62 21 dans
314 5326 23 20 le
350 5325 43 22 dos
407 5326 26 20 et
443 5327 23 20 le
480 5328 147 19 renversant.
640 5326 31 20 Se-

151 5355 76 16 couru
242 5355 47 20 par
305 5356 39 16 ses
361 5355 161 21 compagnons
539 5352 29 20 de
587 5351 91 22 travail,

149 5376 33 22 M.
192 5376 92 23 Lamby
294 5376 40 21 fut
343 5375 136 25 transporté
490 5376 61 21 dans
561 5381 48 17 une
620 5377 49 20 mai-

150 5406 47 16 son
213 5402 90 24 proche
318 5400 33 22 où
367 5402 16 18 il
400 5406 39 16 ne.
448 5401 71 20 tarda
533 5406 46 20 pas
594 5401 18 21 à
627 5406 44 16 suc-

149 5427 98 21 comber
264 5426 17 21 à
298 5432 47 17 une
363 5427 107 21 fracture
489 5427 29 21 de
535 5428 25 20 la
578 5427 104 21 colonne'

149 5451 119 24 vertébral
270 5457 21 17 ••

700 192 371 85 Petite
1106 196 665 105 Chronique
1842 198 159 77 La
2038 196 343 79 visite
2422 192 161 79 du
2622 190 213 79 Roi

1796 316 33 65 à
1856 306 49 75 la
1936 306 137 77 Foire
2100 302 393 77 Internationale
2520 302 67 73 de
2614 298 259 75 Bruxelles

751 348 104 21 Bulletin
867 349 198 25 météorologique
1077 351 32 20 du
1122 351 25 20 U
1159 355 65 16 mars

869 375 125 23 (Deuxième
1011 376 94 22 bulletin)

725 400 157 24 Températures
898 401 91 19 maxima
1012 406 6 14 :
1039 401 90 20 Nivelles
1148 401 25 20 17
1192 401 22 19 de-

698 425 53 23 grés,
765 426 96 22 Ostende,
875 425 111 24 Bruxelles,
1000 426 92 23 Chimay,
1105 426 73 20 Virton
1193 427 30 20 15,

702 451 80 19 Anvers
808 452 31 20 14,
863 450 119 22 Tirlemont.
1010 451 51 19 P-rée
1086 451 32 23 13,
1143 451 79 20 Sainte-

699 476 44 19 Ode
762 477 30 20 12.
810 476 41 23 Spa
870 477 31 22 10.
918 476 148 20 Saint-Hubert
1083 477 19 19 S.

724 500 156 24 Températures
908 500 85 20 Yninima
1024 501 53 20 (nuit
1099 500 28 20 du
1152 503 21 17 11
1197 507 26 13 au

700 526 58 22 12-3)
787 532 7 14 :
818 526 126 20 Sainte-Ode
967 527 17 21 1,
1012 526 74 20 Virton
1109 527 19 21 2,
1158 526 66 20 Saint-

699 551 86 22 Hubert,
807 550 41 24 Spa
868 552 20 20 3,
909 551 96 22 Ostende,
1026 551 85 24 Chimay
1132 552 19 18 4.
1173 551 42 19 Bru-

700 576 68 21 xelles,
789 576 57 22 Brée,
866 576 90 20 Nivelles
975 577 20 21 6,
1013 575 112 20 Tirlemont
1144 577 19 21 7,
1182 576 42 19 An-

712 607 32 14 ers
763 602 19 19 8.
891 602 4 4 '
916 606 6 16 :

882 625 145 20 Obsert-ations
1032 632 7 13 :

700 650 145 23 Température

1114 650 30 20 13"
1153 649 71 24 degrés

704 676 114 19 Baromètre
935 676 54 22 996,;

1015 681 31 15 Dn)

1075 676 69 24 (747,3
1163 675 59 22 nim.)

700 700 106 21 Tendance

1141 700 84 20 descend

704 726 107 19 Insolation

1107 726 13 19 0
1136 726 20 19 h.
1171 726 13 19 0
1199 731 19 13 m

700 751 143 22 Température
862 750 113 20 maximum

1178 751 45 18 15*1

700 775 144 23 Temcérature
860 776 105 19 minimum

1189 777 35 17 6°4

704 800 100 21 tfomidïté

1128 801 25 19 e5
1171 806 20 17 p.
1207 806 19 13 c.

704 826 40 19 Eau
762 826 103 20 recueillie
965 826 12 14 é

1146 828 79 20 gouttes

704 851 100 20 Direction
818 851 28 19 du
862 854 47 16 vent

1073 850 152 20 sud-çud-ouest

700 876 80 20 Vitesse
797 875 28 20 du
843 879 49 16 vent

1167 876 14 19 8
1198 881 28 14 m.

700 901 129 19 Déclinaison
847 900 129 24 magnétique

1078 901 22 18 8"
1120 901 30 18 10*
1168 904 56 15 ouest

704 926 38 19 :;ei

1142 928 82 16 couvert

700 951 62 20 Soleil
783 957 7 13 :
807 951 61 22 lever,
886 951 11 19 7
914 951 20 19 h.
951 951 38 22 01;

1005 951 93 22 coucher,
1115 951 25 20 18
1156 951 20 19 h.
1192 951 32 18 43.

704 976 52 20 Lune
778 982 6 13 :
802 977 61 21 lever,
880 976 13 19 8
910 976 20 19 li.
947 977 25 17 44
980 982 5 16 ;

1003 981 39 14 cou

1052 976 43 21 her,
1112 976 25 18 23
1155 975 21 19 h.
1192 976 33 18 24.

704 1001 63 19 Haute
780 1007 43 13 mer
842 1007 6 14 :
862 1003 13 20 à
889 1001 94 19 Ostende.

997 1000 11 21 3
1022 1001 20 19 h.

1056 1001 25 18 22
1093 1004 20 16 et
1128 1001 23 18 15
1165 999 20 21 h.
1199 1001 25 18 33

771 1036 27 3 —
870 1026 88 22 Amers,
975 1026 12 19 6

1004 1026 20 19 h.
1041 1026 26 19 28
1083 1029 21 16 et
1122 1025 24 19 18
1162 1025 20 21 h.
1199 1026 25 18 47

890 1077 152 19 Mouvement
1057 1076 167 23 diplomatique

956 1102 27 19 et
998 1102 133 19 consulaire

726 1128 30 20 M.
772 1128 120 19 Mercadier.
907 1133 70 14 consiu
992 1127 25 19 de
1033 1127 96 23 Belgique
1144 1127 12 19 à
1172 1126 48 20 Tou-

700 1159 49 14 rane
781 1153 136 22 (indo-Chine
946 1152 112 23 française)
1090 1156 31 16 est
1149 1152 71 19 absent

700 1178 78 20 Gérant
797 1184 6 13 :
820 1178 33 19 M.
865 1177 78 20 Marcel
959 1177 77 19 Huber.

726 1203 28 20 Le
769 1203 59 19 cheik
844 1203 66 22 Sayed
927 1202 95 23 Stephan.
1038 1205 60 19 agent
1114 1201 111 20 consulaire

700 1228 25 20 de
745 1228 95 23 Belgique
859 1228 13 20 à
890 1227 78 23 Tripoli
990 1227 80 23 (Syrie)
1091 1233 12 12 a
1123 1227 64 22 repris
1206 1226 19 19 la

699 1253 99 20 direction
816 1253 25 19 de
859 1258 36 14 son
915 1257 62 18 poste.

727 1278 30 20 M.
778 1278 67 19 Bruno
865 1277 56 20 Corti
940 1277 48 23 gère
1007 1277 87 23 l'agence
1113 1276 112 20 consulaire

700 1303 79 20 d'Italie
795 1306 14 19 à
825 1302 183 21 Costermansvilk.

758 1356 33 18 Le
810 1356 148 17 mouvement
977 1354 29 21 de
1024 1355 24 19 la
1066 1352 160 21 construction

728 1380 31 20 De
774 1381 20 19 la
808 1380 65 19 même
889 1385 81 14 source:

727 1411 14 13 c
754 1406 34 19 Au
807 1411 59 13 cours
885 1405 27 19 du
930 1405 52 19 mois
1001 1404 25 20 de
1044 1404 106 20 décembre
1170 1404 56 20 1939,

702 1431 37 19 145
757 1430 108 20 demandes
882 1436 27 13 en
926 1429 133 20 autorisation
1078 1429 25 20 de
1120 1429 54 19 bâtir
1191 1431 35 17 ont

701 1451 32 24 été
762 1455 126 20 introduites,
917 1455 41 19 soit
985 1460 40 14 une
1054 1454 119 19 diminution
1202 1453 25 19 de

701 1481 58 18 32.19
783 1482 23 21 Ço
829 1485 37 18 par
888 1483 82 20 rapport
991 1485 27 13 au
1040 1479 51 19 mois
1112 1478 114 24 précédent,

701 1511 27 13 au
751 1511 59 13 cours
833 1505 72 23 duquel
927 1510 27 14 on
976 1504 56 20 avait
1053 1504 112 23 enregistré
1188 1504 38 18 214

700 1530 117 20 demandes.

727 1561 13 13 »
755 1555 29 20 Le
798 1555 81 20 nombre
894 1554 24 21 de
933 1554 106 20 demandes
1053 1560 26 14 en
1093 1553 133 20 autorisation

701 1580 25 20 de
745 1580 135 20 reconstruire
898 1586 27 13 ou
944 1580 25 19 de
988 1579 135 20 transformer
1141 1579 30 20 les
1190 1579 27 19 im-

700 1606 89 19 meubles
803 1611 22 14 se
839 1604 77 21 chiffre
931 1611 36 17 par
982 1605 65 21 3,343,
1062 1604 39 20 soit
1115 1610 39 14 une
1169 1604 48 19 dimi-

701 1631 70 19 nution
793 1630 25 20 de
840 1630 58 19 10.67
921 1630 23 23 %
967 1635 37 17 par
1025 1632 82 20 rapport
1127 1635 27 13 au
1176 1630 50 18 mois

701 1655 114 24 prtéodent,
836 1661 26 14 au
884 1661 59 13 cours
965 1655 73 23 duquel
1060 1655 38 19 348
1120 1654 106 19 demandes

700 1681 81 19 avaient
795 1681 32 19 étc
841 1679 121 24 présentées.
977 1686 12 12 »

766 1736 13 6 m
999 1724 49 20 M"*
1063 1724 162 19 Mannerheim

700 1744 95 26 assîst<ft
809 1751 12 19 à
834 1751 19 19 la
867 1750 151 19 manifestation
1031 1755 51 17 pour
1094 1750 19 18 la
1128 1749 98 19 Finlande

699 1776 107 23 organisée
827 1782 23 13 ce
872 1775 105 22 mercredi,
998 1777 14 19 à
1033 1775 25 19 20
1086 1775 20 19 h.
1135 1775 32 21 30,
1189 1779 37 17 par

701 1801 140 19 l'Association
861 1800 118 23 Catholique
997 1800 111 19 CantonaJe
1126 1799 100 21 cTIxelles,

702 1827 30 19 IS,
746 1832 78 13 avenue
838 1825 35 20 des
889 1825 89 21 Saisons.
992 1825 115 23 Rapi-elons
1121 1830 39 17 que
1174 1828 51 15 cette

701 1851 151 20 manifestation
872 1854 103 19 comporte
997 1856 39 13 une
1057 1849 121 20 conférence
1199 1849 27 19 du

701 1876 87 20 vicomte
811 1875 108 20 Terlinden
951 1881 36 13 sur
1017 1875 116 24 l'héroïsme
1157 1874 25 20 de
1205 1875 20 18 la

700 1901 98 20 Finlande
816 1903 20 17 et
853 1901 21 19 la
892 1900 112 23 projection
1023 1900 47 19 d'un
1089 1899 52 22 film.

727 1925 75 21 Entrée
824 1925 57 20 libre.
905 1926 55 19 Pour
981 1925 93 20 réserver
1095 1925 35 19 des
1153 1924 72 23 places,

699 1951 110 21 s'adresser
824 1951 32 22 54,
872 1957 36 13 rue
925 1950 100 23 Defacqz.

863 2002 72 20 Poste
958 2002 29 20 de
1008 2001 75 23 police
1105 2000 120 24 supprimé

725 2029 78 23 Depuis
814 2028 19 20 le
845 2028 64 19 mardi
924 2028 23 19 12
959 2034 55 13 mars
1026 2028 19 19 le
1057 2031 56 19 poste
1124 2027 25 20 de
1161 2027 63 23 poifte

698 2054 54 20 skué
766 2053 97 20 chaussée
877 2054 25 19 de
918 2053 63 19 Buda.
996 2054 32 21 SI,
1042 2056 31 16 est
1088 2053 111 22 supprimé.

725 2079 32 20 En
769 2085 35 14 cas
817 2079 24 19 de
853 2078 105 20 nécessité,
972 2078 14 19 il
998 2085 13 16 y
1023 2085 13 12 a
1049 2078 40 19 lieu
1102 2078 24 19 de
1138 2077 77 20 s'adres-

697 2110 34 14 ser
744 2110 27 13 au
784 2104 146 19 commissariat
944 2103 24 20 de
982 2103 63 23 police
1059 2103 24 20 de
1096 2103 19 19 la
1130 2103 12 19 7
1143 2105 9 9 e
1166 2103 58 18 Divi-

698 2129 55 22 nïon,
767 2136 37 13 rue
819 2129 73 19 Masui.
908 2129 24 19 71
950 2128 46 23 (tél.
1012 2127 110 23 15.48.40),
1135 2134 27 13 ou
1176 2130 14 19 à
1205 2133 19 13 *a

699 2155 138 19 Permanence
852 2154 89 20 centrale
958 2154 25 19 de
1000 2153 70 23 police,
1088 2153 137 20 Grand'Place

701 2180 46 23 (tél.
765 2180 90 19 12.10.67
872 2182 20 18 et
910 2179 111 20 12.14.S4>.

726 2205 55 19 Pour
798 2204 80 20 obtenir
897 2204 147 19 l'intervention
1063 2203 35 20 des
1117 2203 107 24 pompiers,

699 2230 82 23 appeler
794 2230 20 20 le
831 2230 90 19 11.22.22
936 2236 27 13 ou
980 2230 97 18 12.22.22.

876 2281 46 19 Les
944 2280 98 21 anciens
1064 2280 161 19 combattants

970 2308 30 19 de
1017 2305 156 24 Léopoldville

714 2336 80 16 ■ennent
809 2332 25 20 de
851 2331 52 21 faire
920 2338 27 13 un
964 2338 92 13 nouveau
1073 2334 111 16 versement
1201 2330 25 20 de

700 2359 85 19 100.800
799 2357 29 20 fr*
840 2363 27 14 au
881 2356 64 25 profit
960 2357 26 19 du
1002 2363 12 12 c
1022 2356 54 20 Colis
1091 2355 27 20 du
1132 2356 65 20 soidat
1205 2362 19 13 ».

852 2409 33 21 Le
898 2408 85 24 député
995 2408 93 21 Bâillon
1100 2413 33 15 au
1144 2408 81 23 Congo

724 2435 29 21 Le
767 2435 73 24 dépoté
855 2435 86 20 Bâillon,
957 2434 102 23 président
1074 2434 111 19 d'honneur
1199 2433 25 19 de

698 2461 82 19 l'Union
791 2460 95 23 Agricole
896 2461 27 19 du
933 2460 62 20 Kivu.
1004 2463 32 16 est
1047 2459 68 19 arrivé
1126 2461 12 19 à
1150 2459 74 19 Usran-

698 2487 57 19 bura.
773 2486 17 19 Il
805 2486 118 19 examinera
939 2484 141 24 spécialement
1096 2484 20 18 la
1133 2483 91 24 question

698 2511 27 19 du
747 2511 80 20 colonat
846 2517 28 12 au
895 2510 55 20 Kivu
970 2514 21 16 et
1011 2516 40 13 une
1071 2509 46 20 aide
1138 2509 87 23 possible

698 2542 50 17 pour
761 2537 30 19 les
806 2536 74 19 colons.

765 2589 35 19 La
813 2588 100 23 Banque
927 2587 126 20 Nationale
1068 2586 29 21 de
1112 2586 113 25 Belgique

697 2620 13 14 a
728 2614 105 20 l'honneur
850 2614 25 19 de
893 2617 68 19 porter
977 2614 14 20 à
1008 2614 20 18 la
1046 2613 133 19 connaisance
1197 2613 27 18 du

696 2640 69 22 ipubac
782 2646 39 17 que
839 2645 32 14 ses
890 2640 98 21 bureaux,
1006 2644 76 14 caisses
1100 2641 20 16 et
1139 2638 84 23 galeries

698 2665 25 20 de
744 2664 141 21 coffres-forts
906 2668 68 17 seront
996 2663 75 21 fermés
1101 2664 18 19 le
1147 2663 77 20 samedi

698 2691 26 18 23
744 2696 61 15 mars,
824 2689 23 24 à,
857 2689 119 24 l'exception
995 2689 35 20 des
1048 2688 94 24 guichets
1161 2689 24 19 de
1204 2688 20 20 la

701 2715 70 20 Caisse
796 2715 25 20 de
845 2715 70 23 l'Etat,
939 2714 34 24 qui
1005 2717 100 17 resteront
1135 2717 89 18 ouverts,

698 2746 77 14 comme
789 2740 24 19 de
826 2743 92 17 coutume
931 2740 25 19 de
969 2740 38 20 9à
1021 2740 23 19 12
1057 2739 72 19 heures
1145 2738 79 23 (entrée

700 2772 36 14 rue
757 2757 372 35 ^\Bèflïfe<dnt/15r.:^Vi*.--.
1150 2763 47 24 *C)

782 2817 31 14 ■->"
830 2818 8 5 "
869 2817 33 19 Le
916 2816 97 20 Soutien
1026 2821 48 14 aux
1087 2815 112 20 Familles

826 2842 42 20 des
879 2842 121 19 Mobilisés
1011 2843 33 19 du
1056 2842 13 19 2
1082 2841 142 20 R/D.T.CA.

698 2868 47 20 crée
760 2871 12 20 à
788 2868 115 20 l'initiative
918 2868 27 19 du
961 2868 76 19 colonel
1054 2867 80 20 B.E.M.
1150 2867 74 20 Melen,

697 2894 35 19 des
742 2893 95 20 officiers
849 2893 27 20 du
887 2892 98 24 régiment
996 2896 21 16 et
1028 2892 25 20 de
1064 2892 53 19 leurs
1130 2892 94 22 familles,

697 2919 118 22 organisera
827 2919 20 19 le
858 2918 27 19 30
897 2923 63 17 mars,
972 2919 13 19 à
998 2918 25 19 20
1036 2917 20 20 h.
1071 2917 30 23 15,
1114 2923 27 13 au
1155 2916 69 21 Cercle

698 2944 119 23 Artistique,
839 2950 37 13 rue
897 2943 25 20 de
944 2943 19 19 la
976 2943 52 22 .Loi,
1050 2948 39 14 une
1111 2943 65 19 soirée
1197 2948 27 14 au

698 2969 133 20 b:ïicfice"de
846 2974 32 14 ses
895 2968 99 24 protégés.

725 2994 28 20 Le
767 3000 126 17 programme
908 2997 125 19 comportera
1046 2996 57 17 entre
1117 2996 75 19 autres,
1205 2992 20 20 la

699 3020 137 22 présentation
851 3019 59 20 d'une
926 3025 61 14 revue
1003 3018 101 22 mUitaire,
1119 3017 106 25 composée

698 3049 19 15 et
735 3044 60 23 jouée
812 3050 38 18 par
866 3044 35 20 des
918 3044 114 20 militaires.

724 3070 42 19 Des
786 3074 65 15 cartes
870 3074 69 16 seront
957 3075 27 14 eu
1002 3072 66 19 vente,
1088 3074 27 14 au
1133 3068 48 24 prix
1201 3068 24 20 de

699 3095 20 23 5,
737 3096 24 18 10
776 3098 21 17 ct
814 3096 25 18 20
856 3094 28 20 fr.
899 3099 21 15 et
927 3097 95 20 -peuvent
1039 3094 43 19 être
1099 3094 83 19 retirées
1199 3100 26 13 au

701 3120 119 20 secrétariat
845 3120 26 20 de
895 3120 89 21 l'œuvre.
1008 3120 33 23 30,
1065 3119 112 20 boulevard
1200 3119 25 19 d*.

699 3145 104 20 Waterloo
820 3145 39 23 (U.
874 3144 27 23 N.
917 3145 26 21 O.
957 3145 37 22 R.)

1249 360 115 15 naissances
1382 355 92 20 vivantes
1491 359 36 17 ont
1546 357 33 20 été
1598 356 108 24 déclarées,
1726 357 47 20 dont

1248 381 58 17 4.809
1320 385 86 18 garçons
1419 383 23 17 et
1455 381 58 19 4.673
1528 381 63 21 filles.

1276 405 91 20 Pendant
1383 406 20 19 la
1420 407 65 19 même
1503 406 87 23 période,
1608 407 13 19 il
1638 410 32 17 est
1685 413 88 14 survenu

1249 431 58 19 9.763
1330 430 59 21 décès
1412 431 48 21 dont
1482 432 58 19 5.148
1562 432 90 20 hommes
1673 436 21 16 et
1716 433 57 19 4.595

1248 455 92 20 femmes.

1276 481 85 20 D'autre
1376 485 51 21 part,
1443 482 57 19 3.925
1517 483 100 22 mariages
1631 487 34 15 ont
1682 482 32 20 été
1728 489 37 13 con-

1249 507 75 18 tractés
1341 512 26 13 au
1384 513 60 13 cours
1461 507 24 20 de
1500 513 24 14 ce
1539 508 66 19 même
1620 508 59 19 mois.

1275 531 28 20 Le
1316 532 82 19 nombre
1411 532 25 19 de
1447 532 115 20 naissances
1575 536 30 16 est
1616 539 26 13 en
1654 533 119 20 diminution

1248 556 25 20 dc
1291 557 57 19 10.48
1366 557 24 22 Ço
1407 562 37 17 par
1461 561 82 19 rapport
1559 559 13 19 à
1588 558 51 19 celui
1656 558 24 19 de
1697 558 68 19 décem-

1248 581 35 20 bre
1303 582 56 22 1938,
1376 582 19 19 le
1412 582 78 20 chiffre
1507 583 25 19 de
1549 583 60 19 decùs
1625 586 31 16 est
1673 589 26 13 en
1716 583 48 19 dimi-

1249 607 69 18 nution
1337 607 25 19 de
1380 607 44 19 2.31
1445 608 22 22 %
1487 613 37 17 par
1541 612 82 19 raprort
1641 607 13 20 à
1672 609 19 18 la
1710 608 64 19 même

1249 631 82 24 époque.
1346 637 12 13 >

1403 684 82 22 Trafic
1503 684 169 21 international
1690 685 85 20 rétabli

1275 707 29 21 Le
1321 709 62 19 trafic
1399 709 36 19 des
1452 711 113 21 voVageurs
1581 714 21 16 et
1618 710 35 20 des
1671 711 94 19 marchan-

1250 733 60 23 dises,
1334 734 102 23 suspendu
1461 735 71 22 depuis
1555 735 97 23 quelques
1677 736 98 19 semaines

1249 764 37 18 par
1305 759 53 20 suite
1377 759 36 20 des
1433 759 115 20 difficultés
1567 760 25 20 dc
1611 761 20 19 la
1651 761 124 23 navigation,

1249 787 30 15 est
1296 784 66 22 repris
1378 784 35 21 via
1431 784 215 25 Flensburg-Padborg
1662 789 21 16 et
1701 786 73 20 Sûder-

1249 809 180 22 lùgum-Tondern.

1275 834 40 19 Les
1334 837 68 17 routes
1421 834 25 20 de
1466 834 226 25 Sassnitz-Trellelborg
1710 839 21 17 et
1750 835 25 20 de

1251 858 239 21 Warnemûnde-Gedser
1514 863 76 17 restent
1614 860 95 23 toujours
1734 860 32 20 fer-

1248 884 54 19 mées
1316 890 27 13 au
1358 884 69 20 trafic.

1476 917 46 19 #■
1527 917 21 19 »

781 3197 49 19 Des
848 3195 168 26 propriétaires
1035 3197 40 23 qui
1094 3196 131 24 protestent

724 3222 30 21 La
771 3222 122 20 Fédération
909 3222 109 20 Nationale
1034 3223 34 19 des
1085 3222 74 23 Ligues
1175 3227 50 17 pour

705 3254 13 13 a
737 3248 91 19 Défense
846 3248 25 19 de
889 3248 20 19 la
929 3247 105 23 Propriété
1053 3253 12 13 a
1084 3247 81 20 adressé
1184 3253 40 13 aux

698 3274 98 19 membres
815 3273 24 19 de
857 3274 20 18 la
895 3273 101 19 Chambre
1015 3273 34 19 des
1068 3272 156 23 Représentants

698 3304 39 14 une
755 3298 130 23 protestation
901 3301 69 17 contre
986 3299 20 18 le
1022 3298 67 24 projet
1105 3300 26 17 de
1147 3300 26 17 loi
1189 3303 36 14 sur

698 3324 29 18 les
743 3323 73 23 loyers,
832 3323 27 20 ul
875 3323 50 23 qu'il
941 3323 43 20 leur
999 3329 13 13 a
1029 3323 31 20 été
1077 3323 95 20 transmis
1189 3328 36 17 j>ar

698 3349 20 18 la
733 3348 134 20 Commission
882 3348 25 20 de
921 3349 19 20 la
954 3348 77 24 Justice
1045 3348 25 19 de
1085 3348 18 19 la
1118 3348 108 19 Chambre.

699 3373 44 20 Elle
758 3374 62 19 attire
835 3373 113 20 l'attention
964 3373 25 20 de
1004 3374 20 19 la
1040 3373 100 20 Chambre
1155 3379 35 13 sur
1206 3372 19 19 la

709 3399 136 19 ontradiction
864 3399 35 23 qui
918 3399 66 19 existe
1001 3402 58 16 entre
1078 3398 19 20 le
1116 3398 66 22 projet
1201 3402 24 14 ce

698 3424 27 19 loi
742 3430 36 13 sur
793 3423 29 20 !es
838 3424 67 22 loyers
920 3427 21 17 et
957 3424 19 19 le
992 3424 67 22 projet
1075 3427 24 16 de
1114 3423 28 20 loi
1158 3423 58 23 proté-

698 3452 61 20 geant
776 3449 29 19 les
822 3449 65 20 droits
904 3449 35 19 des
955 3449 103 19 mobilisés
1074 3452 21 16 et
1112 3448 58 23 exige
1187 3454 38 17 que

699 3478 44 16 tout
758 3474 93 19 mobilisé
867 3474 35 24 qui
918 3474 88 23 invoque
1021 3474 19 19 le
1056 3473 93 20 bénéiice
1166 3473 24 20 de
1207 3473 19 19 la

699 3500 27 18 loi
744 3505 36 14 sur
797 3499 30 20 les
845 3500 66 22 loyers
929 3499 40 19 soit
986 3498 61 20 censé
1064 3499 58 19 avoir
1140 3498 86 20 renoncé

699 3524 153 23 complètement
874 3527 45 17 tant
941 3524 13 19 à
977 3530 22 14 ce
1021 3524 34 23 qui
1078 3529 96 14 concerne
1197 3524 29 18 les

699 3549 64 20 délais
779 3549 26 20 de
821 3549 111 23 procédure
949 3555 39 18 que
1005 3549 29 19 les
1051 3554 91 14 mesures
1159 3549 58 19 d'exé-

698 3575 69 19 cution
784 3577 14 19 à
815 3574 20 20 la
852 3574 27 20 loi
897 3574 27 20 du
942 3575 26 18 24
985 3574 67 23 juillet
1072 3574 50 19 1939
1138 3577 22 16 et
1177 3573 13 20 à
1207 3574 19 18 la

699 3599 28 20 loi
745 3600 20 19 la
783 3599 115 20 modifiant.
916 3599 45 20 Elle
978 3599 74 23 adjure
1070 3599 28 19 les
1117 3599 109 19 Chambres

700 3625 25 19 de
745 3625 33 19 ne*
789 3630 38 17 pas
847 3624 82 20 ratifier
949 3624 84 20 l'article
1059 3625 13 19 4
1093 3624 25 20 de
1145 3623 80 20 l'arrêté

700 3650 57 22 royal
777 3655 20 15 n.
819 3650 24 19 14
863 3649 28 20 du
910 3650 12 19 3
943 3649 67 23 juillet
1032 3650 50 18 1939
1102 3649 124 22 remplaçant

702 3680 43 17 par-
753 3675 23 18 15
789 3680 20 18 p.
821 3681 18 13 c.
852 3675 20 18 la
886 3675 76 19 ~*totité
975 3674 24 20 de
1014 3675 24 18 10
1051 3680 19 18 p.
1082 3680 17 15 c.
1113 3674 26 19 du
1153 3680 73 13 revenu

700 3699 102 20 cadastral
817 3699 63 24 prévu
895 3702 13 19 à
922 3700 54 19 l'art.
991 3700 24 18 13
1030 3699 35 20 des
1079 3699 38 20 lois
1131 3699 87 20 coordon-

700 3724 48 20 nées
766 3724 95 23 d'impôts
878 3730 36 13 sur
931 3724 29 19 les
978 3730 86 14 revenus
1081 3729 51 17 pour
1149 3724 78 19 obtenir

701 3750 104 19 rvduction
819 3749 25 20 de
858 3749 77 23 l'impôt
950 3750 85 21 foncier,
1047 3754 21 15 et
1082 3749 80 20 déclare
1176 3752 51 16 cette

701 3775 119 23 disposition
837 3780 40 14 une
894 3774 132 23 aggravation
1043 3774 144 22 inadmissible,
1203 3774 24 19 di

700 3800 20 18 la
732 3800 73 22 charge
817 3799 71 20 fiscale
899 3801 13 18 à
923 3805 28 13 un
963 3804 87 14 moment
1061 3799 33 21 où.
1105 3799 59 20 d'une
1176 3804 51 17 part.

702 3825 18 19 le
742 3828 92 16 montant
856 3824 35 19 des
914 3824 76 23 impôts
1009 3827 33 17 est
1065 3824 73 23 relevé,
1158 3827 22 17 et
1201 3824 27 20 où

701 3850 79 19 d'autre
795 3852 52 20 part,
862 3849 35 20 des
912 3849 106 20 sacrifices
1032 3855 108 13 nouveaux
1155 3850 65 23 impor-

701 3878 55 16 tants
775 3877 46 17 sont
840 3874 86 23 imposés
945 3880 42 13 aux
1006 3874 54 19 seuls
1078 3874 156 24 propriétaires^

779 3926 66 19 Pour
860 3925 36 20 les
912 3925 97 20 enfants
1026 3926 30 20 de
1072 3926 25 20 la
1113 3925 115 20 Finlande

727 3951 95 20 ■LTJnion
842 3951 35 19 des
898 3950 104 24 Pompiers
1023 3950 161 20 Professionnels
1205 3951 23 19 de

703 3976 171 23 l'agglomération
894 3976 129 22 bruxelloise,
1042 3976 94 23 organise
1155 3976 29 20 les
1205 3977 24 18 16

701 4004 21 16 et
734 4002 25 18 23
770 4007 62 16 mars,
843 4004 14 19 à
868 4002 25 18 20
905 4002 20 20 h.
938 4002 31 22 30,
981 4007 26 13 en
1017 4001 20 19 la
1050 4001 54 20 Salle
1117 4001 111 22 Baudouin,

703 4026 98 19 chaussée
819 4026 107 23 d'Anvers,
943 4027 14 19 à
975 4026 113 23 Bruxelles,
1106 4032 27 13 un
1152 4026 32 19 bal
1202 4032 27 13 au

703 4050 64 24 profit
783 4051 35 19 ât.5
835 4050 89 20 Enfants
940 4051 25 19 de
981 4050 98 20 Finlande
1094 4056 21 15 et
1131 4051 98 19 certaines

704 4081 79 14 oeuvres
803 4076 25 19 de
847 4075 145 20 bienfaisance.

1266 944 149 79 Rome
1434 948 45 75 et
1506 946 47 77 la
1582 960 177 79 guerre

1372 1067 56 19 (Suite
1441 1067 21 17 de
1475 1067 17 17 la
1504 1067 83 21 première
1599 1069 53 19 Paie)

1281 1095 64 21 Vues
1365 1095 14 22 à
1399 1095 91 26 longue
1511 1095 103 28 portée?
1633 1096 141 23 Fantaisies

1251 1123 187 29 chimériques?
1455 1125 68 22 Nous
1543 1131 31 17 ne
1593 1132 100 20 savons,
1710 1126 64 22 mais

1250 1159 28 16 ce
1300 1153 42 28 qui
1367 1152 36 24 est
1426 1155 98 21 certain
1546 1154 61 22 c'est
1629 1160 56 23 que,
1708 1161 65 22 pour

1250 1182 122 24 l'instant,
1397 1184 14 22 à
1436 1183 25 23 la
1486 1183 143 23 différence
1654 1185 32 22 de
1705 1184 69 23 1914.

1251 1218 98 17 aucune
1382 1212 160 25 nésociaHon
1577 1213 63 22 n'est
1671 1215 102 20 ouverte

1251 1243 71 21 entre
1335 1242 35 22 les
1384 1241 77 23 Allies
1474 1243 24 21 et
1512 1242 87 22 l'Italie
1614 1249 65 21 pour
1691 1243 72 22 l'ame-

1252 1276 46 17 ner
1316 1271 15 22 à
1349 1271 122 22 modifier
1490 1277 47 17 son
1557 1272 106 23 attitude
1682 1274 24 20 et
1726 1277 48 21 que

1252 1302 63 21 cette
1332 1300 106 23 attitude
1455 1307 31 16 ae
1503 1300 126 29 changera
1644 1307 46 21 pas
1707 1301 66 22 aussi

1251 1329 142 29 longtemps
1435 1336 47 22 qii2
1526 1331 44 21 des
1613 1330 160 23 événements

1249 1359 101 22 d'ordre
1363 1359 120 23 militaire
1497 1361 116 21 n'auront
1626 1366 45 22 pas
1684 1366 90 22 rompu

1251 1388 143 29 l'équilibre
1411 1389 81 22 actuel
1509 1389 45 23 des
1570 1389 85 24 forces
1671 1396 31 16 en
1720 1389 45 28 pré-

1251 1424 86 17 sence.

1285 1447 154 29 Cependant,
1454 1447 90 23 l'Italie
1560 1447 62 23 tient
1637 1447 14 23 à
1666 1447 110 30 pouvoir

1252 1483 105 16 exercer
1372 1483 47 17 son
1436 1475 128 26 influence
1580 1477 52 22 lors
1648 1477 34 23 du
1699 1477 68 27 règle-

1251 1509 69 21 ment
1335 1507 44 22 des
1395 1508 122 26 comptes.
1533 1506 33 23 Le
1580 1506 101 29 journal
1697 1507 31 22 de
1744 1506 30 22 M.

1251 1535 131 24 Mussolini
1402 1536 23 23 le
1445 1536 84 25 disait,
1549 1536 56 22 hier
1624 1542 100 20 encore,
1742 1542 32 16 en

1252 1565 108 28 réponse
1377 1565 13 23 à
1406 1572 49 16 une
1472 1566 134 21 interview
1622 1565 34 22 du
1673 1564 102 28 général

1251 1595 130 28 Pershing,
1396 1595 130 22 déclarant
1539 1601 49 22 que
1600 1595 51 22 l'on
1664 1594 68 23 avait
1743 1601 32 16 eu

1251 1626 49 21 tort
1314 1625 32 22 de
1359 1631 31 16 ne
1402 1630 47 22 pas
1462 1624 86 26 exiger
1560 1625 31 22 de
1605 1623 169 29 l'Allemagne,

1249 1660 30 16 en
1293 1654 68 25 191S,
1374 1660 48 16 une
1436 1653 165 29 capitulation
1615 1659 59 17 sans
1687 1653 76 23 condi-

1251 1684 75 22 tions,
1416 1691 17 20 s

1271 1724 29 4 —
1316 1713 166 23 L'Angleterre
1500 1714 24 18 et
1542 1713 24 19 la
1585 1714 97 20 France,
1701 1711 35 21 dit
1753 1712 22 19 le

1248 1739 86 23 PopoJo
1353 1739 93 18 d'italia
1465 1740 34 18 <n.
1518 1738 31 19 du
1567 1738 13 19 7
1598 1738 85 21 mars),
1702 1743 29 14 en
1750 1743 25 15 se

1247 1763 164 24 représentant
1429 1763 150 23 aujourd'hui
1599 1768 46 15 aux
1664 1766 113 16 examens

1247 1789 28 18 de
1294 1788 135 24 réparation
1448 1788 28 19 de
1494 1788 24 19 la
1535 1788 61 23 paix,
1615 1787 109 24 espèrent
1741 1788 34 18 les

1247 1818 81 18 passer
1345 1818 29 14 en
1392 1814 90 18 faisant
1499 1818 31 14 un
1547 1813 54 24 plus
1617 1812 76 24 grand
1711 1816 54 15 nom-

1246 1838 41 20 bre
1299 1839 29 19 de
1340 1839 85 18 fautes.
1438 1839 37 18 En
1488 1839 65 20 effet,
1566 1838 80 19 tandis
1658 1843 45 18 que
1716 1842 59 14 nous

1246 1864 80 21 disons
1341 1868 45 19 que
1400 1864 33 19 les
1447 1867 94 15 erreurs
1556 1863 28 19 de
1598 1862 127 20 Versailles
1740 1863 26 18 fu-

1246 1890 54 18 rent
1313 1889 54 23 trop
1382 1889 159 20 nombreuses,
1556 1888 57 19 elles
1628 1888 77 19 disent
1720 1887 55 23 qu'il

1245 1919 16 18 y
1277 1919 30 15 en
1324 1915 41 18 eut
1382 1915 53 22 trop
1452 1917 52 20 peu.
1522 1913 64 20 Elles
1602 1917 30 15 ne
1650 1913 124 23 passeront

1246 1943 50 19 pas.
1307 1938 103 22 L'Italie,
1426 1943 29 14 en
1471 1939 52 18 tout
1537 1942 47 18 cas,
1599 1942 54 15 sera
1668 1937 31 19 du
1713 1938 61 23 jury.

1283 1968 57 23 Cela
1355 1969 46 23 fait
1413 1968 15 23 à
1441 1968 24 22 la
1480 1968 49 23 fois
1543 1974 48 16 une
1606 1967 167 24 candidature

1249 1998 24 23 et
1289 2004 34 17 un
1340 2003 168 24 programme.

1334 2042 83 30 Vœux
1434 2046 125 33 augustes
1577 2041 32 31 de
1626 2042 62 37 paix

1281 2085 37 22 En
1332 2084 139 26 attendant,
1484 2084 23 22 le
1519 2083 91 30 peuple
1625 2083 86 23 italien
1725 2085 38 21 tra-

1249 2115 75 22 vaille
1348 2120 32 17 en
1404 2114 96 24 silence
1522 2117 24 20 et
1571 2114 119 22 demeure
1715 2119 47 23 pro-

1250 2144 149 23 fondément
1426 2143 101 23 attaché
1555 2143 15 23 à
1598 2142 24 23 la
1652 2142 69 29 paix.
1753 2142 18 22 II

1249 2175 109 27 compte,
1377 2179 65 23 pour
1468 2174 24 22 ia
1518 2178 145 21 conserver,
1688 2177 45 18 sur
1749 2171 24 23 le

1249 2210 57 16 sens
1327 2203 124 29 politique
1471 2205 25 20 et
1515 2203 23 22 lc
1558 2200 161 25 savoir-faire
1740 2201 31 23 de

1249 2234 30 22 M.
1297 2232 139 26 Mussolini,
1452 2232 19 23 il
1487 2233 101 27 compte
1604 2231 68 23 aussi
1688 2237 45 17 sur
1749 2230 23 22 la

1249 2263 125 28 vigilance
1390 2262 32 22 de
1436 2263 25 22 la
1477 2262 116 28 dynastie
1610 2261 62 22 dont
1687 2261 75 22 l'auto-

1250 2293 55 22 rité,
1318 2299 64 16 nous
1396 2292 96 22 l'avons
1506 2291 45 25 dit,
1566 2298 14 16 a
1594 2297 92 16 encore
1700 2296 62 23 gran-

1249 2323 26 22 di
1294 2322 91 28 depuis
1404 2323 23 22 le
1446 2321 76 23 début
1541 2321 32 22 de
1592 2321 64 21 cette
1675 2325 98 23 guerre,

1249 2352 19 22 il
1288 2354 100 27 compte
1416 2351 72 22 enfin
1517 2357 44 16 sur
1589 2350 23 22 le
1639 2350 68 28 Pape
1728 2349 41 29 qui

1247 2382 64 28 jouit
1330 2382 61 21 d'un
1409 2380 110 29 prestige
1539 2379 190 29 incomparable
1748 2381 24 20 ct

1250 2411 61 23 dont
1325 2410 37 23 les
1377 2410 202 27 enseignements
1594 2412 24 20 et
1633 2410 37 22 les
1683 2409 89 28 appels

1250 2441 117 22 trouvent
1382 2440 115 27 toujours
1512 2440 64 22 dans
1591 2438 36 23 les
1643 2438 120 23 conscien-

1249 2477 42 16 ces
1311 2469 184 24 foncièrement
1515 2468 159 29 catholiques
1693 2468 32 23 de
1744 2474 27 16 ce

1249 2506 63 22 pays
1336 2506 35 17 un
1396 2499 63 23 écho
1483 2497 235 30 particulièrement
1743 2498 18 22 fi-

1250 2530 63 23 dèle.

1279 2559 170 26 Assurément,
1463 2565 28 16 ce
1505 2564 48 23 que
1567 2564 63 17 nous
1644 2564 78 17 avons
1735 2557 37 23 dit

1249 2596 31 16 au
1298 2596 75 16 cours
1390 2589 31 23 de
1439 2590 65 21 cette
1522 2588 73 23 étude
1613 2595 14 15 a
1645 2587 95 29 permis
1758 2586 14 23 à

1250 2626 45 16 nos
1311 2620 109 21 lecteurs
1437 2619 32 22 de
1486 2618 168 28 comprendre
1672 2623 48 23 que
1736 2616 36 22 les

1249 2655 61 18 vues
1323 2646 32 25 dé
1368 2648 90 24 l'Italie
1473 2648 102 22 fasciste
1589 2654 44 15 sur
1645 2647 24 22 la
1683 2652 89 22 guerre

1246 2681 23 20 et
1281 2684 41 17 ses
1334 2677 215 30 préoccupations
1561 2678 78 28 quant
1651 2676 121 23 aux'con-

1249 2708 96 23 ditions
1360 2708 32 22 de
1406 2707 24 23 la
1447 2707 60 29 paix
1522 2708 83 21 future
1621 2713 31 16 ne
1668 2712 95 17 concor-

1249 2738 61 22 dent
1324 2744 46 23 pas
1386 2737 114 29 toujours
1515 2736 180 29 parfaitement
1711 2742 61 16 avec

1250 2767 76 23 celles
1347 2769 34 22 du
1400 2765 161 30 Saint-Siège.
1581 2765 20 24 Il
1621 2772 17 22 y
1657 2772 15 16 a
1691 2764 81 24 même

1250 2802 92 17 encore
1363 2796 97 29 parfois
1480 2796 46 22 des
1546 2795 165 28 divergences
1731 2800 31 16 en-

1249 2829 37 20 tre
1308 2826 36 22 les
1368 2826 65 22 deux
1456 2825 121 29 pouvoirs
1600 2832 31 16 au
1654 2825 64 28 sujet
1740 2824 31 22 de

1248 2856 128 24 certaines
1408 2855 131 29 questions
1574 2854 102 23 d'ordre
1710 2852 53 24 inté-

1249 2886 77 22 rieur.
1359 2885 156 29 Cependant,
1550 2884 32 23 ils
1617 2884 156 25 demeurent,

1250 2913 236 28 lUfns'Vensenible,
1504 2914 59 22 unis
1582 2920 48 24 par
1647 2914 46 22 des
1712 2913 52 23 rela-

1249 2945 67 23 tions
1333 2944 52 24 très
1401 2944 127 23 cordiales
1544 2945 25 22 et
1585 2943 113 24 celles-ci
1715 2949 47 24 peu-

1250 2977 66 25 vent,
1330 2975 16 23 à
1361 2975 45 22 des
1422 2975 125 22 moments
1561 2974 115 26 décisifs,
1691 2972 71 24 facili-

1249 3006 39 22 ter
1305 3011 51 17 une
1374 3004 188 26 collaboration
1581 3003 108 24 féconde
1708 3009 65 23 pour

1249 3041 111 20 amener,
1376 3041 98 16 comme
1490 3034 24 22 le
1532 3034 76 22 disait
1625 3033 138 23 solennelle-

1249 3065 69 23 ment
1337 3064 44 23 Pie
1399 3063 53 26 XII,
1469 3063 25 24 le
1513 3064 30 22 28
1563 3063 134 24 décembre
1717 3063 46 22 der-

1249 3095 64 25 nier,
1329 3094 52 22 lors
1398 3094 32 22 de
1446 3100 29 16 sa
1491 3093 74 23 visite
1582 3092 142 29 historique
1741 3098 31 16 au

1250 3123 124 28 QuirinaJ,
1393 3130 13 14 <
1424 3123 36 23 les
1479 3122 106 30 peuples
1604 3122 52 29 qui,
1674 3122 90 28 aujour-

1249 3153 79 27 d'hui,
1355 3159 99 17 comme
1481 3153 44 22 des
1553 3152 82 23 frères
1661 3152 112 22 devenus

1249 3183 123 26 ennemis,
1385 3189 28 16 se
1428 3182 155 23 combattent
1597 3183 14 22 à
1625 3183 97 21 travers
1737 3181 36 22 les

1249 3214 88 25 terres,
1356 3212 38 22 les
1414 3212 75 23 cieux
1509 3213 25 21 et
1554 3212 36 22 les
1611 3217 76 20 mers,
1706 3211 15 23 à
1741 3211 32 21 de

1250 3242 96 23 futures
1362 3243 122 24 ententes,
1499 3240 142 30 lesquelles,
1656 3247 47 22 par
1718 3240 56 22 leur

1250 3274 110 21 contenu
1383 3274 24 20 et
1431 3278 47 22 par
1501 3271 55 22 leur
1579 3270 88 29 esprit,
1690 3270 82 23 soient

1249 3307 49 17 une
1316 3307 129 24 promesse
1463 3299 58 24 sûre
1539 3300 61 23 d'un
1618 3300 76 22 ordre
1713 3305 50 17 nou-

1248 3337 63 17 veau
1324 3330 135 29 tranquille
1472 3332 24 22 et
1509 3330 114 24 durable,
1635 3330 76 22 ordre
1725 3335 47 23 que

1250 3361 50 22 l'on
1347 3360 161 23 chercherait
1552 3360 145 22 vainement
1740 3364 32 16 en

1250 3390 94 23 dehors
1361 3391 46 21 des
1425 3389 70 23 voies
1514 3389 99 28 royales
1632 3389 31 22 de
1683 3389 23 22 la
1724 3388 40 28 jus-

1249 3420 51 22 tice
1313 3422 25 20 et
1351 3420 32 22 de
1397 3419 22 22 la
1434 3418 98 23 charité
1546 3418 157 23 chrétienne.
1716 3426 12 14 »

1281 3449 47 23 Les
1356 3448 104 30 peuples
1488 3450 102 21 neutres
1616 3449 45 21 ont
1688 3446 86 24 ratifié

1251 3477 106 24 aussitôt
1379 3485 28 16 ce
1429 3484 58 16 vœu
1509 3477 102 23 adressé
1633 3484 28 16 ce
1682 3476 92 29 jour-là

1250 3515 48 22 par
1309 3508 23 22 le
1345 3508 101 22 Pontife
1459 3507 99 23 romain
1572 3507 13 23 à
1599 3514 12 13 «
1623 3506 89 23 l'Italie
1726 3512 47 22 que

1250 3539 24 21 la
1294 3538 60 29 paix
1373 3537 170 28 sauvegardée
1564 3543 47 21 par
1631 3536 23 23 la
1674 3541 99 23 sagesse

1251 3569 31 22 de
1296 3572 40 17 ses
1348 3567 171 29 gouvernants
1532 3565 45 23 fait
1591 3566 104 28 grande,
1709 3566 65 21 forte

1251 3601 24 19 et
1291 3596 130 29 respectée
1436 3596 92 22 devant
1543 3595 23 23 le
1582 3595 93 23 monde
1690 3602 21 16 >.
1726 3594 49 23 Nul

1249 3632 31 16 ne
1291 3626 87 23 suivra
1390 3632 60 16 avec
1462 3631 49 17 une
1524 3624 56 29 plus
1592 3624 105 23 ardente
1709 3630 54 22 sym-

1251 3656 86 28 pathie
1355 3655 37 23 les
1410 3655 91 22 efforts
1518 3654 42 29 qui
1580 3655 124 28 pourront
1722 3653 52 22 être

1251 3685 81 23 tentés
1347 3685 14 22 à
1377 3685 39 22 cet
1431 3684 61 23 effet
1507 3690 43 16 sur
1565 3684 67 22 l'une
1647 3685 24 20 et
1686 3683 88 23 l'autre

1252 3715 54 23 rive
1320 3715 33 22 du
1365 3714 85 22 Tibre.

1710 3740 42 20 ST.

1475 3767 71 21 »•»

1282 3797 36 31 La
1332 3796 127 37 chaloupe
1475 3806 17 21 u
1506 3795 151 37 Zeebrugge
1671 3796 35 29 47
1723 3806 17 18 »

1288 3840 101 30 a-t-elle
1407 3840 77 30 sauté
1500 3849 44 20 sur
1562 3849 50 19 une
1629 3839 69 29 mine
1719 3836 18 32 ?

853 4127 33 19 Le
905 4131 114 15 concours
1039 4127 31 19 du
1089 4127 67 20 bœuf
1174 4131 56 19 gros

730 4153 58 19 Voici
802 4152 19 20 le
835 4158 126 18 programme
974 4153 25 19 de
1012 4153 19 19 la
1044 4153 85 23 journée
1143 4153 27 19 du
1183 4159 38 13 con-

705 4183 59 14 cours
788 4178 73 18 annuel
885 4178 25 19 de
923 4178 72 24 J>ctail
1018 4178 25 19 de
1065 4178 107 19 boucherie
1195 4178 34 22 qui

704 4208 50 13 r.ura
769 4203 40 19 lieu
824 4208 41 14 aux
880 4203 104 19 Abattoirs
998 4206 21 16 et
1034 4202 83 20 Marché
1131 4203 20 18 d'
1152 4202 69 19 Ander-

704 4227 59 23 lecht,
779 4227 18 20 le
813 4227 105 20 dimanche
935 4228 24 18 17
975 4232 63 14 mars:

730 4252 20 19 A
765 4253 13 18 9
793 4252 20 19 h.
829 4253 25 18 30
876 4258 6 13 :
898 4258 26 13 au
938 4253 64 22 préau
1019 4252 24 20 de
1058 4252 69 20 l'école
1142 4258 79 13 commu-

704 4277 53 22 nale,
769 4282 37 14 rue
817 4277 194 22 Kopsy-Chaudron,
1023 4277 72 19 remise
1107 4277 36 19 des
1155 4282 6 13 :
1166 4276 64 19 écom-

705 4307 72 18 penses
791 4301 107 20 décernées
913 4307 37 17 par
965 4302 20 18 la
1000 4301 129 20 commission
1144 4300 86 21 spéciale

706 4332 51 17 pour
775 4326 152 20 l'amélioration
946 4326 24 20 de
987 4327 22 18 la
1027 4326 106 23 dépouille.

731 4350 19 19 A
765 4352 22 18 11
801 4351 21 20 h.
840 4357 6 13 :
859 4351 152 19 manifestation
1024 4352 50 19 dans
1087 4351 18 19 le
1117 4352 75 18 bur*au
1206 4351 24 19 de

706 4375 97 20 l'cdievin
826 4376 24 19 de
872 4376 19 19 la
913 4375 70 24 Régie,
1004 4375 13 20 à
1038 4376 106 19 l'occasion
1166 4376 25 19 de
1212 4376 19 19 la

706 4401 73 19 remise
802 4400 34 20 des
860 4400 139 24 récompenses
1028 4400 87 20 offertes
1144 4406 38 17 par
1211 4401 20 18 la

707 4425 79 20 Société
806 4428 69 17 contre
894 4426 20 18 la
933 4425 90 20 Cruauté
1041 4431 73 14 envers
1133 4426 29 19 les
1181 4426 41 18 Ani-

705 4456 63 13 maux
784 4455 42 14 aux
841 4450 83 19 maîtres
926 4450 80 19 -abattu
1008 4456 27 15 rs,
1050 4450 102 20 bouviers,
1167 4454 39 15 eu.

731 4475 57 19 Cette
798 4474 113 20 cérémonie
916 4474 50 20 "sera
976 4475 92 23 présidée
1079 4481 36 17 par
1126 4474 30 22 If.
1166 4475 66 22 Josée,

707 4499 176 23 écheviu-cfe'lêgué
901 4499 102 24 président
1020 4500 25 20 de
1061 4500 20 19 la
1098 4499 133 21 Commission

707 4524 152 22 organisatrice.

733 4549 20 19 A
770 4550 22 18 11
809 4549 21 20 h.
846 4550 26 18 30
893 4555 6 14 :
917 4555 46 14 sous
979 4550 19 19 le
1013 4549 65 23 grand
1094 4549 48 20 hall,
1158 4549 64 19 consti-

707 4574 66 19 tution
795 4574 35 19 des
852 4575 99 19 membres
974 4574 26 19 du
1022 4575 55 22 jury,
1099 4574 84 20 élection
1205 4574 26 19 du

708 4598 101 23 président
825 4602 22 16 et
864 4598 110 21 formation
990 4599 36 20 d;»
1042 4599 95 21 sections.

733 4624 20 19 A
769 4624 24 18 12
808 4623 20 20 h.
848 4627 7 16 i
871 4623 66 20 Visite
951 4624 36 20 d:s
1002 4624 134 19 installations
1151 4630 37 17 par
1202 4624 29 20 les

707 4648 105 20 autorités.
825 4648 34 19 Au
873 4654 59 13 cuirs
946 4649 24 19 de
984 4652 51 17 cette
1049 4649 65 20 visite,
1128 4649 29 19 les
1171 4655 50 14 mem-

706 4673 47 19 bres
774 4673 34 19 des
830 4673 111 20 différents
961 4674 58 22 jurys
1040 4673 130 24 procéderont
1191 4680 40 13 aux

707 4698 116 23 opérations
840 4698 26 19 du
884 4703 105 15 concours.

733 4724 21 19 A
774 4724 24 18 13
816 4723 21 20 h.
856 4724 25 18 30
905 4729 6 13 :
932 4723 175 20 Immédiatement
1125 4723 60 23 après
1203 4724 29 19 les

707 4748 116 22 opérations
839 4747 35 20 des
889 4748 58 22 jurys
968 4753 6 14 :
991 4748 143 22 proclamation
1151 4748 34 20 des
1202 4749 22 18 ré-

712 4773 72 19 sultats
809 4773 27 19 du
860 4778 99 14 concours
982 4777 21 15 et
1028 4773 73 19 remise
1125 4773 35 19 des
1185 4773 47 23 prix

708 4797 122 20 d'honneur.'

734 4823 20 19 A
769 4823 24 18 14
806 4822 21 21 b.
841 4823 26 18 30
884 4831 6 14 ;
906 4828 26 13 au
946 4827 63 19 pft-aa
1024 4822 24 20 de
1062 4823 69 19 l'école
1145 4828 78 14 commu-

708 4847 52 22 nale,
780 4853 37 13 rue
837 4847 77 23 Ropsy-
916 4847 113 23 Chaudron,
1050 4847 98 23 dijeun^r
1168 4847 64 20 offert

707 4878 44 14 aux
767 4872 99 19 membres
883 4872 36 20 des
936 4877 65 18 ,'r.rys.

971 4924 65 19 Four
1053 4923 35 20 les
1107 4923 127 24 déposants

917 4948 31 21 du
968 4954 13 13 «
988 4948 81 20 Crédit
1088 4949 126 19 Anversois
1222 4954 12 14 >

735 4974 29 20 Le
781 4973 135 24 Groupement
933 4974 98 20 National
1048 4974 25 20 de
1091 4974 90 20 Défense
1199 4974 34 19 des

709 4998 88 21 Intérêts
810 4999 36 19 des
861 4999 115 22 Déposants
990 4999 27 19 du
1032 4998 70 20 Crédit
1116 4999 117 21 Anversois,

708 5029 23 14 se
749 5023 91 20 référant
857 5024 14 19 à
888 5029 40 14 une
944 5023 171 24 correspondance
1133 5024 101 23 échangée

709 5054 50 14 avec
771 5048 98 20 l'Institut
881 5048 25 20 de
917 5049 132 24 Réescompte
1060 5052 20 17 et
1093 5049 24 19 de
1129 5049 104 22 Garantie,

710 5073 88 23 rappelle
815 5075 13 19 à
845 5079 33 14 ses
896 5074 98 19 membres
1012 5080 39 17 que
1067 5074 21 19 la
1106 5074 47 19 date
1170 5074 64 20 limite

710 5104 51 17 pour
783 5097 113 21 bénéficier
917 5098 25 21 de
964 5098 149 20 l'intervention
1135 5099 26 19 de
1182 5102 52 17 cette

709 5122 94 21 dernière
817 5122 115 21 institution
948 5126 53 17 reste
1016 5123 57 20 fixée
1087 5129 27 14 au
1131 5124 24 19 31
1171 5129 62 14 mars.

736 5148 19 20 Il
773 5147 65 21 invite
855 5154 27 14 en
900 5150 60 18 outre
978 5149 30 19 les
1026 5148 100 20 membres
1145 5149 35 23 qui
1197 5150 37 18 ont

708 5173 67 20 donné
789 5173 130 24 procuration
934 5179 27 14 au
977 5176 130 20 groupement
1123 5176 13 19 à
1151 5179 23 14 se
1189 5173 36 23 pré-

709 5202 68 17 senter
798 5197 180 25 personnellement
1000 5204 27 13 au
1048 5198 120 20 secrétariat
1190 5204 45 17 pei-

707 5226 84 18 enanent
805 5224 28 19 du
848 5226 137 21 groupement,
1001 5223 32 23 25,
1048 5223 98 20 chaussée
1161 5223 73 20 d'Ixel-

709 5250 34 20 les,
761 5255 43 14 aux
822 5248 44 20 fins
883 5248 138 20 d'annulation
1039 5248 36 19 des
1093 5247 52 21 dites
1163 5253 62 18 procu-

708 5274 84 23 rations,
807 5276 21 18 et
844 5273 113 24 également
972 5278 52 19 pour
1039 5273 90 20 recevoir
1144 5273 25 20 de
1185 5279 39 14 nou-

707 5299 63 21 velles
790 5298 139 21 instructions.

1263 3903 46 20 (De
1326 3903 68 19 notre
1411 3903 185 22 correspondant
1614 3900 147 25 particulier)

1534 3927 97 23 Bruges,
1643 3927 26 18 12
1680 3930 71 15 mars.

1269 3954 77 19 Mardi
1358 3951 144 25 après-midi,
1513 3953 21 18 le
1547 3951 117 20 chalutier
1674 3951 20 19 B
1705 3951 26 19 36
1741 3952 37 17 est

1250 3977 78 20 rentré
1346 3983 34 14 au
1399 3978 53 22 port
1472 3978 28 19 de
1520 3975 204 24 Blankenberghe,
1744 3979 24 15 re-

1248 4003 126 23 morquant
1398 4003 22 18 le
1444 4002 71 19 canot
1539 4002 29 18 de
1593 4002 128 22 sauvetage
1746 4000 32 19 du

1246 4033 9 16 5
1265 4027 135 24 Zeebrugge
1410 4027 26 19 47
1447 4032 11 12 »
1469 4026 55 24 qu'il
1535 4025 72 23 avait,
1617 4029 91 15 comme
1719 4029 59 16 noua

1251 4053 88 18 l'avons
1357 4053 115 21 annonce,
1492 4051 104 20 recueilli
1616 4054 30 16 en
1664 4054 58 16 mer.
1741 4051 37 18 On

1252 4077 78 19 craint
1344 4081 45 19 que
1406 4078 21 18 le
1442 4076 18 19 Z
1475 4077 26 18 47
1516 4077 40 23 qui
1571 4076 60 24 /i.iit
1647 4074 61 26 parti
1724 4075 16 21 à
1754 4075 23 19 la

1252 4102 72 22 pêche
1342 4102 16 18 il
1375 4107 16 18 y
1409 4105 15 15 a
1440 4102 53 18 huit
1509 4102 73 22 Jours,
1600 4102 35 18 ait
1651 4101 69 19 sauté
1737 4105 41 14 sur

1251 4130 45 15 une
1309 4126 70 22 mine.

1278 4151 31 19 Le
1327 4152 87 18 bateau
1431 4151 151 22 appartenait
1598 4151 17 20 à
1632 4151 144 19 l'armement

1252 4175 84 23 Debra,
1357 4176 28 19 de
1404 4176 135 23 Zeebrugge
1559 4177 25 17 et
1604 4175 129 25 l'équipage
1753 4180 25 14 se

1250 4201 130 22 composait
1393 4200 31 19 du
1438 4202 85 22 patron
1537 4200 97 20 Camille
1647 4201 131 22 Vlietynck,

1251 4225 25 19 42
1293 4230 51 18 uns,
1363 4226 27 18 de
1408 4225 83 23 Heysit,
1508 4226 31 18 du
1557 4225 122 20 motoriste
1697 4226 81 19 Pierre

1253 4250 106 21 Vroome,
1377 4250 26 18 20
1423 4254 50 17 ans,
1493 4250 28 19 de
1540 4250 134 24 Zeebrugge
1694 4252 24 17 et
1738 4251 40 18 des

1253 4275 108 20 "latslots
1379 4274 63 19 Lécn
1460 4275 71 23 Boey,
1549 4276 26 18 28
1592 4279 50 18 ans,
1661 4275 24 19 et
1702 4275 75 20 Guide

1246 4299 11 18 <
1271 4297 109 26 mmyzèr,
1390 4300 26 18 36
1427 4303 50 16 ans.
1488 4303 52 16 tous
1552 4301 60 19 deux
1623 4301 27 18 de
1661 4300 82 24 Heyst.

1279 4324 32 18 Le
1326 4325 84 22 patron
1426 4325 31 18 du
1473 4324 20 18 B
1508 4325 25 18 38
1549 4329 14 14 a
1578 4324 37 19 été
1631 4325 118 23 interrogé
1764 4324 15 20 à

1249 4352 43 17 sen
1305 4347 91 21 arrivée
1409 4352 45 20 par
1466 4349 31 21 U,
1509 4348 114 22 Witrock,
1634 4350 145 18 commlssai-

1258 4377 13 15 e
1282 4372 117 20 maritime
1411 4373 15 20 k
1436 4373 203 24 Blankenberghe.
1650 4375 49 19 Peu
1710 4376 69 21 aprèE

1254 4398 21 18 le
1290 4398 20 18 B
1325 4398 27 18 20
1367 4398 36 18 est
1418 4398 78 19 arrivé
1512 4402 30 15 eu
1559 4400 75 17 même
1650 4400 60 21 pont,
1725 4403 44 18 por-

1252 4422 53 18 tant
1322 4427 33 14 un
1374 4426 110 15 morceau
1503 4422 95 25 d'épave
1629 4427 43 16 sur
1703 4425 75 22 lequel

1252 4447 78 18 etaien
1344 4446 102 23 tpelntes
1460 4449 34 18 les
1508 4448 108 21 couleurs
1630 4444 78 27 fcelges
1723 4453 56 16 ave:

1252 4472 23 18 la
1288 4471 104 19 mention
1405 4472 103 19 Ostende
1521 4473 44 18 141.
1578 4473 37 19 On
1627 4477 25 14 se
1666 4474 114 18 demande

1252 4495 37 20 s'il
1306 4496 70 23 s'agit
1392 4498 29 19 Ici
1438 4501 84 14 enecre
1539 4497 54 19 d'un
1611 4497 115 23 naufragé
1743 4502 28 15 ar-

1253 4520 48 20 rivé
1317 4521 59 19 dans
1392 4521 33 18 las
1439 4526 90 17 memes
1545 4524 180 20 circonstances.

826 5352 34 20 Le
874 5353 152 20 mouvement
1041 5350 29 21 de
1085 5351 73 19 l'Etat
1173 5350 60 21 Civil

732 5378 30 21 Le
786 5377 92 20 ministre
901 5377 36 19 des
960 5376 96 20 Affaires
1081 5376 151 24 Economiques.

705 5404 38 20 des
760 5403 89 21 Classes.
858 5402 112 23 Moyennes
986 5405 22 17 et
1024 5402 28 19 du
1069 5401 163 20 RasritatHernent

704 5428 154 24 communique:

733 5460 13 15 <
759 5454 84 20 Durant
853 5453 21 21 le
884 5452 53 21 mois
944 5452 30 21 de
984 5452 106 21 décembre
1103 5451 58 26 1939,
1173 5452 59 20 9.572

1483 4544 71 23 »•♦

1274 4571 39 31 LE
1329 4571 65 31 BAL
1410 4572 44 31 DE
1470 4572 43 31 LA
1530 4584 18 19 «
1565 4572 156 33 GRENADE
1737 4585 18 19 »

1281 4635 38 19 En
1331 4636 25 19 la
1368 4636 58 20 salle
1440 4637 27 19 de
1481 4637 23 19 la
1518 4636 130 20 Madeleine
1662 4641 16 15 a
1690 4642 28 15 eu
1731 4637 46 19 Heu

1255 4660 21 19 le
1288 4660 40 19 bal
1340 4660 155 20 traditionnel
1506 4661 29 22 de
1548 4661 23 20 la
1583 4660 115 22 Grenade.
1711 4661 67 21 Cette

1255 4683 81 24 année,
1351 4685 90 19 celui-ci
1455 4690 27 15 se
1498 4685 97 21 dcnnalt
1610 4690 29 15 en
1652 4686 118 19 collabora-

1256 4709 49 19 tion
1341 4713 58 16 avec
1428 4708 104 20 l'Œuvre
1561 4710 58 18 d'En
1622 4711 81 18 n'aide
1732 4715 47 15 aux

1255 4733 119 20 mobilisés
1402 4734 42 19 des
1471 4733 130 25 régiments
1628 4735 42 20 des
1691 4735 79 20 Grena-

1256 4758 69 22 diers,
1346 4763 31 15 au
1396 4759 75 23 profit
1497 4759 29 19 de
1552 4759 64 20 leurs
1641 4760 89 21 caieses
1750 4761 28 19 de

1255 4787 101 18 secours,
1371 4787 39 15 ces
1425 4783 60 19 deux
1498 4788 93 16 œuvres
1604 4783 68 21 étant,
1685 4784 93 20 réunies

1255 4811 56 15 sous
1330 4807 91 20 l'active
1443 4807 135 24 présidence
1596 4808 29 21 de
1644 4808 32 20 M.
1694 4809 82 24 Peper-

1256 4836 73 15 mp.ns.

1281 4856 79 19 Avant
1372 4856 23 20 le
1408 4856 46 22 bal,
1467 4856 25 20 la
1505 4857 108 23 muclque
1628 4857 31 20 du
1673 4857 23 19 l*
1697 4859 9 10 r
1720 4857 50 25 régi-

1256 4882 65 19 ment
1341 4881 42 19 des
1402 4880 143 21 Grenadiers
1564 4886 26 16 se
1610 4882 30 20 fit
1659 4883 120 22 entendre,

1255 4910 55 15 sous
1325 4905 24 19 la
1363 4906 115 19 direction
1491 4906 32 19 du
1538 4906 117 25 capitaine
1671 4907 35 21 De
1722 4908 57 20 Ceu-

1254 4929 81 22 ninck;
1350 4930 25 19 la
1387 4929 81 25 Clique
1481 4930 33 20 du
1527 4926 122 28 régiment,
1662 4937 31 14 en
1705 4933 71 19 tenue

1255 4953 28 20 de
1303 4953 60 23 1914,
1390 4954 31 19 fit
1448 4959 46 15 une
1523 4955 185 21 démonstration
1738 4958 40 22 qui

1256 4981 88 19 connut
1363 4984 33 14 un
1416 4980 62 19 beau
1504 4979 88 21 succès.
1619 4981 88 19 Marcel
1733 4982 37 19 An-

1255 5003 71 23 toine,
1347 5003 64 20 Alice
1433 5004 69 20 Meva
1523 5007 24 18 et
1567 5006 23 19 le
1610 5005 71 24 jeune
1702 5006 69 20 Imita-

1255 5029 55 18 teur
1330 5027 95 24 Preddy
1446 5028 116 24 Northon,
1592 5030 40 23 qui
1661 5029 117 25 prêtaient

1254 5053 52 19 leur
1322 5057 115 15 concours
1454 5053 162 24 désintéressé,
1633 5055 82 21 furent
1728 5055 50 20 trèB

1255 5077 131 24 applaudis.

1280 5101 58 21 Miss
1355 5101 109 22 Grenade
1480 5103 38 20 fut
1534 5102 62 22 élue.
1601 5108 45 19 par
1660 5104 22 21 le
1699 5105 78 24 public

1255 5126 40 23 qui
1310 5128 41 19 eut
1364 5126 55 20 bien
1432 5127 32 19 du
1477 5128 48 19 mal
1539 5127 16 20 à
1569 5128 63 20 fixer
1645 5133 44 15 son
1703 5130 75 22 choix,

1255 5152 54 19 tant
1320 5151 25 20 la
1356 5151 85 20 beauté
1454 5153 25 19 et
1491 5151 125 25 l'élégance
1630 5153 41 20 des
1683 5158 89 16 concur-

1255 5176 81 21 rentes
1354 5175 90 21 étaient
1463 5176 109 24 grandes.

1280 5199 38 21 En
1334 5199 100 23 résumé,
1450 5200 110 25 agréable
1574 5201 76 22 soirée
1666 5203 40 23 qui
1723 5203 47 20 lais-

1256 5229 55 16 sera
1328 5229 34 15 un
1379 5225 62 20 heau
1460 5225 106 22 bénéfice
1585 5228 146 23 permettant
1750 5229 29 20 de

1256 5249 111 24 soulager
1383 5250 35 21 les
1437 5250 80 23 foyers
1536 5250 120 25 éprouvés.

1279 5273 82 20 Parmi
1375 5274 153 23 l'assistance,
1543 5281 31 14 on
1589 5278 147 23 remarquait
1749 5278 28 19 de

1257 5299 154 19 nombreuses
1439 5300 173 23 personnalités
1641 5302 83 20 civiles
1754 5304 24 18 et

1255 5324 130 19 militaires.

1480 5346 79 22 ♦M.

1399 5368 233 32 PROPAGEZ

1254 5418 50 45 la
1339 5438 24 20 «
1383 5418 177 45 Nation
1592 5419 145 57 Belge

2938 180 411 85 FAITS
3404 178 503 91 DIVERS
3958 190 21 65 »

1821 455 34 21 Le
1872 454 46 20 Roi
1936 460 16 14 a
1969 453 69 22 visité
2054 454 78 19 mardi
2151 452 135 24 après-midi
2305 448 123 29 lauriers,
2445 448 65 19 toute
2525 447 24 19 la
2564 451 94 19 gamme
2675 446 41 19 des
2731 446 143 19 chaussures

1797 479 69 21 Foire
1887 479 184 19 internationale
2092 479 29 18 de
2144 478 120 19 Bruxelles
2288 483 38 16 qui

1796 509 15 14 a
1830 509 78 15 connu
1927 503 16 20 à
1962 504 61 19 cette
2044 503 109 20 occasion
2173 508 45 15 une
2239 502 80 20 anima-

1796 529 50 19 tion
1865 528 125 20 redoublée
2008 530 25 17 et
2050 529 40 21 qui
2106 532 19 15 a
2142 532 31 15 vu
2192 528 89 19 affluer
2299 527 28 19 de

1796 554 24 18 la
1838 553 101 22 capitale
1958 555 24 17 et
2000 552 29 19 de
2047 552 24 19 la
2089 552 110 22 province
2218 552 41 18 des
2278 551 40 19 mil-

1797 577 56 19 liers
1873 577 29 19 de
1923 582 135 16 personnes.

1822 602 68 19 Venu
1909 606 29 15 en
1956 602 92 19 voiture
2066 601 29 20 de
2113 600 101 21 Laeken.
2233 601 21 19 le
2273 600 46 19 Sou-

1798 626 87 21 verain,
1901 630 30 15 en
1947 626 122 19 l'honneur
2084 626 85 21 duquel
2187 626 32 19 les
2236 624 92 20 bassins

1797 651 95 19 avaient
1911 649 37 20 été
1967 649 70 22 parés
2056 650 67 19 d'eau
2142 648 98 22 fraîche,
2258 656 16 13 u.
2291 648 37 20 été

1798 675 79 22 l'objet
1898 675 105 21 pendant
2023 676 66 18 toute
2111 674 23 19 la
2155 673 120 20 traversée
2297 673 31 19 du

1798 703 57 17 parc
1867 699 33 19 du
1914 699 87 25 Hfysel
2015 699 29 20 de
2059 699 141 21 chaleureux
2214 698 77 19 vivats
2305 699 23 17 et

1797 728 27 15 ce
1838 724 38 18 fut
1889 723 149 22 aujourd'hui
2052 723 131 19 seulement
2196 726 45 18 que
2255 721 74 23 régna

1798 747 29 20 ici
1845 752 33 14 un
1896 748 55 21 jour
1967 747 197 23 d'inauguration.

2347 477 29 15 en
2394 473 144 18 caoutchouc
2557 476 44 18 que
2619 472 45 18 l'on
2681 473 66 21 porte
2765 470 98 19 actuelle

2347 500 73 19 ment;
2434 497 55 23 qu'il
2501 497 96 23 s'agisse
2609 497 28 19 de
2650 496 117 24 galoches,
2779 496 28 19 de
2819 499 44 15 ran

2348 522 70 21 dales,
2433 522 29 19 de
2479 522 83 22 bottes,
2578 522 28 20 de
2622 522 142 18 chaussures
2781 520 28 19 de
2825 519 38 19 Dla

2348 552 28 17 gc
2390 552 29 14 ou
2434 546 125 20 d'enfants,
2575 551 29 14 on
2620 549 56 20 peut
2692 546 50 18 voir
2757 550 31 14 au
2803 544 70 20 stand

2348 578 10 11 u.
2374 571 86 19 SACIC
2476 577 11 11 r*
2504 576 45 15 une
2565 571 122 19 collection
2704 570 122 23 complète.
2841 569 31 18 Ce

2348 595 38 25 qui
2409 596 111 19 rehausse
2549 595 102 19 l'intérêt
2685 600 44 18 que
2764 594 109 24 présente

2348 623 62 17 cotte
2430 621 137 23 exposition,
2586 619 57 21 c'est
2662 625 44 18 que
2725 619 46 20 l'on
2789 619 85 19 assista

2348 646 14 19 à
2381 646 24 19 la
2425 646 48 19 fabi
2477 646 77 18 cation
2585 644 70 20 réelle
2688 645 29 18 de
2743 645 76 19 bottes
2844 648 28 16 eu

2350 670 150 20 caoutchouc.
2520 671 21 18 A
2560 671 62 18 cette
2643 670 42 20 fin,
2706 674 29 14 en
2754 669 66 22 effet,
2841 668 34 19 les

2349 696 121 19 machines
2492 696 23 19 et
2537 695 20 19 le
2587 694 124 24 personnel
2745 693 129 25 spécialisé,

2349 722 40 17 ont
2402 719 37 20 été
2455 719 105 20 installés
2573 724 60 18 pour
2646 720 66 19 toute
2725 718 24 19 la
2762 718 72 19 durée
2846 719 28 18 do

2348 745 24 19 la
2384 744 27 20 F.
2424 744 18 19 I.
2455 744 27 20 B.
2495 743 102 22 N'est-ce
2611 749 43 19 pas
2668 744 23 19 la
2705 743 120 19 meilleure
2840 743 34 18 fa-

1981 1647 37 23 Le
2035 1646 137 24 Souverain
2190 1653 31 16 en
2238 1646 180 25 conversation
2431 1654 60 17 avec
2503 1655 36 16 un
2552 1650 131 27 exposant.

1826 1702 21 19 A
1867 1701 96 20 l'entrée
1984 1702 31 18 du
2036 1700 92 20 cinéma
2149 1699 182 22 documentaire,

1802 1727 20 18 le
1839 1726 44 19 Roi
1900 1731 15 14 a
1931 1725 37 20 été
1984 1726 107 19 accueilli
2107 1731 44 16 par
2166 1725 30 19 M.
2213 1725 117 21 Matagno,

1801 1750 107 20 ministre
1929 1751 42 18 des
1992 1750 110 20 Travaux
2123 1749 101 21 Publics,
2245 1754 44 17 par
2310 1748 21 20 le

1801 1775 162 21 bourgmestre
1983 1775 52 19 Van
2055 1775 28 20 de
2104 1773 170 22 Meulebroeck,
2294 1773 28 20 l'é-

1801 1800 84 19 chevin
1901 1799 79 19 Coelst
2001 1797 22 23 le
2040 1799 117 19 directeur
2172 1799 29 19 de
2218 1800 22 18 la
2257 1798 74 21 Foire,

1799 1824 31 20 M.
1850 1824 42 19 Ch.
1911 1823 88 20 Fonck.
2017 1823 23 19 A
2058 1827 39 15 ces
2116 1821 171 24 personnalités
2306 1827 25 13 se

1799 1851 55 18 sont
1872 1848 80 22 joints,
1971 1846 69 24 après
2059 1853 45 15 une
2123 1846 71 20 brève
2213 1846 110 23 présenta-

1802 1873 49 20 tion
1879 1873 61 18 dans
1968 1873 21 18 le
2016 1872 67 19 salon
2110 1872 136 19 d'honneur.
2274 1870 56 19 MM.

1799 1897 112 25 l'éche\in
1934 1897 90 20 Svrolfs.
2060 1897 96 21 Buysse,
2191 1895 83 22 Ludig,
2309 1896 21 18 le

1798 1923 77 19 comte
1893 1921 179 21 d'Oultremont,
2088 1921 92 21 Ectors,
2198 1919 131 21 Bastenier,

1800 1946 52 20 Van
1869 1945 90 19 NuffeL

1825 1970 37 20 Un
1878 1969 94 22 cortè-se
1990 1970 56 19 s'est
2063 1969 75 20 formé
2155 1969 15 20 à
2187 1970 92 18 travers
2296 1969 34 20 Ira

1798 1994 104 20 diverses
1915 1995 109 18 sections.
2039 1994 35 19 De
2087 1994 153 20 continuelles
2254 1994 66 19 accla-

1799 2019 102 19 mations
1927 2021 42 17 ont
1994 2017 158 24 accompagné
2178 2019 24 18 et
2228 2023 43 17 pas
2297 2023 31 14 uii

1798 2044 90 20 Instant
1908 2043 25 19 la
1952 2043 64 21 foule
2028 2043 49 20 .des
2097 2043 126 22 «posants
2244 2045 24 17 et
2287 2043 42 18 des

1798 2068 110 19 visiteurs
1923 2068 39 19 n'a
1978 2067 104 20 détendu
2097 2072 33 14 un
2147 2067 182 21 enthousiasme,

1798 2093 79 18 tandis
1892 2097 45 17 que
1952 2093 23 18 la
1990 2093 80 21 police,
2085 2097 55 14 sous
2155 2092 34 19 les
2204 2091 81 20 ordres
2299 2091 30 20 dt»

1799 2117 29 18 M.
1848 2117 82 21 Boute,
1950 2122 16 14 a
1985 2115 99 23 endigué
2104 2115 184 20 courtoisement
2308 2116 22 19 la

1800 2141 105 22 pression
1924 2142 43 18 des
1987 2141 102 19 curieux.

1826 2166 147 19 Parcourant
1992 2166 52 18 tout
2062 2165 96 19 d'abord
2176 2165 35 19 les
2229 2164 103 20 sections

1800 2191 124 20 purement
1948 2190 175 19 commerciales
2147 2199 27 4 —
2209 2189 113 20 alimenta-

1798 2215 56 21 tion,
1871 2214 139 21 habitation,
2026 2218 44 15 etc.
2085 2224 27 4 —
2128 2214 21 19 le
2165 2214 45 19 Roi
2227 2219 30 15 ne
2274 2218 55 17 peut

1798 2239 157 19 évidemment
1978 2239 64 19 alors
2066 2239 82 19 visiter
2172 2238 91 20 chacun
2288 2238 41 19 dea

1797 2264 122 19 centaines
1934 2264 28 19 dc
1978 2263 89 21 stands,
2082 2263 61 19 mais
2158 2263 22 19 le
2195 2263 125 21 bourgmes-

1797 2289 36 19 tre
1852 2292 91 15 comme
1961 2287 30 19 M.
2011 2288 80 19 Fonck
2109 2286 122 23 indiquent
2249 2292 31 15 au
2297 2287 22 19 vi

1798 2313 75 19 siteur
1899 2313 65 21 royal
1990 2312 122 22 l'ampleur
2137 2312 41 18 dea
2205 2311 115 23 participa-

1798 2338 68 19 tions.
1889 2338 22 18 A
1932 2338 93 18 travers
2048 2336 24 20 la
2093 2336 60 20 foire
2176 2336 31 19 du
2230 2336 99 19 meuble.

1798 2362 57 19 c'est
1873 2361 30 19 M.
1921 2361 36 20 De
1973 2361 84 19 Ronne
2074 2361 39 22 qui
2131 2360 70 22 guide
2218 2361 21 19 le
2257 2358 65 22 cortè-

1798 2391 34 17 ge.
1850 2385 97 21 Celul-ct
1964 2386 112 21 parcourt
2093 2385 64 19 aussi
2175 2386 34 18 les
2226 2385 103 19 sections

1798 2411 42 19 des
1856 2411 127 18 machines-
1993 2409 16 20 à
2025 2410 102 20 lessiver,
2144 2410 42 18 des
2202 2409 128 21 machines.

1797 2435 42 19 des
1859 2435 128 19 industries
2008 2434 129 21 chimiques
2157 2435 25 18 et
2203 2435 21 19 le
2245 2435 74 18 Souve-

1799 2460 52 19 rain
1871 2461 36 18 est
1928 2460 96 21 partout
2044 2459 21 20 le
2085 2458 46 21 bon
2153 2458 118 22 régisseur
2290 2459 40 21 qui

1798 2484 69 19 visite
1887 2489 45 15 son
1952 2484 109 19 domaine
2082 2485 24 18 et
2127 2488 30 14 en
2178 2482 96 21 connaît
2295 2484 33 18 lea

1799 2509 121 19 richesses.

1823 2533 45 19 Les
1887 2533 84 19 stands
1991 2532 106 20 réservés
2116 2537 47 15 aux
2181 2532 144 22 organisme»,

1797 2557 109 20 d'intérêt
1923 2557 95 22 général
2036 2557 133 20 retiennent
2187 2557 23 19 la
2227 2557 92 22 particu-

1798 2581 57 21 lière
1871 2582 117 19 attention
2006 2583 32 18 du
2055 2582 51 19 Roi.
2123 2582 96 19 Celui-ci
2237 2581 89 21 s'attar-

1797 2606 29 21 de
1849 2607 112 22 quelques
1984 2607 103 19 minutes
2110 2611 30 15 en
2163 2606 165 19 conversation

1797 2636 58 15 avec
1875 2631 31 19 M.
1927 2632 94 21 Breyer,
2042 2631 134 21 animateur
2194 2632 30 19 de
2245 2630 75 20 l'Insti-

1797 2657 39 19 tut
1855 2656 106 20 national
1980 2656 42 19 des
2042 2655 82 21 Mines,
2143 2660 58 14 avec
2221 2655 30 19 M.
2272 2655 18 19 G
2294 2660 36 14 ua-

1797 2680 112 20 tave-Léo
1929 2680 98 21 Gérard,
2047 2680 119 19 directeur
2185 2680 32 19 du
2237 2679 92 20 Comité

1796 2705 97 19 Central
1912 2705 133 19 IndustrieL
2064 2704 32 19 Et
2114 2704 58 20 c'est
2189 2704 50 19 fort
2257 2704 63 19 lente-

1797 2731 66 18 ment
1877 2734 45 17 que
1937 2730 21 18 le
1973 2728 94 22 cortège
2080 2730 107 19 traverse
2201 2730 24 18 la
2239 2729 89 19 section

1798 2759 12 14 <
1827 2754 36 20 La
1881 2754 112 21 Belgique
2011 2755 57 17 veut
2084 2753 66 20 vivre
2169 2759 19 13 ».

1822 2778 20 19 Il
1861 2778 70 22 s'agit
1951 2778 30 19 ici
2000 2778 107 26 au^fond
2126 2778 69 19 d'une
2215 2777 113 20 véritable

1797 2803 73 22 petite
1887 2802 132 22 exposition
2035 2803 25 18 et
2077 2803 30 18 de
2123 2802 131 20 nombreux
2271 2806 58 18 pays

1797 2828 43 19 ont
1857 2826 79 22 aligné
1954 2827 29 20 de
2002 2827 72 21 petits
2093 2827 121 21 pavillons.
2233 2827 32 20 Le
2285 2827 45 20 Roi

1797 2851 98 21 s'arrête
1909 2851 16 20 à
1939 2852 92 23 chacun
2045 2851 68 19 d'eux
2128 2854 24 17 et
2167 2852 52 18 tout
2233 2851 96 19 d'aèord

1797 2881 31 15 au
1846 2876 102 22 pavillon
1965 2875 113 23 français,
2093 2874 31 22 où
2140 2875 31 20 M.
2188 2875 92 20 Monler
2296 2881 26 14 re-

1796 2901 48 23 çoit
1862 2901 22 21 le
1902 2900 136 20 Souverain.

1824 2926 36 19 De
1877 2926 62 19 cette
1957 2925 131 22 exposition
2105 2930 32 16 un
2154 2925 42 20 des
2212 2925 65 20 clous
2295 2925 36 19 est

1799 2951 24 19 la
1840 2950 90 20 section
1947 2950 114 21 coloniale
2078 2950 40 22 qui
2136 2951 49 19 met
2203 2956 29 14 en
2250 2951 81 19 valeur

1798 2976 33 19 les
1852 2975 107 22 produits
1978 2975 30 19 de
2027 2975 67 20 notre
2114 2974 86 22 Congo.
2219 2973 35 21 Là
2273 2974 57 19 MM.

1797 2999 22 20 J.
1836 3000 83 19 Perier
1935 2999 24 20 et
1975 2999 122 22 Janssens,
2114 2999 22 20 le
2153 2998 96 23 général
2266 2999 65 19 Mou-

1800 3024 60 20 laert
1879 3024 54 20 font
1951 3020 102 24 accueil*
2058 3029 32 15 au
2108 3023 52 20 RoL

1825 3048 97 20 Celui-ci
1943 3049 69 19 visite
2032 3053 85 15 encore
2137 3049 21 20 le
2179 3048 103 22 pavillon
2301 3048 30 19 de

1799 3073 86 22 Suisse,
1907 3075 21 19 le
1948 3073 104 22 pavillon
2072 3074 41 19 des
2134 3073 71 19 Indes
2226 3072 96 20 néerlan-

1799 3098 78 19 daises
1892 3098 59 20 dont
1967 3097 31 19 M.
2014 3097 63 20 Vlnk
2093 3097 46 20 fait
2155 3098 34 19 les
2205 3098 126 21 honneurs,

1799 3123 34 18 les
1852 3123 115 21 pavillons
1985 3122 165 22 d'Allemagne,
2169 3122 29 19 de
2216 3121 115 22 Norvège,

1799 3146 91 20 d'Italie
1906 3152 30 14 ou
1951 3147 32 19 du
1998 3146 202 20 Mandchoukouo.
2216 3147 61 19 Tout
2292 3152 31 14 au-

1796 3173 56 18 tour
1869 3172 42 19 des
1930 3172 83 18 stands
2032 3171 24 20 la
2075 3172 63 19 foule
2156 3171 105 19 acclame
2279 3172 41 18 tou-

1798 3197 71 20 jours.

1823 3221 22 19 A
1862 3221 23 19 la
1902 3220 73 20 sortie
1992 3220 31 20 du
2040 3220 75 22 grand
2134 3219 55 22 hall,
2206 3220 21 19 le
2245 3220 77 19 Souve-

1798 3245 52 19 rain
1867 3250 26 14 se
1911 3245 46 20 fait
1974 3244 123 22 présenter
2113 3244 56 20 MM.
2188 3244 142 22 Piquet.pré-

1798 3269 85 22 sldent.
1903 3269 54 20 Van
1977 3269 169 22 Campenhout,
2167 3268 119 22 trésorier,
2307 3269 23 19 et

1798 3294 180 21 Timmermans,
1994 3293 127 20 secrétaire
2138 3294 32 19 du
2186 3293 85 20 comité
2288 3293 41 19 dos

1799 3317 115 20 Vétérans
1936 3319 24 19 et
1982 3318 140 22 Exposants.

1824 3342 66 19 Dans
1910 3343 20 18 le
1949 3342 75 22 palais
2043 3343 41 18 des
2102 3341 61 21 fêtes
2182 3343 37 19 est
2236 3341 86 21 aména-

1799 3366 29 22 gé
1849 3372 33 15 un
1905 3368 68 19 salon
1994 3367 106 19 national
2123 3367 32 19 du
2178 3367 92 19 travail.
2293 3368 36 18 Au

1798 3391 58 19 seuil
1876 3391 30 20 de
1925 3391 98 21 celui-ci.
2042 3391 31 20 M.
2093 3391 25 19 P.
2138 3391 99 19 Lacoste
2257 3392 73 21 reçoit

1798 3416 22 18 le
1838 3415 46 20 Roi
1903 3417 24 17 et
1945 3416 21 19 le
1984 3415 94 22 cortège
2097 3417 36 18 est
2151 3416 63 19 alors
2232 3415 98 22 précédé

1799 3441 41 18 des
1854 3440 81 19 cadets
1949 3441 33 18 du
1995 3441 85 19 travail
2094 3441 25 18 et
2132 3441 41 18 des
2187 3440 88 21 doyens
2289 3441 41 18 des

1799 3464 102 21 métiers,
1921 3465 108 20 porteurs
2048 3465 29 19 de
2097 3464 62 19 leurs
2178 3464 99 20 colliers.
2296 3465 35 19 De

1799 3490 141 21 somptueux
1961 3494 31 14 ou
2013 3488 98 20 délicats
2133 3489 102 19 travaux
2269 3489 62 19 d'art

1799 3515 55 18 sont
1877 3513 106 19 montrés
2006 3518 31 14 au
2061 3513 135 19 Souverain.
2232 3513 97 20 Celui-ci

1800 3538 131 21 contemple
1954 3543 45 16 par
2020 3538 99 22 ailleurs
2139 3542 32 15 un
2195 3538 70 19 avion
2301 3539 29 18 de

1801 3562 161 20 construction
2000 3563 126 19 natioi.aU.
2165 3561 97 21 ^'arrête
2300 3567 31 15 au

1800 3586 70 19 stand
1890 3586 29 20 de
1938 3585 78 21 l'école
2035 3587 29 19 de
2082 3585 98 23 marine,
2199 3585 30 21 où
2248 3587 23 19 la
2290 3587 32 19 mi-

1798 3611 95 19 niature
1911 3611 68 19 d'une
1998 3611 114 21 chaloupe
2130 3611 32 19 lui
2182 3612 36 18 est
2236 3611 94 19 offerte.

1798 3634 101 20 Ailleurs
1918 3635 95 20 avaient
2031 3635 37 20 été
2087 3634 121 23 présentés
2226 3641 30 14 au
2275 3636 46 19 Sou-

1800 3659 82 20 verain
1903 3659 30 20 de
1954 3660 48 19 fins
2022 3659 135 20 mouchoirs
2179 3658 84 21 brodés
2285 3665 46 14 aux

1800 3683 103 20 initiales
1925 3684 41 19 des
1987 3684 99 22 princes.

1825 3708 62 20 C'est
1904 3709 105 20 pendant
2026 3714 46 15 une
2090 3708 88 21 grande
2195 3708 73 21 heure
2285 3714 45 14 oue

1802 3733 56 19 &'est
1885 3732 126 23 prolongée
2037 3734 61 19 cette
2125 3732 75 20 visite.
2226 3733 33 20 Le
2286 3733 45 20 Roi

1800 3757 63 19 alors
1879 3756 89 21 félicite
1984 3762 29 15 en
2028 3762 25 14 se
2071 3757 99 20 retirunt
2186 3757 34 19 les
2237 3756 85 21 réalisa-

1799 3782 66 18 teurs
1878 3781 30 19 de
1923 3781 144 22 l'entreprise
2081 3782 24 18 et
2119 3781 75 21 quitte
2209 3782 20 19 le
2243 3782 87 22 Heysel

1800 3810 55 14 sous
1873 3806 28 19 de
1919 3810 124 15 nouveaux
2058 3806 84 20 vivats.

1834 3869 39 31 An
1892 3870 78 31 stand
1989 3870 32 31 de
2042 3871 102 29 l'Union
2165 3870 131 38 Chimique

2024 3912 79 38 Belge

1827 3964 22 19 S.
1866 3963 31 21 M.
1915 3964 21 21 le
1953 3965 45 19 Roi
2015 3965 56 19 s'est
2086 3965 152 20 longuement
2254 3963 77 21 arrêté

1800 3993 31 15 au
1852 3989 71 19 stand
1943 3989 30 19 de
1995 3989 91 19 l'Union
2108 3988 123 22 Chimique
2252 3989 78 22 Belge,

1802 4011 30 21 où
1853 4013 20 19 II
1894 4013 37 19 fut
1952 4018 55 16 reçu
2027 4019 44 16 par
2091 4014 41 18 des
2152 4012 130 22 dirigeants
2303 4013 28 19 de

1801 4038 61 19 cette
1876 4036 96 21 Société.
1986 4038 32 19 Sa
2031 4037 100 23 Majesté
2144 4043 16 14 a
2172 4037 149 22 particulière-

1802 4062 66 19 ment
1887 4061 110 22 apprécié
2017 4063 25 19 la
2061 4063 67 18 vaste
2148 4060 112 23 synthèse
2280 4066 45 17 par-

1801 4086 64 19 lante
1886 4086 28 19 de
1934 4086 24 19 la
1978 4091 80 17 grosse
2080 4085 113 20 industrie
2214 4086 117 20 chimique

1803 4109 96 20 réalisée
1925 4116 44 15 par
1994 4111 90 19 l'Union
2110 4110 123 21 Chimique
2259 4110 71 19 Belire

1800 4134 60 19 dans
1875 4139 43 14 son
1934 4136 76 18 stand.
2025 4136 33 18 Le
2073 4135 45 18 Roi
2132 4140 17 13 a
2164 4135 118 19 vivement
2298 4133 24 20 fé-

1802 4157 63 21 licité
1880 4159 68 20 notre
1963 4160 89 20 grande
2067 4158 130 22 entreprise
2212 4158 120 20 nationale

1801 4185 29 18 de
1854 4182 90 20 l'effort
1968 4183 159 20 considérable
2152 4182 104 20 effectué
2287 4187 44 17 par

1801 4207 43 20 elle
1863 4208 60 20 pour
1941 4208 22 20 le
1981 4207 192 23 développement
2191 4207 41 19 des
2252 4211 71 17 expor-

1801 4230 88 20 tations
1909 4231 85 22 belges.
2025 4246 3 3 .
2256 4231 72 20 (1223)

2348 1704 44 18 çon
2404 1699 29 20 de
2446 1704 102 19 prouver
2559 1704 47 16 aux
2619 1699 111 20 visiteurs
2742 1700 133 19 l'existence

2350 1726 24 18 et
2387 1725 24 19 la
2423 1724 91 20 vitalité
2527 1725 28 19 de
2569 1725 23 18 la
2605 1725 64 20 seule
2682 1725 67 19 usine
2763 1725 66 22 belge
2842 1725 26 18 fa-

2350 1749 111 21 briquant
2473 1750 34 21 les
2520 1750 141 19 chaussures
2674 1755 29 15 en
2715 1749 161 20 caoutchouc'

2377 1774 75 23 Aprùs
2467 1780 46 14 une
2529 1775 68 20 visite
2610 1773 15 20 à
2640 1780 27 14 ce
2681 1775 72 19 stand
2768 1773 61 20 situé
2845 1779 31 14 au

2351 1799 79 21 Palais
2447 1801 26 17 n°
2489 1800 18 21 5,
2523 1799 22 20 le
2562 1799 78 24 public
2657 1799 67 24 belge
2740 1803 88 19 pourra
2844 1797 25 20 ré-

2350 1825 89 19 clamer
2455 1830 30 14 en
2500 1824 124 21 confiance
2640 1823 15 20 à
2670 1829 43 15 son
2729 1825 149 18 fournisseur

2351 1848 104 22 habituel
2467 1850 34 19 les
2514 1850 142 19 chaussures
2670 1855 11 12 «
2695 1849 87 19 SACIC
2795 1854 11 12 »
2820 1852 58 15 ave-^

2351 1875 23 18 la
2392 1875 115 19 certitude
2524 1880 45 18 que
2587 1874 50 19 leur
2654 1873 88 24 qualité
2761 1873 65 25 égale
2844 1874 34 19 les

2351 1900 119 19 meilleurs
2487 1899 95 20 articles
2600 1899 131 23 étrangers.
2816 1898 59 20 (2641

2371 1958 34 30 La
2425 1960 184 35 participation
2630 1958 31 30 de
2681 1957 175 38 l'Allemagne

2376 2008 44 19 Les
2443 2008 87 20 années
2554 2007 159 24 précédentes,
2736 2008 24 21 la
2782 2007 85 24 partici-

2351 2034 81 22 pation
2445 2034 131 18 allemande
2590 2033 16 19 à
2619 2034 24 18 la
2656 2033 68 19 Foire
2740 2033 27 19 de
2782 2031 88 21 Bruxel-

2351 2058 34 21 les
2403 2063 26 14 se
2447 2058 131 23 composait
2598 2058 54 19 d'un
2671 2058 79 19 Office
2769 2058 28 19 de
2816 2057 52 19 Ren

2350 2083 160 24 seignements
2528 2083 179 20 commerciaux,
2733 2083 42 20 des
2800 2082 68 24 repré-

2351 2109 132 18 sentations
2500 2109 29 19 de
2545 2108 24 20 la
2584 2108 141 19 Viticulture
2749 2107 61 19 ainsi
2833 2112 45 18 que

2351 2134 41 19 des
2411 2133 153 20 nombreuses
2581 2132 103 20 variétés
2701 2133 27 19 de
2747 2133 130 18 l'industrie

2352 2159 31 18 du
2399 2159 88 23 papier.

2376 2184 51 19 Une
2440 2184 143 23 importante
2595 2184 90 19 section
2697 2183 111 20 officielle
2821 2182 56 20 s'est

2349 2208 100 23 ajoutée,
2467 2210 62 18 cette
2545 2209 53 21 fois,
2616 2208 15 19 à
2648 2213 39 15 ces
2705 2207 114 21 éléments
2836 2208 40 23 qui

2337 2244 5 9 «
2350 2234 137 19 subsistent.
2504 2234 32 19 Le
2554 2234 162 19 commissaire
2734 2233 97 24 glnéral
2848 2237 29 15 en

2351 2262 37 17 est
2405 2259 21 19 le
2444 2260 97 18 docteur
2558 2258 77 21 Keim.
2652 2258 96 20 attaché
2765 2262 105 15 commer-

2351 2284 45 19 cial
2415 2283 15 20 à
2448 2284 156 20 l'ambassade
2623 2283 167 24 d'Allemagne.

2375 2308 35 20 On
2425 2313 16 19 y
2456 2309 48 20 voit
2517 2309 41 19 des
2573 2308 119 24 appareils
2708 2308 28 20 de
2751 2308 124 25 précision,

2350 2334 41 20 des
2411 2335 122 18 machines
2551 2333 16 20 à
2586 2333 81 22 écrire,
2693 2333 15 20 à
2728 2333 108 23 calculer,
2862 2333 16 19 à

2351 2359 185 23 comptabiliser;
2555 2359 42 19 des
2615 2359 118 24 appareils
2750 2358 118 24 téléphoni-

2350 2389 58 19 ques
2424 2386 24 18 et
2464 2384 147 23 électriques.

2374 2409 49 19 Des
2444 2410 122 19 machines
2587 2409 16 19 à
2623 2409 122 24 fabriquer
2765 2410 35 20 les
2821 2409 46 19 bou-

2350 2435 51 19 lons
2418 2436 53 18 sont
2486 2434 136 24 présentées
2638 2435 59 19 dans
2713 2434 41 19 des
2770 2440 11 12 «
2788 2439 70 18 corps
2866 2440 11 12 •>

2351 2465 30 14 en
2400 2465 66 14 verre
2485 2460 101 21 flexible,
2605 2460 20 18 si
2646 2460 53 19 bien
2720 2464 45 19 que
2770 2459 35 20 "le
2824 2459 44 19 visi-

2350 2486 53 18 teur
2422 2486 48 18 voit
2489 2485 21 19 le
2529 2484 144 21 mécanisme
2693 2485 151 19 fonctionner
2861 2483 16 20 à

2350 2509 129 21 l'intérieur
2499 2510 29 19 de
2548 2510 120 23 l'appareil
2678 2514 6 15 :
2706 2510 57 20 c'est
2783 2510 23 18 la
2826 2514 41 19 pre

2349 2535 72 20 mierc
2435 2535 46 20 fois
2495 2540 44 18 que
2553 2539 40 15 ces
2606 2535 122 19 machines
2742 2538 55 16 sont
2807 2536 60 21 expo-

2351 2559 57 23 sées,
2428 2565 29 14 en
2477 2560 86 20 dehors
2583 2560 32 19 du
2633 2564 59 19 pays
2711 2558 31 20 où
2761 2560 55 19 elles
2836 2560 39 19 ont

2350 2584 37 21 été
2404 2584 141 25 fabriquées.

2373 2610 110 20 D'autres
2498 2610 99 19 vitrines
2612 2610 146 20 renferment
2773 2611 35 19 les
2822 2614 44 19 pro-

2349 2635 63 22 duits
2431 2635 41 20 des
2489 2635 128 20 industries
2635 2636 61 19 d'art
2705 2640 6 14 :
2730 2635 147 24 porcelaines

2348 2670 27 4 —
2392 2660 131 21 (fameuses
2539 2665 56 15 sous
2611 2661 22 20 le
2649 2665 55 14 nom
2718 2660 29 19 de
2763 2660 118 21 «Saxe»)-

2348 2695 27 5 —
2393 2685 148 23 c-cramiques
2560 2690 47 15 aux
2626 2686 55 19 tons
2701 2685 104 22 délicats,
2825 2690 42 14 ver-

2350 2716 44 17 res,
2412 2711 116 22 cristaux;
2548 2715 31 14 ou
2597 2711 41 19 des
2658 2710 118 24 appareils
2795 2710 72 23 photo-

2349 2735 151 24 graphiques,
2521 2735 42 20 des
2584 2741 12 12 «
2604 2732 126 22 caâléras'»
2751 2740 59 19 pour
2831 2735 36 23 pri-

2350 2766 38 14 ses
2410 2761 28 19 de
2460 2765 64 18 vues,
2545 2760 41 20 des
2606 2760 109 23 jumelles
2736 2760 131 24 perfection-

2349 2785 62 23 nées,
2430 2786 42 19 des
2490 2785 96 20 articles
2605 2785 124 24 d'optique.
2777 2783 16 14 -"
2824 2788 6 8 ■

2373 2810 35 20 De
2429 2811 120 19 curieuses
2575 2810 155 23 productions
2754 2810 121 20 nouvelles

2350 2836 54 19 sent
2425 2835 134 24 également
2581 2839 110 20 expos.es
2702 2840 6 14 :
2732 2836 77 20 citons
2831 2839 46 15 une

2348 2861 109 19 machine
2472 2859 104 21 destinée
2590 2860 15 19 à
2619 2861 94 19 enlever
2727 2860 34 20 les
2774 2861 108 21 cailloux;

2351 2887 24 19 et
2397 2886 35 20 les
2455 2891 60 15 eaux
2537 2886 172 21 d'infiltration,
2732 2886 41 20 des
2795 2885 74 19 fonda-

2350 2911 63 20 tions
2432 2911 42 20 des
2494 2910 128 20 bâtiments
2647 2915 31 15 en
2703 2911 173 21 construction;

2350 2941 31 14 un
2394 2936 94 22 produit
2500 2936 115 23 analogue
2625 2935 16 20 à
2651 2937 24 19 la
2686 2935 103 20 bakélite
2801 2937 25 18 et
2836 2936 40 22 qui

2350 2963 92 22 permet
2458 2961 28 20 de
2501 2961 123 23 fabriquer
2638 2960 63 20 mille
2708 2960 77 24 objets
2793 2961 84 22 divers,

2351 2987 32 19 du
2403 2986 65 23 bijou
2489 2985 15 20 à
2523 2986 24 20 la
2567 2986 85 23 plaque
2672 2986 29 18 de
2721 2985 156 24 revêtement;

2350 3012 24 19 la
2393 3017 12 13 «
2411 3011 82 19 Vistra
2500 3016 19 17 »,
2538 3011 64 20 laine
2622 3011 140 21 artificielle,
2783 3010 84 24 présen-

2350 3036 37 20 tée
2402 3035 16 20 à
2430 3035 66 22 l'état
2511 3036 29 20 de
2556 3036 61 20 fibre
2633 3037 24 18 et
2671 3041 56 14 sous
2743 3036 89 20 formes
2848 3036 28 19 de

2351 3062 72 19 tissus
2441 3066 31 15 ou
2490 3061 108 20 d'habits.

2377 3086 81 21 Enfin,
2478 3086 42 20 des
2539 3086 96 20 articles
2655 3086 29 20 de
2703 3086 174 24 maroquinerie

2353 3113 23 19 et
2394 3111 41 20 des
2453 3111 90 24 pierres
2559 3110 134 25 précieuses
2707 3121 27 4 —
2750 3111 129 20 naturelles

2350 3138 24 18 et
2390 3136 170 23 synthétiques,
2578 3136 92 20 taillées
2687 3136 66 20 selon
2771 3136 41 22 des
2829 3136 38 20 mé-

2352 3162 83 19 thodes
2453 3161 195 23 perfectionnées.

2364 3212 66 36 Une
2450 3212 205 36 exhumation
2675 3211 20 37 à
2716 3212 147 45 Relegem

2356 3283 46 20 (De
2428 3284 66 18 notre
2519 3282 186 24 correspondant
2729 3282 148 24 particulier)

2652 3307 75 22 Gand,
2743 3308 25 19 12
2783 3312 72 15 mars.

2380 3333 31 20 Le
2431 3333 56 24 juge
2506 3332 164 20 d'instruction
2688 3334 52 19 Van
2760 3333 120 19 Eechaute

2355 3358 27 21 de
2398 3358 68 20 Gand
2482 3365 22 18 a.
2512 3357 104 20 ordonné
2632 3358 166 19 l'exhumation
2814 3359 28 18 de

2356 3383 70 23 [îetite
2442 3383 93 20 Andrée
2549 3383 53 20 Van
2618 3383 171 22 Melckebeeck,
2805 3383 75 18 morte

2353 3409 21 19 le
2390 3408 12 19 6
2418 3407 94 23 février,
2526 3409 16 20 à
2556 3407 59 24 l'âge
2631 3409 28 19 de
2673 3408 26 19 15
2713 3409 73 22 jours.

2380 3434 66 21 Cette
2470 3434 152 19 exhumation
2643 3440 15 15 a
2681 3433 36 22 été
2740 3434 58 18 faite
2819 3433 16 20 à
2856 3432 23 19 la

2354 3460 60 18 suite
2436 3459 28 19 de
2485 3459 103 20 certains
2609 3459 76 18 bruits
2706 3459 39 22 qui
2765 3458 114 18 circulent

2354 3484 59 19 dans
2427 3483 22 20 le
2464 3484 86 23 village
2566 3489 31 14 au
2612 3483 63 24 sujet
2690 3484 29 19 de
2735 3483 23 19 la
2772 3484 63 18 mort
2850 3483 29 19 de

2354 3509 21 19 la
2398 3509 72 23 petite
2493 3509 55 19 fille.

2583 3534 75 19 *.*«.
2738 3537 32 7 —

2385 3567 64 26 AU
2481 3567 71 26 FIL
2579 3567 93 26 DES
2690 3566 156 27 JOURS

1846 4331 112 48 FOIRE
1986 4333 50 47 DS
2063 4332 219 47 BRUXELLES

1987 4395 86 15 PALAIS
2089 4398 22 12 do
2127 4394 12 16 5

1836 4424 257 105 VISiTEZTes
2120 4448 175 81 STANOS

1834 4558 461 109 ACEC-CEB

1970 4684 37 16 >°i
2024 4685 45 16 III!
2086 4684 13 16 à
2116 4683 45 17 un

1833 4733 85 17 PETW8
1935 4735 115 17 MOTECB6
2067 4736 20 17 el
2105 4735 190 16 AFFAREIOUAGE

1888 4768 84 17 M.t^rirl
1994 4771 100 18 tleetrlqoe-
2114 4769 23 16 te
2158 4769 80 16 ttettrltè

1834 4812 156 35 contre
2017 4805 42 43 le
2079 4803 217 45 GRISOU

1827 4954 62 20 C'est
1902 4960 47 16 une
1961 4957 106 20 nouvelle
2080 4956 46 20 fois
2139 4960 47 15 aux
2198 4955 51 20 Ets.
2261 4956 60 19 Jans-

1802 4982 55 15 sens
1877 4978 91 23 Frères,
1989 4981 19 22 8,
2028 4987 42 14 rue
2090 4980 80 19 Pierre
2191 4980 82 20 Victor
2291 4980 32 19 Ja-

1802 5002 62 22 cobs,
1885 5003 128 24 Bruxelles,
2034 5007 34 18 les
2090 5003 145 23 spécialistes
2257 5005 29 19 de
2308 5005 23 18 la

1801 5026 142 25 décoration,
1964 5034 45 18 que
2030 5031 39 19 fut
2089 5027 77 21 confié
2201 5033 46 16 une
2281 5027 49 21 très

1801 5052 90 20 grande
1912 5054 77 20 partie
2009 5055 41 19 des
2071 5053 192 21 aménagements
2284 5057 47 15 aux

1802 5075 76 21 palais
1901 5077 33 20 du
1956 5078 147 20 Centenaire.
2127 5077 35 18 De
2193 5076 78 20 même
2301 5077 29 18 de

1803 5099 130 21 nombreux
1951 5103 83 19 stands
2053 5103 61 19 dans
2133 5101 77 19 toutes
2230 5101 34 19 les
2283 5105 40 14 sec-

1801 5122 64 21 tions
1881 5125 81 21 furent
1978 5132 86 17 conçus
2082 5128 24 18 et
2122 5123 108 21 exécutés
2246 5124 16 20 à
2277 5125 45 18 l'en-

1802 5147 58 21 tière
1877 5149 150 22 satisfaction
2045 5152 40 18 des
2104 5150 131 22 exposants.
2256 5149 71 21 (1221)

1886 5228 49 36 Au
1949 5230 97 35 stand
2063 5242 18 20 «
2098 5227 108 37 SACIC
2222 5240 18 20 »

1827 5277 59 21 Lors
1902 5279 29 20 de
1947 5279 24 20 la
1985 5280 70 20 visite
2070 5279 84 23 royale,
2170 5278 22 20 le
2209 5277 70 20 stand
2296 5276 29 20 de

1804 5302 23 19 la
1842 5302 93 21 maison
1950 5310 13 12 «
1979 5305 87 19 SACIC
2082 5309 11 12 »
2110 5308 15 15 a
2141 5302 37 19 été
2194 5300 124 25 particuliè-

1805 5330 91 19 rement
1917 5329 131 24 remarqué.
2071 5326 139 26 Spécialisée
2244 5327 83 23 depuis

1803 5352 29 19 de
1849 5352 98 24 longues
1964 5354 89 20 années
2069 5354 59 19 dans
2145 5352 131 20 l'industrie
2294 5352 32 18 du

1802 5377 144 21 caoutchouc
1961 5385 55 15 sous
2032 5380 78 18 toutes
2117 5382 37 15 ses
2161 5378 95 20 formes,
2264 5377 62 19 cette

1803 5402 69 20 firme
1889 5404 37 19 est
1941 5403 24 20 la
1979 5405 65 19 seule
2061 5408 28 15 en
2106 5402 112 23 Belgique
2234 5402 40 23 qui
2290 5401 27 19 fa-

1803 5427 81 24 brique
1900 5428 60 22 dans
1972 5434 39 15 ses
2026 5428 79 20 usines
2121 5427 29 20 de
2165 5427 121 19 Bruxelles
2301 5427 25 19 et

1803 5452 89 21 d'AIost
1907 5452 32 21 où
1953 5455 45 20 elle
2012 5458 88 20 occupe
2114 5457 34 15 un
2162 5451 86 21 millier
2263 5451 62 20 d'ou-
2330 5467 3 11 (

2352 3642 89 86 Où,
2456 3644 46 71 le
2519 3640 361 90 maquillage?

2380 3768 22 20 Il
2416 3768 79 23 paraît
2510 3772 45 19 que
2570 3766 34 20 les
2618 3767 103 23 femmes
2735 3771 27 15 se
2776 3766 90 24 maquil-

2351 3796 50 20 lent
2418 3796 121 24 beaucoup
2555 3795 85 19 moins.
2655 3795 65 20 Elles
2736 3795 141 19 mettraient

2354 3824 75 19 moins
2443 3824 28 19 de
2483 3824 64 23 fard,
2560 3823 76 20 moins
2649 3823 29 19 de
2690 3823 99 25 poudre,
2802 3828 76 14 moins

2353 3852 29 20 de
2396 3852 53 20 noir
2460 3856 49 15 aux
2522 3851 44 21 cils
2580 3853 24 19 et
2617 3856 49 15 aux
2678 3851 110 24 sourcils,
2801 3852 77 19 moins

2352 3881 28 19 de
2397 3884 75 19 rouge
2489 3884 49 15 aux
2555 3879 84 20 lèvres.
2657 3879 127 21 Comment
2801 3880 77 19 est-ce

2352 3908 103 25 possible
2467 3909 12 18 ?
2494 3908 22 19 A
2532 3907 24 21 la
2570 3912 50 19 rue,
2635 3907 51 20 cela
2702 3913 30 15 ne
2745 3913 27 14 se
2787 3913 81 14 remar-

2352 3941 45 19 que
2416 3936 74 24 point.
2509 3936 33 20 Ni
2560 3935 60 20 dans
2647 3935 35 20 les
2708 3936 61 19 thés.
2794 3936 33 20 Ni
2845 3940 33 15 au

2353 3964 101 20 théâtre.
2472 3964 72 21 Alors
2563 3969 29 15 ne
2610 3964 81 24 parlez
2708 3969 45 19 pas
2771 3964 42 20 des
2831 3965 39 18 soi-

2354 3992 51 21 rées
2427 3992 147 23 mondaines,
2595 3992 32 19 du
2648 3992 99 21 cabaret
2767 3992 30 20 de
2818 3993 60 23 nuit,

2353 4021 45 20 etc.
2415 4020 50 25 Que
2480 4026 28 15 se
2522 4020 122 25 passc-t-il
2658 4020 61 20 donc
2733 4021 12 19 T

2383 4049 109 19 Croit-on
2512 4048 120 21 vraiment
2653 4052 46 20 que
2719 4048 23 21 le
2764 4053 13 14 <
2792 4051 87 17 nouvel

2353 4077 50 19 état
2420 4077 29 20 de
2464 4077 84 19 choses
2565 4081 12 15 »
2593 4081 61 20 pour
2669 4076 80 25 parler
2764 4077 103 24 pudique-

2354 4105 64 20 ment
2435 4106 34 19 ait
2486 4110 40 19 pu.
2541 4109 48 16 non
2604 4109 45 20 pas
2665 4106 62 22 tuer,
2742 4106 63 19 mais
2820 4106 46 19 sim-

2352 4133 105 24 plement
2476 4133 113 20 atténuer
2607 4132 48 21 l'un
2673 4132 43 20 des
2734 4133 54 25 plus
2807 4133 70 20 vieux

2353 4161 94 20 besoins
2462 4161 33 20 du
2510 4160 93 23 monde,
2618 4165 30 15 en
2663 4165 28 16 ce
2706 4161 41 24 qui
2762 4166 116 15 concerne

2352 4189 23 20 la
2391 4189 91 24 femme
2495 4189 11 20 T
2526 4189 38 20 Un
2580 4188 41 21 des
2637 4189 120 24 journaux
2773 4189 35 20 les
2823 4189 54 25 plus

2353 4225 10 10 «
2372 4217 136 24 populaires
2517 4220 13 15 »
2553 4216 32 20 du
2607 4216 86 20 monde
2716 4222 30 14 ne
2767 4217 109 24 sacrifie-

2352 4245 38 21 t-il
2409 4250 44 19 pas
2473 4244 123 21 lui-même
2620 4244 17 20 à
2662 4244 25 21 la
2713 4245 112 24 rubrique
2844 4245 32 19 du

2352 4273 145 24 maquillage
2509 4273 11 19 T
2546 4279 13 14 «
2576 4272 64 20 Vous
2662 4277 86 20 croyez
2770 4274 106 22 itmover,

2352 4301 59 21 écrit
2437 4301 60 19 dans
2523 4304 39 16 ses
2587 4300 113 21 colonnes
2718 4306 46 15 une
2782 4301 83 19 chroni-

2353 4333 88 20 queuse
2462 4329 29 19 de
2512 4328 86 20 beauté
2625 4328 41 24 qui
2692 4328 70 24 signe
2788 4329 89 19 Berthe

2354 4357 92 21 (toutes
2466 4357 35 19 les
2521 4356 185 24 chroniqueuses
2733 4357 30 19 de
2791 4357 85 19 beauté

2351 4384 140 25 s'appellent
2505 4383 89 21 Berthe
2607 4389 32 15 ou
2652 4384 114 20 Clarence
2774 4390 31 15 ou
2812 4385 54 24 quel-

2351 4417 45 20 que
2433 4417 55 15 nom
2517 4411 29 21 de
2574 4412 65 20 cette
2666 4412 85 25 espèce
2778 4416 86 21 moyen-

2350 4441 111 23 âgeuse),
2482 4445 13 13 «
2511 4444 59 15 vous
2590 4444 87 20 croyez
2696 4445 101 16 tnnouer
2816 4445 59 15 avec

2352 4469 68 19 votre
2433 4468 90 24 poudre
2535 4468 186 20 sensationnelle
2733 4469 12 19 î
2759 4468 64 20 Mais
2837 4469 29 19 de-

2351 4496 55 25 puis
2419 4501 45 19 que
2477 4496 23 20 le
2512 4496 86 20 monde
2611 4498 38 19 est
2661 4496 94 23 monde,
2768 4498 34 19 les
2815 4497 49 24 fem-

2351 4528 52 16 mes
2422 4525 42 19 ont
2480 4523 105 24 inventé,
2603 4528 61 20 pour
2680 4524 137 25 s'embellir,
2834 4524 42 20 des

2352 4551 123 20 méthodes
2493 4551 55 25 plus
2566 4552 115 24 efficaces
2700 4552 35 20 les
2753 4557 59 16 unes
2830 4557 44 20 que

2352 4580 35 20 les
2406 4580 95 22 autres;
2521 4579 84 24 depuis
2624 4584 47 20 que
2690 4580 23 20 le
2732 4580 87 20 monde
2839 4582 37 17 est

2352 4607 93 22 monde,
2466 4607 35 20 les
2524 4607 103 24 femmes
2649 4612 28 16 se
2699 4608 141 24 maquillent
2856 4614 19 14 ».

2350 4635 52 20 Eve
2424 4635 142 24 elle-même,
2595 4640 58 15 sans
2683 4635 80 23 doute,
2784 4636 92 20 avivait

2353 4663 78 21 l'éclat
2449 4663 30 20 de
2494 4667 46 16 son
2557 4663 69 23 teint,
2643 4663 29 21 de
2688 4668 40 16 ses
2745 4664 86 23 lèvres,
2847 4664 30 20 de

2352 4695 39 16 ses
2408 4690 114 20 cheveux.
2540 4691 47 20 Les
2606 4691 141 25 Grecques...
2765 4692 47 20 Les
2829 4692 37 20 Ro-

2353 4718 92 21 maines
2474 4720 25 19 et
2527 4718 53 21 leur
2608 4719 44 20 lait
2680 4719 130 21 d'ânesse...
2831 4720 45 19 Les

2351 4747 164 24 Egyptiennes
2522 4747 179 21 connaissaient
2715 4747 42 20 des
2773 4748 102 19 recettes

2351 4774 210 20 extraordinaires.
2583 4775 67 20 Vo'ci
2670 4775 54 24 quel
2745 4776 60 20 était
2825 4776 47 19 leui

2352 4802 95 20 remède
2465 4807 61 20 pour
2543 4803 63 23 faire
2624 4807 127 20 repousser
2769 4803 35 21 les
2821 4804 45 19 che-

2353 4834 61 15 veux
2424 4835 8 14 :
2448 4835 13 13 <
2477 4830 26 19 oSi
2518 4834 60 16 vous
2593 4835 59 15 avez
2668 4835 46 15 une
2729 4831 117 20 tendance
2861 4831 16 19 à

2352 4858 24 20 la
2397 4858 103 23 calvitie,
2520 4858 19 19 il
2558 4858 56 24 faut
2635 4858 82 20 oindre
2737 4859 69 20 votre
2827 4859 48 19 tête

2351 4890 59 16 avec
2427 4890 32 15 un
2476 4886 110 23 mélange
2611 4886 29 19 de
2664 4886 94 24 graisse
2774 4886 36 20 de'
2821 4887 54 21 lion,

2353 4914 199 24 d'hippopotame,
2568 4913 30 20 de
2613 4914 58 22 chat
2686 4915 26 19 et
2728 4914 30 20 de
2773 4916 103 23 serpent.

2352 4942 22 20 le
2393 4942 52 20 tout
2464 4941 137 24 amalgamé
2618 4946 60 15 avec
2696 4941 30 21 de
2744 4942 24 20 la
2786 4942 89 25 poudre

2350 4969 29 21 de
2394 4969 70 21 dents
2479 4969 69 20 d'âne
2563 4970 25 19 et
2603 4969 32 20 du
2649 4969 64 20 miel.
2729 4975 14 13 »

2378 4997 58 20 Mon
2453 4997 69 23 Dieu,
2544 5002 57 14 mon
2617 4997 70 23 Dieu,
2710 4999 121 20 comment
2847 5002 27 15 se

2352 5029 114 21 procurer
2480 5026 52 20 tout
2545 5024 53 21 cela
2610 5025 12 20 T
2637 5025 93 20 Faut-il
2741 5026 78 20 croire
2832 5031 45 20 que

2351 5058 44 16 nos
2410 5052 123 25 élégantes
2547 5052 174 25 d'aujourd'hui
2730 5054 42 19 ont
2779 5058 96 16 recours

2351 5081 16 19 d
2386 5080 42 21 des
2447 5081 104 20 recettes
2576 5081 162 24 personnelles
2765 5081 111 20 trouvées

2351 5108 61 20 dans
2433 5108 36 20 les
2490 5108 73 21 livres
2584 5108 98 22 anciens
2703 5113 62 20 pour
2784 5113 46 21 que
2852 5110 23 19 la

2352 5136 72 20 vente
2441 5136 42 20 des
2501 5136 108 25 produits
2626 5136 30 20 de
2675 5136 86 21 beauté
2777 5137 60 20 chez
2853 5138 22 19 le

2351 5164 105 24 coiffeur
2473 5164 37 20 ait
2528 5163 87 25 baissé,
2633 5168 58 16 sans
2709 5164 96 24 qu'e-hes
2823 5169 42 16 ces-

2350 5193 56 19 sent
2419 5192 116 24 pourtant
2549 5191 30 21 de
2593 5197 28 15 se
2636 5192 125 24 maquiller
2773 5192 12 20 f

2378 5219 92 24 Jusque
2481 5219 61 20 dans
2554 5220 23 20 le
2590 5219 144 25 maquillage
2746 5220 25 20 la
2781 5225 58 15 ruse
2850 5224 24 18 et

2350 5247 159 24 l'ingéniosité
2529 5247 127 25 féminines
2677 5247 55 25 font
2752 5248 53 20 leur
2824 5253 39 15 œu-

2350 5279 50 16 vre.

2380 5303 25 20 Si
2422 5308 44 15 nos
2484 5303 83 21 dames
2584 5308 30 15 ne
2632 5304 57 19 vont
2706 5303 53 25 plus
2776 5303 59 20 chez
2852 5304 22 20 le

2353 5331 113 22 coiffeur,
2488 5330 23 19 si
2534 5331 36 18 les
2593 5331 213 18 ttemonstratr%oes
2828 5333 44 18 des

2349 5359 104 24 grandes
2466 5363 112 20 marques
2590 5364 17 19 y
2619 5360 56 19 sont
2686 5363 58 16 sans
2757 5359 116 23 clientèle,

2349 5387 58 20 c'est
2424 5386 120 25 peut-être
2559 5391 47 19 que
2622 5386 34 20 les
2672 5386 83 21 dames
2772 5388 58 19 vor.t
2846 5392 27 15 se

2349 5415 112 25 pourvoir
2478 5414 104 21 ailleurs.
2599 5414 63 22 Mais
2680 5415 31 20 où
2727 5420 29 20 ça
2769 5415 12 19 f

2741 5443 101 22 NEMO.

2996 351 176 53 BANQUE
3193 348 139 44 BELGE

2952 416 118 44 POUR
3092 411 274 47 L'INDUSTRIE

3059 476 210 26 BRUXELLES

2993 526 33 18 u,
3041 526 45 15 rue
3100 518 34 22 du
3149 515 61 24 Bois
3225 515 114 27 Sauvage

2979 557 83 29 Toales
3081 555 129 35 opérations
3227 552 119 30 bancaires

3679 330 29 20 de
3729 332 164 26 meurtrissure»
3910 345 9 16 r

3665 355 44 19 lait
3722 360 43 15 son
3780 355 48 22 état
3839 360 28 22 lui
3877 370 31 19 oot
3910 351 25 40 £

3800 387 14 14 a
3836 385 54 25 "lace
3889 377 46 32 11

3365 602 49 18 (743

2924 636 44 23 UN
2982 635 147 21 CYCLISTE
3143 634 37 19 SE
3194 632 97 20 JETTE
3305 628 135 22 CONTRE,
3450 625 52 17 ture
3520 624 31 18 du
3570 625 51 20 pOod

3215 658 13 5 ■•
3255 663 12 14 e
3286 655 91 20 Gérard
3397 648 44 25 R..I
3478 648 71 17 M^T'

3258 682 21 18 le
3304 678 126 21 boulevard
3437 685 4 9 »
3450 676 49 14 solr
3499 686 5 6 »

2899 688 44 22 kf-è
2968 688 29 19 de

2899 712 77 20 Emile

2899 736 37 20 évi

3022 686 25 19 18
3071 690 50 14 ans.
3145 683 88 19 suivait

3447 328 50 21 tête
3518 330 24 19 et
3562 332 97 19 couvert

3448 354 65 19 soins
3528 360 44 16 que
3587 354 122 20 réclamait
3722 360 43 15 son

3449 378 90 20 donnés
3563 378 15 20 à
3603 379 111 19 l'Hôpital

3448 403 145 19 Gehuchten.
3615 404 25 18 E.

3475 427 111 19 CHUTE.
3606 438 22 3 —
3648 428 76 19 Mardi
3743 430 79 22 matin,
3838 438 26 17 en
3877 442 20 15 s.

3449 452 57 19 dant
3522 452 61 19 dans
3600 452 33 19 les
3649 453 113 19 sous-sols
3778 455 28 19 de
3819 461 27 16 sa
3858 461 41 22 dea
3907 446 27 37 S

3450 476 62 19 Mme
3533 477 77 19 M.oria
3630 477 31 21 C.
3682 478 138 22 demeurant
3838 487 36 17 rue
3888 472 46 35 d?^

3448 501 75 20 schot.
3539 507 16 14 a
3573 502 44 19 fait
3636 507 45 14 une
3698 503 71 20 chute
3786 504 56 21 dans
3857 496 60 36 l'ester

3449 526 20 17 A
3490 530 38 14 ses
3550 526 47 19 cris
3618 527 41 18 des
3681 527 123 20 Oocatoiircs
3824 535 81 21 accouni

3450 551 24 19 et
3498 551 193 20 r.'empresscrent
3714 552 29 18 de
3768 553 22 18 la
3812 545 93 28 seenuro?
3904 547 9 15 1
3912 549 22 24 ?*

3451 579 88 15 pauvre
3562 575 87 20 femme
3672 582 16 14 a
3710 575 37 20 été

3450 599 29 18 de
3495 599 116 20 blessures

3639 625 68 19 droit.
3726 625 25 19 E.

3590 648 127 20 CONTRE
3742 650 85 23 AUTO.
3847 665 25 8 _
3888 661 10 18 ,

3595 673 47 19 uite
3658 674 68 19 d'ione
3744 675 77 22 fausse
3835 668 98 35 mant-***

3768 553 22 18 la
3812 559 77 23 se»couri

3771 578 83 24 "••■levée
3871 582 63 25 attih?

3655 601 19 18 la
3673 602 66 18 Ltete
3753 604 23 17 et
3789 608 54 16 avec
3854 591 80 41 «ffS!

2935 690 8 15 I
2968 690 28 15 dp
3022 690 25 15 Jo
3071 690 50 14 ans.
3146 690 87 12 suivait
3258 690 21 10 ic
3305 690 136 9 uuun-.<"«-
3522 690 6 4 -
3661 690 12 3 -
3698 690 27 3 ---
3744 690 77 7 -——-*•
3836 690 64 12 ujiuim

2938 694 34 38 n\Ù
2971 700 11 32 T
3001 710 127 20 Bockstaol
3153 708 101 21 lorsque,
3279 711 29 13 en
3334 703 97 19 voulant
3437 704 4 24 j
3460 701 11 14 =
3487 698 162 20 motocycliste
3664 698 106 20 Bernard
3785 700 28 20 H.
3826 708 14 15 a
3852 706 44 24 buu

2938 739 36 16 ter
2987 741 32 14 un
3033 737 104 19 passant,
3151 733 16 19 il
3180 733 46 19 alOa
3239 736 25 15 se
3278 731 60 20 ieter
3350 728 82 20 contre
3450 720 163 45 ^'"f'*™
3633 722 196 39 oJ™«?»«
3848 714 52 42 «3

2945 763 69 19 tram.
3028 761 21 18 Il
3062 760 38 18 fut
3114 756 76 22 «levé
3205 756 75 19 blesse
3294 758 47 16 aux
3354 756 78 15 mains
3451 750 37 14 me
3498 747 105 18 .tued
3633 747 65 18 B.rm
3709 748 48 19 nttb
3773 754 19 14 no
3791 754 12 15 L
3815 750 43 24 D»,
3869 757 19 20 té
3888 764 12 15 „

3455 872 46 19 Car

3788 852 41 22 Ah!

3524 874 96 21 partout
3650 874 23 19 la
3704 875 105 22 chicorée
3835 886 11 15 e

3456 897 121 21 l'ACI-IA...
3597 903 27 15 ce
3644 899 60 19 n'est
3724 905 44 19 que
3787 902 57 23 juste

3458 922 63 19 Avec
3570 926 47 19 joie
3668 928 27 14 »se
3703 939 3 3 .
3744 925 99 23 derj-uste.

3878 686 55 44 a

3437 775 5 19 1
3451 770 21 19 le
3487 769 130 21 relevèrent
3632 776 57 15 avec
3703 776 47 16 une
3765 774 57 19 plaie
3834 777 12 17 à
3859 780 16 14 u
3887 785 7 9 *
3905 765 27 29 S

2898 792 132 37 "CHUTE
3051 805 73 21 V'VS
3143 801 243 24 MOTOCYCLISTE.
3406 809 28 7 -
3449 795 25 19 «
3491 794 76 20 bleoosé
3584 800 46 14 aux
3646 796 143 21 avant-bras.
3805 799 25 20 E.
3833 783 15 14 a
3858 780 20 21 h
3887 782 45 37 N

2900 835 76 20 Lundi
2992 831 136 23 après-midi
3146 832 21 19 le
3184 827 161 24 motocycliste
3361 826 71 18 Loui3
3454 822 147 23 «l-ELQLE
3621 823 83 22 PABT
3725 825 42 18 EN
3788 827 139 31 BîaGJQt»;

2900 860 34 18 De
2951 859 33 19 V..
3000 857 44 22 âgé
3060 857 29 20 de
3106 856 25 18 34
3148 860 50 14 ans.
3214 853 88 19 suivait
3318 853 21 18 le
3355 851 78 18 boule-
3438 849 4 18 1

2900 884 58 19 vard
2979 883 32 18 du
3034 880 128 21 Souverain
3185 880 99 19 lorsque,
3306 882 44 16 par
3370 876 62 18 suite

2900 909 68 19 d'une
2984 907 81 19 fausse
3080 908 143 16 manœuvre,
3239 904 15 18 il
3269 902 48 19 alla
3331 906 26 13 se
3374 901 59 20 jeter

2900 934 82 18 contre
2996 931 24 19 la
3033 930 100 19 bordure
3148 929 31 19 du
3193 927 101 22 trottoir.
3308 926 20 18 Il
3343 925 30 19 fit
3387 928 45 15 une

2899 957 77 20 chute,
2994 960 26 14 se
3040 955 104 19 blessant
3162 957 47 16 aux
3227 951 122 19 membres.

2927 979 115 20 BLESSE
3058 978 63 19 PAR
3136 976 42 21 UN
3192 974 155 21 CYCLISTE.
3361 983 28 5 —
3402 972 30 20 M.

2901 1004 74 18 Henri
2993 1003 32 21 V..
3041 1001 44 23 à?é
3101 1002 28 19 dc
3146 1000 25 18 64
3187 1004 51 15 ans.
3252 1004 15 13 a
3282 1000 38 18 etc
3337 1000 91 19 oourpris

2901 1031 24 19 et
2947 1028 110 21 renversé
3080 1033 44 16 par
3146 1032 32 14 un
3201 1025 96 20 eveliste
3319 1021 114 22 chaussée

2900 1054 167 20 d'Alsemberg.
3087 1053 18 18 Il
3125 1057 15 14 a
3159 1050 37 20 été
3215 1049 75 20 blessé
3309 1048 16 20 à
3343 1048 24 19 la
3385 1046 48 20 tête

2900 1081 24 18 et
2943 1084 31 14 au
2992 1078 54 20 pied
3064 1076 69 20 droit.
3324 1095 81 8 ___—
3405 1095 20 5 —

2929 1100 191 21 RENVERSEE
3143 1099 64 19 PAR
3230 1096 45 22 UN
3297 1095 122 21 MOTOCY-

2900 1126 114 21 CLISTE.
3031 1135 28 5 —
3076 1125 36 19 Un
3130 1123 161 22 motocycliste
3309 1127 16 14 a
3342 1125 81 15 renver-

2901 1151 32 21 sé,
2957 1149 114 21 chaussée
3096 1148 112 20 d'Ixelles.
3234 1147 61 19 Mme
3320 1145 113 20 Léontine

2902 1177 33 19 D..
2954 1175 58 22 âgée
3030 1176 28 18 de
3076 1174 25 18 57
3119 1178 50 15 ans.
3187 1172 51 20 Elle
3256 1177 14 13 a
3288 1170 37 20 été
3343 1168 90 21 relevée

2901 1201 100 20 atteinte
3016 1200 30 19 de
3061 1199 117 18 blessures
3193 1201 48 15 aux
3257 1195 123 20 membres.

2927 1222 162 22 COLLISION
3131 1222 44 19 DE
3215 1219 172 21 CYCLISTES.
3407 1228 28 5 —

2901 1250 67 19 Deux
2985 1249 108 22 cyclistes
3110 1248 54 18 sont
3181 1245 78 20 entrés
3275 1250 29 15 en
3321 1243 113 21 collision,

2902 1274 65 19 lundi
3002 1272 142 22 après-midi.
3180 1271 89 21 Square
3304 1269 66 20 Jules
3405 1269 29 18 de

2901 1299 80 18 Trooz.
2999 1298 58 18 L'un
3076 1297 68 19 d'eux
3162 1301 15 14 a
3195 1295 44 19 fait
3258 1299 45 14 une
3322 1294 70 19 chute
3411 1294 23 18 et

2902 1327 14 13 a
2933 1321 36 20 été
2986 1320 89 20 blessée
3092 1320 15 19 à
3124 1320 22 19 la
3163 1319 48 19 tète
3228 1319 24 18 et
3269 1323 47 13 aux
3331 1317 98 23 jambes.

2902 1348 21 19 Il
2940 1347 70 22 s'agit
3027 1347 30 19 de
3073 1345 88 21 Nestor
3177 1345 39 21 M.,
3233 1343 44 23 âgé
3294 1344 30 19 de
3341 1343 25 18 24
3384 1347 50 15 ans.

2904 1382 84 22 Exigez
2995 1382 22 18 le
3024 1382 72 18 Sucre
3105 1380 98 20 Raffiné
3210 1380 29 19 de
3247 1378 180 20 TIRLEMONT

3340 1405 86 18 ilOlWa»

3481 980 58 20 LES
3558 981 179 22 ACCIDENTS
3755 984 41 21 DE
3812 988 36 22 LA
3862 966 71 46 n^S

3479 1006 98 19 \TIUN.
3598 1018 29 3 —
3647 1008 52 20 Une
3720 1009 103 24 collision
3840 1021 10 16 S
3851 997 83 44 'e-t^'

3624 1036 66 19 entre
3705 1035 59 19 Ceux
3777 1041 68 23 autos,
3855 1044 36 20 chs
3891 1029 40 41 ^

3672 1060 125 21 chauffeur
3820 1065 25 20 N.

3451 1004 126 23 LAITON.

3451 1031 71 23 dtoite.
3537 1032 64 19 lundi

3452 1057 29 19 de
3500 1057 100 19 Haîcht.

3620 1059 31 18 Le

3452 1081 76 20 blessi
3542 1082 15 20 à
3573 1083 23 18 la
3611 1083 48 19 tête
3673 1087 24 16 ct
3713 1089 46 16 aux
3772 1091 102 20 membre.
3910 1079 21 35 ï

3477 1117 27 4 —
3517 1107 36 19 En
3568 1111 141 20 travers-oint,
3723 1109 62 23 lundi
3798 1115 43 20 soir
3851 1117 19 18 la
3878 1107 30 28 ..IT
3915 1105 16 30 I

3451 1130 40 22 fée
3508 1133 28 18 de
3553 1133 116 23 Vilvorde,
3686 1135 62 19 Mme
3764 1138 62 24 Aline
3840 1142 17 20 G
3879 1131 53 34 T5

3458 1162 124 15 renversie
3608 1164 43 18 par
3676 1164 45 15 une
3746 1159 181 31 auto-camio'jn„„

3452 1183 30 18 Le
3497 1184 73 19 chauf
3571 1188 53 15 leur
3631 1186 85 22 stoppa
3724 1187 157 27 rapidsœeatet
3889 1200 14 14 .»

3452 1212 70 18 presa
3536 1209 28 19 de
3578 1211 106 18 secourir
3697 1211 141 24 l'infortunée
3849 1222 31 17 nui
3908 1206 23 30 î

3454 1232 89 20 relevée
3568 1238 58 16 avec
3650 1234 41 19 des
3715 1239 161 25 meurtrissures
3891 1247 12 19 À

3453 1257 47 20 tête
3517 1260 23 17 et
3556 1260 168 20 contusionnée
3739 1266 44 16 aux
3796 1265 77 24 jambes
3914 1277 13 11 »

3477 1293 29 4 —
3523 1284 77 20 Mardi
3619 1285 83 21 matin,
3720 1286 20 19 le
3759 1289 86 22 cycliste
3859 1280 70 37 Be^.5

3453 1308 76 22 F...,en
3544 1310 135 20 traversant
3694 1312 23 18 la
3731 1312 62 23 place
3806 1315 26 20 de
3843 1318 19 20 h
3872 1305 57 35 roS

3453 1334 77 19 tutiin
3547 1339 15 14 a
3578 1334 38 20 été
3633 1336 109 20 renversé
3758 1343 42 18 par
3813 1346 40 16 une
3865 1341 64 26 autTn

3452 1363 15 14 a
3481 1360 37 18 ete
3533 1359 76 20 rroleve
3624 1365 57 15 avec
3696 1366 44 15 une
3754 1363 57 23 plaie
3822 1366 13 18 à
3846 1368 19 19 la
3875 1371 33 16 uu
3915 1357 14 30 f

3653 1389 43 10 r,„m
3757 1388 19 11 t».
3846 1381 19 8 *°
3876 1381 31 13 icie
3915 1381 13 11 .

3453 1383 75 20 blesooé
3543 1388 29 16 ac

3604 1390 99 18 genoux.

3478 1419 28 4 —
3522 1409 37 20 Un
3577 1411 145 22 accrochage
3740 1415 35 17 est
3791 1420 86 20 survenu
3888 1426 40 14 «t»

3454 1433 60 20 deux
3538 1435 115 21 cyciL-tcs.
3676 1441 89 16 avenue
3787 1440 25 19 de
3832 1430 96 35 Tenii,-?

3453 1459 57 18 L'un
3526 1459 74 22 d'eux,
3616 1461 113 23 François
3744 1464 25 18 D.
3802 1466 45 9 -'--»
3860 1470 15 5 •■

3802 1469 125 30 swtbleai,

3764 1491 17 17 "
3794 1496 23 17 se
3829 1494 59 24 plaint
3897 1504 30 14 m.

3838 1520 45 15 isnl.
3894 1513 33 35 gJJ

2928 1441 58 20 LES
3010 1440 173 21 ACCIDENTS
3206 1439 118 20 D'AUTO.
3346 1448 28 6 —
3397 1439 37 19 En

2901 1467 136 19 traversant
3055 1467 23 19 la
3096 1471 42 15 rue
3155 1466 85 20 Haute,
3259 1465 63 19 Mme
3339 1463 96 22 Pélagie

2901 1490 36 23 N,
2953 1490 59 23 âgée
3028 1492 29 18 dc
3074 1491 27 19 5b
3116 1495 51 16 ans.
3184 1495 15 14 a
3216 1489 37 20 été
3271 1487 123 21 renversée
3411 1484 48 24 etl'
3462 1489 14 13 1
3490 1485 47 18 'ete
3552 1486 24 18 et
3591 1490 47 14 aux
3651 1487 98 22 jambes.
3766 1506 6 3 .

2902 1515 90 21 blessée
3007 1515 16 20 à
3038 1516 23 19 la
3076 1514 49 21 tête
3140 1520 44 18 par
3199 1519 46 15 une
3260 1514 63 20 auto.
3338 1513 29 19 D.
3441 1509 4 23 I
3453 1509 88 19 lement
3559 1511 28 18 de
3605 1510 110 21 douleurs
3733 1513 57 21 dans
3804 1516 79 25 l'épaule
3895 1532 27 10 a-

2926 1549 28 5 —
2970 1540 52 21 Une
3037 1541 58 18 auto
3111 1545 16 14 a
3143 1538 110 21 renversé
3271 1538 62 19 Mme
3350 1537 85 20 Louise
3453 1535 49 20 che.
3517 1535 94 20 L'autre
3626 1536 101 23 cycliste,
3742 1538 86 23 Jérôme
3840 1544 32 21 H..
3885 1533 42 35 S

2902 1564 41 23 W.,
2960 1565 26 19 50
3002 1569 51 17 ans.
3070 1569 31 15 au
3117 1564 106 19 moment
3240 1562 29 20 où
3286 1563 43 19 elle
3345 1563 91 18 traver-
3453 1559 75 20 blessé
3550 1559 16 20 à
3586 1561 23 18 la
3630 1561 118 20 mâchoire
3776 1566 22 19 et
3821 1567 15 21 à
3857 1558 68 34 lama»!

2901 1589 48 20 sait
2964 1590 24 19 la
3002 1594 42 15 rue
3059 1589 29 19 de
3104 1588 33 20 la'
3142 1587 116 23 Régence.
3274 1586 160 21 L'infortunée
3453 1584 82 20 droite.
3549 1595 28 5 —
3590 1585 28 21 E.

2902 1619 15 16 a
2931 1613 38 21 été
2983 1613 90 20 blessée
3087 1618 48 15 aux
3148 1612 98 23 jambes.
3260 1612 29 19 D.
3440 1606 6 33 |
3478 1619 28 4 —
3524 1609 230 26 L'auto-ambulance
3773 1619 15 14 a
3805 1616 102 25 transport!
3916 1625 8 16 1

2926 1647 29 6 —
2967 1638 33 20 Le
3014 1637 96 24 cycliste
3124 1638 60 19 Paul
3197 1637 34 21 B..
3244 1635 45 24 âgé
3302 1637 29 20 de
3345 1635 26 20 18
3384 1640 50 17 ans,
3441 1642 4 12 r
3453 1633 105 25 l'hôpital
3573 1635 29 20 de
3618 1637 23 18 la
3656 1641 42 16 rue
3713 1638 81 24 Haute,
3807 1641 52 22 Mme
3871 1646 54 21 Hêlbi.

2903 1667 87 18 garçon
3014 1662 110 22 boucher,
3147 1661 87 21 roulait
3258 1666 43 14 rue
3324 1661 111 18 d'Ander-
3453 1659 48 22 D...,
3521 1660 46 23 qui,
3588 1666 90 14 avenue
3699 1663 27 18 de
3745 1663 22 20 la
3785 1665 61 22 Porte
3861 1670 22 21 de
3893 1673 30 19 ai

3358 1684 76 20 blessé
3452 1685 66 19 avait
3530 1685 37 20 été
3578 1686 124 20 renversée
3712 1692 43 19 par
3764 1695 41 15 une
3814 1681 111 34 autocamiS

3453 1710 64 13 natta
3539 1711 10 12 T
3559 1715 11 8 a
3588 1711 93 12 nintim.
3698 1717 24 6 r.-.
3736 1713 68 10 _l-i_i
3824 1716 7 7 ■
3859 1708 66 15 .""»•■

2903 1688 63 19 lecht
2989 1687 104 22 lorsqu'il
3116 1687 38 19 fut
3177 1685 110 20 renversé
3312 1686 24 19 et

2902 1717 44 17 par
2969 1716 47 15 une
3039 1711 232 20 auto-camionnette.
3296 1710 21 19 Il
3339 1715 17 14 a
3377 1714 57 17 -requ

2902 1737 42 19 des
2959 1736 65 19 soins
3040 1735 16 21 à
3072 1735 111 22 l'hôpital.
3200 1735 28 19 D.

2926 1770 28 5 —
2972 1760 53 20 Rue
3044 1761 32 18 du
3096 1759 107 23 Progrès,
3223 1765 33 14 un
3276 1758 158 21 auto-camion

2902 1790 16 15 a
2941 1784 112 21 renversé
3078 1790 22 15 e*.
3126 1784 75 20 blessé
3226 1789 47 14 aux
3297 1783 91 23 jambes
3413 1783 21 19 le

2903 1811 95 20 cycliste
3022 1808 109 21 Léonard
3155 1809 36 22 D.,
3215 1808 26 19 32
3265 1813 50 16 ans,
3341 1807 94 21 ouvrier

2902 1834 134 20 menuisier.
3050 1834 28 19 D.

2927 1868 27 5 —
2969 1858 48 20 Par
3032 1858 62 20 suite
3110 1858 68 20 d'une
3195 1858 81 21 fausse
3291 1861 144 16 manœuvre,

2904 1883 20 19 le
2947 1883 161 22 motocycliste
3122 1882 86 23 .Emile
3231 1882 34 21 V.,
3288 1881 45 22 âgé
3355 1882 30 19 de
3408 1881 27 19 36

2902 1913 50 16 ans,
2974 1908 37 20 est
3031 1907 67 20 entré
3121 1912 29 15 en
3172 1906 112 21 collision,
3307 1906 126 19 boulevard

2901 1932 29 19 de
2949 1932 126 20 Waterloo,
3095 1937 57 14 avec
3172 1936 46 15 une
3239 1932 62 19 auto.
3321 1931 66 19 Dans
3407 1936 28 14 sa

2902 1957 71 19 chute
2987 1957 16 19 il
3017 1962 17 14 a
3047 1955 38 21 été
3099 1955 76 21 blessé
3189 1955 16 20 à
3219 1956 23 19 la
3257 1955 48 21 tête
3320 1958 23 18 et
3356 1960 42 15 sur
3413 1956 21 19 le

2902 1986 73 18 •ïorps.
2994 1981 28 19 T>.

2926 2015 28 6 —
2973 2006 39 19 En
3031 2006 137 19 traversant
3188 2005 24 19 la
3232 2010 42 14 rue
3294 2004 88 22 Neuve,
3403 2004 30 19 M.

2901 2030 106 22 Auguste
3025 2030 34 21 V.,
3079 2030 25 19 65
3122 2035 51 16 ans,
3191 2035 16 14 a
3225 2029 37 20 été
3282 2028 109 20 renversé
3411 2030 24 18 et

2901 2054 76 20 blessé
2993 2059 48 15 aux
3058 2054 90 22 jambes
3166 2060 44 16 par
3225 2058 45 15 une
3287 2055 63 18 auto.
3366 2054 29 19 D.

2928 2093 86 19 POUR
3038 2091 185 20 DECRASSER
3246 2091 16 20 à
3283 2091 58 19 fond
3364 2092 67 18 votre

2903 2117 107 19 vaisselle
3025 2117 25 19 et
3065 2116 84 19 rendre
3165 2121 42 14 vos
3221 2120 81 16 verres
3317 2115 116 22 brillants,

2903 2140 119 26 employez
3053 2146 45 14 une
3131 2140 83 24 pincée
3244 2141 29 19 de
3305 2141 128 20 LESSIVE

2904 2167 41 20 DU
2963 2167 99 19 GENIE
3079 2172 43 18 par
3140 2168 12 18 4
3169 2167 16 20 à
3202 2167 13 19 5
3232 2166 66 21 litres
3316 2166 75 20 d'eau.

3355 2191 73 20 (4122)

2928 2225 80 20 ACTE
3039 2225 43 20 DE
3111 2225 201 20 BANDITISME.
3340 2235 29 6 —
3396 2226 38 20 En

2902 2252 104 20 passant,
3026 2251 66 20 lundi
3112 2255 54 15 vers
3185 2251 26 18 21
3232 2251 91 20 heures,
3343 2255 90 15 avenue

2901 2275 70 20 Gieîe.
2991 2275 64 20 Mme
3074 2275 33 20 G.,
3125 2276 141 19 demeurant
3285 2281 41 15 rue
3344 2275 90 22 Royale

2902 2300 131 21 Ste-Marie.
3050 2306 15 14 a
3083 2299 37 20 été
3138 2300 111 22 attaquée
3267 2306 43 16 par
3326 2305 32 15 un
3376 2300 48 20 indi-

2901 2325 56 20 vidu
2975 2326 40 21 qui
3033 2326 33 19 lui
3084 2327 70 19 porta
3171 2330 33 15 un
3221 2325 88 22 violent
3327 2330 60 17 coup
3405 2326 28 18 de

2902 2355 70 15 po:ni
2987 2349 16 20 à
3019 2350 23 19 la
3058 2350 107 20 poitrine,
3181 2351 60 18 dans
3257 2350 131 19 l'intention
3404 2351 29 19 de

2902 2375 23 19 la
2945 2374 122 20 dévaliser.
3088 2375 53 19 Aux
3161 2377 47 18 cris
3229 2374 97 22 poussés
3346 2379 45 17 par
3410 2375 24 19 la

2901 2399 101 22 victime,
3022 2400 21 19 le
3062 2399 84 20 bandit
3163 2400 48 21 prit
3229 2404 59 18 peur
3306 2401 24 19 et
3348 2399 84 20 détala.

3406 2423 28 22 E.

2929 2453 34 19 La
2982 2452 75 21 farine
3075 2453 141 20 FORTIOR
3233 2454 57 19 vaut
3305 2453 56 21 bien
3378 2454 52 23 plus

2903 2483 44 20 que
2965 2483 44 16 son
3027 2479 91 22 argent.
3369 2479 59 20 (112)

2928 2510 213 21 DISPARITION.
3155 2522 31 4 —
3198 2511 38 20 On
3249 2512 39 20 est
3300 2516 58 16 sans
3371 2516 48 15 nou-

2901 2537 71 18 velles
2988 2537 28 19 de
3032 2537 63 19 Mme
3111 2537 65 20 Gilta
3191 2538 50 22 K...,
3257 2537 43 20 née
3314 2537 17 19 à
3344 2538 78 19 Varso-

2901 2561 36 20 vie
2955 2566 28 15 en
3001 2562 59 21 1913.
3078 2563 39 23 qui
3135 2567 16 14 a
3167 2562 76 24 qui:té
3260 2568 44 15 son
3322 2562 107 20 domicile

2900 2587 82 23 depuis
2999 2587 117 24 plusieurs
3133 2588 72 23 jours.
3221 2598 28 4 —
3264 2588 28 19 E.

2926 2620 105 20 CHUTE
3049 2619 73 21 D'UN
3139 2620 155 21 CYCLISTE.
3311 2631 27 4 —
3356 2621 76 20 Mardi

2900 2650 54 14 vers
2969 2646 14 18 7
2999 2645 85 20 heures
3100 2646 32 19 du
3147 2645 83 21 matin,
3246 2646 21 20 le
3283 2646 96 22 cycliste
3395 2647 28 18 Al-

2901 2670 89 20 phonse
3010 2670 30 19 H.
3060 2669 89 20 suivait
3168 2670 106 21 l'avenue
3294 2664 67 30 jpïes
3380 2671 52 19 Van

2901 2695 72 19 Praet
2987 2696 92 21 lorsque
3094 2696 24 18 la
3132 2696 98 18 fourche
3244 2695 29 21 de
3286 2696 25 19 la
3323 2695 110 20 machine

2900 2724 26 15 se
2959 2720 93 21 rompit
3085 2720 147 20 L'infortuné
3265 2721 87 18 tomba.
3385 2720 48 19 Des

2900 2744 105 19 ouvriers
3025 2744 101 21 témoins
3146 2745 28 19 do
3194 2745 123 20 l'accident
3336 2746 21 20 le
3376 2745 48 19 rele-

2900 2768 83 20 vèrent
3004 2774 58 14 avec
3083 2774 47 16 une
3152 2769 62 22 plaie
3235 2770 115 21 profonde
3372 2769 16 20 à
3409 2770 23 19 la

3453 1710 71 19 nette.
3539 1711 34 18 La
3588 1711 94 22 victime
3697 1708 25 24 se
3736 1713 70 24 plaint
3819 1708 106 35 fefcS

3453 1735 168 20 abdominales.
3642 1746 27 5 --
3689 1737 27 19 E.

3480 1761 58 20 LES
3557 1761 79 21 VOLS
3656 1762 80 22 DANS
3754 1765 165 25 L'AGGLOjfp»,

3452 1784 77 20 TION
3545 1786 222 23 BRUXELLOISE.
3781 1800 25 6 -
3819 1793 31 20 Un
3862 1775 54 39 S

3454 1810 56 20 s'est
3535 1810 115 22 introduit
3675 1813 58 19 dans
3757 1815 23 20 la
3801 1806 124 38 demeorfda

3453 1834 76 23 époux
3548 1836 53 20 Van
3620 1836 31 22 F.,
3671 1838 132 23 demeurant
3820 1848 34 16 nie
3866 1845 22 21 de
3899 1848 14 18 H

3453 1858 63 21 rode.
3538 1859 50 19 Une
3611 1865 89 15 somme
3722 1862 98 24 d'argent
3837 1868 86 24 rondeletu

3454 1885 23 19 et
3493 1885 42 19 des
3551 1885 99 21 bibelots
3665 1888 43 19 ont
3723 1888 35 21 été
3773 1893 149 22 emportai-»

3479 1918 28 7 —
3520 1910 66 19 Dans
3610 1911 23 19 la
3654 1913 53 19 nuit
3728 1914 28 19 de
3777 1915 57 21 lundi
3851 1918 13 20 à
3879 1913 44 28 car*

3452 1938 42 15 aes
3517 1934 115 21 inconnus
3653 1941 12 13 s
3667 1943 12 14 e
3700 1939 52 18 sont
3773 1939 103 24 introduits
3888 1946 36 20 dim

3452 1958 24 20 la
3495 1958 111 21 demeure
3626 1961 41 19 des
3686 1960 72 23 époux
3776 1964 59 22 Aline
3849 1967 17 19 D
3886 1957 38 33 bS

3454 1984 53 19 tant
3528 1988 41 15 rue
3590 1985 29 19 de
3640 1986 23 19 la
3682 1986 142 23 Promenade,
3840 1982 84 32 i/tlrak

3453 2010 76 16 caisse
3551 2007 31 19 du
3605 2009 106 23 magasin
3733 2015 14 14 a
3766 2011 35 21 été
3819 2014 77 23 fractarf
3907 2020 14 19 tt

3454 2036 47 36 S?
3512 2038 37 33 JL°
3555 2058 21 17 p
3575 2039 38 14 me
3634 2035 30 20 de
3686 2036 37 19 145
3744 2037 22 19 fr
3766 2051 5 6 *
3791 2043 14 15 a
3823 2039 30 21 été
3869 2047 24 16 en
3892 2049 24 17 w
3915 2051 7 9 k

3478 2091 28 4 —
3519 2082 38 19 En
3588 2083 152 23 débarquant,
3768 2086 56 22 lundi
3849 2092 34 18 soir
3902 2094 17 20 fa

3453 2106 69 21 tram,
3543 2108 66 21 place
3629 2109 30 19 de
3679 2110 23 18 la
3720 2110 145 26 Constitution,
3876 2106 20 30 i
3903 2118 16 20 a

3455 2130 36 22 H.,
3518 2136 16 15 a
3560 2133 108 20 constaté
3694 2139 43 16 que
3761 2141 40 15 eon
3823 2140 96 22 twrtefitfle

3453 2157 129 19 contenant
3601 2162 45 14 une
3665 2163 86 16 somme
3768 2161 26 19 de
3809 2162 33 20 550
3854 2165 19 18 fr
3886 2153 34 32 E

3454 2185 45 15 oue
3524 2181 41 19 des
3591 2182 93 22 papiers
3709 2184 111 21 d'affaires
3840 2190 46 19 avait
3899 2191 21 18 i-i

3453 2204 58 20 volé.
3526 2215 27 4 —
3568 2206 27 19 E.

3479 2239 28 4 —
3519 2229 38 20 L'n
3583 2231 154 21 cambrioleur
3759 2239 15 15 a
3795 2235 76 22 pénétré
3886 2239 35 21 dus

3453 2253 23 18 la
3489 2254 118 23 propriété
3622 2255 41 19 des
3676 2255 73 24 époux
3761 2257 76 24 Joseph
3847 2260 26 22 R,
3881 2262 39 19 tafc.

3453 2279 53 21 tant
3523 2284 42 16 rue
3582 2281 105 20 Armand
3702 2282 149 23 Campenhout
3862 2286 26 22 Du
3896 2288 20 20 lin-

3452 2307 36 18 ge,
3503 2302 43 20 des
3560 2303 77 24 objets
3652 2305 28 19 de
3695 2305 72 21 literie
3780 2309 21 18 et
3814 2308 33 20 des
3857 2309 62 22 bibeiob

3454 2329 41 19 ont
3505 2329 104 22 disparu.
3619 2340 29 4 —
3656 2331 28 19 E.

3478 2363 27 4 —
3519 2353 38 21 En
3575 2356 94 18 sortant
3687 2356 53 20 d'un
3757 2356 137 25 établissement
3904 2363 15 18 it

3455 2378 23 19 la
3501 2378 72 20 Porte
3595 2379 30 19 de
3648 2379 96 25 Ninov*
3764 2382 55 21 Hme
3836 2376 52 29 Denis
3901 2386 18 22 F,

3454 2407 14 14 a
3489 2403 108 20 constaté
3618 2409 44 17 que
3681 2410 43 15 son
3742 2409 38 17 s*e
3796 2407 14 20 à
3825 2409 47 20 main
3885 2399 34 32 étîft

3456 2426 82 18 ouvert
3562 2429 23 16 et
3610 2432 45 18 que
3680 2433 42 14 son
3745 2430 126 22 porte-billets
3885 2438 32 14 coo-

3452 2452 89 19 tenant
3553 2452 39 20 300
3608 2454 29 18 fr.
3654 2454 23 19 et
3693 2455 40 19 des
3748 2460 88 18 coupons
3848 2458 70 21 d'actlcrj

3454 2476 65 20 avait
3529 2477 103 21 disparu.
3642 2488 27 4 —
3679 2479 26 19 R

3480 2500 154 22 PASSANTS
3648 2502 172 23 RENVERSES
3829 2505 47 22 P4B
3882 2507 35 20 DH

3453 2525 106 20 AUTOS.
3578 2536 27 4 —
3625 2527 37 20 En
3682 2529 129 21 traversant
3827 2531 47 20 lundi
3885 2533 31 20 soir,

3454 2550 24 19 la
3492 2555 43 15 rue
3550 2552 31 18 du
3597 2551 63 22 Midi,
3675 2552 16 20 à
3705 2553 77 22 l'angle
3793 2556 25 19 de
3829 2556 19 19 la
3857 2561 28 15 rue
3893 2557 23 19 au

3454 2575 99 21 Pierres.
3573 2576 31 19 M.
3624 2576 112 21 Mordeba
3752 2578 129 24 Waycenbere,
3891 2580 25 21 in

3453 2600 29 19 de
3499 2600 25 18 24
3542 2605 51 16 ans,
3610 2602 63 21 sujet
3690 2603 103 22 polonais,
3808 2604 108 22 représentait

3455 2624 28 19 de
3508 2629 137 19 commerce,
3669 2632 16 14 a
3708 2626 35 21 été
3765 2628 74 22 surpris
3855 2631 17 18 et
3886 2629 30 25 Mj

3453 2648 68 20 versé
3539 2655 44 16 par
3599 2656 46 15 une
3662 2653 61 19 auto.
3739 2652 19 20 Il
3773 2653 32 19 fut
3817 2653 55 21 relevé
3881 2659 35 20 aw$
3927 2661 3 14 ;

3455 2673 41 19 des
3508 2673 117 21 blessures
3638 2675 15 20 à
3663 2676 25 19 la
3699 2676 46 20 tête
3755 2677 22 19 et
3786 2682 34 15 sur
3827 2678 16 20 le
3851 2683 43 18 corps
3899 2679 16 19 D.

3479 2708 28 4 —
3519 2698 38 20 En
3571 2700 135 20 traversant
3717 2702 24 19 la
3752 2707 38 15 rue
3800 2703 25 19 de
3831 2703 18 20 la
3857 2703 59 21 Viens-

3454 2722 78 23 Noire,
3547 2723 64 22 Mme
3626 2724 84 21 Louise
3724 2725 35 22 M.,
3772 2726 48 23 âgée
3829 2728 20 20 de
3858 2727 18 19 49
3884 2732 31 16 ans,

3453 2752 16 15 a
3484 2747 39 20 été
3538 2749 124 20 renversée
3678 2755 42 16 par
3733 2755 43 16 une
3788 2753 46 18 auto.
3843 2751 43 21 Urne
3892 2751 22 27 \\t,

3504 2773 4 9 l
3511 2778 13 7 °
3543 2773 90 20 blessée
3650 2779 47 15 aux
3714 2775 104 20 membres
3827 2785 20 5 —
3856 2776 20 19 D,
3894 2786 6 4 •
3908 2770 6 18 '

2902 2850 105 32 LES
3032 2849 233 34 CONTES
3281 2851 78 32 DE
3374 2851 75 32 LA
3466 2861 25 23 «
3505 2853 215 35 NATION
3742 2855 142 33 BELGE
3896 2866 4 21 :

3026 2942 779 101 JOUJOUX

3958 625 28 40 l'a

3973 785 13 23 D

3958 819 27 23 ion

3956 849 29 22 i<

3973 892 12 33 t

3971 936 14 23 r

3957 971 27 19 ■M

3956 1000 29 23 un

3973 1062 12 26 U

3956 1094 27 27 irtri

3956 1122 28 28 »ic

3956 1162 13 17 t
3982 1159 3 11 '

3957 1185 28 26 por

3956 1210 29 26 On

3956 1239 29 23 <irt

3957 1269 22 22 tic

3973 1294 12 22 û

3957 1328 28 22 boa

3956 1355 29 24 loto

3957 1384 19 23 W

3957 1414 28 22 bon

3957 1443 28 35 P

3957 1472 18 21 tv

3955 1497 28 31 qn'i

3956 1533 23 19 ire.

3956 1556 29 26 lit

3955 1590 30 26 pin

3955 1620 30 21 i*oi

3955 1647 30 20 tout

3956 1672 28 22 .F(

3954 1702 27 21 illf

3956 1720 28 34 Si

3956 1763 26 18 m

3955 1786 29 25 Kil.

3972 1815 12 22 L

3954 1847 23 21 (lt

3954 1873 30 30 piio

3954 1902 29 30 prit

3954 1938 28 24 pon

3953 1962 31 22 lile:

3954 1980 20 32 i

3953 2015 31 56 fi

3954 2075 30 22 bdt

3953 2103 31 25 feà

3969 2133 14 22 0

3952 2162 29 22 iD

3953 2191 30 21 chei

3951 2221 30 22 br

3967 2247 14 22 D

3952 2277 31 25 Lié*

3951 2304 30 23 Paît

2927 3113 79 25 Joseph
3024 3112 121 26 Chamassu,
3162 3114 47 20 chef
3225 3114 26 21 de
3268 3114 78 21 bureau
3363 3112 57 21 hono-

2903 3142 58 23 raire,
2981 3143 108 24 parafait
3108 3143 75 20 tourné
3203 3148 81 15 comme
3304 3149 29 14 un
3352 3147 35 15 sac
3407 3141 26 21 de

2903 3170 122 24 betteraves,
3035 3172 52 20 mais
3097 3178 38 14 son
3145 3171 91 21 extrême
3247 3172 94 24 politesse
3352 3169 80 22 caclnit

2902 3205 28 15 un
2942 3204 90 19 manque
3044 3198 84 21 évident
3140 3199 26 20 de
3179 3198 81 22 beauté.
3273 3200 67 24 Jeune
3353 3204 79 15 encore,

2902 3228 14 20 il
2932 3228 58 20 avait
3006 3229 42 23 pris
3063 3227 114 22 l'habitude
3193 3227 64 22 d'être
3274 3227 39 21 tiré
3329 3228 13 21 à
3359 3229 74 23 quatre

2902 3255 95 25 épingles,
3016 3255 58 20 selon
3094 3255 29 21 les
3144 3256 85 21 conseils
3250 3257 25 20 de
3295 3262 39 15 son
3355 3257 77 19 tuteur.

2901 3282 119 25 Théophile,
3035 3290 29 15 un
3078 3284 47 21 vieil
3140 3284 58 19 oncle
3213 3283 124 22 célibataire.
3352 3283 69 25 Orphe-

2902 3313 28 19 lin
2943 3313 36 20 dès
2991 3314 18 20 le
3022 3313 85 20 berceau
3120 3318 39 19 par
3172 3319 28 14 un
3214 3318 54 19 coup
3281 3313 26 20 de
3319 3315 44 18 sort
3376 3312 46 20 inex-

2903 3340 91 25 plicable,
3011 3341 14 20 il
3040 3341 36 21 int
3094 3340 68 21 dressé
3179 3347 41 14 aux
3237 3341 79 20 bonnes
3333 3340 99 21 manières

2903 3375 38 18 par
2958 3376 23 15 oe
2999 3371 74 23 parent
3092 3369 137 24 providentiel
3249 3370 36 23 qui
3304 3368 62 21 disait
3383 3374 38 14 sou-

2902 3399 50 18 vent
2958 3403 6 14 :
2986 3402 13 14 c
3012 3395 84 22 L'habit
3115 3397 39 22 fait
3172 3397 18 21 le
3208 3397 76 20 moine.
3297 3403 13 15 >
3328 3397 46 21 Une
3393 3396 40 20 fois

2902 3430 53 19 pour
2967 3427 74 21 toutes,
3054 3427 13 20 il
3078 3427 58 20 avait
3148 3427 90 24 compris
3249 3427 50 23 qu'il
3312 3426 71 21 n'était
3396 3431 36 18 pas

2903 3453 66 20 formé
2982 3460 53 17 pour
3047 3456 29 20 les
3088 3460 92 14 amours.
3193 3454 60 20 Passé
3265 3454 21 20 la
3297 3454 136 20 soixantaine,

2901 3487 29 14 on
2942 3489 26 15 ne
2979 3483 104 23 l'appelait
3095 3482 46 24 plus
3154 3488 40 18 que
3205 3481 112 21 l'excellent
3329 3481 104 21 monsieur

2902 3508 85 25 Joseph.
2999 3511 18 20 Il
3028 3515 15 21 y
3055 3510 57 20 avait
3125 3513 100 21 pourtant
3238 3516 28 14 un
3279 3509 89 25 mystère
3381 3509 51 20 dim?

2901 3545 23 14 sa
2940 3539 33 20 vie
2989 3540 117 23 tranquille.
3123 3540 78 24 Depuis
3216 3538 37 21 des
3269 3544 75 15 annocs
3359 3542 22 18 et
3397 3538 37 20 des

2902 3566 81 21 années,
2995 3568 14 20 à
3022 3568 86 24 Pâques,
3121 3569 13 20 à
3147 3566 59 24 Noël,
3219 3567 13 20 à
3245 3567 19 20 la
3278 3565 148 25 Saint-Jcscph

2902 3596 28 19 les
2942 3594 90 22 Galeries
3043 3596 115 20 recevaient
3169 3602 23 14 sa
3203 3595 67 21 visite.
3281 3595 18 20 Il
3311 3595 61 20 disait
3383 3598 37 17 tou-

2902 3623 59 25 jours
2971 3623 29 21 les
3011 3623 76 20 mêmes
3099 3624 89 24 paroles:

2927 3668 27 5 —
2966 3659 26 24 Je
3005 3658 65 20 désire
3082 3657 36 21 des
3131 3658 68 24 jouets
3213 3663 53 19 pour
3279 3663 29 15 un
3321 3657 80 23 enfant,
3413 3656 19 21 k

2903 3692 57 15 cosse
2973 3686 50 20 d'un
3035 3686 42 20 ami
3091 3686 94 21 lointain.

2928 3715 32 20 En
2976 3715 51 20 vain
3043 3715 29 20 les
3088 3715 79 20 bonnes
3184 3722 48 17 sens
3248 3722 21 14 se
3286 3714 146 21 demandaient

2902 3743 12 20 à
2930 3744 48 23 quel
2994 3744 72 20 enfant
3084 3747 46 18 tant
3146 3744 26 21 de
3189 3744 87 24 jou'oux
3292 3742 78 22 étaient
3387 3741 44 22 d*S-

2903 3771 59 22 tinés.
2979 3772 46 21 Une
3041 3771 74 24 langue
3132 3771 26 21 de
3175 3771 70 24 vipère
3262 3770 103 21 chuchota
3385 3770 47 24 ^u'i!

2901 3798 100 25 s'agissait
3026 3800 62 21 d'une
3113 3799 102 25 paternité
3240 3798 101 21 honteuse
3345 3805 7 17 ;
3379 3800 51 19 «ttt

2904 3834 16 13 rt
2925 3833 85 19 marque
3022 3835 26 14 ne
3062 3829 32 20 fut
3107 3834 36 18 pas
3155 3828 101 24 acceptée.
3268 3828 39 22 Les
3319 3828 53 20 mois
3385 3834 36 18 pas-

2903 3857 72 22 saient,
2992 3857 29 20 les
3039 3855 80 24 lustres,
3138 3856 28 20 les
3184 3855 93 25 décades,
3295 3859 22 17 et
3335 3855 97 24 toujo-rs

2902 3890 39 15 aux
2954 3884 76 20 mêmes
3042 3884 59 20 dates
3112 3885 13 19 il
3138 3883 90 21 achetait
3240 3891 29 13 un
3281 3884 38 24 joli
3331 3889 99 15 monc-jzu

2902 3912 25 21 de
2941 3914 75 23 jouets.
3030 3913 45 20 Une
3088 3912 59 21 veille
3160 3911 26 21 de
3200 3911 60 24 Noël,
3274 3917 80 15 comme
3368 3913 14 19 il
3395 3917 26 14 en-

2902 3941 49 21 trait
2963 3948 41 14 aux
3017 3940 96 25 Galeries,
3125 3942 14 20 il
3153 3942 32 20 fut
3197 3941 54 21 servi
3263 3947 38 19 par
3314 3948 39 14 une
3366 3941 66 20 vieille

2902 3969 109 21 vendeuse.

2926 4007 28 5 —
2970 3995 27 25 Je
3015 3996 57 20 viens
3090 3995 82 21 acheter
3189 3995 36 21 des
3243 3995 69 25 jouets
3330 4001 54 19 pour
3403 4001 28 15 un

2902 4024 79 23 enfant,
2995 4024 55 20 dit-il
3065 4024 62 21 d'une
3141 4024 48 21 voix
3204 4024 70 22 flûtée.

2926 4063 28 5 —
2973 4053 55 21 Avec
3047 4053 19 21 le
3086 4055 74 23 temps,
3179 4052 13 20 il
3212 4060 13 14 a
3245 4053 28 20 dû
3294 4052 89 25 changer
3402 4058 28 15 un

2902 4086 46 18 peu,
2962 4084 31 16 cet
3007 4081 80 21 enfant,
3102 4080 117 24 reprit-elle.

2927 4110 17 20 Il
2959 4112 95 21 emporta
3070 4108 100 25 plusieurs
3184 4110 73 21 avions
3272 4110 123 21 minuscules
3409 4112 22 17 et

2901 4137 85 24 déplora
3000 4139 26 20 de
3041 4144 26 15 ne
3083 4138 45 24 plus
3144 4139 45 20 voir
3204 4138 13 21 à
3232 4138 93 25 l'étalage
3341 4138 36 20 des
3392 4137 28 21 bil-

2902 4165 88 25 boquets
3006 4170 20 16 ct
3043 4166 37 21 des
3097 4167 81 23 toupies
3195 4166 13 20 à
3226 4166 100 24 musique.
3345 4165 86 21 Comm**

2901 4193 126 22 d'habitude,
3042 4193 14 21 il
3072 4196 68 17 rentra
3154 4193 53 21 dans
3221 4199 22 15 sa
3258 4194 78 23 grande
3351 4194 79 20 maison

2902 4221 89 21 solitaire
3006 4225 22 17 et
3044 4223 68 21 gravit
3130 4229 28 14 un
3174 4223 84 20 escalier
3273 4229 26 14 en
3317 4221 114 24 colimaçon

2901 4250 36 23 qui
2953 4250 76 20 menait
3045 4255 46 15 vers
3108 4256 39 14 une
3163 4249 97 21 chambre
3276 4251 27 20 où
3320 4251 36 20 nul
3372 4253 59 17 autre

2901 4283 40 18 que
2957 4277 29 21 lui
3002 4277 79 20 n'avait
3097 4276 75 25 jamais
3187 4277 90 25 pénétré.
3294 4278 18 20 Il
3330 4279 49 23 pbsa
3396 4284 35 14 sur

2901 4305 99 24 plusieurs
3014 4306 77 22 chaises
3104 4313 32 15 ses
3151 4306 113 25 emplettes,
3279 4307 78 20 alluma
3372 4306 48 20 brus-

2901 4336 98 22 quement
3015 4333 19 20 le
3051 4334 66 23 grand
3134 4333 63 22 lustre
3214 4335 28 20 du
3262 4334 86 24 plafond
3365 4338 24 17 et
3405 4333 25 20 fit

2901 4361 62 20 sortir
2985 4361 25 21 de
3033 4361 86 22 l'ombre
3143 4368 28 15 un
3194 4362 76 22 monde
3294 4363 77 21 bariolé
3395 4368 13 19 Q
3411 4372 5 10 1
3417 4368 13 14 "

2902 4389 70 21 n'était
2985 4396 36 17 pas
3034 4396 94 14 nouveau
3141 4396 53 18 pour
3206 4390 28 21 lui
3245 4394 22 17 et
3280 4392 35 23 qui
3328 4390 102 22 Penclm-

2901 4417 39 20 tait
2962 4418 102 23 toujours.
3087 4418 75 21 C'était
3184 4425 29 14 un
3235 4420 52 23 pcîit
3309 4420 73 24 peuple
3405 4419 25 20 J^

2903 4445 72 23 jouets,
2991 4445 110 21 assemblés
3117 4453 25 14 en
3159 4448 61 20 ordre
3237 4447 111 25 mirifique,
3365 4451 20 17 et
3403 4447 28 20 ks

2902 4474 45 23 plus
2960 4474 83 21 anciens
3058 4474 132 20 paraissaient
3206 4476 53 20 a*Jssi
3274 4476 60 20 neufs
3348 4482 41 17 que
3403 4475 28 20 ks

2900 4501 45 24 plus
2956 4501 84 20 récents.
3050 4501 17 20 II
3077 4502 82 20 adressa
3169 4503 20 20 la
3199 4503 70 24 parole
3279 4509 26 15 au
3316 4503 69 24 doyen
3395 4503 35 19 des

2901 4529 146 24 polichinelles:

2925 4568 29 5 —
2975 4556 105 24 Toujours
3102 4557 43 22 bon
3166 4558 55 25 pied,
3243 4558 43 22 bon
3308 4558 39 22 œil.
3370 4564 49 14 mon-

2900 4583 68 21 sieur?
2985 4584 64 22 dit-il.

2928 4613 47 21 Puis
2995 4614 13 20 il
3026 4614 123 24 s'approcha
3168 4615 61 21 d'une
3248 4615 79 25 barque
3346 4616 27 20 où
3393 4615 37 20 tri-

2901 4641 77 20 maknt
2993 4641 52 21 deux
3060 4646 92 16 rameurs
3167 4642 74 20 vernis.
3256 4643 18 21 Il
3288 4644 70 20 s'écria
3373 4642 46 21 bien-

2901 4667 41 21 tôt:

2925 4707 32 5 —
2970 4696 84 24 Stop!...
3066 4698 33 21 Au
3114 4700 54 21 port.

2927 4730 17 20 Il
2957 4731 29 21 lui
2999 4734 61 22 parut
3074 4733 50 23 qu'il
3138 4733 69 21 venait
3220 4734 27 20 dc
3260 4740 91 19 voyager
3363 4734 13 20 à
3390 4739 39 19 peu

2901 4758 25 20 de
2940 4760 49 20 frais
3000 4763 21 17 et
3034 4759 62 21 d'une
3109 4760 62 24 façon
3184 4761 127 21 charmante.
3325 4763 17 19 II
3356 4767 73 15 ranzci

2901 4793 34 15 sur
2954 4794 40 15 une
3013 4788 56 21 tabk
3087 4789 36 21 des
3141 4789 79 22 soldats
3239 4790 26 20 de
3284 4790 83 25 plomb;
3388 4797 41 14 c*vi

2901 4814 44 22 fait,
2960 4814 101 22 allumant
3075 4824 23 14 sa
3115 4818 53 23 pipe,
3183 4819 15 20 il
3212 4819 78 21 souffla
3306 4825 40 14 une
3361 4824 69 19 grossi

2900 4843 85 20 bouffée
3001 4849 53 18 pour
3070 4845 83 21 simuler
3169 4852 40 14 une
3227 4845 67 22 fumée
3311 4847 25 20 de
3352 4852 67 14 canon-

2901 4870 59 22 nade.
2974 4872 16 20 Il
3006 4874 48 21 tapa
3068 4873 28 23 du
3112 4874 45 23 pied
3171 4876 22 17 et
3207 4873 118 25 proclama:

2925 4908 27 4 —
2965 4897 25 24 Je
3003 4899 42 21 suis
3058 4902 86 18 content
3158 4900 26 21 dc
3197 4907 61 16 vous.

2926 4933 45 21 Une
2988 4934 38 20 fois
3041 4935 77 20 couché
3132 4935 51 22 dans
3199 4943 28 14 un
3241 4936 25 21 lit
3281 4937 149 21 monumental,

2901 4961 13 20 i!
2928 4961 24 20 fit
2967 4966 28 14 un
3009 4962 47 21 rêve
3069 4962 109 22 singulier:
3192 4970 37 14 son
3245 4964 58 21 oncle
3317 4963 113 27 Théophile

2901 4989 102 23 avançait,
3027 4989 86 21 chaussé
3137 4991 146 27 d'espadrilles,
3308 4995 22 19 ct
3354 4993 75 25 parlait

2900 5016 51 22 dans
2964 5023 28 14 un
3006 5018 51 23 petit
3071 5024 73 18 nuage.

2923 5054 28 5 —
2964 5046 45 23 Que
3025 5045 73 21 fais-tu
3113 5047 26 21 de
3155 5049 47 20 tant
3217 5049 26 21 de
3259 5049 82 23 jouets?
3357 5049 71 21 Est-ce

2899 5072 26 20 dc
2939 5076 37 18 ton
2990 5073 52 24 âge?
3057 5073 33 22 Tu
3104 5074 82 22 devrais
3201 5077 81 24 rougir!

2923 5118 28 6 —
2964 5108 12 19 \
2983 5113 38 15 ous
3035 5110 78 20 m'avez
3127 5110 69 22 donné
3210 5119 22 14 ce
3247 5113 51 21 vice.
3311 5112 113 21 Souvenez-

2900 5141 57 17 vous,
2969 5136 68 24 j'étais
3050 5142 28 14 un
3090 5138 74 21 enfant
3177 5139 41 21 très
3231 5140 41 21 laid
3285 5142 52 20 mais
3350 5147 28 14 un
3392 5146 26 15 en-

2901 5163 44 21 fant
2959 5166 48 18 tout
3020 5164 27 21 de
3062 5165 73 21 même.
3150 5166 57 22 Vous
3222 5174 26 15 ne
3263 5167 118 22 m'achetiez
3396 5169 21 24 ja-

2899 5192 50 20 mais
2961 5192 26 21 de
2999 5190 75 25 jouets.
3085 5194 42 24 J'ai
3140 5195 63 22 voulu
3216 5202 33 15 me
3263 5199 103 22 rattraper
3377 5202 51 15 avec

2899 5218 57 25 l'âge.

2922 5256 29 5 —
2969 5245 26 25 Je
3015 5248 92 22 confesse
3127 5256 44 16 mes
3190 5253 61 21 torts,
3271 5252 63 25 reprit
3354 5252 73 21 ronde

2897 5272 121 30 Théophikj
3031 5276 96 25 toujours
3139 5285 27 14 en
3180 5279 55 22 rêve.
3249 5280 55 21 Mais
3318 5281 38 25 toi,
3369 5283 56 18 as-tu

2898 5302 68 21 donné
2978 5310 29 15 un
3018 5306 43 20 seul
3074 5305 58 24 jouet
3144 5307 14 21 à
3170 5312 28 16 un
3210 5308 88 22 enfant?

2921 5341 29 6 —
2962 5331 57 24 Non,
3032 5337 50 15 mon
3097 5334 64 21 oncle.

2921 5370 27 5 —
2960 5360 67 21 Alors,
3038 5365 23 18 tu
3074 5369 25 15 ne
3110 5370 56 15 vaux
3178 5371 37 17 pas
3226 5365 69 22 mieux
3306 5372 40 19 que
3358 5366 54 21 moi!

2923 5392 49 22 Cela
2984 5395 39 22 dit,
3034 5396 73 21 l'oncle
3119 5397 114 26 Théophile
3245 5405 22 16 se
3279 5399 76 26 dissipa
3369 5406 45 14 com-

2897 5426 33 15 me
2948 5428 40 15 une
3005 5428 86 19 vapeur.
3109 5425 29 21 Le
3155 5426 123 23 lendemain.
3297 5427 32 21 M.
3348 5425 81 28 Joseph'

2890 5449 122 25 -Cbamassu
3027 5452 69 27 quitta
3108 5460 26 17 sa
3149 5454 80 22 maison
3243 5455 15 22 à
3272 5456 22 22 la
3309 5457 46 22 nuit
3370 5462 56 16 tom¬

3453 3116 62 22 bante
3525 3121 21 18 et
3556 3118 42 21 s'en
3609 3117 40 21 alla
3660 3125 44 15 vers
3712 3118 28 22 les
3750 3117 80 22 Galeries.
3839 3116 42 22 Cette
3886 3114 25 23 tt.

3453 3145 13 20 U
3480 3152 25 15 ne
3518 3147 85 23 regarda
3616 3151 37 19 pas
3665 3148 27 21 les
3704 3147 63 24 jouets
3778 3146 43 20 mais
3830 3144 39 21 dem
3877 3142 35 26 petfe

3452 3177 87 20 garçons
3555 3175 153 24 recroquevillés
3723 3175 13 21 à
3750 3176 17 20 la
3780 3173 96 21 devanture.

3478 3212 28 5 —
3517 3201 54 22 Noël
3584 3208 53 16 vous
3648 3205 105 23 apportera
3764 3208 20 18 c«
3795 3207 33 19 que
3837 3205 39 16 vom
3882 3203 29 17 W*

3453 3228 36 25 lez,
3504 3230 63 21 dit-il.

3476 3268 30 5 —
3520 3259 19 21 II
3554 3262 32 18 est
3604 3260 59 21 fâché
3678 3262 67 19 contre
3759 3265 43 15 mon
3815 3257 46 25 pèn!
3872 3255 40 21 s*»

3453 3285 18 21 le
3484 3286 46 24 plus
3544 3288 70 21 malin.

3479 3314 92 26 Quelque
3587 3320 67 21 temps
3668 3315 63 25 après,
3745 3316 32 21 des
3790 3315 62 20 bonnes
3862 3311 50 20 ittJJ*-

3453 3342 101 23 bavardes
3567 3351 23 15 se
3605 3344 149 21 demandèrent:

3479 3382 27 6 —
3520 3373 32 21 Où
3569 3379 27 15 va
3611 3372 54 21 donc
3681 3373 17 20 le
3713 3378 70 19 pauvre
3796 3368 88 23 mosîiecr?
3892 3365 14 22 Se-

3454 3400 64 21 rait-il
3531 3405 119 18 amoureux,
3662 3402 12 20 à
3685 3408 37 14 son
3733 3400 47 24 âge?
3791 3399 15 20 Il
3815 3401 26 17 est
3849 3399 33 22 tfld
3888 3398 18 16 em-

3455 3427 91 22 barrassé
3556 3430 25 21 de
3593 3429 73 24 boites,
3675 3433 21 18 et
3706 3430 13 20 il
3730 3435 23 15 ne
3762 3430 37 19 sort
3809 3432 29 19 pas
3845 3425 26 20 do
3878 3421 28 22 Gale-

3454 3455 52 21 ries?
3520 3457 33 21 Où
3567 3458 86 20 va-t-U?

3479 3483 19 22 II
3508 3485 57 21 allait
3576 3487 51 21 dans
3638 3487 28 20 les
3677 3485 73 23 ruelles,
3760 3484 56 26 posait
3825 3477 85 26 furuvaurf

3452 3519 26 14 au
3488 3514 50 21 seuil
3548 3513 35 21 des
3593 3514 88 20 maisons
3690 3514 88 20 obscures
3785 3513 30 20 des
3823 3510 49 21 boites
3876 3510 35 17 ea*

3453 3540 68 21 banne
3522 3547 27 14 rs.

3476 3587 29 5 —
3516 3576 54 21 C'est
3581 3585 52 16 pour
3643 3577 51 20 Noël
3703 3580 20 18 ct
3732 3581 48 20 pour
3788 3575 24 20 le
3818 3574 52 20 autres
3874 3569 36 25 j**

3454 3605 155 21 murmurait-;'!.
3624 3607 26 23 Je
3665 3612 26 15 ne
3704 3604 41 21 suis
3759 3610 33 19 pas
3804 3602 16 21 le
3832 3598 80 23 bonhe**

3454 3631 58 24 Noël,
3528 3633 52 20 mais
3595 3632 20 25 je
3631 3633 18 20 k
3665 3633 94 24 remplace
3773 3637 24 15 un
3811 3629 40 25 petit
3861 3631 29 20 I».
3896 3624 14 25 I

3453 3661 48 21 soir,
3513 3661 58 22 m'est
3583 3663 51 21 avis.
3647 3662 16 20 Il
3676 3667 13 14 a
3700 3661 97 23 beaucoup
3806 3659 21 20 de
3836 3658 24 18 tra
3860 3657 49 32 va*^

3480 3690 40 20 Par
3530 3692 88 20 miracle,
3629 3691 74 23 malgré
3713 3692 17 20 k
3739 3689 57 25 grand
3805 3685 48 23 froid.
3859 3680 51 42 JFJJ

3453 3715 60 22 chose
3526 3724 26 15 cn
3566 3719 28 21 lui
3606 3725 22 15 se
3642 3718 83 24 dégelait
3731 3724 6 14 :
3750 3718 12 20 il
3775 3713 95 22 connaissait
3877 3711 32 18 e*i

3454 3751 39 16 une
3504 3749 60 18 autre
3575 3746 82 20 chaleur
3668 3753 39 18 que
3718 3747 18 19 la
3747 3744 71 21 chaleur
3826 3742 22 20 du
3856 3737 54 22 chu*

3453 3776 20 18 et
3485 3773 30 21 du
3530 3775 33 21 feu
3577 3775 26 21 de
3615 3775 52 22 bois.
3904 3788 6 4 -

3479 3801 59 21 Cette
3554 3803 101 22 année-là,
3670 3804 13 20 il
3698 3802 65 20 donna
3777 3800 22 20 de
3812 3798 38 24 quoi
3860 3796 50 19 cOT

3485 3831 46 23 plus
3546 3832 32 20 bel
3592 3831 59 21 arbre
3664 3832 26 20 de
3705 3829 48 21 Noël
3767 3829 31 25 qui
3810 3826 32 25 plia
3852 3821 57 25 »!**•

3454 3861 56 17 ment
3530 3864 48 16 sous
3598 3859 19 20 lc
3637 3859 59 25 poids
3714 3863 73 15 comme

3843 3849 67 22 viJraitB

3453 3887 101 24 pommier
3567 3888 125 23 d'a*jtomne,
3704 3885 76 22 accablé
3792 3883 21 21 de
3825 3881 48 22 fruits.

3478 3916 19 21 Il
3510 3917 31 20 fut
3555 3916 52 25 béni,
3620 3917 40 20 fêté
3672 3915 72 24 malgré
3755 3914 35 23 lui;
3800 3910 74 26 plusieurs
3880 3906 29 41 ifl^

3453 3949 43 16 mes
3514 3943 41 21 très
3573 3945 93 20 robustes
3684 3943 100 22 voulurent
3799 3940 12 21 à
3825 3939 41 20 toute
3865 3936 45 41 ijm

3453 3971 126 23 l'embrasser
3588 3980 27 15 en
3626 3975 18 20 k
3655 3973 82 20 traitnnt
3747 3976 42 19 gros
3797 3970 62 18 comme
3864 3963 14 21 le
3883 3963 27 17 *

3451 3999 26 21 de
3488 3998 126 23 bonhomme
3626 4000 57 20 Noël.
3695 4000 16 20 Il
3723 4001 47 19 resta
3780 3994 78 22 modeste.
3864 4012 45 18 ^^

3479 4026 85 27 Chaque
3583 4028 65 25 hiver,
3667 4035 26 15 on
3712 4028 27 21 lui
3756 4026 50 22 éleva
3822 4028 30 15 une
3864 4021 45 22 P»"

3452 4057 68 21 statue
3537 4057 77 22 devant
3630 4065 23 14 sa
3670 4059 56 23 porte
3741 4061 24 15 en
3780 4054 46 20 siene
3838 4048 20 22 de
3868 4047 43 22 M

3453 4085 103 22 naissance
3575 4091 21 16 ct
3615 4086 98 22 d'amour,
3730 4089 36 15 une
3782 4082 56 20 statue
3851 4082 18 15 a
3880 4076 31 17 I*

3453 4112 56 23 neige
3522 4113 85 24 pressée.
3840 4130 48 14 ^^
3896 4127 14 12 ,

3478 4141 47 21 Plus
3541 4143 25 20 de
3581 4143 46 23 cinq
3642 4141 77 21 années,
3733 4140 13 21 il
3759 4143 49 16 cassa
3819 4132 84 30 &**>***

3451 4170 49 23 qu'il
3517 4171 89 24 appelait
3622 4177 23 14 sa
3661 4168 73 26 grande
3749 4166 64 21 tirelire
3825 4166 31 16 anx
3865 4161 41 21 M

3453 4198 15 19 I!
3485 4204 25 14 ne
3527 4198 85 24 pouvait
3628 4200 28 20 les
3671 4196 93 26 répandre
3778 4195 39 20 tout
3829 4189 81 30 «l

3452 4226 68 21 c'était
3539 4227 122 25 impossible.
3680 4226 65 22 Enfin,
3761 4224 18 20 la
3793 4217 113 47 )J-JJ|

3836 4266 68 28 5'chdT^

3964 2584 19 22 M;

3949 2612 34 22 nlvr

3950 2641 33 21 iilti

3949 2668 32 21 itio

3947 2778 36 23 fini

3963 2808 18 21 B

3945 2834 32 23 lait

3944 2862 39 22 reili

3944 2890 39 23 trail

3956 2971 27 21 Pe:

3943 3000 40 16 BJTVt

3942 3020 41 21 iltiti

3942 3048 28 17 tue

3942 3069 22 24 fà
3977 3076 5 14 i

3941 3093 39 22 fbir.

3941 3118 40 22 ntfré

3940 3145 42 19 antre

3939 3165 37 24 lue

3939 3191 43 22 Us!

3950 3216 32 21 Plu

3938 3245 43 17 recon

3938 3265 15 19 fc
3963 3267 19 19 l'a

3938 3289 28 20 lion
3975 3297 7 14 t

3937 3314 45 23 rt-çoir

3937 3342 34 20 non,

3937 3365 45 20 tarie:

3940 3440 42 29 ■i

3947 3471 20 22 u

3935 3498 12 17 *
3956 3503 25 16 œ:

3935 3544 46 30 bug

3935 3572 46 21 '«ta

3934 3593 47 26 «fan

3934 3622 23 19 «e
3969 3623 9 20 é

3934 3647 47 21 lartei

3933 3669 46 23 *=ki

3933 3691 48 27 'joui

3932 3722 49 20 «an,

3931 3765 50 28 fauu

3946 3913 22 24 t*

3933 4063 48 35 s**

3928 4115 12 17 •
3947 4118 34 23 dn,

3453 4253 32 22 fut
3503 4253 116 26 dépeupla,
3637 4254 50 20 mais
3704 4255 12 19 ii
3733 4251 57 24 pnrrta
3805 4247 31 21 ^'
3837 4245 10 19 b
3844 4241 60 45 f°t^
3931 4241 50 43 ^

3452 4283 57 20 venir
3519 4290 14 13 v
3544 4284 57 21 rêver
3611 4289 26 14 au
3648 4284 44 20 coin
3701 4283 27 20 du
3740 4282 36 19 feu.
3785 4278 14 20 Il
3808 4283 21 14 nc
3827 4304 5 4 .
3836 4278 20 16 sc
3855 4274 49 42 J^
3931 4276 35 35 ^»t
3976 4289 5 19 j

3451 4309 79 24 jamais,
3545 4312 13 20 il
3571 4312 57 20 avait
3643 4312 105 20 découvert
3760 4309 16 20 le
3787 4310 46 16 mm

3454 4338 54 21 fants
3533 4339 95 24 heureux,
3652 4340 20 20 la
3694 4336 90 27 premier.:

3664 4390 91 21 Charles
3767 4373 126 34 sn.VESfl*
3903 4370 4 7 '
3928 4376 53 47 j£u

3937 4424 43 52 "S

3956 4478 21 20 da

3625 4461 43 35 LE
3686 4456 104 40 CRIME

3483 4520 48 36 DU
3552 4521 72 35 VAL
3641 4515 159 41 SAINT-LA

3518 4577 23 35 A
3562 4578 69 35 ETE
3650 4561 220 51 RECONSTITUE

3465 4655 46 21 (De
3528 4658 67 20 notre
3612 4651 172 27 correspondant
3798 4650 29 22 pm

3730 4689 36 22 Ué
3767 4692 31 21 ^'
3821 4704 32 17 ui
3861 4705 5 16 I

3476 4719 33 19 Le
3522 4720 98 24 parquet
3633 4720 27 20 de
3673 4717 65 24 Liège
3750 4720 14 15 a
3775 4711 90 32 VJ°'*~L,

3450 4745 75 19 matin
3536 4745 14 20 à
3561 4746 24 24 Ja
3596 4742 168 22 reconstitution
3776 4739 25 18 du
3811 4738 44 16 zttm
3853 4743 15 28 ^.
3876 4753 6 16 ,

3450 4770 44 19 mU
3508 4775 31 14 au
3553 4765 233 24 Val-Saint-Lambert,
3798 4762 48 18 «
3885 4776 3 6 .

3598 4795 27 20 23
3643 4793 88 24 janvier
3750 4788 82 22 dernier,
3847 4786 41 35 PJ^

3581 4821 34 21 de.
3628 4820 26 19 20

3927 4350 28 21 '«.
3965 4357 16 18 ï

3928 4448 25 43 ï

3926 4541 53 31 •fcai

3910 4569 70 28 P«ra,

3450 4795 32 18 du
3502 4796 26 18 22
3549 4810 14 5 _

3450 4820 112 20 chômeur
3581 4821 34 21 de.
3629 4820 24 19 20
3672 4822 47 15 ans.
3739 4813 88 22 Maunce

3451 4846 57 23 berjr
3523 4846 37 24 qui
3577 4845 116 21 assassina
3706 4847 29 15 un
3750 4844 32 14 ™
3783 4839 33 16 ma
3815 4845 27 25 ov;'
3841 4857 21 16 IU
3861 4850 22 19 |9

3450 4871 119 23 Loyaerts.
3597 4870 91 19 ouvrier
3715 4866 79 19 d'iosine
3818 4868 78 30 r.,^*

3715 4864 79 21 d'iosine

3449 4896 60 19 dans
3523 4897 23 19 la
3560 4896 70 23 petite
3645 4894 86 20 maison
3743 4887 59 22 oùla

3451 4921 48 20 vait
3518 4922 63 19 seule
3601 4920 79 24 depuis
3698 4921 39 16 son
3754 4915 60 18 recen
3814 4909 9 18 t

3449 4947 50 18 Une
3519 4947 57 19 lutte
3594 4949 99 18 sauvage
3709 4940 59 21 avait
3782 4939 25 16 **>
3811 4939 22 12 ■*•
3852 4956 7 14 ,

3449 4971 33 19 les
3498 4971 60 20 de»ix
3573 4972 108 19 hommes.
3696 4969 33 18 Au
3743 4964 60 19 bruit,
3816 4964 26 13 va

3451 4995 86 20 étaient
3569 4999 117 16 accourus.
3714 4989 55 21 Mais
3796 4989 16 15 le
3813 5005 29 9 ,^
3854 5005 5 14 ,

3450 5022 64 18 avait
3532 5021 54 23 déjà
3603 5020 47 24 pris
3667 5019 23 19 la
3707 5015 59 21 fuite.
3780 5011 19 20 »
3813 5011 30 15 rm
3868 5026 8 14 ,

3450 5046 40 19 dès
3503 5046 21 19 le
3538 5045 135 21 lendemain,
3687 5044 22 18 et
3721 5040 28 21 fit
3760 5039 36 19 des
3805 5039 23 13 a«

3450 5071 66 23 plata.

3936 4878 9 19 1
3959 4886 20 21 de

3946 4922 33 41 DU

3473 5103 20 19 Il
3511 5103 64 19 avait
3591 5099 125 22 l'intention
3734 5095 25 19 de
3774 5092 76 38 *f^

3449 5127 131 22 économies
3598 5126 31 19 du
3646 5121 105 22 vieillard.
3767 5121 18 16 Jl
3801 5121 10 12 '
3845 5130 5 20 |

3449 5152 15 20 à
3480 5153 21 18 le
3517 5154 53 18 tuer
3585 5151 35 20 s'il
3635 5149 56 21 était
3706 5147 81 20 surpris
3799 5144 33 17 *r"

3475 5183 88 21 Amené
3584 5188 42 15 sur
3644 5181 34 19 les
3697 5178 63 20 lieux,
3778 5169 62 22 aara
3852 5188 6 18 (

3448 5209 152 22 Couvenber?
3614 5213 13 14 a
3643 5203 70 22 relaté
3728 5202 76 18 devam-
3814 5217 34 17 ^

3449 5235 60 18 trats
3529 5234 77 19 toutes
3625 5232 33 19 les
3677 5230 79 23 phases
3774 5227 22 15 m
3795 5227 3 11 >
3814 5231 8 6 -
3867 5238 7 11 ,

3449 5259 80 24 depuis
3548 5259 21 19 le
3587 5256 100 22 moment
3705 5257 28 15 ou
3750 5252 14 17 H
3781 5252 19 18 *"
3797 5252 8 12 !
3805 5252 61 24 "..,mt

3448 5285 22 19 la
3488 5285 91 19 maison
3597 5288 28 14 en
3643 5279 86 22 brisant
3744 5277 42 17 une
3799 5272 32 37 F[
3833 5300 24 6 __

3447 5308 53 25 qu'à
3515 5309 58 19 celui
3588 5307 29 21 où
3632 5304 85 24 surpris
3731 5303 38 21 par
3782 5302 28 13 ■«
3826 5304 49 28 ^

3447 5335 70 19 sauta
3534 5334 58 19 dans
3609 5332 23 20 la
3649 5325 100 26 cour»*»
3762 5325 52 34 »gj
3819 5325 59 20 ***-*.

3449 5360 65 20 nôtre
3536 5358 72 21 située
3629 5356 15 20 à
3664 5353 49 24 sept
3731 5349 77 21 métro

3449 5385 30 20 du
3494 5385 41 20 sol.
3684 5389 92 21 ...na-ttio
3793 5383 14 27 à
3823 5392 42 18 M

3473 5410 51 19 Une
3547 5407 61 22 foule
3629 5399 147 26 considerab.e
3794 5399 13 12 a
3847 5399 26 15 j

3447 5436 61 22 cette
3527 5429 179 25 reconstitution,
3722 5429 28 18 en
3763 5426 44 16 !•»

3447 5461 65 21 toute
3530 5454 173 31 man.ifesta.Uo»
