4205 6031
4088 0 117 153 1

1791 170 158 23 "NATION
1974 172 115 24 BELGE,
2113 173 12 20 4
2151 173 147 21 FEVRIER
2325 172 69 22 1933"

89 242 147 21 diminution
263 244 29 21 de
320 242 105 25 dépense
452 244 137 21 maximum
616 246 30 19 do

88 269 47 20 17.5
158 268 115 25 millions,
296 269 49 20 soit
364 269 31 20 do
416 269 35 21 0.7
473 270 44 21 0/0
538 275 45 15 sur
604 276 42 15 ces

85 294 110 20 millions
217 296 30 19 de
270 294 119 25 dépenses
410 296 31 19 de
461 297 139 23 personnel,
621 298 22 18 et

88 319 30 23 de
133 321 49 20 0.1S
195 321 41 20 0/0
252 325 31 15 en
298 320 89 26 regard
405 322 42 19 des
461 322 63 21 9.900
539 323 107 20 millions

87 346 31 21 de
138 345 119 26 dépens»
277 347 110 24 globales
406 348 30 21 de
455 347 84 22 l'Etat.
558 348 78 21 Résul-

88 373 38 20 tat
154 372 94 23 infime,
274 373 27 20 et
326 373 44 24 qui
397 379 31 16 ne
452 376 114 22 pourrait
593 374 51 20 être

86 399 93 20 obtenu
202 399 74 23 qu'au
297 399 56 24 prix
375 399 73 23 d'une
471 401 116 24 injustice
611 401 24 19 in-

86 425 154 20 contestable
258 430 33 16 au
309 424 134 22 détriment
461 427 43 20 des
524 427 110 20 fonction-

87 449 83 21 naires
189 449 143 26 supérieurs
351 451 22 20 si
394 451 48 22 l'en
463 453 65 20 tient
547 455 97 22 compte

87 476 30 21 de
138 482 30 18 ce
186 481 48 20 que
255 476 23 21 le
299 478 62 19 taux
382 477 30 20 de
432 477 161 27 péréquation
615 478 29 20 de

86 502 55 21 leur
162 503 147 24 traitement
329 504 38 19 est
388 503 122 23 inférieur
530 510 34 16 au
585 507 58 17 taux

86 528 32 22 de
137 527 162 26 péréquation
318 529 44 20 des
383 530 77 24 petits
481 531 163 20 traitements,

86 556 26 18 et
124 554 73 24 qu'au
209 555 108 24 surplus,
332 555 31 22 ils
377 558 57 19 sont
449 558 126 23 beaucoup
589 556 55 24 plus

86 580 155 21 lourdement
259 580 101 25 frappés
375 587 48 20 par
438 585 25 20 la
477 584 57 22 taje
551 583 84 24 profes-

86 606 120 21 sionnelle
230 610 24 19 et
280 608 22 21 ta
327 608 168 20 contribution
520 609 30 20 de
572 608 72 20 crût».

87 632 123 24 Quelques
235 633 113 26 chiffres,
371 634 17 21 à
410 637 40 18 cet
474 633 83 25 égard,
582 635 61 19 dans

86 663 35 17 un
143 657 190 25 Département:
357 666 33 15 au
411 660 44 20 bas
477 661 29 20 dc
529 659 108 23 l'échaïle

87 690 33 15 un
138 687 76 22 agent
232 684 144 21 célibataire
394 686 41 25 qui
452 686 112 23 touchait
582 687 62 20 1100

86 710 86 20 francs
185 716 31 15 en
232 712 61 20 1914.
307 712 90 20 touche
411 712 174 20 actuellement
601 716 43 17 sur

87 741 34 15 un
138 737 145 21 traitement
299 737 133 26 péréquaté
448 743 33 15 au
498 738 144 21 coefficient

86 762 55 20 9.09.
161 763 48 20 S.43
230 763 48 19 fois
294 764 90 20 autant
402 764 72 24 qu'en
494 765 55 19 1914
569 766 25 19 et
613 769 31 15 ne

86 787 68 21 subit
176 788 90 24 qu'une
289 791 102 18 retenue
416 794 63 19 pour
502 789 91 25 impôts
613 790 30 19 de

86 813 49 21 1.33
150 814 52 23 O.'O;
222 819 33 16 au
274 815 61 20 haut
354 816 30 19 de
401 815 115 24 l'éche'le,
533 817 23 19 le
574 817 58 20 fonc-

86 839 125 24 tionnaire
225 840 143 22 célibataire
384 842 42 23 qui
443 842 123 25 touchait.
569 843 76 20 15.000

87 865 87 21 fiancs
194 872 31 14 en
246 867 61 23 1914,
326 869 39 18 est
383 866 63 26 payé
466 869 175 20 actuellement

87 896 45 16 sur
150 896 34 16 un
206 893 145 21 traitement
369 893 135 25 péréquaté
524 899 33 16 au
578 895 55 19 coef-

84 917 91 20 ficient
192 918 55 23 6.00,
264 919 94 23 perçoit
375 920 48 19 4.03
442 920 48 19 fois
507 920 136 21 seulemen,.

86 943 90 21 autant
193 943 118 24 qu'avant
329 945 24 19 la
370 949 87 20 guerre
477 949 24 19 et
517 946 68 20 subit
600 952 44 15 sur

85 974 47 15 son
154 970 145 23 traitement
321 971 58 20 brut
397 971 47 20 7.31
466 972 41 21 0/0
530 972 29 21 de
581 974 53 19 rete-

85 1000 63 16 nues
166 1000 64 20 pour
248 995 98 26 impôts.

364 1038 132 22 Solidarité
518 1039 127 21 nationale

125 1068 137 26 L'orateur
286 1070 113 27 termine
425 1078 51 24 par
498 1078 52 18 une
574 1075 71 24 note,

89 1099 101 30 malgré
211 1101 65 27 tout,
297 1101 137 29 optimiste
448 1108 6 17 :

114 1136 48 21 J'ai
178 1137 34 20 foi
226 1136 63 21 dans
302 1138 24 20 le
341 1138 182 21 redressement
538 1140 107 24 possible

86 1161 31 20 de
134 1162 25 20 la
174 1162 125 25 Belgique,
316 1164 21 19 si
355 1164 55 21 tous
426 1165 35 20 les
475 1166 89 24 Belges
579 1171 55 15 com-

86 1189 125 23 prennent
233 1194 47 19 que
301 1189 99 22 l'œuvre
424 1191 30 20 de
477 1193 166 19 restauration

87 1215 39 19 est
150 1219 49 18 une
225 1220 85 15 œuvre
335 1220 138 20 commune,
499 1217 17 21 à
540 1218 105 25 laquelle

85 1240 99 20 chacun
205 1240 51 21 doit
277 1243 118 23 apporter
415 1247 29 18 sa
464 1245 59 23 part
544 1244 100 21 d'effort

86 1267 26 19 et
128 1266 29 20 de
170 1266 140 25 sacrifices;

115 1292 37 21 La
166 1293 128 21 solidarité
308 1294 132 22 nationale,
455 1295 59 21 d'un
527 1296 70 24 point
612 1297 30 20 de

86 1322 48 16 vue
159 1318 88 24 passif,
270 1319 60 21 c'est
356 1320 240 26 l'intcri/per-dance
621 1327 24 16 et

85 1343 297 26 l'intercompénétration
399 1347 156 24 aujourd'hui
572 1353 63 15 aveu-

85 1370 99 24 glantes
200 1370 42 21 des
259 1370 104 24 intérêts
379 1373 30 20 de
424 1374 81 19 toutes
520 1374 35 20 les
572 1375 62 19 bran-

85 1396 60 20 ches
169 1396 131 25 d'activité,
325 1397 29 20 de
380 1399 81 20 toutes
486 1400 36 20 los
545 1401 98 22 classes.

86 1422 31 22 de
136 1423 56 20 tous
211 1423 36 20 les
266 1428 113 20 groupes,
400 1426 25 19 et
444 1425 148 24 finalement
614 1432 29 15 ac-

86 1448 58 20 tous
176 1448 35 20 les
243 1449 123 22 membres
392 1451 30 21 de
447 1452 25 21 la
497 1453 148 20 collectivité

86 1473 78 25 belge.
184 1473 35 23 La
241 1473 109 28 détresse
371 1477 32 20 du
421 1482 61 20 pays
502 1483 27 16 se
549 1479 94 23 reflète,

85 1499 18 21 à
123 1500 42 20 des
187 1500 87 25 degrés
297 1504 24 18 et
344 1507 58 16 sous
425 1503 42 22 des
488 1505 99 24 aspects
610 1506 24 19 di-

86 1530 65 19 vers,
164 1527 63 20 dans
240 1530 56 20 tous
309 1528 35 19 les
357 1530 83 23 foyers
453 1529 30 22 de
498 1530 59 21 chez
570 1536 72 20 nous;

86 1553 44 19 nul
148 1552 111 24 n'ignore
275 1554 87 24 qu'oie
380 1560 16 14 a
414 1556 98 20 franchi
530 1557 114 25 jusqu'au

86 1578 63 19 seuil
164 1578 30 24 de
209 1579 107 21 maintes
335 1581 128 20 demeures
478 1582 167 24 patriciennes

86 1604 62 23 ■dont
167 1605 25 19 la
209 1605 89 24 façade
318 1606 170 26 hypothéquée
507 1609 63 20 n'est
589 1610 56 23 plus

86 1631 76 23 qu'un
177 1636 102 19 masque
294 1632 21 20 d'
318 1633 117 23 opulence
451 1639 44 15 sur
511 1640 34 15 un
560 1635 84 24 visage

87 1655 101 23 émacié.
203 1658 34 19 Et
252 1658 60 20 c'est
327 1663 105 20 presque
448 1661 22 19 le
487 1663 109 19 moment
615 1663 29 19 de

87 1682 81 21 redire
187 1688 61 16 avec
267 1684 36 20 La
322 1685 132 23 Fontaine:
476 1686 30 22 ils
527 1692 31 15 ne
576 1693 59 15 mou-

86 1708 83 21 raient
181 1714 45 20 pas
241 1712 63 21 tous,
319 1710 64 21 mais
398 1712 56 20 tous
469 1711 94 22 étaient
578 1714 56 25 frap-

84 1733 52 26 pés.

114 1760 64 20 D'un
194 1761 71 25 point
280 1762 30 20 de
324 1767 48 18 vue
387 1763 69 24 actif,
474 1766 41 24 qui
531 1766 39 20 est
586 1766 48 20 l'an-

86 1786 41 24 gle
142 1792 60 15 eous
221 1788 80 24 lequel
320 1788 18 20 il
355 1794 40 15 mo
414 1789 63 25 plaît
496 1793 99 20 surtout
615 1793 30 20 de

86 1812 149 25 l'envisager
253 1819 31 16 en
306 1815 143 26 terminant,
471 1818 25 19 la
517 1818 127 20 solidarité

85 1839 127 22 nationale
227 1840 39 20 est
279 1846 34 15 un
328 1845 81 18 secret
426 1843 30 19 de
471 1841 172 24 résurrection,

86 1865 60 20 chez
165 1870 35 15 un
219 1866 88 24 peuple
327 1868 42 23 qui
388 1874 16 15 a
422 1869 113 23 toujours
553 1870 91 21 courbé

86 1890 38 21 les
148 1891 93 21 destins
265 1893 145 21 contraires.
435 1894 55 23 Elle
512 1900 28 15 se
564 1896 73 20 fonde

86 1917 61 20 chez
163 1922 70 19 nous,
249 1923 44 16 sur
306 1920 37 19 Jes
359 1920 130 21 souvenirs
505 1923 25 19 et
546 1922 35 20 les
595 1923 40 19 tra-

87 1942 92 21 ditions
199 1944 57 21 d'un
276 1944 106 22 lointain
401 1946 80 24 passé,
498 1953 40 15 sui
560 1948 25 21 la
603 1949 32 19 ba-

85 1969 70 21 taille
171 1970 29 20 de
216 1970 157 26 Groeninghe
392 1974 25 19 et
433 1973 24 20 la
473 1974 107 24 Joyeuse
595 1975 40 20 En-

85 1994 61 24 trée,
161 2000 44 18 sur
219 1996 36 20 les
271 1998 59 20 ducs
346 1998 29 20 de
387 1999 148 24 Bourgogne
550 2002 26 19 et
589 2001 45 20 Jac-

86 2025 62 20 ques
169 2027 49 16 van
237 2022 138 24 Artevel-de,
397 2029 44 16 sur
462 2025 97 22 l'Union
579 2027 63 21 d'Ut-

86 2047 74 21 recht
179 2049 25 19 et
222 2048 76 21 l'Edit
318 2049 108 25 général,
447 2056 45 16 sur
512 2052 24 21 la
556 2057 88 20 guerre

88 2073 43 20 des
152 2079 109 19 paysans
282 2079 25 19 et
330 2077 24 19 la
374 2075 138 22 révolution
533 2079 30 20 de
584 2080 60 20 1830.

115 2099 21 21 Il
151 2105 33 15 ne
199 2105 56 17 sera
270 2106 45 19 pas
333 2101 36 22 dit
387 2103 197 24 qu'aujourd'hui
601 2110 32 16 no-

87 2125 39 19 tre
140 2124 81 26 fierté,
235 2128 72 19 notre
323 2132 106 21 courage
444 2131 25 19 ct
483 2132 72 19 notre
569 2131 75 20 union

87 2151 134 22 viendront
245 2152 17 21 à
290 2152 115 24 défaillir.

127 2185 36 23 Ce
188 2184 125 28 discours
339 2186 41 25 fut
405 2186 94 26 écouté
526 2195 64 18 avec
616 2189 26 26 la

90 2213 62 31 plus
172 2215 61 26 vive
255 2216 130 24 attention
407 2220 26 21 et
454 2219 40 23 fut
515 2220 129 30 applaudi

91 2250 49 24 pas
158 2250 52 18 une
227 2245 147 25 assistance
393 2248 169 26 nombreuse.

138 2321 188 41 L'éboulemeot
349 2325 31 37 de
404 2325 203 49 Beyne-Heusay

123 2401 29 34 La
169 2402 60 33 mine
244 2409 13 26 a
269 2403 72 32 rendu
357 2411 26 26 sa
399 2404 106 33 dernière
520 2405 93 34 victime

109 2452 49 22 (De
175 2455 71 18 notre
263 2455 194 24 corres^ondanj
476 2458 156 22 particulier)

304 2483 182 28 Beyne-Heusay,
503 2490 13 20 3
535 2485 87 23 février.

116 2517 34 23 La
170 2518 98 23 dernière
289 2519 88 23 victime
398 2527 42 19 que
461 2521 86 25 gardait
568 2528 77 16 encore

90 2546 23 22 h.
126 2548 59 22 mine
199 2548 32 22 du
244 2548 121 27 Homvent,
381 2549 60 23 René
457 2550 86 27 Decerf,
557 2557 26 20 32
599 2558 47 20 ans,

90 2577 77 26 marié,
186 2578 53 25 père
260 2579 27 23 de
308 2579 57 22 deux
387 2580 93 26 enfants,
503 2581 108 23 domicilié
631 2582 15 22 à

90 2606 72 26 Liège,
186 2612 39 17 rue
248 2606 169 29 Saint-Séverin,
441 2616 14 16 a
478 2610 34 22 été
536 2612 110 22 remontée

90 2636 116 23 dimanche
223 2644 50 16 vers
288 2638 63 23 midi.

118 2672 32 23 Le
165 2679 63 19 corps
241 2680 24 16 a.
271 2675 31 21 ait
318 2674 33 22 été
366 2674 118 23 découvert
499 2682 49 17 vers
563 2683 14 19 4
593 2677 41 22 heu-

92 2708 34 16 res
148 2703 31 22 du
201 2704 71 21 matin
294 2710 41 19 par
356 2705 93 26 l'équipe
470 2706 27 22 de
521 2710 126 19 sauveteurs

90 2731 81 26 dirigée
186 2739 42 19 par
243 2733 35 22 M.
294 2734 91 25 Leloup.
400 2735 32 22 Le
448 2736 140 21 malheureux
604 2737 30 21 mi-

91 2767 56 15 neur
163 2763 61 21 avait
240 2763 22 21 la
278 2763 44 22 tête
340 2764 90 22 écrasée.
447 2765 20 21 Il
485 2771 13 15 a
515 2765 34 22 été
568 2767 78 21 trouvé

91 2790 56 23 dans
159 2791 23 22 la
197 2791 59 23 taille
271 2792 16 22 à
299 2799 44 15 une
358 2793 106 23 douzaine
481 2795 27 22 de
525 2795 78 24 mètres
620 2796 26 22 de

90 2825 34 17 ses
142 2827 149 20 compagrins
307 2822 142 23 d'infortune.

118 2856 69 26 Après
206 2858 32 22 les
256 2858 120 23 formalités
396 2860 94 26 d'usage,
509 2861 21 23 le
551 2868 63 20 corps
632 2869 14 15 a

90 2885 36 23 été
139 2887 89 21 ramené
240 2896 15 13 a
268 2887 73 27 Liège.

311 2915 107 22 "♦__£♦-

92 2951 32 39 La
146 2953 141 47 quadruple
304 2954 126 46 asphyxie
453 2955 193 41 d'Audenaerde

93 3031 31 32 Un
137 3031 56 32 bébé
205 3030 29 34 de
245 3031 59 34 trois
316 3033 58 32 mois
386 3034 123 33 succombe
518 3034 12 34 à
543 3042 43 26 son
595 3037 52 32 tour

111 3080 49 24 {De
176 3084 72 19 notre
265 3085 196 23 correspondant
477 3086 157 25 particulier)

313 3116 156 27 Audenarde,
489 3119 14 20 3
522 3117 99 22 février.

118 3148 35 21 Le
172 3148 101 22 terrible
294 3150 116 22 accident
430 3151 31 20 de
483 3152 26 20 la
528 3152 121 21 chaussée

91 3174 32 21 de
144 3176 105 25 Deynze.
269 3176 18 21 à
306 3176 298 23 Bevere-lez-Audenarde
606 3198 6 8 t
633 3184 17 15 a

91 3202 51 19 fait
161 3207 49 15 une
229 3203 113 20 nouvelle
360 3204 107 21 victime.

116 3235 36 21 Le
168 3236 65 24 petit
249 3236 85 21 Pierre
352 3237 106 24 Dhaese,
475 3237 47 26 âgé
541 3238 29 20 de
588 3239 62 20 trois

91 3262 71 23 mois,
180 3262 73 25 qu'on
270 3263 71 20 avait
360 3264 87 21 trouvé
465 3264 117 22 dormant
598 3265 41 26 pai-

92 3288 133 22 siblement
243 3293 59 17 sous
321 3289 36 21 les
377 3291 159 21 couvertures
556 3292 30 20 de
605 3297 45 15 son

91 3315 107 20 berceau
215 3315 28 22 et
262 3316 73 24 qu'on
355 3317 95 24 crçyait
468 3317 123 25 indemne,
611 3320 38 18 est

93 3342 68 20 mort
181 3342 63 20 dans
267 3343 26 20 la
312 3343 56 21 nuit
389 3343 35 21 du
444 3344 96 21 samedi
561 3349 34 15 au
616 3345 25 20 di-

93 3369 113 20 manche.

120 3395 84 24 Quant
221 3394 17 21 à
254 3395 26 21 la
295 3394 75 25 mère,
387 3396 137 21 Madeleine
543 3397 106 23 Dhaese,

94 3420 38 20 les
155 3420 127 22 médecins
309 3421 117 25 espèrent
449 3422 32 21 de
507 3424 80 20 moins
614 3428 33 16 en

91 3447 83 20 moins
190 3448 44 29 de/
241 3449 25 20 la
283 3451 98 21 sauver,
400 3453 48 16 une
467 3449 88 21 double
574 3454 66 21 pneu-

93 3474 83 22 monie
194 3480 13 15 s
214 3474 71 21 étant
301 3474 113 22 déclarée
433 3481 33 16 au
485 3480 72 18 cours
576 3477 31 20 de
627 3477 25 20 la

92 3500 103 25 journée
215 3501 31 20 de
266 3501 103 21 samedi.

737 674 164 42 Lorsque
944 674 56 34 les
1038 673 113 35 Petits

735 736 414 57 ATTRAPENT

733 828 103 58 UN
885 829 261 57 RHUME

678 1004 10 10 .
709 1004 9 9 .
746 978 44 34 Ce
815 979 84 33 n'est
922 988 57 33 pas
1006 978 30 34 le
1062 986 141 27 moment

677 1027 42 33 de
748 1026 92 34 faire
873 1025 62 35 des
965 1026 236 38 expériences

729 1085 124 20 Mamans!
871 1084 93 22 Prenez
979 1085 76 24 garde
1071 1091 49 15 aux
1135 1086 45 19 rhu-

700 1116 53 14 mes
769 1110 133 20 d'enfants!
920 1110 136 25 Appliquez
1073 1112 21 19 le
1109 1111 80 21 même

701 1137 148 19 traitement
889 1141 48 19 que
979 1136 208 21 d'innombrables

701 1163 102 20 milliers
827 1163 29 20 de
878 1162 82 20 mères
981 1164 43 20 ont
1047 1164 48 19 mis
1114 1163 16 21 à
1150 1162 29 21 l'é-

699 1194 98 19 preuve.
811 1189 67 19 Elles
890 1191 43 18 ont
946 1187 88 23 trouvé
1045 1194 47 20 que
1106 1188 82 21 c'était

701 1215 23 19 le
755 1214 54 25 plus
841 1214 43 21 sûr
909 1216 25 20 et
955 1216 23 22 le
1002 1216 113 20 meilleur
1142 1221 6 14 :
1173 1214 23 21 le

699 1241 77 20 VIcks
796 1241 135 24 VapoRub.

728 1266 64 20 Rien
805 1267 16 20 à
833 1266 95 21 avaler!
946 1267 63 20 Rien
1022 1268 42 24 qui
1080 1265 109 25 dérange

700 1293 36 20 les
761 1294 124 19 estomacs
910 1292 104 23 délicats
1039 1294 42 19 des
1106 1293 83 24 petits.

701 1319 22 19 Il
749 1318 75 21 suffit
852 1319 29 21 de
907 1319 55 20 leur
989 1319 148 20 frictionner
1164 1319 25 20 la

700 1348 76 20 gorge
797 1345 25 19 et
841 1344 25 23 la
886 1345 107 24 poitrine
1009 1346 77 20 avant
1105 1344 30 21 do
1152 1344 37 22 les

699 1371 91 20 mettre
811 1375 32 15 au
865 1370 36 22 lit.

727 1396 50 21 Dès
790 1397 7 19 1
806 1396 94 21 instant
913 1402 47 20 que
974 1397 76 21 Vicks
1061 1397 127 24 VapoRub

699 1422 55 21 leur
779 1423 38 19 est
840 1422 122 26 appliqué,
980 1423 17 22 il
1014 1428 142 17 commence
1172 1423 17 20 à

700 1447 145 22 réchauffer
856 1450 25 19 la
895 1449 105 25 poitrine
1015 1451 26 17 et
1051 1448 17 22 à
1081 1450 24 20 la
1117 1448 62 26 déga-

700 1479 45 19 ger
771 1475 29 20 de
825 1476 69 20 toute
922 1475 144 24 oppression
1091 1480 97 16 comme

700 1505 32 17 un
745 1501 152 24 cataplasme
911 1501 33 21 du
957 1501 46 20 bon
1017 1501 73 20 vieux
1099 1502 89 25 temps.

728 1526 39 22 En
793 1526 81 24 même
898 1527 87 24 temps,
1009 1532 39 15 ses
1083 1532 106 20 vapeurs

699 1551 161 21 médicinales
883 1554 25 20 et
930 1552 124 21 curatives
1075 1555 58 19 sont
1154 1554 25 19 in-

700 1578 84 21 halées
805 1579 161 21 directement
985 1578 63 23 dans
1067 1579 36 21 les
1121 1580 68 20 voies

700 1604 180 25 respiratoires,
906 1604 32 21 où
966 1605 34 20 les
1028 1605 101 20 rhumes
1162 1610 26 15 se

701 1631 169 19 concentrent.
904 1630 68 20 Elles
1004 1630 121 25 dissipent
1151 1631 37 21 les

700 1656 92 24 glaires
816 1658 24 20 et
863 1656 123 22 facilitent
1008 1658 63 20 ainsi
1095 1658 24 21 la
1139 1662 39 16 res-

699 1682 116 25 piration.

727 1708 34 20 Le
775 1708 87 25 matin,
876 1708 23 22 le
913 1708 55 25 plus
982 1714 57 21 gros
1055 1710 32 20 du
1101 1710 87 20 rhume

699 1738 17 16 a
735 1738 105 20 presque
862 1735 113 23 toujours
998 1735 107 25 disparu.

749 1762 72 20 Dans
840 1763 82 20 toutes
943 1763 35 20 les
997 1763 164 24 pharmacies.

699 1785 45 22 13.-
759 1787 31 22 fr.
805 1787 22 20 le
842 1788 42 24 pot
899 1798 27 4 —
939 1788 44 20 21.-
996 1789 21 20 le
1031 1788 88 21 double
1132 1788 57 25 port

177 4532 36 25 M.
229 4532 344 31 HEBISSOX-LAROCHE,

96 4561 109 27 homme
223 4563 35 23 de
276 4562 100 28 lettres,
395 4563 47 30 qui
461 4563 121 25 donnera
604 4569 50 18 une

102 4591 164 29 conférence
291 4596 65 18 avec
382 4591 167 30 projections
574 4593 67 22 lumi-

96 4627 97 18 neuses
205 4621 18 25 à
233 4621 27 24 la
271 4621 107 24 tribune
391 4622 47 24 des
449 4621 112 25 Amitiés
572 4623 72 23 Fran-

99 4650 94 30 çaises,
213 4650 103 31 grande
336 4651 67 24 salle
423 4651 34 24 de
478 4651 108 25 l'Union
608 4652 36 24 Co-

99 4679 108 29 loniale,
231 4686 49 18 rue
306 4681 33 23 de
366 4681 124 26 Stassart,
524 4681 24 23 le
580 4681 75 31 jeudi

99 4709 17 24 7
133 4711 122 26 courant,
271 4710 18 24 à
306 4710 32 23 20
356 4710 28 24 h.
401 4710 41 25 30.
460 4710 74 30 Sujet
552 4717 11 17 :
582 4719 13 13 «
613 4711 42 23 Un

99 4738 70 26 mois
193 4745 67 18 avec
285 4739 39 24 les
350 4739 222 24 contrebandiers
598 4740 47 23 bas-

100 4775 65 24 ques
181 4778 23 15 ».
220 4768 133 25 Location
370 4776 71 23 pour
457 4769 38 25 les
513 4770 142 27 membres,

148 4798 24 28 9,
190 4805 49 17 rue
257 4798 37 24 du
309 4798 136 31 Peuplier,
459 4798 147 25 Bruxelles.

871 1923 196 29 VapoRub

662 1998 561 24 OOOCKX)OCXX_XXXXXXXXXXXXXXOOO

678 2044 60 33 LES
760 2044 181 34 CONCERTS
965 2045 25 32 A
1013 2044 201 34 BRUXELLES

768 2134 184 25 CINQUIEME
972 2134 153 22 CONCERT

795 2167 302 26 PHILHARMONIQUE

696 2213 52 25 Que
767 2214 142 20 Beethoven
929 2213 36 21 ait
984 2212 38 22 été
1040 2212 108 26 pénétre,
1165 2214 51 19 lors-

668 2240 58 25 qu'il
741 2239 89 22 écrivit
845 2246 28 15 sa
889 2247 12 13 «
909 2240 79 21 Missa
1003 2240 121 21 Solemnis
1133 2246 20 19 »,
1168 2240 57 20 d'un

671 2267 112 24 profond,
810 2267 58 20 d'un
896 2265 90 23 ardent
1011 2266 135 21 sentiment
1172 2265 44 22 reli-

668 2293 80 25 gieux,
767 2293 60 20 c'est
848 2293 30 20 de
897 2293 70 21 toute
988 2292 126 26 évidence;
1135 2298 29 16 ce
1182 2292 44 27 qui

669 2320 38 20 est
730 2320 81 23 moins
836 2318 105 27 évident,
965 2319 60 21 c'est
1047 2312 87 32 qu'eue
1159 2319 57 21 réus-

668 2347 62 19 sisse
751 2346 17 21 à
789 2346 100 23 exalter,
911 2347 63 20 dans
995 2346 72 21 l'âme
1089 2346 30 20 de
1141 2345 75 21 l'audi-

669 2374 63 22 teur,
758 2373 25 20 la
808 2373 43 23 foi,
878 2373 105 21 l'amour
1009 2372 68 21 divin
1101 2374 43 23 qui
1169 2372 58 20 sont

668 2400 116 20 l'essence
802 2399 80 21 même
899 2400 33 21 du
949 2398 135 22 sentiment
1100 2398 125 25 religieux,

669 2426 136 20 exaltation
825 2427 43 24 qui
888 2428 39 19 est
945 2427 23 19 le
988 2426 45 20 but
1053 2426 120 24 principal
1194 2425 22 20 si-

668 2458 50 15 non
735 2454 91 24 unique
843 2453 30 20 de
891 2453 24 21 la
932 2453 87 20 Messe.
1036 2454 37 20 La
1090 2453 80 20 Messe
1188 2452 37 20 est

669 2485 48 15 une
740 2479 88 25 prière,
855 2484 34 16 un
913 2480 56 20 acte
992 2479 162 23 d'adoration,
1177 2483 48 16 une

668 2506 153 21 déclaration
845 2506 31 20 de
899 2505 46 25 foi;
971 2506 23 20 le
1017 2505 68 21 texte
1107 2504 119 22 censacré

667 2539 18 20 y
709 2535 45 24 est,
778 2538 46 16 sur
846 2532 144 24 l'assistant,
1015 2531 124 21 l'élément
1162 2532 54 24 agis-

669 2561 64 23 sant,
755 2565 31 14 en
809 2559 72 20 ordre
901 2558 130 26 principal.
1054 2559 52 24 Que
1127 2559 25 22 la
1173 2563 43 16 mu-

668 2587 70 25 sique
755 2586 106 25 s'ajoute
879 2585 17 21 à
914 2591 28 15 ce
963 2586 67 22 texte
1050 2590 62 20 pour
1129 2585 24 20 le
1170 2589 46 16 sou-

670 2613 72 24 tenir,
769 2618 31 15 en
825 2611 122 22 accroître
973 2611 139 22 l'élévation
1136 2617 32 15 ou
1195 2616 30 15 en

672 2641 142 20 intensifier
833 2640 165 24 l'expression,
1019 2640 54 20 rien
1094 2639 29 20 d,*
1143 2639 84 20 mieux

673 2668 26 19 ni
719 2667 29 21 de
767 2668 56 24 plus
842 2667 65 20 beau
924 2677 30 5 —
971 2667 33 23 ni,
1023 2666 75 23 aussi,
1119 2666 30 21 de
1170 2666 55 24 plus

673 2694 105 20 efficace
796 2704 29 4 —
843 2693 17 20 à
876 2695 26 19 la
919 2692 128 21 condition
1065 2692 86 24 qu'elle
1169 2697 47 15 con-

668 2724 71 17 serve
759 2724 46 15 son
823 2718 51 21 rôle
894 2719 29 20 de
942 2717 171 22 subordonnée
1132 2716 93 25 imposé

671 2746 17 21 à
702 2748 25 19 la
742 2747 48 20 fois
807 2751 45 20 par
866 2747 25 19 la
905 2746 99 24 liturgie
1019 2746 25 20 et
1058 2750 48 20 par
1119 2745 98 25 l'obliga-

672 2774 53 19 tion
750 2773 30 20 de
804 2773 126 20 n'exercer
954 2772 62 21 dans
1041 2772 94 24 l'esprit
1159 2771 67 21 nulle

673 2800 83 20 action
772 2800 43 24 qui
832 2800 23 19 le
872 2799 113 25 pourrait
1001 2799 116 20 distraire
1135 2799 30 20 de
1181 2803 46 15 son

673 2827 79 20 effort
769 2831 63 20 pour
848 2825 156 21 cummunier
1022 2829 60 16 avec
1100 2825 25 20 la
1142 2825 84 24 parole

674 2852 92 21 sacrée.

697 2892 42 24 Or,
759 2891 39 24 ici,
818 2892 62 20 dans
896 2892 25 21 la
939 2897 13 14 «
970 2892 79 20 Missa
1067 2891 121 20 Solcmnis
1207 2897 20 17 t>,

673 2920 21 20 si
712 2920 164 24 l'inspiration
894 2920 39 20 est
949 2918 216 21 inaltérablement
1182 2917 36 21 éle-

673 2945 44 22 vée
739 2947 26 19 et
784 2950 69 20 pure,
873 2947 21 20 si
916 2946 36 20 les
973 2950 102 20 moyens
1097 2944 129 25 répudient

673 2972 142 21 noblement
834 2972 70 21 toute
925 2972 133 20 recherche
1078 2971 88 20 d'effet
1184 2976 44 16 sur

674 3000 36 21 les
731 3004 65 20 sens,
816 2998 18 21 il
854 2999 64 21 n'est
937 3003 46 20 pas
1003 2998 82 21 moins
1104 2998 55 20 vrai
1180 3003 47 20 que

676 3026 25 20 la
725 3026 114 24 musique
865 3024 104 26 défasse
995 3025 30 20 de
1050 3024 128 25 beaucoup
1204 3024 23 20 le

674 3053 67 20 texte
763 3052 43 25 qui
828 3052 93 20 semble
945 3052 105 20 souvent
1072 3050 78 21 n'être
1172 3050 56 25 plus

674 3078 75 26 qu'un
766 3078 67 25 sujet
852 3079 30 19 de
900 3077 162 21 méditations
1080 3078 56 24 plus
1153 3077 65 20 senti-

673 3105 122 20 mentales
809 3109 46 20 que
868 3104 157 25 spirituelles,
1039 3103 25 20 et
1079 3103 86 24 qu'elle
1180 3103 48 21 fait

675 3130 80 22 naître
777 3130 184 25 fréquemment
983 3130 43 20 des
1047 3126 68 24 idées
1138 3130 25 20 et
1185 3128 43 21 des

674 3157 95 25 images
791 3157 60 21 dont
871 3157 24 20 le
916 3156 127 21 caractère
1065 3155 104 25 objectif
1190 3156 38 20 est

670 3184 55 20 tout
745 3182 16 21 à
779 3181 108 25 l'opposé
911 3182 28 22 de
960 3180 70 22 l'état
1050 3181 176 21 d'abstraction

674 3210 32 21 où
720 3211 53 20 seul
786 3211 61 24 peut
858 3215 27 17 se
899 3209 146 25 développer
1058 3210 22 20 le
1094 3208 135 22 sentiment

676 3237 125 25 religieux.

709 3277 91 24 Ecrite,
825 3282 35 15 au
885 3282 58 15 vœu
970 3275 29 22 de
1025 3275 113 22 l'auteur,
1163 3280 64 19 pour

675 3304 107 25 l'Eglise,
803 3303 65 20 cette
890 3303 81 20 Messe
993 3308 31 15 ne
1046 3303 60 23 peut
1128 3303 101 19 trouver

675 3331 71 24 place
766 3330 73 25 qu'au
858 3329 102 21 concert
980 3328 25 22 et
1023 3327 17 22 à
1058 3329 26 20 la
1102 3328 128 20 condition

676 3357 31 20 de
729 3357 26 20 la
776 3355 143 22 considérer
940 3360 96 17 comme
1060 3359 48 16 une
1131 3355 89 20 traduc-

675 3383 53 20 tion
751 3383 181 22 sentimentale,
956 3382 58 20 bien
1027 3378 59 28 'que
1109 3381 118 24 fervente,

676 3410 43 20 des
744 3409 160 24 impressions
930 3407 133 26 éprouvées
1089 3408 92 20 devant
1204 3408 25 20 la

675 3435 125 21 sublimité
819 3435 43 21 des
881 3435 129 24 symboles,
1028 3434 71 21 l'acte
1119 3434 111 20 d'amour

676 3463 43 24 qui
735 3467 27 16 se
779 3460 97 22 résume
896 3461 62 22 dans
974 3462 23 21 le
1014 3461 115 21 sacrifice
1146 3461 74 20 catho-

677 3489 73 24 lique.

703 3527 35 22 Et
760 3528 73 22 alors,
854 3527 64 21 mais
941 3527 66 20 alors
1029 3526 144 24 seulement,
1195 3531 32 15 on

678 3556 59 22 peut
754 3559 31 16 en
803 3554 110 21 admirer
929 3554 69 21 toute
1014 3554 25 19 la
1055 3552 90 21 beauté
1160 3552 27 21 et
1203 3553 25 20 la

679 3580 153 25 magnifique
848 3580 133 25 grandeur.

705 3622 37 20 La
778 3622 55 25 plus
868 3620 87 21 lourde
990 3619 80 24 tâche,
1107 3620 62 21 dans
1203 3620 26 20 la

679 3654 12 14 4
706 3649 78 19 Missa
814 3647 123 21 Salemnis
979 3648 39 19 est
1049 3646 102 21 dévolue
1179 3651 50 15 aux

678 3675 98 21 chœurs
794 3679 30 15 eu
841 3679 33 16 au
890 3674 107 24 quatucr
1015 3674 42 19 des
1073 3673 97 21 solistes
1186 3673 41 24 qui

679 3702 57 20 sont
760 3701 100 23 soumis,
882 3706 61 16 sans
967 3699 74 23 arrêt,
1066 3705 50 15 aux
1139 3700 89 20 efforts

678 3729 35 20 les
731 3728 57 25 plus
808 3727 92 25 grands
920 3729 25 19 et
963 3728 37 20 lee
1020 3726 55 25 plus
1093 3726 133 25 fatigants;

679 3754 144 21 Beethoven
844 3759 18 19 y
883 3758 52 22 use,
961 3758 30 16 en
1013 3753 71 25 effet,
1108 3753 42 20 des
1172 3753 58 20 voix

673 3785 60 16 avec
749 3785 49 16 une
813 3773 122 32 tyrannie'
943 3779 42 25 qui
998 3779 41 21 n'a
1054 3780 113 20 d'excuse
1183 3784 47 20 que

678 3807 79 22 l'effet
775 3807 123 24 expressif
919 3807 89 23 auquel
1027 3806 16 20 il
1064 3805 98 21 atteint.
1181 3805 47 20 Les

679 3834 98 20 chœurs
806 3832 94 21 étaient
928 3837 62 15 ceux
1019 3832 29 20 de
1077 3833 25 21 la
1128 3831 100 21 chorale

678 3866 13 13 «
705 3859 108 21 Coecilia
827 3865 12 13 »
873 3859 125 23 d'Anvers,
1033 3859 60 20 dont
1125 3858 33 21 M.
1190 3858 38 21 De

677 3886 82 21 Vocht
772 3892 16 15 a
802 3886 49 20 fait
864 3891 35 16 un
913 3886 151 21 instrument
1078 3883 147 26 inégalable;

679 3914 60 22 c'est
762 3913 52 20 dire
837 3917 47 19 que
908 3911 146 23 l'exécution
1075 3912 40 20 fut
1139 3911 79 24 impec-

678 3940 70 20 cable
767 3940 25 19 et
808 3938 161 25 magnifique.
987 3938 39 21 De
1042 3939 54 20 leur
1114 3937 61 23 côté,
1192 3938 36 20 les

678 3966 106 23 solistes,
810 3964 74 26 grâce
910 3964 17 21 à
952 3965 67 20 leurs
1044 3964 185 24 remarquables

678 3997 102 20 moyens
796 3996 97 16 vocaux
908 3993 26 21 et
950 3990 17 21 â
983 3996 49 15 une
1048 3991 121 20 vaillance
1186 3991 41 24 qui

678 4019 91 24 jamais
787 4024 31 15 ne
836 4024 29 15 se
885 4016 126 25 démentit,
1029 4017 88 20 surent
1135 4017 94 20 denner

673 4045 16 21 à
699 4046 66 20 leurs
778 4044 180 22 interventions
968 4042 55 23 toùT;
1034 4044 23 20 le
1070 4043 72 21 relief
1150 4043 79 25 exigé;

675 4071 79 20 Mmes
785 4071 32 20 M.
850 4071 68 24 Thys
952 4073 26 20 et
1009 4069 46 21 Th.
1087 4070 144 24 Verateegh.

674 4097 60 21 MM.
749 4097 23 20 J.
787 4096 119 21 Sterkens
922 4096 26 21 et
963 4096 38 21 W.
1015 4095 98 21 Ravelli
1127 4096 44 20 ort
1184 4095 39 20 lar-

675 4124 100 25 gement
795 4121 89 22 mérité
904 4122 57 20 tous
982 4122 36 20 les
1038 4121 88 25 éloges.
1146 4121 76 25 Signa-

678 4150 54 20 lons
752 4151 67 19 aussi
836 4148 147 24 l'artistique
1003 4147 176 25 participation
1199 4147 30 20 de

675 4175 32 20 M.
728 4176 43 21 Ch.
789 4175 77 22 Heus,
885 4174 17 21 à
922 4174 93 25 l'orgue
1035 4175 26 20 et
1082 4174 30 20 de
1133 4174 33 21 M.
1185 4174 46 25 Ly-

679 4201 82 23 koudi,
781 4201 42 24 qui
844 4199 91 23 réussit
955 4200 143 21 brlllament
1115 4200 23 20 le
1158 4198 61 26 péril-

679 4229 56 19 leux
749 4228 54 21 solo
821 4227 30 21 de
868 4227 83 20 viclon
969 4228 30 21 de
1017 4232 12 14 «
1042 4226 152 20 Benedictus
1209 4231 19 15 ».

704 4273 85 21 Avant
803 4274 23 19 le
840 4272 108 23 concert,
963 4272 33 20 M.
1011 4272 23 20 le
1048 4271 79 20 baron
1141 4271 90 20 Buffin

680 4305 14 14 a
714 4299 48 21 fait
783 4300 57 23 part
857 4298 17 21 à
892 4298 160 23 l'assistance,
1073 4297 30 21 de
1121 4298 27 19 la
1165 4300 66 17 mort

680 4326 29 20 de
726 4326 34 21 M.
775 4325 88 25 Henry
878 4325 35 20 Le
929 4325 82 23 Bœuf,
1028 4324 203 20 administrateur

679 4351 101 26 général
800 4352 29 20 de
848 4352 25 20 la
892 4350 96 22 Société
1006 4349 220 25 Philharmonique

679 4379 25 20 et
715 4383 17 15 a
744 4377 121 22 demandé
877 4382 47 20 que
936 4378 23 20 le
972 4375 81 26 publ'c
1066 4376 88 21 veuille
1167 4376 64 23 bien,

679 4409 32 16 en
734 4404 133 25 hommage
891 4404 34 21 du
950 4403 108 25 disparu,
1083 4402 100 21 écouter
1206 4402 26 20 la

676 4437 12 13 c
705 4429 78 22 Missa
798 4429 121 21 Solemnis
932 4440 11 8 *
960 4433 31 17 en
1005 4428 91 21 silence
1112 4428 25 20 et
1153 4433 27 16 se
1194 4432 29 15 re-

679 4456 96 21 cueillir
794 4456 117 25 quelques
930 4455 108 21 instants
1057 4454 73 26 après
1148 4454 75 21 l'audi-

681 4483 59 21 tion.
760 4482 65 21 C'est
844 4483 27 20 la
889 4482 85 20 raison
993 4486 63 20 pour
1075 4480 104 26 laquelle
1201 4485 31 15 on

679 4509 41 20 n'a
733 4514 35 20 pu
782 4509 64 20 faire
861 4507 17 22 à
892 4508 33 21 M.
939 4508 37 20 De
990 4507 89 25 Vocht,
1093 4511 50 16 aux
1158 4507 66 20 inter-

675 4533 83 26 prètes
779 4538 79 17 oraux
880 4534 26 20 et
925 4532 17 22 à
960 4532 151 23 l'orchestre,
1133 4532 24 21 le
1178 4536 44 16 suc-

680 4561 42 21 cès
740 4566 47 20 que
804 4560 112 21 méritait
932 4560 66 24 cette
1015 4559 130 22 exécution
1163 4558 61 22 réali-

676 4585 42 24 sée
735 4590 59 16 sous
810 4586 24 23 le
851 4586 71 24 signe
941 4585 30 21 de
987 4584 202 21 le'nthouotasme
1207 4585 25 19 et

682 4613 30 21 de
730 4614 26 20 la
773 4614 101 20 ferveur
891 4613 131 24 artistique
1042 4613 35 20 les
1095 4612 56 25 plus
1169 4616 56 15 com-

680 4639 72 25 plets.
1115 4638 46 21 Ph.
1173 4638 34 20 M.

1378 261 139 66 La
1578 263 160 63 vie
1801 261 459 67 militaire

1248 412 65 38 Chez
1340 412 39 38 les
1402 412 120 38 Officiers
1546 412 31 37 du
1606 412 33 37 8e
1667 411 31 37 de
1727 411 72 45 Ligne

1273 470 87 23 Samedi
1378 471 50 25 ?oir,
1446 479 27 14 en
1491 471 47 21 leur
1555 477 61 17 mess,
1633 469 26 21 de
1677 469 21 21 la
1715 474 85 16 caserne

1249 507 13 14 <
1270 501 76 21 Prince
1365 501 116 21 Baudouin
1490 507 20 18 >,
1526 501 30 21 les
1574 499 96 22 officiers
1688 499 30 21 du
1735 499 23 20 S*
1775 498 26 22 dc

1246 530 56 25 li^nc
1315 537 23 15 se
1351 533 52 19 sont
1418 531 72 22 réunis
1504 537 28 15 en
1546 536 42 15 une
1603 529 44 22 fête
1663 529 83 21 intime.

1274 559 30 22 Lc
1324 560 157 22 commandant
1499 560 30 21 du
1550 558 112 26 régiment,
1680 559 20 21 le
1719 558 82 21 colonel

1245 588 88 23 breveté
1346 589 109 26 Honorez,
1467 591 29 20 les
1509 587 234 24 lieutenants-colonels
1754 588 36 20 bre
1792 587 9 16 :

1247 618 59 23 vêtis
1328 619 68 26 Joncs
1418 622 22 20 et
1463 619 53 25 Oor,
1539 618 30 21 les
1591 618 82 25 majors
1697 617 105 24 Dendacl,

1247 648 108 22 Plectincx
1369 653 22 18 ct
1407 649 90 23 Brarkc,
1511 649 18 20 lc
1543 647 157 22 commandant
1715 647 87 21 breveté

1247 677 112 26 Brtchard,
1391 679 106 24 adjudant
1502 677 88 25 -major,
1621 677 122 21 recevaient
1773 676 29 21 lc?

1247 707 120 23 nombreux
1385 709 84 23 invites
1487 707 70 25 parmi
1573 706 91 26 lesquels
1682 706 20 21 le
1718 705 84 26 Rentrai

1246 737 26 22 de
1291 737 79 25 Krahe,
1387 739 30 20 les
1432 736 94 23 colonels
1541 735 107 26 Dewaelc,
1665 735 99 22 Delfosse
1780 738 21 18 ct

1247 766 47 22 Van
1313 767 113 25 Buylaere.

1275 796 48 22 l'ne
1340 795 117 26 spirituelle
1479 802 13 15 «
1501 795 75 21 Revue
1584 801 13 15 >
1615 795 35 23 où,
1668 794 65 23 d'une
1752 797 38 19 tou-

1247 826 39 23 che
1303 826 43 22 très
1361 825 76 25 libère»
1454 825 29 22 les
1501 825 65 25 petits
1583 827 83 19 travers
1683 824 37 22 des
1736 824 65 24 chefs,

1246 856 30 21 les
1293 856 106 21 incidents
1417 855 26 21 de
1462 855 21 21 la
1502 860 85 16 caserne
1605 857 22 18 et
1645 854 29 21 du
1693 860 63 18 camp
1775 852 26 24 de

1247 885 112 24 Iieverloo,
1375 885 30 21 les
1419 890 108 18 examens,
1541 886 42 19 etc.
1598 883 80 22 étaient
1694 883 108 26 critiqués,

1246 914 73 22 obtint
1334 914 19 21 lc
1368 913 49 26 plus
1431 913 68 26 grand
1515 912 79 23 succès.

1273 944 31 22 Le
1323 944 126 21 talentueux
1468 943 49 21 chef
1536 943 26 22 de
1580 942 106 26 musique,
1703 942 20 21 le
1742 942 48 26 capi-

1246 973 57 22 taine
1318 972 82 26 Spoels,
1414 972 99 25 dirigeait
1528 978 30 16 un
1571 972 108 22 orchestre
1692 972 102 24 excellent

1246 1003 38 24 qui
1300 1002 102 22 entraîna
1420 1002 13 21 à
1452 1002 22 21 la
1494 1001 73 26 danse,
1588 1001 116 27 jusqu'aux
1724 1001 77 26 petites

1246 1032 82 24 heures,
1343 1031 27 23 dc
1387 1031 120 21 nombreux
1523 1030 94 26 couples.

1268 1090 53 37 La
1344 1089 82 38 Fête
1449 1090 60 37 des
1535 1089 244 38 Combattants

1335 1141 49 30 des
1401 1141 34 30 2e
1451 1143 27 28 et
1494 1140 33 32 8e
1540 1140 172 31 d'Artillerie

1271 1215 88 22 Samedi
1376 1215 52 25 soir,
1446 1216 21 21 îa
1487 1214 131 23 Fraternelle
1637 1215 37 23 des
1694 1214 95 22 Combat-

1245 1245 60 21 tants
1320 1245 38 22 des
1375 1245 22 20 2*
1414 1247 23 20 ct
1453 1244 23 21 S"
1493 1244 138 26 d'Artillerie,
1646 1251 14 14 a
1676 1244 80 25 donné,
1772 1249 28 16 cn

1244 1274 22 22 la
1283 1274 52 22 salle
1355 1274 81 25 Patria,
1453 1280 44 16 une
1515 1274 170 25 représentation
1705 1274 27 22 de
1752 1274 48 26 gala

1244 1310 28 15 au
1289 1304 97 21 bénéfice
1401 1304 26 21 de
1443 1310 24 15 sa
1483 1303 66 23 caisse
1565 1303 27 22 de
1607 1309 93 17 secours.

1271 1333 49 23 Une
1337 1333 130 22 nombreuse
1482 1333 123 25 assistance,
1621 1333 71 26 parmi
1709 1332 91 27 laquelle

1244 1362 30 23 les
1290 1362 108 26 généraux
1414 1362 109 26 Vinçotte,
1538 1362 96 26 Lebrun,
1652 1362 102 26 Gcnotte,
1771 1362 29 22 les

1245 1392 93 22 colonels
1356 1393 101 24 Louvau,
1475 1392 135 23 Stervelinck
1626 1395 23 19 ct
1669 1392 99 25 Bacsens,
1787 1398 13 15 a

1245 1422 43 25 pris
1311 1422 69 25 grand
1402 1422 74 25 plaisir
1498 1422 14 22 à
1534 1421 104 23 entendre
1660 1422 21 21 la
1704 1421 96 22 comédie

1244 1450 104 27 satirique
1365 1452 79 21 «Mon
1460 1451 51 22 curé
1528 1451 51 22 chez
1595 1451 20 22 lc
1633 1451 124 25 ministre»,
1774 1451 27 22 de

1243 1481 34 22 M.
1298 1480 221 27 Gcrmain-Lucigny,
1539 1481 129 25 interprétée
1687 1487 40 19 par
1745 1481 43 22 l'au-

1245 1513 48 19 teur
1311 1511 68 25 ,Mme
1397 1509 99 24 Suzanne
1513 1510 102 26 Marquis
1631 1512 22 20 ct
1669 1510 62 22 MM.
1748 1509 53 23 Mo-

1245 1546 72 19 renne,
1335 1540 149 25 Darnauville,
1503 1539 60 23 René
1581 1540 27 21 de
1627 1540 66 26 Roby
1710 1542 23 20 ct
1751 1539 38 22 Hu-

1245 1569 48 22 bert
1310 1568 81 24 Valter.

1271 1598 35 23 M.
1318 1599 27 22 dc
1358 1599 95 25 Heusch,
1466 1598 109 26 président
1588 1599 26 22 de
1627 1599 22 21 la
1662 1597 138 27 Fraternelle,

1245 1629 118 25 Luypaert,
1386 1628 120 25 secrétaire,
1531 1631 22 19 et
1586 1627 77 27 Crabe,
1695 1628 106 26 trésorier,

1244 1658 88 22 avaient
1354 1658 98 24 organisé
1473 1658 56 22 deux
1550 1659 110 21 tombolas
1680 1658 75 22 dotées
1774 1658 27 21 de

1245 1687 120 22 nombreux
1379 1688 70 21 beaux
1462 1688 54 24 prix.

1270 1716 37 22 Un
1320 1717 36 21 bal
1369 1717 38 22 dos
1419 1716 49 26 plus
1479 1716 82 23 animés
1574 1716 84 22 clôtura
1669 1717 21 21 la
1704 1716 50 27 fête,
1762 1717 37 26 qui

1245 1748 110 24 remporta
1370 1747 20 22 lc
1403 1747 49 25 plus
1465 1746 34 22 vif
1511 1747 80 22 succès.

1263 1800 37 34 Le
1316 1801 124 40 Congrès
1454 1800 36 34 de
1505 1801 111 33 l'Union
1634 1801 145 33 Nationale

1326 1846 50 32 des
1397 1846 123 32 Officiers
1541 1846 36 32 de
1596 1845 121 34 Réserve

1272 1900 60 22 Pour
1348 1901 22 22 la
1387 1900 104 26 première
1509 1900 49 26 fois,
1575 1900 89 22 l'Union
1683 1900 117 23 Nationale

1244 1930 38 22 des
1296 1930 101 25 Officiers
1411 1937 15 15 a
1442 1930 68 26 réuni,
1523 1937 27 15 cn
1564 1930 117 23 assemblée
1696 1929 105 28 générale,

1246 1959 29 23 les
1296 1959 98 26 délégués
1415 1958 94 25 officiels
1527 1959 40 23 des
1586 1964 26 21 35
1634 1960 101 22 amicales
1754 1960 36 21 for-

1246 1992 62 19 mant
1323 1989 96 23 l'Union.

1272 2018 34 23 Au
1321 2019 90 25 bureau,
1425 2018 84 26 préside
1524 2025 40 19 par
1577 2019 19 22 le
1609 2019 180 22 lieutenant-colo-

1247 2048 34 22 nel
1297 2048 89 22 breveté
1403 2048 64 25 Lcnz,
1483 2055 23 16 se
1522 2048 126 22 trouvaient
1664 2049 62 22 MM.
1744 2048 57 22 Rut-

1246 2080 57 23 tcau,
1317 2078 175 25 vice-président,
1507 2078 119 26 Lambeau,
1637 2078 114 23 secrétaire
1765 2078 25 26 gé-

1247 2107 65 26 néral,
1328 2110 23 19 ct
1366 2107 93 25 Devèze,
1474 2106 100 23 trésorier
1588 2108 92 26 général,
1696 2110 24 20 ct
1734 2107 68 27 Wolf,

1244 2135 114 24 secrétaire
1378 2136 93 27 adjoint.

1274 2167 33 21 Au
1326 2166 68 23 début
1411 2166 26 23 de
1453 2167 22 22 la
1491 2167 84 25 séance,
1593 2167 15 22 il
1627 2167 34 22 fut
1678 2167 92 26 procédé
1788 2166 13 22 à

1246 2196 104 22 l'examen
1372 2196 38 22 des
1431 2196 85 22 articles
1537 2196 37 23 des
1594 2198 82 21 statuts
1695 2197 14 21 à
1730 2197 59 21 modi-

1246 2225 41 23 fier
1305 2232 28 16 en
1351 2228 78 19 tenant
1447 2228 87 24 compte
1553 2232 42 19 que
1613 2226 31 22 les
1662 2225 95 23 officiers
1774 2226 27 21 dc

1247 2255 83 23 réserve
1347 2255 94 22 résident
1456 2262 38 16 sur
1509 2258 50 20 tous
1575 2255 30 23 les
1622 2256 73 25 points
1711 2255 30 22 du
1757 2258 34 20 ter-

1247 2284 81 23 ritoire.

1273 2314 35 22 M.
1319 2314 118 23 Lamb.au.
1447 2314 114 23 secrétaire
1573 2314 92 26 général,
1677 2314 75 22 donna
1758 2314 32 22 lec-

1247 2346 47 19 ture
1307 2344 31 21 du
1354 2346 91 23 rapport
1458 2350 38 16 sur
1510 2343 103 23 l'activité
1627 2344 27 22 dc
1668 2343 90 23 l'Union
1773 2350 28 15 au

1246 2378 64 17 cours
1323 2373 27 22 de
1363 2373 84 22 l'année
1462 2378 61 21 1934.

1273 2403 35 21 M.
1325 2403 86 22 Devèze
1430 2403 74 22 donna
1523 2409 31 16 un
1572 2408 79 21 aperçu
1671 2402 86 27 général
1773 2402 28 23 de

1246 2432 21 22 la
1283 2432 119 23 trésorerie.

1274 2461 19 23 II
1310 2461 36 23 fut
1364 2461 92 25 procédé
1475 2462 82 22 ensuite
1575 2468 44 16 aux
1637 2461 102 24 élections
1756 2463 35 22 sta-

1247 2492 97 22 tutaires.
1361 2491 56 24 Sont
1432 2492 106 25 nommés,
1554 2498 57 19 pour
1627 2492 139 26 l'infanterie,
1782 2492 20 21 le

1247 2522 156 21 commandant
1417 2520 109 23 Corbisier
1537 2525 23 18 ct
1571 2521 19 22 k
1602 2522 108 25 capitaine
1722 2521 79 26 Sohet;

1247 2556 56 20 pour
1315 2551 21 21 la
1348 2550 112 26 cavalerie,
1470 2551 21 22 le
1504 2551 107 25 capitaine
1624 2551 113 25 Janssens;
1747 2557 56 20 pour

1247 2580 123 24 l'artillerie,
1388 2580 21 23 le
1428 2580 120 22 lieutenant
1570 2580 113 26 Bruheau;
1706 2587 58 20 pour
1784 2580 19 22 le

1246 2610 81 23 service
1341 2610 98 26 médical,
1451 2610 19 23 le
1484 2610 33 22 Dr
1530 2610 104 26 Bicquet;
1647 2616 57 20 pour
1716 2610 31 22 les
1758 2616 34 16 ser-

1248 2639 58 23 vices
1324 2639 174 25 administratifs,
1514 2639 20 23 le
1552 2639 108 26 capitaine
1677 2639 124 27 Lambeau;

1248 2675 56 20 pour
1319 2669 31 22 les
1367 2669 91 23 services
1475 2669 78 25 divers,
1570 2669 19 22 lc
1601 2669 88 22 colonel
1705 2669 71 22 Aerts.

1274 2699 33 22 La
1324 2699 77 22 séance
1419 2706 23 15 se
1460 2699 93 22 termina
1572 2698 62 27 après
1651 2705 42 16 une
1712 2699 91 22 réunion

1247 2728 30 22 du
1293 2728 79 22 conseil
1385 2728 206 25 d'administration,
1607 2734 28 16 au
1652 2735 63 15 cours
1729 2729 27 22 de
1772 2728 20 22 la-

1248 2758 70 25 quelle
1333 2758 19 21 le
1366 2758 83 21 colonel
1463 2758 59 22 Lenz
1538 2758 35 22 fut
1587 2758 58 22 réélu
1660 2757 116 27 président,
1790 2758 14 22 à

1248 2787 142 26 l'unanimité,
1403 2787 56 22 ainsi
1472 2792 41 20 que
1526 2787 31 22 les
1569 2790 73 20 autres
1654 2788 107 22 membres
1773 2788 30 21 du

1248 2816 90 24 bureau.

1272 2875 68 39 Une
1356 2876 188 45 fancy-fair
1566 2875 41 38 de
1620 2875 37 39 la
1674 2875 108 39 Fidac

1276 2963 34 22 La
1327 2961 139 28 Fancy-Faîr
1485 2963 111 25 organisée
1616 2969 41 19 par
1676 2963 22 22 la
1718 2961 87 25 Section

1251 2992 102 23 féminine
1366 2992 62 26 belge
1440 2992 27 22 de
1479 2992 23 23 la
1514 2991 126 24 FJ.D.A.C.
1651 2992 51 23 s'est
1715 2995 90 20 ouverte

1249 3023 83 21 samedi
1355 3022 128 25 après-midi
1507 3022 55 23 dans
1585 3023 30 22 les
1638 3022 73 23 salons
1735 3022 27 23 de
1784 3022 22 22 la

1251 3050 88 24 Grande
1354 3051 129 23 Harmonie.

1277 3081 49 21 Une
1345 3081 60 22 foule
1423 3081 137 24 nombreuse,
1578 3081 52 22 triée
1647 3087 38 16 sur
1701 3081 21 21 le
1739 3080 59 22 volet

1250 3110 32 25 s'y
1297 3110 54 22 était
1368 3110 74 21 donné
1458 3111 145 22 rendez-vous
1617 3113 23 19 et
1658 3117 27 15 ne
1703 3116 21 16 se
1741 3116 54 16 mon-

1250 3141 35 20 tra
1306 3145 41 20 pas
1367 3140 69 22 rétive
1458 3146 43 16 aux
1521 3139 150 23 sollicitations
1693 3140 38 22 des
1752 3146 42 15 ven-

1250 3169 76 22 deuses
1343 3169 38 25 qui
1399 3176 23 15 se
1440 3169 161 25 répartissaknt
1618 3169 55 22 dans
1690 3169 30 23 les
1740 3169 54 22 diffé-

1251 3201 59 20 rents
1332 3198 83 23 stands.
1440 3198 106 26 Celles-ci,
1571 3205 28 15 au
1625 3199 92 22 nombre
1741 3198 65 22 d'une

1251 3228 104 25 centaine,
1379 3228 89 22 avaient
1491 3228 98 26 répondu
1614 3234 53 16 avec
1689 3234 106 20 empresse-

1251 3260 61 20 ment
1324 3257 15 22 à
1352 3258 79 25 l'appel
1446 3258 27 21 de
1487 3258 20 22 la
1523 3258 105 25 princesse
1643 3258 56 26 Jean
1715 3257 27 23 de
1756 3258 50 21 Me-

1251 3287 59 26 rode,
1321 3287 122 26 présidente
1454 3288 27 21 de
1492 3288 21 21 la
1525 3287 82 22 section
1620 3287 110 23 auxiliaire
1742 3287 54 22 fémi-

1251 3316 50 23 nine
1319 3317 61 25 belge
1399 3317 27 22 de
1444 3317 22 22 la
1483 3316 138 26 F.I.D.A.C.;
1641 3317 27 21 de
1686 3317 73 22 Mmes
1776 3317 30 22 les

1251 3346 108 26 générales
1378 3346 28 23 de
1425 3346 141 25 Longueville
1586 3349 22 19 et
1628 3346 118 22 Courbain.

1278 3375 101 23 Pendant
1398 3376 68 25 qu'un
1487 3376 69 25 grand
1577 3376 88 22 tournoi
1684 3376 27 22 de
1731 3375 76 27 bridge

1250 3412 23 15 se
1295 3405 108 22 déroulait
1426 3405 54 23 dans
1501 3406 21 22 le
1544 3406 159 21 recueillement
1724 3405 72 26 obliga-

1252 3434 62 26 toire,
1330 3442 29 15 on
1376 3435 87 22 dansait
1479 3442 30 15 un
1524 3442 42 18 peu
1584 3435 49 25 plus
1649 3435 45 21 loin
1711 3440 43 17 aux
1771 3441 25 15 ac-

1252 3467 60 20 cents
1330 3465 53 21 d'un
1402 3465 109 22 orchestre
1529 3465 28 22 de
1576 3464 127 22 balalaïkas.

1279 3493 38 23 Un
1333 3494 47 25 bar,
1397 3494 15 22 à
1426 3494 113 25 l'enseigne
1554 3493 28 21 ln
1597 3494 28 21 de
1640 3493 81 25 Klock,
1738 3494 35 22 fut
1788 3493 20 22 le

1252 3526 73 20 centre
1344 3524 67 23 d'une
1432 3523 90 26 joyeuse
1542 3523 122 22 animation
1685 3524 64 25 grâce
1767 3530 30 15 no-

1253 3555 108 20 tamment
1378 3553 15 21 à
1407 3553 24 22 la
1446 3559 67 16 verve
1528 3553 39 23 des
1584 3553 114 22 musiciens
1718 3553 91 26 cjonas

1252 3585 23 19 et
1289 3583 22 21 la
1327 3582 87 22 Baleine
1424 3588 20 16 ».

1280 3611 69 26 Après
1361 3612 63 22 avoir
1436 3611 73 26 épuisé
1522 3612 21 22 la
1554 3611 54 24 s&rie
1622 3611 37 23 des
1672 3612 136 25 attractions,

1824 410 29 16 on
1872 405 25 20 fit
1915 411 29 15 un
1962 405 55 21 beau
2033 407 73 20 succès
2120 414 13 14 ;i
2149 407 20 21 la
2186 406 105 25 prino.'ssc
2309 405 71 23 Cîalît-

1824 434 47 21 zine
1889 437 23 18 ct
1931 440 29 15 au
1982 434 62 21 ténor
2065 435 107 22 Moucbct
2192 436 38 24 qui
2252 436 126 21 chantèrent

1826 462 104 26 plusieurs
1951 470 115 15 morceaux
2087 464 156 27 accompagnés
2265 472 39 18 par
2326 465 53 22 Mlle

1826 492 143 22 Couturiaux.

1888 548 60 20 LES
1971 548 344 23 COMPAGNIES-ECOLES

1899 575 44 20 AU
1960 575 88 21 CAMP
2066 576 46 20 DE
2129 577 177 20 BEVKULOO

1852 604 30 22 Lc
1904 611 14 18 4
1940 604 87 26 février,
2049 606 30 21 les
2102 606 219 26 compagnies-écoles
2341 607 39 21 des

1824 633 97 23 dix-huit
1940 635 116 24 régiments
2072 635 137 25 d'infanterie
2227 639 23 20 et
2269 637 38 21 des
2323 637 56 21 deux

1825 663 115 25 régiments
1955 664 27 22 de
1999 665 130 23 carabiniers
2145 665 98 27 cyclistes
2257 666 122 22 arriveront

1824 699 40 19 par
1884 693 84 22 chemin
1990 694 28 21 dc
2039 695 32 20 fer
2091 701 28 16 au
2140 701 64 19 camp
2224 696 27 21 de
2274 696 105 21 Beverloo

1825 729 56 18 pour
1901 723 115 26 participer
2037 724 13 20 à
2071 731 42 15 une
2134 724 87 27 période
2240 725 91 25 spéciale
2353 726 26 21 dc

1824 752 39 21 tirs
1876 755 22 18 ct
1915 753 27 21 dc
1957 758 142 18 manoeuvres.

1851 781 41 22 Lcs
1905 783 53 20 trois
1971 787 153 20 groui>cments
2134 790 5 15 :
2157 790 35 14 icr
2204 790 61 19 corps
2279 784 100 24 d'armée,

1824 810 216 24 lieutenant-colonel
2062 813 87 22 breveté
2171 813 63 21 Mcrx
2241 819 5 19 ;
2270 819 24 16 2c
2317 820 63 19 corps

1824 839 100 27 d'armée,
1937 841 72 25 major
2021 841 88 23 breveté
2121 844 73 24 Long;
2208 848 25 19 3e
2246 849 63 20 corps
2321 843 47 22 d'ar-

1825 870 52 25 mée,
1894 870 215 23 lieutenant-colonel
2125 872 88 22 breveté
2230 873 101 25 Jacques,
2345 879 24 16 se-

1825 902 49 18 ront
1887 905 52 17 sous
1951 901 21 21 la
1984 900 105 23 direction
2103 902 28 22 du
2144 901 169 26 général-major
2321 902 58 21 Van-

1823 927 116 27 derveken,
1959 930 157 22 commandant
2135 930 80 23 l'Ecole
2235 931 144 22 d'infanterie.

1851 958 32 21 La
1896 958 88 26 période
1996 959 90 25 spéciale
2099 967 21 15 se
2133 960 114 22 terminera
2261 961 18 21 le
2294 967 10 14 2
2315 967 65 16 mars.

1850 987 35 22 M.
1900 988 93 25 Devèze,
2008 989 97 22 ministre
2120 990 27 22 dc
2162 990 21 21 la
2197 990 94 22 Défense
2306 991 61 21 natio-

1824 1017 55 24 nale,
1893 1024 14 14 a
1924 1018 89 24 prescrit
2028 1025 42 18 que
2081 1025 6 15 :
2107 1022 51 20 tous
2172 1020 31 21 les
2220 1020 76 21 locaux
2313 1020 55 22 desti-

1824 1053 37 14 nes
1873 1047 14 21 à
1902 1048 58 23 loger
1973 1048 38 21 des
2026 1048 71 22 unités
2110 1050 70 24 soifnt
2195 1049 98 22 chauffés
2308 1050 38 22 dès
2359 1050 20 21 le

1826 1081 9 14 i
1838 1075 19 10 er
1876 1075 84 26 février,
1977 1077 57 22 donc
2050 1078 54 21 trois
2119 1079 62 24 jours
2197 1081 68 19 avant
2282 1079 97 21 l'arrivée

1824 1105 37 22 des
1877 1106 149 25 compagnies;
2044 1113 42 19 que
2103 1108 30 22 les
2147 1108 129 22 allocations
2292 1115 76 15 norma-

1825 1135 29 22 les
1870 1141 28 15 en
1918 1135 153 24 combustibles
2089 1137 70 22 soient
2176 1138 87 24 triplées
2282 1138 96 25 pendant

1823 1164 29 22 les
1864 1165 53 21 trois
1928 1166 103 23 premiers
2043 1166 60 25 jours
2114 1167 155 22 d'installation
2282 1173 56 20 pour
2349 1168 30 21 les

1824 1193 77 22 locaux
1919 1194 142 23 abandonnés
2078 1202 27 15 en
2124 1197 72 24 hiver;
2215 1203 49 19 que,
2282 1197 96 25 pendant

1824 1223 30 21 les
1869 1224 81 24 grands
1965 1224 75 25 froids,
2056 1225 29 22 les
2102 1226 110 24 quantités
2228 1227 108 21 normales
2352 1227 27 21 de

1824 1252 95 22 charbon
1935 1253 96 25 puissent
2044 1254 46 22 être
2104 1255 137 25 augmentées
2256 1256 27 21 de
2297 1256 82 21 moitié.

1850 1282 20 22 Il
1884 1285 33 19 est
1932 1284 58 21 aussi
2005 1283 68 25 prévu
2090 1290 42 17 une
2149 1285 117 22 allocation
2282 1285 28 23 de
2325 1285 54 22 coke

1823 1311 95 22 destinée
1941 1319 43 15 aux
2007 1313 99 23 braseros
2129 1314 14 22 à
2167 1314 96 22 installer
2286 1315 93 22 derrière

1824 1340 30 22 les
1871 1341 68 25 lignes
1956 1342 27 22 d;
1999 1342 37 22 tir.

1849 1369 35 23 En
1897 1374 71 22 outre,
1982 1372 38 22 des
2034 1375 138 21 couvertures
2185 1374 193 25 supplémentaires

1823 1402 107 23 pourront
1946 1401 46 22 être
2008 1401 128 24 distribuées
2151 1405 22 20 et
2190 1403 83 26 chaque
2289 1410 78 19 compa-

1823 1429 49 24 gnie
1887 1430 110 25 disposera
2012 1431 52 21 d'un
2080 1432 55 22 local
2150 1432 84 22 réserve
2247 1439 28 15 au
2289 1433 90 26 séchage

1824 1458 38 23 des
1878 1459 125 24 chaussures
2018 1463 22 19 et
2057 1461 37 23 d.'s
2111 1462 120 22 vêtements
2247 1463 104 21 mouillés.

1850 1488 21 22 Il
1887 1491 32 20 est
1935 1489 14 22 à
1965 1492 63 19 noter
2044 1491 56 21 aussi
2117 1498 49 19 que,
2181 1498 85 15 comme
2282 1492 96 25 pendant

1823 1517 19 22 le
1863 1524 64 19 camp
1947 1519 62 25 d'été,
2030 1520 37 22 des
2091 1521 87 24 «petits
2197 1521 89 22 trains»
2305 1525 74 18 seront

1824 1547 40 22 mis
1884 1547 14 22 à
1919 1548 21 21 la
1961 1548 129 26 disposition
2111 1550 37 22 des
2167 1551 69 21 écoles
2255 1557 57 20 pour
2333 1551 47 22 leur

1824 1578 112 23 transport
1951 1584 49 16 vers
2016 1578 30 23 les
2062 1580 90 22 terrains
2167 1579 101 26 éloignes.

1850 1605 75 26 Enfin,
1957 1607 39 22 des
2028 1608 137 25 permissions
2198 1609 181 23 hebdomadaires

1824 1639 108 21 pourront
1952 1637 46 21 être
2020 1638 114 23 accordées
2156 1639 83 26 chaque
2261 1640 84 21 samedi
2366 1640 14 22 à

1823 1665 70 24 partir
1906 1665 27 23 de
1947 1666 61 22 midi.

1847 1722 20 39 A
1891 1723 99 39 l'Union
2010 1725 46 38 des
2079 1724 120 42 Officiers
2214 1727 31 38 de
2259 1728 98 38 Marine

1979 1802 46 34 Une
2037 1802 47 34 fête
2100 1805 12 31 à
2125 1805 100 33 Ostende

2077 1854 115 25 Ostende,
2216 1856 13 21 3
2253 1855 99 22 février.

1849 1879 108 21 L'Union
1975 1881 208 21 Professionnelle
2201 1884 43 19 des
2261 1883 118 23 Officiers

1824 1905 30 20 de
1872 1906 25 21 la
1914 1907 97 19 Marine
2029 1908 29 19 de
2076 1908 77 21 l'Etat
2170 1914 16 15 a
2203 1909 121 25 organisé,
2343 1915 29 15 sa-

1825 1932 66 21 medi
1917 1933 57 25 soir,
2001 1939 30 17 en
2056 1939 47 15 son
2127 1935 71 24 local,
2222 1935 17 21 à
2266 1936 115 23 Ostende,

1824 1963 47 15 une
1893 1959 58 25 fête,
1971 1964 33 15 au
2025 1965 72 17 cours
2117 1961 30 20 de
2170 1962 104 23 laquelle
2294 1963 86 21 furent

1827 1985 64 20 fêtes
1918 1987 23 19 le
1966 1986 126 24 capitaine
2119 1989 121 23 Greenop,
2267 1989 102 24 superin-

1823 2012 105 20 tendant
1944 2012 126 21 maritime
2087 2014 29 20 de
2133 2016 24 20 la
2173 2014 124 21 Southern
2314 2015 56 20 Rail-

1823 2043 55 20 way
1896 2037 16 21 à
1928 2039 123 25 Douvres;
2070 2040 22 20 le
2110 2040 177 22 commandant
2304 2042 67 20 Cuve-

1825 2064 51 24 lier,
1902 2065 170 23 commissaire
2097 2067 132 24 maritime,
2258 2067 124 22 directeur

1824 2092 131 20 honoraire
1971 2092 34 20 du
2020 2094 57 23 port
2093 2093 125 25 d'Anvers,
2236 2094 25 20 et
2277 2094 23 21 le
2317 2099 54 16 com-

1827 2118 121 22 mandant
1973 2119 29 19 A.
2028 2119 67 25 Gray
2097 2120 31 25 et,
2156 2119 124 22 directeur
2305 2121 67 20 hono-

1826 2144 64 20 raire
1911 2145 33 20 du
1966 2145 98 21 Service
2084 2146 44 22 de3
2148 2146 137 26 paquebots
2306 2148 30 20 de
2356 2148 25 20 la

1825 2171 65 25 ligne
1915 2171 236 22 Oatende-Douvres.

1851 2198 85 19 Parmi
1951 2198 36 21 les
2002 2197 132 23 assistants
2149 2200 43 25 qui
2207 2200 101 22 avaient
2320 2200 61 21 tenu

1823 2222 16 22 à
1853 2224 89 21 rendre
1957 2224 131 25 hommage
2103 2231 33 16 au
2150 2225 73 22 héros
2238 2227 30 20 de
2282 2227 25 21 la
2321 2226 59 24 fête,

1825 2250 79 20 citons
1916 2256 5 15 :
1945 2251 22 20 le
1988 2252 177 21 commandant
2183 2252 31 21 de
2234 2253 98 21 marine
2351 2255 30 19 R.

1825 2277 54 20 Van
1903 2277 81 25 Huile,
2011 2277 127 25 président
2162 2278 31 21 de
2216 2279 98 21 l'Unicn
2337 2279 44 21 des

1825 2303 117 22 Officiera
1968 2304 30 20 de
2022 2305 26 20 la
2071 2305 96 21 Marine
2192 2305 30 21 de
2245 2305 87 25 l'Etat;
2358 2306 23 20 le

1825 2330 178 21 commandant
2034 2331 30 20 E.
2089 2331 189 22 Timmermans.
2304 2332 67 20 direc-

1825 2356 162 25 teur-adjoint
2001 2357 132 21 honoraire
2148 2359 44 21 des
2209 2358 112 21 Services
2338 2358 43 21 des

1825 2383 145 24 paquebots;
1988 2383 23 23 le
2029 2384 176 21 commandant
2221 2385 27 20 L.
2264 2384 115 25 D^piére;

1825 2410 59 22 MM.
1901 2411 23 19 J.
1943 2411 130 23 Bauwens,
2093 2410 126 26 président
2236 2411 30 20 de
2283 2411 98 21 l'Union

1824 2436 30 19 de
1855 2445 12 14 s
1886 2436 157 25 Armateurs;
2065 2438 28 24 A.
2113 2438 55 20 Van
2188 2438 133 23 Glabbeke,
2341 2437 32 20 dé-

1825 2463 58 24 puté
1904 2462 142 26 suppléant;
2068 2465 29 20 A.
2117 2464 165 23 Lauwereins,
2304 2464 68 21 direc-

1826 2490 56 20 teur
1906 2489 33 21 du
1965 2490 99 21 Service
2097 2490 42 21 des
2172 2491 146 25 paquebots;
2345 2491 36 20 les

1825 2516 190 21 commandants
2035 2517 29 20 A.
2084 2517 118 23 Paduart,
2222 2517 125 20 directeur
2366 2516 16 21 à

1823 2542 92 21 l'Ecole
1934 2542 142 25 supérieure
2093 2543 31 20 de
2140 2543 152 25 Navigation
2310 2543 62 21 d'An-

1825 2573 66 20 vers;
1913 2569 26 20 L.
1957 2569 87 25 Looze,
2064 2569 124 23 directeur
2206 2570 16 21 à
2242 2569 90 21 l'Ecole
2351 2572 30 19 de

1826 2595 119 26 cabotage
1956 2594 4 5 '
1968 2596 144 25 d'Ostende;
2138 2597 37 20 H.'
2193 2596 89 24 Piette,
2305 2596 67 21 direc-

1826 2622 161 25 teur-adjoint
2005 2622 34 20 du
2056 2622 122 26 Pilotage;
2198 2623 32 21 H.
2248 2622 134 24 Couteaux,

1826 2648 310 21 cc-mmandant-directeur
2167 2649 31 21 de
2229 2649 92 21 l'Ecole
2352 2649 30 20 de

1826 2676 96 20 Marine
1947 2676 31 19 de
2002 2675 87 26 l'Etat;
2116 2676 145 25 Aspeslagh,
2289 2676 83 25 inspec-

1826 2701 56 21 teur
1898 2702 137 24 maritime;
2057 2703 28 20 G.
2103 2703 120 24 Degrave,
2243 2702 129 25 vice-prési-

1826 2728 59 21 dent
1904 2729 30 20 de
1953 2728 97 21 l'Union
2067 2728 44 21 des
2129 2729 128 24 Officiers;
2278 2729 29 21 A.
2326 2729 56 24 Blij,

1826 2755 34 20 du
1892 2754 143 26 garde-côte
2066 2756 138 22 «Zinnia»;
2239 2756 24 20 J.
2294 2755 89 23 Barbé,

1826 2782 170 20 commissaire
2017 2782 126 21 maritime
2162 2781 140 25 d'Ostende,
2324 2783 45 20 etc.

1854 2809 39 20 Au
1920 2813 73 16 cours
2019 2808 58 21 d'un
2101 2809 109 24 banquet
2235 2809 78 20 offert
2337 2814 47 19 par

1826 2834 105 25 l'Union,
1949 2835 23 20 le
1991 2835 177 21 commandant
2185 2836 30 20 R.
2234 2836 56 20 Van
2308 2835 75 21 Huile

1826 2860 51 22 prit
1899 2862 27 20 la
1950 2861 85 24 parole
2060 2866 63 19 pour
2145 2860 108 22 féliciter
2277 2862 24 21 le
2317 2862 56 24 capi-

1827 2887 68 21 taine
1911 2888 121 24 Greenop,
2049 2888 36 20 les
2102 2888 188 20 commandants
2307 2889 67 20 Cuve-

1827 2914 46 20 lier
1894 2915 25 20 et
1941 2915 99 25 Grayet,
2063 2916 120 20 remercia
2203 2915 26 21 la
2250 2919 85 20 presse
2358 2915 26 20 et

1828 2941 55 21 leva
1900 2946 46 16 son
1963 2946 71 15 verre
2051 2940 16 21 à
2085 2942 24 19 la
2125 2941 72 21 santé
2214 2941 30 20 de
2261 2946 45 17 nos
2324 2942 50 20 Sou-

1828 2968 98 21 verains
1948 2968 26 20 et
1993 2967 32 21 du
2044 2967 89 21 Prince
2152 2966 89 29 marin,
2260 2967 23 21 le
2303 2968 80 20 comte

1827 2993 31 21 de
1874 2994 115 20 Flandre.

1854 3021 51 21 Des
1919 3020 129 21 souvenirs
2064 3021 85 20 furent
2163 3020 65 21 alors
2244 3020 76 20 remis
2335 3024 49 19 aux

1827 3046 74 22 héros
1923 3047 30 20 de
1975 3047 26 20 la
2021 3046 59 23 fête,
2101 3051 33 16 au
2154 3051 59 16 nom
2234 3046 31 21 de
2286 3046 97 20 l'Union

1828 3073 43 22 des
1887 3073 119 20 Officiers
2022 3073 30 19 de
2068 3072 102 20 Marine.

1858 3099 128 20 Plusieurs
2015 3098 132 21 assistants
2173 3097 97 25 prirent
2295 3102 89 16 encore

1828 3125 25 21 la
1868 3126 84 24 parole
1968 3126 25 19 et
2006 3125 36 21 les
2056 3124 72 22 héros
2143 3125 30 20 de
2188 3125 24 20 la
2228 3124 51 21 fête
2293 3128 83 16 remer-

1828 3151 100 22 cièrent

1856 3179 37 20 La
1911 3178 51 22 fête
1981 3179 115 20 s'acheva
2113 3184 32 15 au
2162 3178 116 23 Kursaal,
2299 3176 32 21 où
2349 3177 35 20 les

1830 3205 110 22 officiers
1956 3206 32 19 de
2003 3204 97 21 marine
2117 3203 146 21 assistèrent
2278 3209 34 15 au
2327 3204 58 25 gala

1829 3231 30 20 de
1880 3233 25 19 la
1928 3238 13 13 <r
1950 3231 123 20 Colonialp
2082 3236 12 13 »
2118 3232 32 19 du
2172 3230 102 21 littoral.

2502 248 37 31 Le
2560 247 65 33 XVl
2625 252 11 10 n
2660 249 194 32 Anniversaire

2437 292 39 32 da
2493 304 19 20 ((
2529 292 112 32 Soutien
2656 293 37 31 de
2710 293 175 33 Saint-Gilles
2901 306 19 20 »

2047 3258 109 21 -♦§.♦-

1906 3287 48 32 UN
1970 3286 153 33 VIOLENT
2142 3286 164 33 INCENDIE

1863 3332 26 32 A
1904 3330 447 36 FRANCFORT-SUR-LE-MEIN

1901 3405 304 24 Francfort-sur-Ie-Mein,
2225 3405 13 20 3
2257 3403 98 22 février.

1857 3432 41 20 Un
1918 3432 95 20 violent
2033 3431 113 20 incendie
2168 3436 15 15 a
2205 3430 92 25 ravagé
2318 3431 65 19 cette

1832 3458 54 20 nuit
1906 3462 35 15 un
1962 3457 80 25 grand
2065 3456 114 26 entrepôt
2201 3457 30 20 de
2252 3457 35 21 lin
2308 3457 26 19 et
2354 3456 30 20 de

1831 3483 98 20 textiles
1944 3483 63 20 dans
2024 3483 64 20 l'une
2104 3483 43 20 des
2162 3483 149 25 principales
2326 3487 58 15 rues

1832 3509 196 24 commerçantes
2078 3508 30 22 de
2155 3508 231 21 Francfort-sur-le-

1831 3534 75 21 Mein.

1867 3560 57 20 Aux
1950 3560 126 20 dernitres
2101 3560 133 23 nouvelles,
2258 3560 38 20 les
2320 3560 63 21 trois

1833 3584 85 26 étages
1939 3586 30 20 de
1989 3585 131 26 l'entrepôt
2141 3586 94 20 étaient
2255 3585 121 25 complète-

1832 3613 70 18 ment
1917 3611 113 22 détruits.

2429 368 34 20 Lc
2482 369 79 19 cercle
2580 368 217 24 philanthropique
2817 374 12 13 «
2844 369 33 19 Le
2897 368 49 20 Sou-

2403 395 50 19 tien
2477 395 29 19 de
2529 394 157 20 Saint-Gilles
2701 400 12 13 »
2734 395 69 19 avait
2823 393 69 21 réuni
2916 400 29 14 sa-

2403 420 65 20 medi
2485 421 52 20 soir
2554 421 35 19 les
2608 420 170 22 bienfaiteurs,
2795 421 35 19 les
2848 420 64 20 amis
2930 422 25 18 et

2403 447 34 19 les
2452 446 123 20 membres
2590 445 30 20 de
2636 445 100 20 l'œuvre
2751 450 30 15 en
2797 450 32 15 un
2846 445 108 26 banquet

2404 477 61 19 pour
2483 471 65 21 fêter
2566 472 21 19 le
2604 472 72 19 XVIe
2694 471 169 20 anniversaire
2882 472 29 20 de
2931 474 24 19 la

2403 499 128 19 fondation
2547 498 30 20 de
2592 499 24 19 la
2630 496 99 21 société.

2430 524 33 21 M.
2484 523 96 21 Robert
2603 523 30 20 de
2654 523 114 20 Bcndère
2788 522 118 26 présidait
2930 523 25 21 la

2403 550 66 20 table
2490 550 144 20 d'honneur.
2655 549 21 20 Il
2696 549 70 21 avait
2787 553 16 15 a
2824 554 41 15 ses
2887 548 68 22 côtés

2403 576 32 20 M.
2453 576 85 19 Simon
2558 575 138 21 Sasserath.
2715 575 95 23 avocat,
2829 573 126 26 président

2403 602 42 20 des
2466 600 104 21 Amitiés
2592 601 148 24 françaises;
2764 601 32 20 M.
2817 601 62 20 Paul
2900 601 56 21 Ful-

2403 628 61 23 bius,
2482 626 128 26 président
2630 627 146 23 d'honneur;
2796 626 60 21 MM.
2875 627 81 20 Escri-

2403 654 53 19 nler
2472 655 26 19 et
2514 653 59 20 Max
2587 653 138 23 Schaeffer,
2741 652 212 25 vice-présidents;

2403 680 59 19 MM.
2483 679 110 20 Gustave
2616 679 172 23 Jonckbloedt,
2810 679 27 20 T.
2860 679 95 22 Covias,

2402 705 119 25 Philippe.
2538 705 66 20 A.-O.
2619 705 110 22 Baster-,
2746 705 130 20 conseiller
2891 710 54 15 com-

2403 732 91 21 munal.
2514 731 37 19 De
2569 731 85 20 Zwaef
2673 731 64 20 ainsi
2756 736 48 19 que
2825 731 36 19 los
2880 736 65 14 mem-

2402 757 56 20 bres
2473 757 32 19 du
2520 756 96 22 comité,
2632 757 59 20 MM.
2707 757 112 21 Ernotte,
2834 757 122 24 Deschry-

2402 788 50 18 ver,
2485 783 154 24 Verhacghe,
2674 783 98 24 Quinet,
2807 783 148 24 Coupiennc,

2402 809 131 23 Boogaeit.

2430 834 88 24 Quand
2532 835 35 19 les
2580 834 115 20 convives
2709 835 87 19 eurent
2809 834 80 25 gagné
2902 835 54 20 leur

2403 860 76 24 place,
2497 860 23 20 lc
2537 859 133 25 président,
2687 860 33 21 M.
2739 860 29 20 de
2787 861 119 23 Bendcre,
2924 866 31 14 en

2402 887 92 19 termes
2515 884 87 25 élevés,
2624 885 95 25 évoqua
2739 887 25 19 la
2783 885 119 21 mémoire
2922 887 33 19 du

2402 912 36 19 loi
2455 911 92 20 Albert.
2563 911 20 21 Il
2599 912 71 19 salua
2686 912 96 20 ensuite
2799 913 24 19 la
2837 911 118 22 mémoire

2403 937 32 20 du
2465 941 156 20 gouverneur
2647 938 76 23 Nens,
2752 939 143 23 protecteur
2923 938 33 21 du

2403 964 101 19 Soutien
2522 964 29 19 de
2568 963 114 21 St-Gilles
2700 965 31 21 ct,
2749 964 126 20 associant
2894 964 61 21 dans

2402 993 47 15 une
2464 988 80 21 même
2560 988 96 26 pensée,
2671 990 101 20 anciens
2787 991 168 20 combattants

2403 1015 25 19 bf
2433 1015 52 24 Iges
2512 1016 26 19 et
2563 1016 112 20 français
2700 1016 79 20 morts
2805 1021 34 15 au
2864 1017 91 24 champ

2403 1040 142 24 d'honneur,
2571 1041 16 20 Il
2613 1041 55 24 pria
2692 1042 155 20 l'astiiatance
2873 1042 30 21 de
2928 1048 27 15 se

2403 1066 122 21 recueillir
2542 1067 118 24 quelques
2679 1068 116 20 Instants.

2430 1092 34 20 Le
2484 1092 117 25 banquet,
2623 1093 43 24 qui
2686 1094 76 20 suivit
2784 1094 65 20 cette
2871 1095 84 20 courte

2402 1118 195 23 manifestation,
2616 1119 40 20 fut
2674 1119 123 24 empreint
2814 1119 29 21 de
2862 1120 25 22 la
2905 1120 54 24 plus

2403 1146 54 19 vive
2478 1144 135 21 cordialité.
2634 1146 128 20 Plusieurs
2782 1146 102 21 artistes
2905 1147 41 19 vin-

2402 1171 56 20 rent
2476 1177 18 20 y
2513 1171 65 25 jeter
2597 1176 48 15 une
2667 1173 57 19 note
2745 1172 107 26 joyeuse.
2873 1172 85 20 Citons

2403 1197 21 22 I*
2443 1198 63 24 petit
2525 1198 189 24 Jenn-Jacques,
2734 1199 33 20 du
2786 1198 107 22 Théâtre
2913 1200 42 20 des

2405 1223 121 26 Galeries,
2552 1224 34 20 M.
2611 1224 100 23 Daems,
2737 1224 72 21 ténor
2834 1225 33 20 du
2892 1226 54 19 Kur-

2402 1250 54 19 saal
2473 1250 31 19 de
2520 1250 62 20 Nice
2600 1251 25 19 et
2642 1251 66 20 Mme
2725 1251 105 23 Labcen,
2848 1252 107 23 pianiste

2402 1276 30 19 de
2445 1276 85 20 talent.

2429 1302 23 19 A
2466 1301 92 21 l'heure
2575 1302 43 20 des
2634 1302 86 23 toasts,
2737 1303 23 20 le
2776 1302 126 26 président
2918 1309 28 15 sa-

2403 1326 43 21 lua
2476 1327 37 20 les
2541 1328 182 24 personnalités
2754 1328 136 26 présentes,
2921 1329 36 22 les

2404 1353 163 20 bienfaiteurs
2592 1354 29 19 dc
2646 1354 99 20 l'œuvre
2771 1355 65 20 ainsi
2860 1360 47 20 que
2932 1356 25 20 la

2404 1383 93 20 presse.
2521 1379 101 20 Prirent
2646 1385 89 15 encore
2758 1381 25 20 la
2808 1382 90 23 parole,
2923 1382 33 20 M.

2402 1405 132 20 Sasserath
2556 1406 25 19 et
2604 1406 33 21 M.
2659 1406 170 26 Jonckbloedt.
2851 1408 33 20 Ce
2907 1408 42 19 der-

2403 1431 59 24 nier,
2485 1436 32 15 au
2539 1432 84 20 milieu
2646 1432 43 20 des
2712 1433 185 24 acclamations,
2919 1439 26 15 re-

2402 1457 46 20 mit
2471 1455 16 22 à
2507 1457 33 21 M.
2562 1457 29 20 de
2612 1457 112 22 Bendère
2746 1459 24 20 la
2790 1459 114 21 médaille
2925 1460 29 20 de

2403 1482 121 25 première
2542 1483 79 20 classe
2641 1484 33 20 du
2692 1485 86 20 Grand
2797 1486 55 24 prix
2870 1486 76 19 huma-

2404 1508 89 21 nitaire
2511 1509 29 20 de
2557 1510 125 24 Belgique.
2700 1511 32 21 M.
2750 1512 112 23 Ernotte,
2878 1511 68 21 secré-

2403 1534 63 21 taire
2481 1534 100 24 général
2595 1536 32 20 du
2640 1535 108 25 Soutien,
2763 1538 40 19 fut
2817 1537 139 24 également

2405 1559 163 22 bénéficiaire
2593 1562 72 20 d'une
2691 1563 153 23 diatinction,
2871 1564 84 20 tandis

2403 1591 47 19 que
2472 1586 59 22 MM.
2552 1587 87 21 Billoir
2659 1589 26 20 ct
2705 1589 23 20 J.
2748 1589 122 20 Brunefre
2890 1594 56 16 rece-

2403 1612 83 20 vaient
2500 1611 16 22 à
2530 1613 53 20 leur
2597 1615 57 19 tour
2669 1614 42 21 des
2726 1613 172 26 récompenses
2912 1616 43 20 des

2405 1638 81 20 mains
2510 1638 33 21 du
2566 1638 134 26 président.
2727 1640 101 21 Celui-ci
2857 1640 99 26 éplngla

2403 1668 44 15 sur
2468 1664 25 20 la
2513 1665 107 24 poitrine
2641 1666 30 20 de
2693 1666 32 20 M.
2748 1666 137 24 Schaeffer,
2907 1672 49 16 une

2404 1688 143 23 décoration
2563 1692 112 23 anglaise
2692 1698 12 13 «
2719 1692 91 21 Award
2826 1693 41 20 for
2883 1694 74 20 Merlt

2402 1714 27 20 of
2445 1715 102 21 London
2562 1722 20 14 ».

2431 1741 84 25 Enfin,
2535 1743 25 19 la
2577 1743 81 24 partie
2677 1743 118 21 officielle
2813 1750 27 15 se
2860 1745 96 21 clôtura

2403 1771 46 19 par
2463 1767 25 21 la
2502 1768 93 20 lecture
2611 1768 33 20 du
2659 1771 103 21 rapport
2777 1770 33 20 du
2823 1770 133 22 secrétaire

2403 1797 45 20 par
2471 1794 79 24 lequel
2574 1799 32 15 on
2629 1795 84 24 apprit
2743 1800 48 20 que
2820 1796 23 20 le
2872 1798 87 21 cercle,

2403 1820 111 23 pendant
2536 1820 95 21 l'année
2653 1822 61 23 1934,
2736 1823 69 20 avait
2827 1823 92 25 envoyé
2940 1823 17 22 à

2403 1846 24 19 la
2444 1851 54 15 mer
2512 1851 33 15 ou
2561 1845 16 21 à
2594 1847 25 20 la
2636 1852 143 20 campagne,
2798 1849 40 21 163
2854 1851 101 20 enfants

2404 1871 91 21 aébiles
2515 1874 25 19 et
2561 1873 57 24 qu'il
2639 1874 70 21 avait
2731 1874 70 25 porté
2821 1880 101 16 secours
2941 1876 15 21 à

2404 1897 121 24 plusieurs
2549 1899 127 21 centaines
2698 1900 30 20 de
2750 1901 76 24 petits
2849 1901 97 21 déshéri-

2403 1922 37 22 tés
2465 1924 167 24 appartenant
2654 1931 49 16 aux
2727 1925 78 23 écoles
2828 1927 131 22 officielles

2404 1954 25 16 cl
2445 1950 74 21 libres
2535 1950 29 22 de
2579 1952 24 19 la
2619 1957 138 16 commune.

2624 1985 81 20 ^;:^0

3021 261 134 63 Les
3186 262 368 64 Théâtres
3587 265 42 62 à
3667 266 401 65 Bruxelles

2471 2017 37 43 Un
2532 2023 116 39 incendie
2672 2025 64 38 dans
2758 2033 32 31 un
2814 2025 77 47 dépôt

2414 2081 32 38 du
2470 2091 12 24 «
2505 2081 164 47 Nord-Belge
2693 2094 23 35 »,
2741 2084 13 38 à
2778 2085 164 40 Marchienne

2645 2162 134 25 Charleroi,
2799 2163 13 21 3
2833 2162 98 23 février.

2431 2185 39 21 Au
2487 2190 72 17 cours
2578 2186 29 20 de
2623 2188 25 20 la
2665 2188 55 20 nuit
2735 2190 30 19 de
2783 2190 93 20 samedi
2892 2191 17 21 à
2926 2191 24 20 di-

2403 2213 111 24 manche,
2537 2217 16 15 u
2554 2221 16 15 n
2591 2213 94 21 violent
2707 2214 112 22 incendie
2839 2217 60 20 s'est
2920 2217 30 21 dé-

2404 2239 66 20 claré
2486 2239 63 20 dans
2568 2240 21 19 le
2606 2239 74 25 dépôt
2696 2242 215 22 «Saint-Martin»
2929 2244 30 20 de

2404 2265 23 21 ia
2447 2266 150 25 Compagnie
2617 2267 43 19 dea
2680 2267 117 23 Chemins
2816 2270 31 19 da
2866 2270 39 21 fer
2925 2271 33 20 du

2403 2292 160 25 Nord-Belge,
2596 2293 17 20 à
2645 2293 157 21 Marchienn*
2815 2295 72 22 Zone.
2919 2296 40 21 Un

2404 2319 114 25 magasin
2541 2319 285 25 -d'approvisionnement
2852 2328 98 20 compre-

2403 2346 63 20 nant
2483 2346 65 20 deux
2566 2345 84 27 étages
2670 2349 26 19 et
2714 2349 43 24 qui
2777 2353 97 16 mesure
2893 2350 56 20 envi-

2403 2376 45 15 ron
2472 2372 41 21 300
2536 2372 92 21 mètres
2652 2373 90 25 carrés,
2765 2375 136 21 contenant
2923 2376 36 21 les

2403 2398 114 21 archives
2547 2402 25 17 et
2601 2399 82 25 pièces
2712 2402 153 24 comptables
2895 2402 64 21 ainsi

2402 2425 75 25 qu'un
2500 2425 74 25 dépôt
2596 2426 96 25 d'huile,
2714 2435 16 14 a
2751 2427 39 23 été
2811 2428 100 22 détruit.

2430 2452 39 20 On
2488 2452 86 25 ig*nore
2593 2453 36 21 les
2650 2458 86 17 causes
2757 2454 29 21 de
2805 2460 28 15 ce
2852 2456 106 20 sinistre.

2404 2478 39 21 On
2461 2479 50 20 sait
2528 2484 48 20 que
2594 2480 23 20 le
2635 2480 43 20 feu
2695 2486 28 15 se
2742 2481 100 22 déclara
2859 2487 32 16 au
2910 2488 50 16 rez-

2403 2504 160 22 de-chaussée
2580 2506 26 20 et
2623 2511 82 21 gagna
2723 2508 22 20 lc
2763 2508 108 24 premier
2888 2508 71 24 étage

2403 2536 46 21 par
2463 2532 36 21 les
2514 2531 116 22 fenêtres.
2638 2533 46 20 Les
2698 2532 88 26 dégâts
2800 2535 58 19 sernt
2872 2534 87 21 élevés.

2640 2558 83 22 ♦■♦

2417 2596 44 41 Un
2477 2598 163 39 braconnier
2662 2604 46 33 tue
2732 2615 36 22 un
2792 2600 146 39 camarade

2613 2657 92 39 Marte

2718 2674 71 30 ange

2422 2735 49 22 (De
2488 2736 72 20 notre
2577 2736 195 25 correspondant
2788 2737 157 25 -particulier)

2729 2772 76 26 Arlon,
2818 2778 12 21 3
2847 2772 85 22 février.

2430 2807 64 23 Deux
2510 2808 140 24 braconniers
2668 2809 93 26 réputés,
2777 2809 84 25 Pirotte
2876 2813 24 19 et
2917 2810 31 22 Pa-

2404 2841 60 22 quet,
2476 2845 24 15 se
2515 2839 82 24 prirent
2612 2839 83 22 samedi
2711 2840 26 22 de
2754 2840 93 25 querelle
2861 2840 14 22 à
2890 2839 70 23 Folic-

2405 2867 186 27 lez-Martclangc.
2606 2869 32 21 La
2653 2868 93 25 querelle
2760 2869 106 26 dégénéra
2882 2876 26 16 en
2918 2869 43 22 rixe

2405 2897 18 22 si
2434 2897 95 23 violente
2545 2904 42 19 que
2602 2898 84 23 Pirotte
2700 2898 41 22 dut
2755 2899 92 26 prendre
2861 2900 22 21 la
2898 2899 63 27 fuite,

2405 2927 113 25 poursuivi
2534 2934 41 18 par
2590 2927 92 26 Paquet.

2431 2957 35 22 Au
2483 2957 50 22 coin
2550 2957 53 22 d'un
2620 2958 55 25 bois,
2689 2958 20 22 k
2727 2958 80 26 fuyard
2823 2958 137 26 s'embusqua

2405 2989 22 19 et
2439 2986 78 23 bondit
2529 2993 37 16 sur
2577 2994 41 15 son
2630 2988 130 25 adversaire,
2772 2988 32 22 lui
2816 2988 102 25 plantant
2931 2995 30 15 un

2405 3018 92 20 couteau
2516 3016 56 22 dans
2589 3016 20 22 le
2629 3023 64 15 cœur.
2709 3017 86 26 Paquet
2813 3017 37 22 fut
2868 3018 37 22 tué
2922 3024 38 16 sur

2404 3044 20 22 le
2439 3051 63 19 coup.

2432 3074 136 25 L'agresseur
2584 3075 36 21 fut
2637 3074 70 23 arrêté
2724 3082 42 19 peu
2783 3075 62 27 après
2862 3076 14 21 à
2892 3075 68 27 Perle,

2405 3102 55 23 dans
2476 3104 21 21 le
2515 3102 171 24 Grand-Duché.
2704 3105 19 21 ïl
2740 3111 48 16 sera
2804 3105 97 22 estrade.

2420 3179 90 44 Arts,
2546 3180 160 37 Sciences
2746 3187 34 30 et
2818 3182 134 38 Lettres

2410 3261 69 20 UNE
2500 3261 176 21 NOUVELLE
2698 3261 146 21 GALERIE
2866 3262 96 21 D'ART

2598 3289 24 20 A
2648 3289 102 21 LIEGE

2432 3319 37 21 La
2485 3319 110 21 librairie
2610 3321 185 25 Bourguignon,
2811 3322 33 23 16,
2860 3327 45 16 nie
2920 3323 43 20 des

2408 3345 179 24 Dominicains,
2613 3346 17 21 à
2657 3346 82 26 Liège,
2774 3348 102 20 ouvrira
2909 3348 52 21 très

2409 3371 204 24 prochainement
2641 3377 48 18 une
2716 3373 94 24 galerie
2838 3373 64 21 d'art
2929 3379 32 16 au

2407 3398 117 25 premier'
2540 3397 78 26 étage.
2646 3398 136 22 Messieurs
2803 3399 37 21 les
2862 3400 102 21 artistes

2408 3425 120 23 pourront
2549 3430 18 19 y
2592 3429 103 20 exposer
2718 3425 17 21 à
2758 3425 43 21 des
2825 3427 138 20 condition-;

2408 3449 51 21 très
2481 3451 189 24 avantageuses.

2406 3482 19 22 -?.
2426 3483 78 22 SSàf?
2508 3483 21 22 S
2532 3483 60 21 *£~K
2594 3483 39 21 §72]
2636 3482 101 26 g_BSS3
2740 3484 225 23 SSSSM^JiKSSS

2472 3528 44 32 LA
2540 3528 161 33 JOURNÉE
2725 3528 46 33 DE
2793 3528 107 33 LUNDI

3002 384 81 18 TITRA
3088 385 60 17 TRI-:
3172 385 136 18 HOYAI.d'.
3319 385 20 18 In
3353 385 149 20 MONNAIE.
3513 398 23 5 _

2979 407 73 18 Lundi
3071 408 15 19 t.
3101 412 12 16 /.
3130 408 24 17 2n
3169 408 30 21 h.,
3215 415 10 10 «
3244 408 104 19 Werther
3364 420 10 7 „
3389 413 57 15 avec
3463 409 72 20 Mme*

2979 430 81 18 Liivinu
3085 430 104 19 Mt.iLt.iiM
3213 433 24 18 et
3263 430 79 23 Dénié,
3369 432 55 18 MM.
3451 433 85 21 Koj<at_

2977 453 111 22 chevfky,
3110 453 51 18 And
3165 453 47 18 rien
3232 455 24 18 et
3278 459 11 13 «
3310 454 64 19 Su.tp
3395 455 28 18 de
3444 455 91 18 Dan#wv_

2978 475 123 20 Italiennes
3122 481 19 13 ».
3160 487 25 3 —
3203 475 74 22 Mardi
3295 476 20 22 5,
3335 482 15 13 a
3369 478 24 18 20
3412 478 30 21 h-,
3463 485 12 11 *
3496 479 38 17 Mi-

2977 498 64 20 rellle
3052 505 18 13 »,
3085 503 57 13 iivL-c
3157 498 73 19 Mme*
3246 498 101 23 liarltza,
3364 499 101 23 Ballard,
3481 501 54 18 MM.

2979 521 106 20 Arnoult,
3117 522 28 17 do
3176 522 91 23 l'Opéra
3271 523 126 22 .Comique,
3426 523 109 20 Colonne,

2979 543 94 24 Resnlk,
3097 543 84 23 Boyer.
3202 555 26 4 —
3250 545 88 17 Mercre
3345 545 17 18 U
3382 546 20 20 6,
3425 546 15 17 ïi
3461 546 25 22 2o
3505 546 31 20 h.,

2978 573 11 12 c
3007 567 87 18 Lakmé
3112 574 19 14 h,
3149 571 57 14 avec
3224 567 60 19 Mme
3300 568 43 18 l;;ti
3350 568 53 21 itz.i,
3422 569 54 18 MM.
3493 570 33 17 Ar-

2980 591 71 20 noult,
3076 591 28 18 de
3129 589 221 25 rOpora-Coralque,
3375 590 94 24 Resnlk,
3495 591 33 19 Co-

2978 611 74 21 lonne.
3065 624 26 5 —
3101 613 69 19 Jeudi
3184 613 30 20 VI,
3226 613 15 18 à
3254 613 25 19 20
3290 614 30 20 h.,
3338 614 5 17 !
3358 614 34 18 La
3405 614 96 19 Ptufilon
3516 623 19 12 y_,

3012 640 23 15 ec
3056 636 73 18 Mmes
3151 635 127 24 Domancy,
3299 635 70 20 Hilda
3391 637 72 23 Nysa,
3486 637 42 19 Fio-

2977 658 82 22 riaval.
3078 659 54 18 MM.
3149 659 188 22 Rogalchcv.sky,
3355 659 109 21 Richard.
3482 661 18 18 H
3509 666 26 12 ■.*-

2979 681 47 20 nik.
3051 682 111 19 Colonne.
3185 692 27 4 —
3237 682 115 20 Vendicdl
3374 683 20 20 -8,
3418 685 14 18 à
3457 683 25 18 20
3505 682 31 22 h.,

2978 710 12 12 *
3008 705 32 18 L.o
3057 705 77 18 Ilnron
3152 703 101 24 Tzigane
3272 711 18 13 s,
3309 709 57 14 avec
3384 705 73 18 Mmes
3475 705 61 19 Livi-

2977 729 28 17 ne
3020 727 108 23 Mertens,
3142 727 27 20 de
3182 727 84 22 Gavre,
3281 727 101 22 Ballard,
3398 728 136 22 Ramakers,

2979 748 54 22 MM.
3050 751 68 22 Lena,
3138 752 81 22 Boyer.
3237 750 86 24 Parny,
3341 751 95 23 Maricq.
3454 761 25 4 —
3494 752 31 17 Sa-

2978 773 60 18 medi
3052 775 19 19 y,
3086 779 11 14 a
3115 774 23 18 19
3152 774 23 18 h.
3193 773 22 22 (7
3230 773 103 22 heures),
3349 774 185 23 représentation

2979 795 27 21 de-
3021 794 73 24 «rand
3110 797 55 23 gala
3181 803 12 12 «
3208 796 115 23 Siegfried
3339 802 19 13 >.

3004 825 87 20 PARC.
3113 836 28 5 —
3163 826 83 21 Lundi,
3270 826 75 21 mardi
3369 827 25 21 et
3415 827 120 20 mercredi,

2980 847 206 22 Irrévocriblement
3204 848 58 20 trois
3281 848 117 19 dernière:*
3417 850 31 18 du
3459 849 68 19 triom-

2981 869 53 25 phal
3059 872 84 18 -succès
3169 878 11 13 «
3190 871 83 24 Quand
3299 872 100 18 l'amour
3421 872 85 18 chante
3518 878 18 14 _*,,

2979 897 57 14 aveo
3052 892 55 21 José
3124 894 90 20 Janson
3232 896 24 18 et
3273 894 117 19 Lucienne
3408 895 85 22 Traj;in

3003 916 67 20 Jeudi
3094 918 10 17 7
3126 918 94 22 février,
3243 917 84 23 unique
3350 917 185 24 représentation

2980 938 27 19 de
3031 938 159 26 l'Inépuisable
3213 940 82 20 auccèa
3319 947 11 12 «
3341 940 86 23 Kaatje
3437 948 20 15 *,
3479 944 57 16 avec

2979 962 97 18 Charles
3095 963 102 20 CJontfcr.

3004 984 36 19 Du
3059 985 109 19 vendredi
3185 987 13 18 8
3215 991 30 14 au
3264 986 75 19 mardi
3358 986 24 18 12
3399 984 87 21 février
3504 987 21 19 in-

2978 1006 58 23 clus,
3057 1008 70 20 Trudi
3146 1009 89 23 Schoop
3254 1011 23 19 et
3293 1013 40 16 *e*fl
3351 1009 129 19 danseuses
3499 1012 36 16 co.

2980 1030 89 23 mique-s
3092 1034 38 19 qui
3153 1031 81 21 furent
3254 1032 133 21 accueillie»
3410 1031 118 25 triompha-

2979 1051 86 21 lement
3077 1058 28 16 en
3119 1054 123 23 novembre
3255 1055 92 19 dernier
3359 1060 32 14 au
3403 1055 80 19 PalaU
3495 1055 39 18 de*.

2980 1073 155 22 Beaux-Arts.

3006 1099 160 19 GALERIES.
3189 1111 25 4 —
3234 1101 76 18 Lundi
3332 1101 12 18 4
3365 1100 94 22 février,
3481 1099 47 19 Irré-

2980 1121 161 21 vocablement
3155 1122 103 20 dernière
3274 1124 27 19 de
3317 1125 77 22 Harry
3405 1124 64 18 Baur
3479 1123 58 18 dans

2981 1150 11 13 «
3002 1144 57 18 Jazz
3069 1151 19 12 a.

3004 1166 75 20 Mardi
3099 1168 19 20 5,
3141 1168 75 22 grand
3236 1171 93 17 concert
3352 1169 27 19 de
3401 1169 55 24 gala
3477 1173 58 15 avec

2980 1189 20 20 le
3019 1190 103 19 virtuose
3141 1189 89 20 walter
3247 1192 113 20 Rumine!.

3003 1213 22 18 A
3046 1213 74 23 j-artir
3139 1214 30 18 du
3188 1214 14 18 6
3221 1214 93 21 février,
3334 1215 101 24 Charpin
3455 1215 80 19 créera

2980 1242 12 11 «
3002 1236 103 18 Chotard
3129 1238 25 19 et
3175 1236 40 19 Cie
3234 1242 19 15 »,
3283 1238 102 18 comédie
3415 1238 121 19 follement

2980 1258 52 23 gaie
3051 1260 24 17 ct
3093 1258 36 24 pie
3139 1263 29 15 ne
3187 1258 104 24 d'e-iprlt.

3004 1282 69 19 Jeudi
3092 1282 13 19 7
3125 1283 25 18 et
3168 1282 92 20 samedi
3279 1283 19 21 9,
3320 1283 113 19 matinées
3453 1283 82 19 clas-si-

2980 1308 64 20 que.s.

3004 1328 181 19 ALHAMBRA.
3200 1338 28 5 —
3243 1327 20 20 II
3279 1328 53 20 faut
3346 1333 26 15 se
3388 1329 68 18 hâ'rr
3472 1330 18 17 si
3507 1334 27 13 on

2979 1351 55 18 veut
3051 1351 51 18 voir
3117 1356 30 13 ou
3165 1350 77 19 revoir
3258 1350 155 28 «L'Auberge
3430 1353 31 17 du
3478 1352 56 19 Ch<*-

2980 1374 38 18 val
3036 1373 67 18 blanc
3113 1379 19 15 »,
3149 1378 42 14 car
3208 1373 23 19 la
3247 1373 90 21 cilèbre
3355 1374 103 23 opérette
3475 1375 62 23 quJt.

2981 1396 51 18 tera
3052 1396 106 19 l'affiche
3179 1396 59 20 dans
3259 1396 20 19 le
3299 1398 99 17 courant
3419 1397 29 18 du
3470 1398 66 18 mois.

2980 1419 34 18 La
3029 1419 106 18 nouvelle
3151 1423 80 14 œuvre
3247 1419 28 19 de
3291 1419 82 22 Lehar,
3391 1426 11 12 «
3413 1420 30 20 Le
3459 1419 77 20 Chant

2981 1442 13 17 d
2997 1450 11 13 e
3033 1441 123 19 l'Alouette
3175 1448 19 14 »,
3230 1446 57 15 avec
3309 1442 20 19 le
3350 1442 91 19 célèbre
3470 1441 68 21 ténor

2980 1464 69 23 Willy
3070 1464 88 19 Thunls
3179 1466 24 18 et
3224 1464 24 19 la
3267 1465 87 20 dlvette
3375 1465 95 20 Coecilia
3491 1466 38 18 Na-

2982 1491 74 16 varre,
3073 1487 33 20 lui
3122 1487 135 20 succédera.

3005 1510 145 24 MOLIERE,
3168 1520 27 4 —
3211 1511 63 18 Vous
3292 1511 126 19 assisterez
3436 1515 29 15 au
3484 1510 52 24 plufl

2982 1532 59 19 beau
3066 1533 39 18 des
3128 1533 129 23 .spectnelcs
3281 1534 19 19 si
3325 1539 57 13 vous
3405 1534 60 18 allez
3490 1538 27 13 vo
3526 1538 12 14 r

2979 1555 61 19 Mme
3056 1556 108 19 Marceiie
3180 1557 68 21 Brou,
3264 1557 27 18 de
3307 1557 23 18 la
3344 1557 192 19 Comédio-F/an-

2980 1578 70 23 çalae,
3070 1580 23 18 et
3111 1578 24 20 M
3160 1579 87 19 Robert
3262 1580 106 19 Murzau.
3388 1580 27 17 de
3434 1579 102 22 l'Odéon,

2980 1602 59 18 dans
3062 1601 144 20 l'admirable
3226 1602 103 19 comédie
3351 1602 28 19 de
3401 1602 60 18 Jean
3484 1602 44 19 Sar-

2982 1625 64 17 ment
3059 1629 5 14 :
3088 1631 10 12 «
3109 1625 44 19 Lea
3173 1625 52 24 plus
3247 1625 76 18 beaux
3343 1629 61 18 yeux
3422 1625 30 18 du
3473 1629 53 15 mon-

2980 1647 28 19 de
3019 1653 19 13 ».

3006 1676 11 12 «
3028 1670 43 19 Les
3090 1669 50 25 plus
3156 1670 77 19 beaux
3251 1674 60 18 yeux
3329 1670 30 19 du
3377 1670 83 19 monde
3471 1677 10 13 »
3499 1671 37 18 est

2981 1697 43 14 une
3040 1693 102 21 comédie
3158 1694 15 19 à
3189 1694 23 18 la
3228 1694 9 17 f
3239 1698 14 13 o
3260 1698 15 13 g
3288 1693 140 19 émouvante
3443 1696 23 17 et
3480 1694 46 20 sub-

2978 1715 127 20 stantielle.
3123 1717 30 18 Le
3170 1716 107 21 dialogue
3293 1715 69 24 léger,
3378 1716 45 19 ailé
3438 1722 29 13 ou
3483 1716 52 19 bien

2982 1739 104 22 profond,
3108 1739 106 19 mélnn-'é
3234 1739 143 19 d'harmonie
3397 1742 24 19 et
3440 1740 28 18 de
3487 1741 40 17 ten-

2980 1762 86 20 dresse,
3085 1762 15 18 à
3117 1762 23 19 la
3157 1762 46 19 fois
3221 1761 85 20 délicat
3322 1763 24 18 et
3363 1762 131 23 passionné,
3513 1763 23 18 et

2979 1785 40 22 qui
3041 1786 94 21 permet,
3158 1784 101 19 derrière
3281 1785 33 17 lea
3334 1785 140 18 sentiments
3498 1788 28 15 ex-

2981 1806 92 25 primes,
3094 1809 52 17 d'en
3165 1806 136 24 apercevoir
3320 1807 53 18 tous
3393 1807 33 18 les
3448 1807 78 23 prolon-

2981 1831 112 22 gements,
3111 1830 53 19 crée
3182 1834 32 14 un
3231 1829 38 19 art
3286 1830 39 23 qui
3343 1834 30 14 va
3391 1835 30 13 au
3440 1829 52 19 delà
3509 1830 27 18 de

2980 1858 25 14 ce
3025 1853 54 23 qu'il
3098 1853 42 19 dît.

3005 1876 100 19 GAITE.
3127 1886 27 5 —
3174 1875 64 19 Aile-:
3261 1876 50 18 voir
3333 1881 11 12 «
3354 1875 119 19 Monsieur
3494 1875 32 19 Pe-

2982 1898 77 23 perbol
3069 1906 19 13 t,,
3110 1903 58 14 avec
3190 1897 104 22 Gustave
3314 1898 96 18 Libeau.
3431 1898 65 20 C'est
3517 1898 21 18 le

2979 1921 74 23 grand
3069 1922 114 22 triomphe
3198 1921 27 19 de
3241 1921 22 19 la
3278 1920 88 20 saison.
3382 1921 62 19 Vous
3459 1925 28 16 ne
3502 1922 24 17 re-

2981 1944 115 23 gretterez
3116 1949 40 13 ro.s
3174 1944 66 19 votre
3257 1943 82 20 soirée.

3006 1967 206 20 VAUDEVILLE.
3235 1978 27 4 —
3283 1967 34 18 La
3339 1966 104 19 dernière
3466 1966 28 19 de
3515 1965 23 19 la

2981 1997 11 12 «
3002 1990 73 19 Reine
3095 1990 40 18 des
3157 1990 40 18 Six
3216 1990 71 18 Jours
3298 1996 10 12 »
3329 1994 60 14 aura
3409 1989 45 19 lieu
3474 1988 63 24 jeudi

2980 2012 54 20 soir.
3050 2014 33 20 Le
3099 2012 131 20 lendemain
3247 2017 25 15 se
3290 2012 52 19 fera
3357 2012 24 19 la
3397 2012 92 19 rentrée
3508 2012 28 18 du

2980 2036 86 22 joyeux
3086 2036 24 18 et
3128 2035 108 24 spirituel
3270 2034 106 24 comique
3410 2035 126 20 Florencie,

2981 2057 58 21 dans
3060 2058 80 24 «Cinq
3161 2058 98 19 millions
3278 2058 59 19 dans
3357 2062 31 14 un
3407 2058 55 21 lit»,
3481 2061 47 15 vau-

2981 2081 83 21 deville
3088 2081 30 19 du
3143 2081 83 19 maître
3250 2081 60 19 Jean
3335 2081 93 20 Gulton,
3453 2080 85 28 auquel

2981 2108 28 14 on
3043 2104 104 22 pourrait
3178 2104 88 18 donner
3295 2108 91 14 comme
3416 2103 122 19 sous-titre

2982 2127 81 20 c50,CÛ0
3081 2127 81 19 francs
3181 2131 59 14 uans
3258 2131 31 15 un
3309 2126 120 20 fauteuil»,
3447 2126 90 23 chaqeu

2981 2150 125 23 specateur
3130 2150 88 18 devant
3241 2150 103 18 recevoir
3367 2154 32 14 un
3422 2149 66 19 billet
3512 2149 27 18 de

2982 2172 163 24 participation
3161 2173 15 19 à
3191 2173 24 19 ia
3230 2173 25 22 7e
3273 2172 97 20 tranche
3387 2173 27 18 dc
3431 2172 23 19 la
3470 2172 57 18 Lote-

2981 2195 33 19 rie
3031 2196 120 18 coloniale.

3003 2218 182 20 CAPUCINES.
3204 2229 27 5 —
3262 2218 66 20 Trois
3360 2218 117 19 dernières
3509 2218 27 19 de

2983 2248 11 12 «
3004 2242 58 18 Rien
3087 2242 86 23 qu'une
3196 2241 53 19 nuit
3259 2248 18 14 »,
3304 2242 27 18 de
3356 2241 56 19 MM.
3438 2241 101 19 d'Hans-

2981 2263 68 26 wyek
3072 2267 23 17 et
3117 2265 60 18 Paul
3201 2265 51 18 Van
3277 2264 80 21 Stalle,
3380 2263 106 24 musique
3510 2263 28 19 de

2980 2287 69 19 Julen
3071 2287 108 22 Régnier.
3200 2287 76 20 Jeudi,
3300 2287 112 24 première
3434 2287 28 19 de
3485 2293 12 12 «
3506 2286 32 19 Le

2982 2310 94 19 Puceau
3102 2310 31 19 du
3158 2309 124 24 Régiment
3293 2317 18 14 »,
3338 2309 191 24 opérette-vaude-

2980 2333 53 20 ville
3049 2333 110 19 militaire
3174 2333 28 19 de
3219 2333 86 19 Marcel
3314 2333 77 20 Roels,
3402 2337 58 14 avec
3468 2332 70 19 Roels

2978 2357 26 18 et
3022 2356 123 19 Germaine
3164 2356 79 19 Broka

3006 2380 49 18 TH.
3079 2380 28 18 R.
3130 2379 159 19 FLAMAND.
3312 2389 27 4 —
3361 2378 21 18 Il
3405 2378 54 19 faut
3481 2377 59 19 aller

2979 2402 77 19 revoir
3072 2408 11 13 «
3099 2403 71 18 Arme
3184 2401 82 23 Paljas
3282 2408 11 12 »
3310 2405 58 14 avec
3382 2401 147 23 l'interpréta-

2982 2425 47 18 tion
3053 2425 102 23 parfaite
3178 2429 43 18 que
3245 2424 32 18 lui
3300 2424 103 19 donnent
3425 2423 34 19 les
3483 2423 46 18 vail-

2980 2448 62 18 lants
3059 2447 97 19 artistes
3172 2448 27 18 de
3215 2446 22 19 la
3252 2451 42 14 rue
3310 2446 27 19 de
3354 2446 101 19 Laeken.
3471 2446 67 19 Deux

2982 2470 117 19 dernières
3123 2469 199 24 représentations
3345 2469 113 22 mercredi
3480 2469 13 19 6
3517 2467 23 21 9t

2981 2493 63 23 jeudi
3063 2493 12 18 7
3093 2492 94 19 février.
3206 2491 196 20 Prochainement
3414 2496 6 14 :
3440 2497 12 14 «
3461 2492 34 19 De
3514 2492 25 19 28

2980 2517 75 21 darçen
3072 2520 46 13 van
3134 2514 119 20 Clairette.

3006 2538 275 20 FOLIE3.EERGERE.
3299 2549 26 4 —
3342 2538 61 20 Tous
3420 2538 34 18 les
3469 2537 68 19 soirs,

2982 2561 15 19 à
3018 2561 13 20 8
3051 2561 92 20 heures,
3168 2562 22 19 le
3211 2561 76 23 grand
3306 2560 83 20 euccès
3411 2561 31 18 du
3465 2561 53 22 jour
3531 2565 5 13 :

2983 2590 10 12 i
3003 2584 236 22 Loteri.jmiljonnairs
3259 2588 47 14 van
3325 2584 28 18 de
3374 2583 134 23 Luizegang
3518 2589 19 12 ».

2982 2607 75 20 Jeudi,
3076 2607 113 18 dernière.
3207 2607 64 18 Pour
3286 2606 87 22 suivre,
3392 2606 88 24 reprise
3498 2606 39 18 de:

2983 2636 10 13 a
3003 2630 27 18 In
3051 2630 44 18 den
3116 2630 83 18 zesden
3219 2629 74 19 hemel
3305 2635 19 13 ».

3007 2653 109 19 PALAIS
3134 2653 97 18 D'ETE.
3248 2663 26 5 —
3288 2652 65 19 C'est
3369 2652 22 19 le
3407 2651 51 25 plus
3476 2655 55 15 amu-

2980 2677 57 18 sant
3057 2676 41 18 des
3119 2675 129 24 spectacles
3269 2680 43 18 que
3333 2675 62 19 cette
3415 2673 123 20 délicieuse

2981 2698 104 24 opérette
3103 2704 15 18 h
3136 2698 88 23 grande
3241 2698 59 19 mise
3319 2702 28 14 en
3366 2697 68 19 scène
3448 2702 6 13 :
3473 2697 65 18 «Les

2982 2721 57 19 tro's
3057 2721 82 24 jeunes
3156 2721 62 20 filles
3236 2725 60 14 nucG
3305 2727 19 12 ».
3343 2720 51 20 Elle
3410 2720 95 20 charme
3524 2719 15 19 à

2981 2745 23 18 la
3018 2744 45 20 fob
3078 2744 35 19 les
3124 2744 92 19 oreilles
3231 2745 24 18 et
3269 2744 33 18 les
3317 2747 62 19 yeux
3392 2744 24 18 et
3430 2743 24 19 la
3467 2743 70 22 façon

2982 2768 56 19 dont
3051 2768 44 20 elle
3109 2769 37 19 est
3160 2766 147 24 Interprétée,
3322 2771 31 14 au
3368 2766 80 19 Palais
3463 2765 75 21 d'Eté,

2982 2790 120 20 contribue
3123 2790 16 19 à
3158 2790 33 19 lui
3213 2789 60 23 faire
3294 2790 131 22 remporter
3443 2789 23 19 le
3486 2788 53 24 plus

2980 2813 107 19 éclatant
3103 2813 91 19 succès.

3006 2836 68 19 MON
3089 2836 135 19 VILLAGE
3241 2840 58 14 vous
3315 2835 108 24 présente
3439 2839 46 15 une
3502 2838 28 15 ex-

2983 2858 96 20 cellente
3096 2863 80 17 revue.
3194 2858 65 20 Allez
3275 2862 59 15 vous
3352 2863 29 15 en
3398 2861 97 15 assurer
3511 2861 28 14 en

2984 2882 116 19 postant
3123 2882 15 18 à
3160 2881 139 20 l'évocation
3323 2881 68 19 d'une
3414 2880 74 21 soirée
3509 2885 31 14 au

2982 2904 187 20 "Winter-Palace
3192 2909 28 14 en
3244 2905 55 18 1910.
3321 2904 52 19 Une
3392 2903 97 19 bouffée
3512 2903 27 18 de

2982 2928 148 19 souvenirs...
3155 2932 45 15 une
3225 2927 80 21 rincée
3329 2927 28 21 de
3381 2926 99 24 regrets.
3505 2926 35 18 En

2984 2951 57 21 tout,
3059 2955 45 15 une
3118 2950 76 21 soirée
3211 2950 131 19 délicieuse.

2984 3010 182 37 TABLEAU
3190 3010 74 37 DES
3287 3009 251 39 SPECTACLES

3118 3082 100 18 "LUNDI
3237 3081 14 17 4
3268 3081 138 18 FEVRIER

2985 3110 115 18 Monnaie.
3113 3118 27 5 —
3154 3109 26 20 20
3192 3109 25 18 h.
3229 3113 7 14 :
3253 3109 149 19 «Werther»
3416 3116 13 14 e
3430 3109 11 20 t
3455 3109 84 19 «Suite

3009 3133 27 18 de
3054 3133 85 19 danses
3158 3132 123 19 Italiennes
3291 3138 19 17 »,

2985 3156 68 21 Parc.
3074 3166 28 6 —
3124 3155 25 20 20
3171 3155 24 19 h.
3218 3154 26 20 30
3269 3159 7 15 ;
3301 3161 11 13 «
3335 3155 83 22 Quand
3441 3154 97 19 l'amoui

3008 3178 87 20 chante
3112 3184 20 13 ».

3556 386 112 23 tialerles.
3683 399 27 4 —
3724 389 26 19 20
3765 390 22 18 h.
3805 390 25 18 W
3849 395 6 13 :
3874 396 11 13 «
3901 390 57 19 Jazz
3975 405 20 5 _..

3559 411 134 18 Alhumbru.
3711 422 23 4 —
3752 412 24 19 20
3792 412 22 19 h.
3833 413 23 19 10
3877 417 6 14 :
3903 419 11 13 «
3933 414 132 20 LAuberz.
4085 417 27 19 _Ju

3582 432 87 19 Cheval
3689 433 72 19 Blanc
3782 443 16 10 ,.

3557 454 102 23 Molière.
3680 466 24 5 --
3725 457 25 18 L0
3768 457 22 18 h.
3811 458 25 18 :•/)
3848 462 6 14 :
3878 464 11 13 «
3900 458 46 19 Lc«,
3965 464 14 18 p
3981 459 22 18 iu
4006 465 11 14 S
4038 460 75 20 beaux

3581 482 62 17 yeux
3659 478 31 18 du
3708 479 82 18 monde
3802 493 17 6 „.

3557 500 76 19 fiait*'-.
3652 512 24 4 —
3696 502 25 18 20
3738 503 23 17 h.
3780 503 25 17 ?>')
3817 508 6 13 :
3844 510 11 10 *
3866 504 22 18 M
3916 505 111 22 P'-perboI
4038 512 19 12 ».

3559 524 141 19 Vaudeville.
3716 535 25 4 —
3758 525 25 18 20
3798 526 23 18 h.
3837 526 25 20 30
3882 522 13 23 :'
3905 534 11 12 «
3934 528 33 18 La
3985 529 71 20 Reine
4071 529 42 18 dam

3580 546 40 17 Six
3635 547 71 18 Joura
3722 553 20 12 ».

3558 568 137 23 Capucines.
3713 579 24 5 —
3757 570 25 18 20
3801 570 22 19 h.
3843 571 24 19 30
3890 576 6 13 :
3918 578 11 13 «
3951 573 57 18 Rien
4028 574 85 21 qu'un»

3581 591 51 19 nuit
3648 598 19 13 *.

3558 613 101 20 Théâtre
3682 614 122 19 Flamand.
3828 625 25 4 —
3877 616 24 19 20
3924 617 22 18 h.
3975 622 7 14 :
4007 624 12 12 «
4043 619 72 19 Arme

3583 636 80 23 Paljaa
3680 643 19 12 ».

3559 658 194 24 rollcH.Bercérr.
3767 670 25 4 —
3806 661 25 18 20
3844 662 22 17 h.
3886 666 6 13 :
3910 668 10 7 -
3936 662 175 25 _Lot«riJmf1Jon.

3582 682 64 18 nairs
3664 687 43 13 van
3724 683 27 21 de
3767 683 56 18 Lulz
3830 689 71 18 _^an;j
3917 692 17 10 j.

3559 703 87 20 Patria.
3663 715 26 4 —
3706 705 25 19 20
3746 706 23 17 h.
3784 712 5 13 :
3808 706 100 20 «L'Ami
3927 707 62 22 Frit*

3559 727 77 20 Palais
3656 728 75 19 û'Kté.
3750 739 26 4 —
3792 730 25 18 20
3835 730 22 18 h.
3876 731 26 19 :x>
3923 735 6 13 :
3950 738 11 6 »
3981 732 65 20 Trois
4064 732 50 23 j"J-

3582 754 43 14 nw
3642 750 61 18 fille«
3722 755 57 15 nues
3799 758 19 12 ».
3838 753 72 18 Matin
3914 758 7 8 r
3920 758 31 14 *es
3969 754 143 24 dlmancn<__s,

3581 773 76 22 jeudis
3676 776 23 17 et
3718 774 68 21 Jètcd,
3805 775 15 18 à
3839 776 23 18 15
3881 775 22 19 h.

3558 795 54 20 Mon
3630 796 95 22 Village.
3741 808 25 3 —
3782 798 25 18 20
3821 798 23 18 h.
3861 798 24 19 ?M
3905 803 5 14 :
3928 805 11 12 «
3956 800 43 18 Lea
4015 800 55 23 Jf-ux
4084 802 29 18 de

3583 818 115 19 l'humour
3715 821 23 17 et
3753 820 27 19 de
3798 820 22 18 la
3837 820 69 20 Sarre
3925 828 18 12 ï.

3560 842 31 17 Pu
3594 841 21 18 la
3619 841 19 19 In
3661 843 28 18 de
3713 843 78 18 Glace.
3814 852 26 5 —
3862 844 67 19 TroU»
3950 845 98 19 séances
4072 850 43 19 par

3583 867 59 19 Jour.

3560 888 68 20 (iatty
3639 887 108 19 Cabaret.
3770 899 25 5 _
3827 889 61 18 Tous
3921 891 33 17 les
3983 892 68 20 sofra,
4083 891 31 23 M.

3585 910 87 18 Walter
3691 912 105 21 présente
3816 916 29 15 un
3864 917 68 14 choix
3952 913 162 21 d'attractions

3582 936 57 15 avec
3657 933 134 23 J'orchestre
3809 935 28 18 de
3855 935 43 19 Joë
3917 936 89 23 Heyne.

3759 994 156 20 CONCERTS

3559 1021 78 19 l'alals
3653 1022 40 19 de*
3709 1024 109 17 Ileaux-A
3824 1025 41 17 rt*.
3880 1036 26 4 —
3921 1025 25 18 20
3959 1025 22 19 h.
3997 1026 25 19 30
4034 1031 6 14 :
4055 1026 48 19 Con-

3581 1047 52 17 cert
3661 1046 211 23 Philharmonique.
3905 1048 108 19 Audition
4045 1053 58 19 popu-

3581 1067 66 19 laire.
3661 1078 27 4 —
3702 1069 25 18 20
3739 1070 23 17 h.
3777 1070 24 18 4j
3814 1074 6 13 :
3837 1070 90 19 Récita!
3942 1071 33 24 d*;
3983 1072 74 19 chant
4071 1073 43 18 Su,

3582 1095 74 16 zanne
3676 1092 111 23 Ktappen.

3559 1113 78 20 Cerclj
3652 1115 136 22 Artistique.
3803 1126 26 4 —
3844 1115 24 23 2)
3883 1116 22 18 h.
3920 1116 26 18 30
3958 1121 6 13 :
3980 1116 77 19 Soirée
4067 1122 21 13 rr.
4098 1123 16 13 i-

3583 1136 82 19 sicaïe.
3692 1137 63 19 Mme
3782 1138 92 23 Deny»c
3901 1139 104 19 Dixmier
4032 1141 23 17 et
4083 1141 30 17 M.

3582 1159 79 21 Pierre
3682 1159 97 20 Eernac.

3603 1228 62 37 Les
3684 1229 153 37 Cinémas
3857 1231 21 36 à
3899 1230 171 39 Bruxelles

3583 1313 121 24 AGORAf
3719 1324 26 5 —
3770 1315 63 19 Alice
3857 1316 72 22 Field,
3955 1317 77 19 André
4057 1319 58 19 Eur-

3556 1341 61 17 gère,
3633 1336 94 23 Fauley,
3741 1337 92 23 Arletty
3846 1338 59 20 dans
3919 1346 11 12 «
3943 1340 30 20 Le
3988 1341 93 22 Vertige
4094 1348 19 14 »,

3559 1359 92 23 d'après
3674 1359 100 19 Charlet*
3797 1360 71 20 Meré.
3892 1372 25 4 —
3941 1362 103 20 Enfants
4070 1368 44 14 don

3556 1382 84 18 admis.

3584 1404 212 20 AMEASSADOR.
3814 1415 26 4 —
3857 1406 90 20 Sandra
3966 1408 72 18 Ravel
4055 1408 59 19 dans

3559 1432 10 12 «
3590 1426 34 19 La
3643 1427 57 20 Nuit
3719 1427 122 24 Imprévue
3862 1435 20 13 ».
3901 1438 25 5 —
3947 1430 102 20 Enfants
4069 1435 44 15 non

3557 1449 83 18 a-imis.

3581 1472 113 19 CAMEO.
3710 1484 25 4 —
3750 1473 65 18 Bach
3829 1474 24 20 et
3868 1474 97 20 Florelle
3980 1475 59 20 dans
4055 1482 10 12 «
4082 1477 32 17 t**i-

3558 1493 67 20 donie
3637 1495 112 20 'Fanache
3765 1501 11 13 »
3791 1497 24 20 et
3830 1502 11 13 «
3858 1497 132 20 Chabichou
4007 1505 10 12 »
4067 1499 47 19 En-

3559 1517 64 20 fantg
3640 1517 84 20 admis.

3584 1546 161 21 COLISEUM.
3767 1558 27 5 —
3814 1548 104 20 Armand
3940 1550 112 23 Bernard,
4074 1551 42 19 Ja.

3559 1573 54 15 n;ne
3634 1570 98 24 Merrey,
3755 1570 115 25 Larquey,
3893 1573 77 19 Baron
3993 1573 40 20 fils
4055 1574 60 19 dans

3560 1598 10 12 «
3591 1593 184 23 Compartiment
3795 1595 28 19 de
3843 1596 87 20 Dames
3951 1596 76 20 seules
4049 1603 20 13 ».
4090 1606 25 5 —

3558 1615 102 20 Enfants
3679 1620 44 15 non
3744 1618 82 18 admit..

3584 1639 218 24 CROSLY-NORD.
3824 1652 26 4 _
3870 1647 12 12 «
3902 1641 104 22 Chicago
4027 1646 28 13 en
4077 1641 38 18 dix

3558 1661 101 20 minutes
3684 1669 11 12 »
3720 1669 12 12 «
3757 1663 44 18 Les
3829 1662 102 24 Poupées
3956 1664 106 18 vivantes
4089 1664 26 18 i-

3557 1685 131 19 Stareviich
3708 1691 21 14 »:
3749 1691 11 12 «
3779 1686 44 17 Les
3842 1686 74 18 Mines
3935 1686 55 19 d'Or
4006 1686 29 19 de
4053 1687 49 18 Rou-

3557 1708 75 18 manie
3649 1714 18 13 ».
3685 1709 10 16 1
3711 1707 98 23 Mickey,
3827 1714 10 12 «
3853 1708 81 19 Studio
3949 1713 28 14 en
3992 1709 55 19 folie
4064 1716 10 12 »
4090 1711 24 17 et

3558 1730 33 18 les
3608 1730 133 18 actualités.
3759 1741 26 4 —
3802 1730 103 19 Enfants
3921 1731 84 20 admis.

3584 1759 174 20 ELDORADO.
3782 1771 28 5 _
3835 1760 89 20 Lisette
3950 1761 50 19 Lan
4003 1761 46 21 vin,
4077 1762 26 19 Al-

3559 1783 52 17 bert
3633 1782 107 22 Préjean,
3764 1783 105 19 Armand
3893 1784 111 22 Bernard,
4029 1784 85 20 Janine

3559 1805 91 20 Merrey
3669 1805 59 19 dans
3748 1811 12 12 «
3779 1805 32 19 Le
3830 1806 80 20 Secret
3928 1807 69 20 d'une
4015 1807 59 20 Nuit
4094 1814 19 15 »,

3558 1827 27 18 de
3600 1826 65 19 Félix
3680 1827 115 20 Gandera.
3809 1839 27 4 —
3850 1830 103 19 Enfants
3968 1835 46 13 non
4028 1830 85 19 admis.

3584 1850 130 19 FAM1LIA
3734 1850 53 22 (164,
3805 1853 37 17 ch.
3862 1853 13 16 d
3877 1860 11 13 e
3907 1853 101 20 Haecht;
4038 1863 23 4 _
4081 1855 32 17 l-

3558 1872 122 19 dimanche
3696 1873 14 18 à
3727 1873 23 18 14
3765 1874 14 17 h
3803 1874 32 19 30.
3852 1875 23 18 17
3890 1875 31 20 h.,
3937 1875 24 19 20
3975 1876 23 18 h.
4015 1877 23 17 15
4054 1878 23 16 et
4092 1875 21 18 '.e

3558 1895 62 22 jeudi
3635 1894 16 20 à
3663 1894 25 20 16
3700 1895 25 20 h.
3737 1895 28 21 30
3780 1900 7 15 :
3804 1896 74 18 Lilian
3894 1898 94 21 Harvey
4003 1905 12 13 e
4017 1900 9 16 t
4040 1899 74 17 Char.

3559 1919 33 19 les
3610 1918 76 23 Boyer
3702 1918 59 20 dans
3779 1925 11 12 «
3807 1919 46 18 Moi
3869 1920 24 18 et
3909 1918 167 25 l'Impératrice
4094 1927 19 11 ».

3584 1947 141 20 LEOPOLD
3743 1947 36 19 III
3800 1949 51 18 (rue
3870 1947 100 22 Neuve).
3989 1960 26 4 —
4033 1949 30 19 Le
4083 1952 22 17 té-

3559 1974 42 15 nor
3615 1971 88 23 Joseph
3720 1970 104 20 Schmidt
3840 1971 59 18 dans
3917 1977 10 12 «
3945 1972 50 18 Une
4010 1972 105 18 chanson

3558 1992 44 20 fait
3614 1993 21 19 le
3646 1994 53 18 tour
3711 1993 30 18 du
3753 1993 83 19 monde
3849 2000 19 12 ».
3880 2004 26 5 —
3916 1994 103 19 Enfants
4031 1994 84 19 admis.

3584 2016 173 19 MARIVAUX.
3773 2026 27 5 —
3817 2016 80 19 Victor
3914 2017 113 21 Francen,
4046 2017 58 19 Blan-

3557 2039 43 18 che
3616 2038 93 21 Montel,
3724 2039 73 18 Henri
3812 2038 84 20 Rolian
3911 2039 59 19 dans
3985 2045 13 13 «
4012 2039 93 19 L'Aven-

3559 2061 73 20 turier
3647 2067 18 15 »,
3681 2061 92 24 d'après
3787 2062 28 18 A.
3829 2061 87 24 Capue.
3931 2062 58 19 Mise
4003 2066 29 16 en
4046 2062 69 19 scène

3559 2084 28 21 de
3602 2084 87 19 Marcel
3705 2084 19 19 L
3732 2084 106 21 Herbier.
3853 2095 26 5 —
3895 2084 103 19 Enfants
4013 2088 46 15 non
4074 2084 30 21 ad-

3559 2106 52 19 mis.

3585 2129 193 20 METROPOLE.
3798 2139 28 5 —
3846 2129 32 19 Le
3900 2129 51 19 film
3973 2134 47 14 aux
4041 2129 75 23 vingt-

3559 2152 52 20 cinq
3626 2152 106 20 vedettes
3751 2156 6 15 :
3775 2158 11 12 «
3802 2152 32 19 Le
3850 2152 70 19 Billet
3934 2153 27 18 de
3976 2152 63 19 Mille
4055 2158 19 13 ».
4089 2162 26 5 —

3560 2175 104 19 Enfante
3681 2179 47 15 non
3746 2175 84 18 adm!s.

3584 2198 106 19 PLAZA.
3706 2208 26 5 —
3744 2197 65 20 Alice
3824 2197 72 22 Field,
3911 2197 78 19 André
4004 2197 110 23 Burgère,

3560 2220 97 24 Pauley,
3682 2220 93 23 Arletty
3798 2220 60 20 dans
3884 2227 11 12 «
3921 2220 31 19 Le
3977 2220 94 23 Vertige
4097 2226 19 13 »,

3561 2244 92 23 d'après
3676 2243 99 19 Charles
3800 2243 70 19 Méré.
3894 2254 26 4 —
3944 2243 103 20 Enfants
4071 2247 45 14 non

3559 2266 83 19 admis.

3584 2295 130 24 QUEEN'S
3737 2295 91 19 HALL.
3851 2305 28 5 —
3900 2295 89 19 Robert
4012 2294 104 23 Montgo-

3559 2323 72 18 mery,
3649 2318 75 18 Lewis
3740 2317 77 21 Stone.
3834 2317 122 20 Bllsabeth
3970 2317 69 19 Allan
4056 2317 59 18 dans

3561 2348 11 12 «
3592 2342 32 18 Le
3644 2340 144 24 Mystérieux
3805 2340 37 19 Mr
3860 2341 46 19 X...
3927 2347 20 14 ».
3966 2350 28 5 —
4011 2340 104 19 Enfants

3559 2368 46 14 non
3624 2364 83 19 admis.

3584 2387 90 19 ROXY.
3694 2397 26 5 —
3739 2386 32 20 Le
3792 2386 75 23 grand
3886 2385 83 19 succès
3992 2392 11 13 «
4023 2385 82 19 Masca-

3559 2410 56 21 rade
3634 2417 21 12 ».
3672 2420 27 5 —
3718 2409 30 19 Er
3755 2410 66 18 fants
3840 2413 47 14 non
3907 2408 84 20 admis.

3584 2433 111 19 STUDIO
3718 2432 145 19 MONNAIE
3885 2442 26 4 —
3934 2432 45 19 Pat
4003 2431 111 19 Pa'erson

3563 2455 71 22 (Mma
3658 2455 98 19 Charles
3783 2455 95 21 Boyer),
3906 2454 101 23 Spencer
4033 2454 81 22 Traey.

3558 2478 60 19 John
3635 2478 41 18 Bol
3679 2482 24 14 es
3720 2477 60 20 dans
3798 2483 11 11 c
3827 2477 34 18 Tu
3878 2481 66 15 seras
3961 2478 50 17 star
4026 2477 16 18 à
4058 2477 44 18 Hol-

3559 2501 89 23 lywood
3670 2505 22 17 »;
3715 2506 12 12 «
3749 2499 87 23 Smoky
3857 2505 20 13 ».
3898 2509 26 6 —
3943 2499 102 19 Enfants
4068 2504 45 13 non

3558 2524 83 18 admis.

3583 2552 155 23 VICTORIA,
3758 2562 27 5 —
3805 2551 47 19 Pat
3871 2551 120 21 Peterson,
4014 2551 101 23 Spencer

3559 2576 83 21 Tracy,
3660 2574 61 19 John
3733 2569 73 23 'Boles
3823 2574 59 18 dans
3900 2582 11 11 «
3929 2574 34 18 Tu
3980 2578 65 16 seras
4064 2574 51 17 star

3559 2598 15 18 â
3592 2597 136 23 Hollywood
3747 2603 24 18 »;
3791 2602 12 13 «
3823 2596 86 24 Smoky
3928 2602 20 13 ».
3965 2607 28 5 —
4010 2596 104 18 Enfants

3560 2625 45 14 non
3624 2620 82 18 admis.

3804 2643 78 19 03>*
4106 2647 8 7 '

3563 2690 43 40 Un
3623 2690 101 41 docker
3737 2691 50 38 fait
3810 2705 53 23 une
3886 2689 81 39 chute
3983 2688 132 45 mortelle,

3764 2753 16 34 à
3803 2748 108 39 Anvers

3583 2821 48 24 (De
3648 2823 70 19 notre
3736 2821 194 25 correspondant
3947 2820 155 25 particulier)

3838 2854 103 23 Anvers,
3959 2854 14 20 3
3992 2853 99 21 février.

3593 2888 41 22 Un
3645 2887 100 22 terrible
3758 2887 113 21 accident
3882 2887 58 21 s'est
3951 2887 100 25 produit
4063 2892 55 15 vers

3566 2916 60 20 midi
3648 2914 17 21 à
3685 2915 63 20 bord
3770 2915 58 20 d'un
3849 2914 91 20 bateau
3963 2912 98 22 amarré
4084 2918 33 15 au

3566 2942 58 24 quai
3637 2942 28 19 43
3677 2943 43 20 des
3733 2941 104 20 bassins.
3850 2940 40 20 Un
3904 2940 97 23 docker,
4016 2940 101 20 Charles

3566 2968 109 25 Desmet,
3695 2968 28 20 31
3741 2972 53 19 ans,
3812 2967 117 20 habitant
3948 2965 119 22 chaussée
4088 2966 29 20 de

3566 2995 84 20 Breda
3667 2994 17 21 à
3702 2994 117 24 Merxem,
3838 2994 43 24 qui
3899 2993 138 20 travaillait
4056 2992 62 20 dan3

3566 3021 26 19 la
3603 3021 131 25 cargaison
3747 3020 29 20 de
3788 3019 116 23 charbon,
3917 3025 16 14 a
3945 3019 78 24 perdu
4036 3018 72 25 l'équi-

3568 3048 61 20 libre
3651 3047 26 20 et
3698 3046 59 21 s'est
3777 3045 89 20 abattu
3888 3044 17 21 à
3926 3045 62 19 fond
4011 3044 30 20 de
4064 3046 61 20 cale'

3567 3074 70 18 d'une
3654 3071 107 20 hauteur
3779 3071 30 20 de
3826 3071 57 24 cinq
3899 3070 101 20 mètres.

3593 3097 96 20 Atteint
3712 3097 71 19 d'une
3806 3097 111 19 fracture
3941 3096 34 18 du
3997 3093 82 23 crâne,
4102 3094 14 20 A

3566 3123 39 20 n'a
3620 3128 45 19 pas
3680 3122 71 21 tardé
3765 3122 17 20 à
3797 3121 151 20 succomber.
3962 3121 34 19 Le
4011 3120 106 20 cadavra

3567 3154 17 15 a
3605 3148 39 21 été
3667 3147 142 25 transporté
3831 3146 17 21 à
3869 3147 26 20 la
3916 3151 102 20 morgue
4041 3146 30 21 de
4094 3146 24 20 la

3567 3175 86 20 courte
3670 3179 45 16 me
3731 3174 31 21 de
3777 3175 25 19 la
3818 3173 87 25 Digue.

927 4679 29 19 ♦
961 4679 46 19 ;:<►

833 4712 250 35 PROPAGEZ

682 4777 64 38 LA
794 4776 212 40 NATION
1058 4777 174 41 BELGE

1266 4589 47 25 UN
1327 4589 164 26 NOUVEAU
1504 4589 212 25 PARACHUTE.
1730 4603 36 6 —
1782 4589 41 24 Un

1269 4620 133 25 Yincenzo
1418 4620 68 29 Meo,
1503 4621 34 24 de
1554 4620 94 27 Gènes,
1666 4627 17 17 a
1699 4619 40 25 été
1757 4619 67 30 expé

1266 4650 63 30 type
1348 4650 34 24 de
1395 4650 149 30 parachute
1559 4656 16 17 a
1590 4650 146 29 l'avantage
1752 4649 34 24 de
1801 4649 21 23 s'

1266 4680 147 24 seulement
1430 4679 79 31 après
1525 4680 66 29 neuf
1608 4686 34 16 ou
1661 4678 48 25 dix
1726 4678 97 24 mètres

1266 4709 85 30 pilote
1370 4709 117 24 seraient
1507 4708 191 26 immobilisées
1716 4715 71 24 pour
1807 4713 17 17 u

1266 4739 35 24 de
1320 4739 160 24 l'ouverture
1502 4739 37 23 du
1559 4739 148 29 parachute
1726 4740 63 28 peut
1809 4744 13 16 s

1267 4775 33 18 en
1318 4768 59 25 cuir
1392 4769 118 32 passant,
1527 4768 17 25 à
1560 4770 43 22 cet
1619 4768 73 30 effet,
1709 4768 17 24 à
1742 4767 80 31 proxi

1453 4798 25 25 le
1494 4798 147 31 parachute
1657 4797 67 24 dans
1740 4804 51 18 une
1807 4803 15 17 r

1844 4596 124 18 nouveau
1981 4589 154 30 parachute,
2149 4588 35 24 dû.
2198 4589 16 24 à
2226 4587 160 25 l'inventeur

1829 4619 114 24 rimentè
1959 4619 67 24 dans
2042 4621 69 22 cette
2127 4618 70 24 ville.
2214 4618 35 24 Ce
2263 4622 123 19 nouveau

1829 4649 93 24 ouvrir
1950 4654 115 25 presque
2097 4647 234 27 instantanément,
2361 4647 24 23 et

1847 4679 33 24 de
1900 4679 87 24 chute.
2006 4678 40 24 Au
2066 4685 44 16 cas
2132 4678 34 23 où
2186 4679 37 22 les
2242 4677 87 23 mains
2349 4677 37 23 du

1829 4714 33 18 ne
1879 4708 92 24 raison
1991 4706 175 31 quelconque,
2183 4707 26 24 la
2227 4706 158 24 commande

1829 4745 14 17 e
1860 4738 73 34 faire
1955 4743 65 18 avec
2041 4737 38 24 les
2102 4737 85 28 dents,
2211 4742 51 19 une
2283 4735 102 24 lanière

1828 4767 64 24 mité
1907 4767 33 25 de
1958 4767 26 23 la
1999 4767 112 23 bouche.
2126 4766 40 24 On
2182 4765 54 24 voit
2254 4765 130 24 ci-dessus

1829 4804 31 17 ne
1875 4797 34 24 de
1925 4796 93 28 Gênes,
2034 4802 79 24 après
2129 4803 34 16 in
2179 4795 77 25 essai.

2922 3663 43 23 Jeu

2432 3625 26 5 —
2471 3617 94 18 Portecart
2596 3618 31 21 47,
2652 3623 31 14 rue
2706 3618 23 18 de
2753 3618 71 18 Namur
2834 3624 6 13 :
2866 3619 99 21 exposition

2410 3639 82 19 Maurice
2506 3639 116 22 Lansa-keos
2639 3641 95 20 (jusqu'au
2751 3641 11 18 7
2780 3641 84 21 février).

2432 3671 25 4 —
2469 3662 16 18 A
2506 3662 82 21 l'imaige
2607 3662 134 19 Nostre-Damc
2758 3668 5 13 :
2792 3663 101 22 exposition

2409 3684 40 18 Stas
2466 3684 95 21 (jusqu'au
2579 3685 10 17 7
2607 3685 74 19 lévrier)

2432 3715 26 5 —
2471 3707 59 18 Palais
2548 3707 32 18 des
2598 3707 117 20 Eeaux-Arts,
2736 3708 29 19 10.
2785 3713 32 13 rue
2835 3708 69 21 Royale
2913 3714 5 13 :
2937 3714 22 13 ex-

2410 3728 77 21 position
2505 3728 76 20 Yvonne
2599 3729 53 19 Perin
2673 3730 95 21 (jusqu'au
2787 3731 19 18 6'
2818 3730 83 22 février).

2434 3767 25 5 —
2471 3758 60 19 Palais
2549 3758 31 19 des
2599 3759 117 21 Beaux-Arts,
2737 3760 28 21 10,
2786 3765 31 14 rue
2835 3760 84 22 Royale:
2938 3766 23 13 ex-

2411 3780 77 21 position
2505 3781 69 21 Jeanne
2591 3781 108 20 Kcrremtns
2717 3782 95 22 (jusqu'au
2831 3784 11 17 6
2860 3783 83 21 février).

2433 3811 26 5 —
2471 3803 60 18 Palais
2549 3803 32 19 des
2599 3803 117 21 Beaux-Arts,
2737 3805 29 19 10.
2785 3810 33 13 rue
2835 3805 69 21 Royale
2913 3811 6 13 :
2938 3811 30 13 ex-

2411 3825 77 20 poôitior.
2504 3825 83 19 Maurice
2603 3826 69 19 Carlier
2690 3827 95 21 (jusqu'au
2803 3828 11 17 6
2831 3827 82 20 février).

2434 3856 25 5 —
2472 3847 62 20 Cercle
2550 3848 101 21 Artistique
2667 3853 18 15 et
2705 3849 94 19 Littéraire
2820 3850 129 20 (Waux-Hall)
2960 3855 6 14 :

2410 3874 54 16 eTpos
2465 3870 4 12 ;
2472 3870 38 18 tion
2532 3870 55 18 Louis
2610 3871 60 19 Clesse
2693 3875 18 15 et
2733 3872 137 19 Louis-Charles
2892 3872 75 22 Crespin

2413 3892 94 21 (jusqu'au
2524 3894 11 16 4
2552 3892 83 20 février).

2434 3923 25 4 —
2470 3914 66 18 Toison
2553 3915 51 20 d'Or,
2621 3916 29 20 13,
2666 3921 70 14 avenue
2751 3916 23 18 de
2791 3916 17 18 la
2824 3917 66 17 Toison
2906 3917 44 18 d'Or
2960 3922 5 13 :

2411 3936 98 21 exposition
2527 3937 23 19 V.
2566 3937 76 18 Abeloos
2662 3938 94 21 (jusqu'au
2774 3941 11 15 4
2802 3939 84 20 février).

2435 3967 25 6 —
2471 3959 79 21 Atrium,
2570 3960 23 18 55
2620 3960 28 19 Bd
2667 3961 102 21 Botanique
2779 3966 5 13 :
2804 3962 100 21 exposition
2922 3961 38 19 Léo-

2411 3980 42 22 pold
2468 3981 20 18 II
2506 3981 95 22 (jusqu'au
2619 3983 24 17 28
2661 3982 83 20 février).

2435 4019 26 4 —
2472 4009 70 22 Studio,
2560 4011 19 21 2,
2596 4016 33 14 rue
2644 4011 31 18 des
2694 4011 92 19 Pctits-Ca
2788 4017 45 13 nues
2843 4018 5 12 :
2868 4012 100 21 exposition

2413 4031 84 20 Poncelet
2511 4035 18 16 et
2542 4032 51 20 Mme
2608 4033 22 18 C.
2643 4034 40 17 Van
2697 4034 82 18 Mulders
2794 4034 95 22 (jusqu'au
2905 4036 21 17 14
2942 4034 19 19 fé-

2411 4054 56 20 vrier)
2471 4068 4 3 .

2434 4085 27 5 —
2473 4076 59 20 PalaU
2545 4076 33 19 des
2593 4077 116 21 Beaux-Arts,
2725 4078 28 20 10,
2769 4083 31 13 me
2815 4078 69 21 Royale
2893 4084 6 13 :
2914 4083 47 17 expo-

2411 4097 55 19 sition
2483 4099 92 20 organisée
2592 4104 33 16 par
2641 4099 19 19 la
2677 4099 69 20 Société
2765 4100 55 21 Belge
2835 4101 32 18 des
2886 4100 82 19 Peintres

2411 4119 23 19 de
2450 4119 19 19 la
2485 4121 42 18 Mer
2545 4120 95 22 (jusqu'au
2660 4122 21 17 17
2699 4122 83 19 lévrier).

2434 4151 27 6 —
2472 4142 71 18 Galerie
2558 4143 95 20 Manteau,
2668 4144 30 18 62.
2714 4143 27 19 Bd
2756 4144 23 18 de
2792 4144 90 18 Waterloo
2892 4149 5 13 :
2914 4149 47 17 expo-

2411 4164 54 18 sition
2483 4165 69 18 Marcel
2569 4165 103 19 Slobtrerts
2689 4166 96 21 (jusqu'au
2804 4168 22 16 14
2844 4166 83 20 février).

2436 4196 25 4 —
2472 4187 60 18 Petite
2549 4187 77 21 Galerie,
2643 4189 18 19 3,
2679 4193 70 14 avenue
2767 4188 65 19 LouUe
2842 4194 5 12 :
2867 4188 100 22 exposition

2411 4208 54 19 Louis
2482 4208 85 20 Camb'er
2586 4209 94 22 (jusqu'au
2698 4211 22 17 14
2740 4210 83 22 février).

2436 4230 71 19 Galerie
2526 4230 106 23 d'^gmont,
2656 4233 29 20 11,
2708 4232 51 21 place
2779 4232 25 18 du
2828 4232 121 19 Petit-Sablon
2959 4238 7 13 ;

2412 4253 100 21 exposition
2526 4254 68 18 Lucien
2611 4253 77 20 Frennet
2707 4254 95 21 (jusqu'au
2820 4255 21 17 14
2859 4254 84 21 février).

2433 4284 28 5 —
2471 4275 39 19 Noî
2525 4275 88 21 Peintres,
2632 4277 30 21 30,
2680 4276 126 19 Slarché-aux-
2808 4277 72 18 Poulets
2890 4282 5 13 :
2913 4282 47 16 expo-

2412 4296 53 19 sition
2481 4298 57 18 Henri
2554 4298 73 19 Roidot.
2881 4302 5 8 ■

2435 4335 22 5 —
2456 4334 5 7 ■
2472 4326 55 19 Ecole
2547 4327 93 21 Moyenne
2660 4327 22 21 A,
2706 4332 31 14 nie
2758 4327 66 19 Ernest
2845 4327 69 21 Al'ard,
2937 4328 30 17 49.

2413 4349 22 17 17
2452 4349 19 18 h.
2489 4349 29 21 15,
2534 4349 28 18 M.
2578 4349 41 18 Van
2636 4349 50 22 Zype
2697 4354 5 13 :
2719 4354 12 13 «
2739 4349 73 19 Rubens
2819 4354 12 13 »
2850 4349 32 21 (5c
2897 4350 61 21 leçon)

2413 4370 110 22 Projections
2539 4371 114 19 lumineuses.

2436 4408 26 4 —
2474 4400 77 18 Institut
2571 4400 53 18 d'Art
2646 4403 18 16 et
2685 4399 142 22 d'Archéologie,
2850 4401 18 19 9,
2891 4405 31 13 nie
2942 4399 24 18 du

2413 4421 70 20 Musée.
2502 4423 21 17 17
2541 4422 11 17 h
2580 4423 29 20 15,
2627 4422 28 19 M.
2674 4423 39 18 Van
2731 4422 93 21 l'uyvelde
2834 4428 5 13 :
2858 4422 53 19 «Les
2929 4421 29 18 Pri-

2413 4443 57 19 mitifs
2487 4443 88 19 flamands
2582 4449 19 13 ».

2435 4474 27 6 —
2472 4465 48 19 Salle
2540 4466 67 20 Patria,
2628 4467 24 17 20
2674 4466 18 19 h.
2715 4467 30 20 30,
2767 4466 29 20 M.
2817 4467 68 17 Avitvt
2904 4465 24 18 de
2947 4464 19 18 la

2412 4487 51 19 Tour
2476 4488 26 18 du
2519 4488 33 18 Pin
2562 4493 6 13 :
2586 4493 11 13 «
2605 4489 24 18 Le
2645 4489 112 21 capitalisme
2772 4492 18 15 et
2805 4489 17 18 le
2836 4488 78 21 système
2929 4491 29 13 cor-

2414 4510 67 21 poratif
2488 4515 18 13 ».

2437 4547 27 6 —
2473 4539 79 21 Atrium,
2566 4540 24 17 20
2602 4539 19 19 h.
2633 4540 31 21 30,
2677 4540 29 19 M.
2716 4539 80 19 William
2808 4538 63 21 Ugeux
2879 4542 6 13 :
2899 4535 59 19 «L'Is-

2413 4560 36 19 lam
2466 4566 22 14 en
2505 4561 71 19 marche
2583 4566 17 14 ».

2436 4592 27 4 —
2474 4583 65 19 Muiée
2553 4584 77 20 Ancien,
2647 4584 24 17 20
2687 4583 19 20 h.
2723 4584 30 20 30,
2770 4582 27 19 M.
2814 4581 37 19 Léo
2865 4585 35 13 von
2917 4579 48 21 Puy-

2414 4605 52 18 velde
2475 4611 6 13 :
2498 4606 74 18 «L'Art
2587 4609 20 15 et
2622 4606 18 18 la
2655 4605 120 22 personnalité
2788 4604 25 18 du
2828 4603 30 17 Tit
2866 4607 22 12 en
2896 4607 18 12 ».

2435 4636 27 5 —
2472 4627 27 19 La
2516 4628 72 22 Besace,
2606 4628 30 21 29,
2653 4633 32 13 rue
2702 4626 55 19 Edith
2773 4625 68 19 Cavell.
2857 4625 24 16 20
2898 4623 19 19 h.
2933 4624 31 20 30,

2413 4649 29 18 M.
2459 4649 69 19 Marcel
2542 4650 79 18 Antoine
2630 4655 7 13 :
2654 4655 12 13 «
2673 4649 56 21 Arles,
2746 4649 26 17 La
2789 4647 99 20 Camargue
2904 4648 20 16 et
2940 4645 26 19 Ici

2413 4672 96 19 Saintes».

2435 4703 27 5 —
2474 4693 58 23 Foyer
2545 4693 121 21 Intellectuel.
2681 4694 28 18 13.
2723 4697 31 13 nie
2768 4690 79 19 Sterctx.
2861 4690 24 18 20
2899 4689 20 20 h.
2934 4691 30 20 30,

2414 4715 28 20 M.
2457 4716 78 22 Lepaffe
2545 4721 5 14 :
2568 4721 12 13 «
2587 4716 26 18 La
2627 4716 30 19 vie
2671 4719 19 16 et
2704 4714 71 18 l'œuvre
2788 4712 23 18 de
2828 4712 51 21 Goya
2885 4717 13 13 >
2916 4712 42 22 (pro-

2413 4738 78 21 jections
2505 4738 127 20 lumineuses).

2437 4769 25 5 —
2473 4760 60 19 Palais
2549 4761 24 18 de
2589 4760 75 21 Justice.
2681 4757 109 19 Conférence
2808 4756 25 19 du
2847 4757 59 20 Jeune
2921 4756 37 20 Bar-

2414 4788 49 13 reau.
2481 4784 24 17 20
2522 4783 19 19 h.
2558 4782 31 20 45,
2606 4782 28 18 M.
2651 4780 49 18 René
2718 4778 94 21 Benjamin
2822 4784 6 13 :
2847 4784 12 12 <
2867 4779 99 19 L'Enfant.

2414 4803 97 21 Comment
2529 4803 82 20 l'élever?
2631 4802 95 19 Comment
2744 4800 81 19 l'aimer?
2833 4805 12 13 9

3000 4764 56 24 Une
3072 4762 138 25 merveille
3226 4763 36 25 de
3281 4762 60 24 Vart
3359 4760 115 27 chinois.
3490 4760 128 25 L'ancien
3634 4759 97 30 temple
3745 4759 35 23 de
3793 4755 141 30 Moukden,
3949 4757 35 24 où
4001 4759 40 22 est
4056 4758 41 23 ins-

3284 4790 62 25 tallé
3361 4791 24 23 le
3399 4795 123 19 nouveau
3536 4789 127 24 consulat
3679 4786 154 26 américain.

100 4871 30 21 69
145 4877 14 15 <
175 4872 95 21 Nation
285 4872 78 26 Belge
379 4878 14 15 »
410 4873 35 21 du
460 4873 15 20 4
490 4872 95 22 février
600 4873 55 21 1933

211 4952 60 46 SI
300 4952 252 48 C'ETAIT

99 5015 484 64 FANTOMAS
619 5018 36 59 ?

138 5103 112 30 Grand
274 5113 115 21 roman
412 5105 208 30 d'aventures

351 5157 62 29 par

229 5198 126 30 Marcel
373 5200 79 28 ALL
455 5200 70 28 AIN

131 5293 41 21 Ob
181 5293 8 21 !
210 5293 46 22 elle
275 5298 34 17 ne
326 5293 105 26 pouvait
448 5296 37 24 «'y
504 5294 112 27 tromper
624 5295 31 21 !...

103 5322 49 22 Cet
174 5323 100 20 homme
295 5323 44 25 qui
362 5325 131 24 l'appelait,
514 5325 44 25 qui
586 5325 70 21 avait

103 5352 115 22 l'audace
238 5352 33 23 de
293 5352 118 24 l'arrêter,
431 5358 38 17 un
500 5354 55 21 seul
590 5359 65 21 coup

106 5382 64 21 d'oeil
191 5381 85 24 devait
292 5383 37 21 lui
347 5383 136 24 permettre
502 5383 32 24 de
550 5383 96 23 l'Identi-

104 5411 72 22 fier..

131 5447 90 23 C'était
243 5448 82 23 Lui!-.
346 5447 92 23 Citait
460 5449 169 24 Fantômas!..,

107 5477 90 24 C'était
215 5477 138 21 Fantômaa
363 5476 31 23 !_

132 5513 134 24 Comment
280 5519 34 16 ne
329 5518 49 22 pas
392 5514 165 28 reconnaître,
571 5521 33 17 en
621 5515 26 22 ef-

102 5543 48 30 fet,
166 5549 33 16 aa
212 5544 136 23 eiihouette
364 5542 143 28 légendaire
523 5546 27 21 et
565 5545 24 21 el
606 5545 42 22 tra-

106 5574 146 26 giquement
272 5572 181 27 épouvantable
462 5573 14 22 ?

132 5611 23 21 Il
167 5610 95 28 portait
273 5615 32 17 ea
317 5611 105 26 cagoule
433 5610 77 23 noire.
523 5610 51 23 Son
586 5612 61 21 mail-

105 5640 38 22 lot
160 5640 58 23 noir
233 5645 30 20 ee
278 5640 108 23 moulait
403 5639 161 25 étroitement
580 5645 18 17 a
615 5645 41 18 ses

107 5669 108 27 épaulée,
229 5668 19 23 à
261 5675 48 19 son
324 5670 76 26 torse,
413 5669 19 22 à
445 5675 43 17 ses
501 5669 104 26 Jambes.
620 5671 37 21 La

105 5700 72 22 main
190 5699 60 26 qu'il
265 5698 99 24 tendait
376 5704 60 17 vers
450 5699 54 26 elle,
521 5699 63 24 était
597 5705 49 20 gan-

106 5729 41 22 tée
161 5729 32 22 de
207 5729 59 22 noir
278 5734 98 21 encore,

133 5767 43 24 Et,
193 5766 146 26 cependant,
355 5766 61 26 lady
432 5765 116 21 Beltham
563 5766 95 22 n'avait

105 5796 74 29 point
196 5795 91 23 tourné
301 5798 28 20 la
345 5795 53 24 tête
414 5800 56 23 que,
489 5795 32 22 da
537 5800 120 20 nouveau,

682 4873 44 21 dee
748 4873 96 24 paroles
869 4871 116 27 étranges
1020 4873 145 25 frappaient
1184 4877 47 16 eon

681 4902 85 21 oreille
787 4907 7 15 :

708 4942 30 6 —
757 4931 65 26 Non,
843 4931 136 22 Madame...
1000 4932 126 26 n'appelez
1146 4938 46 20 pas
1202 4932 29 21 !...

681 4961 39 22 Ne
737 4962 66 21 criez
818 4966 47 20 pas
875 4961 29 22 !...
921 4961 31 22 Je
968 4967 33 16 ne
1017 4963 52 21 suis
1084 4968 67 20 pas...
1169 4962 62 21 celui

682 4992 43 24 qui
743 4996 62 16 vous
822 4996 108 20 croyez...
947 4991 65 21 C'est
1028 4992 64 20 Juve
1110 4991 43 25 qui
1170 4996 61 16 voue

682 5021 96 24 supplie
797 5021 30 21 de
843 5020 136 22 l'entendre
989 5020 29 23 !...

708 5060 31 7 —
756 5050 65 21 Juve
831 5050 35 22 ?...
885 5050 133 22 balbutiait
1037 5051 118 25 pourtant
1174 5051 58 25 lady

682 5080 124 22 Beltbatn.
824 5080 69 21 Vous
912 5079 52 23 êtes
983 5080 63 21 Juve
1057 5080 13 21 ?

711 5109 37 22 La
763 5110 59 20 voix
838 5109 79 26 reprit
936 5114 6 16 :

709 5156 30 6 —
757 5146 35 22 Le
811 5147 90 20 Destin
922 5146 40 20 est
981 5147 68 20 cruel
1069 5151 60 17 eans
1151 5146 81 24 doute,

683 5177 43 24 qui
745 5175 40 23 nie
803 5177 50 21 fait
872 5181 61 17 vous
952 5177 152 26 rencontrer,
1123 5181 59 17 sous
1202 5182 35 15 un

683 5205 112 21 costume
815 5209 50 21 que
899 5210 62 16 vous
997 5205 144 21 connaissez
1177 5206 56 24 trop

683 5233 78 23 bien...
780 5234 49 21 Oui
838 5234 30 24 !...
887 5234 37 22 La
944 5234 100 24 fatalité
1063 5236 40 19 eet
1122 5235 101 21 mauvai-

683 5264 37 21 se!
735 5264 27 21 Si
773 5264 26 25 je
812 5265 71 25 porte
896 5266 26 21 la
935 5266 102 25 cagoule
1050 5270 44 16 sur
1107 5266 23 20 le
1146 5266 89 25 visage.

683 5297 63 17 vous
767 5293 85 21 sentez
873 5293 58 22 bien
954 5299 48 20 que
1024 5294 60 21 c'est
1107 5299 31 16 en
1161 5294 72 22 vertu

683 5322 74 23 d'une
774 5322 121 24 nécessité
914 5324 153 25 suprême?...
1085 5324 68 22 Vous
1173 5325 55 21 devi-

684 5356 46 16 nez
763 5352 91 25 qu'une
888 5352 101 22 bataille
1010 5358 33 17 va
1065 5358 26 16 se
1114 5353 76 21 livrer
1198 5353 35 21 ?...

685 5382 138 24 N'Importe
834 5381 31 22 !...
889 5381 71 27 Lady
984 5382 124 25 Beltham,
1133 5383 26 25 Je
1184 5382 50 22 fais

684 5412 74 24 appel
774 5410 18 22 à
808 5411 72 23 votre
899 5416 88 18 cœur...
1004 5412 68 23 Vous
1089 5417 32 17 ne
1140 5417 93 21 pouvez

684 5445 48 21 pas
751 5439 100 24 refuser
872 5441 31 22 de
923 5438 143 24 m'écouter!

713 5479 32 8 —
769 5470 66 22 Juve
845 5469 31 24 !..
901 5470 65 21 Juve
976 5470 31 22 !...
1040 5470 190 22 balbutiait-elle

684 5499 120 26 toujours.

712 5529 42 21 En
778 5529 152 27 apercevant
952 5530 27 21 la
1003 5529 132 22 silhouette
1159 5529 66 27 tragi-

684 5564 49 21 que
752 5560 48 22 elle
819 5560 70 22 avait
909 5564 38 20 eu,
966 5560 82 22 certes
1068 5559 169 27 grand'peur...

683 5588 39 23 Ne
733 5589 138 21 eavait-elle
882 5594 48 22 pas
940 5587 136 24 Fantômas
1088 5588 104 26 capable
1204 5590 30 20 de

684 5617 64 23 tirer
761 5618 71 22 d'elle
843 5619 28 21 la
883 5619 56 25 plus
953 5618 86 23 atroce
1054 5618 43 22 des
1112 5623 113 20 vengean-

685 5652 48 23 ces,
749 5647 38 22 s'il
803 5648 133 25 apprenait
952 5647 92 26 jamais
1062 5647 69 22 d'elle
1147 5647 87 26 qu'elle

684 5676 85 23 s'était
783 5678 95 21 rendue
891 5676 19 23 à
923 5679 26 20 la
964 5676 88 23 Sûreté
1064 5677 31 22 ?...

712 5706 73 27 Mais,
803 5707 47 21 elle
867 5707 70 24 avait
956 5706 122 27 peut-êtro
1097 5707 57 26 plus
1173 5711 63 22 peur

686 5741 96 21 encore,
799 5735 135 23 désormais
945 5737 7 21 !

712 5765 49 23 Cet
782 5765 102 24 homme
906 5765 143 27 encagoulé,
1073 5766 42 23 eet
1136 5766 100 21 homme

687 5797 42 25 qui
749 5795 109 24 dressait
878 5796 93 23 devant
991 5796 46 22 elle
1057 5797 27 23 la
1103 5796 132 22 silhouette

1260 4872 120 21 abhorrée
1402 4873 32 20 du
1453 4871 91 22 Maître
1578 4872 30 20 de
1640 4871 170 27 l'Epouvante,

1261 4900 85 26 c'était
1366 4902 64 21 Juve
1442 4901 6 21 !

1287 4931 47 21 Les
1348 4932 98 25 paroles
1461 4932 32 21 du
1507 4931 102 27 policier
1622 4930 188 22 n'étalent-elles

1260 4965 46 21 pas
1323 4960 43 23 dès
1381 4964 50 20 lors
1446 4960 58 25 bien
1518 4959 102 23 Inutiles
1630 4961 12 21 ?

1288 4991 79 22 Force
1384 4990 115 22 n'était-il
1517 4993 46 23 pas
1582 4990 18 21 à
1618 4991 58 25 lady
1693 4990 117 20 Beltham

1261 5021 30 21 de
1309 5021 101 20 deviner
1426 5020 71 25 qu'en
1515 5020 70 25 effet,
1600 5021 22 20 si
1637 5020 63 22 Juve
1718 5019 93 26 portait

1263 5051 23 20 le
1313 5051 113 20 costume
1450 5049 109 25 sinistre,
1586 5049 85 21 c'était
1695 5049 58 25 qu'il
1780 5054 31 15 en

1262 5080 69 23 avait
1352 5080 87 20 besoin
1461 5083 63 22 peur
1546 5079 76 22 livrer
1644 5085 34 15 au
1699 5080 112 19 monstre

1262 5114 48 16 une
1331 5109 101 21 bataille
1456 5109 60 22 dont
1537 5109 17 21 11
1576 5108 148 26 escomptait
1745 5108 56 21 sûre-

1261 5141 69 20 ment
1346 5139 96 21 obtenir
1458 5139 25 22 la
1498 5138 103 21 victoire
1611 5138 13 21 ?

1288 5168 54 21 Elle
1362 5170 43 20 eut
1421 5169 57 25 plus
1495 5174 63 20 peur
1577 5168 121 22 encore!..

1289 5196 136 26 Trahir,?.,
1446 5197 58 21 Non
1513 5198 8 20 I
1544 5197 56 22 Elle
1620 5203 32 16 ne
1673 5198 23 20 le
1718 5196 94 22 voulait

1261 5232 46 21 pas
1318 5226 29 23 !...
1365 5226 148 25 Seulement,
1530 5227 48 21 elle
1598 5226 63 22 était
1678 5227 67 24 celle,
1762 5226 50 25 qui,

1262 5257 132 25 pitoyable,
1418 5261 30 18 se
1472 5256 118 25 penchait
1613 5261 45 16 sur
1681 5257 37 20 les
1743 5256 59 22 victi-

1261 5292 53 16 mes
1330 5287 30 20 de
1376 5285 137 22 Fantômas
1530 5286 25 20 et
1571 5286 91 21 tentait
1678 5286 30 21 de
1723 5286 36 20 les
1776 5285 35 21 lui

1262 5316 139 21 arracher...

1289 5346 149 20 Pouvait-on
1459 5345 35 22 lui
1516 5344 134 22 demander
1671 5346 55 23 plus
1736 5345 13 20 ?

1289 5376 116 21 L'amour
1420 5374 87 26 qu'elle
1523 5374 86 23 vouait
1625 5378 32 19 au
1674 5373 90 21 Maître
1782 5374 29 19 de

1260 5405 165 25 l'Epouvante
1438 5409 32 16 ne
1483 5403 114 23 falsalt-U
1611 5408 45 22 pas
1670 5408 48 17 une
1731 5407 72 16 mons-

1262 5433 105 24 truosité
1389 5434 29 21 de
1437 5440 30 17 sa
1485 5432 119 28 présence
1625 5437 49 17 aux
1694 5431 68 23 côtés
1782 5432 29 21 dc

1263 5464 64 22 Juve
1336 5464 14 21 ?

1290 5493 56 22 Elle
1367 5492 55 23 râla
1446 5497 7 18 :
1469 5514 3 3 .

1289 5533 30 6 —
1332 5523 52 22 Par
1399 5522 60 27 pitié
1471 5522 29 24 !..
1513 5522 160 22 Laissez-moi
1688 5521 81 26 partir
1778 5521 34 22 ?...

1291 5553 71 27 Mais,
1382 5553 71 24 Juve,
1474 5551 58 26 déjà
1549 5552 96 22 sautait
1663 5557 45 17 sur
1726 5552 23 21 le
1769 5552 43 25 sol,

1262 5582 126 23 marchait
1399 5587 57 18 vers
1471 5582 46 24 elle
1533 5586 7 17 :
1700 5586 4 5 '
1740 5600 5 7 ,

1289 5630 30 6 —
1333 5620 96 22 Allons!
1448 5621 120 24 faisait-il,
1586 5621 64 21 doux
1666 5621 65 22 mais
1747 5621 60 21 auto-

1264 5648 93 23 ritaire.
1372 5647 99 24 Montez
1482 5648 29 23 !...
1525 5649 22 22 U
1562 5650 24 20 le
1600 5649 63 25 faut,
1679 5650 115 21 Madame
1805 5649 6 21 !

1292 5679 40 29 Et,
1356 5684 97 17 comme
1477 5680 38 21 s'il
1551 5680 70 22 avait
1658 5684 38 21 eu,
1718 5679 95 26 malgré

1264 5705 62 29 tout,
1340 5714 49 17 une
1402 5709 89 22 infinie
1503 5708 62 28 pitié
1581 5710 29 21 de
1624 5709 65 22 cette
1703 5709 101 22 malheu-

1266 5743 71 17 reuse
1350 5739 59 25 qu'il
1423 5739 168 26 contraignait
1603 5738 17 22 à
1632 5740 35 22 lui
1682 5738 75 26 obéir,
1771 5739 34 21 Ju-

1265 5773 31 16 ve
1317 5768 110 25 ajoutait
1452 5773 7 16 :

1291 5806 30 8 —
1338 5797 161 26 Croyez-vous
1517 5798 63 22 donc
1596 5802 48 23 que
1657 5798 26 26 Je
1698 5802 61 18 voua
1776 5797 39 22 de-

1839 4876 11 16 r
1866 4871 103 20 anderal
1987 4872 54 20 rien
2059 4871 42 25 qui
2119 4871 83 25 puisse
2222 4869 52 21 être
2293 4869 100 25 indigne

1841 4901 30 21 Ce
1885 4901 25 20 la
1925 4901 94 20 femme
2033 4904 47 20 que
2096 4903 62 17 vous
2173 4898 52 21 êtes
2235 4897 13 21 ?

1860 4939 32 7 —
1899 4929 48 21 J'ai
1960 4933 62 23 peur
2032 4928 29 21 !...
2073 4927 113 22 balbutia
2198 4928 59 25 lady
2269 4927 123 22 Beltham.

1862 4959 64 21 Mais
1938 4960 64 21 Juve
2015 4958 111 22 secouait
2136 4957 26 23 la
2173 4956 52 26 tête
2235 4963 6 15 :

1863 4999 29 5 —
1911 4989 54 24 Oui,
1985 4989 25 25 Je
2032 4988 51 22 sais
2094 4988 29 21 !...
2145 4988 35 22 Et
2189 4987 158 32 ^cependant,
2368 4987 25 24 je

1835 5024 61 18 vous
1914 5019 55 25 Jure
1984 5024 48 20 que
2048 5023 61 16 vous
2126 5016 86 23 m'êtes
2228 5016 108 22 sacrée...

1863 5067 29 5 —
1903 5057 33 20 Ce
1950 5056 63 20 n'est
2022 5062 46 19 pas
2082 5055 29 23 de
2125 5060 61 16 vous
2198 5060 47 20 que
2257 5055 42 24 j'ai
2311 5059 81 21 peur...

1837 5086 65 24 C'est
1922 5087 30 20 de
1970 5085 46 21 Lui
2027 5086 5 20 !

1861 5126 30 6 —
1907 5116 66 21 Vous
1991 5116 100 22 l'aimez,
2110 5115 125 25 pourtant,
2252 5113 114 22 Madame
2377 5112 12 20 ?

1862 5166 30 6 —
1912 5157 48 21 Oui
1970 5157 7 21 !
1982 5171 19 7 ...
2023 5155 71 24 Juve,
2117 5157 61 19 vous
2199 5155 23 21 le
2245 5159 93 16 savez...
2360 5152 31 22 Je

1835 5186 81 22 l'aime
1927 5186 31 21 !...
1977 5185 64 21 Mais
2057 5185 18 20 il
2092 5190 41 19 me
2150 5186 50 21 fait
2215 5186 106 19 horreur
2336 5187 46 16 aus-

1835 5216 22 21 si
1867 5216 31 24 !...
1916 5216 71 24 Juve,
2007 5215 132 25 j'abomine
2157 5219 42 16 ses
2218 5212 129 23 crimes!...
2365 5212 25 22 Si

1835 5246 26 25 Je
1882 5245 52 21 suis
1955 5245 39 24 ici,
2018 5244 129 26 d'ailleurs,
2169 5244 56 21 n'en
2247 5243 76 23 est-ce
2346 5247 45 20 pas

1835 5276 26 20 la
1876 5280 92 21 preuve
1979 5275 12 21 ?

1861 5322 30 6 —
1901 5310 63 22 D'où
1974 5316 146 16 venez-vous
2134 5312 68 21 donc,
2214 5310 115 22 Madame
2339 5309 13 20 ?

1863 5352 30 5 —
1911 5342 39 20 Ah
1961 5341 6 21 !
1989 5342 70 24 Juve,
2079 5346 62 16 vous
2161 5341 23 21 le
2203 5345 73 17 savez
2296 5339 56 21 bien
2363 5338 29 20 !...

1836 5371 37 20 De
1897 5371 25 21 la
1943 5370 109 22 Sûreté...
2075 5371 49 21 J'ai
2145 5370 111 28 prévenu
2276 5373 45 17 vos
2341 5368 38 20 col-

1836 5400 105 26 lègues...

1863 5448 30 6 —
1911 5437 59 22 Mon
1987 5438 64 22 Dieu
2061 5438 30 21 !..
2109 5438 38 22 De
2166 5436 58 27 quoi
2244 5436 62 21 donc
2316 5435 13 21 ?

1863 5478 30 6 —
1907 5468 30 21 Je
1953 5468 55 23 vais
2023 5472 62 19 vous
2099 5467 22 26 le
2136 5467 101 22 redire...

1862 5508 31 6 —
1903 5498 40 22 Eh
1954 5498 56 22 bien
2021 5498 7 21 !
2042 5497 105 25 montez,
2159 5496 115 23 Madame
2281 5495 37 22 .?...
2330 5494 61 21 Con.

1837 5527 99 22 fldence
1956 5533 65 20 pour
2043 5526 145 22 confidence
2198 5527 6 20 !
2228 5525 93 21 Tandis
2344 5529 47 21 que

1837 5557 66 22 cette
1923 5557 97 22 voiture
2039 5561 63 17 vous
2121 5555 146 28 emportera,
2284 5554 26 25 jo
2330 5559 62 17 vous

1838 5587 123 21 confierez
1975 5587 120 26 pourquoi
2110 5587 42 26 j'ai
2167 5585 85 23 besoin
2267 5585 29 22 de
2310 5589 80 18 vous..

1862 5628 30 5 —
1905 5617 59 21 Mon
1978 5615 64 22 Dieu
2052 5616 29 23 !...
2095 5614 149 24 murmurait
2257 5618 88 19 encore
2358 5615 34 21 la-

1837 5648 25 25 ly
1876 5647 123 22 Beltham.

1860 5675 54 23 Elle
1924 5674 86 25 n'était
2023 5674 61 26 plus,
2098 5681 30 16 en
2141 5676 40 21 cet
2191 5673 102 26 Instant,
2303 5674 89 25 qu'une

1839 5704 131 23 misérable
2006 5706 100 25 femme,
2143 5706 90 25 qu'une
2270 5705 123 26 pitoyable

1836 5734 116 25 créature
1968 5735 75 26 qu'un
2061 5736 80 21 destin
2158 5736 85 21 atroce
2258 5735 85 22 vouait
2360 5740 33 17 au

1837 5766 57 25 plus
1908 5765 147 26 angoissant
2073 5767 42 20 des
2133 5765 134 22 dilemmes.

1865 5795 165 24 Poirvalt-ella
2046 5795 99 23 refuser
2163 5794 123 24 d'écouter
2306 5796 64 22 Juve
2380 5796 13 21 ?

2413 4867 122 21 N'était-il
2552 4873 43 19 pas
2611 4863 89 27 auprès
2717 4864 74 24 d'elle,
2806 4866 25 20 la
2847 4867 69 20 force
2927 4867 13 21 ?

2428 4907 6 5 •
2443 4898 33 21 Et
2496 4895 145 26 cependant,
2661 4895 63 20 Juve
2745 4893 63 24 était
2828 4897 102 24 policier
2939 4897 29 21 !...

2415 4926 33 22 Et
2464 4932 28 18 ce
2508 4926 100 25 policier
2622 4924 70 23 allait
2708 4929 27 17 se
2748 4925 64 25 Jeter
2826 4931 44 18 sur
2885 4927 73 20 l'hom-

2415 4962 39 17 me
2471 4956 85 25 qu'elle
2570 4954 88 20 aimait
2668 4953 30 22 !..

2443 4986 53 21 Elle
2510 4985 92 20 monta.
2615 4983 47 21 Sur
2675 4984 25 20 la
2714 4985 133 26 banquette
2861 4987 33 21 du
2909 4985 59 22 taxi,

2414 5015 42 25 qui
2470 5013 135 22 démarrait
2620 5012 63 27 déjà,
2698 5014 45 22 elle
2756 5020 26 16 se
2796 5015 97 21 laissait
2907 5017 52 20 tom-

2415 5045 49 22 ber.
2478 5045 36 20 La
2531 5043 63 21 fleur
2610 5042 74 23 fanée
2698 5045 89 24 qu'une
2802 5046 79 21 rafale
2896 5042 76 26 brise.'

2414 5075 42 20 n'a
2471 5078 44 21 pas
2531 5077 48 17 une
2594 5073 73 24 grâce
2683 5074 55 25 plus
2755 5076 141 25 poignante,
2912 5075 56 25 plus

2414 5103 183 21 douloureuse...

2440 5143 29 6 —
2484 5133 84 20 Juve...
2587 5133 86 21 Parlez
2683 5135 35 21 ?...
2734 5136 30 20 Je
2781 5140 61 16 vous
2858 5133 86 23 écoute
2955 5136 12 21 ?

2440 5172 30 5 —
2491 5162 64 25 Non,
2581 5163 113 24 Madame
2706 5166 6 20 !
2739 5165 115 23 D'abord,
2878 5165 82 21 rensei-

2413 5191 142 26 gnez-moi...
2578 5193 168 25 Qu'êtes-vous
2769 5199 79 16 venue
2870 5196 64 20 faire
2953 5196 17 21 à

2413 5222 25 21 la
2453 5220 88 22 Sûreté
2551 5222 13 22 ?

2440 5262 29 5 —
2486 5252 109 22 Ecoutez
2605 5254 29 22 !..
2652 5254 64 22 Rien
2734 5259 47 20 que
2799 5259 59 16 mon
2879 5255 90 24 devoir,

2413 5281 63 21 Juve
2487 5281 29 22 !...
2528 5281 106 27 Révéler
2644 5284 118 23 l'affreux
2773 5285 111 25 martyre
2898 5285 71 23 d'une

2414 5311 88 21 enfant
2512 5311 30 25 !...
2561 5314 113 25 Supplier
2691 5314 72 25 qu'on
2782 5315 26 20 la
2827 5320 77 16 -sauve
2914 5315 7 21 !

2440 5351 29 5 —
2481 5341 158 24 Parlez-vous
2654 5345 62 20 donc
2732 5343 118 22 d'Hélène
2859 5345 14 21 ?

2439 5381 30 6 —
2482 5372 132 27 D'Hélène,
2632 5374 41 20 oui
2684 5374 28 21 !...
2729 5373 125 22 D'Hélène
2872 5375 42 24 qui
2931 5378 39 18 est

2413 5401 153 25 prisonnière
2578 5403 16 22 à
2605 5405 62 20 bord
2679 5403 57 22 d'un
2748 5404 120 24 camion...
2881 5404 16 23 à
2907 5405 61 22 bord

2415 5432 32 21 du
2463 5434 98 22 camion
2579 5434 30 21 de
2626 5432 136 23 Fantômaa
2772 5433 30 24 !..

2439 5472 31 6 —
2482 5463 31 21 Je
2530 5465 23 20 le
2569 5463 90 24 savais,
2677 5464 114 21 Madame
2802 5464 6 21 !

2439 5502 31 7 —
2483 5493 68 22 Vous
2567 5494 23 21 le
2605 5493 83 23 saviez
2698 5494 13 21 ?

2440 5533 30 6 —
2484 5523 55 25 Oui,
2555 5523 116 22 Madame
2681 5524 6 21 !
2706 5524 34 22 Et
2754 5523 61 25 c'est
2829 5528 75 22 parce
2923 5529 47 21 quo

2413 5552 25 25 je
2455 5553 23 22 le
2494 5553 51 22 sais
2562 5558 48 20 que
2624 5553 44 25 j'ai
2684 5554 84 20 besoin
2785 5554 29 22 de
2830 5559 83 18 vous,.

2441 5593 28 5 —
2483 5584 38 23 De
2537 5583 58 24 mol,
2611 5584 64 21 Juve
2686 5584 12 22 ?

2440 5623 30 6 —
2489 5613 122 23 Madame,
2630 5612 18 22 11
2665 5614 56 21 faut
2738 5613 165 25 maintenant,
2922 5619 47 21 que

2414 5647 61 17 vous
2495 5643 201 22 m'entendiez!...
2715 5644 57 21 Oh!
2793 5644 61 21 c'est
2872 5644 22 21 si
2914 5645 47 20 sim-

2414 5673 39 25 ple
2465 5673 28 21 !...
2514 5671 169 23 Réfléchissez
2692 5674 35 21 ?...
2749 5674 65 21 Tout
2833 5673 18 22 à
2870 5674 100 24 l'heure,

2414 5708 33 17 au
2463 5702 62 27 péril
2544 5704 30 21 de
2589 5709 42 17 ma
2647 5704 46 24 vie,
2712 5709 32 16 au
2763 5703 62 27 péril
2844 5704 30 22 de
2888 5704 27 21 la
2930 5704 40 21 vie

2415 5734 30 21 de
2467 5739 63 16 ceux
2550 5734 42 24 qui
2615 5734 164 21 seconderont
2803 5738 59 17 mon
2886 5734 84 24 effort.

2414 5763 104 26 J'espère
2541 5763 97 23 arrêter
2660 5764 23 21 le
2707 5764 99 22 camion
2828 5764 30 22 dc
2880 5763 83 23 Fantô-

2415 5798 77 17 mas,.

3016 4875 29 5 —
3066 4866 59 20 Mon
3145 4865 66 21 Dieu
3221 4865 29 21 !..
3274 4865 59 21 Mon
3354 4864 65 21 Dieu
3428 4864 30 21 !...
3481 4863 64 22 Mais

2989 4896 35 21 lui
3034 4896 36 21 ?..
3086 4895 48 21 Lui
3143 4896 35 22 ?...

3016 4936 30 5 —
3062 4925 48 21 J'ai
3130 4924 61 27 pitié
3211 4925 30 21 de
3261 4925 70 23 votre
3348 4929 95 19 amour.
3462 4923 75 21 Mada-

2990 4960 39 16 me
3040 4955 31 23 !...
3087 4956 31 21 Je
3136 4960 61 18 vous
3216 4954 113 26 réponds.
3347 4955 52 24 Oui.
3418 4959 63 17 nous
3498 4953 38 21 lut-

2990 4987 85 20 terons
3094 4986 85 21 contre
3198 4986 46 20 Lui
3254 4986 29 20 !...
3302 4984 110 26 J'espère
3432 4986 23 20 le
3473 4989 60 20 pren-

2991 5015 43 21 dre
3044 5016 7 21 !

3018 5056 28 5 —
3062 5046 34 21 Le
3111 5045 104 26 prendre
3226 5045 34 22 ?,..
3277 5045 33 21 Et
3326 5045 60 21 c'est
3400 5044 17 21 à
3431 5043 49 21 moi
3497 5047 47 21 que

2991 5081 61 15 vous
3069 5076 64 20 dites
3149 5075 54 21 cela
3213 5076 13 20 ?

3017 5116 30 5 —
3068 5106 126 25 Pourquoi
3215 5110 61 15 vous
3306 5105 24 20 le
3360 5102 160 25 cacherais-je
3530 5101 12 21 ?

2991 5135 64 22 Mais
3069 5135 100 21 écoutez
3178 5135 35 22 ?...
3225 5135 51 21 Moi
3289 5135 86 20 contre
3389 5133 154 22 Fantômas...

2991 5166 60 20 c'est
3075 5165 57 21 bien
3142 5165 7 21 !
3176 5165 65 21 C'est
3264 5169 49 16 une
3336 5164 64 23 lutte
3425 5163 119 21 d'homme

2991 5195 86 21 contre
3095 5196 119 20 homme...
3233 5194 78 21 Hélas
3322 5194 6 21 !
3350 5194 18 21 II
3383 5199 18 20 y
3417 5200 16 15 a
3451 5192 53 25 pire
3514 5190 30 21 !...

2991 5226 22 20 A
3028 5225 62 21 bord
3103 5225 31 20 de
3149 5229 28 17 ce
3194 5224 98 21 camion
3305 5235 30 4 —
3346 5228 62 17 vous
3423 5226 75 17 venez
3514 5220 30 21 de

2991 5255 21 23 le
3025 5255 53 21 dire
3086 5265 30 5 —
3126 5253 95 23 Hélène
3235 5254 39 21 est
3285 5253 112 22 cachée...
3409 5250 135 23 Entendez-

2991 5289 62 16 vous
3069 5290 28 16 ce
3115 5289 47 21 que
3179 5284 54 21 cela
3247 5283 101 26 signifie
3357 5284 14 21 ?
3386 5283 67 20 Pour
3468 5280 77 21 lutter

2991 5314 86 22 contre
3094 5314 59 24 mol,
3169 5313 136 21 Fantômas
3324 5318 62 16 aura
3403 5316 34 16 un
3452 5310 73 25 otage
3536 5316 6 15 :

2990 5350 29 17 sa
3032 5344 53 21 fille
3096 5344 29 21 !...
3136 5344 40 20 Eh
3189 5343 57 21 bien
3256 5344 7 20 !
3278 5343 120 23 Madame,
3412 5341 21 21 si
3445 5340 25 26 Je
3482 5345 62 16 vous

2991 5375 24 20 ai
3042 5373 120 22 demandé
3186 5374 30 20 de
3237 5373 77 24 venir,
3337 5372 59 22 c'est
3418 5374 48 22 que
3486 5371 59 24 mol,

2991 5409 64 20 pour
3073 5405 77 20 lutter
3170 5403 86 21 contre
3276 5402 142 23 Fantômas,
3437 5400 26 25 je
3481 5405 65 16 veux

2992 5435 68 20 aussi
3079 5434 71 20 avoir
3168 5438 33 16 un
3220 5433 72 26 otage
3312 5437 16 21 <l
3329 5437 16 15 u
3346 5432 8 20 l
3372 5430 34 21 luI
3424 5430 36 21 s0|
3461 5432 12 21 t
3491 5434 16 21 P
3509 5435 12 15 r
3522 5429 24 22 *"

2992 5463 92 22 cleux...
3101 5464 68 21 Vous
3180 5463 6 21 !

3020 5494 41 24 Or,
3083 5494 64 21 Juve
3170 5492 93 25 n'avait
3287 5491 69 27 point
3377 5488 69 28 parlé
3471 5490 75 25 qu'un

2991 5523 51 21 rire
3059 5522 149 25 discordant,
3225 5526 34 17 un
3274 5522 50 24 rire
3339 5520 91 24 atroce,
3445 5525 35 17 un
3495 5520 51 22 rire

2992 5553 41 25 qui
3059 5552 61 22 était
3142 5557 35 17 un
3200 5552 105 25 sanglot,
3329 5549 151 26 s'échappait
3504 5551 43 21 des

2992 5582 80 22 lèvres
3091 5582 30 21 de
3138 5581 58 26 lady
3214 5582 136 21 Beltham...

3018 5612 35 21 Ce
3068 5612 50 20 rire
3135 5612 85 23 atroce
3235 5609 145 28 cependant,
3394 5615 28 16 ce
3438 5610 50 21 rire
3504 5612 43 24 qui

2992 5641 116 22 semblait
3138 5642 128 21 confesser
3286 5647 47 16 une
3356 5638 120 24 véritable
3508 5640 31 22 dé-

2993 5672 86 23 tresse,
3096 5676 35 15 un
3151 5670 126 27 désespoir
3295 5674 58 18 sans
3371 5669 86 26 limite,
3476 5675 72 17 cessa

2990 5703 65 21 net...

3020 5731 69 28 Lady
3112 5731 123 25 Beltham,
3256 5736 27 16 se
3306 5728 150 27 redressant,
3481 5731 59 20 tour-

2993 5761 53 21 nait
3063 5767 48 16 eon
3131 5761 86 27 visage
3237 5761 50 26 pâli
3306 5764 57 18 vers
3383 5765 46 17 son
3449 5765 90 23 compa-

2992 5796 67 24 gnon
3068 5796 12 20 ;

3591 4873 29 5 —
3639 4863 67 20 Vous
3728 4865 60 16 avez
3809 4860 88 22 trouvé
3918 4862 55 21 cela
3983 4862 12 21 ?
4021 4862 88 21 deman-

3564 4891 115 22 dait-elle.

3591 4922 22 20 II
3631 4927 18 20 y
3664 4920 68 23 avait
3750 4921 62 20 dans
3829 4925 45 17 son
3893 4920 45 23 ton
3956 4926 95 18 comme
4069 4927 50 16 une

3564 4950 125 26 moquerie
3706 4949 141 22 dissimulée
3857 4951 7 21 !

3590 4992 29 5 —
3632 4980 54 24 Oui,
3702 4980 116 21 Madame
3828 4981 6 20 !
3852 4982 120 20 reconnut
3987 4982 63 21 Juve
4071 4982 47 21 J'ai

3565 5009 99 22 inventé
3683 5010 53 20 ceci
3746 5015 7 16 :
3775 5010 138 24 Fantômas
3932 5016 27 16 se
3976 5012 81 24 jetant
4076 5016 44 16 sur

3563 5039 101 25 Hélène,
3681 5041 136 24 menaçant
3834 5042 31 21 de
3884 5042 25 20 la
3925 5043 63 22 tuer,
4005 5042 22 21 si
4044 5042 24 25 je
4087 5046 32 16 ne

3564 5070 23 20 le
3606 5069 98 21 laissais
3722 5070 127 24 s'enfuir...
3867 5072 48 21 J'ai
3934 5070 76 27 pensé
4029 5072 91 24 qu'une

3564 5099 126 25 identique
3704 5104 104 18 menace
3824 5101 143 26 paraissant
3983 5106 59 16 vous
4058 5103 53 20 met-

3561 5130 38 21 tre
3611 5135 31 16 en
3654 5128 69 27 péril,
3732 5130 23 24 le
3767 5129 184 23 désarmerait...
3964 5131 80 26 Otage
4057 5135 63 21 pour

3564 5160 74 24 otage
3648 5160 7 21 !

3592 5189 65 21 Mais
3682 5190 59 27 lady
3764 5190 115 22 Beltham
3903 5191 111 20 secouait
4044 5190 68 22 lente-

3565 5221 70 21 ment
3650 5220 26 22 la
3692 5220 52 22 tête
3755 5226 6 16 :

3591 5259 30 6 —
3638 5249 87 22 Allons
3747 5250 70 25 donc,
3838 5250 64 22 Juve
3911 5250 30 22 !..
3961 5250 40 22 Ui»
4023 5251 34 21 tel
4080 5255 31 17 en-

3566 5279 131 26 fantillage
3715 5281 30 20 de
3764 5281 70 21 votre
3852 5281 56 25 part
3919 5281 36 22 ?..

3593 5310 55 20 Elle
3666 5311 39 24 fit,
3723 5311 161 22 douloureuse
3895 5316 7 16 :

3592 5350 29 5 —
3637 5339 143 27 Fantômas,
3796 5340 107 24 d'abord,
3920 5346 31 16 ne
3967 5345 27 16 se
4010 5340 102 21 sacrifie-

3566 5369 51 21 rait
3637 5375 47 20 pas
3704 5374 63 21 pour
3787 5370 70 21 moi..
3878 5370 30 24 Je
3927 5370 102 22 l'aime...
4050 5370 53 21 Soit
4112 5371 7 20 !

3567 5400 162 24 Croyez-vous
3750 5405 48 19 que
3818 5399 35 21 lui
3870 5399 108 22 m'adore
3988 5400 13 21 ?

3594 5429 55 21 Elle
3665 5430 114 21 haussait
3795 5434 40 16 ses
3853 5429 72 26 Jolies
3941 5429 122 26 épaules...

3595 5460 56 24 Oh.!
3666 5459 27 23 la
3706 5458 111 22 détresse
3832 5460 25 21 et
3871 5460 25 22 la
3908 5459 91 22 misère
4013 5459 31 22 de
4057 5460 64 21 cette

3567 5494 147 16 amoureuse
3729 5489 94 25 étaient
3838 5489 58 22 bien
3911 5490 101 21 Infinies
4022 5490 30 22 !..

3595 5520 46 21 Cet
3662 5524 89 17 amour
3769 5519 88 26 qu'elle
3878 5520 94 25 portait
3991 5525 34 17 au
4047 5525 75 20 cœur,

3568 5549 46 23 elle
3633 5549 24 22 le
3676 5549 168 22 maudissait-
3862 5550 38 22 Ne
3920 5543 137 28 savait-elle
4077 5555 45 21 pas

3568 5579 59 26 qu'il
3640 5578 89 23 n'était
3742 5580 57 25 plus
3816 5579 163 23 entièrement
3994 5578 104 28 partagé
4109 5579 13 22 ?

3594 5621 30 5 —
3645 5610 122 25 Madame,
3789 5610 33 21 fit
3843 5610 136 22 lentement
3999 5611 71 24 Juve,
4092 5616 31 16 en

3569 5641 40 21 cet
3621 5640 102 25 instant,
3735 5645 62 17 vous
3808 5641 105 21 insultez
3926 5641 63 21 celui
4002 5645 47 21 que
4062 5645 61 16 vous

3568 5671 80 20 aimez
3658 5670 30 22 !..
3709 5669 166 26 Vous-même,
3899 5675 62 17 vous
3985 5671 138 25 proclames

3569 5705 47 20 que
3632 5696 136 25 Fantômas
3782 5700 39 22 est
3834 5706 35 17 un
3884 5701 110 21 monstre
4004 5700 37 21 !._

3596 5730 65 23 Mais
3673 5730 58 28 lady
3744 5730 115 24 Beltham
3872 5736 32 16 ne
3918 5730 95 22 voulait
4027 5735 46 20 pas
4088 5729 27 23 ré-

3573 5762 103 27 pondre,

3927 5791 39 25 (A
3985 5793 108 21 jim-re./
