4042 5710
524 206 59 67 :\

80 256 67 59 La
158 254 223 59 Dernière
396 252 153 59 Heure

89 349 148 30 n'accepte,
272 351 166 27 moyennant
471 355 70 22 paye-

92 395 73 22 ment
191 387 83 27 direct
301 396 36 17 on
363 386 120 30 indirect,
500 393 52 23 que

92 429 25 26 la
148 426 128 32 publicité
307 424 187 28 commerciale
526 428 26 23 et

93 467 144 26 financière
280 466 125 30 indiquée
446 472 107 18 comme

92 508 62 27 telle
173 516 35 17 au
230 506 109 30 lecteur,
352 514 48 22 par
422 513 35 17 un
479 503 73 30 signe

94 546 138 30 distinctif,
248 546 112 26 numéro
384 543 109 27 d'ordre
517 550 36 17 ou

95 585 119 26 mention
231 595 11 13 o
261 582 188 31 communiqué
466 591 24 16 ».

692 184 297 265 La
1072 180 1049 269 Dernière

855 485 80 40 LE
979 485 156 40 PLUS
1181 484 221 40 GRAND
1440 482 305 40 JOURNAL
1786 480 211 45 BELGE,
2043 481 78 40 LE
2167 482 206 40 MIEUX
2425 474 360 46 RENSEIGNÉ

1453 541 213 30 BRUXELLES
1681 557 31 8 -
1730 541 47 32 52,
1797 539 74 29 RUE
1888 538 53 29 DU
1959 538 213 31 PONT-NEUF

3034 338 229 81 EDITION

3054 430 181 63 MATIN

3037 502 24 37 J
3060 502 195 74 TnT*

55 627 65 59 v..

667 636 86 31 30«
771 632 157 38 ANNÉE
948 656 35 7 -
1008 638 43 31 N°
1071 637 49 32 87

1773 636 110 39 JEUDI
1906 635 37 31 28
1964 635 116 32 MARS
2105 636 71 32 1935

2690 636 56 32 LE
2771 628 196 39 NUMÉRO
2988 631 50 32 30
3056 629 238 34 CENTIMES

3383 553 541 50 PETITX5ANN0HCE5

3382 606 330 48 «ieLaUernière
3723 603 163 49 Heure
3906 613 13 46 \

132 772 38 27 LE
194 771 84 27 JOUR
304 770 42 26 DU
372 767 143 29 MEDECIN

95 840 78 50 LE
209 836 269 52 REMEDE
511 834 45 47 A

108 908 122 45 L'ÉPID
231 906 92 45 ÉMIE
347 912 67 38 GRI
413 908 123 40 PPALE

87 986 52 33 J'ai
154 986 84 27 décrit
254 986 24 27 le
293 985 132 27 caractère
441 980 99 28 double
556 987 33 20 de

56 1022 27 28 la
97 1024 101 30 grippe.
218 1022 6 25 I
232 1024 9 10 °
253 1021 100 27 double
367 1019 66 27 dans
445 1027 49 16 son
508 1027 73 21 appa-

57 1060 79 26 rition
154 1069 34 16 en
206 1057 70 27 deux
295 1066 105 22 vagues,
420 1053 25 28 la
460 1054 132 31 première

58 1095 35 26 d"
106 1096 72 25 virus
192 1093 103 32 grippal
309 1093 63 28 vrai,
388 1090 25 26 la
426 1089 118 27 seconde
558 1089 35 26 de

58 1140 105 23 germes
201 1129 35 28 de
274 1127 114 28 maladie
424 1124 169 33 pulmonaire

58 1173 102 20 venant
177 1166 138 27 s'associer
333 1173 34 16 au
386 1163 72 26 virus
476 1160 115 33 grippal;

59 1201 29 27 2°
104 1202 100 26 double
223 1201 67 26 dans
307 1210 42 16 ses
367 1199 176 31 symptômes,
560 1208 34 16 en

59 1237 72 27 deux
178 1236 124 33 périodes
349 1234 246 27 d'envahissement

59 1273 105 32 grippal
208 1271 113 28 d'abord
365 1277 27 20 et
436 1270 159 27 d'infection

59 1309 166 32 bronchique
242 1318 34 16 ou
294 1307 169 32 pulmonaire
480 1307 113 28 ensuite;

61 1343 28 28 i°
103 1344 99 27 double
217 1343 67 27 dans
299 1353 49 17 son
365 1343 82 26 mode
463 1342 34 27 de
513 1349 72 19 trans-

60 1382 118 27 mission,
204 1379 25 26 la
250 1380 93 30 "lippe
368 1386 122 24 pouvant
514 1385 72 19 trans-

60 1423 104 24 mettre,
179 1417 52 26 soit
245 1425 50 16 son
310 1416 79 28 virus,
402 1416 52 25 soit
468 1413 24 28 le
507 1424 90 21 germe

59 1452 36 27 de
112 1463 42 16 ses
171 1450 119 28 troubles
307 1450 190 32 pulmonaires.

91 1490 50 32 J'ai
163 1490 38 27 dit
221 1492 69 24 aussi
311 1500 52 22 que
382 1490 90 26 c'était
491 1500 48 21 par
559 1488 39 28 les

60 1525 70 29 fines
142 1526 172 32 gouttelettes
327 1526 35 26 de
376 1525 84 28 salive
475 1524 64 32 qu'il
554 1535 33 16 ex-

60 1561 99 33 pulsait
181 1573 34 16 en
240 1568 120 21 toussant
382 1572 52 21 que
458 1560 25 27 le
505 1561 93 31 grippé

62 1598 113 27 donnait
192 1610 29 16 sa
243 1597 117 27 maladie
382 1608 33 16 au
437 1598 85 25 voisin
544 1597 53 31 qui.

61 1644 34 17 en
111 1636 119 29 aspirant
245 1641 28 20 et
288 1634 121 26 inhalant
424 1643 45 17 ces
484 1639 104 25 particu-

62 1669 39 28 les
124 1669 137 29 infectées,
285 1669 144 28 s'infectait
453 1668 145 27 lui-même.

94 1709 115 27 Comme
229 1710 25 26 le
275 1711 71 25 virus
366 1709 34 28 de
417 1708 25 27 la
463 1707 134 32 rougeole,

63 1745 25 27 le
101 1747 72 26 virus
186 1745 35 27 de
234 1745 25 26 la
273 1746 94 30 grippe
379 1751 40 20 est
430 1745 52 25 très
496 1743 101 31 fragile.

63 1780 40 28 En
120 1781 99 27 dehors
234 1781 37 26 du
287 1780 90 27 milieu
392 1780 117 29 humain,
527 1778 17 27 il
561 1780 36 25 vit

63 1818 17 25 à
99 1818 80 30 peine
199 1815 128 33 quelques
343 1815 102 26 heures.

94 1855 52 27 Les
164 1861 121 21 contacts
304 1854 97 26 directs
419 1864 49 20 par
484 1853 48 26 des
551 1853 36 25 ob-

61 1890 53 32 jets
129 1891 167 26 contaminés
312 1897 61 20 sont
389 1889 72 26 donc
476 1887 111 27 relative-

62 1932 75 20 ment
157 1936 53 20 peu
231 1925 78 26 actifs
329 1924 68 27 dans
417 1924 26 26 la
464 1924 123 26 transmis-

62 1963 59 25 sion
146 1961 37 26 du
208 1967 122 24 contage.
355 1959 37 28 Le
418 1958 107 28 malade
551 1959 47 26 lui-

62 1999 89 25 même
167 2004 40 19 est
219 2007 62 17 sans
297 1996 82 27 doute
395 1995 100 32 l'agent
511 1994 77 28 exclu-

62 2032 42 32 sif,
123 2043 35 16 ou
174 2033 83 31 quasi,
275 2032 34 27 de
325 2031 27 27 la
368 2032 179 31 propagation
564 2030 35 27 de

63 2068 27 27 la
106 2069 93 31 grippe
217 2078 66 21 pure
301 2067 68 29 dans
386 2067 26 26 la
429 2066 108 33 plupart
552 2066 48 27 des

62 2115 54 18 cas.
133 2104 39 26 Ce
187 2105 45 31 qui
248 2110 40 21 est
303 2104 109 29 certain,
428 2102 67 29 c'est
507 2113 52 21 que
574 2102 26 27 la

63 2141 95 31 grippe
171 2150 36 16 ne
221 2146 65 25 peut
300 2140 153 30 apparaître
467 2138 68 27 dans
548 2148 52 17 une

63 2175 162 33 population
245 2185 52 22 que
312 2176 21 26 si
352 2174 52 27 elle
421 2185 18 21 y
458 2185 16 16 a
493 2175 43 26 été
552 2176 38 24 im-

63 2212 96 31 portée
174 2222 50 21 par
236 2221 36 16 un
288 2210 116 27 malade.

95 2249 73 29 Tout
188 2257 75 20 autre
283 2257 40 20 est
343 2249 26 27 la
389 2250 143 26 résistance
554 2250 48 25 des

64 2296 104 21 germes
183 2287 117 26 associés
311 2296 35 16 au
360 2286 78 27 virus.
454 2284 51 28 Les
519 2291 72 25 strep-

63 2330 140 23 tocoques,
221 2320 235 33 staphylocoques,
472 2331 120 21 pneumo-

63 2367 110 22 coques,
199 2356 158 27 demeurent
380 2358 54 25 très
457 2357 144 29 résistants,

65 2401 37 16 on
115 2390 25 27 le
154 2391 59 28 sait,
226 2400 34 16 au
274 2389 90 27 milieu
378 2390 139 26 extérieur.
534 2389 58 27 Aus-

65 2424 30 28 si,
126 2422 28 27 la
182 2424 145 30 contagion
359 2422 137 29 indirecte,
525 2421 77 27 c'est-

64 2455 86 27 à-dire
161 2465 49 22 par
221 2455 39 27 les
271 2455 88 31 objets
370 2454 35 27 de
415 2454 112 31 toilette,
539 2461 61 23 etc.,

64 2488 110 27 souillés
191 2488 35 26 de
242 2499 45 15 ces
303 2487 128 28 satellites
446 2487 155 29 infectieux,

65 2531 107 17 comme
190 2520 39 27 dit
246 2520 117 29 Delater,
378 2527 40 20 est
435 2519 72 27 donc
523 2530 69 21 capa-

65 2553 46 28 ble
124 2553 35 27 de
173 2552 144 32 multiplier
330 2552 38 28 les
381 2552 92 32 foyers
485 2552 35 27 de
532 2552 59 27 loca-

65 2585 107 28 lisation
193 2586 168 31 pulmonaire
381 2592 59 20 tout
460 2587 16 24 à
496 2585 50 28 fait
565 2587 27 24 in-

66 2619 173 31 dépendante
256 2618 35 27 de
305 2619 26 26 la
348 2620 102 30 grippe.

96 2657 52 28 Les
173 2658 122 26 crachats
321 2656 125 28 soulevés
472 2667 67 17 avec
564 2657 40 27 les

65 2692 158 31 poussières,
244 2691 26 26 le
288 2690 71 31 linge
380 2690 34 27 de
432 2700 88 21 corps,
540 2696 62 23 etc.,

64 2730 104 20 surtout
182 2723 69 27 dans
265 2723 39 27 les
318 2723 139 31 hôpitaux,
474 2730 128 24 pourront

66 2756 72 27 donc
157 2757 77 30 jouer
251 2766 36 16 un
309 2755 85 32 grand
414 2755 57 27 rôle
488 2755 68 27 dans
577 2755 25 26 la

65 2791 184 25 transmission
274 2789 129 26 indirecte
428 2788 48 27 des
500 2798 103 21 germes

65 2823 125 26 associés.

95 2861 38 27 Le
147 2861 111 27 docteur
272 2861 108 26 Monart
393 2866 135 26 rapporte,
542 2870 16 15 a
571 2870 31 16 ce

64 2895 77 29 sujet,
153 2904 36 16 un
200 2893 49 27 fait
259 2894 136 28 saisissant
406 2893 67 26 dans
483 2892 26 27 la
524 2903 12 14 n
550 2891 40 27 Re-

65 2936 52 17 vue
135 2926 37 28 de
190 2926 147 31 rH)Bcgiène
345 2936 35 16 -».
403 2939 4 8 ,
426 2941 10 4 -
460 2939 11 4 -
578 2946 23 10 ._

95 2964 46 27 Un
154 2964 93 31 Corse',
262 2970 120 20 rentrant
396 2963 35 27 de
445 2963 74 27 Paris
534 2973 57 21 grip-

65 2998 46 30 pé,
132 2998 63 30 près
216 2996 152 31 d'Ajaccio,
390 3002 87 20 meurt
497 2995 26 27 le
540 2997 52 29 troi-

66 3030 85 25 sième
173 3030 68 29 jour.
263 3028 56 27 Son
338 3028 117 27 cadavre
478 3035 40 19 est
539 3039 53 15 con-

65 3062 79 30 servé
163 3072 34 16 en
216 3061 74 27 bière
309 3072 34 16 en
362 3060 140 29 attendant
522 3060 70 27 l'arri-

66 3096 51 25 vée
144 3094 48 27 des
218 3094 122 31 proches.
368 3093 37 27 Le
428 3094 113 26 cercueil
564 3101 40 19 est

66 3127 72 27 alors
152 3133 104 20 ouvert.
271 3126 112 27 Suivant
397 3126 27 27 la
438 3126 82 27 mode
534 3132 59 20 atro-

65 3171 32 16 ce
117 3159 37 27 du
170 3170 76 21 pays,
266 3170 36 15 on
321 3170 28 16 se
368 3160 130 30 précipite
516 3169 45 17 sur
579 3159 24 26 le

67 3192 96 27 défunt
179 3202 69 22 pour
264 3191 181 27 l'embrasser!
459 3191 71 27 Neuf
545 3201 49 21 per-

65 3235 100 17 sonnes
186 3224 176 28 succombent
383 3223 129 33 quelques
532 3225 72 29 jours

66 3260 87 30 après.

98 3304 27 26 A
144 3303 110 31 l'église,
276 3303 26 26 la
323 3302 137 32 dépouille
479 3303 125 30 séjourne

66 3335 25 28 le
103 3344 88 23 temps
204 3336 35 26 de
251 3335 103 27 l'office
365 3334 135 33 religieux.
515 3335 88 31 Après

66 3379 49 17 son
137 3369 104 31 départ,
263 3379 52 16 une
335 3368 83 30 foule,
439 3378 69 22 pour
527 3369 65 25 assis-

67 3408 40 21 ter
122 3403 14 25 à
152 3412 53 17 une
220 3401 56 27 fête
291 3400 146 32 religieuse,
453 3400 110 28 envahit
578 3400 23 27 le

67 3433 101 32 temple
190 3435 36 25 où
247 3435 112 30 persiste
379 3444 53 17 une
453 3433 85 27 odeur
555 3443 38 21 pu-

67 3467 69 27 tride
156 3478 7 15 :
182 3467 71 26 deux
267 3474 63 20 cent
346 3468 143 29 cinquante
507 3466 35 27 de
558 3476 45 16 ces

67 3509 147 22 personnes
236 3507 62 20 sont
320 3499 125 27 atteintes
467 3498 34 27 de
524 3498 68 26 bron-

66 3532 238 32 cho-pneumonie.

97 3577 77 27 Telle
192 3585 40 21 est
254 3577 26 27 la
301 3578 142 30 puiftance
465 3576 35 26 de
521 3583 72 20 trans-

68 3612 109 25 mission
198 3610 48 27 des
266 3620 105 22 germes
390 3610 116 25 associés
523 3608 35 27 de
578 3608 25 27 la

68 3644 101 30 grippe.

99 3687 38 27 La
151 3689 156 30 réceptivité
323 3687 49 27 des
386 3686 135 29 dernières
536 3687 57 30 grip-

67 3729 49 23 pes
137 3729 40 19 est
198 3731 120 21 apparue
339 3721 17 25 à
374 3729 53 22 peu
449 3720 61 30 près
529 3719 75 31 égale

68 3763 67 21 pour
163 3759 59 21 tout
250 3753 25 27 le
304 3749 110 30 monde.
444 3751 90 27 Chose
560 3762 33 16 cu-

67 3787 93 28 rieuse,
175 3785 156 31 l'épidémie
344 3785 35 27 de
398 3784 71 27 1918
483 3785 122 30 atteignit

67 3825 103 20 surtout
207 3818 39 27 les
279 3817 136 27 individus
451 3816 154 27 considérés

67 3861 107 16 comme
191 3850 38 27 les
248 3849 61 32 plus
327 3851 144 28 résistants,
493 3849 38 27 les
549 3850 44 30 jeu-

66 3893 51 16 nes
130 3893 64 21 gens
208 3882 34 27 de
257 3883 74 30 vingt
344 3884 16 24 à
373 3883 158 30 trente-cinq
546 3893 56 19 ans,

66 3923 28 20 et
108 3915 39 27 les
161 3926 46 16 cas
221 3915 38 27 les
273 3915 61 31 plus
348 3925 94 21 graves
454 3914 88 28 furent
557 3914 36 27 ob-

67 3949 90 26 servés
181 3958 44 17 sur
249 3947 49 29 des
321 3948 82 30 sujets
427 3949 16 24 à
466 3948 82 30 partir
569 3947 34 26 de

68 3981 86 27 douze
170 3991 56 16 ans.

98 4018 167 33 L'épidémie
297 4019 35 27 de
366 4019 6 25 1
381 4017 65 30 889,
477 4029 33 16 au
541 4028 52 17 con-

71 4053 83 29 traire,
168 4054 73 27 avait
254 4058 104 25 surtout
370 4053 96 25 atteint
478 4051 38 27 les
529 4050 63 27 débi-

69 4082 58 30 lités
150 4091 26 21 et
200 4085 39 27 les
263 4084 144 30 vieillards,
433 4094 107 17 comme
565 4083 39 27 les

68 4118 160 30 statistiques
247 4117 131 31 anglaises
400 4117 67 27 l'ont
487 4117 114 26 montré.

99 4149 44 26 On
158 4160 16 14 a
189 4150 152 30 cependant
356 4150 114 27 observé
486 4149 115 27 d'abord

68 4190 54 17 une
134 4182 142 25 résistance
292 4185 107 28 acquise
414 4194 48 20 par
475 4193 53 16 une
543 4193 48 21 pre-

68 4214 83 25 mière
164 4213 119 28 atteinte,
297 4216 44 27 qui
354 4217 109 27 pouvait
476 4226 28 17 se
518 4216 72 26 main-

70 4246 68 25 tenir
160 4244 130 32 plusieurs
313 4247 76 26 mois;
415 4249 109 30 ensuite,
549 4259 52 15 une

70 4279 143 25 résistance
231 4276 110 27 relative
359 4279 16 23 à
390 4278 25 27 la
433 4281 91 30 grippe
543 4281 47 31 pré-

71 4311 89 28 sentée
176 4321 49 20 par
245 4309 39 27 les
303 4308 120 28 malades
442 4314 106 25 atteints
567 4313 34 27 de

73 4341 146 31 paludisme
244 4349 27 20 et
295 4348 103 21 surtout
421 4342 38 27 les
483 4344 107 27 tubercu-

75 4370 66 31 leux.

107 4417 104 30 D'autre
237 4427 68 25 part,
329 4421 27 25 ni
380 4418 25 27 la
430 4421 75 24 santé
530 4420 61 27 habi-

76 4450 84 32 tuelle,
176 4456 26 24 ni
219 4453 78 32 l'âge,
314 4454 27 25 ni
359 4461 86 18 aucun
460 4458 73 20 autre
550 4452 43 27 fac-

75 4487 63 28 teur,
163 4485 75 28 n'ont
262 4485 104 28 semblé
392 4491 119 20 montrer
533 4484 71 27 d'ac-

47 4534 7 9 i
73 4517 54 26 tion
149 4517 164 28 favorisante
336 4524 93 21 contre
453 4516 26 27 la
502 4518 101 30 grippe,

46 4547 15 19 *
74 4547 36 29 les
130 4551 84 27 riches
234 4562 107 16 comme
364 4550 38 27 les
420 4559 124 22 pauvres,
567 4549 38 27 les

74 4579 57 30 bien
145 4594 106 16 comme
265 4583 38 27 les
315 4583 53 27 mal
382 4583 111 28 nourris,
508 4581 35 27 lui
558 4590 46 19 ont

75 4613 144 32 également
242 4617 70 30 payé
332 4616 56 26 leur
411 4614 90 28 tribut.

102 4652 31 28 Ni
146 4654 38 27 les
197 4656 104 26 saisons
314 4657 26 24 ni
355 4654 38 28 les
407 4653 197 32 perturbations

73 4687 227 32 atmosphériques
324 4686 77 27 n'ont
423 4687 113 29 montré,
561 4696 43 17 sur

72 4715 152 32 l'évolution
248 4720 34 27 de
305 4719 163 31 l'épidémie,
492 4729 52 16 une
567 4720 26 25 in-

73 4748 101 31 fluence
193 4752 177 32 quelconque.

102 4787 102 35 Hirsch,
219 4802 43 16 sur
276 4798 63 20 cent
351 4791 146 30 vingt-cinq
512 4790 81 31 épidé-

73 4822 71 29 mies,
157 4833 16 16 a
184 4826 64 25 noté
260 4826 17 25 à
289 4825 80 31 peine
381 4833 53 16 une
447 4822 87 32 légère
545 4824 47 30 pré-

74 4852 155 31 dominance
248 4857 49 27 des
314 4857 134 27 éclosions
467 4866 33 16 en
519 4855 82 27 hiver.

102 4892 37 28 La
155 4896 93 31 grippe
267 4895 34 28 de
326 4895 104 27 1918a
447 4895 56 26 sévi
522 4896 16 24 à
553 4905 48 17 son

74 4928 140 25 maximum
239 4939 34 16 en
298 4928 101 27 France
421 4937 48 22 par
495 4926 24 27 le
544 4927 58 31 plus

73 4955 65 30 beau
153 4966 95 25 temps.

102 4996 40 28 De
163 4999 96 28 même,
281 4999 16 26 il
316 4999 57 29 faut
394 5001 68 25 tenir
482 5009 68 21 pour
567 4998 25 27 lé-

75 5030 120 28 gendaire
211 5031 184 28 l'affirmation
411 5042 52 22 que
478 5042 31 16 ce
523 5032 79 26 serait

74 5059 60 30 chez
153 5063 39 29 les
213 5065 123 27 vaccinés
356 5062 247 34 antityphoïdiques

75 5101 30 21 Q"
117 5105 34 17 on
173 5099 85 24 aurait
280 5099 139 30 remarqué
441 5097 24 27 le
487 5096 60 32 plus
569 5096 33 27 de

77 5123 72 31 décès
169 5139 48 21 par
237 5130 93 30 grippe
346 5141 33 15 en
404 5129 81 28 1921.

103 5163 48 30 Les
171 5167 110 27 chiffres
301 5169 66 26 cités
387 5179 48 21 p.--
455 5168 148 32 Jacquepie

80 5202 123 38 "Jontrent
219 5210 51 22 que
285 5200 26 28 la
324 5200 202 33 thérapeutique
539 5208 64 24 peut

80 5229 106 30 abaisser
207 5233 34 27 de
263 5235 92 25 moitié
377 5233 24 28 le
422 5240 181 25 pourcentage

80 5259 28 28 de
123 5263 25 27 la
165 5265 141 28 mortalité.

106 5306 69 30 Dans
194 5311 24 26 le
237 5312 160 30 traitement,
417 5311 109 27 Delater
544 5312 48 31 pré-

79 5342 82 26 conise
178 5342 158 28 fermement
356 5343 24 27 le
400 5353 61 22 port
481 5344 37 27 du
535 5355 57 16 mas-

80 5376 46 23 que
142 5374 15 25 à
174 5385 47 21 gaz
239 5386 67 20 pour
324 5376 24 27 le
366 5377 107 28 malade
490 5385 27 19 et
535 5387 68 22 pour

80 5403 54 27 tous
147 5417 64 16 ceux
226 5409 44 30 qui
286 5408 194 33 l'approchent,
496 5410 56 27 afin
568 5410 35 26 de

82 5437 116 29 Oirnimie.
218 5440 38 27 les
271 5441 100 30 risques
387 5441 157 28 d'infection
558 5443 44 31 qui

82 5471 109 27 Joignent
210 5472 25 27 la
255 5475 162 29 pneumonie
436 5475 15 25 à
467 5474 26 27 la
509 5476 93 30 grippe

83 5504 59 22 Pute
156 5511 25 21 et
196 5504 103 32 simple.

285 5549 40 27 Dr
344 5550 78 26 Louis
443 5551 128 27 Delattre.

610 762 261 75 HITLER
933 763 80 74 SE
1064 762 256 75 SERAIT
1375 761 319 75 EFFORCE

738 871 434 49 D'ATTEINDRE
1205 871 81 47 LA
1315 869 257 49 FRANCE

738 952 44 45 A
817 949 342 48 TRAVERS
1195 949 86 47 LA
1317 947 254 49 RUSSIE

1337 1027 22 9 ■"■C
1358 1027 88 8 m**********-*

614 1084 164 39 MOSCOU
802 1085 213 37 ACCUEILLE
1039 1083 142 39 COMME
1197 1083 53 38 UN
1266 1075 177 46 PRÉLUDE
1464 1082 234 39 FAVORABLE

759 1144 82 38 AUX
867 1143 323 39 CONVERSATIONS
1214 1143 45 38 LE
1283 1134 267 48 COMMUNIOUÉ

704 1205 68 44 QUI
795 1206 29 36 A
847 1204 68 38 MIS
938 1205 61 37 FIN
1024 1204 82 38 AUX
1130 1203 235 38 ENTRETIENS
1399 1203 50 37 DE
1473 1202 137 38 BERLIN

1719 760 111 48 LES
1865 758 385 51 INTENTIONS

1790 831 73 48 DU
1909 829 272 50 NOUVEAU

1791 900 392 49 GOUVERNEMENT

646 1988 33 21 La
699 1988 62 21 fonle
781 1989 86 20 devant
883 1989 22 20 le
924 1987 119 21 ministère
1063 1988 40 20 des
1123 1987 103 21 Affaires
1241 1986 132 25 étrangères
1388 1987 16 21 à
1420 1987 86 24 Berlin,
1522 1988 104 24 pendant
1640 1987 21 20 le

862 2014 102 24 banquet
981 2013 72 21 offert
1067 2018 45 15 aux
1130 2012 118 21 ministres
1264 2013 97 24 anglais.
1377 2023 26 4 —
1417 2013 27 21 B.

660 2092 38 31 CE
717 2092 65 36 QUE
795 2092 86 32 VEUT
900 2091 219 32 L'ALLEMAGNE

647 2155 108 23 Londres,
772 2156 26 20 27
813 2159 69 17 mars.
898 2165 28 6 —
941 2154 111 25 L'envoyé
1070 2154 84 25 speècial

622 2180 33 21 du
674 2189 8 9 e,
701 2180 70 24 Daily
787 2180 130 25 Telegraph
937 2189 8 9 ■
962 2180 16 21 à
996 2180 85 22 Berlin,
1099 2184 43 20 rap-

623 2206 65 24 porte
705 2210 88 16 comme
809 2206 54 21 suit,
880 2206 22 20 la
919 2205 124 21 substance
1060 2205 40 20 des
1117 2209 25 16 re-

623 2231 159 20 vendications
799 2235 43 20 que
861 2231 21 20 le
900 2230 131 21 chancelier
1048 2230 75 20 Hitler
1141 2234 14 16 a

625 2256 106 24 exposées
740 2256 16 21 k
769 2257 31 19 sir
812 2256 63 20 John
888 2256 81 20 Simon
979 2256 24 20 et
1014 2255 16 21 à
1041 2256 31 20 M
1085 2255 70 20 Eden.

665 2294 17 16 1.
692 2301 24 5 —
727 2294 71 17 Kccalitc
810 2295 23 15 de
844 2293 52 16 force
907 2292 90 17 aérienne
1007 2297 43 11 cevc-c-
1063 2292 19 16 la
1094 2292 53 16 Gran-

644 2319 128 19 de-Bretagne
790 2320 19 15 et
828 2318 19 16 la
865 2318 78 18 France,
962 2322 35 12 son
1015 2318 69 16 niveau
1101 2317 56 16 étant

644 2344 105 16 déterminé
762 2348 35 15 par
811 2343 48 17 celui
874 2344 22 16 de
908 2344 20 15 la
943 2343 67 16 Rossle
1024 2342 111 20 soviétique!

665 2369 17 16 2.
692 2377 24 5 —
726 2369 55 17 Droit
795 2369 23 16 de
832 2368 88 20 posséder
934 2372 38 12 une
986 2368 55 16 flotte
1053 2368 23 16 de
1090 2368 67 19 quatre

644 2395 44 16 eent
700 2394 52 16 mille
764 2395 75 17 tonnes,
851 2394 32 19 qui
896 2393 102 17 donnerait
1011 2393 12 16 à
1035 2393 122 19 l'Allemagne

643 2424 27 12 un
690 2422 83 16 connaît
793 2419 67 17 double
880 2419 23 16 de
923 2419 48 16 celui
991 2423 36 15 que
1046 2419 19 16 la
1085 2419 71 15 France

645 2445 78 19 possède
736 2444 75 20 d'après
825 2445 18 18 le
855 2443 59 18 traité
929 2444 23 16 de
967 2444 133 19 Washington;

665 2470 17 16 S.
693 2477 23 5 —
726 2469 86 17 Béunion
825 2469 22 16 de
858 2470 19 16 la
887 2470 68 15 Prusse
967 2469 92 16 orientale
1071 2469 12 16 à
1095 2469 53 16 l'Alle-

644 2499 69 15 magne
728 2499 34 16 par
776 2495 20 16 la
811 2495 121 19 suppression
948 2495 25 15 du
986 2494 71 16 couloir
1072 2494 85 20 polonais

644 2521 20 16 et
684 2520 118 16 déclaration
824 2519 75 20 d'après
921 2520 81 19 laquelle
1023 2520 20 15 la
1065 2519 92 16 frontière

645 2545 81 16 actuelle
739 2546 23 17 de
774 2545 47 16 l'Est
835 2549 31 13 ne.
872 2545 59 16 serait
945 2549 35 16 pas
994 2546 131 18 permanente;

666 2570 17 17 4.
692 2578 25 5 —
726 2570 120 19 Ajustement
857 2572 23 15 de
892 2571 19 15 la
924 2570 92 16 frontière
1028 2569 119 17 tchécoslova-

644 2599 42 16 que,
703 2596 20 16 et
743 2596 65 15 retour
828 2596 23 15 de
870 2596 89 17 8,1300,000
978 2595 109 16 Allemands
1107 2595 12 16 à
1139 2595 18 16 la

644 2621 133 19 mère-patrie;

666 2646 16 16 5.
693 2653 24 5 —
726 2646 63 16 Union
816 2646 121 19 économique
965 2646 119 18 (Anschluss)
1113 2649 45 13 avec

644 2670 111 17 l'Autriche.

665 2696 131 19 L'Allemagne
812 2700 24 12 ne
853 2696 59 17 serait
928 2695 85 21 disposée
1030 2696 12 16 à
1058 2696 99 16 retourner

644 2720 13 17 k
668 2721 76 17 Genève
755 2722 70 19 qu'une
838 2721 37 16 fols
888 2721 67 20 qu'elle
966 2721 65 17 aurait
1043 2724 44 16 reçu
1100 2721 48 16 satis-

644 2746 74 17 faction
732 2750 32 13 sur
777 2748 43 15 tous
833 2751 31 12 cet
877 2746 70 20 points.
957 2749 23 11 e—
992 2747 76 16 Reuter.

649 2815 101 23 Moscou,
765 2815 27 20 «27
812 2820 67 15 mars.
899 2825 28 5 —
944 2815 32 20 Le
995 2816 161 24 communiqué

623 2841 40 23 qui
679 2845 15 15 a
710 2841 45 20 mis
771 2841 36 20 fin
824 2845 45 15 aux
886 2840 173 21 conversations
1075 2841 81 24 anglo-

623 2865 143 21 allemandes
791 2865 29 21 de
847 2865 78 21 Berlin
951 2870 36 16 est
1014 2866 102 20 accueilli
1141 2865 15 21 à

623 2891 94 20 Moscou
733 2895 88 15 comme
838 2895 34 16 un
887 2890 95 25 prélude
999 2890 47 20 très
1062 2892 79 18 favora-

624 2915 34 21 ble
679 2920 46 16 aux
742 2916 174 20 conversations
931 2920 44 20 que
993 2920 30 16 va
1043 2915 65 21 avoir
1126 2916 31 20 ici

617 2938 29 23 la
656 2939 51 21 lord
721 2938 32 22 dn
765 2938 75 23 tkeaii
847 2937 73 27 prtvr
924 2937 171 27 BrftifmrfqTJér'
1105 2943 9 4 -
1119 2936 7 5 "

648 2964 39 20 On
703 2964 102 25 souligne
822 2969 43 20 que
881 2964 34 21 les
930 2966 85 19 termes
1031 2969 85 20 vagues
1132 2965 23 20 et

623 2993 49 16 secs
686 2989 31 20 du
730 2989 167 23 communiqué,
913 2989 127 21 contraires
1054 2994 46 16 aux
1111 2989 32 20 ha-

623 3014 84 21 bituels
732 3014 170 24 euphémismes
927 3014 28 20 de
981 3019 26 16 ce
1034 3019 68 20 genre
1128 3015 28 20 de

625 3039 140 21 documents,
780 3039 145 20 dissimulent
939 3039 45 20 mal
1000 3043 45 16 une
1059 3040 85 23 impres-

624 3064 51 20 sion
688 3064 28 21 de
729 3063 122 25 déception
863 3064 62 20 aussi
939 3064 53 20 bien
1006 3064 31 20 du
1048 3064 51 20 côté
1112 3069 31 15 an-

624 3088 58 24 glais
698 3093 43 20 que
756 3089 33 20 du
803 3088 52 21 côté
870 3088 123 21 allemand.

650 3113 81 23 Quant
745 3118 45 15 aux
805 3114 172 20 conversations
991 3118 44 20 que
1049 3118 30 16 va
1095 3119 62 15 avoir

624 3138 16 21 k
658 3139 100 22 Moscou.
774 3139 32 20 M.
825 3138 70 24 Eden,
914 3143 32 16 on
963 3142 70 21 pense
1052 3143 91 16 commu-

625 3162 95 22 nément
737 3168 44 20 que
799 3164 43 20 l'U.
859 3164 28 20 R.
905 3164 23 22 S.
946 3164 24 20 S.
988 3164 91 20 tiendra
1097 3164 14 20 à
1130 3168 26 16 ce

624 3193 44 19 que
684 3193 39 16 ces
738 3189 173 20 conversations
926 3189 95 24 portent
1037 3189 107 20 essentiel-

624 3213 88 21 lement
729 3218 40 16 sur
788 3213 23 21 la
829 3214 113 20 situation
961 3213 150 25 européenne.

650 3238 120 21 Toutefois
780 3238 22 23 41
813 3239 108 20 convient
932 3238 29 21 de
971 3239 88 20 retenir
1068 3243 89 16 comme

624 3267 46 16 une
685 3263 135 24 «indication,
836 3264 24 20 la
876 3264 98 21 citation
990 3264 58 20 faite
1065 3268 44 20 par
1125 3265 32 19 M.

625 3288 86 21 Radek,
727 3288 59 21 dans
801 3288 34 20 les
853 3296 8 10 ■
879 3288 99 21 Izvestia
995 3297 9 10 •
1022 3289 54 20 d'un
1093 3293 52 20 jour-

624 3313 41 20 nal
694 3313 125 20 américain
849 3313 133 25 soulignant
1011 3314 147 20 notamment

624 3338 67 25 qu'en
709 3338 210 24 E«xtrême-Orient,
936 3339 42 20 l'U.
992 3339 28 20 R.
1038 3339 23 22 S.
1079 3339 23 20 S.
1119 3343 25 16 re-

623 3363 107 25 présente
743 3368 59 20 pour
815 3363 156 25 l'Angleterre,
984 3364 77 21 mieux
1075 3368 82 16 encore

623 3392 44 20 que
693 3389 33 20 les
752 3389 144 22 Etats-Unis,
923 3393 46 16 une
996 3389 106 24 garantie
1129 3389 27 20 de

624 3413 55 25 paix
691 3414 26 21 et
730 3414 30 20 de
773 3413 106 21 sécurité.

649 3439 38 20 On
703 3439 56 23 peut
774 3439 60 21 donc
849 3443 83 20 penser
947 3443 43 20 que
1006 3439 21 20 sl
1042 3439 26 20 M
1084 3439 72 20 Lltvl-

624 3467 45 17 nov
688 3463 46 21 fait
751 3464 74 20 valoir
839 3463 15 21 à
873 3465 26 19 M
917 3464 71 23 Eden,
1007 3463 21 21 le
1046 3463 48 21 rôle
1113 3468 43 20 que

624 3489 56 23 peut
697 3488 67 24 jouer
780 3489 43 20 l'U.
840 3489 28 20 R.
887 3489 23 20 S.
927 3489 24 21 S.
968 3493 31 16 en
1016 3489 83 20 faveur
1117 3489 40 20 des

624 3513 97 22 intérêts
741 3513 159 25 britanniques
921 3514 59 21 dans
1000 3514 60 20 cette
1082 3514 74 24 partie

624 3538 30 21 du
673 3538 90 23 monde,
782 3543 30 16 en
831 3539 121 22 revanche,
971 3538 24 21 la
1010 3539 99 24 position
1129 3539 27 21 de

624 3563 42 21 l'U.
679 3564 27 20 R.
720 3564 23 20 S.
756 3563 23 23 S.
792 3563 16 21 à
821 3563 85 25 l'égard
920 3564 40 20 des
974 3563 127 25 problèmes
1115 3568 28 16 eu-

624 3588 97 24 ropéens
741 3589 107 20 trouvera
869 3589 15 20 k
904 3589 101 20 Londres
1026 3593 45 16 une
1093 3594 49 16 com-

625 3613 138 24 préhension
785 3613 51 25 plus
855 3614 85 24 grande
963 3613 80 25 qu'elle
1065 3615 53 19 n'en
1142 3619 14 16 a

624 3638 135 20 rencontrée
774 3639 111 24 jusqu'ici.

650 3664 37 19 Au
711 3662 65 24 total,
799 3668 32 16 on
855 3664 91 24 compte
970 3664 54 20 bien
1048 3665 29 19 ici
1112 3669 44 19 que

625 3687 117 25 l'échange
756 3688 28 20 de
798 3693 55 16 vues
864 3689 39 24 qui
917 3693 28 16 va
959 3690 64 19 avoir
1036 3689 53 23 lieu,
1102 3694 41 20 per-

625 3713 86 20 mettra
737 3713 29 20 de
791 3713 59 20 faire
875 3714 139 24 disparaître
1039 3715 115 20 certaines

625 3737 180 25 appréhensions
824 3743 43 20 que
887 3738 101 21 Londres
1005 3739 91 21 nourrit
1113 3744 30 16 en-

625 3767 52 16 core
695 3763 16 21 k
730 3762 85 25 l'égard
833 3763 29 20 de
881 3763 42 22 l'U.
942 3764 28 20 R.
989 3764 17 20 S
1031 3764 24 20 S.
1073 3765 24 19 et
1112 3769 44 20 que

625 3787 80 21 l'unité
728 3788 29 20 de
780 3792 56 16 vues
859 3788 28 21 de
910 3789 72 21 Pans.
1005 3788 102 21 Londres
1132 3790 24 19 et

625 3812 94 21 Moscou
734 3813 83 20 sortira
832 3813 118 21 renforcée
967 3813 28 21 de
1011 3818 38 16 ces
1061 3818 84 17 conver-

625 3837 94 21 sations.
733 3848 28 4 —
774 3838 84 21 Havas.

666 3868 206 21 CHANGEMENT
889 3868 227 21 D'ATMOSPHÈRE

649 3899 115 23 Varsovie.
778 3899 25 20 27
819 3903 67 16 mars.
900 3909 28 5 —
941 3899 35 20 De
990 3899 101 25 l'envoyé
1106 3900 39 24 spé-

623 3924 44 21 cial
692 3924 28 20 de
744 3925 100 23 l'agence
867 3924 78 21 Havas
969 3925 58 20 dans
1050 3925 21 20 le
1096 3926 61 20 train

623 3949 186 21 Berlin-Moscou
824 3954 6 16 :

649 3976 20 19 A
684 3975 67 24 peine
767 3975 22 20 le
805 3975 62 20 train
882 3974 93 22 avait-il
991 3975 73 24 quitté
1079 3975 77 21 Berlin

623 4000 69 24 qu'un
704 4000 98 24 premier
813 4000 115 21 entretien
939 4000 141 21 s'ébauchait
1092 4001 65 20 entre

624 4025 31 20 M.
666 4025 111 24 Anthony
788 4024 70 25 Eden,
870 4025 50 21 lord
932 4025 31 21 du
975 4030 68 16 sceau
1055 4025 69 25 privé,
1134 4027 23 19 et

623 4049 32 22 M.
670 4050 97 24 Maisky,
779 4050 164 21 ambassadeur
955 4051 29 20 de
996 4051 43 20 l'U.
1055 4052 26 19 R.
1097 4051 22 20 S.
1135 4052 22 19 S.

623 4074 53 25 près
689 4075 24 21 la
729 4076 61 20 Cour
805 4075 165 21 Saint-James.

647 4100 115 24 Quelques
784 4100 102 20 instants
911 4101 73 21 avant
1009 4101 90 23 minuit.
1125 4101 31 20 M.

622 4125 63 22 Eden
701 4129 25 16 se
741 4125 91 20 retirait
847 4126 59 20 dans
922 4130 42 16 son
979 4127 178 23 compartiment

622 4155 29 17 en
674 4150 120 21 déclarant
815 4155 55 16 avec
891 4151 76 20 bonne
990 4151 98 21 humeur
1111 4156 45 15 aux

621 4176 149 24 journalistes
786 4176 39 24 qui
839 4175 163 22 l'entouraient
1021 4181 5 15 :
1046 4184 9 9 «
1072 4177 28 20 je
1116 4176 28 21 de-

622 4201 86 21 mande
721 4202 22 20 le
757 4201 61 21 droit
832 4201 84 21 d'avoir
928 4201 104 21 sommeil
1047 4208 18 15 ■.

648 4227 66 21 Mais,
728 4226 105 25 pendant
846 4227 51 20 tout
909 4226 22 20 le
945 4227 71 23 trajet
1027 4227 38 24 qui
1077 4227 79 24 sépare

620 4252 23 22 la
660 4252 100 25 capitale
777 4251 130 21 allemande
923 4251 30 21 de
969 4252 186 21 Prancfort-sur-

621 4277 83 23 l'Oder.
720 4277 24 21 la
760 4277 160 21 conversation
936 4281 15 15 a
967 4277 108 21 continué
1091 4281 65 16 entre

620 4303 31 20 M.
669 4302 91 24 Maisky
774 4303 24 20 et
815 4307 32 16 un
864 4302 59 22 haut
940 4302 170 21 fonctionnaire
1125 4303 30 20 du

620 4328 97 24 Foreign
729 4327 84 21 Office.

646 4353 19 20 Il
697 4353 86 20 semble
813 4353 59 21 donc
904 4357 43 20 que
977 4352 179 21 l'ambassadeur

620 4378 124 25 soviétique
766 4379 38 20 n'a
826 4383 42 20 pas
889 4379 69 20 voulu
977 4378 107 20 attendre
1105 4378 51 25 plus

621 4402 129 25 longtemps
766 4408 58 21 pour
841 4403 59 21 faire
914 4404 53 24 part
984 4403 15 21 à
1015 4403 141 24 l'entourage

623 4427 30 21 du
667 4428 49 21 lord
731 4429 31 21 du
775 4433 68 17 sceau
857 4429 64 25 privé
935 4429 28 20 de
974 4428 117 22 l'émotion
1105 4433 39 16 sus-

623 4451 57 21 citée
694 4457 30 16 en
736 4454 28 20 U.
779 4454 27 20 R.
821 4454 23 21 S.
857 4455 23 20 S.
895 4459 43 21 par
952 4454 22 21 le
989 4455 41 20 ton
1045 4454 40 20 des
1101 4459 43 15 con-

624 4478 125 20 versations
760 4479 28 20 de
801 4479 85 21 Berlin.

1202 2058 38 21 On
1252 2058 118 23 confirme,
1382 2062 30 17 en
1425 2058 64 24 effet,
1502 2058 59 21 dans
1572 2058 34 20 les
1618 2057 93 21 milieux

1176 2083 54 22 bien
1244 2083 118 24 informés,
1378 2088 43 20 que
1434 2084 22 21 le
1473 2091 9 10 •
1499 2083 59 25 péril
1570 2087 70 20 rouge
1657 2091 18 15 »,
1689 2083 22 19 le

1179 2118 8 8 -
1204 2110 90 23 spectre
1306 2110 31 20 du
1352 2109 152 20 bolchevlsme
1520 2117 19 15 »,
1552 2109 24 21 la
1591 2117 9 9 «
1617 2112 95 17 menace

1176 2134 124 25 soviétique
1318 2145 8 9 .
1344 2136 43 20 ont
1403 2134 75 21 formé
1492 2135 23 20 le
1529 2134 126 20 leit-motiv
1671 2133 40 21 des

1176 2160 131 23 plaidoiries
1322 2160 24 20 et
1360 2160 40 20 des
1414 2159 155 25 réquisitoires
1584 2158 127 26 prononcés

1176 2190 44 21 par
1238 2184 22 21 le
1283 2185 166 21 ReichsfUhm
1472 2184 104 26 pendant
1599 2184 33 21 les
1652 2184 58 20 deux

1175 2210 107 24 journées
1297 2210 28 21 de
1340 2211 133 20 discussion.

1201 2242 58 21 Bien
1278 2242 84 25 mieux,
1381 2241 152 25 ajoute-t-on,
1552 2241 55 21 c'est
1626 2240 15 22 k
1659 2241 38 20 tra-

1178 2271 50 16 vers
1239 2268 23 20 la
1274 2267 88 24 Russie,
1373 2268 23 19 et
1407 2266 16 21 à
1432 2267 88 20 travers
1531 2268 24 20 la
1565 2267 82 20 Russie
1659 2271 40 15 seu-

1177 2293 92 24 lement,
1280 2296 44 20 que
1336 2292 70 20 Adolf
1418 2292 75 21 Hitler
1503 2296 25 16 se
1541 2292 71 21 serait
1625 2291 86 21 efforcé

1177 2317 137 21 d'atteindre
1335 2317 24 21 la
1381 2318 88 19 France
1491 2321 30 17 en
1542 2317 133 24 soulignant
1696 2316 15 21 à

1177 2343 99 20 diverses
1285 2342 99 24 reprises
1394 2342 54 25 qu'il
1459 2343 63 20 avait
1534 2343 104 23 toujours
1646 2342 65 25 placé

1177 2372 31 16 un
1225 2368 193 25 rapprochement
1433 2368 74 21 direct
1523 2367 66 21 entre
1605 2368 66 20 Paris
1687 2367 24 20 et

1176 2393 80 20 Berlin
1280 2397 31 17 au
1334 2393 99 24 premier
1457 2393 57 25 plan
1538 2392 29 21 de
1590 2397 42 16 son
1657 2397 42 20 pro-

1177 2422 108 20 gramme,
1312 2418 59 20 mais
1397 2422 44 20 que
1467 2422 26 16 ce
1518 2418 193 25 rapprochement

1178 2444 153 22 demeurerait
1340 2443 170 25 pratiquement
1521 2443 131 25 impossible
1663 2443 38 24 jus-

1178 2470 67 23 qu'au
1260 2469 53 24 jour
1325 2468 31 21 où
1373 2476 8 9 e,
1397 2469 23 21 Ja
1435 2469 110 25 politique
1558 2469 116 23 française
1689 2473 24 15 se

1177 2494 70 21 serait
1273 2494 185 21 définitivement
1482 2493 108 21 dissociée
1616 2494 31 21 du
1673 2494 39 24 jeu

1176 2519 126 25 soviétique
1312 2527 19 13 ».

1203 2551 89 20 Faut-il
1306 2549 138 26 interpréter
1458 2550 61 21 cette
1533 2550 100 21 attitude
1648 2554 52 17 com-

1177 2580 37 15 me
1226 2580 46 16 une
1284 2575 81 25 simple
1377 2580 135 16 manœuvre
1524 2580 31 17 ou
1565 2580 89 17 comme
1665 2580 47 16 une

1178 2600 146 21 affirmation
1335 2600 29 21 de
1378 2601 103 20 doctrine
1490 2601 11 20 ?

1202 2632 44 20 Les
1260 2633 59 20 deux
1332 2631 78 21 thèses
1422 2632 43 21 ont
1475 2633 62 20 leurs
1551 2631 134 21 défenseurs
1697 2632 15 21 à

1176 2657 127 21 l'intérieur
1315 2658 29 20 de
1353 2657 23 21 la
1390 2657 129 25 délégation
1532 2657 153 25 britannique.

1204 2690 10 9 *
1228 2682 46 21 J'ai
1310 2682 158 25 l'impression,
1504 2687 59 16 nous
1600 2682 111 21 déclarait

1177 2708 146 20 notamment
1349 2712 46 17 une
1421 2708 53 20 voix
1500 2707 120 24 autorisée,
1644 2708 67 24 qu'en

1176 2732 137 24 présentant
1330 2737 37 16 ses
1386 2733 184 21 revendications
1586 2734 60 20 dans
1664 2738 47 16 une

1177 2757 146 25 atmosphère
1345 2757 28 21 de
1396 2758 108 24 croisade,
1526 2758 22 20 le
1569 2759 73 20 Reich
1662 2759 48 20 doit

1177 2782 115 21 diminuer
1324 2783 51 20 leur
1408 2783 78 25 portée
1520 2784 92 23 directe,
1647 2784 63 20 mais.

1177 2808 146 24 aujourd'hui
1345 2813 90 16 comme
1459 2809 56 23 hier,
1539 2813 26 16 ce
1586 2813 44 20 que
1652 2814 58 15 nous

1177 2833 133 24 cherchons,
1327 2838 26 16 ce
1368 2834 59 21 n'est
1443 2838 43 20 pas
1498 2835 24 20 la
1538 2834 54 25 paix
1607 2833 15 22 à
1635 2834 63 21 l'occi-

1176 2858 63 24 dent,
1252 2859 55 21 c'est
1320 2859 24 20 la
1358 2859 54 25 paix
1425 2859 52 21 tout
1492 2859 71 22 court,
1579 2868 9 9 e.

1200 2890 38 19 Au
1253 2892 104 20 moment
1368 2889 31 22 où
1413 2891 32 20 M.
1458 2890 62 21 Eden
1537 2895 25 15 se
1575 2890 71 24 dirige
1661 2895 51 16 vers

1176 2915 105 25 Moscou,;
1291 2920 32 17 on
1331 2915 62 30 peut
1408 2915 60 21 donc
1482 2915 50 21 dire
1547 2920 44 20 que
1599 2915 42 23 .tes
1655 2920 45 19 con-

1174 2936 127 24 versations
1327 2941 28 19 de
1379 2939 81 22 BCTlln
1483 2940 49 25 ont,
1558 2944 30 17 en
1613 2941 99 24 quelque

1176 2964 67 24 sorte,
1264 2964 95 25 déblayé
1379 2964 22 21 le
1418 2965 88 21 terrain
1527 2966 40 20 des
1585 2966 126 20 entretiens

1176 2989 157 24 anglo-russes
1357 2994 30 17 en
1409 2990 133 24 soulignant
1565 2991 145 24 l'opposition

1176 3014 87 21 résolue
1278 3014 28 21 de
1320 3016 24 20 la
1359 3015 223 25 Grande-Bretagne
1596 3016 14 21 k
1624 3016 23 21 la
1661 3017 37 20 for-

1178 3038 88 21 mation
1301 3040 54 20 d'un
1386 3039 50 21 bloc
1470 3039 174 26 antisoviétique
1678 3045 31 16 en

1177 3065 94 23 Europe.
1283 3075 34 5 —
1333 3065 84 21 Havas.

1809 1001 53 32 LES
1882 1000 173 33 CHAMBRES
2075 1001 82 31 SONT

1737 1046 210 37 CONVOQUEES
1967 1046 86 32 POUR
2072 1047 163 31 VENDREDI

1853 1119 88 32 POUR
1953 1117 167 35 ENTENDRE

1720 1166 41 32 LA
1774 1160 223 37 DÉCLARATION
2016 1157 238 40 MINISTÉRIELLE

1747 1237 31 21 Le
1793 1235 179 27 gouvernement
1987 1236 73 20 aurai*
2077 1236 132 21 l'intention
2224 1236 29 20 de

1722 1262 95 24 déposer
1836 1266 40 16 sur
1894 1261 22 20 le
1936 1260 86 24 bureau
2042 1261 28 21 de
2090 1263 25 19 la
2131 1261 122 24 Chambre,

1722 1288 52 24 cinq
1789 1287 94 25 projets,
1899 1284 75 26 parmi
1989 1286 98 25 lesquels
2102 1287 48 20 l'un
2164 1287 35 20 est
2214 1291 26 15 re-

1722 1313 53 20 latif
1793 1313 15 20 à
1825 1313 24 20 la
1867 1310 103 22 création
1985 1311 56 22 d'un
2059 1312 70 20 office
2147 1312 106 20 national

1721 1337 171 25 hypothécaire,
1906 1341 33 16 un
1954 1336 65 21 autre
2031 1341 113 16 concerne
2160 1337 22 20 le
2197 1341 43 16 con-

1722 1362 58 23 trôle
1802 1362 40 21 des
1861 1362 102 24 banques
1982 1361 24 21 et
2026 1366 33 16 un
2080 1362 67 20 autre
2163 1366 90 20 encore,

1722 1388 57 21 tend
1798 1389 16 21 à
1834 1386 148 22 l'institution
1990 1386 66 22 'd'un
2076 1387 112 24 comptoir
2208 1391 32 16 na-

1723 1413 73 21 tional
1813 1412 142 24 d'escompte,
1972 1411 60 22 sorte
2049 1413 28 20 de
2094 1412 159 25 superbanque

1722 1438 166 21 fonctionnant
1904 1437 17 22 à
1938 1435 50 23 côté
2002 1438 29 20 de
2049 1437 24 21 la
2090 1438 96 24 Banque
2204 1438 36 19 Na-

1723 1463 93 21 tionale.

1723 1509 37 20 LA
1773 1506 221 22 .CONVOCATION
2013 1507 57 21 DES
2091 1507 162 21 CHAMBRES

1749 1545 33 21 La
1796 1544 115 22 Chambre
1923 1547 53 17 sera
1984 1544 130 25 convoquée
2126 1549 59 20 pour
2197 1549 45 16 ven-

1724 1571 64 21 dredi
1799 1571 15 21 à
1828 1571 25 20 10
1865 1570 83 20 heures
1961 1568 30 22 eta
2004 1570 82 23 matin,
2098 1574 59 21 pour
2170 1570 71 20 enten-

1724 1596 40 22 dre
1781 1596 24 20 la
1821 1594 142 22 déclaration
1977 1594 31 22 tfn
2026 1595 185 24 gouvernement.

1751 1627 48 21 Elle
1815 1626 88 25 siégera
1919 1625 128 26 également
2063 1626 152 24 l'après-midi
2232 1626 24 21 et

1725 1652 117 25 peut-être
1856 1652 22 20 le
1891 1651 51 22 soir.

1751 1683 32 20 Le
1800 1682 73 22 Sénat
1891 1687 24 16 se
1930 1681 92 22 réunira
2040 1682 110 21 vendredi
2168 1682 15 21 à
2201 1682 13 21 2
2231 1682 25 21 h.

1725 1709 25 20 et
1765 1708 89 21 samedi
1867 1708 16 20 à
1899 1708 24 20 10
1937 1708 83 21 heures
2035 1708 31 21 du
2080 1707 82 21 matin.
2177 1708 21 20 Il
2213 1712 30 16 en-

1726 1733 84 21 tendra
1826 1733 109 21 vendredi
1951 1733 80 23 matin,
2047 1734 24 20 la
2085 1733 86 21 lecture
2188 1733 28 20 de
2232 1733 25 21 la

1726 1758 143 21 déclaration
1885 1758 220 25 gouvernementale.

1738 1796 38 20 LA
1789 1795 223 21 TRANSMISSION
2023 1796 56 21 DES
2091 1796 152 21 POUVOIRS

1753 1833 69 21 Jeudi
1835 1838 16 16 a
1865 1838 28 16 eu
1907 1833 45 20 lieu
1965 1832 59 22 dans
2038 1833 33 22 les
2086 1833 172 25 départements

1728 1857 147 23 ministériels
1895 1856 99 27 pourviù
2013 1859 29 20 de
2061 1863 121 18 nouveaux
2200 1859 45 21 titu-

1727 1884 75 23 laires,
1821 1883 23 21 la
1864 1882 127 22 cérémonie
2009 1884 28 20 de
2053 1884 24 21 la
2097 1884 161 21 transmission

1728 1909 41 20 des
1785 1909 113 24 pouvoirs,
1919 1910 31 19 M.
1970 1912 32 18 au
2022 1910 49 20 Bus
2089 1909 55 21 s'est
2164 1909 94 21 «installé

1729 1934 60 21 ainsi
1804 1934 15 21 à
1834 1933 136 24 l'Intérieur,
1981 1934 33 21 M.
2029 1934 94 21 Soudan
2138 1934 16 21 à
2166 1935 23 20 la
2203 1935 43 20 Jus-

1729 1960 51 22 tice,
1799 1960 32 21 M.
1850 1960 34 20 De
1904 1960 55 19 Man
1975 1959 45 21 tmx
2038 1960 107 20 Travaux
2164 1960 95 24 publiM,

1730 1986 30 19 M.
1780 1984 78 25 Spaak
1877 1989 45 15 aux
1940 1983 138 26 Titfnsports
2096 1985 24 20 et
2138 1985 25 21 P.
2181 1985 26 20 T.
2226 1985 33 24 T.,

1730 2009 30 20 M.
1790 2010 98 20 Bovesse
1915 2008 15 22 à
1959 2008 156 23 l'Instruction
2146 2010 113 24 publique.

1730 2035 31 20 M.
1775 2034 90 21 Gérard
1879 2039 45 16 aux
1937 2034 117 24 Finances,
2068 2036 32 22 M.
2112 2035 106 21 Delattre
2229 2040 30 15 au

1730 2060 99 23 Travail,
1848 2061 33 20 M.
1900 2059 111 23 Rubbens,
2032 2065 45 15 aux
2096 2060 113 24 Colonies,
2227 2061 33 19 M.

1730 2085 53 21 Van
1798 2085 101 21 Zeeland
1915 2089 45 16 aux
1974 2085 105 21 Affaires
2095 2084 139 26 étrangères.

1756 2116 33 21 La
1803 2116 94 25 plupart
1910 2116 40 20 des
1963 2116 116 21 ministres
2091 2117 42 20 ont
2146 2116 114 24 conservé,

1731 2141 52 21 tout
1797 2146 29 16 au
1844 2141 75 21 moins
1934 2141 194 25 prosisolrement,
2146 2141 34 21 les
2197 2141 51 21 cabi-

1731 2167 52 20 nets
1796 2167 29 20 de
1838 2166 62 21 leurs
1912 2164 176 27 prédécesseurs.

1757 2197 31 21 M.
1802 2198 78 24 Spaak
1893 2198 120 23 songerait,
2025 2198 85 24 dit-on,
2122 2198 16 21 à
2149 2198 99 25 s'adjoin-

1732 2222 40 21 dre
1787 2227 89 16 comme
1893 2223 53 20 chef
1965 2222 26 21 de
2010 2223 97 23 cabinet,
2125 2224 33 22 M.
2176 2224 85 20 Renier

1732 2247 31 21 du
1772 2247 107 24 syndicat
1887 2248 42 20 des
1939 2248 127 21 cheminots
2074 2250 25 19 et
2108 2249 32 20 M.
2151 2249 35 20 De
2196 2249 65 22 Man,

1731 2272 123 24 ajoute-on
1869 2277 87 19 encore,
1971 2273 117 21 choisirait
2104 2278 87 18 comme
2207 2274 54 21 chef

1732 2298 28 20 de
1773 2298 98 23 cabinet,
1882 2297 101 25 l'ancien,
1992 2298 83 25 député
2088 2299 108 21 frontiste
2209 2299 52 24 Vos,

1732 2322 163 22 actuellement
1909 2322 76 22 enrôlé
1996 2324 58 21 dans
2067 2324 22 20 le
2102 2324 63 25 parti
2178 2324 70 21 collec-

1732 2347 84 22 tiviste.

1827 2385 53 21 LES
1900 2386 263 21 PARLEMENTAIRES

1875 2416 245 24 COLLECTIVISTES

1758 2453 43 21 Les
1818 2453 95 25 députés
1928 2454 25 21 et
1970 2453 118 23 sénateurs
2102 2455 160 22 collectivistes

1732 2483 24 16 se
1776 2478 120 22 réuniront
1915 2478 63 26 jeudi
1994 2480 76 21 matin
2089 2484 30 18 au
2137 2481 77 21 Palais
2232 2482 29 20 de

1732 2504 24 20 la
1766 2504 86 21 Nation
1862 2508 59 21 pour
1933 2504 115 22 examiner
2059 2505 24 21 la
2095 2505 113 23 situation
2219 2512 29 19 po-

1733 2529 86 24 litique.
1830 2539 28 6 —
1868 2529 31 21 X.

1869 2567 82 24 (Voyei
1960 2567 62 21 Write
2032 2573 59 20 page
2102 2569 29 23 3.)

2273 761 93 47 LA
2420 760 384 50 SITUATION

2352 821 383 59 MONÉTAIRE

2361 939 40 31 CE
2420 939 65 36 QUE
2504 939 84 32 NOUS
2608 938 40 32 EN
2669 937 54 32 DIT

2312 985 36 32 LE
2368 985 201 32 PROFESSEUR
2589 985 42 31 DE
2651 983 120 33 LEENER

2339 1056 64 17 NOUS
2430 1057 79 16 AVONS
2536 1055 115 18 DEMANDÉ
2678 1055 17 17 A
2722 1055 26 16 M.
2776 1054 33 16 DE

2317 1083 97 18 LEENER,
2436 1083 152 16 PROFESSEUR
2608 1083 17 16 A
2644 1080 165 19 L'UNIVERSITÉ

2317 1109 31 17 DE
2366 1109 143 19 BRUXELLES,
2528 1109 47 17 SON
2594 1109 53 16 AVIS
2663 1109 48 16 SUR
2727 1108 30 16 LA
2775 1107 23 16 SI-

2316 1136 107 16 TUATION
2452 1136 140 16 MONETAIRE
2621 1134 127 19 ACTUELiE,
2778 1133 30 17 ET

2317 1162 67 17 VOICI
2395 1163 30 16 CE
2438 1162 64 19 QU'IL
2514 1163 64 16 NOUS
2591 1162 96 16 REPOND
2700 1161 32 17 EN
2744 1160 64 17 NOUS

2318 1189 152 19 EXPLIQUANT
2484 1188 124 20 POURQUOI
2622 1189 25 16 IL
2659 1187 64 17 PAUT
2736 1187 72 16 PAIRE

2317 1216 135 16 CONFIANCE
2467 1216 16 16 A
2499 1216 30 15 LA
2544 1214 135 17 DEFLATION
2697 1217 6 14 :

1178 3150 36 30 LE
1234 3149 115 32 CHOMA
1351 3150 40 31 GE
1417 3151 59 30 DES
1495 3150 36 32 JE
1532 3150 79 32 UNES
1631 3151 79 31 GENS

1205 3219 99 25 Genève,
1317 3220 26 20 27
1357 3225 68 16 mars.
1440 3231 27 5 —
1479 3221 31 22 Le
1525 3222 90 20 Bureau
1630 3222 66 20 Inter-

1178 3245 104 21 national
1300 3246 31 20 du
1348 3246 94 21 Travail
1457 3246 82 22 estime
1556 3251 44 20 que
1618 3252 40 16 sur
1673 3247 35 21 lees

1178 3271 129 24 vingt-cinq
1331 3270 102 23 minions
1458 3271 28 21 de
1512 3271 121 22 chômeeeurs
1657 3276 50 21 que,

1178 3296 66 20 d'une
1262 3296 71 23 façon
1348 3295 49 21 très
1413 3297 129 24 largement
1559 3297 135 24 approxima-

1180 3321 51 22 tive,
1253 3325 32 16 on
1308 3321 90 24 compte
1422 3321 163 22 actuellement
1607 3322 60 21 dans
1686 3323 23 20 le

1178 3345 89 24 monde,
1277 3350 33 16 un
1321 3347 68 23 quart
1399 3346 104 25 environ,
1514 3347 44 20 soit
1569 3347 35 20 six
1616 3351 29 16 ou
1656 3348 52 23 «pt.

1177 3370 107 24 millions,
1297 3372 55 19 sont
1367 3371 41 21 des
1422 3372 82 25 jeunes
1519 3376 56 20 gens
1589 3372 29 21 de
1632 3372 77 20 «moins

1179 3396 28 20 de
1229 3396 131 24 vingt-cinq
1381 3401 50 20 ans.
1454 3398 45 20 Oes
1521 3397 97 20 ohlffres
1641 3401 55 16 mon-

1179 3420 63 21 trent
1261 3425 64 16 assez
1342 3420 114 22 l'étendue
1475 3422 29 21 de
1524 3422 60 21 cette
1604 3422 105 25 question

1180 3445 30 21 du
1224 3445 110 26 chômage
1349 3446 39 21 des
1401 3447 81 24 jeunes
1495 3451 56 20 gens
1564 3447 38 24 qui
1616 3451 31 16 va
1659 3447 49 21 être

1178 3471 97 20 soumise
1296 3470 15 21 k
1329 3471 24 21 la
1371 3471 137 22 conférence
1528 3471 179 22 internationale

1178 3496 31 20 du
1221 3496 85 21 travail
1317 3495 130 25 convoquée
1458 3501 60 20 pour
1530 3496 21 23 le
1563 3496 15 20 4
1588 3497 52 24 Juin
1652 3501 43 21 pro-

1178 3521 76 24 chain,
1267 3522 15 20 à
1296 3521 98 21 Genève.

1205 3552 127 20 L'inaction
1343 3552 37 20 est
1391 3552 154 21 évidemment
1555 3553 52 25 plus
1618 3553 92 22 funeste

1176 3581 82 16 encore
1277 3581 58 20 pour
1354 3577 34 20 les
1407 3578 82 23 jeunes
1509 3582 56 20 gens
1584 3583 43 19 que
1649 3582 57 21 pour

1177 3601 33 21 les
1232 3606 125 20 personnes
1379 3602 73 24 âgées.
1475 3603 61 20 Pour
1557 3602 112 22 remédier
1691 3604 15 20 à

1178 3626 62 22 émette
1264 3627 118 23 sltuat)-jn,
1406 3632 33 16 un
1465 3628 73 24 grand
1561 3628 96 21 nombre
1680 3629 29 20 de

1177 3656 56 20 pays
1249 3653 42 19 ont
1308 3652 48 25 pris
1372 3652 41 22 des
1429 3657 102 16 mesures
1547 3653 100 20 diverses
1663 3658 42 19 (rue

1178 3677 21 21 le
1211 3678 26 20 B.
1250 3677 19 21 I.
1279 3678 27 20 T.
1319 3677 95 24 analyse
1427 3678 60 21 dans
1498 3682 34 17 un
1544 3679 96 23 rapport
1653 3677 41 26 pré-

1179 3702 114 24 paratoire
1312 3702 89 21 destiné
1420 3703 13 20 à
1452 3703 73 20 servir
1542 3703 29 22 de
1589 3704 55 21 base
1661 3708 47 16 aux

1177 3727 138 21 discussions
1330 3728 28 20 de
1374 3727 25 21 la
1415 3727 142 22 conférence.

1205 3758 78 20 Parmi
1296 3762 37 16 ces
1344 3762 109 19 mesures,
1466 3758 21 21 le
1500 3759 96 24 rapport
1608 3759 31 21 du
1650 3760 27 21 B.
1690 3759 18 21 T.

1178 3783 26 20 T.
1225 3782 117 25 préconise
1362 3783 146 21 notamment
1528 3784 24 21 la
1572 3784 100 21 fixation
1694 3784 14 20 à

1178 3807 80 25 quinze
1274 3812 44 16 ans
1333 3808 28 20 de
1377 3808 57 24 l'âge
1451 3808 122 21 minimum
1590 3809 28 21 de
1632 3809 62 21 scola-

1177 3832 44 21 rité
1230 3832 133 24 obligatoire
1373 3833 25 22 et
1406 3833 30 21 de
1445 3833 59 24 l'âge
1513 3833 122 21 «minimum
1646 3835 49 20 d'ac-

1176 3858 89 20 cession
1280 3862 32 16 au
1328 3858 84 20 travail
1427 3859 26 20 et
1467 3858 25 21 la
1507 3858 103 21 création
1626 3859 28 21 de
1670 3859 24 20 di-

1178 3887 51 16 vers
1243 3882 142 25 organismes
1401 3883 67 24 grâce
1483 3883 111 24 auxquels
1608 3884 34 20 les
1657 3885 38 24 Jeu-

1177 3911 42 16 nes
1232 3912 56 20 gens
1302 3908 134 24 pourraient
1449 3913 97 20 occuper
1559 3909 62 20 leurs
1633 3909 74 21 loisirs

1178 3933 79 20 forcés.
1273 3933 47 20 Des
1335 3937 80 20 camps
1430 3933 28 21 de
1475 3933 82 21 travail
1573 3934 134 24 pourraient

1177 3957 48 21 être
1239 3956 71 25 créés,
1325 3957 60 21 mais
1399 3958 24 20 la
1439 3957 172 25 fréquentation
1626 3962 28 17 de
1670 3964 37 16 c?;,

1178 3982 95 23 centres,
1292 3982 30 21 où
1341 3983 47 20 l'on
1405 3982 142 22 exécuterait
1564 3984 41 21 des
1622 3988 71 16 ouvra-

1177 4012 40 19 ges
1232 4008 72 23 ayant
1320 4011 58 20 poeur
1392 4007 43 21 buit
1450 4008 24 20 la
1489 4008 148 24 préparation
1653 4014 42 19 pro-

1178 4032 146 21 fessionnelle
1336 4034 25 20 et
1374 4033 123 25 productif,
1509 4038 52 16 sera
1574 4034 133 23 volontaire.

1176 4068 27 4 —
1214 4056 84 22 Havas.

1278 4128 62 37 TUÉ
1359 4135 66 31 PAR
1445 4135 44 31 UN
1508 4135 20 31 T
1529 4136 78 30 RAIN

1201 4203 73 24 Liège.
1289 4204 25 19 27
1328 4209 67 16 mars.
1410 4214 27 5 —
1450 4206 21 19 A
1484 4204 224 27 Liége-Guillemins,

1177 4233 32 16 un
1224 4229 144 23 machiniste,
1380 4234 30 16 en
1423 4230 113 21 remisant
1549 4235 46 16 une
1610 4231 89 22 locomo-

1176 4255 46 19 tive
1245 4259 30 16 au
1297 4253 76 25 dépôt,
1396 4260 14 16 a
1433 4254 127 24 découvert,
1579 4257 86 21 couché
1687 4259 21 20 le

1176 4279 54 24 long
1245 4279 28 20 de
1289 4280 24 20 la
1328 4279 56 24 voie,
1401 4279 21 21 le
1438 4280 94 21 veilleur
1546 4281 30 21 de
1591 4282 52 20 nuit
1657 4283 50 20 Mé-

1175 4304 59 24 dart,
1252 4304 135 21 demeurant
1404 4309 41 16 rue
1462 4305 28 21 de
1506 4306 95 25 Bonzée,
1616 4307 14 20 à
1646 4308 61 20 Lon-

1175 4329 44 20 cln.
1237 4330 21 20 Il
1274 4330 63 20 avait
1354 4329 24 20 la
1397 4330 77 24 jambe
1492 4331 73 20 droite
1584 4332 84 25 coupée
1684 4334 23 19 et

1175 4354 87 24 portait
1279 4354 29 20 de
1325 4354 117 25 multiples
1459 4355 111 21 blessures
1588 4356 14 21 à
1618 4358 24 20 la
1660 4358 48 20 tête

1175 4380 23 20 et
1218 4383 39 16 sur
1277 4379 21 20 le
1314 4384 72 19 corps.
1406 4380 32 20 La
1458 4381 98 24 victime,
1576 4383 39 23 qui
1633 4383 61 24 respi-

1175 4404 45 20 rait
1238 4408 82 16 encore
1341 4404 141 25 faiblement,
1502 4411 14 15 a
1537 4408 119 20 succombé
1677 4413 31 16 au

1176 4429 141 24 dispensaire
1329 4430 28 20 de
1372 4430 148 24 l'Espérance,
1536 4431 14 21 à
1565 4432 143 24 Montegnée,

1176 4454 86 24 malgré
1276 4456 51 20 tous
1340 4454 32 21 les
1385 4455 62 21 soins
1460 4456 39 24 qui
1511 4456 33 21 lui
1557 4457 79 21 furent
1649 4458 46 21 don-

1176 4479 46 21 nés.

2041 2666 44 50 m.
2108 2666 118 51 easton

2067 2732 129 51 RA6E0T

2047 2807 49 46 QUI
2121 2808 19 38 A
2167 2802 53 44 ÉTÉ

2086 2854 93 45 RÉÉLU

2051 2907 162 45 PRÉSIDENT

2086 2966 38 37 DE
2149 2966 36 37 LA

2074 3012 122 44 SOCIÉTÉ

2104 3071 54 38 DES

2065 3122 75 39 6ENS
2164 3123 37 39 DE

2062 3175 137 39 LETTRES,

1769 3303 137 38 MYSTÉRI
1909 3310 61 32 EUX
1998 3310 101 32 PERSO
2100 3311 123 32 NNAGES

1756 3379 56 21 Hier
1830 3380 51 24 soir,
1898 3384 32 16 on
1946 3379 97 22 a«rrêtait
2057 3380 15 21 à
2089 3382 94 23 Anvers,
2202 3382 59 21 deux

1731 3404 103 21 hommes
1846 3406 24 20 et
1883 3409 45 16 une
1941 3405 91 23 femme,
2045 3406 106 25 porteurs
2164 3407 28 20 de
2205 3408 56 20 faux

1731 3431 131 23 passeports
1879 3430 96 24 suédois,
1994 3430 82 22 établis
2093 3432 16 20 à
2128 3432 28 20 de
2172 3432 89 21 fausses

1732 3454 114 22 identités.

1757 3488 37 19 On
1809 3488 43 28 put
1868 3487 34 21 les
1917 3487 124 25 identifier,
2057 3488 17 21 11
2090 3489 114 24 s'agissait
2220 3490 41 20 dees

1731 3511 107 21 Polonais
1847 3511 62 21 Léon
1922 3511 116 25 Rodstein,
2050 3512 31 21 né
2093 3518 30 16 en
2137 3514 57 23 1893.
2206 3519 43 20 por-

1732 3536 52 20 tant
1810 3536 21 20 le
1857 3537 57 20 faux
1938 3541 55 16 nom
2019 3538 114 25 d'Edgard
2160 3539 102 24 Ti«zener,

1732 3560 128 23 d'Edouard
1876 3562 102 24 Bpstein,
1994 3562 31 21 né
2042 3568 30 16 en
2091 3564 56 24 1896,
2165 3565 96 24 portant

1731 3585 21 20 le
1765 3586 56 21 faux
1833 3591 56 16 nom
1901 3587 127 22 d'Edouard
2041 3588 142 26 Schlosberg,
2195 3591 25 19 et
2233 3590 28 20 de

1731 3610 24 21 la
1767 3611 123 24 Française
1904 3611 78 21 Renée
1992 3613 110 25 Boucuin,
2117 3614 31 21 né
2162 3619 30 16 en
2205 3615 56 24 1902.

1757 3642 37 20 On
1811 3643 77 24 apprit
1905 3644 62 19 aussi
1983 3644 65 24 qu'ils
2064 3645 89 21 étaient
2169 3650 79 17 accom-

1731 3667 86 24 pagnés
1831 3669 68 20 d'une
1912 3669 97 20 seconde
2024 3670 85 21 femme
2123 3675 44 20 que
2182 3671 23 20 la
2218 3676 30 20 po-

1732 3691 41 21 lice
1789 3693 119 24 judiciaire
1925 3694 31 20 du
1969 3696 97 23 parquet
2082 3700 15 16 a
2114 3696 147 25 appréhendé

1731 3718 110 20 mercredi
1855 3719 74 20 matin
1945 3718 17 21 k
1976 3719 124 23 Bruxelles.
2117 3721 66 21 Cette
2200 3722 48 21 fem-

1731 3746 37 16 me
1783 3744 35 19 est
1833 3748 45 15 une
1893 3743 125 25 Polonaise,
2032 3746 70 20 Wera.
2117 3747 85 20 Poliak.
2217 3747 44 21 née

1730 3771 30 16 en
1778 3768 56 23 1907,
1849 3768 128 21 descendue
1993 3770 59 21 dans
2067 3775 34 16 un
2115 3771 64 21 hôtel
2193 3772 28 21 de
2237 3772 23 21 la

1730 3792 60 24 ville,
1802 3798 54 15 sous
1868 3794 22 20 le
1902 3794 57 20 faux
1971 3799 56 16 nom
2041 3795 27 21 de
2079 3796 116 22 Rubbens.

1755 3823 34 21 La
1809 3824 73 25 police
1901 3825 123 21 recherche
2044 3828 163 21 actuellement
2227 3829 33 21 les

1730 3848 89 21 raisons
1838 3854 58 20 pour
1914 3849 118 25 lesquelles
2048 3857 39 15 ces
2105 3854 81 23 quatre
2207 3858 41 20 per-

1730 3877 84 17 sonnes
1829 3876 53 19 sont
1896 3879 85 17 venues
1996 3880 29 17 en
2040 3877 108 25 Belgique
2161 3883 54 16 avec
2231 3879 28 21 de

1731 3898 55 22 faux
1802 3901 131 23 passeports
1948 3900 96 22 suédois.
2059 3912 28 6 —
2103 3904 34 21 w.

1099 5511 38 20 LA
1150 5511 72 20 PAIX

758 5540 11 11 «
783 5533 28 20 Je
825 5533 59 21 croîs
899 5538 49 20 que,
963 5534 60 21 cette
1040 5535 83 25 fols-ci,
1136 5536 43 21 elle
1194 5542 30 15 ne
1236 5541 58 16 nous
1305 5542 49 16 en...
1367 5538 82 21 noient
1462 5539 57 25 pins.
1535 5547 11 12 >

1255 5563 83 21 Dessin
1351 5563 74 22 Inédit
1438 5564 28 21 de
1479 5565 86 22 Marcel
1579 5565 101 23 Antoine

1806 3972 89 31 BAGA
1897 3972 61 31 RRE
1983 3973 90 32 VILLA
2075 3975 110 32 GEOISE

1755 4035 31 20 Le
1804 4036 25 20 22
1848 4036 117 21 décembre
1984 4037 97 26 dernier,
2097 4039 16 21 à
2130 4041 130 25 Wambecq,

1729 4070 45 16 une
1789 4067 90 24 dispute
1891 4067 82 21 s'éleva
1988 4068 58 22 dans
2057 4076 32 16 un
2103 4072 100 23 cabaret,
2217 4077 30 16 en-

1730 4097 34 20 tre
1776 4098 121 21 Philémon
1910 4099 104 21 Mattens
2029 4101 24 21 et
2066 4103 74 20 Frans
2155 4104 104 24 Seghers..

1730 4128 98 22 Celui-ci
1859 4130 69 23 avait,
1959 4131 113 26 parait-il,
2103 4135 110 24 reproché
2244 4135 13 22 *

1730 4159 87 26 l'autre,
1832 4161 29 20 de
1878 4166 29 16 ne
1923 4166 43 20 pas
1982 4162 48 21 être
2046 4169 30 16 au
2092 4165 82 22 chevet
2188 4167 28 20 de
2233 4172 27 16 sa

1729 4190 85 22 femme
1828 4192 98 21 malade.

1754 4222 114 25 Quoiqu'il
1890 4228 30 16 en
1941 4223 51 24 soit,
2013 4226 104 24 Mattens
2136 4228 34 21 lui
2192 4230 67 24 porta

1729 4252 40 22 des
1780 4259 77 19 coups,
1871 4255 81 20 courut
1966 4255 55 22 chez
2034 4257 39 25 lui,
2087 4259 48 25 pris
2148 4265 43 16 son
2204 4261 55 21 fusil

1729 4284 28 21 de
1768 4285 80 21 chasse
1860 4286 24 20 et
1896 4286 46 21 tira
1955 4287 59 21 dans
2025 4288 23 21 la
2061 4290 90 22 fenêtre
2163 4292 31 22 du
2207 4292 52 21 café

1729 4315 67 22 d'une
1813 4321 63 16 assez
1892 4318 87 23 grande
1996 4318 110 24 distance.

1755 4347 43 20 Ces
1818 4347 188 23 manifestations
2026 4351 28 20 de
2074 4352 73 22 colère
2167 4355 34 20 lul
2217 4356 42 20 ont

1728 4377 73 24 coûté,
1818 4379 112 20 mercredi
1945 4380 87 22 devant
2048 4382 22 21 le
2087 4384 103 22 tribunal
2206 4391 41 16 cor-

1728 4409 126 21 rectionnel
1877 4410 29 20 de
1927 4411 124 26 Bruxelles,
2068 4415 54 22 huit
2144 4417 64 24 Jours
2231 4418 28 20 de

1728 4440 77 24 prison
1819 4445 58 20 pour
1890 4441 34 21 les
1937 4442 112 25 violences
2063 4448 78 20 contre
2154 4449 105 24 Seghers,

1728 4471 81 23 quatre
1824 4472 58 21 mois
1896 4477 58 20 pour
1967 4474 22 20 le
2004 4479 57 22 coup
2077 4478 28 20 de
2119 4479 40 21 feu
2175 4480 23 21 et
2212 4485 46 16 une

1728 4502 98 21 amende
1838 4503 28 20 de
1878 4504 57 20 1.400
1946 4504 79 23 francs
2034 4511 57 21 pour
2101 4514 31 16 ne
2143 4515 42 20 pas
2195 4512 64 20 avoir

1728 4532 89 24 déclaré
1830 4538 42 17 son
1886 4540 70 16 a«rme.
1969 4546 27 5 —
2009 4538 25 23 C.

2298 1282 95 23 L'index
2413 1282 40 21 des
2471 1282 52 25 prix
2544 1282 28 21 de
2593 1281 77 23 détail,
2691 1280 115 22 descendu

2273 1308 28 21 de
2318 1308 24 20 11
2358 1308 78 24 points
2451 1307 80 25 depuis
2546 1307 21 20 le
2584 1307 58 20 mois
2657 1306 98 25 dernier,
2769 1306 37 20 est

2274 1334 14 20 à
2307 1334 45 20 621.
2371 1333 20 20 Il
2409 1333 63 21 vient
2491 1333 28 21 de
2536 1333 38 20 897
2592 1337 31 16 en
2641 1331 123 21 novembre
2782 1332 24 19 et

2275 1358 118 21 décembre
2407 1359 57 24 1929.
2477 1358 31 21 Sa
2520 1358 74 21 baisse
2606 1359 37 19 est
2654 1357 60 21 donc
2727 1357 27 21 de
2768 1356 38 21 276

2274 1384 84 25 points.
2376 1384 49 21 Elle
2444 1382 132 26 représente
2595 1383 26 20 30
2640 1387 22 21 p.
2681 1388 19 17 c.
2720 1383 38 20 On
2776 1386 30 16 ne

2275 1410 55 23 peut
2340 1409 164 21 sérieusement
2514 1409 51 20 nier
2577 1413 43 20 que
2631 1408 25 20 la
2667 1407 139 21 diminution

2275 1435 32 20 du
2320 1434 54 21 coût
2386 1435 28 20 de
2426 1434 23 21 la
2461 1435 36 20 vie
2508 1434 46 21 soit
2567 1434 32 20 du
2612 1433 74 21 même
2698 1433 67 21 ordre
2778 1432 28 21 de

2275 1460 121 25 grandeur.
2410 1460 60 20 C'est
2482 1459 28 21 de
2522 1459 24 21 la
2559 1459 76 21 bonne
2648 1458 120 21 déflation.

2301 1492 62 20 Sans
2377 1491 69 21 doute
2462 1490 90 22 celle-ci
2566 1490 115 21 n'est-elle
2695 1494 43 20 pas
2753 1494 43 20 par-

2275 1517 52 20 tout
2339 1517 64 20 aussi
2415 1515 130 22 accentuée.
2558 1516 37 20 En
2608 1516 75 20 divers
2689 1515 120 21 domaines

2275 1540 44 23 elfe
2334 1543 35 19 est
2384 1542 98 20 ralentie
2497 1546 31 16 ou
2543 1541 43 21 elle
2601 1541 61 21 reste
2679 1539 129 22 accrochée.

2277 1568 32 20 Ce
2324 1567 58 21 n'est
2398 1572 42 19 pas
2456 1567 14 21 à
2487 1567 47 20 dire
2550 1571 43 20 que
2609 1566 94 25 partout
2718 1565 43 22 elle
2778 1570 30 16 ne

2277 1597 23 17 se
2319 1591 131 22 manifeste.

2303 1625 31 20 Ce
2345 1624 71 21 serait
2426 1624 54 24 trop
2490 1624 125 20 demander
2626 1628 43 20 que
2680 1623 28 21 de
2718 1627 23 16 la
2752 1627 45 16 vou-

2277 1649 44 21 loir
2339 1649 115 21 uniforme
2472 1649 24 21 et
2513 1649 127 23 constante.
2659 1649 43 20 Les
2720 1648 76 24 ajuste-

2278 1675 76 20 ments
2371 1673 115 26 s'opèrent
2505 1674 59 20 dans
2582 1674 21 21 le
2622 1673 84 22 «monde
2726 1672 71 22 écono-

2278 1700 75 24 mique
2364 1704 43 20 par
2417 1700 98 24 à-ooups
2526 1699 110 25 auxquels
2646 1699 16 20 il
2672 1699 71 20 serait
2755 1698 55 21 vain

2278 1725 28 21 de
2322 1725 88 20 vouloir
2424 1729 68 20 parer
2507 1729 43 20 par
2565 1725 40 20 des
2620 1724 68 24 plans
2700 1723 96 25 quelcon-

2278 1754 61 21 ques.
2358 1751 64 20 Nous
2440 1750 87 20 devons
2545 1750 22 20 le
2586 1749 99 25 prendre
2706 1749 32 21 tel
2756 1748 54 25 cpi'il

2277 1776 43 20 est.
2341 1776 36 20 Au
2399 1775 98 25 surplus,
2518 1774 54 22 telle
2594 1774 79 26 cju'elle
2695 1779 25 17 se
2742 1774 55 20 déve-

2279 1801 73 24 loppe,
2364 1800 24 21 la
2400 1800 113 21 déflation
2526 1805 16 16 a
2554 1800 93 25 produit
2659 1804 31 17 en
2702 1799 108 24 Belgique

2279 1826 40 21 des
2333 1826 111 21 résultats
2459 1823 57 25 dont
2531 1830 32 17 on
2578 1830 29 17 ne
2624 1825 48 21 doit
2688 1829 42 21 pas
2745 1829 64 16 sous-

2278 1851 95 21 estimer
2387 1850 166 25 l'importance.

2307 1883 61 20 C'est
2383 1887 43 20 par
2439 1882 24 20 la
2479 1881 119 25 déflation,
2615 1882 57 21 dont
2686 1886 33 16 on
2731 1881 36 21 est
2780 1885 32 17 en

2280 1908 61 20 droit
2356 1907 129 21 d'attendre
2514 1907 27 21 de
2569 1911 122 17 nouveaux
2719 1905 94 26 progrès

2281 1933 58 20 dans
2350 1933 35 20 les
2397 1933 123 24 prochains
2533 1933 65 24 mois,
2611 1936 43 21 que
2668 1932 23 20 la
2703 1931 108 25 Belgique

2280 1957 135 25 récupérera
2428 1963 29 15 sa
2470 1957 105 25 capacité
2603 1952 27 26 dé
2658 1961 153 16 concurrence

2279 1988 41 16 sur
2331 1977 21 28 lie
2364 1982 95 22 marché
2470 1982 109 25 mondial,
2590 1987 31 16 en
2633 1982 64 25 dépit
2709 1982 40 21 des
2759 1986 41 17 ma-

2280 2008 143 24 nipulations
2439 2008 139 21 monétaires
2594 2008 29 21 de
2639 2008 24 20 la
2680 2007 56 21 livre
2753 2007 47 21 ster-

2281 2033 49 25 ling
2342 2034 25 20 et
2382 2033 33 21 du
2427 2033 80 23 dollar.

2306 2065 34 20 La
2359 2064 110 21 nécessité
2489 2064 55 21 d'un
2561 2064 143 25 alignement
2724 2064 27 21 de
2770 2068 43 16 nos

2281 2090 51 24 prix
2345 2089 134 21 industriels
2491 2094 56 16 avec
2560 2090 34 20 les
2608 2090 51 24 prix
2674 2089 90 25 anglais
2777 2089 35 21 est

2281 2117 97 20 souvent
2391 2114 108 25 évoquée;
2514 2115 51 20 tout
2578 2115 66 24 porte
2658 2114 14 21 à
2684 2115 72 20 croire
2769 2119 43 19 que

2282 2141 37 20 cet
2333 2140 142 24 aucunement
2491 2144 52 16 sera
2558 2139 90 21 bientelt
2664 2140 68 20 chtMe
2749 2139 64 21 faite.

2281 2166 38 20 Un
2332 2165 74 21 calcul
2418 2165 122 20 sommaire
2554 2165 89 24 permet
2657 2164 27 22 de
2697 2165 49 20 s'en
2758 2168 43 17 ren-

2282 2191 40 20 dre
2338 2191 97 24 compte,
2449 2189 89 25 malgré
2551 2190 24 21 la
2590 2190 53 24 part
2659 2189 154 25 conjecturale

2282 2216 122 20 inévitable
2432 2216 61 20 dans
2520 2216 50 21 tout
2598 2216 171 19 raisonnement
2786 2215 28 20 de

2282 2241 60 21 oette
2358 2240 68 22 sorte.
2441 2241 63 20 Nous
2519 2244 128 21 supposons
2661 2245 44 19 que
2720 2240 47 20 lors
2783 2240 31 20 du

2283 2266 188 21 déclenchement
2483 2266 27 21 de
2523 2266 24 20 la
2557 2266 75 21 baisse
2644 2265 28 21 de
2683 2265 24 20 la
2717 2265 56 21 livre
2784 2270 29 14 en

2282 2292 128 24 septembre
2430 2292 50 20 1931
2498 2291 34 21 les
2550 2291 51 24 prix
2618 2290 135 21 industriels
2770 2295 32 15 an-

2283 2317 57 25 glais
2357 2317 91 22 fussent
2464 2317 27 20 de
2507 2317 26 19 20
2550 2321 21 20 p.
2588 2321 19 16 c.
2622 2314 131 26 supérieurs
2769 2320 46 16 aux

2283 2343 51 24 «prix
2349 2343 133 20 industriels
2496 2347 31 16 en
2543 2341 108 26 Belgique
2668 2342 15 21 à
2699 2342 24 21 la
2741 2340 73 22 même

2283 2367 93 26 époque.
2390 2368 66 21 Cette
2471 2366 109 27 prémisse
2593 2368 37 21 est
2644 2367 104 25 permise.

2309 2399 26 21 Si
2347 2404 33 16 un
2393 2398 65 22 écart
2470 2399 27 21 de
2511 2399 60 21 «tte
2585 2398 61 22 sorte
2658 2398 65 21 n'eût
2735 2397 80 25 existé,

2282 2424 22 21 le
2320 2424 164 22 détachement
2499 2424 28 21 de
2542 2424 25 21 la
2581 2424 56 21 livre
2653 2424 28 21 de
2695 2424 43 20 l'or
2751 2422 64 22 n'eût

2283 2454 43 20 pas
2337 2449 37 21 été
2386 2449 96 25 justifié.

2310 2481 97 24 Compte
2419 2481 57 20 tenu
2489 2480 28 21 de
2531 2481 37 20 cet
2578 2480 66 21 écart
2656 2479 122 22 industriel
2790 2480 25 21 et

2284 2506 32 20 du
2326 2506 86 21 niveau
2424 2506 75 20 actuel
2513 2506 40 20 des
2567 2506 51 24 prix
2629 2510 32 16 en
2675 2505 140 25 Angleterre,

2283 2532 85 20 l'index
2379 2531 40 21 des
2429 2531 51 24 prix
2491 2536 31 16 en
2533 2531 107 25 Belgique
2652 2531 89 21 devrait
2752 2531 51 20 bais-

2283 2561 38 16 ser
2341 2557 89 24 jusqu'à
2450 2557 39 19 590
2509 2560 58 21 pour
2586 2556 95 21 réaliser
2699 2556 22 21 le
2741 2555 74 21 susdit

2285 2582 141 23 alignement
2442 2581 59 22 dans
2517 2581 142 25 l'hypothèse
2675 2581 29 22 de
2720 2581 24 20 la
2759 2580 56 21 livre

2284 2607 15 21 à
2314 2608 37 19 100
2364 2607 79 20 franc»
2456 2606 83 25 belges.

2310 2638 36 20 En
2364 2637 88 24 réalité,
2469 2637 19 21 il
2505 2638 59 20 n'est
2582 2642 43 20 pas
2642 2637 75 22 même
2735 2637 68 21 néces

2284 2664 60 20 saire
2364 2668 43 20 que
2426 2663 86 21 l'index
2531 2664 102 24 atteigne
2653 2663 39 20 590
2710 2667 32 16 en
2762 2663 41 20 Bel

2285 2689 66 24 gique
2379 2693 59 20 pour
2464 2693 44 20 que
2536 2688 39 21 cet
2601 2687 142 26 alignement
2771 2688 45 21 soit

2286 2714 87 24 acquis;
2387 2714 17 20 il
2415 2713 60 24 faut,
2486 2718 31 16 en
2528 2714 67 25 effet,
2608 2714 60 20 tenir
2677 2713 94 24 compte
2785 2714 31 20 du

2284 2739 140 20 «relèvement
2439 2739 42 20 des
2494 2739 52 24 prix
2561 2739 38 24 qui
2615 2743 132 17 commence
2762 2739 15 21 à
2791 2743 25 16 se

2285 2764 136 21 manifester
2434 2769 31 16 en
2479 2764 140 25 Angleterre.

2310 2795 50 23 Que
2368 2800 30 22 .ce
2407 2794 141 22 relèvement
2557 2796 46 20 soit
2615 2795 29 22 de
2655 2795 107 25 quelques
2769 2800 21 20 p.
2797 2800 18 17 c.

2285 2820 134 24 seulement,
2433 2821 26 20 et
2473 2821 18 20 il
2504 2821 88 20 suffira
2607 2825 43 20 que
2665 2821 67 21 notre
2747 2821 70 21 index

2286 2846 40 20 des
2339 2846 51 24 prix
2403 2846 28 21 de
2444 2845 72 22 détail
2527 2846 76 21 baisse
2617 2847 120 23 jusqu'aux
2750 2846 54 21 envi

2285 2875 55 17 rons
2352 2871 28 20 de
2394 2871 39 20 605
2446 2875 59 21 pour
2517 2875 44 20 que
2573 2871 35 21 les
2619 2871 52 25 prix
2684 2872 133 20 industriels

2285 2896 76 25 belges
2378 2897 130 23 atteignent
2524 2902 23 14 se
2549 2897 71 20 lisible
2623 2901 34 16 me
2659 2901 27 16 m
2703 2897 22 21 le
2741 2896 75 21 même

2284 2921 94 24 ■niveau,
2386 2926 45 19 aue
2447 2922 40 23 les.
2500 2922 51 24 prix
2569 2921 133 24 «industriels
2705 2921 112 25 ...anglais.

2285 2947 39 22 Or.
2336 2946 30 21 de
2378 2947 38 20 621
2429 2947 15 21 à
2456 2947 46 24 605,
2512 2946 18 22 11
2541 2951 30 17 «ne
2583 2943 68 25 reste,
2658 2947 51 24 plus
2722 2946 15 22 à
2749 2947 54 20 fran-

2285 2971 50 21 chir
2353 2972 83 24 qu'une
2455 2971 67 25 étape
2542 2972 28 21 de
2590 2972 25 20 16
2634 2972 84 25 points,
2737 2973 45 20 soit
2801 2972 15 21 à

2285 2997 66 23 peine
2363 2997 60 20 deux
2433 2997 59 22 mois
2501 2997 29 22 de
2542 2997 76 22 baisse
2629 2998 28 21 de
2667 2997 69 21 notre
2746 2997 71 21 index

2285 3022 40 21 des
2335 3022 51 24 prix
2398 3022 28 20 de
2438 3022 72 21 détail
2522 3023 15 21 k
2548 3027 34 16 un
2593 3023 92 25 rythme
2698 3022 92 21 ralenti.

2309 3054 32 20 Le
2354 3053 39 24 jeu
2407 3053 27 21 de
2447 3053 25 21 la
2485 3052 113 22 déflation
2612 3054 107 21 améliore
2733 3054 70 21 incon

2284 3078 162 21 testablement
2456 3079 35 20 les
2501 3079 130 21 conditions
2642 3079 27 21 de
2679 3084 44 16 nos
2733 3084 70 19 expor

2284 3104 87 21 tations
2382 3102 160 22 industrielles.
2555 3105 64 20 Nous
2629 3104 133 24 n'ignorons
2774 3109 42 20 pas

2284 3133 43 20 que
2343 3129 131 24 «pendant
2488 3129 34 22 les
2537 3129 96 21 .salaires
2647 3130 98 20 tendent
2760 3130 15 21 à
2790 3135 25 16 se

2284 3153 114 25 réajuster
2418 3154 15 21 k
2451 3154 25 21 la
2495 3154 77 21 baisse
2590 3154 31 22 ele
2640 3155 93 22 l'index;
2756 3156 60 20 mais

2284 3179 40 20 des
2337 3178 177 25 réajustements
2527 3179 167 22 considérables
2706 3183 45 20 ont
2762 3180 54 26 déjà

2282 3204 38 20 été
2342 3204 80 25 opérés
2448 3205 26 20 et
2501 3205 102 21 d'autres
2627 3209 26 17 se
2679 3204 136 23 réaliseront

2283 3233 89 17 encore.

2309 3260 21 21 n
2341 3261 53 20 faut
2404 3260 60 21 dans
2473 3266 27 16 ce
2512 3262 42 20 but
2565 3262 55 20 bien
2631 3262 107 25 pénétrer
2749 3262 53 25 l'opi-

2283 3286 57 20 nion
2353 3285 130 25 intéressée,
2497 3287 29 21 de
2538 3291 26 17 oe
2577 3287 46 21 fait
2635 3288 55 24 qu'il
2703 3292 31 17 «ne
2747 3288 68 25 s'agit

2283 3315 43 20 pas
2345 3311 29 21 de
2394 3311 113 21 réclamer
2526 3312 29 21 de
2574 3312 106 21 l'ouvrier
2700 3313 65 25 belge
2785 3314 30 21 de

2283 3336 105 22 sacrifice
2400 3341 41 16 sur
2452 3341 44 16 son
2509 3337 83 21 salaire
2605 3337 54 21 réel.
2671 3338 20 20 H
2704 3343 31 16 ne
2747 3339 68 24 s'agit

2282 3365 44 20 (pie
2342 3361 29 21 de
2387 3361 120 21 réduction
2523 3363 27 20 de
2566 3363 84 21 salaire
2666 3363 112 25 nominal,
2793 3363 21 22 le

2283 3386 82 21 salaire
2380 3386 47 21 réel
2442 3387 91 21 restant
2547 3388 76 21 intact
2637 3403 6 7 .

2309 3418 43 20 Les
2362 3417 173 22 améliorations
2546 3419 40 20 des
2597 3418 129 23 conditions
2737 3420 29 21 de
2772 3424 44 18 nos

2281 3443 159 24 exportations
2457 3444 155 21 industrielles
2634 3448 26 17 se
2683 3445 132 21 traduisent

2283 3468 115 21 d'ailleu«rs
2415 3473 42 19 par
2473 3470 23 19 la
2513 3469 115 21 tendance
2645 3470 15 21 à
2675 3470 130 21 l'accroisse'

2284 3494 64 19 ment
2362 3493 28 21 de
2406 3493 102 21 celles-ci
2522 3499 30 16 en
2565 3494 91 22 volume
2671 3499 29 17 ou
2714 3500 32 16 en
2759 3496 42 20 ton

2282 3522 60 20 nage
2354 3518 87 25 male^ré
2455 3519 34 20 ies
2501 3519 72 21 effets
2585 3520 29 21 de
2628 3520 24 21 la
2665 3519 149 23 dévaluation

2282 3544 140 23 progressive
2443 3544 28 21 de
2489 3544 24 21 la
2532 3544 57 22 livre
2609 3545 97 26 sterling
2730 3546 26 21 et
2782 3546 32 21 du

2282 3568 80 24 dollar,
2380 3569 62 20 ainsi
2461 3573 43 20 que
2524 3574 57 16 ceux
2600 3570 28 21 de
2646 3570 168 25 l'aggravation

2282 3593 41 21 des
2336 3594 113 21 obstacles
2462 3594 207 24 protectionnistes.

2308 3624 50 24 Que
2372 3624 23 21 la
2407 3625 108 24 Belgique
2528 3626 60 21 «reste
2603 3626 58 21 donc
2674 3631 41 16 sur
2728 3627 23 21 la
2763 3627 50 22 vole

2283 3649 28 21 de
2325 3650 24 21 la
2365 3649 118 23 déflation.
2499 3650 48 21 Elle
2562 3656 16 19 y
2591 3652 37 21 est
2643 3656 40 16 sur
2698 3652 24 21 la
2738 3653 75 20 bonne

2281 3674 73 21 route.
2376 3674 76 22 Même
2475 3676 59 20 dans
2555 3676 143 24 l'hypothèse
2721 3677 30 21 où
2773 3678 40 21 des

2282 3700 169 21 circonstances
2465 3701 65 21 telles
2543 3705 43 20 que
2601 3702 27 20 de
2642 3702 117 21 nouvelles
2771 3703 29 21 dé-

2281 3725 132 21 valuations
2429 3726 111 20 massives
2557 3727 28 20 de
2603 3727 24 20 la
2643 3727 56 21 livre
2717 3728 96 24 sterling

2277 3750 24 20 et
2311 3750 31 21 du
2352 3750 74 21 dollar
2435 3755 31 16 ou
2475 3751 41 20 des
2524 3749 161 24 dévaluations
2695 3753 41 20 des
2745 3758 55 15 mon-

2281 3775 66 20 naies
2362 3775 31 21 du
2410 3775 90 21 bloc-or
2518 3776 77 21 (franc
2611 3777 109 25 français,
2736 3778 77 24 florin,

2282 3800 67 21 franc
2360 3801 82 21 suisse)
2457 3801 121 21 finiraient
2590 3806 42 20 par
2643 3803 83 21 rendre
2739 3802 61 21 inévi-

2281 3826 62 20 table
2362 3830 33 16 un
2415 3825 168 25 réajustement
2602 3827 29 21 de
2651 3828 67 21 notre
2738 3828 75 25 franc,

2281 3851 51 20 tout
2342 3856 26 15 ce
2378 3851 40 24 qui
2428 3852 78 20 au«rait
2516 3851 37 22 été
2564 3852 74 25 gagné
2648 3857 43 20 par
2701 3853 23 20 la
2737 3853 62 21 défla-

2281 3876 50 20 tion
2348 3876 146 24 permettrait
2512 3877 28 20 de
2557 3877 90 21 rédeuire
2665 3877 107 23 d'autant
2788 3879 24 20 la

2282 3905 77 20 marge
2375 3901 28 21 de
2419 3901 153 22 dévaluation.

2306 3932 97 21 Pareille
2413 3931 112 21 nécessité
2537 3933 103 23 pourrait
2651 3934 63 21 aussi
2723 3939 25 16 se
2758 3935 41 25 pré-

2280 3957 79 20 senter
2375 3962 30 15 au
2421 3962 39 16 cas
2476 3958 55 20 d'un
2548 3959 80 21 accord
2645 3960 166 21 international

2281 3981 93 25 général
2392 3986 58 20 pour
2466 3982 115 22 stabiliser
2599 3984 76 21 toutes
2692 3985 35 21 le»
2743 3990 56 16 mon-

2280 4007 65 20 naies
2359 4008 24 20 et
2398 4007 83 22 mettre
2496 4008 36 20 fin
2546 4013 31 16 au
2590 4008 80 25 gâchis
2684 4010 127 21 monétaire

2281 4031 82 22 aotuel.

2306 4063 66 20 Dans
2391 4067 45 17 une
2457 4062 52 23 telle
2530 4064 164 25 circonstance,
2713 4066 24 21 la
2757 4067 42 21 Bel-

2281 4087 66 25 gique
2363 4088 77 21 aurait
2455 4089 51 20 tout
2522 4089 15 20 à
2552 4094 86 20 gagner
2653 4092 70 23 qu'un
2739 4093 60 20 sacri-

2280 4113 45 21 fice
2340 4117 40 17 sur
2396 4118 26 15 sa
2439 4114 109 21 monnaie
2565 4116 104 23 pourrait
2685 4116 49 22 être
2751 4118 48 20 faci-

2280 4137 87 21 lement
2384 4139 110 23 consenti.
2529 4140 65 20 Dans
2610 4140 61 22 l'une
2687 4142 25 21 et
2729 4142 82 22 l'autre

2281 4162 146 25 éventualité,
2441 4163 35 21 les
2491 4163 110 22 résultats
2616 4165 28 22 de
2659 4166 25 20 la
2699 4166 113 23 déflation

2280 4188 107 20 auraient
2404 4193 25 16 ce
2449 4186 106 26 précieux
2573 4190 121 24 avantage,
2713 4192 59 21 dans
2789 4193 22 21 le

2280 4213 74 23 grand
2376 4212 84 22 intérêt
2483 4214 40 21 des
2542 4219 87 17 masses
2657 4215 155 27 épargnantes

2280 4237 28 21 de
2322 4237 24 20 la
2357 4237 143 25 population,
2513 4239 28 21 de
2554 4240 83 21 «rendre
2652 4241 51 25 plus
2716 4243 95 21 minime

2279 4263 25 20 et
2320 4262 52 25 plus
2389 4263 134 21 facilement
2540 4265 148 24 supportable
2705 4267 24 20 la
2748 4268 63 24 perte

2280 4287 38 22 qui
2330 4287 50 21 leur
2389 4288 71 21 serait
2472 4289 93 23 infligée
2577 4294 43 21 par
2630 4291 24 20 la
2664 4291 146 23 dévaluation

2280 4312 75 21 forcée
2370 4312 27 21 de
2410 4313 67 20 notre
2490 4313 67 22 franc

1816 4613 106 32 PERDU
1941 4614 40 31 ET
1999 4613 172 38 RETROUVÉ

1755 4689 114 24 Calcutta,
1884 4690 26 21 27
1926 4695 69 17 mars.
2006 4702 29 6 —
2048 4694 130 25 L'aviateur
2193 4698 28 21 H.
2237 4698 21 21 L.

1726 4714 82 24 Brook,
1824 4715 57 20 dont
1895 4720 31 16 on
1942 4716 60 22 était
2015 4722 55 17 sans
2085 4723 117 20 nouvelles
2218 4722 28 21 de-

1726 4739 52 24 puis
1792 4743 43 17 son
1850 4740 82 25 départ
1944 4741 107 27 d'Akyab,
2067 4746 35 20 est
2117 4747 74 22 aiTivé
2207 4749 51 20 sain

1728 4764 24 21 et
1763 4765 54 20 sauf
1829 4769 26 16 ce
1867 4766 81 21 matin,
1959 4767 21 20 fl
1993 4770 35 20 est
2037 4772 87 22 reparti
2136 4777 44 20 peu
2194 4773 66 24 après

1728 4793 57 21 pour
1798 4790 111 25 Jodhpur.
1922 4802 27 5 —
1962 4792 92 23 Reuter.

1759 4868 43 31 UN
1822 4869 114 32 DRAME
1955 4870 84 32 DANS
2058 4872 43 33 UN
2122 4875 106 33 HOTEL

1750 4939 95 23 Namur,
1856 4939 26 20 27
1893 4943 70 16 mars.
1972 4950 33 5 —
2010 4940 63 23 Nous
2084 4947 71 19 avons
2166 4945 89 24 signalé

1726 4967 43 21 que
1779 4964 29 20 ,1e
1826 4964 122 24 pe«rso«nnel
1965 4964 55 21 d'un
2034 4966 64 22 hôtel
2114 4970 30 22 d.
2161 4971 89 20 Namur

1725 4989 72 23 ayant
1818 4989 104 20 entendu
1944 4993 49 16 une
2014 4990 134 24 détonation
2177 4994 78 21 s'était

1726 5012 110 25 précipité
1852 5018 51 15 vera
1918 5012 25 22 la
1958 5013 108 24 chambre
2082 5017 52 22 d'où
2149 5019 108 21 semblait

1726 5038 106 24 provenir
1847 5038 21 20 le
1883 5042 60 20 coup
1956 5038 29 21 de
1999 5039 41 22 feu
2054 5042 26 20 et
2094 5043 54 24 qu'il
2162 5049 16 19 y
2193 5045 65 21 avait

1725 5062 127 23 découvert,
1868 5062 78 22 râlant
1963 5063 60 22 dans
2041 5065 21 21 le
2080 5066 34 25 lit,
2132 5072 35 17 un
2184 5073 58 20 voya-

1724 5092 57 20 geur
1795 5088 33 21 M.
1842 5087 87 22 Robert
1943 5088 71 24 Dard,
2029 5089 30 22 né
2073 5096 31 16 en
2120 5093 38 20 189
2180 5093 63 21 domi-

1726 5112 50 21 cilié
1800 5111 15 21 à
1837 5112 230 25 Neuilly-sur-Seine.

1750 5143 32 21 Le
1794 5143 97 25 parquet
1903 5143 72 24 ayant
1988 5143 36 21 été
2037 5146 107 26 prévenu,
2157 5148 24 22 la
2194 5149 48 21 fem-

1724 5172 38 17 me
1777 5168 39 25 qui
1833 5168 175 24 accompagnait
2025 5170 32 21 M.
2074 5173 71 24 Dard,
2164 5173 91 21 déclara

1724 5197 45 20 que
1786 5193 55 20 c'est
1859 5193 60 21 alors
1937 5192 79 25 qu'elle
2033 5199 24 16 se
2076 5196 102 23 trouvait
2196 5198 59 21 dans

1724 5217 24 21 la
1767 5217 58 21 salle
1847 5218 28 20 de
1897 5217 61 25 bain,
1980 5222 43 19 que
2045 5224 43 17 son
2110 5226 144 20 compagnon

1724 5241 76 22 s'était
1824 5242 45 21 tiré
1891 5246 46 17 une
1961 5242 59 21 balle
2030 5257 5 6 .
2045 5245 28 21 de
2096 5247 103 20 revolver
2222 5251 31 17 au

1725 5271 70 16 cœur.

1751 5298 94 21 Comme
1857 5297 78 23 l'anns
1948 5302 25 16 se
1986 5297 100 24 trouvait
2099 5306 41 17 sur
2151 5303 22 20 le
2187 5303 55 24 plan-

1725 5322 55 20 cher
1796 5322 15 21 à
1828 5327 47 16 une
1892 5322 101 21 certaine
2011 5323 103 24 distance
2132 5327 32 21 du
2181 5328 28 20 lit
2233 5327 22 21 le

1725 5348 96 23 parquet
1845 5348 75 20 ouvrit
1944 5351 45 16 un?
2012 5348 139 24 instruction
2174 5355 26 19 et
2222 5351 31 21 fit

1724 5372 108 22 procéder
1847 5371 15 21 à
1879 5372 119 24 l'autopsie
2016 5373 31 21 du
2066 5376 97 21 cadavre

1749 5396 97 21 Celle-ci
1863 5398 38 20 n'a
1917 5397 51 20 «rien
1984 5396 74 23 révélé
2075 5401 28 19 de
2121 5402 91 24 suspect
2229 5401 24 21 et

1724 5419 74 22 l'amie
1816 5422 28 20 de
1862 5421 71 24 Dard,
1950 5422 73 20 Marie
2041 5424 95 22 Derbler
2160 5427 25 19 23
2203 5430 49 19 ans,

1723 5444 28 20 de
1768 5445 71 24 Paris,
1856 5451 15 16 a
1888 5446 37 21 été
1942 5446 113 22 autorisée
2072 5450 15 19 à
2103 5454 112 21 regagner
2229 5451 24 20 la

1722 5469 95 21 France.
1833 5471 65 20 Dard
1915 5470 57 21 était
1989 5471 131 25 oélibataire
2137 5478 25 18 et
2177 5476 64 20 direc-

1723 5494 52 20 teur
1792 5495 55 20 d'un
1862 5495 138 21 laboratoire
2016 5497 28 20 de
2061 5498 71 21 Paris.
2149 5500 31 20 Le
2197 5504 43 16 cou-

1722 5518 37 24 ple
1774 5518 57 21 était
1844 5519 74 21 arrivé
1932 5520 16 20 à
1961 5520 94 25 Namur,
2071 5523 129 22 dimanche.
2214 5525 39 20 On

1721 5547 97 20 suppose
1831 5548 43 20 que
1886 5543 23 22 la
1922 5549 67 16 cause
2002 5545 31 22 du
2044 5547 86 23 suicide
2143 5549 35 21 est
2189 5549 49 22 rela-

1723 5567 45 21 tive
1782 5568 15 20 à
1809 5568 41 21 des
1861 5569 75 21 soucis
1948 5569 110 25 d'argent.

2280 4382 26 32 L'
2319 4390 14 13 «
2342 4383 112 32 EDM0N
2456 4384 192 34 D-TH1EFFRY
2656 4388 14 17 »
2683 4388 129 31 AVANCE

2305 4454 97 24 Bangui,
2413 4454 26 20 27
2449 4460 68 17 mars.
2527 4466 29 5 —
2565 4457 36 20 L'»
2614 4458 198 22 Edmond-Thlef-

2279 4485 38 24 f«ry
2329 4494 9 9 •
2352 4486 36 20 est
2400 4486 74 21 arrivé
2486 4486 14 21 à
2512 4488 12 19 6
2537 4488 22 21 h.
2572 4488 15 21 à
2596 4489 97 25 Bangui.
2704 4490 21 21 Il
2737 4495 29 16 en
2778 4491 35 20 est

2278 4517 87 24 reparti
2377 4516 14 21 à
2403 4517 13 20 6
2428 4517 23 21 h.
2461 4518 33 21 40.
2506 4529 27 5 —
2544 4520 78 24 Belga.

3008 744 185 61 IDÉES
3227 753 82 49 ET
3342 752 182 50 DOCU
3528 752 219 51 MENTS

3258 833 3 2 "
3905 833 10 19 i

2937 857 55 17 Cette
3007 856 89 19 rubrique
3110 855 30 17 ett
3155 855 22 15 d>
3180 854 60 16 stlnée
3254 853 13 17 à
3279 854 96 15 accueillir
3387 853 28 17 lei
3432 854 110 18 arguments
3559 857 35 15 que
3611 857 48 13 nous
3676 853 119 17 demandons
3810 852 13 17 à
3840 853 84 16 direnes

2959 882 131 19 compétences
3102 880 99 20 d'exposer
3215 883 39 13 «ax
3268 880 81 15 lecteurs
3365 880 22 14 de
3400 884 8 9 «
3426 879 26 15 La
3469 878 91 17 Dernière
3575 878 64 17 Heure
3652 883 16 15 t,
3685 877 12 17 k
3710 878 48 17 titre
3774 878 150 19 documentaire,

2959 912 32 11 sur
3005 907 34 16 dei
3053 907 97 18 questions
3165 905 90 16 d'intérêt
3269 905 59 15 social
3342 904 142 16 controTersées
3501 904 48 16 dam
3564 904 45 17 tou
3623 903 29 18 lei
3667 904 67 19 partis,
3750 904 21 16 et
3785 907 26 13 ne
3825 906 22 14 SO
3860 904 65 16 ratte-

2960 934 59 14 chant
3035 936 36 16 pet
3083 931 126 17 directement
3225 935 37 11 aux
3275 930 58 16 luttes
3348 929 117 16 électorales.

2937 959 35 15 Ces
2990 958 76 15 articles
3084 956 120 19 n'enlacent,
3223 960 23 11 en
3265 959 73 12 aucune
3354 955 66 19 façon,
3439 955 21 16 1»
3479 953 52 21 llfne
3548 954 25 17 de
3590 955 89 15 conduite
3698 954 27 17 ta
3742 954 76 19 Jonrnal
3838 954 21 17 et
3877 958 49 13 nou

2960 988 47 11 nous
3024 982 100 17 réscrroni
3139 982 24 16 de
3179 982 28 16 Ici
3224 981 90 18 critiquer
3330 979 161 18 éventuellement
3505 980 49 17 dans
3567 983 37 13 nos
3616 980 94 16 colonne*.

2939 1013 10 11 b
2961 1009 27 16 La
3002 1008 91 16 Dernière
3104 1008 63 16 Heure
3181 1011 10 12 >
3203 1006 77 19 entend,
3294 1009 25 13 en
3332 1005 55 19 effet,
3399 1005 69 20 farder
3486 1005 64 17 toutes
3568 1009 31 13 ses
3618 1005 155 20 responsabilités
3792 1004 91 17 Tis-à-Tts
3900 1003 26 19 ta

2959 1033 93 20 l'opinion
3066 1033 96 20 publique.

3584 1066 4 4 '

2835 1121 106 63 LA
2971 1119 515 65 FEDERATION
3533 1117 392 64 LIBERALE

3130 1208 86 49 DE
3250 1207 373 49 BRUXELLES

3054 1328 80 39 PAR
3156 1328 43 38 M.
3223 1327 132 39 HENRY
3377 1327 84 39 VAN
3483 1327 215 40 LEYNSEELE

2862 1419 35 20 De
2911 1418 75 21 divers
3000 1417 61 20 côtés
3074 1417 41 21 des
3128 1416 106 26 attaques
3247 1416 48 21 très
3307 1417 62 21 vives

2834 1445 42 20 ont
2889 1443 37 21 été
2938 1442 99 25 dirigées
3050 1447 37 15 ces
3099 1441 103 21 derniers
3215 1442 83 24 temps,
3311 1446 44 16 con-

2836 1469 35 21 tre
2887 1469 23 20 la
2926 1467 139 22 Fédération
3079 1466 93 21 libérale
3188 1466 28 21 de
3232 1466 124 21 Bruxelles.

2861 1495 21 19 A
2895 1498 31 16 en
2939 1493 72 20 croire
3024 1492 101 21 certains
3138 1491 172 24 informateurs,
3336 1491 33 21 les

2833 1519 163 21 délibérations
3013 1519 28 20 de
3056 1522 37 16 ses
3111 1516 136 22 assemblées
3262 1517 108 20 auraient

2836 1544 77 21 donné
2923 1544 22 20 le
2956 1543 115 25 spectacle
3082 1542 21 21 le
3115 1542 52 24 plus
3177 1541 126 25 affligeant
3312 1542 25 21 et
3347 1542 22 20 le

2837 1570 75 19 moins
2925 1568 138 21 admissible.

2861 1594 50 24 Que
2925 1594 33 20 les
2971 1592 142 21 adversaires
3126 1592 32 20 du
3169 1591 138 21 libéralisme
3319 1593 38 19 for-

2834 1619 90 21 mulent
2933 1619 30 20 de
2973 1618 107 25 pareilles
3091 1617 114 24 critiques,
3215 1617 51 20 rien
3276 1616 29 21 de
3316 1616 52 25 plus

2834 1644 99 21 «naturel.

2861 1669 32 21 Ce
2911 1668 55 25 qu'il
2985 1668 53 21 faut
3055 1667 120 25 regretter,
3193 1666 55 21 c'est
3266 1671 43 20 que
3329 1669 40 18 des

2837 1694 51 20 voix
2903 1692 112 24 libérales,
3029 1697 30 17 ou
3074 1692 39 25 qui
3127 1696 25 16 se
3167 1691 144 25 proclament
3325 1691 32 21 tel-

2836 1718 39 24 les,
2891 1724 14 19 y
2922 1719 64 22 aient
3000 1718 47 21 fait
3063 1717 63 21 écho.

2862 1744 62 20 C'est
2941 1744 110 23 pourquoi
3068 1747 46 16 une
3130 1741 58 21 mise
3204 1745 31 17 au
3251 1741 66 25 point
3333 1745 37 17 me

2835 1768 77 25 parait
2928 1767 177 26 indispensable.

2859 1795 20 20 Il
2896 1794 35 21 est
2947 1793 91 25 pennis,
3055 1794 23 20 et
3094 1793 46 21 l'on
3156 1797 31 16 ne
3202 1792 49 21 s'en
3267 1791 46 21 fait
3328 1795 43 21 pas

2835 1819 66 21 faute
2915 1819 59 20 dans
2986 1818 103 21 certains
3104 1817 100 24 milieux,
3219 1817 28 23 de
3261 1816 110 25 critiquer

2837 1844 34 22 les
2885 1844 74 25 partis
2972 1843 130 25 politiques.

2862 1868 121 24 Pourtant,
3001 1868 17 21 11
3037 1868 53 20 faut
3109 1867 63 21 avoir
3190 1867 24 21 la
3231 1871 92 20 sagesse
3342 1869 29 18 de

2837 1894 145 20 reconnaître
2995 1897 44 21 que
3052 1892 49 21 leur
3115 1892 158 25 organisation
3285 1892 37 20 est
3333 1892 26 20 in-

2838 1918 144 25 dispensable
2995 1922 55 17 sous
3064 1922 33 16 un
3111 1917 86 25 régime
3213 1917 28 21 de
3256 1916 87 21 liberté.

2860 1945 33 20 Ce
2905 1945 60 22 sont,
2976 1948 30 16 en
3018 1943 66 25 effet,
3097 1943 33 20 les
3143 1943 74 26 partis
3229 1943 39 24 qui
3282 1942 77 21 canali-

2837 1969 53 20 sent
2906 1968 109 25 l'opinion
3032 1968 23 20 et
3072 1968 33 20 lul
3121 1967 144 21 fournissent
3281 1966 33 21 les
3331 1971 28 16 ca-

2836 1993 53 21 dres
2920 1992 181 25 indispensables
3119 1996 56 17 sans
3193 1991 97 26 lesquels
3307 1991 63 21 mille

2839 2018 125 21 tendances
2978 2018 144 24 divergentes
3135 2022 30 16 ne
3179 2016 144 21 tarderaient
3330 2020 42 21 pas

2836 2044 15 21 à
2876 2043 126 22 s'affirmer
3024 2047 59 21 pour
3107 2042 98 24 aboutir,
3223 2046 31 17 en
3279 2042 38 20 fin
3340 2041 30 21 de

2837 2069 97 24 compte,
2948 2072 31 17 au
2992 2068 71 20 chaos
3076 2068 24 21 et
3112 2068 15 20 à
3139 2067 25 21 la
3177 2067 128 21 confusion.

2863 2094 21 20 H
2898 2095 36 21 est
2947 2097 47 17 une
3008 2092 72 21 vérité
3094 2092 54 25 qu'il
3161 2092 37 21 est
3211 2092 48 21 bon
3271 2092 30 21 de
3315 2096 44 20 rap-

2837 2118 63 25 peler
2919 2123 6 16 :
2943 2118 21 21 le
2979 2117 86 25 régime
3080 2117 179 25 parlementaire
3274 2116 85 26 présup-

2838 2147 54 20 pose
2908 2143 21 21 le
2945 2142 115 21 maintien
3075 2143 29 21 de
3120 2142 74 25 partis
3211 2142 60 22 forts
3286 2142 24 21 et
3326 2146 45 21 peu

2838 2168 133 21 nombreux.

2862 2193 51 23 Que
2928 2193 47 21 l'on
2991 2193 64 20 renie
3073 2192 66 21 l'idée
3157 2192 41 22 des
3215 2192 81 25 partis,
3313 2192 55 24 soit;

2835 2219 60 20 «mais
2912 2219 61 21 alors
2988 2219 17 21 II
3023 2219 53 22 faut
3091 2217 49 22 être
3156 2218 90 24 logique
3264 2217 24 21 et
3304 2218 68 24 opter

2839 2247 58 21 pour
2914 2247 33 17 un
2965 2243 163 24 corporatisme
3148 2259 5 8 ,
3171 2242 58 21 dont
3259 2246 114 21 personne

2839 2262 90 30 jusqu'à
2944 2267 95 26 présent
3053 2268 39 20 n'a
3107 2272 32 20 pu
3155 2267 91 21 fournir
3261 2271 46 18 une
3323 2267 37 21 for-

2840 2293 60 21 mule
2920 2292 93 25 précise,
3031 2297 30 16 ou
3079 2297 82 16 encore
3179 2296 59 21 pour
3255 2292 24 21 la
3296 2292 64 21 dicta-

2840 2318 58 24 ture,
2915 2322 55 16 avec
2987 2318 52 20 tous
3057 2318 33 20 les
3106 2316 175 22 inconvénients
3299 2317 24 21 et
3340 2317 33 21 les

2841 2343 97 23 dangers
2951 2342 80 25 qu'elle
3044 2342 123 25 comporte.

2866 2368 46 21 Des
2926 2372 43 20 que
2983 2367 46 21 l'on
3042 2367 78 21 admet
3133 2371 43 20 que
3189 2366 131 22 l'existence
3333 2366 40 21 des

2840 2392 74 25 partis
2928 2393 37 20 est
2980 2391 43 22 liée
3039 2396 46 17 aux
3099 2392 70 20 libres
3185 2392 144 20 institutions
3343 2392 30 21 de

2840 2422 25 16 ce
2886 2422 63 20 pays,
2969 2417 17 21 il
3006 2417 54 21 faut
3079 2416 146 22 reconnaître
3246 2417 61 20 aussi
3329 2421 45 16 aux

2840 2443 79 23 partis,
2931 2441 74 21 même
3018 2447 30 16 en
3059 2441 93 25 période
3164 2441 103 24 difficile,
3279 2442 22 20 le
3313 2441 60 21 droit

2840 2467 28 21 de
2884 2466 79 22 réunir
2979 2467 62 21 leurs
3057 2466 127 21 adhérents
3198 2470 59 21 pour
3273 2466 101 21 discuter

2839 2492 41 21 des
2894 2492 117 25 questions
3025 2492 38 25 qui
3077 2490 155 26 préoccupent
3245 2491 116 24 l'opinion.

2866 2516 60 24 Qu'à
2940 2517 89 20 certain
3044 2517 111 23 moment,
3170 2516 13 20 à
3198 2516 24 21 la
3237 2516 137 20 Fédération

2839 2541 101 24 libérale,
2954 2542 34 20 les
3002 2541 164 21 délibérations
3180 2541 65 21 aient
3259 2540 37 22 été
3309 2541 53 25 quel-

2840 2571 43 20 que
2900 2571 45 21 peu
2961 2567 114 22 confuses,
3091 2571 43 20 que
3150 2566 41 20 des
3207 2566 167 24 interruptions

2840 2591 88 25 parfois
2941 2590 151 26 regrettables
3104 2596 26 17 se
3142 2591 77 20 soient
3232 2591 46 20 fait
3291 2591 83 21 enten-

2841 2616 46 24 dre,
2906 2621 44 20 que
2971 2616 139 21 l'assemblée
3130 2616 59 21 n'ait
3208 2620 42 20 pas
3269 2616 106 24 toujours

2840 2641 108 21 conservé
2966 2646 46 16 une
3030 2640 113 26 complète
3161 2639 104 24 maîtrise
3295 2641 79 21 d'elle-

2840 2666 81 24 même,
2937 2666 52 21 tout
3004 2666 50 21 cela
3069 2667 37 20 est
3121 2666 59 24 vrai;
3198 2667 59 19 «mais
3273 2666 50 21 cela
3339 2666 35 21 est

2841 2692 61 20 aussi
2922 2690 22 23 le
2962 2691 46 21 fait
3028 2688 28 24 de
3076 2691 65 21 toute
3160 2690 99 21 réunion
3277 2695 34 17 un
3329 2695 45 21 peu

2840 2716 142 23 nombreuse,
3001 2717 116 23 groupant
3135 2716 41 22 des
3194 2716 106 21 hommes
3318 2720 55 17 avec

2839 2741 61 21 leurs
2918 2741 104 24 passions
3039 2742 25 20 et
3081 2741 46 24 qui,
3145 2740 145 25 fatalement,
3307 2742 64 19 n'ont

2839 2770 49 20 pas,
2902 2770 40 17 sur
2957 2766 33 20 les
3004 2765 129 25 problèmes
3146 2765 107 22 irritants
3266 2766 33 21 du
3314 2766 58 25 jour,

2840 2791 40 21 des
2894 2791 105 25 opinions
3014 2790 97 21 clichées
3125 2791 116 21 d'avance.

2866 2816 22 20 Il
2916 2816 53 20 faut
2998 2816 64 20 avoir
3076 2815 82 21 assisté
3174 2820 46 16 aux
3236 2815 137 22 discussions

2840 2841 39 24 qui
2893 2846 25 16 se
2932 2840 122 22 déroulent
3068 2841 60 20 dans
3142 2840 21 21 le
3178 2840 59 22 local
3251 2841 29 22 de
3295 2841 23 21 la
3332 2845 40 17 rue

2839 2866 29 21 de
2886 2865 99 24 Laeken,
3002 2870 59 20 pour
3077 2865 150 24 comprendre
3262 2866 111 23 combien,

2840 2891 89 24 lorsque
2945 2891 46 20 l'on
3006 2895 14 16 a
3035 2890 88 25 l'esprit
3135 2890 59 21 libre
3208 2891 26 20 et
3247 2890 22 23 le
3283 2891 78 25 tempé-

2839 2916 93 21 rament
2943 2915 41 25 vif,
2996 2916 17 22 il
3026 2916 37 21 est
3075 2915 104 25 difficile,
3193 2914 42 22 dût
3245 2916 83 21 l'ordre
3339 2916 33 21 du

2842 2941 68 21 débat
2924 2945 29 15 en
2967 2941 101 21 souffrir,
3082 2941 27 20 de
3124 2945 28 16 ne
3167 2944 41 21 pas
3221 2941 153 25 interrompre

2841 2969 30 17 ou
2887 2965 29 21 de
2933 2970 29 16 ne
2979 2970 44 20 pas
3039 2968 95 21 pousser
3149 2968 47 18 une
3213 2965 160 24 exclamation,

2841 2989 132 22 traduisant
2988 2990 45 21 soit
3049 2989 22 24 le
3085 2990 83 24 blâme,
3182 2989 47 23 soit
3243 2990 117 25 l'approba-

2842 3016 55 20 tion.
3077 3027 7 5 -

3418 1417 47 21 Ah!
3484 1417 17 21 11
3518 1417 36 21 est
3572 1417 46 21 très
3636 1417 69 21 facile
3723 1416 28 22 de
3768 1417 111 25 critiques:
3894 1412 35 27 lia

3394 1442 119 21 faiblesses
3527 1442 130 21 humâmes.

3420 1474 61 20 Mais
3493 1473 17 21 il
3522 1474 59 20 n'est
3594 1477 47 21 qu»
3650 1473 61 25 juste
3724 1474 63 20 aussi
3800 1473 130 21 d'affirmer

3394 1503 26 16 ce
3434 1499 38 24 qui
3486 1498 51 21 doit
3551 1498 49 21 être
3615 1498 35 21 dit
3664 1497 28 22 de
3708 1503 37 16 ces
3760 1497 111 25 libéraux,
3885 1502 45 21 que

3394 1523 111 23 d'aucuns
3523 1524 110 21 accusent
3650 1523 54 25 trop
3735 1523 134 21 facilement
3901 1522 29 22 cle

3395 1556 10 9 ■
3421 1548 151 25 jacobinisme
3588 1556 18 13 ■.

3420 1580 29 20 Et
3459 1579 160 25 précisément,
3631 1584 31 17 au
3672 1583 68 17 cours
3749 1579 30 21 de
3789 1579 24 21 la
3824 1578 106 22 dernière

3392 1604 97 21 réunion
3505 1604 32 21 du
3552 1604 74 24 grand
3642 1604 130 24 organisme
3787 1603 89 24 libéral,
3903 1603 25 22 et

3392 1630 39 24 qui
3444 1629 38 21 fut
3494 1639 28 6 —
3534 1629 53 25 quoi
3600 1629 69 25 qu'on
3683 1633 30 17 en
3726 1629 35 21 ait
3773 1628 115 25 prétendu
3901 1636 28 7 —

3392 1654 68 21 d'une
3473 1654 49 21 fort
3535 1654 58 22 belle
3607 1657 77 21 tenue,
3697 1654 24 24 je
3734 1658 38 17 me
3786 1653 82 21 faisais
3882 1656 46 18 une

3392 1679 113 22 réfleacion
3515 1679 57 21 d'un
3582 1679 53 21 tout
3647 1679 67 21 autre
3725 1679 74 21 ordre.

3417 1711 135 25 Regardant
3567 1711 25 20 la
3606 1710 62 21 foule
3685 1710 40 25 qui
3741 1708 141 26 remplissait
3903 1707 25 22 la

3392 1736 64 20 vaste
3467 1735 65 24 salle,
3544 1735 25 21 et
3580 1735 40 25 qui
3632 1734 88 26 malgré
3730 1734 88 21 l'heure
3830 1733 99 25 tardive,

3392 1766 29 16 ne
3439 1760 110 23 désertait
3566 1760 66 26 point
3648 1764 45 17 son
3710 1759 72 26 poste,
3799 1755 130 29 j'admirais

3391 1786 22 21 le
3423 1790 54 17 sens
3488 1786 87 24 civique
3587 1786 29 21 de
3628 1789 39 17 ces
3677 1785 106 20 hommes
3793 1784 40 25 qui
3844 1784 70 20 témoi-

3393 1812 94 22 gnaient
3500 1810 67 24 ainsi,
3578 1810 28 21 de
3619 1809 102 21 l'intérêt
3733 1808 66 27 qu'ils
3810 1809 119 25 prennent

3392 1840 15 17 a
3424 1836 24 20 la
3465 1835 68 21 chose
3550 1834 115 26 publique,
3684 1834 62 22 alors
3763 1838 44 21 que
3825 1834 47 20 l'on
3903 1837 25 16 se

3392 1860 76 25 plaint
3482 1861 22 21 si
3520 1860 104 24 souvent,
3640 1863 56 17 avec
3711 1859 86 22 raison,
3812 1859 32 21 du
3860 1858 69 24 reste,

3394 1886 28 22 de
3442 1885 168 21 l'indifférence
3629 1885 30 21 de
3677 1883 118 26 l'opinion,
3814 1884 26 22 et
3859 1884 30 21 de
3905 1879 25 26 la

3393 1911 98 21 veulerie
3504 1910 113 26 générale.

3418 1942 30 21 Et
3463 1946 43 20 que
3518 1942 55 20 sont
3587 1946 46 20 «peu
3647 1941 29 21 de
3692 1942 69 20 chose
3775 1940 63 21 leurs
3852 1940 77 21 inter-

3391 1967 113 25 «ruptions,
3519 1971 33 17 un
3565 1971 46 21 peu
3626 1966 161 25 Impétueuses,
3802 1965 15 21 à
3832 1964 52 23 côté
3898 1964 31 23 de

3393 1993 24 21 la
3433 1992 66 21 vertu
3515 1992 88 25 civique
3621 1991 58 22 dont
3696 1990 50 23 leur
3762 1990 112 22 assiduité
3892 1989 23 21 té-

3394 2018 89 23 moigne
3494 2018 7 20 1

3419 2050 60 19 Sans
3492 2048 77 24 doute,
3582 2048 17 21 U
3611 2048 36 21 est
3662 2048 40 21 des
3715 2046 106 22 orateurs
3834 2047 64 23 dont,
3913 2049 16 18 a

3392 2074 102 21 certains
3508 2073 122 25 moments,
3640 2077 35 25 pn
3689 2076 82 17 couvre
3784 2072 25 21 la
3823 2072 53 21 voix
3904 2071 26 21 et

3392 2099 41 25 j'ai
3444 2098 38 22 été
3495 2098 90 25 parfois
3598 2098 27 21 de
3640 2097 100 22 ceux-là.

3419 2131 66 20 Mais,
3501 2129 89 25 malgré
3610 2129 58 24 tout,
3683 2129 108 25 toujours
3804 2129 15 22 à
3835 2134 26 17 oe
3877 2132 40 18 mo-

3392 2155 72 24 ment,
3478 2156 60 21 dans
3564 2149 128 27 l'immense
3706 2153 109 26 majorité
3830 2155 29 21 de
3873 2153 45 22 l'as-

3392 2180 106 25 semblée,
3517 2179 154 26 précisément
3704 2184 69 20 parce
3791 2179 82 26 qu'elle
3892 2179 38 20 est

3392 2211 46 16 une
3450 2204 125 22 assemblée
3587 2204 101 24 libérale,
3698 2209 31 17 on
3739 2204 55 22 sent
3804 2208 46 18 une
3861 2203 56 22 réac-

3392 2231 51 21 tion
3455 2236 26 15 se
3493 2230 109 26 produire
3616 2234 31 16 au
3661 2234 56 16 nom
3730 2229 33 21 du
3775 2229 104 25 principe
3900 2229 30 21 de

3392 2257 24 20 la
3425 2249 58 28 libre
3494 2255 135 21 discussion.
3640 2254 106 25 Qu'alors
3757 2254 60 21 celui
3828 2254 39 25 qui
3878 2258 16 17 a
3905 2253 24 22 la

3392 2281 78 25 parole
3489 2281 71 25 garde
3574 2285 45 16 son
3637 2280 72 20 calme
3727 2290 29 5 —
3767 2284 27 17 tx
3812 2279 39 25 qui
3868 2278 61 21 n'est

3392 2311 43 20 pas
3447 2306 105 24 toujou«rs
3563 2305 70 21 facile
3645 2315 28 5 —
3684 2305 26 21 et
3720 2305 19 21 il
3749 2305 37 21 est
3795 2304 42 21 sûr
3849 2304 29 21 de
3901 2307 27 18 se

3392 2331 59 21 faire
3467 2330 99 21 écouter.

3418 2357 21 20 A
3455 2360 47 17 une
3517 2355 119 21 condition
3660 2354 112 22 toutefois
3787 2365 29 6 —
3832 2354 40 25 qui
3889 2354 41 21 n'a

3392 2386 43 20 pas
3447 2385 49 16 non
3521 2380 53 25 plus
3599 2380 107 25 toujours
3731 2379 38 22 été
3781 2378 108 22 observée
3901 2389 28 6 —

3392 2406 55 21 c'est
3459 2410 44 21 que
3515 2405 110 21 l'orateur
3636 2409 31 17 ne
3680 2405 124 21 manifeste
3818 2404 67 25 point
3900 2404 28 20 de

3393 2430 70 26 dépit,
3474 2430 26 21 et
3518 2430 77 25 garde,
3612 2434 83 17 envers
3713 2434 57 17 ceux
3788 2428 40 26 qui
3843 2428 85 22 l'écoû-

3392 2456 59 24 tent,
3468 2460 26 16 ce
3510 2455 91 25 respect
3618 2454 83 25 auquel
3718 2456 41 21 des
3776 2455 106 20 hommes
3898 2454 19 22 li-

3394 2480 53 21 bres
3466 2481 43 20 ont
3531 2481 66 21 droit,
3619 2480 65 25 quels
3705 2485 44 20 que
3770 2480 77 21 soient
3866 2480 64 21 leurs

3394 2506 138 20 sentiments
3545 2510 31 16 ou
3591 2506 62 20 leurs
3666 2506 111 24 opinions.
3814 2509 6 10 ■

3418 2531 22 21 Il
3453 2531 59 24 faut,
3524 2530 60 22 clans
3595 2530 25 21 la
3633 2531 42 23 vie,
3688 2530 77 21 savoir
3777 2530 61 21 faire
3851 2530 22 21 le
3886 2529 30 22 dé-

3393 2556 54 25 part
3462 2556 67 21 entre
3546 2555 140 22 l'accessoire
3701 2555 25 22 et
3741 2555 130 22 l'essentiel.

3419 2582 45 20 Ces
3477 2581 161 20 mouvements
3668 2581 28 20 de
3711 2580 91 25 séance,
3818 2580 111 25 auxquels

3392 2611 32 16 on
3437 2606 37 21 est
3489 2605 66 22 tenté
3570 2606 136 20 d'attribuer
3722 2610 46 17 une
3784 2606 143 24 importance

3392 2630 117 26 exagérée,
3537 2631 62 23 sont,
3627 2635 31 16 au
3688 2630 64 25 fond,
3782 2630 29 22 de
3824 2635 47 21 peu
3899 2629 29 22 de

3392 2655 86 26 portée.

3419 2682 31 20 Ce
3463 2681 39 25 qui
3512 2682 38 21 est
3560 2680 114 25 essentiel,
3686 2681 55 21 c'est
3754 2680 54 26 qu'il
3819 2680 109 22 demeure

3392 2706 57 21 chez
3465 2710 60 17 nous
3554 2706 41 21 des
3624 2706 113 23 hommes,
3766 2710 45 21 peu
3829 2706 100 24 Importe

3393 2731 61 21 leurs
3472 2731 108 25 opinions
3598 2730 124 26 politiques
3738 2735 31 17 ou
3790 2730 137 25 religieuses,

3392 2756 39 25 qui
3442 2756 98 25 gardent
3552 2760 31 17 au
3595 2760 64 17 cœur
3670 2757 21 20 le
3704 2755 64 22 souci
3778 2756 42 23 des
3830 2756 98 21 intérêts

3393 2781 118 21 collectifs.

3418 2807 31 20 Le
3462 2806 54 25 jour
3529 2806 30 21 où
3570 2806 51 22 leur
3633 2806 97 21 nombre
3744 2806 116 21 viendrait
3874 2806 15 21 à
3903 2810 25 20 se

3389 2831 104 24 raréfier,
3500 2831 24 21 le
3534 2832 53 25 Jour
3596 2831 30 22 où
3635 2834 47 19 une
3691 2832 97 26 stupeur
3797 2834 80 18 mome
3883 2834 32 17 en-

3391 2851 102 26 vahirait
3506 2857 115 24 l'opinion,
3633 2857 57 21 c'est
3702 2857 61 20 alors
3774 2861 44 21 que
3831 2855 97 26 j'aurais

3392 2886 58 20 peur
3463 2885 59 22 pour
3536 2885 56 17 mon
3605 2885 58 21 pays
3674 2881 26 22 et
3714 2886 60 21 pour
3787 2882 97 21 l'avenir
3899 2881 29 22 de

3391 2910 38 17 ses
3445 2905 69 22 libres
3531 2906 151 26 Institutions,
3700 2907 39 26 qni
3756 2907 44 26 pai'
3817 2906 52 22 delà
3886 2904 43 24 dés

3392 2935 91 18 erreurs
3491 2932 26 19 et
3526 2931 42 21 des
3578 2932 79 21 tant»
3665 2931 159 28 inséparables
3832 2932 31 21 de
3873 2933 41 19 tou-

3393 2956 34 19 tes
3453 2956 192 21 manifestations
3669 2955 130 27 humaines,
3824 2957 35 21 lui
3884 2956 44 24 ont

3392 2980 79 22 assuré
3484 2985 35 17 un
3535 2981 141 24 magnifique
3693 2980 84 24 destin.

3552 3019 81 24 Henry
3647 3019 63 22 VAS
3725 3017 177 24 LEYNSEELE.
3908 3012 8 10 '
3924 3003 13 38 I

3727 3111 135 56 L'infant

3712 3180 64 50 don
3795 3181 86 50 Juan

3698 3245 29 51 d'

3683 3323 132 27 troisième
3827 3323 40 28 fils
3879 3324 34 27 de

3678 3362 99 26 i'ex-roi
3788 3363 123 31 Alfonso,

3703 3402 194 32 photographiée

3724 3445 94 24 à-côté
3835 3442 35 27 de

3725 3492 145 52 rimante

3741 3559 119 51 lïiarie-

3666 3624 183 52 mercddBs
3886 3626 43 51 de

3715 3691 165 51 sournon-

3739 3756 113 51 Sieiie.

3691 3829 49 27 Les
3760 3830 141 32 fiançailles

3728 3869 49 27 des
3793 3870 71 27 deux

3705 3909 94 33 jeunes
3818 3920 66 21 gens

3722 3958 35 17 ne
3773 3956 90 20 seront

3728 3987 135 28 officielles

3685 4026 82 32 qu'au
3784 4030 67 25 mois
3869 4027 36 29 de

3715 4066 153 31 septembre

3722 4105 136 32 prochain.

3832 4158 35 6 —
3880 4154 27 21 T.
3919 4146 7 14 '

2853 4233 62 31 UNE
2928 4234 79 31 EXPL
3007 4235 104 36 OSION,
3124 4236 57 32 DES
3201 4236 148 33 VICTIMES

2858 4297 78 23 Tokio,
2952 4298 26 20 27
2993 4303 68 16 mars.
3076 4310 28 5 —
3117 4299 52 21 TJne
3184 4300 118 25 explosion
3314 4303 54 19 s'est

2833 4323 105 24 produite
2946 4323 59 21 dans
3015 4328 46 17 une
3071 4325 63 20 mine
3144 4326 28 20 de
3182 4326 103 21 charbon
3295 4327 72 21 située

2833 4347 51 25 près
2896 4348 28 20 de
2937 4349 121 23 Nagasaki.

2857 4378 39 20 On
2912 4383 22 19 a,
2952 4379 113 25 jusqu'Ici,
3083 4381 95 21 ramené
3197 4381 16 21 à
3231 4383 25 21 la
3275 4385 91 19 surface

2832 4407 56 16 onze
2902 4404 102 20 ouvriers
3018 4404 206 25 dangereusement
3238 4407 90 25 blessés,
3342 4409 26 20 et

2831 4427 144 26 vingt-deux,
2993 4430 57 22 dont
3064 4431 34 21 les
3114 4431 114 22 blessures
3243 4434 55 20 sont
3314 4433 53 25 plus

2832 4453 91 24 légères.
2946 4454 114 24 Quatorze
3084 4457 102 21 mineurs
3207 4460 56 19 sont
3284 4463 83 16 encore

2831 4478 115 22 enfermés
2959 4480 58 20 dans
3032 4481 34 20 les
3081 4481 102 25 galeries.
3199 4483 20 21 Il
3234 4483 72 21 existe
3321 4488 45 21 peu

2831 4503 97 26 d'espoir
2940 4505 28 21 de
2982 4505 33 21 les
3029 4510 88 18 sauver.
3129 4518 29 5 —
3170 4508 78 25 Belga.

3447 4239 79 32 SOUS
3545 4240 23 31 U
3569 4240 40 31 NE
3628 4240 118 33 AUTOM
3747 4243 115 32 OTRICE

3412 4309 74 25 Liège,
3498 4310 26 20 27
3539 4314 68 17 mars.
3620 4321 28 5 —
3661 4311 53 21 Une
3727 4313 152 22 automotrice
3892 4319 33 18 au

3386 4336 93 20 mazout
3500 4335 32 21 du
3553 4336 85 23 vicinal
3659 4337 263 27 Bourg-Léopold-Has-

3386 4360 44 20 selt
3453 4366 16 16 a
3490 4360 114 25 renversé,
3627 4361 60 22 dans
3709 4363 24 22 la
3756 4364 115 21 traversée
3894 4365 30 22 de

3386 4385 134 24 Beeringen,
3534 4386 23 21 le
3573 4386 138 23 cultivateur
3727 4389 86 25 Joseaph
3826 4390 90 21 Bortels

3384 4410 26 20 65
3429 4414 49 21 ans,
3500 4411 115 22 domicilié
3636 4412 16 21 à
3674 4413 88 26 Zolder,
3783 4415 39 25 qui
3844 4416 78 21 s'était

3384 4435 90 25 réfugié
3485 4440 41 17 sur
3539 4437 24 21 la
3578 4437 51 21 voie
3643 4438 33 22 du
3689 4439 63 21 tram
3766 4444 59 21 pour
3839 4444 25 17 se
3879 4446 29 20 ga-

3385 4465 38 17 rer
3435 4461 56 21 d'un
3504 4462 105 21 autobus,
3620 4463 21 21 n
3655 4468 14 16 a
3683 4464 37 21 été
3732 4464 77 23 traîné
3823 4470 40 17 sur
3875 4471 47 16 une

3386 4485 105 22 distance
3504 4487 29 21 de
3546 4486 113 26 plusieurs
3672 4488 91 23 mètres,
3773 4491 21 21 n
3807 4492 65 21 avait
3884 4491 38 22 été

3384 4510 40 22 tué
3438 4515 41 18 sur
3492 4511 22 21 le
3530 4517 66 21 coup.

2421 5576 53 22 Une
2487 5583 43 16 vue
2541 5580 105 23 générale
2658 5581 41 21 des
2713 5582 95 22 travaux
2823 5586 180 23 d'agencement
3019 5589 41 20 des
3076 5589 116 21 nouvelles
3209 5590 155 22 installations
3381 5592 133 21 balnéaires
3529 5593 129 21 d'Ostende.
3668 5604 30 6 —
3709 5595 30 21 X.
