3956 5638
2155 5 57 6 —

2947 7 51 16 r—-

1305 84 13 21 •

143 163 18 32 2
202 158 346 37 L'INDEPENDANCE
575 161 125 33 BELGE

121 223 141 80 La
314 224 282 87 Cour,
633 224 89 76 le
764 225 372 87 Monde,

191 328 148 78 les
384 331 681 74 Ambassades

464 463 50 21 LES
527 464 91 19 COURS

99 494 65 29 •/.'■-—
179 499 24 23 S.
220 500 30 22 M.
267 501 20 21 le
303 500 40 21 Roi
367 505 13 16 a
405 504 51 23 reçu
473 500 47 22 hier
536 501 78 24 matin,

106 527 78 27 -lundi,
201 532 29 17 en
248 528 104 22 audience
369 528 128 25 solennelle,
526 528 89 22 suivant

114 556 21 23 le
147 556 131 21 cérémonial
292 553 101 30 d'usage,
406 556 23 22 S.
444 555 24 22 E.
483 556 131 22 le-ministre

114 583 115 27 d'Egypte,
257 584 29 21 M.
305 584 106 22 Sesostrls
428 583 117 22 Sidarouss
562 584 53 23 Bey,

113 614 38 24 qui
166 616 14 17 a
194 612 102 26 présenté
310 614 14 19 a
339 612 31 21 Sa
385 612 91 25 Majesté
490 616 36 18 ses
542 612 73 21 lettres

113 639 28 22 da
171 640 92 22 créance
294 639 150 23 l'accréditant
474 644 28 18 en
533 639 82 26 qualité

112 666 114 26 d'Envoyé
256 667 178 23 Extraordinaire
464 669 22 21 et
517 667 98 23 Ministre

97 698 8 8 '
114 695 190 25 Plénipotentiaire
339 695 27 20 de
400 694 24 22 S.
460 695 28 21 M.
526 696 19 19 le
581 695 33 21 roi

114 723 75 23 Fouad
204 723 40 23 1er.

137 751 48 24 Son
200 751 128 23 Excellence
345 756 14 18 a
376 751 83 23 ensuite
476 752 34 21 été
528 753 78 24 présen-

114 779 34 22 tée
162 780 15 20 à
192 779 23 22 S.
232 779 29 22 M.
276 779 24 21 la
315 779 74 22 Reine.

137 824 26 6 —
175 814 24 22 S.
213 814 29 21 M.
258 815 20 20 le
291 814 39 23 Roi
344 819 13 18 a
371 819 50 21 reçu
435 819 27 17 en
477 814 104 22 audience
596 816 18 20 ie

113 842 87 23 Comtes
217 841 78 29 Mikes,
312 842 81 27 évêque
409 842 27 21 de
453 841 161 28 Szombothely,

113 870 39 26 qui
164 870 34 20 est
211 874 57 18 venu
282 869 115 22 remercier
411 871 30 20 Sa
454 870 91 25 «Majesté
559 875 56 22 pour

113 897 141 26 l'hospitalité
268 898 78 21 offerte
362 902 39 21 par
416 899 21 19 la
453 897 102 26 Belgique
570 902 42 16 aux

111 925 91 24 enfants
218 927 99 20 ouvriers
333 926 113 25 hongrois.

135 964 22 9 —
155 965 7 5 -
173 953 25 25 S.
211 953 30 23 M.
255 954 22 22 lu
290 954 66 22 Reine
369 959 14 15 a
396 959 50 21 roçu
460 960 27 15 en
501 955 113 25 audience,

113 981 48 24 hier
177 982 78 25 matin,
272 982 69 24 lundi,
359 982 57 22 Mme
432 982 86 26 Castro,
536 982 79 23 femme

112 1009 29 22 Ue
153 1008 24 23 S.
191 1009 24 22 E.
230 1011 20 20 le
264 1010 99 21 ministre
376 1010 27 21 de
417 1009 110 28 Portugal.

136 1047 27 6 —
177 1037 25 23 S.
218 1037 29 22 M.
264 1037 21 22 le
300 1037 40 21 Roi
368 1039 22 22 et
404 1038 30 22 S-
443 1039 26 22 A.
487 1038 25 21 R.
530 1039 48 25 Mgr
594 1043 20 17 .«

112 1066 76 23 Comte
206 1065 28 22 de
255 1065 92 23 Flandre
368 1066 133 21 honoreront
521 1066 26 20 de
568 1068 46 20 leur

112 1094 106 26 présence
233 1094 19 22 le
267 1093 53 27 gala
333 1094 104 27 organisé
451 1099 24 17 ce
490 1094 53 25 soir,
558 1099 55 17 mar«

113 1121 31 27 di,
158 1127 31 17 au
204 1121 83 22 théâtre
300 1123 62 22 royal
376 1123 28 20 de
420 1123 21 20 la
457 1122 102 22 Monnaie
574 1127 40 21 par

111 1150 33 21 les
160 1150 91 21 anciens
267 1150 148 21 combattants
431 1150 29 20 du
476 1151 25 20 2e
518 1151 82 25 guides.

133 1193 28 9 —
176 1183 24 24 S.
215 1184 31 23 M.
264 1184 19 22 le
300 1184 40 23 Roi
356 1189 88 18 recevra
473 1184 140 26 aujourd'hui

111 1211 81 26 mardi,
218 1217 30 17 au
274 1212 93 23 château
394 1212 27 22 de
448 1212 94 25 Laeken,
556 1212 56 23 Lord

110 1239 122 30 Thomson,
252 1239 99 23 ministre
371 1241 138 24 britannique
528 1241 28 22 de
576 1241 29 22 l'a-

112 1268 90 23 viation.

96 1298 11 23 i
135 1306 27 9 m-
178 1296 24 24 S.
221 1297 29 22 M.
270 1296 22 22 la
310 1297 66 22 Reine
394 1302 13 17 a
425 1301 50 22 reçu
494 1302 28 17 au
541 1297 72 21 Palais

112 1325 70 25 royal,
199 1325 62 22 lundi
277 1325 79 26 matin,
374 1330 42 16 une
433 1324 124 26 délégation
575 1325 40 22 des

112 1354 119 21 anciennes
247 1352 71 23 élèves
334 1354 38 21 des
389 1352 71 23 écoles
476 1353 137 22 d'Oostduin-

113 1381 73 25 kerke,
202 1382 117 25 composée
335 1381 27 23 de
379 1381 63 21 Mlles
459 1381 64 22 Aline
552 1381 62 25 Pyly-

112 1413 43 22 ser,
168 1409 60 22 Irma
239 1409 61 24 Mues
312 1410 21 21 et
346 1409 69 22 Maria
428 1409 116 25 Warreyn,
556 1414 50 17 com-

112 1441 84 23 pagnes
214 1437 28 22 de
261 1437 22 22 S.
303 1438 26 21 A.
349 1437 25 22 R.
396 1438 20 21 la
436 1437 113 22 Princesse
568 1437 45 22 iMa-

111 1464 98 29 rie-José,
223 1465 75 28 quand
313 1465 41 22 elle
369 1466 114 24 fréquenta
498 1466 74 21 l'école
587 1465 27 23 lie.

113 1493 57 22 cette
184 1497 118 18 commune
319 1493 97 25 pendant
432 1493 21 21 la
471 1498 76 21 guerre
564 1499 20 20 et
602 1500 12 19 y

111 1521 26 25 fit
153 1526 27 18 sa
196 1521 143 23 communion
355 1521 127 23 solennelle.

135 1549 116 23 Présentée
267 1554 41 22 par
325 1549 28 21 M.
373 1549 71 25 Baels,
462 1549 99 21 ministre
585 1550 28 21 de

112 1577 122 23 l'Intérieur
249 1578 21 22 et
284 1577 27 22 de
327 1577 122 26 l'Hygiène,
463 1579 22 20 et
500 1582 105 21 accompa-

109 1605 58 26 gnée
206 1605 28 23 de
262 1604 29 23 M.
322 1605 111 26 Brassine,
462 1605 150 27 bourgmestre

109 1631 206 27 d'Oostdulnkerke,
335 1635 21 21 la
375 1633 124 26 délégation
520 1634 91 26 apportu

109 1661 23 21 le
145 1661 84 23 cadeau
244 1663 40 20 des
301 1662 119 23 anciennes
437 1661 69 23 amies
534 1662 27 21 de
591 1663 20 22 la

110 1689 122 27 Princesse,
247 1694 28 18 en
290 1689 104 23 souvenir
408 1689 27 21 de
450 1694 41 17 son
508 1690 103 26 mariage:

111 1721 44 19 ano
176 1717 93 27 superbe
294 1725 10 11 «
322 1717 84 22 Marine
422 1726 19 16 »,
465 1718 26 21 de
518 1717 94 27 Boudry,

110 1745 92 24 l'artiste
223 1746 83 27 peintre
327 1746 113 22 anversois
461 1746 49 22 bien
532 1751 80 17 connu.

134 1773 23 24 S.
174 1774 29 21 M.
220 1774 22 21 la
258 1774 74 25 Reine,
350 1774 43 21 très
409 1774 90 22 touchée
515 1775 26 23 de
557 1775 55 21 cette

109 1805 92 22 marque
230 1801 126 22 d'affection
386 1802 92 23 sincère,
507 1802 105 21 remercia

109 1830 111 22 vivement
233 1831 23 20 et
270 1829 124 22 s'entretint
409 1830 124 25 longtemps
548 1830 27 23 de
591 1830 21 20 la

111 1857 64 28 façon
194 1859 22 20 la
236 1858 49 26 plus
304 1857 94 21 aimable
416 1862 53 17 avec
488 1858 21 21 la
527 1858 76 27 déléga-

110 1886 54 22 tion.

100 1913 26 23 &
139 1922 28 7 —
176 1913 23 24 S.
210 1913 29 22 M.
251 1914 20 21 le
284 1914 32 20 roi
328 1914 131 28 d'Espagne,
471 1915 13 20 i
496 1914 117 23 l'occasion

116 1942 27 21 de
158 1947 43 17 son
216 1942 38 22 «14e
270 1943 151 22 anniversaire
437 1948 14 17 a
466 1944 79 21 assisté
562 1944 13 21 à
592 1944 21 21 ia

116 1975 73 18 messe
207 1972 163 21 traditionnelle
385 1977 27 16 en
428 1974 20 23 1-3
465 1972 101 27 chapelle
582 1974 30 20 du

116 2001 81 24 Palais,
213 2006 29 17 au
257 2005 67 18 cours
339 2002 27 23 de
383 2002 96 26 laquelle
495 2003 20 20 le
530 2002 73 22 Souve-

116 2030 50 22 rain
182 2030 66 22 offrit
264 2030 25 21 J5
305 2030 73 29 pièces
396 2031 28 22 de
440 2031 102 22 monnaie
559 2031 54 22 d'or.

114 2060 157 27 Accompagné
287 2059 28 23 de
329 2060 21 22 S.
363 2061 26 21 A.
404 2060 24 21 R.
443 2060 89 22 l'infant
544 2061 68 24 Juan,

114 2087 28 23 Sa
156 2089 95 26 Majesté
265 2090 66 26 parut
346 2091 85 19 ensuite
447 2094 29 17 au
490 2090 79 22 balcon
583 2095 29 16 au

115 2119 99 21 moment
226 2118 30 22 où
267 2118 185 27 s'accomplissait
465 2119 21 22 U
498 2118 74 23 relève
585 2120 28 22 de

116 2146 21 23 la
151 2147 70 28 garde
235 2147 125 22 extérieure
375 2148 31 21 du
419 2148 80 21 Palais.
515 2148 29 22 Le
557 2149 44 22 Sou-

115 2176 77 23 verain
214 2176 39 22 fut
273 2177 77 26 l'objet
371 2177 119 22 d'acolama
494 2175 58 24 tions
573 2183 28 17 en-

116 2205 135 23 thousiastes
263 2206 27 22 de
303 2206 21 21 la
337 2206 61 21 foule
410 2207 37 26 qui
461 2206 52 23 était
526 2207 86 22 massée

114 2239 43 18 sur
173 2235 22 22 la
211 2235 64 27 place
292 2235 107 22 d'Armes.

140 2263 161 28 L'après-midi,
325 2269 43 16 une
391 2265 85 27 grande
499 2265 111 27 réception

116 2293 107 22 offlolelle
244 2293 38 22 eut
302 2293 52 24 lieu,
376 2293 64 27 après
462 2294 96 27 laquelle
580 2296 31 20 ies

114 2322 135 22 Souverains
262 2327 26 17 se
301 2324 52 21 sont
367 2324 133 21 entretenus-
511 2329 54 16 aveo
580 2325 31 21 les

116 2351 173 22 ambassadeur
313 2353 23 20 et
358 2352 114 23 ministres
495 2353 117 29 étrangers

108 2380 130 26 .accrédités
256 2381 14 21 à
288 2381 21 22 la
327 2381 59 22 Cour
403 2382 131 26 d'Espagne.

138 2405 36 27 Au
186 2414 66 19 oours
265 2411 27 21 de
306 2411 22 21 la
337 2410 80 25 soirée,
429 2416 34 19 un
474 2411 97 28 banquet
585 2412 26 22 de

115 2438 25 24 92
154 2440 105 23 couverts
273 2440 56 22 s'est
345 2441 53 21 teou
415 2440 58 24 dan6
489 2440 23 23 la
526 2442 85 26 grande

114 2468 57 25 salle
188 2474 14 17 a
218 2473 100 23 manger.
335 2469 30 23 La
382 2469 46 22 fête
443 2474 27 17 se
488 2471 93 22 termina
599 2471 13 21 b.

116 2497 81 23 minuit
214 2502 43 23 per
276 2502 29 18 un
326 2500 90 20 concert
436 2499 56 22 dans
513 2499 21 22 la
554 2499 59 23 Salle

114 2527 41 22 de»
165 2526 115 24 Colonnes.

139 2566 26 6 —
175 2555 22 24 S.
209 2557 26 22 A.
247 2557 24 21 R.
284 2557 21 23 le
317 2557 44 23 duo
374 2557 82 22 d'York
469 2563 12 17 a
494 2558 118 27 inauguré,

115 2585 50 22 hier
181 2586 76 25 matin,
274 2590 30 18 au
321 2586 76 23 Palais
413 2587 28 21 de
455 2587 156 26 Saint-James,

115 2615 23 22 la
157 2614 134 23 conférence
310 2615 114 27 Impériale
446 2616 27 22 de
495 2617 20 22 la
536 2617 77 22 Crolx-

113 2644 85 27 Rouge.
425 2658 6 10 ,

138 2673 46 22 Son
201 2673 87 22 Altesse
306 2674 89 26 Royale,
414 2676 98 26 prenant
524 2676 27 21 -la
570 2681 28 21 pa-

114 2699 54 31 role,
182 2707 14 17 a
208 2703 116 28 préconisé
338 2705 20 20 le
372 2703 187 28 développement
572 2705 39 22 des

115 2732 99 21 activités
234 2732 28 22 de
280 2732 165 27 l'organisation
464 2733 56 22 dans
540 2735 71 20 toutes

114 2760 34 23 les
160 2761 90 22 nations
264 2761 31 22 du
309 2762 88 21 monde.

138 2790 59 22 Lord
217 2790 119 26 Passfield,
356 2791 100 21 ministre
477 2792 39 21 des
537 2792 62 21 Domi-

113 2819 73 25 nions,
202 2824 14 18 a
231 2819 79 22 insisté
326 2825 42 16 sur
383 2820 22 21 la
419 2821 110 21 nécessité
546 2822 28 22 de
589 2823 21 21 la

113 2848 120 21 formation
249 2848 66 22 d'une
331 2849 154 26 organisation
499 2851 97 21 volontai-

114 2881 26 17 re
156 2877 39 26 qui
212 2877 147 27 s'occuperait
376 2878 40 22 des
431 2883 94 17 secours
542 2880 14 20 à
572 2884 29 22 ap-

113 2906 78 26 porter
210 2911 46 16 aux
276 2907 90 25 réglons
387 2907 156 25 d'outre-mer,
564 2910 34 21 vic-

114 2934 65 22 times
193 2935 27 22 de
235 2934 21 23 la
270 2936 85 23 famine
369 2936 23 22 et
406 2937 27 21 de
448 2936 100 23 séismes.

136 2972 27 6 —
173 2963 22 22 S.
208 2965 25 21 A.
244 2964 26 21 R.
283 2964 21 21 la
316 2965 114 26 princesse
443 2965 27 21 de
483 2965 102 22 Piémont
597 2972 13 15 a

645 463 77 21 revêtu
739 462 162 21 dernièrement
918 467 57 20 pour
992 462 21 21 la
1030 462 108 26 première

643 491 44 22 fols
700 492 22 20 U
734 492 53 20 robe
801 490 89 22 austère
904 491 39 21 des
958 498 9 9 «
983 491 80 20 Dames
1076 491 26 20 de
1117 491 20 20 la

639 520 150 26 Croix-Rouge
810 521 21 20 et
852 520 53 25 s'est
926 520 83 23 rendue
1030 522 14 20 à
1066 520 67 25 l'hôpi-

643 548 29 22 tal
687 548 101 22 militaire
802 548 27 20 de
842 548 75 24 Turin,
930 548 163 25 accompagnée
1107 548 30 20 du

644 577 74 23 Comte
740 578 21 20 et
783 577 27 22 de
833 577 18 21 la
876 576 113 22 Cornière
1011 576 126 22 Brandolini

645 606 90 22 d'Adda.

667 636 43 20 Son
724 636 86 20 Aitesse
825 635 88 27 Royale,
928 635 65 22 vêtue
1008 636 27 21 de
1050 637 20 20 la
1085 635 53 22 robe

643 665 28 22 de
691 667 21 22 la
732 664 160 25 Croix-Rouge,
912 669 60 20 cape,
994 665 103 20 manteau
1115 665 23 20 et

643 694 57 22 voile
713 693 64 22 bleus
791 694 36 21 fut
839 693 76 21 saluée
930 698 41 22 par
984 693 33 21 les
1031 693 106 22 autorités

642 723 15 22 ï
668 724 21 20 la
701 723 44 21 tête
757 722 126 26 desquelles
893 727 25 16 se
933 723 94 20 trouvait
1040 723 20 19 le
1072 721 52 22 Colo-

643 752 36 22 nel
701 752 129 24 MûuLii.at'i,
851 752 113 22 directeur
983 752 27 22 de
1032 751 106 28 l'hOpital,

642 782 37 25 qui
693 782 30 20 lui
735 781 66 21 offrit
814 786 31 18 un
858 781 137 25 magnifique
1007 781 98 25 bouquet
1117 782 20 19 et

644 812 38 25 qui
696 811 31 20 lui
741 811 92 20 adressa
849 811 19 19 le
882 810 60 21 salut
957 810 21 21 et
993 810 32 20 les
1039 810 99 20 liomma-

644 844 40 22 gee
700 840 28 22 de
745 841 47 22 tout
809 840 20 21 le
845 839 125 28 personnel,

669 869 103 21 L'intérêt
786 870 48 20 tout
847 868 130 28 parliculier
990 873 43 21 que
1048 874 28 17 ne
1091 873 36 17 ces-

643 903 26 16 sa
689 898 27 22 de
737 898 132 21 manifester
888 898 42 20 Son
950 899 87 19 .vitesse
1057 898 81 25 Royaile

643 928 162 25 impressionna
818 929 110 19 vivement
942 928 59 21 toute
1017 927 110 22 l'assistan-

638 963 26 15 ce
681 957 37 26 qui
737 957 31 22 lui
787 957 25 22 fit
831 961 43 17 une
892 956 141 23 chaleureuse
1051 957 88 23 ovation

643 985 13 21 ti
671 989 39 17 son
727 984 85 27 départ.

667 1023 25 5 -
704 1014 20 20 S.
744 1014 25 20 A.
789 1014 24 20 R.
834 1013 21 21 la
876 1014 113 26 princesse
1009 1013 81 20 Hélène
1112 1013 26 20 de

643 1043 128 22 Roumanie,
785 1042 60 21 mère
860 1042 28 22 de
900 1042 22 21 S.
935 1042 29 21 M.
978 1043 21 20 le
1013 1041 31 23 roi
1058 1042 80 21 .Michel

643 1073 26 20 de
681 1072 128 23 Roumanie,
820 1072 163 25 accompagnée
996 1072 26 20 de
1035 1077 24 15 sa
1070 1075 68 21 sœur,

644 1102 20 20 S.
683 1103 23 20 A.
725 1102 23 20 R.
767 1102 20 21 la
805 1101 113 26 prlnccbso
935 1100 64 25 Irène
1018 1101 27 22 de
1063 1101 75 23 Carèce,

643 1132 35 19 ost
694 1130 69 26 parlie
776 1130 86 20 samedi
878 1130 88 21 dernier
982 1134 57 22 pour
1054 1130 83 22 Vienne

643 1159 29 21 où
688 1159 42 21 elle
745 1160 83 20 ra^stera
844 1159 108 26 quelques
967 1159 70 25 joune.

806 1211 72 20 DANS
894 1211 50 20 LES
957 1210 185 21 AMBASSADES

670 1259 32 5 -
715 1249 22 21 S.
753 1249 52 21 Exe.
816 1249 184 22 «Tambaassadour
1013 1251 27 20 do
1055 1250 84 21 France

641 1279 22 19 et
677 1278 21 20 la
711 1278 117 21 Comtesse
842 1278 28 21 de
883 1278 86 21 Perettl
983 1279 27 20 de
1024 1279 31 21 La
1067 1279 75 21 Rocca

640 1308 40 19 ont
699 1307 74 22 donné
793 1311 30 16 un
842 1307 112 25 déjeuner
972 1312 27 16 en
1021 1308 121 21 l'honneur

640 1335 40 22 des
697 1336 103 20 officiers
816 1336 99 24 français
930 1340 71 17 venus
1017 1335 14 21 à
1045 1335 82 22 Bruxel-

640 1365 34 20 les
685 1364 96 26 prendre
794 1365 51 26 part
857 1369 28 16 au
897 1364 117 21 Concours
1025 1364 112 27 hippique,

640 1390 19 22 Y
673 1392 132 22 assistaient
823 1397 6 15 :

670 1414 31 28 te
717 1421 93 26 général
828 1422 24 22 et
868 1422 22 20 la
909 1421 139 22 Vicomtesse
1067 1421 73 26 Jolly;

641 1451 19 20 le
681 1450 87 21 colonel
788 1450 117 22 Chevalier
924 1451 24 20 et
966 1449 59 21 Mme
1044 1451 27 20 de
1091 1450 36 21 Sel

640 1479 53 20 liers
707 1479 27 21 de
747 1477 79 24 Moran
827 1473 66 34 vfMe;
905 1479 21 20 le
942 1479 87 21 colonel
1043 1479 24 20 et
1080 1478 61 21 Mme

639 1507 94 26 Donnay
745 1508 26 21 do
786 1506 109 24 Casteau;
908 1508 21 21 le
941 1507 91 26 général
1045 1508 24 20 et
1079 1507 61 20 Mme

640 1536 140 26 Chardigny;
794 1535 31 20 M.
839 1536 24 21 et
876 1535 60 21 Mme
951 1535 117 27 Raymond
1082 1535 58 21 Bru-

639 1563 67 27 gère;
720 1565 22 20 lo
759 1564 110 25 capitaine
885 1565 24 20 et
923 1563 60 22 Mmo
1001 1564 101 23 Fustler;
1118 1565 21 21 le

640 1593 228 22 Ileutenant-codonel
881 1592 100 24 Donnio;
996 1593 20 20 le
1031 1593 109 26 capitaine

636 1621 28 22 de
686 1620 147 22 Laissardière
843 1627 7 21 ;
872 1620 21 22 le
915 1620 118 22 lieutenant
1057 1620 69 22 Claire
1134 1625 5 19 ;

637 1650 23 20 le
673 1649 128 23 lieutenant
813 1649 108 25 Rolland;
936 1650 21 21 le
972 1649 125 23 lieutenant
1111 1650 28 20 de

637 1677 104 24 Tllllère;
756 1679 20 21 le
792 1678 125 21 lieutenant
933 1679 27 20 de
977 1678 162 26 Champsavin;

639 1707 20 22 le
677 1707 127 21 lieutenant
822 1706 155 26 Llssarrague.

668 1745 32 4 -
712 1735 23 20 S.
750 1734 52 22 Exe.
816 1734 182 22 l'ambassadeur
1013 1735 30 21 du
1058 1735 81 26 Japon.

637 1763 31 22 M.
675 1763 85 26 .Nagai,
776 1764 37 21 est
827 1763 77 22 rentré
919 1763 50 21 hier
983 1763 69 21 matin
1069 1763 69 21 lundi,

639 1794 83 20 venant
741 1794 27 21 de
788 1791 96 24 Genève,
903 1793 24 20 et
945 1797 13 17 a
974 1792 72 25 repris
1065 1793 22 20 la
1105 1791 21 22 di-

639 1821 85 21 rection
743 1821 26 21 de
788 1820 161 24 l'Ambassade.

826 1862 71 20 DANS
914 1862 49 20 LES
982 1862 158 21 LEGATIONS

657 1911 25 5 —
697 1901 22 20 S.
734 1900 24 22 E.
774 1900 20 21 le
810 1899 97 25 ministre
922 1898 116 29 d'Egypte,
1054 1901 28 21 M.
1099 1901 35 20 Se-

633 1928 79 21 sostris
729 1927 117 23 Sidarouss
864 1928 51 24 Bey,
932 1929 149 25 accompagné
1098 1929 38 20 des

634 1957 108 21 membres
761 1956 26 21 de
805 1956 22 21 la
845 1957 104 25 Légation
967 1960 22 19 et
1005 1959 30 19 du
1054 1957 73 21 Consu-

634 1985 38 22 lat,
685 1986 52 22 s'est
751 1985 68 22 rendu
832 1984 81 21 devant
927 1985 21 20 la
963 1985 71 22 tombe
1047 1985 29 20 du
1090 1985 37 20 Sol-

633 2013 38 21 dat
693 2011 99 24 Inconnu
812 2018 40 16 sur
872 2014 92 24 laquelle
986 2013 13 21 il
1021 2019 14 15 a
1055 2013 80 26 déposé

634 2046 43 16 une
693 2042 66 24 gerbe
773 2041 28 21 de
817 2041 68 23 fleurs
901 2041 142 27 magnifique.

668 2080 13 4 -
692 2069 148 26 Aujourd'hui
855 2070 78 23 mardi,
948 2072 13 19 ù
974 2070 119 21 l'occasion
1108 2071 27 20 de

633 2098 21 21 la
687 2098 43 22 fête
749 2098 111 21 nationale
880 2097 100 26 cubaine.
1001 2099 18 20 le
1039 2099 96 25 drapeau

633 2131 50 16 sera
696 2126 78 21 arboré
786 2127 13 20 à
812 2127 21 20 la
847 2126 103 24 Légation
964 2128 20 20 et
998 2127 13 21 ô
1024 2128 21 20 la
1059 2126 77 25 façade

632 2155 28 21 de
676 2155 49 20 tous
742 2155 30 20 les
787 2154 113 21 consulats
916 2154 91 21 cubains
1022 2159 28 16 en
1068 2155 58 25 Belgi-

632 2186 50 22 que.

939 2212 195 19 DISTINCTIONS

668 2261 12 4 -
698 2250 28 21 M.
746 2249 79 21 Briand
843 2249 58 21 vient
919 2249 26 21 de
964 2249 53 22 taire
1035 2250 93 20 remettra
1128 2254 6 9 1

634 2277 31 21 les
682 2277 99 27 insignes
797 2277 27 21 de
841 2277 158 21 commandeur
1015 2277 27 22 de
1060 2278 22 21 la
1099 2277 28 21 Lé-

633 2305 52 26 gion
702 2306 126 20 d'honneur
845 2306 14 20 à
877 2305 23 22 S.
920 2305 51 22 E\c.
992 2306 28 21 M.
1041 2306 94 23 Médina,

633 2333 78 21 ancien
727 2333 99 22 ministre
841 2332 28 22 du
886 2333 122 25 Nicaragua
1025 2339 28 16 en
1069 2334 57 21 Fran-

632 2366 25 16 ce
688 2361 152 22 actuellement
879 2361 91 27 délégué
1006 2363 129 25 permanent

633 2390 50 25 près
697 2391 22 20 la
732 2389 84 22 Société
828 2390 39 20 des
881 2390 96 24 nations,
990 2392 21 19 et
1024 2391 45 25 qui.
1082 2391 45 21 lors-

632 2423 43 21 que
692 2418 28 21 M.
739 2418 81 21 Briand
836 2418 68 21 fonda
922 2419 20 20 la
960 2418 84 22 Maison
1061 2418 27 21 de
1111 2417 24 23 la

633 2446 85 25 Presse,
736 2451 28 16 au
782 2446 65 21 début
864 2446 39 21 des
920 2446 106 25 hosllilés,
1044 2447 32 22 fut
1093 2451 41 17 son

633 2473 94 28 premier
747 2474 161 22 collaborateur
928 2479 55 21 pour
1003 2473 132 28 l'Amérique

632 2502 103 23 centrale.

996 2532 139 20 MARIAGES

668 2580 13 5 -
696 2569 145 25 Aujourd'hui
857 2569 79 26 mardi,
952 2570 13 20 à
982 2571 21 19 11
1020 2569 21 21 h.
1058 2570 32 24 30,
1106 2574 27 15 en

633 2597 83 26 l'église
735 2597 128 26 paroissiale
881 2597 27 22 de
927 2597 68 22 Limai
1015 2602 48 18 sern
1082 2598 45 22 célé-

632 2625 38 22 bré
698 2626 20 21 le
734 2625 99 27 mariage
860 2625 27 22 de
916 2626 21 21 la
954 2625 102 22 Baronne
1072 2627 63 20 Anne

633 2654 68 21 Marie
720 2654 103 25 d'Hunrt,
843 2653 45 22 fille
921 2654 28 20 du
970 2654 72 21 Baron
1065 2654 69 21 Raoul

632 2682 93 21 d'Huart
742 2682 22 21 et
780 2682 27 21 de
823 2683 24 21 la
864 2682 103 21 Baronne
984 2683 41 21 née
1043 2682 91 25 Zaman,

633 2715 53 16 avec
701 2710 30 21 M.
748 2710 72 26 Roger
834 2710 29 22 de
877 2710 96 22 Thomaz
988 2710 27 22 de
1032 2711 103 21 Bolssier-

632 2743 32 21 re,
676 2738 37 21 fils
723 2739 29 21 de
764 2738 30 22 M.
807 2738 70 22 Raoul
888 2739 28 21 de
927 2739 97 21 Thomaz
1036 2738 27 22 de
1076 2739 57 20 Bois-

631 2766 69 22 sierre
714 2767 23 21 et
751 2766 28 22 de
795 2767 58 22 Mme
868 2767 41 21 née
926 2767 207 22 Looz-Corswarem.

668 2813 12 4 -
694 2801 154 27 Aujourd'hui,
863 2801 79 24 mardi,
957 2807 48 15 sera
1021 2801 85 23 célébré
1121 2802 13 22 i

632 2829 80 25 Réthy,
731 2829 20 21 le
770 2829 99 26 mariage
888 2828 27 24 de
935 2829 51 22 .Mlle
1006 2830 121 21 Marie-Thé-

633 2859 48 19 rèse
697 2857 30 20 du
744 2858 66 24 Four,
825 2857 45 21 fille
886 2857 30 21 du
934 2858 72 21 Baron
1023 2858 29 21 du
1070 2858 65 24 Four,

632 2886 105 21 sénateur
752 2887 22 19 et
788 2888 29 20 de
833 2886 23 20 la
873 2885 110 24 Ba«ronne,
1000 2886 40 21 née
1058 2886 77 25 Merry,

632 2918 53 17 nvec
700 2913 19 22 le
733 2913 113 21 Chevalier
859 2913 27 21 de
901 2914 143 24 Maurissens,
1059 2914 35 21 fils
1108 2915 27 20 de

632 2941 37 22 feu
686 2942 20 21 le
723 2940 113 23 Chevalier
853 2941 26 21 de
898 2940 134 23 Maurissens
1061 2941 22 22 et
1107 2942 28 22 de

633 2969 65 25 Mme,
715 2969 41 21 née
772 2974 44 16 von
832 2969 55 25 Eyll.

110 3014 1024 28 llllimiMIIIIIIIIIIIIIIIIIIIIIIIIIIIIIIIIIIIIIIIIMIIIIIIIIIIIIIIIIIIIIIIIIIIllllllMllllIlilllllllllll

166 3071 88 58 Au
302 3072 252 57 Conseil

110 3156 117 56 des
294 3157 316 58 Ministres

157 3282 39 37 Le
210 3281 232 39 Gouvernement
455 3285 105 36 trouve

108 3328 46 39 les
169 3331 193 37 combattants
375 3333 68 43 trop
459 3334 152 43 exigeants

141 3422 44 23 Les
205 3424 113 22 membres
339 3426 30 20 du
387 3427 180 24 gouvernement
585 3431 26 15 se

108 3452 57 21 sont
181 3452 79 22 réunis
278 3458 29 16 en
327 3453 97 25 Conseil,
443 3459 56 16 sous
519 3455 23 21 la
560 3455 40 27 pré-

108 3480 94 22 sidence
213 3482 28 21 de
251 3481 31 21 M.
293 3481 90 27 Jaspar,
394 3483 97 25 premier
502 3483 111 21 ministre.

140 3508 33 22 M.
191 3509 23 21 le
232 3509 104 22 Ministre
356 3511 39 23 des
414 3510 100 22 Affaires
535 3511 64 21 étran-

109 3536 68 27 gères
191 3542 15 16 a
220 3538 42 22 fait
277 3543 30 16 un
323 3539 84 26 exposé
423 3540 27 20 de
464 3540 24 20 la
504 3540 107 26 politique

109 3565 142 28 expérleure.

433 3596 92 24 Projets
540 3598 28 19 de
583 3596 29 21 loi

141 3632 32 22 Le
192 3632 90 22 Conseil
301 3638 14 16 a
332 3635 116 25 approuvé
466 3635 20 21 le
505 3636 61 20 texte
584 3635 27 22 de

109 3661 92 26 projets
216 3662 27 21 de
259 3662 30 21 ioi
304 3662 15 20 à
330 3663 129 21 soumettre
475 3668 30 15 au
520 3663 47 24 Roi,
584 3668 28 18 en

110 3693 44 18 vu»
172 3690 27 21 de
216 3690 52 21 leur
283 3690 70 26 dépôt
368 3695 29 17 au
415 3690 131 22 Parlement
559 3696 6 16 :

142 3717 22 23 1.
181 3717 97 22 Portant
296 3719 99 21 création
416 3720 27 20 de
455 3719 95 22 'l'Ordre
571 3721 40 21 des

110 3746 129 25 médecins;

142 3774 22 22 2.
175 3774 143 28 Prorogeant
328 3776 109 26 jusqu'au
450 3776 29 20 30
490 3777 50 26 juin
552 3776 59 21 J931

108 3802 25 23 la
147 3804 31 20 loi
195 3804 37 21 du-
242 3803 28 21 24
288 3805 43 20 mal
350 3803 58 21 1882
425 3805 39 25 qui
479 3806 89 24 permet
583 3809 29 17 au

109 3834 183 25 gouvernement
309 3833 132 21 d'accorder
458 3834 39 21 des
516 3834 84 26 déroga-

111 3861 60 21 tions
182 3865 45 18 aux
239 3862 90 20 clauses
341 3861 40 21 des
393 3861 88 21 cahiers
493 3862 40 21 des
545 3863 56 20 char-

111 3893 42 23 ges
176 3890 41 22 des
240 3890 147 22 concessions
410 3890 27 23 de
461 3890 101 21 chemins
586 3891 27 22 de

111 3917 49 24 fer;

130 3944 20 21 3.
167 3944 92 22 Portant
275 3945 146 25 approbation
435 3947 29 20 de
480 3945 22 21 la
517 3950 85 17 conven-

111 3973 48 22 tion
177 3974 27 22 de
222 3974 150 24 conciliation,
390 3975 28 21 de
433 3974 128 27 règlement
574 3976 26 25 ju-

112 4001 91 23 diciaire
217 4003 25 21 et
254 4002 137 27 d'arbitrage
405 4004 95 21 conclue
514 4004 64 21 entre
592 4004 22 21 la

110 4029 110 27 Belgique
237 4032 25 21 et
277 4031 21 21 le
315 4035 107 21 royaume
440 4031 27 23 de
485 4030 116 27 Yougosla-

111 4058 45 22 vie.

142 4086 19 23 Il
175 4092 15 16 a
204 4087 78 21 décidé
298 4089 28 21 de
340 4089 128 20 soumettre
483 4093 29 17 au
527 4088 40 21 Roi
583 4093 29 17 un

112 4115 79 27 projet
205 4115 98 21 d'arrêté
317 4116 46 26 pris
377 4120 28 17 en
418 4116 121 21 exécution
553 4118 27 21 de
592 4117 24 21 ia

109 4144 32 21 loi
161 4145 31 21 du
213 4143 13 21 5
246 4144 56 21 avril
323 4143 60 22 1930
403 4145 90 25 réglant
513 4145 99 26 l'emploi

111 4172 42 21 des
165 4172 96 25 langues
274 4172 13 21 à
298 4172 146 22 l'Université
457 4174 27 21 de
499 4172 70 23 Gand.

144 4200 31 21 Le
190 4200 89 21 Conseil
292 4205 14 16 a
319 4201 78 22 décidé
411 4201 134 23 d'accorder
561 4206 7 16 '.
581 4201 33 22 Un

109 4228 96 23 subside
221 4230 28 20 de
266 4228 98 25 500,000
381 4230 78 20 francs
474 4229 14 21 à
504 4229 110 23 l'Institut

112 4257 102 21 national
230 4258 41 21 des
286 4256 73 22 Mines
374 4257 28 21 de
418 4257 137 25 Frameries;
571 4262 44 18 une

114 4285 171 26 augmentation
301 4286 27 20 de
341 4286 24 20 la
375 4286 138 21 subvention
527 4286 88 22 allouée

112 4313 15 21 •i
138 4313 24 21 la
174 4313 108 27 province
296 4314 30 21 du
338 4313 98 22 Hainaut
449 4319 59 22 pour
520 4314 80 22 l'entre-

115 4342 46 20 tien
174 4343 29 20 du
217 4341 58 22 Parc
289 4342 27 21 de
329 4341 142 22 Mariemont.

104 4372 10 30 j
144 4370 32 21 Le
199 4370 90 22 ConseU
311 4375 15 15 a
345 4371 102 20 examiné
467 4371 84 22 l'ordre
574 4372 41 20 des

115 4399 97 21 travaux
229 4398 186 27 parlementaires
432 4400 25 20 et
473 4399 92 26 expédié
582 4400 22 20 di-

114 4431 80 17 verses
213 4427 118 26 questions
349 4427 107 21 d'intérêt
472 4426 132 23 administra-

116 4455 36 22 tif.

144 4490 44 21 Lea
205 4490 180 20 revendications
402 4491 41 19 des
460 4491 154 20 combattants

143 4525 55 22 Bien
216 4530 44 23 que
278 4527 21 20 le
318 4528 158 25 communiqué
495 4528 38 26 n'y
550 4529 62 20 fasse

111 4559 43 22 pas
174 4555 105 23 allusion,
301 4560 58 16 nous
380 4560 85 16 savons
487 4556 127 25 également

111 4587 45 22 que
170 4584 35 21 les
220 4584 116 21 ministres
349 4589 27 19 se
389 4585 55 19 sont
458 4584 99 27 ooeupés
572 4585 40 22 des

111 4612 184 23 revendications
316 4613 41 21 des
379 4612 162 22 combattants.
562 4612 51 22 Cel-

113 4639 71 22 les-ol
198 4641 42 20 ont
253 4640 37 22 été
304 4640 155 28 considérées,
473 4645 28 17 en
515 4640 99 26 général,

116 4673 88 18 comme
222 4670 51 26 trop
289 4668 97 22 élevées.

147 4696 33 23 La
191 4697 55 21 mise
258 4702 28 16 en
298 4696 96 27 vigueur
406 4698 27 21 de
444 4698 24 20 la
476 4697 141 27 proposition

115 4724 99 28 déposée
233 4730 41 22 par
292 4725 53 21 MM.
362 4725 142 24 Mundeleer,
521 4724 96 25 Devèze,

115 4751 111 26 Mathieu,
242 4752 47 23 Van
305 4752 77 23 Hoeok
397 4755 25 20 et
438 4753 76 22 Vande
529 4752 88 22 Meule-

115 4781 93 24 broeek,
228 4781 152 27 péréquatant
399 4786 30 17 au
449 4782 135 22 coefficient
603 4782 13 21 5

113 4809 35 23 les
167 4811 108 25 pensions
296 4811 23 21 et
339 4810 136 24 Indemnités
496 4810 119 24 actuelles,

114 4838 148 22 entraînerait
278 4843 44 17 une
340 4838 99 27 dépense
457 4839 27 22 de
502 4837 44 22 400
565 4837 37 22 mil-

113 4866 59 24 lions
187 4871 59 24 pour
258 4867 22 22 le
295 4866 91 22 Trésor.

143 4894 68 23 Aussi
222 4895 21 22 le
256 4897 178 26 gouvernement
446 4896 65 21 a-t-ll
524 4895 90 22 déclaré

114 4927 31 17 ne
165 4923 95 26 pouvoir
277 4928 28 17 se
324 4923 77 22 rallier
419 4928 15 16 a
451 4924 61 21 cette
534 4928 70 22 propo-

114 4950 78 23 sition.

144 4978 58 23 Sans
221 4979 68 22 doute
310 4981 20 20 le
350 4981 181 25 gouvernemenl
547 4984 66 17 sera-

115 5007 39 21 t-H
171 5008 84 21 'amené
277 5007 14 22 à
312 5007 57 23 faire
390 5008 116 21 connaître
528 5007 88 22 bientôt

113 5039 40 17 ses
165 5036 144 21 conclusions
321 5036 15 22 à
348 5042 25 15 ce
383 5036 73 26 sujet.

203 5076 43 21 Lei
263 5077 141 23 Téléphones
421 5080 25 19 et
462 5077 155 25 Télégraphes

148 5111 76 25 Enfin,
234 5117 43 17 nos
289 5114 114 22 ministres
413 5120 27 17 se
450 5117 55 20 sont
516 5115 99 27 occupés

118 5140 63 21 aussi
196 5140 30 21 du
242 5141 74 26 projet
331 5143 27 21 de
372 5143 32 21 loi
417 5144 101 25 pendant
531 5149 29 17 au
575 5143 29 22 Sé-

114 5168 49 25 nat,
182 5169 24 20 et
223 5169 78 21 relatif
317 5170 12 20 i.
347 5171 22 20 la
386 5171 56 22 mise
461 5177 26 16 en
508 5172 60 26 régie
586 5173 27 21 de

117 5195 196 23 l'administration
329 5197 40 22 des
382 5198 141 26 Téléphones
538 5200 24 21 et
575 5200 41 22 des

115 5223 162 27 Télégraphes.

146 5251 35 23 De
191 5252 114 22 sensibles
318 5253 167 24 modifications
499 5258 54 20 vont
566 5256 48 21 être

114 5280 123 28 apportées
251 5280 14 21 4
279 5280 25 22 ce
317 5282 82 25 projet,
414 5283 56 20 dont
482 5284 21 20 le
518 5284 97 21 résultat

115 5309 141 27 équivaudra
268 5314 27 18 eo
306 5314 88 18 somme
408 5310 13 20 à
433 5315 27 18 ne
474 5312 71 24 créer,
558 5317 57 21 pour

99 5332 4 7 '
113 5337 36 22 les
172 5337 154 27 Télégraphes
356 5336 23 23 et
409 5339 33 20 les
465 5337 148 27 Téléphones,

115 5366 89 27 qu'une'
219 5365 154 27 comptabilité
389 5366 102 25 séparée.

506 5409 42 20 Les
562 5411 52 21 Jeux

149 5445 75 24 Quant
240 5449 45 17 aux
298 5446 63 25 Jeux,
379 5446 20 20 ie
417 5444 97 24 Conseil,
532 5446 72 21 effleu-

115 5476 54 19 rant
185 5475 60 21 cette
264 5474 113 26 question,
396 5478 14 15 a
426 5472 78 23 décidé
523 5473 27 21 de
567 5475 50 20 s'en

111 5501 59 21 tenir
196 5505 29 17 au
251 5501 73 27 projet
340 5500 95 28 Janson,
452 5500 131 22 c'est-à-dire
602 5502 11 20 è

712 3074 42 46 Le
778 3076 163 54 premier
957 3074 104 48 saion

656 3144 63 47 des
743 3143 227 50 Humoristes
987 3146 127 57 Belges

665 3243 64 22 Nous
743 3245 140 21 annoncions
895 3246 141 21 récemment
1048 3247 23 21 la
1084 3247 39 21 fon-

637 3272 84 26 dation,
744 3273 14 21 à
779 3273 127 25 Bruxelles,
928 3274 28 22 de
978 3275 159 21 l'Association

636 3301 40 22 des
692 3301 151 25 Humoristes,
859 3303 99 26 groupés
973 3308 57 16 sou6
1043 3303 81 22 l'ensei-

636 3334 43 21 gne
700 3332 27 20 de
750 3338 9 11 »
779 3330 34 22 La
830 3331 61 21 Mine
910 3331 120 22 Souriante
1051 3339 21 15 ».
1091 3332 45 21 Son

636 3359 57 20 aotif
707 3359 123 26 président,
845 3359 32 21 M.
890 3360 115 25 François,
1020 3365 58 17 nous
1094 3361 30 22 fai-

634 3388 47 20 sait
700 3389 52 25 part
770 3389 28 20 de
817 3393 40 16 ses
865 3389 108 26 'projets.
993 3389 17 21 Il
1031 3394 57 16 nous
1109 3395 27 15 en

636 3417 88 20 montre
740 3417 145 25 aujourd'hui
898 3417 131 21 l'heureuse
1044 3419 25 20 et
1082 3418 42 21 har-

637 3445 35 21 die
688 3445 140 21 réalisation.
845 3445 31 22 Le
895 3446 98 26 premier
1010 3446 68 21 Salon
1097 3447 40 21 des

636 3473 142 21 Humoristes
806 3474 59 21 s'est
896 3476 82 19 ouvert
998 3475 88 21 samedi
1108 3479 28 16 en

636 3502 73 26 pleine
728 3502 69 22 Porte
816 3504 28 21 de
863 3502 92 25 Namur,
975 3503 15 21 à
1008 3504 22 20 la
1048 3503 88 21 Galerie

635 3530 100 22 Larrlbe.

665 3559 19 20 A
700 3560 52 21 tout
764 3560 110 26 seigneur
891 3561 51 21 tout
958 3560 104 21 honneur
1083 3565 7 16 ;
1106 3559 30 21 M.

635 3588 106 26 François
761 3593 14 21 y
794 3593 84 21 expose
899 3589 40 21 des
959 3589 108 25 portraits
1088 3588 47 21 très

635 3617 87 22 réussis
737 3617 127 22 d'hommes
880 3617 123 26 politiques
1019 3618 57 21 ainsi
1092 3622 44 21 que

635 3646 41 21 des
695 3646 90 21 dessins
802 3646 13 20 à
833 3645 108 26 légendes
961 3646 27 22 de
1006 3646 59 21 belle
1086 3646 37 21 fac-

636 3675 59 20 ture.

665 3703 85 21 Marcel
772 3703 95 21 Antoine
890 3708 86 21 occupe
999 3705 22 19 la
1043 3703 92 21 cimaise

635 3736 55 17 aveo
709 3736 40 16 ses
772 3731 148 24 caricatures,
941 3732 39 25 qui
1000 3737 26 16 se
1048 3736 76 17 remar-

635 3761 72 25 quent
724 3764 42 22 par
785 3764 31 16 un
835 3760 140 25 dynamisme
997 3760 98 21 hilarant
1113 3760 25 21 et

636 3793 43 17 une
696 3788 61 21 série
776 3788 28 21 de
822 3793 154 22 personnages
995 3788 64 21 créés
1080 3793 57 22 pour

636 3818 21 20 le
670 3817 77 22 dessin
761 3817 81 21 animé.

667 3846 16 20 Il
704 3847 37 20 est
757 3846 105 25 superflu
882 3846 27 21 de
932 3846 54 20 faire
1006 3846 81 25 l'éloge
1108 3846 27 20 de

635 3874 31 21 M.
680 3874 84 21 Roméo
780 3874 129 22 Dumoulin,
925 3874 56 21 dont
995 3874 22 20 la
1031 3873 105 23 brillante

636 3904 129 25 réputation
780 3907 14 17 a
807 3902 80 27 depuis
902 3903 129 25 longtemps
1047 3902 90 21 franchi

636 3937 41 16 nos
698 3930 130 23 frontières.
849 3931 43 21 Les
913 3931 59 21 têtes
993 3930 130 22 malicieuse-

635 3960 65 21 ment
726 3959 122 22 observées
883 3960 27 21 de
944 3958 68 22 Henri
1037 3958 100 21 Lemaire

638 3989 112 26 prouvent
767 3993 30 16 un
814 3988 73 21 talent
900 3987 44 22 sûr
960 3988 25 21 et
1000 3987 138 21 consommé.

668 4016 34 22 On
716 4021 119 22 remarque
850 4017 33 20 les
898 4016 89 21 dessins
1001 4016 27 22 de
1043 4015 44 22 Léo
1101 4015 36 24 Jo,

637 4046 34 21 les
690 4045 151 22 illustrations
859 4044 140 22 enluminées
1017 4045 27 21 de
1062 4044 76 24 Ancla,

636 4075 42 25 le6.
689 4074 85 21 visions
792 4073 128 22 cérébrales
939 4073 27 22 de
985 4072 92 21 Francis
1092 4072 33 21 An-

639 4102 46 24 dré,
715 4100 34 23 les
768 4100 166 26 .compositions
965 4099 116 22 modernes
1111 4099 27 21 de

636 4131 48 21 Van
703 4131 127 27 Oleemput,
848 4130 115 22 l'habileté
981 4130 111 27 picturale
1111 4129 26 21 de

638 4160 146 27 Lempereur,
800 4160 34 21 les
850 4158 124 27 synthèses
992 4159 102 22 vivantes
1111 4158 27 21 de

638 4188 118 26 Mo6dyck.

669 4217 18 21 Il
703 4218 37 21 e6t
754 4216 139 26 regrettable
911 4220 43 22 que
972 4215 55 24 Rali,
1044 4216 38 24 qui
1099 4219 40 22 par

636 4251 28 16 6a
682 4245 149 26 composition
848 4244 158 26 remarquable
1025 4244 42 20 fait
1082 4248 43 16 son-

638 4279 41 21 ger
691 4274 14 21 à
718 4273 78 23 Ensor,
811 4273 54 21 n'ait
877 4272 85 26 exposé
976 4271 68 27 qu'un
1062 4279 10 10 «
1083 4271 43 21 Car-

638 4303 65 21 naval
720 4295 19 29 »'.

664 4329 109 22 Viennent
790 4329 87 21 ensuite
887 4329 37 21 "de
943 4328 124 21 nombreux
1085 4328 45 20 ima-

639 4361 60 24 giers
712 4360 28 21 de
754 4360 115 21 l'humour
888 4364 6 15 :
907 4358 81 26 Hergé,
1001 4358 79 26 Teddy
1091 4358 47 20 Van

640 4387 93 25 Beuren,
758 4386 145 24 Jean-Emile,
930 4385 103 24 Canneel,
1061 4386 15 20 't
1093 4385 47 23 Sas,

639 4416 90 24 Hovine,
746 4416 79 20 autant
842 4415 27 21 de
887 4415 162 26 personnalités
1067 4414 63 21 diver-

636 4451 41 17 ses
691 4447 25 21 et
727 4446 174 26 sympathiques
916 4451 41 21 par
969 4446 24 21 ta
1006 4446 74 20 bonne
1095 4445 30 20 hu-

637 4478 64 16 meur
717 4474 28 20 de
764 4473 59 21 leurs
841 4473 147 25 réalisations.
1008 4473 29 21 M:
1057 4472 82 21 Vande-

639 4501 61 23 relst,
721 4501 63 20 outre
802 4505 40 16 ses
866 4500 95 23 dessins,
991 4504 82 22 expose
1100 4500 39 20 des

639 4530 109 25 broyeurs
762 4534 28 17 en
805 4529 36 22 fer
854 4530 52 20 d'un
921 4529 148 21 modernisme
1086 4530 42 19 heu-

640 4562 63 20 reux,
724 4558 86 24 Lenoir,
831 4558 122 24 Bossaerts,
974 4559 47 21 tant
1042 4559 98 20 d'aulres

640 4586 54 22 dont
712 4586 167 22 l'énumératlon
896 4588 69 21 serait
984 4589 48 25 trop
1052 4587 88 27 longue.

669 4616 140 27 Rayonnant,
830 4617 31 21 M.
882 4617 106 26 François
1009 4619 71 24 reçoit
1098 4623 40 16 ses

639 4645 108 21 visiteurs
765 4646 25 22 et
807 4650 58 17 nous
884 4651 102 18 annonce
1006 4651 43 22 que
1069 4646 40 23 dès
1127 4647 13 20 à

640 4673 93 26 présent
746 4674 20 23 le
779 4674 67 22 Salon
861 4676 35 20 est
910 4675 68 21 Invité
993 4679 13 17 a
1017 4680 26 16 se
1058 4676 80 20 rendre

639 4701 14 21 à
667 4701 114 23 Verviers.

670 4730 120 23 Amateurs
804 4731 95 27 d'esprit
914 4733 24 20 et
952 4732 129 24 d'humour,
1096 4732 15 21 11
1126 4736 15 22 y

638 4762 22 21 a,
673 4763 30 17 au
716 4758 68 22 Salon
799 4760 28 22 de
842 4760 21 21 la
878 4759 88 23 Galerie
980 4759 100 25 Larrlbe,
1095 4765 44 17 une

641 4786 134 27 après-midi
796 4788 118 26 agréables
922 4788 14 22 à
957 4793 86 21 passer,
1072 4790 25 21 et
1126 4789 14 20 il

641 4816 105 21 convient
762 4817 27 21 de
805 4816 81 23 rendre
902 4816 120 28 hommage
1037 4817 15 22 à
1067 4818 22 22 la
1106 4817 21 21 té-

640 4844 73 21 nacité
734 4841 28 25 de
783 4849 40 17 ses
845 4844 155 25 réalisateurs,
1024 4850 58 23 pour
1104 4846 34 20 les

640 4871 136 23 révélations
794 4873 67 26 qu'Us
878 4878 58 17 nous
953 4874 107 22 donnent.

897 4901 84 22 Marcel
995 4901 113 22 ROVAIN.

660 4941 26 7 —
840 4936 20 17 *
871 4938 59 16 O-mm

673 4974 208 38 Communistes
895 4976 216 37 anticoloniaux

649 5057 38 21 lue
710 5059 61 18 noire
792 5059 171 21 correspondant
985 5059 139 23 particulier./

923 5096 92 25 Anvers,
1029 5096 23 21 19
1062 5097 51 20 mai.

661 5122 32 22 La
717 5123 69 25 police
810 5129 13 15 a
845 5123 75 22 dressé
943 5124 158 25 procès-verhal
1125 5126 13 19 à

639 5151 80 26 charge
733 5151 28 22 de
777 5150 34 20 six
828 5150 86 25 gamins
928 5143 157 30 communistes
1101 5157 38 20 qui

639 5179 87 22 avaient
739 5178 91 25 déployé
844 5178 50 25 près
907 5179 27 22 de
947 5180 22 21 la
981 5179 65 21 malle
1059 5183 71 22 congo-

637 5207 54 22 laise
713 5211 30 17 un
763 5205 79 22 calicot
862 5207 125 24 engageant
1008 5206 31 21 les
1061 5208 77 24 nègres

638 5236 14 20 &
665 5240 25 16 se
702 5235 90 24 séparer
803 5233 28 21 de
846 5233 21 23 la
880 5232 109 27 Belgique.

641 5310 49 21 leur
709 5310 165 26 supppression
895 5309 105 21 radicale,
1021 5309 17 21 il
1057 5315 71 21 appar-

641 5338 87 21 tiendra
747 5338 13 20 à
778 5337 124 22 l'initiative
921 5337 172 26 parlementaire
1112 5339 27 20 de

639 5367 137 20 déterminer
797 5367 33 19 les
851 5366 131 25 exceptions
1001 5370 13 16 a
1035 5366 55 20 faire
1111 5371 27 16 en

640 5395 80 21 faveur
738 5395 27 21 de
784 5394 65 24 villes
868 5393 158 21 déterminées.

654 5435 3 6 .
670 5422 92 22 L'ordre
784 5423 31 20 du
834 5422 62 27 Jour,
918 5423 50 25 trop
990 5421 91 28 chargé,
1102 5423 38 20 n'a

639 5452 63 25 point
713 5451 84 26 permis
809 5455 28 16 au
849 5449 89 21 Conseil
949 5450 122 20 d'achever
1079 5451 60 20 cette

640 5478 45 21 fols
704 5480 23 20 la
746 5480 55 20 mise
821 5483 29 16 au
869 5478 65 27 point
953 5478 31 21 du
1004 5478 75 26 projet
1097 5483 43 16 sur

639 5506 99 22 l'alcool.

1186 224 452 81 L'Adjudication

1384 312 49 32 de

1161 360 114 60 deux
1289 374 228 47 nouveaux
1533 362 129 69 ponts

1237 440 348 57 transbordeurs

1162 523 137 45 suscite
1334 531 45 36 un
1414 521 104 46 débat
1546 521 115 46 animé

1194 602 43 36 au
1262 590 140 48 Conseil
1425 591 203 47 Communal

1324 660 174 50 d'Anvers

1186 772 38 23 IDe
1239 771 50 21 nolr
1289 780 11 16 e
1316 771 171 24 correspondant
1504 771 132 24 particulier)

1438 812 92 25 Anvers,
1549 813 23 20 19
1590 812 49 21 mai.

1184 848 30 20 Le
1232 848 87 22 Conseil
1335 849 127 21 communal
1478 849 54 26 s'est
1550 849 62 22 réuni
1629 850 33 20 cet

1161 876 126 26 après-midi
1311 881 53 16 sous
1387 877 21 20 la
1432 876 127 26 présidence
1582 876 28 22 de
1635 877 28 20 M.

1163 904 9 19 \
1180 908 30 17 an
1226 903 141 24 Cauwelaert.
1383 905 70 26 Après
1469 905 61 21 avoir
1546 905 70 22 validé
1632 907 31 20 les

1161 932 103 26 pouvoirs
1281 933 27 23 de
1326 932 27 22 M.
1372 933 54 22 Jean
1444 933 87 25 Wilms,
1548 933 115 22 conseiller

1160 960 136 27 remplaçant
1319 960 27 24 M.
1372 960 138 27 Serriegiers,
1533 961 87 28 décédé,
1639 961 24 21 -le

1162 988 93 23 Conseil,
1280 990 13 21 è
1320 988 21 22 la
1364 989 111 23 demande
1499 989 29 21 de
1551 989 111 26 plusieurs

1161 1016 117 25 membres,
1298 1019 68 21 remet
1386 1019 14 20 à
1419 1016 58 26 jeudi
1499 1017 21 20 la
1540 1017 123 21 discussion

1163 1044 135 22 concernant
1323 1043 108 27 l'empunt
1455 1044 30 22 de
1509 1045 79 26 quatre
1613 1044 52 21 cent

1161 1073 97 22 millions
1276 1076 28 21 de
1324 1073 74 22 francs
1418 1090 13 6 .
1451 1074 101 22 conclure
1572 1078 51 19 avec
1644 1074 18 21 le

1161 1101 72 23 Crédit
1247 1101 127 22 communal
1392 1102 26 21 de
1436 1102 108 26 Belgique.

1184 1129 29 22 Le
1224 1129 87 23 Conseil
1323 1130 84 21 discute
1420 1130 84 23 ensuite
1518 1130 43 21 très
1575 1134 79 22 longue-

1161 1161 61 21 ment
1243 1158 21 23 la
1282 1157 101 27 queslion
1403 1158 28 21 de
1453 1158 20 21 la
1495 1158 121 22 fourniture
1636 1157 26 22 de

1160 1186 58 23 deux
1235 1186 65 26 punis
1317 1186 167 21 transbordeurs
1500 1190 56 21 pour
1571 1187 20 21 le
1605 1186 57 26 port.

1161 1213 34 22 Ou
1213 1214 43 25 sait
1274 1218 43 21 que
1335 1213 160 25 dernièrement
1513 1214 27 21 de
1558 1214 105 21 violentes

1161 1242 155 25 piotestations
1331 1246 32 18 -se
1385 1242 51 21 sont
1457 1242 85 22 élevées
1563 1242 58 21 dons
1643 1243 20 21 lo

1162 1274 55 21 pays
1234 1269 78 25 entier,
1328 1273 23 21 et
1367 1269 156 26 spécialement
1540 1270 57 24 dans
1616 1270 38 21 l'in-

1159 1297 84 22 dustrie
1257 1297 174 27 métallurgique,
1444 1303 65 20 parce
1522 1302 42 22 que
1579 1298 20 21 la
1612 1298 51 21 ville

1160 1325 109 22 d'Anvers
1285 1325 60 23 avait
1360 1325 131 23 commandé
1508 1328 13 21 è
1539 1331 43 17 une
1599 1326 63 22 firme

1160 1353 125 23 allemande
1304 1355 77 25 quatre
1401 1355 65 24 ponts
1486 1354 101 21 roulants
1608 1358 51 22 poui

1163 1381 17 20 le
1191 1381 171 27 déchargement
1374 1381 38 22 des
1426 1381 111 24 minerais.
1551 1381 40 23 Les
1604 1382 57 21 deux

1162 1412 63 22 «ponts
1262 1409 168 22 transbordeurs
1462 1410 82 22 actuels
1575 1410 88 22 doivent

1160 1438 119 25 compléter
1291 1439 31 20 les
1333 1438 77 25 quatre
1423 1439 65 24 ponts
1500 1438 100 22 roulants
1612 1439 42 23 alle-

1162 1466 87 23 mands.
1264 1465 39 29 Or,
1318 1467 21 21 le
1352 1465 88 27 Collège
1455 1470 94 22 propose
1562 1466 28 22 de
1605 1470 50 18 com-

1160 1493 93 23 mander
1271 1498 37 18 ces
1327 1493 56 22 deux
1408 1495 64 25 ponts
1494 1493 169 23 transbordeurs

1162 1522 10 20 t,
1192 1522 21 23 la
1229 1522 71 21 même
1317 1521 63 22 firme
1397 1521 131 23 allemande.

1185 1550 28 21 M.
1226 1548 199 26 LONGUEVILLE,
1438 1549 116 26 socialiste,
1567 1551 95 26 proteste

1161 1580 20 17 et
1200 1578 45 21 met
1263 1577 19 24 le
1301 1577 86 26 Collège
1405 1583 29 18 en
1452 1578 68 25 garde
1536 1578 76 22 contre
1632 1577 31 23 les

1162 1610 96 18 masures
1275 1605 28 21 de
1320 1605 138 26 représailles
1475 1610 42 22 que
1536 1606 125 26 pourraient

1163 1633 96 26 prendre
1274 1632 32 22 les
1321 1633 101 21 ouvriers
1435 1632 181 28 métallurgistes,
1632 1633 32 22 les

1160 1664 75 20 usines
1255 1662 169 25 métallurgistes
1444 1664 21 21 et
1483 1668 28 16 en
1532 1664 86 25 général
1642 1663 20 22 lu

1161 1690 83 26 grande
1265 1690 107 23 industrie
1394 1691 61 25 belge
1476 1692 76 22 contre
1574 1692 18 22 le
1614 1692 48 25 porl

1159 1718 109 22 d'Anvers
1285 1719 19 22 si
1322 1718 21 22 la
1359 1718 52 22 ville
1427 1719 103 21 continue
1548 1721 14 20 è
1578 1718 83 22 donner

1163 1747 19 19 ii
1199 1746 124 26 préférence
1339 1751 44 17 aux
1399 1746 74 23 usines
1489 1747 134 25 étrangères.

1185 1774 28 27 M.
1246 1773 214 24 HERREBRANDT.
1490 1774 81 24 libéral,
1601 1775 63 26 parla

1160 1799 56 26 daris
1230 1801 21 21 le
1266 1802 71 20 même
1352 1807 51 15 sens
1418 1804 21 19 et
1453 1803 87 20 combat
1556 1801 29 23 lui
1601 1803 60 20 aussi

1162 1829 20 22 la
1202 1830 134 26 proposition
1356 1831 29 21 du
1405 1830 93 26 «allège.
1520 1830 14 22 I!
1554 1830 109 21 demande

1160 1863 41 20 que
1226 1859 21 23 le
1270 1858 83 21 service
1377 1858 114 26 technlquai
1514 1860 44 22 soit
1582 1859 81 26 chargé

1160 1886 123 21 d'élaborer
1298 1890 29 17 un
1343 1890 100 18 nouveau
1458 1886 75 22 cahier
1547 1887 39 21 des
1601 1886 54 22 char-

1162 1918 48 21 ges,
1223 1914 24 20 et
1258 1918 45 21 que
1318 1914 22 20 la
1353 1913 57 22 Ville
1426 1914 60 22 fasse
1501 1918 45 18 une
1560 1913 103 22 nouvelle

1161 1943 54 21 mise
1229 1948 28 16 en
1272 1943 148 25 adjudication
1437 1944 109 25 publique.

1183 1971 114 21 L'échevin
1322 1971 89 20 LEBON
1434 1970 147 27 {cnlhollque;,
1605 1972 58 21 tente

1159 1998 32 25 de.
1205 1998 105 24 défendre
1327 2004 26 18 sa
1372 2000 143 25 proposition.
1535 2000 15 21 Il
1570 2001 32 21 dit
1620 2004 42 21 qu6

1159 2026 39 21 des
1218 2027 147 25 propositions
1385 2032 38 20 ont
1443 2028 33 20 été
1497 2028 63 21 faites
1581 2030 12 20 è
1611 2028 51 25 cinq

1160 2054 75 21 firmes
1254 2054 74 26 belges
1347 2058 21 19 et
1387 2060 42 21 que
1449 2056 53 23 trois
1522 2056 27 22 de
1568 2056 94 21 celles-ci

1159 2087 38 19 or«t
1209 2082 99 26 répondu
1321 2083 99 26 qu'étant
1432 2083 144 26 surchargées
1588 2085 28 21 de
1627 2084 27 20 be-

1159 2115 77 22 sogne,
1251 2110 53 22 elles
1320 2116 27 17 ne
1362 2112 117 24 pouvaient
1494 2112 99 25 accepter
1606 2113 55 21 cette

1157 2138 140 21 commande.
1306 2141 4 3 '

1182 2167 30 22 M.
1225 2167 55 20 VAN
1293 2166 198 28 CAUWELAERT,
1503 2169 157 23 bourgmestre.

1159 2194 34 21 dé.
1189 2195 7 8 r
1195 2195 44 20 «".nd
1255 2195 29 20 lui
1302 2196 58 19 aussi
1379 2196 20 21 la
1416 2195 135 25 proposition
1568 2196 29 20 du
1615 2194 36 22 Col

1161 2222 53 26 lège,
1230 2222 21 22 é!
1269 2223 108 21 demande
1395 2228 28 15 au
1441 2222 86 22 Conseil
1545 2224 107 25 d'approu-

1160 2255 38 16 ver
1213 2250 163 25 l'adjudication
1393 2256 27 16 au
1438 2251 64 24 profit
1526 2252 19 21 le
1561 2251 20 21 la
1599 2251 61 21 firme

1159 2278 131 22 allemande.

1186 2306 29 22 M.
1229 2306 119 21 CAMILLE
1362 2304 147 25 HUYSMANS
1527 2306 130 25 (socialiste)

1163 2334 88 21 déclare
1278 2334 53 26 qu'il
1358 2334 153 25 s'abstiendra,
1539 2340 39 16 car
1604 2335 55 21 dans

1162 2364 58 21 cetle
1238 2363 109 26 queslion,
1364 2363 15 20 il
1398 2367 12 20 y
1428 2368 11 15 n
1460 2364 48 26 irop
1526 2364 27 21 de
1569 2365 77 22 contra-

1162 2392 101 25 dictions,
1276 2393 23 21 et
1314 2392 39 22 des
1368 2392 88 22 choses-
1463 2393 37 27 qui
1517 2397 27 17 ne
1561 2393 30 21 lui
1608 2393 42 21 don-

1163 2422 53 19 nent
1233 2426 39 21 pas
1290 2426 36 15 ses
1346 2422 154 26 a.palsemçn!s.

1186 2450 28 20 M.
1236 2450 199 22 HERREBRANDT
1477 2451 95 24 {libéral:
1598 2452 60 27 parle

1159 2479 65 23 d'une
1232 2480 97 21 seconde
1339 2480 140 21 commission
1491 2480 121 21 demandée
1621 2485 41 22 par

1161 2513 43 18 une
1216 2509 64 21 autre
1293 2509 64 23 firme
1369 2510 38 26 qui
1419 2515 14 16 a
1444 2509 95 22 réclamé
1552 2510 40 22 des
1603 2514 47 18 mar-

1160 2538 53 21 chés
1223 2538 107 27 d'origine
1339 2538 133 22 allemande.
1482 2539 56 22 Mais
1549 2539 20 21 le
1578 2539 73 26 bourg-

1161 2569 81 19 mestre
1261 2568 79 26 peut-il
1359 2572 56 18 nous
1434 2572 91 19 assurer
1542 2573 44 21 que
1604 2569 57 21 cette

1159 2597 107 25 exigence
1278 2597 34 20 n'a
1326 2602 39 21 pas
1378 2597 34 22 élé
1425 2598 124 26 provoquée
1564 2603 40 21 par
1618 2602 43 17 une

1158 2627 98 21 certaine
1273 2627 107 25 pression.

1182 2657 33 20 Au
1236 2659 48 22 port
1301 2661 29 17 on
1349 2656 85 23 déclara'
1452 2660 147 19 ouvertement
1619 2662 42 20 que

1159 2684 14 20 à
1189 2684 57 20 cette
1262 2684 65 20 firme
1344 2684 64 26 exige
1424 2685 40 21 des
1480 2685 111 26 appareils
1605 2684 45 22 alle-

1158 2713 89 27 mands,
1267 2713 53 22 c'est
1341 2719 43 21 que
1406 2715 28 20 M.
1457 2715 47 21 Von
1526 2715 134 23 Cauwelaert

1159 2741 110 21 lui-même
1288 2742 29 20 lui
1336 2747 13 16 a
1368 2743 94 23 suggéré
1481 2742 90 21 d'écrire
1591 2748 25 15 ni

1157 2774 54 16 sens
1227 2774 28 16 au
1272 2769 92 26 Collège-

1182 2797 30 20 M.
1224 2796 58 21 VAN
1296 2797 190 21 CAUWELAERT
1497 2797 132 27 s'explique.
1642 2797 19 20 Il

1158 2832 14 16 a
1190 2830 52 21 reçu
1261 2823 86 24 lavisite
1364 2828 39 20 dne
1421 2827 122 26 dirigeants
1560 2828 28 21 de
1606 2828 55 21 cette

1159 2854 64 20 firme
1240 2854 36 25 qui
1293 2854 102 21 venaient
1414 2855 29 20 lui
1460 2855 73 25 parler
1549 2858 13 20 è
1580 2859 81 22 propos

1158 2881 68 21 d'une
1245 2881 128 21 concession
1403 2883 57 23 mais
1481 2887 36 21 lu;
1539 2882 122 26 exigeaient

1157 2910 41 21 des
1212 2909 110 25 appareils
1338 2909 129 21 allemands.

1182 2937 58 24 C'ast
1258 2937 59 21 alors
1335 2937 52 25 qu'il
1406 2938 47 20 leur
1471 2942 13 17 a
1502 2938 98 25 répondu
1619 2943 41 21 que

1160 2969 28 17 ne
1208 2964 93 22 voulant
1321 2969 41 22 pas
1380 2965 96 26 prendre
1495 2964 48 21 cela
1561 2970 55 16 60U3
1634 2969 26 16 sa

1159 2994 175 26 responsabilité,
1336 2994 14 21 il
1371 2994 32 22 les
1423 2994 116 26 engageait
1559 2995 12 20 à
1590 2994 70 21 écrire

1160 3028 29 17 au
1198 3022 96 28 Collège.
1296 3023 136 22 Finalement
1443 3028 28 16 on
1483 3025 45 20 met
1540 3028 29 17 au
1579 3023 50 21 vote
1640 3023 21 21 la

1159 3053 134 26 proposition
1310 3053 98 22 d'ouvrir
1426 3057 40 19 une
1484 3054 99 21 nouvelle
1600 3054 52 26 adju-

1157 3081 103 22 dication.
1276 3081 58 22 Cotte
1348 3081 135 26 proposition
1498 3083 32 20 est
1543 3082 117 24 repoussee

1157 3113 37 21 pai
1215 3108 21 22 la
1253 3109 100 25 majorité
1367 3108 124 26 catholique
1507 3110 21 20 et
1543 3108 115 23 socialiste.

1159 3136 51 22 Puis
1224 3141 30 17 on
1271 3137 42 20 met
1329 3141 43 17 aux
1390 3137 48 21 voi.x
1456 3136 160 26 l'approbation
1631 3137 28 21 de

1158 3164 7 21 1
1174 3164 148 26 adjudication
1335 3170 27 18 en
1375 3165 76 20 faveur
1462 3165 27 20 de
1502 3166 21 20 la
1536 3164 63 23 ttrme
1609 3165 50 23 aile.

1157 3192 87 24 mande.
1267 3192 84 22 Celle-ci
1374 3193 32 20 est
1428 3193 123 25 approuvée
1574 3197 40 21 par
1635 3192 25 21 25

1158 3220 49 22 voix
1223 3220 135 26 catholiques
1373 3223 23 20 et
1409 3220 121 21 socialistes
1545 3220 75 21 contre
1637 3220 23 21 16

1158 3250 20 19 «_>t
1191 3253 43 17 una
1247 3248 131 22 abstention.

1180 3276 60 21 Tous
1256 3275 31 22 les
1302 3276 97 22 libérnux
1416 3279 20 20 et
1453 3282 28 16 uu
1497 3276 109 23 socialiste
1620 3276 40 21 ont

1158 3305 48 20 voté
1217 3304 83 22 contre.
1313 3304 29 20 M.
1355 3303 127 24 Huysmans
1494 3304 53 24 s'est
1558 3303 101 26 abstenu.

1236 3382 339 65 NOTES

1199 3511 44 18 UES
1260 3511 92 17 ECOLES
1365 3511 16 17 A
1400 3511 29 17 LA
1444 3511 62 18 FETE
1524 3511 135 18 MILITAIRE

1219 3536 147 18 D'AVIATION

1185 3571 41 21 Les
1246 3571 191 25 renseignements
1457 3571 201 26 météorologiques

1161 3605 66 21 reçus
1243 3605 42 21 par
1300 3600 116 22 l'Aviation
1433 3601 104 20 militaire
1552 3600 51 22 font
1617 3605 30 16 au-

1160 3634 70 22 gurer
1242 3630 21 20 ie
1275 3630 58 21 beau
1347 3631 79 25 temps,
1440 3630 144 26 aujourd'hui
1597 3635 50 16 mar-

1161 3658 29 25 di,
1209 3664 57 22 pour
1286 3660 21 20 la
1327 3659 119 26 répétition
1466 3659 104 28 générale
1590 3660 27 21 de
1636 3659 22 21 la

1159 3688 85 28 grande
1260 3688 45 22 fêie
1320 3688 80 26 qu'elle
1416 3689 110 26 organise,
1540 3689 117 27 répétition

1159 3717 105 27 générale
1282 3718 37 26 qui
1337 3722 56 17 aura
1411 3718 44 21 lieu
1472 3733 13 6 .
1502 3718 12 20 2
1531 3718 81 21 heures
1630 3718 27 21 de

1161 3747 138 26 l'après-mdi
1333 3752 58 22 pour
1422 3748 110 26 quelques
1564 3747 93 23 militera

1159 3776 114 21 d'enfants
1287 3777 90 25 (jeunes
1389 3781 55 22 gens
1458 3778 21 20 et
1490 3778 83 25 Jeunes
1585 3777 70 25 filles)

1161 3806 40 20 des
1224 3805 72 22 écoles
1320 3806 28 25 dç
1371 3806 116 21 Bruxelles
1511 3807 22 21 et
1556 3811 58 21 pour
1636 3807 22 20 la

1161 3835 86 21 Presse.

1184 3865 19 22 e\
1219 3869 24 17 oe
1261 3864 97 26 meeting
1376 3865 158 26 participeront
1551 3865 36 21 100
1602 3865 46 27 pilo-

1163 3894 38 23 tes,
1223 3894 25 20 50
1268 3893 156 22 observateur
1447 3895 22 21 et
1491 3898 44 17 une
1557 3894 100 22 centaine

1161 3923 99 21 d'avions
1280 3923 26 21 de
1326 3923 85 25 chasse,
1430 3923 28 21 de
1476 3923 183 22 bombardement

1161 3953 27 19 de
1202 3952 60 26 jour,
1276 3952 162 21 d'observation
1454 3953 23 21 et
1490 3953 91 23 d'école.

1188 4002 207 19 MANIFESTATION
1418 4003 129 19 MEDICALE
1572 4004 79 18 BELGO

1209 4026 156 20 ALLEMANDE

1186 4061 30 22 La
1231 4062 51 21 ville
1297 4062 214 28 d'Alx-la-ûha,pelle
1526 4069 13 15 a
1553 4069 53 21 reçu
1621 4063 24 21 of-

1162 4090 145 22 ficiellement
1320 4099 9 10 ««
1344 4092 29 20 La
1386 4092 70 26 Ligue
1469 4092 67 26 Belge
1548 4094 77 20 contre
1639 4093 19 21 le

1162 4121 152 21 Rhumatisme
1334 4129 17 12 ».
1371 4121 58 21 C'esl
1447 4122 21 21 la
1487 4121 110 27 première
1615 4123 44 20 fois

1160 4150 77 24 depuis
1249 4149 22 22 la
1287 4154 78 21 guerre
1381 4155 42 21 que
1438 4151 39 21 des
1492 4151 111 22 médecins
1618 4152 33 22 bel-

1163 4183 40 20 ges
1221 4180 110 23 prennent
1348 4180 88 20 contact
1454 4184 52 17 avec
1524 4180 61 20 leurs
1603 4185 42 18 con-

1163 4206 73 21 frères
1258 4207 131 21 allemands.
1413 4209 53 20 Plus
1489 4209 27 21 de
1540 4210 118 26 cinquante

1162 4236 79 26 Belges
1256 4241 25 16 se
1295 4237 114 22 rendirent
1423 4239 13 19 i
1451 4238 130 21 l'Invitation
1596 4238 27 21 de
1638 4238 21 21 la

1162 4265 53 22 ville
1231 4266 54 20 dont
1300 4266 26 21 Ils
1344 4267 77 20 furent
1437 4267 31 20 les
1485 4268 62 20 hflles
1562 4268 97 25 pendant

1164 4295 59 20 "leux
1238 4295 72 25 Joure.

1188 4324 61 21 Cette
1269 4325 165 20 manifestation
1456 4326 107 20 médicale
1583 4327 75 25 beigo-

1163 4353 127 22 allemande
1307 4358 24 16 se
1350 4354 27 21 fit
1393 4354 14 21 à
1425 4355 123 23 l'Initiative
1564 4355 26 21 de
1607 4356 52 20 MM.

1163 4383 117 28 Coutelier,
1298 4383 181 26 vice-président,
1496 4384 27 21 de
1541 4384 104 21 l'Associa-

1162 4413 45 20 tion
1228 4413 148 25 Economique
1393 4413 211 25 Belgo-AUemande.

1221 4462 173 19 L'EXPOSITION
1414 4463 46 18 DES
1476 4464 186 18 XYLOGRAPHES

1187 4497 29 21 M.
1230 4497 112 25 Vauthier,
1356 4498 100 21 ministre
1471 4499 39 21 des
1523 4498 101 22 Sciences
1639 4500 21 20 et

1163 4527 40 20 des
1217 4527 60 24 Arts,
1291 4527 114 26 présidera
1418 4528 14 20 à
1448 4528 134 21 l'ouverture
1596 4528 27 21 de
1639 4528 20 22 la

1164 4555 123 26 cinquième
1308 4556 125 26 exposition
1458 4557 27 21 de
1508 4557 151 22 l'Association

1164 4585 39 20 des
1221 4585 150 27 xylographes
1390 4586 76 26 belges
1485 4587 37 25 qui
1541 4592 55 16 aura
1615 4587 44 21 heu

1165 4614 150 28 aujourd'hui,
1333 4615 77 25 mardi,
1428 4616 13 21 à
1459 4616 22 20 14
1498 4616 88 24 heures,
1604 4617 57 21 d«ins

1165 4643 31 21 les
1211 4643 80 22 locaux
1304 4645 30 21 du
1348 4644 76 22 Cercle
1438 4645 116 26 artistique
1567 4647 20 19 et
1603 4646 46 21 litté-

1165 4673 57 20 raire
1241 4673 27 21 de
1286 4673 122 22 Bruxelles.

1185 4702 59 22 Cette
1261 4703 124 25 exposition
1414 4705 119 24 comprend
1561 4705 31 21 les
1617 4710 36 16 œu-

1165 4734 53 17 vres
1241 4730 95 22 choisies
1360 4731 66 21 d'une
1451 4732 155 25 cinquantaine
1631 4732 28 21 de

1165 4763 108 23 graveurs
1288 4764 41 16 sur
1342 4760 55 21 bois.

1286 4803 126 19 L'AVENUE
1431 4805 101 18 ALBERT
1550 4806 113 19 D'HUART

1190 4838 28 20 Le
1230 4838 71 20 mardi
1312 4838 25 21 27
1348 4840 51 23 mal,
1412 4840 13 20 H
1438 4839 23 21 17
1472 4839 21 22 h.
1505 4840 31 24 30,
1546 4845 57 17 jura
1615 4840 44 21 lieu

1163 4867 13 19 à
1197 4867 95 24 Stocke!,
1314 4867 171 28 l'Inauguration
1509 4870 27 20 de
1558 4870 102 23 l'avenue

1163 4896 75 21 Albert
1254 4896 98 21 d'Huart.

1189 4925 28 20 Le
1232 4926 101 20 ministre
1349 4926 26 21 de
1390 4926 128 23 l'Intérieur
1530 4929 24 19 et
1570 4928 19 21 le
1604 4933 45 21 gou-

1165 4958 97 17 verneur
1283 4955 29 20 du
1335 4955 96 21 Brabant
1453 4957 131 21 assisteront
1605 4962 13 15 a
1639 4958 21 21 la

1165 4983 129 21 cérémonie.

1353 5016 115 18 -♦•-*-

1191 5053 64 45 Le
1293 5054 99 44 Feu
1429 5056 31 43 à
1500 5055 136 45 Bord

1172 5155 38 20 IDe
1233 5157 61 18 notie
1314 5160 60 15 carre
1376 5158 109 21 sponelimi
1507 5159 122 22 pariieulu-e
1634 5168 13 12 .,

1427 5199 94 26 Anvers,
1541 5200 23 20 19
1582 5204 51 16 mai.

1181 5233 33 19 Au
1233 5234 98 19 moment
1349 5238 28 16 ou
1404 5234 19 20 le
1441 5234 95 20 steamer
1562 5234 95 26 français

1159 5267 9 9 ■«
1183 5260 83 20 Amiral
1281 5260 135 23 Garilenume
1431 5269 9 12 »
1455 5261 61 22 allait
1530 5263 79 25 quitter
1623 5262 28 21 l'é-

1158 5287 60 21 cluse
1236 5288 91 29 Royers,
1346 5293 29 16 on
1395 5289 110 27 s'aperçut
1523 5295 42 20 que
1582 5292 22 20 le
1623 5290 36 20 feu

1158 5315 73 21 s'était
1249 5316 87 21 déclaré
1355 5317 14 20 4
1389 5317 61 21 bord.
1471 5318 28 21 Le
1519 5319 76 20 navire
1626 5318 34 20 fut

1158 5343 185 22 immédiatement
1359 5347 115 23 remorqué
1491 5346 56 21 dans
1564 5347 31 20 les
1612 5347 39 20 bas-

1159 5371 47 21 sins
1221 5373 21 19 et
1258 5372 87 20 amnrré
1361 5377 28 15 au
1404 5378 23 16 n.
1443 5373 35 20 221
1495 5376 28 18 ou
1553 5375 30 19 les
1599 5379 51 21 pom-

1159 5398 57 24 piers
1246 5400 120 20 arrivèrent
1396 5400 89 23 bientôt.
1504 5402 28 21 Le
1562 5402 43 24 feu,
1622 5403 36 25 qui

1159 5426 59 20 avait
1233 5427 46 25 pris
1294 5427 57 21 dans
1366 5428 22 20 la
1403 5428 47 21 cale
1466 5433 23 16 n.
1504 5429 19 25 2,
1539 5435 15 15 a
1569 5434 29 21 pu
1613 5430 45 21 être

1158 5454 98 21 maîtrisé
1270 5459 28 16 au
1313 5455 53 20 bout
1380 5455 27 21 de
1421 5456 103 26 quelques
1539 5457 78 21 heures
1631 5457 27 22 de

1159 5481 84 22 travail.
1259 5482 41 20 Des
1313 5484 88 22 experts
1413 5486 52 19 sont
1476 5489 40 16 sur
1529 5484 61 25 place
1603 5489 55 21 pour

1158 5508 88 21 évaluer
1260 5511 31 19 les
1304 5510 84 24 dégâts.

1685 219 241 71 Chronique
1970 220 214 59 Musicale

1739 344 38 36 La
1792 345 151 36 neuvième
1958 344 173 44 symphonie

1684 406 72 31 avec
1772 399 151 37 harmonie
1944 400 17 35 à
1984 400 37 37 La
2040 401 142 36 Bouverle

1770 492 37 23 \De
1827 493 62 20 notre
1908 492 83 24 envoyé
2010 493 81 23 spécial

1709 536 62 20 Nous
1798 537 91 19 n'avons
1917 537 39 22 o,,'s
1983 536 67 21 voulu
2078 540 108 23 manquer

1687 565 77 22 d'aller
1786 565 105 22 entendre
1915 567 57 21 cette
1995 565 66 22 chose
2094 565 80 21 intéres-

1683 595 65 20 sante
1766 595 23 21 et
1807 591 247 28 assurément:«)iiédilê,
2078 595 21 23 Ja
2126 594 48 22 Neu-

1685 624 70 21 vième
1768 624 105 22 exéoutée
1885 628 54 17 avec
1950 624 52 24 soli,
2014 624 76 21 chœur
2103 624 22 20 et
2137 628 37 17 mu-

1684 653 65 26 sique
1768 653 142 24 d'harmonie,
1929 658 28 17 en
1977 654 48 20 tout
2034 651 46 24 -330
2105 653 70 22 exécu-

1684 682 66 21 tants.
1768 682 52 21 Cela
1838 682 52 20 s'est
1909 683 65 24 passé
1992 685 13 19 ù
2023 682 31 23 Lu
2073 682 112 24 Beuverie,

1686 709 55 20 dans
1759 713 43 16 une
1816 709 110 21 solennité
1943 707 118 28 organisée
2076 710 14 20 à
2107 709 68 21 l'occa-

1682 739 50 21 sion
1748 738 29 21 du
1794 739 129 20 Centenaire
1939 742 21 20 et
1976 740 14 20 ù
2007 739 21 20 la
2043 739 42 21 fois
2102 741 12 20 è
2132 739 52 21 celle

1687 767 30 20 du
1732 767 37 21 7ôe
1786 767 150 21 anniversaire
1952 767 28 21 de
1997 766 28 22 la-
2034 766 81 26 Royalo
2132 767 43 20 Har-

1686 796 72 20 monie
1771 796 146 23 communale,
1932 797 54 19 aVec
2000 796 19 20 le
2024 800 118 19 ..concours
2159 796 26 20 de

1686 825 60 21 deux
1762 825 95 20 sociétés
1874 821 100 25 chorales
1991 825 29 21 de
2047 824 20 22 la
2092 824 94 25 localité,

1682 854 69 22 d'une
1787 854 135 26 Importance
1957 854 89 26 choralo
2081 854 104 23 féminine

1686 881 62 21 créée
1766 881 29 21 ad
1812 881 41 21 hoc
1870 882 23 20 et
1911 882 27 21 de
1954 882 83 25 quatre,
2049 882 89 21 artistes
2155 882 30 20 du

1685 910 94 23 ThéAtre
1796 911 26 21 de
1838 911 21 22 la
1875 911 108 25 Monnaie,
1997 911 20 23 le
2034 912 46 23 tout
2094 916 55 16 sous
2165 911 20 21 la

1687 940 105 22 direction
1816 941 27 20 de
1868 941 27 20 M.
1919 940 20 21 le
1963 941 121 22 lieutenant
2107 941 24 21 R.
2154 940 31 21 De

1685 969 121 25 Ceunlnck,
1817 970 53 21 chef
1879 970 29 21 de
1921 970 101 26 musique
2035 970 29 22 du
2077 970 108 26 régiment

1686 999 39 21 des
1741 999 138 21 Grenadiers.
1896 999 29 22 Le
1941 999 55 22 local
2011 999 52 22 était
2079 999 19 22 le
2114 998 70 28 grand

1684 1028 46 21 hall
1748 1028 27 21 de
1795 1029 19 20 la
1832 1028 84 21 Société
1933 1028 189 26 AngleufrAIhus,
2136 1033 38 17 sec-

1687 1057 43 21 tion
1753 1057 175 27 charbonnages,
1949 1058 55 22 dans
2028 1057 70 27 lequel
2129 1057 57 22 s'en-

1685 1086 79 22 tassatt
1776 1091 29 16 un
1819 1086 75 27 public
1905 1087 27 22 de
1942 1087 57 25 2,000
2011 1091 127 22 personnes.

1705 1121 33 22 ■Le
1753 1126 141 22 programme
1909 1123 53 24 était
1975 1123 127 22 consistant.
2116 1123 69 27 Après

1685 1150 21 22 la
1727 1159 9 10 «a
1757 1151 157 28 Brabançonne
1935 1159 19 17 »,
1971 1152 29 21 M.
2020 1152 31 21 De
2072 1152 113 21 Ceunlnck

1686 1180 111 22 conduisit
1808 1185 42 17 une
1863 1181 116 21 exécution
1991 1181 88 22 vivante
2092 1182 27 21 de
2132 1182 43 21 l'ou-

1684 1210 91 21 verture
1791 1210 40 21 des
1848 1219 9 9 ■«
1874 1210 89 22 Maîtres
1978 1211 124 22 Chanteurs
2118 1219 18 15 ».
2153 1211 32 22 On

1684 1238 101 22 entendit
1797 1240 86 22 ensuite
1898 1240 59 22 deux
1970 1240 27 22 do
2011 1244 38 17 ces
2063 1240 111 22 extraordi-

1685 1268 75 25 naires
1773 1268 101 22 chorales
1890 1269 121 22 d'hommes
2026 1269 30 22 du
2071 1270 115 26 Borinage,

1685 1302 53 19 avec
1755 1297 61 22 leurs
1834 1298 68 22 belles
1919 1298 50 22 voix
1987 1298 140 27 disciplinées
2146 1303 40 23 par

1685 1330 30 17 un
1729 1327 52 26 long
1794 1328 22 21 et
1830 1326 112 23 continuel
1951 1328 171 22 -entraînement.
2136 1328 38 21 D'a-

1684 1356 57 21 bord
1754 1356 20 22 la
1787 1356 82 26 Royale
1883 1356 102 28 Lyrique,
1997 1352 110 31 quVsous
2120 1357 21 23 la
2154 1357 21 22 di-

1685 1385 83 21 rection
1802 1385 27 22 do
1862 1386 30 22 M.
1911 1385 20 22 J.
1951 1385 119 25 Malherbe,
2092 1387 93 21 exécuta

1686 1414 13 21 1'
1714 1422 9 10 «
1739 1414 72 22 Heure
1826 1415 95 26 promise
1937 1423 17 15 »,
1970 1415 27 22 de
2010 1415 28 22 M.
2053 1417 24 20 A.
2093 1416 93 27 Dupuis,

1685 1444 22 21 et
1723 1443 20 22 le
1759 1443 110 27 classique
1886 1452 9 10 «
1912 1444 106 22 Carnaval
2035 1445 27 21 de
2079 1445 65 21 Romo
2161 1449 22 20 »;

1686 1473 49 26 puis
1755 1473 21 21 la
1794 1472 81 27 Royale
1895 1473 70 22 Union
1983 1474 101 26 Chorale,
2101 1474 84 27 dirigée

1685 1506 41 23 par
1735 1502 29 21 M.
1776 1502 24 21 H.
1812 1502 99 26 Thonon,
1919 1499 63 25 dans'
1990 1511 9 10 «a
2010 1503 55 22 Dieu
2077 1510 19 18 »,
2107 1503 27 22 de
2146 1503 39 21 Th.

1685 1526 98 28 Kadoux.
1800 1531 60 22 Nous
1873 1537 30 17 ne
1918 1533 73 22 ferons
2008 1523 39 41 pjj'ij
2061 1533 27 22 de
2104 1533 73 26 palma-

1685 1557 42 22 rès.
1762 1558 41 24 Les
1837 1559 59 22 deux
1925 1559 101 22 chorales
2056 1560 129 22 chantèrent

1687 1588 56 21 dans
1766 1588 20 21 la
1807 1588 130 27 perfection.
1959 1588 31 22 On
2013 1592 28 21 tto
2063 1590 54 25 peut
2139 1590 46 20 rien

1687 1617 108 27 Imaginer
1811 1618 27 21 de
1853 1617 76 22 mieux
1942 1620 55 21 sous
2015 1611 20 30 îo
2052 1619 91 27 rapport
2159 1619 27 21 de

1686 1645 20 24 la
1720 1646 109 27 -Justesse,
1846 1646 27 22 de
1890 1640 136 33 l'ensemble!
2042 1645 31 24 du
2090 1652 85 18 nuance-

1686 1676 68 24 ment,
1767 1676 27 21 de
1808 1677 21 21 la
1842 1676 43 24 vie,
1898 1676 27 22 de
1939 1676 21 24 la
1972 1676 88 23 diction.
2075 1677 33 25 Et,
2121 1677 65 27 après

1685 1704 40 22 des
1746 1704 216 29 applaudissement
1983 1705 50 23 bien
2055 1706 89 21 mérités
2164 1706 22 21 et

1686 1737 30 19 un
1734 1735 53 25 long
1802 1734 105 21 entr'acte
1926 1735 37 24 (on
1980 1734 107 23 attendait
2103 1735 31 22 les
2151 1740 25 16 so-

1687 1762 62 22 listes
1767 1764 36 24 qui
1823 1763 103 22 venaient
1943 1763 26 24 de
1987 1763 92 24 chanter
2096 1768 27 18 en
2141 1769 35 16 ma-

1687 1792 56 21 tinée
1761 1792 13 20 à
1790 1793 21 20 la
1826 1793 122 25 Monnaie),
1953 1792 37 21 "on
2007 1792 83 22 aborda
2108 1794 19 21 le
2145 1797 30 17 nu-

1687 1821 60 22 méro
1766 1822 26 21 de
1813 1820 136 27 résistance,',
1959 1822 20 22 le
1999 1822 92 21 numéro
2109 1827 68 16 sensa-

1687 1850 89 24 tionnel,
1797 1853 19 19 la
1838 1851 126 25 Neuvième,
1984 1851 27 22 de
2031 1851 132 22 Beethoven.

1711 1887 103 20 Avouons
1837 1887 51 25 qu'a
1912 1887 20 21 la
1956 1887 108 26 première
2087 1892 99 16 annonce

1686 1915 27 22 de
1745 1916 57 21 cette
1835 1916 125 21 nouveauté
1974 1921 7 16 :
2001 1916 129 23 l'orchestre
2159 1916 27 22 de

1686 1944 132 25 Beethoven,
1851 1946 104 20 transcrit
1986 1950 58 21 pour
2075 1946 112 20 orchestre

1685 1974 142 24 d'harmonie,
1842 1979 55 16 nous
1911 1974 100 21 n'avions
2025 1980 40 20 pas
2078 1975 35 22 été
2127 1977 47 19 tran-

1684 2003 74 26 quille.
1779 2003 54 25 Quel
1852 2003 63 22 allait
1933 2004 46 21 être
1998 2004 74 24 l'effet
2088 2004 97 22 6onoreî

1684 2032 32 21 Hé
1733 2033 49 20 bien
1790 2033 5 20 !
1813 2037 25 16 ce
1855 2033 36 20 fut
1907 2034 48 20 tout
1971 2048 13 6 .
2000 2033 41 21 fait
2058 2038 116 21 remarqua-

1684 2061 43 22 ble.
1741 2062 29 21 La
1783 2062 108 26 première
1904 2062 139 27 impression,
2056 2064 20 20 le
2090 2064 96 25 quatuor

1685 2091 110 26 remplacé
1814 2096 40 22 par
1872 2092 39 22 des
1929 2092 146 23 Instruments
2093 2093 13 20 à
2121 2093 55 21 souf-

1685 2120 38 24 fle,
1735 2130 25 4 —
1775 2120 31 21 les
1820 2120 86 21 violons
1921 2124 40 23 par
1974 2126 30 15 un
2017 2121 113 21 ensemble
2145 2122 28 19 Im-

1684 2151 78 24 posant
1781 2150 27 20 de
1827 2150 127 21 clarinettes
1971 2161 25 4 —
2013 2151 33 20 est
2064 2151 109 20 naturelle-

1685 2179 60 20 ment
1761 2179 177 22 déconcertante.
1952 2180 56 21 Mais
2022 2179 90 22 l'oreille
2126 2180 60 20 s'ha-

1683 2207 60 22 bllue
1771 2207 13 23 it
1813 2208 57 21 cette
1889 2208 63 21 sorte
1969 2209 30 20 de
2020 2209 113 26 décalage.
2155 2209 30 21 La

1685 2238 154 25 transcription
1858 2238 60 21 avait
1936 2238 34 21 été
1989 2238 91 21 réolisée
2098 2244 41 21 par
2156 2239 28 21 M.

1683 2266 31 21 De
1735 2266 112 21 Ceunlnck
1867 2267 27 20 de
1914 2267 21 20 la
1961 2266 96 22 manière
2086 2267 19 21 la
2134 2268 50 26 plus

1684 2296 90 23 adroile,
1804 2296 32 21 les
1866 2297 83 26 parties
1977 2296 167 22 d'instruments
2172 2297 13 20 à

1682 2325 85 20 souffle
1798 2325 169 21 naturellement
1999 2326 138 24 conservées,
2164 2326 21 21 lo

1683 2354 96 27 quatuor
1790 2355 81 26 réparti
1883 2356 63 20 entre
1960 2356 32 20 les
2005 2356 84 20 mêmes
2101 2355 73 23 Instru-

1684 2383 80 25 ments,
1780 2383 88 27 d'après
1885 2384 48 21 leur
1950 2384 78 21 timbre
2045 2385 23 20 et
2084 2385 48 20 leur
2148 2389 26 17 ca-

1682 2413 90 21 ractère.
1812 2413 99 22 Certains
1948 2418 105 22 passages
2094 2415 90 22 [comme

1685 2439 226 28 l'accompagnement
1928 2445 29 17 au
1976 2446 68 22 grave
2063 2442 30 21 du
2113 2441 72 22 thème

1683 2469 108 26 principal
1809 2470 28 21 de
1857 2470 108 26 l'Adagio)
1986 2470 102 22 faisaient
2106 2470 67 22 réelle-

1684 2499 60 20 ment
1757 2498 95 22 Illusion.
1866 2499 34 22 Où
1913 2499 21 21 lo
1948 2499 78 21 timbre
2040 2500 27 22 de
2080 2500 93 22 l'orches-

1684 2528 33 21 tre
1741 2527 137 22 d'harmonie
1902 2528 54 22 était
1979 2528 204 27 particulièrement

1685 2557 124 27 approprié,
1828 2557 72 22 o'était
1921 2558 148 26 précisément
2088 2559 56 21 dans
2165 2558 20 21 le

1684 2590 102 17 morceau
1799 2587 116 26 principal,
1925 2588 21 23 le
1958 2587 52 22 final
2023 2592 53 17 avec
2089 2588 95 24 chœurs,

1683 2620 54 16 aveo
1753 2620 41 17 son
1814 2616 71 22 allure
1904 2617 19 21 si
1945 2616 162 28 fréquemment
2126 2617 46 21 mili-

1685 2644 54 21 taire
1761 2646 23 20 et
1806 2645 145 26 belliqueuse,
1971 2646 90 23 surtout
2085 2647 55 21 dans
2164 2646 20 21 le

1683 2674 131 27 prodigieux
1833 2674 36 21 6/8
1889 2674 61 22 final.
1968 2675 18 21 Il
2006 2675 49 22 faut
2073 2676 48 21 dire
2140 2681 43 21 que

1683 2703 131 21 l'exécution
1829 2704 37 21 fut
1879 2704 68 26 digne
1961 2704 27 21 de
2003 2705 48 21 tout
2066 2705 69 26 éloge.
2151 2706 32 21 On

1684 2732 75 21 l'avait
1776 2732 113 22 d'ailleurs
1908 2734 106 26 préparée
2039 2734 79 27 depuis
2145 2735 39 20 des

1684 2762 62 19 mois.
1761 2761 67 23 Outre
1843 2762 128 21 l'ensemble
1985 2763 155 22 Instrumental
2157 2764 27 21 de

1684 2791 20 20 la
1717 2790 82 26 Royale
1811 2791 125 26 Harmonie,
1947 2792 64 21 outre
2024 2792 21 22 la
2057 2797 74 17 masse
2145 2794 39 20 des

1684 2819 50 21 voix
1756 2819 121 22 d'hommes
1899 2821 100 21 fournies
2026 2826 41 22 par
2092 2823 31 20 ies
2149 2827 26 16 or-

1685 2848 84 26 phéons
1791 2850 86 22 locaux,
1897 2850 28 20 M.
1946 2850 31 21 Do
1999 2850 112 22 Ceuninck
2132 2851 53 21 était

1685 2882 98 21 parvenu
1799 2879 13 19 k
1826 2879 122 27 constituer
1958 2877 52 27 pàc
2021 2884 72 16 mïissc
2108 2880 76 21 vocale

1684 2905 105 22 féminine
1804 2907 49 20 bien
1868 2908 118 24 donnante,
2000 2909 48 20 bien
2065 2902 119 33 équilibrée

1684 2939 54 16 avec
1758 2935 32 22 les
1811 2936 49 20 voix
1883 2937 134 21 masculines
2037 2939 21 19 et
2079 2938 94 26 parfaite-

1683 2965 60 19 ment
1761 2964 90 25 stylées.
1871 2966 40 20 Les
1929 2966 97 24 solistes,
2044 2967 58 21 .Mme
2121 2968 62 26 Josy,

1682 2993 52 21 Mlle
1756 2993 105 26 Mertens,
1882 2995 51 21 MM.
1955 2995 125 22 Verteneuil
2102 2998 22 20 et
2147 2997 24 20 Ri-

1683 3022 67 22 chard
1771 3023 130 22 chantèrent
1926 3029 54 17 avec
2008 3025 122 22 conviction
2162 3026 21 21 le

1682 3051 96 27 quatuor
1794 3052 49 21 solo
1861 3053 22 21 et
1902 3053 19 22 le
1940 3054 89 21 dernier
2047 3054 62 27 lança
2129 3060 53 18 aveo

1683 3080 57 22 éclat
1756 3080 136 23 l'admirable
1907 3084 130 26 apostrophe
2055 3084 81 21 Initiale
2152 3085 30 21 du

1685 3109 60 22 final.
1766 3110 190 27 L'Interprétation
1977 3114 141 25 proprement
2139 3114 44 21 dite

1683 3138 35 22 fut
1737 3138 113 23 d'ailleurs
1870 3140 71 27 pleine
1961 3141 27 22 de
2006 3143 35 20 vie
2060 3143 23 21 et
2102 3143 28 21 M.
2150 3143 31 21 D".

1683 3167 113 23 Ceunlnck
1811 3169 19 21 la
1845 3170 111 22 conduisit
1969 3176 54 18 avec
2038 3176 43 16 une
2096 3173 87 20 oonvlc-

1683 3197 44 21 tion
1746 3198 23 21 et
1786 3202 43 17 une
1848 3199 100 22 ohaleur.
1957 3201 201 23 communlcatlves.

1706 3233 65 21 Aussi
1787 3234 19 20 le
1819 3234 80 22 succès
1914 3235 60 22 fut-il
1989 3237 89 22 énorme
2092 3238 23 21 et
2127 3238 44 21 l'im-

1682 3262 99 25 pression
1803 3263 115 25 profonde.
1937 3265 31 20 Le
1988 3265 80 27 public,
2088 3267 83 21 enthou-

1683 3291 89 23 siasmé,
1790 3297 27 16 ne
1833 3298 27 16 6e
1879 3293 56 22 lassa
1954 3299 40 21 pas
2012 3295 133 23 d'acclamé:-
2163 3297 20 20 le

1682 3320 58 23 chef,
1751 3320 32 23 les
1795 3322 193 26 instrumentistes,
2000 3324 31 21 les
2043 3324 95 26 chœurs,
2149 3326 33 21 les
2191 3319 3 18 :

1680 3349 101 24 solistes;
1797 3360 25 5 —
1835 3355 27 17 on
1878 3352 42 21 sait
1933 3357 43 22 que
1991 3353 50 21 MM.
2056 3354 124 23 Verteneuil

1682 3378 22 20 et
1717 3378 94 22 Richard
1822 3381 53 21 sont
1888 3381 39 21 des
1939 3389 10 11 «
1963 3387 56 22 pays
2033 3390 9 10 «>
2056 3383 28 24 et,
2097 3388 85 17 comme
2191 3379 3 15 :

1684 3406 49 24 tels,
1747 3408 203 25 particulièrement
1961 3411 126 27 populaires
2101 3417 29 17 au
2143 3413 51 21 Bo-i

1682 3435 84 27 rinage.

1908 3469 45 22 .»»

1714 3510 32 22 On
1761 3514 56 24 peut
1830 3514 46 22 dire
1891 3519 44 22 que
1949 3514 60 23 bette
2022 3517 96 26 journée
2133 3519 49 20 fera

1683 3539 134 23 événement
1847 3543 24 21 ct
1900 3545 141 21 constituera
2063 3551 44 17 une
2130 3547 52 21 date

1682 3569 57 20 dans
1759 3569 22 21 la
1800 3571 35 21 vie
1857 3572 120 26 artistique
2005 3575 30 20 du
2064 3574 119 28 Borinage.

1682 3596 65 22 Cette
1767 3598 78 27 région
1866 3601 42 23 est,
1928 3601 15 21 it
1961 3601 51 22 n'en
2032 3607 40 22 pas
2093 3603 89 24 douter,

1679 3625 25 21 la
1718 3627 52 25 plus
1787 3628 109 22 musicale
1912 3629 28 22 de
1957 3630 21 22 la
1994 3630 115 27 Belgique,
2126 3633 55 20 mais

1680 3654 95 26 Jusqu'à
1801 3661 44 16 une
1873 3655 96 29 période"
1991 3663 65 17 assez
2083 3660 99 25 récente,

1682 3684 60 20 cette
1760 3685 130 22 musicalité
1906 3687 61 30 6'es^
1984 3688 93 21 trouvée
2097 3689 84 27 dirigée

1682 3712 56 21 dans
1755 3717 29 16 un
1799 3718 56 16 sens
1871 3715 52 25 plus
1940 3720 44 21 que
2001 3715 120 23 médiocre.
2138 3718 31 20 De-

1682 3741 50 25 puis
1753 3742 111 26 quelques
1886 3744 90 24 années,
1997 3745 185 25 heureusement,

1682 3773 45 16 une
1749 3769 114 23 évolution
1882 3777 27 16 se
1931 3773 48 24 fait,
2008 3774 20 20 le
2058 3774 124 26 répertoire

1680 3797 100 26 s'épure.
1803 3798 48 23 Une
1873 3798 106 24 nouvelle
2001 3801 130 29 génération
2155 3803 27 21 de

1683 3826 66 21 chefs
1764 3828 38 20 est
1816 3828 149 22 intervenue.'
1971 3828 31 23 La
2018 3831 62 20 radio
2096 3832 87 25 permet

1683 3859 45 17 aux
1754 3856 145 26 populations
1925 3858 27 22 de
1976 3863 27 16 se
2031 3859 151 25 familiariser,

1682 3884 66 22 vaille
1765 3889 44 21 que
1826 3886 66 20 vaille
1910 3887 24 21 et
1949 3887 88 25 malgré
2051 3888 34 21 les
2103 3888 65 21 Incon-

1682 3911 103 23 vénients
1799 3917 45 21 que
1858 3919 58 17 nous
1931 3914 70 25 avons
2008 3914 124 27 -soulignés
2147 3917 35 23 Ici,

1683 3940 40 24 des
1744 3946 111 22 ouvrages
1876 3944 37 25 qui
1934 3944 50 20 leur
2001 3944 102 22 seraient
2121 3945 49 21 inac-

1683 3970 110 21 cessibles
1811 3971 137 22 autrement.
1958 3964 12 13 '
2004 3977 4 5 ■
2020 3978 6 6 -
2036 3970 4 11 :
2037 3981 8 4 -

1714 4003 27 21 Et
1758 4004 57 21 voici
1833 4005 140 25 maintenant
1988 4011 51 21 gue.,
2056 4007 126 24 dimanche,

1683 4031 68 24 2,000
1782 4032 117 22 auditeurs
1935 4030 65 27 (sans
2009 4033 18 29 ',
2024 4035 102 25 compter
2150 4036 32 21 los

1683 4060 135 22 exécutants
1838 4063 156 24 eux-mêmes)
2018 4055 117 30 entrèrent
2155 4069 28 17 on

1682 4089 185 21 communication
1899 4087 80 25 directe
2010 4095 52 17 avec
2094 4092 89 21 l'œuvre

1683 4117 109 23 musicale
1812 4119 22 20 la
1853 4119 52 25 plus
1926 4119 135 22 mémorable
2083 4121 27 20 de
2131 4121 52 21 tous

1681 4145 35 21 des
1734 4146 81 26 temps.
1832 4146 30 21 Ce
1880 4149 100 23 concert,
1997 4149 83 21 devant
2096 4154 26 16 ce
2140 4154 30 21 pu-

1683 4173 45 22 blic
1742 4175 167 25 partiellement
1922 4181 43 16 non
1980 4176 70 21 averti
2061 4177 57 23 mais
2133 4177 37 21 d'u-

1682 4207 29 16 ne
1723 4203 21 20 si
1758 4203 49 20 vive
1820 4204 135 23 sensibilité,
1959 4204 51 21 "«eut
2022 4208 29 17 un
2068 4205 114 21 caractère

1685 4230 102 21 éducatif
1801 4232 23 20 et
1838 4232 136 22 révélateur.
2011 4232 15 20 V

1713 4264 71 23 Autre
1801 4264 77 22 chose.
1895 4265 92 27 Chaque
2004 4264 47 24 fois'
2064 4271 43 22 que
2125 4272 58 16 nous

1684 4298 27 15 en
1723 4297 71 18 avons
1807 4298 28 17 eu
1848 4294 135 27 l'occasion,;
1990 4299 58 17 nous
2060 4299 70 17 avons
2143 4296 27 21 dé-

1684 4322 63 25 ploré
1766 4326 44 22 que
1830 4323 33 20 les
1881 4321 146 26 admirables,'
2044 4324 33 20 les
2094 4324 77 21 Incom-

1685 4350 104 26 parables
1808 4351 103 21 chorales
1929 4352 29 21 du
1977 4352 109 25 Borinage
2103 4353 25 20 et
2144 4353 40 19 des

1684 4378 118 21 alentours
1820 4380 129 21 restassent
1958 4380 135 23 jjorcêment
2110 4381 60 21 confi-

1684 4407 41 20 nés
1748 4407 56 21 dans
1825 4409 22 20 le
1870 4408 125 26 répertoire
2017 4408 112 22 médiocre
2154 4409 29 20 du

1685 4435 80 21 chœur
1782 4436 27 21 de
1828 4441 120 17 conoours.
1956 4437 42 21 -ïn
2015 4437 84 21 dehore
2118 4437 27 22 de
2164 4437 21 21 la

1684 4464 86 26 qualité
1784 4465 30 21 du
1829 4465 171 25 répertolre.^le
2012 4466 82 20 chœur
2107 4465 14 20 à
2134 4465 51 21 voix

1685 4492 76 26 égales
1780 4493 138 23 (d'hommes
1933 4499 29 16 ou
1978 4495 27 20 de
2016 4494 109 23 "femmes,
2141 4498 43 22 peu

1685 4521 108 26 Importe)
1814 4522 37 20 est
1868 4527 28 15 en
1912 4522 35 21 sol
1965 4527 30 16 un
2013 4522 101 21 matériel
2133 4527 38 15 mu-

1682 4550 58 21 sical
1754 4554 92 22 pauvre,
1859 4555 67 22 paroe
1939 4552 43 24 que
1996 4550 70 22 limité
2078 4550 14 20 is.
2105 4551 22 21 la
2140 4551 44 20 fois

1685 4579 55 21 dans
1761 4579 20 20 le
1804 4578 80 22 timbre
1905 4580 24 20 et
1949 4575 56 25 dtins
2027 4579 21 21 la
2068 4579 116 21 tessiture.

1684 4607 67 21 Aussi
1765 4607 34 21 les
1814 4607 92 21 maîtres
1919 4608 21 20 le
1955 4603 156 31 hégligènt-il6
2127 4607 44 22 déli-

1683 4635 118 22 bérément
1819 4636 24 20 et
1861 4635 166 23 n'écrivent-ils
2041 4640 63 22 -pour
2123 4636 60 21 cette

1686 4664 153 22 combinaison
1854 4668 44 22 quo
1911 4664 27 21 de
1953 4669 62 17 rares
2030 4668 112 22 ouvrages
2154 4674 32 4 —

1683 4693 63 24 sauf,
1770 4692 184 24 naturellement,
1963 4693 110 25 Mofetjue
2097 4693 74 25 l'argu-

1683 4722 65 20 ment
1767 4721 140 25 dramatique
1926 4726 30 16 ou
1970 4720 92 28 'lyrique
2082 4721 102 25 l'impose

1689 4749 102 24 (chœurs
1813 4749 27 21 de
1862 4749 123 26 guerriers,
1997 4750 100 21 -ohœure
2119 4749 51 21 d'an-

1685 4783 48 22 ges,
1749 4777 68 25 etc.).
1834 4777 30 21 La
1879 4776 305 26 combinaison-dominante,

1686 4807 56 22 celle
1760 4807 37 25 qui
1813 4811 27 16 se
1857 4806 93 26 partage
1968 4803 124 25 ^immense
2111 4806 60 25 majo-

1685 4835 42 22 rité
1749 4836 40 21 des
1810 4834 162 26 compositions
1993 4834 112 23 chorales,
2128 4834 57 22 c'est

1685 4864 21 21 le
1721 4863 80 22 chœur
1816 4863 75 22 mixte,
1907 4860 198 25 avec^sesnbhes
2122 4867 49 17 com-

1684 4892 116 21 binaisons
1812 4891 27 23 de
1852 4890 93 22 timbres
1958 4887 75 26 et-sori
2047 4892 61 25 large
2123 4895 62 16 ««am-

1683 4920 86 21 bitus».
1789 4919 53 22 Seul
1863 4920 21 20 le
1907 4915 79 25 chœiîr
2007 4920 67 21 mixte
2097 4919 88 27 permet

1684 4948 136 21 l'exécution
1840 4949 40 20 des
1900 4944 97 29 grandes
2016 4949 89 19 œdvre6
2124 4948 46 20 clas-

1683 4978 79 24 siques
1778 4978 23 19 et
1816 4977 127 21 modernes,
1959 4976 80 26 dépuis
2050 4977 24 19 la
2090 4975 94 21 Passion

1684 5005 65 21 selon
1770 5006 62 20 saint
1854 5004 101 21 Malhieu
1977 5007 23 20 et
2020 5005 23 20 la
2062 5003 122 22 Neuvième

1684 5033 93 25 jusqu'à
1795 5034 23 20 ta
1841 5041 9 8 «
1873 5028 131 25 DamnaHïm
2025 5030 28 24 Be
2074 5031 67 21 Faust
2165 5039 19 13 ««.

1716 5067 57 20 Mais
1786 5072 59 20 pour
1857 5065 135 28 l'exécution
2005 5069 27 24 dé
2047 5067 82 26 pareils
2142 5071 29 16 ou-

1684 5099 78 20 vrages
1789 5093 68 26 parmi
1883 5098 41 16 nos
1949 5094 138 25 populations
2111 5093 65 22 indus-

1686 5123 93 24 trielles,
1796 5123 14 20 il
1824 5122 70 26 s'agit
1910 5123 27 21 de
1954 5123 126 30 constituer
2094 5123 47 20 soit
2157 5123 26 19 de

1685 5151 98 25 grandes
1798 5151 104 22 chorales
1918 5151 79 21 mixtes
2013 5155 87 18 comme
2115 5151 69 20 celles

1685 5180 37 25 qui
1740 5179 114 26 pullulent
1872 5183 27 16 en
1919 5178 115 31 Hollande,
2053 5184 28 15 en
2100 5179 70 25 Angle-

1684 5207 56 21 terre
1754 5209 22 19 et
1792 5211 28 16 eu
1836 5205 145 28 Allemagne^
1987 5207 50 24 soit,
2054 5212 11 16 a
2082 5207 48 20 côté
2145 5206 39 20 des

1686 5235 113 26 orphéons
1813 5235 130 22 masculins,
1954 5233 42 23 dés
2007 5235 128 23 ensembles
2149 5235 22 21 fé-

1686 5263 80 20 minins
1779 5262 80 21 locaux
1870 5262 14 20 à
1895 5260 115 32 comblrjer
2020 5267 54 18 arec
2087 5264 32 19 les
2131 5263 40 25 pré-

1686 5291 101 21 cédents.
1807 5290 53 21 Cela
1877 5290 64 21 est-H
1960 5292 57 21 donc
2033 5292 22 21 si
2072 5290 110 21 difficile?

1684 5319 30 21 M.
1730 5318 31 21 De
1776 5318 116 21 Ceuninck
1905 5319 62 21 vient
1981 5320 27 21 de
2023 5323 98 23 prouver
2136 5319 34 20 vic-

1686 5348 163 20 torieusement
1867 5347 20 20 le
1906 5348 119 21 contraire.

2088 5374 23 21 E.
2128 5375 23 20 C.

1715 5466 113 22 FAITE8
1847 5466 107 22 VOTRE
1972 5466 173 23 PUBLICITE

1710 5513 65 21 dans
1789 5511 32 23 l'ai
1834 5511 194 28 Indépendant
2043 5513 81 27 Belge
2134 5520 12 15 »

2210 224 491 91 Faits-Divers

2230 366 36 20 LN
2294 366 137 22 AUTO-CAK
2461 367 98 22 MONTE
2585 367 55 22 SUK
2671 367 34 20 US

2204 393 145 24 TROTTOIR.
2359 406 24 5 —
2393 396 46 20 Luc
2450 395 116 27 quinzaine
2576 396 27 21 Ue
2615 396 89 20 blessés.

2206 433 23 5 —
2253 423 119 24 Dimanclie
2392 424 54 24 s^ir,
2469 429 30 16 un
2524 429 61 17 ;rave
2607 425 99 21 acciU'jnt

2206 452 54 22 s'est
2277 452 87 25 produit
2381 458 84 16 avenue
2479 454 26 20 Ue
2518 452 133 26 Tervueren,
2668 457 38 17 *vr

2207 480 19 20 le
2241 481 106 20 territoire
2356 483 28 19 de
2398 481 18 19 In
2431 485 116 17 commune
2558 481 27 20 de
2599 481 107 21 Woluwe-

2207 508 113 22 St-l'ierre.
2343 509 32 21 Ln
2396 509 106 24 auto-car,
2523 509 89 21 cuiiduit
2630 515 40 19 par
2688 511 18 19 ie

2207 536 115 22 chaulfeur
2337 537 75 22 Albert
2426 539 52 19 ^lu>
2493 539 21 19 et
2526 539 57 19 duns
2598 538 70 26 lequel
2683 545 23 13 m;

2208 566 123 21 trouvaient
2345 571 43 15 une
2406 566 111 24 vinjjlaine
2530 566 136 21 d'habitants
2681 568 26 19 ri-.'

2208 593 99 22 Vussem.
2322 594 102 20 eseuluda
2440 596 20 19 le
2474 594 86 22 trottoir
2572 596 20 19 et
2609 596 46 20 vint
2667 595 31 21 s'é-

2206 627 75 16 craser
2293 623 76 20 contre
2382 628 29 17 un
2425 623 64 20 arbre
2500 623 91 20 «bordant
2603 624 21 20 la
2637 625 68 20 route.

2208 650 45 22 Une
2266 651 115 25 quinzaine
2394 652 27 19 de
2437 656 110 21 voyageur
2548 658 19 18 .s,
2582 652 70 25 parmi
2668 653 31 19 les-

2207 679 61 25 quels
2288 679 20 21 le
2326 680 122 24 chauffeur,
2467 681 72 21 fuient
2556 681 81 20 blesse.s
2652 681 14 20 â
2686 681 20 20 la

2205 708 41 21 tète
2265 709 22 20 et
2306 713 43 15 aux
2369 709 116 20 membres.
2506 709 28 19 La
2554 709 151 25 gendarmerie

2208 736 25 22 de
2248 736 86 21 Stockel
2358 736 115 26 informée,
2491 739 104 19 aevourut
2610 742 51 16 avec
2678 738 27 20 M.

2208 764 19 23 le
2243 765 23 20 D'
2287 764 46 24 Von
2349 765 79 25 t-spe;i,
2444 766 26 22 de
2483 765 123 22 Tervueren
2620 771 40 16 sur
2676 771 30 16 "*s

2207 793 58 22 lieux
2275 795 27 20 de
2315 794 121 21 l'accident.
2449 793 71 21 Douze
2530 799 128 20 personnes,
2668 795 38 25 qui

2207 822 80 22 étuient
2303 823 49 25 plus
2371 828 27 15 ou
2417 823 72 21 moins
2507 818 127 31 gravement
2652 823 46 21 bles-

2207 851 56 24 sées,
2278 852 39 21 ont
2330 851 33 21 élu
2380 851 102 26 soignées
2500 857 40 19 par
2556 851 21 22 le
2593 852 112 26 praticien.

2208 878 54 23 L'un
2279 880 28 21 de
2323 879 93 25 ceux-ci,
2433 880 29 22 M.
2481 880 81 24 Robert
2576 880 83 26 Albert,
2673 881 33 20 est

2206 908 57 20 resté
2271 902 34 28 *en
2321 908 123 22 traitement
2458 910 13 18 ù
2484 907 98 27 l'hôpital
2598 909 106 20 d'Ixelles.

2231 947 50 20 IJÙS
2302 947 163 21 VI:J1;MI-:nTS
2485 947 78 22 D'ETE
2585 949 86 20 achetés
2693 949 13 21 \

2206 974 22 22 lu
2247 975 111 23 UIUNDK
2373 975 146 25 FABH!OUl£,
2537 977 31 22 ^'G,
2583 982 38 16 rue
2640 977 26 20 de
2686 978 20 19 'a

2207 1002 159 26 Vierge-Noire,
2384 1005 51 21 sont
2457 1005 99 24 élégants
2577 1005 87 21 .solides
2685 1006 22 19 ct

2206 1033 54 19 d'un
2292 1032 48 26 prix
2368 1033 219 28 inconte=talj(ement
2617 1034 89 20 avan'.a-

2207 1065 65 20 gcn.\.

2233 1100 35 19 in
2291 1099 135 22 polonais
2448 1100 258 20 i>Av;i;iu:isi:.\n;NT

2207 1129 102 19 KLLSSt;
2326 1129 35 20 KN
2382 1129 127 20 SALTANT
2529 1130 32 19 l>L
2581 1129 84 23 TUA.M.
2688 1141 18 3 -

2208 1156 33 21 Un
2255 1161 66 23 grave
2334 1157 105 25 accident,
2451 1158 119 25 imputable
2583 1164 13 14 a
2610 1158 88 25 l'impru-

2206 1185 68 22 dence
2293 1186 27 21 de
2340 1186 21 20 la
2382 1186 93 24 victime,
2491 1186 54 22 s'est
2561 1187 95 24 produit,
2676 1187 30 20 ci-

2207 1215 93 21 manche
2315 1215 53 25 soir,
2380 1215 117 21 boulevard
2511 1215 30 22 du
2556 1214 60 25 Midi,
2628 1217 13 20 d
2655 1217 43 20 hau-

2208 1244 47 20 teur
2271 1243 28 21 de
2316 1243 23 21 la
2352 1248 39 17 rue
2406 1243 70 22 Dlacs.
2496 1243 32 21 Un
2546 1244 116 25 négociant
2678 1249 28 15 en

2207 1272 118 24 diamant-,
2344 1272 28 19 M.
2389 1272 138 25 Podslokski,
2546 1272 129 21 demeurant
2694 1273 13 21 1

2208 1300 107 25 St-Gilles,
2328 1305 39 15 rue
2383 1300 159 25 d'Angleterre,
2557 1301 41 25 âgé
2614 1302 26 20 de
2654 1307 45 20 qua-

2207 1329 106 20 rante-six
2327 1333 50 19 ans,
2391 1334 28 15 en
2436 1330 91 21 sautant
2542 1329 30 20 du
2578 1331 78 22 -train,
2673 1331 32 19 est

2207 1358 72 21 tombé
2293 1357 18 21 si
2325 1358 213 21 malheureusement
2549 1358 54 25 qu'il
2617 1359 35 20 eut
2665 1363 40 16 une

2207 1386 74 24 Jombe
2296 1387 123 20 sectionnée
2431 1391 41 20 pur
2486 1386 22 22 la
2521 1391 54 16 roue
2587 1386 29 22 de
2630 1386 23 22 la
2664 1387 34 21 voi-

2208 1416 47 19 ture
2272 1414 132 22 balladeuse.
2425 1414 150 25 L'imprudent
2596 1420 111 21 voyageur

2208 1443 33 22 fut
2260 1445 124 23 transporté
2400 1443 119 26 d'urgence
2534 1444 13 21 à
2563 1443 99 27 l'hOpital
2681 1445 26 20 de

2207 1471 22 21 la
2245 1477 40 17 rue
2298 1472 97 21 l-'achôco
2407 1472 30 21 où
2454 1473 31 21 les
2501 1471 110 23 médecins
2629 1473 78 21 durent

2208 1501 103 25 procéder
2333 1501 117 26 d'urgence
2469 1502 13 20 tx
2505 1501 153 25 l'amputation
2676 1502 30 21 Ou

2208 1530 104 21 membre.
2327 1529 40 21 Les
2383 1529 110 22 médecins
2509 1530 77 25 jugent
2602 1529 60 22 l'état
2678 1532 28 20 ou

2208 1557 70 22 blessé
2295 1558 43 20 très
2354 1558 117 21 alarmant.

2232 1596 136 21 ALCIDUNT
2396 1595 212 22 D'ALTOMOliILL.
2627 1607 24 4 —
2676 1597 31 19 In

2208 1625 131 23 traversant,
2357 1624 116 22 dimanche
2489 1624 53 25 soir,
2558 1625 22 20 la
2596 1629 39 17 rue
2652 1625 46 21 Gau-

2207 1653 80 26 cheret,
2303 1654 27 20 M.
2350 1653 71 21 Julien
2436 1653 30 21 De
2482 1653 78 24 Bondt,
2577 1654 129 21 demeunnt

2207 1682 106 22 chaussée
2326 1683 28 20 de
2372 1682 91 25 I-laecht,
2481 1688 13 15 a
2512 1682 33 21 été
2563 1682 87 22 culbuté
2669 1687 38 17 our

2208 1710 149 23 l'automobile
2370 1716 43 20 que
2423 1710 124 22 conduisait
2559 1710 20 23 le
2592 1711 115 21 chauffeur

2208 1738 78 22 Hector
2300 1739 48 21 Van
2365 1738 142 26 Vlasselaere,
2523 1739 130 22 demeurant
2669 1745 10 15 r
2689 1744 18 17 m

2206 1768 28 20 de
2247 1767 96 26 l'Eglise.
2358 1767 16 21 Il
2386 1772 13 16 a
2412 1767 34 22 été
2459 1767 71 22 relevé
2544 1772 52 17 avec
2607 1768 38 21 des
2656 1773 42 16 con-

2209 1796 84 21 tusions
2309 1798 13 19 ù
2341 1796 21 20 la
2381 1796 49 22 tê'te
2446 1798 22 19 et
2482 1801 43 15 aux
2548 1796 93 25 jambes.
2664 1795 43 23 Ims

2207 1825 62 21 soins
2281 1825 123 25 empressés
2419 1824 30 21 lui
2463 1827 39 20 ont
2512 1825 34 20 élé
2562 1825 117 27 prodigués
2694 1826 13 19 ô

2208 1852 105 26 l'hôpital.

2231 1892 77 21 MOTO
2322 1892 109 21 CONTRE
2444 1892 81 21 ALTO.
2539 1902 23 5 -
2579 1892 128 25 Dimanche,

2207 1921 57 21 dans
2283 1921 22 21 la
2320 1921 78 24 soirée,
2418 1921 20 21 le
2455 1920 150 25 motocycliste
2625 1921 82 20 Hubert

2207 1949 31 23 De
2250 1949 75 24 Groof,
2338 1950 130 21 demeurant
2480 1954 85 17 avenue
2576 1949 40 21 des
2631 1949 76 25 Vilhs,

2206 1980 13 19 h
2234 1978 107 24 St-Gilles,
2354 1979 81 21 suivait
2449 1979 22 19 la
2486 1979 106 20 chaussée
2609 1978 27 20 de
2653 1978 45 21 Lou-

2207 2007 59 24 vain,
2280 2007 76 25 quand
2375 2012 25 16 sa
2418 2007 103 22 machine
2540 2007 33 21 fut
2590 2007 116 21 accrochée

2206 2040 42 21 par
2268 2041 43 17 une
2330 2035 52 22 auto
2401 2040 44 21 que
2464 2035 123 23 conduisait
2607 2035 29 21 M.
2654 2036 44 20 Gus-

2208 2065 47 20 tave
2266 2064 87 26 Derom,
2364 2064 100 22 habitant
2475 2069 39 16 rue
2527 2064 26 20 de
2567 2064 139 24 Itibauoou.'t,

2205 2094 15 20 à
2240 2092 230 22 Molenbeek-St-Jcan.
2489 2092 29 20 M.
2536 2093 31 21 De
2587 2092 66 22 Groof
2674 2093 31 20 .'"t

2207 2122 62 20 lancé
2281 2122 76 22 contre
2368 2121 31 21 les
2412 2122 74 24 pavés.
2500 2122 60 20 Dans
2572 2127 24 15 sa
2609 2121 71 24 chute,
2691 2121 14 20 i'

2206 2151 53 21 s'est
2275 2150 94 21 fracturé
2388 2150 20 22 le
2427 2150 51 22 bras
2494 2149 63 22 droit.

2230 2188 157 22 AL'DACIFXX
2410 2188 60 21 VOL.
2490 2199 23 4 —
2536 2189 100 21 Pendant
2654 2189 44 21 l'ab-

2205 2222 65 18 sence
2285 2218 38 21 des
2338 2219 73 23 éioux
2427 2217 104 26 François
2548 2217 107 26 Vreugde,
2670 2218 27 20 do-

2206 2246 79 21 micilié
2296 2252 39 16 rue
2348 2238 45 30 Èlie
2406 2246 121 25 Lambotte,
2537 2248 14 19 à
2561 2246 145 24 Schaerbeek,

2206 2275 38 21 des
2259 2275 110 22 inconnus
2380 2276 39 21 ont
2433 2275 89 25 pénétré
2535 2276 57 21 dans
2607 2275 48 20 leur
2669 2280 28 20 ap-

2205 2305 124 24 partement
2342 2305 15 19 à.
2370 2303 64 22 l'aide
2446 2304 26 20 de
2484 2304 86 21 fausses
2583 2303 61 23 clefs.
2660 2303 46 21 L'ne

2205 2333 98 25 quantité
2314 2333 26 20 de
2352 2332 128 25 vGtements,
2490 2332 40 21 des
2541 2332 132 21 chaussures
2685 2337 21 16 ei

2206 2366 30 16 un
2247 2361 85 24 coffret,
2343 2361 120 24 contenant
2474 2361 40 20 des
2527 2361 87 25 papiers
2624 2361 82 21 d'iden-

2207 2390 36 21 lilé
2254 2391 21 21 et
2286 2395 44 15 une
2342 2394 85 17 somme
2440 2390 27 20 de
2477 2389 38 21 yûû
2528 2390 82 24 francs,
2621 2390 40 21 ont
2672 2390 33 21 élé

2206 2418 116 27 emportés.
2337 2419 41 21 Les
2398 2418 70 26 pièces
2486 2417 114 22 officielles
2618 2419 39 20 ont
2671 2419 33 20 t-.é

2206 2447 124 21 retrouvées
2343 2448 14 20 à
2372 2446 88 21 l'écluse
2474 2448 28 20 de
2516 2446 22 21 la
2553 2445 61 26 place
2630 2446 75 21 Sain>

2206 2475 78 22 lelette.

2510 2574 39 67 i-

2359 2660 25 23 68,
2396 2663 37 16 rue
2448 2660 66 17 Nouve

2227 2870 31 27 A
2269 2871 107 32 partir
2387 2870 48 27 du
2459 2874 76 31 OQ
2562 2875 116 30 __^<»î

2243 2904 171 28 vendredi
2459 2894 77 29 ^°
2562 2894 118 29 mal

2254 2955 40 38 Le
2307 2956 97 46 grand
2418 2956 66 37 film
2500 2955 154 38 SONORE

2228 3016 125 85 Ciel
2382 3018 73 81 de
2478 3016 203 85 Gloire

2318 3117 35 23 i-e
2367 3117 61 28 plus
2444 3116 145 22 audacieux

2226 3161 71 39 DES
2325 3160 112 40 FILMS
2466 3158 216 39 D'AVIATION

2421 3213 66 18 avec

2227 3249 201 48 COLLEEN
2465 3246 154 48 MOORE

2287 3316 40 44 et
2348 3312 115 47 GARY
2504 3310 180 47 COOPER

2241 3392 134 26 réalisation
2388 3388 29 29 de
2427 3388 30 28 G.
2469 3386 202 30 FITZMAURICE

2330 3461 130 30 Enfants
2477 3459 105 29 admis

2225 3555 37 20 UN
2276 3552 98 22 UKA.ME
2385 3549 140 23 CONJUG.VL
2537 3549 37 24 (De
2586 3549 63 19 noire
2658 3552 39 16 cor-

2201 3582 136 25 respondant
2348 3581 27 19 de
2388 3578 135 23 Tirlemont.)
2534 3588 23 4 —
2573 3577 28 19 Le
2616 3576 88 20 nommé

2200 3612 72 20 Julien
2285 3609 139 23 Calluwaert,
2437 3607 41 26 âgé
2491 3607 26 20 de
2532 3605 111 22 trente-six
2654 3609 50 20 ans,

2201 3641 22 20 et
2237 3638 130 22 demeurant
2383 3640 14 17 a
2412 3635 108 25 Courlrai,
2536 3634 76 22 vivant
2627 3633 78 25 séparé

2203 3668 27 20 de
2251 3672 27 17 sa
2297 3666 79 21 lemme
2392 3664 84 25 -depuis
2494 3663 33 20 six
2547 3663 64 25 mois,
2633 3661 73 20 s'était

2203 3696 78 24 rendu,
2302 3694 92 25 samedi,
2415 3694 14 19 à
2457 3691 128 25 Tirlemont,
2605 3691 29 19 où
2663 3694 43 16 son

2201 3728 88 21 épouse,
2310 3722 68 22 Marie
2411 3721 82 26 Héron,
2523 3719 73 21 s'était
2627 3718 77 22 retirée

2200 3753 52 19 chez
2265 3757 36 15 ses
2316 3750 96 26 parents.

2226 3787 120 20 Dimanclie
2378 3783 135 27 après-midi,
2544 3783 65 24 après
2640 3782 66 20 s'être

2201 3815 82 25 enivré,
2300 3813 124 23 Caluwaert
2440 3817 25 16 se
2481 3812 102 26 présenta
2601 3811 52 20 chez
2669 3815 36 15 ses

2202 3842 177 26 beaux-parents,
2391 3844 37 22 qui
2443 3840 98 22 tiennent
2553 3845 30 15 un
2597 3839 52 24 pelit
2660 3843 37 16 ma-

2202 3876 72 21 gasin,
2288 3871 105 20 chaussée
2410 3870 27 20 de
2453 3869 67 25 Diest,
2536 3868 31 21 37.
2584 3869 59 19 bans
2659 3867 47 20 mot

2202 3900 52 25 dire,
2270 3900 13 19 il
2301 3899 89 25 pénétra
2405 3897 56 21 dans
2474 3897 21 21 la
2512 3896 101 25 boutique
2626 3896 22 20 et
2663 3895 42 21 lira

2202 3933 31 16 un
2249 3932 56 21 coup
2322 3927 26 21 de
2364 3926 98 20 revolver
2478 3930 39 15 sur
2532 3929 26 16 sa
2575 3924 13 20 l«
2603 3923 103 27 Ile-mère,

2201 3961 54 18 suns
2270 3954 131 25 l'atteindre,
2421 3955 48 25 puis
2485 3954 72 21 blessa
2575 3953 14 20 à
2605 3953 21 20 la
2644 3952 60 21 main

2202 3988 21 18 el
2238 3989 29 16 au
2284 3984 39 20 bas
2340 3984 75 20 ventre
2430 3987 42 16 son
2488 3982 124 25 beau-père,
2628 3980 77 22 Michel

2202 4012 81 25 llerûn,
2305 4012 38 24 qui
2371 4011 73 22 s'était
2472 4010 110 25 interposé
2608 4013 56 21 pour
2686 4009 19 21 le

2202 4041 118 21 désuriner.

2228 4068 135 22 Retournant
2383 4068 83 21 ensuite
2488 4072 41 16 son
2549 4071 61 16 arme
2630 4066 76 21 contre

2202 4097 118 24 lui-même,
2339 4096 15 22 il
2369 4101 25 16 se
2412 4096 41 21 tira
2472 4100 43 17 une
2534 4095 57 20 balle
2609 4095 56 20 dans
2684 4095 21 19 la

2203 4125 90 22 bouche.
2315 4125 30 20 La
2371 4128 57 18 mon
2450 4124 32 21 lut
2506 4123 147 22 instantanée.
2677 4123 29 20 Le

2202 4154 94 20 cadavre
2312 4158 14 14 a
2343 4153 33 20 élé
2394 4152 124 24 transporté
2535 4153 14 18 a
2567 4152 21 19 la
2606 4155 98 22 morgue.

2226 4181 41 21 Les
2282 4181 110 21 médecins
2405 4180 63 22 n'om
2483 4185 29 20 pu
2528 4184 78 16 encore
2621 4184 23 17 se
2658 4184 39 21 pro-

2203 4214 82 16 noncer
2298 4214 40 15 sur
2350 4209 60 22 l'état
2425 4209 26 20 de
2467 4208 28 20 M.
2513 4208 79 20 Héron.

2228 4245 93 24 GKAVE
2347 4246 142 21 ACCIDENT.
2517 4246 30 21 De
2573 4246 63 22 noire
2658 4250 38 17 cor-

2202 4276 135 25 respondant
2358 4276 121 22 d'Anvers.,
2496 4286 24 4 —
2541 4274 30 24 M.
2592 4274 26 21 O.
2638 4275 67 23 Taey-

2202 4309 72 19 inans,
2300 4303 60 21 avail
2382 4304 94 20 commis
2500 4303 158 24 l'imprudence
2679 4303 27 20 de

2203 4331 93 27 prendre
2311 4336 38 16 sur
2364 4332 20 20 le
2399 4331 81 26 guidon
2494 4331 26 21 de
2534 4336 42 15 son
2591 4331 49 21 vélo
2654 4330 52 22 Mlle

2202 4359 64 22 Olida
2296 4360 49 24 D...,
2372 4360 54 25 ûgée
2455 4360 27 20 de
2509 4360 117 25 vingt-sept
2656 4364 49 16 ans.

2202 4389 62 21 Ainsi
2286 4389 14 20 il
2321 4388 81 22 roulait
2422 4393 37 17 rue
2482 4388 129 25 Bréderode,
2631 4389 15 19 à
2664 4388 33 20 An-

2203 4421 57 21 vers,
2278 4417 95 24 lorsque,
2391 4417 91 25 passant
2499 4421 40 16 rue
2557 4416 28 20 du
2600 4416 72 26 Siège,
2691 4415 15 21 il

2203 4444 33 22 lut
2254 4445 102 19 renvei-âé
2380 4449 39 20 par
2439 4449 46 16 une«
2503 4446 61 20 auto.
2587 4444 29 22 M.
2638 4445 68 23 Taey-

2202 4477 66 16 mans
2296 4477 27 16 ne
2351 4473 32 22 lut
2410 4478 42 19 que
2476 4473 132 25 légalement
2627 4472 79 25 blessé,

2202 4501 58 20 mais
2275 4501 52 22 iMLe
2342 4500 41 21 D...
2400 4501 33 20 fut
2449 4502 136 24 transportée
2600 4502 106 20 évanouie

2202 4529 15 20 à
2246 4528 100 25 l'hOpilal
2380 4529 204 25 Sainte-Llisabelh,
2612 4529 31 21 où
2676 4534 30 16 on

2203 4557 112 22 considère
2326 4562 37 15 ses
2375 4558 63 24 jours
2451 4563 28 15 en
2493 4557 90 26 danger.

2226 4595 136 21 ACCIDENT
2382 4595 120 22 MOHTEL.
2521 4596 37 24 (De
2578 4597 62 21 notre
2659 4601 39 17 cor-

2203 4624 136 24 respondant
2364 4624 27 21 de
2416 4624 31 20 La
2476 4624 119 26 Louvière.)
2622 4635 24 4 —
2676 4625 30 21 La

2203 4653 112 20 nommée-
2335 4652 80 21 Rosine
2446 4652 103 25 Laurent,
2581 4654 126 24 trente-sept

2202 4684 51 20 ans,
2269 4681 81 21 mariée
2370 4681 21 21 et
2411 4681 59 20 mère
2489 4681 27 19 de
2537 4681 90 26 lamille,
2647 4682 59 20 habi-

2205 4708 47 21 lunt
2275 4709 121 25 Carnières,
2420 4714 23 16 se
2463 4709 87 20 rendait
2568 4714 28 16 en
2621 4709 48 21 vélo
2692 4710 14 21 ô

2203 4735 79 27 Chapel
2285 4736 212 27 le-lez-Herla:mont,
2517 4737 125 25 lorsqu'elle
2662 4738 44 21 alla

2203 4770 25 15 se
2241 4765 55 25 jeter
2308 4767 76 18 contre
2400 4770 28 15 un
2444 4766 93 20 camion.
2550 4765 45 21 Elle
2611 4766 32 22 [ut
2659 4768 47 21 tuée

2203 4797 39 17 sur
2256 4793 20 23 le
2290 4798 62 20 coup.

2228 4831 36 21 L'N
2285 4831 95 21 (iltA.ND
2401 4832 123 21 MAGASIN
2541 4833 37 19 DE
2597 4833 44 20 LIN
2663 4833 35 20 DE

2203 4858 82 22 ÏTtLIT
2300 4860 54 20 l'Ait
2370 4860 34 20 LE
2420 4860 59 21 I'EL'.
2495 4860 36 25 (De
2547 4861 62 21 notre
2625 4866 73 16 corres

2204 4888 98 24 pondant
2319 4887 26 22 de
2362 4888 76 24 Cand.)
2456 4899 24 3 —
2501 4888 77 25 Lundi,
2594 4894 49 17 vers
2663 4894 43 16 une

2204 4915 66 21 heure
2290 4916 29 21 du
2339 4917 77 24 matin,
2437 4921 29 17 un
2487 4917 99 20 incendie
2604 4922 15 16 a
2638 4918 68 21 éclaté

2204 4943 56 21 dans
2274 4948 28 17 un
2317 4944 70 25 grand
2398 4945 102 24 magasin
2513 4945 26 22 de
2553 4944 30 22 Un
2593 4947 22 20 et
2625 4946 81 21 d'étou-

2204 4976 26 20 pe
2249 4974 147 23 appartenant
2414 4976 14 17 a
2447 4973 28 21 M.
2497 4973 73 21 Désiré
2589 4974 77 27 Morel,
2684 4976 21 19 et

2204 4999 55 21 situé
2273 5000 119 21 boulevard
2407 5000 29 21 du
2453 5001 73 24 Strop,
2542 5003 15 19 à
2571 5002 69 22 Gand.

2227 5027 29 23 Le
2272 5028 34 21 leu
2324 5028 101 23 s'étendit
2441 5029 136 25 rapidement
2593 5035 53 17 avec
2663 5035 42 17 une

2204 5056 83 24 grande
2304 5056 104 26 violence,
2424 5059 21 18 et
2462 5058 31 21 les
2507 5058 110 25 pompiers
2634 5059 72 21 lurent

2202 5083 84 26 obligés
2324 5085 133 25 d'employer
2490 5085 109 25 plusieurs
2633 5087 72 21 lances

2204 5116 56 20 pour
2274 5113 113 24 préserver
2402 5112 32 22 les
2449 5115 99 21 maisons
2564 5116 102 22 voisines.

2227 5139 41 21 Les
2286 5140 78 26 dég.its
2377 5143 51 19 sont
2447 5142 88 23 évalués
2554 5147 13 17 a
2586 5144 49 25 plus
2651 5144 53 21 d'un

2204 5166 84 24 million
2302 5169 25 21 de
2345 5169 80 21 Irancs.

2227 5195 33 21 Du
2274 5197 109 25 magasin,
2400 5198 13 20 il
2432 5202 26 17 ne
2475 5200 55 20 reste
2544 5201 49 23 plus
2608 5204 42 20 que
2667 5200 37 21 des

2203 5228 62 16 murs
2279 5224 101 21 calcinés.

2738 230 127 103 Où
2884 228 243 105 aller
3152 224 587 137 aujourd'hui?

2747 414 20 5 —
2780 406 16 18 A
2811 407 20 16 10
2845 405 83 23 heurts,
2941 406 13 17 ii
2970 405 21 19 I»
3008 406 95 21 Banque-
3109 406 118 20 Nationale,

2727 430 32 18 SAo
2772 431 70 20 tirage
2854 430 28 19 du
2895 432 21 17 3e
2932 430 103 23 Emprunt
3050 438 16 11 •->
3080 435 19 16 D-
3110 435 19 15 *.
3140 431 26 17 de
3180 432 47 18 1923)

2728 455 36 22 deg
2780 456 122 20 Doimuuftea
2921 455 26 19 de
2966 459 73 17 frueire
3051 461 4 12 :
3074 456 54 18 deux
3144 456 41 17 lots
3202 455 26 18 de

2729 480 64 19 100,000
2813 481 82 22 francs;
2913 481 52 17 trois
2985 481 40 19 iot<
3041 481 26 18 de
3081 481 56 18 50.000
3157 482 71 16 Irancs

2728 507 20 15 et
2765 505 74 20 quinze
2858 505 40 18 lots
2914 504 24 18 de
2953 505 55 19 10,000
3025 506 77 17 francs.

2749 538 18 3 —
2785 532 15 15 A
2819 531 18 16 1-î
2852 530 80 25 heures,
2950 535 28 12 au
2995 530 70 21 Palais
3079 532 28 16 du
3124 530 104 21 Cinquan-

2729 557 20 16 te
2752 560 25 14 na
2781 555 36 22 ire,
2837 554 49 19 VIIo
2907 555 86 20 journée
3013 555 28 18 du
3060 556 103 17 Concours
3184 556 44 20 hip-

2730 579 57 21 Uquo
2804 579 160 19 international.

2749 611 18 4 —
2780 606 15 15 A
2811 605 17 18 :A
2840 606 20 17 h.
2874 604 26 24 -15,
2914 609 84 14 courses
3004 601 19 21 'ù
3036 604 76 18 Zcllick
3129 608 65 15 (trot).

2794 650 128 17 REUNIONS
2942 650 29 17 ET
2988 651 178 17 CONFERENCES

2748 690 21 5 —
2782 683 17 17 A
2811 682 20 17 17
2843 682 81 19 lieur«3,
2941 683 13 16 à
2969 682 19 17 la
3005 682 79 19 Société
3099 682 129 19 d'Economie

2729 705 107 22 politique,
2855 711 36 14 rue
2910 706 81 25 Uucalt»,
3007 707 20 17 33
3045 708 87 18 (Comité
3146 708 81 18 central

2731 731 126 23 industriel),
2886 731 121 20 conférence
3036 736 40 17 par
3109 731 24 22 M.
3169 732 59 19 «Louis

2731 756 89 21 Alatngii!
2832 765 5 11 :
2851 765 7 6 ■■
2874 756 37 18 hea
2926 761 123 15 assurunecri
3061 756 86 22 sociale^
3165 765 13 9 *.

2749 789 19 4 —
2781 783 17 17 A
2811 781 20 18 17
2848 782 80 20 heures,
2944 786 41 16 aux
3003 782 78 19 Musses
3097 787 79 16 royaux
3194 783 34 18 des

2730 806 131 23 Deaux-Artri,
2876 807 121 18 conférence
3010 812 39 17 par
3064 807 25 20 -M.
3102 806 61 20 Lacs:
3177 815 7 8 "
3200 807 28 18 La

2730 832 95 20 peinture
2839 832 57 19 belge
2911 836 27 14 uu
2955 831 56 17 XIXe
3024 832 25 17 si»
3054 831 31 18 oie
3094 839 5 11 :
3115 834 19 18 le
3149 836 71 14 roman-

2730 856 61 18 tisme
2808 864 14 13 u,

2750 888 17 6 —
2783 882 16 17 A
2812 882 20 18 20
2846 881 82 21 hetirti,
2940 882 14 18 ù.
2969 889 7 8 •
2993 881 63 20 Notre
3068 881 58 19 Ecole
3143 893 15 13 „,
3172 884 50 17 Asso-

2729 906 79 19 ciation
2821 906 36 19 des
2870 907 72 22 ôlûvçs,
2960 906 84 21 anciens
3057 906 66 19 élèves
3137 913 22 16 «t
3174 908 54 19 amis

2729 931 25 17 de
2773 931 75 18 l'Ecole
2867 935 100 17 moyenne
2984 931 24 20 de
3029 931 65 18 l'Etat
3111 937 52 16 pour
3182 937 46 16 gar-

2729 960 49 16 cous
2796 956 14 18 à,
2826 956 82 20 Laeken
2929 956 81 19 (ancien
3031 957 59 18 Hôtel
3110 958 118 18 communal

2729 981 25 20 de
2773 981 93 19 Laeken).
2881 982 122 17 conférence
3018 987 36 15 sur
3072 989 8 9 ■
3096 981 60 18 L'Ait
3171 983 58 20 belge

2729 1005 73 21 depuis
2825 1006 39 18 18Ï0
2885 1014 15 11 »,
2925 1011 38 15 par
2984 1005 48 23 Mlle
3055 1007 174 21 Stecneliruggoa.

2730 1031 95 17 licenciée
2838 1035 27 14 en
2879 1031 49 18 Arts
2941 1035 20 14 et
2977 1031 139 21 Archéologie.

2749 1063 19 4 —
2784 1056 16 17 A
2820 1056 20 19 20
2855 1055 22 19 h.
2893 1056 27 19 30,
2939 1056 14 18 à,
2973 1055 103 20 l'Institut
3091 1057 37 20 des
3149 1057 80 19 Hautes

2730 1079 75 21 Etudra
2823 1081 26 21 65,
2863 1087 38 14 rue
2912 1081 25 18 de
2951 1081 19 19 la
2984 1081 103 22 Concorde
3108 1082 121 19 conférence

2729 1110 40 16 par
2783 1099 30 24 M.*
2825 1105 21 18 P.
2862 1105 77 18 Flottes
2951 1111 5 12 :
2972 1113 9 8 <■
2996 1106 68 19 Pierre
3082 1106 43 19 Loti
3143 1118 14 6 ..

2749 1138 19 3 —
2781 1131 16 16 A
2811 1131 21 17 20
2843 1130 19 17 h.
2876 1131 26 18 30,
2917 1131 14 17 à
2945 1131 17 18 ij
2976 1130 80 20 Société
3071 1131 59 21 Belge
3147 1133 34 17 dee
3199 1132 22 18 In-

2729 1156 96 20 génieurs
2837 1158 23 17 et
2875 1155 36 19 des
2928 1155 123 21 Industriels
3070 1157 68 20 (Hôtel
3152 1157 77 18 Eaven.

2730 1181 70 21 Bteln),
2824 1181 121 20 conférence
2965 1186 39 16 par
3030 1181 23 20 M.
3079 1183 19 19 le
3120 1184 68 17 comte
3208 1182 21 19 F.

2730 1205 73 18 Goblet
2823 1205 117 21 d'Alviella,
2965 1210 74 15 avocat
3063 1209 46 18 pr-te
3131 1207 20 18 la
3175 1208 54 17 Cour

2730 1229 86 22 d'Appel
2832 1230 26 18 de
2874 1230 106 19 Bruxelles
2992 1237 4 12 :
3018 1239 9 7 «
3048 1231 26 18 Le
3094 1236 38 17 gaz
3148 1232 37 19 des
3201 1233 28 17 fo-

2725 1256 57 19 ,rêt&;
2802 1260 36 13 son
2859 1255 73 19 avenir
2950 1260 25 13 en
2993 1255 98 21 Belgique
3119 1259 20 15 ct
3168 1257 14 18 à
3210 1257 20 18 la

2729 1280 84 21 Colonfe
2830 1289 14 11 -,

2817 1318 127 20 CONCERTS
2961 1320 30 17 ET
3007 1319 140 19 AUDITIONS

2749 1358 21 5 —
2785 1351 30 18 De
2830 1351 20 17 15
2863 1351 13 17 ix
2893 1350 20 18 17
2929 1350 82 23 heur-es,
3027 1358 27 13 au
3073 1352 52 18 Parc
3140 1352 26 20 de
3179 1353 42 17 Bru-

2730 1375 69 24 xelles,
2820 1378 83 16 «ooncert
2926 1380 39 16 par
2990 1376 127 19 l'Harmonie
3140 1381 81 14 commu-

2730 1400 54 19 nale.

2750 1433 19 5 —
2788 1426 15 18 A
2818 1426 20 18 20
2855 1425 21 19 h.
2894 1425 26 23 30,
2938 1431 27 15 nu
2984 1425 89 19 Thé&tre
3090 1429 60 19 royal
3163 1426 27 19 de
3209 1427 20 19 la

2731 1450 101 21 «Monnaie,
2849 1451 168 20 représentation
3033 1451 28 18 do
3077 1452 49 21 gala
3140 1453 90 18 honorée

2729 1474 26 20 de
2775 1475 22 19 la
2812 1476 97 20 présence
2925 1475 30 18 du
2972 1476 44 19 Roi,
3036 1481 28 14 au
3081 1477 65 20 profit
3163 1479 26 18 de
3207 1477 22 19 la

2729 1501 67 21 caisse
2815 1500 26 20 de
2860 1505 84 17 secours
2964 1500 26 21 do
3007 1502 21 18 la
3049 1501 129 21 Fraternelle
3194 1503 36 19 dw

2730 1524 88 23 Anciens
2837 1525 146 22 Combattants
3002 1525 28 21 du
3047 1526 22 18 2e
3086 1526 104 21 régiment
3205 1532 25 14 oe

2730 1549 82 19 Guides.

2749 1582 20 5 —
2780 1576 16 17 A
2807 1575 20 19 20
2838 1574 22 19 h.
2871 1576 26 21 30,
2909 1575 56 19 Salle
2977 1576 25 23 df
3015 1575 94 21 Musique
3120 1576 26 20 de
3159 1577 63 18 Cham

2731 1599 35 19 bre
2782 1599 30 19 du
2825 1600 72 19 Palais
2913 1602 35 17 des
2963 1600 133 24 Beaux-Arts,
3112 1601 80 20 Récital
3206 1604 25 18 do

2730 1624 68 18 Chant
2812 1627 22 18 et
2845 1624 70 23 Harpe
2930 1631 39 17 par
2984 1625 63 22 Mmes
3061 1626 49 21 Mya
3123 1627 46 20 Cox,
3181 1632 40 14 can-

2730 1649 82 21 tatrice,
2830 1652 23 17 et
2871 1650 89 21 Juliette
2977 1649 72 23 Craps,
3065 1650 101 23 harpiste,
3182 1656 48 15 avec

2731 1674 18 17 le
2766 1679 101 15 concours
2885 1675 24 18 do
2932 1674 45 20 MM.
2996 1674 82 24 Messin,
3102 1676 88 24 flûtiste,
3209 1679 21 17 et

2730 1699 81 21 Courte,
2826 1699 81 21 altiste.

2749 1732 20 5 —
2781 1725 18 18 A
2812 1725 20 18 20
2844 1724 15 19 h
2872 1725 31 20 .30,
2918 1730 28 15 au
2957 1725 90 21 Théâtre
3063 1726 89 22 Molière,
3165 1727 60 21 repré-

2730 1749 106 19 sentation
2851 1748 26 21 de
2890 1750 51 21 gala,
2956 1750 27 20 du
2997 1749 90 21 Théâtre
3104 1751 81 19 wallon.
3200 1753 29 17 Au

2731 1778 132 17 wogramme
2874 1782 5 12 :
2897 1773 22 19 Li
2937 1774 105 19 Diérin-ne
3059 1775 55 21 Voye
3127 1787 16 9 >-.

2749 1807 19 4 —
2791 1800 29 19 Au
2841 1799 70 19 Cercle
2932 1800 116 20 Artistique
3069 1803 21 16 et
3112 1799 118 24 Littéraire,

2729 1828 38 14 rue
2784 1824 26 19 de
2827 1824 23 19 la
2864 1824 43 23 Loi,
2924 1824 16 20 5,
2959 1824 28 20 Ve
3004 1825 62 19 Salon
3081 1825 35 20 dos
3133 1826 97 22 Sylogw-

2731 1848 49 21 phee
2793 1849 68 21 belge*
2879 1849 108 21 (jusqu'au
3001 1850 11 18 2
3025 1850 54 20 juin.

2888 1894 96 18 SALONS
3005 1895 73 18 D'ART

2749 1931 19 5 —
2779 1926 32 18 Au
2829 1925 69 18 Mus.ée
2914 1925 28 19 du
2960 1926 65 19 Livre,
3042 1932 37 15 rue
3097 1927 132 21 Havensteln,

2728 1949 16 23 9,
2757 1950 116 20 exposition
2884 1950 26 19 de
2924 1950 118 22 l'Imagerie
3055 1952 108 21 «populaire
3173 1952 57 19 d'art

2729 1974 99 20 religieux
2841 1979 22 16 et
2877 1975 125 22 folklorique
3017 1976 105 22 :juequ'iiu
3137 1978 19 18 24
3171 1978 58 20 mai).

2751 2007 14 4 —
2785 2001 14 16 A
2816 2003 20 15 la
2854 2001 143 21 Bibliothèque
3015 2004 76 18 royale.
3110 2003 118 20 Exposition

2729 2024 25 19 de
2769 2025 77 18 reliure
2864 2026 41 19 (Ire
2924 2027 82 20 partie),
3023 2027 29 17 du
3069 2027 50 19 XHe
3137 2029 61 18 siècle
3215 2030 12 17 à

2731 2049 19 16 la
2761 2048 29 18 rin
2801 2049 27 17 du
2839 2049 55 18 XVIe
2904 2049 62 19 siècle
2980 2051 107 21 (Jusqu'au
3098 2052 24 17 28
3134 2053 54 19 juin)

2749 2082 18 4 —
2780 2075 30 19 Au
2823 2075 69 19 Musée
2902 2077 60 18 d'Art
2974 2078 85 22 Ancien,
3073 2083 37 15 rue
3124 2078 25 18 de
3163 2079 21 18 la
3197 2079 27 19 Ré-

2729 2104 70 18 gence,
2812 2100 119 21 Exposition
2947 2102 55 17 d'art
3020 2102 109 19 irlandais.

2749 2131 19 5 —
2780 2126 17 16 A
2813 2125 75 19 l'Ecole
2901 2126 26 18 de
2939 2126 69 21 dégela
3025 2133 37 14 rue
3077 2128 153 23 Chomé-Wyus,

2729 2150 15 20 1,
2767 2149 65 19 XXVe
2852 2150 63 19 Saion
2934 2152 78 18 annuel
3032 2152 28 19 du
3079 2152 68 19 Cercle
3169 2153 61 19 d'Art

2729 2174 147 19 d'Anderlecht
2890 2176 107 22 (jusqu'au
3013 2177 20 19 Z$
3049 2178 52 20 mai)

2750 2207 16 4 —
2791 2201 15 16 A
2826 2200 22 18 la
2870 2200 82 20 Galerie
2975 2201 63 19 Java!
3056 2208 22 16 et
3103 2203 127 21 Bourdeaux,

2728 2224 59 21 place
2814 2225 130 21 Ste-Gudule,
2973 2228 115 20 exposition
3117 2228 113 21 Catherine

2729 2249 121 21 Barjansky
2861 2256 5 12 :
2885 2250 101 18 Portrait-
3004 2253 20 17 et
3043 2252 85 21 Figures
3142 2252 25 21 de
3180 2253 49 19 cire.

2730 2274 111 21 (Jusqu'au
2855 2275 19 17 28
2889 2275 57 19 mai).

2747 2307 21 4 —
2784 2300 31 18 Au
2828 2300 72 22 Palais
2914 2300 37 20 des
2965 2302 134 20 Beaux-Arts,
3113 2303 115 21 exposition

2727 2325 125 21 centennale
2861 2325 27 18 de
2900 2325 54 22 l'Art
2966 2326 64 23 helge.

2747 2357 19 5 —
2788 2350 159 25 Aux.Galerj.es
2965 2352 62 19 d'Art
3047 2352 80 23 Kodak,
3149 2358 80 15 avenuo

2727 2374 25 18 de
2778 2374 21 19 la
2818 2374 75 19 Toison
2926 2375 63 20 d'Or,-
3015 2377 114 21 exposition
3159 2378 70 19 Jakoij

2728 2398 71 20 Smits.

2742 2475 153 49 Bulletin
2909 2476 301 59 Météorologique

2866 2541 34 18 OU
2918 2542 77 17 LUNDI
3012 2544 19 17 19
3046 2543 45 18 MAI

2748 2608 32 18 Un
2798 2608 109 20 minimum
2926 2610 155 21 barométrictue
3097 2611 25 19 de
3136 2611 30 19 740
3179 2616 49 14 mm.

2728 2638 21 15 se
2768 2637 75 15 trouve
2861 2637 60 15 entre
2937 2634 99 20 l'Islande
3053 2638 24 17 et
3092 2636 21 18 la
3129 2636 99 22 Norvège,

2728 2658 71 22 tandis
2822 2659 64 20 qu'un
2906 2659 110 19 minimum
3040 2661 24 18 de
3086 2661 30 18 770
3136 2666 47 14 mm.
3207 2667 21 13 se

2728 2683 114 19 maintient
2852 2684 14 18 à
2878 2684 75 19 l'oueat
2967 2684 26 22 de
3007 2685 21 19 la
3042 2686 85 22 France.

2747 2707 29 22 La
2793 2709 147 20 perturbation
2953 2710 122 22 cyclonlque
3091 2712 37 20 qui
3143 2718 15 13 a
3175 2717 47 14 ame-

2728 2734 26 17 né
2771 2733 20 20 le
2810 2734 97 19 mauvais
2929 2737 67 19 temps
3013 2735 27 19 de
3069 2735 111 22 dimanche
3205 2742 23 13 fie

2728 2760 73 17 trouve
2810 2759 136 18 maintenant
2958 2768 10 12 s
2969 2765 26 16 ur
3007 2760 21 19 la
3042 2761 96 21 Pologne.

2747 2783 97 19 D'autres
2859 2785 158 21 perturbations
3033 2790 58 15 assez
3104 2786 76 20 faibles
3198 2792 30 13 ve.

2726 2810 54 16 nant
2797 2808 26 18 de
2845 2809 84 18 l'Océan
2948 2810 133 21 atteindront
3097 2816 74 14 encore
3192 2817 36 13 nos

2727 2833 82 21 réglons
2824 2838 37 16 sur
2877 2834 98 21 Ies<iuelle
2975 2843 11 14 8
3000 2839 52 15 nous
3064 2836 113 19 observons
3195 2839 33 16 let

2726 2858 121 20 aprèfl-midi
2866 2858 38 20 des
2924 2861 60 17 vents
3001 2860 94 21 modérés
3127 2861 14 18 à
3170 2861 61 19 asse^

2728 2882 52 18 forts
2793 2883 88 25 d'ouest,
2892 2889 30 15 un
2936 2884 39 18 ciel
2989 2885 44 17 tr's
3044 2890 97 17 nuageux
3154 2888 22 16 et
3186 2891 41 14 une

2728 2908 142 20 température
2886 2908 26 19 de
2925 2909 19 17 14
2957 2910 74 20 degrés
3047 2911 87 17 environ
3150 2923 5 5 .

2746 2932 73 21 Temps
2838 2932 102 21 présumé.
2954 2940 19 4 —
2994 2934 50 17 Vent
3046 2941 9 13 3
3073 2935 155 20 généralement

2728 2957 92 19 modérés
2831 2957 88 25 d'ouest,
2934 2959 74 21 grain*
3022 2959 82 22 faibles,
3119 2961 43 18 très
3177 2965 43 14 nua-

2727 2986 53 17 geux
2809 2986 51 15 ave-c
2891 2982 69 22 larges
2988 2984 113 25 éclairci^,
3128 2986 101 21 quelques

2728 3006 67 21 pluies
2816 3007 97 22 (ondées),
2930 3009 144 22 température
3088 3010 100 20 modérée.

2747 3031 38 19 Lee
2804 3033 153 21 températures
2977 3034 13 17 à
3007 3034 19 19 13
3045 3034 75 19 heures
3132 3041 5 12 :
3165 3037 21 17 flo
3216 3037 12 17 à

2728 3056 53 24 Oslo,
2801 3057 19 17 11
2840 3058 15 17 à.
2872 3058 74 20 Berne,
2965 3059 19 19 12
3002 3060 13 17 iX
3037 3060 148 19 Saint-Hubert
3207 3064 21 16 et

2728 3081 145 25 Copenhague,
2896 3082 20 18 13
2938 3083 13 17 à,
2977 3083 96 26 Londres,
3094 3085 89 19 Ostende
3207 3088 22 16 et

2730 3106 92 19 Utrecht.
2838 3107 20 18 16
2872 3111 16 14 a
2900 3107 68 26 Parie,
2984 3108 19 18 17
3019 3110 13 17 à
3047 3110 126 21 Stockholm.

2872 3145 194 22 OBSERVATIONS
3077 3157 5 11 :

2749 3176 121 20 Baromètre
2881 3185 5 12 :
2900 3178 57 18 1022.3
2973 3179 40 18 mb.
3032 3180 53 20 (766.7
3098 3184 63 18 mm.).

2747 3200 150 22 Température
2913 3204 114 19 maximum
3039 3211 5 11 :
3060 3205 46 18 16»3.

2748 3225 149 23 Tenipératuro
2912 3228 111 19 minimum
3031 3236 5 12 :
3052 3229 36 21 4°7.

2748 3250 108 20 Humidité
2866 3259 5 12 :
2885 3252 21 18 55
2922 3260 19 16 p.
2954 3258 18 13 c.

2748 3275 44 19 Eau
2808 3277 106 18 recueillie
2925 3283 5 12 :
2944 3278 11 18 6
2968 3282 49 15 mm.
3032 3280 16 18 1.

2750 3300 104 20 Direction
2872 3301 27 20 du
2916 3305 48 16 vent
2976 3309 5 12 :
2997 3306 66 17 ouest.

2750 3325 79 20 Vitesse
2841 3326 29 18 du
2888 3329 49 17 vent
2947 3334 6 11 :
2967 3329 10 16 4
2994 3329 76 20 mètres
3086 3330 16 19 5.

2751 3350 65 19 !î.eure
2815 3359 12 13 â
2842 3351 27 18 de
2885 3352 59 18 soleil
2955 3359 5 12 ;
2976 3353 10 18 4
3001 3353 75 22 heures
3089 3355 25 21 20.

2749 3374 130 20 Déclinaison
2895 3378 135 20 magnétique
3041 3384 5 12 :
3060 3379 30 18 10"
3101 3379 25 19 10'
3143 3383 65 18 ouest.

2749 3399 79 20 Marées
2842 3401 13 18 h
2868 3401 89 19 Ostende
2968 3409 6 11 :
2989 3403 10 17 5
3013 3403 21 19 h.
3046 3404 20 17 01
3081 3407 22 16 et
3115 3405 20 17 17
3150 3405 20 18 h.
3183 3396 25 27 3û!

2749 3423 79 23 Maréee
2842 3430 16 14 a-
2873 3426 79 18 Anvers
2962 3433 5 12 :
2983 3427 10 17 8
3010 3427 20 18 h.
3046 3429 20 17 26
3078 3430 23 18 et
3114 3430 20 18 20
3148 3430 22 19 h.
3182 3430 26 18 60.

2928 3460 24 17 -9
2962 3460 54 18 O-O»
3159 3467 4 6 ■

2250 5290 228 19 COMMUNICATIONS
2498 5293 49 17 PAR
2565 5293 16 18 T
2603 5294 20 18 8.
2641 5295 19 18 F.

2240 5314 63 17 AVEC
2319 5315 46 17 NOS
2382 5316 97 17 MALLES
2497 5317 171 19 CONGOLAISES

2225 5352 37 18 Les
2276 5354 116 20 paquebots
2405 5354 26 20 de
2446 5355 20 17 la
2482 5363 8 8 .
2504 5355 125 22 Compagnie
2646 5357 52 18 Mari-

2206 5377 50 17 time
2272 5377 60 21 Belge
2352 5378 71 20 U-Ioyd
2442 5379 72 20 Royal)
2533 5390 15 12 .,
2566 5381 19 21 S.
2602 5382 29 20 A.,
2650 5386 46 14 men-

2205 5401 81 19 tionnés
2307 5402 111 18 ci-dessous
2439 5406 71 16 seront
2526 5410 26 14 en
2568 5407 130 18 communica-

2205 5425 45 19 tion
2265 5431 40 16 par
2324 5427 20 19 T.
2359 5427 19 20 S.
2398 5427 27 23 F.,
2442 5429 143 21 aujourd'hui,
2602 5430 70 19 mardi
2685 5432 19 17 20

2206 5451 48 18 mai,
2273 5456 50 13 avec
2341 5452 29 20 leg
2385 5453 91 18 stations
2491 5454 77 18 oôtière
2569 5463 9 13 a
2598 5455 106 21 indiquées

2204 5476 48 18 cntr
2253 5483 11 12 e
2279 5475 133 22 parenthèses
2424 5482 4 10 :

2223 5503 28 17 sa.
2268 5507 7 7 "
2288 5499 122 18 Albertville
2425 5509 8 6 ..
2450 5501 201 23 'Bruxelles-Radio).

2224 5527 26 15 s».
2269 5531 9 9 ■
2293 5524 106 22 Thysville
2416 5535 8 5 -
2446 5525 199 22 CBruxelles-fiadio).

2754 3500 133 64 Arts
2913 3511 54 55 et
2987 3503 217 66 Lettres

2750 3631 26 5 —
2793 3622 57 21 ïous
2868 3622 79 26 l'igide
2962 3624 26 22 de
3006 3624 23 22 la
3042 3633 11 11 «
3069 3625 111 23 Confrérie
3195 3627 31 21 du

2728 3649 86 22 Canard
2826 3659 10 10 »
2850 3651 104 23 viennent
2966 3653 27 21 de
3006 3654 96 24 paraître
3116 3662 10 11 «
3140 3655 40 21 Les
3190 3656 30 21 Sé-

2727 3679 101 22 ductions
2840 3679 133 25 artificielles
2987 3688 19 18 »,
3022 3683 88 25 poèmes
3123 3684 28 22 de
3166 3684 61 21 «Marc

2728 3708 77 25 Augis,
2835 3710 67 21 ornés
2932 3710 53 21 d'un
3013 3711 74 21 dessin
3119 3712 109 22 d'Andrée

2727 3735 76 22 Dever.

2754 3765 33 21 En
2802 3766 149 25 souscription
2968 3772 7 16 :
2991 3767 24 21 10
3031 3768 81 27 francs,
3126 3771 14 20 à
3153 3775 75 16 versur

2727 3799 29 16 au
2774 3795 87 25 compte
2879 3807 4 7 ■
2909 3800 63 21 .-ques
2993 3797 92 24 postaux
3105 3798 76 25 482.71,
3200 3799 27 20 .le

2728 3823 23 21 E.
2765 3823 76 23 Dever.
2857 3824 32 21 En
2901 3825 63 21 vente
2978 3828 14 17 ù.
3003 3826 22 20 la
3036 3825 95 23 librairie
3145 3827 82 20 Castai-

2728 3856 50 21 gne,
2801 3857 39 16 rue
2865 3852 362 29 Montagne-aux-Herbes-Potugè-

2727 3885 43 20 res,
2789 3880 120 23 Bruxelles.

2953 3911 48 21 *«*

2748 3966 21 4 —
2782 3959 54 21 C'est
2848 3959 19 18 le
2879 3960 20 17 24
2914 3960 43 18 mai
2969 3961 116 18 seulement
3096 3967 29 16 qu
3125 3970 13 13 e
3152 3969 23 14 se
3190 3963 33 17 fer-

2727 3987 60 16 mera
2801 3983 131 22 l'exposition
2945 3984 26 22 de
2986 3985 118 22 l'Imagerie
3117 3987 112 21 i-opulaire

2726 4008 61 18 d'Art
2807 4008 100 23 religieux
2929 4011 22 17 et
2972 4010 131 22 folklorique.
3127 4011 45 18 Elle
3195 4014 33 17 oat

2728 4033 118 23 complétée,
2870 4033 73 23 depuis
2963 4034 99 23 Quelques
3081 4036 60 21 jours
3165 4037 57 19 seule-

2729 4059 63 18 ment,
2805 4062 39 17 par
2857 4060 22 18 la
2892 4059 147 22 reproduction
3050 4062 61 18 d'une
3123 4062 53 18 série
3186 4062 43 19 très

2729 4083 139 19 intéressante
2894 4083 90 19 d'icônes
3009 4085 120 21 populaires
3153 4091 76 16 russes,

2727 4106 51 20 dont
2795 4108 20 18 la
2830 4109 146 20 comparaison
2994 4114 50 14 avec
3059 4110 114 22 l'imagerie
3191 4112 30 19 fla-

2728 4132 75 18 mande
2820 4133 127 18 intéreesera
2964 4137 48 15 tous
3028 4140 50 13 oeux
3098 4137 37 20 qui
3153 4136 68 19 s'occu-

2730 4159 49 18 pent
2798 4157 57 19 d'art
2874 4158 108 21 populaire
3000 4164 22 15 et
3037 4159 25 18 de
3078 4160 94 20 folklore.

2747 4180 27 19 Le
2792 4182 68 21 Musée
2875 4183 27 21 du
2920 4182 60 21 Livre
2995 4188 32 16 est
3043 4188 74 17 ouvert
3133 4188 48 18 tous
3198 4187 29 18 les

2729 4206 66 21 jours,
2809 4207 49 17 sauf
2872 4207 18 17 le
2903 4208 115 20 dimanche,
3035 4212 25 18 de
3072 4211 20 19 30
3103 4211 14 17 à
3132 4211 21 17 12
3166 4213 22 16 et
3204 4211 25 19 de

2727 4235 10 16 2
2749 4232 14 17 à
2777 4232 10 16 6
2799 4232 82 21 heures.

2897 4264 3 7 ,
2937 4261 86 16 <*.<>-«-

2728 4297 38 36 Un
2772 4297 164 37 cabaretier
2941 4300 181 41 grièvement
3128 4300 99 37 blessé

2845 4355 53 35 par
2910 4348 52 36 des
2977 4349 137 36 Polonais

2781 4432 53 23 UNE
2852 4432 130 23 BAGA1IRE
2996 4433 18 21 A
3033 4434 142 20 CUATELET

2753 4496 37 20 Ule
2806 4499 61 18 notre
2882 4499 171 21 corresponetam
3069 4499 123 20 particulier
3193 4505 8 15 i

2973 4531 119 25 Charleroi,
3109 4533 24 19 19
3150 4534 51 20 mai.

2754 4559 45 21 Une
2812 4564 66 21 grave
2888 4560 93 25 bagarre
2992 4566 14 15 a
3016 4561 75 23 éclate,
3101 4561 125 26 dimanche,

2729 4593 49 16 vers
2794 4588 24 21 23
2832 4588 85 26 heures,
2933 4594 29 16 au
2974 4589 47 21 café
3037 4589 83 25 italien,
3136 4590 34 20 271
3188 4595 39 16 rue

2729 4616 26 22 de
2776 4616 21 21 ta
2816 4617 94 25 Station,
2936 4619 14 19 ù
2977 4617 105 25 Chùlelet,
3106 4618 51 21 tenu
3188 4624 39 20 par

2729 4644 108 23 Gontelinl
2860 4645 124 25 Francisco,
3006 4646 69 20 marié
3097 4649 22 20 et
3137 4647 41 25 4gé
3199 4649 28 20 de

2729 4674 130 21 trente-neuf
2877 4679 47 16 ans.
2940 4674 30 21 De
2987 4675 122 20 nombreux
3127 4680 91 17 consom-

2728 4703 97 21 mateurs
2847 4703 114 25 étrangers
2979 4708 24 16 se
3026 4703 123 22 trouvaient
3169 4705 58 21 dans

2729 4729 188 26 l'établissement
2933 4731 57 20 Tout
3006 4732 13 19 à
3035 4736 70 22 coup,
3116 4737 57 22 pour
3189 4733 40 20 des

2713 4758 7 33 j
2728 4760 87 21 raisons
2829 4764 42 21 que
2885 4760 45 21 l'on
2941 4761 77 24 ignore
3032 4766 86 20 encore,
3134 4767 42 16 une
3192 4767 35 17 M-

2729 4792 65 21 garre
2805 4788 77 24 éclata,
2898 4789 123 25 provoquée
3036 4794 40 21 par
3088 4795 44 16 une
3145 4791 75 21 discus-

2728 4817 49 20 sion
2791 4817 61 22 entre
2864 4816 20 23 le
2898 4817 79 25 patron
2992 4820 21 20 et
3027 4818 77 26 quatre
3116 4819 110 22 Polonais.

2753 4845 95 25 Lorsque
2868 4845 22 21 la
2910 4845 69 25 police
2997 4846 22 23 et
3035 4847 22 21 la
3075 4847 153 25 gendarmerie

2728 4873 134 27 survinrent,
2881 4872 109 23 Gontellm
3006 4875 66 25 gisait
3087 4880 40 16 sur
3146 4876 20 21 le
3185 4876 43 25 sol,

2727 4907 54 16 sans
2796 4902 167 25 connaissance,
2976 4902 77 27 frappé
3067 4906 14 20 h
3096 4904 22 21 la
3131 4905 42 21 tête
3187 4910 40 21 par

2729 4930 53 21 trois
2803 4935 68 20 coups
2893 4931 27 23 de
2942 4932 114 25 poignard.
3087 4933 69 24 Après
3183 4938 43 16 une

2728 4959 106 24 première
2843 4959 101 26 enquête,
2958 4959 31 21 les
3001 4960 101 26 policiers
3113 4962 27 20 de
3152 4962 67 21 Chate-

2728 4987 37 25 let,
2782 4986 61 24 aidés
2855 4991 41 21 par
2913 4992 54 17 ceux
2982 4988 27 22 de
3025 4989 135 26 Chtelineau,
3178 4991 40 25 opé-

2727 5016 73 21 rèrent
2811 5016 77 25 quatre
2899 5017 145 23 arrestations
3052 5018 59 21 dans
3121 5023 43 17 une
3175 5020 44 20 mai-

2728 5049 41 17 son
2784 5044 25 21 de
2821 5045 118 24 logement,
2954 5045 86 22 Sentier
3052 5046 28 22 de
3092 5047 89 25 Ladres,
3195 5048 32 24 37,

2727 5073 14 20 à
2759 5072 148 21 Châtelineau.
2939 5072 40 22 Les
3001 5074 117 22 .individus
3145 5077 82 20 arrêtés

2727 5102 51 20 sont
2788 5101 77 24 quatre
2877 5101 120 22 houilleurs
3011 5107 5 15 :
3028 5103 119 26 Kucheida,
3158 5106 69 24 vingt-

2727 5131 48 23 sept
2793 5133 43 16 ans
2846 5134 6 19 ;
2871 5129 116 26 Madzices,
3003 5131 147 26 vingt-quatre
3169 5138 41 16 ans
3222 5148 5 9 ,

2728 5157 88 25 Kublin,
2827 5158 135 21 trente-deux
2975 5164 42 16 ans
3026 5176 6 9 ,
3045 5163 20 19 et
3076 5161 79 25 Slezik,
3165 5162 62 24 vingt

2727 5191 48 17 ans.
2790 5186 40 22 Ces
2843 5186 56 21 deux
2914 5186 98 24 derniers
3024 5191 103 19 accusent
3141 5190 77 21 formel-

2727 5214 80 21 lement
2820 5214 32 23 les
2869 5215 56 21 deux
2942 5217 105 23 premiers
3058 5217 70 21 d'être
3141 5218 32 21 les
3189 5223 29 16 au-

2727 5243 59 21 teurs
2801 5244 28 21 de
2844 5243 115 23 l'attentat.
2978 5245 87 21 Ceux-ci
3084 5246 66 21 nient.
3169 5247 58 21 C'est

2728 5275 25 16 ce
2768 5271 38 25 qui
2821 5275 14 16 a
2842 5271 77 22 décidé
2935 5272 20 22 le
2972 5274 92 26 parquet
3074 5274 26 21 de
3116 5274 112 21 Charleroi

2726 5300 14 20 à
2757 5299 55 21 faire
2831 5304 43 18 une
2891 5301 102 23 descente
3012 5307 40 16 sur
3068 5304 31 20 les
3118 5304 57 21 lieux
3197 5309 29 17 au

2726 5332 64 17 cours
2805 5328 27 22 de
2844 5328 93 26 laquelle
2949 5331 14 20 il
2978 5333 94 23 apparut
3086 5337 42 20 que
3143 5332 20 21 la
3179 5333 46 21 rixe

2726 5357 76 21 n'était
2812 5361 41 20 pas
2864 5357 42 23 due
2917 5360 14 19 à
2943 5358 71 24 l'abus
3026 5361 27 20 de
3063 5361 107 21 boissons.
3184 5361 41 21 Les

2726 5385 130 24 enquêteurs
2879 5387 62 22 n'ont
2965 5392 28 19 pu
3026 5392 78 17 encore
3131 5388 94 23 démêler

2726 5412 86 25 quelles
2832 5413 82 23 étalent
2934 5415 33 21 les
2987 5417 179 25 responsabilités
3186 5418 39 20 des

2725 5441 100 22 détenus.
2842 5443 74 24 Aussi,
2932 5449 28 16 en
2976 5445 75 21 raison
3065 5446 27 21 de
3107 5446 59 22 l'état
3181 5449 44 19 1res

2725 5474 68 21 grave
2804 5471 28 22 de
2846 5471 116 27 Gontelinl,
2975 5474 37 24 qui
3022 5474 34 20 est
3068 5474 77 22 atteint
3158 5476 66 20 d'une

2726 5497 95 21 fracture
2835 5498 29 21 du
2879 5504 74 22 crâne,
2969 5501 31 20 les
3015 5501 141 22 arrestations
3174 5506 49 17 sonl

2725 5526 146 23 maintenues.

3543 2327 28 13 un
3586 2326 46 16 acte
3650 2328 101 16 amuaaant

3369 408 262 48 Théâtres

3410 512 176 19 SPECTACLES

3252 548 123 18 MONNAIE.
3388 558 19 3 ~
3420 551 15 17 A
3447 550 20 19 20
3478 550 21 19 h.
3509 551 26 21 30,
3550 559 8 7 «
3572 550 78 20 Lakmé
3661 558 16 12 ».

3252 574 70 17 PARC.
3341 582 12 4 -
3364 574 85 22 Clôture
3459 575 105 20 annuelle.

3251 598 131 21 GALERIE8.
3393 607 18 5 -
3422 601 16 16 A
3452 601 20 16 20
3482 600 21 21 h.
3516 601 25 20 50.
3556 609 7 6 -
3580 601 79 19 Mariiu
3674 610 8 8 .
3698 602 42 19 (jus-

3268 623 64 20 qu'au
3346 625 20 16 le
3368 632 11 12 r
3393 625 62 21 Juin).

3250 648 147 18 ALHAMBRA.
3421 658 9 4 -
3452 651 15 16 A
3484 650 20 17 2J
3523 651 20 19 ta.
3562 651 25 20 50.
3605 659 8 7 .
3635 651 106 19 Bruxelles

3270 672 95 19 Mélodie*
3381 684 8 5 -
3406 675 72 20 Ke\ue.

3252 698 173 18 AMBASSADOR.
3441 707 16 3 -
3475 701 15 16 A
3507 700 20 17 20
3543 700 18 19 h,
3578 700 25 19 50.
3622 708 8 9 .
3645 700 52 21 Ont
3709 706 39 14 ana

3269 727 61 16 apr.â
3345 732 9 8 «
3369 724 89 20 (Revue).

3251 748 169 18 VAUDEVILLE.
3436 757 17 4 -
3472 751 14 15 A
3506 752 19 17 20
3543 750 18 17 h.
3580 750 26 19 45.
3625 751 18 18 le
3659 750 90 20 ThôflUre

3269 772 28 19 du
3312 773 69 19 Grand
3399 774 88 22 UuiKuql
3502 774 25 19 Uu
3546 774 64 20 Paris.

3251 797 97 17 CASINO.
3365 805 16 4 -
3399 798 95 18 Kelaehe.

3252 822 117 17 MOLIERE.
3389 831 16 3 -
3426 825 13 15 A
3459 825 18 17 20
3496 824 20 19 h.
3533 824 26 22 50,
3578 832 7 8 ..
3603 824 21 18 Li
3644 825 105 18 Diériu-ne

3271 846 54 21 Voye
3339 856 14 11 ...

3252 872 41 18 GAI
3302 872 32 18 l'E.
3347 880 18 4 —
3378 874 17 17 A
3405 874 20 17 20
3437 874 20 18 ta.
3471 875 25 18 50,
3511 882 9 9 •
3535 874 86 19 Phi-Phi
3632 883 14 8 ..

3251 897 116 18 THEATRE
3384 898 82 18 ROYAL
3482 898 128 18 FLAMAND.
3627 906 17 6 -
3658 901 17 17 A
3688 902 19 18 20
3722 902 27 21 U.,

3271 929 7 8 «
3293 922 27 17 De
3334 921 16 20 M
3352 926 27 16 au
3382 924 39 19 n'en
3433 928 38 13 van
3484 924 74 19 ilanou
3574 933 15 10 -.

3251 946 220 21 FOLIES-BERGERE.
3490 956 12 3 -
3518 949 15 17 A
3546 949 20 18 20
3582 949 26 19 ta.,
3623 957 7 8 .
3647 949 102 20 BruMel-.

3269 975 27 17 oy
3313 977 36 14 een
3369 974 4 16 I
3379 973 19 17 lu
3402 978 4 11 1
3410 976 6 14 1
3419 973 21 21 jo
3455 984 8 7 -
3482 973 84 20 (Hevue)

3253 996 88 17 PALAIS
3359 997 75 17 D'ETE.
3444 1006 19 11 .-
3480 999 14 16 A
3507 998 20 17 20
3540 999 20 16 h.
3572 998 25 23 15,
3610 1001 28 15 lea
3652 999 19 17 28
3684 999 65 19 .Nain*

3269 1020 12 17 tl
3284 1031 10 10 e
3307 1020 114 20 Sujiuei't'tr.
3437 1026 17 14 ii-
3458 1027 23 12 ni-
3495 1024 111 23 cavalerie,
3621 1024 34 17 leu
3656 1032 11 12 r
3679 1024 70 18 «ïluiie.

3270 1044 58 20 Hall;
3344 1047 19 20 le
3381 1046 107 20 Wiadimir
3505 1047 65 22 Pique
3583 1047 54 20 Trio,
3655 1050 95 21 musiqua

3269 1074 59 13 rusàe
3330 1088 4 7 i
3352 1074 38 17 etc.
3410 1071 131 21 Uimanchoa,
3561 1072 69 20 Jeudi.»
3648 1077 22 15 et
3690 1074 59 19 joura

3271 1095 68 21 fériée,
3352 1100 18 13 m
3374 1097 67 17 ..tinée
3455 1098 14 16 ù
3481 1097 19 17 15
3514 1097 13 17 h
3549 1097 25 18 15.

3251 1120 241 17 CABARET-THEATRE
3508 1122 31 16 OE
3557 1121 43 18 DIX
3617 1123 101 17 HEURES

3271 1144 49 20 Rich
3337 1149 20 14 et
3378 1145 81 25 Ualvin,
3478 1145 28 19 lea
3526 1146 90 21 vedette^
3634 1148 116 21 anelaisea;
3762 1163 4 6 ,

3272 1169 49 18 Beili
3337 1169 47 18 Ben
3403 1175 49 14 avec
3469 1171 28 17 Ira
3515 1171 60 18 Revel
3606 1172 95 21 Heauties
3729 1176 21 16 et

3270 1194 81 20 Shirley
3369 1194 89 20 Vernou;
3479 1197 28 20 leg
3523 1196 92 19 fameu»e
3617 1206 8 9 ;
3643 1196 56 20 Girl»
3717 1202 26 15 an-

3271 1218 83 20 glaises,
3368 1221 38 16 etc.

3253 1243 89 17 PALAIS
3352 1244 31 16 DE
3397 1245 29 16 LA
3442 1245 81 17 DANSE
3538 1246 83 17 SAINT.
3623 1247 120 18 SAUVEUR

3274 1275 14 5 -
3307 1268 23 16 I-*-
3348 1269 45 18 nl'i"
3408 1269 51 19 beau
3473 1270 91 21 dancing
3577 1270 25 18 du
3620 1272 73 16 monde

3251 1292 76 19 WAUX
3338 1293 72 21 HALL.
3427 1302 16 4 -
3464 1296 13 16 A
3496 1296 20 17 20
3531 1295 26 20 h..
3574 1295 93 22 Dancing
3684 1300 21 15 et
3720 1301 29 14 or.

3270 1317 81 19 chenie
3370 1319 26 18 du
3416 1319 73 19 Joaian
3498 1327 10 13 g
3526 1320 53 20 Boys
3597 1320 63 19 Band.

3395 1362 208 23 COMMUNIQUES

3269 1407 19 4 -
3306 1399 125 18 MONNAIE.
3447 1408 14 4 -
3484 1401 145 22 Aujourd'hui,
3645 1403 69 19 mardi
3732 1405 20 17 W

3252 1424 49 21 mai,
3314 1425 13 18 ù
3342 1426 19 17 20
3376 1425 20 20 ta.
3409 1425 26 21 50,
3451 1430 49 15 avec
3515 1427 18 19 le
3546 1431 101 15 concours
3659 1428 26 19 de
3699 1428 53 19 Mm»

3251 1449 20 17 C.
3289 1448 111 24 Clairbert,
3419 1458 16 14 n
3442 1452 143 21 prérfiitation
3601 1453 24 18 de
3644 1453 55 22 gala,
3717 1454 27 18 ho-

3252 1475 61 21 norée
3334 1475 24 17 de
3377 1476 21 18 la
3420 1477 96 20 uré-'.'iiee
3533 1477 27 19 du
3581 1478 43 20 Roi,
3641 1479 111 20 organisa

3252 1503 38 16 par
3311 1499 19 19 la
3350 1499 128 19 Fraternelle
3494 1501 36 19 des
3550 1503 87 17 Anciens
3656 1503 88 19 Combat-

3251 1525 59 17 tants
3321 1526 35 18 du.
3362 1525 21 17 2e
3399 1525 106 23 Régiment
3518 1526 24 18 de
3557 1527 83 20 Guide*,
3654 1533 27 13 au
3694 1529 57 20 h~-a~-

3252 1548 40 20 lic©
3305 1549 26 17 do
3345 1554 24 13 sa
3384 1550 67 18 <u>^e
3465 1553 25 19 de
3507 1556 82 13 *econrs
3591 1569 5 7 t
3613 1561 8 6 -
3640 1552 76 20 Laknié
3731 1561 20 14 •;

3251 1574 100 18 mercredi
3368 1575 25 22 21,
3409 1576 14 17 à
3437 1576 19 17 19
3472 1576 19 17 h.
3509 1577 27 22 50,
3551 1582 49 15 avec
3616 1577 19 19 lo
3650 1583 102 14 concours

3250 1598 27 20 d«
3290 1598 46 19 Mlle
3351 1599 80 24 Bunlet,
3444 1600 26 19 de
3486 1601 45 21 MM.
3549 1602 61 20 Urlus
3622 1605 21 16 et
3659 1603 44 20 Van
3715 1604 36 18 Ob-

3253 1624 70 20 herph,
3342 1632 8 9 «
3371 1625 103 21 SIeglric*d
3496 1634 8 8 »
3510 1633 4 14 ;
3531 1627 59 20 jeudi
3609 1627 26 21 22.
3655 1628 14 18 à
3685 1629 20 19 20
3725 1628 27 22 h.,

3251 1653 50 13 avec
3319 1649 19 19 le
3352 1654 100 15 concom-b
3469 1653 25 20 de
3509 1651 52 19 Mine
3580 1652 110 21 Clairbert.
3708 1658 37 18 pre-

3251 1673 64 19 mière
3332 1674 166 21 représentation
3517 1677 91 21 .reprise)
3625 1677 24 20 de
3667 1686 8 8 •>
3690 1678 63 21 Lucia

3251 1697 25 20 de
3294 1698 154 23 Lammennoor
3467 1708 8 8 »
3489 1705 21 15 et
3530 1702 99 20 première
3648 1705 103 19 reprteen.

3251 1724 68 18 tation
3336 1725 107 19 ici-cation)
3460 1727 24 17 de
3501 1726 121 20 •Tentation
3639 1728 27 20 du
3679 1728 73 19 Poète»

3253 1747 92 22 (ballet);
3358 1750 97 21 vendredi
3469 1751 26 21 25,
3506 1752 13 17 à
3533 1752 20 17 20
3564 1752 27 20 h..
3604 1761 8 7 -
3627 1753 89 21 Céphale
3730 1758 22 16 et

3253 1772 81 21 Prooris
3350 1782 15 10 ...

3271 1813 19 5 -
3310 1805 132 20 GAL£3iES,
3466 1816 12 4 -
3500 1815 8 10 .
3526 1807 79 22 ilaritui
3627 1820 16 13 *,
3660 1810 21 19 la
3702 1811 43 21 pim-

3251 1832 65 19 pante
3330 1831 91 22 c«iitdie
3439 1832 25 19 de
3483 1832 85 25 Pagnol,
3586 1834 61 20 jouée
3665 1840 40 16 par
3723 1841 29 14 «te*

3251 1856 107 18 créateurs
3380 1856 26 19 de
3425 1857 21 19 la
3469 1859 55 20 pièce
3543 1860 13 16 à
3581 1859 110 22 Bruxelles,
3711 1861 42 18 fait

3250 1880 52 19 salle
3320 1882 80 20 comble
3413 1883 12 16 à
3443 1883 80 22 chaque
3541 1886 174 19 représentation.
3733 1886 19 19 11

3251 1909 32 15 est
3296 1906 54 19 donc
3367 1906 96 22 toujours
3480 1908 91 21 pvudeut
3585 1910 25 18 de
3627 1911 79 18 retenir
3721 1916 31 14 n>__

3251 1930 74 20 places.
3345 1931 25 20 J-e
3392 1932 10 17 2
3418 1932 55 22 juin,
3494 1933 101 22 première
3612 1934 12 17 d
3628 1941 12 13 u
3661 1935 90 20 Théâtre

3251 1954 109 21 JaponaN.

3273 1995 15 3 -
3306 1987 166 19 ALHAMDERA.
3493 1997 15 4 -
3527 1990 28 18 La
3574 1996 66 16 revne.
3660 1996 47 14 lous
3724 1994 29 16 le*

3251 2012 59 18 soirs,
3327 2017 49 14 avec
3392 2013 29 21 leg
3435 2015 140 21 magnifiques
3592 2021 101 15 causeur*
3710 2023 42 14 ru*-

3250 2041 34 14 ses
3297 2038 110 20 .Smiruova
3419 2043 21 14 et
3458 2040 77 21 Tripoli
3537 2042 48 19 tolï,
3604 2044 27 16 le-*
3645 2043 106 21 comique»

3252 2062 60 18 Roels
3329 2065 21 16 et
3363 2062 84 27 Libeau,
3465 2065 29 20 les
3509 2066 18 16 16
3543 2067 40 19 £ïri
3584 2072 17 18 rij
3617 2067 29 17 2C0
3658 2069 95 20 artistes.

3250 2087 21 17 40
3284 2087 105 25 tableaux,
3403 2090 49 18 dont
3466 2089 20 19 la
3502 2091 134 20 sai^is-sante
3651 2092 101 21 Eruption

3251 2111 26 20 du
3294 2112 82 20 Vésuve.

3273 2151 17 4 -
3308 2143 119 19 MOLIERE.
3443 2154 18 4 -
3479 2154 7 8 -
3506 2146 21 18 Li
3544 2147 106 20 I>ièriu-ny
3669 2149 53 21 Voye
3737 2158 16 13 .,

3251 2168 29 21 les
3301 2169 11 18 3
3331 2172 57 18 actes
3410 2172 124 20 émouvants
3553 2173 25 18 de
3603 2173 107 19 Beauduin
3730 2178 21 17 et

3253 2193 110 25 Duchatto.
3384 2198 70 16 seront
3479 2196 124 24 interprétés
3627 2200 19 17 le
3669 2200 19 18 20
3707 2205 38 14 cou-

3252 2220 49 16 rant
3316 2224 29 14 au
3360 2219 88 20 Théâtre
3466 2221 89 19 Molière.
3571 2222 53 19 Co&t
3641 2224 19 18 la
3678 2227 75 19 troupe

3251 2243 26 18 de
3291 2243 26 21 M.
3334 2245 78 19 Gaston
3428 2246 58 24 Roos,
3504 2248 24 18 de
3545 2247 65 22 Liésc,
3627 2250 37 19 qui
3676 2250 78 20 jouer*

3250 2270 54 20 cette
3326 2270 56 20 pièce
3404 2271 103 21 acclamée
3528 2278 49 15 avec
3595 2274 157 21 enthousiasme

3252 2293 52 21 dans
3322 2295 18 17 la
3356 2294 45 22 Cité
3415 2297 91 18 Ardente
3523 2298 41 18 lors
3577 2300 25 18 de
3619 2299 20 17 la
3651 2300 102 21 création.

3250 2326 8 7 <•
3277 2318 11 18 I
3304 2319 47 18 faut
3368 2320 36 20 qui
3421 2323 72 18 «.aurto

3253 2344 85 19 ouvrira
3354 2347 55 16 cetto
3425 2346 72 21 soirée.

3271 2383 19 5 -
3303 2375 177 20 AMBASSADOR.
3495 2386 18 6 -
3528 2387 8 7 *
3551 2380 49 19 Cent
3614 2385 26 13 au
3643 2388 10 13 3
3667 2382 61 20 apris
3736 2390 17 14 .,

3250 2400 21 19 lft
3282 2405 63 16 revue
3358 2402 60 21 exQui
3421 2410 8 13 6
3431 2408 11 14 e
3454 2403 25 20 do
3492 2403 46 19 ilM.
3554 2404 78 22 Libeau
3646 2408 22 16 et
3679 2406 72 23 Rieur,

3251 2426 98 20 pour«soiit
3363 2427 183 22 triomphalement
3562 2435 25 14 «su
3596 2431 93 21 carrière
3703 2436 14 15 a
3720 2438 4 4 r
3722 2437 32 14 .ec

3251 2454 38 14 son
3304 2450 161 21 Interprétation
3478 2453 25 19 de
3516 2457 91 18 premier
3620 2455 67 19 ordre.
3701 2456 43 20 Cha-

3249 2479 40 14 cun
3307 2476 33 18 dit
3351 2482 5 12 :
3373 2485 8 7 u
3402 2477 18 17 II
3436 2478 47 20 faut
3504 2479 44 20 voir
3566 2482 54 17 ctfe
3641 2485 61 15 revue
3713 2482 4 11 '
3735 2490 15 10 ..

3249 2499 116 22 Téléphone
3376 2507 5 12 :
3396 2502 61 18 269.39.

3271 2539 19 5 -
3310 2532 170 19 VAUDEVILLE.
3500 2542 13 5 -
3536 2536 54 20 C"^t
3621 2537 20 19 la
3673 2539 81 20 srand*

3250 2557 56 18 foule
3307 2574 5 8 p
3331 2562 48 14 loua
3400 2560 19 17 Je
3419 2566 10 13 3
3445 2560 61 25 eoira,
3528 2565 51 16 rwur
3595 2562 114 21 applaudir
3730 2564 21 18 !a

3253 2582 99 22 brillante
3375 2587 74 17 troupe
3471 2578 35 25 du'
3517 2585 90 22 Théâtre
3627 2587 14 17 d
3643 2595 13 13 u
3676 2588 77 18 Grand-

3252 2606 89 22 Guignol
3356 2608 25 18 de
3398 2608 66 22 Paris.
3479 2610 116 21 Téléphone
3606 2619 5 10 :
3625 2612 62 20 228.02.
3701 2615 9 18 |

3271 2647 20 4 -
3313 2639 82 22 GAITE,
3414 2649 18 4 —
3455 2650 7 7 .
3484 2642 83 20 Phi-Phi
3591 2652 15 13 -,
3628 2644 21 19 la
3666 2645 88 21 joveu»

3248 2664 94 21 opérette
3362 2664 29 21 du
3408 2667 77 18 maître
3505 2667 111 25 Christine,
3637 2674 32 14 est
3687 2671 56 19 inter-

3251 2689 70 20 prétée
3336 2690 12 18 h
3365 2690 20 19 la
3404 2692 121 21 perfection.
3542 2692 42 20 Tél.
3601 2694 61 18 224.2S.

3269 2728 19 4 -
3305 2721 118 18 THEATRE
3443 2723 83 19 ROYAL
3547 2725 130 22 FLAMAND.
3701 2736 15 5 -
3734 2730 16 17 A

3250 2745 21 19 20
3290 2746 29 24 h.,
3340 2748 167 21 représentation
3525 2751 26 18 de
3573 2751 49 21 grala
3642 2753 111 19 organisée

3251 2777 26 12 en
3291 2771 110 19 l'honneur
3416 2773 27 19 de
3458 2773 53 19 Mme
3527 2774 76 19 Manon
3619 2776 85 24 Latour,
3721 2782 25 15 ac-

3249 2796 52 19 trice
3312 2796 43 18 fort
3364 2797 68 19 aj'inée
3443 2798 29 19 du
3485 2800 77 20 public.
3573 2800 70 24 Jeudi,
3654 2802 97 20 dernière

3251 2821 25 19 de
3292 2828 9 8 "
3318 2821 29 18 De
3359 2821 91 20 Mannen
3467 2830 39 13 van
3523 2824 75 20 M.anon

3267 2860 19 5 -
3302 2853 235 21 FOLIES-BERGERES.
3553 2863 20 7 -
3585 2858 17 17 A
3615 2859 20 17 20
3651 2858 21 20 h.
3687 2860 27 19 13.
3725 2860 23 18 ia

3251 2878 69 21 Revue
3334 2886 9 9 ■
3357 2879 104 18 Rruaeel...
3472 2887 26 17 op
3512 2886 39 13 een
3564 2882 73 20 fluitje
3649 2891 16 16 •>,
3677 2884 27 18 de
3717 2884 36 19 Jef

3248 2902 77 25 Orban,
3342 2903 20 18 25
3380 2905 97 18 tableaux
3492 2906 53 20 dont
3561 2912 69 14 aucun
3648 2900 53 26 n'est
3717 2909 24 17 ba-

3251 2927 43 22 nal,
3309 2928 103 19 médioero
3429 2931 23 17 et
3467 2930 132 24 simpiemeht
3617 2934 116 19 euituyeui.

3271 2968 20 4 -
3311 2960 89 18 PALAIS
3418 2961 78 18 D'ETE.
3515 2970 18 5 -
3552 2963 37 18 Les
3607 2964 20 18 28
3643 2964 66 21 Nains
3727 2965 27 19 de

3250 2984 108 19 Sch«aeffer
3375 2988 23 16 et
3417 2986 19 18 le
3452 2987 39 18 bon
3507 2988 64 21 géant
3588 2989 38 21 qui
3643 2989 47 19 leur
3707 2992 44 17 sert

3249 3009 25 20 de
3292 3015 71 17 groom
3377 3013 130 19 remportent
3521 3018 28 14 un
3566 3014 71 18 succès
3651 3015 100 18 étoi.rdta-

3248 3036 57 19 saut,
3317 3040 22 16 et
3351 3036 109 18 d'ailleurs
3473 3039 47 18 tout
3531 3038 13 18 h
3558 3038 41 19 fait
3610 3039 90 21 justifié,
3713 3045 38 14 car

3251 3060 27 21 ils
3291 3060 99 18 excellent
3402 3061 52 19 dans
3466 3062 30 19 lea
3509 3064 98 18 numéros
3620 3064 31 19 le.i
3662 3065 47 20 plu»
3725 3065 27 20 ii-

3252 3089 52 17 vera.
3325 3085 27 19 Le
3370 3089 55 19 reste
3447 3087 28 19 du
3500 3092 138 18 programme,
3659 3091 57 19 varié
3739 3091 14 17 à

3250 3110 92 24 souhait,
3362 3111 111 23 contribue
3489 3113 15 18 ù,
3525 3118 26 13 en
3569 3114 55 18 faire
3656 3114 20 19 le
3706 3115 46 21 plu»

3251 3135 113 19 charmant
3378 3136 36 18 des
3428 3138 121 26 spectacles,
3563 3142 92 18 pouvant
3667 3140 44 20 Ctre
3727 3145 25 14 ?u

3252 3164 39 16 par
3308 3161 47 17 tout
3369 3160 19 19 le
3404 3162 81 21 monde.
3501 3157 48 27 Tél.*
3557 3163 36 18 loc.
3608 3164 61 19 223.94.
3682 3165 70 21 JeuJl,

3250 3185 93 19 matinée
3356 3186 15 18 à
3385 3187 20 17 15
3418 3187 20 20 h.
3453 3187 25 18 15.

3270 3225 18 4 -
3301 3216 242 22 CABARET-THEATRE
3562 3220 31 18 DE
3608 3222 19 17 10
3644 3218 107 24 HEURES,

3249 3249 21 4 —
3283 3241 45 19 Une
3345 3242 81 22 pléiade
3442 3244 26 18 de
3481 3243 93 21 vedettes
3591 3245 69 21 figure
3676 3247 15 19 ft.
3706 3246 45 20 l'ai-

3252 3265 64 21 riche.

3270 3306 20 3 -
3310 3298 160 20 WAUX-HALL.
3484 3309 21 4 -
3522 3301 27 19 Le
3575 3302 92 20 Josiau's
3699 3303 53 22 Boy»

3252 3322 59 19 Band
3326 3327 32 15 est
3371 3329 28 13 un
3412 3325 106 19 orchestre
3533 3327 36 17 des
3584 3327 48 20 plus
3646 3329 107 20 appréciée

3250 3352 39 16 par
3305 3348 29 21 les
3348 3348 108 19 dans-euri.
3475 3350 41 18 Tou
3519 3359 9 12 s
3545 3352 29 17 les
3592 3353 60 19 soirs,
3669 3353 14 18 à
3696 3354 21 17 E0
3731 3353 19 19 h.

3395 3396 212 22 INFORMATIONS

3290 3435 29 18 LE
3337 3436 101 18 RETOUR
3453 3438 32 17 DE
3503 3439 30 16 LA
3547 3439 149 19 ARGENTINA

3270 3467 89 22 Rentré^
3377 3473 54 17 pour
3446 3470 90 21 Quelque
3551 3472 68 20 temps
3637 3472 116 20 seulement

3249 3498 27 14 en
3291 3492 88 22 Europe,
3392 3495 62 20 après
3468 3499 28 15 un
3498 3503 13 13 e
3524 3497 87 19 tournée
3626 3497 128 21 triomphale

3250 3521 26 14 en
3296 3517 117 22 Amérique,
3434 3525 27 13 au
3481 3520 77 24 Japon,
3576 3526 27 14 en
3619 3522 72 21 Chine,
3711 3528 42 14 aux

3250 3542 68 24 Indes,
3334 3543 98 21 l'illustre
3451 3545 105 19 danseuse
3574 3547 113 21 espagnole
3703 3547 41 19 don-

3251 3571 53 14 nera
3319 3572 28 15 un
3365 3569 75 19 récital
3453 3571 54 18 dans
3523 3571 23 18 la
3560 3571 81 21 grande
3657 3572 54 20 Ealle
3724 3573 28 19 du

3252 3592 71 19 Palais
3342 3594 35 19 des
3395 3594 134 27 Beaux-Arts,
3549 3596 19 20 le
3590 3596 61 20 lundi
3665 3597 21 18 26
3701 3598 51 20 mai.

3248 3618 15 16 à
3283 3618 21 17 21
3320 3618 82 19 heures.
3424 3619 52 18 Mme
3493 3621 116 21 Argentîna
3629 3623 124 20 présentera

3252 3647 32 14 ses
3300 3642 106 23 dernières
3426 3646 106 21 créations
3550 3649 39 18 Qui
3608 3647 30 19 lui
3654 3647 99 20 valurent

3249 3670 34 17 cet
3300 3668 67 21 hiver,
3392 3674 26 13 en
3449 3670 117 21 Amérique,
3591 3676 30 13 un
3646 3672 106 22 triomphe

3251 3697 50 15 sans
3317 3694 118 24 précédent,
3456 3694 41 19 dan
3499 3704 10 12 s
3531 3697 30 18 les
3576 3697 90 19 annales
3685 3697 28 20 de
3730 3698 24 19 ia

3250 3717 71 21 danse.
3341 3718 103 22 Quelques
3461 3720 71 20 places
3551 3723 48 16 sont
3617 3726 76 16 encore
3712 3723 32 20 dis-

3250 3743 93 19 ponibles
3357 3748 27 16 au
3400 3744 81 22 bureau
3494 3745 14 18 d
3508 3753 13 13 e
3532 3747 93 18 location
3636 3747 30 19 du
3679 3747 73 19 PalaU

3250 3767 36 18 des
3302 3768 134 25 Beaux-Arta,
3454 3770 25 20 23.
3495 3775 39 16 rue
3552 3771 126 19 Ravenstein
3705 3772 47 19 télé-

3251 3792 78 21 phoue.1
3341 3799 4 11 :
3358 3794 33 16 113.
3393 3794 19 17 74
3426 3797 23 17 et
3462 3794 60 18 113.75.

3322 3838 31 18 LA
3367 3850 9 5 ,
3392 3839 101 19 MUETTE
3508 3841 31 17 DE
3555 3841 100 19 PORTICI
3670 3846 12 12 >

3295 3864 34 17 AU
3345 3864 118 18 CHATEAU
3479 3865 33 17 DU
3531 3865 176 20 WOLVENDAEL

3270 3894 199 20 L'Administration
3486 3898 132 18 communale
3636 3898 84 21 d'Uccle
3738 3905 15 15 »

3251 3919 74 22 inecrit
3347 3921 14 17 à.
3378 3925 37 15 son
3434 3926 133 18 programme
3587 3922 36 22 des
3646 3923 59 20 Fêtes
3723 3924 28 19 du

3250 3943 129 22 Centenaire,
3400 3946 22 20 la
3442 3948 175 24 représentation,
3633 3948 20 19 le
3672 3949 73 20 diman-

3249 3969 39 19 che
3303 3970 20 18 24
3335 3971 58 20 août,
3407 3971 25 19 de
3448 3971 22 20 là
3485 3979 9 9 «
3511 3972 79 22 Muette
3600 3973 27 19 de
3642 3974 77 19 Portioi
3736 3982 16 14 »,

3249 3995 66 20 opéra
3330 4001 26 15 en
3370 3996 10 17 5
3395 3998 63 23 actes,
3476 3998 12 16 à
3507 4000 66 18 «grand
3589 3999 103 21 spect«a<ole
3717 4003 28 17 pa-

3251 4019 54 22 roles
3320 4020 26 20 de
3361 4020 70 19 Scribe
3444 4023 23 17 et
3481 4022 119 21 Delavigne,
3615 4024 97 20 musique
3726 4024 26 20 de

3251 4044 75 21 Auber.
3342 4045 54 19 C'est
3411 4051 37 15 sur
3463 4046 21 20 la
3500 4047 60 19 scène
3577 4048 29 19 du
3620 4049 132 21 magnUique

3251 4068 83 21 théâtre
3351 4070 27 18 de
3398 4071 87 20 verdure
3500 4072 27 19 du
3543 4077 51 16 parc
3613 4074 27 18 du
3661 4073 90 20 Wolven-

3250 4094 48 19 dael
3310 4099 42 17 que
3362 4097 56 17 cette
3429 4097 167 20 représentation
3610 4102 49 17 sern
3672 4098 80 19 donnée

3250 4123 40 16 par
3306 4119 20 19 la
3347 4121 80 23 troupe,
3447 4119 121 24 l'orchestre
3581 4124 23 16 et
3620 4123 30 19 les
3669 4123 83 19 ehœuri

3249 4143 28 18 du
3296 4144 84 18 théâtre
3398 4145 25 17 de
3438 4145 22 20 la
3474 4146 49 19 ville
3540 4146 27 19 de
3584 4147 100 24 Tournai,
3703 4154 48 13 sou»

3251 4168 21 18 la
3290 4168 102 19 direction
3408 4170 114 21 artistique
3537 4171 26 18 de
3581 4172 27 21 M.
3627 4172 86 21 Batave,
3729 4175 23 17 et

3250 4197 50 14 avec
3315 4193 20 19 le
3352 4199 100 16 concoure
3472 4195 28 18 du
3515 4196 81 19 célèbre
3615 4198 61 18 ténor
3694 4198 49 19 Mau-

3251 4217 42 21 rice
3311 4218 89 21 Talrick.
3415 4220 27 18 Ce
3456 4221 104 20 spectacle
3576 4226 49 14 sera
3644 4222 70 21 public
3730 4225 22 17 et

3250 4243 82 20 gratuit
3354 4242 126 25 Cependant,
3497 4245 29 21 leg
3541 4250 113 16 personnes
3666 4249 39 19 qui
3719 4247 29 21 dé-

3249 4267 67 18 sirent
3337 4274 22 14 se
3377 4268 45 20 voir
3443 4270 95 18 réserver
3555 4271 36 20 des
3612 4271 89 22 chai.ses,
3718 4272 27 19 de-

3250 4294 62 15 vront
3326 4293 110 20 effectuer,
3452 4297 67 16 avant
3536 4295 19 18 le
3568 4296 20 19 16
3601 4297 52 18 août
3669 4297 46 21 19*30,
3733 4298 19 18 le

3249 4319 117 16 versement
3382 4322 27 14 ou
3430 4318 19 18 le
3471 4319 102 20 virement
3593 4321 63 21 d'une
3674 4326 78 15 wmme

3249 4341 25 18 de
3294 4341 35 18 dix
3351 4343 72 20 francs
3441 4349 40 16 par
3500 4344 78 21 chaise,
3599 4347 48 21 plue
3668 4347 27 18 fr.
3715 4348 37 18 0.60

3249 4370 53 17 pour
3319 4367 53 21 frais
3389 4367 80 19 d'envoi
3488 4373 28 15 au
3545 4373 82 19 compte
3654 4371 97 23 chèques-

3249 4394 89 17 postaux
3355 4395 24 14 n»
3397 4392 72 24 2872.01,
3499 4394 160 21 Réjouissances
3686 4397 58 21 publi-

3249 4419 58 21 ques.
3322 4416 79 19 Maison
3419 4419 138 20 communale.
3573 4420 67 23 Uccle,
3657 4425 26 16 en
3700 4422 44 19 indi-

3249 4443 68 18 quant
3329 4446 28 14 au
3373 4447 60 14 verso
3447 4443 28 19 du
3489 4444 59 18 talon
3561 4446 103 20 transmis
3678 4450 28 16 au
3720 4447 32 19 b*.

3250 4465 116 21 néfieiaire,
3378 4467 19 19 la
3411 4469 93 17 mention
3516 4475 6 12 :
3535 4477 9 8 -
3559 4469 48 20 Fête
3617 4470 28 20 du
3660 4471 19 18 24
3692 4472 59 19 août.

3249 4489 100 20 Location
3363 4491 26 19 de
3404 4493 82 21 chaises
3500 4502 16 13 »,
3532 4493 27 20 Le
3573 4499 54 17 pour
3643 4497 26 18 de
3685 4496 22 19 la
3720 4501 23 15 «re-

3249 4516 151 24 présentation,
3419 4518 36 19 des
3469 4519 82 22 chaises
3570 4522 72 17 seront
3659 4522 63 19 mises
3737 4523 14 17 k

3250 4539 21 19 \&
3289 4541 125 21 disposition
3431 4543 29 18 du
3478 4544 70 20 public
3561 4545 86 21 jusqu'à
3665 4550 78 15 concur-

3249 4569 61 14 rence
3338 4566 30 20 du
3400 4568 86 21 nombre
3516 4571 84 16 restant
3626 4570 124 22 disponible,

3249 4593 130 17 moyennant
3392 4596 41 14 une
3448 4592 115 21 redevance
3576 4594 27 20 de
3614 4595 49 21 cinq
3678 4595 72 20 franee

3250 4618 39 17 par
3305 4615 78 22 chaise.

3371 4688 252 49 Cinémas

3296 4790 172 20 PROGRAMMES
3484 4793 34 17 OU
3537 4793 19 18 16
3574 4793 33 18 AU
3622 4795 20 17 22
3657 4793 45 20 MAI
3749 4802 12 18 y

3251 4824 85 19 AGORA
3356 4833 19 5 -
3390 4835 8 7 -
3414 4826 37 20 Les
3463 4828 29 18 Ué
3492 4835 10 14 9
3516 4828 115 22 Tragiques
3644 4837 16 15 «.

3251 4856 143 19 EDEN-CINE.
3404 4866 20 4 -
3434 4867 8 8 u
3453 4859 37 19 Les
3502 4860 120 22 Intoxiqués
3633 4869 15 9 ■•
3659 4859 89 22 Enrant*

3270 4885 41 14 non
3320 4882 75 22 admis.

3250 4912 155 22 SCALA-CINE.
3423 4923 19 5 -
3460 4924 8 8 ..
3485 4916 46 20 Mon
3545 4917 63 19 Gosse
3624 4917 26 21 de
3666 4917 50 20 Père
3732 4923 16 14 -.

3268 4942 51 13 avec
3333 4938 93 22 Adolphe
3439 4940 95 22 Menjou;
3549 4949 9 9 -
3572 4941 80 22 Mickey
3665 4941 81 19 e'en-v*v

3270 4965 124 19 t-en-guerre
3406 4973 15 9 ».
3435 4964 90 23 Enfants
3540 4971 40 13 non
3593 4966 74 19 admis.

3250 4987 134 20 COLISEUM.
3399 4998 16 3 -
3432 4998 7 7 »
3457 4990 81 19 Parade
3554 4991 98 20 d'Amour
3667 4999 16 12 -,
3699 4995 48 14 aveo

3270 5012 91 19 Maurice
3375 5013 114 20 Chevalier.

3251 5043 97 19 CINEMA
3363 5045 31 17 DE
3413 5046 29 17 LA
3458 5047 117 18 MONNAIE
3597 5055 19 4 -
3632 5055 8 8 .
3655 5047 55 18 Dans
3727 5047 20 18 1»

3272 5069 51 20 Vil!©
3337 5069 106 19 endormie
3458 5079 15 16 .,
3490 5076 83 17 sonore;
3590 5080 8 8 •
3616 5072 47 20 Fais
3676 5076 37 16 pas
3728 5071 18 18 Je

3269 5093 68 18 Clown
3351 5102 8 7 -
3360 5111 7 7 t
3381 5099 80 18 sonore.
3474 5096 44 18 Non
3531 5097 102 21 centrés,

3251 5125 233 20 VICTORIA-PALACE.
3495 5135 18 4 -
3526 5136 8 8 .
3549 5128 55 20 Dans
3616 5129 21 18 la
3653 5128 50 19 Ville
3714 5132 31 13 en-

3268 5150 80 21 dormie
3362 5162 15 9 -,
3388 5156 84 16 sonore;
3487 5160 8 8 -
3509 5152 47 19 Fais
3569 5158 37 17 pas
3619 5153 18 17 le
3649 5152 67 19 Clown
3730 5162 16 14 .,

3269 5179 79 14 sonore.
3364 5175 45 19 Non
3425 5178 103 17 censurés.

3250 5206 106 21 QUEEN'S
3368 5207 73 18 HALL.
3451 5216 18 4 -
3482 5217 8 6 -
3503 5209 95 21 Tempête
3608 5214 37 15 sur
3655 5209 64 18 l'Asie
3731 5215 14 11 -.

3269 5231 90 19 Enfants
3375 5237 40 13 non
3429 5233 68 18 admis

3599 5251 12 11 C

3249 5262 91 19 CAMEO.
3354 5271 17 4 -
3383 5272 7 6 -
3404 5263 37 20 Les
3455 5264 108 22 Nouvelles
3577 5266 81 21 Vierges
3672 5276 15 13 -,
3700 5264 44 19 tilm

3268 5292 79 15 sonore.
3361 5288 89 19 Enfants
3463 5294 40 13 non
3515 5290 73 21 admis.

3250 5319 196 19 PATHEPALACE.
3462 5329 19 4 —
3496 5330 8 7 u
3525 5321 25 19 Le
3568 5322 52 18 Veuf
3635 5321 79 22 Joyeui
3729 5327 15 13 «.

3267 5348 50 16 avec
3329 5343 69 21 Harry
3412 5345 90 19 Liedtke.
3516 5346 89 20 Enfants
3619 5346 74 19 admis.

3249 5374 132 18 SPLEND1D.
3403 5384 5 3 -
3432 5386 7 6 -
3455 5377 42 18 The
3510 5378 64 22 Great
3587 5379 70 18 Gabbo
3671 5387 14 12 -,
3699 5377 44 19 Hlm

3266 5400 104 20 chantant
3382 5403 22 16 et
3416 5402 92 19 parlant,
3520 5407 52 15 avec
3582 5402 47 19 Eric
3640 5407 38 14 von
3690 5402 53 18 Stro.

3267 5423 54 19 heim
3337 5427 21 16 et
3371 5425 62 20 Betty
3447 5427 108 22 Compson.
3570 5427 89 21 Enfants
3672 5426 70 19 admis.

3248 5455 144 21 MARIVAUX.
3403 5465 17 3 -
3433 5466 8 6 .,
3453 5457 26 19 Le
3491 5459 74 20 Forçat
3576 5460 26 18 de
3613 5457 106 20 Stamboul
3729 5464 7 8 •

3267 5480 90 18 Enfants
3370 5485 40 14 non
3425 5482 72 19 admis.

3249 5511 336 21 TRIANON-AUBERT-PALACE.
3600 5521 21 6 -
3636 5520 10 11 •
3663 5513 32 21 i*
3710 5512 31 20 W-

3268 5537 46 19 viiib
3325 5535 57 22 Lady
3399 5545 16 15 »,
