3817 5486
45 230 122 66 LES
230 225 398 61 POUVOIRS
694 219 909 88 SPÉCIAUX|L'HiSTOiRE

1227 309 253 38 MARITIME

1141 363 63 38 DE
1228 366 63 36 LA
1316 368 247 42 BELGIQUE

179 350 361 41 SERONT=ILS
563 349 364 48 ACCORDÉS?

202 453 76 40 ON
315 452 159 37 PEUT
510 454 80 37 EN
631 457 292 42 DOUTER...

377 516 9 5 *■
392 516 14 5 ■*■
412 516 14 5 *-
425 519 7 6 *
434 517 12 4 —
446 519 8 7 ,
456 517 11 4 —
467 520 6 5 i,
474 517 32 9 —t*—
505 520 11 6 ^,
517 518 8 3 -
526 520 4 6 ,
532 519 13 7 „-
545 520 12 7 ,,
560 519 12 8 -„
574 521 4 6 ,
578 519 8 6 n
586 521 5 6 ,
591 520 12 8 ^
606 521 7 7 K
612 525 4 3 _
616 520 7 7 0

168 553 362 46 L'ATTITUDE
567 558 113 38 DES
720 561 225 41 PARTIS

75 666 11 7 -
115 668 22 6 —
138 659 49 21 -nd-?
197 652 86 23 réunion
295 652 67 20 tenue
375 652 107 21 mercredi
492 657 49 16 ma-

52 691 9 11 v
62 672 64 26 ,"°
142 687 35 17 son
194 677 50 22 local
262 676 28 20 de
309 676 23 20 la
350 680 39 16 rue
408 677 31 20 du
457 678 85 19 Marais

52 717 39 12 r«r
101 697 19 32 S
130 702 119 27 wctfraîlon
261 700 38 20 des
312 701 145 20 associations
468 704 23 17 et
503 702 39 20 des

53 737 72 17 rercles
143 721 106 29 eïéricaux.
271 724 83 20 ■■'•-*'-•**
376 725 64 23 point
460 725 83 20 suscité

54 767 11 11 ,,
96 754 60 23 «rond
171 750 136 22 mouvement
325 749 26 19 do
369 749 104 20 curiosité
490 750 53 20 chez

53 787 28 15 v-
96 777 34 23 Inf
130 779 54 22 prma
187 777 57 17 teurs
267 772 126 24 politiques;
420 778 28 15 on
470 774 73 20 savait

53 793 89 34 t4%n***-9
154 815 12 8 **
167 803 25 16 nc
206 799 20 19 Ia
241 796 70 21 droite
326 797 162 21 conservatrice
503 802 29 19 ap-

53 827 86 29 prouvait
156 823 20 20 le
196 821 71 25 projet
288 820 27 20 dc
338 828 7 10 «
369 821 103 23 pouvoirs
492 822 50 24 spé-

52 862 10 14 C
63 869 24 29 *A
101 875 43 20 leur
159 870 66 21 sortie
244 869 26 20 de
288 868 87 21 séance,
392 870 33 19 les
442 869 101 24 délégués

50 899 94 25 cléricaux
162 899 23 15 s?
204 893 137 21 montrèrent
362 898 61 15 assez
442 894 102 20 réservés.

69 920 131 23 Néanmoins.
218 918 27 19 Us
264 918 153 20 consentirent
436 918 14 20 à
469 919 63 19 décla-

46 952 31 17 rer
89 949 37 20 que
143 944 45 19 leur
205 945 81 20 groupe
303 941 56 20 était
376 943 169 20 unanimement

45 969 89 22 d'accord
157 971 54 20 pour
234 970 124 20 approuver
380 967 20 19 le
423 971 110 19 gouverne-

43 997 56 18 ment
117 993 55 19 dans
189 995 26 15 sa
235 990 110 20 demande
364 990 28 21 de
414 999 8 9 «
444 992 102 23 pouvoirs

41 1010 97 29 fôéciaux
162 1024 16 11 ».

52 1038 6 5 '
65 1043 53 19 C'est
140 1040 30 19 M.
192 1039 78 23 Segers
290 1039 38 23 qui
351 1045 12 15 a
386 1039 43 20 fait
452 1039 94 25 l'exposé

42 1064 83 26 général
144 1064 26 20 de
190 1063 21 19 la
230 1063 110 20 situation
360 1064 115 24 politique;
497 1064 16 20 il
533 1069 13 15 a

41 1089 73 21 conclu
128 1088 12 20 â
155 1089 22 19 la
192 1086 107 22 nécessité
314 1088 90 20 absolue
419 1088 27 20 de
461 1088 86 20 donner

41 1119 27 14 au
85 1112 169 24 gouvernement
273 1111 20 20 le
311 1116 79 19 moyen
409 1112 138 23 d'équilibrer

42 1138 18 20 le
75 1137 77 22 budget
173 1135 37 20 <de
227 1135 57 20 faire
302 1131 52 24 face'
370 1141 28 15 au
416 1136 77 20 déficit
510 1137 37 24 qui

39 1161 73 21 s'élève
133 1159 51 24 déjà
205 1160 14 19 k
239 1160 37 19 600
296 1160 107 21 millions)
425 1165 55 16 sans
499 1166 36 15 em-

40 1187 64 27 prunt
117 1186 22 18 et
151 1188 54 15 sans
219 1184 128 22 imposition
361 1184 109 22 nouvelle,
483 1185 65 20 c'est-

40 1209 69 20 à-dire
124 1208 143 23 uniquement
282 1212 41 20 par
336 1209 39 19 des
388 1209 160 23 compressions

39 1232 83 21 sévères
134 1231 39 21 des
185 1231 114 24 dépenses.

64 1256 108 20 Plusieurs
197 1256 101 20 orateurs
321 1256 41 20 ont
385 1257 95 20 soutenu
505 1260 43 16 une

40 1280 59 20 thèse
115 1279 111 24 identique
243 1281 22 19 et
281 1280 141 21 notamment
437 1281 31 19 M.
484 1280 66 21 Carlo

40 1306 86 21 Demey,
136 1304 37 22 qui
184 1303 45 20 voit
240 1303 21 20 le
271 1303 61 20 salut
343 1304 27 20 de
381 1305 100 23 l'Europe
493 1304 56 20 dans

39 1332 42 16 une
97 1327 172 29 multiplication
285 1327 39 20 des
341 1334 8 11 ■
366 1329 184 23 gouvernements

40 1352 54 19 forts
121 1359 4 6 •
132 1355 5 18 ;
160 1350 32 21 M.
214 1350 115 23 Fieullien,
351 1352 37 23 qui
412 1356 13 15 a
447 1350 103 22 souhaité

39 1375 45 20 être
99 1374 80 21 éclairé
194 1380 31 15 un
240 1379 43 20 peu
298 1379 39 17 sur
351 1376 82 23 l'usage
449 1376 37 23 qui
500 1379 49 17 sera

41 1399 41 20 fait
95 1398 38 20 des
148 1398 72 24 pleins
235 1399 112 23 pouvoirs;
365 1400 31 19 M.
410 1399 89 21 Lhoest.
514 1399 36 23 qui

41 1427 12 15 a
72 1422 97 20 défendu
187 1422 23 20 la
229 1423 71 20 méme
320 1422 57 23 idée;
398 1424 31 19 M.
449 1423 101 23 d'Aspre-

42 1447 66 21 mont,
133 1447 37 23 qui
194 1456 27 5 —
244 1446 103 25 plaidant
371 1447 180 23 énergiquement

41 1475 52 19 pour
113 1475 30 15 un
163 1470 82 24 régime
265 1471 45 21 fort
328 1481 26 4 —
372 1476 13 15 a
403 1470 63 25 parlé
483 1471 27 20 de
530 1470 20 20 la

40 1493 138 25 décrépitude
186 1493 27 22 tie
221 1494 67 21 l'Etat
294 1495 114 22 moderne;
422 1496 55 19 MM.
484 1494 68 21 Kocl-

41 1523 58 17 man,
118 1519 50 20 Van
188 1518 44 21 den
252 1519 79 22 Bosch,
351 1519 97 20 d'autres
466 1522 86 16 encore.

41 1543 38 19 ont
92 1543 92 23 marqué
199 1542 47 20 leur
262 1543 78 20 accord
355 1547 39 16 sur
408 1543 22 20 la
445 1541 106 21 nécessité

42 1566 37 20 des
96 1575 8 8 »
120 1567 103 24 pouvoirs
236 1566 105 24 spéciaux
357 1575 17 12 ».

65 1591 83 19 Toutes
165 1591 32 19 les
215 1591 102 25 opinions
335 1591 63 20 étant
415 1590 124 21 concordan-

41 1615 40 21 tes,
97 1616 30 19 M.
142 1616 79 23 Segers
237 1620 13 14 a
266 1620 29 19 pu
311 1615 101 20 conclure
427 1615 14 19 k
456 1614 83 20 l'unani-

42 1638 53 20 mité
108 1640 30 20 du
151 1644 83 20 grouoe
248 1644 55 19 pour
314 1639 100 20 soutenir
427 1639 19 19 le
460 1641 80 21 gouver-

43 1665 97 18 nement.
155 1673 26 5 —
195 1664 28 19 G.

68 1699 33 19 LE
118 1700 22 18 P.
154 1700 25 18 O.
195 1700 25 18 B.
236 1700 114 19 CONTRE
366 1699 49 19 LES
429 1697 98 20 PLEINS

227 1728 144 22 POUVOIRS

67 1759 30 20 Le
117 1759 83 20 conseil
219 1758 88 24 général
327 1758 29 19 du
377 1756 57 24 parti
452 1755 84 20 collecti-

43 1783 56 21 viste
113 1784 52 19 s'est
179 1783 64 20 réuni
257 1781 106 21 mercredi
377 1780 70 19 matin
461 1783 51 15 sous
527 1778 21 19 la

44 1807 127 23 présidence
186 1807 27 19 de
229 1807 30 19 M.
275 1805 80 20 Hubin,
370 1808 55 19 pour
439 1807 11 15 6
457 1806 88 18 occupe:

43 1831 28 20 de
84 1833 22 17 la
117 1831 107 20 situation
238 1829 109 24 politique.

69 1861 31 19 M.
113 1859 106 21 Mathieu,
233 1863 28 14 au
274 1861 52 15 nom
341 1856 26 19 de
382 1856 21 18 la
417 1855 131 19 Pédération

46 1884 26 20 de
84 1884 98 20 Nivelles,
193 1881 81 21 défend
286 1881 20 18 la
320 1879 156 23 participation
489 1878 15 19 à
517 1883 31 15 un

46 1909 168 20 gouvernement
228 1904 110 23 tripartite
354 1907 55 18 pour
424 1902 20 19 le
460 1906 38 15 cas
514 1901 34 22 où,

45 1931 126 18 n'obtenant
182 1932 40 20 p-is
233 1927 31 19 les
276 1927 70 22 pleins
358 1929 108 19 pouvoirs,
478 1926 19 20 le
510 1930 25 15 ca-

44 1953 60 19 binet
116 1953 27 18 de
156 1950 135 24 Broqueville
302 1949 199 20 démissionnerait.

67 1982 29 17 M.
111 1981 98 18 Eekelers
223 1984 14 14 a
250 1979 115 20 combattu
378 1980 58 19 cette
450 1979 98 20 manière

42 2004 27 20 de
83 2005 47 18 voir
144 2004 22 19 et
180 2003 78 20 estimé
272 2003 52 24 qu'il
340 2003 74 20 fallait
428 2003 122 20 demander

42 2032 28 15 au
87 2030 170 20 gouvernement
276 2027 27 20 de
320 2026 93 24 déposer
433 2027 104 19 immédia-

42 2052 85 19 tement
149 2055 42 16 son
213 2051 80 23 projet,
316 2051 51 19 afin
388 2051 27 19 de
435 2051 21 19 le
477 2051 73 20 mieux

41 2076 131 21 combattre;
189 2075 16 20 11
220 2076 36 18 n'a
268 2075 127 23 cependant
409 2075 141 20 sous-évalué

41 2099 32 20 les
90 2099 94 24 grandes
201 2098 123 21 difficultés
341 2099 30 19 du
385 2103 61 19 pays.

67 2129 30 19 M.
113 2129 150 19 Vandervelde
290 2129 53 19 s'est
372 2128 87 20 déclaré
476 2129 63 20 nette-

41 2154 62 19 ment
114 2154 75 19 contre
201 2153 21 19 la
233 2153 167 23 participation:
413 2153 16 19 il
440 2157 14 15 a
465 2153 73 19 dénon-

41 2177 25 20 cé
79 2177 110 19 l'attitude
202 2177 39 19 des
253 2176 190 20 démo-chrétiens
457 2178 23 18 et
496 2177 42 20 clai-

42 2201 69 19 ronné
125 2201 20 19 le
159 2200 126 20 ralliement
296 2205 30 15 au
338 2201 98 23 drapeau
448 2201 30 20 du
492 2202 59 23 parti

42 2225 147 20 collectiviste.

68 2255 29 18 M.
111 2254 75 19 Hubin
200 2259 13 14 a
228 2254 42 21 fait
287 2255 101 19 observer
401 2254 59 19 alors
473 2259 42 18 que
529 2255 23 19 la

42 2279 101 22 question
155 2279 26 19 de
193 2278 159 24 participation
363 2283 29 15 ou
404 2278 27 20 de
442 2283 47 15 non
499 2283 42 18 par-

43 2303 116 23 ticipation
179 2307 28 15 ne
228 2303 92 23 poavait
340 2302 47 21 être
406 2302 87 20 décidée
511 2306 41 19 que

43 2330 41 19 par
95 2331 31 15 un
140 2326 98 23 congrès.

68 2356 31 19 M.
114 2356 49 20 Van
179 2356 69 19 Walle
250 2356 65 23 j-hem
331 2360 14 15 a
359 2355 76 24 ajouté
449 2360 41 19 que
506 2355 47 20 cela

42 2379 148 24 n'empêchait
204 2384 40 19 pas
258 2380 27 20 de
299 2380 113 19 constater
424 2379 21 19 le
458 2380 95 18 courant

43 2404 37 22 qui
94 2404 69 19 existe
178 2407 57 20 pour
248 2403 107 20 défendre
373 2407 29 16 au
416 2403 49 20 sein
482 2402 71 20 même

43 2427 30 20 du
89 2428 172 22 gouvernement
276 2427 32 20 les
325 2427 108 20 réformes
462 2427 91 20 sociales

43 2451 106 23 acquises.

70 2480 29 21 M.
111 2480 122 19 Balthazar
242 2484 13 15 a
267 2480 44 20 fait
320 2480 69 19 valoir
399 2484 41 19 que
450 2480 51 19 bien
512 2484 41 18 que

43 2504 88 20 chacun
146 2504 44 20 soit
201 2505 76 18 contre
292 2505 20 19 le
327 2504 173 23 gouvernement
514 2508 26 15 ac-

43 2529 54 21 tuel,
110 2528 17 20 il
140 2528 52 20 faut
205 2527 46 21 être
266 2527 50 24 prêt
329 2527 14 20 à
354 2528 57 21 tout,
422 2532 39 15 car
472 2527 39 20 nul
525 2532 28 15 ne

43 2553 45 19 sait
100 2557 24 16 ce
139 2556 41 19 que
195 2551 92 20 l'avenir
300 2551 92 20 réserve.

71 2581 23 19 Si
106 2581 22 19 la
140 2580 102 24 question
251 2580 27 20 de
289 2580 22 19 la
322 2580 112 23 tripartite
446 2580 56 19 était
513 2584 28 19 po-

44 2604 37 20 sée
91 2605 41 20 elle
145 2604 87 20 devrait
243 2604 47 20 être
300 2603 104 21 débattue
415 2608 29 16 en
456 2603 97 22 congrès,

44 2629 59 19 mais
115 2628 49 20 rien
177 2632 29 16 ne
218 2628 34 19 dit
264 2632 42 19 que
319 2632 56 15 nous
389 2628 100 18 dussions
502 2628 38 18 tou-

44 2652 63 22 jours
133 2653 71 18 rester
231 2652 57 19 dans
316 2651 144 23 l'opposition.
477 2650 19 20 Il
510 2655 14 18 y
537 2654 15 15 a

44 2676 98 19 d'autres
164 2680 90 18 moyens
275 2679 41 18 que
335 2675 22 19 la
377 2674 114 19 réduction
513 2674 39 19 des

44 2699 94 23 charges
154 2699 92 20 sociales
263 2703 56 18 pour
333 2698 91 19 rétablir
441 2698 21 18 la
480 2698 58 19 situa-

46 2723 48 19 tion
108 2722 127 20 financière.

71 2752 29 18 M.
119 2751 88 19 Piérard
223 2751 52 18 s'est
294 2749 111 23 prononcé
423 2751 77 18 contre
520 2749 31 20 les

43 2774 71 22 pleins
130 2774 108 22 pouvoirs.
251 2774 24 18 Si
292 2774 87 18 ceux-ci
395 2774 52 18 sont
463 2773 87 22 rejetés,

42 2797 22 18 la
82 2797 56 19 crise
159 2796 207 23 gouvernementale
388 2801 50 15 sera
460 2798 90 18 ouverte

44 2821 20 18 et
75 2820 20 19 le
105 2821 98 19 moment
215 2824 50 15 sera
277 2825 57 14 venu
347 2820 58 20 alors
415 2820 135 21 d'examiner

43 2845 17 18 si
71 2844 32 19 les
115 2844 122 22 socialistes
248 2849 28 15 ne
289 2844 90 20 doivent
390 2848 41 19 pas
443 2844 106 20 défendre

43 2867 21 19 la
80 2867 133 20 démocratie
229 2872 29 16 au
273 2868 49 19 sein
334 2868 31 19 du
378 2870 172 20 gouvernement

42 2892 74 19 contre
132 2891 33 21 les
180 2892 120 19 tentatives
316 2892 108 20 fascistes.

589 655 31 19 M.
638 656 74 23 Spaak
726 662 13 15 a
757 659 78 20 estimé
851 661 67 24 qu'un
935 666 138 20 programme

563 679 111 21 socialiste
691 681 75 21 devait
794 682 47 22 être
870 684 49 24 prêt
938 690 55 19 pour
1012 689 61 19 toute

564 704 135 20 éventualité
714 707 23 18 et
751 711 13 14 a
777 707 114 24 préconisé
906 710 124 23 l'agitation
1045 717 29 15 en

565 727 80 20 dehors
659 728 30 20 du
703 730 130 23 parlement.

590 757 30 20 M.
637 758 68 21 Buset
720 764 13 15 a
747 762 88 20 surtout
851 762 92 24 critiqué
959 764 22 20 la
998 765 63 21 défec-

565 782 47 19 tion
627 782 38 21 des
679 783 196 24 démo-chrétiens,
892 789 101 21 toujours
1010 790 51 19 incli-

565 805 39 22 nas
619 806 82 21 devant
715 809 30 18 M.
762 809 86 23 Jaspar.
863 811 31 20 La
911 811 109 21 demande
1036 814 38 19 des

564 829 72 23 pleins
653 833 103 21 pouvoirs
773 834 56 20 n'est
845 835 80 22 qu'une
940 837 121 20 manifesta-

566 854 47 20 tion
627 854 27 20 ch
671 855 161 24 l'impuissance
849 861 213 21 gouvernementale.

590 878 30 19 M.
636 879 150 21 Vandervelde
800 887 13 14 a
826 882 59 20 alors
899 883 86 21 résumé
1002 886 4 17 !
1035 885 13 20 d
1065 896 8 3 -

566 901 38 21 bat
622 907 84 16 comme
720 905 46 20 suit
786 910 5 14 :
810 916 3 5 ■
835 906 61 21 Nous
913 912 28 15 ne
957 908 118 23 craignons

566 930 40 19 pas
619 928 31 19 les
662 929 185 22 responsabilités,
857 931 57 20 mais
925 936 56 16 nous
993 932 83 20 devons

567 953 98 18 montrer
678 957 28 14 au
717 958 54 18 pays
781 958 42 19 que
836 955 19 20 le
868 958 172 19 gouvernement
1052 958 22 18 et

567 978 24 15 sa
603 976 103 22 majorité
717 978 62 20 n'ont
791 983 40 18 pas
842 982 53 17 tenu
908 979 57 20 leurs
978 984 97 19 proinc:-

567 1002 35 17 ses
617 999 133 22 électorales.
765 1010 8 8 »

592 1024 69 23 Après
674 1030 43 15 un?
728 1026 78 23 longue
819 1027 129 22 discussion,
960 1027 77 20 l'ordre
1051 1027 27 20 du

568 1048 50 23 jour
629 1050 90 21 suivant
733 1056 14 15 a
759 1051 35 20 été
805 1052 49 20 voté
872 1056 5 15 ;

590 1089 8 10 «
611 1085 23 16 Le
651 1086 72 16 Conseil
737 1086 74 20 général
828 1089 36 14 met
882 1088 25 15 :«•»
924 1087 117 17 travailleurs
1057 1091 22 12 -*n

569 1109 55 18 garde
637 1112 64 14 contre
713 1110 18 16 ia
745 1112 90 15 tentative
849 1112 82 15 nouvelle
945 1112 24 15 du
980 1115 90 15 gouverne-

569 1137 51 13 ment
635 1134 111 19 d'«*chapper
763 1139 24 12 au
804 1135 82 16 contrôle
903 1136 41 18 par!
950 1136 94 15 -m.ntalre
1062 1137 15 13 el

569 1157 91 16 d'obtenir
678 1158 22 16 de
718 1162 20 12 sa
753 1159 86 18 majorité
857 1160 32 15 des
904 1160 84 18 pouvoirs
1006 1160 30 17 qui
1055 1159 24 15 lui

569 1181 82 17 donnent
671 1182 17 17 le
704 1186 64 15 moyen
788 1183 22 16 de
829 1185 62 17 porter
909 1183 11 15 k
940 1183 17 17 la
976 1181 104 21 législation

570 1206 66 16 sociale
648 1208 18 14 et
680 1210 36 12 aux
728 1207 59 16 droits
797 1207 31 16 des
841 1207 116 16 travailleurs
968 1207 31 15 des
1012 1207 59 14 attein-

571 1231 27 14 tes
615 1233 45 15 pour
677 1230 99 19 lesquelles.
794 1235 23 12 t*x
833 1231 102 15 Parlement
952 1233 63 14 même,
1032 1229 13 16 U
1057 1232 23 13 ne

571 1254 101 16 trouverait
689 1258 32 15 pas
737 1258 35 12 une
785 1254 93 18 majorité;

593 1288 8 10 e
612 1284 19 15 Si
644 1284 18 16 la
673 1284 85 18 majorité
771 1284 31 16 des
814 1284 99 15 Chambres
925 1281 103 18 constatait
1039 1282 10 14 f-
1063 1286 18 11 se

572 1309 86 14 remettre
671 1310 23 13 en
710 1311 89 12 vacances
814 1311 44 12 sans
875 1307 50 16 avoir
938 1306 41 16 vottl
993 1306 26 16 les
1036 1305 35 16 bud-

572 1333 45 16 gets,
632 1335 43 12 sans
689 1332 51 15 avoir
750 1331 41 15 voté
805 1331 26 16 les
845 1330 69 19 projets
928 1331 30 17 qui
972 1329 109 16 intéressent

573 1355 25 16 les
615 1356 132 17 commerçants
766 1357 17 13 ct
800 1355 26 16 les
841 1354 119 16 cultivateurs
978 1353 102 17 locataires,

575 1378 75 19 pareille
665 1378 122 19 capitulation
806 1377 106 18 engagerait
931 1376 114 16 lourdement
1060 1378 21 12 sa

573 1403 138 19 responsabilité
727 1403 11 15 k
754 1403 68 18 l'égard
838 1403 23 15 du
876 1406 50 15 pays;

595 1438 8 11 >
615 1434 23 16 Le
653 1433 72 16 Conseil
738 1432 73 19 général
825 1432 35 16 lait
877 1431 69 16 entière
960 1431 96 16 confianre
1071 1431 10 15 ft

574 1461 28 13 ses
615 1457 125 16 mandataires
758 1460 23 12 au
797 1456 104 16 Parlement
918 1458 44 16 pour
979 1459 19 12 se
1011 1455 71 15 dresser

574 1482 63 15 contro
653 1481 25 15 les
694 1481 99 15 tentatives
809 1480 22 15 de
845 1480 92 15 dictature
953 1478 59 17 larvée
1029 1479 16 15 d'

575 1505 119 19 ploutocratie
716 1504 44 16 dont
780 1504 25 15 les
829 1503 66 17 efforts
915 1506 45 15 pour
983 1505 100 15 gouverner

575 1530 62 15 contre
657 1528 17 16 la
695 1527 85 20 majorité
800 1527 24 15 du
842 1528 44 17 pai*
906 1527 45 16 vont
971 1529 43 14 nans
1033 1529 50 14 cesse

575 1552 126 20 grandissants
723 1555 22 11 en
769 1550 135 17 n'aboutissant
926 1550 93 16 d'ailleurs
1041 1550 42 19 qu'fi

574 1575 130 18 rincohôroneo
719 1577 18 13 et
755 1575 10 15 fi
780 1574 141 19 l'impuissance;

601 1605 8 9 »
621 1600 14 15 II
647 1599 34 16 falt
693 1599 52 18 appel
757 1600 10 14 i'i
780 1599 40 15 tous
831 1598 26 15 les
868 1598 117 17 travailleurs
997 1601 45 16 pour
1053 1600 23 15 ap-

576 1628 54 16 puyer
646 1625 25 15 les
686 1624 102 16 socialistes
803 1623 46 16 dans
863 1623 39 17 l.nir
915 1624 61 16 action
991 1626 64 14 contre
1069 1624 15 17 lo

575 1649 84 16 fascisme
670 1648 103 18 capitaliste
785 1650 18 14 ct
815 1651 45 15 pour
872 1648 16 15 la
898 1647 74 17 défense
984 1648 32 16 des
1027 1648 58 17 droits

575 1672 52 20 qu'Us
640 1673 31 14 ont
683 1672 75 17 conquis
772 1675 33 15 par
817 1675 24 12 un
854 1671 111 17 dcml-sitcle
979 1672 81 16 d'effort.
1076 1678 8 10 >

598 1702 32 19 Au
648 1700 67 20 début
735 1701 26 19 de
782 1705 21 15 ;a
824 1700 92 20 réunion
946 1701 20 20 le
999 1703 82 20 conseil

574 1726 58 18 avait
647 1724 49 20 voté
712 1729 41 14 une
768 1725 85 19 motion
868 1725 135 20 interdisant
1018 1726 14 19 k
1047 1731 35 15 ses

574 1748 107 20 membres
695 1748 27 19 de
738 1748 119 23 particip?r
870 1753 28 15 au
913 1749 92 23 congrès
1020 1751 61 22 pnei-

573 1772 50 19 fi.-te
635 1771 163 20 d'Amsterdam
810 1772 101 24 organisé
925 1777 40 19 par
978 1774 32 20 les
1020 1778 49 15 com-

574 1796 114 20 munistes.
701 1805 26 5 —
739 1796 29 19 X.

632 1858 223 28 L'ASSOCIATION
882 1854 145 32 LIBÉRALE

755 1909 146 27 D'ANVERS

619 1959 36 26 ET
680 1959 55 26 LES
761 1959 108 27 PLEINS
895 1960 146 27 POUVOIRS

599 2026 91 22 Anvers,
708 2025 12 20 3
741 2025 52 20 mal.
812 2036 27 4 —
853 2026 30 19 Le
904 2026 80 20 comité
999 2027 86 20 central

574 2049 26 20 de
615 2049 154 20 l'Association
783 2049 90 22 libérale
888 2050 106 20 d'Anvers
1008 2054 14 16 a
1037 2050 49 20 voté

574 2073 79 19 l'ordre
667 2073 30 20 du
710 2073 51 23 jour
773 2073 90 19 suivant
877 2078 6 15 ;

595 2102 122 16 Considérant
732 2106 34 15 que
780 2103 19 16 la
814 2103 86 19 majorité
915 2104 170 18 gouvernementale

575 2127 47 16 issue
634 2126 32 18 du
678 2127 88 16 élections
778 2127 24 16 du
814 2128 21 15 27
847 2128 96 15 novembre
958 2128 39 16 1032
1010 2132 11 11 a
1033 2132 43 12 assu-

574 2151 28 15 mé
613 2151 18 16 la
644 2151 55 16 tâche
712 2152 22 15 d:
747 2151 92 17 redresser
851 2151 18 16 la
882 2153 89 15 situation
984 2152 102 16 financière

575 2176 23 15 du
613 2178 46 16 pays
674 2177 18 14 et
706 2176 23 15 de
744 2175 76 16 rétablir
834 2175 100 20 l'équilibre
950 2176 113 19 budgétaire:

595 2200 58 17 Qu'en
670 2199 96 16 exécution
783 2200 22 16 de
821 2200 48 17 cette
885 2200 76 16 mission
977 2201 34 15 elle
1028 2205 11 11 a
1055 2204 21 13 ac-

575 2223 52 19 cepté
646 2224 19 15 la
684 2223 84 17 création
787 2224 22 15 de
829 2227 96 13 nouveaux
946 2224 67 19 Impôts
1028 2226 19 15 et
1068 2225 18 16 la

575 2248 112 18 majoration
700 2248 32 15 des
746 2248 66 18 Impôts
825 2249 96 16 existants,
935 2252 23 12 cn
972 2249 25 15 les
1011 2250 75 17 portant

576 2272 11 15 à
602 2275 25 12 un
642 2272 67 16 niveau
724 2272 24 15 tel
764 2273 54 18 qu'en
833 2273 36 16 Tait
883 2273 27 15 ies
926 2273 79 15 facultés
1016 2274 70 15 contri-

576 2296 74 16 juables
667 2296 24 16 du
708 2300 44 15 pays
769 2300 19 12 se
804 2298 86 14 trouvent
907 2297 87 18 epuisies,
1010 2300 34 16 que
1061 2297 26 16 les

576 2320 67 16 classes
656 2323 98 15 nioyeur.es
769 2321 68 18 ploient
851 2324 42 13 sous
906 2321 17 16 le
934 2321 78 16 fardeau
1027 2321 58 18 fiscal,

576 2345 18 15 et
613 2347 34 16 que
666 2344 16 16 le
700 2344 108 16 rendement
825 2345 22 15 de
866 2348 30 13 ces
915 2344 66 20 Impôts
999 2347 28 14 ett
1045 2345 41 16 bien

577 2368 87 16 inférieur
681 2368 11 15 à
708 2368 47 16 celui
770 2369 32 18 qui
818 2369 50 15 avait
885 2368 28 16 été
930 2369 98 19 escompté;
1043 2370 43 18 qu'il

576 2395 23 12 ne
616 2392 72 16 saurait
705 2392 46 16 donc
769 2392 38 17 être
825 2393 83 18 question
925 2392 21 16 de
963 2393 27 16 les
1007 2393 80 18 majorer

577 2419 72 14 encore:

598 2441 38 17 Que
648 2441 72 15 d'autre
733 2442 42 17 part
787 2440 13 16 11
813 2444 23 13 ne
849 2441 61 18 parait
923 2441 40 18 plus
975 2441 76 18 possible
1064 2442 22 15 de

577 2465 81 15 recourir
671 2464 11 16 k
694 2464 107 19 l'emprunt;

598 2488 48 18 Qu'U
660 2491 23 13 ne
697 2491 48 13 reste
760 2488 31 16 dés
805 2488 37 16 lors
855 2489 67 18 qu'une
936 2488 48 17 seule
999 2490 39 15 vole
1053 2492 23 13 ou-

577 2513 50 14 verte
642 2515 46 16 pour
703 2512 76 16 réaliser
794 2512 100 18 l'équilibre
911 2512 134 19 Indispensable
1063 2513 23 16 du

577 2536 71 18 budget,
659 2535 44 16 celle
717 2536 31 15 des
761 2536 108 18 économies;

598 2560 38 17 Que
651 2558 90 20 ("urgence
756 2560 22 15 de
793 2562 48 13 cette
857 2560 54 16 tftche
925 2561 48 15 n'est
988 2563 33 16 pas
1037 2564 49 12 com-

577 2583 67 18 petlble
660 2586 43 12 avec
718 2583 26 15 les
758 2583 81 17 lenteurs
853 2584 31 15 des
900 2584 111 16 discussions
1026 2585 50 18 parle-

577 2607 104 16 mentaires,
695 2607 21 15 ni
730 2610 44 12 avec
788 2607 17 15 la
821 2607 116 18 dépendance
953 2608 21 15 dc
986 2609 100 15 nombreux

576 2630 125 16 mandataires
716 2630 87 16 vis-à-vis
818 2631 32 16 des
865 2633 128 17 groupements
1008 2632 68 16 intéres-

576 2654 28 15 sés
617 2657 23 12 au
652 2654 91 15 maintien
754 2654 23 16 de
790 2654 18 16 U
821 2655 90 16 situation
924 2655 84 18 actuelle;

596 2678 51 15 Emet
659 2677 18 16 ie
688 2681 41 12 vœu
743 2678 22 15 de
778 2678 40 15 voir
830 2678 26 16 les
869 2678 96 16 sénateurs
977 2681 19 14 et
1010 2679 76 19 députés

575 2701 81 15 llbért'ja
670 2701 86 16 accorder
769 2705 24 12 au
806 2704 142 16 gouvernement
962 2703 26 15 les
1001 2704 85 18 pouvoirs

574 2725 86 18 spéciaux
671 2728 34 15 que
717 2725 75 16 celui-ci
803 2725 83 18 sollicite,
898 2730 44 12 sans
953 2730 34 15 que
998 2730 30 13 ces
1041 2731 35 15 pou-

575 2752 47 12 voirs
641 2750 83 17 puissent
742 2749 39 16 être
799 2750 72 15 utilisés
891 2754 45 15 pour
956 2754 88 15 aggraver
1059 2751 27 16 les

574 2771 76 20 cfevgM
668 2773 75 15 ,'lscales
761 2773 102 16 existantes
881 2777 23 12 ou
923 2777 46 15 pour
988 2777 94 14 accentue!

574 2796 25 16 le,
616 2798 80 15 mesure*
714 2797 21 16 de
753 2798 162 18 protectionnisme
932 2801 24 13 ou
972 2798 23 16 de
1012 2801 64 14 contin-

574 2822 110 17 gentement,
703 2822 47 14 mais
768 2822 118 17 uniquement
902 2825 45 16 pour
966 2822 76 17 réaliser
1060 2823 25 16 le;

574 2844 102 16 économies
692 2845 150 18 Indispensables,
859 2847 104 18 supprimer
987 2847 27 16 les
1040 2848 46 15 abus

574 2869 46 16 dans
635 2871 41 13 tous
690 2869 27 15 les
731 2869 94 16 domaines
840 2872 25 15 ,et
879 2874 85 12 ramener
978 2870 26 17 les
1018 2871 57 19 dépen-

574 2896 28 12 ses
615 2893 22 15 de
650 2893 57 16 l'Etat
720 2897 24 12 au
757 2894 67 16 niveau
837 2894 22 16 de
872 2898 29 12 ses
912 2896 84 15 recettes.

75 2969 36 27 LE
135 2969 74 27 GALA
235 2969 37 26 DE
301 2969 223 28 L'ASSOCIATION

117 3013 80 27 POUR
222 3007 252 33 L'AMÉLIORATION

78 3057 56 26 DES
160 3056 183 28 LOGEMENTS
371 3057 149 27 OUVRIERS

65 3111 33 19 La
117 3110 178 21 représentation
326 3111 28 20 de
383 3111 52 24 gala
468 3112 86 20 donnée

42 3135 106 20 mercredi
162 3135 46 20 soir
222 3139 29 16 au
268 3134 87 21 théâtre
372 3135 26 20 de
414 3135 22 20 la
448 3136 106 19 Monnaie

42 3163 40 19 par
96 3159 153 20 l'Association
262 3163 56 19 pour
332 3158 170 21 l'amélioration
516 3159 39 20 des

42 3183 121 23 logements
179 3183 98 20 ouvriers
290 3187 15 15 a
319 3183 36 19 été
370 3183 70 19 suivie
454 3186 42 19 par
511 3187 43 15 une

42 3207 120 19 assistance
184 3207 38 19 des
243 3206 50 24 plus
314 3206 103 23 élégante
450 3208 25 18 et
508 3207 46 19 fort

42 3226 139 27 îfombreuse;
202 3230 23 20 la
242 3230 55 20 salle
317 3230 123 28 présentait
459 3234 42 16 son
517 3235 25 14 as-

43 3255 48 23 pect
107 3255 39 20 des
161 3254 96 23 grandes
269 3254 82 20 soirées
367 3256 23 17 et
404 3255 45 19 l'on
464 3255 29 18 fit
509 3253 45 20 fête

43 3283 42 15 aux
105 3278 121 21 excellents
248 3278 89 19 artistes
355 3277 27 20 de
404 3278 63 19 notre
489 3277 65 20 scène

42 3302 82 24 lyrique
135 3302 35 24 qui
183 3312 27 5 —
220 3302 61 19 Mme
294 3301 110 20 Clairbert
414 3302 24 18 et
450 3302 31 19 M.
490 3301 64 20 d'Ar-

42 3326 40 20 kor
95 3331 30 15 en
141 3326 45 21 tête
204 3326 26 20 de
245 3325 145 20 distribution
402 3334 26 5 —
444 3324 98 23 interprê-

43 3350 71 21 tèrent
129 3354 53 16 avec
193 3349 49 19 leur
255 3348 101 21 habituel
369 3348 48 20 brio
432 3356 9 9 «
456 3349 29 19 Le
499 3349 43 18 Par-

43 3374 43 20 don
98 3374 26 20 de
138 3372 109 22 Ploermel
259 3381 17 11 ».

67 3399 106 19 Reconnu
185 3397 58 20 dans
253 3396 22 20 la
286 3396 54 20 salle
352 3396 23 19 et
384 3396 57 20 dans
452 3397 32 19 les
494 3395 60 23 logea

43 3422 114 20 officielles
176 3425 6 15 :
200 3422 31 19 M.
248 3420 19 19 le
284 3421 150 22 bourgmestre
448 3420 60 21 Max,
524 3420 30 18 M.

44 3446 82 19 Carton
144 3445 29 20 de
192 3445 78 21 Wiart.
290 3444 101 21 ministre
413 3444 27 20 de
457 3445 22 19 la
500 3443 41 20 Pré-

45 3474 93 18 voyance
156 3468 88 23 sociale,
262 3469 56 19 MM.
336 3468 33 19 les
384 3467 170 20 ambassadeurs

44 3494 28 19 du
87 3494 81 22 Japon,
185 3493 30 19 du
231 3491 77 22 Brésil,
337 3491 20 19 le
387 3491 101 19 ministre
515 3491 39 19 des

45 3517 116 23 Pays-Bas.
180 3517 31 19 M.
228 3515 107 21 l'échevin
353 3515 93 20 Charles
463 3515 30 20 du
508 3515 46 19 Bus

47 3541 22 21 de
83 3540 124 21 Warnaffe.

67 3565 31 19 La
115 3565 111 23 princesse
255 3562 122 21 douairière
406 3563 26 19 de
463 3562 90 19 Mérode

49 3588 117 21 Westerloo.
183 3588 20 19 le
221 3588 76 23 prince
314 3588 25 18 ct
355 3587 24 18 la
395 3587 112 23 princesse
525 3586 28 19 de

50 3612 79 20 Mérode
140 3612 128 19 Westerloo.
280 3611 22 20 la
316 3612 107 19 comtesse
438 3611 74 19 Pierre
525 3611 28 19 de

53 3635 125 23 L.îdekerkc.
193 3636 20 19 le
232 3636 72 20 comte
335 3636 24 18 et
391 3635 23 19 la
445 3635 108 19 comtes^*

59 3659 64 21 Adrien
141 3659 91 23 d'Ursel,
250 3660 31 19 M.
298 3660 24 19 et
340 3660 60 19 Mme
418 3659 58 20 Jean
495 3659 44 19 Wit-

61 3683 56 23 touck,
129 3685 57 19 Mme
201 3685 71 18 Frans
285 3683 119 22 Wittouck,
419 3683 23 19 la
457 3682 83 19 comtes-

62 3708 20 14 se
93 3706 21 19 de
124 3709 81 22 Jonghe
217 3707 114 23 d'Ardoye,
347 3708 31 20 M.
391 3707 24 19 et
429 3707 60 19 Mme
505 3706 48 19 Ha-

64 3729 67 23 venlth,
137 3731 18 20 le
164 3731 104 20 sénateur
278 3732 22 18 et
312 3732 61 18 Mme
385 3730 92 24 Philips,
487 3731 32 19 M.
528 3731 25 19 et

65 3752 51 20 Mme
129 3755 50 21 John
195 3756 183 22 NieuwenHuy.se,
409 3754 20 20 le
462 3753 90 24 général

65 3775 104 24 Cattoir,l«
182 3780 69 20 comte
266 3780 24 19 et
305 3779 23 20 la
342 3779 108 20 comte.sse
464 3778 27 20 de
507 3778 44 19 Re-

65 3803 63 17 r.e&se.
139 3801 25 20 M.
175 3804 21 19 çt
210 3805 59 18 Mme
286 3803 105 23 Galopin,
405 3803 32 19 M.
451 3803 24 19 et
491 3802 60 19 Mme

65 3823 96 23 Jambers.
168 3827 8 18 i
177 3832 9 15 e
194 3827 101 20 sénateur
307 3827 93 22 Dubost,
413 3827 31 19 M.
457 3827 95 22 Deyens,

65 3846 29 19 M.
105 3848 22 18 et
136 3848 50 20 Mme
197 3851 109 23 Prancart,
319 3852 31 19 M.
362 3852 24 19 et
401 3851 61 19 Mme
477 3850 74 19 Pierre

66 3869 90 21 Delvaux
166 3872 23 20 de
198 3874 88 24 Seneffe,
297 3876 30 19 M.
339 3876 24 19 et
373 3875 59 19 Mme
443 3873 109 23 Legrand.

66 3894 51 19 MM.
135 3895 44 20 Van
194 3897 42 24 Hal,
252 3900 53 23 Eug.
325 3900 36 18 Du
380 3898 65 21 Pont,
466 3897 40 20 Ch.
524 3901 26 15 ae

65 3917 80 23 Smeth,
158 3920 22 19 A.
194 3920 41 21 Van
247 3923 38 20 der
302 3923 62 23 Rest,
382 3922 108 23 Bribosia,
505 3921 45 20 Ab-

64 3941 47 23 bay,
125 3942 23 20 de
158 3943 52 25 Baty,
220 3947 37 21 etc.
269 3957 26 5 —
307 3948 26 20 C-

67 3997 35 26 LE
123 3998 27 26 4e
168 3999 78 31 SALON
272 4004 56 27 DES
355 4003 196 27 HUMORISTES

90 4051 30 19 I*ft
134 4060 8 9 «
154 4054 48 21 Mine
214 4057 115 21 Souriant*?
344 4067 8 8 »
370 4057 37 25 qui
421 4061 82 21 groupe
518 4057 33 19 les

66 4076 130 22 oessinateurs
209 4080 129 22 humoristes
359 4081 74 23 belges
450 4083 35 18 est
506 4085 43 15 une

66 4103 57 15 m:ne
138 4100 22 21 de
173 4103 59 22 bonne
248 4107 96 19 humeur
360 4106 23 20 et
400 4106 27 20 de
444 4105 45 20 bon
507 4105 31 19 hu-

66 4126 65 17 mour.

68 4170 22 11 ,,
91 4147 14 18 s
106 4151 13 14 °
119 4151 13 15 n
144 4149 17 19 *'
170 4151 52 21 «'ton
233 4155 52 19 s'est
299 4154 78 20 ouvert
392 4152 114 22 mercredi,
521 4156 28 16 au

66 4193 15 13 ii
123 4177 62 26 j.""
184 4180 19 15 111
202 4181 12 15 '
224 4183 26 14 -a
261 4179 21 19 ia
295 4179 83 19 Toison
392 4178 60 20 d'Or,
464 4181 30 15 au
507 4176 31 19 mi-

66 4195 42 18 lieu
123 4195 12 20 d
142 4201 24 16 un
177 4202 61 21 grand
254 4207 108 15 concours
377 4201 28 20 de
422 4200 88 23 monde,
526 4201 24 18 et

67 4219 14 18 d
88 4222 28 15 un
129 4223 55 20 grand
194 4229 102 17 concours
312 4226 119 20 d'artistes.
447 4225 59 19 Tous
518 4223 32 19 les

66 4246 102 18 exposants
182 4248 77 21 étaient
276 4250 22 20 là
326 4252 82 17 autour
428 4248 30 20 du
476 4247 62 20 secré-

67 4266 52 19 taire
135 4268 78 26 général,
234 4274 19 19 le
274 4273 102 24 spirituel
399 4271 85 22 Marcel
502 4273 36 17 An-

69 4290 52 20 toine
128 4292 22 24 ,et
158 4294 24 21 du
190 4297 108 23 président
310 4298 131 20 d'honneur,
450 4297 31 18 M.
492 4296 46 19 Gos-

68 4314 36 20 set.

89 4337 24 21 t*
124 4340 55 23 Salon
193 4349 13 15 a
216 4345 63 21 réuni
293 4346 50 24 plus
359 4346 109 19 d'œuvres
483 4347 66 16 enco-

67 4363 11 33 2
78 4364 10 15 e
98 4367 32 19 «a
140 4367 48 21 relui
200 4369 26 20 de
240 4370 45 20 l'an
299 4370 89 21 dernier
398 4369 24 20 et
436 4368 114 22 beaucoup

67 4388 20 16 ■
100 4388 63 22 choses
175 4394 128 20 excellente*

83 4415 16 13 ix
110 4415 42 19 laut
163 4415 19 20 le
192 4419 44 18 voir
249 4420 22 17 ct
286 4418 72 20 même
371 4417 20 20 lc
406 4417 48 19 voir
467 4420 28 15 en
511 4414 27 20 dé-

62 4435 34 19 lai!
104 4439 48 19 pour
162 4444 27 16 en
202 4441 77 24 goûter
292 4442 102 20 l'attrait.
409 4441 19 20 Il
444 4441 50 19 faut
510 4438 39 20 lire

62 4460 26 15 l-S
101 4460 88 19 lezenrip*
204 4466 35 13 nul
258 4471 28 8 *.*.
304 4465 105 14 *.ii*«l««ii*><:
424 4465 58 14 mr»,*;
501 4463 48 16 font

101 4458 88 25 «étendes
204 4466 36 22 qut
258 4471 29 14 cn
304 4466 105 24 quelques
424 4465 58 19 mots
500 4463 49 19 font

115 4489 75 21 croquTs
202 4493 43 15 une
260 4490 99 19 histoire,

82 4508 29 18 on
120 4512 24 18 ne
157 4514 49 20 peut
219 4514 74 19 visiter
307 4518 44 15 une
368 4512 51 21 telle
434 4511 116 21 collection

59 4531 35 19 Par-
107 4535 108 20 personnes
231 4537 142 24 interposées.
391 4537 20 19 Il
428 4536 51 19 faut
496 4534 54 20 aller

57 4555 12 32 |
68 4556 10 15 3
83 4576 4 6 ,
93 4558 59 19 Parer
170 4563 40 16 une
230 4562 68 19 heure
317 4562 27 19 de
366 4562 44 19 bon
430 4561 73 21 temps
520 4562 29 15 au

56 4578 57 20 s>a*on
125 4581 36 21 des
171 4584 143 21 Hu:lorisies.
328 4585 19 21 Il
363 4585 51 19 faut
429 4584 47 19 voir
491 4583 59 18 leurs

56 4603 74 20 œuvres
141 4610 52 19 pour
203 4601 46 27 s'en
262 4609 86 19 récréer
359 4607 143 25 pleinement.

76 4626 16 18 II
104 4627 90 23 faudrait
204 4632 111 20 d'ailleurs
327 4633 55 20 citer
394 4634 49 18 tout
455 4631 20 19 le
485 4634 65 17 mon-

53 4652 23 15 «t
88 4654 63 19 parmi
164 4654 31 20 les
207 4658 126 21 exposants.
345 4658 42 19 Les
401 4655 107 24 portraits
522 4654 27 19 de

54 4674 129 23 Jules-Marie
199 4680 104 21 Canncel.
321 4681 32 19 les
368 4680 137 20 caricatures
522 4678 28 19 de

51 4699 36 17 *°n
101 4699 53 23 frère
170 4703 144 23 Jean-Emile,
330 4704 31 20 les
379 4704 84 22 images
480 4702 69 19 ironi-

53 4723 46 32 1«J"'
117 4726 22 18 et
160 4727 90 20 cruelles
272 4729 27 19 de
323 4728 81 20 Denise
426 4726 69 21 Beell.
518 4725 33 20 les

53 4748 81 21 cnîrges
144 4749 25 20 dc
180 4751 110 20 Dnaa'cff
302 4757 28 14 ou
341 4752 27 19 de
380 4752 95 21 Jacques
487 4751 50 18 Hen-

51 4770 62 22 riet».
127 4772 28 20 les
167 4776 132 19 caricatures
313 4776 98 19 d'Albert
425 4774 81 20 Lenolr
521 4777 27 15 ou

53 4793 23 18 de
91 4794 119 26 Sparmont,
228 4799 31 20 les
278 4804 86 14 œuvres
382 4800 20 18 sl
421 4798 129 20 amusantes

51 4816 23 19 de
84 4818 76 23 Marcel
171 4822 100 23 Antoine,
283 4823 31 19 les
327 4823 86 20 dessins
426 4823 12 19 à
452 4821 85 22 tendan-

51 4843 21 15 ce
85 4842 97 25 politique
197 4847 87 21 sociale,
299 4847 103 22 loufoque
417 4846 39 20 des
471 4846 24 19 31
512 4848 26 15 ar-

52 4864 54 21 tistes
121 4869 34 22 qui
172 4872 38 17 ont
228 4871 63 22 garni
310 4871 23 19 la
350 4870 90 21 cimaise
459 4870 27 19 de
502 4869 47 19 leur

53 4888 98 24 «antaisie.

72 4913 32 20 On
117 4918 54 18 reste
186 4918 112 20 confondu
312 4919 83 20 devant
409 4916 140 24 l'incroyable

54 4936 59 23 "tagie
130 4940 26 19 de
175 4941 37 21 Ex.
228 4944 37 21 qui
281 4947 28 15 en
330 4942 54 19 trois
404 4942 70 22 lignes
495 4945 54 15 vous

55 4961 63 23 campe
132 4967 29 16 un
176 4969 135 20 personnage
325 4970 29 15 ou
368 4970 31 15 un
414 4966 59 22 geste
489 4969 60 16 com-

56 4984 25 18 •«
93 4987 55 19 celui
162 4988 27 21 de
204 4994 42 15 son
260 4994 90 15 rameur
362 4994 30 14 en
408 4989 56 19 deux
478 4989 72 20 traits,

56 5009 31 18 ■ne
97 5012 76 19 courbe
187 5014 22 18 et
223 5018 30 15 un
267 5014 86 23 point...
368 5013 20 20 Il
402 5017 13 20 y
430 5018 13 14 a
457 5013 38 18 des
507 5015 41 17 an-

56 5031 51 23 Bras,
119 5035 37 19 des
172 5037 120 22 modernes,
308 5038 23 18 et
348 5037 49 19 tout
413 5038 22 19 et
450 5036 72 19 tout...

73 5055 22 20 Et
114 5062 53 16 nous
184 5064 96 16 sommes
299 5061 67 19 sortis
386 5060 30 19 du
435 5061 25 18 4e
481 5060 68 19 Salon

58 5078 25 19 «es
94 5081 132 22 Humoristes
237 5085 22 19 la
268 5084 60 20 mine
339 5084 138 19 souriante...
492 5084 58 18 C'est

58 5104 34 18 «>ct
103 5105 45 20 dire
158 5108 5 18 !
177 5117 25 5 —
212 5108 22 19 s.

70 5152 31 28 U
114 5156 129 29 FAILLITE
269 5159 37 26 DU
327 5158 202 26 DIAMANTAIRE

43 5210 4 9 '
73 5207 83 25 Anvers.
166 5212 12 19 3
188 5213 52 19 mai.
252 5223 26 5 —
290 5214 30 19 Le
331 5212 150 19 diamantaire
495 5212 55 18 Ber-

53 5232 49 19 oard
130 5235 116 22 Gutwirtb.
262 5237 38 23 qui
319 5240 14 15 a
352 5235 36 20 été
408 5234 72 21 arrêté
511 5239 39 15 sur

54 5253 72 22 P.alnte
139 5258 25 19 de
175 5263 35 16 ses
223 5260 123 20 créanciers
357 5260 23 18 et
393 5258 38 23 qui
444 5258 64 20 laisse
520 5263 30 14 un

53 5276 67 33 Jsilcit
132 5281 25 20 de
171 5283 111 22 50.000,000
296 5283 27 19 de
338 5283 83 19 francs,
435 5286 13 15 a
460 5285 90 19 compa-

54 5300 15 15 r
66 5302 12 15 -x
95 5303 119 22 aujourliui
233 5307 83 19 devant
340 5306 23 19 la
386 5304 110 20 Chambre
521 5305 29 19 du

55 5324 70 23 conseil
139 5330 36 21 qui
188 5334 14 15 a
216 5331 55 19 tenu
282 5329 97 20 l'affaire
394 5333 29 15 en
437 5327 102 21 délibéré.

653 2972 36 26 LE
713 2972 95 27 CRIME
833 2974 38 26 DE
894 2974 126 27 SAVIGNY

674 3039 79 22 «Voyez
767 3038 68 20 début
850 3044 29 14 en
894 3044 56 19 page
966 3041 27 21 5.)

672 3075 42 20 (De
728 3074 64 19 notre
806 3079 189 19 corresponûant.)

601 3102 69 23 Paris,
689 3103 12 19 3
721 3103 51 19 mai.
791 3113 26 4 —
836 3104 53 19 (Par
909 3104 132 23 téléphone.)
1064 3114 25 5 —

577 3126 78 20 Divers
670 3127 95 20 services
785 3127 26 20 de
832 3127 22 20 la
874 3127 70 24 police
963 3129 126 23 parisienne

576 3151 40 18 ont
633 3150 190 20 immédiatement
840 3151 46 24 pris
904 3153 73 19 toutes
994 3153 32 19 les
1041 3153 35 19 dis-

576 3174 108 23 positions
719 3174 134 20 nécessaires
887 3179 57 20 pour
975 3179 114 18 retrouver

576 3198 118 20 l'assassin.
709 3198 49 20 Une
773 3199 145 20 surveillance
933 3200 125 23 rigoureuse
1075 3206 13 15 a

575 3221 36 21 été
628 3221 80 21 établie
725 3223 14 19 à
754 3224 73 18 toutes
843 3223 31 20 les
891 3226 74 21 portes
982 3224 27 20 de
1026 3225 62 19 Paris

576 3247 23 18 et
620 3247 141 18 notamment
780 3247 14 19 à
815 3247 24 19 la
860 3249 62 21 porte
945 3248 93 24 d'Italie,
1060 3253 28 15 ou

577 3273 63 18 passe
658 3270 22 18 la
698 3271 63 20 route
778 3270 27 19 de
823 3271 104 23 Savigny.
945 3272 28 19 Le
991 3272 96 23 signalc-

577 3296 62 17 m2nt
659 3293 27 20 de
706 3294 42 19 Del
766 3295 63 19 Bono
845 3299 14 15 a
878 3296 36 19 été
935 3297 105 19 transmis
1059 3301 29 16 en

576 3317 110 23 province,
705 3318 59 19 ainsi
784 3319 79 23 qu'aux
884 3320 74 22 postes
975 3320 113 20 frontière.

601 3341 91 20 D'autre
722 3343 58 22 part,
798 3342 38 20 des
866 3343 130 20 recherches
1014 3345 62 19 minu-

577 3365 81 19 tieuses
673 3366 40 19 ont
728 3366 37 19 été
780 3367 140 22 entreprises,
937 3371 41 20 par
995 3368 21 20 la
1034 3372 42 20 gen-

577 3389 109 20 darmerie
699 3392 23 17 et
736 3389 22 20 la
774 3390 77 23 polic2,
867 3391 57 19 dans
937 3392 61 20 toute
1015 3392 22 19 la
1052 3392 24 20 ré-

576 3413 51 22 gion
644 3413 27 20 de
688 3413 224 25 Savigny-sur-Orge.

600 3437 31 19 La
648 3437 124 23 déposition
784 3438 24 19 la
823 3438 50 24 plus
888 3438 147 21 intéressante
1051 3441 36 23 qui

576 3465 14 15 a
609 3460 36 20 été
664 3461 110 21 recueillie
794 3466 42 21 par
853 3463 31 19 les
901 3463 134 23 enquêteurs
1055 3466 33 17 est

576 3485 53 19 celle
649 3485 27 20 de
695 3486 31 19 M.
744 3486 117 22 Pattorini,
880 3487 38 23 qui
936 3488 34 19 est
989 3487 99 22 hôtelier,

576 3513 85 16 avenue
674 3510 58 19 Jean
745 3510 86 22 Jaurès,
843 3510 15 20 à
872 3511 216 20 Villen^uve-Saint-

576 3533 103 23 Csorges,
696 3533 29 20 où
745 3534 42 19 Del
820 3535 64 18 Bono
916 3535 60 19 avait
993 3535 52 24 pris,
1065 3536 22 19 la

575 3557 63 20 veille
653 3557 30 20 du
697 3557 83 23 drame,
794 3562 36 16 ses
844 3558 56 19 deux
915 3563 71 19 repas.

599 3581 106 20 L'Italien
721 3582 120 22 paraissait
857 3582 46 20 être
920 3587 102 15 nerveux.
1039 3584 36 19 Sol-

575 3604 60 21 licité
654 3609 42 19 par
714 3604 32 21 lui
762 3606 26 20 de
807 3606 92 23 pouvoir
917 3607 96 20 coucher
1032 3607 56 20 dans

574 3633 42 15 son
631 3629 172 21 établissement,
822 3630 109 19 l'hôtelier
950 3631 81 21 refusa,
1050 3635 38 16 car

574 3653 16 19 il
603 3654 139 19 connaissait
756 3654 23 19 la
795 3654 112 20 mauvaise
922 3654 128 24 réputation
1065 3657 22 18 et

575 3677 20 19 le
607 3677 65 20 nasse
685 3678 28 20 de
726 3678 40 19 Del
781 3678 69 20 Bono.

600 3701 31 19 Ce
648 3701 88 20 dernier
751 3702 30 19 fit
797 3702 59 20 alors
869 3702 112 21 semblant
998 3703 26 20 de
1041 3704 46 19 s'en

575 3725 59 20 aller.
649 3726 59 19 Mais
722 3726 16 20 il
752 3726 83 23 profita
850 3726 26 20 de
890 3731 24 15 sa
929 3727 158 20 connaissance

574 3749 39 20 des
627 3749 59 20 lieux
700 3759 26 5 —
741 3750 17 20 il
773 3751 62 19 avait
850 3751 77 19 habit*
941 3751 75 20 l'hôtel
1032 3756 44 18 pen-

574 3773 57 20 dant
646 3778 32 15 un
691 3774 87 19 certain
794 3775 73 23 temps
882 3785 27 4 —
924 3779 56 19 pour
993 3775 55 20 aller
1063 3780 24 15 se

574 3797 94 20 coucher
684 3798 57 19 dans
756 3802 44 15 une
816 3798 105 21 chambre
938 3799 125 23 inoccupée.

599 3822 59 19 C'est
671 3823 60 19 Mme
743 3822 111 19 Pattorini
867 3827 42 19 que
923 3823 20 19 le
955 3824 90 22 surprit,
1058 3828 29 15 en

573 3845 64 22 effet,
653 3846 57 19 dans
726 3850 31 15 un
771 3846 92 20 escalier
880 3846 27 20 de
924 3847 81 20 l'hôtel.
1022 3847 53 20 Som-

574 3870 35 19 mé
620 3870 134 23 d'expliquer
766 3874 27 15 sa
806 3870 104 24 présence
924 3871 14 19 à
952 3870 81 24 l'hôtel,
1046 3872 40 19 Dei

572 3894 63 19 Bono
649 3894 92 20 s'enfuit
757 3898 29 15 en
802 3894 139 23 maugréant.

598 3924 37 19 On
648 3923 56 20 croit
717 3923 51 23 qu'il
782 3924 72 22 quitta
867 3928 43 15 une
923 3924 107 23 première
1044 3925 42 20 fols

573 3947 76 21 l'hôtel
665 3952 49 15 vers
729 3948 13 19 4
757 3947 80 20 heures
853 3948 30 19 du
899 3948 79 22 matin,
992 3952 55 20 pour
1062 3953 23 16 se

572 3971 80 20 rendre
669 3971 15 20 à
702 3971 22 20 la
756 3972 87 19 maison
861 3972 27 19 de
906 3976 41 16 son
978 3973 108 19 ancienne

572 3995 65 22 amie,
658 3995 29 20 où
704 3995 16 20 11
742 3995 75 20 devait
837 3995 88 20 abattre
945 4001 26 15 sa
992 3997 94 20 vlctfme.

573 4020 29 20 Ce
615 4020 68 20 crime
696 4019 99 22 commis,
808 4019 16 20 il
838 4020 73 19 revint
924 4020 14 20 à
952 4020 82 23 l'hôtel,
1047 4020 27 20 dé-

572 4044 54 19 roba
640 4048 44 16 une
699 4043 61 24 paire
776 4043 27 20 de
818 4043 132 21 chaussures
964 4048 28 16 au
1007 4044 38 20 fils
1059 4045 27 20 de

572 4068 30 20 M.
616 4068 117 21 Pattorini,
747 4072 39 15 car
798 4067 14 21 il
827 4068 61 19 avait
901 4068 66 22 laissé
981 4068 32 20 les
1025 4069 49 19 sien-

572 4096 40 15 nes
634 4092 57 19 dans
713 4093 21 18 la
757 4092 87 19 maison
863 4092 29 20 du
916 4092 82 21 drame,
1020 4092 28 20 où
1071 4093 14 19 il

571 4115 75 21 s'était
678 4115 128 24 déchaussé,
826 4116 50 23 puis
896 4115 17 20 il
946 4116 94 22 repartit
1059 4116 27 19 de

573 4144 107 16 nouveau.

597 4165 60 19 C'est
670 4164 13 19 à
697 4168 24 15 ce
737 4165 99 19 moment
851 4164 52 23 qu'il
919 4164 35 19 fut
969 4164 117 20 rencontré

572 4192 42 19 par
629 4188 22 19 la
667 4188 82 19 femme
766 4188 27 19 de
809 4188 114 21 l'hôtelier.
939 4188 19 20 Il
973 4188 57 20 étalt
1045 4192 29 15 en-

573 4212 62 19 viron
648 4213 12 18 6
671 4212 22 19 h.
706 4213 10 18 1
723 4213 25 18 -A.
761 4212 36 20 On
809 4212 57 19 revit
878 4212 87 21 ensuite
978 4212 20 20 le
1012 4216 62 16 meur-

573 4236 59 21 trier,
647 4240 39 16 rue
698 4237 59 19 Jean
772 4236 86 23 Jaurès,
873 4241 23 16 se
912 4236 111 23 dirigeant
1038 4239 48 16 vers

573 4260 22 18 la
610 4264 59 19 gare.

1156 440 59 30 UNE
1234 436 114 36 SÉANCE
1367 443 184 29 SOLENNELLE

1134 485 44 29 AU
1198 486 107 30 PALAIS
1325 487 55 29 DES
1395 480 174 36 ACADÉMIES

1148 554 48 29 LE
1216 555 70 29 ROI
1307 555 26 29 Y
1352 553 208 31 ASSISTAIT

1123 613 30 20 La
1167 614 66 23 Ligue
1245 615 111 19 Maritime
1369 614 65 23 Belge
1448 618 13 14 a
1476 614 59 20 tenu,
1549 616 46 15 mer-

1098 638 59 19 credi
1169 642 51 16 soir,
1233 642 43 15 une
1290 637 78 21 séance
1382 635 125 24 solennelle,
1521 640 29 15 au
1563 636 32 18 Pa-

1099 662 41 19 lais
1150 662 39 19 des
1200 662 135 20 Académies,
1348 661 115 19 consacrée
1477 666 14 13 h
1502 660 104 18 l'histoire

1098 686 111 19 maritime
1225 686 26 19 do
1266 685 22 20 la
1304 685 109 23 Belgique.

1123 710 63 19 Cette
1206 710 86 21 séance,
1312 714 13 14 a
1345 708 91 23 laquelle
1458 706 98 21 assistait
1576 711 31 15 un

1099 733 85 19 nombr:
1191 737 28 15 ux
1241 733 80 23 public,
1339 731 56 21 était
1418 730 94 20 honorée
1537 731 26 18 de
1586 731 22 18 la

1098 756 103 24 prés?nce
1214 757 29 18 du
1259 757 38 20 roi,
1312 754 147 25 accompagné
1474 754 27 19 de
1515 759 41 14 son
1571 755 36 17 of-

1099 780 63 21 ilcler
1178 780 168 21 d'ordoiituncc,
1364 780 19 18 i'-'
1400 777 72 21 major
1489 782 43 15 van
1549 778 58 19 Cau-

1100 803 74 24 bergh.

1125 829 29 18 Li
1177 827 121 21 cérémonie
1322 826 52 20 était
1400 825 96 23 présidée
1519 830 41 18 par
1578 825 30 19 M.

1100 851 71 24 Hervy
1203 851 87 21 Cousin,
1323 849 111 25 président
1454 854 8 13 c
1462 849 5 12 1
1463 854 17 13 .:-
1500 848 21 20 la
1542 849 66 22 Ligue

1100 876 110 20 Maritime
1229 875 70 23 Belge,
1329 874 65 23 ayant
1411 872 13 20 &
1452 876 35 16 ses
1504 874 59 18 eûtes
1578 873 30 19 M.

1099 899 148 21 Forthomme.
1280 897 99 20 ministre
1399 897 37 18 rî?s
1465 896 141 24 Transports;

1105 923 62 21 Dens,
1191 922 79 20 ancien
1296 921 105 20 ministre,
1427 919 129 24 vice-présid
1571 922 34 21 ni;

1101 947 48 19 V.-.n
1171 946 111 20 Halteren.
1302 944 115 21 secrétaire
1441 947 11 20 b
1468 943 69 24 néml;
1561 945 48 18 Van

1100 970 85 24 Opstal.
1219 968 181 21 administrateur
1431 967 89 24 général
1540 969 26 18 do
1587 969 22 18 la

1185 993 50 22 Riile
1254 991 113 22 Maritime
1384 991 75 23 Belg-';
1481 991 129 23 Alexander,

1213 1017 28 19 du
1255 1015 79 21 comité
1349 1014 102 22 c*;éculif.
1467 1017 20 17 et
1506 1016 18 18 le
1541 1015 69 20 baron

1101 1042 27 19 de
1143 1040 116 21 Oerlache.
1276 1039 66 21 direct
1352 1043 32 15 :ur
1401 1034 87 28 général
1506 1040 92 19 honorai

1102 1070 23 14 re
1141 1066 26 18 de
1184 1065 19 19 la
1220 1063 91 21 Marine.

1127 1089 31 18 D.i
1161 1093 26 14 as
1204 1087 18 20 la
1240 1087 47 23 loge
1302 1086 162 24 diplomatique,
1480 1091 29 15 on
1526 1092 72 14 remar-

1102 1112 57 22 quai.
1177 1113 46 17 MM
1243 1112 21 17 S.
1266 1114 36 15 tin.
1315 1110 156 20 ambassadeur
1484 1111 29 20 du
1526 1112 82 22 J.-?pon;

1102 1136 104 22 Djuvara.
1226 1134 98 20 ministre
1342 1134 26 19 de
1387 1135 132 19 Roumanie:
1541 1136 69 22 Spyra

1101 1158 129 21 Sallaferas,
1245 1158 80 23 chargé
1339 1157 115 21 6'affaires
1469 1159 26 18 d?
1510 1159 63 19 Grec:

1127 1183 73 18 Parmi
1220 1182 31 18 les
1270 1181 161 23 personnalités
1446 1182 118 23 présentes,
1583 1186 28 15 on

1102 1209 113 21 remarque
1229 1207 140 18 notamment
1383 1205 53 21 MM.
1450 1206 97 20 Maurice
1560 1207 40 22 Lip

1102 1233 60 20 pens,
1177 1229 99 19 ministre
1292 1229 26 19 de
1334 1229 150 19 l'Instruction
1499 1229 111 23 publique;

1103 1253 68 19 Henri
1184 1253 75 19 Devos.
1271 1252 109 19 directeur
1390 1252 88 21 général
1490 1253 27 19 de
1529 1253 21 19 la
1562 1254 37 18 Ma-

1102 1277 57 20 rin?;
1178 1276 71 21 Baels,
1264 1276 79 19 ancien
1372 1276 109 21 ministre;
1502 1276 111 22 Castlaiix,

1102 1299 117 21 secrétaire
1249 1299 89 24 général
1370 1299 29 20 du
1431 1299 112 21 ministère
1575 1300 38 20 des

1103 1324 141 22 Transports;
1266 1323 19 19 le
1304 1323 93 19 vicomte
1416 1323 29 19 du
1464 1324 61 20 Parc,
1543 1324 58 19 direc-

1104 1348 48 18 teur
1168 1351 29 15 au
1214 1346 112 20 ministère
1344 1347 38 19 des
1399 1347 97 20 Affaires
1510 1347 91 23 étrangè-

1103 1375 43 17 res;
1168 1370 20 20 le
1220 1370 159 20 commandant
1407 1372 24 18 ct
1451 1371 19 19 le
1503 1371 110 23 capitaine

1102 1394 169 20 Timmermans,
1288 1393 155 23 représentant
1471 1394 89 20 l'Union
1576 1396 38 18 d?s

1104 1418 98 18 officiers
1222 1417 26 19 de
1268 1417 22 20 la
1311 1418 87 19 Marine
1420 1418 26 20 de
1467 1418 67 20 l'Etat
1550 1419 23 19 et
1593 1419 20 19 le

1103 1441 82 19 service
1199 1441 38 19 des
1250 1441 122 23 Paquebots
1385 1442 26 19 dc
1425 1442 75 22 l'Etat;
1516 1443 31 19 les
1559 1443 42 19 lieu-

1105 1465 89 19 tenants
1221 1464 111 23 généraux
1359 1465 117 24 Blebuyck,
1502 1466 26 20 de
1557 1468 56 18 Ceu-

1105 1488 73 22 ninck,
1195 1484 83 24 Poiitus
1295 1490 22 18 ct
1331 1489 26 21 de
1374 1489 89 20 Selliers
1480 1489 26 21 de
1523 1492 79 18 Moran-

1107 1512 56 22 ville,
1179 1514 41 18 etc.

1130 1537 28 19 Le
1173 1537 158 20 commandant
1359 1538 74 19 André
1447 1538 167 21 Timmermans,

1105 1560 37 24 qui
1158 1560 83 23 portait
1254 1560 21 20 la
1292 1561 99 20 nouvelle
1408 1562 82 23 grand?
1507 1562 65 20 tenue
1589 1563 26 19 de

1106 1587 39 17 nos
1161 1584 98 20 officiers
1275 1585 25 20 de
1316 1585 91 24 marine,
1423 1586 35 19 fut
1473 1586 45 20 très
1531 1590 73 16 remar-

1106 1611 47 22 que,

1131 1631 30 21 M.
1178 1632 72 25 Hervy
1270 1634 80 19 Cousin
1367 1638 65 15 ouvre
1451 1635 22 19 Ja
1492 1637 88 20 seanue;
1601 1635 14 19 il

1106 1656 61 21 salue
1184 1657 19 19 le
1219 1657 39 22 roi,
1274 1658 31 19 Jes
1323 1658 111 20 ministres
1449 1659 120 22 étrangers,
1585 1659 31 19 les

1106 1681 108 20 membres
1229 1684 29 16 au
1274 1683 171 22 gouvernement
1461 1684 23 18 ct
1498 1683 31 19 les
1545 1683 60 19 diver-

1106 1709 35 14 ses
1158 1705 160 22 personnalités
1336 1709 118 19 proscrites.

1132 1729 28 19 Le
1180 1728 94 21 vicomte
1293 1730 118 19 Terlinden
1432 1731 60 23 parle
1512 1731 91 19 ensuite.

1130 1753 33 18 La
1177 1753 87 20 marine
1277 1753 61 23 belge
1355 1754 89 20 a-t-clle
1461 1759 43 15 une
1518 1754 98 20 histoire.

1106 1776 68 21 dit-il.
1190 1777 20 19 et
1231 1778 63 19 est-il
1313 1777 94 28 po^ible
1426 1778 28 20 de
1473 1777 83 21 l'écrire
1565 1780 11 18 ?
1596 1778 20 19 Il

1107 1799 92 20 n'hésite
1214 1804 40 19 pas
1268 1800 14 20 à
1297 1801 107 23 repondre
1417 1801 199 20 affirmativement

1107 1823 143 21 démontrant
1265 1829 41 19 que
1320 1825 26 20 sl,
1359 1829 28 15 au
1402 1829 64 15 cours
1480 1825 39 19 des
1534 1825 82 20 siècles,

1107 1847 22 20 la
1142 1847 103 24 Belgique
1258 1848 61 19 n'eut
1332 1852 40 20 pas
1385 1848 47 21 toul
1435 1852 50 15 ours
1496 1848 22 19 la
1531 1849 85 19 marine

1107 1875 40 19 que
1163 1871 115 23 supposait
1294 1876 42 15 son
1353 1872 136 23 importance
1505 1871 111 20 économi-

1108 1899 47 38 aue,
1172 1894 16 20 11
1206 1896 51 18 n'en
1274 1896 33 18 est
1323 1900 40 18 pas
1381 1896 72 20 moins
1472 1895 46 19 vrai
1537 1900 48 18 que.
1603 1895 14 20 à

1123 1918 6 19 1
1131 1922 72 16 verses
1224 1918 100 24 périodes
1346 1919 26 19 de
1392 1923 41 15 son
1456 1919 98 20 histoire,
1575 1919 41 19 elle

1108 1942 52 22 Joua
1173 1946 31 15 un
1216 1942 46 20 rôle
1276 1942 45 20 très
1331 1943 55 19 actif
1399 1943 57 19 dans
1469 1942 22 19 la
1503 1943 34 18 vie
1548 1943 57 18 mari-

1109 1966 58 20 time,
1188 1970 28 16 ne
1236 1967 88 18 cessant
1344 1966 82 23 jamais
1446 1966 27 19 de
1494 1966 87 19 donner
1597 1967 21 18 le

1108 1989 50 23 jour
1173 1989 15 19 &
1205 1989 38 20 des
1261 1990 100 19 hommes
1379 1990 27 19 de
1423 1994 47 15 mer
1489 1989 55 20 dont
1561 1993 57 16 nous

1108 2017 98 19 pouvons
1221 2017 56 16 nous
1291 2013 147 23 enorgueillir.

1133 2037 30 19 M.
1178 2037 93 20 Charles
1284 2038 84 21 Maroy,
1383 2037 96 20 membre
1495 2037 29 20 du
1536 2037 82 19 conseil

1108 2060 89 23 général
1211 2061 28 19 de
1253 2060 23 19 la
1290 2061 66 23 Ligue
1369 2060 111 20 maritime
1496 2060 69 23 belge,
1579 2064 27 15 ex-

1109 2088 50 21 pose
1172 2084 14 19 k
1197 2084 135 20 l'assemblée
1344 2084 31 20 les
1384 2084 68 19 hauts
1464 2084 54 20 faits
1529 2084 39 19 des
1580 2089 25 15 ca-

1109 2108 95 23 pitaines
1218 2108 73 24 belges
1303 2108 36 23 qui
1352 2112 24 15 se
1388 2107 161 24 distinguèrent
1562 2108 56 19 dans

1109 2132 31 19 les
1161 2136 87 19 guerres
1268 2132 122 20 maritimes
1410 2136 28 15 en
1459 2132 159 19 commandant

1109 2156 38 20 des
1165 2156 115 19 vaisseaux
1294 2156 27 19 de
1339 2155 77 20 convoi
1434 2156 23 20 et
1475 2156 39 19 des
1530 2156 89 19 navires

1108 2180 74 19 armés
1192 2184 30 15 cn
1237 2183 84 17 course.

1121 2209 31 20 M.
1164 2209 103 19 Rotsaert
1283 2211 37 18 'en
1334 2208 111 21 flamand)
1461 2210 85 18 retrace
1557 2209 50 19 l'his-

1109 2234 55 18 toire
1191 2233 27 21 de
1248 2237 41 15 nos
1319 2232 112 24 pêcheries
1448 2232 125 20 nationales
1589 2237 30 15 cn

1108 2257 132 23 s'appuyaut
1257 2261 39 15 sur
1311 2256 39 20 des
1366 2257 189 22 renseignements
1569 2257 37 22 pui-

1108 2281 36 19 sés
1159 2281 58 19 dans
1236 2285 40 15 nos
1295 2280 81 20 vieilles
1406 2281 96 22 chartes,
1532 2280 87 22 octrois,

1109 2305 86 23 compte
1210 2305 26 20 de
1251 2304 61 20 villes
1325 2305 24 19 ct
1363 2304 107 20 archives.

1133 2329 45 19 Nes
1203 2328 142 23 populations
1372 2328 129 22 maritimes,
1516 2328 61 20 dit-il
1590 2333 29 14 en

1110 2352 128 23 terminant,
1253 2353 40 19 ont
1308 2352 51 20 bien
1373 2351 78 21 mérité
1468 2352 29 19 du
1510 2356 60 18 pays.
1582 2351 25 19 El-

1109 2376 32 19 les
1153 2376 39 20 ont
1205 2375 102 20 conservé
1319 2376 13 19 k
1344 2376 85 19 travers
1440 2375 32 19 les
1483 2375 77 19 siècles
1572 2375 48 19 leur

1110 2399 68 24 esprit
1196 2400 142 23 d'entreprise
1355 2399 23 19 et
1394 2399 111 20 d'audace.
1526 2400 18 18 A
1563 2403 57 15 nous

1108 2423 28 20 ds
1149 2424 32 20 les
1194 2423 90 19 assister
1297 2423 56 19 dans
1366 2422 19 20 îe
1399 2422 180 23 développement
1593 2423 26 19 de

1109 2451 37 15 ces
1163 2446 95 24 qualités
1277 2446 122 23 précieuses
1418 2450 56 19 pour
1494 2445 125 20 l'économie

1110 2470 101 23 générale
1227 2470 30 20 du
1268 2474 61 19 pays.

1134 2499 114 20 Abordant
1263 2499 96 24 l'époque
1375 2499 110 22 moderne,
1499 2500 20 18 le
1534 2499 74 23 profes-

1109 2528 51 14 seur
1175 2524 110 19 Huisman
1300 2523 71 20 décrit
1387 2523 93 20 l'étroite
1498 2524 123 19 connexion

1108 2548 64 18 entre
1186 2548 64 18 notre
1263 2547 124 23 expansion
1401 2546 151 21 commerciale
1564 2548 24 19 et
1600 2547 20 19 le

1110 2570 181 24 développement
1304 2570 27 20 de
1346 2572 63 18 notre
1423 2570 65 20 flotte
1500 2570 118 19 nationale.

1133 2600 115 19 L'orateur
1262 2600 94 19 termine
1370 2604 29 15 en
1415 2604 35 15 ces
1464 2600 82 19 termes
1563 2604 6 15 :

1136 2632 8 8 •
1158 2623 97 20 Eclairée
1270 2628 41 19 par
1326 2623 31 19 les
1370 2624 115 18 souvenirs
1499 2623 54 20 d'un
1569 2628 39 18 pas-

1109 2647 24 20 sé
1149 2647 39 23 qui
1206 2650 66 20 porta
1285 2651 41 15 son
1345 2651 76 15 renom
1439 2647 27 19 de
1484 2646 22 20 la
1525 2652 48 14 mer
1591 2647 30 19 du

1109 2670 60 20 Nord
1182 2670 102 24 Jusqu'au
1297 2670 66 20 Golfe
1376 2670 28 19 de
1416 2670 105 22 Bengale,
1531 2670 24 19 la
1568 2670 40 19 Bel-

1109 2694 64 23 gique
1193 2695 27 19 de
1242 2694 48 19 1933
1311 2698 55 15 aura
1386 2693 98 23 l'orgueil
1505 2694 117 19 d'associer

1109 2718 56 19 dans
1177 2722 43 15 une
1235 2719 80 22 pensée
1330 2717 114 19 nationale
1458 2717 20 19 le
1491 2716 117 24 développe-

1109 2742 62 19 ment
1185 2741 26 19 de
1225 2741 23 19 la
1261 2741 93 21 marine,
1369 2741 22 18 la
1405 2739 85 21 vitalité
1503 2741 28 18 de
1546 2742 22 18 la
1584 2745 26 14 co-

1109 2765 59 20 lonie
1186 2766 23 19 et
1224 2764 22 19 la
1264 2764 93 20 mission
1374 2763 162 24 régénératrice
1556 2764 27 19 de
1598 2764 23 19 la

1109 2788 127 24 métropole.
1250 2797 9 8 ■

1134 2818 30 21 M.
1176 2819 55 19 Taul
1243 2818 113 21 Crokaert,
1370 2818 80 19 ancien
1462 2818 109 22 ministre,
1585 2818 24 19 af-

1109 2842 66 21 firme
1191 2847 42 19 que
1252 2842 22 19 la
1293 2842 111 23 Belgique,
1435 2842 116 19 carrefour
1582 2842 39 19 des

1109 2867 75 19 routes
1200 2868 26 18 de
1241 2867 59 19 terre
1314 2867 24 19 et
1355 2867 27 19 de
1398 2870 54 18 mer,
1469 2866 34 19 fut
1521 2866 101 22 toujours

1109 2895 44 16 une
1165 2890 62 24 place
1241 2890 95 20 d'armes
1349 2891 24 18 et
1386 2894 43 16 une
1444 2890 62 23 place
1521 2890 27 19 de
1560 2894 48 15 com-

1109 2919 79 16 merce.
1205 2915 60 18 Nous
1282 2914 76 20 eûmes
1374 2914 59 23 jadis
1452 2918 42 15 unc
1512 2913 65 20 flotte
1594 2913 27 20 de

1109 2943 78 19 guerre
1205 2938 50 23 plus
1273 2938 115 23 puissante
1403 2942 42 19 que
1464 2937 23 20 la
1505 2937 116 23 Hollande,

1110 2964 22 19 la
1146 2963 85 19 France
1245 2962 22 19 et
1280 2961 71 20 même
1365 2961 151 24 l'Angleterre.

1135 2993 41 20 Cet
1189 2992 101 23 héritage
1305 2992 27 19 de
1348 2991 67 24 gloire
1428 2992 24 19 ct
1467 2991 108 24 d'énergie
1586 2991 35 19 est

1110 3016 64 20 lourd
1190 3020 56 19 pour
1263 3020 62 15 nous.
1343 3016 59 19 C'est
1420 3020 44 15 aux
1481 3015 140 23 générations

1110 3040 128 20 montantes
1256 3039 52 24 qu'U
1329 3039 130 24 appartient
1481 3039 90 21 d'éviter
1588 3039 33 20 les

1110 3064 142 20 déchéances.

1134 3088 33 19 La
1185 3087 80 20 séance
1284 3087 71 23 prend
1374 3088 35 18 fin
1424 3091 39 15 sur
1482 3087 27 20 de
1529 3087 79 20 chaleu-

1110 3116 54 15 reux
1175 3111 214 23 applaudissements
1401 3112 24 19 et
1437 3112 20 19 le
1470 3111 32 19 roi
1516 3115 24 15 se
1553 3111 67 19 retire

1110 3140 30 15 au
1151 3135 76 21 milieu
1239 3135 27 21 de
1277 3135 91 23 longues
1381 3134 107 21 ovations.
1498 3145 25 4 —
1533 3135 26 19 T.

595 4328 55 27 LES
665 4329 222 27 DIAMANTAIRES
900 4329 167 27 ANVERSOIS

716 4379 232 27 MAINTIENNENT

597 4444 91 20 Anvers.
700 4443 12 20 3
725 4444 52 19 mai.
789 4453 26 4 —
826 4444 37 19 On
874 4444 45 20 sait
930 4444 49 23 qu'à
993 4444 21 20 la
1027 4445 58 19 suite

572 4468 53 19 d'un
641 4467 142 20 référendum
798 4469 79 18 ouvert
893 4468 57 19 dans
967 4468 30 19 les
1014 4468 72 20 divers

572 4492 61 19 clubs
653 4491 159 20 diamantaires
831 4491 112 22 d'Anvers,
958 4492 16 20 il
992 4494 34 17 est
1046 4492 26 19 dé-

572 4516 70 20 fendu
653 4515 14 20 à
679 4516 49 18 tout
738 4515 149 19 diamantaire
897 4516 27 20 de
937 4516 57 19 faire
1005 4520 79 17 encore

573 4539 72 20 laliler
660 4538 39 21 des
713 4539 113 19 diamants
839 4543 30 14 en
883 4539 135 22 Allemagne.

597 4564 64 19 Cette
679 4566 87 16 mesure
784 4566 14 14 a
814 4566 29 15 eu
858 4566 55 19 pour
930 4562 57 20 effet
1005 4566 41 20 que
1065 4563 19 18 le

572 4587 91 20 nombre
681 4586 119 19 d'ouvriers
818 4585 123 20 allemands
956 4586 128 20 travaillant

572 4611 20 20 le
605 4611 101 19 diamant
720 4609 14 19 à
747 4609 87 21 Hanau,
847 4609 20 19 le
880 4611 75 17 centre
968 4610 117 22 allemand,

571 4635 39 24 qui
622 4634 106 21 s'élevait,
741 4633 15 19 il
771 4638 13 18 y
798 4638 14 14 a
826 4637 42 20 peu
882 4633 27 20 de
919 4633 111 20 semaines
1042 4638 30 15 en-

573 4663 57 16 core,
645 4658 15 20 à
672 4659 51 22 sept
738 4661 30 15 ou
783 4657 50 18 huit
848 4656 67 22 mille,
931 4658 35 18 est
982 4657 73 21 tombé
1071 4658 14 19 â

572 4682 104 25 quelques
690 4681 121 19 centaines.

597 4708 19 18 A
629 4707 21 19 la
661 4705 59 21 suite
732 4704 27 20 de
771 4706 36 18 cet
817 4703 68 20 échec
896 4707 56 20 pour
963 4703 121 22 l'industrie

572 4729 149 21 diamantaire
741 4727 131 23 allemande,
905 4727 56 20 deux
979 4727 106 24 délégués,

572 4754 94 23 envoyés
684 4751 168 25 probablement
870 4755 41 19 par
929 4751 19 19 le
964 4755 108 19 gouverne-

573 4781 62 18 ment
654 4778 30 20 du
703 4775 77 24 Reich,
799 4775 85 20 étaient
904 4774 83 20 arrivés
1005 4775 14 20 à
1039 4776 35 18 An-

573 4807 49 15 vers
636 4805 56 20 pour
707 4800 74 20 tenter
795 4799 27 19 de
837 4799 56 18 faire
909 4802 71 15 cesser
992 4803 24 15 cc
1032 4799 41 21 boy-

572 4828 95 21 cottage.
685 4825 42 19 Ces
743 4822 101 23 délégués
863 4822 96 20 seraient
979 4826 31 15 un
1029 4822 44 19 ban-

573 4851 61 23 quier
647 4850 26 19 de
685 4849 81 19 Hanau
779 4850 23 16 et
815 4851 31 15 un
859 4848 78 16 avocat
950 4845 118 20 allemand.

598 4874 30 20 Ils
638 4873 99 20 seraient
750 4870 75 21 entrés
837 4874 29 15 en
880 4869 140 23 pourparlers
1033 4872 52 17 avec

572 4899 32 19 les
624 4895 161 22 diamantaires
818 4893 55 24 juifs
907 4892 111 21 d'Anver».
1039 4893 47 19 Kur

573 4922 102 20 donnant
690 4921 133 19 l'assurance
839 4921 42 20 que
897 4917 20 19 si
934 4917 32 20 les
982 4914 91 22 diaman-

573 4946 67 21 taires
671 4943 113 21 anversois
816 4941 106 20 faisaient
939 4940 27 20 de
985 4943 99 16 nouveau

573 4970 113 20 travailler
708 4972 29 15 en
758 4966 135 22 Allemagne,
916 4964 57 19 deux
997 4965 88 18 avocats

572 4995 55 23 juifs
640 4993 26 20 do
682 4993 87 19 Hanau.
784 4990 37 23 qui
836 4989 90 19 avaient
939 4987 37 20 été
990 4987 95 19 châssis,

573 5018 129 24 pourraient
722 5016 26 19 de
769 5016 101 18 nouveau
889 5012 118 19 librr-mmi
1023 5014 51 16 exer-

572 5047 37 16 cer
622 5042 49 19 leur
685 5039 124 24 profession
819 5037 58 19 dans
891 5036 57 20 cette
964 5033 57 21 viïï*.

597 5067 41 19 Les
649 5063 101 25 délégués
760 5060 123 22 allemands
894 5059 102 20 auraient
1009 5058 75 23 ajouta

570 5095 31 14 cn
614 5091 71 19 outre,
699 5092 41 19 que
754 5086 20 19 si
786 5085 34 20 les
831 5082 159 21 diamantaires
1004 5084 69 18 anver-

572 5114 43 20 sois
635 5110 161 24 n'acceptaient
816 5112 41 20 pas
875 5107 48 20 leur
943 5107 141 22 proposition.

573 5139 20 18 1»
610 5135 172 23 gouvernement
800 5133 29 19 du
845 5131 70 19 Reich
931 5129 106 20 ouvrirait
1054 5132 30 15 un

573 5161 71 20 crédit
661 5160 27 20 de
705 5159 38 19 250
772 5157 97 19 millions
886 5155 27 19 de
941 5153 74 19 marks
1030 5156 51 19 pom

573 5185 61 20 créer
650 5188 42 16 une
710 5181 109 22 industrie
836 5178 148 22 diamantaire
1002 5180 28 15 en
1046 5176 27 18 Al-

574 5210 107 21 lemagne.

597 5231 86 23 Ma'gré
694 5231 58 20 cette
765 5229 58 20 offre
836 5227 23 20 et
873 5226 57 20 cette
944 5227 97 18 menace,
1054 5227 29 15 on

573 5255 99 24 apprend
690 5253 142 21 maintenant
849 5255 41 19 que
906 5249 32 19 les
955 5248 56 19 deux
1025 5246 48 18 délé-

572 5280 53 22 gués
641 5277 124 22 allemands
781 5277 51 19 sont
848 5272 115 22 retournés
979 5275 29 15 en
1025 5271 46 18 AUe-

573 5307 86 19 magne,
677 5302 70 23 ayant
775 5299 50 21 subi
843 5302 32 16 un
904 5294 96 24 complet
1018 5294 65 19 échec

573 5326 79 24 auprès
669 5326 39 19 des
725 5322 159 22 diamantaires
900 5319 118 21 anversois.

1212 3205 75 26 PLUS
1313 3205 36 26 DE
1372 3204 146 27 SERMENT

1244 3254 224 27 D'ALLEGEANCE
1482 3254 6 26 !

1205 3322 41 19 (De
1261 3324 64 16 notre
1339 3320 190 24 correspondant.)

1134 3350 103 22 Londres,
1250 3351 12 19 3
1275 3350 52 20 mai.
1339 3360 26 5 —
1381 3351 53 19 (Par
1446 3349 136 24 téléphone).
1595 3361 24 4 —

1110 3375 28 19 Le
1154 3374 173 23 correspondant
1342 3375 30 20 du
1389 3381 8 10 ■
1406 3374 63 19 News
1484 3373 117 21 Chronicle
1609 3381 9 11 ■

1109 3398 61 20 câble
1186 3398 27 21 de
1226 3398 82 19 Dublin
1323 3402 42 19 que
1381 3397 20 21 le
1417 3398 52 18 Dail
1485 3403 14 14 a
1515 3398 50 20 voté
1579 3402 28 15 au-

1109 3422 112 23 jourd'hui
1233 3426 42 19 par
1287 3422 25 19 76
1323 3422 50 19 voix
1384 3422 77 20 contre
1474 3422 31 22 56,
1517 3423 19 19 le
1547 3421 73 24 projet

1110 3446 26 19 de
1150 3446 30 19 loi
1192 3446 75 19 visant
1280 3445 121 20 l'abolition
1415 3445 27 20 de
1454 3447 99 17 serment
1564 3445 44 20 d'al-

1109 3469 102 24 légeance
1229 3469 14 20 à
1259 3469 22 19 la
1299 3473 110 16 couronne
1429 3469 148 23 britannique.

1134 3495 20 18 A
1172 3494 50 24 sept
1242 3492 81 20 heures
1342 3493 32 20 du
1389 3493 47 19 soir
1455 3493 23 19 la
1498 3493 29 19 loi
1550 3498 15 14 a
1584 3493 35 20 été

1110 3517 123 23 approuvée
1251 3518 25 18 ct
1292 3516 76 24 signée
1388 3521 41 19 par
1446 3516 21 20 le
1484 3521 135 19 gouverneur

1110 3541 95 24 général,
1223 3545 24 16 ce
1265 3541 37 23 qui
1319 3541 32 20 lui
1370 3541 73 20 donne
1461 3545 32 16 un
1508 3540 110 20 caractère

1110 3565 106 20 définitif.
1452 3569 38 6 —
1489 3568 12 9 "

1134 3595 32 19 La
1177 3595 80 19 séance
1268 3595 29 20 du
1309 3594 50 20 Dail
1372 3595 36 19 fut
1421 3594 140 22 mémorable.

1135 3620 29 18 M.
1181 3619 27 19 de
1225 3618 80 20 Valera
1322 3622 112 20 prononça
1449 3623 31 15 un
1497 3619 121 22 important

1109 3643 99 20 discours
1219 3643 29 19 où
1259 3642 16 19 il
1287 3642 34 20 dit
1332 3647 42 19 que
1387 3643 22 19 la
1421 3642 30 20 loi
1464 3643 112 22 marquait
1586 3647 33 15 un

1109 3666 79 20 nouvel
1218 3666 71 19 effort
1317 3671 49 15 vers
1393 3666 227 20 l'affranchissement

1109 3690 100 20 définitif
1231 3691 38 19 des
1291 3690 138 20 restrictions
1451 3690 167 23 incompatibles

1109 3719 53 16 avec
1174 3714 22 20 la
1210 3714 77 20 liberté
1301 3714 84 20 entière
1402 3714 26 20 de
1443 3714 150 20 l'Etat-Libre.

1135 3738 118 23 Interpellé
1275 3742 29 15 au
1323 3738 60 22 sujet
1401 3738 26 20 de
1448 3738 95 23 l'Ulster,
1564 3738 54 21 dont

1109 3762 142 20 l'Etat-Libre
1269 3763 35 18 est
1321 3761 84 24 séparé,
1423 3761 16 19 il
1458 3762 34 19 dit
1509 3766 41 19 que
1570 3762 36 22 jus-

1109 3786 63 23 qu'ici
1185 3785 103 20 l'Irlande
1301 3785 77 20 n'était
1388 3789 41 19 pas
1440 3790 79 15 encore
1532 3790 29 14 en
1571 3786 47 20 état

1109 3811 26 20 de
1156 3809 62 21 créer
1238 3809 21 19 le
1280 3810 94 19 courant
1395 3809 36 23 qui
1453 3810 121 22 permettra
1595 3810 22 18 la

1109 3834 73 20 fusion
1198 3833 40 20 des
1254 3833 58 20 deux
1325 3833 83 23 parties
1423 3833 30 20 du
1471 3837 54 19 pays
1538 3835 23 18 et
1576 3837 41 18 que

1108 3858 57 19 cette
1182 3856 103 25 question
1301 3857 67 20 ferait
1385 3856 85 21 bientôt
1487 3857 75 23 l'objet
1578 3857 39 20 des

1108 3881 182 25 préoccupations
1305 3880 224 24 gouvernementales.

1133 3906 31 19 M.
1175 3905 27 20 de
1216 3904 81 20 Valera
1310 3904 34 20 dit
1356 3905 58 18 aussi
1429 3904 51 23 qu'il
1494 3909 28 14 ne
1537 3904 68 19 tolére-

1108 3930 44 19 rait
1165 3928 49 24 plus
1228 3929 26 19 de
1269 3928 59 19 force
1343 3927 73 20 armée
1431 3929 63 19 autre
1509 3932 41 19 que
1565 3928 41 19 l'ar-

1107 3952 47 21 mée
1169 3952 106 23 régulière
1290 3952 26 19 de
1330 3951 149 20 l'Etat-Libre.

1134 3985 8 8 «
1157 3977 30 19 Le
1197 3977 72 22 temps
1281 3975 39 20 des
1333 3979 88 20 guerres
1433 3974 74 21 civiles
1520 3976 32 19 est
1565 3979 40 19 pas-

1107 4001 23 20 sé
1139 4009 16 14 ",
1172 3999 69 21 dit-il.

1132 4025 20 19 Il
1168 4024 96 22 termina
1278 4028 30 15 en
1323 4022 114 22 déclarant
1453 4027 41 19 que
1510 4027 51 15 sous
1574 4027 41 18 peu

1108 4050 19 19 Je
1146 4052 54 20 pays
1217 4052 24 15 se
1260 4047 120 19 trouverait
1395 4047 57 19 dans
1469 4046 23 19 la
1509 4047 107 19 situation

1108 4073 67 20 d'être
1189 4076 43 16 une
1245 4071 143 24 République,
1398 4070 34 20 s'il
1447 4070 20 19 le
1482 4070 97 21 désirait.

1680 176 17 20 3
1727 176 38 20 La
1783 172 146 23 Dernière
1945 176 100 21 Heuro
2073 178 17 20 3

1630 246 99 57 LA
1773 233 353 72 RENTRÉE

1688 331 34 42 A
1753 328 59 44 LA
1844 326 223 50 CHAMBRE

1628 424 70 29 LES
1712 421 207 32 POUVOIRS
1933 419 197 37 SPÉCIAUX

1682 499 51 29 LES
1754 496 84 31 BAUX
1858 496 225 34 COMMERCIAUX

1722 560 31 18 SL
1756 558 71 19 AXCE
1841 557 35 18 DE
1888 558 147 23 MERCREDI

1652 589 31 20 La
1702 588 110 21 Chambre
1832 588 33 18 c^t
1884 589 74 20 entrée
1976 595 29 15 en
2023 591 78 21 séance
2117 591 14 20 à

1629 613 23 19 14
1665 613 84 20 heures,
1759 617 52 15 sous
1822 612 21 19 la
1854 611 125 23 présidence
1992 614 26 21 de
2030 615 30 19 M.
2073 616 46 20 Pon-

1628 636 61 20 celet.

1653 661 19 19 Il
1689 662 35 18 est
1741 659 92 25 procédé
1852 663 28 15 au
1899 659 67 24 tirage
1985 666 29 17 au
2030 667 47 17 sort
2094 663 38 20 des

1627 685 102 20 sections.

1654 709 29 19 M.
1704 709 83 19 Carton
1805 707 26 20 de
1851 706 76 24 Wiart,
1944 709 98 22 ministre
2064 711 26 20 de
2110 710 22 21 îa

1629 732 136 23 Prévoyance
1779 729 90 22 Sociale,
1881 732 33 19 est
1928 736 27 16 au
1968 733 56 20 banc
2037 735 29 19 du
2079 739 41 18 gou-

1629 759 127 17 vernement
1766 755 28 20 où
1803 755 15 19 il
1829 754 82 20 discute
1923 760 50 16 avec
1984 758 29 18 M.
2023 758 107 23 Heyman;

1629 781 30 18 M.
1678 781 51 22 Sap,
1746 779 98 20 ministre
1865 778 38 20 des
1922 779 100 22 Travaux
2041 782 92 21 Publics,

1629 804 83 20 discute
1725 804 54 20 dans
1790 808 30 15 un
1832 804 62 18 autre
1905 804 48 19 coin
1962 809 50 15 avec
2022 811 35 15 ses
2068 807 63 21 amis;

1630 828 29 19 M.
1675 828 86 23 Jaspar.
1775 826 98 20 ministre
1888 826 38 20 des
1940 828 112 24 Finances,
2067 832 22 18 et
2104 831 24 18 M

1630 852 22 18 P.
1666 851 105 23 Hymans.
1785 850 98 20 ministre
1899 851 37 20 des
1950 852 96 22 Affaires
2059 853 63 21 étran-

1630 880 67 18 gers,
1709 877 95 18 arrivent
1818 879 40 18 p'u
1872 874 68 23 après.

1656 901 29 17 M.
1701 898 148 22 Vandervelde
1868 897 65 22 (coll.)
1951 900 39 21 fait
2006 906 42 16 une
2062 902 60 20 décla-

1631 925 79 18 ration.
1725 925 18 18 Il
1759 929 13 15 a
1789 922 74 24 appris
1878 926 41 18 que
1936 923 19 19 le
1971 925 65 21 débjt
2051 931 38 15 sur
2104 926 31 20 les

1631 947 71 24 pleins
1717 947 100 23 pouvoirs
1829 946 73 21 devait
1915 946 46 22 être
1975 950 65 20 remis
2055 951 13 19 à
2085 950 39 20 hui-

1632 972 66 21 taine,
1714 972 13 19 à
1745 976 64 16 cause
1829 969 25 21 de
1875 970 21 19 la
1912 972 64 20 santé
1993 973 30 20 du
2042 975 94 22 premier

1631 996 106 19 ministre.
1752 995 57 20 Mais
1821 994 18 21 le
1856 997 57 17 texte
1927 995 29 20 du
1970 997 70 24 projet
2054 999 32 19 est
2099 1002 26 16 ar-

1631 1019 47 21 rêté
1699 1025 4 14 :
1753 1020 26 19 J-i
1797 1016 107 23 demande
1921 1023 41 19 que
1979 1026 24 15 ce
2020 1024 58 18 texte
2092 1023 43 18 .*-,oit

1641 1051 2 11 ;
1660 1048 12 20 p
1724 1044 11 20 à
1753 1044 19 20 la
1789 1041 108 22 Chambre
1913 1043 119 24 d'urgence,
2048 1047 87 19 demain

1632 1073 40 18 par
1683 1067 104 24 exemple.
1802 1068 27 18 L?
1842 1066 71 23 projet
1925 1067 28 20 du
1967 1072 169 20 gouvernement

1631 1094 33 18 est
1684 1091 43 22 très
1746 1096 64 20 grave
1827 1094 22 16 et
1866 1090 86 22 soulève
1970 1093 37 21 des
2026 1094 110 24 questions

1633 1116 109 19 délicates.
1757 1114 117 24 Lorsqu'on
1890 1114 105 22 demande
2010 1117 14 19 k
2036 1122 30 16 un
2082 1119 43 18 Par-

1633 1141 81 19 lement
1724 1140 26 19 d:'
1758 1145 24 15 se
1794 1138 101 20 dessaisir
1904 1139 26 20 de
1940 1144 35 15 ses
1985 1141 152 23 prérogatives,

1633 1163 15 19 il
1670 1164 49 19 faut
1740 1168 29 16 au
1790 1163 71 19 moins
1882 1161 31 20 lui
1933 1163 75 21 laisser
2025 1165 19 20 le
2067 1167 69 21 temps

1633 1186 106 22 d'ôvUdier
1754 1188 21 19 la
1789 1187 71 19 chose.
1875 1186 35 20 Ou
1921 1186 50 21 bien
1986 1188 19 20 le
2018 1194 107 17 gouverne-

1634 1212 62 18 ment
1715 1211 104 23 déposera
1839 1210 114 22 d'urgence
1970 1212 19 19 le
2011 1214 78 22 projet,
2109 1218 21 15 o.

1633 1234 57 20 bien,
1702 1235 20 19 si
1733 1240 30 14 on
1776 1236 51 19 veut
1838 1236 121 19 escamoter
1968 1235 20 20 Iz
2001 1236 72 23 débat,
2083 1237 43 24 l'op-

1634 1258 95 23 position
1742 1260 80 18 mettra
1836 1257 48 20 tout
1894 1262 29 16 en
1936 1263 72 18 ceuvre
2022 1265 54 19 pour
2085 1265 41 16 sau-

1634 1283 105 19 vegarder
1748 1288 35 15 ses
1795 1281 145 25 prérogatives
1952 1290 17 13 ■.

1658 1305 30 20 M.
1699 1306 23 19 P.
1734 1306 98 22 Hymans
1844 1309 98 16 annonce
1953 1311 41 19 que
2006 1308 29 19 M.
2046 1308 25 20 de
2083 1309 44 19 Bro-

1634 1330 91 23 queville
1741 1334 28 16 va
1784 1330 111 21 beaucoup
1910 1329 77 21 mieux.
2003 1332 29 19 Le
2047 1336 80 19 gouver-

1634 1356 92 18 nement
1737 1355 51 18 s'est
1803 1354 40 18 mis
1857 1352 98 22 d'accord
1967 1359 38 15 sur
2015 1355 31 20 les
2060 1357 80 18 termes

1635 1377 52 20 d'un
1701 1378 72 23 projet
1787 1378 26 19 de
1827 1377 34 19 loi.
1875 1376 58 21 Nous
1945 1382 66 17 avons
2024 1379 75 20 décidé
2113 1381 26 19 de

1635 1406 28 15 ne
1677 1401 21 21 le
1711 1402 91 23 déposer
1817 1405 40 18 que
1871 1401 76 22 mardi,
1962 1401 27 21 d?
2004 1403 66 23 façon
2086 1403 13 20 à
2116 1409 23 14 ce

1635 1430 41 16 OU3
1694 1425 20 20 le
1729 1426 51 19 chef
1799 1425 27 19 du
1845 1428 168 18 gouvernement
2031 1428 70 21 puisse
2120 1427 18 20 le

1637 1449 89 22 déposer
1743 1450 23 19 et
1785 1450 18 19 le
1821 1447 104 21 défendre
1942 1449 119 21 lui-même.

1660 1474 30 19 La
1706 1473 108 21 Chambre
1832 1476 78 19 pourra
1924 1473 95 21 discuter
2033 1475 19 19 le
2069 1476 71 23 projet

1636 1502 27 15 en
1681 1498 59 20 toute
1758 1495 170 24 indépendance.

1661 1521 29 19 M.
1701 1520 148 20 Vandervelde
1863 1525 12 14 a
1887 1520 52 20 tenu
1952 1522 13 19 à.
1978 1523 111 20 constater
2100 1528 41 16 oue

1637 1546 107 22 l'urgence
1761 1546 28 19 du
1804 1544 71 24 projet
1887 1544 55 21 n'est
1957 1550 39 18 pas
2010 1547 56 21 telle,
2081 1547 48 23 puis-

1636 1570 64 24 qu'on
1710 1572 53 21 p:ut,
1774 1569 18 19 le
1804 1572 104 18 renvoyer
1918 1568 14 20 à
1943 1569 49 22 huit
2003 1571 65 23 jours.
2079 1572 51 23 L'op-

1637 1594 95 23 position
1751 1593 87 20 veillera
1856 1592 14 19 k
1889 1597 23 15 ce
1928 1598 40 18 que
1987 1594 23 20 la
2024 1595 117 23 procédure

1638 1618 67 22 légale
1714 1618 44 19 soit
1767 1617 68 19 suivie
1845 1617 23 19 et
1879 1616 13 20 à
1903 1621 23 16 ce
1938 1622 40 19 que
1989 1618 19 19 le
2020 1620 71 22 projet
2100 1620 42 19 soit

1637 1642 93 23 renvoyé
1742 1647 27 15 en
1784 1641 100 20 sections.

1765 1670 114 20 MOTION
1892 1671 123 20 D'ORDRE

1664 1702 29 18 M.
1721 1701 111 22 Borffinon
1867 1712 3 4 ■
1876 1700 84 23 front.),
1992 1707 41 19 par
2060 1704 82 19 motion

1638 1726 91 20 d'ordre,
1743 1722 90 26 critique
1847 1724 38 19 des
1900 1726 164 21 amendements
2077 1728 54 23 dépo-

1638 1749 35 20 sés
1688 1754 29 15 au
1732 1749 72 23 projet
1818 1748 75 20 relatif
1905 1754 44 14 aux
1963 1750 58 20 baux
2036 1756 96 15 commer-

1639 1774 69 19 ciaux.
1721 1774 42 19 Ces
1775 1772 166 20 amendements
1953 1776 40 18 ont
2006 1774 34 20 été
2055 1775 89 23 déposés

1639 1802 40 19 par
1690 1797 19 20 le
1719 1797 99 19 ministre
1830 1796 25 20 de
1867 1796 23 19 la
1898 1796 88 21 Justice.

1664 1822 30 18 M.
1712 1820 108 22 Poncelet,
1837 1819 116 24 président.
1968 1832 26 4 —
2009 1822 20 21 Il
2045 1825 33 18 est
2093 1823 38 20 tou-

1639 1845 61 22 jours
1722 1844 81 24 permis
1821 1843 27 21 de
1871 1843 90 24 déposer
1983 1845 38 21 des
2040 1847 92 19 amende-

1639 1870 79 19 ments.
1736 1868 92 20 Ceux-ci
1845 1870 51 18 sont
1909 1869 87 20 surtout
2013 1869 38 22 des
2067 1875 65 16 amen-

1640 1893 100 20 dements
1754 1892 27 19 de
1795 1893 76 19 forme.

1706 1922 50 20 LES
1772 1921 80 20 BAVX
1866 1921 213 22 COMMERCIAUX

1664 1952 32 19 La
1714 1951 109 20 Chambre
1841 1951 93 20 termine
1953 1951 21 21 la
1992 1954 93 19 seconde
2101 1953 32 20 lec-

1640 1977 48 18 ture
1701 1975 29 19 du
1741 1975 72 23 projet
1822 1979 39 16 sur
1870 1974 32 20 les
1912 1975 57 20 baux
1980 1977 165 21 commerciaux.

1664 1999 30 19 M.
1709 1998 150 23 Jacquemolte
1874 1999 72 20 (com.)
1962 2000 97 21 soutient
2073 2006 41 19 que
2126 2001 19 21 le

1640 2024 73 22 projet
1727 2029 13 14 a
1755 2023 34 19 été
1803 2021 80 24 adopté
1895 2027 28 15 en
1938 2024 105 22 première
2057 2024 88 21 lecture.

1640 2048 19 19 Il
1672 2048 51 19 faut
1735 2046 113 24 appliquer
1859 2045 21 20 le
1892 2045 126 24 règlement.
2028 2048 31 21 La
2074 2049 59 23 majo-

1640 2071 42 20 rité
1699 2072 27 19 de
1739 2071 23 20 la
1778 2070 109 20 Chambre
1902 2071 52 20 s'est
1969 2073 122 22 prononcée
2106 2078 40 19 pnr

1640 2100 30 15 un
1682 2095 65 29 appel
1757 2094 104 21 nominal.
1871 2094 100 22 L'article
1983 2097 94 22 premier
2086 2102 14 15 a
2112 2097 34 20 été

1641 2120 80 22 adopte
1731 2124 53 15 sans
1796 2118 159 20 amendement.
1965 2120 143 21 Maintenant
2118 2126 28 15 on

1640 2148 53 16 veut
1708 2144 82 19 reviser
1805 2142 20 19 le
1841 2143 59 19 texte
1914 2147 83 16 comme
2013 2145 34 19 s'il
2063 2145 82 20 n'avait

1640 2172 40 18 pas
1690 2167 36 20 été
1737 2167 56 20 voté.

1666 2192 30 18 M.
1710 2191 108 19 Poncelet.
1828 2201 25 4 —
1865 2191 32 19 La
1910 2191 109 21 Chambre
2032 2195 54 21 peut
2099 2198 36 14 mo-

1641 2216 66 19 difier
1718 2217 48 19 tout
1776 2220 24 16 ce
1811 2214 76 24 qu'elle
1898 2216 51 19 veut
1959 2221 29 14 en
1997 2217 93 20 seconde
2102 2217 32 19 lec-

1642 2240 55 19 ture.

1666 2264 99 19 L'article
1779 2264 9 19 1
1799 2268 32 16 es:
1843 2262 79 25 adopté
1933 2268 41 19 par
1985 2265 54 19 assis
2051 2265 22 19 et
2084 2264 63 20 levés.

1665 2288 31 18 M.
1708 2288 91 20 Janson,
1810 2287 98 20 ministre
1921 2288 25 20 de
1957 2288 21 20 la
1990 2288 90 21 Justice,
2092 2290 44 19 don-

1641 2316 29 16 ne
1690 2312 103 23 quelques
1809 2311 142 23 explications
1970 2316 38 17 sur
2027 2313 108 20 l'amende-

1642 2337 61 18 ment
1717 2336 14 19 à
1744 2336 55 19 l'art.
1811 2336 10 18 1
1834 2336 52 22 qu'il
1899 2335 87 20 défend.

1666 2359 30 19 M.
1709 2360 102 22 Marquât
1825 2359 53 20 (lib.)
1894 2360 101 21 voudrait
2006 2360 46 21 voir
2064 2361 19 19 le
2097 2365 39 19 pro-

1642 2383 32 23 jet
1689 2383 87 20 aboutir
1788 2382 144 24 rapidement.

1667 2408 30 18 M.
1712 2408 96 19 Horrent
1825 2407 54 20 (11b.)
1892 2411 24 16 se
1930 2408 62 20 rallie
2007 2413 28 15 au
2050 2409 97 23 principe

1642 2431 26 20 de
1683 2432 21 19 la
1717 2431 36 20 loi.

1666 2455 31 21 HL
1716 2455 117 20 «^ennissen
1855 2455 64 22 (lib.),
1936 2458 136 22 rapporteur,
2088 2461 47 16 com-

1642 2479 38 21 bat
1701 2479 169 20 l'amendement
1890 2479 30 20 du
1940 2480 100 21 ministre
2060 2482 37 21 qui
2114 2482 34 18 est

1642 2504 109 19 contraire
1764 2504 14 19 k
1790 2508 23 14 ce
1824 2504 48 22 qu'a
1885 2503 65 21 voulu
1961 2504 21 20 la
1996 2505 115 19 Chambre.

1668 2528 60 20 Nous
1746 2527 116 24 légiférons
1878 2532 66 20 parce
1962 2533 41 19 que
2021 2533 55 16 nous
2094 2533 55 16 nous

1644 2551 105 19 trouvons
1770 2552 80 19 devant
1870 2556 31 14 un
1922 2552 70 22 grand
2013 2553 90 20 nombre
2122 2553 28 19 de

1642 2579 38 15 cas
1694 2574 103 25 d'espèce.
1810 2576 58 20 Nous
1882 2575 118 23 légiférons
2014 2576 13 20 à
2041 2581 66 15 cause
2122 2577 26 19 de

1643 2598 21 20 ïa
1682 2599 61 19 crise.
1760 2600 33 19 En
1811 2599 48 21 fait,
1875 2599 20 19 si
1911 2604 30 15 on
1957 2600 46 20 suit
2018 2600 20 19 le
2056 2604 81 19 gouver-

1643 2623 98 20 nement,
1760 2627 29 16 on
1807 2622 108 21 substitue
1935 2623 15 20 à
1970 2624 21 19 la
2012 2624 87 21 volonté
2119 2624 30 20 du

1644 2645 126 23 législateur
1783 2647 23 19 la
1818 2646 87 22 volonté
1919 2647 29 20 du
1962 2648 51 23 juge
2026 2648 27 20 de
2067 2649 57 23 paix.

1669 2670 31 19 M.
1713 2670 92 20 Janson,
1819 2671 99 19 ministre
1931 2671 27 20 de
1972 2671 22 20 la
2008 2671 90 22 Justice,
2111 2671 27 20 dé-

1643 2693 54 20 fend
1707 2698 78 16 encore
1796 2699 26 15 sa
1833 2694 96 20 manière
1940 2695 27 20 de
1978 2696 52 23 voir,
2041 2696 37 23 qui
2088 2700 49 15 com-

1643 2717 58 23 plète
1715 2717 22 20 la
1751 2718 36 19 loi.

1669 2741 31 18 M.
1722 2741 127 22 Meysmans
1873 2742 65 20 (coll.'-
1963 2743 88 19 combat
2073 2748 78 15 encore

1645 2763 19 19 le
1683 2766 60 17 texte
1762 2765 30 20 du
1810 2766 99 20 ministre
1927 2766 24 20 et
1969 2767 110 20 demande
2096 2768 15 19 à
2129 2767 21 20 la

1644 2788 110 19 Chambre
1773 2789 27 19 de
1818 2793 24 15 se
1861 2789 74 20 rallier
1954 2795 30 15 au
2002 2791 61 20 texte
2082 2792 28 20 de
2127 2791 22 20 la

1644 2812 147 19 commission.

1669 2835 180 22 L'amendement
1883 2838 34 19 est
1948 2838 133 22 finalement
2115 2845 23 15 re-

1643 2859 84 23 poussé.

1669 2883 55 21 MM.
1741 2884 85 19 Brunet
1845 2885 75 20 (coll.).
1935 2887 127 22 Meysmans
2082 2887 69 21 (coli).

1644 2906 119 20 Jennissen
1780 2908 64 22 (lib.),
1857 2908 124 25 échangent
1995 2911 103 24 quelques
2111 2913 27 19 ob-

1644 2931 124 20 servations
1782 2932 15 20 à
1809 2932 92 20 l'article
1915 2934 19 19 5.

1667 2955 20 19 A
1699 2955 57 19 l'art.
1768 2955 19 22 7,
1799 2955 79 25 l'appel
1888 2958 98 20 nominal
1997 2960 33 19 est
2043 2958 108 22 demandé

1643 2982 41 20 par
1696 2979 72 23 parité
1781 2980 27 20 de
1822 2981 55 19 voix.

1667 3003 101 22 L'article
1779 3004 81 24 adopté
1868 3009 28 16 en
1909 3006 105 23 première
2026 3008 80 20 lecture
2117 3009 33 20 est

1643 3027 75 22 rejeté.

1667 3052 31 20 Le
1716 3052 60 19 texte
1795 3053 26 20 de
1839 3053 22 20 la
1880 3055 145 20 Commis-^Ion
2041 3058 35 18 est
2094 3056 56 20 alors

1644 3076 41 19 mis
1698 3081 44 15 aux
1754 3076 56 20 voix,
1821 3077 20 19 n
1852 3079 35 19 est
1898 3079 103 23 repoussé
2014 3084 41 19 par
2068 3080 23 19 83
2103 3081 48 19 voix

1644 3100 75 19 contre
1730 3101 24 18 81
1767 3102 22 19 et
1802 3100 56 21 deux
1871 3102 143 21 abstentions.

1669 3124 29 18 M.
1715 3124 85 21 Brunet
1819 3125 65 20 (coll.)
1900 3126 77 21 estime
1992 3127 52 23 qu'il
2060 3130 34 19 est
2109 3128 30 20 im-

1644 3148 93 23 possible
1753 3148 27 20 de
1793 3149 116 21 continuer
1925 3150 21 20 la
1962 3151 121 21 discussion
2100 3157 52 15 avec

1643 3177 31 15 un
1686 3174 50 18 trou
1747 3173 56 20 dans
1815 3173 22 20 la
1845 3173 35 20 loi.

1669 3196 113 21 L'orateur
1797 3197 108 21 demand?
1919 3203 32 15 un
1967 3199 70 20 effort
2054 3200 26 20 de
2098 3205 40 15 con

1644 3220 104 20 clliation.
1768 3221 20 20 Il
1808 3221 101 21 voudrait
1925 3227 42 19 que
1988 3224 20 20 le
2030 3224 58 20 texte
2108 3224 44 20 soit

1642 3245 95 23 renvoyé
1746 3245 14 20 à
1772 3244 22 21 la
1804 3245 151 21 Commission.

1667 3268 42 20 Les
1738 3268 87 21 articles
1852 3269 101 22 suivants
1979 3273 53 19 sont
2060 3272 91 24 adoptés

1644 3292 63 22 après
1718 3292 121 21 discussion
1850 3293 14 20 à
1875 3293 92 23 laquelle
1979 3298 111 20 prennent
2101 3298 50 21 part

1643 3316 55 19 MM.
1711 3317 91 22 Janson,
1817 3318 90 21 Brunet,
1923 3319 126 23 Meysmans
2061 3322 23 18 et
2097 3320 42 19 Jen-

1642 3341 82 19 nissen.

1667 3365 32 19 La
1712 3365 109 20 Chambre
1834 3366 75 20 votera
1921 3371 39 16 sur
1973 3368 124 21 l'ensemble
2111 3372 28 16 au-

1643 3389 117 23 jourd'hui.
1774 3389 66 23 Jeudi,
1852 3389 13 21 k
1878 3390 23 19 15
1915 3391 85 20 heures.

1667 3413 31 19 La
1710 3413 79 20 séance
1802 3414 34 20 est
1848 3413 58 21 levée
1921 3414 13 20 à
1950 3415 23 19 17
1986 3416 22 19 h.
2023 3416 30 19 30.
2067 3416 83 20 Séance

1643 3437 102 23 publique
1762 3438 145 22 aujourd'hui,
1922 3438 14 19 à
1954 3439 23 19 10
1993 3439 85 21 heures.
2090 3450 26 4 —
2128 3440 21 19 S.

1665 3500 36 26 LE
1726 3500 101 26 DRAME
1852 3500 36 26 DE
1906 3500 222 29 PONT-DE-LOUP

1170 4149 35 26 LA
1229 4148 83 26 MORT
1337 4147 36 26 DU
1399 4146 157 27 CAPITAINE

1192 4199 37 26 DU
1256 4206 18 16 «
1293 4197 164 27 DISCOVERY
1472 4197 17 26 II
1508 4199 19 16 »

1203 4267 41 20 (De
1258 4266 64 19 notre
1337 4263 188 24 correspondant.)

1131 4295 105 22 Londres,
1248 4295 12 19 3
1274 4294 52 21 mal.
1336 4303 27 5 —
1378 4293 54 19 (Par
1444 4292 136 23 téléphone).
1592 4302 25 4 —

1106 4320 30 19 Le
1172 4320 64 19 News
1250 4317 116 22 Chronicle
1375 4325 8 8 »
1401 4321 24 15 se
1442 4316 109 20 demande
1568 4315 49 24 quel

1107 4347 34 18 est
1158 4343 20 20 le
1193 4342 95 24 mystère
1305 4341 37 24 qui
1360 4341 92 20 entoure
1470 4341 24 19 la
1511 4340 59 19 mort
1586 4340 31 19 du

1107 4367 159 20 commandant
1278 4366 71 22 Carey
1360 4365 37 24 qui
1409 4364 102 23 dirigeait
1521 4364 20 19 le
1555 4364 62 19 ..Dis-

1105 4396 80 19 covery
1197 4391 24 20 n
1229 4400 8 6 •■
1255 4391 24 19 et
1293 4390 37 23 qui
1347 4389 101 23 disparut
1464 4388 27 20 de
1506 4392 42 15 son
1564 4387 53 20 bord

1107 4420 29 15 au
1148 4415 60 23 large
1223 4415 27 19 de
1266 4414 43 19 l'île
1322 4414 140 19 d'Ouessant.

1131 4440 29 19 Le
1178 4448 8 7 -
1195 4439 119 22 Discovery
1329 4438 23 19 U
1361 4445 7 10 ■
1387 4438 35 19 est
1438 4437 72 20 arrivé
1526 4437 80 22 aujour-

1106 4464 61 20 d'hui
1182 4463 15 20 à
1209 4462 119 20 Faïmouth
1344 4461 49 20 afin
1408 4461 27 19 de
1450 4460 122 23 débarquer
1586 4465 31 15 un

1106 4488 74 20 marin
1194 4486 115 20 souffrant
1324 4486 27 19 de
1363 4485 162 23 l'appendicite.

1131 4518 37 19 Un
1188 4517 161 20 collaborateur
1369 4515 29 20 du
1420 4522 8 10 ■
1437 4515 63 19 News
1521 4515 83 19 Chroni-

1106 4541 32 21 cle
1147 4549 7 10 ■
1168 4541 53 20 s'est
1232 4540 85 20 efforcé
1330 4539 109 22 d'obtenir
1448 4538 103 24 quelques
1565 4542 39 15 ren-

1105 4565 150 23 seignements
1274 4568 39 15 sur
1333 4564 21 19 la
1372 4564 58 19 mort
1450 4563 30 19 du
1501 4566 104 16 comman-

1106 4589 62 22 dant,
1178 4589 57 19 mais
1245 4588 32 20 les
1287 4587 109 21 membres
1408 4587 27 19 de
1447 4586 120 23 l'équipage
1577 4587 39 19 ont

1106 4612 73 21 refusé
1196 4612 28 21 de
1242 4612 56 20 faire
1316 4611 22 20 la
1356 4610 100 21 moindre
1474 4609 142 22 déclaration,

1107 4637 68 22 ayant
1185 4637 50 18 tous
1247 4636 43 21 fait
1301 4637 21 19 le
1331 4635 98 19 serment
1442 4634 27 20 de
1482 4638 28 15 ne
1522 4634 48 19 rien
1581 4634 23 19 di-

1107 4665 29 14 re.
1157 4661 58 19 Tout
1237 4664 24 15 ce
1283 4660 65 23 qu'on
1368 4659 51 23 sait,
1441 4659 52 20 c'est
1515 4658 52 24 qu'il
1587 4663 29 14 ne

1105 4683 65 24 s'agit
1185 4687 40 20 pas
1241 4684 52 20 d'un
1309 4683 104 20 meurtre.

1130 4708 32 18 La
1174 4707 133 23 disparition
1322 4707 30 19 du
1367 4706 159 21 commandant
1540 4710 14 15 a
1570 4705 34 19 for-

1107 4732 84 20 tement
1206 4730 159 24 impressionné
1380 4730 120 23 l'équipage
1512 4730 37 23 qui
1563 4734 40 15 ren-

1107 4755 53 19 trait
1183 4755 45 19 fort
1247 4755 79 22 joyeux
1350 4759 28 14 cn
1401 4754 214 22 Grande-Bretagne

1107 4778 64 23 après
1182 4782 43 15 une
1238 4778 93 20 difficile
1344 4777 107 23 croisière,
1463 4777 60 20 riche
1537 4782 28 14 en
1577 4777 26 20 dé-

1106 4803 113 18 couvertes
1234 4801 158 23 scientifiques,
1407 4801 56 20 dans
1480 4802 32 19 les
1529 4800 86 22 régions

1107 4824 155 24 antarctiques.

1186 4888 34 25 LA
1244 4887 293 26 GRANDE-BRETAGNE

1181 4931 183 32 MÉDIATRICE
1390 4937 37 25 EN
1453 4936 92 27 CHiNE

1199 5002 41 20 (De
1255 5003 64 18 notre
1333 5002 188 23 correspondant.)

1130 5030 104 21 Londres.
1247 5031 12 18 3
1273 5031 51 19 mai.
1337 5040 25 5 —
1378 5031 53 18 (Par
1442 5029 136 24 téléphone).
1589 5039 26 5 —

1105 5054 111 20 Plusieurs
1232 5058 110 18 messages
1358 5054 27 20 de
1401 5054 69 19 Pékin
1487 5054 128 22 annoncer.;

1106 5083 39 19 que
1163 5078 23 19 la
1200 5078 214 22 Grande-Bretagne
1432 5077 43 20 fait
1489 5078 26 19 de
1533 5077 81 24 grands

1107 5102 80 19 efforts
1207 5101 50 20 afin
1275 5101 113 19 d'amener
1409 5100 19 20 le
1451 5101 74 22 Japon
1546 5102 23 18 et
1592 5102 22 18 la

1106 5126 70 20 Chine
1191 5124 14 20 à
1218 5125 75 19 ouvrir
1307 5124 39 19 des
1361 5123 149 23 négociations
1521 5124 93 19 directes

1104 5150 24 19 et
1143 5149 13 19 à
1172 5153 70 15 cesser
1258 5148 31 19 les
1305 5147 115 19 hostilités.

1131 5174 19 18 A
1166 5172 21 20 la
1201 5171 110 21 Chambre
1328 5171 38 19 des
1384 5171 132 19 Communes
1530 5175 83 18 eepen-

1106 5197 62 20 dant,
1179 5196 30 19 M.
1219 5195 100 19 Baldwin
1331 5199 13 14 a
1355 5194 86 20 déclaré
1453 5198 41 19 que
1506 5194 37 19 Sir
1554 5194 59 19 John

1105 5221 84 20 Simon,
1201 5219 99 20 ministre
1315 5219 38 19 des
1366 5217 97 19 Affaires
1477 5217 134 22 étrangères;

1107 5248 27 15 ne
1153 5243 83 22 croyait
1251 5246 40 19 pas
1309 5242 79 22 qu'une
1407 5240 57 19 offre
1483 5241 27 19 de
1529 5240 72 20 média-

1107 5269 47 18 tion
1168 5267 27 19 de
1210 5266 36 19 Sir
1258 5265 65 19 Miles
1337 5265 117 21 Lampson,
1470 5264 99 18 ministre
1587 5264 26 18 de

1105 5290 213 21 Grande-Bretagne
1338 5287 14 20 à
1370 5287 75 22 Pékin,
1464 5288 33 19 ait
1516 5287 26 19 de
1562 5287 49 19 bien

1105 5314 93 25 grandes
1211 5313 96 19 chances
1318 5311 26 20 de
1354 5310 88 20 réussir.

1763 3567 79 21 (Voyez
1856 3566 67 20 début
1937 3572 55 18 page
2008 3568 27 20 1.)

1667 3595 121 20 Charleroi.
1808 3595 12 19 3
1842 3595 50 19 mai.
1909 3605 27 4 —
1956 3595 28 19 Le
2007 3596 142 20 malheureux

1641 3619 124 20 Alexandre
1779 3618 92 23 Clamot,
1882 3618 27 20 de
1923 3619 176 23 Pont-de-Loup,
2113 3621 36 22 qui

1642 3643 61 19 avait
1719 3643 36 20 été
1772 3642 79 24 frappé
1867 3642 52 19 d'un
1937 3647 56 20 coup
2011 3643 27 19 de
2056 3645 93 18 couteau

1641 3666 14 21 à
1676 3668 21 18 la
1718 3667 51 21 tête,
1789 3668 35 18 est
1844 3666 84 21 décédé,
1949 3667 106 20 mercredi
2073 3668 75 23 après-

1642 3691 60 22 midi,
1716 3691 15 19 à
1746 3690 99 24 l'hôpital
1859 3690 26 20 de
1900 3690 109 24 Chatelet,
2022 3691 28 20 où
2065 3696 30 15 on
2108 3692 29 19 l'a-

1641 3715 46 19 vait
1702 3714 131 24 transporté.

1641 3773 134 32 ACTIVITÉ
1790 3777 186 28 TERRORISTE
1991 3779 18 25 A
2021 3778 126 27 CHICAGO

1731 3845 41 22 (De
1787 3844 62 19 notre
1864 3844 187 22 correspondant.)

1664 3874 104 22 Londres,
1788 3874 12 19 3
1820 3873 51 21 mal.
1889 3882 26 5 —
1937 3874 54 19 (Par
2010 3873 135 24 téléphone).

1640 3907 24 5 —
1676 3898 30 20 Le
1722 3896 171 24 correspondant
1906 3897 30 20 du
1954 3904 8 10 ■
1971 3897 63 19 News
2050 3898 84 19 Chroni-

1640 3921 31 19 cle
1680 3929 8 10 •
1706 3921 61 20 câble
1784 3921 27 20 de
1826 3921 61 20 New-
1888 3920 60 19 York
1965 3924 41 19 que
2022 3920 32 20 les
2071 3921 63 19 atten-

1640 3945 45 19 tats
1695 3945 14 20 à
1722 3949 67 18 coups
1801 3945 26 20 de
1840 3944 87 20 bombes
1938 3946 40 18 ont
1987 3944 104 20 continué
2104 3948 29 15 au-

1639 3968 111 23 jourd'hui
1760 3972 14 16 a
1785 3968 96 23 Chicago
1891 3967 28 20 où
1930 3967 32 20 les
1971 3967 124 23 explosions
2106 3968 38 19 ont

1640 3993 64 19 causé
1718 3993 28 20 de
1761 3992 81 24 grands
1854 3991 82 23 dégâts.

1665 4017 41 19 Cet
1728 4015 130 25 après-midi
1880 4019 29 15 on
1931 4019 14 14 a
1969 4015 74 22 appris
2066 4015 78 23 qu'une

1639 4040 72 19 bande
1725 4042 26 19 de
1763 4040 121 19 terroristes
1897 4039 59 19 avait
1970 4038 69 19 réussi
2053 4038 14 19 à
2080 4039 52 19 s'em-

1640 4068 64 18 parer
1719 4064 26 21 de
1763 4064 57 19 deux
1837 4063 60 20 cents
1914 4062 56 19 kilos
1988 4062 27 19 de
2032 4062 112 23 dynamite

1640 4088 56 19 dans
1710 4092 31 15 un
1754 4087 67 25 dépôt
1836 4087 26 20 de
1877 4086 22 20 la
1913 4085 56 20 ville.

1663 4112 32 19 La
1710 4112 129 23 population
1854 4110 35 20 fut
1903 4110 58 23 prise
1977 4110 26 20 de
2018 4110 102 24 panique.

1665 4136 36 19 On
1719 4136 49 19 crut
1789 4136 48 19 tout
1854 4133 88 21 d'abord
1964 4133 51 23 qu'il
2036 4132 108 25 s'agissait

1639 4159 27 20 de
1684 4159 105 21 l'activité
1806 4159 26 20 de
1850 4158 54 20 deux
1922 4157 83 19 bandes
2022 4157 79 20 rivales
2117 4158 27 19 de

1640 4183 116 20 fraudeurs
1775 4182 96 22 d'alcool.
1887 4181 58 19 Mais
1962 4185 30 15 on
2011 4181 33 19 dit
2061 4186 25 15 ce
2101 4182 44 19 soir

1639 4207 51 22 qu'il
1708 4208 100 22 s'agirait
1824 4207 26 19 de
1868 4204 103 21 l'activité
1992 4204 52 20 d'un
2064 4210 80 19 groupe

1640 4231 26 19 de
1685 4231 124 19 terroristes
1827 4229 37 25 qui
1881 4228 82 21 semble
1979 4228 76 20 devoir
2073 4230 59 22 conti-

1640 4259 55 14 nuer
1709 4259 36 15 ses
1759 4254 100 20 sinistres
1872 4252 93 23 exploits
1981 4252 86 23 jusqu'à
2082 4252 51 24 épui-

1638 4281 86 17 sement
1742 4279 38 19 des
1797 4276 102 26 explosifs
1916 4275 65 21 volés.

1641 4348 123 26 PUTMAN
1784 4348 54 26 EST
1854 4345 163 28 CONDAMNE
2029 4347 17 25 A
2065 4346 81 27 MORT

1733 4415 41 18 (De
1789 4413 63 19 notre
1865 4412 187 22 correspondant.)

1663 4437 104 20 Londres.
1780 4438 12 18 3
1805 4436 50 20 mai.
1866 4444 26 5 —
1908 4435 53 18 (Par
1971 4435 133 23 téléphone.)
2123 4445 4 3 -

1639 4461 105 20 L'affaire
1756 4462 96 19 Putman
1865 4459 51 19 s'est
1932 4459 105 21 terminée
2053 4459 81 23 aujour-

1639 4485 60 20 d'hui
1714 4489 29 16 au
1757 4483 96 21 tribunal
1864 4483 26 19 de
1904 4481 57 21 l'Old
1975 4483 82 22 Bailey.

1664 4510 90 19 Comme
1764 4513 29 15 on
1801 4508 50 21 sait,
1860 4505 96 20 Putman
1964 4507 35 18 est
2009 4507 77 19 accusé
2097 4507 35 19 d'a-

1639 4533 47 19 voir
1696 4533 38 19 tué
1744 4536 27 15 sa
1781 4532 68 21 tante,
1861 4530 58 19 Mme
1932 4529 98 24 Stanley,
2039 4530 105 20 habitant

1639 4561 31 15 un
1685 4557 154 23 appartement
1854 4553 26 20 de
1894 4552 23 19 la
1931 4552 131 21 Blackstock
2076 4554 68 20 Road,

1637 4580 15 20 à
1664 4580 104 20 Londres.

1663 4604 77 20 Arrêté
1760 4607 41 20 par
1821 4602 23 19 la
1864 4599 74 25 police,
1960 4600 98 20 Putman
2080 4601 63 23 après

1638 4628 103 24 quolques
1755 4628 78 19 heures
1849 4624 194 23 d'interrogatoire,
2056 4624 29 21 fit
2101 4629 42 15 une

1639 4652 135 20 déclaration
1786 4649 50 25 qu'il
1845 4648 68 23 signa.

1663 4677 62 18 Dans
1736 4675 57 20 cette
1804 4671 140 22 déclaration,
1954 4671 15 20 il
1981 4672 92 19 raconta
2083 4675 47 16 com-

1638 4700 62 19 ment
1714 4698 15 20 il
1743 4697 71 21 rendit
1828 4696 62 19 visite
1903 4693 14 20 â
1930 4698 25 15 sa
1969 4696 68 18 tante.
2052 4695 90 20 Celle-ci

1637 4723 32 20 lui
1685 4723 72 19 aurait
1772 4721 42 20 fait
1832 4720 37 20 des
1885 4718 115 23 reproches
2018 4721 21 17 et
2058 4719 85 20 bientôt

1638 4751 42 15 une
1699 4745 93 25 querelle
1810 4743 72 21 aurait
1899 4741 69 20 éclaLj
1987 4746 29 15 au
2034 4746 63 16 cours
2116 4743 26 19 de

1638 4771 98 20 ii-.3U.nU}.
1752 4767 95 25 jierdant
1864 4765 48 20 tout
1928 4765 99 21 contrôle
2043 4770 39 15 sur
2099 4766 43 19 lui-

1638 4794 69 19 même
1725 4793 15 19 il
1755 4792 73 20 aurait
1838 4789 107 21 assommé
1958 4793 25 15 sa
1997 4790 70 19 tante.

1661 4817 120 21 Toutefois,
1795 4816 13 20 à
1823 4815 22 19 la
1861 4812 105 25 première
1982 4813 106 20 audience
2103 4813 26 19 de-

1637 4841 53 19 vant
1704 4842 20 19 le
1739 4838 96 22 tribunal
1848 4837 26 20 de
1889 4836 57 20 l'Old
1959 4836 76 25 Bailey
2049 4836 93 21 l'accusé

1637 4865 33 20 dit
1687 4868 41 20 que
1749 4864 57 19 cette
1824 4860 134 22 déclaration
1990 4860 78 19 n'était
2102 4864 40 19 pas

1637 4888 66 19 vraie.
1717 4888 18 20 Il
1749 4887 60 20 avait
1822 4885 42 20 fait
1877 4883 86 21 celle-ci
1977 4887 65 19 parce
2057 4888 40 19 que
2111 4884 30 18 les

1637 4903 118 29 diiectives
1767 4911 31 18 lui
1811 4907 87 22 avaient
1911 4907 81 23 promis
2005 4911 40 19 que
2056 4906 20 21 le
2089 4911 52 16 nom

1637 4936 27 19 de
1674 4939 26 15 sa
1713 4934 127 21 belle-sceur
1854 4936 27 15 ne
1893 4931 69 19 serait
1977 4934 40 19 pas
2031 4931 99 19 mention-

1637 4958 34 20 né.
1683 4958 19 20 Il
1714 4958 60 19 avait
1787 4956 64 20 voulu
1861 4955 83 20 donner
1956 4953 94 24 l'emploi
2063 4954 26 19 de
2100 4958 40 15 son

1636 4985 72 20 temps
1724 4981 99 24 pendant
1837 4979 20 19 le
1873 4978 50 23 jour
1937 4977 30 19 du
1983 4979 102 17 meurtre.
2101 4977 27 19 Se-

1636 5006 38 19 lon
1683 5000 38 26 "lui.
1734 5005 16 19 11
1761 5004 69 20 «serait
1842 5001 57 22 resté
1910 5005 51 15 av«c
1974 5005 26 15 sa
2014 5000 127 20 belle-sœur

1636 5033 53 16 avec
1701 5028 92 24 laquelle
1805 5027 15 20 il
1832 5024 134 22 entretenait
1979 5024 96 19 certains
2088 5027 41 19 rap-

1636 5054 61 22 ports
1711 5052 13 19 à
1739 5052 65 19 l'insu
1819 5051 30 19 du
1863 5048 62 21 mari.

1660 5076 102 20 L'avocat
1780 5075 28 19 de
1827 5071 90 22 l'accusé
1937 5071 87 19 montra
2043 5074 41 20 que
2103 5075 36 15 ce-

1636 5099 64 19 'ul-ci
1711 5099 82 19 n'avait
1808 5101 73 16 aucun
1894 5094 78 21 mobile
1987 5098 56 19 peur
2055 5095 50 18 tuer
2114 5098 26 15 sa

1636 5124 62 18 tante
1713 5124 24 18 et
1753 5126 41 20 que
1808 5122 20 18 sl
1844 5124 30 16 on
1889 5118 125 20 découvrait
2031 5117 55 20 celui
2103 5119 36 21 qui

1636 5147 60 19 avait
1710 5145 47 20 volé
1767 5146 32 18 les
1811 5146 51 18 cent
1874 5143 118 22 cinquante
2005 5142 65 19 livres
2082 5141 57 19 ster-

1636 5174 46 18 ung
1696 5169 150 23 appartenant
1863 5167 14 20 &
1894 5166 22 19 la
1934 5165 87 19 victime
2050 5166 24 17 et
2102 5168 37 18 qui

1636 5194 89 18 avaient
1745 5193 90 22 disparu
1855 5191 20 18 le
1895 5189 51 23 Jour
1966 5189 30 20 du
2016 5187 74 23 crime,
2110 5192 29 15 on

1635 5216 134 20 connaîtrait
1782 5215 20 19 le
1819 5213 112 25 coupable.

1660 5239 68 23 Après
1742 5240 20 18 le
1774 5238 85 20 résumé
1873 5235 150 23 récapitulatif
2038 5235 29 19 du
2082 5234 57 23 juge.

1635 5262 20 19 le
1671 5263 50 21 jury
1737 5262 72 18 rendit
1827 5266 30 14 un
1873 5259 82 20 verdict
1971 5259 27 19 de
2014 5258 125 23 culpabilité

1635 5288 75 17 contre
1727 5286 102 20 Putman,
1858 5284 37 23 qui
1920 5283 37 19 fut
1984 5281 124 21 condamné
2125 5281 14 19 à

1635 5309 64 19 mort.

2155 236 500 72 L/ACADÉMIE

2189 333 204 46 DECERNE
2414 333 76 45 SES
2511 333 106 45 PRIX

2169 427 95 30 CETTE
2286 423 163 34 SOLENNITÉ
2468 429 20 27 A
2509 428 38 28 EU
2568 428 66 29 LIEU

2187 471 43 29 AU
2250 472 107 29 PALAIS
2376 472 55 29 DES
2446 464 175 36 ACADÉMIES

2298 515 38 29 EN
2360 508 151 36 PRÉSENCE

2244 558 41 29 DU
2305 558 107 30 PRINCE
2430 551 136 37 LÉOPOLD

2178 623 106 19 Mercredi
2299 624 129 22 après-midi
2441 628 13 15 a
2469 628 27 16 eu
2511 624 49 21 lieu,
2574 628 28 15 au
2615 624 31 18 Pa-

2153 647 41 19 lais
2213 648 37 19 des
2270 647 133 21 Académies,
2422 648 22 19 la
2459 648 79 19 séance
2558 648 100 22 publique

2154 671 102 19 annuelle
2272 671 27 20 de
2314 671 23 19 la
2353 672 69 18 classe
2437 671 39 20 des
2492 672 76 18 lettres
2584 674 23 17 et
2622 672 38 18 des

2152 695 97 18 sciences
2265 694 93 19 morales
2374 697 23 17 et
2414 695 115 23 politiques
2546 695 26 20 de
2589 695 58 19 l'Aca-

2154 718 70 19 démie
2238 718 26 19 de
2278 718 109 23 Belgique.

2179 742 29 19 Le
2222 742 73 23 prince
2309 742 93 23 Léopold
2416 743 96 19 assistait
2526 744 14 20 à
2554 744 56 18 cette
2624 743 24 19 cé-

2154 765 102 20 rémonie.
2275 766 19 19 Il
2312 766 56 19 était
2387 766 146 23 accompagné
2551 766 29 20 du
2600 770 48 15 com-

2155 789 108 19 mandant
2280 793 44 15 van
2345 789 42 19 den
2408 790 88 22 Heuvel,
2516 794 41 16 son
2574 790 85 19 officier

2155 813 168 19 d'ordonnance.

2180 836 28 19 Le
2222 837 41 19 duc
2276 837 26 19 de
2315 837 99 19 Brabant
2428 837 35 20 fut
2476 842 57 18 reçu,
2544 838 13 19 â
2570 842 40 16 son
2625 842 24 15 ar-

2156 860 56 19 rivée
2229 864 40 19 par
2283 862 29 18 M.
2328 861 68 18 Emile
2412 861 155 23 Vandervelde,
2584 862 64 19 minis-

2156 886 33 16 tre
2202 879 79 26 d'État,
2293 884 108 20 directeur
2413 885 27 19 de
2452 885 21 19 la
2487 885 68 19 classe
2569 886 37 19 des
2619 885 31 20 let-

2157 908 49 21 tres,
2224 909 28 18 M.
2271 908 57 19 Léon
2348 909 101 21 Crismer,
2468 909 109 19 directeur
2593 909 28 19 de
2640 909 20 19 la

2156 931 68 20 clisse
2245 931 38 20 des
2302 932 105 23 sciences;
2430 934 29 18 M.
2477 932 72 23 Bidcz,
2568 933 81 19 vice-di-

2156 956 85 18 recteur
2255 955 27 20 de
2297 956 21 19 la
2333 956 68 20 classe
2416 957 37 19 des
2467 956 84 23 lettres;
2568 958 30 19 M.
2612 957 49 19 Pel-

2155 983 83 16 seneer.
2251 980 116 18 secrétaire
2381 980 118 23 perpétuel.

2183 1002 59 20 Dans
2256 1004 18 18 la
2286 1003 53 19 salle
2352 1004 37 19 des
2399 1004 97 21 séances,
2507 1009 43 14 aux
2563 1004 58 20 côtés
2633 1005 28 19 du

2158 1026 73 24 prince
2245 1027 99 22 Léop:ild,
2359 1030 107 19 prennent
2482 1028 61 22 place
2558 1028 19 19 le
2592 1031 70 16 comte

2157 1051 83 18 Carton
2257 1051 27 18 de
2305 1051 75 22 Wiart,
2401 1052 99 19 ministre
2521 1052 26 20 de
2568 1052 21 19 la
2610 1053 40 18 Pré-

2158 1078 94 17 voyance
2271 1074 89 22 sociale;
2383 1075 19 19 le
2423 1075 68 19 baron
2511 1076 90 22 Beyens,
2622 1080 29 15 an-

2158 1097 48 19 cien
2221 1098 98 19 ministre
2336 1098 27 19 de
2380 1098 102 23 Belgique
2500 1099 13 20 à
2529 1099 84 22 Berlin;
2632 1099 31 20 les

2157 1121 136 23 professeurs
2309 1123 79 18 Ernest
2406 1123 106 21 Mahaim.
2529 1122 93 20 Pirenne
2641 1125 22 17 et

2158 1145 120 22 Wilmotte;
2294 1146 29 19 M.
2336 1146 111 22 Bogaerts.
2457 1147 86 19 recteur
2556 1147 25 19 dc
2594 1147 57 20 l'Uni-

2159 1169 78 19 versité
2254 1169 26 18 de
2297 1169 120 22 Bruxelles;
2437 1171 29 18 M.
2483 1170 31 19 De
2532 1170 65 21 Veen.
2614 1173 38 20 pré-

2158 1192 74 21 sident
2252 1193 26 18 de
2299 1193 22 19 la
2350 1193 58 19 Cour
2429 1193 38 19 des
2499 1194 111 23 Comptes;
2634 1195 30 18 les

2159 1216 96 22 peintres
2270 1216 57 19 Jean
2342 1216 91 20 Delvflle
2448 1218 23 18 et
2485 1217 19 19 le
2521 1216 68 20 baron
2606 1217 58 20 Léon

2159 1239 108 22 Frédéric;
2286 1239 20 20 le
2334 1240 112 23 sculpteur
2474 1241 72 19 Pierre
2562 1241 103 22 Braccke.

2160 1265 46 20 etc.,
2219 1264 41 18 etc.

2184 1287 29 20 Le
2235 1291 136 19 programme
2392 1287 26 20 de
2436 1288 21 18 la
2478 1288 108 20 solennité
2606 1293 47 15 com-

2160 1310 82 23 portait
2253 1314 31 16 un
2296 1310 97 20 discours
2405 1311 26 19 de
2443 1311 30 20 M.
2486 1311 67 19 Emile
2566 1312 88 19 Vander-

2161 1334 67 20 velde,
2244 1334 109 19 directeur
2366 1334 26 19 de
2408 1334 22 19 la
2446 1334 68 20 classe
2531 1335 38 19 des
2585 1335 81 21 lettres,

2160 1362 38 14 sur
2211 1366 7 7 -■
2231 1358 28 18 Le
2271 1357 80 21 régime
2362 1358 168 22 parlementaire
2542 1360 22 19 et
2576 1363 34 15 ses
2622 1359 33 19 dif-

2161 1381 87 20 ficultés
2264 1389 16 12 ».

2186 1405 32 18 Kn
2232 1404 112 23 débutant,
2355 1405 102 20 l'orateur
2469 1405 60 24 parle
2543 1406 25 19 dc
2581 1406 21 19 la
2617 1407 37 18 fon-

2162 1428 75 19 dation
2255 1429 28 18 du
2303 1433 103 18 royaume
2426 1429 25 19 de
2471 1429 110 23 Belgique,
2599 1429 27 21 de
2645 1430 21 19 la

2162 1452 149 20 Constitution
2333 1453 22 19 et
2388 1453 38 19 des
2460 1453 103 19 premiers
2585 1454 70 19 consti-

2163 1476 82 19 tuants.

2187 1500 66 20 Notre
2271 1500 149 20 Constitution
2437 1501 35 19 fut
2488 1505 60 15 assez
2565 1501 103 23 critiquée

2163 1528 28 15 au
2218 1523 72 20 début.
2318 1523 94 22 Léopold
2441 1524 29 20 I"
2498 1524 113 20 lui-même
2641 1529 27 16 ne

2163 1547 83 22 croyait
2258 1551 39 19 pas
2310 1548 74 22 qu'elle
2395 1548 40 23 pût
2447 1548 87 20 résister
2546 1548 123 24 longtemps

2164 1571 13 20 à
2193 1571 113 23 l'épreuve.

2183 1601 23 15 La
2220 1601 84 19 Dcl^lqiic
2318 1604 10 12 n
2342 1601 43 16 duré
2398 1602 101 18 cop?ndant
2513 1603 18 15 et
2543 1602 17 16 t;«
2574 1604 93 16 Con.".tltu-

2163 1624 38 17 tlon
2221 1624 50 20 belgo
2289 1624 54 17 aussi.
2365 1625 37 17 Elle
2423 1627 30 15 n'«i
2475 1626 44 19 r.ubl,
2541 1627 81 19 pendant
2643 1630 24 13 un

2164 1648 56 18 sipolf,
2238 1652 33 15 rjuc
2287 1649 31 16 des
2334 1649 94 17 retouches
2444 1651 119 17 secondaires,
2580 1652 41 15 sauf
2637 1655 31 12 sur

2164 1675 23 14 un
2202 1672 56 20 point,
2273 1672 91 17 d'ailleurs
2378 1673 125 19 fondamental
2518 1679 5 12 :
2537 1675 16 15 l\*
2567 1675 65 18 rïï-.mc
2647 1676 21 16 de

2163 1697 105 15 i'rl'.'dorr.t.

2184 1721 28 15 On
2226 1720 82 20 pourrait
2321 1722 104 18 s'Imaginer
2438 1726 33 15 que
2484 1723 148 17 l'établisscmsnt
2645 1725 23 15 du

2164 1744 82 20 suffrage
2264 1746 90 15 universel
2372 1750 10 12 a
2401 1746 73 16 modlïlii
2493 1747 16 16 le
2527 1748 64 16 niveau
2611 1748 21 16 de
2650 1748 19 16 la

2164 1769 95 16 Chambre.

2184 1792 47 16 Tout
2245 1792 114 19 récemment,
2373 1793 16 16 le
2403 1794 20 16 24
2436 1794 66 16 lévrier
2516 1795 44 18 1033,
2574 1795 24 17 M.
2613 1796 56 16 Henri

2164 1817 77 18 Slmons.
2257 1818 78 18 premier
2351 1818 91 19 président
2459 1819 21 15 de
2495 1818 19 17 la
2530 1819 46 17 Cour
2592 1820 77 19 d'appel,

2165 1840 96 19 répondait
2275 1844 22 13 en
2312 1844 29 13 ces
2356 1841 66 17 termes
2434 1842 11 16 ft
2459 1846 45 12 ceux
2517 1845 31 16 qui
2562 1844 107 18 reprochent

2165 1867 35 12 aux
2228 1864 111 19 parlements
2366 1866 47 16 Issus
2430 1866 24 16 du
2481 1866 82 19 suffrage
2581 1867 89 16 universel

2165 1887 56 17 d'être
2237 1889 71 18 Inaptes
2323 1889 11 15 à
2348 1889 18 16 la
2381 1890 104 16 confection
2500 1891 31 16 des
2546 1891 33 16 lois
2595 1895 5 12 :

2186 1916 9 9 *
2209 1912 21 15 Je
2241 1915 22 13 nc
2277 1913 76 18 partage
2368 1917 33 15 pas
2414 1915 47 15 cette
2474 1914 75 18 opinion
2563 1915 107 19 pessimiste.

2165 1935 59 16 Grâce
2240 1936 11 15 k
2268 1936 84 19 quelques
2370 1937 148 19 parlementaires
2535 1940 18 14 et
2570 1939 67 19 malgré
2652 1939 18 16 la

2165 1959 128 19 complication
2312 1960 31 17 des
2363 1961 98 16 situations
2480 1962 11 15 ft
2510 1962 124 18 réglementer,
2653 1963 18 19 je

2166 1986 22 12 ne
2204 1986 54 15 pense
2275 1987 32 15 pas
2323 1987 39 16 que.
2379 1985 53 16 d'une
2449 1985 80 17 manière
2545 1986 89 19 générale,
2647 1990 24 13 on

2166 2007 59 18 puisse
2245 2007 84 17 affirmer
2346 2008 115 17 l'infériorité
2480 2010 31 16 des
2529 2010 34 16 lois
2582 2011 88 18 récentes;

2166 2031 43 16 elles
2225 2033 112 17 provoquent
2355 2033 58 16 certes
2430 2034 31 15 des
2478 2034 101 16 difficultés
2596 2035 75 16 d'inter-

2167 2054 97 20 préUtlon,
2280 2057 44 15 cest
2340 2057 85 18 entendu,
2437 2058 47 15 mais
2499 2062 23 12 en
2538 2058 52 16 a-t-il
2605 2059 67 18 Jamais

2166 2078 29 16 tté
2214 2080 108 17 autrement.
2342 2081 143 18 Rappe.es-vous
2503 2082 26 15 les
2547 2085 125 14 controverses

2167 2103 103 18 auxquelles
2281 2105 33 15 ont
2326 2104 60 16 donné
2398 2105 36 16 lieu
2446 2107 42 14 tant
2501 2106 92 16 d'articles
2605 2107 22 15 de
2639 2109 33 14 nos

2166 2126 60 16 codes:
2246 2131 136 15 rappe.ez-vous
2399 2130 72 15 surtout
2488 2129 26 17 les
2531 2130 100 16 obscurités
2649 2131 23 16 du

2167 2151 43 15 code
2221 2151 128 17 d'Instruction
2364 2153 105 16 crimlneUe.
2484 2158 10 10 »

2187 2175 29 15 On
2236 2175 84 16 i/cusera
2340 2176 126 17 malaisément
2486 2181 26 13 un
2531 2179 57 18 pareil
2609 2179 54 16 témoi-

2167 2202 58 14 gnage
2239 2200 24 16 et.
2278 2203 67 13 somme
2360 2200 56 19 tm?e,
2430 2201 13 16 11
2457 2203 27 14 est
2499 2203 66 18 permis
2579 2203 22 15 de
2615 2204 57 15 croire

2167 2223 54 18 qu'au
2237 2223 51 19 point
2302 2224 23 16 de
2339 2228 33 12 vue
2387 2225 31 16 des
2433 2226 74 17 talents,
2518 2226 23 16 de
2555 2226 118 20 l'expérience

2167 2246 22 16 de
2205 2246 18 16 la
2240 2248 82 18 capacité
2349 2249 87 18 pclitlqu*
2452 2250 22 15 de
2490 2253 29 12 ses
2546 2251 93 18 membres,
2657 2252 16 15 le

2168 2271 103 16 Parlement
2287 2272 136 18 d'aujourd'hui
2440 2276 85 17 supporte
2543 2275 37 15 fort
2597 2275 42 17 bien
2655 2275 19 16 la

2168 2296 126 17 comparaison
2308 2299 42 13 avec
2362 2300 28 12 ïcs
2404 2297 56 16 aines.

2188 2319 28 15 On
2230 2322 19 12 se
2262 2318 59 20 plaint
2334 2320 111 17 «nmèrement
2458 2321 22 16 de
2492 2321 139 18 l'absentéisme.
2644 2324 29 16 On

2168 2342 80 16 dénonce
2264 2343 25 16 les
2304 2343 80 17 lenteurs
2399 2346 22 15 de
2434 2345 75 17 l'action
2524 2346 105 19 législative.
2645 2348 28 16 O.t

2169 2369 18 13 *■<!
2201 2368 71 14 montre
2285 2368 91 18 sceptique
2390 2372 31 12 sur
2434 2373 20 12 ce
2468 2370 63 18 qu'elle
2543 2371 42 18 peut
2598 2371 75 16 donner.

2168 2390 28 16 On
2212 2394 18 12 se
2244 2391 88 16 demande
2347 2392 16 16 si
2377 2392 26 16 les
2419 2398 8 10 «
2442 2393 137 19 représentants
2591 2394 24 17 du
2629 2398 34 16 peu-

2169 2414 28 18 ple
2212 2419 9 9 »
2235 2415 94 16 montrent
2343 2419 50 13 assez
2407 2417 22 15 de
2443 2417 37 16 zèle
2494 2418 46 16 dans
2554 2418 110 20 l'accomplis-

2169 2440 70 15 sement
2254 2439 24 16 du
2294 2440 77 15 mandat
2386 2441 31 18 qui
2432 2440 40 17 leur
2488 2445 11 12 a
2512 2441 29 16 été
2556 2443 78 16 conréré.
2651 2444 23 16 Et

2168 2465 23 12 en
2207 2462 41 17 fait,
2265 2463 12 15 il
2294 2463 41 16 faut
2351 2463 41 16 bien
2407 2464 17 16 le
2440 2465 44 17 dire,
2500 2468 45 16 pour
2557 2466 32 19 qui
2603 2467 39 15 volt
2658 2466 16 17 le

2169 2486 108 19 Parlement,
2299 2490 25 12 un
2346 2487 103 17 Parlement
2469 2489 116 19 quelconque,
2603 2493 34 16 par
2657 2490 17 17 le

2169 2509 71 18 dehors,
2257 2510 16 16 le
2290 2511 89 18 spectacle
2396 2512 43 18 qu'il
2456 2512 47 17 offre
2520 2514 47 15 n'est
2584 2518 33 14 pas
2633 2515 32 15 tou-

2169 2533 50 18 jours
2234 2534 22 16 de
2270 2535 66 15 nature
2351 2535 11 15 ft
2376 2535 96 17 rehausser
2486 2540 33 12 son
2534 2538 84 19 prestige.

2195 2563 112 20 L'orateur
2317 2565 100 22 poursuit
2428 2569 40 16 son
2480 2565 112 24 plaidoyer
2600 2571 29 15 en
2641 2567 24 20 fa-

2170 2591 53 15 veur
2242 2587 29 20 du
2291 2588 203 23 parlementarisme
2514 2590 45 20 issu
2580 2590 29 21 du
2627 2592 38 19 suf-

2171 2610 62 23 frage
2248 2611 115 20 universel.

2190 2640 23 16 Le
2233 2644 60 13 revers
2313 2641 22 16 de
2354 2642 18 15 la
2393 2642 89 18 médaille,
2501 2643 56 18 dit-11.
2577 2645 44 15 c'est
2642 2648 34 16 que

2170 2664 99 18 r«.-quil!bre
2283 2665 83 18 instable,
2380 2666 24 16 où
2418 2670 18 12 se
2449 2668 86 15 trouvent
2548 2668 127 17 actuellement

2170 2688 25 15 les
2214 2688 59 17 forces
2301 2689 102 19 politiques,
2420 2691 37 15 met
2485 2691 46 16 dans
2548 2695 36 13 une
2601 2692 75 16 lumière

2170 2715 42 12 crue
2224 2712 86 17 l'énorme
2320 2713 100 16 différence
2432 2715 31 17 qui
2475 2714 66 17 résulte
2554 2715 21 16 de
2586 2716 90 16 l'absence

2170 2735 21 15 d*
2208 2736 86 18 majorité
2311 2737 58 17 réelle,
2387 2738 23 15 de
2425 2738 147 19 l'hétérogénéité
2585 2741 19 14 et
2620 2740 23 16 de
2658 2740 19 16 la

2171 2759 81 18 fragilité
2267 2760 31 16 des
2312 2761 97 16 coalitions
2422 2763 186 17 gouvernementales.

2191 2783 47 16 Mais
2255 2788 29 12 ces
2300 2784 98 17 faiblesses,
2416 2789 29 12 ees
2462 2787 123 18 incertitudes,
2602 2789 30 18 qui
2647 2788 20 16 ré

2171 2807 74 18 sultent.
2259 2812 22 12 en
2295 2809 82 16 dernière
2391 2810 79 19 analyse,
2485 2811 21 15 de
2519 2811 90 16 l'absence
2622 2813 54 15 d'une

2171 2832 85 18 majorité
2277 2836 44 12 sans
2338 2833 86 18 lézardes,
2445 2835 64 17 est-ce,
2531 2839 23 12 en
2576 2836 61 16 vérité,

2171 2855 66 18 régime
2256 2857 145 18 parlementaire.
2420 2858 16 15 !e
2455 2858 66 19 régime
2541 2859 92 19 représent

2170 2880 31 18 qu!
2215 2883 23 13 en
2252 2882 27 14 est
2294 2882 116 17 responsable
2418 2882 9 15 ?

2191 2904 73 16 N'est-11
2279 2908 33 15 pas
2328 2905 77 20 évident,
2422 2910 24 12 au
2460 2908 97 17 contraire,
2573 2911 34 16 que
2623 2909 16 16 sl
2653 2912 23 13 en

2171 2928 83 18 Belgique
2267 2932 68 13 comme
2349 2930 79 17 ailleurs.
2442 2930 13 16 H
2468 2932 30 17 n'y
2511 2935 12 12 a
2536 2935 33 15 pas
2581 2932 22 16 de
2616 2933 50 18 majo-

2171 2952 35 15 rité
2220 2952 47 16 dans
2281 2953 27 15 les
2322 2954 117 16 Parlements,
2455 2955 44 15 c'est
2515 2955 43 18 qu'il
2573 2957 30 17 n'y
2619 2960 11 12 a
2641 2960 34 15 pas

2171 2979 21 13 eu
2207 2976 22 16 de
2243 2976 90 19 majorité,
2348 2977 22 16 de
2384 2978 85 18 majorité
2483 2978 59 19 réelle,
2558 2981 58 17 parmi
2631 2984 44 13 ceux

2171 3000 30 19 qui
2214 3000 25 16 les
2251 3000 65 17 élisent
2324 3002 9 14 ?

2191 3024 29 16 Un
2233 3028 34 15 peu
2281 3026 80 18 partout,
2374 3026 10 16 ft
2398 3026 68 16 l'heure
2480 3027 81 18 actuelle,
2575 3031 24 13 on
2612 3032 22 13 en
2647 3029 28 16 est

2172 3051 23 13 au
2212 3049 51 18 point
2280 3052 54 13 mon.
2351 3050 33 15 Le*
2402 3050 58 16 forces
2477 3051 22 15 de
2516 3053 127 16 conservation
2656 3054 20 15 et

2171 3072 21 16 de
2205 3072 101 17 révolution
2319 3076 19 13 se
2350 3073 103 17 balancent.
2466 3076 23 16 Le
2502 3078 45 16 pays
2558 3075 85 17 électoral
2656 3080 19 12 se

2171 3096 56 16 divise
2246 3100 22 13 en
2287 3097 47 16 deux
2354 3097 89 17 fractions
2463 3099 128 17 sensiblement
2610 3100 65 19 égales.

2171 3121 24 15 Ce
2207 3121 41 15 sont
2263 3121 26 16 les
2304 3125 10 11 «
2328 3122 94 16 mitle.UTer
2437 3127 15 12 •.
2465 3122 27 16 les
2507 3128 9 9 «
2531 3123 87 17 éléments
2631 3124 34 16 flot-

2172 3146 50 15 tants
2237 3150 14 13 »,
2265 3145 31 18 qui
2309 3145 88 17 décident.
2411 3147 129 18 Evidemment,
2554 3147 38 16 cela
2606 3151 22 13 ne
2641 3148 24 16 du-

2172 3172 40 12 rera
2233 3172 32 15 pas
2285 3169 88 18 toujours.
2392 3171 35 15 Des
2447 3171 99 16 tendances
2566 3172 110 19 principales

2171 3193 30 18 qui
2218 3193 124 18 s'affrontent,
2358 3193 48 17 l'une
2421 3197 23 13 ou
2460 3195 71 18 l'autre,
2547 3195 12 15 i
2573 3195 19 16 la
2604 3195 70 20 longue,

2172 3216 56 16 finira
2244 3220 33 15 par
2290 3217 109 19 l'emporter.
2414 3218 47 16 Mais
2476 3222 22 12 en
2513 3219 104 18 attendant,
2633 3220 42 16 elles

2172 3241 41 16 sont
2228 3240 101 20 également
2348 3242 127 18 impuissantes
2495 3243 11 15 ft
2525 3243 100 18 engendrer
2644 3244 32 16 des

2172 3269 9 10 «
2196 3266 149 17 gouvernements
2357 3266 47 16 forts
2419 3271 15 11 ».

2192 3289 14 15 A
2224 3289 49 16 cette
2293 3290 89 15 situation
2401 3290 148 19 caractéristique
2570 3291 53 17 d'une
2644 3292 22 19 pé-

2172 3313 49 15 riode
2237 3313 22 16 de
2275 3313 104 18 transition,
2396 3314 36 16 l'on
2448 3314 76 16 cherche
2541 3315 31 16 des
2589 3315 85 18 remèdes,

2172 3336 39 19 plus
2226 3337 90 18 peut-être
2332 3338 59 18 parmi
2407 3341 44 13 ceux
2466 3339 31 17 qui
2511 3340 117 17 gouvernent,
2645 3340 30 18 qui

2172 3361 110 17 gouvernent
2296 3364 69 13 encore,
2383 3364 34 16 que
2434 3363 58 17 parmi
2508 3362 27 16 les
2551 3363 99 19 gouvernés
2669 3368 5 12 :

2171 3385 71 15 ceux-ci
2258 3385 32 16 ont
2308 3385 22 16 de
2347 3386 42 18 trop
2405 3385 68 17 bonnes
2490 3386 76 18 raisons,
2584 3391 33 14 par
2634 3387 41 16 delà

2170 3408 27 16 les
2210 3408 102 18 frontières,
2326 3412 45 16 pour
2385 3412 23 13 ne
2420 3413 35 15 pas
2468 3410 68 16 oublier
2549 3410 19 16 la
2582 3411 48 16 fable
2643 3412 32 16 des

2170 3432 108 18 grenouilles
2293 3433 112 17 demandant
2419 3436 26 13 un
2459 3434 33 16 roi.

2191 3456 57 16 D'une
2268 3456 80 16 manlîre
2368 3456 88 19 générale,
2476 3458 99 18 d'ailleurs.
2595 3459 13 16 JI
2627 3461 48 15 n'est

2171 3483 32 16 pas
2215 3481 88 17 question,
2315 3481 43 15 chez
2369 3484 51 14 nous,
2433 3481 42 16 sauf
2487 3481 45 17 dans
2544 3482 85 19 quelques
2641 3484 24 15 mi-

2169 3504 49 16 lieux
2245 3505 129 18 excentriques,
2392 3505 22 16 de
2441 3505 67 19 l'appel
2523 3509 23 12 au
2563 3506 70 19 Soldat,
2651 3511 24 12 au

2170 3528 66 16 Maître
2249 3531 23 13 en
2285 3528 79 17 chemise
2377 3529 56 17 noire,
2446 3532 24 13 en
2483 3529 78 17 chemise
2574 3531 64 17 brune,
2651 3535 23 12 ou

2170 3560 21 4 —
2203 3555 32 13 car
2248 3551 13 16 11
2274 3555 12 15 j
2301 3555 11 13 a
2324 3552 66 16 l'autre
2405 3552 109 17 alternative
2527 3562 21 4 —
2561 3557 23 13 en
2595 3555 79 16 chemise

2170 3579 59 15 rouge.

2194 3606 30 18 M.
2240 3605 155 21 Vandervelde.
2410 3606 64 23 après
2487 3606 63 20 s'être
2567 3610 79 21 opposé
2662 3611 14 16 a

2170 3630 60 19 toute
2245 3629 114 21 dictature,
2372 3629 86 21 déclare
2476 3635 6 15 :

2189 3659 48 16 Nous
2248 3662 46 13 nous
2307 3660 99 18 garderons
2419 3660 22 16 de
2455 3660 71 19 prédire
2539 3665 20 13 ce
2573 3665 39 16 que.
2627 3663 47 16 dans

2169 3687 24 12 un
2209 3683 52 16 ordre
2276 3687 87 15 nouveau,
2379 3684 98 16 deviendra
2492 3685 17 16 le
2524 3686 140 18 parlementaris-

2168 3710 33 15 me,
2218 3707 17 16 le
2252 3707 66 19 régime
2336 3708 158 18 gouvernemental
2511 3709 22 16 de
2549 3709 19 16 la
2584 3710 79 17 délibéra-

2168 3731 38 16 tion
2221 3732 18 15 et
2254 3731 22 16 de
2291 3731 19 16 la
2324 3731 106 17 discussion.
2446 3732 47 16 Sans
2508 3733 54 16 doute
2577 3734 51 16 est-Il
2640 3738 24 16 Ap-

2168 3755 38 19 pelé
2223 3755 11 15 ft
2252 3755 50 16 subir
2319 3755 31 16 des
2378 3756 163 17 transformations
2570 3759 103 18 profondes,

2167 3779 46 16 mais
2227 3782 36 12 une
2277 3779 54 16 chose
2346 3780 28 15 est
2388 3780 87 18 certaine,
2491 3781 44 16 c'est
2550 3782 42 18 qu'A
2604 3782 69 17 l'heure

2168 3802 87 19 présente,
2272 3806 33 13 son
2321 3803 135 17 effondrement
2473 3805 110 18 signifierait
2598 3806 17 16 le
2632 3807 32 15 des-

2167 3826 122 16 saisissement
2304 3827 21 15 de
2339 3827 18 15 la
2372 3828 70 17 nation,
2455 3828 150 18 i'erfondrement
2618 3830 22 17 de
2654 3830 18 16 la

2167 3849 62 17 liberté
2248 3850 92 19 politique.
2357 3851 26 16 En
2401 3851 17 16 le
2437 3851 101 17 défendant
2557 3853 68 19 malgré
2644 3857 29 14 ses

2166 3873 49 16 côtés
2229 3873 71 19 faibles,
2314 3874 68 19 malgré
2398 3879 20 12 ce
2432 3876 43 18 qu'il
2490 3880 11 12 a
2516 3877 106 19 d'inadapté
2637 3881 35 13 aux

2166 3897 102 17 conditions
2286 3898 92 17 nouvelles
2413 3899 21 16 de
2453 3900 18 15 la
2489 3900 28 16 vie
2536 3901 71 18 sociale,
2626 3905 46 13 nous

2167 3924 55 13 avons
2238 3922 104 16 conscience
2359 3923 21 15 de
2397 3923 86 17 défendre
2495 3924 19 16 la
2529 3925 64 16 liberté
2609 3926 62 16 méme.

2165 3945 30 17 Or.
2212 3945 56 16 lutter
2285 3949 45 15 pour
2345 3946 39 18 eîle,
2401 3946 47 18 dans
2462 3947 17 17 le
2494 3948 65 16 monde
2576 3949 96 19 chaotique

2166 3968 23 16 cù.
2202 3972 45 13 nous
2260 3970 68 18 vivons,
2342 3970 44 17 c'est
2398 3970 19 16 la
2430 3971 54 16 tftche
2498 3972 121 19 primordiale.
2634 3973 38 18 Que

2166 3993 36 15 l'on
2217 3996 18 13 se
2246 3993 98 17 souvienne
2359 3995 24 15 du
2397 3996 38 15 mot
2449 3995 22 16 de
2485 3996 66 16 Oceth3
2567 4000 6 12 :
2588 4001 9 10 t
2612 3997 60 16 Celul-

2166 4016 17 16 l\
2201 4016 38 17 seul
2258 4018 27 15 est
2303 4017 54 19 d&ne
2374 4018 22 16 de
2413 4018 19 17 la
2450 4019 64 16 liberté
2531 4021 19 15 et
2568 4020 22 16 de
2607 4020 19 16 la
2643 4021 29 16 vie

2166 4040 30 18 qui
2214 4040 47 16 lutte
2281 4041 69 19 chaque
2370 4042 42 19 Jour
2431 4046 46 16 pour
2495 4043 27 17 les
2541 4044 101 19 conquérir.
2663 4050 8 10 ■

2168 4064 187 19 'Applaudissements
2370 4066 108 19 prolongés.)

2192 4094 30 20 M.
2238 4094 145 24 Dontrepont,
2401 4096 96 20 membre
2516 4096 26 21 de
2560 4096 22 21 la
2600 4097 75 22 classe,

2168 4123 42 19 fait
2223 4124 58 19 alors
2294 4129 43 15 une
2351 4124 82 21 lecture
2443 4130 39 16 sur
2495 4134 8 8 «
2518 4126 105 20 l'histoire
2637 4127 26 20 lit-

2168 4147 79 20 téraire
2260 4149 23 19 et
2297 4148 22 20 la
2333 4149 114 23 sociologie
2464 4159 16 10 ■».

2206 4184 35 19 LA
2254 4184 225 21 PROCLAMATION
2495 4187 53 19 DES
2565 4187 70 19 PRIX

2191 4211 31 21 M.
2252 4212 121 25 Pelseneer,
2405 4214 117 21 secrétaire
2556 4215 118 27 perpétuel,

2167 4235 72 21 donne
2263 4237 58 19 alors
2343 4237 82 21 lecture
2449 4238 38 20 des
2509 4238 104 20 résultats
2636 4239 38 20 des

2167 4264 106 16 concours
2285 4260 27 21 de
2325 4261 22 20 la
2360 4261 68 20 classe
2441 4263 25 18 et
2476 4262 38 20 des
2527 4262 81 24 grands
2621 4267 41 16 con-

2167 4288 63 15 cours
2247 4284 30 20 du
2294 4286 176 22 gouvernement.

2191 4308 60 19 Voici
2265 4313 37 15 ces
2316 4308 104 21 résultats
2438 4315 5 15 :

2221 4344 152 20 CONCOURS
2390 4346 114 19 ANNUEL
2519 4346 37 19 DE
2575 4347 48 19 1933

2191 4372 107 22 Question
2323 4378 6 14 :
2355 4381 9 8 «
2387 4374 64 19 Faire
2473 4374 105 21 lTiUtolrs
2601 4374 27 21 de
2650 4374 23 20 la

2166 4396 154 20 Secrétairerle
2337 4397 73 20 d'Etat
2429 4399 23 18 et
2472 4397 27 20 de
2519 4398 83 20 Guerre
2622 4402 51 16 sous

2167 4420 19 19 le
2201 4420 82 23 régime
2298 4421 105 23 espagnol
2416 4425 44 15 aux
2475 4422 119 22 Pays-Bas.
2609 4429 10 10 ■

2191 4444 36 19 Un
2245 4444 103 20 mémoire
2367 4449 14 14 a
2398 4445 36 20 été
2451 4449 57 19 reçu.
2526 4445 29 20 Le
2574 4446 48 22 prix
2640 4447 30 18 er*

2166 4467 93 20 décerné
2273 4468 15 20 &
2303 4469 31 18 M.
2349 4469 83 22 Joseph
2447 4468 96 22 Lefèvre,
2557 4469 111 20 archlvist'

2167 4491 87 23 adjoint
2287 4496 43 15 aux
2362 4492 106 20 Archives
2498 4492 118 21 Générales
2644 4493 26 21 dt

2167 4516 118 22 Royaume.

2287 4545 70 19 PRIX
2375 4545 179 20 PERPETUELS

2295 4568 50 19 Prix
2361 4569 23 19 E.
2399 4569 27 19 de
2442 4569 104 24 Laveleye

2190 4596 30 19 Le
2235 4597 49 23 prix
2298 4598 35 17 est
2348 4597 90 19 accordé
2454 4597 14 19 à
2484 4598 30 19 M.
2529 4597 78 20 Ernest
2622 4598 37 18 Mr.

2165 4620 68 21 haim,
2245 4620 124 23 professeur
2383 4621 13 19 à
2411 4621 138 21 l'Université
2563 4621 26 20 de
2603 4622 36 19 Lié
2641 4625 21 19 g:

2165 4648 56 19 pour
2232 4644 123 19 l'ensemble
2369 4644 27 19 de
2409 4649 35 14 ses
2458 4645 99 19 travaux.

2287 4673 51 20 Prix
2352 4673 93 19 Adelson
2458 4674 59 18 Cas*.
2520 4679 27 14 au

2190 4703 28 19 L^
2234 4703 48 23 prix
2298 4704 33 17 est
2347 4702 90 21 accordé
2453 4702 14 19 k
2481 4704 30 18 M.
2527 4703 20 19 le
2563 4703 106 20 chanoin-

2164 4725 24 21 À.
2202 4726 117 21 Eeckhout,
2333 4726 14 20 à
2361 4726 73 22 Gand,
2447 4730 55 19 pour
2512 4730 41 16 son
2567 4727 79 19 travail
2664 4731 5 15 :

2166 4757 8 10 ■
2193 4750 29 19 Le
2241 4749 111 20 Problème
2372 4749 38 20 des
2429 4751 133 18 Assurances
2580 4751 90 19 sociales

2164 4778 28 14 cn
2205 4773 103 23 Belgique
2321 4782 16 11 •.

2225 4802 50 19 Prix
2294 4802 193 24 Joseph-Edmond
2508 4803 100 19 Marchai

2189 4831 29 18 Le
2236 4831 48 23 prix
2301 4832 33 18 est
2351 4830 91 20 accordé
2456 4832 13 19 à
2488 4832 30 18 M.
2536 4831 19 18 le
2573 4831 32 18 Dr
2622 4831 46 18 Var:

2164 4854 122 22 Doorslaer,
2297 4854 14 20 à
2323 4854 100 21 Malines,
2433 4858 55 19 pour
2498 4859 40 14 son
2550 4854 103 20 mémoire
2663 4860 5 14 :

2165 4885 8 7 -
2189 4878 30 19 La
2233 4878 144 22 Corp->ratlon
2391 4879 22 18 et
2427 4878 30 19 les
2472 4879 90 18 Œuvres
2575 4877 38 20 des
2627 4878 31 19 Or-

2164 4901 71 19 fèvres
2249 4901 102 20 malinois
2366 4910 16 11 «.

2297 4930 51 19 Prix
2368 4929 58 20 Léon
2446 4930 85 19 Leclère

2188 4959 29 19 L?
2240 4959 48 23 prix
2309 4960 33 18 est
2365 4958 97 22 accordé,
2484 4963 28 15 en
2536 4959 97 22 partage,
2656 4961 13 16 a

2163 4982 54 21 MM.
2232 4983 40 18 Ch.
2285 4982 124 21 Verlinden.
2422 4982 124 23 professeur
2558 4982 14 19 à
2585 4982 72 19 l'Athé-

2163 5006 39 19 née
2221 5005 26 20 dc
2265 5005 73 21 Gand.
2355 5006 23 18 et
2395 5006 69 18 Henri
2481 5006 103 21 Laurent,
2602 5005 54 19 assis-

2162 5030 50 19 tant
2231 5030 13 19 à
2267 5029 137 19 l'Université
2426 5029 26 19 de
2474 5028 118 23 Bruxelles,
2614 5033 54 19 pour

2162 5052 124 20 l'ensemble
2300 5052 27 20 de
2342 5053 58 19 leurs
2416 5053 99 19 travaux.

2227 5087 69 19 PRIX
2312 5088 40 18 DU
2369 5087 234 20 GOUVERNEMENT

2163 5116 50 19 Prix
2233 5115 148 23 quinquennal
2401 5115 38 18 des
2460 5115 99 19 Sciences
2578 5115 90 20 sociale*

2186 5140 43 18 Far
2247 5139 73 19 arrêté
2353 5138 67 22 royal,
2436 5138 20 19 le
2487 5138 49 23 prix
2554 5138 27 20 de
2599 5139 68 20 25,500

2162 5163 74 19 francs
2252 5163 33 18 est
2301 5162 90 20 accordé
2406 5163 13 19 à
2435 5163 29 18 M.
2480 5162 69 19 Henri
2565 5162 25 20 de
2606 5162 61 21 Man,

2161 5186 124 23 professeur
2306 5186 14 19 à
2341 5185 138 20 l'Université
2500 5187 28 18 ûe*
2549 5186 118 20 BruxeUea,

2161 5214 55 19 pour
2229 5214 41 15 son
2284 5213 94 19 ouvrage
2394 5213 38 16 sur
2444 5209 20 20 le
2478 5209 124 21 Marxisme.

2186 5234 30 19 La
2232 5233 78 19 séance
2325 5234 34 18 est
2375 5233 59 19 levée
2450 5233 85 20 ensuite
2552 5233 15 20 à
2582 5233 12 19 5
2611 5234 44 19 heu-

2161 5261 41 18 res,
2221 5259 23 17 et
2265 5261 28 15 au
2314 5257 98 19 moment
2432 5256 29 20 où
2481 5256 16 20 il
2516 5260 24 16 se
2558 5257 72 23 retire,
2647 5257 19 20 le

2160 5281 75 23 prince
2251 5280 94 23 Léopold
2360 5281 34 19 est
2409 5279 204 22 chaleureusement
2628 5285 27 15 ac-

2161 5303 75 21 clamé.
2246 5313 26 6 —
2282 5304 26 20 T.

2678 243 84 46 UN
2788 243 252 47 BUREAU
3066 243 259 47 DESUNE
3353 242 352 46 TENTATIVE

2701 310 164 45 POSTES
2897 302 262 55 CAMBRIOLÉ
3187 287 4 78 |
3338 312 234 36 D'attentat

3211 370 27 35 A
3260 370 102 35 BORD
3386 368 88 36 D'UN
3497 367 199 42 PAQUEBOT

2847 413 29 29 A
2896 413 118 29 PARIS

2714 488 34 29 LE
2767 487 206 30 COFFRE-FORT
2989 487 21 28 A
3029 481 119 36 RÉSISTÉ

2727 563 54 34 QUI
2800 563 21 28 A
2840 561 122 31 OUVERT
2981 562 38 28 LA
3038 562 99 29 PORTE

2716 599 147 36 D'ENTRÉE
2881 606 41 29 DE
2943 605 182 30 L'IMMEUBLE
3137 606 12 29 ?

2774 675 40 19 (De
2830 675 63 18 notre
2906 672 186 23 correspondant.)

2705 705 68 20 Paris,
2791 704 12 19 3
2821 704 51 19 mai.
2889 713 26 4 —
2932 703 52 19 'Par
3002 702 26 20 fil
3044 702 100 23 spécial).
3161 712 25 5 —

2681 729 35 19 On
2733 727 96 24 imagine
2845 727 156 20 l'étonnement
3018 726 26 20 de
3060 727 29 18 M.
3106 726 80 19 Lucten

2681 753 102 20 Jeannet.
2797 751 99 23 employé
2913 751 29 19 du
2959 750 82 19 bureau
3058 750 38 19 des
3114 750 72 23 postes

2680 776 27 20 de
2721 776 22 19 la
2756 780 38 15 rue
2805 775 110 20 Taitbout,
2929 775 37 23 qui
2980 774 79 20 arriva,
3071 778 25 14 ce
3111 774 76 20 matin,

2681 805 55 19 pour
2746 800 73 19 ouvrir
2829 800 31 19 les
2871 799 83 19 locaux.

2707 830 80 20 C'était
2807 829 22 20 la
2850 829 105 23 première
2978 828 41 20 fols
3041 832 40 19 que
3099 827 88 24 pareille

2683 854 88 20 mission
2784 854 30 20 lui
2828 853 56 20 était
2897 852 91 21 confiée.

2707 884 104 23 Lorsqu'il
2821 889 23 14 se
2859 883 101 23 présenta
2975 883 13 19 à
3000 882 89 20 l'entré?
3101 882 30 19 du
3142 886 35 15 ser-

2683 909 45 19 vie-
2741 910 38 18 des
2792 908 95 22 départ.-.
2901 907 14 19 11
2929 907 33 20 fut
2976 906 80 20 étonné
3069 907 26 18 de
3109 911 27 14 nc
3150 910 39 19 pn^

2684 934 87 18 trouver
2783 933 20 18 la
2817 935 60 20 porte
2890 937 29 14 en
2933 931 74 20 barres
3022 931 78 20 d'acier
3116 930 72 19 muni'.*

2683 957 26 19 de
2720 962 26 14 sa
2759 956 80 20 chaine
2852 954 139 21 cadenassée.

2708 987 120 20 Pénétrr.nt
2846 986 49 24 plas
2912 988 75 18 avant,
3005 985 15 19 il
3039 987 88 21 aperçut
3147 989 42 15 une

2684 1013 61 22 porte
2761 1011 151 19 entr'ouverte.
2928 1009 19 19 Il
2961 1009 72 20 arriva
3048 1009 56 19 dans
3116 1008 20 19 le
3149 1008 28 19 bu-

2683 1039 52 16 reau
2749 1034 28 20 du
2791 1033 123 22 contrôleur
2925 1036 22 17 et
2957 1035 59 18 resta
3027 1033 53 19 saisi
3093 1031 95 23 d'effroi:

2685 1060 37 19 des
2736 1058 87 24 papiers
2836 1058 129 23 jonchaient
2979 1057 19 20 le
3009 1057 40 21 sol,
3061 1057 30 20 les
3105 1056 85 21 chaises

2684 1083 82 20 étaient
2782 1082 130 22 renversées,
2929 1082 48 19 bref
2995 1086 30 15 uu
3042 1081 56 19 beau
3116 1081 62 19 désor-

2685 1107 43 19 dre.
2746 1107 74 20 Enfin,
2836 1106 20 20 le
2877 1106 127 20 coffre-fort
3024 1115 24 4 —
3069 1109 30 16 un
3120 1105 69 19 coffre

2685 1132 48 19 tout
2751 1131 86 19 dernier
2857 1129 82 21 modèle
2958 1140 24 4 —
2999 1130 55 20 était
3072 1129 105 23 complète-

2684 1156 62 18 ment
2767 1154 107 21 renversé,
2895 1156 89 21 portant
3006 1154 27 20 de
3051 1153 139 19 nombreuses

2684 1178 107 20 éraflures
2813 1178 35 23 qui
2870 1177 158 23 témoignaient
3051 1177 38 19 des
3111 1176 80 20 efforts

2685 1202 118 19 nombreux
2814 1202 55 19 mals
2880 1201 148 24 impuissants,
3036 1201 55 19 dont
3102 1200 89 19 avaient

2685 1225 29 20 dû
2728 1226 54 18 faire
2796 1229 79 19 preuve
2888 1225 31 19 les
2929 1225 101 19 visiteurs
3042 1224 124 19 nocturnes.

2709 1249 41 19 Les
2768 1248 155 20 cambrioleurs
2955 1248 95 21 avalent,
3081 1251 29 16 en
3128 1247 63 22 effet,

2685 1272 82 20 échoué
2779 1273 56 19 dans
2850 1272 47 19 leur
2912 1272 114 19 tentative.

2710 1296 28 20 Le
2753 1295 128 20 coffre-fort
2893 1295 113 19 contenait
3021 1295 72 19 toutes
3106 1295 32 20 les
3151 1298 28 15 va-

2687 1319 57 19 leurs
2761 1321 23 17 et
2797 1319 15 19 il
2831 1319 60 19 avait
2909 1318 182 20 admirablement
3109 1317 82 20 résisté.

2711 1348 128 23 L'employé,
2858 1348 63 23 après
2940 1348 31 19 les
2991 1347 117 25 premières
3128 1352 51 15 cons-

2689 1372 112 22 tatations,
2814 1376 77 16 encore
2909 1371 50 21 ému
2976 1372 13 19 k
3007 1371 61 20 l'Idée
3083 1371 50 24 qu'il
3152 1375 28 15 au-

2689 1396 42 19 rait
2762 1399 30 20 pu
2809 1396 128 19 rencontrer
2969 1395 31 19 les
3032 1394 160 20 cambrioleurs,

2689 1419 79 20 avertit
2786 1419 92 19 aussitôt
2895 1420 21 19 la
2935 1418 75 25 police.

2712 1449 29 20 Le
2759 1449 146 20 commissaire
2922 1449 48 19 vint
2987 1448 55 20 faire
3056 1448 31 19 les
3103 1449 77 19 consta-

2690 1473 81 19 tations
2786 1473 87 22 d'usage
2886 1473 29 21 et,
2930 1472 98 24 pendant
3039 1476 25 15 sa
3079 1472 69 21 visite,
3162 1471 31 20 les

2689 1497 167 19 commentaires
2878 1495 92 21 allèrent
2992 1495 46 20 leur
3073 1496 65 20 train,
3144 1500 38 15 sur-

2690 1521 48 19 tout
2753 1525 28 14 au
2792 1520 59 23 sujet
2866 1520 25 19 de
2907 1520 21 19 la
2943 1520 61 22 porte
3020 1519 73 19 munie
3108 1519 74 20 d'énor-

2691 1549 44 15 mes
2747 1544 74 19 barres
2836 1544 25 19 de
2875 1544 40 19 fer.

2714 1574 117 20 Comment
2846 1574 59 19 avait
2918 1573 40 20 elle
2972 1577 30 20 pu
3016 1573 45 21 être
3076 1573 94 22 ouverte,
3176 1573 18 19 si

2691 1598 127 20 facilement
2827 1598 10 19 ?

2715 1629 18 19 Il
2745 1628 82 19 semble
2841 1627 69 22 avéré,
2921 1632 28 14 en
2962 1627 62 22 effet,
3037 1631 40 20 que
3091 1627 31 19 les
3134 1631 49 16 cam-

2692 1652 104 20 brioleurs
2813 1652 39 19 ont
2870 1651 89 23 pénétré
2977 1651 14 19 k
3009 1651 62 20 l'aide
3090 1651 25 19 de
3134 1650 50 20 faus-

2691 1681 34 15 ses
2740 1676 60 21 clefs,
2818 1680 39 15 car
2875 1680 84 15 aucune
2979 1676 58 18 trace
3056 1675 140 19 d'effraction

2692 1701 35 19 n'a
2738 1704 29 19 pu
2780 1700 46 19 être
2839 1699 88 20 relevée.
2941 1700 28 18 Le
2983 1699 80 19 service
3079 1699 25 19 de
3120 1698 64 19 l'iden

2692 1717 40 28 Ûtô
2748 1724 114 23 judiciaire
2880 1728 13 15 a
2911 1727 29 19 pu
2957 1723 87 22 relever,
3061 1727 38 14 sur
3115 1722 19 19 le
3150 1722 34 19 cof

2693 1749 38 20 tre.
2745 1748 25 19 de
2785 1747 110 23 multiples
2909 1746 131 23 empreintes
3053 1746 101 22 digitales
3161 1746 36 22 qui

2693 1773 52 18 vont
2765 1772 55 19 faire
2840 1771 75 23 l'objet
2933 1771 51 19 d'un
3002 1770 122 20 minutieux
3144 1774 40 15 exa-

2692 1800 57 15 men.

2716 1827 37 18 On
2770 1826 35 19 est
2823 1825 90 19 conduit
2928 1824 14 19 à
2955 1825 68 19 croire
3039 1828 41 19 que
3098 1824 20 20 le
3136 1828 49 15 cam-

2692 1849 95 23 briolage
2805 1848 95 24 manqué
2918 1849 33 19 est
2980 1848 88 19 l'œuvre
3087 1848 26 19 de
3131 1847 55 19 fami-

2693 1873 51 20 liers
2758 1873 30 19 du
2802 1873 83 19 bureau
2901 1872 38 19 des
2950 1872 79 23 postes.

2718 1897 108 23 Ajoutons
2850 1900 41 19 que
2904 1896 81 19 Lucien
3013 1895 96 20 Jeannet
3136 1895 63 20 étant

2693 1921 81 23 chargé
2790 1921 108 20 d'assurer
2913 1919 13 19 à
2942 1920 11 18 6
2969 1919 85 20 heures,
3070 1918 128 20 l'ouverture

2694 1944 29 20 du
2736 1944 89 22 bureau,
2836 1948 14 15 a
2863 1942 105 24 emporté,
2980 1943 49 20 hier
3041 1942 51 22 soir,
3105 1941 14 20 à
3132 1942 25 19 20
3171 1942 28 21 h.,

2693 1968 89 19 suivant
2796 1967 32 20 les
2845 1967 143 20 instructions
3005 1970 74 19 reçue*
3097 1966 31 20 les
3146 1965 54 20 clefs

2694 1991 28 20 de
2734 1991 24 19 la
2773 1992 62 22 porte
2853 1990 27 20 de
2897 1990 81 20 service
2996 1990 26 19 de
3039 1991 23 19 la
3078 1994 39 15 rue
3134 1989 26 21 de
3178 1989 21 19 la

2694 2015 102 20 Victoire.

3341 426 25 34 D
3368 425 21 35 E
3412 424 128 35 L'ETAT
3551 423 19 35 ?

3268 500 59 29 UNE
3346 499 142 30 GRENADE
3507 491 143 37 CHARGÉE

3326 544 80 28 DANS
3425 543 52 29 LES
3495 542 93 29 CALES

3245 587 41 29 DU
3308 594 15 11 «
3343 585 281 30 PRINCESSE-ASTRID
3641 592 14 13 »
3666 585 7 28 !

3231 646 102 21 Ostende.
3348 646 12 20 3
3379 646 51 19 mal.
3448 655 25 5 —
3490 646 44 18 Des
3552 645 70 18 bruits
3640 644 58 19 circu-

3208 669 52 22 lent,
3280 670 14 19 à
3317 670 103 21 Ostende,
3444 669 84 23 d'après
3552 667 92 24 lesquels
3667 671 43 15 une

3209 694 105 18 tentative
3339 693 119 19 d'attentat
3479 692 72 20 aurait
3575 696 29 15 eu
3627 691 44 19 lieu
3693 694 16 15 a

3207 717 53 19 bord
3275 717 63 19 d'une
3354 717 64 19 malle
3433 717 26 19 de
3475 716 71 19 l'Etat.

3232 740 19 19 11
3269 741 98 22 s'agirait
3385 741 29 18 du
3433 740 107 23 paquebot
3561 748 8 5 -
3588 739 123 19 Princesse-

3209 764 73 19 Astrid
3299 774 16 11 -,
3331 768 42 16 une
3390 764 38 19 des
3444 763 110 20 nouvelles
3571 763 78 19 unités.

3233 787 101 21 Pendant
3356 787 74 24 qu'elle
3453 792 22 15 sc
3494 787 96 19 trouvait
3613 790 28 16 au
3663 788 49 20 port

3209 811 26 19 de
3248 812 102 19 Douvres,
3363 811 37 19 des
3413 811 98 20 hommes
3523 811 36 23 qui
3573 809 139 25 procédaient

3210 839 28 15 au
3258 836 114 21 nettoyage
3392 834 37 20 des
3446 834 57 19 cales
3522 839 13 18 y
3555 834 100 19 auraient
3675 834 26 17 dé-

3209 861 89 17 couvert
3315 863 42 14 une
3376 859 94 23 grenade
3489 858 99 22 chargée.

3234 883 40 19 Les
3290 882 106 20 autorités
3411 883 75 18 furent
3501 882 91 19 alertées
3608 883 22 19 et
3646 882 68 19 firent

3237 907 35 18 nir
3286 910 38 16 sur
3341 906 61 23 place
3418 906 32 19 les
3466 905 92 20 services
3572 905 142 23 compétents,

3210 931 36 22 qui
3262 930 125 19 enlevèrent
3403 930 19 18 lo
3440 930 123 22 dang.reux
3577 929 73 23 engin.

3235 955 25 18 N.
3272 955 25 18 D.
3308 954 22 19 L.
3341 954 25 19 R.
3377 963 25 4 —
3413 954 58 18 Nous
3482 954 89 18 n'avons
3583 957 36 19 pu.
3630 952 85 24 jusqu'à

3211 978 94 23 présent,
3324 977 85 20 obtenir
3432 977 155 20 confirmation
3610 977 25 20 de
3659 978 56 18 cette

3211 1002 104 19 nouvelle,
3330 1006 41 19 que
3387 1005 55 16 nous
3454 1001 100 23 publions
3569 1006 50 14 sous
3634 1001 31 19 les
3680 1000 23 19 ré-

3211 1030 72 16 serves
3297 1025 94 23 d'usage.

3351 1088 54 27 LES
3429 1084 155 35 OBSÈQUES

3352 1139 62 25 Mme
3439 1139 36 25 DE
3501 1138 141 26 N0AILLES

3237 1205 68 20 Paris,
3323 1204 12 19 3
3354 1204 51 19 mai.
3422 1214 26 4 —
3466 1204 40 19 Les
3525 1203 103 23 obsèques
3648 1203 25 20 de
3694 1203 22 19 la

3212 1231 105 17 comtesse
3338 1228 25 19 de
3380 1227 94 20 Noailles
3493 1227 119 19 revêtiront
3629 1231 31 14 un
3679 1231 25 15 ca-

3213 1252 83 19 ractère
3316 1251 89 20 officiel.
3425 1250 56 20 Elles
3502 1252 79 18 auront
3599 1250 45 19 lieu
3663 1254 43 15 ven-

3214 1275 66 22 dredi,
3293 1275 13 19 à
3319 1274 60 22 midi,
3393 1275 13 19 à
3420 1274 22 19 la
3455 1274 129 20 Madeleine.

3237 1300 44 18 Des
3299 1299 97 19 discours
3414 1299 75 18 seront
3507 1296 127 25 prononcés,
3653 1296 64 24 après

3213 1323 20 19 le
3246 1323 81 20 service
3340 1322 97 21 funèbre,
3452 1322 81 19 devant
3545 1320 86 23 l'église.

3239 1347 35 19 On
3293 1346 45 19 sait
3358 1350 40 19 que
3420 1346 58 18 Mme
3500 1345 26 19 de
3548 1344 95 20 Noailles
3664 1344 55 19 était

3215 1370 94 20 membre
3326 1369 26 20 de
3370 1368 129 20 l'Académie
3517 1369 26 19 de
3560 1368 79 22 langue
3653 1369 22 18 et
3692 1367 26 20 de

3215 1393 122 20 littérature
3354 1393 121 22 françaises
3497 1396 5 15 :
3523 1393 51 18 c'est
3595 1392 30 18 M.
3644 1391 75 19 Albert

3216 1417 83 20 Mockel
3320 1417 37 23 qui
3380 1416 86 24 parlera
3489 1420 28 15 au
3541 1420 51 15 nom
3612 1415 26 20 de
3662 1415 57 20 cette

3215 1441 133 23 compagnie.
3365 1450 25 5 —
3406 1440 74 23 Belga.

3369 1504 34 26 LA
3428 1497 138 32 RENTRÉE

3250 1555 36 26 DE
3312 1555 30 25 M.
3369 1553 116 27 RAMSAY
3511 1552 178 27 MACDONALD

2771 2078 54 27 LES
2851 2077 107 27 PLEINS
2984 2076 145 27 POUVOIRS

2719 2123 189 32 MONÉTAIRES
2925 2127 57 26 AUX
3004 2121 176 32 ÉTATS-UNIS

2720 2194 152 22 Washington,
2888 2194 12 19 3
2915 2193 50 19 mal.
2981 2202 25 5 —
3034 2193 31 19 La
3093 2192 108 19 Chambre

2697 2218 37 20 des
2748 2218 173 24 Représentants
2936 2222 13 14 a
2965 2216 48 20 voté
3027 2217 20 18 le
3062 2217 72 23 projet
3148 2220 42 18 gou-

2696 2242 150 20 vernemental
2866 2241 119 20 accordant
3005 2240 71 24 pleins
3096 2241 106 22 pouvoir»,

2696 2271 28 14 en
2739 2266 91 20 matière
2843 2265 128 23 monétaire,
2986 2269 55 19 pour
3057 2264 19 20 le
3092 2264 111 23 président

2698 2290 120 19 Roosevelt.
2828 2299 26 4 —
2864 2289 88 19 Reuter.

2719 2360 34 26 LA
2777 2360 37 26 OU
2838 2359 102 27 TOMBA
2958 2359 76 25 BERT
3052 2358 129 26 HINKLER

2721 2421 75 20 Rome,
2812 2420 11 19 3
2840 2419 51 21 mai.
2905 2429 26 5 —
2946 2420 35 19 On
2998 2418 98 24 apprend
3112 2422 46 20 que,
3164 2422 39 15 sur

2697 2444 122 19 l'initiative
2835 2444 26 19 de
2874 2442 138 20 l'Aéro-Club
3027 2442 27 20 de
3070 2443 86 20 Arezzo.
3172 2446 30 15 un

2697 2467 129 20 monument
2843 2466 176 21 commémoratif
3035 2470 50 15 sera
3099 2466 60 20 élevé
3189 2465 14 20 à

2697 2491 101 20 l'endroit
2814 2490 29 20 où
2859 2490 115 20 l'aviateur
2990 2490 52 20 Bert
3060 2489 92 20 Hinkler
3169 2490 34 19 est

2697 2514 80 21 tombé,
2792 2518 29 16 au
2836 2518 63 16 cours
2914 2514 27 20 de
2953 2518 27 15 sa
2995 2514 107 19 tentative
3119 2513 26 20 de
3167 2513 35 19 vol

2697 2537 255 24 Angleterre-Australie.
2964 2547 25 5 —
3002 2537 74 23 Belga.

2881 2607 34 26 LA
2938 2607 81 27 MORT

2784 2657 36 26 DU
2839 2651 116 32 PRÉFET
2971 2656 156 27 CAUSERET

2796 2724 41 20 (De
2856 2723 62 20 notre
2933 2722 187 23 correspondant.)

2724 2754 69 21 Paris,
2811 2754 12 18 3
2842 2753 52 20 mai.
2912 2762 26 5 —
2960 2753 52 19 -Par
3027 2752 135 23 téléphone).
3180 2762 24 5 —

2701 2777 28 19 Le
2754 2778 51 22 juge
2831 2777 154 19 d'instruction
3009 2776 61 19 avait
3095 2777 109 21 convoqué

2701 2805 54 19 pour
2769 2803 35 18 cet
2816 2800 130 21 après-midi
2960 2800 119 20 Germaine
3093 2800 59 19 Huot
3167 2804 26 15 ac-

2700 2824 132 25 compagnée
2844 2825 27 19 de
2880 2829 36 15 ses
2925 2824 135 20 défenseurs.

2724 2848 29 20 Ee
2767 2849 115 20 magistrat
2895 2853 14 14 a
2924 2848 152 22 communiqué
3091 2847 14 20 à
3119 2847 74 20 l'incul-

2700 2872 38 23 pée
2755 2872 21 21 le
2794 2873 91 22 rapport
2902 2872 31 20 du
2949 2871 211 20 docteur-directeur
3176 2872 27 19 de

2698 2897 108 20 l'idzntité
2824 2896 114 24 judiciaire
2957 2897 23 18 et
2997 2896 27 19 de
3043 2896 56 19 deux
3117 2897 87 21 experts

2699 2921 125 19 armuriers.

2723 2952 59 18 Tous
2796 2951 54 19 trois
2864 2955 24 15 se
2902 2951 52 19 sont
2971 2950 63 20 livrés
3050 2950 14 19 à
3080 2954 42 15 une
3139 2949 64 21 étude

2698 2979 38 15 sur
2749 2975 22 19 la
2782 2975 126 22 trajectoire
2920 2974 30 20 du
2963 2974 113 24 projectile
3087 2974 36 23 qui
3139 2979 14 14 a
3164 2974 39 19 tué

2699 3000 29 18 M.
2742 2999 112 19 Causeret.
2866 2999 56 19 ainsi
2936 3003 40 19 que
2991 2998 37 20 des
3041 2997 136 20 conclusions
3190 2998 13 19 à

2699 3023 53 19 tirer
2767 3023 26 20 de
2809 3023 22 19 la
2847 3024 60 18 trace
2920 3023 27 19 de
2962 3023 21 19 la
2999 3021 56 21 balle
3068 3021 83 20 relevée
3166 3025 37 16 sur

2698 3046 20 20 le
2735 3046 87 20 marbre
2838 3047 27 19 de
2883 3047 21 19 la
2921 3045 121 21 cheminée.

2722 3070 133 19 L'ensemble
2871 3070 26 19 de
2915 3074 36 16 ces
2968 3069 161 20 constatations
3144 3069 60 20 avait

2698 3099 56 19 pour
2769 3095 41 18 but
2824 3094 123 20 d'éclalrcir
2963 3094 22 18 la
2992 3093 100 24 question
3098 3093 27 20 de
3132 3093 73 19 savoir

2697 3120 20 19 si
2731 3118 22 19 la
2768 3118 57 19 mort
2840 3119 31 19 du
2885 3117 73 24 préfet
2972 3117 56 20 étalt
3042 3117 23 20 la
3079 3117 58 20 suite
3153 3117 51 20 d'un

2698 3142 101 20 accident
2819 3146 84 16 comme
2921 3141 103 23 l'Indique
3041 3140 114 24 l'inculpée
3176 3145 28 15 ou

2697 3166 34 20 s'il
2742 3166 109 23 s'agissait
2863 3166 53 19 d'un
2930 3166 102 18 meurtre.

2723 3190 57 19 Mais
2796 3190 30 19 les
2841 3190 103 22 rapports
2959 3188 106 20 n'étaient
3080 3193 40 20 pas
3135 3187 70 25 précis

2698 3214 23 19 et
2739 3214 119 19 Germaine
2876 3214 60 19 Huot
2952 3217 13 15 a
2983 3213 94 19 soutenu
3095 3212 63 23 qu'ils
3177 3216 27 15 ne

2699 3237 129 23 prouvaient
2840 3241 40 19 pas
2891 3237 19 19 le
2921 3237 103 19 meurtre.
3033 3236 104 20 L'affaire
3150 3236 54 20 n'est

2699 3262 56 19 donc
2767 3265 40 19 pas
2819 3261 48 23 plus
2878 3260 102 20 avancée.

2764 3331 170 26 L'INCIDENT
2960 3330 54 27 EST
3038 3330 102 27 ClOS...

2722 3390 82 21 Berlin.
2823 3391 13 18 2
2854 3390 51 20 mai.
2925 3400 27 5 —
2983 3390 29 19 Le
3034 3390 170 24 gouvernement

2697 3414 61 23 belge
2771 3415 69 22 ayant
2854 3414 98 20 ordonné
2963 3414 23 20 la
2998 3414 141 23 suppression
3153 3414 52 19 d'un

2698 3438 135 23 mannequin
2854 3438 153 24 représentant
3041 3437 20 20 le
3081 3437 125 21 chancelier

2698 3462 72 20 Hitler
2786 3466 52 16 sous
2856 3463 39 18 des
2914 3462 65 19 traits
2997 3461 155 21 caricaturaux
3181 3462 24 19 et

2698 3490 40 19 que
2757 3486 32 19 les
2807 3486 157 19 communistes
2984 3486 89 19 avaient
3102 3485 102 24 promené

2697 3510 57 19 dans
2768 3510 31 19 les
2812 3514 50 15 rues
2875 3510 26 19 de
2915 3509 119 24 Bruxelles,
3048 3513 43 17 une
3103 3509 52 19 note
3169 3509 23 19 of-

2696 3533 90 20 ficieuse
2793 3534 27 19 de
2832 3533 96 23 l'agence
2936 3533 66 20 Conti
3013 3532 86 20 déclare
3106 3532 98 23 qu'étant

2696 3557 86 20 donnée
2800 3557 57 21 cette
2872 3557 95 19 attitude
2986 3557 29 20 du
3033 3557 171 22 gouvernement

2696 3581 68 23 belge,
2783 3581 113 19 l'incident
2928 3581 53 24 peut
3013 3580 46 21 être
3092 3579 111 21 considéré

2697 3609 84 16 comme
2797 3605 64 23 réglé.
2873 3615 26 4 —
2909 3605 74 23 Belga.

2736 3674 31 26 M.
2794 3674 139 27 EINSTEIN
2957 3675 18 25 A
2998 3669 170 32 COMMENCÉ

2860 3724 57 26 SON
2941 3723 97 27 COURS

2720 3790 29 19 Le
2772 3790 124 23 professeur
2917 3789 99 20 Einstein
3038 3789 43 24 qui.
3102 3789 39 20 dès
3161 3794 40 16 son

2696 3813 83 20 arrivée
2793 3818 30 15 en
2834 3813 109 23 Belgique,
2957 3813 61 19 avait
3031 3813 35 20 été
3078 3813 68 20 invité
3161 3817 41 21 par

2696 3837 22 20 la
2728 3837 125 20 Fondation
2865 3837 108 22 Francqul
2986 3836 13 20 à
3011 3837 56 19 faire
3081 3837 14 19 à
3108 3837 21 19 la
3142 3837 58 19 Pon-

2695 3861 78 20 datl3n
2789 3860 157 20 Universitaire
2963 3864 32 16 un
3008 3860 58 23 cycle
3084 3860 26 20 de
3127 3861 73 20 leçons

2694 3886 24 18 et
2728 3885 26 19 de
2767 3885 112 22 colloqula,
2893 3889 14 14 a
2919 3884 126 20 commencé
3058 3889 23 15 ce
3094 3884 106 20 mercredi

2695 3909 12 19 3
2724 3909 46 19 mai
2787 3913 42 15 son
2845 3912 64 16 cours
2925 3912 39 15 sur
2982 3907 23 20 la
3021 3915 9 9 •
3050 3907 92 20 Théorie
3161 3908 39 20 des

2695 3933 91 23 Splnors
2803 3940 17 11 ».

2719 3957 36 18 Un
2768 3955 45 20 très
2825 3956 120 19 nombreux
2955 3955 114 21 auditoire,
3080 3956 107 18 exclusive-

2694 3980 63 19 ment
2771 3980 99 22 composé
2884 3978 110 20 d'ailleurs
3008 3979 27 19 de
3050 3978 108 20 membres
3170 3978 29 19 du

2695 4003 116 24 personnel
2826 4002 139 24 scientifique
2983 4003 27 20 de
3028 4006 41 15 nos
3085 4001 102 21 établisse-

2695 4028 72 19 ments
2784 4027 26 19 de
2829 4026 55 21 haut
2897 4027 166 21 enseignement
3081 4027 22 18 et
3121 4026 27 19 de
3164 4030 23 15 re-

2695 4051 104 20 cherches
2815 4051 24 19 et
2856 4050 26 20 de
2899 4049 102 24 quelques
3028 4049 115 19 étudiants
3173 4049 26 19 de

2696 4074 86 20 dernier
2796 4074 107 21 dectorat,
2918 4073 67 20 suivît
3000 4077 52 15 nvec
3066 4077 42 15 une
3125 4073 62 19 atten-

2696 4099 46 19 tion
2753 4098 108 19 soutenue
2870 4096 20 21 le
2901 4097 80 19 savant
2993 4097 79 22 exposé
3084 4096 27 20 de
3124 4096 64 20 l'illus-

2696 4124 32 18 tre
2744 4122 130 23 professeur.

2719 4145 175 20 Préalablement
2907 4144 13 20 à
2931 4149 25 15 sa
2969 4144 135 22 conférence,
3117 4145 19 18 le
3149 4149 40 19 pro-

2695 4170 84 20 fesseur
2790 4169 99 19 Einstein
2901 4169 61 20 avait
2972 4168 35 21 été
3019 4171 52 19 reçu
3083 4168 13 19 à
3109 4169 21 19 la
3141 4168 47 19 Fon-

2695 4194 77 19 dation
2791 4197 41 19 par
2850 4192 31 19 les
2900 4193 96 18 recteurs
3016 4192 26 19 de
3062 4195 41 15 nos
3122 4195 77 20 quatre

2695 4216 135 21 universités.
2846 4217 49 21 Mgr
2909 4215 104 21 Ladeuze.
3030 4215 54 20 MM.
3096 4215 92 23 Vermey-

2695 4242 42 21 len,
2750 4240 116 22 Duesberg,
2879 4240 101 21 Bogaert,
2989 4238 104 20 entourés
3104 4239 27 19 dc
3146 4239 53 19 MM.

2695 4265 31 19 les
2741 4264 135 23 professeurs
2892 4263 26 19 de
2934 4263 22 19 la
2971 4262 73 20 Vallée
3061 4263 98 22 Poussin,
3173 4264 26 18 de

2695 4288 94 22 Donder,
2803 4287 123 20 Demoulin.
2939 4287 96 19 Verriest
3049 4288 22 17 et
3086 4287 29 19 du
3129 4287 58 20 direc-

2695 4313 49 18 teur
2754 4311 28 20 de
2796 4311 22 19 li
2832 4310 125 20 Fondation
2968 4310 116 23 Francqul.
3098 4311 30 19 M.
3142 4310 57 20 Jean

2694 4335 103 20 Willems.
2809 4344 26 5 —
2848 4334 74 24 Belga.

3310 1622 40 17 (De
3365 1621 64 18 notre
3441 1619 186 22 correspondant.)

3241 1651 102 20 Londres,
3364 1651 11 18 3
3396 1649 51 21 mal.
3467 1659 25 5 —
3515 1650 52 18 (Par
3587 1648 134 23 téléphone).

3218 1685 23 4 —
3257 1675 29 19 M.
3303 1674 94 24 Ramsay
3413 1673 143 22 MacDonald,
3573 1673 36 23 qui
3622 1673 33 19 est
3670 1676 39 16 ren-

3218 1698 33 20 tré
3266 1698 138 23 aujourd'hui
3419 1698 14 19 â
3447 1697 102 21 Londres,
3563 1698 51 18 s'est
3629 1700 80 15 rencon-

3219 1722 33 20 tré
3266 1727 51 15 avec
3335 1722 106 23 plusieurs
3459 1721 107 20 membres
3584 1721 29 19 du
3629 1720 94 20 Cabinet

3219 1751 51 15 avec
3287 1746 91 23 lesquels
3393 1746 14 20 il
3423 1750 13 14 a
3454 1745 82 20 discuté
3552 1745 19 19 le
3588 1743 92 20 résultat
3696 1744 26 19 de

3218 1775 34 14 ses
3270 1770 162 20 conversations
3449 1769 28 19 de
3492 1768 151 22 Washington,.

3243 1794 36 19 Un
3297 1792 87 21 Conseil
3401 1793 26 19 de
3443 1793 87 19 cabinet
3549 1796 55 15 aura
3622 1792 43 19 lieu
3684 1792 26 19 de-

3220 1818 66 20 main,
3303 1817 14 20 à
3334 1817 21 20 la
3371 1817 57 19 suite
3446 1816 78 23 duquel
3542 1817 29 18 M.
3586 1814 136 21 MacDonald

3221 1842 47 19 fera
3283 1845 43 16 une
3343 1840 135 20 déclaration
3495 1840 13 19 à
3525 1840 21 19 la
3563 1839 109 20 Chambre
3684 1838 40 20 des

3220 1867 131 18 Communes
3362 1869 38 15 sur
3411 1864 20 20 le
3442 1863 92 20 résultat
3546 1864 26 19 de
3584 1867 41 16 son
3636 1867 87 18 voyage.

3260 1918 417 48 MONITEUR

3391 1980 23 15 du
3430 1981 9 14 4
3454 1980 36 15 mal
3505 1980 45 15 1933.

3243 2031 57 15 Ordre
3314 2030 101 18 Judiciaire.
3429 2037 22 5 —
3465 2030 45 15 Sont
3525 2030 80 15 nommés
3622 2032 5 12 :
3642 2029 45 18 Juge
3701 2029 23 16 de

3222 2052 42 16 paix
3279 2050 24 15 du
3319 2051 67 14 canton
3402 2049 22 16 de
3439 2049 76 18 Deynze,
3530 2049 25 15 M.
3570 2049 111 17 Faingn&ert
3697 2048 25 17 C,

3221 2069 21 15 de
3256 2069 139 18 Cmytiiautem.

3242 2087 34 16 Ort.
3280 2087 16 16 rf
3297 2090 26 13 ier
3336 2091 24 12 «u
3374 2087 80 16 tribunal
3468 2087 23 16 ds
3503 2086 88 20 première
3604 2087 83 15 Instance
3701 2089 22 12 at

3221 2106 98 17 Bruxelles.
3332 2107 24 15 M.
3370 2106 76 15 Humble
3459 2106 16 15 J.

3274 2160 151 36 CONSEIL
3447 2160 223 36 PROVINCIAL

3429 2233 87 16 ANVERS

3244 2259 23 15 Le
3288 2259 70 15 Conseil
3379 2258 100 19 provincial
3500 2261 11 12 a
3532 2257 85 16 continué
3638 2257 88 16 mercredi

3224 2277 106 21 après-midi
3346 2278 17 15 la
3378 2278 100 15 discussion
3493 2277 22 15 de
3530 2280 33 12 son
3578 2277 52 15 ordre
3645 2277 23 15 du
3683 2277 42 17 Jour

3223 2301 22 12 en
3258 2302 8 10 ;i
3268 2301 7 11 r
3278 2302 7 10 :-
3290 2301 35 11 -.ion
3336 2297 151 16 extraordinaire.
3499 2296 25 15 La
3536 2296 85 18 majorité
3632 2295 93 16 clértcale-

3224 2317 85 15 frmms'.c
3322 2320 10 11 a
3345 2315 42 16 roté
3398 2316 18 15 la
3428 2316 112 18 proposition
3553 2315 22 16 de
3587 2315 18 15 la
3618 2315 107 18 députation

3223 2337 117 16 permanente
3355 2337 111 13 concernant
3479 2334 69 16 l'achat
3562 2336 19 13 ct
3595 2334 93 17 l'échange
3702 2333 23 16 de

3224 2355 79 14 terrains
3317 2357 45 14 pour
3376 2353 61 16 l'école
3452 2353 138 17 d'horticulture
3605 2353 22 16 de
3641 2353 83 16 Malines.

3224 2373 27 16 Un
3268 2373 57 15 crédit
3341 2373 22 15 de
3380 2373 67 16 200.000
3463 2373 62 15 Irancs
3541 2376 12 11 a
3569 2371 29 17 été
3614 2371 41 16 voté
3672 2371 53 19 après

3224 2395 35 12 une
3276 2392 65 18 longue
3358 2392 101 15 discussion
3476 2394 46 16 pour
3539 2393 28 13 cet
3586 2391 61 16 achat.

3244 2411 80 17 Ensuite,
3342 2410 18 16 la
3377 2410 85 19 majorité
3480 2414 10 11 a
3507 2410 41 16 voté
3565 2414 25 12 un
3608 2410 57 16 crédit
3682 2412 34 16 sup-

3223 2429 118 18 plémentaire
3356 2430 23 15 de
3394 2430 67 15 420.000
3477 2429 67 17 francs,
3561 2432 45 15 pour
3621 2429 104 16 l'entretien

3224 2449 31 15 des
3266 2449 39 15 bols
3316 2448 85 19 longeant
3414 2448 25 16 les
3451 2449 93 15 ruisseaux
3556 2449 11 14 â
3578 2449 61 15 Boom-
3651 2448 23 15 Le
3686 2447 30 17 cré-

3224 2467 27 16 dit
3273 2468 22 15 de
3316 2470 29 13 cet
3366 2468 90 15 entretien
3478 2471 11 12 a
3511 2467 46 16 donc
3579 2467 29 16 été
3630 2466 51 19 porté
3703 2466 22 16 de

3224 2486 67 16 427.500
3304 2486 63 16 francs
3380 2487 11 15 â
3405 2487 67 15 853.503
3485 2486 68 16 francs.

3282 2543 150 37 CONSEIL
3454 2544 212 36 COMMUNAL

3335 2626 282 17 SAINT-JOSSE-TEN-NOODE

3247 2677 22 16 Le
3283 2677 71 16 Conseil
3369 2677 43 16 a'est
3426 2676 51 16 réuni
3492 2676 88 16 mercredi
3594 2676 42 17 soir,
3652 2678 42 13 sous
3709 2675 18 16 la

3226 2696 103 18 présidence
3343 2696 22 15 de
3379 2696 23 15 M.
3417 2695 58 16 Pétre.
3488 2695 130 18 bourgmestre.

3236 2715 24 15 Le
3276 2715 72 15 Conseil
3366 2715 56 18 reçoit
3440 2714 116 18 aujourd'hui
3573 2714 27 15 les
3617 2713 111 16 volontaires

3227 2734 123 16 combattants
3369 2736 18 13 et
3407 2733 25 16 les
3452 2734 112 17 prisonniers
3582 2733 97 18 politiques
3697 2732 31 18 qui

3227 2754 52 14 n'ont
3290 2756 30 15 pu.
3332 2753 51 15 faute
3394 2753 22 15 de
3427 2753 18 14 la
3456 2752 113 19 publication
3579 2755 23 12 en
3614 2753 58 16 temps
3678 2751 51 17 .utile

3227 2772 23 15 de
3265 2771 74 16 l'arrêta
3354 2771 51 18 royal
3422 2771 38 15 leur
3476 2771 97 16 conférant
3589 2771 18 15 la
3623 2770 106 16 décoration

3227 2791 82 18 sp.-ciale.
3324 2791 39 15 être
3377 2793 47 14 reçu,
3440 2794 22 12 en
3477 2790 100 18 septembre
3592 2790 77 17 dernier,
3685 2792 43 13 avec

3226 2809 49 16 leurs
3291 2809 59 17 frères
3365 2809 79 17 d'armes
3461 2812 23 13 ou
3502 2809 48 16 leurs
3566 2812 123 15 compagnons
3706 2808 22 16 de

3228 2829 90 18 .-aptlvité.

3247 2848 23 15 U.
3288 2848 17 15 lu
3322 2848 128 18 bourgmestre,
3469 2851 22 12 en
3509 2849 66 14 termes
3593 2847 37 16 très
3647 2847 80 16 heureux

3227 2867 66 18 <l:.7-3e
3310 2866 19 18 1*
3345 2867 125 18 signification
3487 2867 22 15 de
3527 2868 48 14 cette
3592 2866 100 16 cérémonie
3709 2867 20 14 et

3227 2886 71 16 adTMM
3317 2886 26 16 les
3361 2886 121 15 félicitations
3500 2886 22 15 de
3540 2885 19 16 la
3578 2888 94 13 commune
3691 2888 36 12 aux

3226 2905 242 16 Satr.t-Josso-'.en-Noodols
3491 2905 117 17 aujourd'hui
3632 2904 13 16 à
3668 2904 49 16 l'hon-

3227 2927 50 13 neur.
3294 2924 15 15 11
3327 2927 27 13 est
3371 2925 72 15 ensuite
3459 2924 75 18 procédé
3552 2924 11 15 â
3579 2924 19 15 la
3615 2924 64 15 remise
3696 2924 32 15 des

3225 2943 103 16 diminutifs
3344 2943 23 15 de
3384 2943 18 15 la
3419 2943 113 15 distinction.

3246 2962 23 15 Le
3287 2962 72 16 Conseil
3378 2963 55 17 reçoit
3453 2965 65 12 encore
3535 2963 47 15 Mme
3601 2962 127 18 Valkemberg-

3227 2981 69 16 Elenket
3309 2983 18 13 ct
3341 2982 24 15 M.
3379 2981 98 16 Peelman.-.
3492 2981 88 16 membres
3593 2981 24 15 du
3631 2981 96 19 personnel

3226 3001 112 18 enseignant,
3356 3001 44 15 MM.
3417 3000 59 16 Godts
3492 3002 18 13 e:
3526 3000 54 16 Frist.
3598 3000 88 15 membres
3702 3000 24 16 rtu

3226 3019 96 17 personnel
3334 3019 109 16 communal,
3455 3019 11 15 ù
3479 3020 30 17 qui
3522 3019 26 15 les
3560 3019 82 15 cadeaux
3654 3019 74 18 d'usage

3226 3041 41 13 son*,
3282 3038 53 16 remis
3350 3041 22 13 en
3386 3038 161 16 commémoration
3560 3038 23 17 de
3596 3038 49 16 leurs
3659 3038 20 16 25
3693 3041 25 13 an-

3226 3057 43 15 nées
3283 3057 22 15 de
3320 3058 73 15 service.

3247 3076 56 18 Après
3315 3076 44 18 cela,
3372 3076 17 15 la
3400 3076 72 16 Conseil
3485 3077 43 15 s'est
3539 3075 53 17 réuni
3606 3076 11 15 k
3630 3076 42 16 huis
3684 3076 42 16 clos.

3265 3790 47 16 C'est
3322 3790 18 16 le
3350 3791 79 15 moment
3440 3790 22 16 de
3472 3790 92 16 consulter
3573 3791 18 15 la
3601 3790 84 18 rubrique

3356 3832 9 11 <
3381 3828 126 18 Villégiatures
3522 3833 9 10 »
3547 3829 46 15 dans

3273 3864 50 20 LES
3339 3865 116 20 PETITES
3471 3866 150 19 .ANNONCES
3636 3865 38 19 DE

3223 3901 67 61 La
3307 3902 238 62 Dernière
3561 3903 162 62 Heure

3242 4028 459 113 EVIAN

3335 4157 31 17 LA
3376 4157 112 18 STATION
3500 4158 36 18 DO
3549 4157 59 18 REIN

3286 4187 41 23 15
3344 4188 63 23 MAI
3425 4197 13 7 -
3457 4188 19 24 5
3492 4187 169 25 OCTOBRE

3243 4233 149 19 NOMBREUX
3397 4234 107 21 HOTELS,
3509 4235 59 17 PRIX
3573 4232 127 22 MODERES

3241 4271 112 21 CASINO
3358 4272 123 20 -TENNIS
3487 4278 11 6 -
3504 4272 93 20 GOLF-
3604 4272 97 21 PLAGE

3242 4315 114 14 S'ADRCSS»
3363 4319 5 10 t
3376 4314 110 15 SYNDICAT
3493 4314 142 17 D'IMTIATTVZ,
3644 4316 55 13 EVIAW

2692 4400 39 149 r

2734 4431 290 32 ARTHRITIQUES
3057 4444 13 8 -
3105 4430 209 28 GOUTTEUX
3347 4443 12 8 -
3394 4425 256 35 DIABÉTIQUES

2892 4493 53 20 aux
2970 4493 83 26 repas

2772 4538 715 67 VICHY-CELESTINS

2935 4619 123 32 ÉLIMINE
3078 4623 114 27 L'ACIDE
3214 4623 109 31 URIQUE

2732 4674 106 23 EXIGEZ
2855 4680 42 16 sur
2913 4674 23 22 le
2952 4674 89 26 goulot
3061 4674 32 22 de
3114 4674 23 22 la
3158 4674 120 23 bouteille
3296 4674 23 21 le
3335 4673 91 27 disque
3444 4672 57 22 bleu

2710 4742 137 133 Y
2988 4742 397 85 ANEMIE
3536 4740 139 139 ^|

2918 4856 555 141 Pepto-Fer

3065 5000 38 24 du
3120 5000 33 24 D*
3176 5000 141 28 JAILLET

2728 5038 218 44 tonique,
2987 5037 194 46 digestif
3220 5039 50 39 et
3313 5039 342 41 reconstituant

2727 5093 66 23 Ainsi
2809 5102 42 20 que
2868 5091 15 26 T
2883 5098 98 19 attestent
2995 5094 50 28 plus
3061 5094 26 24 de
3104 5094 114 25 100.000
3236 5095 69 24 lettres
3318 5096 104 24 émanant
3437 5096 29 25 du
3479 5105 61 20 corps
3557 5095 98 29 médical,

2726 5135 84 15 aucune
2836 5127 138 27 préparation
3001 5136 26 15 ne
3052 5132 51 24 peut
3126 5129 43 23 être
3195 5129 110 26 comparée
3328 5139 30 15 au
3381 5128 219 28 PEPTO-FER
3626 5130 30 25 du

2728 5157 38 25 Dr
2775 5158 160 26 "JAILLET
2960 5169 56 19 pour
3042 5161 75 30 guérir
3142 5161 142 31 l'Animiez,
3311 5162 23 25 la
3360 5161 140 33 Chlorose,
3523 5164 30 25 les
3579 5162 80 27 Pâles

2726 5191 135 30 couleurs,
2878 5193 29 25 les
2927 5192 156 27 Mauvaises
3102 5193 155 32 Digestions
3276 5202 27 22 el.
3324 5207 27 15 en
3371 5198 97 30 général,
3489 5203 58 21 toute
3565 5198 94 26 débilité.

2727 5230 62 20 MODE
2803 5231 79 20 D'EMPL
2881 5231 22 21 OI
2916 5239 6 12 :
2935 5231 37 22 Un
2980 5234 52 23 petit
3041 5240 60 14 verre
3112 5234 13 20 à
3134 5234 83 25 liqueur
3230 5235 177 21 immédiatement
3419 5244 63 17 «près
3495 5237 82 24 chèque
3589 5243 70 18 repn.
3702 5236 18 23 S

2851 5262 22 42 |
2891 5265 52 32 En
2956 5273 95 26 vente
3064 5268 86 32 dans
3163 5275 105 27 toutes
3279 5270 214 41 pharmacies
3514 5267 19 44 |

2856 5312 71 15 VÏNTE
2941 5312 27 16 tN
2983 5313 60 15 GROS
3059 5317 5 11 I
3078 5314 26 15 M.
3120 5315 22 14 M
3149 5314 98 16 E.N'LECL,
3255 5315 25 13 M,
3287 5315 21 13 M
3317 5316 6 13 l
3334 5316 17 12 M
3361 5326 4 3 .
3385 5316 13 13 A
3416 5316 85 14 PRt'XFI
3508 5316 39 14 1RS
