4172 5921
110 240 95 84 Le
243 243 366 83 Bruxelles
639 243 114 98 qui
791 246 146 78 s'en
974 263 167 62 va...

87 394 35 22 Le
159 395 75 23 vieux
268 395 113 27 quartier
415 396 136 22 bruxellois
583 397 31 21 de

56 423 109 23 l'ancien
190 426 85 26 aniigo
300 425 68 22 vient
395 426 31 21 de
450 425 161 29 disparaître;

56 453 38 21 les
113 454 112 22 derniers
246 455 147 21 immeubles
413 456 30 21 de
462 456 26 21 la
508 461 44 16 rue
570 456 43 27 qui

55 484 98 26 portait
169 489 45 16 son
231 490 65 18 nom,
314 485 65 21 ainsi
396 490 47 21 que
460 490 63 16 ceux
540 486 30 21 de
588 485 24 20 la

56 517 45 17 rue
120 513 31 22 de
169 513 99 22 l'Rtuve
287 513 26 22 et
333 514 31 21 de
380 514 26 21 la
425 519 45 16 rue
487 515 34 21 du
539 515 61 20 Lom-

55 542 71 24 bard,
149 543 43 26 qui
215 543 102 22 avaient
339 543 40 21 été
403 544 158 25 condnmnés,
585 548 26 17 se

55 573 60 20 sont
137 573 130 21 effondrés
292 578 59 16 sous
374 573 37 21 les
434 578 78 22 coups
534 574 30 21 de
586 574 26 21 la

56 602 81 26 pique,
157 602 30 21 de
207 602 25 22 la
252 602 88 26 pioche
359 603 26 20 et
405 603 33 21 du
457 603 106 26 hoyau...

87 631 105 25 Jamais,
211 632 64 21 dans
294 632 25 21 la
338 632 115 27 capitale,
472 638 33 16 on
523 633 88 21 n'aura

55 661 93 21 autant
166 661 91 21 démoli
279 667 47 21 que
346 661 88 27 depuis
454 666 42 17 ces
516 661 85 22 derniè-

56 695 42 16 res
117 691 100 21 années.
238 691 35 21 Et
293 692 58 20 tous
370 696 42 16 ces
434 692 116 25 antiques
570 691 29 21 dé-

54 724 65 18 cors,
141 720 42 26 qui
203 721 133 20 s'effacent
356 721 37 20 les
412 726 48 15 uns
480 720 74 26 après
574 720 36 20 les

54 749 95 24 autres,
166 750 103 24 offrent,
286 755 33 16 au
336 750 153 27 philosophe,
505 755 33 15 au
553 748 46 27 poè-

55 778 27 22 te
103 779 25 21 et
148 779 17 21 à
185 779 188 26 l'observateur,
393 780 110 21 maintes
523 779 86 21 scènes

54 808 18 21 à
91 809 114 21 méditer.

85 838 41 21 En
158 838 179 26 contemplant,
371 844 32 16 en
435 839 30 21 de
499 837 109 22 certains

53 867 135 26 quartiers,
207 873 43 16 ces
267 869 87 20 vastes
371 868 130 21 demeures
519 870 89 19 encore

54 896 143 23 habitables
214 903 33 16 ou
263 903 43 16 ces
322 897 152 22 minuscules
492 897 117 25 bicoques

54 926 325 26 décrépites.abandonnées
394 931 106 22 presque
517 926 91 22 toutes.

635 395 62 26 sent,
715 395 104 26 quelque
838 394 120 20 immense
975 392 108 21 réclame
1100 397 32 17 en
1148 393 29 21 fa-

634 430 63 16 veur
720 425 57 20 d'un
801 427 84 20 savon,
910 422 73 21 d'une
1007 422 124 26 cigarette
1156 426 31 16 ou

635 455 71 20 d'une
724 452 144 26 margarine
886 451 160 26 quelconque.

664 544 39 21 En
725 543 52 23 bas,
799 541 61 22 c'est
877 542 25 21 le
921 542 83 25 public
1027 546 7 17 :
1054 542 133 25 étrangers

634 573 42 26 qui
696 571 140 24 s'arrêtent,
858 570 163 22 surveillants
1040 572 43 26 qui
1103 571 72 22 déam-

634 601 91 25 bulent,
744 601 135 21 intéressés
897 601 42 26 qui
956 600 123 22 chiffrent
1096 606 32 16 ou
1145 601 42 27 qui

634 630 180 24 réfléchissent,
838 630 149 26 ménagères
1009 630 122 22 affairées
1155 635 31 16 ou

633 660 126 27 employés
774 660 87 22 hâtifs,
879 661 42 25 qui
937 665 31 16 ne
984 660 113 26 risquent
1111 660 75 26 qu'un

633 695 62 21 coup
710 689 65 21 d'œil
791 689 94 26 rapide,
902 695 31 16 en
950 689 113 27 passant.
1079 690 35 21 Ce
1129 690 58 20 sont

632 720 70 20 aussi
720 719 37 21 les
775 718 114 23 flâneurs
907 719 49 26 qui,
975 719 23 21 le
1016 724 47 16 nez
1081 724 31 17 en
1131 719 57 21 l'air

632 749 26 21 et
673 749 23 20 le
712 753 47 16 cou
773 748 84 25 tendu,
873 749 173 21 s'intéressent
1061 754 51 16 aux
1129 749 46 25 opé-

632 778 97 21 rations
751 778 122 24 diverses;
895 779 37 20 les
953 778 78 27 petits
1053 778 133 26 bourgeois

632 808 42 25 qui
695 808 120 21 viennent
837 808 62 28 voir,
922 808 77 23 émus,
1022 808 25 21 la
1069 812 117 17 carcasse

635 836 153 22 lamentable
809 837 30 20 de
860 837 27 21 la
907 837 118 26 boutique
1046 837 73 26 qu'ils
1141 838 43 19 ont

631 867 123 26 exploitée
769 868 113 25 pendant
899 867 73 26 vingt
986 872 32 17 ou
1034 868 82 21 trente
1132 872 53 19 ans,

631 896 26 21 et
673 896 73 26 qu'ils
763 896 44 22 ont
823 897 34 20 dû
872 897 101 26 quitter,
989 897 68 21 voilà
1072 897 66 20 deux
1154 901 32 16 ou

631 925 63 21 trois
714 926 72 21 mois.
807 926 22 21 Il
849 931 19 21 y
889 931 16 16 a
925 926 104 26 parfois,
1051 926 77 24 enfin,
1149 926 37 21 les

355 1900 51 24 Les
422 1900 121 25 ouvriers
558 1900 181 25 démolissent
753 1900 120 31 l'Amigo.

50 1950 29 22 et
95 1950 166 26 s'affaissant,
278 1951 65 26 déjà,
363 1950 16 22 à
396 1951 27 21 la
439 1950 52 26 file,
509 1955 98 18 comme

50 1981 83 22 lasses
157 1981 27 21 et
207 1981 135 26 résignées,
367 1985 58 18 vers
448 1981 23 21 le
495 1981 100 21 délabre-

52 2010 74 22 ment
149 2011 47 21 des
222 2010 93 27 rigoles
340 2010 142 26 disloquées
508 2011 27 21 et
561 2011 45 21 des

51 2039 117 22 trottoirs
198 2041 123 23 mauvais,
352 2040 50 20 l'on
433 2044 79 22 songe
536 2040 17 21 à
576 2040 31 20 de

49 2069 98 22 Tieilles
164 2074 93 17 veuves
275 2069 82 22 ridées
376 2070 26 21 et
422 2069 184 22 souffreteuses

50 2099 45 27 qui
115 2104 27 16 se
163 2099 165 21 souviennent
348 2099 26 21 et
394 2098 132 27 penchent,
548 2103 59 17 vers

54 2128 29 22 la
98 2128 86 21 tombe
202 2128 100 26 proche,
321 2128 56 21 leur
393 2128 73 21 front
483 2128 74 21 lourd
573 2128 31 21 de

50 2157 196 28 rétrospectives
265 2158 118 22 rêveries.

83 2188 64 21 Sous
170 2188 27 21 la
219 2187 80 22 clarté
322 2187 181 27 mélancolique
527 2188 30 21 de
580 2188 26 21 la

49 2217 60 22 lune
123 2218 27 21 et
163 2218 63 21 dans
240 2217 24 22 le
278 2217 58 21 bleu
352 2218 92 20 silence
459 2218 31 20 de
503 2218 26 20 la
542 2218 62 23 nuit,

50 2248 57 21 rien
123 2247 31 21 de
174 2247 217 26 suggestivement
409 2247 112 21 évocatif
538 2252 57 16 com-

49 2281 43 17 me
106 2282 42 16 ces
162 2277 109 20 bâtisses
285 2276 207 26 fantomatiques,
509 2276 44 27 qui
564 2277 31 20 fu-

50 2306 59 22 rent
125 2306 38 21 les
181 2306 108 21 témoins
307 2306 31 21 de
357 2306 58 21 tant
433 2306 171 23 d'existences,

52 2336 33 21 de
109 2336 57 21 tant
191 2336 31 21 de
248 2336 101 21 drames
375 2335 117 21 sinistres
518 2340 32 16 ou
575 2336 30 20 de

50 2365 118 27 joyeuses
187 2365 125 21 comédies
332 2365 62 21 dont
413 2365 69 20 leurs
503 2365 102 21 anciens

50 2395 131 22 habitants
194 2395 88 21 furent
293 2395 39 21 les
346 2394 75 21 héros
436 2395 122 21 inconnus
573 2399 31 16 ou

51 2425 103 21 oubliés.

81 2507 74 25 Mais,
179 2507 23 22 le
226 2507 88 24 matin,
339 2508 24 21 le
387 2507 126 26 spectacle
535 2506 69 27 perd,

50 2542 50 22 peu
114 2537 17 21 à
144 2542 55 22 peu,
216 2543 29 16 sa
258 2538 85 26 poésie
357 2537 164 27 fantastique,
536 2537 27 21 et
579 2536 26 21 la

50 2566 105 23 lumière
171 2567 34 21 du
221 2567 58 26 jour
294 2567 36 21 lui
347 2567 61 23 rend
425 2572 30 16 sa
471 2567 133 26 prosaïque

49 2597 87 21 raison
151 2596 86 22 d'être.

80 2626 72 22 Voici
168 2627 26 21 la
212 2626 81 22 bande
311 2626 44 21 des
373 2626 113 21 ouvriers
502 2631 33 16 au
553 2627 42 20 tra-

48 2656 53 22 vail
121 2661 7 16 :
147 2655 173 27 charpentiers
336 2656 116 26 alignant
468 2655 45 21 des
529 2655 65 26 palis-

52 2686 76 21 sades
152 2691 34 16 ou
211 2686 102 20 élevant
336 2686 46 20 des
408 2685 196 26 échafaudages,

49 2720 161 17 manœuvres
223 2715 135 25 amputant
369 2715 38 21 les
418 2714 106 26 façades
536 2714 69 22 ébré-

51 2745 76 21 chées
151 2750 33 16 ou
209 2744 114 22 blessant
347 2745 38 20 les
409 2744 127 21 blessures
561 2744 45 21 des

48 2775 91 21 voûtes
156 2775 57 26 plus
233 2774 159 24 résistantes;
410 2774 137 26 plombiers
563 2773 31 21 dé-

54 2803 106 26 vissant,
175 2803 39 25 ici,
229 2803 38 22 les
279 2803 125 22 branches
418 2803 45 21 de3
476 2802 128 27 appareils

49 2833 19 22 à
87 2839 56 21 gaz.
165 2834 32 24 là,
217 2834 38 20 les
276 2833 92 21 coudes
389 2833 45 21 des
455 2834 98 24 tuyaux
574 2832 31 21 de

50 2864 112 24 conduit;
183 2862 150 23 menuisiers
351 2862 138 23 détachant
508 2863 38 20 les
564 2866 32 16 ca-

49 2893 60 22 dres
124 2893 44 21 des
183 2893 106 21 vitrines
304 2897 33 16 ou
355 2891 147 27 disséquant
518 2892 76 20 l'ossa-

50 2922 58 23 ture
133 2923 45 20 des
202 2922 161 27 charpentes;
390 2921 103 22 vitriers
517 2921 78 21 décou-

49 2950 64 30 pant
129 2952 37 22 lés
183 2952 87 27 glaces
287 2951 26 21 et
328 2952 37 20 ies
382 2955 133 20 carreaux;
533 2951 62 20 char-

50 2982 92 22 retiers
163 2981 168 24 accumulant,
354 2986 44 15 sur
420 2981 68 20 leurs
509 2980 86 21 tombe-

49 3016 88 23 reaux,
157 3011 38 21 les
216 3010 101 27 briques
339 3010 108 24 cassées,
470 3009 39 21 les
529 3008 67 22 moel-

49 3040 57 23 lons
126 3040 121 22 meurtris
268 3039 26 22 et
314 3040 38 20 les
374 3038 99 27 plâtras
494 3038 101 26 poussié-

50 3075 65 17 reux
141 3070 43 26 qui
210 3068 163 23 encombrent
397 3067 140 23 l'intérieur
562 3068 45 21 des

49 3099 147 22 bâtiments.

81 3129 95 22 Toutes
197 3129 38 21 les
255 3128 133 26 boutiques
411 3128 26 21 et
459 3127 37 21 les
518 3131 77 22 maga-

49 3159 55 22 sins
122 3159 44 21 des
185 3158 216 21 rez-de-chaussée
419 3158 57 20 sont
494 3156 101 21 barrica-

50 3188 52 25 dés,
123 3189 33 25 et,
178 3188 31 26 çà
230 3188 26 21 et
274 3187 34 26 là,
330 3192 45 16 sur
394 3187 37 21 les
452 3187 82 21 volets
556 3186 38 21 soi-

50 3218 167 27 gneusement
248 3217 144 24 boulonnés,
425 3216 44 21 des
501 3215 93 27 inscrip-

50 3247 69 23 tions
136 3252 27 17 se
179 3247 77 21 lisent
275 3251 7 17 :
300 3252 14 15 «
329 3246 36 21 Te
380 3245 144 27 verkoopen
540 3250 14 15 »
573 3249 33 17 ou

52 3283 15 15 <
90 3277 139 22 devanture
252 3276 17 21 à
291 3276 94 21 vendre
407 3280 22 17 ».
453 3275 93 21 Contre
568 3274 38 22 les

50 3312 66 23 pans
138 3307 31 21 de
190 3306 137 24 murailles,
351 3303 189 23 s'amoncellent
561 3304 45 21 des

51 3338 44 22 tas
114 3336 30 22 de
164 3336 144 21 matériaux
329 3335 90 23 divers,
441 3334 105 26 poutres
565 3333 31 21 dé-

50 3366 148 22 barrassées
220 3365 32 22 de
274 3365 55 21 leur
350 3364 112 25 mortier,
485 3363 121 26 planches

49 3395 233 27 méthodiquement
319 3393 172 27 superposées,
529 3392 78 22 lattes

50 3425 111 25 moisies,
182 3429 136 16 morceaux
339 3424 31 20 de
391 3423 55 21 bois
468 3422 138 24 vermoulu,

50 3455 128 22 ferrailles
212 3453 123 24 rouillées,
370 3453 90 20 barres
496 3452 110 23 tordues,

51 3485 97 27 pierres
173 3484 31 21 de
228 3483 70 21 taille
322 3482 140 23 ébréchées,
488 3481 119 26 tronçons

51 3514 145 22 d'escaliers
217 3512 142 25 tournants,
388 3511 87 27 portes
504 3510 103 27 vitrées,

52 3544 154 27 persiennes,
233 3542 154 25 balconnets,
413 3541 97 26 ^Tilles,
535 3544 62 17 man-

52 3573 79 22 teaux
146 3573 31 21 de
194 3572 148 23 cheminées,
358 3571 24 21 le
399 3571 57 21 tout
471 3570 56 25 trié,
542 3569 54 22 clas-

55 3602 36 25 sé,
108 3601 90 27 aligné,
214 3600 107 27 compté,
336 3600 18 21 il
368 3600 59 23 faut
440 3599 56 21 voir
507 3599 7 21 !

75 3632 66 21 Tout
153 3636 34 18 un
198 3631 65 26 petit
273 3629 91 22 monde
376 3629 31 21 de
419 3628 187 27 commerçants

51 3662 44 21 du.
106 3662 139 25 voisinage,
266 3661 31 20 de
317 3660 126 21 vendeurs
463 3659 31 21 de
514 3658 94 22 bric-à-

51 3692 64 21 brac
143 3696 34 16 ou
206 3691 32 20 de
266 3689 128 22 modestes
416 3688 194 27 entrepreneurs

50 3721 71 25 vont,
134 3719 126 25 viennent,
275 3718 148 22 examinant
435 3718 27 21 la
473 3718 124 20 marchan-

52 3751 54 21 dise
127 3750 140 21 d'occasion
287 3753 62 17 avec
371 3748 38 21 les
427 3747 182 29 propriétaires

52 3785 35 18 ou
106 3780 69 21 leurs
195 3777 200 28 représentants;
418 3776 113 22 l'affaire
551 3781 48 17 con-

52 3810 56 22 clue
128 3814 44 17 sur
190 3809 72 27 place
282 3813 33 16 ou
334 3808 65 20 dan3
417 3811 36 17 un
472 3805 137 22 estaminet

51 3839 101 27 proche,
169 3838 134 21 acheteurs
318 3837 28 21 et
361 3836 124 22 vendeurs
500 3841 28 17 se
543 3835 55 27 quit-

52 3869 59 22 tent
134 3873 61 16 avec
217 3867 107 22 l'intime
355 3865 124 22 certitude
513 3864 97 22 d'avoir

52 3898 58 23 fait,
133 3898 38 21 les
191 3902 48 16 uns
262 3901 97 17 comme
383 3895 37 21 les
442 3895 96 28 autres,
559 3898 50 17 une

52 3928 83 22 lionne
151 3926 138 27 opération.

86 4006 142 22 Au-dessus
248 4005 44 22 des
312 4005 113 25 vitrines,
446 4004 45 21 des
511 4003 97 22 bandes

54 4042 34 17 en
104 4037 75 21 coton
192 4036 67 25 écru,
275 4035 59 23 d'un
348 4034 75 23 blanc
437 4035 98 21 devenu
549 4034 49 21 dou-

54 4066 69 26 teux,
142 4066 143 22 annoncent
302 4069 49 22 que
368 4064 24 21 le
411 4068 141 17 commerce
570 4063 40 20 est

56 4096 128 22 transféré
200 4095 59 22 telle
277 4099 52 20 rue,
348 4094 36 21 tel
400 4093 112 21 numéro.

85 4125 73 27 Déjà,
175 4124 133 25 d'ailleurs,
326 4124 27 21 la
367 4123 104 27 plupart
486 4122 44 22 des
546 4121 53 22 mai-

54 4160 62 18 sons
128 4155 45 22 ont
185 4154 79 28 perdu
276 4154 56 23 leur
343 4152 92 27 façade
453 4157 6 16 :
472 4151 140 21 l'intérieur

55 4185 78 23 laisse
166 4183 133 25 entrevoir,
331 4182 99 27 d'étage
462 4185 32 17 en
527 4180 82 27 étage,

55 4214 144 27 d'étranges
231 4212 135 27 stigmates
397 4210 133 27 évoquant,
563 4214 48 22 par

55 4243 70 23 leurs
148 4243 93 22 teintes
263 4241 130 27 multiples
418 4240 27 21 et
467 4240 70 20 leurs
558 4239 42 20 for-

56 4278 56 18 mes
132 4272 106 26 variées,
257 4270 108 28 l'aspect
385 4270 32 21 de
437 4274 44 17 ces
500 4268 112 22 terrains

55 4303 172 22 multicolores
246 4301 43 27 qui
308 4298 187 24 s'échelonnent
514 4297 87 27 irrégu-

55 4332 133 23 lièrement
203 4336 45 16 sur
262 4331 38 21 les
314 4329 110 22 coteaux
438 4327 114 22 cultivés.

83 4361 72 22 Voici
173 4361 27 21 la
218 4361 92 25 longue
330 4359 72 21 route
421 4358 71 21 noire
511 4357 28 21 et
559 4356 42 21 tor-

60 4390 90 23 tueuse
164 4390 59 27 qu'a
237 4388 80 22 suivie
324 4388 27 21 la
357 4386 99 22 traînée
464 4386 31 22 de
503 4386 54 20 suie
565 4385 46 21 des

54 4422 64 21 feux
133 4420 102 24 d'hiver,
250 4419 45 21 des
308 4417 79 28 petits
400 4417 63 21 feux
477 4414 135 27 bourgeois

56 4456 47 17 sur
122 4449 109 28 lesquels
252 4448 59 23 tant
340 4447 31 22 de
402 4445 144 22 bouilloires
567 4444 46 21 ont

57 4480 93 22 chanté
172 4479 27 22 et
219 4478 60 22 tant
300 4477 31 21 de
354 4481 14 16 «
391 4473 185 24 koekebakken

57 4509 82 25 sauté,
157 4509 65 21 dans
239 4508 24 21 le
280 4504 193 30 prolongement
490 4504 45 21 des
551 4503 50 22 bon-

57 4544 47 18 nes
119 4538 94 22 soirées
226 4536 145 23 familiales.

90 4568 75 22 Voilà
182 4566 116 23 l'endroit
315 4564 33 22 où
365 4562 133 23 s'accotait
512 4563 27 21 la
554 4566 48 23 gar-

58 4598 109 24 de-robe,
184 4596 43 28 qui
243 4600 27 17 se
287 4593 132 24 reconnaît
433 4597 35 18 au
482 4590 131 28 rectangle

58 4628 32 23 de
106 4626 134 28 tapisserie
257 4624 57 28 plus
329 4623 100 22 fraîche
447 4626 45 18 sur
508 4622 24 21 le
547 4625 66 18 mur.

90 4656 70 28 Puis,
185 4654 63 24 c'est
270 4654 25 22 le
319 4650 188 30 serpentement
529 4649 85 27 inégal

58 4674 102 35 dessiné'
174 4689 49 23 par
236 4682 129 25 l'escalier,
381 4686 48 23 que
445 4681 58 21 tant
518 4680 32 22 de
566 4683 49 23 pas

59 4715 104 22 avaient
183 4712 175 29 Joyeusement
380 4711 73 27 gravi
475 4715 33 16 ou
528 4708 75 22 triste-

59 4746 72 21 ment
152 4742 133 24 descendu.
306 4741 61 22 Puis
391 4744 97 22 encore,
510 4739 24 21 le
556 4739 59 21 trou

58 4775 53 23 fait
124 4779 49 22 par
185 4772 105 22 l'alcôve
304 4773 26 22 et
343 4775 49 22 que
405 4769 104 25 bouche,
525 4768 18 22 à
558 4767 57 28 pré¬

630 1952 118 25 obstinés,
769 1952 38 22 les
829 1952 75 26 têtus,
926 1958 63 16 ceux
1009 1958 48 22 que
1078 1954 95 26 l'expro-

629 1982 111 27 priation
774 1988 17 15 a
822 1983 161 21 bouleversés
1017 1983 64 21 dans
1115 1984 69 21 leurs

628 2016 95 17 mœurs
740 2012 150 25 casanières,
905 2012 116 27 indignés
1036 2018 98 16 comme
1149 2017 35 17 un

630 2042 112 26 outrage,
763 2042 26 21 et
808 2042 43 26 qui
869 2042 71 21 n'ont
957 2042 124 27 prétendu
1100 2043 72 21 démé-

628 2076 81 21 nager
722 2071 58 26 qu'à
793 2071 26 21 la
835 2071 113 22 dernière
962 2072 98 21 minute
1078 2077 7 16 :
1100 2072 26 22 la
1140 2077 32 23 pe-

629 2101 46 21 tite
692 2101 134 26 tapissière
843 2101 41 21 est
899 2101 33 24 là,
952 2102 93 21 devant
1061 2102 27 21 la
1103 2103 79 24 porte,

626 2131 27 20 et
666 2135 33 16 on
711 2135 18 21 y
744 2135 101 16 enserre
859 2131 38 22 les
910 2131 119 25 meubles,
1043 2131 126 22 fiévreuse-

628 2160 77 25 ment,
720 2160 17 21 à
750 2160 27 21 la
791 2160 89 22 diable.

658 2251 36 20 Le
713 2251 57 25 soir,
790 2251 45 21 des
852 2251 129 21 lanternes
1003 2251 26 22 et
1047 2252 44 21 des
1111 2252 61 21 lumi-

628 2285 81 21 gnons
726 2281 113 23 fumeux,
857 2282 135 21 accrochés
1008 2286 51 17 aux
1076 2282 96 26 palissa-

627 2310 53 27 des,
714 2310 131 22 déchirent
875 2310 144 22 l'obscurité
1051 2311 31 21 de
1114 2311 69 21 leurs

628 2340 92 25 lueurs,
743 2340 23 21 si
788 2340 58 21 bien
867 2341 75 26 qu'on
963 2340 84 25 dirait,
1069 2341 31 20 de
1123 2341 59 23 loin,

628 2374 47 22 que
690 2370 63 21 c'est
767 2370 34 21 du
816 2375 65 22 sang
896 2371 42 26 qui
952 2370 71 21 brûle
1039 2375 60 16 sous
1114 2370 68 21 leurs

627 2400 134 26 paupières
776 2400 31 21 de
823 2404 73 17 verre
913 2404 85 22 rouge.

657 2442 124 24 Veilleurs
799 2444 26 21 et
841 2444 126 26 gardiens,
986 2448 62 17 avec
1063 2444 120 26 quelques

628 2473 83 21 débris
730 2473 31 21 de
778 2473 121 21 boiseries
917 2473 183 26 abandonnées,
1119 2473 53 22 allu-

627 2503 71 21 ment
719 2503 31 21 de
769 2503 79 26 petits
867 2503 62 21 feux
949 2503 31 21 de
1000 2502 70 26 coke,
1091 2508 48 22 que
1159 2502 23 21 le

627 2533 61 21 vent
700 2532 83 22 anime
797 2533 25 20 et
834 2533 51 20 fait
898 2532 116 27 crépiter.
1027 2533 38 20 La
1077 2533 105 21 flamme

628 2562 106 26 allonge,
759 2567 45 16 sur
828 2562 24 21 le
876 2562 45 25 sol,
944 2562 105 21 l'ombre
1074 2562 31 21 de
1129 2562 55 21 leur

628 2591 141 26 silhouette,
786 2591 236 27 fantastiquement.
1040 2591 57 22 Une
1113 2592 70 20 main

628 2621 120 22 enfoncée
761 2621 65 22 dans
839 2621 26 22 la
878 2621 79 27 poche
971 2621 31 21 de
1016 2621 56 21 leur
1086 2621 97 27 paletot

628 2651 127 26 effiloqué,
779 2651 37 21 les
838 2651 68 21 voilà
929 2651 43 27 qui
996 2651 147 26 s'asseyent,
1167 2650 16 21 à

628 2681 65 20 deux
710 2686 33 16 ou
760 2680 70 25 trois,
849 2680 92 22 autour
959 2681 34 21 du
1012 2685 14 16 «
1045 2680 106 22 brazero
1169 2686 13 14 »

627 2710 127 26 pétillant;
776 2710 32 22 ils
829 2710 129 27 allongent
978 2710 38 21 les
1037 2710 99 26 jambes
1157 2710 26 20 et

627 2739 100 23 fument
742 2740 55 21 leur
810 2740 65 27 pipe,
892 2745 31 16 en
938 2739 124 22 devisant.

658 2777 68 21 C'est
742 2776 94 22 l'heure
853 2776 33 22 où
900 2776 105 27 passent
1020 2776 31 21 de
1070 2776 113 21 derniers

627 2805 74 26 taxis,
717 2811 32 17 en
763 2806 44 21 des
820 2806 170 21 hululements
1004 2806 30 22 de
1048 2805 104 22 sirènes.

657 2843 116 27 Demain,
792 2843 38 21 les
849 2843 143 21 charrettes
1010 2842 18 22 à
1047 2843 73 21 chien
1138 2843 45 21 des

627 2873 97 21 laitiers
735 2872 38 22 les
783 2872 148 22 trouveront
942 2872 16 21 à
969 2873 55 20 leur
1034 2872 80 27 poste,
1126 2873 46 21 tan-

628 2903 39 21 dis
687 2907 48 22 que
752 2902 24 21 le
794 2902 71 21 soleil
883 2902 34 21 du
934 2902 83 21 matin
1034 2902 32 21 de
1083 2902 100 27 janvier

628 2937 28 16 se
671 2932 86 21 lèvera
773 2931 65 22 dans
855 2936 47 16 son
916 2931 29 21 lit
963 2932 30 20 de
1009 2932 102 21 brumes
1128 2931 44 27 gla-

632 2961 65 25 cées,
729 2960 26 22 et
785 2965 28 17 se
844 2960 124 25 montera,
991 2960 136 22 au-dessus
1150 2960 31 21 de

628 2991 120 21 l'horizon
761 2990 31 22 de
805 2990 119 25 Woluwe,
938 2995 98 16 comme
1048 2995 49 16 une
1111 2994 62 22 gros-

629 3025 27 17 se
672 3025 94 21 orange
781 3019 64 22 dans
862 3024 37 16 un
913 3019 89 27 papier
1015 3024 104 21 soyeux.

908 3063 112 25 Adolphe
1033 3063 124 21 HAKDT.

839 3114 107 22 -•■K-O-

670 3152 44 32 Un
737 3152 85 39 dépôt
845 3152 34 34 de
902 3163 115 28 wagons
1036 3165 35 20 en
1094 3150 49 33 feu

754 3197 70 31 dans
845 3196 26 32 le
894 3196 124 32 Caucase
1044 3208 9 19 :

751 3242 18 30 2
788 3246 103 32 morts;
917 3242 18 31 3
954 3240 106 33 blessés

884 3315 108 22 Moscou,
1009 3314 27 20 18
1052 3313 104 25 janvier.

654 3347 41 22 Un
715 3346 113 21 incendie
849 3347 60 20 s'est
928 3346 97 21 déclaré
1046 3346 17 21 à
1086 3346 97 24 Grozni,

628 3380 64 20 dans
715 3380 25 23 le
764 3380 118 24 Caucase,
909 3379 61 21 dans
996 3385 34 15 un
1055 3378 75 26 dépôt
1154 3379 30 20 de

628 3419 109 20 wagons.

655 3446 147 24 L'incendie,
824 3447 42 25 qui
889 3447 39 20 est
950 3446 33 21 dû
1004 3446 18 21 à
1041 3445 143 26 l'explosion

630 3480 57 20 d'un
720 3479 124 22 réservoir
878 3480 131 24 d'essence,
1043 3486 16 14 a
1091 3479 94 21 détruit

630 3518 105 20 presque
755 3514 57 19 tout
832 3513 23 21 le
877 3511 74 26 dépôt
970 3513 27 20 et
1015 3517 17 16 a
1052 3513 48 20 fait
1123 3512 62 20 deux

629 3546 80 20 morts
726 3547 26 20 et
770 3546 62 21 trois
850 3545 100 22 blessés.

785 3624 249 33 PROPAGEZ

635 3689 63 38 LA
746 3688 212 38 NATION
1010 3689 173 37 BELGE

1223 288 529 23 ARCHITECTKS-KNTKEI'HENEUUS

1211 322 89 37 LES
1315 322 239 36 ATELIERS
1569 324 196 35 PERNET

1209 381 26 15 ee
1257 375 113 22 tiennent
1393 374 16 21 à
1431 376 70 19 votre
1524 375 144 24 dispoeeltion
1692 381 71 20 pour:

1236 408 225 21 MENUISERIES
1485 410 46 19 EN
1553 409 164 25 GENERAT,,

1237 441 175 20 BOISERIES
1438 440 238 28 DECORATIVES,

1236 474 127 22 PORTES
1387 475 182 21 STANDARD-.

1423 510 47 23 117,
1486 514 43 16 rue
1545 509 105 21 Anntole
1663 510 102 23 France,

1476 541 203 22 BRUXELLES.

1515 575 27 20 T.
1561 575 95 21 15.51.72

1213 654 78 69 Les
1316 655 190 68 sociétés
1534 655 231 70 familiales

1228 773 30 37 La
1279 773 167 38 Commission
1466 775 31 36 du
1521 774 78 38 Sénat
1622 784 13 28 a
1664 775 84 46 publié

1391 841 47 29 son
1462 835 105 44 rapport

1240 887 35 23 I.e
1289 891 112 26 rapport
1415 887 32 25 de
1461 889 32 24 M.
1507 887 87 31 Rolin,
1609 896 33 16 au
1657 895 61 17 nom
1733 888 32 23 cle

1208 917 24 24 la
1256 918 176 24 Commission
1456 919 33 24 (le
1512 918 24 25 la
1559 918 101 24 Justice
1682 918 46 29 qui
1751 925 13 15 a

1205 947 125 24 examine
1349 948 25 22 le
1392 948 87 34 projet
1498 948 33 25 «le
1549 949 36 23 loi
1606 947 90 24 relatif
1714 954 51 16 aux

1207 977 115 24 sociétés
1338 976 151 31 familiales,
1508 978 103 23 devenu
1629 978 86 29 projet
1734 978 32 22 de

1207 1007 35 24 loi
1259 1013 47 16 sur
1321 1008 38 23 les
1374 1007 114 25 sociétés
1504 1007 105 29 privées
1626 1008 14 23 à
1657 1013 97 22 respon-

1208 1036 107 24 sabilité
1337 1037 110 29 limitée,
1471 1037 74 23 vient
1570 1035 82 26 d'être
1677 1035 79 24 distri-

1206 1065 61 26 bué.

1241 1098 39 22 On
1301 1096 50 25 sait
1370 1103 50 23 que
1438 1103 30 16 ce
1487 1094 87 31 projet
1593 1094 59 24 voté
1672 1101 49 23 par
1739 1094 25 23 la

1209 1126 139 28 Chambre,
1372 1126 40 25 fut
1434 1125 112 24 amendé
1569 1131 49 23 par
1641 1125 23 22 le
1687 1123 78 25 Sénat

1209 1156 60 28 puis
1290 1156 117 29 renvoyé
1427 1161 50 25 par
1496 1156 69 22 celte
1585 1153 145 25 assemblée
1752 1154 14 23 à

1208 1185 25 24 la
1256 1185 177 24 Commission
1456 1185 32 23 de
1509 1183 25 25 la
1557 1183 109 28 Justice,
1687 1183 79 30 après

1209 1221 34 17 un
1262 1214 118 30 premier
1398 1215 68 23 vole.

1242 1245 36 24 La
1304 1244 176 25 Commission
1506 1249 115 24 propose
1647 1242 32 24 de
1704 1248 52 17 non

1210 1274 81 25 vcllcs
1313 1273 210 24 modifications.
1548 1272 56 24 Elle
1629 1279 15 17 a
1666 1274 90 22 notam

1209 1306 72 21 ment
1298 1303 96 24 rétabli
1412 1301 165 29 l'obligation
1597 1301 32 25 dc
1647 1301 26 24 la
1691 1308 66 18 cons

1210 1333 106 24 titution
1342 1333 33 23 dc
1397 1332 26 24 la
1448 1331 100 25 société
1571 1338 49 23 par
1642 1333 58 22 acte
1725 1331 32 23 de

1209 1364 63 24 vaut
1287 1363 112 28 notaire,
1415 1368 34 18 au
1465 1362 53 23 lieu
1535 1362 32 24 de
1583 1367 29 18 se
1627 1362 139 24 contenter

1210 1392 32 25 de
1260 1392 78 24 l'acte
1356 1398 63 19 sous
1438 1391 76 30 seing
1532 1390 85 31 privé.

1241 1429 58 23 Elle
1317 1429 63 23 veut
1399 1428 68 24 faire
1486 1428 131 23 interdire
1636 1434 52 17 aux
1708 1433 48 23 per

1208 1465 98 18 sonnes
1323 1458 114 23 morales
1456 1457 32 25 de
1507 1457 111 24 devenir
1634 1456 132 24 associées

1208 1488 79 24 d'une
1304 1488 101 25 société
1424 1488 36 23 du
1478 1490 63 27 type
1560 1492 130 18 nouveau.
1707 1486 58 23 Elle

1208 1518 107 24 ramène
1330 1518 15 24 à
1359 1517 144 29 cinquante
1520 1517 23 23 lc
1558 1516 111 24 nombre
1684 1514 72 24 maxi-

1209 1555 70 16 mum
1293 1546 151 25 d'associés.
1458 1546 56 24 Elle
1528 1545 90 24 admet
1632 1551 50 23 que
1696 1546 69 23 deux

1207 1577 135 29 conjoints
1356 1576 120 30 puissent
1493 1575 75 24 avoir
1584 1574 99 30 qualité
1699 1574 56 23 d'as-

1206 1606 95 24 sociés.

1242 1634 37 25 La
1293 1634 187 27 Commission,
1486 1633 208 24 contrairement
1705 1632 15 25 à
1733 1639 30 17 ce

1206 1665 116 30 qu'avait
1343 1664 97 25 décidé
1460 1664 25 24 la
1508 1664 139 28 Chambre,
1669 1663 95 25 décide

1205 1701 51 24 que
1273 1696 87 23 toutes
1375 1696 38 23 les
1431 1696 74 27 parts
1522 1693 113 25 sociales
1655 1694 109 23 doivent

1206 1725 76 23 avoir
1303 1731 53 18 une
1393 1723 95 24 valeur
1526 1722 147 31 identique.
1696 1723 69 23 Leur

1205 1756 121 23 montant
1364 1760 34 17 ne
1436 1754 63 29 peut
1519 1752 56 24 être
1596 1752 132 23 inférieur
1749 1752 14 24 à

1205 1783 72 28 1,000
1295 1784 100 24 francs.

1238 1813 55 25 Elle
1309 1820 16 17 a
1341 1813 87 24 admis
1444 1819 51 23 que
1511 1811 196 24 l'incessibilité
1723 1818 29 17 re-

1205 1843 79 23 lative
1306 1843 48 24 des
1374 1844 75 28 parts
1468 1840 101 26 s'étend
1591 1848 52 17 aux
1662 1848 46 17 cas
1730 1840 32 23 île

1204 1873 105 24 cession
1326 1874 74 22 entre
1416 1871 125 25 associés.
1557 1871 56 24 Elle
1630 1878 32 18 ne
1679 1869 83 27 limite

1208 1908 49 24 pas
1273 1904 26 22 la
1317 1901 125 30 dispense
1460 1901 47 23 des
1526 1899 161 24 co-associés
1703 1899 48 31 pré-

1204 1938 49 17 vue
1270 1938 33 17 au
1321 1938 44 18 cas
1383 1932 33 24 dc
1433 1929 187 25 transmission
1638 1930 33 23 de
1687 1931 74 29 parts

1208 1968 69 23 pour
1293 1968 80 18 cause
1390 1961 33 23 dc
1440 1961 79 27 mort,
1536 1966 33 17 en
1586 1966 30 18 ce
1633 1959 46 30 qui
1695 1965 52 18 con-

1203 1998 80 17 cerne
1300 1991 25 24 le
1341 1998 46 18 cas
1404 1993 33 23 de
1453 1991 106 24 cession
1576 1991 74 22 entre
1666 1990 63 24 vifs.

1236 2021 57 25 Elle
1316 2028 15 16 a
1353 2021 94 24 estimé
1468 2020 81 30 qu'on
1570 2019 110 31 pouvait
1700 2026 62 17 sans

1204 2050 191 25 inconvénient
1436 2050 132 23 autoriser
1608 2049 154 28 l'agrément

1208 2080 155 30 anlicipatif
1383 2080 67 24 dans
1469 2079 25 26 le
1514 2081 79 27 pacte
1614 2078 93 29 social,
1728 2078 32 23 dc

1203 2111 133 24 certaines
1353 2116 147 24 personnes
1520 2109 158 24 clairement
1696 2109 57 23 dési-

1203 2140 80 28 gnées
1302 2140 47 30 qui
1368 2147 33 17 ne
1421 2141 92 22 seront
1533 2146 48 22 pas
1601 2138 149 24 nécessaire-

1203 2174 72 22 ment
1289 2170 126 30 parentes
1430 2170 33 23 de
1478 2168 122 25 l'associé
1615 2168 97 24 cédant
1727 2174 34 16 ou

1205 2200 34 24 de
1264 2200 75 30 cujus
1364 2200 26 22 et
1414 2205 32 18 ne
1471 2200 116 28 peuvent
1612 2198 70 23 donc
1707 2197 54 23 être

1204 2230 147 29 comprises
1377 2235 64 17 sous
1466 2229 68 22 cette
1560 2226 201 24 dénomination

1205 2259 161 25 d'héritiers.

1236 2289 38 25 La
1292 2287 178 26 Commission
1487 2293 116 24 propose
1622 2294 36 16 un
1677 2284 84 31 grand

1206 2319 110 24 nombre
1349 2318 116 23 d'autres
1496 2316 203 24 modifications
1730 2314 33 23 dc

1204 2348 86 23 forme
1323 2354 36 18 ou
1392 2348 33 23 de
1459 2345 198 25 coordination.
1689 2344 72 23 Xous

1206 2385 82 17 avons
1314 2377 38 24 dit
1376 2383 67 18 nous
1469 2377 100 24 borner
1594 2376 16 23 à
1636 2374 127 26 résumer,

1203 2413 104 18 comme
1322 2414 35 17 on
1370 2406 34 25 l'a
1417 2412 36 19 vu
1468 2405 139 28 ci-dessus,
1621 2406 38 23 les
1674 2410 77 17 amen-

1206 2437 120 24 dements
1345 2436 147 24 essentiels.

1412 2494 26 32 A
1458 2493 96 33 GAND

1284 2561 36 33 Lé
1337 2561 65 39 gala
1422 2561 35 32 de
1476 2560 55 32 l'U.
1552 2559 30 33 F.
1599 2559 34 32 A.
1651 2559 31 32 C.

1235 2630 38 20 La
1287 2628 78 22 soirée
1381 2628 29 21 de
1427 2628 57 25 gala
1501 2626 93 22 donnée
1611 2631 46 21 par
1673 2627 24 19 la
1712 2630 41 17 sec-

1210 2656 51 20 tion
1276 2656 29 20 de
1320 2657 25 19 la
1358 2654 107 22 Flandre
1480 2654 125 20 Orientale
1621 2653 29 20 de
1665 2652 97 21 l'Union

1210 2682 43 20 des
1276 2681 167 21 Fraternelles
1467 2680 29 21 de
1520 2678 100 22 l'armée
1644 2679 30 20 de
1697 2682 56 16 cam-

1207 2711 81 20 pagne
1305 2712 16 14 a
1338 2706 92 20 obtenu
1444 2706 24 19 le
1484 2705 55 25 plus
1557 2704 38 21 vif
1610 2703 93 21 succès.

1236 2733 175 21 Brillamment
1440 2731 101 26 pavoisé
1572 2736 51 15 aux
1649 2731 114 20 couleurs

1209 2760 145 24 natio-ales,
1372 2760 24 20 le
1412 2757 108 21 Théâtre
1537 2758 81 23 Royal
1635 2756 127 25 Français,

1206 2785 123 20 mercredi
1347 2785 57 22 soir,
1423 2783 63 21 était
1504 2783 183 20 archi-comble.

1236 2812 33 21 M.
1285 2812 70 20 Jules
1372 2811 141 22 Lesseliers,
1531 2809 128 26 président
1676 2808 77 20 fonda-

1208 2838 57 20 teur
1278 2839 26 19 et
1317 2838 33 20 M.
1364 2837 114 25 Philippe
1492 2838 30 20 de
1535 2835 159 24 Hemptinne,
1710 2833 43 26 pré-

1208 2864 83 20 sident
1304 2864 30 20 de
1347 2863 45 20 l'U.
1405 2863 28 21 F.
1445 2863 29 19 A.
1488 2862 32 24 C,
1535 2861 95 21 section
1644 2861 30 20 de
1688 2861 25 19 la
1726 2861 36 19 Fl.

1209 2890 41 20 Or.
1265 2888 116 23 entourés
1397 2889 43 20 des
1455 2887 124 22 membres
1595 2888 43 19 des
1653 2885 109 24 comités,

1209 2916 60 21 MM.
1293 2915 124 23 Librecht,
1440 2915 38 20 De
1502 2914 99 25 Geyter,
1626 2913 136 24 Haryssen,

1210 2942 108 22 Sulmon,
1364 2941 81 24 Caroy
1490 2940 26 21 et
1561 2939 34 21 du
1639 2938 125 21 chevalier

1209 2967 128 24 Feyerick,
1367 2965 129 25 président
1527 2965 34 20 du
1594 2963 90 21 comité
1717 2963 44 20 des

1208 2992 65 23 fêtes
1286 2992 141 22 recevaient
1440 2993 36 20 les
1488 2990 122 22 autorités
1622 2990 82 25 parmi
1717 2990 39 20 les-

1209 3019 94 24 quelles
1325 3023 63 15 nous
1412 3022 78 17 avons
1515 3021 130 25 reconnu:^
1660 3016 24 20 le
1708 3016 45 19 che-

1210 3045 78 20 valier
1306 3044 29 21 de
1352 3044 108 23 Haerne,
1478 3043 109 24 premier
1603 3040 126 26 président
1748 3040 16 21 à

1209 3072 25 19 la
1254 3071 66 19 Cour
1339 3069 106 25 d'appel;
1467 3069 22 20 le
1509 3072 156 21 gouverneur
1686 3068 29 19 de
1737 3067 25 20 îa

1208 3096 108 21 Flandre
1327 3095 126 21 Orientale
1465 3094 34 21 M.
1510 3094 104 24 Weyler.
1626 3094 23 20 le
1661 3092 100 25 général

1209 3122 36 20 De
1263 3122 55 22 Cae.
1335 3122 23 20 le
1374 3120 171 24 LourRenestre
1563 3120 29 20 de
1610 3120 7 19 1
1627 3126 8 12 -.
1650 3119 63 20 Ville
1732 3119 30 19 de

1210 3148 72 21 Gand
1305 3147 33 20 M.
1361 3147 101 20 Vander
1486 3146 98 25 Stegen,
1615 3146 23 20 le
1667 3145 95 20 colonel

1208 3174 28 19 B.
1252 3173 28 21 E.
1294 3173 33 20 M.
1342 3173 117 24 Massart,
1474 3170 178 22 commandant
1668 3171 25 20 la
1708 3175 46 20 pro-

1209 3200 78 23 vince,
1307 3199 36 21 les
1363 3198 127 26 généraux
1509 3201 49 17 van
1577 3197 90 23 Acker,
1687 3196 76 22 Tack,

1207 3225 105 23 Olaerts,
1331 3224 96 23 Poulin,
1445 3223 36 21 les
1503 3223 108 20 colonels
1628 3223 30 20 B.
1676 3222 29 21 E.
1725 3222 33 22 M.

1208 3252 37 21 De
1258 3252 70 20 Wulf
1340 3252 26 20 et
1377 3250 121 24 Hassard,
1513 3250 60 21 MM.
1585 3250 109 21 Louvau,
1710 3247 42 27 pré-

1210 3278 82 20 sident
1316 3278 30 20 de
1370 3276 46 21 l'U.
1439 3276 28 21 F.
1491 3276 29 21 A.
1545 3276 26 20 C.
1596 3276 25 20 et
1644 3275 118 21 Willems.

1209 3303 118 21 trésorier
1345 3302 102 26 général
1466 3302 30 20 de
1514 3301 44 21 l'U.
1576 3302 27 20 F.
1623 3301 28 20 A.
1669 3301 37 23 C:
1725 3301 36 20 les

1207 3327 140 26 présidents
1362 3328 30 20 de
1406 3328 46 23 l'A.
1468 3327 30 24 O.
1512 3327 33 24 C,
1559 3327 28 20 F.
1600 3327 33 23 N.
1647 3327 27 23 I.,
1688 3327 28 20 F.
1729 3326 30 20 N.

1209 3356 29 21 V.
1255 3356 36 23 G.,
1309 3355 27 21 F.
1352 3355 32 20 N.
1402 3355 26 21 C.
1446 3354 43 22 des
1506 3353 169 22 combattants
1693 3353 59 21 fran-

1210 3382 52 24 çais
1280 3382 26 20 et
1324 3381 106 21 italiens.

1235 3408 97 20 Autant
1347 3412 47 20 que
1410 3407 106 23 l'œuvre,
1533 3406 23 21 le
1573 3405 123 26 spectacle
1712 3404 40 22 mé-

1210 3432 70 21 ritait
1305 3437 50 17 une
1374 3433 57 20 telle
1457 3432 133 21 affluence.
1609 3432 72 20 Deux
1719 3431 43 20 des

1209 3459 125 20 meilleurs
1355 3457 142 22 sociétaires
1520 3458 29 20 de
1568 3458 26 20 la
1614 3457 98 20 Maison
1733 3457 29 20 de

1210 3484 107 24 Molière,
1332 3485 24 20 le
1370 3483 105 25 ménage
1489 3483 114 22 Robinne
1619 3483 25 20 et
1660 3483 93 20 .Alexan-

1210 3510 49 24 dre,
1275 3509 158 22 n'étaient-lls
1448 3515 46 20 pas
1508 3509 31 25 là,
1555 3514 31 15 en
1600 3508 70 25 effet,
1685 3513 77 16 venus

1211 3541 62 16 nous
1291 3536 64 21 faire
1371 3535 89 26 goûter
1476 3536 64 20 l'une
1559 3535 43 22 des
1619 3535 55 25 plus
1693 3535 61 24 spiri-

1210 3562 88 20 tuelles
1318 3561 111 21 comédie
1451 3561 30 21 de
1502 3561 82 21 Sacha
1605 3560 99 25 Guitry:
1726 3560 38 20 La

1210 3588 118 20 Jalousie.

1238 3614 66 20 Avec
1323 3613 80 21 Mmes
1421 3613 96 25 Monys,
1537 3612 74 24 Orad,
1629 3613 91 20 Balzac
1740 3613 25 19 et

1211 3639 97 23 Vasset,
1345 3639 26 21 et
1406 3639 60 20 MM.
1500 3638 116 25 Dreyfus,
1650 3638 113 24 Lacroix,

1211 3665 156 25 Hugo-Naud
1390 3665 26 21 et
1439 3664 107 24 Charlet,
1569 3664 124 21 Gabàielle
1715 3665 40 19 Ro-

1211 3691 74 20 binne
1311 3691 25 20 et
1360 3689 70 22 René
1455 3689 139 22 Alexandre
1620 3689 134 26 Interprétè-

1211 3717 58 20 rent
1283 3716 201 21 délicieusement
1499 3722 13 14 c
1526 3716 36 20 La
1576 3716 111 21 Jalousie
1703 3722 20 16 ».

1777 165 147 23 CNATIOrr
1937 168 115 25 RKLGE,
2068 169 29 22 19
2113 168 146 22 JANVIER
2275 169 75 22 1935.'

1818 248 105 65 Les
1959 249 356 78 Expositions

1819 372 33 19 M.
1871 371 67 19 Arno
1956 372 80 23 Stern,
2055 375 40 22 qui
2115 378 89 20 expose
2222 373 16 20 à
2256 374 24 19 la
2298 372 29 20 Gt

1791 402 58 19 lotie
1870 401 29 20 do
1921 401 25 20 la
1965 401 89 21 Toison
2075 404 64 23 d'Or,
2160 408 61 15 nous
2242 402 100 24 surprit,

1792 431 65 21 voici
1880 431 62 21 trois
1967 436 53 19 ans,
2046 433 50 21 lors
2123 433 73 20 d'une
2222 431 120 26 première

1793 461 137 24 rencontre,
1951 466 46 19 pnr
2020 461 21 20 le
2064 462 126 21 caractère
2211 461 16 21 à
2248 462 25 19 la
2295 460 48 20 fois

1791 496 75 20 grave
1888 491 25 20 et
1934 490 132 25 passionné
2087 493 58 20 d'un
2165 492 41 20 art
2226 491 42 24 qui
2288 495 46 20 por-

1792 520 47 22 tait
1854 525 94 16 comme
1965 525 34 16 un
2017 522 74 21 reflet
2106 523 29 19 do
2151 522 25 20 la
2193 521 145 20 Rcnaissan

1792 556 27 15 ce
1837 551 25 20 et
1878 555 47 19 quo
1943 549 92 23 brûlait
2052 556 30 16 en
2099 551 81 21 même
2197 551 81 24 temps
2295 554 48 15 une

1792 581 102 19 flamme
1910 580 172 25 messianique.
2097 582 39 20 Un
2152 579 126 23 caractère
2296 584 37 19 qui

1792 616 61 14 nous
1890 609 145 21 retrouvons
2069 610 126 24 accentué,
2230 608 113 21 renforcé

1792 640 62 19 dïins
1885 639 36 20 les
1953 640 103 24 quelque
2089 641 81 20 trente
2200 640 71 20 toiles
2302 639 40 24 qui

1791 669 144 24 composent
1954 669 22 20 le
1993 669 100 24 présent
2109 671 76 20 salon.

1819 699 102 19 Aucune
1945 698 29 20 de
1998 704 40 15 ces
2062 701 71 20 toiles
2157 699 64 20 n'est
2244 697 90 21 indiffé-

1793 729 78 19 rente.
1895 727 117 21 Chacune
2038 729 90 24 d'ailes,
2153 729 59 24 qu'il
2237 728 103 24 s'agisse

1792 758 57 19 d'un
1870 757 113 25 portrait,
2005 758 71 22 d'une
2097 760 89 20 nature
2208 759 80 19 morte
2312 762 31 15 ou

1791 787 71 20 d'une
1879 787 162 24 composition
2055 800 29 4 —
2098 790 31 24 et,
2144 789 30 21 de
2189 788 57 23 loin,
2260 788 83 20 celles-

1791 817 22 19 ci
1838 817 157 24 l'emportent
2020 828 29 4 —
2071 821 39 18 est
2136 820 22 19 le
2183 818 63 20 fruit
2271 817 71 20 d'une

1791 847 88 23 longue
1900 845 153 25 méditation,
2074 849 71 20 d'une
2164 847 178 20 connaissance

1789 876 64 24 petit
1870 874 18 21 à
1904 876 63 24 petit
1986 878 149 23 accumulée,
2153 878 65 20 mais
2236 876 49 25 qui,
2304 881 30 15 ar-

1791 904 65 21 rivée
1877 904 16 21 à
1913 910 46 15 son
1978 906 71 24 point
2070 908 30 21 de
2120 905 126 24 maturité,
2267 911 16 15 a
2304 905 38 21 été

1791 939 95 15 comme
1904 934 110 25 projetée
2033 942 57 16 sous
2108 938 22 20 le
2150 942 62 19 coup
2231 936 29 20 de
2278 936 54 20 l'ins-

1790 965 115 24 piration.

1817 994 37 19 La
1876 994 76 23 Bible,
1974 995 25 20 la
2024 997 92 26 grande
2140 996 73 25 idylle
2236 995 43 20 des
2302 1000 30 15 en-

1790 1023 87 20 fances
1898 1024 33 19 du
1950 1024 97 25 monde,
2067 1021 96 26 fournit
2182 1025 16 20 à
2220 1025 34 23 M.
2274 1025 68 20 Arno

1790 1053 74 20 Stern
1898 1058 40 15 ses
1972 1053 96 22 thèmes
2100 1054 117 27 préférés.
2252 1055 20 19 Il
2307 1055 35 20 les

1789 1082 131 25 transpose
1951 1082 63 22 dans
2045 1085 22 20 le
2098 1086 59 24 plan
2189 1084 152 25 symbolique

1791 1116 95 15 comme
1907 1112 63 20 dans
1990 1118 47 15 son
2056 1115 99 20 tableau
2178 1113 98 21 intitulé
2296 1114 47 21 Les

1790 1142 59 19 Arts
1869 1141 25 20 et
1914 1146 40 16 ses
1975 1143 116 22 Femmes
2110 1147 26 19 et
2156 1143 116 22 Gazelles,
2291 1144 50 20 Des

1789 1170 59 24 jeux
1863 1170 163 22 d'anatomles
2042 1173 61 22 dans
2120 1179 33 15 un
2168 1173 73 21 cadre
2258 1173 30 20 de
2305 1178 27 15 ro-

1790 1199 72 21 chers
1881 1200 187 26 qu'empourpre
2087 1205 22 19 le
2129 1202 129 21 couchant.
2275 1202 58 21 L'ac-

1790 1230 63 20 cent,
1892 1230 26 19 la
1957 1230 135 24 puissante*
2124 1232 156 25 respiration,
2320 1233 21 19 le

1790 1259 98 24 rythme
1909 1260 154 25 magnifique
2083 1263 26 20 et
2128 1262 52 21 lent
2201 1261 43 21 des
2267 1261 75 21 récits

1790 1288 30 20 de
1842 1287 24 21 la
1887 1288 102 25 Genèse,
2011 1290 119 22 l'ardente
2151 1293 25 19 et
2196 1292 146 19 souveraine

1789 1316 90 22 beauté
1900 1318 35 20 du
1955 1324 62 20 pays
2038 1321 42 24 qui
2100 1321 25 21 lé
2143 1321 109 26 premier
2273 1320 69 21 éleva

1790 1352 40 15 ses
1854 1348 120 20 sommets
1998 1350 129 21 au-dessus
2152 1351 43 20 des
2222 1355 63 15 eaux
2310 1351 31 19 du

1789 1376 102 25 Déluge.
1914 1377 67 21 Avec
2003 1378 33 21 M.
2057 1380 79 23 Stem,
2157 1380 57 21 l'art
2235 1380 105 24 reprend

1792 1411 45 15 son
1861 1406 51 21 rôle
1938 1407 154 26 interrompu
2117 1410 86 24 depuis
2229 1409 57 25 près
2312 1410 29 19 de

1790 1436 57 19 cent
1863 1441 45 15 ans
1925 1437 26 19 et
1965 1438 23 19 le
2003 1439 53 19 mot
2072 1439 29 20 de
2117 1439 94 25 grande
2227 1439 113 25 peinture

1789 1465 113 24 acquiert
1923 1465 30 20 de
1973 1471 113 17 nouveau
2105 1474 34 15 un
2158 1474 64 15 sens.

2241 1498 26 23 C.
2283 1499 31 23 B.

1790 1540 547 99 conTrYlatouF

1799 1642 28 19 et
1842 1638 208 30 l'enrouement,

1799 1681 29 23 la
1840 1688 89 23 gorge
1942 1682 82 23 sèche

1797 1732 37 17 ou
1849 1726 107 25 irritée.

1799 1779 227 28 DELICIEUSES
2054 1783 37 25 ET
2118 1785 196 25 EFFICACES

1864 1863 79 33 Trois
1961 1866 110 37 espions
2089 1866 166 32 condamnés

1967 1911 17 29 à
2005 1908 152 35 Thionville

1802 1981 48 24 (T/t
1868 1983 72 20 notre
1957 1985 194 23 correspondant
2168 1985 156 24 particulier)

2068 2016 71 25 Metz,
2157 2017 28 20 18
2204 2016 105 25 janvier.

1809 2047 33 22 Le
1861 2047 110 20 tribunal
1991 2048 29 22 de
2036 2048 136 22 Thionville
2189 2054 16 15 a
2222 2049 106 20 condam-

1782 2072 31 21 né
1837 2078 63 19 pour
1923 2073 149 26 espionnage
2096 2076 25 21 la
2143 2076 92 20 femme
2259 2076 78 24 Lydia

1783 2100 50 20 Czu
1853 2099 119 24 Dendorf,
1991 2100 147 23 demeurant
2154 2101 18 22 à
2191 2102 68 20 Esch
2282 2102 48 22 (Lu-

1780 2124 147 26 xembourg)
1952 2128 26 18 et
1997 2127 148 25 Dominique
2164 2127 106 24 Vicario,
2295 2128 31 20 do-

1782 2150 90 22 micilié
1888 2156 34 15 au
1939 2151 80 24 même
2035 2153 55 25 lieu,
2105 2154 17 21 à
2137 2154 89 25 quatre
2243 2158 47 16 ans
2307 2154 30 20 de

1781 2177 84 24 prison
1887 2178 25 20 et
1931 2178 62 22 1,000
2012 2179 85 21 francs
2118 2180 134 20 d'amende.
2271 2180 67 21 Leur

1781 2203 137 31 compîice,_
1926 2203 111 25 Wagner
2053 2205 29 20 de
2101 2206 141 24 Knutange,
2262 2211 16 14 a
2297 2205 40 21 étèé

1781 2228 139 22 cou-damné
1936 2229 16 21 à
1968 2232 61 20 trois
2047 2236 45 18 ans
2111 2233 29 20 de
2154 2232 86 24 prison
2256 2233 26 20 et
2296 2232 41 21 500

1782 2255 87 20 francs
1888 2255 137 22 d'amende.

2033 2292 65 20 ♦««

1867 2325 48 33 UN
1938 2326 143 33 VAPEUR
2102 2328 150 32 ANGLAIS

1896 2370 39 32 SE
1952 2371 101 32 BRISE
2068 2372 43 32 EN
2127 2372 94 33 DEUX

1891 2438 167 40 L'équipage
2081 2446 43 26 est
2148 2441 85 31 sauvé

1847 2484 18 30 à
1890 2483 164 38 l'exception
2079 2484 37 32 du
2136 2486 137 37 capitaine

2033 2534 109 25 Halifax,
2160 2535 28 21 18
2205 2535 104 25 janvier.

1810 2566 34 20 Le
1861 2571 94 20 vapeur
1973 2567 97 25 anglais
2088 2575 12 13 «
2119 2568 132 25 Keukerry
2266 2576 13 12 »
2296 2573 41 20 qu:

1784 2592 68 21 avait
1871 2594 92 23 envoyé
1980 2598 33 15 un
2029 2595 70 22 appel
2116 2595 30 21 de
2163 2599 100 16 secours
2280 2594 59 21 s'est

1783 2618 65 20 brisé
1867 2624 32 14 ea
1916 2620 70 21 deux.

1809 2645 47 21 Les
1883 2645 28 20 28
1937 2645 111 20 hommes
2075 2646 29 20 de
2121 2642 146 29 ""l'équipage
2293 2649 44 19 ont

1783 2675 33 19 pu
1832 2669 53 21 être
1901 2670 96 21 sauvés.
2016 2672 34 21 Le
2068 2672 130 24 capitaine,
2215 2672 43 24 qui
2275 2672 63 21 était

1783 2696 65 23 resté
1865 2698 24 21 Qe
1909 2697 99 21 dernier
2025 2698 16 20 à
2058 2698 67 20 bord,
2141 2699 59 20 s'est
2220 2698 70 26 noyé.

2017 2739 78 20 ■+»■+

1783 2773 44 33 Un
1853 2773 123 34 chantier
2002 2774 156 34 hollandais
2184 2778 153 31 constriura

1855 2821 63 38 cinq
1941 2820 105 38 grands
2069 2832 192 29 remorqueurs

1930 2876 71 27 pour
2024 2864 42 33 les
2088 2865 106 33 Soviets

1980 2938 164 23 -Amsterdam,
2163 2939 27 20 18
2196 2939 115 24 Janvier.

1810 2963 40 21 Un
1876 2964 115 19 chantier
2018 2964 197 21 d'Amsterdama
2243 2966 40 19 bot
2287 2971 29 14 en
2321 2971 12 14 u

1786 2988 41 21 des
1855 2989 97 20 Soviets
1965 2988 7 14 *
1980 2995 47 15 une
2038 2993 6 20 |
2053 2990 145 22 commande
2223 2995 64 19 pour
2314 2991 25 20 la

1784 3014 170 20 cocetruction
1980 3014 30 20 de
2028 3011 65 23 "cMe>
2111 3010 102 29 *^and»
2241 3020 83 15 remor-

1782 3045 91 19 queurs
1900 3040 31 23 de
1957 3045 60 19 mer,
2044 3041 42 24 qui
2112 3042 120 24 pourront
2256 3041 81 20 servir

1782 3067 67 20 aussi
1868 3066 30 20 de
1913 3066 159 25 brise-glaces

1812 3098 79 21 Grâce
1916 3099 18 21 à
1958 3100 66 20 cette
2049 3098 152 30 commande,
2227 3101 42 20 450
2296 3105 32 15 ou-

1782 3125 78 22 vriers
1879 3127 92 19 auront
1989 3127 33 20 du
2043 3121 90 33 travail
2152 3126 110 25 pendant
2281 3128 56 23 sept

1782 3151 70 21 mois.

1808 3184 48 21 Les
1876 3184 186 21 constructeurs
2083 3184 138 21 hollanda'a
2244 3185 29 19 de
2293 3189 35 16 na-

1782 3210 65 20 vires
1871 3209 115 25 espèrent
2012 3215 47 20 que
2094 3211 35 20 les
2163 3209 173 26 négociateurs

1782 3236 139 20 hollandais
1934 3237 42 23 qui
1989 3242 29 18 ee
2032 3238 117 21 trouvent
2162 3237 174 20 actuellement

1782 3262 16 21 à
1815 3263 102 20 Moscou
1933 3263 174 24 rapporteront
2126 3267 87 17 encore
2231 3263 57 24 plua
2307 3265 30 17 de

1783 3288 166 22 commandes.
1966 3305 3 3 .

1971 3320 152 35 ^«^Saï-'
2217 3337 44 6 —

1824 3362 31 37 Le
1873 3363 92 37 record
1980 3362 164 38 néerlandais
2167 3362 132 37 d'altitude

1919 3429 32 30 en
1974 3422 76 38 avion
2072 3422 41 37 est
2135 3421 69 37 battu

1979 3498 166 23 .Amsterdam,
2163 3498 27 20 18
2208 3497 105 25 janvier.

1810 3530 35 20 Le
1863 3530 139 21 lieutenant
2018 3531 105 21 Wittert
2139 3535 49 16 van
2207 3531 132 24 Hooglacd

1783 3564 16 14 a
1824 3556 72 21 battu
1919 3558 22 21 le
1968 3557 88 20 record
2079 3555 156 22 néerlandais
2260 3556 68 20 d'alti-

1783 3582 66 21 tude.

1811 3609 40 20 Au
1873 3613 74 16 cours
1971 3609 30 21 de
2024 3614 30 16 sa
2073 3608 121 24 tentative
2216 3608 43 25 qui
2280 3609 59 19 s'est

1783 3633 116 24 déroulée
1923 3634 136 20 au-dessus"
2074 3635 30 21 de
2126 3633 159 22 l'aérodrome
2309 3635 30 20 de

1784 3660 166 26 Soestenberg
1965 3660 63 20 dans
2045 3666 35 16 un
2094 3660 110 26 appareil
2220 3660 119 20 militaire

1790 3688 29 19 de
1850 3687 71 25 série,
1945 3687 130 21 l'aviateur
2105 3693 17 15 a
2150 3687 92 21 atteint
2264 3687 77 24 11,500

1785 3711 100 22 mètres.

661 4707 69 24 C'est
747 4714 33 16 en
796 4706 64 24 1858
877 4713 50 23 que
941 4706 26 24 ta
981 4706 74 24 reine
1070 4705 120 27 Victoria
1203 4706 42 29 fut
1266 4706 153 30 proclamée
1439 4705 175 38 Impératrice
1635 4706 48 24 des
1704 4705 92 25 Indes.
1818 4705 101 31 Depuis
1950 4705 63 27 lors,
2045 4707 103 29 chaque

726 4737 115 30 grandes
857 4736 114 31 parades
988 4735 140 24 militaires
1145 4737 46 22 ont
1207 4735 54 25 lieu
1280 4736 16 24 à
1316 4735 128 25 Calcutta.
1466 4735 76 24 Voici
1560 4736 39 23 les
1618 4735 116 24 lanciers
1753 4735 120 24 hindous
1898 4734 113 31 défilant
2036 4736 97 24 devant

1421 4764 179 32 britannique.
1901 4770 29 21 v
2062 4782 2 3 .
2074 4773 5 4 -
2102 4773 9 4 -
2131 4785 4 3 .

2178 4705 93 27 année,
2294 4706 33 24 de

2159 4734 24 24 te
2210 4734 118 30 drapeau

2375 250 547 85 L'escroquerie

2468 358 42 40 au
2536 347 280 54 cautionnement

2368 445 64 32 Seize
2446 452 96 27 escrocs
2558 449 39 30 ont
2613 447 38 32 été
2663 448 139 32 condamnés
2814 449 108 32 vendredi

2367 503 41 32 par
2425 497 21 31 le
2462 497 99 32 tribunal
2578 498 169 33 correctionnel
2760 499 27 31 de
2803 499 118 32 Bruxe.les

2396 555 38 19 La
2451 555 41 19 20e
2512 555 118 20 chambre
2650 556 32 21 du
2701 556 109 20 tribunal
2830 561 84 16 correc-

2372 580 92 21 tionnel
2487 581 29 20 de
2539 580 128 24 Druxellel
2690 579 110 28 prés'dée
2824 587 45 19 par
2892 583 31 20 M,

2370 607 21 19 le
2407 606 190 24 vice-président
2613 607 159 25 Schcynacrt,
2787 613 16 14 a
2820 613 93 19 pronon-

2369 631 35 24 cé,
2429 632 123 24 vendredi,
2577 638 45 15 son
2646 633 129 25 jugement
2801 634 61 21 dans
2889 636 34 19 les

2371 659 140 23 poursuites
2531 658 122 22 intentées
2673 664 51 16 aux
2742 660 64 20 s-Ize
2827 665 97 15 escrocs

2372 689 33 15 au
2431 685 203 19 cautionnement
2660 686 42 23 qui
2729 685 134 20 fondèrent
2889 691 31 14 ou

2370 709 162 25 exploitèrent
2554 711 122 24 plusieurs
2698 711 105 21 sociétés
2825 712 98 20 fictives

2369 736 24 19 et
2409 736 77 19 firent
2503 737 84 23 signer
2603 737 42 20 des
2662 738 112 19 contrats
2791 738 30 19 de
2838 737 75 25 coopé-

2370 762 81 19 ration
2475 761 17 21 à
2516 763 65 19 lourd
2606 763 120 23 victimes,
2751 764 53 19 leur
2829 764 93 21 fusant

2369 787 79 20 croire
2465 787 16 20 à
2498 793 32 14 un
2549 791 164 21 engagement
2731 789 30 20 de
2778 788 113 25 gérance.

2395 813 51 20 Ont
2458 813 38 21 été
2509 813 159 21 condamnés:
2685 814 68 21 René
2768 815 153 23 Maistriaux,

2369 839 131 20 soî-disant
2523 841 59 19 chef
2605 841 147 23 comptable,
2776 840 32 21 né
2832 840 17 21 à
2872 841 42 20 Soi-

2369 865 70 23 gnies
2457 871 30 15 en
2506 866 60 22 1902,
2585 865 121 21 domicilié
2726 871 42 15 rue
2786 867 92 24 Joseph
2912 868 9 18 I

2369 890 16 20 à
2401 891 134 24 Bruxelles,
2551 891 17 21 à
2583 892 13 19 4
2611 896 46 16 ans
2674 893 15 19 d
2698 901 4 3 -
2720 892 83 25 prison
2821 894 24 19 et
2862 893 61 20 2.800

2370 916 85 21 francs
2498 917 128 21 d'amende
2669 922 59 16 avec
2772 919 149 20 arrestation

2370 942 149 22 immédiate.

2396 979 69 20 René
2484 979 55 20 Van
2559 980 46 19 den
2625 979 89 23 Bosch,
2733 979 138 26 négociant,
2892 980 30 21 né

2369 1003 16 21 à
2404 1005 95 24 Ixelles,
2541 1010 29 15 en
2598 1005 60 24 1898,
2679 1006 116 19 habitant
2815 1011 43 16 rue
2879 1007 43 20 des

2368 1030 143 21 Rôtisseurs
2524 1030 16 21 à
2554 1031 64 24 Huy.
2630 1030 17 21 à
2661 1031 26 19 18
2701 1032 62 20 mois
2778 1032 24 21 et
2816 1033 61 19 1.400
2891 1033 24 19 fr

2369 1060 60 16 avec
2444 1056 150 20 arrestation
2610 1055 149 23 immédiate.

2396 1090 118 24 François
2529 1090 54 20 Van
2598 1090 55 23 Put,
2669 1090 30 20 né
2714 1090 16 21 à
2745 1090 129 21 Hemixem
2891 1097 29 14 cn

2369 1116 60 24 1886,
2446 1115 122 21 domicilié
2583 1115 17 21 à
2617 1116 95 20 Anvers
2728 1118 26 18 et
2770 1117 69 19 René
2857 1117 65 20 Hen-

2369 1142 53 21 riet,
2441 1143 75 23 agent
2536 1142 178 23 d'assurances,
2734 1141 30 21 né
2782 1142 16 20 à
2817 1142 95 21 Châteli-

2369 1172 64 15 neau
2459 1173 31 14 en
2516 1167 61 22 1908,
2604 1168 114 20 habitant
2759 1168 162 22 Lodelinsart.

2368 1193 96 20 chacun
2479 1193 15 20 à
2509 1193 13 20 8
2537 1193 62 21 mois
2616 1195 24 19 et
2655 1194 41 20 350
2711 1194 95 24 francs;

2396 1225 69 21 René
2488 1225 84 25 Kerfo,
2595 1226 146 24 comptable,
2765 1226 30 21 né
2819 1226 16 21 à
2857 1228 54 20 Wal-

2368 1252 71 19 court
2459 1257 30 15 en
2510 1252 61 24 1908,
2593 1252 116 21 habitant
2728 1257 44 16 rue
2793 1253 116 21 Comman-

2369 1277 60 20 dant
2448 1278 126 23 Ponthier,
2594 1277 16 21 à
2629 1278 142 26 Etterbeek,
2790 1278 17 22 à
2825 1280 14 19 4
2858 1285 63 15 mois

2368 1304 25 20 et
2412 1303 41 20 350
2472 1304 32 20 fr.
2523 1308 60 16 avec
2603 1305 88 23 sursis;

2395 1335 67 21 Léon
2485 1335 82 25 Wéiy,
2592 1336 117 25 employé,
2733 1336 31 22 né
2790 1336 16 22 à
2830 1338 89 20 Lasne-

2368 1361 115 24 Chapellc
2500 1362 198 21 Saint-Lambert
2716 1369 30 14 en
2764 1364 60 24 1877,
2841 1364 80 21 mémo

2369 1387 112 20 domicile
2499 1392 47 20 que
2563 1388 21 20 le
2601 1387 139 27 précédent,
2756 1389 16 21 à
2787 1390 13 19 3
2816 1391 63 19 mois
2897 1392 21 19 et

2367 1412 40 20 350
2423 1413 31 19 fr.
2471 1418 59 15 avec
2547 1414 88 23 sursis;

2395 1438 85 21 Pierre
2494 1439 144 24 Gysemans,
2653 1440 116 25 employé,
2785 1441 30 20 né
2829 1440 16 21 à
2860 1442 52 19 Bru-

2367 1465 76 21 xelles
2460 1470 30 14 en
2508 1465 61 23 1906,
2587 1466 121 21 domicilié
2726 1472 43 15 rue
2787 1469 30 19 de
2835 1468 24 19 la
2876 1468 35 20 Ca-

2366 1495 72 16 serne
2454 1489 17 21 à
2486 1490 111 26 Malines,
2613 1490 16 22 à
2645 1492 13 19 5
2674 1492 63 21 mois
2753 1493 25 20 et
2793 1493 40 20 350
2850 1494 40 23 fr.;

2394 1516 78 20 Marie
2493 1516 138 25 Staumont,
2649 1518 157 25 journalière,
2825 1518 46 21 née
2889 1524 30 15 en

2366 1541 53 20 1901
2433 1541 16 21 à
2462 1542 111 22 Horrues
2587 1543 25 21 et
2623 1549 17 20 y
2653 1544 39 20 ha"
2704 1544 70 23 itant,
2788 1544 15 21 à
2817 1545 27 19 15
2857 1545 62 19 moid

2367 1568 25 19 et
2408 1567 42 20 700
2467 1568 42 23 fr.;

2394 1592 87 22 Désiré
2507 1594 100 23 Robert,
2632 1595 130 24 houilleur,
2788 1595 31 22 ce
2843 1594 17 22 à
2883 1596 37 20 La

2366 1619 120 21 Louvière
2508 1625 30 15 en
2560 1620 61 24 1896.
2643 1621 117 20 habitant
2781 1620 17 21 à
2819 1622 100 20 Frame-

2367 1645 56 22 ries,
2441 1644 17 21 à
2476 1645 13 20 5
2509 1646 63 20 mois
2592 1647 25 21 et
2637 1647 40 19 350
2698 1647 31 20 fr.
2749 1652 60 15 avec
2829 1648 88 23 sursis;

2392 1671 103 24 Edgard
2519 1671 183 25 Hondermacq,
2726 1673 96 23 avocat,
2848 1673 31 21 né
2904 1673 15 21 à

2365 1696 114 21 Lessines
2494 1702 30 15 en
2539 1697 60 23 1907,
2614 1698 122 21 domicilié
2750 1698 16 20 à
2780 1699 110 26 Chimay,
2904 1699 15 20 à

2365 1721 26 21 15
2405 1722 69 24 jours
2489 1723 25 20 et
2528 1723 41 20 182
2584 1724 31 19 fr.
2631 1728 60 16 avec
2707 1725 78 20 sursis
2800 1726 25 19 et
2841 1725 78 21 Oscar

2365 1748 183 25 Vandergunst,
2566 1750 176 24 commerçant,
2759 1749 31 21 né
2807 1750 16 20 à
2841 1751 79 20 Ichte-

2365 1779 63 18 gem,
2444 1774 122 21 domicilié
2581 1780 44 16 rue
2640 1775 173 22 d'Anderlecht
2828 1776 16 21 à
2858 1777 52 20 Bru-

2365 1800 83 23 xelles,
2467 1800 17 21 à
2502 1800 14 20 2
2536 1801 63 21 mois
2620 1802 25 20 ct
2663 1801 41 20 350
2725 1802 31 21 fr.

2393 1825 51 21 Ont
2461 1825 39 21 été
2517 1826 151 22 condamnés
2685 1832 46 20 p3r
2749 1827 93 26 défaut,
2859 1834 59 15 avec

2365 1852 150 21 arrestation
2536 1852 152 22 immédiate:

2392 1876 54 21 Eloi
2469 1878 114 23 Decroes,
2607 1878 110 26 employé
2740 1880 177 23 d'assurances,

2365 1902 30 20 né
2411 1902 16 20 à
2442 1903 110 22 Horrues
2568 1910 31 15 en
2615 1905 61 24 1901,
2693 1910 59 16 sans
2768 1906 120 25 domicile,
2904 1906 15 21 à

2365 1926 13 22 5
2395 1933 46 17 ans
2460 1929 29 21 de
2508 1930 90 24 prison.
2617 1931 61 21 3.500
2697 1932 30 20 fr.
2746 1932 128 21 d'amende
2893 1933 24 20 et

2364 1953 15 21 à
2396 1954 14 20 5
2426 1959 46 17 ans
2490 1955 182 23 d'interdiction
2691 1958 43 20 des
2752 1958 78 21 droits
2848 1959 70 20 civils

2366 1979 23 21 et
2411 1981 140 24 politiques;

2390 2005 75 22 Louis
2482 2006 92 25 Meeus,
2591 2008 117 25 employé,
2726 2008 31 22 né
2774 2008 16 22 à
2806 2009 109 23 Louvain

2364 2036 31 15 en
2416 2032 62 22 1900,
2500 2033 122 21 domicilié
2643 2039 94 17 avenu,,
2761 2036 30 20 de
2813 2036 95 21 Tervue-

2364 2061 44 16 ren
2425 2057 16 20 à
2457 2058 142 25 Etterbeek,
2617 2064 50 16 aux
2683 2060 95 21 mêmes
2795 2062 91 24 peines.

2391 2083 96 20 Robert
2504 2084 77 24 Segel,
2599 2084 146 25 comptable,
2762 2086 31 21 né
2810 2087 16 20 à
2843 2087 75 25 Liège

2364 2113 30 15 en
2408 2109 62 22 1897.
2485 2109 122 22 domicilié
2621 2111 16 21 à
2651 2112 99 21 Wilsele
2772 2112 16 21 à
2802 2113 13 19 2
2831 2119 46 15 ans
2893 2115 24 19 et

2364 2134 61 20 1.400
2444 2135 42 22 fr.;

2391 2159 120 26 François
2525 2161 118 26 Dumont,
2658 2164 111 24 employé
2785 2164 30 21 né
2830 2164 16 21 à
2861 2166 47 20 Bin-

2365 2185 46 21 che
2430 2191 31 15 en
2480 2186 61 22 1903.
2560 2187 16 21 à
2595 2189 13 19 4
2628 2193 46 16 ans
2693 2190 25 21 et
2737 2190 62 24 2,800
2819 2191 31 21 fr.
2870 2192 39 20 d'a-

2364 2212 88 20 mende
2476 2213 25 20 et
2523 2213 110 22 Gustave
2655 2215 98 24 Lhoest,
2777 2217 140 23 chauffeur,

2364 2236 31 21 né
2411 2236 17 21 à
2444 2238 156 22 Schaerbeek
2617 2245 28 15 en
2664 2241 61 23 1896,
2741 2242 116 20 habitant
2874 2248 44 16 rue

2366 2263 30 21 de
2417 2263 148 24 l'Industrie,
2587 2264 16 22 à
2625 2266 27 20 18
2673 2268 63 20 mois
2758 2269 25 19 et
2803 2268 62 21 1.400
2887 2270 25 20 fr

2988 247 133 64 Les
3152 247 368 64 Théâtres
3553 250 40 62 à
3633 252 398 69 Bruxelles

2363 2354 23 46 A
2403 2355 29 46 la
2449 2355 116 47 Maison
2582 2357 37 46 de
2631 2357 181 56 l'Amérique
2824 2360 93 46 latine

2393 2445 108 24 Vendredi
2517 2448 50 24 soir,
2582 2450 13 21 à
2610 2448 21 22 U
2645 2449 86 21 Maison
2746 2451 26 20 de
2786 2450 130 27 l'Amérique

2364 2473 71 23 latine.
2454 2473 32 23 H.
2506 2474 75 21 Carlos
2601 2475 117 25 Quintuna,
2736 2477 98 22 ministre
2852 2478 53 20 d'Ar-

2363 2500 86 23 gentine
2464 2501 14 20 â
2494 2501 118 24 Bruxelles,
2629 2508 13 15 a
2658 2503 59 25 parlé
2732 2509 52 15 avec
2801 2504 113 25 éloquence

2364 2527 29 20 du
2412 2526 82 22 célèbre
2514 2528 129 21 Sarmiento.

2393 2560 51 21 Aux
2466 2561 103 25 premiers
2589 2568 64 19 rangs
2676 2563 25 21 de
2722 2563 127 26 l'auditoire,
2871 2564 45 21 très

2365 2587 124 22 nombreux,
2508 2594 27 15 on
2555 2589 129 25 remarquait
2703 2593 137 21 notamment,
2858 2591 57 21 MM.

2364 2613 94 24 Aguirre
2475 2614 26 21 de
2518 2615 85 24 Carcer,
2619 2616 153 21 ambassadeur
2787 2617 129 25 d'Espagne,

2364 2643 22 17 ct
2410 2640 81 21 Valdès
2516 2641 136 25 Mendeville,
2676 2643 97 21 ministre
2798 2644 29 20 du
2852 2644 63 21 Chili.

2392 2666 71 24 Après
2481 2668 101 24 quelques
2599 2672 55 17 mots
2672 2669 25 21 de
2714 2670 31 20 M.
2763 2670 80 23 Graux,
2859 2671 57 21 vice-

2365 2693 114 25 président,
2494 2695 36 24 qui
2545 2694 58 21 avait
2618 2695 12 21 à
2644 2696 48 20 côté
2707 2696 26 20 de
2748 2696 30 20 lui
2787 2696 30 21 M.
2826 2697 89 25 Rouma,

2366 2719 114 22 secrétaire
2511 2720 94 25 général,
2637 2722 30 20 M.
2693 2722 110 25 Quintuna
2835 2723 81 26 évoqua

2364 2752 52 15 avec
2437 2747 93 21 émotion
2550 2747 130 22 l'étonnante
2701 2749 93 22 carrière
2814 2750 27 21 de
2860 2751 54 20 celui

2364 2772 44 26 qui,
2428 2777 57 20 parti
2504 2774 25 20 de
2550 2774 53 24 rien,
2623 2774 72 22 devait
2714 2776 85 21 arriver
2817 2783 29 14 un
2865 2777 51 25 jour

2364 2805 28 14 au
2421 2803 60 20 poste
2510 2800 100 24 suprême
2638 2801 26 21 de
2694 2802 115 22 Président
2838 2803 26 21 de
2893 2804 22 20 la

2367 2825 139 26 République.

2394 2863 34 21 Né
2451 2870 26 13 en
2503 2865 36 19 1S1
2545 2865 9 19 1
2579 2865 53 20 dans
2655 2865 21 20 la
2698 2866 101 24 province
2823 2867 25 20 de
2872 2867 44 21 San

2364 2890 64 23 Jdan,
2452 2890 127 23 Sarmiento,
2601 2897 50 14 sans
2673 2892 62 20 l'aide
2756 2892 27 21 de
2804 2899 111 18 personne,

2364 2916 72 24 apprît
2452 2917 14 20 à
2478 2917 42 20 lire
2536 2923 21 15 et
2572 2918 18 20 à-
2601 2918 75 23 écrire.
2691 2919 20 20 A
2729 2919 25 20 17
2770 2925 45 18 ans,
2832 2920 14 20 il
2864 2920 51 21 était

2362 2943 71 20 soldat
2447 2946 22 17 et
2485 2943 72 21 luttait
2573 2947 73 18 tontrê
2661 2945 31 20 les
2707 2945 121 21 Fédéraux.
2845 2947 70 19 Ceux-

2364 2969 19 20 ci
2405 2969 154 24 triomphèrent
2579 2974 21 17 et
2621 2971 122 21 Sarmiento
2763 2972 44 23 prit
2826 2972 21 20 le
2866 2972 49 21 che-

2361 2991 6 10 r
2364 2994 45 20 inin
2428 2995 27 20 de
2473 2995 66 21 l'exit
2558 2996 37 20 Ou
2611 2996 20 20 le
2649 2997 32 20 vit
2700 3003 26 14 en
2744 2997 63 21 Chili.
2826 2998 88 20 Revenu

2364 3026 29 14 au
2407 3026 61 18 pays,
2485 3021 15 20 il
2517 3021 102 21 s'adonna
2635 3023 14 20 à
2665 3023 178 24 l'enseignement,
2858 3024 46 20 s'ex-

2364 3047 68 23 patria
2454 3047 27 20 de
2503 3053 104 18 nouveau,
2629 3048 73 21 devint
2722 3049 133 25 journaliste,
2876 3056 28 18 pu-

2366 3073 44 20 blia
2436 3079 30 14 un
2492 3074 55 20 livre
2574 3074 87 21 fameux
2676 3081 6 14 :
2711 3081 13 13 «
2732 3076 135 20 Civilisation
2892 3080 22 16 ct

2365 3099 103 21 Barbarie
2476 3107 13 12 »
2506 3103 22 17 et
2544 3101 71 24 apprit
2633 3101 31 20 les
2681 3102 87 23 langues
2785 3102 130 25 étrangères,

2364 3129 130 17 notamment
2512 3127 20 20 le
2552 3127 96 24 français
2667 3131 21 17 et
2707 3128 105 24 l'anglais.

2395 3160 121 20 Sarmiento
2542 3161 28 20 fit
2594 3167 28 14 un
2648 3167 82 18 voyage
2762 3162 96 21 d'etudes
2890 3169 25 14 cn

2365 3185 90 25 Europe,
2475 3190 72 17 rentra
2567 3193 26 15 en
2611 3188 117 24 Argentine
2747 3188 35 25 où,
2801 3189 68 24 enfin,
2887 3196 27 13 on

2365 3212 136 25 s'organisait
2526 3213 159 22 sérieusement.
2711 3215 19 21 Il
2754 3215 99 24 s'occupa
2878 3215 37 21 des

2365 3239 81 23 écoles,,
2460 3239 72 21 c'était
2552 3240 108 21 d'ailleurs
2679 3247 24 14 sa
2724 3241 81 24 grande
2824 3241 92 25 passion,

2364 3265 35 21 fut
2416 3266 35 20 élu
2466 3265 107 25 sénateur,
2590 3267 73 21 devint
2679 3267 104 23 ministre,
2799 3268 49 25 puis
2863 3275 42 18 gou-

2365 3298 92 14 verneur
2480 3293 26 20 de
2530 3294 43 21 San
2595 3293 64 24 Juan.
2683 3294 33 21 En
2741 3295 60 23 1868,
2824 3295 16 20 il
2863 3295 53 21 était

2365 3318 113 21 Président
2494 3320 27 20 de
2536 3320 21 20 la
2572 3320 139 25 République.
2728 3321 18 20 Il
2762 3321 20 21 le
2798 3324 56 18 resta
2869 3322 36 24 jus-

2366 3345 61 25 qu'en
2443 3346 60 21 1874.

2393 3379 70 24 Après
2480 3379 56 25 quoi,
2544 3382 21 18 et
2582 3386 49 14 sans
2647 3380 78 24 jamais
2741 3387 71 15 cesser
2819 3381 97 25 d'écrire,

2366 3406 14 19 il
2395 3405 45 21 s'en
2456 3406 43 20 alla
2517 3406 52 20 finir
2584 3413 25 14 sa
2625 3407 35 20 vie
2676 3407 26 21 de
2716 3408 74 19 labeur
2804 3408 54 20 d'ans
2874 3415 41 14 une

2365 3432 83 20 maison
2468 3432 27 21 de
2516 3438 117 20 campagne
2653 3433 35 24 où,
2710 3434 139 24 simplement,
2872 3441 12 13 c
2900 3435 15 19 il

2366 3458 129 22 nourrissait
2524 3459 32 21 les
2586 3459 90 21 oiseaux
2706 3463 21 18 et
2757 3461 98 21 cultivait
2886 3461 30 20 les

2367 3485 67 20 fleurs
2442 3491 21 15 >.

2393 3518 30 20 Ce
2441 3518 68 25 grand
2528 3519 104 25 Argentin
2649 3524 85 16 mourut
2753 3527 26 14 en
2800 3522 59 22 1888,
2877 3521 28 21 ho-

2366 3544 52 20 noré
2436 3546 27 20 de
2479 3548 49 18 tous
2546 3552 34 14 ses
2596 3547 157 23 compatriotes.

2395 3578 31 20 M.
2444 3578 111 25 Quintuna
2573 3585 13 15 a
2604 3579 41 26 été,
2662 3581 13 20 à
2691 3580 73 21 l'issue
2781 3580 27 21 de
2825 3587 25 14 sa
2867 3587 39 15 con-

2367 3604 92 23 férence,
2483 3605 195 22 chaleureusement
2701 3607 101 21 acclame.

2609 3647 51 23 ►SH

2372 3681 79 33 Trois
2479 3683 148 32 fraudeurs
2655 3684 120 32 d'alcool
2802 3687 106 31 arrêtés

2583 3730 17 30 à
2619 3728 80 40 Liège

2382 3794 49 20 (De
2448 3795 71 20 notre
2536 3795 196 24 correspondant
2749 3796 156 24 particulier)

2642 3819 82 26 Liège,
2740 3822 28 20 18
2786 3822 104 24 janvier.

2390 3844 36 22 La
2450 3845 78 24 police
2552 3845 130 24 judiciaire
2706 3851 17 16 a
2748 3846 82 21 arrêté
2856 3848 64 20 deux

2362 3870 118 26 hommes,
2504 3869 69 23 Colin
2597 3872 26 20 et
2644 3872 103 24 Deprez,
2768 3873 151 25 d'Aubange,

2362 3895 64 20 ai'-isi
2445 3896 76 25 qu'un
2540 3897 95 21 certain
2655 3898 124 24 Godinier,
2796 3899 124 22 domicilié

2361 3921 17 21 à
2393 3922 89 21 Athus.

2390 3948 47 19 Ces
2459 3948 61 20 trois
2542 3948 124 22 Individus
2686 3949 93 23 étalent
2801 3951 82 21 arivés
2910 3958 11 14 i

2362 3972 74 26 Liège
2456 3973 62 21 dans
2538 3974 63 21 deux
2620 3976 73 19 autos
2711 3976 137 21 contenant
2867 3977 42 24 plu-

2362 3999 80 20 sieurs
2462 3999 52 22 fûta
2533 4000 103 21 d'alcool
2652 4001 96 21 fraudé.
2765 4002 35 21 Ils
2818 4004 100 20 avaient

2362 4024 62 21 livré
2444 4025 23 21 le
2488 4027 107 20 contenu
2618 4027 30 21 de
2666 4032 42 16 ces
2729 4027 54 24 fûts
2805 4030 58 19 sauf
2886 4034 33 16 un

2363 4050 63 25 litre,
2444 4051 42 25 qui
2505 4050 62 23 était
2585 4052 66 22 resté
2671 4053 62 21 dans
2750 4054 50 21 l'un
2819 4055 42 20 des
2880 4055 30 21 vé

2363 4076 100 21 hlcules.
2483 4076 47 22 Les
2547 4078 133 23 fraudeurs
2699 4081 45 20 ont
2761 4079 40 21 été
2820 4081 99 21 trouvés

2363 4103 115 24 porteurs
2495 4104 31 22 de
2542 4104 125 21 revolvers
2683 4105 112 25 chargrés.
2813 4107 47 21 Les
2879 4106 32 22 vé-

2364 4128 94 20 hicules
2477 4131 44 19 ont
2539 4129 39 21 été
2596 4130 80 22 saisis.

2476 4211 335 36 COMMUNIQUE

2388 4308 33 20 Le
2437 4308 87 18 Comité
2538 4308 31 19 du
2583 4309 108 19 Brabant
2705 4309 28 19 de
2746 4310 25 18 1»
2784 4310 89 19 section
2887 4310 24 20 fé-

2363 4330 86 22 minine
2462 4330 29 19 de
2504 4331 24 19 la
2543 4331 79 21 JFldac,
2635 4336 57 14 sous
2706 4332 24 18 la
2743 4332 134 24 présidence
2891 4334 28 20 de

2361 4352 24 19 la
2400 4353 117 23 princesse
2531 4353 62 20 Jean
2608 4356 28 19 de
2650 4354 101 21 Merode,
2766 4355 110 23 organise
2890 4359 29 15 f>a

2362 4375 49 19 fête
2434 4376 122 20 enfantine
2579 4377 109 19 annuelle
2710 4381 58 15 avec
2790 4378 84 23 goûter
2895 4379 25 17 ft

2362 4397 151 20 distribution
2536 4399 28 19 de
2587 4399 78 23 jouets
2688 4400 8 19 J
2697 4408 13 14 e
2733 4400 64 23 jeudi
2820 4400 26 20 31
2868 4400 41 24 jan-

2361 4419 56 23 vier,
2432 4430 15 14 a
2461 4421 25 19 14
2499 4421 24 19 h.
2537 4421 32 21 30,
2582 4422 64 20 SalU
2660 4422 88 20 Patria.
2763 4422 88 20 Entrée
2864 4427 43 19 gra-

2363 4443 59 19 tuite
2445 4447 44 15 sur
2515 4443 90 24 présent
2610 4450 3 4 ■
2617 4443 24 22 f
2646 4449 28 14 on
2698 4445 28 19 de
2752 4445 24 18 la
2799 4446 67 20 carte
2890 4446 30 18 de

2361 4466 102 19 membre
2476 4465 56 21 1935.
2544 4467 138 21 Versement
2697 4466 133 22 (minimum
2840 4468 14 19 2
2865 4468 53 19 fr.).

2361 4488 18 19 C
2393 4488 27 23 C.
2435 4488 29 19 -P.
2481 4488 92 21 27.76.ÎÎ0
2588 4490 23 18 lu
2627 4494 31 14 au
2675 4489 66 23 local,
2758 4490 47 20 î«a.
2822 4495 42 15 rue
2879 4491 39 18 Jo.

2359 4511 58 23 seph
2430 4511 32 21 II,
2476 4511 33 19 les
2524 4512 37 19 1er
2573 4516 29 14 ou
2615 4512 12 19 3
2629 4520 12 14 e
2654 4512 85 23 lundis,
2752 4513 29 19 de
2794 4513 23 19 15
2829 4513 15 19 à
2858 4513 24 19 17
2894 4513 23 19 h.

2389 4534 36 18 La
2449 4534 116 21 Chambre
2590 4534 124 23 Syndicale
2739 4535 29 19 de
2792 4535 24 18 la
2841 4535 78 19 Prime

2361 4560 59 15 nous
2435 4555 61 21 écrit
2517 4561 6 14 :

2386 4591 13 13 «
2413 4585 64 19 Pour
2491 4585 84 19 mettre
2590 4585 36 19 fin
2641 4590 15 19 à.
2669 4586 117 21 certaines
2802 4591 115 18 rumeurs,

2362 4612 60 15 noue
2439 4609 83 18 tenons
2541 4608 14 19 à
2572 4608 106 24 signaler
2696 4609 117 23 qu'aucun
2830 4610 89 19 arreté-

2363 4631 30 21 lol
2417 4630 171 24 réglementant
2613 4631 23 19 la
2658 4633 70 18 vente
2752 4636 57 15 avec
2833 4631 86 26 prîmes

2362 4653 61 19 n'est
2439 4653 166 20 actuellement
2623 4657 28 16 en
2670 4653 105 25 vigueur.
2794 4655 35 18 I*a
2844 4654 63 21 régle-

2359 4675 131 20 mentation
2506 4676 15 19 à
2536 4676 86 20 l'étude
2637 4676 91 20 n'avait
2743 4676 86 25 jamais
2844 4675 74 26 prévu

2362 4699 23 18 la
2397 4698 152 24 suppression
2564 4698 110 20 radicale.

2386 4733 12 13 »
2415 4724 64 22 Pour
2494 4727 53 20 tous
2565 4726 207 24 renseignements,
2790 4728 130 19 s'adresser

2362 4754 15 18 à
2391 4750 24 18 la
2427 4750 117 19 Chambre
2558 4750 123 22 Syndicale
2694 4750 30 19 de
2739 4750 22 19 la
2776 4750 84 22 Prime,
2876 4751 42 20 117,

2361 4776 92 16 avenue
2468 4773 28 21 de
2513 4772 141 23 Keerabeek,
2671 4772 129 21 Bruxelles.
2816 4779 12 14 >

2969 381 150 19 MOXNAIR.
3136 393 26 4 —
3178 382 99 23 Samedi,
3295 387 11 14 n
3326 382 24 20 20
3366 383 29 22 h.,
3413 389 11 13 «
3441 384 60 18 Mm':

2946 403 118 25 Butterfly
3088 411 19 15 i-,
3132 409 59 14 avec
3214 405 61 21 Mme
3300 406 32 17 Tu
3336 407 63 21 pale*
3423 407 78 22 iB.'ing,

2946 426 77 24 Dénié,
3048 428 55 18 MM.
3128 427 115 23 Grimard,
3267 428 109 22 Colonne,
3402 429 99 24 DognieH

2943 451 23 17 et
2981 455 11 13 «
3006 451 31 18 Le
3050 451 83 18 Boléro
3147 457 20 13 ».
3180 462 26 5 —
3220 451 129 22 Dimuncho
3363 452 30 21 '20,
3409 457 29 15 eu
3452 457 36 14 mu
3495 465 5 3 -

2944 471 67 23 tilU'c,
3027 476 15 19 à
3059 474 23 17 -11
3097 474 30 21 h.,
3145 480 11 11 «
3174 474 33 18 La
3224 473 97 20 Pa-sslon
3340 484 10 9 „
3356 480 4 15 ;
3378 475 20 18 le
3413 476 55 22 «oir,
3486 476 13 18 ù

2943 494 24 20 20
2986 496 30 20 li.,
3036 501 11 13 a
3068 496 43 19 Lea
3132 496 138 23 Huguenote
3291 502 19 14 »,
3331 506 16 4 —
3351 507 4 3 -
3376 498 73 20 Lundi
3468 498 30 20 21,

2942 517 15 18 à
2971 517 24 23 2~)
3009 518 29 21 h.,
3054 524 12 13 <i
3081 519 99 18 Carmen
3196 525 18 16 »,
3229 523 58 15 avec
3301 520 73 18 M,.r.cs
3389 520 110 23 Mertens,

2944 539 118 25 Dambert,
3079 542 47 18 MM
3150 542 109 21 Burdinn,
3276 541 109 21 Richard.
3400 553 24 5 —
3440 543 51 18 Mar-

2944 562 23 20 di
2990 564 30 20 22,
3043 564 15 18 ù.
3081 565 25 17 20
3128 562 31 24 h.,
3183 571 11 12 «
3219 565 71 18 Thaïs
3315 571 18 14 »,
3358 569 57 14 avec
3441 566 59 18 Mine

2945 585 153 23 Ncspoulou-s,
3126 587 27 21 de
3180 586 99 25 t'Opéra,
3308 587 55 19 MM.
3392 587 108 22 Richard,

2944 606 67 21 Len».
3028 619 26 4 —
3071 609 111 21 Mercredi
3201 611 30 20 2'.i,
3250 614 14 18 à
3282 612 24 18 -0
3323 615 30 16 o.,
3372 611 35 17 lie
3425 611 66 23 repré-

2943 630 117 20 sentation
3080 632 106 23 (reprise;
3205 633 27 18 de
3250 641 11 11 «
3278 634 86 18 Monna
3381 633 83 20 Vanna
3481 644 18 9 .,,

2943 657 56 14 avec
3019 654 60 18 Mme
3100 655 111 20 lionavia.
3233 656 26 18 dc
3280 656 98 23 l'Opéra,
3400 656 54 18 MM.
3474 657 25 17 J-'.

2944 676 113 23 An&seau,
3076 677 107 23 Colonne,
3203 679 51 18 Van
3272 679 116 23 (Jbbergh.
3404 689 26 4 —
3446 679 53 20 Jeu-

2943 698 22 18 Jl
2984 698 31 22 24,
3034 704 14 13 a
3068 700 25 18 20
3111 700 22 19 h.
3153 701 32 19 30.
3205 701 121 23 Spectacle
3344 705 28 15 oe
3393 701 59 19 Gala
3470 707 28 13 tn

2944 720 84 24 langue
3046 722 109 19 italienne
3173 729 15 12 a
3208 724 128 22 Bruxelles,
3356 730 11 12 *
3387 725 32 17 La
3436 725 53 18 Som

2943 748 53 13 nam
3000 744 28 18 bu
3032 744 19 21 le
3073 750 18 16 »,
3112 749 57 14 avec
3190 746 61 20 Mme
3271 747 118 18 Mercedes
3408 748 36 18 Ca
3446 752 7 9 f
3457 752 42 16 .s.r,

2942 766 30 19 .M.
2989 767 63 17 Lnzo
3065 768 28 19 de
3109 768 63 18 Duro
3188 769 112 18 Lomanio
3318 771 62 18 (tous
3396 770 61 18 deux
3471 770 27 20 de

2943 789 21 18 la
2979 790 69 18 Sc.ila
3063 790 28 18 de
3107 790 71 19 Milan
3194 794 23 16 ut
3233 792 27 19 dc
3275 792 93 25 l'Opéra
3383 793 74 23 Royal
3471 794 28 17 de

2944 812 91 19 Roue).
3055 823 25 3 —
3099 813 115 20 Vendredi
3233 815 24 18 23
3275 815 98 23 janvier,
3392 816 15 18 à
3427 817 24 18 20
3468 816 30 19 h.,

2943 839 11 14 c
2975 834 24 18 M
3007 840 28 13 ne
3054 835 119 23 Butterfly
3195 846 17 10 ...
3233 841 57 15 avec
3310 838 61 19 .Mme
3389 838 110 25 Tapalna.

2943 858 79 21 Isanjî,
3042 859 131 20 cantatrice
3192 859 129 23 japonaise,
3343 861 78 19 Denië.
3443 862 56 18 MM.

2944 880 114 21 Grimard,
3077 880 110 22 Colonne,
3208 882 102 22 lK^niei*
3329 887 23 16 et
3372 890 11 11 «
3403 884 32 19 Le
3456 885 34 17 Bo-

2942 902 47 19 léro
3008 910 11 11 »
3040 903 101 20 .ballet).
3158 914 26 4 —
3202 904 93 22 Samedi
3311 905 31 21 20.
3360 906 15 18 à
3394 907 23 18 iy
3433 907 23 18 h.
3478 907 21 18 (7

2942 925 43 21 h.),
3007 926 120 23 Spectacle
3148 926 27 19 de
3198 927 78 19 Grand
3298 929 60 17 Gala
3378 934 11 13 c
3412 930 46 17 Loh
3461 933 11 8 n
3475 934 24 14 ri-

2941 948 51 22 grin
3010 954 11 11 »
3041 949 60 19 (.voir
3117 949 33 17 le.s
3167 949 102 19 affche.-i
3285 951 134 22 spéciales).

2970 970 85 19 FARC.
3077 981 27 4 —
3125 972 155 22 Aujourd'hui
3301 974 91 18 -samedi
3416 975 23 18 et
3462 974 27 18 de-

2943 993 63 19 main
3027 993 130 21 dimanche,
3179 999 28 14 en
3228 996 113 19 mat.nt'Cû
3363 999 22 16 et
3407 1000 27 15 en
3453 997 46 18 *ul-

2941 1014 58 23 réci»,
3016 1016 13 18 4
3044 1020 67 19 ga.a-s
3127 1017 120 23 Kar.senty
3265 1024 11 11 «
3293 1018 31 18 Le
3342 1018 121 23 Messager
3481 1026 16 14 ■>,

2942 1038 95 19 l'œuvre
3053 1039 105 19 nouvelle
3173 1040 105 23 d'Henry
3295 1036 131 26 Bern:;tc.n)
3442 1046 57 14 avef.

2943 1061 128 21 Madele.no
3096 1062 105 20 Renaud,
3227 1063 22 18 la
3272 1062 90 22 célèbre
3386 1063 113 19 socke-iare

2941 1084 28 17 do
2982 1084 22 18 la
3016 1084 254 22 ConjLdie-Francaibe,
3285 1085 109 23 l'héroïne
3407 1087 28 18 de
3446 1087 53 18 tant

2941 1107 27 18 de
2986 1107 63 18 filma
3067 1107 14 18 â
3097 1107 90 21 succès,
3205 1112 57 14 avec
3279 1108 60 18 Jean
3357 1108 99 20 Worins.

2965 1129 74 22 Lundi
3055 1130 30 21 21,
3102 1137 10 10 «
3128 1130 82 22 Quanl
3226 1131 99 18 l'amour
3338 1131 85 19 chante
3439 1138 19 16 ».

2967 1152 44 18 Le.s
3033 1152 75 19 mardi
3131 1153 30 21 22,
3186 1153 63 22 Jeudi
3271 1153 25 19 24
3318 1154 24 20 et
3364 1154 89 18 samedi
3476 1154 23 18 26

2940 1174 98 23 janvier,
3054 1175 15 18 à
3084 1175 24 18 14
3122 1175 23 19 h.
3159 1176 32 20 io,
3208 1174 101 24 matinée
3325 1175 119 21 littétaite.
3461 1178 36 17 Au

2942 1201 146 19 programme
3112 1204 11 11 «
3147 1198 95 19 Hamlet
3266 1205 18 15 »,
3309 1203 57 14 avec
3389 1200 64 20 tout-,
3476 1199 22 18 la

2941 1221 135 22 compagnie
3091 1220 30 19 du
3135 1221 100 18 Théâtre
3250 1221 30 18 du
3293 1221 69 18 Parc.

2966 1243 44 19 Les
3028 1247 125 19 personnes
3169 1244 130 18 désireuses
3317 1244 27 20 de
3360 1249 26 13 se
3401 1243 87 19 réabon-

2940 1270 42 14 ner
2999 1265 31 19 où
3049 1266 27 18 de
3094 1266 126 19 s'abonner
3239 1267 15 18 â
3272 1266 23 18 la
3314 1266 104 21 nouvelle
3436 1266 61 19 série

2941 1289 27 18 do
2990 1288 102 19 matinée
3128 1289 121 18 littéraire,
3277 1291 101 21 peuvent
3401 1289 97 23 jrcndr';

2940 1310 63 21 leura
3016 1311 169 19 abonnements
3199 1316 30 14 au
3246 1313 87 18 bureau
3348 1317 27 15 oe
3388 1312 109 20 location,

2941 1335 51 17 tous
3009 1334 33 18 les
3057 1335 73 21 jours,
3145 1335 29 18 de
3190 1335 24 18 14
3227 1338 15 18 à
3258 1335 23 17 IA
3296 1335 23 18 h.

2966 1357 160 18 GALERIES.
3159 1367 28 4 —
3220 1357 61 18 Tous
3314 1357 35 18 les
3382 1356 61 20 soirs
3478 1358 20 17 ie

2940 1379 100 19 Théâtre
3064 1380 67 18 d'Art
3155 1380 27 19 de
3206 1379 93 20 Moscou
3323 1379 114 21 triomphe
3461 1379 37 18 de.

2941 1404 56 17 vant
3013 1402 40 18 des
3068 1402 72 19 salles
3156 1401 103 22 combles
3277 1403 23 17 et
3317 1406 31 14 un
3366 1402 75 23 puDîij
3458 1406 29 14 en-

2941 1424 150 19 thousiasmé.

2965 1447 92 18 Samedi
3074 1447 30 20 11),
3121 1451 29 13 en
3165 1446 81 21 soirée,
3263 1454 11 11 «
3290 1447 98 18 RevLsor
3403 1453 20 13 ;-.
3439 1451 57 14 avec

2940 1470 83 18 Michel
3043 1469 140 19 Tehekhoff.
3202 1469 129 21 Dimanche
3350 1470 31 19 20,
3402 1474 28 13 en
3448 1473 39 15 ma-

2940 1492 60 19 tinée
3017 1498 11 12 «
3043 1492 32 20 Le
3091 1492 104 22 Mariage
3210 1498 20 14 »,
3244 1492 102 21 comédie
3362 1496 27 14 en
3404 1492 13 18 3
3430 1493 66 17 actes

2939 1514 27 19 ù*-,
2982 1514 81 23 Gogol;
3077 1519 29 14 en
3120 1514 82 22 soirée,
3219 1521 12 11 «
3246 1515 116 18 Pauvreté
3377 1515 57 18 n'et5<
3453 1519 42 18 pas

2941 1541 48 14 vice
3008 1543 19 13 a.

2964 1560 74 21 Lundi
3055 1559 31 21 21,
3103 1559 112 24 première
3231 1559 193 24 repré^nVit-on,
3441 1564 55 15 fous

2940 1582 32 18 'e.s
2988 1582 107 24 auspices
3111 1583 30 18 du
3156 1582 100 19 Théâtre
3271 1583 31 18 du
3318 1582 87 19 Malais
3421 1589 12 11 t
3449 1582 35 18 En-

2940 1605 75 19 diablé
3033 1610 58 18 pour
3107 1605 21 22 le
3145 1605 49 19 Ciel
3211 1611 11 13 »
3240 1606 23 20 et
3282 1611 12 13 «
3310 1605 119 19 L'Enfant
3446 1609 41 19 pro-

2939 1627 68 23 digue
3027 1634 20 12 ».

2963 1651 35 18 Lu
3013 1650 99 19 location
3129 1650 36 19 est
3180 1652 96 17 ouverte
3293 1655 57 19 pour
3367 1656 19 13 .e
3400 1650 94 18 eon^ert

2937 1677 44 19 q,ic
2995 1673 101 18 donnera
3108 1673 89 19 Walter
3209 1673 106 19 Kummel
3328 1674 20 17 le
3360 1673 24 18 2-1
3395 1673 98 24 janvier.

2989 1696 181 18 ALHAMBRA.
3193 1706 26 5 —
3242 1696 32 19 Ce
3299 1696 91 21 théâtre
3414 1697 37 19 est
3474 1696 21 18 ie

2937 1718 52 19 seul
3007 1718 28 20 de
3053 1718 110 23 Belgique
3181 1721 39 20 qui
3239 1718 96 23 possède
3353 1723 26 14 ce
3397 1718 95 23 dispo^i.

2939 1741 29 18 tif
2986 1740 86 24 spécial
3088 1745 107 14 nouveau
3214 1742 76 22 qu'est
3306 1741 24 18 l.a
3347 1741 68 18 scène
3432 1743 52 15 tour-

2939 1764 78 20 nante,
3035 1768 58 14 sans
3111 1763 99 23 laquelle
3229 1764 15 18 il
3262 1763 35 19 est
3316 1763 132 23 impossible
3466 1763 28 18 de

2938 1786 88 18 donner
3039 1786 15 18 â
3069 1792 12 13 «
3096 1786 134 22 L'Auberge
3246 1786 30 18 du
3291 1785 88 20 Cheval
3394 1786 73 18 Blanc
3482 1791 11 13 »

2938 1809 24 18 la
2974 1808 58 19 mise
3046 1813 27 14 en
3087 1808 68 20 scène
3169 1808 82 23 qu'elle
3264 1809 125 22 comporte,
3403 1809 91 17 notam-

2940 1831 64 19 ment
3024 1835 56 14 rour
3097 1831 80 18 réunir
3194 1835 43 14 sur
3255 1831 20 20 le
3295 1831 93 23 plateau
3407 1831 34 18 les
3460 1830 35 18 160

2938 1853 104 19 artistes.
3060 1853 107 21 Matinée,
3182 1853 131 20 dimanche.

2964 1877 146 18 MOLIERE.
3131 1887 27 4 —
3181 1876 30 19 Ce
3233 1875 98 19 samedi,
3354 1875 87 23 reprl.se
3466 1875 29 18 du

2939 1899 75 22 î.rand
3035 1898 83 19 succès
3142 1899 118 22 populaire
3285 1904 11 13 «
3321 1898 31 18 Le
3376 1898 75 18 Bossu
3475 1903 20 15 »,

2939 1922 79 21 drame
3037 1922 27 20 de
3081 1926 57 18 cape
3155 1924 25 15 et
3197 1921 79 23 d'épee
3293 1921 27 18 de
3337 1920 59 19 Paul
3414 1919 80 23 Féval,

2938 1949 57 14 avec
3012 1944 98 19 Charles
3128 1944 126 18 Schauten.

2964 1967 100 19 GAITE.
3083 1977 26 4 —
3127 1967 32 21 Le
3177 1966 82 18 succès
3279 1966 39 18 des
3337 1964 81 20 succès
3436 1964 60 19 c'est

2939 1995 11 13 «
2970 1990 31 19 M.
3022 1989 112 23 Peperbol
3155 1996 20 13 »,
3196 1993 57 14 avec
3274 1989 104 18 Gustave
3398 1987 96 20 Libeau,

2938 2013 124 22 Georgette
3077 2012 72 22 Mery,
3165 2011 73 21 Emile
3254 2011 79 20 Deluc.
3350 2010 95 19 Dorian.
3460 2011 35 18 On

2938 2040 28 13 en
2982 2035 65 23 parle
3061 2035 102 23 partout.
3177 2034 163 23 Aujourd'hui,
3355 2033 109 22 matinée,
3480 2032 15 19 â

2939 2058 24 19 15
2978 2058 24 19 h.

2962 2086 208 20 VAUDEVILLE.
3185 2097 28 5 —
3227 2086 87 20 Course
3331 2085 28 19 de
3375 2085 64 21 fond,
3456 2089 29 19 ga-

2939 2109 57 23 gnée
3014 2110 59 17 haut
3088 2109 24 18 la
3129 2108 70 21 main,
3216 2109 59 19 c'est
3289 2108 58 19 celle
3365 2108 119 23 qu'accom-

2938 2132 42 23 plit
2999 2132 121 18 l'hilarant
3152 2131 130 19 vaudeville
3311 2130 184 24 comico-sportif

2939 2161 11 12 *
2968 2155 35 18 La
3020 2155 73 21 Reine
3112 2154 40 19 des
3172 2154 41 19 Six
3230 2154 70 20 Jours
3320 2164 19 10 *.
3359 2157 57 15 avec
3436 2154 59 18 Dar-

2939 2182 63 17 man,
3029 2177 114 21 Marchai,
3170 2177 69 21 Daix,
3266 2176 84 20 Duval,
3378 2177 117 19 Santerre,

2938 2201 74 23 Tany,
3033 2200 82 21 Mérin,
3136 2200 61 20 Jane
3218 2200 73 22 Tony,
3312 2198 95 22 Hélène,
3428 2198 57 19 Lefè-

2939 2227 47 17 vre,
3009 2223 120 21 Charmai,
3153 2222 86 19 Sabine
3262 2222 99 21 Andrée,
3386 2221 110 20 Dorviile,

2938 2245 89 24 Dyalls.
3046 2245 102 20 Matinée
3163 2245 102 21 demain,
3283 2245 131 19 dimanche.

2961 2269 182 19 CAPUCINES.
3159 2277 27 5 —
3202 2268 65 19 C'est
3283 2272 28 14 en
3330 2268 57 18 trois
3402 2267 93 21 heures,

2936 2296 31 14 au
2985 2292 55 22 long
3055 2291 130 23 desquelles
3202 2291 21 18 le
3238 2291 137 23 spectateur
3390 2290 33 18 rît
3437 2290 16 18 à
3468 2294 27 14 se

2939 2314 83 21 tordre,
3040 2318 46 19 que
3102 2314 32 19 lui
3151 2315 37 19 est
3202 2313 69 18 conté
3286 2318 27 17 ce
3331 2313 39 23 qui
3383 2318 28 14 ee
3426 2316 69 20 passe

2937 2337 60 18 dans
3017 2343 11 11 £
3046 2337 59 18 Rien
3123 2337 86 23 qu'une
3228 2336 58 19 Nuit
3303 2343 19 14 a,
3341 2335 104 24 opérette
3465 2335 20 18 lé-

2938 2360 54 22 gère
3013 2360 61 18 dans
3105 2358 99 24 laquelle
3239 2363 38 14 ses
3312 2359 104 21 auteurs,
3439 2358 56 22 MM.

2938 2382 166 23 d'Hanswyck,
3128 2382 60 18 Paul
3211 2382 52 18 Van
3286 2381 73 19 Stalle
3381 2382 115 22 prouvent

2938 2409 44 14 une
2996 2405 45 19 fois
3054 2405 28 18 de
3096 2404 51 23 plus
3161 2405 51 18 leur
3224 2406 54 17 tour
3291 2404 27 19 de
3331 2403 64 19 main
3408 2405 24 19 et
3444 2403 51 20 leur

2938 2431 56 14 sens
3020 2427 30 18 du
3073 2427 114 23 comique.
3211 2427 102 22 Matinée
3338 2426 100 22 demain,
3463 2425 23 19 di-

2939 2450 106 18 manche.

2964 2472 145 19 THEATRE
3130 2472 159 18 FLAMAND.
3309 2481 27 4 —
3357 2471 20 19 U
3398 2471 41 19 eût
3458 2470 38 19 été

2940 2495 117 19 vraiment
3082 2494 141 23 regrettable
3249 2494 115 19 d'écarter
3389 2495 31 17 du
3447 2497 39 18 pro-

2938 2522 105 18 gramme
3062 2517 68 23 après
3149 2521 45 15 une
3210 2517 106 19 semaine
3333 2517 28 18 de
3378 2516 110 23 représen-

2941 2540 74 19 tation
3037 2540 22 18 si
3082 2540 109 20 réussies,
3217 2547 11 12 «
3252 2539 76 23 Grigri
3353 2545 19 15 »,
3394 2539 25 18 la
3441 2538 45 19 déli-

2939 2562 78 21 cieuse
3033 2562 103 23 opérette
3154 2561 56 19 dont
3227 2562 24 18 la
3267 2562 106 22 musique
3392 2562 27 18 de
3436 2561 60 18 Paul

2940 2585 86 19 Lincke
3043 2586 37 18 est
3093 2585 21 18 si
3132 2585 148 21 entraînante
3297 2586 23 17 et
3335 2586 22 18 si
3373 2583 113 19 mélodieu-

2937 2612 34 14 se.
2985 2607 111 21 Dernière
3109 2607 101 19 matinée
3223 2607 130 20 dimanche,
3366 2611 15 18 à
3394 2607 23 18 15
3428 2606 23 18 h.
3464 2606 31 18 30.

2940 2631 74 18 Lundi
3030 2631 24 17 21
3070 2630 99 23 janvier,
3187 2629 73 21 soirée
3276 2629 87 19 offerte
3380 2634 31 13 au
3428 2628 58 19 béné-

2939 2654 46 20 fice
3002 2654 31 18 du
3050 2655 51 17 bru.
3104 2655 41 17 ant
3161 2651 211 20 acteur-répisseur
3387 2652 41 18 Jef
3445 2651 51 18 Van

2938 2677 111 22 Outryve.
3063 2676 111 18 Location
3186 2676 40 19 des
3240 2675 78 23 places
3333 2674 49 21 (tél.
3395 2674 99 21 11.92.16)

2939 2704 29 13 ou
2983 2703 30 14 au
3030 2700 96 17 bureau.

2968 2720 275 21 FOLIES-BERGERE.
3270 2729 27 4 —
3324 2719 118 23 Jusqu'au
3468 2717 28 20 24

2938 2744 93 23 janvier
3043 2743 138 21 seulement,
3198 2745 54 16 tous
3266 2742 34 19 les
3314 2742 67 19 soirs,
3397 2742 15 18 à
3427 2742 25 18 20
3465 2741 30 21 h.,

2940 2773 11 13 «
2971 2767 28 18 In
3018 2767 40 19 het
3077 2767 72 21 Witte
3168 2766 78 18 Paard
3266 2771 19 16 î,
3305 2765 24 18 12
3347 2764 117 22 tableaux,
3484 2764 13 18 7

2940 2790 83 19 ballets
3039 2790 41 18 des
3098 2789 51 23 plus
3166 2788 109 19 brillants
3292 2790 24 18 et
3334 2792 44 14 une
3394 2787 73 22 intrlg
3475 2791 20 13 ie

2939 2813 125 18 amusante
3084 2811 67 23 jouée
3172 2816 43 18 par
3235 2811 42 18 des
3298 2810 93 18 acteurs
3412 2810 28 18 de
3460 2811 27 16 ta-

2939 2835 48 19 lent
3000 2835 73 23 pleins
3086 2835 28 18 de
3127 2838 76 15 verve.
3217 2833 136 22 Dimanche,
3366 2833 16 18 à
3393 2833 24 18 15
3427 2833 24 17 h.
3465 2832 30 21 lô,

2939 2857 110 19 matinée.

2962 2880 112 19 PALAIS
3094 2879 98 19 D'ETE.
3209 2889 27 4 —
3255 2879 31 18 Le
3304 2877 82 21 succès
3403 2877 22 19 le
3444 2876 52 24 plus

2940 2903 125 24 triomphal
3088 2903 28 18 de
3139 2902 23 19 la
3186 2902 86 20 saison,
3297 2901 24 19 la
3342 2904 72 15 revue
3435 2899 52 24 pari-

2940 2926 80 19 sienne
3045 2931 12 13 €
3083 2926 61 18 Tout
3166 2928 58 19 pour
3248 2924 106 18 l'Amour
3378 2929 12 13 »
3414 2927 73 14 renou-

2938 2948 63 19 velée
3013 2948 56 18 d'un
3081 2948 56 18 bout
3148 2947 16 18 à
3175 2947 92 21 l'autre,
3280 2945 126 24 amplifiée,
3418 2947 68 17 trans-

2939 2970 95 21 formée,
3052 2969 106 20 embellie
3175 2973 84 14 encore
3274 2972 22 17 si
3315 2968 107 24 possible,
3441 2971 43 14 con-

2938 2993 51 20 naît
3005 2997 33 14 un
3056 2991 82 23 regain
3157 2991 27 19 de
3202 2993 75 20 vogue
3296 2991 39 22 qui
3354 2989 141 23 s'expliquer

2939 3019 42 20 par
2997 3019 40 15 ses
3054 3014 129 19 nombreux
3201 3013 105 19 attraits.

2963 3037 123 19 PATRIA.
3102 3046 26 4 —
3142 3035 98 19 Demain
3257 3035 128 20 dimanche,
3401 3034 15 18 à
3432 3034 24 18 14
3469 3033 24 19 h.

2937 3060 31 20 30.
2986 3066 11 12 «
3014 3059 89 21 Phèdre
3119 3065 19 13 ».
3152 3063 56 13 sera
3223 3058 53 22 joué
3293 3062 42 18 par
3349 3057 33 19 les
3397 3056 96 18 artistes

2938 3083 30 17 du
2986 3082 153 22 groupement
3155 3080 168 23 professionnel
3340 3079 28 18 de
3386 3079 23 18 la
3425 3078 28 18 G.
3467 3078 27 17 C.

2939 3106 27 17 A.
2989 3105 25 19 T.
3038 3104 66 18 Cette
3126 3103 86 23 unique
3234 3101 186 24 représentation
3441 3104 54 14 sera

2940 3127 88 19 donnée
3044 3131 31 14 au
3092 3126 72 23 profit
3181 3126 27 18 de
3224 3125 23 18 la
3262 3125 77 18 caisse
3356 3124 28 18 de
3401 3127 94 14 secours

2939 3154 48 14 aux
3008 3149 99 19 artiste»
3125 3148 132 19 chômeurs.
3280 3147 49 20 Une
3352 3147 82 22 troupe
3456 3145 30 18 ho-

2939 3172 95 23 mogène
3047 3173 75 21 ayant
3134 3172 15 17 â
3161 3176 27 14 sa
3202 3171 46 18 tête
3263 3170 60 20 Mme
3338 3170 90 17 Bianca
3439 3168 56 19 Coi-

2939 3196 25 18 ta
2980 3194 72 21 Boîne
3067 3194 59 19 dans
3140 3194 21 18 le
3177 3193 48 19 rôle
3239 3193 29 19 de
3284 3199 12 13 «
3311 3191 90 20 Phèdre
3417 3198 12 12 »
3445 3190 40 24 prê-

2940 3219 51 17 tera
3003 3221 44 15 son
3063 3221 121 14 concours.

3523 382 137 24 Capucine».
3679 395 24 5 —
3722 386 25 19 20
3766 387 21 19 h.
3807 388 25 19 30
3855 392 6 15 :
3883 394 11 14 c
3915 389 58 20 Rien
3992 392 82 23 qu'une

3523 427 99 20 Théâtre
3638 429 121 21 Flamand.
3774 442 24 3 —
3813 432 24 19 20
3851 433 23 18 h.
3892 438 6 14 :
3914 440 11 11 «
3941 434 74 22 Cri;-rl
4031 444 10 12 h

3525 451 73 17 l-'t.ll.-s
3611 452 106 23 liergùre,
3734 464 24 4 —
3775 455 24 17 20
3814 455 22 18 h.
3857 459 5 14 :
3881 462 10 12 u
3909 457 25 17 in
3952 457 40 20 het
4009 460 66 21 YV.tte

3526 496 75 18 l'alalH
3620 496 75 21 d'Kté.
3715 509 25 3 --
3758 498 24 20 20
3800 499 21 23 h,
3842 500 24 18 ?,()
3888 504 5 14 :
3913 507 11 11 /;
3944 502 60 19 Tout
4019 509 56 17 pour

3546 519 100 18 l'amour
3665 525 19 14 ».
3705 521 114 19 Matinée.s
3839 523 142 23 dimanche,
4001 526 73 20 Jeudi»

3547 544 24 16 et
3587 542 67 19 fête/i.
3671 543 15 18 â
3702 544 24 19 15
3741 544 22 18 h.
4001 536 10 13 J

3523 564 53 18 -Mon
3597 565 94 22 Village.
3710 576 24 4 —
3751 567 25 18 20
3791 567 23 23 h.
3832 567 25 19 30
3869 572 5 14 :
3894 575 11 11 «
3916 569 78 19 Revue
4004 578 19 12 ».

3525 587 77 18 I'hJuIh
3626 588 28 18 de
3677 588 78 19 Glace.
3778 598 26 4 —
3826 590 67 20 TroiW
3914 592 98 19 n<iu.n<ien
4036 599 41 15 ravr

3548 612 58 19 jour.

3524 633 68 20 ïiimy
3603 633 108 19 (iiharet.
3734 645 25 5 —
3791 635 62 18 Tous
3885 638 34 16 ies
3948 639 67 22 nolm,
4047 641 20 18 M

3548 655 88 19 Walter
3656 657 105 22 préA.;nte
3780 661 30 15 un
3829 659 67 18 choix
3915 660 161 23 d'attractlorj*

3545 682 57 14 avec
3621 678 134 23 l'oichestre
3773 680 28 19 de
3819 681 43 18 Joë
3881 683 89 22 IP-yne.

3721 702 156 22 CONCERTS

3524 723 78 19 i'alaln
3620 724 40 18 d«s
3680 725 156 20 Beaux-Art».
3853 737 26 5 —
3897 728 23 18 14
3938 728 23 20 h.
3981 729 25 19 30
4026 734 7 14 :
4051 732 24 18 4e

3545 746 99 19 Concert
3664 747 214 25 Philharmonique:
3899 750 95 20 Kleiber
4012 745 63 28 Heni

3548 769 47 19 Ure
3610 769 124 21 audition).

3567 821 61 37 Les
3648 824 152 37 Cinémas
3820 827 20 34 à
3862 826 172 39 Bruxelles

3545 900 111 19 AGORA.
3676 912 26 4 _
3721 902 88 20 Robert
3828 903 99 23 Vidalin.
3948 906 127 22 Madeleine

3520 922 107 23 .Samary,
3648 923 46 19 Jim
3715 924 92 23 Gerald,
3827 926 38 18 Ja*
3872 931 56 19 que.s
3950 929 117 20 Varcnn^

3522 945 120 22 Raymond
3661 946 64 20 Galle
3743 947 59 18 dans
3820 954 11 12 «
3849 949 19 17 I.
3868 955 12 13 c
3899 950 73 19 Bossu
3990 958 10 11 *
4026 953 39 19 d'a-

3521 972 51 18 près
3590 968 25 18 P.
3632 968 80 24 Féval,
3729 980 24 3 —
3770 970 102 21 Enfant^
3889 977 45 13 non
3951 973 83 20 admis.

3546 991 212 20 AMBA.SSADOR.
3777 1004 25 4 —
3832 994 87 19 Harold
3951 996 72 23 Lloyd
4051 1000 26 17 et

3521 1013 51 18 Una
3590 1014 87 18 Merkel
3695 1014 59 18 dans
3773 1021 11 12 -ï
3802 1016 54 18 Patt
3858 1024 13 14 e
3889 1018 27 18 de
3933 1018 62 20 Chat
4011 1026 21 13 >.
4050 1030 25 5 —

3520 1035 102 20 Enfanta
3642 1040 45 15 non
3707 1037 84 19 admis.

3543 1058 112 21 CAMEO.
3673 1070 18 3 —
3714 1060 86 19 Robert
3817 1061 167 24 Mont^omery,
4002 1064 72 20 I>w)s

3520 1080 76 21 Stone,
3615 1082 120 19 Elisabeth
3753 1083 66 18 Allen
3836 1084 58 19 dans
3912 1091 12 12 «
3941 1086 32 19 Le
3989 1087 76 22 Mysté-

3520 1107 64 14 rieux
3601 1104 29 18 M.
3648 1105 44 18 X...
3709 1112 19 12 ».
3744 1116 26 4 —
3786 1106 102 21 Enfanta
3905 1112 43 14 non
3965 1109 83 19 admis.

3544 1127 163 19 COLISEUM.
3725 1139 27 4 —
3769 1128 85 19 Lucien
3875 1130 93 19 Baroux
3986 1133 23 18 et
4028 1133 38 19 Ma-

3521 1148 86 19 deleine
3631 1150 67 18 .Soria
3720 1151 59 18 dans
3803 1159 11 11 t
3838 1153 84 18 Maître
3946 1154 84 19 Bolbec
4053 1156 23 17 et

3519 1175 41 13 son
3578 1172 58 20 Mari
3654 1182 18 11 ».
3690 1183 26 5 —
3731 1174 103 20 Enfants
3851 1179 45 14 non
3912 1176 83 19 admis.

3544 1194 217 21 CROSLY-NORD.
3781 1208 27 4 —
3827 1203 12 12 «
3858 1198 44 18 Les
3924 1199 75 18 beaux
4016 1199 60 21 «it-e^

3520 1216 13 18 d
3543 1217 93 19 Irlande
3659 1225 19 14 .v,
3702 1223 30 13 un
3755 1219 99 23 Mickey,
3878 1225 30 14 un
3931 1221 57 23 Silly
4009 1223 66 22 Sy:n-

3520 1239 83 23 phony,
3626 1244 31 14 un
3679 1240 48 19 doc.
3750 1242 28 20 de
3798 1246 98 19 voyage,
3918 1247 31 15 un
3970 1248 104 21 comique

3518 1265 57 16 avec
3596 1262 87 19 Harold
3705 1264 72 22 Lloyd
3796 1268 25 17 et
3841 1265 34 19 les
3895 1266 133 20 actualités.
4049 1277 25 6 —

3519 1285 103 20 Enfants
3642 1286 83 18 admis.

3545 1308 172 19 ELDORADO.
3736 1318 26 5 —
3782 1309 98 24 Brigitte
3900 1311 76 22 Helm,
3997 1313 67 18 Made-

3519 1329 59 19 leine
3599 1331 89 22 Ozcray
3709 1332 24 18 et
3751 1332 60 19 Jean
3832 1333 79 19 Murât
3931 1334 59 19 dans
4010 1341 13 13 «
4041 1336 33 18 L*

3519 1353 79 19 Secret
3616 1354 41 18 dea
3676 1354 134 19 Woronzeff
3828 1362 19 12 ».
3865 1365 26 5 —
3907 1357 104 19 Enfante
4027 1362 45 15 non

3517 1375 84 19 admis.

3544 1399 130 18 FAMILIA
3695 1401 6 14 f
3706 1399 41 21 164,
3765 1399 38 20 ch.
3822 1400 27 21 de
3868 1401 101 20 Haecht)
3998 1412 25 4 —
4042 1404 31 18 Le

3519 1420 121 20 dimanche
3656 1422 15 18 â
3688 1422 23 18 14
3727 1423 22 17 h.
3766 1423 31 21 30,
3815 1423 23 18 17
3852 1423 23 20 h.
3892 1426 24 18 et
3931 1425 25 18 20
3971 1420 24 24 h.
4012 1426 22 18 15
4049 1427 23 17 et

3518 1443 20 18 le
3553 1444 63 21 jeudi
3631 1444 15 18 à
3661 1444 23 19 16
3699 1445 22 22 h.
3736 1445 26 19 30
3780 1449 6 14 :
3803 1451 12 12 «
3830 1446 32 21 Le
3878 1446 98 19 Earbier
3989 1448 29 18 de
4033 1448 39 19 Sc-

3518 1465 52 20 ville
3582 1473 11 12 »
3606 1467 24 20 et
3642 1472 12 13 «
3666 1469 44 18 Les
3722 1467 76 20 Noces
3810 1468 27 20 de
3849 1469 86 23 Figaro
3947 1476 22 15 »;
3981 1476 12 14 «
4005 1471 66 19 Trois

3518 1489 53 18 Vies
3589 1491 23 16 et
3629 1494 44 14 une
3689 1490 74 19 Corde
3780 1497 19 12 ».

3543 1512 141 19 LEOPOLD
3703 1513 37 18 III
3761 1514 51 19 (rue
3831 1514 101 20 Neuve).
3949 1525 28 6 —
3994 1516 78 18 Vanni

3518 1534 111 19 Marcoux
3648 1536 24 18 et
3691 1536 89 19 Robert
3798 1537 49 22 Lys
3850 1541 28 15 en
3899 1538 58 18 dans
3979 1544 11 13 <
4011 1539 60 18 Sans

3516 1557 97 20 Famille
3629 1564 20 13 ».
3663 1568 27 4 —
3705 1559 102 19 Enfants
3822 1560 84 19 admis.

3543 1581 150 19 MARIGNY.
3716 1592 27 4 —
3766 1582 55 24 Meg
3844 1582 144 22 Lemonnier,
4012 1584 51 18 Pau-

3516 1603 56 19 lette
3590 1604 96 21 Dubost,
3705 1604 95 20 CareUe
3819 1605 59 18 dans
3898 1611 12 12 «
3927 1606 102 22 Georges
4046 1607 26 17 et

3516 1626 122 23 Georgette
3656 1633 20 12 ».
3692 1638 27 5 —
3735 1628 104 18 Enfants
3853 1628 85 18 admis.

3541 1649 171 20 MARIVAUX.
3731 1661 27 5 _
3776 1650 131 18 Fernandel
3928 1651 61 18 dans
4008 1656 12 13 «
4041 1651 32 18 Le

3513 1671 106 19 Cavalier
3634 1673 96 18 Lifleur
3743 1678 11 13 »
3774 1684 27 5 —
3812 1672 103 18 Enfants
3929 1677 45 13 non
3987 1673 83 19 admis.

3540 1694 192 19 METROPOLE.
3757 1691 6 5 "
3768 1705 27 4 —
3826 1694 127 22 Joséphine
3987 1694 83 22 Baker,

3514 1717 60 18 Jean
3596 1718 74 19 Gabin
3691 1720 24 18 et
3735 1717 33 18 les
3788 1717 122 19 Hofmann
3931 1716 62 18 Glrla
4012 1717 57 20 dans

3515 1746 11 11 «
3543 1740 90 18 Zouzou
3652 1749 19 12 ».
3688 1751 24 4 —
3728 1740 103 18 Enfants
3848 1743 46 14 non
3909 1739 85 18 admis.

3541 1762 104 18 PLAZA.
3666 1773 26 5 —
3713 1763 88 18 Robert
3821 1761 101 22 Vidalin,
3944 1761 124 21 Madeleine

3516 1784 105 22 Samary,
3641 1785 47 18 Jim
3710 1785 91 21 Gerald,
3820 1785 103 22 Jacques
3942 1784 126 22 Varennea,

3516 1807 122 22 Raymond
3656 1807 64 18 Galle
3739 1808 58 18 dans
3814 1813 12 12 <
3844 1808 32 18 Lc
3893 1807 76 18 Bos-Su
3987 1812 20 16 »,
4025 1807 39 18 d'a-

3517 1829 51 23 près
3587 1829 58 18 Paul
3664 1829 79 18 Féval.
3760 1840 27 4 —
3803 1830 103 19 Enfants
3924 1833 46 14 non
3987 1827 82 21 admis.

3540 1852 129 22 QUEEN'S
3687 1852 90 18 HALL.
3793 1863 27 4 —
3836 1852 104 18 Armand
3958 1852 111 20 Bernard,

3517 1874 70 22 Betty
3605 1874 127 20 Stockfeld,
3750 1874 97 20 Alibert,
3865 1874 116 23 Larquey,
3998 1874 74 19 Char.

3516 1901 13 36 F
3528 1896 26 18 fin
3571 1897 60 18 dans
3648 1904 11 11 «
3676 1897 66 18 Trois
3758 1897 28 20 de
3803 1897 24 18 la
3843 1897 90 20 Marine
3950 1903 19 17 ».
3984 1906 27 5 —
4026 1897 44 18 En.

3528 1919 53 18 ants
3596 1919 83 18 admis.

3540 1942 90 18 ROXY.
3631 1951 27 6 —
3668 1942 80 22 Harry
3759 1942 70 20 Baur,
3842 1941 63 19 Alice
3917 1941 82 20 Cocea.
4012 1941 60 19 Paul

3517 1964 112 21 Bernard,
3653 1964 108 23 Larquey
3783 1964 59 18 dans
3864 1970 12 12 «
3898 1964 32 21 Le
3953 1963 70 20 Valet
4043 1964 29 19 de

3514 1988 71 18 Cœur
3603 1993 19 13 ».
3640 1997 27 4 —
3684 1986 103 19 Enfants
3805 1991 47 14 non
3870 1986 84 19 admis.

3539 2010 111 19 STUDIO
3664 2010 57 19 DES
3734 2009 230 20 BEAUX-ARTS—
3976 2009 95 19 A'Em-

3533 2032 46 19 rise
3603 2039 12 12 »
3642 2032 41 22 (Of
3705 2033 96 18 Human
3825 2031 130 23 Eondage),
3979 2031 93 24 d'après

3533 2055 101 19 omerset
3652 2055 133 23 Maughecn,
3802 2065 27 5 —
3847 2054 104 18 Enfants
3966 2058 48 14 non
4030 2054 42 19 ad.

3515 2078 53 19 mis.
3976 2087 7 11 ■

3541 2100 111 20 STUDIO
3667 2100 151 19 MONNAIE.
3832 2110 27 5 —
3872 2099 77 19 Orane
3963 2099 108 19 Demazls

3516 2125 24 17 et
3554 2123 131 19 Fernandel
3700 2123 61 18 dans
3775 2129 11 12 <
3801 2121 88 24 Angèle
3906 2128 19 15 »,
3941 2122 28 19 de
3984 2121 87 20 Marcel

3517 2145 95 21 Pasjnol.
3628 2156 25 5 —
3669 2146 103 18 Enfanta
3787 2149 46 14 non
3848 2144 84 19 admis.

3540 2168 154 19 VICTORIA.
3714 2179 27 4 —
3771 2167 83 19 Albert
3885 2167 107 22 Préjean,
4024 2166 48 19 Ba-

3515 2191 60 18 nlèle
3594 2191 122 21 Darrieux,
3735 2190 123 22 Raymond
3875 2189 113 21 Rouleau,
4007 2188 64 19 Inkl-

3516 2214 72 22 jinoff
3608 2214 59 18 dana
3689 2220 12 12 c
3722 2213 76 23 Volga
3817 2217 29 17 en
3865 2212 120 19 Flammes
4004 2217 21 13 ».
4045 2220 27 5 —

3515 2236 104 21 Enfants
3633 2241 46 14 non
3694 2235 84 19 admis.

3745 2265 107 22 -•*♦-

3578 2296 43 33 LA
3642 2295 157 33 JOURNÉE
3818 2295 46 32 DE
3883 2294 132 32 SAMEDI

2942 3277 182 38 TABLEAU
3148 3277 74 37 DES
3245 3276 250 38 SPECTACLES

3067 3363 117 19 SAMEDI
3204 3364 24 17 19
3248 3364 136 18 JANVIER

2938 3401 117 21 Monnaie.
3067 3411 27 4 —
3107 3400 25 20 20
3145 3400 23 19 h.
3186 3404 7 15 :
3210 3406 11 13 <
3236 3400 62 19 Mme
3311 3400 121 22 Butterfly
3446 3406 11 12 »
3473 3400 24 18 et

2964 3430 12 12 c
2991 3424 31 21 Le
3038 3423 84 19 Boléro
3138 3429 19 12 ».

2939 3446 68 19 Parc.
3020 3457 28 5 —
3062 3447 25 18 14
3101 3446 23 19 h.
3139 3446 26 19 30
3178 3446 24 20 et
3216 3446 26 18 20
3255 3445 23 19 h.
3294 3445 26 19 30
3337 3450 6 14 :
3361 3451 11 13 <
3388 3445 32 19 Le
3435 3445 50 18 Mes-

2961 3473 72 19 sager
3045 3478 20 13 ».

2940 3491 112 20 Galeries.
3070 3502 26 4 —
3116 3490 26 19 20
3160 3491 23 19 h.
3203 3491 25 19 30
3251 3495 6 14 :
3280 3496 12 12 «
3313 3490 32 20 Le
3365 3490 99 20 Revisor
3484 3496 11 12 »

2967 3514 110 20 (Théâtre
3095 3514 68 19 d'Art
3180 3514 27 18 de
3224 3514 115 19 Moscou).

2940 3537 80 19 Palais
3042 3537 42 18 des
3106 3537 158 18 Beaux-Arts.
3285 3547 28 4 —
3335 3536 24 18 14
3380 3536 24 18 h.
3427 3536 26 19 30
3474 3536 23 18 et

2963 3560 24 21 20
2999 3560 24 18 h.
3037 3560 26 19 30
3079 3564 7 15 :
3102 3567 13 12 c
3129 3559 35 18 La
3179 3559 122 22 Princesse
3315 3558 121 19 Turandot
3451 3564 19 13 ».

2940 3582 137 19 Alhambra.
3092 3593 26 4 —
3134 3582 25 19 20
3174 3582 24 18 h.
3215 3582 24 19 15
3259 3586 7 14 :
3285 3588 12 12 «
3315 3581 135 23 L'Auberge
3466 3580 29 19 du

2964 3605 89 19 Cheval
3070 3605 75 18 Blanc
3164 3609 17 14 >.

2938 3627 103 19 Molière.
3052 3638 28 5 —
3090 3627 26 19 20
3127 3627 24 19 h.
3165 3627 25 19 30
3206 3631 6 14 :
3227 3633 12 11 «
3253 3626 31 19 Le
3297 3626 76 19 Bossu
3387 3632 20 13 ».

2938 3650 78 19 Gaité.
3029 3660 28 4 —
3072 3650 24 19 15
3111 3650 23 23 h.
3150 3651 25 18 et
3189 3649 27 20 20
3229 3649 24 19 h.
3268 3649 26 19 30
3312 3653 6 14 :
3336 3656 12 13 «
3363 3649 32 18 M.
3410 3648 75 24 Peper-

2964 3673 37 18 bol
3016 3678 20 14 ».

2940 3695 143 19 Vaudeville.
3098 3705 26 5 —
3141 3694 25 19 20
3180 3694 23 19 h.
3220 3694 25 19 30
3263 3699 7 14 :
3288 3700 12 13 <
3315 3694 36 18 La
3366 3693 73 22 Reine
3453 3693 43 18 des

2962 3718 41 19 Six
3017 3718 71 19 Jours
3105 3723 20 13 ».

3552 2372 14 5 -
3577 2363 105 21 Char>:oy,
3699 2363 42 18 166.
3758 2362 35 19 Ch.
3808 2362 24 18 de
3847 2361 91 19 Cbarîeroi
3949 2365 6 14 :
3972 2360 100 22 expacitio»

3518 2386 109 18 d'ensemble
3643 2385 23 19 de
3683 2385 55 20 petits
3756 2384 90 19 tableaux.

3552 2417 10 5 -
3577 2408 17 18 A
3620 2408 20 17 l'I
3645 2414 21 11 m-
3674 2407 35 20 L*?e
3734 2406 139 21 Xostre-Daœe,
3897 2406 19 20 3,
3941 2405 76 21 impiaee
4041 2405 32 18 des

3518 2430 84 18 Cadesux
3620 2431 28 17 (6.
3664 2429 202 19 Marché-aux-Herbes)
3878 2433 7 13 :
3901 2428 109 21 expositions
4025 2427 49 18 d'.irt

3518 2453 98 20 populaire.

3541 2483 26 5 —
3579 2474 70 19 Cîa'erïe
3663 2474 105 21 d'Esmont,
3786 2474 29 20 II.
3829 2472 51 22 place
3894 2472 25 19 du
3933 2471 123 19 Pet.t-Sabkm
4066 2475 7 15 :

3518 2497 99 21 exposition
3633 2497 54 18 Nîsot
3705 2499 19 15 et
3739 2496 99 21 Jansegcra.

3541 2528 26 4 —
3580 2519 58 17 Petite
3655 2518 77 20 Gulerie,
3751 2519 18 19 3,
3787 2522 70 14 avenue
3872 2516 66 19 Louise
3947 2522 7 12 :
3971 2516 102 22 expositioo

3516 2541 18 21 J.
3548 2541 65 21 Remy,
3628 2541 22 18 A.
3663 2543 20 16 et
3697 2540 22 19 C.
3733 2540 80 18 Serneels
3827 2542 19 16 et
3860 2539 22 18 G.
3897 2539 57 18 Rulot
3967 2541 20 16 et
4000 2539 23 18 R.
4038 2539 28 18 Pa-

3517 2566 45 18 quet
3583 2563 95 21 (jusqu'au
3698 2564 21 16 21
3741 2562 88 21 janvier).

3542 2594 25 5 —
3578 2585 79 21 Atrium,
3676 2585 31 20 55,
3724 2585 27 18 Bd
3770 2584 102 21 Botanique
3881 2589 6 13 :
3906 2583 99 22 exposition
4021 2583 44 19 d'en-

3518 2607 67 19 semble
3595 2613 5 5 ■
3618 2613 33 12 nus
3672 2607 94 21 (juHju'au
3784 2607 23 17 30
3824 2606 89 22 janvier).

3541 2639 26 4 —
3579 2630 64 18 Musée
3659 2629 25 18 du
3702 2629 59 21 Livre,
3777 2630 18 20 9,
3813 2634 32 13 rue
3861 2628 110 19 Ravenstein
3980 2633 6 13 :
4003 2628 61 21 exposi-

3519 2651 37 19 tion
3571 2652 25 18 du
3611 2652 53 18 Livre
3678 2652 70 18 wa'lon.

3542 2683 25 4 —
3578 2673 60 20 Palais
3652 2674 31 18 deî
3698 2674 117 18 Beaux-Arts.
3831 2674 29 20 10,
3874 2678 32 13 me
3921 2673 69 21 Royale
3999 2678 6 13 :
4019 2677 47 17 expo-

3517 2696 55 18 sition
3590 2696 71 19 Willem
3679 2696 70 18 Paereîs
3766 2698 19 17 et
3801 2695 71 22 Edgard
3889 2695 68 22 Tytjat
3977 2695 96 21 (ju«qu'a«

3518 2719 23 17 23
3556 2719 89 20 janvier).

3541 2750 27 5 —
3579 2741 60 18 Pabis
3651 2740 32 19 des
3698 2740 117 21 Beaux-Arts,
3829 2741 30 19 10,
3874 2745 32 13 rue
3919 2739 70 22 Royale
3998 2744 5 13 :
4019 2744 55 17 expo-

3527 2763 45 18 ïtîon
3591 2768 12 11 «
3610 2763 26 18 La
3653 2763 102 21 Tapisserie
3770 2762 146 21 contemporaine
3923 2767 18 13 ».

3541 2794 25 4 —
3578 2785 65 19 Musée
3663 2785 25 18 du
3710 2784 155 22 Cinquantenaire
3888 2783 70 21 (entrée
3978 2789 34 16 par
4032 2784 35 18 l'ar-

3518 2807 54 21 cade)
3583 2813 7 12 :
3609 2807 100 21 «position
3727 2807 49 18 d'art
3793 2806 93 23 populaire
3903 2806 88 22 polonais.

3552 2839 16 4 -
3579 2830 64 18 Musée
3654 2829 112 22 Speeckaert.
3779 2830 41 20 114,
3832 2834 30 14 av.
3872 2829 24 18 de
3907 2829 17 18 la
3934 2829 66 18 Toison
4011 2828 46 19 d'Or
4065 2833 7 13 :

3518 2852 100 21 exposition
3643 2851 49 19 Reoé
3694 2851 110 19 -Guillaume
3828 2852 75 18 Stévens
3929 2851 95 21 (Jt^Qti'aa
4048 2852 25 17 20

3518 2874 88 21 janvier).

3543 2905 27 5 —
3581 2896 63 19 Cercle
3668 2897 102 20 Artistique
3793 2898 20 16 et
3836 2894 97 20 Littéraire
3942 2900 6 13 :
3975 2894 102 22 expoçitîoa

3519 2919 58 18 Henri
3599 2918 84 22 Cahier;,
3707 2918 96 21 Raymond
3823 2918 23 18 de
3868 2918 79 18 Mcester
3967 2920 21 16 et
4010 2917 66 19 Ernest

3519 2941 89 18 Welvaert
3627 2941 95 21 (jusqu'au
3738 2941 23 18 25
3778 2940 90 22 jenvier).

3523 2976 4 3 .
3539 2972 27 4 —
3585 2963 66 17 Toîsod
3673 2963 52 20 d'Or,
3747 2963 30 18 13.
3797 2968 30 13 av.
3847 2963 25 18 de
3890 2962 19 18 la
3929 2962 68 18 Toison
4017 2962 54 19 d'On

3516 2985 99 20 '^position
3627 2985 58 17 Arne'
3692 2985 52 17 Stern
3759 2985 97 20 (jusqu'au
3870 2985 24 17 25
3909 2984 89 21 j.wvier).

3523 3005 4 6 '
3536 3015 28 5 —
3581 3006 73 22 Giroux,
3669 3007 31 18 43.
3715 3006 25 18 bd
3755 3006 26 18 du
3796 3006 79 20 Régent:
3893 3006 100 21 exposition
4008 3006 24 18 V.
4047 3005 25 18 de

3516 3028 92 18 SaedeTeer
3629 3029 95 20 (jusqu'au
3742 3029 24 17 29
3784 3028 79 21 janvier)
3868 3042 4 3 .

3539 3059 27 5 —
3577 3050 69 20 Sîiidi",
3665 3051 18 19 2,
3701 3054 32 14 ree
3750 3050 32 17 des
3799 3050 33 17 P«t
3834 3050 4 9 :
3840 3049 98 18 t£-Carme<
3948 3055 5 11 :
3971 3049 102 21 exposltîoa

3518 3073 50 17 Mme
3587 3071 139 20 Peters-Tombo
3745 3072 96 21 (jnsqn'aa
3860 3072 22 16 31
3901 3070 89 22 Janvier).

3540 3103 27 5 —
3578 3094 71 18 Gâterie
3667 3099 12 12 «
3686 3095 39 17 Nos
3745 3094 81 17 Peintres
3833 3098 11 12 »
3853 3098 8 13 :
3882 3094 100 20 exposition
4000 3093 24 18 de
4042 3098 32 12 aa-

3519 3119 48 15 tures
3584 3119 66 15 mortes
3670 3116 95 21 (jusqu'au
3785 3117 22 17 31
3825 3115 89 22 janvier).

3541 3148 26 4 —
3578 3139 95 21 Manteau,
3697 3139 31 20 62,
3750 3138 27 19 Ed
3798 3138 25 18 de
3845 3138 90 18 Waterloo
3944 3143 6 13 :
3972 3138 101 22 erpositioB

3518 3161 80 18 Gustave
3612 3161 29 18 De
3655 3161 56 18 Smet.

3540 3193 27 5 —
3580 3185 22 17 14
3621 3183 27 21 h.,
3669 3184 67 18 Pctria.
3756 3183 83 18 Réunion
3858 3182 32 19 dea
3911 3182 83 22 délégués
4012 3183 24 18 de
4054 3183 20 18 la

3519 3205 106 19 Fédération
3643 3206 32 18 des
3694 3205 122 19 Associations
3833 3208 20 16 et
3871 3205 33 19 des
3923 3205 71 19 Cercles
4011 3205 56 19 catho-

3518 3228 64 22 liques.

3541 3259 5 6 ■
3545 3260 22 4 —
3579 3251 22 17 17
3619 3250 19 19 h.
3657 3250 30 19 15,
3702 3250 57 18 Cours
3775 3249 71 22 publics
3862 3250 76 20 gratuits
3952 3250 24 18 de
3991 3250 17 18 la
4025 3250 48 18 Ville

3517 3272 24 19 de
3555 3273 96 18 Bruxelles.
3667 3273 54 17 Ecole
3737 3273 98 20 Moyenne,
3850 3273 31 19 49,
3894 3277 15 14 r.
3924 3272 65 19 Ernest
4003 3272 69 19 AllanL

3518 3295 112 21 Géographie
3640 3301 5 12 :
3663 3300 11 12 «
3682 3295 29 19 De
3728 3295 17 17 la
3760 3294 108 22 géographie
3883 3294 46 19 dans
3945 3300 29 13 ses
3990 3297 83 19 rapports

3518 3322 44 13 avec
3585 3317 87 19 l'histoire
3679 3322 18 14 »,
3719 3323 34 16 par
3774 3317 28 19 M.
3825 3317 104 21 Pergameni
3955 3317 118 21 (projections

3517 3339 128 21 lumineuses).
3662 3349 9 5 -
3689 3339 97 19 Economie
3803 3339 90 22 politique
3903 3345 6 13 :
3928 3339 54 19 «Les
3999 3339 65 19 institu-

3518 3362 48 18 tions
3579 3362 24 18 de
3618 3362 56 19 crédit
3682 3367 12 13 »
3717 3367 34 16 par
3766 3362 29 18 M.
3810 3362 30 18 De
3854 3362 75 18 Leener.

3540 3393 27 6 —
3578 3386 24 17 20
3616 3384 26 21 h.,
3657 3384 67 20 Patria.
3739 3384 62 19 Revue
3814 3384 24 19 de
3850 3384 18 18 la
3881 3389 12 12 «
3900 3384 101 19 Protection
4010 3390 17 13 ».
4042 3385 30 18 Ah

3519 3412 111 16 programme
3640 3412 6 13 :
3673 3412 12 12 «
3692 3406 102 19 Ouvrons...
3821 3406 80 21 î'Heysel
3909 3411 18 17 a,
3953 3407 24 18 de
4004 3407 68 18 Marcel

3518 3429 85 19 Antoine.

3541 3461 25 4 —
3578 3453 24 17 20
3618 3451 25 20 fc..
3658 3452 58 18 Palais
3731 3451 102 19 Baudouin.
3849 3451 33 18 Bal
3895 3452 66 17 annuel
3975 3451 25 18 du
4016 3451 57 19 cercle

3518 3474 161 22 philanthropique
3693 3479 11 12 «
3711 3474 26 19 Le
3753 3474 73 18 Secours
3834 3479 12 12 »
3861 3474 24 18 de
3901 3474 118 21 Koekelberg.

3540 3505 27 6 —
3578 3497 23 18 21
3626 3496 27 21 h..
3678 3496 60 18 Grand
3762 3496 63 19 Hôtel.
3848 3496 34 18 Bal
3904 3496 33 18 des
3960 3496 113 19 Architectes

3517 3519 82 21 organisé
3619 3524 34 16 par
3672 3518 125 19 l'Association
3818 3518 82 21 générale
3921 3519 32 18 des
3975 3519 98 18 Etudiants

3517 3541 106 18 architectes
3635 3541 24 19 de
3672 3540 110 20 l'Académie
3797 3541 69 21 Royale
3878 3541 31 19 des
3924 3541 111 18 Beaux-Arts
4048 3541 25 18 de

3518 3564 98 18 Bruxelles.

3540 3594 28 6 —
3578 3586 23 18 21
3618 3585 26 20 h..
3660 3585 47 19 Salle
3721 3585 25 19 de
3760 3587 18 17 Ta
3791 3585 110 19 Madeleine.
3917 3585 34 19 Bal
3966 3586 67 18 annuel
4048 3586 25 18 de

3517 3608 20 18 la
3551 3608 69 19 Société
3637 3608 55 21 Belge
3706 3607 33 19 des
3753 3607 107 22 Ingénieurs
3874 3610 20 16 et
3910 3608 33 18 des
3957 3608 114 18 Industriels.

3540 3640 27 5 —
3578 3631 24 17 20
3615 3630 18 19 h.
3647 3631 31 17 30.
3689 3630 79 19 Institut
3778 3630 33 18 des
3823 3630 71 18 Hautes
3906 3630 76 19 Eludes.
3996 3631 30 20 65,
4040 3635 32 13 rue

3516 3652 24 18 de
3555 3653 18 17 la
3588 3652 97 19 Concorde.
3701 3652 119 19 Conférence:
3838 3658 12 12 «
3856 3652 63 19 L'idée
3934 3652 117 22 d'obligation
4059 3658 12 13 »

3520 3675 48 20 (II).
3582 3680 34 16 par
3629 3675 28 18 M.
3673 3675 25 18 H.
3714 3674 105 20 Elzenberg.

3536 3718 36 32 Le
3591 3720 186 37 compositeur
3794 3719 123 38 Auguste
3939 3719 110 39 Dupont

3575 3763 76 31 vient
3674 3762 35 33 de
3733 3764 104 31 mourir
3860 3764 18 30 à
3901 3762 108 34 Anvers

2942 4590 36 24 Le
3000 4589 111 24 Théâtre
3131 4589 46 23 des
3195 4587 97 24 Ballets
3312 4592 89 19 russes
3422 4593 64 23 orga-

2941 4619 61 25 nise
3023 4618 65 25 trois
3107 4616 227 32 représentations
3355 4623 34 17 au
3407 4616 89 24 Palais

2943 4649 47 25 des
3005 4646 169 26 Beaux-Arts.
3189 4645 71 26 Elles
3277 4647 96 23 auront
3389 4645 53 25 lieu
3459 4645 38 23 les

2943 4679 31 23 27
2993 4680 25 22 et
3037 4677 31 24 28
3086 4675 112 31 janvier.
3218 4675 77 25 Voici
3313 4675 26 25 la
3356 4675 142 24 danseuse-

2944 4706 78 26 étoile
3035 4706 108 23 Duscha
3154 4704 165 31 Lesprilova,
3333 4705 46 31 qui
3391 4705 107 30 prêtera

2942 4744 50 17 son
3013 4741 132 19 concours
3173 4735 17 24 à
3218 4742 44 17 ces
3284 4734 213 32 manifestations

3138 4764 162 31 artistiques.

3772 3830 102 23 Anvers,
3892 3829 29 20 18
3936 3829 106 25 janvier.

3545 3854 33 23 M.
3597 3854 112 25 Auguste
3727 3855 109 25 Dupont,
3854 3855 91 20 avocat
3961 3855 26 21 et
4004 3860 55 15 com-

3519 3880 111 24 positeur
3646 3880 30 20 de
3691 3881 114 23 musique
3821 3881 58 20 bien
3896 3885 88 18 connu,
4001 3881 69 20 vient

3519 3905 29 20 de
3563 3906 96 19 mourir
3671 3905 18 21 à
3702 3906 103 23 Anvers,
3818 3905 18 21 à
3850 3905 63 26 l'âge
3927 3906 31 20 de
3971 3906 29 20 71
4014 3911 55 18 ans.

3518 3931 32 20 M.
3562 3931 109 24 Dupont,
3686 3932 42 24 qui
3741 3931 62 22 était
3815 3931 32 21 né
3860 3931 17 21 à
3888 3932 95 24 Ixelles,
3997 3932 71 20 d'une

3518 3957 80 20 vieille
3612 3957 96 20 famille
3722 3957 154 24 ardennaise,
3891 3958 69 20 avait
3971 3956 98 27 présidé

3518 3982 22 19 le
3554 3981 96 21 Comité
3662 3983 76 24 Belge
3750 3983 30 20 de
3791 3983 38 20 La
3838 3983 72 25 Haye
3921 3983 112 25 pendant
4044 3984 26 20 la

3518 4012 95 19 guerre.
3630 4008 21 20 Il
3667 4007 63 22 était
3743 4007 128 27 président
3886 4008 30 20 de
3931 4009 26 20 la
3974 4008 95 21 Société

3519 4039 12 13 «
3545 4033 97 21 Anvers
3657 4039 31 16 en
3701 4034 84 20 Avant
3798 4039 20 19 >,
3834 4034 31 21 de
3878 4034 26 20 la
3917 4040 13 14 <
3943 4034 78 25 Ligue
4036 4035 34 20 du

3519 4059 120 20 Souvenir
3653 4065 19 17 »,
3687 4060 43 24 qui
3744 4058 69 21 éleva
3825 4059 24 21 le
3862 4060 147 20 monument
4020 4065 50 16 aux

3518 4083 74 21 héros
3618 4084 30 20 de
3674 4085 26 19 la
3725 4089 89 20 guerre
3840 4084 120 22 d'Anvers
3988 4086 26 20 et
4039 4086 30 20 de

3519 4110 28 19 l'c
3561 4110 157 20 Association
3738 4110 76 24 Belge
3833 4115 64 20 pour
3916 4111 26 20 la
3961 4110 108 22 Défense

3520 4134 29 20 de
3560 4134 150 21 Détenteurs
3724 4136 30 20 de
3769 4135 83 21 Fonds
3864 4136 101 21 Publics
3979 4142 13 14 »
4005 4137 65 20 ainsi

3523 4166 46 19 que
3591 4161 30 21 de
3642 4162 24 20 la
3687 4167 13 14 «
3720 4161 219 25 Philharmonique
3960 4164 31 20 de
4011 4163 53 20 Bru-

3521 4187 83 21 xelles.

3549 4212 21 20 Il
3586 4213 69 20 avait
3671 4212 39 22 été
3725 4212 111 25 pendant
3850 4213 14 20 8
3878 4218 46 17 ans
3942 4213 131 21 secrétaire

3519 4237 33 20 du
3564 4238 107 20 barreau
3684 4237 121 22 d'Anvers
3818 4237 32 22 où
3862 4239 18 20 II
3893 4239 115 24 occupait
4020 4244 49 15 une

3519 4263 71 24 place
3607 4262 132 25 émlnente.
3757 4263 40 21 On
3814 4264 36 20 lui
3867 4264 52 21 doit
3934 4264 65 21 deux
4014 4263 47 26 opé-

3520 4293 47 18 ras,
3586 4294 13 13 «
3613 4288 120 25 Morgane
3747 4295 20 18 >,
3785 4288 142 26 représenté
3943 4295 33 15 au
3993 4289 68 22 Théâ-

3519 4314 38 19 tre
3571 4314 80 24 Royal
3667 4314 119 21 d'Anvers
3802 4316 26 20 et
3841 4321 14 14 c
3868 4315 69 21 Alcle
3950 4321 20 17 »,
3984 4314 85 22 monté

3519 4344 44 15 sur
3574 4339 25 20 la
3611 4338 74 22 scène
3698 4340 30 20 de
3739 4339 99 26 l'Opéra
3849 4341 81 23 Royal
3941 4341 128 24 Flamand,

3519 4369 34 15 un
3573 4363 88 26 poème
3667 4386 8 9 t
3679 4366 102 24 lyrique,
3801 4372 14 14 c
3827 4366 38 20 La
3884 4365 115 26 Légende
4018 4367 42 21 Hu-

3519 4390 83 20 maine
3617 4396 20 18 »,
3661 4386 122 30 plusieurs
3806 4392 135 24 quintettes
3963 4392 26 20 et
4011 4397 50 20 qua-

3519 4415 70 22 tuors
3607 4417 26 20 et
3652 4416 29 20 de
3699 4416 136 21 nombreux
3852 4417 84 21 lieder.

3546 4440 34 21 M.
3596 4441 111 25 Auguste
3722 4442 103 24 Dupont
3840 4441 62 23 était
3917 4443 106 21 Officier
4038 4443 31 21 de

3519 4466 96 21 l'Ordre
3631 4466 30 21 de
3678 4466 107 25 Léopold
3802 4469 24 19 et
3842 4468 30 20 de
3887 4468 96 21 l'Ordre
4000 4469 30 20 de
4044 4469 26 20 la

3520 4491 130 21 Couronne
3667 4493 26 20 et
3710 4490 87 23 décoré
3815 4493 29 20 de
3861 4494 25 20 la
3902 4493 115 22 médaille
4036 4494 33 20 du

3518 4518 49 19 Roi
3579 4517 93 21 Albert

3579 4544 425 66 chroniquFreligieuse

3546 4638 63 20 Dom
3624 4637 124 26 Augustin
3762 4637 125 25 Frantjols,
3900 4635 81 21 moine
3997 4634 72 22 béné-

3519 4663 77 23 diertin
3619 4664 30 21 de
3672 4664 116 25 l'Abbaye
3810 4663 33 20 du
3867 4659 162 27 Mont-César,
4053 4660 16 21 à

3518 4690 118 25 Louvain,
3652 4690 111 21 donnera
3779 4694 48 16 une
3843 4685 125 23 troisième
3984 4692 76 16 cause-

3519 4716 36 20 rie
3576 4721 46 16 sur
3645 4722 13 14 €
3680 4717 35 20 Le
3740 4715 82 21 Christ
3843 4712 55 22 hier
3920 4713 27 20 et
3970 4714 90 25 aujour-

3518 4742 67 21 d'hui
3602 4749 21 16 »,
3641 4742 24 20 le
3681 4741 129 21 dimanche
3828 4739 28 21 20
3874 4739 103 25 janvier,
3997 4739 16 21 à
4033 4740 34 21 rt

3518 4769 30 20 N.
3563 4769 30 20 R.
3607 4767 115 26 français,
3735 4766 17 21 à
3764 4766 27 20 19
3805 4766 24 20 h.
3843 4765 34 21 15.

64 4855 33 22 58
108 4860 14 17 «
133 4855 96 22 Nation
238 4855 79 26 Belge
328 4859 15 15 >
354 4853 36 22 du
399 4853 31 22 19
440 4852 101 27 janvier
552 4851 62 21 1935

173 4930 59 45 SI
263 4925 252 50 C'ETAIT

61 4990 485 66 FANTOMAS
583 4989 35 59 ?

100 5081 111 31 Grand
234 5089 117 22 roman
374 5080 209 29 d'aventures

315 5131 61 31 par

191 5167 126 30 Marcel
337 5166 153 28 ALLAIN

95 5267 136 21 Fantômas
248 5265 99 27 parlait,
365 5263 164 25 maintenant,
549 5263 70 20 d'une

66 5294 60 25 ▼dix
139 5297 69 21 nette
224 5296 26 23 et
263 5294 122 22 vibrante.
399 5294 34 21 Sa
447 5293 75 21 haine
537 5298 28 16 se
580 5292 32 22 de-

68 5326 81 22 vinait
162 5331 42 17 -en
224 5325 98 21 chacun
343 5323 31 22 de
395 5328 41 17 ses
457 5323 87 21 mots...

100 5363 38 20 Ne
158 5362 110 21 venait-il
288 5365 54 21 pas,
361 5359 127 26 pourtant,
509 5359 29 20 de
558 5362 56 18 com-

68 5392 92 22 mettre
173 5395 49 18 une
233 5390 87 22 lourde
333 5392 86 20 erreur
428 5389 14 20 ?
455 5386 98 23 Etalt-il
566 5390 46 23 pos-

69 5422 63 22 sible
155 5420 58 25 qu'il
237 5418 100 26 Ignorât
367 5418 24 21 le
423 5417 135 30 sauvetage
589 5417 30 21 de

72 5449 145 26 Cherbourg
225 5449 15 21 7
254 5445 110 24 Êouzllle
381 5447 68 21 avait
466 5447 62 22 donc
544 5445 79 23 réussi

71 5478 63 23 àse
152 5478 88 22 taire?

91 5515 167 24 -Surprenant
278 5514 36 22 les
334 5512 99 26 paroles
442 5530 3 6 ,
454 5512 34 20 du
507 5512 118 24 monstre,

73 5541 58 24 s'en
153 5543 108 26 perdant
282 5547 48 20 pae
351 5546 51 17 une
424 5540 75 24 seule,
521 5539 100 22 Jérôme

73 5572 102 28 Ffrpdor
183 5577 41 25 'se,
235 5567 25 26 ti
278 5570 125 27 «Jemftnda
420 5574 61 17 avec
498 5569 123 25 stupeur...

100 5603 22 21 Il
136 5600 38 24 'hé
193 5599 83 25 devait
294 5605 54 21 pas,
368 5599 145 28 cependant,
533 5599 90 26 garder

75 5632 25 22 le
117 5626 70 36 loisir
194 5626 47 33 ,'o.e'
251 5625 124 31 rtnéeKlr,

69 5681 5 7 .
104 5667 142 24 Fantômas,
259 5666 113 26 soudain,
386 5665 113 21 haussait
513 5665 25 20 la
552 5665 73 21 voix:

105 5713 31 9 —
155 5704 69 23 Vous
247 5707 74 18 savez
343 5707 29 17 ee
396 5706 49 22 que
468 5701 43 25 j'ai
534 5701 50 21 fait
592 5701 35 22 ?...

77 5733 70 23 Vous
165 5733 145 21 connaissez
327 5737 29 17 ce
376 5737 48 20 que
444 5731 26 20 la
489 5731 79 24 police
587 5735 33 21 ap-

76 5763 73 27 pelle,
161 5761 166 26 maintenant,
342 5765 13 17 c
362 5761 35 22 Le
412 5761 78 21 crime
506 5762 30 22 de
552 5761 76 25 Pacy-

645 4852 119 20 sur-Eure
773 4857 13 14 »
796 4852 13 20 ?
824 4851 59 21 Cela
894 4856 61 16 voua
968 4855 92 21 prouve
1073 4855 54 20 que,
1141 4850 55 21 tout

646 4880 81 22 blessé
743 4886 48 20 que
807 4881 25 24 Je
848 4880 58 25 sois,
922 4881 25 24 Je
963 4881 56 24 puis
1036 4885 88 15 encore
1144 4879 52 21 être

645 4911 24 20 le
685 4909 90 22 Maître
792 4911 30 20 de
838 4911 56 21 tous
913 4911 25 20 et
954 4910 30 21 de
1001 4911 55 20 tout
1066 4910 29 21 !...

672 4939 41 21 Un
733 4938 65 24 éclat
817 4939 30 22 de
866 4940 51 20 rire
937 4938 132 27 échappait
1087 4938 17 22 à
1124 4939 65 20 l'abo-

644 4969 108 21 minable
771 4973 162 21 personnage.
952 4968 156 24 Discordant,
1129 4969 17 20 il
1167 4974 27 15 se

645 4997 153 25 répercutait
818 5003 51 16 aux
889 4998 127 22 murailles
1039 4998 43 21 des
1105 4998 90 24 ruines,

645 5027 103 26 portant
760 5028 26 20 la
798 5028 98 21 terreur
908 5028 82 24 parmi
1002 5028 36 20 les
1052 5028 101 20 oiseaux
1167 5027 30 20 de

646 5057 62 25 nuit,
728 5057 43 26 qui
790 5057 197 21 commençaient
1007 5057 30 21 de
1057 5057 95 21 va-lcter
1172 5057 25 20 et

648 5085 61 21 dont
726 5086 37 22 les
782 5085 69 26 ailes,
869 5086 103 24 parfois,
992 5085 160 21 effleuraient
1171 5086 23 20 le

644 5116 71 21 front
730 5116 43 21 des
787 5114 165 23 misérables...
967 5115 136 22 Fantômas
1118 5120 77 20 cessa,

647 5146 50 28 net,
716 5145 30 21 de
764 5145 57 22 rire.
838 5145 22 22 Il
879 5145 123 26 repartait
1010 5150 8 16 :

673 5185 30 6 —
720 5174 48 21 J'ai
788 5174 70 24 donc,
876 5179 54 16 mes
949 5174 71 24 amis,
1040 5173 84 22 décidé
1144 5175 52 20 d'en

647 5204 62 21 finir
731 5209 62 16 avec
816 5203 116 23 Hélène...
955 5204 40 20 Ah
1005 5204 6 21 !
1038 5203 159 22 écoutez-moi

646 5234 58 21 bien
713 5234 35 21 ?...
763 5233 114 22 Certains
892 5233 94 21 d'entre
1000 5238 68 20 vous,
1082 5234 42 24 qui
1141 5235 56 19 sont

648 5262 31 25 là,
696 5263 90 21 savent
804 5262 33 21 où
855 5263 38 21 est
910 5267 43 16 ma
970 5262 74 22 fille...
1060 5263 36 20 Ils
1114 5263 75 21 enten-

648 5292 60 22 dent
725 5297 54 17 mes
798 5293 92 21 ordres.
908 5292 70 22 Dans
996 5292 63 21 trois
1077 5292 76 25 jours,
1172 5292 25 25 je

648 5327 64 16 veux
726 5319 92 28 qu'elle*
827 5322 49 21 soit
890 5320 102 23 amenée
1007 5321 71 22 Ici!...
1092 5321 31 22 Je
1138 5327 59 14 voms

647 5352 26 20 la
687 5351 107 22 livrerai.
808 5352 48 21 Les
871 5351 100 21 rochers
987 5351 58 21 sont
1058 5351 83 21 hauts.
1157 5351 39 21 S'il

647 5386 61 16 vous
731 5380 64 26 plaît
818 5381 30 20 de
872 5385 61 17 vous
957 5386 32 15 en
1012 5385 99 20 venger,
1136 5385 61 17 vous

648 5411 99 20 n'aurez
760 5410 56 25 qu'à
831 5411 25 19 la
869 5409 134 26 précipiter
1017 5410 62 20 dans
1093 5410 22 20 le
1130 5409 66 21 vide!

648 5457 4 4 .
676 5440 22 21 Il
718 5440 59 22 riait
798 5444 95 19 encore,
913 5438 63 27 puis,
997 5439 111 23 soudain,
1129 5443 61 21 ques-

648 5468 108 22 tionnait
765 5474 6 16 :

676 5508 30 7 —
722 5498 72 27 C'est,
804 5497 109 26 compris
921 5498 14 21 î

675 5527 24 22 A
719 5522 58 26 voix
796 5528 56 24 plus
873 5527 80 24 basse,
976 5527 17 20 11
1014 5526 138 22 continuait
1162 5531 7 17 :

675 5566 31 9 .—
721 5557 78 25 Alors,
816 5556 90 26 justice
922 5556 70 24 faite,
1008 5556 25 25 je
1050 5561 61 17 vous
1128 5561 62 20 expo-

649 5586 67 21 serai
725 5590 55 18 mes
792 5585 116 26 projets...
918 5585 69 21 Vous
999 5584 137 23 m'aiderez.
1149 5585 48 21 J'ai

651 5615 43 23 des
713 5616 132 21 richesses.
853 5614 18 22 à
890 5619 61 17 vous
972 5610 140 26 distribuer.
1130 5614 69 22 Nous

652 5650 31 15 en
713 5649 141 21 gagnerons
885 5644 107 21 d'autres
1002 5643 7 21 !
1034 5644 69 21 Allez
1112 5640 37 26 !...'
1164 5644 35 22 Le

651 5673 91 22 Maître
759 5674 40 22 est
814 5678 93 17 revenu
922 5673 81 26 parmi
1019 5677 62 17 vous
1090 5673 7 21 !

679 5713 31 8 —
730 5702 138 22 Fantômas
880 5702 30 22 !...
936 5701 135 23 Fantômas
1082 5703 29 22 !...
1135 5703 64 21 Bien

652 5731 50 26 sûr,
721 5737 33 16 on
772 5733 25 21 te
816 5731 96 23 servira
921 5732 7 21 !
949 5732 65 23 Mais
1035 5736 32 17 on
1086 5732 116 22 voudrait

653 5761 104 22 savoir.*

1247 4860 29 6 —
1292 4850 107 26 Bedeau,
1416 4850 25 25 je
1458 4855 61 16 vous
1537 4850 24 20 ai
1581 4850 37 21 dit
1633 4849 17 22 à
1667 4850 57 21 tous
1743 4850 30 21 de

1221 4880 100 24 partir...
1340 4879 154 21 Discutes-tu
1511 4885 54 16 mes
1584 4880 92 26 ordres,
1694 4879 70 21 main-

1221 4909 89 20 tenant
1319 4909 13 21 ?

1249 4938 85 22 Certes
1345 4943 52 15 non
1408 4938 6 21 !
1430 4938 127 21 Personne
1571 4944 31 16 ne
1616 4938 111 22 s'avisait
1743 4938 29 21 de

1222 4967 110 21 discuter
1348 4968 36 20 les
1402 4967 85 22 ordres
1505 4967 31 22 de
1552 4967 137 21 Fantômas
1700 4968 29 20 !...

1249 4996 66 20 Avec
1332 5001 48 16 une
1396 4997 108 24 parfaite
1524 4996 104 25 docilité,
1647 4997 56 20 tous
1720 4996 44 21 bat-

1221 5025 80 21 taient
1324 5031 32 16 en
1381 5025 108 25 retraite,
1514 5026 210 25 disparaissent,
1749 5027 23 20 le

1221 5055 106 20 laissant
1347 5055 59 23 seul,
1428 5060 43 16 sur
1490 5060 29 16 ce
1539 5056 105 20 fauteuil
1667 5056 104 20 roulant

1221 5085 56 20 tout
1293 5089 30 16 en
1340 5084 63 21 haut
1419 5084 30 21 de
1465 5085 66 21 cette
1548 5085 108 21 falaise...

1249 5114 34 21 Et
1301 5113 84 21 c'était
1403 5114 67 20 alors
1488 5118 47 21 que
1554 5113 99 23 Jérôme
1672 5114 100 21 Fandor

1222 5143 129 21 entendait
1368 5143 36 21 les
1422 5143 55 25 plus
1495 5143 127 26 tragiques
1641 5144 105 24 paroles.

1248 5172 64 22 Vers
1328 5173 23 20 le
1368 5172 46 20 silo
1429 5171 33 21 où
1478 5173 17 20 il
1512 5172 83 22 s'était
1609 5171 84 24 caché,
1709 5173 55 20 Fan-

1221 5202 82 22 tômas
1322 5201 88 22 faisait
1429 5202 104 21 soudain
1553 5202 83 21 rouler
1654 5207 46 16 son
1719 5202 45 21 fau-

1221 5232 82 21 teuil...

1249 5259 123 23 Demeuré
1393 5261 60 24 seul,
1475 5260 26 22 et
1522 5266 27 17 se
1570 5261 100 25 parlant
1691 5260 16 21 à
1728 5261 45 20 lui-

1222 5289 86 25 même,
1330 5288 137 23 Fantômas
1490 5290 74 21 disait
1574 5296 6 15 :

1248 5330 30 6 —
1295 5319 48 21 Les
1362 5319 60 25 Jeux
1441 5320 57 20 sont
1518 5319 81 22 faits...
1618 5318 95 23 Hélène
1732 5325 41 16 me

1222 5354 58 16 sera
1304 5348 115 21 conduite
1445 5348 62 21 dans
1539 5349 61 22 trois
1625 5349 91 25 jours...
1740 5349 33 21 ici

1222 5377 80 22 même
1315 5378 28 22 !...
1359 5378 40 21 Ah
1409 5378 6 21 !
1435 5377 55 23 vive
1508 5377 64 22 Dieu
1582 5378 29 22 !...
1628 5378 30 22 Je
1677 5379 96 20 n'aurai

1224 5408 54 25 plus
1293 5407 57 26 qu'à
1364 5412 90 21 songer
1466 5407 17 21 à
1497 5412 42 17 ma
1552 5413 141 20 vengeance
1704 5408 29 21 !...

1251 5437 26 21 Si
1306 5438 106 23 atroces,
1437 5437 145 25 cependant,
1608 5436 94 22 étalent
1732 5442 42 16 ces

1224 5466 110 21 derniers
1354 5467 73 23 mots,
1448 5467 22 20 si
1491 5466 168 22 abominables
1681 5466 93 21 étaient

1225 5497 35 20 les
1280 5500 115 18 menaces
1415 5500 47 20 que
1481 5496 23 21 le
1523 5496 111 21 monstre
1653 5495 122 25 proférait

1224 5525 85 21 contre
1328 5530 30 16 sa
1376 5530 90 20 propre
1485 5525 59 24 fille,
1564 5530 48 20 que
1631 5525 23 21 le
1675 5525 90 25 Journa-

1223 5555 56 21 liste
1299 5554 88 22 n'était
1403 5555 57 25 plus
1478 5553 90 22 maître
1589 5555 30 20 de
1638 5554 42 21 lui.

1252 5584 66 21 D'un
1340 5583 66 22 bond
1429 5584 17 21 il
1470 5588 27 17 se
1520 5583 110 22 relevait.
1653 5583 122 21 Ecartant

1225 5614 36 20 les
1284 5618 87 16 ronces
1394 5613 43 25 qui
1459 5613 119 22 l'avaient
1599 5612 103 26 masqué
1725 5613 41 25 jus-

1225 5643 113 26 qu'alors,
1352 5643 17 20 il
1383 5642 132 28 jaillissait,
1529 5641 182 26 littéralement,
1726 5647 50 16 aux

1227 5672 69 25 pieds
1315 5674 30 20 de
1363 5670 144 22 Fantômas.

1253 5711 30 6 —
1302 5701 95 21 Bandit
1406 5701 30 22 !...
1457 5700 116 22 Assassin
1584 5700 28 22 !...
1634 5700 142 25 Fantômas,

1227 5729 126 25 rends-toi,
1371 5730 29 20 tu
1418 5736 26 16 es
1461 5729 91 26 prlsct...

1253 5758 24 22 Il
1291 5763 28 17 se
1333 5757 150 27 précipitait
1497 5758 22 22 II
1533 5758 144 24 s'attendait
1692 5758 18 23 à
1725 5763 49 17 une

1377 5812 4 15 i

1797 4849 101 21 défense
1922 4849 164 25 désespérée.»
2108 4850 35 20 Le
2163 4849 113 20 monstre
2299 4849 49 22 n'é-

1796 4879 75 21 tait-Il
1888 4883 47 20 pas
1953 4878 70 22 armé
2032 4879 14 21 ?

1825 4908 26 21 SI
1867 4908 43 25 vif,
1926 4909 126 24 pourtant,
2069 4909 69 21 avait
2154 4906 38 23 été
2209 4907 23 21 le
2249 4912 87 18 mouve-

1797 4938 70 21 ment
1887 4938 33 20 du
1940 4937 73 26 Jeune
2033 4938 106 25 homme,
2159 4937 57 25 qu'il
2236 4936 112 24 heurtait

1798 4967 23 21 le
1838 4967 105 20 fauteuil
1960 4967 102 23 roulant
2074 4968 37 21 du
2128 4965 175 27 paralytique...

1824 4995 36 22 Et
1875 4995 90 25 c'était,
1981 4995 17 22 à
2012 4996 112 21 l'instant
2140 4995 86 23 même,
2243 5000 48 18 une
2308 5002 30 16 ca-

1796 5025 129 25 tastrophe
1946 5024 126 27 véritable,
2094 5031 49 16 une
2163 5026 105 20 horreur
2288 5031 50 16 nou-

1797 5055 68 23 velle,
1886 5055 104 25 quelque
2011 5055 74 25 chose
2106 5056 30 20 de
2156 5054 23 21 si
2199 5054 137 25 effroyable-

1798 5085 70 20 ment
1892 5084 74 24 cruel,
1992 5089 49 20 que
2065 5084 99 21 Jérôme
2189 5083 101 21 Fandor
2315 5090 31 16 en

1797 5114 129 24 manquait
1948 5113 101 22 devenir
2068 5114 66 22 fou...

1826 5143 62 20 Sous
1906 5143 23 21 le
1946 5143 69 24 choc,
2033 5144 23 21 le
2074 5143 104 21 fauteuil
2197 5142 99 21 roulant
2315 5143 32 21 du

1797 5171 80 22 blessé
1892 5177 27 16 se
1931 5172 103 21 mettait
2049 5177 32 16 en
2095 5171 164 26 mouvement,
2276 5171 63 22 déva-

1798 5202 46 20 lait
1861 5202 23 20 le
1904 5202 58 25 long
1982 5202 30 21 de
2031 5202 26 21 la
2074 5202 81 25 pente,
2172 5200 134 26 atteignait
2325 5202 22 22 le

1798 5231 90 21 rebord
1906 5232 30 20 de
1955 5233 25 20 la
1997 5231 97 25 falaise,
2112 5237 17 20 y
2147 5230 122 22 basculait
2279 5231 6 20 !

1826 5260 60 21 Cela
1903 5265 31 16 ne
1955 5260 143 22 demandait
2116 5260 89 26 qu'une
2223 5260 125 23 seconde...

1799 5289 72 25 Mais,
1893 5289 62 22 dans
1976 5290 24 21 le
2022 5290 80 25 temps
2125 5290 30 20 de
2176 5288 65 21 cette
2262 5293 74 17 secon-

1800 5319 36 27 de,
1855 5324 48 17 une
1920 5318 58 22 voix
1994 5318 69 22 avait
2079 5317 80 29 crié.,:

1824 5359 31 6 —
1874 5348 40 22 Ah
1936 5353 31 22 «a
1977 5349 29 22 !...
2027 5349 62 21 idiot
2098 5349 30 22 1...
2145 5348 42 22 <Tu
2208 5347 54 22 n'as
2285 5348 63 22 donc

1797 5383 46 20 pas
1862 5379 108 25 compris
1981 5379 34 21 ?...

1826 5407 34 22 Et
1877 5407 66 22 cette
1960 5407 63 25 voix,
2041 5408 65 22 cette
2125 5408 56 21 voix
2198 5406 42 26 qui
2259 5407 90 21 sortait

1800 5437 43 21 des
1866 5436 78 22 lèvres
1968 5437 30 22 de
2020 5436 142 26 Fantômas,
2185 5435 65 22 cette
2272 5436 76 27 yoix...

1799 5465 100 22 Jérôme
1924 5466 100 21 Fandor
2048 5466 85 22 l'avait
2158 5470 59 16 avec
2241 5465 106 21 horreur

1800 5500 144 17 reconnue...

1828 5524 88 22 C'était
1931 5525 26 21 la
1973 5524 57 21 voix
2047 5525 29 21 de
2092 5525 63 25 Juve
2167 5524 7 7 '

1826 5553 40 22 Au
1881 5553 81 22 même
1978 5554 116 25 moment,
2110 5554 129 22 d'ailleurs,
2255 5552 26 22 et
2296 5552 43 21 tan-

1801 5584 37 20 dis
1851 5583 74 26 qu'au
1936 5583 56 21 vide
2006 5583 22 22 le
2042 5583 104 22 fauteuil
2160 5582 98 25 roulait,
2272 5583 77 20 allant

1801 5619 58 14 sans
1879 5612 74 22 doute
1972 5618 26 17 se
2018 5613 125 22 fracasser
2158 5617 36 16 au
2212 5612 45 21 bas
2277 5611 30 21 de
2326 5612 23 20 la

1801 5643 95 24 falaise,
1917 5642 43 21 des
1979 5642 50 22 cris
2048 5642 192 23 retentissaient,
2259 5640 91 26 coupés

1801 5672 30 21 de
1845 5672 169 24 claquements
2031 5672 87 23 sourds
2136 5672 29 21 de
2182 5671 122 21 revolvers
2322 5671 20 20 ti-

1802 5702 58 20 rant
1881 5701 42 21 des
1945 5701 102 21 salves...

1827 5740 31 6 —
1879 5729 80 22 Tenez
1982 5730 48 22 bon
2040 5730 29 22 l_,
2073 5744 8 10 e
2092 5730 70 22 tenez
2183 5729 89 24 bon!,.,
2293 5729 49 21 hur-

1804 5759 46 22 lait
1865 5759 26 21 la
1907 5759 57 20 Voix
1981 5759 30 20 de
2028 5758 87 23 Théo..
2131 5760 70 21 Nous
2219 5759 133 21 arrivons...

2398 4851 40 20 En
2455 4851 52 24 bas,
2524 4851 62 20 dans
2603 4856 35 15 un
2654 4850 105 23 tumulte
2776 4851 85 27 affolé,
2879 4852 42 20 des
2930 4864 4 8 .

2370 4881 111 20 moteurs
2502 4880 156 21 ronflaient.»

2381 4927 4 5 .
2396 4919 31 6 —
2438 4909 81 21 Sauve
2533 4909 42 25 qui
2588 4910 61 24 peut
2657 4909 7 21 !
2681 4910 65 21 C'est
2758 4911 26 20 la
2797 4915 85 16 rousse
2892 4909 29 21 !...

2400 4939 46 20 Sur
2468 4939 24 21 le
2514 4938 101 25 plateau
2637 4939 117 27 gazonné,
2776 4939 145 25 cependant,

2371 4967 100 22 Jérôme
2488 4968 101 20 Fandor
2606 4969 85 20 venait
2710 4969 29 21 de
2758 4968 101 24 tomber,
2879 4968 34 20 ha-

2371 4997 86 21 letant.

2398 5037 31 4 —
2442 5027 70 24 Juve,
2527 5031 59 16 mon
2599 5026 65 22 Dieu
2674 5027 30 21 .'...
2719 5026 88 22 C'était
2821 5026 62 21 Juve
2893 5026 30 21 !...

2398 5055 37 21 La
2454 5056 85 21 raison
2560 5056 205 22 l'abandonnait...

2400 5085 108 21 Etait-ce
2526 5085 112 25 possible,
2655 5086 68 21 aussi
2739 5086 63 23 bien,
2818 5090 29 16 ce
2863 5085 59 24 qu'il

2371 5115 97 24 croyait
2491 5113 71 21 avo!r
2585 5115 114 24 compris,
2724 5120 29 16 ce
2777 5114 58 25 qu'il
2861 5113 62 22 était

2372 5143 43 21 sûr
2429 5145 92 21 d'avoir
2536 5143 86 21 deviné
2633 5144 12 20 ?

2399 5173 49 21 Sur
2470 5178 29 16 ce
2523 5173 106 20 fauteuil
2653 5173 30 21 de
2707 5172 162 26 paralytique,
2893 5178 29 17 ce

2371 5201 87 23 n'était
2470 5208 45 19 pas
2528 5201 136 23 Fantômas
2678 5203 42 24 qui
2734 5208 26 15 se
2774 5202 110 21 trouvait
2894 5202 29 22 !...

2372 5232 63 21 Sous
2449 5232 65 21 cette
2528 5232 104 24 cagoule
2647 5232 75 23 noire,
2737 5231 135 25 masquant
2886 5233 36 21 les

2373 5261 73 21 traits
2462 5261 29 21 de
2507 5261 63 21 celui
2584 5261 42 24 qui
2641 5261 25 20 la
2679 5260 100 26 portait,
2794 5265 28 15 ce
2836 5259 88 24 n'était

2374 5295 46 19 pas
2436 5289 137 22 Fantômas
2592 5291 42 23 qui
2652 5294 27 16 se
2696 5288 119 23 cachait...
2832 5288 90 23 C'était

2373 5320 63 21 Juve
2449 5320 29 22 !...
2498 5319 88 22 C'était
2604 5320 23 21 le
2646 5319 48 20 bon
2712 5319 64 21 Juve
2787 5319 28 21 !...
2835 5319 89 22 C'était

2373 5350 23 20 le
2426 5349 102 26 policier
2557 5349 57 25 qu'il
2645 5348 87 21 aimait
2762 5353 96 17 comme
2889 5354 34 17 un

2373 5378 58 25 père
2441 5379 30 22 !...

2398 5419 31 6 —
2444 5408 40 21 Ah
2494 5408 7 21 !
2518 5408 25 25 je
2561 5407 48 22 A'al
2626 5407 55 25 plus
2698 5406 55 26 qu'à
2768 5411 41 17 me
2826 5407 58 23 tuer
2893 5408 30 22 !...

2375 5438 118 25 sanglota.
2515 5437 106 21 Fandor.
2647 5436 65 21 C'est
2737 5436 51 21 moi
2813 5437 42 25 qui
2882 5438 41 21 l'ai

2373 5466 71 22 lancé
2460 5471 33 17 au
2510 5467 55 21 vide
2575 5466 7 22 '.

2400 5495 21 23 Il
2439 5497 78 25 allait,
2535 5495 92 27 éperdu
2644 5495 30 22 de
2692 5494 115 26 détresse,
2826 5501 27 17 se
2871 5496 43 25 pré-

2376 5524 88 25 cipiter
2484 5530 32 16 en
2535 5525 98 21 avant...
2654 5523 89 25 Solide,
2763 5528 49 17 une
2833 5525 89 25 poigne

2374 5553 128 23 s'abattait
2523 5561 43 15 sur
2587 5556 40 20 lui.

2398 5593 31 6 —
2450 5584 128 22 Monsieur
2598 5584 100 22 Fandor
2707 5583 30 22 !...
2758 5583 51 22 Pas
2832 5584 30 21 de
2884 5584 32 21 bê-

2374 5612 60 22 tises
2444 5613 7 21 !
2465 5612 25 21 T
2502 5619 16 15 a
2532 5618 46 21 pas
2592 5613 30 22 de
2635 5613 58 24 mal,
2708 5611 89 23 damné
2811 5618 94 21 garçon
2917 5614 6 21 !

2402 5642 132 23 Galvanisé
2551 5648 47 21 par
2612 5643 24 22 le
2653 5642 130 26 désespoir,
2801 5642 57 21 d'un
2873 5648 44 16 sur-

2373 5671 65 26 saut,
2458 5671 100 23 Jérôme
2579 5672 101 22 Fandor
2700 5670 92 23 tentait
2814 5671 102 27 d'échap-

2374 5704 46 21 per
2436 5700 17 22 à
2469 5700 123 23 l'étreinte
2610 5702 42 25 qui
2670 5702 23 20 le
2711 5700 155 24 maintenait.

2403 5740 30 5 —
2448 5729 63 23 Juve
2522 5731 29 22 !...
2568 5730 89 22 C'était
2674 5731 64 21 Juve
2749 5730 28 22 !.„
2794 5729 35 22 Et
2844 5731 25 25 je
2886 5731 40 21 l'ai

2375 5758 43 22 tué
2428 5758 30 24 U
2479 5759 66 22 C'est
2565 5760 51 21 mol
2636 5760 44 25 qui
2700 5759 42 22 l'ai
2762 5759 125 23 assassiné
2897 5760 29 21 !~

2974 4850 120 24 Cordiale,
3111 4851 27 20 la
3154 4851 57 20 voix
3228 4850 89 20 Insista
3327 4855 7 15 :

2971 4897 31 5 —
3017 4887 65 22 Mais
3098 4891 47 21 par
3162 4887 67 20 saint
3244 4886 116 25 Georges,
3377 4890 31 16 ne
3425 4890 72 20 soyez

2946 4916 62 21 donc
3032 4921 45 21 pas
3100 4915 83 22 entêté
3193 4916 29 21 !...
3244 4916 40 20 On
3306 4920 60 16 vous
3391 4916 35 19 dit
3449 4919 47 20 que

2945 4946 64 22 Juve
3023 4947 39 20 n'a
3077 4947 60 24 rien,
3152 4946 57 25 qu'il
3223 4951 31 16 ne
3268 4946 59 25 peut
3341 4945 53 20 rien
3407 4944 89 20 avoir...

2945 4975 70 22 Nous
3036 4975 86 21 avions
3142 4975 77 21 tendu
3239 4980 34 15 un
3293 4975 55 20 filet
3358 4974 29 21 !...
3408 4972 87 22 C'était

2947 5004 77 26 prévu
3034 5005 29 21 !...

2973 5042 79 23 Alors,
3072 5041 78 21 calmé
3169 5040 110 23 soudain,
3298 5039 63 21 mais
3381 5044 31 15 ne
3431 5043 54 15 com-

2947 5073 107 22 prenant
3078 5075 46 21 pas
3148 5075 93 18 encore,
3266 5068 98 21 Jérôme
3388 5066 106 24 Fandor,

2946 5100 63 22 dans
3030 5101 25 19 la
3075 5100 56 25 pâle
3151 5100 77 21 clarté
3250 5098 102 22 lunaire,
3374 5097 70 20 tenta
3465 5097 30 20 de

2947 5129 138 26 distinguer
3100 5129 114 21 l'homme
3231 5128 42 25 qui
3287 5128 24 19 le
3327 5126 79 21 tenait
3421 5126 22 20 si
3459 5131 38 15 so-

2946 5159 126 21 Udement.

2973 5205 31 5 —
3021 5195 68 21 Vous
3099 5195 35 22 ?...
3151 5193 166 23 balbutialt-il.
3334 5192 67 21 Vous
3422 5191 75 25 Shep-

2946 5224 64 26 pard
3021 5224 35 21 ?...

2974 5254 38 21 Ne
3030 5253 122 25 croyait-il
3169 5259 46 19 pas
3234 5250 161 25 reconnaître,
3413 5255 31 16 en
3462 5250 27 21 ef-

2948 5283 44 25 fet,
3009 5283 27 20 la
3052 5283 99 20 victime
3171 5283 29 21 de
3219 5280 195 26 Pacy-sur-Eure
3424 5280 15 21 ?.

2977 5319 112 21 Cordiale
3105 5319 112 25 toujours
3235 5319 26 20 et
3278 5317 29 21 de
3324 5317 54 24 plus
3395 5320 31 16 en
3442 5317 56 24 plus

2949 5349 86 24 calme,
3055 5348 125 28 pourtant,
3199 5348 25 20 la
3242 5347 57 21 voix
3317 5345 118 26 rétorqua
3444 5351 6 16 :

2974 5395 30 5 —
3025 5384 42 22 Eh
3090 5385 41 20 oui
3141 5384 28 21 !...
3194 5383 57 25 Mol,
3275 5383 61 21 cher
3365 5387 94 21 garçon
3469 5383 29 21 !...

2949 5414 170 23 Exactement,
3138 5413 50 21 moi
3199 5413 7 20 !

2975 5461 30 5 —
3023 5450 85 21 Mais...
3129 5449 39 21 Où
3189 5449 131 22 étiez-vous
3330 5448 34 21 ?...
3385 5448 34 21 Et
3438 5453 61 16 vous

2951 5485 39 16 me
3007 5480 63 21 dites
3085 5484 48 20 que
3147 5479 84 21 Juve...

2975 5526 31 5 —
3027 5515 57 22 Là...
3108 5514 76 22 Là!...
3207 5515 40 20 Un
3271 5519 48 20 peu
3345 5514 30 22 de
3400 5514 98 26 flegme,

2951 5544 89 25 dampé
3071 5544 147 25 journaliste
3242 5548 46 21 que
3313 5549 61 16 vous
3408 5543 53 22 êtes
3471 5544 29 20 !...

2948 5575 64 21 Juve
3027 5579 63 16 nous
3103 5574 88 21 attend
3205 5578 59 17 sans
3279 5573 74 22 doute
3367 5572 16 22 à
3397 5573 103 21 l'hôtel...

2950 5603 84 26 Quant
3051 5601 17 23 à
3087 5603 58 24 mol,
3164 5607 29 17 ce
3210 5607 48 21 que
3277 5602 25 25 Je
3320 5602 89 21 fafsals
3428 5602 71 23 ici?...

2950 5634 42 20 Ma
3008 5633 42 24 fol,
3066 5632 60 22 c'est
3140 5633 75 21 facile
3231 5632 17 22 à
3264 5633 121 20 deviner...
3400 5632 30 22 Je
3447 5637 44 16 sur-

2951 5663 94 20 veillais
3067 5666 54 17 mes
3144 5662 137 25 capitaux...

2976 5710 31 7 —
3022 5699 51 22 Vos
3091 5699 123 24 capitaux,
3233 5697 128 26 Sheppard
3370 5698 13 21 ?

2977 5739 30 5 —
3020 5728 175 21 Evidemment
3204 5728 29 21 !...
3248 5728 37 20 La
3301 5726 84 22 moitié
3403 5727 29 21 de
3449 5732 52 16 mes

2950 5757 119 28 capitaux
3090 5757 57 22 tout
3168 5762 35 16 au
3225 5757 101 22 moins...
3348 5757 104 27 puisque
3474 5756 41 35 jej

3403 5833 4 4 •
3439 5827 4 4 ■

3521 4848 49 20 n'ai
3589 4845 69 27 prêté
3675 4845 18 21 à
3710 4845 64 22 Juve
3792 4850 49 20 que
3859 4845 59 21 cent
3935 4845 133 26 cinquante

3520 4876 155 21 demi-billets
3695 4875 30 20 de
3745 4875 68 21 mille
3833 4875 87 21 francs
3930 4875 30 22 !™

3549 4912 40 23 Et,
3609 4911 103 25 partant
3731 4911 58 20 d'un
3808 4912 81 25 grand
3908 4912 57 24 rire,
3983 4910 86 22 tenant

3521 4940 112 24 toujours
3651 4938 100 22 Jérôme
3776 4940 103 21 Fandor
3897 4945 47 20 par
3961 4942 24 20 le
4002 4941 62 21 bras,

3519 4970 127 25 Sheppard
3670 4970 139 21 continuait
3818 4976 7 15 :

3546 5024 30 6 —
3593 5014 39 20 Au
3651 5014 68 20 fait...
3738 5014 68 22 Vous
3825 5020 31 15 ne
3874 5013 133 27 prétendes
4023 5017 44 21 pas

3522 5042 106 21 coucher
3647 5042 31 21 Ici
3689 5043 34 22 ?...
3742 5042 71 21 Nous
3832 5048 78 17 avons
3929 5042 128 21 d'excellen-

3520 5072 38 21 tes
3580 5073 132 21 chambres
3722 5073 30 21 !...
3774 5073 54 25 Oui,
3851 5073 16 21 à
3887 5072 83 22 l'hôtel
3993 5073 29 21 de
4042 5072 25 21 la

3521 5101 93 22 Chaîne
3633 5102 80 22 d'Or...
3731 5103 34 20 Et
3781 5104 24 20 le
3822 5103 71 25 porto
3910 5103 43 24 n'y
3969 5103 39 21 est
4023 5105 44 22 pas

3520 5132 113 20 mauvais
3659 5137 49 16 non
3739 5133 77 24 plus...
3840 5131 99 21 Jérôme
3964 5131 101 23 Fandor,

3521 5165 61 17 vous
3597 5167 31 16 ne
3641 5162 125 21 refuserez
3778 5167 46 20 pas
3838 5162 30 21 de
3882 5161 71 21 venir
3964 5161 105 24 choquer

3521 5191 70 20 votre
3608 5196 71 17 verre
3689 5191 13 21 ?

3550 5227 64 21 Sans
3630 5228 115 21 attendre
3763 5227 30 22 de
3811 5226 110 27 réponse,
3937 5223 131 24 l'excellent

3522 5256 135 26 Sheppard,
3677 5256 17 22 à
3713 5257 41 21 cet
3772 5256 102 25 insatnt,
3894 5254 134 24 entraînait
4045 5253 22 21 le

3521 5286 155 25 journaliste.

3549 5323 38 20 La
3603 5323 114 21 descente
3734 5326 46 21 par
3794 5322 23 21 le
3834 5321 93 21 sentier
3942 5327 26 15 se
3985 5317 82 25 faisait

3523 5352 162 25 rapidement.
3707 5352 22 20 Il
3751 5356 31 16 ne
3803 5351 83 21 fallait
3908 5350 75 26 guère
4005 5351 54 21 long-

3523 5384 88 22 temps,
3625 5386 50 16 non
3689 5381 62 24 plus,
3764 5384 63 22 pour
3839 5379 124 25 rejoindre
3974 5379 41 20 cet
4026 5374 32 23 hô-

3523 5411 34 21 tel
3574 5411 29 22 de
3619 5412 25 20 la
3660 5409 92 23 Chaîne
3770 5410 64 25 d'Or,
3850 5409 33 22 où
3900 5408 131 27 Sheppard,
4045 5405 20 22 si

3522 5441 209 25 tranquillement,
3754 5439 125 22 affirmait
3900 5444 47 21 que
3969 5437 53 22 «lui
4042 5436 23 21 et

3523 5470 64 21 Juve
3605 5470 101 21 avalent
3723 5470 67 21 leurs
3808 5469 173 22 chambres»..,

3551 5506 99 23 Jérôme
3676 5506 106 24 Fandor,
3807 5505 146 26 cependant,
3978 5509 26 16 se
4028 5499 29 23 dé-

3523 5537 91 21 battait
3628 5537 119 25 toujours,
3762 5540 61 16 avec
3837 5536 26 20 la
3878 5535 94 21 crainte
3985 5532 80 22 intime

3524 5566 75 22 d'être
3618 5567 95 20 devenu
3729 5565 46 21 fou
3784 5564 7 21 !

3549 5613 31 5 —
3599 5602 33 22 Ce
3652 5602 63 22 n'est
3734 5606 46 22 pas
3799 5601 107 26 possible
3916 5608 28 14 :...
3963 5598 94 22 murmu-

3524 5633 83 20 rait-Il.

3551 5679 30 6 —
3597 5668 114 23 Tournez,
3725 5666 16 22 à
3759 5667 100 22 droite...
3875 5663 141 24 oons»Illalt,
4030 5669 3 9 <

3526 5698 116 26 pendant,
3668 5696 136 27 Sheppard.
3828 5695 37 23 Là
3875 5696 30 21 !...
3929 5695 99 24 frappes
4048 5687 16 22 à

3524 5728 66 22 cette
3606 5726 78 27 porte.

3877 5754 39 27 (A
3934 5749 102 26 auivrej.
