4079 5846
115 203 59 48 r
590 198 59 60 ^

185 257 55 50 La
247 256 178 50 Dernière
437 254 123 50 Heure

145 341 88 26 refuse
256 339 37 27 de
316 339 137 32 présenter
475 336 70 27 dans
567 343 44 19 ses

145 373 129 26 colonnes
302 380 106 18 comme
436 368 174 28 information

145 404 136 33 objective
310 413 37 18 ou
374 402 92 28 article
495 401 105 27 désinté-

145 439 73 26 ressé
245 438 127 27 émanant
398 435 36 26 de
461 443 30 17 sa
518 433 82 27 rédac-

145 471 67 32 tion,
233 470 50 27 des
307 473 76 21 notes
406 466 206 28 tendancieuses

146 508 28 23 et
209 504 49 27 des
293 506 83 22 textes
412 499 36 27 de
483 498 130 33 publicité

147 535 186 28 commerciale
380 541 37 18 ou
464 532 147 25 financière

148 570 82 33 payés
248 568 177 26 directement
443 573 37 18 ou
500 564 112 26 indirec-

117 618 12 10 .
147 605 101 24 tement
261 609 49 22 par
324 599 50 26 des
387 598 73 27 tiers.

1136 176 1057 265 Dernière
2276 172 729 265 Heure

962 473 79 45 LE
1071 471 164 46 PLUS
1267 471 227 45 GRAND
1525 472 309 45 JOURNAL
1862 471 234 51 BELGE,
2115 473 79 43 LE
2221 470 213 45 MIEUX
2462 458 370 56 RENSEIGNÉ

1497 534 244 34 BRUXELLES
1755 548 26 9 -
1795 536 64 39 52,
1870 534 88 33 RUE
1976 534 63 31 DU
2058 534 241 34 PONT-NEUF

3119 220 176 55 vU_t_f

3131 289 164 74 Çème

3049 351 282 70 SÉDITION

3122 438 180 48 MATIN

732 648 81 31 32—
817 635 146 42 ANNÉE
976 657 36 7 —
1033 640 45 33 N°
1089 641 64 32 186

1798 641 131 34 LUNDI
1948 641 21 31 5
1989 640 173 34 JUILLET
2182 642 87 32 1937

2832 638 54 34 LE
2897 638 189 34 NUMERO
3106 639 46 32 30
3167 637 217 34 CENTIMES

3531 229 175 41 POUR
3734 228 178 40 VOUS

3563 284 315 42 ABONNER

3482 367 92 32 Trois
3593 367 83 31 mois

3482 420 57 32 Six
3557 420 97 32 mois.

3484 472 54 33 Un
3561 483 45 21 an
3646 494 11 11 .

3853 365 43 31 21
3919 363 41 33 fr.

3853 417 47 31 42
3919 416 32 32 fr

3854 470 46 32 80
3920 469 42 34 fr.

3483 542 481 43 ADRESSEZ-VOUS

3483 597 61 40 AU
3577 598 181 39 BUREAU
3795 595 197 58 POSTAL,

163 786 40 28 LE
228 782 164 31 COURRIER
418 782 44 27 DU
488 779 122 29 SOLDAT

119 844 534 63 PROBLÊME

229 921 321 64 ÉCONOMIQUE

157 1037 122 27 Certains
297 1048 12 16 «
325 1035 130 33 patriotes
471 1044 12 17 »
501 1037 138 21 reconnais-

117 1077 61 21 sent
193 1080 52 22 que
265 1081 11 15 «
293 1068 112 27 l'armée
420 1067 78 27 coûte
512 1062 63 29 cher
592 1073 13 17 »
624 1066 27 20 et

117 1103 84 31 qu'on
216 1102 120 32 pourrait
356 1113 12 15 «
386 1099 130 33 peut-être
532 1108 13 15 »
564 1093 75 27 rédui-

117 1146 30 16 re
169 1134 39 28 les
230 1134 135 32 dépenses
387 1131 142 29 militaires.
553 1127 33 26 Us
607 1135 33 17 ac-

116 1168 168 32 cepteraient
310 1178 62 16 sans
399 1165 81 27 doute
505 1171 54 16 une
584 1168 56 17 nou-

117 1200 72 27 velle
208 1200 211 32 réorganisation
439 1196 34 26 de
493 1194 26 26 la
538 1193 113 26 défense

116 1233 148 29 nationale,
283 1236 17 25 à
317 1231 138 28 condition
473 1237 52 22 que
543 1225 25 27 le
586 1234 54 22 gou-

117 1273 159 21 vernement
296 1275 34 16 ne
350 1262 104 28 réduise
474 1270 49 22 pas
541 1268 51 17 nos
612 1257 27 27 ef-

117 1299 92 27 fectifs
225 1312 12 14 «
254 1298 62 31 déjà
328 1298 22 25 si
364 1295 113 31 maigres
492 1305 13 15 »
523 1298 27 20 et
562 1301 36 16 ne
611 1291 28 25 ré-

117 1332 88 27 clame
223 1331 59 32 plus
300 1330 48 26 des
365 1326 122 29 subsides
504 1323 136 29 extraordi-

117 1366 88 26 naires
219 1374 67 22 pour
300 1361 94 27 édifier
408 1359 49 27 des
470 1367 132 21 ouvrages
616 1356 35 26 de

117 1397 176 28 fortification
310 1396 175 31 permanente
506 1403 12 15 k
540 1390 68 27 dont
625 1388 26 27 la

117 1430 132 27 nécessité
266 1435 27 20 et
312 1426 103 28 l'utilité
434 1435 35 16 ne
487 1430 62 20 sont
567 1421 73 28 nulle-

117 1470 75 20 ment
214 1461 170 28 démontrées
407 1469 25 16 ».
455 1456 72 30 Bref,
550 1455 32 27 ils
604 1455 36 27 de-

117 1495 131 27 mandent
264 1504 53 16 une
335 1493 163 30 importante
516 1498 125 22 compres-

117 1530 61 26 sion
192 1528 48 27 des
254 1526 140 32 dépenses.

157 1568 52 26 Ces
231 1565 153 28 économies
405 1561 140 29 sont-elles
566 1561 74 32 possi-

116 1600 60 27 bles
184 1604 11 23 ?
210 1600 67 27 Sans
289 1607 86 17 aucun
388 1596 91 29 doute,
492 1596 79 26 sinon
583 1604 69 16 nous

117 1634 121 26 verrions
259 1631 39 27 les
318 1630 129 31 bruyants
469 1636 183 24 personnages

117 1667 46 30 qui
185 1676 30 16 se
235 1670 62 22 sont
318 1662 115 28 attribué
455 1660 26 27 le
504 1658 148 33 monopole

118 1698 37 27 du
169 1698 166 32 patriotisme
349 1695 146 27 s'évertuer
509 1697 17 25 à
540 1693 102 27 démon-

117 1737 54 20 trer
190 1741 52 22 que
259 1729 39 27 les
316 1727 156 28 misérables
490 1727 45 31 qui
553 1736 88 22 propo-

117 1771 61 19 sent
193 1763 27 27 la
235 1762 141 27 réduction
392 1761 49 27 des
456 1760 134 31 dépenses
606 1759 37 26 mi-

119 1796 100 27 litaires
242 1802 63 21 sont
330 1794 49 27 des
403 1793 115 28 couards
543 1803 36 16 ou
605 1791 48 27 des

118 1830 113 27 traîtres.

156 1869 28 26 Si
200 1879 46 16 ces
262 1867 155 27 économies
433 1872 62 21 sont
511 1862 141 34 possibles,

118 1902 135 32 pourquoi
273 1900 73 27 donc
365 1906 86 20 a-t-on
471 1897 112 28 attendu
602 1898 41 29 jus-

119 1934 82 32 qu'en
219 1935 6 26 I
234 1934 55 27 937
303 1943 68 22 pour
384 1933 130 30 épargner
527 1933 16 25 à
555 1929 27 27 la
595 1928 48 28 Bel-

120 1968 79 31 gique
215 1977 53 16 une
283 1964 176 29 scandaleuse
475 1962 179 32 dilapidation

119 2000 50 26 des
188 2000 107 26 deniers
314 1997 112 33 publics,
448 1997 45 30 qui
514 1996 64 26 était
598 1995 55 26 évi-

121 2032 73 27 table
210 2032 62 31 déjà
286 2030 19 27 il
319 2041 18 21 y
352 2041 17 15 a
384 2028 114 28 dix-huit
513 2038 56 19 ans,
586 2027 67 26 ainsi

119 2076 53 20 que
185 2075 67 16 nous
266 2063 104 27 l'avons
383 2062 103 32 prouvé
500 2061 68 26 dans
585 2072 12 14 u
613 2059 40 26 La

120 2098 130 27 Dernière
274 2096 92 27 Heure
392 2106 25 19 »,
442 2105 34 16 en
500 2092 154 33 septembre

125 2130 91 28 1919?

158 2169 74 27 Nous
244 2179 85 16 avons
342 2167 40 27 dit
394 2173 27 21 et
433 2165 69 28 redit
514 2171 62 21 cent
589 2164 61 29 fois,

118 2203 143 28 ici-même,
284 2211 53 21 que
359 2200 109 26 l'armée
490 2198 45 27 n'a
556 2199 58 25 rien
636 2198 16 25 à

121 2245 99 22 gagner
232 2245 34 16 en
279 2233 113 27 attitude
405 2239 27 20 et
445 2242 35 16 en
493 2231 101 31 dignité
607 2230 36 27 de-

119 2275 66 19 vant
197 2267 26 27 la
235 2267 99 27 Nation
346 2273 27 20 et
386 2265 102 27 devant
500 2263 152 28 elle-même

118 2311 35 16 en
167 2299 141 28 accablant
321 2299 26 27 la
360 2297 129 33 Belgique
502 2297 35 26 de
551 2296 90 32 dépen-

120 2344 43 16 ses
180 2332 105 27 inutiles
302 2339 27 20 et
345 2329 196 34 injustifiables.

159 2372 79 27 Voici
255 2382 53 21 que
324 2370 49 28 des
389 2367 212 35 professionnels
617 2367 37 28 du

118 2406 168 32 patriotisme
302 2410 77 21 osent
395 2404 56 26 être
468 2402 65 27 d'un
549 2402 58 26 avis
623 2412 29 16 se

119 2437 182 33 rapprochant
316 2437 37 26 du
367 2438 86 25 nôtre.

156 2491 41 5 —
217 2476 69 27 Mais
323 2475 79 30 alors,
441 2475 137 29 dira-t-on,
616 2473 36 27 de

120 2511 65 31 quoi
210 2520 68 16 vous
303 2508 211 32 plaignez-vous,
541 2507 114 32 puisque

118 2553 46 17 ces
183 2555 13 15 «
212 2543 130 31 patriotes
359 2554 12 15 »
391 2540 167 28 demandent
573 2541 70 30 juste-

119 2582 76 20 ment
210 2575 26 27 la
252 2576 89 26 même
356 2574 83 27 chose
456 2583 52 22 que
524 2583 68 16 vous
600 2575 12 24 ?

161 2628 42 5 —
212 2614 74 27 Nous
292 2624 69 16 nous
368 2612 152 33 plaignons,
526 2611 126 30 d'abord,

119 2657 54 22 que
191 2647 56 27 l'on
263 2657 84 21 songe
365 2653 62 24 trop
444 2645 61 27 tard
523 2655 53 16 aux
594 2645 49 25 éco-

115 2681 109 26 nomies
243 2686 27 20 et
288 2689 53 22 que
360 2678 56 27 l'on
434 2678 46 32 n'y
498 2687 85 22 songe
602 2687 53 21 que

119 2713 136 27 contraint
266 2719 27 20 et
304 2707 83 34 forcé,
401 2710 172 30 c'est-à-dire,
587 2709 68 27 dans

118 2745 40 27 les
173 2745 61 32 plus
250 2745 151 27 mauvaises
417 2743 153 27 conditions
586 2752 69 22 pour

120 2778 115 27 aboutir.
256 2778 75 26 Nous
350 2787 68 16 nous
437 2776 150 32 plaignons,
609 2785 35 17 en-

119 2812 77 29 suite,
215 2821 52 21 que
283 2817 78 20 notre
377 2809 132 32 politique
526 2808 116 27 d'écono-

118 2845 67 25 mies
203 2844 52 26 soit
274 2842 174 32 dépendante
467 2841 48 27 des
533 2841 121 31 caprices

118 2876 35 27 de
179 2876 174 30 l'état-major
379 2881 28 20 et
433 2874 49 27 des
507 2873 146 27 directions

117 2908 138 32 générales
277 2907 37 27 du
336 2908 138 26 ministère
479 2906 51 27 -de
551 2905 34 28 la.
599 2905 44 27 Dé-

116 2941 78 27 fense
218 2939 147 30 nationale,
391 2939 77 27 Nous
491 2949 70 16 nous
585 2937 56 33 plai-

116 2984 94 22 gnons,
218 2973 92 30 .enfin,
327 2983 52 21 que
394 2971 38 28 les
447 2972 133 26 ministres
595 2981 47 17 suc-

116 3006 94 28 cessifs
234 3013 28 20 et
285 3005 57 27 leur
366 3005 154 31 état-major
544 3004 98 27 n'abor-

118 3039 66 27 dent
196 3050 49 21 pas
258 3038 36 28 de
307 3038 73 27 front
392 3037 26 28 le
430 3037 142 32 problème
585 3036 56 28 mili-

117 3073 68 26 taire
199 3086 41 5 —
255 3072 45 31 qui
317 3078 41 20 est
373 3072 70 25 aussi
458 3081 37 16 un
510 3069 143 33 problème

118 3105 180 31 économique
315 3119 41 5 —
373 3110 28 20 et
419 3103 100 27 n'aient
537 3114 50 21 pas
607 3102 35 27 de-

117 3139 61 31 puis
199 3137 154 32 longtemps
374 3135 95 28 réalisé
492 3136 161 27 l'économie

117 3170 126 28 annuelle
266 3170 35 26 de
324 3176 94 25 quatre
439 3176 75 19 cents
536 3168 117 27 millions

118 3203 35 27 de
169 3203 89 27 francs
274 3204 45 31 qui
335 3201 149 28 résulterait
500 3201 35 27 de
550 3201 27 27 la
592 3212 50 21 sup-

117 3237 122 31 pression
269 3235 35 28 de
334 3235 242 27 l'encasernement
606 3234 47 27 des

118 3268 138 28 miliciens.

158 3308 102 32 Depuis
282 3307 80 30 1919,
380 3306 111 27 l'armée
509 3317 16 16 a
542 3305 113 33 gaspillé

118 3341 61 32 plus
198 3342 35 26 de
253 3341 87 26 douze
360 3339 130 28 milliards
510 3339 35 27 de
565 3339 90 26 francs

118 3385 69 21 pour
206 3374 105 26 aboutir
330 3376 16 25 à
364 3374 64 31 quoi
436 3376 12 24 ?
470 3374 27 27 A
515 3373 66 29 ceci,
602 3382 54 22 que

118 3417 69 17 nous
205 3406 102 27 disions
326 3406 63 31 déjà
407 3405 68 27 dans
497 3418 12 15 «
530 3405 40 27 La
589 3404 55 27 Der-

119 3441 74 25 nière
210 3440 91 26 Heure
319 3452 12 15 »
352 3438 38 27 du
405 3440 16 26 2
440 3438 67 27 avril
529 3438 81 30 1934,
628 3444 27 20 et

120 3474 45 30 qui
177 3472 45 27 n'a
234 3473 96 31 jamais
343 3473 43 26 été
400 3471 119 27 démenti
536 3482 7 16 :

163 3524 12 15 «
192 3512 28 27 Si
235 3511 56 27 l'on
306 3511 59 27 s'en
380 3517 128 26 rapporte
523 3513 17 25 à
554 3520 32 17 ce
602 3520 53 22 que

119 3544 26 27 le
159 3545 119 26 ministre
293 3543 35 28 de
343 3543 26 27 la
384 3540 119 30 Défense
517 3542 138 28 nationale

119 3589 17 15 a
157 3578 165 26 récemment
344 3576 108 27 déclaré
474 3580 17 24 à
512 3576 143 27 différents

118 3609 170 33 journalistes
316 3609 126 32 français,
471 3608 27 28 la
526 3608 129 32 Belgique

116 3648 38 21 ïie
169 3643 119 32 pourrait
304 3649 95 20 mettre
415 3641 191 28 actuellement
621 3652 34 16 en

119 3675 72 33 ligne
209 3686 53 21 que
286 3676 120 29 150,000
425 3675 191 27 combattants,
639 3685 13 16 »

159 3708 81 28 Voilà
260 3710 37 26 où
315 3718 69 17 nous
404 3715 48 20 ont
471 3707 126 27 conduits
616 3706 40 28 les

119 3740 52 28 lois
184 3741 137 27 militaires
335 3741 37 27 du
391 3742 31 27 15
438 3742 66 25 août
522 3740 82 30 1923,
619 3740 37 27 du

123 3775 15 26 7
161 3774 149 27 novembre
336 3775 7 26 1
352 3774 65 29 928,
440 3773 37 27 du
503 3774 7 26 1
519 3774 14 26 5
558 3773 97 26 février

126 3806 80 31 1937,
231 3807 46 31 qui
300 3805 163 32 multiplient
485 3805 40 27 les
548 3816 98 20 exemp-

121 3840 79 29 tions,
221 3838 39 27 les
281 3838 148 32 dispenses,
450 3837 40 28 les
509 3839 89 29 sursis,
619 3837 39 27 les

121 3878 125 23 carottes,
264 3871 39 27 les
319 3871 153 32 fricotages.

164 3909 186 33 Aujourd'hui,
372 3909 130 33 quelques
525 3922 12 15 «
559 3910 88 32 patrio-

121 3950 41 21 tes
180 3956 12 16 a
211 3958 41 5 —
268 3943 68 27 dont
351 3942 19 28 il
386 3943 59 27 faut
461 3942 76 28 louer
553 3941 26 28 le
595 3953 53 17 cou-

120 3987 64 22 rage
199 3990 41 6 —
254 3975 107 33 parlent
378 3976 194 30 d'économies,
590 3976 68 26 mais

121 4020 37 17 on
177 4009 57 28 leur
253 4009 106 33 répond
383 4021 6 16 :
414 4022 12 14 ii
447 4009 142 27 réduisons
607 4019 51 17 nos

121 4042 119 27 effectifs
255 4054 25 15 ».
294 4042 105 28 L'idéal
413 4042 48 27 des
474 4043 135 31 partisans
622 4042 36 27 de

121 4075 27 27 la
166 4075 140 27 réduction
325 4075 49 27 des
393 4075 119 27 effectifs
530 4082 41 20 est
588 4086 59 16 sem-

121 4107 92 28 blable
242 4111 17 25 à
287 4107 70 28 celui
388 4108 48 27 des
466 4107 127 33 disciples
622 4108 36 27 de

123 4141 137 27 Monsieur
277 4140 82 28 Galet
381 4152 7 16 :
406 4151 54 17 une
482 4154 12 15 «
515 4142 85 31 petite
618 4152 29 16 ar-

122 4175 60 26 mée
205 4187 12 15 »
242 4174 36 27 de
298 4173 173 31 volontaires,
492 4184 55 17 une
566 4175 93 26 armée

122 4206 35 28 de
171 4208 103 29 métier,
290 4206 116 33 quelque
421 4207 148 32 vingt-cinq
585 4206 74 28 mille

126 4250 12 15 o
168 4239 213 33 professionnels
411 4251 25 16 ».
466 4240 33 27 Et
528 4239 131 28 d'aucuns

122 4278 126 22 trouvent
264 4272 60 28 cela
341 4274 53 26 très
411 4273 75 27 bien!

162 4312 170 32 Cependant,
351 4312 35 27 de
403 4314 46 31 gré
466 4323 37 17 ou
520 4313 36 27 de
573 4312 85 31 force,

122 4344 26 28 le
169 4352 213 25 gouvernement
403 4345 85 28 devra
509 4346 76 27 obéir
606 4356 54 17 aux

122 4377 72 27 faits.
220 4378 88 31 Après
331 4380 77 25 avoir
432 4378 134 33 accompli
591 4379 69 27 dans

122 4409 28 28 la
165 4410 119 27 Défense
298 4411 137 28 nationale
449 4411 39 28 les
504 4413 156 26 économies

123 4443 124 32 d'argent
262 4444 46 31 qui
322 4451 62 20 sont
397 4446 164 26 nécessaires
576 4452 28 20 et
610 4455 39 17 .ur-

123 4483 102 25 gentes,
245 4475 19 28 il
283 4475 85 27 devra
384 4476 65 27 bien
466 4478 194 32 entreprendre

124 4509 49 27 des
190 4509 157 27 économies
364 4508 36 27 de
417 4516 95 25 temps,
531 4512 90 26 même
638 4522 21 16 s:

124 4541 59 28 cela
199 4541 103 33 déplaît
319 4552 53 16 aux
390 4541 125 32 disciples
531 4543 35 28 de
582 4544 67 27 Mon-

123 4576 71 25 sieur
211 4574 89 28 Galet.

166 4613 51 28 Les
227 4615 73 31 jours
312 4614 36 27 de
360 4614 26 27 la
398 4613 101 28 Nation
510 4616 91 26 armée
612 4616 49 27 des

125 4646 152 32 QUATRE
292 4647 86 28 MOIS
393 4653 63 21 sont
471 4646 123 32 proches.
610 4648 51 27 Les

125 4680 73 31 jours
217 4680 48 27 des
283 4681 117 26 services
419 4680 164 27 accessoires
601 4688 62 20 sont

127 4714 131 30 comptés.
281 4713 51 27 Lés
352 4715 74 30 jours
447 4712 36 28 de
504 4711 27 28 la
551 4722 111 18 caserne

127 4752 63 20 sont
212 4745 64 32 déjà
298 4747 93 31 passés
418 4758 6 15 :
448 4744 106 29 celle-ci
576 4755 35 17 ne
633 4756 30 16 se

128 4779 141 26 maintient
297 4789 52 21 que
377 4790 49 21 par
454 4778 39 28 les
522 4777 51 28 lois
600 4777 64 27 bien

127 4821 120 17 connues
264 4811 35 28 de
315 4811 123 28 l'inertie.

165 4850 75 27 Nous
278 4852 147 31 persistons
463 4854 17 25 à
517 4849 147 34 prétendre

127 4882 65 32 qu'il
232 4891 40 20 est
311 4883 192 33 parfaitement
543 4881 121 35 possible

127 4915 151 28 d'instruire
295 4916 200 28 militairement
511 4917 96 28 TOUS
625 4915 39 28 les

127 4949 120 31 citoyens
271 4949 104 28 valides
402 4962 12 15 «
440 4960 35 17 au
497 4950 54 27 lieu
574 4951 90 26 même

128 4981 35 27 de
185 4981 57 28 leur
263 4982 140 28 résidence
425 4982 147 28 habituelle
596 4995 13 16 »
637 4990 27 19 et

128 5013 165 33 d'organiser
321 5015 36 27 de
384 5015 101 28 solides
512 5017 88 26 unités
629 5015 35 27 de

127 5057 103 22 guerre,
251 5059 62 16 sans
334 5048 126 33 gaspiller
480 5048 114 33 l'argent
615 5048 49 28 des

128 5080 208 28 contribuables.

168 5119 19 27 Il
203 5127 41 20 est
258 5122 102 25 certain
375 5131 53 22 que
443 5121 27 27 la
486 5121 128 32 Belgique
629 5132 35 17 ne

128 5160 66 24 peut
223 5164 50 21 pas
303 5155 140 26 continuer
473 5157 17 25 à
519 5156 145 26 entretenir

127 5195 55 17 une
208 5187 128 26 coûteuse
363 5188 92 26 armée
482 5187 36 27 de
544 5198 111 17 caserne

129 5217 84 28 Notre
235 5220 127 26 situation
384 5220 209 32 géographique,
617 5232 36 16 no-

129 5256 41 21 tre
200 5254 197 30 tempérament
427 5253 131 30 national,
590 5253 76 28 l'état

130 5284 120 31 précaire
264 5285 35 27 de
312 5296 51 16 nos
376 5286 122 27 finances
511 5297 68 16 nous
592 5297 63 17 com-

130 5315 131 28 mandent
285 5318 165 32 d'organiser
474 5320 193 27 sérieusement

130 5348 68 28 chez
212 5359 67 17 nous
294 5350 26 27 la
334 5351 99 27 Nation
448 5353 99 25 armée.
564 5351 102 33 Depuis

130 5382 124 26 soixante
275 5392 57 20 ans,
354 5383 39 27 les
414 5383 135 28 meilleurs
571 5385 96 31 esprits

131 5413 148 28 réclament
300 5422 70 20 cette
391 5416 118 27 réforme
530 5415 137 33 profonde

132 5447 36 27 de
185 5453 78 20 notre
281 5446 112 29 défense
410 5448 146 28 nationale.
575 5449 92 27 Conti-

132 5485 154 22 nuera-t-on
301 5489 97 18 encore
413 5480 153 33 longtemps
581 5485 17 25 à
612 5483 44 26 mé-

133 5514 84 30 priser
232 5511 71 28 leurs
317 5512 76 28 avis?

474 5572 155 32 Rouveroy,

672 768 135 77 LES
870 762 375 81 JOURNEES
1310 762 453 79 COLONIALES

982 867 63 13 M««<0*'
1044 867 4 9 l
1047 862 167 17 WWlâ'WNM0
1213 869 2 6 l
1214 866 64 13 *>^Mli^
1277 866 3 9 l
1279 866 41 13 «tM0
1319 869 3 6 l
1320 864 84 14 *MNA*
1403 868 2 6 l
1404 865 42 13 **rt'M
1445 865 3 9 l
1447 865 4 10 '

740 910 76 39 UNE
840 902 224 47 CÉRÉMONIE
1086 901 247 47 ÉMOUVANTE
1356 907 106 40 DANS
1488 907 47 39 LE
1563 907 133 40 CADRE

848 965 52 39 DE
921 965 53 39 LA
997 965 274 39 GRAND'PLACE
1294 966 29 37 A
1346 963 223 40 BRUXELLES

1078 1025 275 13 M#>M««k*i««**i**i«***i«««i«*««*«*«*

692 1063 40 40 A
755 1063 68 40 LA
852 1063 194 40 GLOIRE
1074 1063 96 39 DES
1197 1062 233 41 SOLDATS
1458 1062 282 47 D'AFRIQUE

1115 1125 183 13 WWW*0*0*#N^

720 2273 32 21 Le
766 2272 94 25 général
873 2272 122 25 Moulaert,
1009 2272 23 21 le
1047 2271 95 26 général
1155 2272 74 21 baron
1244 2273 113 19 Tombeur
1370 2272 30 21 de
1413 2273 91 20 Tabora
1517 2272 25 22 et
1553 2273 33 21 M.
1598 2273 58 20 Max
1668 2273 59 21 assis-

928 2297 53 21 tent
996 2302 32 16 au
1044 2296 71 22 défilé
1131 2297 41 21 des
1188 2298 96 20 enfants
1302 2298 41 20 des
1360 2297 81 21 écoles.
1458 2308 29 6 —
1503 2298 27 21 V.

699 2342 130 21 Dimanche
846 2341 56 22 s'est
920 2341 112 25 déroulée,
1050 2341 60 22 dans
1127 2341 23 21 le
1167 2346 28 17 ca-

674 2367 40 21 dre
738 2367 139 25 prestigieux
900 2367 29 21 de
952 2367 23 21 la
999 2366 157 22 Grand'Place
1180 2367 28 21 de

675 2392 123 24 Bruxelles,
815 2393 24 20 la
857 2392 127 21 cérémonie
1002 2392 173 21 traditionnelle
1194 2391 15 21 à

675 2417 22 21 la
711 2417 70 24 gloire
796 2417 41 22 des
850 2417 88 21 soldats
951 2417 23 26 <ï
974 2417 102 25 Afrique.

700 2442 147 25 L'hommage
866 2447 31 16 au
914 2442 104 25 drapeau
1037 2442 28 21 de
1083 2442 93 21 Tabora
1194 2446 13 19 a

675 2467 37 21 été
741 2467 71 25 élargi
823 2472 5 16 :
860 2467 23 21 le
913 2471 67 21 corps
1011 2467 197 25 expéditionnaire

675 2492 63 24 belge
753 2497 30 16 en
796 2493 80 20 centre
890 2492 95 25 Afrique
1000 2492 113 25 comptait
1127 2492 81 25 quatre

676 2517 130 24 régiments.
833 2518 59 20 L'un
919 2517 89 22 d'entre
1035 2522 45 17 eux
1107 2517 58 21 était
1194 2517 13 21 à

675 2542 127 24 l'honneur,
826 2542 131 25 dimanche,
982 2547 55 16 avec
1061 2542 22 21 le
1105 2542 103 25 drapeau

676 2567 52 21 bleu
747 2567 68 21 étoile
834 2567 48 22 d'or
900 2567 40 21 des
959 2567 108 21 vétérans
1085 2567 40 21 des
1144 2572 52 16 cam-

674 2597 88 20 pagnes
779 2592 76 24 arabe,
873 2592 116 21 madhiste
1006 2592 24 21 et
1046 2592 107 21 batetele.

701 2618 71 23 Ainsi,
789 2618 53 20 tous
858 2617 34 21 les
908 2617 118 25 pionniers
1043 2617 42 21 ont
1101 2617 37 21 été
1154 2617 42 21 réu-

676 2642 37 23 nis
727 2643 60 20 dans
800 2647 47 16 une
861 2642 63 21 seule
939 2642 24 21 et
976 2642 75 21 même
1065 2642 91 25 pensée.

700 2668 44 22 Les
768 2667 125 25 régiments
919 2667 29 21 de
972 2667 118 21 Bruxelles
1116 2667 93 21 avaient

677 2692 51 21 tous
759 2692 87 24 envoyé
875 2693 42 21 des
948 2692 175 21 détachements
1154 2697 55 16 avec

675 2717 124 25 drapeaux.
814 2717 33 21 Ils
861 2722 26 16 se
902 2717 54 21 sont
971 2717 87 21 formés
1073 2722 30 16 en
1118 2717 90 25 cortège

676 2743 64 24 place
755 2743 28 20 de
798 2743 24 20 la
835 2742 118 24 Monnaie,
966 2747 56 16 sous
1035 2743 34 20 les
1083 2742 79 21 ordres
1177 2743 31 20 du

676 2768 88 20 colonel
778 2767 85 21 Glorie.

700 2792 163 24 Grand'Place,
879 2792 34 21 les
929 2792 176 21 détachements
1121 2791 75 22 s'éche-

673 2817 129 24 lonnèrent,
825 2817 79 21 tandis
927 2821 44 20 que
993 2817 35 21 les
1049 2817 96 23 enfants
1167 2817 41 21 des

674 2842 73 20 écoles
761 2842 88 21 étaient
860 2842 88 21 massés
961 2846 31 17 au
1006 2842 85 21 centre.

699 2867 37 20 Au
749 2867 53 25 pied
815 2867 34 21 du
862 2867 57 24 mât,
934 2871 37 17 au-
979 2867 59 21 haut
1052 2867 85 25 duquel
1150 2867 46 22 flot-

674 2891 44 22 tait
732 2892 22 21 le
768 2892 103 25 drapeau
885 2892 65 25 belge
964 2892 94 22 cravaté
1073 2892 28 21 de
1115 2892 59 21 bleu-
1184 2893 25 21 et

673 2917 54 23 d'or,
742 2917 33 20 les
790 2917 107 21 vétérans
911 2917 43 21 des
967 2920 141 21 campagnes
1122 2917 74 20 d'Afri-

673 2945 43 21 que
728 2940 89 22 étaient
829 2941 104 25 groupés,
945 2945 54 18 sous
1009 2942 26 20 la
1047 2942 108 21 conduite
1168 2942 40 21 des

673 2966 116 25 généraux
802 2967 116 20 Tombeur
932 2966 29 22 de
974 2967 98 24 Tabora,
1085 2967 124 25 Moulaert,

673 2992 84 24 Hughe
774 2992 28 20 de
818 2991 125 24 Mahenge.

699 3017 31 20 Le
757 3017 157 24 bourgmestre
940 3017 57 21 Max
1022 3016 59 22 était
1106 3016 16 22 à
1147 3017 62 21 leurs

674 3042 68 20 côtés.

698 3067 36 20 De
753 3067 149 21 nombreuses
920 3066 169 25 personnalités
1109 3066 88 22 officiel-

673 3092 34 21 les
722 3096 26 17 se
764 3092 132 21 trouvaient
912 3096 47 17 aux
974 3092 97 22 balcons
1086 3092 29 21 de
1131 3091 79 22 l'hôtel

673 3117 29 21 de
719 3117 60 24 ville,
796 3117 148 24 notamment
961 3117 22 21 le
1001 3116 94 26 général
1112 3117 42 21 Six
1170 3122 39 16 re¬

1230 2341 136 25 présentant
1380 2342 22 20 le
1416 2342 35 20 roi
1466 2341 24 22 et
1504 2342 33 21 M.
1551 2341 116 25 Bubbens,
1682 2342 72 22 minis-

1230 2367 35 20 tre
1278 2366 40 21 des
1330 2367 113 21 Colonies.

1256 2392 20 20 A
1291 2392 25 20 10
1331 2392 23 20 h.
1369 2392 33 24 30,
1417 2392 21 20 le
1452 2392 105 24 drapeau
1570 2397 16 16 a
1599 2391 39 22 été
1651 2391 70 26 hissé,
1736 2397 30 16 en

1230 2417 58 20 haut
1303 2417 32 20 du
1348 2417 75 24 grand
1437 2417 57 24 mât,
1509 2417 86 22 tandis,
1602 2421 44 21 que
1661 2417 34 22 les
1709 2417 45 21 clai-

1229 2446 55 16 rons
1295 2442 127 20 sonnaient
1434 2446 46 16 aux
1494 2442 104 25 champs.

1255 2467 61 24 Puis,
1337 2467 34 20 les
1391 2467 97 21 enfants
1506 2467 42 21 des
1568 2467 80 24 écoles,
1667 2472 56 18 sous
1742 2467 25 21 la

1230 2492 108 20 conduite
1361 2492 29 20 de
1412 2493 33 20 M.
1466 2493 35 20 La
1523 2493 51 23 Gye
1597 2492 42 21 ont
1661 2492 87 21 chanté
1758 2497 6 16 :

1231 2525 9 10 »
1258 2518 64 20 Ceux
1336 2518 39 24 qui
1391 2517 144 25 pieusement
1549 2517 55 21 sont
1620 2518 74 22 morts
1709 2522 58 20 pour

1231 2542 24 20 la
1269 2542 79 21 Patrie
1366 2550 18 16 »,
1401 2551 10 10 «
1428 2543 51 20 Ons
1494 2542 134 21 Vaderland
1645 2551 18 16 ,,,
1682 2551 9 10 «
1709 2543 58 21 Vers

1231 2566 99 22 l'Avenir
1346 2576 9 10 »
1374 2568 24 21 et
1412 2567 25 21 la
1454 2576 10 10 „
1481 2568 169 24 Brabançonne
1668 2577 17 12 ».

1256 2592 95 21 Ensuite
1373 2592 40 21 eut
1435 2593 46 20 lieu
1502 2593 22 20 le
1545 2592 71 22 défilé
1637 2593 87 21 devant
1745 2593 22 21 le

1231 2617 102 24 drapeau
1349 2617 40 21 des
1404 2618 113 20 Vétérans
1533 2618 24 21 et
1571 2618 87 21 devant
1673 2618 22 21 le
1711 2618 44 21 dra-

1230 2646 61 20 peau
1303 2642 29 21 de
1344 2642 24 21 la
1379 2643 134 24 Campagne
1527 2643 27 20 de
1566 2643 57 20 l'Est
1635 2643 106 21 africain.

1256 2667 112 25 Cliquetis
1405 2668 106 24 d'armes,
1549 2668 149 21 mouvement
1738 2668 28 21 de

1231 2692 99 24 troupes,
1344 2693 87 24 parade
1445 2697 54 17 sous
1513 2697 33 16 un
1559 2693 66 21 soleil
1639 2693 29 21 de
1682 2693 85 25 plomb,

1231 2717 121 21 évocateur
1366 2718 32 20 du
1413 2717 42 21 ciel
1469 2718 125 24 d'Afrique.

1255 2742 81 25 Clique
1356 2742 32 21 du
1408 2743 23 20 9"
1451 2742 29 22 de
1501 2743 69 24 ligne,
1591 2742 175 22 détachements

1230 2767 40 21 des
1291 2767 132 24 régiments,
1447 2768 119 24 drapeaux
1589 2769 24 20 et
1636 2768 131 25 étendards,

1230 2792 95 21 enfants
1341 2792 41 23 des
1398 2792 80 25 écoles,
1495 2797 86 21 gro-upe
1597 2793 170 25 d'infirmières,

1229 2817 97 22 sociétés
1342 2818 126 20 wallonnes
1485 2823 55 16 avec
1557 2818 125 25 drapeaux.

1254 2842 93 21 Devant
1361 2843 21 20 le
1396 2842 54 21 bleu
1462 2843 70 21 étoile
1546 2844 49 20 d'or
1608 2843 29 21 de
1651 2843 70 22 l'Etat
1734 2844 33 20 du

1230 2867 85 24 Congo,
1330 2872 26 16 se
1370 2868 55 20 sont
1439 2868 99 21 inclinés
1553 2868 34 21 les
1602 2869 106 21 couleurs
1722 2873 32 16 na-

1231 2892 105 24 tionales,
1354 2893 68 20 celles
1441 2893 29 21 de
1488 2893 24 21 la
1529 2893 54 21 ville
1600 2893 30 20 de
1648 2894 120 20 Bruxelles

1231 2918 26 20 et
1270 2917 86 25 ter-Coq
1373 2917 96 21 Gaulois
1485 2922 70 19 rouge
1572 2918 25 20 et
1609 2922 43 16 sur
1667 2917 59 24 fond
1742 2922 27 16 or

1229 2942 42 21 des
1286 2942 164 25 groupements
1466 2942 103 21 wallons.

1256 2967 29 20 Et
1298 2967 68 24 aussi,
1379 2968 21 20 le
1413 2967 103 25 drapeau
1527 2967 69 22 étoile
1608 2967 29 21 de
1650 2967 24 20 la
1680 2967 88 24 grande

1231 2992 132 25 république
1386 2992 220 24 nord-américaine,
1630 2992 58 21 dont
1713 2992 55 21 c'est

1232 3017 23 20 la
1269 3017 49 21 fête
1331 3017 127 21 nationale.

1257 3042 52 20 Une
1321 3042 107 21 vibrante
1443 3050 9 10 „
1467 3042 169 24 Brabançonne
1651 3050 10 11 »
1677 3045 15 18 a
1704 3047 53 16 mar-

1231 3066 43 25 qué
1285 3067 24 20 la
1320 3067 36 20 fin
1368 3067 29 20 de
1408 3067 24 20 la
1443 3067 129 21 cérémonie
1583 3067 40 24 qui
1634 3072 16 15 a
1660 3067 38 21 été
1709 3072 59 19 pour

1232 3092 123 24 beaucoup,
1371 3092 169 24 puissamment
1556 3092 127 21 évocatrice
1699 3092 29 21 de
1745 3092 24 21 la

1232 3116 82 21 double
1330 3116 85 25 épopée
1430 3117 119 21 africaine.
1564 3128 28 5 —
1605 3118 29 21 Y.

1785 765 256 51 L'APPEL
2080 766 91 51 DU
2206 765 112 50 ROI

1862 837 120 49 SERA
2010 836 230 50 ENTENDU

1821 938 31 32 IL
1870 934 99 36 RESTE
1986 936 87 34 DANS
2091 938 55 32 .LES
2158 936 123 34 NOBLES

1834 982 195 34 TRADITIONS
2051 983 220 33 PATERNELLES

1821 1056 92 32 POUR
1928 1054 43 33 LA
1990 1054 78 34 PAIX
2089 1050 192 38 INTÉRIEURE

1873 1101 41 33 ET
1932 1101 42 32 LA
1993 1100 237 34 CONSTITUTION

1782 1160 117 117 d|h

672 3209 81 32 CHEZ
765 3209 55 32 LES
833 3209 168 31 INVALIDES
1020 3209 43 32 DE
1075 3209 42 31 LA
1133 3208 78 32 PAIX
1262 3208 65 32 UNE
1340 3208 169 32 PRINCESSE
1520 3209 42 31 DE
1574 3209 157 32 BOURBON

700 3273 130 21 Dimanche
844 3272 84 25 matin,
942 3272 22 22 le
978 3271 140 22 Fédération
1131 3271 68 22 natio-

676 3298 53 21 nale
746 3298 41 21 des
804 3298 118 21 Invalides
938 3297 33 21 du
988 3297 85 21 travail
1097 3297 25 21 et
1140 3297 29 21 de
1187 3297 24 21 la

677 3323 54 24 paix
747 3328 16 15 a
779 3323 58 21 tenu
853 3327 44 17 son
913 3322 128 22 assemblée
1056 3322 155 22 trimestrielle

677 3347 15 21 à
706 3348 124 21 Bruxelles.

703 3373 35 20 De
759 3373 127 21 nombreux
905 3373 116 21 membres
1042 3371 134 22 assistaient
1197 3372 15 21 â

678 3398 22 21 la
716 3396 105 23 réunion.

986 3423 37 21 Au
1037 3422 90 21 bureau
1141 3426 59 21 pren-

951 3448 59 21 nent
1023 3447 67 25 place
1103 3448 22 20 le
1138 3446 61 26 prési-

950 3472 64 25 dent,
1035 3473 33 20 M.
1095 3472 118 21 Festraets

950 3498 24 20 et
987 3502 39 17 ses
1038 3497 60 21 bons
1111 3497 90 21 collabo-

949 3522 99 24 rateurs,
1071 3522 58 21 MM.
1135 3522 78 24 Wyns,

956 3548 157 23 Boshouwers,
1133 3547 79 24 Lejon,

917 3570 9 33 |
951 3572 118 25 Mangeot,
1112 3572 102 25 Wylock,

921 3616 4 3 .
951 3597 157 25 Lambrechts,
1131 3597 43 21 etc.

920 3636 6 9 >
971 3622 59 21 MM.
1057 3622 23 21 le
1107 3622 107 21 ministre

951 3647 106 21 Delattre
1075 3647 25 21 et
1117 3647 22 21 le
1158 3647 43 21 doc-

950 3672 54 21 teur
1021 3672 133 21 Imianltoff
1172 3671 42 21 ont

952 3697 94 25 accepté
1067 3698 29 20 de
1117 3696 97 26 partici-

951 3722 17 22 à
987 3722 24 21 la
1030 3721 184 22 manifestation.

980 3747 35 22 Ils
1034 3747 54 21 sont
1102 3747 49 21 très
1166 3752 30 19 ap-

952 3772 92 25 plaudis
1059 3772 15 21 à
1089 3773 50 20 leur
1154 3772 48 21 arri-

952 3798 48 21 vée.

988 3822 118 22 Plusieurs
1126 3822 77 25 Impor-

953 3847 66 22 tants
1039 3848 103 20 discours
1161 3847 54 21 sont

956 3872 62 21 alors
1041 3871 135 25 prononcés.

971 3897 33 20 Le
1009 3897 119 25 président
1142 3901 16 16 a
1171 3901 33 16 no-

953 3921 117 21 tamment
1105 3921 111 21 remercié

952 3946 23 21 le
987 3946 107 21 ministre
1099 3950 59 20 pour
1164 3946 53 21 tout

963 3976 27 16 ce
1005 3970 55 26 qu'il
1081 3975 16 16 a
1118 3970 46 21 fait
1186 3975 31 16 en

679 3997 84 22 faveur
778 3998 42 21 des
835 3996 112 26 estropiés
960 3996 27 22 et
1001 3996 76 21 rendu
1093 3996 123 24 hommage

679 4022 16 22 à
711 4022 117 22 l'extrême
845 4022 166 22 bienveillance
1027 4021 29 21 de
1072 4021 33 21 M.
1121 4021 23 21 le
1160 4021 44 20 doc

679 4048 53 21 teur
744 4048 141 21 Imianltoff.

705 4073 22 21 Il
742 4078 16 16 a
771 4073 72 21 remis
871 4072 91 22 ensuite
991 4076 32 17 au
1038 4071 107 21 ministre
1160 4070 25 22 et
1201 4070 16 21 à

680 4103 44 17 son
743 4097 168 22 collaborateur
930 4102 35 17 un
991 4097 144 24 magnifique
1161 4100 56 17 vase

679 4128 31 16 en
724 4123 80 21 cristal
819 4127 31 17 en
863 4122 147 25 témoignage
1024 4122 29 21 de
1068 4121 134 24 respectueu-

679 4154 25 14 se
722 4148 121 21 affection.
860 4148 58 21 Très
935 4147 72 25 émus,
1024 4147 49 21 l'un
1090 4147 25 21 et
1133 4146 83 21 l'autre

681 4173 42 21 ont
740 4172 117 22 remercié.
880 4182 21 7 —
916 4173 26 23 JU

723 3932 27 16 M.
761 3931 135 17 FESTKAETS

727 3957 107 17 Président.
845 3965 23 5 —
878 3958 21 16 A.

1259 3273 35 21 La
1307 3273 104 24 Havane,
1425 3273 15 20 4
1453 3272 83 25 juillet.
1549 3284 28 4 —
1590 3273 31 21 Le
1635 3273 81 24 prince
1730 3273 29 21 Al-

1233 3301 88 25 phonse
1345 3301 30 21 de
1398 3301 116 25 Bourbon,
1544 3301 46 25 qui,
1614 3301 156 25 apprend-on,

1234 3329 39 21 n'a
1291 3334 43 20 pas
1353 3329 100 22 renoncé
1472 3329 16 21 à
1506 3333 38 18 ses
1561 3330 74 21 droits
1653 3334 32 17 au
1703 3329 68 21 trône

1233 3358 135 24 d'Espagne,
1380 3362 17 16 a
1408 3357 47 22 fait
1467 3358 29 21 de
1508 3358 25 21 la
1544 3358 57 25 jolie
1612 3357 97 22 Martha
1722 3359 48 19 Ro-

1233 3385 83 25 cafort,
1334 3385 57 26 âgée
1409 3386 29 21 de
1456 3386 26 21 23
1502 3391 50 19 ans,
1569 3391 47 16 une
1637 3394 9 10 «
1654 3386 116 24 princesse

1233 3414 29 21 de
1275 3414 110 22 Bourbon
1400 3422 19 13 ».

1260 3446 32 20 Le
1309 3446 104 24 mariage
1431 3450 16 16 a
1464 3445 37 22 été
1519 3445 95 25 célébré,
1633 3445 61 22 cette
1712 3445 59 24 nuit,

1235 3478 30 18 en
1278 3473 65 22 toute
1357 3473 130 26 simplicité,
1500 3474 61 22 dans
1574 3474 24 21 la
1611 3474 91 21 maison
1716 3473 56 22 d'un

1233 3502 156 21 millionnaire
1405 3502 118 25 espagnol,
1546 3502 103 21 Antonio
1665 3502 106 24 Zamora,

1235 3534 44 21 par
1291 3530 34 21 les
1341 3530 64 21 soins
1420 3530 32 22 du
1467 3530 92 21 notaire
1575 3530 55 21 José
1645 3530 56 21 Luis
1715 3530 57 20 Pes-

1235 3559 57 20 sino.

1260 3590 33 20 Le
1311 3589 82 26 prince
1411 3589 40 26 qui
1483 3589 65 22 avait
1580 3589 101 22 renoncé
1700 3589 16 21 à
1735 3593 37 17 ses

1235 3618 74 21 droits
1325 3623 31 16 au
1371 3618 68 22 trône
1455 3623 60 20 pour
1530 3618 97 25 épouser
1643 3622 47 17 une
1705 3617 55 21 rotu-

1235 3645 64 25 rière,
1312 3646 117 21 Edelmira
1442 3647 50 20 San
1504 3646 82 24 Pedro,
1598 3646 55 21 s'est
1665 3645 78 22 refusé
1756 3645 15 21 à

1236 3675 65 21 toute
1316 3674 144 22 déclaration
1475 3679 31 17 au
1522 3675 62 25 sujet
1599 3674 42 21 des
1655 3674 74 21 droits
1743 3674 29 21 de

1236 3708 27 16 sa
1279 3703 106 21 nouvelle
1401 3703 94 22 femme.

1262 3735 22 20 Il
1301 3739 16 16 a
1333 3735 132 24 cependant
1483 3734 91 22 déclaré
1592 3733 55 26 qu'il
1663 3733 110 26 partirait

1236 3767 55 17 avec
1306 3768 28 16 sa
1348 3763 87 21 femme
1450 3768 59 20 pour
1525 3762 84 22 Sévllle
1624 3761 69 26 après
1708 3762 64 21 avoir

1235 3787 67 26 passé
1318 3792 33 17 un
1367 3788 60 21 mois
1443 3789 59 19 dans
1518 3793 46 16 une
1580 3788 75 20 ferme
1671 3787 42 21 des
1729 3791 30 17 en-

1236 3813 79 21 virons
1332 3813 29 21 de
1378 3813 34 21 La
1429 3813 104 21 Havane.

1262 3844 61 22 Cent
1337 3844 78 22 trente
1429 3849 126 20 personnes
1570 3843 134 22 assistaient
1718 3843 16 21 à
1749 3843 23 21 la

1237 3869 135 25 cérémonie,
1387 3870 59 21 dont
1461 3869 71 22 l'élite
1547 3869 29 22 de
1591 3869 24 21 la
1631 3867 84 22 société
1731 3873 29 16 cu-

1236 3894 69 21 baine
1323 3895 26 20 et
1374 3895 30 21 de
1436 3895 149 21 nombreuses
1604 3893 168 26 personnalités

1237 3919 127 21 officielles.
1381 3930 29 5 —
1426 3920 86 21 Havas.

1927 1179 35 20 La
1976 1177 119 25 réception
2110 1179 41 21 des
2167 1178 107 26 délégués
2280 1178 41 22 des

1953 1202 100 25 grandes
2080 1204 152 21 associations
2253 1205 54 19 d'an-

1954 1228 63 20 ciens
2038 1229 157 20 combattants
2221 1234 33 16 au
2273 1229 34 20 Pa-

1953 1252 51 26 lais,
2022 1253 26 21 et
2067 1254 25 20 la
2112 1254 144 21 déclaration
2275 1258 45 20 que

1785 1278 22 21 le
1825 1279 36 21 roi
1880 1279 51 21 leur
1949 1283 15 16 a
1984 1278 111 25 adressée,
2115 1284 30 16 ne
2165 1279 156 25 manqueront

1784 1307 44 21 pas
1860 1302 127 23 d'éclaircir
2019 1302 163 26 l'atmosphère
2216 1303 104 23 troublée

1784 1328 60 22 dans
1858 1328 99 26 laquelle
1969 1327 35 23 vit
2017 1327 23 23 le
2054 1333 63 20 pays,
2132 1329 83 25 depuis
2228 1330 22 20 le
2264 1330 54 20 vote

1785 1353 30 21 de
1831 1353 24 21 la
1871 1352 105 23 dernière
1992 1352 32 21 loi
2040 1353 137 22 d'amnistie.

1811 1378 61 21 C'est
1903 1384 31 16 en
1964 1378 122 21 souverain
2122 1378 197 24 constitutionnel,

1785 1404 151 24 respectueux
1952 1403 31 21 de
1998 1405 38 19 Ses
2052 1403 91 21 devoirs
2160 1404 24 21 et
2201 1403 119 21 conscient

1784 1428 30 21 de
1825 1433 45 16 son
1881 1428 55 24 rôle,
1948 1431 45 21 que
2004 1427 101 25 Léopold
2117 1429 37 20 ni
2167 1434 15 15 a
2194 1429 66 24 parlé
2273 1433 46 16 aux

1786 1453 95 24 anciens
1902 1452 163 26 combattants,
2078 1454 25 20 et
2124 1458 37 19 au.
2183 1458 58 21 pays
2268 1453 53 22 tout

1786 1478 81 21 entier.

1888 1508 154 26 Attention
2070 1509 159 26 soucieuse

1812 1543 21 19 Il
1851 1547 16 16 a
1884 1542 58 21 tenu
1960 1540 15 22 &
1987 1541 117 25 souligner
2127 1542 26 21 la
2170 1542 93 25 légalité
2289 1542 32 21 du

1785 1566 62 22 droit
1868 1567 29 21 de
1919 1565 106 27 pétition,
2046 1567 62 21 droit
2129 1567 192 21 constitutionnel

1785 1591 40 21 des
1842 1591 109 26 citoyens,
1966 1590 26 23 et
2007 1591 134 22 l'attention
2155 1593 119 21 .soucieuse
2290 1593 30 21 de

1783 1615 115 23 s'éclairer
1918 1617 55 20 avec
1992 1615 99 26 laquelle
2110 1617 24 21 le
2153 1618 35 19 roi
2209 1617 110 21 accueille

1785 1640 147 26 l'expression
1951 1640 40 22 des
2010 1640 130 23 desiderata
2158 1642 30 21 de
2203 1646 60 17 ceux
2280 1642 41 24 qui

1786 1665 139 22 s'adressent
1937 1664 16 23 à
1965 1665 40 21 lui.

1812 1690 62 22 Mais
1890 1691 64 20 force
1971 1690 34 20 lui
2023 1690 37 21 est
2076 1690 56 24 bien
2148 1691 30 21 de
2195 1690 125 24 constater,

1785 1719 27 17 ce
1826 1720 46 20 que
1886 1716 92 20 chacun
1993 1715 91 22 devrait
2099 1715 83 25 savoir,
2198 1715 123 24 d'ailleurs,

1786 1740 55 25 qu'il
1852 1739 158 26 n'appartient
2023 1744 44 21 pas
2078 1744 32 17 au
2121 1741 36 20 roi
2169 1741 31 21 de
2211 1740 110 25 procéder

1786 1770 16 16 a
1816 1770 34 17 un
1863 1765 155 25 référendum,
2032 1769 35 19 ce,
2073 1770 70 20 genre
2158 1765 30 22 de
2202 1765 107 21 consulta-

1785 1790 52 22 tion
1850 1790 91 22 n'étant
1955 1794 44 20 pas
2013 1790 76 22 admis
2103 1795 43 20 par
2160 1791 24 20 la
2200 1790 109 22 Constitu-

1787 1815 57 25 tion,
1857 1815 15 22 &
1887 1815 96 24 laquelle
1999 1815 17 19 il
2032 1820 14 15 a
2062 1816 50 23 juré
2128 1815 97 22 fidélité.

1812 1841 62 21 C'est
1888 1844 83 18 encore
1985 1844 31 17 en
2018 1858 4 4 .
2030 1839 135 26 s'inspirant
2179 1841 42 20 des
2234 1840 76 25 princi-

1786 1870 42 20 pes
1842 1866 31 21 de
1887 1865 68 22 notre
1983 1863 88 23 Charte
2099 1865 121 22 nationale
2249 1865 25 22 et
2306 1865 16 21 &

1786 1890 119 26 l'exemple
1917 1891 29 20 de
1959 1894 38 17 sas
2007 1889 174 26 prédécesseurs
2194 1895 44 20 que
2251 1891 23 20 le
2286 1890 35 21 roi

1787 1920 15 17 a
1819 1915 106 22 examiné
1940 1915 36 21 les
1993 1914 78 23 autres
2088 1915 127 22 demandes
2232 1915 40 26 qui
2288 1915 34 21 lui

1787 1940 43 22 ont
1847 1940 37 22 été
1902 1939 123 23 adressées.

1813 1966 32 21 Le
1861 1965 49 22 rôle
1926 1965 33 21 du
1974 1965 42 24 roi,
2032 1965 61 21 dans
2109 1965 22 21 le
2147 1965 68 25 passé
2233 1968 89 18 comme

1787 1991 154 24 aujourd'hui,
1956 1990 35 21 est
2006 1990 29 21 de
2052 1998 9 10 «
2070 1995 24 16 se
2109 1990 131 22 conformer
2262 1990 15 22 à
2298 1990 24 21 la

1786 2015 94 22 volonté
1891 2016 32 20 du
1936 2018 63 22 pays,
2012 2014 54 22 telle
2079 2020 44 20 que
2136 2015 58 21 l'ont
2207 2015 115 24 exprimée

1787 2040 34 22 les
1835 2039 122 26 majorités
1971 2038 42 23 des
2025 2040 63 21 deux
2103 2040 135 21 Chambres.
2255 2048 10 11 »

1813 2066 37 20 En
1861 2066 85 21 dehors
1957 2065 29 21 de
1998 2069 30 17 ce
2036 2065 112 25 principe,
2160 2066 18 20 il
2190 2065 40 24 n'y
2242 2069 17 17 a
2270 2065 52 25 plus

1786 2090 166 25 qu'arbitraire,
1970 2088 116 26 illégalité,
2105 2090 25 22 et
2149 2090 173 21 effondrement

1787 2116 41 21 des
1843 2116 67 21 bases
1925 2114 88 23 mêmes
2027 2115 30 21 de
2072 2115 25 21 la
2111 2115 116 21 structure
2242 2114 68 26 politi-

1787 2145 45 20 que
1847 2141 29 21 de
1891 2141 25 20 la
1931 2139 115 26 Belgique.

1814 2166 32 20 Ce
1861 2166 60 20 n'est
1935 2170 44 19 psts
1993 2164 16 22 à
2024 2165 49 21 dire
2089 2169 44 21 que
2149 2169 38 17 ces
2201 2164 121 26 majorités

1788 2190 65 21 aient
1871 2190 106 25 toujours
1994 2189 85 25 raison,
2097 2190 94 25 qu'elles
2208 2195 31 16 ne
2257 2190 54 25 puis-

1787 2215 54 22 sent
1859 2220 25 17 se
1902 2216 109 24 tromper,
2041 2219 44 21 que
2117 2215 61 21 dans
2208 2215 114 21 certaines

1788 2240 117 25 questions
1925 2239 96 25 n'ayant
2039 2245 44 20 pas
2103 2239 37 22 été
2161 2240 111 21 soumises
2292 2244 31 17 au

1787 2270 68 20 corps
1871 2264 115 25 électoral,
2002 2264 63 23 leurs
2080 2264 114 22 décisions
2210 2269 31 17 ne
2257 2265 54 24 puis-

1787 2291 54 20 sent
1855 2290 89 25 parfois
1959 2289 108 22 s'écarter
2082 2290 42 21 des
2139 2289 139 22 sentiments
2293 2290 29 20 de

1788 2316 24 21 la
1824 2315 109 25 majorité
1946 2315 41 21 des
2000 2314 111 25 citoyens.

1813 2340 62 22 Mais
1889 2339 93 22 ceux-ci
1996 2339 126 26 disposent,
2138 2339 61 22 dans
2215 2344 34 17 un
2263 2344 58 21 pays

1788 2365 58 22 libre
1866 2365 24 21 et
1908 2364 171 25 démocratique
2098 2369 90 16 comme
2207 2364 22 21 le
2248 2364 75 24 nôtre,

1788 2390 29 21 de
1835 2394 95 20 moyens
1946 2389 97 24 légaux?-:
2047 2390 29 21 de
2093 2389 61 21 faire
2171 2389 73 21 valoir
2262 2389 61 22 leurs

1788 2415 144 24 sentiments,
1952 2419 31 17 en
2000 2412 129 24 Attendant
2148 2415 31 21 de
2198 2414 125 22 désavouer

1788 2444 16 17 a
1820 2440 121 21 l'occasion
1957 2439 41 21 des
2008 2438 121 25 -élections,
2145 2444 58 16 ceux
2225 2439 29 21 de
2286 2444 37 16 ses

1789 2465 50 21 élus
1850 2465 40 25 qui
1903 2464 41 21 ont
1955 2464 75 25 perdu
2039 2464 52 21 leur
2104 2464 129 21 confiance.

1808 2491 95 21 Comme
1918 2490 30 21 l'a
1963 2489 54 23 fort,
2022 2487 57 23 bien
2085 2489 36 21 dit
2135 2489 22 21 le
2171 2489 43 25 roi,
2231 2497 9 10 «
2248 2488 74 22 l'émoi

1789 2515 39 25 qui
1843 2515 71 24 règne
1929 2511 163 24 actuellement
2108 2514 60 21 dans
2183 2514 22 21 le
2220 2518 59 21 pays
2293 2519 30 16 ne

1790 2540 55 25 peut
1861 2540 49 21 être
1926 2539 120 21 méconnu.
2063 2547 10 10 »

1815 2565 63 21 Mais
1895 2564 37 21 cet
1950 2564 66 24 émoi,
2040 2564 21 21 si
2079 2563 102 25 légitime
2199 2563 55 26 qu'il
2271 2564 52 24 soit,

1789 2590 50 21 doit
1855 2595 25 16 se
1908 2590 136 20 manifester
2073 2589 60 21 dans
2160 2589 83 21 l'ordre
2258 2589 26 21 et
2300 2589 23 21 la

1790 2614 99 25 légalité.

1815 2640 43 21 Les
1879 2638 165 30 protestatiqns
2071 2638 115 25 justifiées
2207 2639 29 21 de
2257 2638 54 25 l'opi-

1790 2665 57 21 nion
1860 2664 107 26 publique
1987 2663 95 25 doivent
2102 2669 24 16 se
2140 2664 84 24 garder
2239 2664 28 21 de
2282 2664 29 21 dé-

1790 2690 72 21 truire
1879 2690 24 20 la
1919 2689 76 25 patrie
2003 2687 108 27 '^.qu'elles
2129 2689 93 21 veulent
2240 2688 71 22 défen-

1789 2715 47 24 dre,
1864 2714 26 22 et
1916 2714 30 21 de
1973 2709 61 27 fafe
2044 2717 4 4 '
2061 2714 21 21 le
2104 2714 41 24 jeu
2165 2714 30 21 de
2216 2714 107 21 mauvais

1789 2739 109 25 citoyens,
1908 2743 59 21 pour
1977 2739 38 24 qui
2027 2739 20 20 le
2058 2739 90 24 respect
2159 2739 29 21 de
2199 2743 43 17 nos
2253 2738 70 22 liber-

1790 2764 35 21 tés
1844 2764 26 21 et
1889 2764 29 21 de
1938 2768 43 17 nos
2002 2764 144 20 institutions
2174 2767 31 17 ne
2231 2763 92 25 compte

1790 2794 58 19 pour
1860 2788 58 21 rien.
1987 2804 5 7 ,
2004 2794 23 17 -,-•'-

1815 2813 36 25 Et,
1864 2818 55 17 sans
1933 2813 58 21 aller
2001 2812 92 26 Jusqu'à
2105 2812 67 26 jeter,
2185 2812 42 22 dès
2240 2812 16 21 à
2268 2811 42 26 pré-

1789 2839 59 23 sent,
1863 2838 22 21 le
1899 2842 57 21 pays
1969 2838 61 22 dans
2043 2842 46 16 une
2103 2837 108 21 nouvelle
2223 2837 26 22 et
2262 2837 48 21 dan-

1789 2867 95 20 gereuse
1905 2863 113 23 agitation
2039 2860 129 26 électorale,
2191 2862 34 20 les
2245 2861 66 21 mani-

1790 2887 125 21 festations
1927 2888 28 20 de
1965 2885 114 23 rtoinlon
2090 2886 116 25 publique,
2219 2891 32 16 au
2263 2885 62 25 sujet

1790 2913 30 19 de
1835 2912 131 23 l'amnistie,
1976 2907 70 28 -^'ont
2052 2915 56 20 -pas
2119 2911 39 21 été
2172 2916 60 15 sans,
2240 2911 85 22 jurete.-

1791 2937 38 19 nir
1841 2936 25 20 la
1877 2935 52 25 plus
1942 2937 98 19 sérieuse
2053 2935 118 21 attention
2183 2936 33 20 du
2228 2934 56 21 chef
2297 2935 28 20 de

1791 2961 77 24 l'Etat,
1881 2961 24 21 et
1928 2960 29 22 de
1985 2961 25 20 la
2025 2960 199 25 A_eprésentation
2246 2959 68 22 natio-

1791 2986 60 21 nale.
1867 2994 10 10 »

1810 3018 63 20 Nous
1887 3021 106 20 pouvons
2003 3016 93 25 ajouter
2110 3016 94 25 qu'elles
2216 3017 110 20 n'auront

1791 3046 41 21 pas
1847 3041 100 25 manqué
1960 3042 30 21 de
2003 3042 60 22 faire
2077 3042 116 24 réfléchir,
2207 3041 70 26 aussi,
2291 3042 33 21 les

1790 3067 106 21 ennemis
1902 3067 29 21 de
1948 3067 80 21 l'unité
2035 3067 31 21 du
2079 3071 66 20 pays,
2149 3067 40 24 qui
2208 3066 118 25 croyaient

1791 3092 54 24 déjà
1860 3092 96 25 pouvoir
1984 3092 149 21 commander
2162 3096 89 16 comme
2267 3092 59 20 dans

1792 3121 31 17 un
1836 3121 57 21 pays
1905 3116 96 26 conquis
2012 3118 25 20 et
2048 3121 57 17 sans
2117 3116 102 23 défense.

1907 3154 122 25 Arbitre
2051 3154 157 29 impartial

1817 3195 33 20 Le
1867 3194 104 20 discours
1987 3194 69 24 royal
2069 3194 37 21 est
2123 3194 60 21 dans
2207 3193 65 21 toute
2303 3193 24 22 la

1791 3219 64 21 force
1868 3219 32 21 du
1912 3219 74 20 terme
1998 3224 35 16 un
2043 3219 104 21 discours
2159 3218 111 22 d'arbitre
2281 3219 34 20 im-

1792 3244 93 25 partial,
1904 3244 122 21 dominant
2051 3244 25 21 la
2099 3244 115 21 situation
2233 3244 24 21 et
2277 3248 37 16 em-

1792 3269 78 24 preint
1884 3269 42 20 des
1940 3269 61 20 deux
2028 3269 75 21 soucis
2131 3269 35 21 les
2180 3268 53 25 plus
2247 3269 80 20 nobles

1791 3294 57 21 d'un
1862 3294 123 21 souverain
1999 3294 191 21 constitutionnel
2200 3298 6 16 :
2224 3294 60 21 celui
2299 3294 28 20 de

1792 3319 128 20 maintenir
1932 3319 76 21 intact
2020 3319 22 21 le
2055 3319 91 24 respect
2159 3319 29 21 de
2202 3319 24 21 la
2240 3319 87 21 Charte

1792 3344 126 24 nationale,
1938 3344 140 24 sauvegarde
2098 3344 29 21 de
2146 3344 25 21 la
2190 3343 82 22 liberté
2298 3344 29 20 de

1792 3369 54 21 tous
1863 3369 34 21 les
1914 3368 109 25 citoyens,
2040 3369 24 21 et
2082 3369 59 21 celui
2159 3370 29 20 de
2205 3369 74 21 rester
2296 3368 31 21 eh

1791 3394 150 20 communion
1970 3394 85 21 d'idées
2084 3394 24 22 et
2137 3394 30 21 de
2189 3394 138 21 sentiments

1793 3423 56 17 avec
1863 3419 25 20 la
1902 3418 136 25 population
2052 3419 33 21 du
2099 3423 65 21 pays.

1818 3443 100 25 Léopold
1936 3444 38 20 IH
1990 3444 67 21 reste
2082 3444 61 21 dans
2172 3444 25 21 la
2214 3443 113 22 tradition

1792 3469 134 24 paternelle.

1819 3494 43 21 Les
1879 3493 93 21 libertés
1990 3494 57 21 dont
2064 3498 60 17 nous
2141 3494 116 25 jouissons
2275 3494 53 21 sont

1792 3518 214 22 Indissolublement
2038 3519 55 22 liées
2126 3524 32 16 au
2188 3519 92 25 respect
2299 3519 29 21 de

1792 3543 123 25 l'autorité,
1930 3544 41 20 des
1985 3543 43 22 lois
2041 3544 25 21 et
2080 3544 42 21 des
2134 3543 141 26 règlements
2289 3544 39 25 qui

1792 3568 35 21 les
1842 3568 129 25 protègent.

1818 3593 62 22 C'est
1898 3594 61 21 dans
1978 3593 87 26 l'ordre,
2091 3598 44 21 que
2162 3594 34 22 les
2215 3594 59 21 bons
2292 3594 22 21 ci-

1793 3618 82 24 toyens
1892 3619 42 20 ont
1947 3617 77 22 toutes
2046 3619 34 21 les
2104 3618 101 22 facultés
2222 3618 30 21 de
2269 3618 59 21 faire

1792 3643 74 21 valoir
1880 3644 62 20 leurs
1955 3643 190 25 revendications,
2161 3644 24 21 et
2199 3644 56 21 c'est
2270 3644 59 20 dans

1792 3668 83 21 l'ordre
1893 3672 83 17 encore
1993 3668 24 21 et
2034 3668 135 25 seulement,
2187 3669 67 24 qu'ils
2270 3673 47 20 peu-

1793 3693 56 21 vent
1867 3693 114 25 répondre
2005 3693 124 22 utilement
2154 3693 16 22 à
2188 3693 141 22 l'émouvant

1794 3718 68 25 appel
1876 3719 32 20 du
1921 3718 42 24 roi,
1977 3723 29 16 en
2020 3718 82 22 faveur
2116 3719 29 21 de
2159 3719 88 21 l'union
2262 3718 24 22 et
2300 3719 29 21 de

1794 3743 24 21 la
1834 3743 56 25 paix
1906 3742 130 26 intérieure,
2054 3744 59 21 dont
2128 3744 23 21 le
2167 3748 59 21 pays
2243 3748 16 17 a
2275 3744 54 21 tant

1793 3768 81 21 besoin
1887 3773 31 16 an
1930 3773 26 16 ce
1968 3769 111 21 moment.

1820 3793 43 21 Cet
1881 3793 75 25 appel,
1974 3798 60 17 nous
2051 3799 30 16 en
2099 3798 101 17 sommes
2217 3794 100 21 convain-

1793 3822 47 21 cus,
1856 3824 54 16 sera
1926 3818 109 22 entendu.
2186 3823 9 12 »
2208 3831 4 6 •

723 4239 48 32 AU
788 4239 66 32 CON
854 4233 80 37 GRÈS
952 4238 43 32 DE
1015 4238 29 32 M
1044 4233 134 37 ÉDECINE

709 4296 77 25 Gand,
801 4297 14 21 4
830 4296 82 25 juillet.
927 4306 29 6 —
970 4296 32 21 Le
1018 4297 35 20 19"
1070 4295 102 26 Congrès
1188 4296 29 21 de

684 4321 117 22 médecine
814 4321 190 25 professionnelle
1018 4326 16 17 a
1047 4321 64 24 tenu,
1125 4326 26 16 oe
1164 4325 40 17 ma-

684 4347 51 24 tin,,
744 4347 60 21 dans
821 4347 23 20 la
862 4347 98 20 rotonde
978 4346 36 22 de'
1024 4346 146 21 l'Université
1189 4346 29 22 de

684 4372 77 24 Oand,
776 4373 26 20 6â
817 4371 83 22 séance
914 4370 109 27 plénière,
1036 4375 56 17 sous
1105 4371 24 22 la
1144 4371 62 25 prési-

684 4397 71 21 dence
765 4397 30 21 de
805 4398 33 20 M.
849 4397 22 21 le
881 4397 96 22 docteur
986 4396 103 25 Mattlet,
1099 4396 120 26 président

682 4423 29 20 de
728 4422 24 21 la
768 4421 139 22 Fédération
923 4420 111 23 médicale
1051 4421 72 24 belge.

710 4446 72 26 Après
795 4451 45 17 une
851 4447 84 25 longue
948 4446 134 25 discussion,
1093 4446 16 21 à
1121 4446 97 25 laquelle

682 4472 90 25 prirent
792 4472 54 25 part
865 4472 30 21 de
915 4472 129 21 nombreux
1064 4471 111 25 orateurs,
1196 4472 22 21 le

684 4496 103 26 Congrès
798 4497 62 25 vota,
871 4497 16 22 à
900 4498 24 21 13
938 4498 89 22 heures,
1039 4496 16 22 à.
1067 4496 153 26 l'unanimité»

684 4523 34 21 les
732 4522 144 22 conclusions
889 4522 119 22 suivantes
1025 4526 6 17 :

705 4554 28 16 La
743 4553 116 17 Fédération
870 4553 92 18 médicale
972 4553 60 20 belge,
1044 4552 66 18 réunie
1122 4553 13 18 k
1145 4553 59 18 Oand
1213 4557 6 15 ;

706 4578 128 18 Considérant
851 4582 37 16 que
906 4578 28 17 les
959 4578 93 20 hôpitaux
1076 4578 74 20 publics
1175 4578 45 18 sont

684 4603 86 18 réservés
783 4607 38 13 aux
833 4603 104 20 Indigents;

706 4628 128 18 Considérant
853 4632 36 16 que
908 4628 28 17 les
954 4628 138 21 prescriptions
1110 4628 72 20 légales
1200 4629 20 17 et

684 4654 141 17 ministérielles
843 4654 46 17 sont
916 4653 141 21 fréquemment
1084 4653 71 18 violées
1183 4657 36 17 pat

685 4679 120 17 l'admission
819 4679 43 20 trop
875 4679 59 17 facile
947 4679 23 17 de
984 4679 86 17 malades
1083 4681 41 15 non
1136 4678 75 18 nécessi-

686 4704 52 19 teux;

707 4728 128 18 Considérant
851 4732 36 17 que
905 4732 32 14 ces
954 4729 48 17 abus
1019 4728 106 18 nombreux
1142 4729 20 17 et
1179 4728 31 18 fré-

686 4754 68 18 quents
767 4754 119 17 constituent
897 4758 38 14 une
948 4755 88 19 pratique
1049 4754 114 18 hautement
1175 4754 35 20 pré-

686 4778 103 19 judiciable
803 4779 13 17 à
830 4779 110 17 l'ensemble
955 4779 26 18 du
995 4782 56 17 corps
1066 4779 88 21 médical,
1169 4779 51 18 ainsi

687 4803 45 19 qu'à
745 4803 20 17 la
779 4804 121 20 collectivité;

709 4827 91 18 Souhaite
814 4829 41 17 voir
869 4830 98 16 Instaurer
981 4832 27 14 un
1022 4829 86 18 contrôle
1122 4829 65 18 sévère
1201 4830 20 17 et

688 4851 111 21 obligatoire
814 4854 96 19 préalable
925 4854 13 18 k
953 4855 119 17 l'admission
1087 4855 34 17 des
1135 4855 86 17 malades

686 4877 51 17 dans
755 4877 28 17 les
800 4878 94 20 hôpitaux
912 4879 80 20 publics,
1011 4880 45 17 tant
1074 4883 49 17 pour
1141 4880 20 17 la
1179 4880 31 17 fré-

688 4902 114 20 quentation
816 4903 33 17 des
862 4904 137 20 polycliniques
1012 4908 37 17 que
1062 4908 49 17 pour
1124 4905 19 17 le
1157 4905 65 20 séjour

688 4927 49 17 dans
753 4927 28 17 les
797 4928 97 20 cliniques,
911 4933 21 13 ce
949 4929 86 18 contrôle
1051 4929 72 18 devant
1139 4931 81 19 exclure,

688 4952 34 17 des
740 4952 93 19 largesses
852 4954 23 17 de
893 4954 20 17 la
930 4954 132 18 bienfaisance
1080 4955 95 21 publique,
1193 4956 29 17 les

687 4980 105 17 personnes
810 4976 61 18 aisées
886 4979 21 16 et
924 4979 28 17 les
969 4980 127 17 mutuellistes
1113 4984 40 13 non
1169 4981 42 17 indi-

686 5002 63 20 gents,
767 5002 48 17 dont
831 5002 29 17 les
876 5003 52 17 soins
945 5005 45 16 sont
1006 5005 94 20 garantis,
1118 5009 49 16 pour
1183 5009 38 13 une

686 5027 75 21 grande
775 5027 51 20 part,
841 5030 36 17 par
891 5028 27 17 les
932 5029 71 17 caisses
1017 5030 34 17 des
1064 5030 120 21 mutualités;

709 5052 93 18 Souhaite
822 5052 41 18 voir
883 5056 89 17 annexer,
992 5054 50 17 dans
1060 5055 22 17 la
1101 5059 75 14 mesure
1196 5056 25 18 du

687 5077 89 22 passible,
794 5077 12 17 à
824 5078 74 19 chaque
914 5078 75 20 hôpital
1006 5079 70 21 public,
1093 5084 38 14 une
1147 5082 75 16 section

687 5103 94 21 payante;

709 5128 94 18 Souhaite
817 5130 37 17 que
869 5127 44 21 toys
927 5128 53 17 soins
995 5129 20 17 et
1029 5129 53 18 toute
1097 5130 115 21 hospitalisa-

689 5154 40 18 tion
744 5153 49 17 dans
806 5152 28 17 les
847 5152 94 20 hôpitaux
953 5153 74 20 publics
1040 5154 23 18 de
1076 5156 146 20 non-indigents

688 5183 25 13 ne
731 5178 63 17 soient
812 5177 90 17 accordés
919 5181 36 16 que
974 5179 78 17 suivant
1068 5180 28 17 les
1114 5181 108 18 conditions

689 5203 133 19 mentionnées
834 5203 50 17 dans
896 5203 20 17 la
929 5203 27 17 loi
968 5204 25 17 du
1006 5205 21 16 25
1039 5208 54 14 mars
1107 5205 42 18 1935
1163 5207 19 16 et
1195 5207 28 17 les

688 5229 112 18 circulaires
817 5227 141 18 ministérielles
975 5228 158 21 Interprétatives
1148 5232 21 16 et
1187 5235 36 17 que

688 5255 21 17 la
719 5253 68 19 liberté
798 5254 26 16 du
835 5253 57 17 choix
902 5253 26 17 du
939 5253 87 19 médecin
1035 5255 21 17 et
1066 5255 34 17 des
1109 5255 114 19 honoraires

689 5280 38 17 soit
741 5278 107 21 appliquée.

1255 3991 67 32 MRS
1341 3992 26 32 J.
1377 3992 187 32 ROOSEVELT
1576 3992 41 32 EN
1627 3991 127 32 EUROPE

1518 4026 13 11 .

1263 4055 67 23 New-
1331 4055 70 25 York,
1412 4056 14 21 4
1437 4056 83 25 Juillet.
1530 4068 28 5 —
1563 4058 52 20 M"'
1622 4057 79 20 James
1707 4056 63 21 Roo-

1237 4080 79 25 sevelt,
1335 4080 64 22 mère
1419 4081 33 21 du
1471 4081 119 25 président
1610 4082 24 21 et
1654 4082 32 20 M.
1707 4081 63 21 John

1239 4105 127 25 Boosevelt,
1385 4110 43 17 son
1447 4106 53 25 plus
1518 4107 71 24 jeune
1607 4106 47 24 fils,
1672 4110 26 17 se
1716 4106 55 21 sont

1240 4130 136 26 embarqués
1389 4135 59 21 pour
1461 4131 112 25 l'Europe.

1263 4163 53 20 M""
1329 4163 122 21 Roosevelt
1463 4163 52 21 fera
1526 4167 34 17 un
1572 4162 66 21 court
1650 4161 78 25 séjour
1740 4167 30 16 en

1240 4187 78 25 Italie;
1331 4188 43 21 elle
1384 4193 25 16 se
1419 4188 86 21 rendra
1515 4187 90 22 ensuite
1615 4191 31 17 en
1654 4186 118 26 Autriche,

1239 4213 51 24 puis
1303 4212 15 22 à
1330 4212 74 22 Paris.

1265 4244 34 21 M.
1315 4243 64 21 John
1395 4243 123 22 Roosevelt
1533 4242 143 25 débarquera
1692 4242 15 22 â
1723 4243 50 21 Na-

1239 4268 49 46 Cles
1302 4268 25 21 et
1341 4268 120 25 rejoindra
1474 4273 29 16 sa
1516 4267 145 26 grand'mère
1675 4267 15 22 à
1706 4269 64 20 Salz-

1254 4297 63 21 ourg.
1328 4304 29 5 —
1368 4293 94 21 Reuter.

2342 768 135 65 LE
2498 768 303 65 TOUR
2832 768 139 65 DE
3000 766 435 65 FRANCE

2497 893 192 50 TROIS
2727 885 245 59 ÉTAPES
3016 892 84 50 EN
3142 892 135 50 UNE

2710 973 353 12 m^*a*mmmam**a0m*^*l*ll*l^^**mm*,**0m*,

2452 1009 52 40 DE
2526 1009 178 40 BELF0RT
2725 1011 30 38 A
2777 1002 153 48 GENÈVE
2953 1009 81 43 PAR
3057 1009 54 40 LÀ
3132 1008 191 41 FAUCILLE

2749 1070 8 7 *
2753 1065 236 22 ua1ui0mats0t0aasa3fSm9iais0aaa
2986 1077 11 8 m
2994 1068 32 17 alaM

2354 1109 109 40 UNE
2486 1109 161 39 BELLE
2669 1109 207 41 COURSE
2900 1110 76 40 DU
2998 1109 174 40 SUISSE
3197 1110 225 39 AMBERG

2793 1165 13 11 m
2803 1166 57 14 mmm
2858 1165 87 15 mmmm
2943 1165 43 14 mm
2984 1164 5 13 t

2414 2275 107 24 BAUTZ,
2537 2275 129 25 vainqueur
2683 2275 16 21 à
2716 2274 91 21 Belfort
2824 2274 25 21 et
2866 2274 126 22 détenteur
3005 2275 33 21 du
3051 2274 91 22 maillot
3156 2275 78 24 jaune,
3248 2274 79 26 reçoit,
3340 2274 16 22 à

2532 2299 111 25 l'arrivée,
2662 2300 23 21 le
2704 2300 76 20 baiser
2799 2299 157 22 traditionnel
2969 2300 70 21 d'une
3053 2299 56 25 jolie
3123 2299 57 22 fille.
3193 2310 29 6 —
3235 2300 27 22 C.

1860 3891 48 32 ILS
1927 3885 48 38 L'É
1974 3891 170 33 CHAPPENT
2162 3892 98 32 BELLE

1819 3956 109 24 Londres,
1940 3955 14 21 4
1967 3954 82 26 juillet.
2060 3966 29 5 —
2100 3956 39 21 Un
2152 3956 70 21 avion
2234 3955 53 22 civil
2300 3956 29 21 de

1795 3980 119 25 transport
1932 3980 55 22 s'est
2004 3979 85 26 écrasé,
2107 3981 52 20 hier
2177 3981 53 24 soir,
2249 3985 40 17 sur
2308 3981 21 20 le

1795 4005 41 25 sol,
1855 4010 46 20 peu
1920 4004 69 26 après
2008 4006 64 21 avoir
2091 4005 87 22 décollé
2198 4006 29 21 de
2247 4005 71 22 l'aéro-

1794 4031 80 21 drome
1892 4031 29 21 de
1940 4030 133 27 Clerendon.
2091 4030 208 23 (Casthnesshlre).

1821 4062 76 21 Grâce
1916 4061 16 22 à
1950 4062 61 20 deux
2041 4067 102 20 paysans
2174 4063 40 24 qui
2232 4062 86 22 travail-

1794 4087 74 21 laient
1881 4087 16 21 à
1910 4087 108 25 quelques
2030 4087 87 22 mètres
2129 4088 30 21 de
2172 4087 114 25 l'endroit,
2300 4087 30 21 où

1795 4113 84 20 l'avion
1895 4111 111 24 s'abattit,
2022 4112 35 21 les
2072 4113 52 24 sept
2140 4117 122 20 passagers
2278 4112 24 21 et
2308 4113 22 20 le

1794 4137 72 25 pilote
1882 4137 87 25 purent
1986 4136 49 22 être
2052 4137 99 25 dégagés
2167 4137 16 21 à
2200 4138 77 25 temps
2306 4138 24 20 et

1795 4162 116 25 échapper
1927 4162 16 21 à
1959 4159 121 25 l'incendie
2097 4163 46 25 qui,
2160 4163 109 25 quelques
2284 4162 34 21 mi-

1794 4187 70 21 nutes
1884 4187 54 25 plus
1958 4187 61 25 tard,
2054 4187 122 22 détruisait
2204 4187 114 25 complète-

1795 4212 66 22 ment
1882 4212 91 22 l'avion.

1821 4244 67 21 Trois
1904 4244 41 21 des
1960 4247 121 22 passagers
2097 4244 43 22 ont
2156 4244 37 22 été
2210 4243 76 22 admis
2315 4243 15 21 à

1794 4268 107 26 l'hôpital
1920 4268 76 22 voisin
2022 4269 30 22 de
2077 4269 104 25 Dunbar,
2194 4269 61 22 mais
2269 4269 62 21 leurs

1795 4294 114 22 blessures
1924 4293 54 22 sont
1994 4293 48 23 très
2058 4294 93 25 légères.
2166 4305 29 5 —
2210 4294 95 21 Reuter.

713 5339 48 32 M.
783 5337 81 34 LEB
865 5337 89 32 RUN
973 5338 33 32 A
1024 5338 32 33 A
1057 5339 140 33 NGERS

714 5405 96 23 Angers,
824 5402 14 21 4
853 5401 83 25 juillet.
950 5412 28 5 —
991 5403 33 20 M.
1038 5403 80 21 Albert
1132 5404 92 21 Lebrun

688 5429 36 21 est
736 5427 82 25 arrivé,
831 5432 27 16 ce
870 5426 83 24 matin,
965 5426 16 22 à
993 5428 95 24 Angers,
1101 5428 31 21 où
1144 5429 17 20 il
1174 5429 50 22 doit

688 5454 103 25 présider
804 5453 25 21 la
842 5453 22 20 5*
879 5451 49 21 fête
942 5452 41 21 des
996 5452 58 21 Vins
1067 5453 29 21 de
1109 5454 95 20 France.

714 5480 32 20 Le
760 5477 119 27 président
894 5477 29 20 de
938 5476 24 21 la
976 5476 143 26 République
1133 5478 36 21 est
1184 5483 28 17 ac-

687 5503 128 25 compagné
832 5503 29 21 de
878 5502 58 20 MM.
942 5501 81 21 Albert
1039 5502 104 24 Sarraut,
1149 5503 63 21 Geor-

688 5533 41 20 ges
741 5528 94 22 Bonnet
849 5527 25 22 et
887 5526 103 22 d'autres
1003 5527 174 24 personnalités.
1191 5529 34 21 La

689 5553 53 21 ville
759 5554 36 20 est
812 5551 107 27 pavoisée
934 5551 27 21 et
977 5551 96 22 connaît
1089 5556 47 17 une
1153 5557 64 20 gran<

690 5579 29 20 de
732 5578 125 21 affluence.
875 5587 29 6 —
923 5577 86 21 Havas.

1617 5529 100 26 LEÇON
1730 5528 217 23 DTEQU1TATION

1270 5553 37 21 LE
1323 5554 56 21 ROI
1395 5554 136 22 LEOPOLD
1549 5554 99 25 guidant
1665 5555 22 20 le
1704 5553 112 22 PRINCE
1834 5551 159 22 BAUDOUIN
2010 5557 32 16 au
2060 5557 66 17 cours
2144 5552 69 22 d'une
2230 5556 43 20 pro-

1348 5579 99 20 menade
1458 5579 15 21 à
1484 5579 82 21 cheval
1576 5579 59 21 dans
1646 5579 23 21 le
1679 5583 56 20 parc
1746 5578 31 20 du
1793 5578 100 21 château
1907 5577 29 21 de
1948 5577 99 21 Laeken.
2060 5589 28 5 —
2100 5579 27 21 B.

2369 2338 95 26 Jusqu'à
2478 2338 101 26 présent,
2594 2343 60 17 nous
2669 2343 73 18 avons
2757 2338 65 25 suivi,
2837 2339 31 21 de-

2343 2363 52 26 puis
2425 2363 73 25 Paris,
2529 2363 135 23 l'itinéraire
2694 2364 33 21 du
2757 2365 63 20 Tour
2850 2364 30 21 de

2343 2389 88 21 France
2445 2388 30 21 de
2489 2389 58 21 1936.

2368 2412 160 26 Aujourd'hui,
2546 2413 51 21 cela
2616 2413 97 25 change.
2730 2413 58 21 L'an
2806 2412 75 26 passé,

2343 2437 33 22 les
2389 2446 10 10 «
2411 2439 76 20 Tours
2498 2446 10 10 »
2522 2437 97 22 allaient
2630 2438 30 21 de
2671 2438 91 21 Belfort
2774 2437 15 22 à
2800 2437 80 25 Evian,

2343 2466 30 16 en
2391 2463 98 24 passant
2505 2467 43 20 par
2566 2462 100 21 Genève.

2368 2487 44 21 Les
2431 2488 39 20 289
2490 2487 47 22 1cm.
2557 2487 29 21 de
2605 2487 84 25 l'étape
2708 2491 85 18 courus
2810 2487 70 21 d'une

2343 2512 72 21 traite
2434 2512 81 22 furent
2537 2511 91 22 enlevés
2648 2516 44 21 par
2720 2512 22 21 le
2768 2511 112 26 Français

2343 2536 33 21 Le
2392 2536 93 24 Grevés,
2501 2541 31 16 en
2549 2537 13 20 9
2578 2536 25 21 h.
2619 2537 26 20 33
2661 2541 32 16 m.
2710 2537 26 21 45
2752 2541 46 17 sec.

2368 2561 33 21 Le
2417 2561 76 25 temps
2508 2560 60 23 était
2582 2560 177 26 épouvantable,
2775 2561 34 21 les
2824 2565 44 17 cou-

2342 2589 66 17 reurs
2423 2590 25 16 se
2463 2585 142 25 pleaignirent
2621 2586 144 21 amèrement
2780 2586 32 21 du
2819 2586 62 20 froid

2344 2611 24 21 et
2383 2610 29 21 de
2426 2610 24 21 la
2463 2610 64 26 pluie
2541 2611 39 24 qui
2594 2611 80 21 tomba
2688 2610 16 22 à
2718 2611 109 21 torrents.

2369 2634 94 26 L'étape
2482 2635 31 22 de
2534 2636 51 20 1937
2605 2636 37 21 est
2662 2635 75 25 triple,
2757 2636 57 20 c'est
2834 2639 47 17 une

2344 2658 136 23 innovation
2498 2660 41 21 des
2557 2660 172 24 organisateurs
2754 2660 40 25 qui
2817 2659 51 21 dési-

2344 2684 54 21 rent
2410 2684 71 25 créer,
2494 2684 68 22 entre
2576 2684 92 22 Belfort
2679 2685 27 21 et
2720 2684 100 25 Genève,
2834 2689 47 17 une

2345 2708 128 21 émulation
2487 2709 40 25 qui
2541 2709 104 21 donnera
2659 2709 53 25 lieu,
2726 2709 155 25 espèrent-ils,

2345 2733 15 21 à
2373 2733 42 21 des
2428 2733 72 22 luttes
2513 2734 116 22 ardentes.

2371 2758 21 20 H
2407 2763 15 19 y
2436 2762 58 17 aura
2512 2763 6 16 :

2370 2783 102 21 Premier
2491 2782 57 22 tiers
2563 2782 93 26 d'étape
2678 2788 6 17 :
2704 2783 54 21 Belf
2758 2782 123 22 ort-Lons-

2344 2807 33 20 le-
2380 2807 104 24 Saunier,
2501 2808 38 20 175
2554 2808 47 20 km.
2617 2813 31 15 en
2662 2808 69 24 ligne.

2369 2832 127 21 Deuxième
2509 2833 57 20 tiers
2579 2832 92 26 d'étape
2682 2838 6 16 :
2705 2832 176 21 Louis-le-Sau-

2345 2857 245 24 nier-Champagnole,
2619 2858 27 20 34
2674 2858 47 20 km.
2749 2857 80 21 contre
2858 2857 25 21 la

2347 2881 98 22 montre.

2370 2906 126 24 Troisième
2506 2906 56 22 tiers
2570 2906 92 27 d'étape
2677 2912 5 15 :
2695 2907 187 24 Champagnole-

2347 2929 99 25 Genève,
2463 2931 26 20 93
2504 2929 55 25 En.,
2574 2929 40 23 ëf-"
2621 2926 69 29 ligné.

2373 2954 51 22 Soit
2438 2959 31 17 au
2483 2955 59 21 total
2557 2956 39 20 302
2610 2954 139 22 kilomètres.

2372 2979 77 21 Partis
2461 2979 30 22 de
2505 2979 97 26 Belfort,
2614 2983 60 18 nous
2688 2980 63 21 irons
2764 2979 16 22 à
2792 2980 80 21 Besan-

2348 3008 44 20 çon
2409 3008 43 20 par
2470 3005 107 21 Brannes
2595 3005 23 20 et
2635 3005 147 20 Malmaison.

2371 3036 122 23 Besançon
2516 3043 10 10 «
2548 3034 76 23 vieille
2644 3035 54 21 ville
2717 3034 125 26 espagnole
2864 3043 19 17 »,

2346 3060 36 20 est
2397 3060 24 20 la
2436 3060 46 20 cité
2497 3060 81 21 natale
2595 3060 29 21 de
2639 3060 80 21 Victor
2734 3061 74 23 Hugo,
2823 3060 60 21 mais

2345 3089 101 20 gageons
2467 3089 45 21 que
2531 3085 42 21 nul
2592 3085 90 22 d'entre
2708 3090 45 16 nos
2778 3085 105 21 hommes

2346 3110 83 20 n'aura
2446 3110 21 21 le
2485 3109 65 22 loisir
2565 3110 32 21 de
2612 3109 100 22 méditer
2729 3114 40 17 sur
2786 3110 25 21 la
2827 3114 44 21 pro-

2346 3134 101 21 fondeur
2457 3134 42 21 des
2511 3139 52 17 vers
2575 3135 33 20 du
2619 3134 72 25 géant
2701 3135 32 21 de
2744 3135 140 24 Guernesey.

2371 3166 45 20 Les
2435 3169 108 17 coureurs
2563 3165 123 24 longeront
2704 3170 45 20 par
2767 3165 116 22 moments

2346 3188 33 23 les
2395 3194 81 20 gorges
2491 3190 156 25 magnifiques
2676 3190 32 21 du
2736 3190 79 21 Doubs
2844 3190 39 25 qui

2347 3214 77 21 donne
2443 3219 44 16 son
2506 3219 57 16 nom
2582 3219 31 16 au
2632 3214 169 26 département.
2821 3215 63 20 Nous

2347 3243 100 17 sommes
2462 3239 31 21 ici
2508 3239 61 21 dans
2584 3244 33 16 un
2634 3240 112 20 immense
2762 3244 68 20 camp
2846 3244 25 17 re-

2346 3264 105 23 tranché,
2464 3268 40 16 car
2515 3264 24 21 la
2550 3265 90 20 France
2652 3269 16 16 a
2679 3264 107 24 envisagé
2798 3264 74 21 l'éven-

2347 3288 83 22 tualité
2449 3289 69 21 d'une
2535 3288 107 22 Invasion
2660 3293 44 21 par
2721 3289 24 21 la
2763 3289 79 21 Suisse
2858 3289 26 21 et

2347 3313 44 21 elle
2408 3318 16 16 a
2440 3313 90 22 fortifié
2546 3313 62 22 cette
2624 3313 81 25 région
2723 3313 55 25 déjà
2794 3314 21 21 si
2830 3313 55 22 bien

2348 3337 115 22 défendue
2478 3342 44 21 par
2536 3338 25 21 la
2575 3337 91 23 nature.

2373 3363 81 23 Quant
2466 3362 16 21 à
2495 3362 100 25 présent,
2607 3363 58 21 c'est
2677 3367 60 17 nous
2750 3362 40 26 qui
2802 3362 81 25 allons,

2348 3386 68 25 après
2430 3387 121 22 l'escalade
2566 3388 32 21 du
2613 3388 37 20 col
2662 3388 32 21 de
2708 3388 24 21 la
2746 3387 108 25 Faucille,
2869 3387 15 21 à

2348 3412 51 20 1332
2414 3411 85 22 mètres
2512 3412 130 25 d'altitude,
2655 3412 99 21 envahir
2768 3412 24 21 la
2806 3412 78 22 Suisse

2346 3447 28 4 —
2388 3436 41 22 oh!
2447 3437 48 20 très
2510 3437 183 25 pacifiquement
2708 3448 28 5 —
2751 3441 59 21 pour
2825 3441 60 18 nous

2347 3461 86 25 diriger
2449 3466 41 17 sur
2507 3461 94 22 Genève
2618 3462 30 22 où
2663 3467 26 16 se
2706 3462 52 21 fera
2774 3461 110 22 l'arrivée.

2349 3496 27 5 —
2388 3486 26 21 L.

2451 3525 65 32 UNE
2534 3525 88 32 RUDE
2640 3519 147 39 JOURNÉE

2444 3569 44 24 (De
2502 3569 68 21 notre
2584 3569 88 25 envoyé
2686 3568 101 26 spécial.)

2373 3600 32 21 Le
2426 3600 75 25 temps
2521 3600 126 22 s'annonce
2668 3600 67 25 beau,
2756 3605 26 17 ce
2802 3600 83 25 matin,

2348 3629 31 16 au
2391 3625 105 21 moment
2509 3625 30 21 où
2552 3625 34 21 les
2600 3630 109 19 coureurs
2720 3630 26 17 se
2760 3625 126 26 préparent

2348 3650 15 21 à
2388 3650 100 25 prendre
2512 3650 23 21 le
2549 3650 82 25 départ
2655 3651 70 21 d'une
2751 3650 68 25 étape
2845 3651 40 24 qui

2347 3675 126 21 s'annonce
2503 3675 64 24 dure,
2597 3675 133 25 puisqu'elle
2760 3676 127 25 comprend

2350 3700 39 21 300
2407 3700 54 24 km.,
2479 3704 31 17 en
2529 3700 58 22 trois
2605 3700 116 25 tronçons,
2741 3700 58 22 dont
2817 3705 35 17 un
2871 3700 15 22 à

2348 3725 105 25 disputer
2471 3725 80 21 contre
2570 3725 25 21 la
2612 3726 99 21 montre.

2374 3751 36 20 En
2439 3750 100 24 général,
2569 3750 35 22 les
2633 3755 109 17 coureurs
2770 3751 116 21 semblent

2349 3775 106 21 craindre
2471 3776 42 20 l'as
2527 3775 83 22 italien
2625 3776 64 21 Glno
2703 3775 97 25 Bartali,
2815 3776 40 25 qui
2871 3780 16 17 a

2349 3800 78 21 donné
2441 3800 53 21 hier
2508 3805 33 16 un
2557 3805 86 20 aperçu
2659 3801 28 21 de
2702 3806 37 16 ses
2754 3801 88 21 talents
2858 3801 29 21 de

2348 3825 123 25 grimpeur,
2487 3825 59 21 dans
2560 3826 22 20 le
2597 3826 84 21 Ballon
2696 3826 110 21 d'Alsace.

2375 3850 141 25 L'Espagnol
2532 3851 109 21 Canardo
2658 3856 15 16 a
2690 3850 94 26 rappelé
2800 3850 56 26 qu'il
2871 3856 17 20 y

2349 3880 16 16 a
2380 3876 62 20 deux
2459 3880 50 19 ans,
2527 3876 61 20 alors
2605 3876 55 25 qu'il
2677 3876 88 21 n'avait
2782 3880 43 21 pas
2842 3881 31 16 en-

2349 3905 53 16 core
2414 3900 79 25 acquis
2505 3905 44 16 son
2561 3901 99 21 actuelle
2672 3901 141 25 réputation,
2825 3901 49 21 Bar-

2350 3925 42 21 tali
2410 3926 143 24 participant
2572 3930 32 17 au
2622 3927 63 20 Tour
2703 3926 30 21 de
2752 3926 133 24 Catalogne,

2349 3950 77 21 s'était
2445 3951 132 20 nettement
2596 3951 88 25 imposé
2705 3955 89 17 comme
2815 3952 58 23 grim-

2352 3980 61 19 peur,
2444 3975 124 22 dominant
2597 3976 139 24 nettement,
2767 3981 41 16 sur
2836 3976 52 21 leur

2351 4005 82 21 propre
2449 4001 95 24 terrain,
2559 4001 35 21 les
2609 4001 142 25 spécialistes
2766 4001 122 25 espagnols

2351 4025 44 21 tels
2411 4030 44 20 que
2472 4027 98 20 Trueba.
2586 4026 62 21 alors
2664 4026 16 22 à
2696 4026 102 25 l'apogée
2813 4027 30 21 de
2859 4031 28 16 sa

2351 4051 81 21 forme.

2376 4076 32 21 Le
2420 4076 112 24 Français
2545 4076 165 22 Archambaud
2724 4077 95 23 critique
2834 4077 41 20 l'at-

2351 4101 111 20 tribution
2485 4101 41 21 des
2549 4101 165 22 bonifications
2737 4101 75 21 allant
2835 4101 44 25 jus.

2349 4126 53 24 qu'à
2417 4126 82 25 quatre
2514 4126 109 25 minutes,
2639 4126 127 22 attribuées
2781 4131 31 16 au
2827 4126 60 22 haut

2350 4151 40 21 des
2402 4151 48 23 cols
2461 4156 46 19 car,
2519 4152 73 24 dit-il,
2606 4160 9 11 «
2629 4152 115 24 lorsqu'on
2756 4156 15 17 a
2783 4156 31 17 vu
2825 4152 49 21 Bar-

2351 4176 43 21 tali
2408 4180 80 20 passer
2502 4176 53 22 tout
2569 4177 22 20 le
2606 4177 85 21 monde
2705 4176 60 22 dans
2780 4177 25 20 la
2818 4181 56 17 mon-

2351 4201 37 21 tée
2404 4201 32 21 du
2451 4201 84 21 Ballon
2551 4201 110 25 d'Alsace,
2677 4201 16 21 à
2706 4206 47 16 une
2769 4201 74 22 allure
2858 4202 30 21 de

2350 4226 167 25 motocyclette,
2539 4231 32 16 nn
2593 4226 57 25 peut
2673 4226 106 21 craindre
2802 4227 29 21 de
2854 4227 33 21 lui

2351 4251 50 20 voir
2415 4255 88 20 gagner
2518 4251 23 21 le
2555 4252 70 24 Tour,
2640 4251 52 21 rien
2707 4251 68 25 qu'en
2790 4251 98 25 passant

2351 4277 100 24 premier
2466 4281 31 17 au
2513 4277 99 22 sommet
2629 4277 40 21 des
2684 4276 139 26 principales
2839 4277 36 20 dif-

2352 4302 91 20 ficultés
2459 4302 32 21 du
2504 4306 117 20 parcours.

2377 4326 87 21 Inutile
2477 4327 29 20 de
2519 4326 50 21 dire
2582 4331 44 20 que
2639 4326 35 22 les
2687 4327 133 20 Allemands
2834 4327 55 21 sont

2349 4352 194 24 resplendissants
2558 4351 29 21 de
2601 4351 53 25 joie,
2669 4351 69 25 après
2751 4351 52 21 leur
2817 4351 69 26 triple

2350 4376 79 21 succès
2444 4377 73 21 d'hier
2527 4381 7 7 -
2550 4376 30 21 Ils
2595 4377 43 21 ont
2653 4376 122 22 confiance
2791 4381 30 16 en
2836 4377 52 21 leur

2351 4401 125 25 champion
2491 4401 76 22 Bautz
2584 4402 39 24 qui
2640 4406 15 16 a
2671 4401 38 21 été
2724 4401 151 22 chaleureuse

2349 4426 66 21 ment
2430 4426 87 22 félicité
2532 4431 44 20 par
2590 4427 22 20 le
2628 4426 115 25 dirigeant
2758 4426 32 21 du
2805 4427 70 24 cyclis-

2350 4456 39 16 me
2405 4451 125 24 allemand,
2545 4451 95 25 présent
2657 4452 16 21 à
2688 4451 105 22 l'arrivée
2809 4452 24 20 et
2849 4452 39 25 qui

2349 4481 31 17 va
2397 4476 77 21 suivre
2494 4475 109 26 quelques
2622 4476 87 25 étapes.
2728 4476 101 22 Celui-ci
2849 4481 25 16 es-

2351 4501 54 25 père
2422 4505 50 21 que,
2488 4501 77 21 même
2581 4501 21 21 si
2618 4498 76 24 Bàutz
2710 4501 37 21 est
2763 4501 125 25 dépossédé

2350 4526 32 21 du
2396 4526 91 21 maillot
2501 4526 79 24 jaune,
2594 4526 35 21 les
2643 4526 135 21 Allemands
2792 4526 83 21 réalise-

2350 4551 55 21 ront
2420 4551 61 22 cette
2496 4551 82 24 année,
2593 4555 47 17 une
2655 4551 127 21 excellente
2797 4552 79 24 perfor-

2350 4580 90 17 mance.
2604 4589 4 5 ■
2634 4576 6 6 '

2377 4602 44 20 Les
2437 4601 84 24 Belges
2535 4601 67 20 n'ont
2618 4605 44 21 pas
2678 4601 35 21 dit
2729 4601 52 21 leur
2795 4601 94 22 dernier

2351 4627 55 23 mot,
2422 4626 24 21 et
2462 4626 51 21 leur
2528 4625 101 25 position
2646 4630 32 17 au
2687 4635 3 7 •
2695 4626 144 24 classement,
2856 4626 31 22 où

2351 4651 113 25 plusieurs
2487 4650 29 21 de
2540 4650 62 21 leurs
2625 4651 107 21 hommes
2753 4651 56 21 sont
2832 4651 55 21 bien

2352 4676 103 25 groupés,
2469 4675 52 21 leur
2534 4676 90 24 permet
2638 4676 54 22 tous
2706 4676 34 21 les
2754 4676 93 25 espoirs.

2376 4700 90 25 Malgré
2481 4700 87 21 l'heure
2584 4701 119 24 matinale,
2719 4701 18 20 il
2752 4706 16 20 y
2784 4705 15 16 a
2814 4701 61 21 beau-

2351 4730 59 21 coup
2422 4726 29 21 de
2463 4725 91 24 monde,
2566 4730 31 16 au
2609 4726 105 20 moment
2725 4725 31 22 où
2767 4726 33 21 M.
2812 4727 72 20 Caza-

2352 4751 28 21 lis
2397 4751 79 20 donne
2494 4750 109 21 l'envolée
2622 4755 46 17 aux
2686 4751 27 20 90
2732 4751 149 21 concurrents

2541 4787 40 21 EN
2598 4788 98 21 SELLE!

2376 4825 49 23 Dès
2436 4825 23 21 le
2472 4825 89 25 départ,
2573 4829 60 17 nous
2645 4825 111 24 longeons
2767 4825 23 20 le
2802 4825 86 24 Doubs,

2351 4850 53 22 d'où
2418 4850 81 21 monte
2514 4854 35 16 un
2564 4850 127 21 brouillard
2707 4850 70 25 épais.
2792 4850 63 20 Petit
2871 4849 16 21 à

2353 4875 65 25 petit,
2433 4875 94 21 celui-ci
2540 4879 26 17 se
2581 4874 92 26 dissipe,
2688 4875 24 21 et
2727 4875 23 20 le
2763 4874 65 21 soleil
2843 4878 31 21 ap-

2352 4900 83 25 paraît.

2377 4932 96 20 Comme
2492 4930 47 21 s'ils
2558 4935 31 16 ne
2609 4930 118 22 voulaient
2746 4929 52 21 rien
2817 4929 68 24 rater,

2352 4956 40 21 des
2413 4956 75 20 beaux
2509 4951 119 29 paysages,
2649 4959 45 20 que
2715 4959 60 16 nous
2797 4954 77 21 traver-

2351 4984 61 19 sons,
2426 4981 33 20 les
2474 4984 108 17 coureurs
2595 4980 26 21 Se
2636 4979 138 22 contentent
2787 4979 29 20 de
2830 4983 44 16 rou-

2353 5006 32 21 ler
2405 5010 32 16 au
2456 5005 69 24 train,
2545 5009 56 17 sans
2621 5005 59 25 plus,
2700 5004 25 21 et
2744 5004 30 22 ils
2794 5003 92 25 agiront

2353 5031 59 20 ainsi
2442 5030 87 21 durant
2558 5034 47 16 une
2635 5029 87 25 grande
2752 5028 75 25 partie
2857 5028 29 21 de

2352 5055 90 25 l'étape.

2377 5080 144 21 L'itinéraire
2539 5079 39 25 qui
2596 5084 59 16 nous
2673 5078 94 21 conduit
2785 5077 28 21 de
2831 5077 46 21 Bel-

2351 5105 49 20 fort
2428 5105 16 20 à
2472 5105 66 20 Lons.
2546 5104 134 21 le-Saunier
2708 5103 37 21 est
2772 5107 115 20 parcouru

2351 5134 59 20 pour
2424 5129 24 21 la
2462 5129 113 25 première
2589 5129 52 24 fois,
2655 5133 44 20 par
2713 5128 34 20 les
2763 5135 10 11 «
2789 5128 63 20 Tour
2868 5135 18 16 »,

2351 5155 63 20 aussi
2430 5154 60 21 dans
2508 5154 52 20 tous
2578 5154 33 20 les
2628 5153 101 24 villages,
2746 5151 18 21 il
2782 5157 16 20 y
2814 5151 71 25 règne

2351 5183 47 16 une
2419 5179 88 24 grande
2528 5178 139 23 animation,'
2687 5178 25 20 et
2732 5177 34 21 les
2787 5176 100 22 routiers

2349 5204 55 20 sont
2425 5203 214 21 chaleureusement
2660 5201 119 22 acclamés.

2376 5228 33 21 Le
2445 5228 95 25 peloton
2576 5227 103 21 traverse
2716 5225 168 22 L'Isle-sur-le-

2351 5253 79 21 Doubs
2445 5254 36 20 (33
2494 5253 56 22 km.)
2567 5252 15 21 à
2594 5253 13 20 6
2620 5253 24 19 h.
2657 5252 32 20 25.

2376 5277 144 21 Berrendero
2547 5277 113 23 inaugure
2687 5276 35 20 les
2750 5276 135 24 crevaisons,

2352 5303 115 23 toutefois,
2484 5302 18 20 il
2520 5302 89 20 revient
2626 5305 65 17 assez
2707 5300 152 25 rapidement.

2376 5328 37 20 En
2426 5327 115 23 touristes,
2553 5327 23 20 le
2589 5326 94 24 peloton
2697 5325 86 22 atteint
2796 5326 78 20 Besan-

2351 5357 45 20 çon
2413 5352 35 20 (89
2462 5352 57 22 km.)
2536 5351 15 21 à
2564 5352 13 20 8
2590 5351 24 20 h.
2627 5351 34 20 25.

2376 5377 52 20 Une
2444 5376 177 21 neutralisation
2637 5375 29 21 de
2682 5375 57 21 trois
2753 5375 103 21 minutes
2871 5380 15 16 a

2351 5402 37 20 été
2403 5401 85 25 prévue
2503 5405 58 20 pour
2576 5400 125 25 permettre
2716 5405 46 16 aux
2778 5405 108 16 coureurs

2352 5426 28 21 de
2397 5426 85 20 mettre
2498 5425 54 25 pied
2568 5425 16 21 à
2600 5425 61 21 terre
2678 5425 25 21 et
2717 5429 26 17 se
2759 5425 127 21 ravitailler

2351 5451 16 20 à
2383 5451 70 21 l'aise.
2469 5450 87 21 Inutile
2572 5450 29 21 de
2618 5450 49 20 dire
2683 5454 45 21 que
2744 5450 22 21 le
2783 5450 102 21 contrôle

2352 5476 36 21 est
2403 5475 85 21 envahi
2503 5479 43 21 par
2560 5475 25 20 la
2599 5475 70 21 foule.

2425 5513 62 21 UNE
2502 5512 122 21 FUGUE™
2640 5512 83 21 POUR
2737 5513 75 21 RIEN

2378 5551 21 20 A
2417 5550 24 21 la
2458 5549 72 24 sortie
2549 5549 29 22 de
2596 5551 122 23 Besançon
2736 5555 25 16 se
2780 5550 107 26 présente

2354 5578 45 18 une
2416 5575 51 21 côte
2483 5579 64 17 assez
2563 5574 62 22 forte
2641 5575 25 21 et
2682 5575 164 25 bi-usquement
2862 5576 23 21 F.

2904 2339 128 21 Vervaeeke
3054 2339 70 26 pique
3146 2344 47 16 une
3217 2339 71 25 crise,'
3305 2340 135 21 emmenant

2902 2369 56 16 avec
2974 2364 34 21 lui
3023 2365 27 20 A.
3065 2365 53 21 Van
3134 2364 123 22 Schendel.
3272 2365 33 21 Ils
3320 2365 55 21 sont
3389 2365 38 22 sui-

2902 2389 35 21 vis
2954 2389 15 21 à
2986 2394 46 20 peu
3050 2389 29 22 de
3095 2389 107 22 distance
3220 2390 29 21 de
3267 2390 173 24 Braeckeveldt,

2902 2414 138 25 Thlerbach,
3079 2414 120 25 Thiétard,
3238 2415 139 22 Marcalllou
3416 2416 24 20 et

2903 2440 79 21 Bautz.
2997 2440 33 21 Ce
3045 2440 60 25 petit
3119 2444 87 21 groupe
3221 2440 87 25 rejoint
3323 2440 55 21 bien
3393 2440 48 21 vite

2901 2465 35 20 les
2954 2465 61 20 deux
3034 2465 104 24 fuyards,
3158 2465 132 25 cependant
3309 2465 132 22 Vervaeeke

2901 2490 75 21 remet
2991 2494 35 21 ça,
3043 2491 24 20 et
3082 2490 96 21 s'enfuit
3194 2495 56 17 avec
3264 2490 120 22 Thiétard.

2928 2523 44 20 Les
2987 2523 62 21 deux
3063 2523 106 22 hommes
3184 2528 31 17 en
3229 2523 60 22 haut
3305 2524 29 21 de
3349 2524 25 21 la
3389 2524 52 22 côte

2903 2548 119 24 comptent
3037 2548 25 21 15
3077 2549 110 21 secondes
3201 2553 41 17 sur
3256 2549 63 22 leurs
3333 2549 95 25 poursui-

2903 2573 74 24 vants,
2989 2573 61 21 mais
3061 2573 31 21 ils
3102 2573 135 22 n'insistent
3250 2578 49 21 pas,
3312 2574 25 22 et
3350 2575 90 22 bientôt

2903 2598 51 21 tout
2969 2598 22 21 le
3005 2598 96 25 peloton
3116 2603 25 16 se
3155 2599 108 22 reforme.

2928 2629 116 25 Cacheux,
3058 2630 52 24 puis
3123 2630 132 21 Wierlnckx
3269 2630 95 22 doivent
3377 2635 52 19 rem-

2903 2654 78 24 placer
2994 2659 33 16 un
3041 2655 62 24 tube,
3116 2655 29 21 ils
3159 2655 150 22 reviendront
3323 2660 65 17 assez
3401 2656 27 22 fa-

2902 2679 115 22 cilement.

2928 2712 66 20 Dans
3015 2716 48 17 une
3084 2712 85 25 longue
3190 2712 115 25 descente,
3323 2712 118 26 plusieurs

2904 2740 107 18 coureurs
3030 2741 31 17 ne
3080 2737 102 25 peuvent
3201 2737 63 21 tenir
3282 2737 22 21 le
3323 2737 71 25 train,
3414 2743 26 16 ce

2903 2761 54 22 sont
2966 2766 7 16 :
3002 2762 120 24 Generati,
3147 2762 167 26 Middelkamp,
3340 2763 101 24 Mersch,

2904 2787 162 24 Braspenhlng
3081 2787 24 21 et
3120 2787 88 25 Carini,
3222 2788 61 21 mais
3296 2792 42 17 sur
3352 2788 23 21 le
3390 2788 52 25 plat

2904 2812 28 20 Ils
2949 2812 155 24 rappliquent.
3122 2812 76 22 Cento
3216 2810 73 27 crève!
3308 2813 24 21 et
3350 2813 91 22 revient

2905 2836 140 22 facilement.

2929 2868 21 21 A
2963 2873 48 16 une
3025 2868 74 21 allure
3114 2868 29 22 de
3157 2869 148 25 promenade,
3319 2869 22 21 le
3356 2874 86 21 groupe

2904 2894 107 23 compact
3034 2894 104 21 traverse
3162 2894 81 21 Arbois
3271 2894 49 23 (137
3343 2894 57 23 km.)
3427 2894 15 22 à

2905 2919 12 19 9
2931 2919 23 19 h.
2967 2919 32 20 55.

2930 2949 98 21 Clmattl
3041 2949 25 21 et
3079 2949 113 22 Generati
3204 2949 169 25 rétrogradent,
3386 2951 44 20 tan-

2906 2973 36 21 dis
2969 2978 44 21 que
3040 2974 22 21 le
3090 2975 94 23 peloton
3212 2979 68 21 passe
3308 2975 16 22 à
3351 2975 91 24 Buvilly

2909 2999 49 21 (144
2971 3000 57 22 km.)
3046 3000 21 20 à.
3076 2999 26 22 10
3115 2999 26 22 h.
3155 2999 32 22 10.

3018 3036 181 23 L'ESTOCADE
3221 3038 109 21 FINALE

2930 3076 38 20 Au
2980 3076 105 21 moment
3098 3075 31 23 où
3141 3076 98 23 Deltour
3251 3076 73 25 crève,
3337 3077 16 20 à
3366 3077 26 21 10
3405 3071 25 26 ki-

2905 3100 108 22 lomètres
3033 3101 33 21 du
3085 3101 49 25 but,
3152 3102 82 25 Puppo
3255 3103 24 19 et
3298 3101 145 22 Berrendero

2904 3126 157 24 s'échappent,
3085 3126 22 21 le
3130 3126 94 25 peloton
3245 3131 32 16 ne
3300 3126 76 25 réagit
3398 3131 45 21 que

2905 3151 142 25 mollement,
3060 3151 25 21 et
3097 3148 102 25 l'affaire
3213 3151 36 22 est
3262 3151 59 22 dans
3334 3152 23 21 le
3369 3157 47 17 sac.

2930 3183 63 21 Tous
3007 3183 62 21 deux
3083 3183 70 21 filent
3167 3183 16 21 à
3197 3183 58 21 fond
3271 3183 29 21 de
3314 3183 71 25 train,
3391 3188 52 17 vers

2905 3208 111 24 l'arrivée,
3030 3208 31 22 où
3072 3208 84 25 Puppo
3169 3208 63 25 règle
3247 3213 51 17 son.
3306 3209 136 23 adversaire,

2905 3237 46 17 aux
2971 3233 224 25 applaudissements
3214 3233 70 22 d'une
3304 3233 63 21 foule
3386 3238 44 21 par-

2905 3258 170 21 ticulièrement
3090 3258 144 22 nombreuse.

3016 3296 84 26 (Voyez
3113 3296 61 22 suite
3187 3302 31 16 en
3231 3301 60 21 page
3304 3296 29 25 5.)

3458 763 154 49 MISS
3645 762 351 51 EARHART

3477 833 84 49 N'A
3575 833 92 50 PAS
3682 826 89 57 ÉTÉ
3785 826 191 57 SAUVÉE

3476 933 46 32 UN

3551 934 110 32 GARDE
3666 934 103 33 -COTE
3793 929 184 38 AMÉRICAIN

3599 979 43 33 LA
3660 980 192 33 RECHERCHE

3476 1051 87 33 DANS
3585 1052 43 33 LA
3650 1047 120 39 RÉGION
3797 1047 111 38 SITUÉE
3929 1053 48 35 AU

3476 1097 92 33 NORD
3586 1098 44 32 DE
3648 1098 78 33 L'ILE
3745 1099 43 32 DE
3810 1099 167 32 HOWLAND

3485 1161 193 27 San-Franclsco,
3692 1163 14 21 4
3720 1163 82 25 juillet.
3816 1175 29 4 —
3859 1164 123 21 Contraire-

3460 1188 65 20 ment
3537 1192 46 16 aux
3594 1187 75 22 bruits
3680 1188 40 25 qui
3730 1189 94 21 avaient
3835 1188 91 24 circulé,
3937 1189 59 22 Miss

3462 1212 87 20 Amelia
3562 1213 107 22 Earhart,
3681 1213 40 21 n'a
3731 1218 44 24 pas
3787 1213 37 22 été
3836 1213 62 25 prise
3910 1213 15 22 à
3937 1213 59 22 bord

3459 1236 33 21 du
3505 1237 117 24 paquebot
3636 1237 155 26 britannique.

3461 1268 30 21 Le
3505 1269 135 23 carde-côte
3655 1277 11 12 «
3681 1269 78 21 Itasca
3773 1277 11 12 »
3799 1274 16 16 a
3829 1269 107 21 annoncé
3950 1274 46 20 que

3485 1292 34 22 les
3536 1293 137 22 recherches
3690 1294 70 21 faites
3776 1294 112 21 vendredi
3904 1294 93 24 jusqu'à

3484 1317 54 22 nuit
3558 1318 68 24 close,
3645 1323 60 20 pour
3723 1319 120 21 retrouver
3862 1319 134 24 l'aviatrice,

3485 1343 61 20 dans
3560 1347 48 17 une
3624 1344 48 19 aire
3688 1344 119 21 d'environ
3823 1344 59 21 5.000
3898 1344 84 20 kilomè-

3486 1368 47 20 tres
3548 1367 78 22 carrés
3640 1368 119 22 n'avaient
3773 1368 78 22 donné
3865 1374 79 16 aucun
3957 1368 26 22 ré-

3485 1391 80 22 sultat.

3485 1417 21 21 Il
3515 1417 41 21 n'a
3565 1416 79 22 donné
3653 1422 92 17 aucune
3753 1418 107 22 nouvelle
3870 1418 30 22 de
3910 1423 37 17 ses
3956 1423 27 17 re-

3459 1441 111 23 cherches
3586 1442 81 24 d'hier,
3683 1437 60 27 mais
3760 1447 31 16 on
3808 1443 78 21 craint
3903 1444 92 24 qu'elles

3459 1466 89 22 n'aient
3563 1466 38 23 été
3615 1467 54 21 tout
3683 1467 63 22 aussi
3760 1462 127 31 négatives.

3484 1492 45 21 Les
3540 1491 138 22 recherches
3690 1492 43 22 ont
3745 1492 48 22 lieu
3805 1493 60 21 dans
3878 1493 25 21 la
3915 1492 82 26 région

3459 1516 75 22 située
3549 1521 33 17 au
3597 1516 61 22 nord
3674 1517 29 21 de
3719 1517 50 22 l'Ile
3785 1517 30 22 de
3832 1517 120 23 Howland.
3968 1529 25 6 —
3992 1528 6 11 .

3460 1541 84 21 Havas.

3498 1580 84 22 POUR
3597 1580 116 20 CAPTER
3728 1580 54 22 LES
3796 1580 158 24 MESSAGES

3605 1612 40 21 DE
3660 1612 187 21 L'AVIATRICE

3485 1649 193 25 fcian-Francisco,
3692 1649 14 21 4
3719 1648 84 26 juillet.
3815 1661 28 5 —
3856 1650 39 21 On
3909 1655 31 16 va
3954 1650 45 22 de«

3460 1674 98 21 mander
3570 1678 32 17 au
3613 1673 137 26 garde-côte
3763 1682 10 11 «
3787 1675 79 21 Itasca
3879 1683 10 10 »
3903 1675 30 21 de
3945 1680 39 17 ces-

3459 1703 38 16 ser
3511 1699 30 21 de
3555 1699 81 21 lancer
3650 1699 41 21 des
3706 1699 80 25 appels
3802 1699 15 21 à
3832 1700 91 21 Amelia
3937 1700 47 21 Ear-

3460 1723 55 22 hart
3532 1728 40 17 sur
3589 1724 24 21 la
3629 1723 76 22 même
3721 1723 114 26 longueur
3851 1724 84 23 d'onde
3952 1729 46 21 que

3460 1748 118 25 l'appareil
3591 1748 30 22 de
3631 1748 85 22 l'avion
3729 1749 102 25 disparu,
3843 1750 49 21 ceci
3903 1750 52 21 afin
3967 1750 30 22 de

3460 1773 126 25 permettre
3604 1778 47 16 aux
3667 1774 79 25 postes
3763 1774 30 21 de
3810 1774 187 22 San-Francisco

3459 1798 30 21 de
3506 1798 81 25 capter
3605 1798 53 22 tout
3681 1803 105 21 message
3817 1798 114 23 émanant
3967 1800 30 21 de

3460 1822 132 23 l'aviatrice.

3485 1854 26 21 L'
3528 1861 10 12 «
3555 1854 79 22 Itasca
3651 1862 9 12 »
3678 1855 65 21 avait
3758 1855 107 25 jusqu'ici
3879 1855 79 22 utilisé
3973 1855 25 23 la

3461 1879 74 21 même
3550 1879 125 25 fréquence
3688 1884 45 21 que
3747 1880 58 21 celle
3818 1880 66 21 selon
3898 1881 100 25 laquelle

3461 1903 40 21 des
3511 1903 99 26 signaux
3621 1904 30 21 de
3660 1904 86 22 l'avion
3757 1905 96 22 avaient
3864 1904 37 23 été
3912 1905 73 22 enten-

3460 1928 50 21 dus.

3486 1953 25 21 la'
3527 1958 10 12 «
3553 1953 79 22 Itasca
3648 1962 9 11 »
3675 1954 40 25 qui
3728 1954 108 25 poursuit
3850 1959 37 17 ses
3902 1956 83 20 recher-

3461 1977 60 25 ches,
3536 1983 16 16 a
3566 1983 47 16 une
3627 1979 118 25 provision
3759 1979 30 21 de
3803 1979 128 22 carburant
3945 1980 40 22 suf-

3461 2002 87 22 fisante
3558 2007 59 21 pour
3627 2007 48 18 une
3684 2003 109 22 croisière
3803 2004 30 21 de
3843 2004 58 22 trois
3911 2005 73 21 semai-

3461 2031 48 17 nes.

3486 2053 40 21 On
3537 2053 36 21 est
3584 2052 106 26 toujours
3701 2057 56 17 sans
3767 2054 119 22 nouvelles
3897 2056 29 20 de
3938 2055 47 25 l'ap-

3462 2077 73 24 pareil
3548 2077 64 25 parti
3625 2077 16 22 à
3653 2078 25 21 la
3691 2078 126 22 recherche
3831 2079 29 21 de
3874 2080 51 21 Mrs
3938 2080 48 22 Ear-

3462 2102 61 21 hart.
3533 2113 29 5 —
3571 2102 85 21 Havas.

3459 2140 54 21 LES
3525 2140 200 21 RECHERCHES
3739 2141 34 21 SE
3786 2142 215 21 POURSUIVENT

3486 2179 68 21 New-
3554 2179 70 24 York,
3638 2179 15 21 4
3666 2178 83 26 juillet.
3762 2190 29 5 —
3804 2179 44 21 Les
3862 2180 139 22 recherches

3460 2209 25 16 se
3500 2204 151 25 poursuivent
3666 2208 59 21 pour
3738 2204 120 21 retrouver
3872 2204 129 23 l'aviatrice

3461 2230 90 20 Amelia
3563 2229 108 21 Earhart.

2944 3362 56 33 LES
3012 3357 171 38 ÉLECTIONS
3195 3361 210 34 IRLANDAISES

2932 3433 94 25 Dublin,
3041 3434 14 21 4
3068 3433 83 24 juillet.
3164 3445 29 5 —
3206 3435 21 20 A
3240 3434 57 23 trois
3312 3434 84 22 heures
3410 3435 33 22 du

2906 3458 82 25 matin,
3003 3458 34 22 les
3050 3459 112 21 résultats
3174 3463 90 18 connus
3276 3459 43 22 des
3333 3459 110 22 élections

2907 3482 120 25 générales
3042 3483 148 25 indiquaient
3209 3488 7 17 :

2959 3508 66 21 Parti
3041 3508 29 21 de
3086 3507 85 22 Valera
3290 3509 27 21 52
3330 3508 58 27 élus;

2957 3532 67 22 Parti
3044 3533 116 24 Cosgrave
3289 3534 27 20 31
3328 3533 60 26 élus;

2958 3556 158 23 Travaillistes
3291 3558 25 21 11
3328 3557 60 27 élus;

2959 3581 175 26 Indépendants
3302 3583 14 21 7
3327 3582 52 23 élus

3296 3618 28 6 —
3336 3607 80 26 Belga.

3503 3120 73 22 MISS
3593 3120 116 21 AMELIA
3724 3120 150 22 EARHART.

3489 3170 32 20 Le
3537 3169 81 22 navire
3635 3170 160 25 porte-avions
3813 3178 10 11 ,,
3841 3170 129 25 Lexington
3989 3178 10 13 »

3463 3195 90 24 partira
3567 3199 27 17 ce
3608 3195 48 21 soir
3670 3195 30 21 de
3714 3195 76 21 Santa
3804 3196 105 21 Barbara
3927 3196 62 22 (Cali-

3462 3220 96 24 fornie),
3571 3224 53 18 vers
3636 3221 25 20 la
3672 3225 52 16 mer
3737 3221 31 20 du
3783 3221 54 20 Sud.
3850 3221 45 23 Les
3907 3221 94 21 contre-

3464 3245 132 25 torpilleurs
3616 3254 9 10 «
3646 3245 118 21 Southard
3785 3254 9 11 »
3815 3246 24 22 et
3859 3254 10 11 «
3890 3247 110 20 Chande-

3462 3270 47 21 lers
3528 3279 9 10 »
3556 3271 43 20 ont
3616 3270 74 25 quitté
3707 3271 50 20 San
3774 3271 73 24 Diego
3865 3271 38 21 cet
3920 3270 81 26 après-

3463 3296 57 20 midi
3533 3300 59 20 pour
3603 3295 190 25 l'accompagner.
3805 3296 32 22 Le
3852 3304 9 11 «
3875 3297 101 21 Werden
3989 3304 11 12 »

3463 3321 24 20 et
3503 3321 22 20 le
3542 3329 9 10 «
3568 3321 95 24 Dayton
3680 3329 9 11 »
3708 3321 180 25 appareilleront
3903 3321 16 21 à
3936 3322 25 20 14
3977 3322 24 21 h.

3463 3346 78 24 Enfin,
3554 3346 22 20 le
3589 3354 10 10 «
3612 3346 56 20 Hull
3682 3355 9 10 »
3706 3346 24 21 et
3741 3346 22 21 le
3777 3355 9 10 «
3801 3347 99 20 Samson
3914 3355 9 10 „
3937 3346 51 26 quit-

3463 3367 79 25 teront
3555 3371 50 21 San
3617 3371 80 24 Diego,
3709 3371 101 21 demain.
3822 3382 29 5 —
3863 3372 86 21 Havas.

3509 3438 114 38 L'ÉTAT
3641 3444 47 32 DU
3707 3444 106 33 MAIRE
3831 3444 126 33 D0RAN

3491 3510 71 24 Oran,
3579 3509 14 21 4
3608 3508 83 26 juillet.
3707 3519 28 5 —
3750 3508 76 22 L'état
3842 3509 29 21 de
3887 3509 68 22 santé
3972 3509 28 24 de

3463 3533 74 22 l'abbé
3553 3534 111 22 Lambert
3680 3534 56 22 s'est
3752 3533 166 24 sensiblement
3935 3533 53 23 amé-

3463 3558 64 23 lioré.

3490 3583 22 21 H
3530 3588 15 17 a
3562 3586 33 22 pu
3612 3587 145 18 commencer
3774 3582 17 23 à
3807 3582 150 23 s'alimenter.
3974 3594 27 7 —

3464 3610 85 19 Havas.

2941 3696 79 49 LE
3050 3696 315 60 BANQUET
3398 3697 122 49 DES
3548 3695 423 52 HUMORISTES

3360 3775 170 11 ^m^^m^mi^m^m^*0*0.

2936 4473 71 25 Voici,
3023 4473 126 21 entourant
3163 4473 24 21 le
3200 4473 69 21 buste
3284 4473 33 21 du
3331 4473 70 21 héros
3416 4474 29 20 de
3458 4474 25 20 la
3497 4473 56 25 fête,
3567 4474 33 20 M.
3614 4473 88 21 Marcel
3716 4473 102 22 Antoine
3833 4473 122 22 lui-même

2981 4499 40 24 (au
3035 4497 88 25 centre)
3143 4498 25 20 et
3183 4497 166 26 quelques-uns
3364 4499 41 20 des
3421 4498 137 22 fondateurs
3573 4499 30 20 de
3617 4498 24 21 la
3658 4497 76 22 «Mine
3751 4498 142 22 Souriante».
3898 4510 29 5 —
3932 4499 27 22 V.

2937 4541 96 25 Chaque
3050 4539 82 25 année,
3148 4539 68 25 après
3232 4540 24 21 la
3271 4539 126 22 fermeture
3414 4540 32 22 du

2912 4566 72 22 Salon
2998 4566 29 21 de
3040 4565 24 21 la
3079 4573 9 11 «
3103 4565 65 21 Mine
3181 4564 124 22 Souriante
3320 4573 19 16 »,
3352 4565 34 21 les
3398 4565 35 21 hu-

2912 4591 106 21 moristes
3030 4595 26 17 se
3070 4589 140 22 découvrent
3224 4590 41 20 des
3278 4590 109 22 instincts
3401 4590 32 21 bu-

2912 4616 99 25 coliques
3028 4616 26 21 et
3069 4616 51 20 s'en
3136 4615 58 21 vont
3211 4614 105 21 installer
3333 4619 31 16 en
3381 4614 64 25 plein

2912 4645 64 18 cœur
2993 4641 29 21 de
3038 4641 24 20 la
3077 4639 70 22 Forêt
3163 4640 29 20 de
3208 4637 96 27 Soignes
3320 4639 34 21 les
3371 4639 74 21 tables

2912 4666 28 21 de
2954 4666 50 21 leur
3017 4665 152 22 traditionnel
3181 4664 79 21 festin.
3273 4665 30 21 Et
3316 4669 32 17 on
3362 4664 82 22 devine

2912 4691 52 21 tout
2979 4691 28 21 de
3022 4690 61 22 suite
3099 4694 26 17 ce
3140 4690 67 24 qu'en
3224 4689 23 21 la
3263 4689 135 25 compagnie
3415 4690 28 20 de

2911 4721 38 16 ces
2960 4715 126 22 chevaliers
3098 4715 28 21 de
3137 4715 24 21 la
3172 4714 77 21 bonne
3260 4714 99 21 humeur
3371 4714 73 25 pareil

2912 4741 102 24 banquet
3028 4741 56 24 peut
3099 4739 100 21 devenir.
3213 4740 22 20 H
3249 4740 36 20 est
3299 4739 91 25 Jusqu'à
3405 4743 40 17 des

2911 4766 108 24 critiques
3032 4764 66 25 d'art,
3110 4763 94 26 réputés
3217 4768 58 21 pour
3288 4764 50 21 leur
3350 4763 81 22 hermé-

2912 4791 67 20 tisme
2991 4791 26 20 et
3030 4790 49 20 leur
3093 4788 117 25 austérité,
3223 4789 40 25 qui
3276 4793 16 21 y
3304 4789 137 21 reviennent

2910 4815 16 21 à
2936 4816 87 23 chaque
3034 4814 76 25 juillet
3120 4818 55 17 avec
3185 4818 46 17 une
3242 4814 111 21 assiduité
3363 4813 68 22 émou-

2911 4840 70 21 vante
2991 4840 6 20 I

2937 4864 166 23 Evidemment,
3120 4868 57 20 pour
3194 4863 21 21 le
3232 4863 127 21 non-initié
3376 4868 30 16 ou
3423 4863 21 20 le

2911 4889 97 25 profane
3023 4889 39 25 qui
3076 4888 130 22 s'aventure
3220 4892 58 21 pour
3292 4888 25 22 la
3330 4887 112 27 première

2911 4915 45 20 fois
2972 4919 31 16 en
3019 4914 61 21 cette
3096 4913 100 22 aimable
3213 4914 24 21 et
3253 4913 133 22 turbulente
3401 4917 27 17 so-

2910 4938 65 25 ciété,
2991 4939 19 20 il
3026 4939 37 21 est
3093 4938 105 25 toujours
3227 4938 42 22 des
3298 4937 76 26 surprl
3385 4942 25 17 es
3427 4937 16 21 à

2910 4964 106 21 craindre
3037 4968 6 16 :
3063 4963 32 21 tel
3112 4963 73 22 œillet
3201 4963 142 25 magnifique
3360 4967 84 20 quune

2910 4989 69 24 gente
2994 4988 128 21 humoriste
3139 4988 34 21 lui
3188 4988 134 25 présentera
3338 4992 56 17 avec
3411 4993 33 16 un

2910 5013 88 21 sourire
3008 5013 140 25 irrésistible,
3158 5017 58 17 aura
3225 5013 61 21 dans
3296 5017 43 17 son
3349 5013 95 25 parfum

2910 5038 41 21 des
2966 5042 105 17 essences
3087 5038 128 21 inconnues
3243 5038 26 21 et
3297 5038 40 21 des
3366 5038 78 22 vertus

2911 5065 78 19 sternu
2992 5065 23 19 ta
3017 5064 69 19 toires
3104 5063 53 22 tout
3180 5063 15 21 à
3219 5063 46 21 fait
3288 5063 155 21 inattendues.

2910 5088 61 21 Mais
2984 5093 25 16 ce
3022 5089 54 20 sont
3088 5087 23 22 là
3123 5092 82 17 menus
3217 5088 121 21 Incidents.

2933 5119 68 21 Cette
3011 5118 45 22 fois
3064 5123 84 17 encore
3157 5119 34 21 les
3200 5119 140 22 humoristes
3349 5120 25 21 et
3383 5119 61 22 leurs

2911 5144 59 21 amis
2985 5144 88 22 étaient
3087 5144 127 21 nombreux
3229 5144 24 21 et
3266 5144 85 25 Joyeux
3368 5149 7 16 :
3391 5144 53 26 près

2910 5170 29 20 de
2954 5170 54 21 cent
3023 5169 106 21 convives
3138 5169 6 21 !

2936 5200 33 21 M.
2979 5200 97 21 Camille
3087 5199 90 25 Gosset,
3187 5198 118 26 président
3316 5200 128 22 d'honneur

2911 5225 28 21 de
2956 5225 24 21 la
2997 5233 10 11 »
3024 5225 65 20 Mine
3105 5224 124 22 Souriante
3246 5233 10 11 »
3278 5225 50 25 (qui
3343 5226 102 22 recevait

2910 5250 34 21 les
2961 5249 90 25 invités,
3068 5249 83 22 assisté
3168 5250 33 20 du
3217 5249 119 25 président
3351 5251 94 22 effectif

2911 5275 87 21 Marcel
3013 5275 110 21 Antoine)
3143 5275 41 20 eut
3199 5274 130 23 l'héroïsme
3345 5276 29 21 de
3390 5281 42 21 pro-

2910 5304 86 16 noncer
3008 5303 33 17 un
3054 5299 50 21 vrai
3117 5299 102 22 discours
3230 5300 68 22 entre
3311 5301 24 21 la
3347 5301 55 21 selle
3415 5302 29 21 de

2911 5329 58 16 veau
2983 5325 25 21 et
3020 5324 34 21 les
3067 5324 83 22 fraises
3163 5325 137 25 Romanoff;
3316 5319 18 28 il
3347 5327 97 24 rappela

2912 5350 32 21 les
2955 5349 78 21 succès
3045 5349 33 22 du
3089 5350 72 21 cercle
3173 5354 32 17 au
3216 5354 67 18 cours
3295 5351 28 21 de
3335 5351 91 22 l'année
3437 5357 5 16 :

2911 5375 143 24 l'exposition
3068 5375 16 20 à
3097 5375 96 24 Namur,
3207 5380 56 17 avec
3278 5376 24 21 la
3317 5376 115 22 collabora-

2912 5400 50 21 tion
2977 5399 29 22 de
3023 5409 9 9 «
3050 5401 129 24 L'Esquisse
3197 5409 18 16 »,
3230 5401 144 25 l'exposition
3390 5402 16 22 à
3420 5402 24 21 la

2911 5425 92 21 Maison
3018 5425 28 21 de
3061 5425 24 21 la
3099 5426 80 21 Presse
3195 5426 28 21 de
3237 5426 126 25 Bruxelles,
3376 5427 68 21 enfin

2911 5450 21 21 le
2950 5449 47 22 très
3013 5450 61 21 beau
3089 5450 68 22 salon
3173 5451 33 21 du
3221 5451 60 22 mois
3296 5451 93 22 dernier
3405 5452 40 25 qui

2911 5475 30 21 fit
2954 5475 75 21 courir
3043 5476 52 20 tout
3107 5476 125 22 Bruxelles.

2936 5500 79 25 Enfin,
3035 5500 18 21 11
3072 5501 31 21 fit
3124 5506 33 16 un
3177 5501 133 25 particulier
3331 5501 64 26 éloge
3415 5502 29 21 de

2912 5525 59 22 celui
2985 5526 40 24 qui
3039 5527 37 21 est
3089 5526 68 21 l'âme
3173 5527 32 20 du
3219 5527 151 25 groupement
3388 5532 7 16 :
3411 5528 33 20 M.

2909 5551 90 21 Marcel
3015 5551 107 21 Antoine.
3138 5552 22 20 Il
3176 5551 35 22 lui
3226 5552 70 22 remit
3312 5556 43 17 son
3371 5552 74 25 buste,

2911 5580 47 17 une
2969 5577 177 24 œuvre-charge
3157 5576 48 22 très
3216 5577 129 25 amusante,
3356 5577 33 21 du
3399 5577 46 21 bon

3998 4673 4 20 I

3468 4541 116 25 sculpteur
3596 4542 52 21 Van
3661 4541 105 25 Cutsem;
3782 4542 41 22 des
3835 4542 72 22 fleurs
3921 4543 77 23 furenl

3468 4567 96 20 offertes
3579 4566 15 21 à
3609 4567 51 20 M"'
3676 4566 107 22 Antoine.

3493 4592 32 20 M.
3541 4591 87 22 Marcel
3644 4591 100 22 Antoine
3760 4591 127 26 répondit...
3904 4597 30 17 en
3949 4597 49 18 ven

3467 4615 77 25 libres;
3556 4620 60 17 nous
3626 4621 72 17 avons
3707 4616 55 22 noté
3773 4618 92 21 ceux-ci
3874 4622 31 17 au
3915 4618 37 21 vol
3966 4622 6 18 :

3521 4660 37 16 Ahl
3573 4660 18 17 si
3603 4659 66 21 J'étais
3682 4660 51 17 Léon
3747 4661 92 20 Degrelle,

3520 4685 23 17 Je
3559 4685 89 17 mettrais
3663 4685 28 17 les
3706 4686 69 20 poings
3790 4689 39 15 aux
3844 4687 92 18 aisselles.

3521 4710 24 17 Et
3559 4713 25 14 au
3597 4710 65 17 milieu
3676 4711 23 17 de
3713 4710 20 18 la
3746 4711 94 21 vaisselle,

3520 4735 62 17 D'une
3595 4735 43 17 voix
3651 4735 24 18 de
3688 4736 111 18 violoncelle

3517 4759 29 17 Où
3562 4760 65 19 grince
3643 4760 75 19 parfois
3733 4760 21 18 la
3769 4761 85 20 crécelle.

3520 4786 24 17 Je
3556 4789 47 14 vous
3617 4786 109 20 remplirais
3739 4787 20 17 la
3772 4787 80 18 cervelle

3520 4811 28 17 De
3564 4811 76 20 paroles
3657 4812 180 21 conventionnelles,

3519 4829 29 24 be
3566 4835 101 21 phrases...
3685 4837 104 20 n'Importe
3805 4838 107 21 lesquelles.

3520 4861 50 17 Mais
3585 4865 40 13 non
3641 4865 6 14 r
3662 4861 83 21 j'aurais
3758 4866 49 17 peur
3821 4867 37 16 que
3872 4868 21 13 ce
3908 4864 40 18 zèle

3520 4886 32 17 Me
3565 4887 90 17 conduise
3667 4891 26 13 en
3706 4888 158 18 correctionnelle
3872 4889 5 18 I

3492 4925 32 20 M.
3540 4924 97 22 Charles
3652 4925 106 21 Bernard
3773 4926 67 25 parla
3855 4930 32 18 au
3900 4931 57 17 nom
3973 4927 26 22 d«

3466 4947 24 23 là
3508 4949 103 25 critique,
3629 4950 60 21 mais
3707 4955 27 17 sa
3751 4951 54 21 voix
3823 4952 94 25 parvint
3933 4952 57 21 diffi-

3467 4974 108 23 cilement
3593 4975 16 21 à
3628 4975 105 22 dominer
3752 4976 22 22 le
3793 4977 100 21 tumulte
3912 4978 78 21 incom-

3467 5000 118 24 pressible;
3602 5001 33 20 M.
3651 5001 69 21 Louis
3735 5001 96 22 Piérard
3846 5002 85 22 réussit
3946 5003 15 21 à
3976 5008 23 16 se

3466 5025 60 21 faire
3542 5025 112 22 entendre
3671 5026 106 25 pendant
3799 5028 54 20 cent
3876 5028 124 24 quarante-

3467 5050 52 25 sept
3528 5050 118 25 secondes,
3657 5056 26 16 ce
3694 5052 40 24 qui
3745 5052 137 22 constituait
3893 5057 45 17 une
3950 5058 40 16 ma-

3467 5075 63 21 nière
3546 5076 29 23 de
3590 5076 88 22 record.

3492 5100 56 23 Puis
3563 5100 18 21 il
3596 5106 16 19 y
3628 5102 41 20 eut
3696 5106 83 17 encore
3809 5106 46 17 une
3884 5103 117 22 chanson-

3468 5124 76 23 fleuve
3557 5126 29 21 de
3600 5126 195 25 cinquante-trois
3809 5127 103 26 couplets
3925 5129 65 24 genti-

3467 5151 66 21 ment
3549 5156 75 17 rosses
3639 5156 59 21 pour
3714 5152 34 21 les
3769 5153 134 24 exposants;
3928 5153 73 29 enfin,

3467 5180 45 17 une
3530 5177 88 24 grande
3635 5176 103 26 tragédie
3756 5177 126 26 historique
3899 5180 101 20 mettant

3468 5206 30 16 en
3508 5201 68 22 scène
3586 5202 34 21 les
3630 5207 94 16 amours
3733 5202 29 22 de
3773 5202 126 22 Catherine
3911 5204 28 20 de
3949 5205 51 19 Me-

3468 5227 57 21 dicls
3540 5228 26 21 et
3582 5227 56 21 d'un
3653 5227 94 25 général
3763 5227 103 25 français
3882 5228 39 24 qui
3938 5233 52 17 com-

3468 5252 106 21 mandait
3585 5252 15 21 à
3611 5252 116 22 Waterloo
3739 5257 33 16 un
3783 5253 41 21 des
3834 5253 104 21 derniers
3949 5258 41 17 car-

3468 5276 36 23 rés
3515 5277 29 21 de
3555 5277 24 21 la
3589 5277 75 21 vieille
3675 5277 95 25 garde...
3782 5277 69 22 scène
3861 5278 139 25 interprétée

3468 5306 43 20 par
3526 5302 51 21 M'"
3593 5303 97 24 Hovine,
3706 5303 58 20 MM.
3780 5302 77 22 Léane
3874 5304 25 20 et
3913 5304 87 22 Marcel

3469 5327 106 25 Antoine,
3592 5327 97 25 lesquels
3706 5327 137 26 plongèrent
3860 5328 140 23 l'assistance

3467 5352 60 22 dans
3540 5356 46 18 une
3600 5353 141 24 dangereuse
3754 5352 58 22 crise
3826 5353 122 21 d'hilarité.

3494 5377 21 21 U
3533 5377 78 21 devait
3627 5382 16 20 y
3661 5377 63 21 avoir
3742 5378 63 20 aussi
3822 5382 34 17 un
3872 5378 82 21 récital
3973 5379 27 21 de

3467 5402 77 25 piano,
3561 5403 60 21 mais
3637 5402 162 25 l'instrument,
3823 5403 86 21 atteint
3932 5404 68 21 d'une

3468 5427 136 25 hémiplégie
3620 5427 151 25 Inexplicable
3786 5438 27 5 —
3828 5428 171 25 providentielle

3468 5457 47 16 aux
3529 5453 60 20 dires
3604 5452 40 21 des
3658 5452 135 22 méchantes
3807 5452 96 24 langues
3916 5464 28 4 —
3957 5453 42 22 dut

3468 5477 49 22 être
3533 5477 131 25 transporté
3681 5478 16 21 à
3719 5477 143 22 l'infirmerie
3885 5477 59 22 dans
3967 5482 31 18 un

3468 5502 50 21 état
3529 5501 126 26 désespéré.

3493 5527 89 24 Malgré
3597 5528 61 21 cette
3672 5526 157 22 circonstance
3843 5526 152 23 douloureuse

3467 5552 24 21 la
3503 5551 49 22 fête
3563 5557 26 16 se
3602 5552 127 24 poursuivit
3741 5552 107 24 Jusqu'au
3860 5552 74 24 grand
3946 5556 46 18 nuf

3468 5577 36 21 tin
3514 5581 31 17 ou
3555 5576 16 22 à
3581 5581 46 21 peu
3636 5576 59 26 près.
3753 5577 91 21 Gaston
3857 5577 114 23 Chandry.
