4029 5792
836 1 31 15 ~^
865 1 23 14 m
885 1 287 33 *eeejetejes*eKsweM

3035 5 71 22 hmp

1869 174 95 22 Lundi
1988 174 38 22 15
2047 177 79 22 avril

66 214 121 63 LES
240 208 355 75 RÉSULTATS
660 224 89 63 DE
814 218 349 81 L'ÉLECTION

114 292 311 61 LÉGISLATIVE
458 308 261 53 PARTIELLE
752 316 63 49 DE
848 318 273 57 BRUXELLES

94 399 21 21 Il
128 399 34 20 est
175 400 13 19 4
201 399 84 20 heures
296 400 85 23 quand.
394 401 107 21 Installés
513 403 60 21 dans
587 404 20 22 la

68 424 57 22 ■aile
140 424 110 25 gothique
265 428 15 18 a
308 424 79 22 l'hAtel
415 425 29 21 de
460 426 60 24 ville,
536 428 32 21 les
582 430 26 20 28

69 450 103 22 bureaux
185 450 158 26 dépouillante
356 450 31 21 du
401 452 89 20 canton
504 453 29 21 de
548 454 48 21 Bru-

69 475 73 22 xelles
154 478 100 19 ouvrent
270 475 61 21 leurs
348 476 78 24 portes

96 511 28 5 —
136 500 96 26 Jusqu'à
250 501 100 25 présent,
367 504 60 16 nous
444 501 35 21 dit
496 502 21 21 le
535 503 62 24 prési-

70 526 57 21 da-ut
145 527 32 21 du
194 526 87 21 bureau
299 525 121 26 principal,
437 530 60 17 nous
513 529 97 22 n'avons

70 556 44 21 pas
129 556 84 17 encore
229 555 52 20 reçu
299 555 32 15 un
346 549 50 21 seul
413 552 68 20 envol
492 552 5 21 I

104 577 95 21 Bientôt
237 575 137 26 cependant,
402 574 33 22 les
468 576 143 25 bordereaux

71 603 161 21 commencent
246 602 14 20 k
274 604 87 16 arriver
393 604 41 17 sur
466 606 33 17 un
518 604 92 24 rythnie

72 633 65 16 asses
152 628 55 20 lent.

102 655 19 18 A
138 653 13 19 7
170 653 21 19 h.
207 652 32 21 30.
257 651 23 20 la
297 649 109 22 machine
425 651 187 27 administrative

73 682 40 19 qut
127 682 14 15 a
154 677 135 20 fonctionne
303 679 81 20 jusque
401 676 22 21 là
438 681 56 19 avec
509 681 65 21 toute
589 682 23 22 la

72 702 92 20 célérité
180 699 145 23 .-ouhaitable
340 705 25 16 se
382 703 49 20 met
447 703 164 26 brusquement

71 726 16 20 à
103 730 96 19 grincer.

99 751 115 20 Plusieurs
233 750 111 23 bureaux,
367 756 31 17 en
420 754 67 25 effet,
511 762 24 16 se
559 758 51 22 font

72 776 57 21 tirer
142 775 100 21 l'oreille.

99 802 19 19 A
136 801 13 19 8
172 801 89 21 heures,
284 800 21 21 le
329 802 118 24 président
470 806 32 22 du
524 808 88 22 bureau

72 826 113 26 principal
197 826 29 20 de
241 826 127 24 Bruxelles.
382 830 32 20 M.
428 830 52 23 Van
494 833 112 23 Laethem

73 851 180 24 vice-président
273 852 32 21 du
327 854 104 23 tribunal
451 857 28 21 de
500 860 112 23 première

72 877 114 21 instance,
197 876 80 21 décide
289 878 123 26 d'envoyer
424 886 41 17 sur
476 883 65 26 place
553 886 60 21 deux

72 901 94 24 équipes
187 901 29 21 de
243 912 8 7 .
271 902 306 28 dépanneurs-spécialistes
596 921 18 11 ..

72 926 61 22 Elles
154 931 140 19 reviennent
309 931 108 22 soixante
439 935 103 21 minutes
562 937 52 23 plus

73 952 60 22 tard,
145 955 73 21 ayant
230 954 72 22 établi
314 955 83 23 l'ordre
409 958 60 23 dans
482 965 32 16 un
527 961 87 22 bureau

72 978 29 20 de
117 978 21 21 la
155 982 41 16 nie
212 978 77 22 Haut»
305 983 24 19 et
342 982 60 22 dans
415 984 60 22 celui
491 986 28 21 de
532 987 82 21 l'Ecole

73 1002 112 21 normale.

99 1029 20 20 A
132 1028 13 20 9
161 1028 24 22 h.
203 1030 31 23 15.
248 1030 33 22 les
298 1033 143 23 carabiniers
457 1036 157 23 d'Offenbach

72 1053 32 21 du
123 1053 89 23 bureau
231 1059 26 17 n-
279 1057 31 23 10.
329 1061 126 23 apportent
473 1062 141 26 l'enveloppe

73 1078 139 24 libératrice.

100 1104 80 23 Enfin,
197 1106 23 21 le
238 1107 120 24 président
373 1115 29 17 va
420 1113 97 20 pouvoir
535 1113 68 22 procé-

74 1130 42 20 der
131 1130 16 21 à
164 1131 22 21 la
204 1132 170 25 proclamation
389 1136 40 22 des
446 1137 117 21 résultats.

101 1156 20 20 A
137 1156 14 20 9
167 1156 24 22 h.
207 1158 34 23 30.
258 1159 23 20 la
298 1161 170 24 proclamation
485 1163 41 20 des
542 1162 61 21 résul-

75 1182 49 19 tats
136 1182 101 22 officiels
252 1185 32 21 du
300 1188 88 19 canton
404 1188 28 20 de
446 1188 120 21 Bruxelles
579 1189 36 19 est

74 1205 67 22 faite.
154 1217 28 6 —
194 1209 23 20 J.

155 1240 19 20 A
188 1240 38 21 LA
239 1241 118 23 MAISON
371 1244 41 20 DU
427 1244 114 20 PEUPLE

102 1269 20 20 A
141 1269 23 21 la
184 1272 92 20 tombée
295 1273 29 21 de
343 1274 23 21 la
386 1274 59 22 nuit,
463 1275 53 21 cinq
535 1278 30 16 ou
584 1274 34 20 six

75 1296 68 19 cents
158 1300 127 20 personnes
300 1303 24 16 se
339 1301 54 19 sont
409 1299 154 24 agglomérées
579 1303 40 16 rue

75 1320 90 25 Joseph
179 1322 98 22 Stevens
291 1325 87 21 devant
392 1324 21 21 le
427 1326 150 23 transparent
591 1324 29 21 de

76 1345 24 21 la
116 1346 93 23 Maison
224 1349 32 21 du
271 1350 92 24 Peuple.

104 1371 21 21 Il
137 1377 15 19 y
165 1377 30 17 en
208 1375 64 20 avait
285 1374 14 21 à
312 1379 44 21 peu
369 1374 52 26 près
434 1375 22 20 la
470 1374 79 21 moitié
561 1374 60 21 dans

76 1396 25 22 la
114 1398 58 21 salle
185 1400 40 20 des
239 1400 149 21 conférences
401 1399 30 21 où
444 1400 23 20 la
481 1399 68 20 scène
562 1399 58 20 était

78 1423 100 25 occupée
193 1429 43 21 par
252 1430 45 16 une
313 1425 111 20 escouade
439 1425 29 20 de
482 1424 70 24 garde
567 1428 42 16 rou-

79 1453 39 19 ges
131 1450 108 25 préposés
251 1451 14 20 à
278 1451 22 20 la
314 1450 167 25 proclamation
495 1449 39 20 des
547 1449 61 21 résul-

77 1477 56 18 tats.

104 1500 62 22 Pour
181 1502 102 23 tromper
298 1500 113 21 l'attente,
426 1498 141 21 l'assemblée
582 1503 25 15 re-

80 1526 49 24 prit
146 1531 29 16 en
192 1526 81 20 cherur
289 1525 40 20 des
345 1525 118 19 chansons
479 1523 14 21 à
509 1524 22 19 la
549 1524 73 19 mode.

108 1551 150 21 L'assemblée
271 1550 79 20 ricane
364 1553 29 16 en
408 1548 109 25 présence
530 1549 41 20 des
584 1549 25 20 ré-

80 1576 85 20 sultats
188 1576 39 20 des
250 1574 171 21 communistes,
445 1574 58 20 mais
526 1578 95 20 marque

80 1606 46 15 une
138 1600 102 21 certaine
251 1599 100 23 surprise
363 1603 30 16 en
405 1598 108 25 présence
525 1600 28 20 de
565 1603 55 17 ceux

82 1626 40 20 des
137 1625 109 21 réalistes.

105 1650 37 20 On
164 1654 29 15 ne
214 1649 77 20 donne
313 1649 85 23 jamais
419 1649 22 21 le
462 1649 96 21 nombre
580 1650 40 21 des

78 1674 110 20 bulletins
202 1674 81 20 blancs
298 1678 30 16 ou
343 1674 59 20 nuls.

105 1700 19 19 A
140 1699 24 19 21
182 1699 89 22 heures,
287 1698 91 25 lorsque
394 1699 46 21 l'on
456 1700 117 25 proclame
588 1701 35 21 les

76 1723 111 21 résultats
206 1724 29 20 de
256 1724 38 20 392
315 1724 104 22 bureaux
438 1725 124 22 bruxellois
582 1731 40 17 sur

77 1749 39 20 590
126 1749 39 24 qui
175 1749 78 21 donne
264 1749 72 21 70.000
347 1750 52 21 voix
410 1750 15 21 à
435 1752 32 20 M.
478 1752 79 25 Spaak
568 1752 42 21 l'as-

77 1773 99 21 semblée
188 1776 103 19 entonne
303 1776 201 22 l'Internationale
516 1778 24 21 et
550 1778 60 21 bran-

81 1799 34 21 dit
129 1803 34 18 un
177 1800 71 25 poing
262 1800 80 22 fermé.

104 1824 47 21 Des
175 1824 167 25 mandataires,
367 1827 49 21 seul
440 1828 33 20 M.
497 1828 52 21 Van
572 1830 35 20 Re-

79 1850 99 22 moortel
195 1851 36 20 est
247 1850 95 25 présent
360 1853 24 20 et
401 1853 92 21 montre
507 1858 33 16 un
557 1854 65 22 front

80 1875 115 20 soucieux.
208 1876 122 23 Pourtant,
344 1876 14 21 à
370 1878 26 20 20
409 1878 23 20 h.
445 1878 33 23 30.
491 1879 32 20 M.
537 1879 84 25 Spaak,

80 1899 107 21 ministre
219 1901 41 21 des
290 1902 143 25 Transports
464 1905 110 23 apparait
602 1905 19 21 le

80 1924 71 24 poing
173 1925 50 21 levé
245 1928 26 19 et
293 1927 65 21 salué
382 1932 44 20 par
447 1933 47 16 une
517 1931 104 21 nouvelle

81 1959 9 8 •
107 1950 187 22 Internationale
310 1961 19 12 ».

106 1974 21 21 Il
153 1980 26 15 se
208 1976 92 21 déclare
329 1978 156 22 entièrement
512 1980 110 23 satlsfaio,

81 2001 74 22 ayant
171 2000 58 22 vécu
247 2002 41 20 des
306 2002 86 22 heures
409 2008 65 16 assez
491 2006 131 23 angoissées

82 2029 68 20 parce
164 2026 55 24 qu'il
235 2027 39 21 fut
290 2027 74 25 obligé
378 2029 29 20 de
423 2033 26 17 se
466 2030 59 21 taire
542 2030 81 24 depuis

81 2050 82 25 quinze
176 2051 72 22 jours.

106 2075 125 22 L'élection
246 2077 46 24 qui.
307 2077 17 20 11
339 2082 15 20 y
370 2083 15 16 a
399 2083 34 15 un
448 2079 65 22 mois,
527 2084 25 16 se
568 2080 42 25 pré-

80 2101 87 21 sentait
188 2102 152 24 magnifique,
374 2102 59 22 était
453 2104 104 21 devenue
578 2104 32 21 ha-

82 2126 114 21 sardeuse.

108 2151 21 20 n
144 2156 15 20 y
176 2156 15 16 a
207 2156 31 17 eu
255 2152 91 25 lorsque
363 2153 62 21 deux
441 2153 42 21 des
499 2154 125 21 candidats

83 2177 51 21 sont
148 2176 103 22 devenus
267 2178 125 23 ministres,
409 2183 34 16 un
459 2180 105 20 moment
595 2180 28 20 de

84 2201 88 22 trouble
186 2206 26 17 et
228 2202 28 21 de
272 2202 104 22 désarroi
390 2203 61 21 dans
466 2204 22 21 le
503 2205 63 24 parti
580 2210 31 16 ou-

83 2228 65 20 vrier.

108 2253 39 20 On
164 2257 68 16 verra
247 2252 54 26 plus
316 2253 62 23 tard,
395 2253 72 24 dit-il.
483 2255 80 24 quand
592 2259 32 16 on

83 2277 154 25 comprendra
253 2278 84 23 mitrux,
353 2283 45 20 que
415 2282 60 18 nous
491 2284 72 16 avons
579 2280 46 21 fait

82 2307 45 16 une
141 2303 77 21 bonne
233 2303 77 21 chose.

109 2328 82 23 Quant
209 2328 15 21 à
237 2330 68 20 notre
337 2329 80 20 action
448 2334 31 17 au
497 2334 115 21 gouverne-

82 2355 72 21 ment,
166 2358 60 17 nous
238 2358 74 16 avons
324 2354 22 21 le
359 2355 62 20 droit
433 2355 72 21 d'être
517 2355 95 23 optimis-

83 2379 42 20 tes.

109 2404 63 20 Nous
187 2404 84 21 allions
285 2404 16 20 à
314 2409 48 16 une
376 2405 151 25 catastrophe
540 2406 74 21 écono-

82 2429 79 25 mique
177 2431 25 19 et
220 2429 137 23 monétaire,
370 2429 60 21 dont
447 2430 35 21 les
498 2431 129 21 socialistes

82 2455 135 20 n'auraient
232 2459 44 20 pas
291 2455 38 21 été
345 2455 35 20 les
394 2457 206 20 reconstructeurs.

110 2480 32 20 M.
158 2480 80 24 Spaak
253 2479 91 22 déclare
360 2481 104 25 qu'entre
480 2486 26 16 ce
522 2481 54 24 qu'il
591 2481 36 21 dit

83 2505 150 24 aujourd'hui
248 2506 24 19 et
286 2510 26 16 ce
327 2505 56 25 qu'il
398 2505 70 22 disait
482 2507 59 24 hier,
556 2506 18 21 il
587 2507 40 25 n'y

84 2535 16 16 a
113 2535 92 16 aucune
224 2530 137 22 différence.

110 2556 22 20 H
149 2561 14 15 a
180 2555 121 21 combattu
329 2556 25 20 et
384 2556 94 21 combat
493 2561 84 17 encore
593 2556 35 21 les

84 2580 178 25 représentants
284 2581 42 20 des
347 2581 89 24 grands
457 2581 98 21 Intérêts
578 2582 37 24 pri-

84 2606 47 22 vés.

111 2631 21 20 Il
147 2636 22 16 a.
184 2630 105 22 dénoncé
302 2630 25 21 la
341 2630 112 25 politique
468 2631 28 22 de
512 2631 116 21 déflation

86 2657 40 24 qui
139 2656 60 21 était
213 2656 22 21 le
250 2656 117 21 contraire
381 2656 30 21 de
426 2660 26 17 ce
466 2661 44 20 que
524 2656 48 21 l'on
586 2657 29 21 de-

86 2682 50 20 vait
152 2681 67 20 faire.

111 2706 163 25 Aujourd'hui,
288 2709 22 18 la
327 2707 110 23 Belgique
454 2707 36 20 est
507 2707 107 24 pratique-

86 2733 68 19 ment
174 2731 92 21 sauvée.
280 2731 32 20 Le
346 2731 218 24 secours-chômage
598 2736 31 16 en

87 2757 61 20 avril
161 2758 37 19 est
209 2756 80 22 tombé
300 2756 29 22 de
343 2757 38 20 100
393 2755 103 22 millions
508 2756 15 21 à
536 2757 26 20 80
574 2756 43 21 mil-

88 2781 62 22 lions
166 2782 29 20 de
208 2781 88 21 francs.

115 2807 31 20 Si.
148 2807 60 20 dans
228 2807 58 20 trois
306 2806 67 22 mois,
394 2810 61 16 nous
476 2805 152 25 n'apportons

86 2836 44 20 pas
143 2832 15 20 à
171 2831 24 20 la
208 2831 73 20 classe
294 2830 105 22 ouvrière
412 2831 29 20 de
454 2830 111 21 résultats
572 2833 44 19 tan-

87 2856 80 25 gibles.
180 2855 17 21 11
211 2860 54 16 sera
280 2856 77 23 temps
370 2856 30 20 de
416 2859 60 17 nous
491 2855 113 21 accabler.

114 2882 26 20 Si
160 2881 23 20 la
203 2881 168 21 collaboration
390 2880 79 22 devait
488 2881 60 21 faire
567 2881 52 22 arrê-

86 2906 37 20 ter
137 2905 70 21 l'élan
221 2906 32 21 du
267 2905 138 22 socialisme,
418 2905 24 24 je
458 2905 24 21 la
496 2907 132 20 recomoat-

86 2931 60 20 trais
164 2931 15 20 à
193 2935 114 17 nouveau.

113 2956 34 20 La
166 2955 112 25 politique
299 2956 49 21 doit
367 2955 130 21 continuer.
515 2956 34 20 La
568 2955 60 21 lutte

87 2981 49 20 doit
150 2981 130 20 continuer.

113 3006 33 20 M.
165 3006 80 24 Spaak
263 3011 15 15 a
292 3004 107 22 constaté
416 3010 46 21 que
479 3005 97 26 partout
607 3005 21 21 le

86 3030 64 25 parti
168 3035 75 21 gagne
262 3030 110 26 quelques
389 3031 121 20 centaines
528 3031 29 21 de
577 3031 51 20 voix

86 3057 32 21 et.
131 3056 61 20 dans
208 3055 141 22 l'ensemble,
365 3056 98 20 environ
482 3056 24 21 10
523 3060 23 20 p.
562 3060 21 17 c.
599 3055 29 21 de

86 3086 44 16 son
146 3081 87 21 chiffre
250 3079 117 22 électoral.

114 3107 62 19 C'est
194 3106 24 20 la
235 3110 117 20 promesse
369 3105 56 21 sûre
442 3106 56 20 d'un
516 3105 100 25 magnifi-

86 3136 45 20 que
145 3131 117 24 triomphe
277 3131 110 21 électoral
401 3135 60 21 pour
475 3130 58 21 1936.

113 3155 152 22 L'assemblée
284 3156 126 20 ovationne
427 3156 22 20 le
466 3155 106 22 ministre
591 3155 39 24 qui

87 3186 102 20 regagne
204 3181 24 21 la
244 3185 41 16 rue
303 3181 28 20 de
345 3180 25 22 la
386 3180 47 21 Loi.

114 3208 101 23 Lorsque
231 3206 14 21 à
260 3207 26 19 22
301 3207 85 20 heures
401 3206 26 20 40
441 3211 32 16 on
489 3210 107 16 annonce
610 3206 22 20 le

87 3232 100 21 résultat
223 3231 68 22 final,
328 3231 41 21 des
407 3231 224 25 applaudissements

88 3258 100 21 éclatent
202 3259 24 20 et
237 3257 145 21 l'assistance
394 3261 25 16 se
431 3256 82 25 sépare
520 3261 30 16 en
556 3257 64 20 chan-

90 3285 53 20 tant
156 3282 209 22 l'Internationale.

115 3310 43 19 Les
169 3309 131 25 pronostics
312 3309 29 20 de
353 3308 32 20 M.
398 3307 80 26 Spaak
489 3312 25 16 se
527 3307 53 21 sont
592 3306 28 21 vé-

88 3334 65 21 rifiés
175 3334 97 25 puisque
294 3333 23 21 le
339 3334 64 25 parti
425 3337 76 21 gagne
523 3332 109 25 quelques

90 3360 70 20 13.000
174 3359 59 21 voix.
245 3369 29 5 —
284 3359 27 21 E.

93 3412 59 39 LE
187 3404 446 46 DÉPOUILLEMENT

175 3470 266 22 RÉCAPITULATION
464 3470 84 20 POUR

92 3496 300 21 L'ARRONDISSEMENT
404 3496 39 20 DE
455 3494 176 21 BRUXELLES

198 3520 173 22 RESULTATS
387 3521 41 20 DE
445 3520 52 21 1932
515 3524 8 17 :

181 3552 117 21 Bulletins
310 3552 102 20 valable»;
427 3556 7 15 :
449 3551 92 23 333.885.

119 3583 169 22 Collectivistaîs
304 3587 7 16 :
328 3582 92 21 107.624.

119 3609 122 22 Cléricaux
258 3612 7 16 :
282 3607 90 21 114.553.

118 3634 173 22 Communistes
308 3638 6 15 :
335 3633 78 22 12.601.

117 3658 115 22 Libéraux
247 3664 6 15 :
268 3658 79 21 79.192.

116 3685 132 20 Frontistes
263 3691 6 15 :
285 3683 78 21 13.693.

199 3713 174 21 RESULTATS
388 3713 40 20 DE
445 3712 51 21 1935
515 3717 7 15 :

120 3745 168 25 Communiqué
304 3745 15 21 à
337 3746 26 19 22
382 3746 23 20 h.
421 3745 25 20 45
464 3749 32 16 au
515 3743 118 23 ministère

93 3772 28 23 de
136 3772 138 20 l'Intérieur.

172 3803 117 19 Electeurs
312 3801 93 21 inscrits
430 3809 8 15 :
462 3801 92 21 380.285.

118 3834 117 21 Bulletins
245 3833 82 22 blancs
336 3835 26 20 et
373 3832 54 21 nuls
442 3838 6 16 :
463 3832 91 21 131.324.

118 3860 72 20 Votes
206 3859 103 21 valables
328 3864 5 15 :
349 3859 92 21 248.961.

119 3885 173 20 Communistes
312 3884 128 20 (Relecom)
464 3887 7 16 :
490 3882 79 22 18.757.

118 3910 169 20 Collectivistes
307 3909 98 24 (Spaak)
433 3913 6 16 :
463 3908 90 21 120.734.

118 3934 116 21 Réalistes
253 3935 131 20 (Janssens)
406 3938 7 16 :
430 3934 80 23 45.772.

118 3960 66 20 Parti
200 3959 107 21 national
323 3959 77 25 indép.
421 3958 87 22 (Cools)
529 3964 6 15 :
556 3958 76 21 18.864.

118 3985 66 20 Parti
202 3985 100 20 colonial
321 3984 149 21 (Maenhout)
495 3989 6 16 :
524 3984 64 20 1.385.

121 4010 174 24 Commerçants
314 4009 75 22 cléric.
412 4009 102 21 (Moens)
540 4014 6 16 :
567 4008 66 21 2.854.

120 4035 66 20 Parti
199 4039 58 16 com.
269 4037 26 21 et
310 4035 28 21 cl.
351 4039 60 20 moy.
430 4035 109 20 (Misson)
552 4038 7 16 :
568 4034 65 21 6.496.

122 4060 148 23 Corporatist.
295 4060 38 21 (de
351 4060 194 24 Saint-Georges)
559 4063 6 16 :
576 4058 57 21 1.492

121 4084 165 22 Nationalistes
298 4085 65 22 flam.
379 4086 45 21 (De
437 4085 90 25 Clercq)
535 4089 5 16 :
554 4084 79 21 32.550.

121 4109 33 21 M.
173 4110 77 23 Spaak
266 4112 37 19 est
320 4110 45 22 élu.

118 4140 55 20 LES
193 4140 237 21 POURCENTAGES
451 4141 155 21 OFFICIELS

119 4170 67 21 Voici
215 4170 34 20 les
279 4173 165 23 pourcentages
473 4171 102 22 officiels
606 4171 28 21 de

92 4195 116 22 l'élection
224 4195 126 24 législative
367 4197 105 25 partielle
489 4198 29 20 de
534 4197 87 21 l'arron-

94 4221 128 21 dissement
238 4222 29 20 de
283 4222 118 21 Bruxelles
418 4223 83 21 établis
518 4227 43 21 par
577 4226 44 21 rap-

95 4249 53 23 port
161 4252 31 16 au
207 4247 96 20 nombre
317 4247 132 21 d'électeurs
463 4249 93 20 inscrits
573 4252 6 16 :

120 4271 118 21 Electeurs
263 4272 93 20 inscrits
381 4277 31 16 en
436 4274 50 19 1935
515 4278 6 17 :
548 4273 84 21 380.285

94 4298 81 20 eontre
188 4297 86 21 372.485
287 4302 31 16 en
331 4297 57 21 1932.

119 4322 71 21 Votes
208 4322 103 21 valables
330 4323 83 20 248.961
433 4323 44 21 soit
496 4324 58 23 65,46
573 4329 23 19 p.
615 4329 18 16 c.

95 4350 81 19 eontre
190 4353 31 16 en
237 4348 51 21 1932
303 4347 85 21 333.885
404 4349 44 20 soit
463 4349 59 22 89,64
538 4355 21 19 p.
574 4354 20 16 c.

119 4374 106 24 Absents,
244 4373 81 21 blancs
344 4375 23 19 et
386 4373 53 21 nuls
460 4378 6 16 :
488 4375 83 20 131.324
589 4375 44 20 soit

95 4399 58 22 34.56
166 4404 22 21 p.
202 4404 18 16 c.
235 4399 81 21 contre
329 4398 72 21 38.600
414 4399 45 20 soit
473 4399 56 23 10,36
543 4404 21 21 p.
578 4404 18 16 c.

121 4425 173 21 Communistes
309 4424 70 20 18.757
393 4425 46 20 soit
452 4424 45 22 4,93
511 4430 22 19 p.
547 4430 18 15 c.
578 4430 45 16 con-

94 4450 35 20 tre
144 4451 69 20 12.601
227 4449 46 22 soit
286 4450 46 22 3.39
345 4454 22 21 p.
380 4453 20 17 c.

121 4476 133 21 Socialistes
271 4475 84 21 120.784
371 4475 45 20 soit
432 4474 59 24 31,76
507 4479 22 21 p.
545 4480 19 16 c.
580 4480 43 16 con-

95 4500 34 21 tre
143 4502 84 20 107.624
240 4502 46 20 soit
299 4501 59 22 28,85
371 4505 22 21 p.
407 4505 20 16 C.

120 4526 167 21 Nationalistes
325 4525 120 21 flamands
482 4524 72 21 32.550
592 4526 44 20 soit

96 4551 43 24 8,55
154 4558 21 20 p.
190 4558 19 16 c.
224 4553 81 20 contre
321 4552 70 19 13.693
407 4551 45 20 soit
466 4550 46 23 3,71
527 4555 22 21 p.
564 4555 19 16 c.

122 4578 63 21 Parti
199 4578 95 20 réaliste
308 4577 72 20 45.772
395 4577 46 20 soit
456 4576 57 23 12,03
528 4580 22 20 p.
565 4580 19 16 c.

120 4602 63 22 Parti
199 4603 108 21 national
323 4602 162 25 indépendant
502 4601 72 20 18.864
590 4601 45 20 soit

97 4626 44 25 4,96
154 4634 21 20 p.
189 4634 19 16 c.

121 4653 62 23 Parti
199 4654 99 23 colonial
315 4653 68 24 1.385;
402 4652 171 24 commerçants
588 4650 35 22 clé-

95 4677 78 22 ricaux
199 4680 69 23 2.854;
300 4679 171 24 cosnmOTçants
499 4678 24 20 et
551 4677 85 21 classes

97 4707 122 21 moyennes
242 4705 68 23 6.496;
338 4705 63 25 parti
426 4703 128 26 corporatif
579 4702 57 21 1.492

96 4730 44 20 soit
154 4731 115 20 ensemble
283 4731 45 22 3.21
343 4735 59 21 pour
416 4731 61 20 cent.

119 4754 61 22 Pour
201 4756 116 23 mémoire,
339 4761 29 16 en
392 4755 51 21 1932
465 4754 34 22 les
519 4753 117 22 cléricaux

96 4779 133 23 obtenaient
241 4782 82 20 114.553
334 4782 45 21 soit
390 4782 61 21 30.80
461 4786 22 20 p.
493 4785 20 16 c.
524 4780 44 20 Les
578 4779 46 22 libé-

97 4808 57 18 raux
166 4805 71 21 79.192
250 4808 45 21 soit
306 4807 58 24 21,21
378 4812 22 21 p.
414 4812 19 16 c.
446 4806 43 21 Les
502 4806 80 20 autres
595 4809 28 21 pe-

96 4830 42 20 tits
157 4832 73 23 partis
249 4832 78 21 réunis
346 4833 138 21 obtenaient
504 4831 59 21 6.222
583 4831 52 21 voix

97 4856 45 20 soit
158 4856 44 23 1,68
218 4861 56 20 pour
289 4859 60 20 cent.
363 4867 29 6 —
405 4858 80 24 Belga.

178 4907 121 30 CANTON
314 4911 38 27 DE
369 4910 185 30 BRUXELLES

199 4946 169 23 RESULTATS
389 4950 40 21 DE
451 4948 52 22 1932
524 4953 8 17 :

194 4975 113 23 Bulletins
321 4979 99 22 valables
438 4985 7 17 :
462 4979 80 22 53.147.

129 5004 163 24 Collectivistes
309 5012 6 16 :
331 5009 68 22 18.858

128 5030 118 22 Cléricaux
265 5037 6 16 ;
290 5033 68 22 13.814

130 5056 167 23 Communistes
317 5063 6 16 :
342 5060 59 22 3.015

128 5080 110 23 Libéraux
255 5087 7 16 :
280 5084 74 23 15.130.

126 5105 127 23 Frontlstses
268 5112 6 16 :
292 5109 63 22 1.069.

198 5137 170 25 RESULTATS
390 5141 39 21 DE
451 5142 52 22 1935
523 5147 8 17 :

296 5171 138 23 OFFICIEL

124 5199 113 23 Bulletins
249 5201 81 22 blancs
339 5204 26 20 et
375 5204 54 21 nuls
444 5209 6 17 :
463 5205 73 21 20.645
553 5205 80 22 (333.).

124 5225 69 22 Votes
208 5227 102 21 valables
329 5233 6 15 :
352 5229 78 21 40.186.

124 5251 169 23 Communistes
310 5253 127 23 (Relecom)
455 5260 6 16 :
477 5256 59 20 4.219

124 5276 164 23 Collectivtstes
309 5278 98 26 (Spaak)
432 5285 6 15 :
457 5280 80 22 20.518.

123 5300 113 23 Réalistes
255 5303 131 22 (Janssens)
409 5309 6 16 :
433 5305 66 23 6305.

124 5326 64 22 Parti
203 5328 107 21 national
330 5329 76 25 indép.
428 5331 88 21 (Cools)
541 5335 7 16 :
568 5330 66 21 4.029.

122 5351 65 22 Parti
201 5352 99 23 colonial
316 5355 149 21 (Maenhout)
487 5360 5 16 :
510 5356 46 21 244.

123 5377 174 25 Commerçants
311 5378 115 23 cléricaux
443 5380 102 22 (Moens)
566 5384 6 17 :
589 5380 45 22 598.

122 5401 66 22 Parti
201 5407 57 16 com.
271 5405 25 19 et
306 5404 29 20 cl.
348 5408 60 20 moy.
425 5404 108 23 (Misson)
554 5412 6 6 •
577 5405 57 20 1641.

123 5426 169 25 Corporatistes
307 5429 38 20 (de
357 5430 31 20 Sa
390 5429 35 21 Int
427 5431 123 23 -Georges)
570 5435 6 16 :
589 5430 46 20 385.

123 5452 166 21 Nationalistes
300 5454 64 22 flam.
382 5456 43 20 (De
439 5455 90 23 Clercq)
548 5460 5 15 :
571 5455 64 21 1.747.

125 5476 170 22 Observations.
313 5488 28 5 —
360 5480 32 19 p«
394 5484 11 15 r
425 5481 97 20 rapport
541 5480 15 20 à
578 5479 57 22 1932.

98 5499 34 22 les
148 5501 165 22 communistes
330 5506 103 19 gagnent
452 5505 58 19 1.204
525 5505 58 21 voix,
602 5505 33 21 les

99 5525 160 30 collectivistes
270 5530 102 22 gagnent
384 5528 57 22 1.680
452 5529 53 21 voix
522 5529 34 22 les
567 5529 67 22 fron-

100 5549 66 24 tak'.es
181 5551 38 21 678
232 5551 58 22 voix.

711 419 123 33 CANTON
850 425 239 33 D'ANDERLECHT

739 459 172 27 RESULTATS
928 467 39 20 DE
984 467 51 21 1932
1054 473 6 15 :

722 490 114 25 Bulletins
855 497 102 22 valables
978 504 7 15 :
1004 499 79 22 27.999.

659 520 166 27 Collectivistes
841 534 5 16 :
862 528 68 22 12.701

659 546 121 25 Cléricaux
797 556 6 18 :
819 553 65 22 8.312.

659 572 172 27 Communistes
850 583 5 16 :
875 580 56 20 1.102

660 598 113 24 Libéraux
791 607 6 16 :
814 603 58 21 4.544

659 623 129 26 Frontistes
804 633 5 15 :
824 623 56 28 949.'

734 658 172 24 RESULTATS
929 662 39 20 DE
991 662 50 21 1935
1062 668 8 13 i

833 692 139 22 OFFICIEL

660 720 115 23 Bulletins
787 723 81 21 blancs
878 725 25 20 et
906 718 63 28 "nuls
984 730 6 16 :
1005 726 70 21 10.248
1091 727 71 21 (31^1

661 745 70 22 Votes
743 748 101 21 valables
857 754 6 15 :
877 750 78 20 21.960.

661 771 172 22 Communistes
852 774 127 21 (Relecom)
1002 781 6 15 :
1027 777 64 22 1.671.

661 797 167 22 Collectivistes
846 800 97 21 (Spaak)
963 805 6 16 :
988 801 77 22 12.929.

662 822 114 22 Réalistes
791 824 131 21 (Janssens)
943 830 6 16 :
964 826 65 22 3.622.

662 847 64 21 Parti
746 849 105 21 national
868 850 76 25 indép.
966 851 87 21 (Cools)
1079 858 5 16 ;
1102 854 45 20 860.

662 873 63 20 Parti
740 874 99 20 colonial
857 876 149 23 (Maenhout)
1027 882 6 16 :
1051 878 44 21 120.

661 898 175 24 Commerçants
856 900 66 21 clerc.
946 902 101 20 (Moens)
1075 908 5 15 :
1102 904 45 20 235.

662 924 65 20 Parti
742 929 58 16 com.
815 926 25 20 et
855 925 28 21 cl.
899 930 59 18 moy.
978 928 107 21 iMtsson)
1107 936 6 15 :
1128 930 44 20 509.

662 949 170 24 Corporatistes
851 951 38 21 (de
905 952 193 24 Saint-Georges)
1118 959 5 15 :
1142 955 30 21 81.

664 975 166 21 Nationalistes
842 976 65 21 flam.
923 978 44 21 (De
980 978 90 23 Clercq)
1089 984 6 15 :
1112 979 56 20 1.933

664 1000 171 22 Observations.
852 1010 28 6 —
901 1002 45 21 Par
968 1004 95 21 rapport
1084 1004 15 20 à
1119 1004 54 22 1932,

638 1025 32 19 les
691 1026 166 20 communistes
879 1030 102 21 gagnent
1002 1028 39 20 569
1062 1030 59 20 voix,
1143 1029 32 20 les

638 1048 160 23 collectivistes
814 1054 102 21 gagnent
932 1052 39 21 228
986 1054 57 20 voix,
1059 1053 34 20 les
1109 1053 53 21 fron

639 1075 66 21 tlstes
720 1079 103 21 gagnent
838 1077 40 20 984
892 1077 59 21 voix.

763 1115 123 29 CANTON
903 1116 149 29 D'ASSCHE

747 1159 173 21 RESULTATS
936 1161 39 19 DE
993 1161 51 20 1932
1063 1167 6 14 :

733 1188 114 22 Bulletins
863 1190 102 21 valables
983 1197 6 14 :
1006 1191 77 22 14.572.

666 1213 168 22 Collectivistes
848 1220 5 15 :
868 1216 66 21 2.494.

667 1237 120 24 Cléricaux
804 1244 5 15 :
825 1240 66 21 8.351.

666 1263 172 23 Communistes
855 1270 5 14 :
876 1265 33 21 98.

668 1288 113 20 Libéraux
798 1294 5 15 :
820 1290 64 20 1.355.

666 1313 129 21 Frontistes
808 1320 6 16 :
827 1315 66 21 2.184.

743 1344 172 23 RESULTATS
937 1347 40 20 DE
999 1346 52 21 1935
1071 1352 8 14 l

842 1376 138 22 OFFICIEL

668 1405 115 21 Bulletins
799 1407 82 21 blancs
896 1410 25 19 et
938 1409 53 21 nuls
1008 1413 6 17 :
1033 1409 65 22 4.951.

669 1431 69 20 Votes
754 1432 102 21 valables
876 1438 6 15 :
902 1434 77 20 10.857.

668 1456 173 22 Communistes
858 1458 127 22 (Relecom)
1007 1464 6 15 :
1029 1460 46 23 274,

669 1481 168 21 Collectivistes
858 1483 98 24 (Spaak)
981 1489 5 15 :
1004 1485 65 21 2.888.

669 1504 115 23 Réalistes
801 1508 131 21 (Janssens)
953 1514 5 15 :
977 1510 63 23 1.004.

669 1531 64 20 Parti
750 1533 106 20 national
874 1533 122 25 Indépend.
1018 1535 86 23 (Cools)
1112 1541 5 16 :
1139 1537 40 21 109.

669 1556 64 21 Parti
750 1558 100 21 colonial
869 1559 149 23 (Maenhout)
1041 1566 6 16 ;
1064 1561 34 22 27.

670 1582 176 23 Commerçants
859 1584 114 22 cléricaux
993 1587 101 21 (Moens)
1114 1595 6 16 :
1138 1588 31 21 55.

669 1607 66 21 Parti
747 1608 31 21 du
792 1613 57 16 com.
859 1610 26 21 et
896 1610 28 21 cl.
937 1615 59 21 moy.
1014 1612 107 22 (Misson)
1129 1618 5 16 :
1150 1614 25 20 33

670 1633 171 23 Corporatistes
863 1636 38 20 (de
920 1636 152 25 St-Georges)
1098 1643 6 16 :
1124 1639 20 21 9.

670 1658 167 23 Nationalistes
854 1660 66 23 flam.
944 1663 44 21 (De
1006 1663 90 26 Clercq)
1104 1669 5 16 :
1119 1665 61 20 6.458

671 1683 172 27 Observations.
860 1696 28 6 —
904 1687 59 21 Très
998 1689 61 21 forte
1096 1694 88 17 avance

645 1709 109 21 frontiste
767 1715 43 20 par
820 1714 98 22 rapport
929 1713 15 21 à
957 1714 57 21 1932.
1024 1715 44 20 Les
1080 1719 91 17 commu-

644 1736 73 19 nistes
730 1735 102 25 gagnent
849 1738 38 20 176
902 1739 59 22 voix,
976 1739 34 21 les
1024 1740 159 22 collectivistes

645 1760 40 21 394
699 1761 53 21 voix
767 1763 25 20 et
809 1763 34 20 les
859 1763 122 22 frontistes
997 1765 60 21 4.274
1073 1767 59 21 voix.

782 1808 122 30 CANTON
933 1811 38 28 DE
990 1811 60 29 HAL

753 1853 173 23 RESULTATS
942 1855 40 21 DE
999 1856 51 20 1932
1069 1861 8 16 :

739 1884 116 22 Bulletins
868 1886 102 22 valables
988 1893 7 16 :
1013 1887 77 21 16.038.

672 1915 168 23 Colleotlvistes
857 1922 6 16 :
880 1918 66 24 6.101.

672 1940 121 22 Cléricaux
810 1947 5 15 :
833 1943 65 21 7.055.

673 1966 172 22 Communistes
861 1973 5 15 :
881 1969 47 22 277.

672 1990 114 22 Libéraux
802 1997 6 16 :
823 1994 63 20 1.196.

671 2016 130 22 Frontistes
818 2022 6 16 :
843 2019 64 20 1.314.

747 2048 173 23 RESULTATS
942 2050 39 21 DE
1003 2051 52 21 1935
1076 2061 7 11 .

846 2081 139 22 OFFICIEL

673 2110 115 22 Bulletins
801 2111 82 22 blancs
894 2114 25 20 et
930 2114 54 21 nuls
1000 2118 7 17 :
1022 2115 59 21 5.910
1098 2115 34 21 (33
1142 2113 33 25 *)

672 2135 71 21 Votes
753 2136 103 22 valables
870 2142 6 16 :
891 2139 77 21 11.800.

673 2161 173 22 Communistes
863 2164 127 22 (Relecom)
1012 2169 6 16 :
1032 2165 39 21 455

673 2186 168 22 Collectivistes
856 2189 99 24 (Spaak)
974 2195 5 15 :
994 2191 65 20 6.300.

673 2211 115 22 Réalistes
805 2213 131 21 (Janssens)
956 2219 7 17 :
980 2215 64 21 1.333.

673 2237 66 20 Parti
756 2238 108 21 national
881 2239 76 25 indép.
978 2241 100 21 (Cools):
1098 2241 45 22 258.

673 2262 66 21 Parti
756 2263 100 21 colonial
873 2265 149 20 (Maenhout)
1046 2272 6 18 j
1071 2266 33 24 49.

674 2288 177 24 Commerçants
864 2289 116 22 cléricaux
997 2284 114 29 (Moens)':
1127 2292 33 21 57.

673 2313 66 21 Parti
752 2314 32 20 du
795 2319 58 16 com.
865 2316 25 21 et
903 2315 27 23 cl.
944 2320 59 20 moy.
1019 2316 108 22 (Misson)
1134 2322 6 16 :
1155 2317 32 21 65.

674 2339 172 24 Corporatistes
859 2340 38 22 (de
909 2341 193 26 Saint-Georges)
1109 2347 6 16 :
1128 2342 33 21 22.

674 2364 168 22 Nationalistes
858 2365 65 23 flam.
941 2367 43 21 (De
1001 2366 104 26 Clercq):
1122 2368 65 20 3.261.

675 2390 172 21 Observations.
863 2401 29 6 —
911 2392 47 20 Par
977 2393 97 23 rapport
1094 2393 15 21 à
1131 2393 56 22 1932.

649 2414 34 21 les
704 2416 166 21 communiste
891 2418 103 23 gagnent
1017 2418 37 20 178
1076 2418 58 22 voix,
1155 2419 33 20 les

649 2440 161 22 collectivistes
827 2445 102 21 gagnent
945 2443 37 20 199
998 2443 60 25 voix,
1073 2443 34 22 les
1121 2444 54 21 fron-

650 2466 66 21 tistes
732 2469 105 22 gagnent
853 2468 58 20 1.947
927 2469 59 21 voix.

762 2512 123 30 CANTON
913 2514 162 29 DMXELLES

758 2563 173 22 RESULTATS
947 2565 40 21 DE
1003 2565 52 21 1932
1074 2571 7 16 :

745 2595 115 21 Bulletins
873 2596 102 21 valables
993 2602 7 16 :
1018 2598 77 19 31.259.

678 2626 168 22 Collectivistes
863 2633 6 15 :
886 2628 66 22 8.423.

679 2652 121 21 Cléricaux
817 2657 6 16 :
838 2653 77 21 11.497.

679 2678 172 21 Communistes
868 2683 5 15 :
891 2679 64 21 1.201.

678 2703 114 20 Libéraux
809 2710 6 16 :
833 2704 78 24 11.802.

677 2728 131 21 Frontistes
824 2734 6 15 :
845 2729 46 20 483.

752 2759 173 22 RESULTATS
946 2760 40 21 DE
1008 2760 52 21 1935
1080 2765 8 16 :

851 2791 138 20 OFFICIEL

677 2821 115 21 Bulletins
802 2822 80 20 blancs
893 2824 23 18 et
928 2822 53 20 nuls
994 2827 6 16 :
1014 2822 70 20 15.162
1099 2822 35 21 (37
1147 2822 40 21 %).

677 2847 70 20 Votes
761 2847 102 20 valables
879 2852 6 15 :
901 2847 79 21 24.881.

678 2872 170 20 Communistes
867 2872 127 21 (Relecom)
1017 2877 6 16 :
1042 2872 64 21 1.685.

678 2897 165 21 Collectivistes
864 2897 98 25 (Spaak)
986 2902 6 16 :
1013 2898 77 21 10.714.

677 2923 114 20 Réalistes
811 2923 131 21 (Janssens)
965 2928 6 16 :
989 2923 65 21 6.613.

677 2948 66 21 Parti
756 2949 106 20 national
875 2948 77 26 indép.
970 2949 86 21 (Cools)
1077 2953 6 16 :
1099 2949 65 20 3.069.

677 2974 65 20 Parti
756 2974 99 21 colonial
873 2974 149 21 (Maenhout)
1043 2979 6 16 :
1067 2974 44 21 180.

677 2999 176 24 Commerçants
864 2999 115 21 cléricaux
993 3000 101 21 (Moens)
1112 3005 6 16 :
1132 3000 45 20 235.

676 3025 65 20 Parti
751 3025 31 20 du
793 3029 57 16 com.
861 3025 23 20 et
895 3024 27 21 cl.
933 3029 59 20 moy.
1006 3025 107 22 (Misson)
1131 3030 5 15 :
1146 3025 44 21 755.

678 3050 169 24 Corporatistes
867 3050 202 24 (Saint-Georges)
1092 3056 6 15 :
1116 3051 45 20 244.

677 3076 167 20 Nationalistes
856 3076 65 21 flam.
938 3077 45 20 (De
996 3076 89 25 Clercq)
1105 3081 6 16 :
1128 3077 61 20 1.386.

678 3100 171 21 Observations.
870 3113 28 4 —
918 3102 46 20 Par
985 3104 97 23 rapport
1103 3101 15 21 à
1141 3102 49 20 1932

651 3126 33 20 les
695 3127 165 20 communistes
871 3128 102 23 gagnent
983 3127 39 20 484
1031 3127 59 22 voix,
1100 3128 34 20 les
1144 3127 35 21 col-

652 3151 125 21 lectivistes
796 3155 102 21 gagnent
916 3153 59 20 2.291
995 3153 58 23 voix,
1072 3153 34 21 les
1125 3153 54 21 fron-

652 3177 66 20 tistes
730 3179 102 23 gagnent
844 3178 38 20 903
894 3178 59 21 voix.

750 3224 122 28 CANTON
897 3225 39 27 DE
952 3224 137 29 LENNICK

760 3268 173 21 RESULTATS
949 3269 40 20 DE
1006 3269 51 20 1932
1076 3274 8 15 :

745 3300 115 21 Bulletins
875 3300 103 21 valables
995 3305 8 17 :
1021 3301 75 20 11.201.

680 3331 167 21 Collectivistes
864 3336 7 16 :
888 3332 65 21 1.659.

680 3356 122 21 Cléricaux
820 3362 6 15 :
844 3357 65 20 6.071.

680 3382 172 20 Communistes
868 3387 6 15 :
890 3383 33 20 85.

679 3407 115 21 Libéraux
810 3412 6 16 :
832 3407 46 22 907.

679 3433 130 20 Frontistes
824 3438 6 15 :
847 3433 66 21 2.435.

754 3464 173 22 RESULTATS
949 3464 40 21 DE
1011 3464 52 21 1935
1084 3469 7 16 :

854 3496 139 20 OFFICIEL

679 3528 117 21 Bulletins
808 3528 83 21 blancs
904 3529 25 20 et
943 3527 55 22 nuls
1015 3533 6 16 :
1034 3528 59 21 4.255
1112 3527 81 23 (34%).

681 3554 70 20 Votes
762 3553 103 21 valables
880 3558 6 16 :
900 3554 66 22 8.011.

681 3579 172 21 Communistes
872 3579 128 21 (Relecom)
1023 3584 7 15 :
1050 3579 44 21 122.

681 3604 167 21 Collectivistes
866 3604 98 25 (Spaak)
986 3611 6 17 :
1006 3604 67 24 2.058.

680 3629 115 21 Réalistes
815 3631 142 20 (Janssens).

680 3654 66 21 Parti
761 3656 107 21 national
883 3655 77 25 indép.
982 3655 87 21 (Cools)
1094 3660 7 16 :
1123 3655 38 20 150

680 3681 66 19 Parti
768 3680 98 21 colonial
892 3680 149 21 (Maenhout)
1070 3684 6 17 :
1101 3680 32 21 17.

681 3706 176 23 Commerçants
873 3704 117 22 cléricaux
1011 3706 102 21 (Moens)
1134 3710 7 16 :
1160 3705 34 21 59.

680 3730 66 21 Parti
758 3731 31 20 du
802 3736 58 15 com.
871 3734 25 18 et
908 3731 28 20 cl.
948 3735 60 20 moy.
1025 3731 107 21 (Misson)
1147 3736 5 15 :
1161 3731 33 20 48.

681 3757 170 22 Corporatistes
870 3757 38 20 (de
925 3757 193 23 Saint-Georges)
1140 3761 6 15 :
1163 3756 31 20 12.

681 3781 167 21 Nationalistes
858 3781 66 23 flam.
940 3782 44 21 (De
998 3781 90 25 Clercq)
1107 3786 6 16 :
1128 3782 66 20 4.653.

682 3806 171 22 Observations.
872 3817 29 5 —
920 3808 46 19 Par
983 3808 96 23 rapport
1099 3807 15 21 à
1137 3807 57 21 1932.

654 3832 34 20 les
712 3833 166 20 communistes
902 3833 103 24 gagnent
1028 3832 26 20 37
1078 3833 59 21 voix,
1161 3831 33 21 les

654 3858 162 20 collectivistes
826 3859 104 23 gagnent
941 3858 59 21 2.058
1012 3857 58 24 voix,
1082 3858 34 21 les
1127 3858 54 20 fron-

656 3884 66 20 tistes
737 3885 102 23 gagnent
856 3884 59 19 2.218
933 3883 58 21 voix.

722 3929 123 29 CANTON
873 3929 39 28 DE
934 3928 193 30 MOLENBEEK

761 3973 173 21 RESULTATS
950 3973 40 20 DE
1007 3973 51 20 1932
1077 3978 8 15 :

746 4006 115 20 Bulletins
884 4004 103 22 valables
1001 4010 7 16 :
1023 4004 79 22 31.056.

680 4037 168 22 Collectivistes
863 4042 6 15 :
885 4037 77 21 13.154.

681 4063 122 21 Cléricaux
819 4067 6 16 :
840 4063 66 23 8.318.

681 4088 172 21 Communistes
870 4094 6 16 :
891 4087 65 21 1.515.

680 4112 115 22 Libéraux
812 4119 6 16 :
835 4113 66 23 6.791.

680 4140 130 20 Frontistes
826 4144 6 15 :
847 4139 46 20 749.

755 4169 172 22 RESULTATS
949 4169 40 21 DE
1011 4169 52 21 1935
1083 4174 9 15 I

855 4201 138 21 OFFICIEL

680 4233 116 21 Bulletins
807 4233 81 21 blancs
898 4233 27 21 et
935 4232 56 21 nuls
1003 4237 7 17 :
1026 4232 69 20 11.209
1112 4231 81 23 (31%).

681 4260 70 20 Votes
766 4259 103 20 valables
888 4264 6 15 :
912 4259 79 20 24.002.

681 4284 172 21 Communistes
872 4284 127 21 (Relecom)
1022 4288 6 16 :
1046 4283 66 21 2.201.

681 4310 167 20 Collectivtstes
864 4309 98 25 (Spaak)
979 4316 5 15 :
1001 4308 77 24 13.789.

680 4335 116 21 Réalistes
816 4335 131 20 (Janssens)
968 4339 6 16 :
993 4334 66 21 3.955.

681 4361 65 20 Parti
765 4360 107 21 national
889 4359 76 25 indép.
988 4358 87 23 (Cools)
1101 4362 7 17 :
1130 4358 64 21 1.151.

681 4386 66 20 Parti
765 4386 100 20 colonial
888 4385 149 21 (Maenhout)
1063 4389 6 16 :
1092 4384 44 22 121.

681 4411 176 24 Commerçants
870 4410 116 21 cléricaux
1004 4410 101 21 (Moens)
1126 4414 6 16 :
1148 4409 46 21 460.

681 4437 66 20 Parti
756 4437 30 20 du
799 4441 59 16 com.
869 4439 25 19 et
906 4435 28 21 cl.
944 4438 59 21 moy.
1019 4435 107 20 (Misson)
1141 4435 53 21 :764.

682 4462 170 23 Corporatistes
867 4462 38 20 (de
918 4461 193 24 Saint-Georges)
1130 4465 6 15 :
1151 4460 42 20 139.

681 4487 168 20 Nationalistes
860 4487 66 20 flam.
942 4487 44 20 (De
999 4485 90 25 Clercq)
1109 4490 6 16 :
1130 4485 63 20 1.422.

682 4512 172 20 Observations.
872 4521 29 6 —
919 4512 47 20 Par
985 4512 97 23 rapport
1101 4511 14 21 à
1138 4511 55 22 1932,

656 4537 34 20 les
712 4538 165 20 communistes
895 4538 103 23 gagnent
1019 4537 39 20 686
1080 4536 59 24 voix,
1161 4535 33 21 les

656 4562 161 21 collectivistes
840 4563 103 24 gagnent
966 4562 39 21 635
1031 4561 53 21 voix
1109 4562 26 20 et

657 4587 121 21 frontistes
798 4589 104 23 gagnent
922 4588 39 20 673
983 4587 59 24 voix.

717 4633 122 29 CANTON
860 4634 39 27 DE
916 4632 216 30 SAINT-GILLES

765 4677 171 21 RESULTATS
952 4678 40 20 DE
1009 4677 51 20 1932
1079 4683 7 14 :

748 4708 114 21 Bulletins
877 4708 102 22 valables
998 4714 7 15 :
1023 4708 78 21 16.786.

683 4739 167 21 Collectivistes
865 4744 6 15 :
885 4739 66 23 6.178.

684 4764 121 21 Cléricaux
823 4769 5 15 :
846 4764 65 22 3.878.

683 4790 172 20 Communistes
871 4794 6 15 :
892 4790 47 21 952.

683 4814 114 22 Libéraux
815 4819 6 16 :
837 4815 66 22 5.200.

681 4840 130 21 Frontistes
830 4844 6 16 :
854 4840 45 20 153.

756 4876 173 22 RESULTATS
950 4878 40 20 DE
1012 4878 51 21 1935
1084 4883 7 15 :

856 4908 138 21 OFFICIEL

681 4940 116 22 Bulletins
809 4939 82 21 blancs
902 4941 26 19 et
940 4940 53 21 nuls

681 4967 71 20 Votes
767 4965 103 21 valables
889 4970 5 15 :
914 4965 77 21 12.918.

683 4991 172 22 Communistes
869 4990 127 21 (Relecom)

683 5016 167 22 Collectivistes
868 5015 98 25 (Spaak)
987 5020 6 16 :

681 5043 115 21 Réalistes
813 5042 131 20 (Janssens)
964 5045 6 16 :
985 5040 65 25 2.645.

681 5068 66 21 Parti
763 5067 108 22 national
885 5065 77 26 indép.
983 5066 100 21 (Coois):
1104 5066 64 21 1.394.

680 5094 67 20 Parti
764 5092 99 22 colonial
884 5091 149 21 (Maenhout)
1056 5097 7 17 :
1082 5090 33 22 79.

682 5118 177 24 Commerçants
873 5115 115 23 cléricaux
1004 5115 114 22 (Moens):
1136 5115 44 22 102.

680 5145 67 20 Parti
759 5144 32 21 du
804 5147 58 17 com.
873 5143 26 22 et
912 5142 27 21 cl.
952 5145 59 20 moy.
1022 5141 98 21 Misson)
1127 5146 6 16 :
1147 5141 46 22 377.

681 5169 170 24 Corporatistes
869 5168 38 21 (de
922 5166 207 25 Saint-Georges):
1148 5167 32 20 85.

680 5195 168 21 Nationalistes
861 5193 66 21 flam.
942 5193 44 20 (De
1001 5191 104 25 Clercq):
1120 5191 46 22 262.

682 5219 172 24 Observations.
864 5229 28 5 —
902 5218 47 21 Par
959 5218 95 24 rapport
1063 5216 16 21 à
1092 5216 58 23 1932.
1160 5217 34 21 les

656 5245 161 21 collectivistes
833 5244 103 25 gagnent
949 5243 38 21 611
1004 5242 60 24 voix,
1080 5241 34 21 les
1129 5246 51 15 com-

654 5271 114 20 munistes
785 5270 104 25 gagnent
906 5269 39 21 233
962 5268 52 22 voix
1032 5268 25 21 et
1074 5267 34 21 les
1126 5267 54 21 fron-

655 5295 67 21 tistes
734 5297 103 24 gagnent
850 5295 37 20 109
900 5295 60 21 voix.

718 5347 123 29 CANTON
869 5347 39 28 DE
928 5344 196 32 SAINT-JOSSE

761 5391 173 21 RESULTATS
950 5391 40 20 DE
1007 5390 51 21 1932
1077 5395 7 16 :

747 5422 116 21 Bulletins
878 5423 101 19 valables
995 5428 7 15 :
1020 5421 78 21 31.055.

682 5454 166 21 Collectivistes
865 5459 5 15 :
887 5453 66 22 7.731.

682 5479 120 21 Cléricaux
816 5486 6 17 ;
840 5479 76 22 11.268.

681 5504 171 21 Communistes
868 5508 6 16 :
891 5504 64 21 1.301.

680 5528 114 21 Libéraux
808 5533 6 16 :
828 5529 65 22 9.428.

680 5554 129 21 Frontistes
825 5558 6 17 :
846 5554 46 23 828,

1189 240 194 64 LES
1443 244 276 65 VOLS

1214 327 153 50 STRAT
1369 322 186 58 OSPHÉR
1558 331 144 58 IQUES:

1188 427 41 32 UN
1244 429 125 32 NOUVEL
1379 430 87 33 ESSAI
1479 433 41 31 DE
1532 434 96 31 WILEY
1643 433 79 32 POST

1189 500 41 31 DE
1247 501 57 31 LOS
1318 503 138 32 ANGELES
1477 506 22 30 A
1519 506 173 31 NEW-YORK
1711 505 12 31 ?

1216 564 44 21 Los
1283 566 104 24 Angeles,
1411 567 26 20 14
1459 568 64 21 avril.
1546 579 27 6 —
1595 570 127 20 L'aviateur

1191 590 72 24 Wilcy
1281 591 55 20 Post
1353 596 15 16 a
1386 591 87 23 décollé
1490 593 15 21 à
1520 595 13 20 8
1551 595 23 20 h.
1592 595 25 20 27
1636 600 29 15 en
1681 599 42 17 vue

1190 614 187 26 d'entreprendre
1395 622 33 16 un
1444 619 36 20 vol
1498 620 195 25 stratosphérlque
1710 621 13 20 à

1191 640 141 22 destination
1348 642 28 20 de
1390 643 66 20 New-
1458 644 69 21 York.

1217 666 19 20 Il
1250 671 14 15 a
1279 667 138 21 abandonné
1423 673 44 16 son
1479 670 62 20 train
1549 670 176 25 d'atterrissage,

1192 691 51 21 afin
1261 691 28 21 de
1308 692 115 22 diminuer
1442 694 22 21 la
1484 695 124 21 résistance
1628 696 28 21 de
1676 696 50 21 l'air

1192 718 24 19 et
1229 722 24 15 se
1265 721 80 20 posera
1359 719 14 21 à
1388 720 60 20 terre
1461 720 14 20 à
1490 720 66 21 l'aide
1571 721 28 20 de
1612 721 99 24 gllsseur:

1742 242 125 77 LES
1928 242 355 81 DISCOURS
2340 246 95 75 DE
2496 248 333 79 CLOTURE

2066 350 63 49 A
2164 350 337 51 STRESA

2311 424 169 11 s^s^asssaaasa^saaas-asiaa'-'a.ssssasBisssssa.aassl

1855 469 51 38 LA
1919 467 128 39 PORTE
2062 469 49 40 DE
2127 472 50 38 LA
2194 472 92 38 PAIX
2303 471 94 37 DOIT
2414 471 148 39 RESTER
2579 473 181 41 OUVERTE

1972 520 193 43 JUSQU'AU
2190 524 165 38 DERNIER
2384 524 168 37 MOMENT
2575 528 21 18 »

1849 622 84 24 (Voyes
1943 620 72 21 début
2024 624 30 16 en
2064 625 58 20 page
2133 624 28 22 L)

1799 655 51 20 LES
1864 651 150 23 DISCOURS
2030 651 40 21 DE
2085 653 137 22 CLOTURE

1772 687 79 20 Slresa
1867 685 24 20 14
1906 683 64 23 avril.
1983 692 29 7 —
2022 684 21 20 A
2056 684 24 21 la
2091 685 37 22 fin
2142 687 28 21 de
2186 691 23 17 la
2224 687 50 20 der-

1715 730 8 12 k
1755 712 54 20 licre
1826 711 82 21 séance
1924 710 29 20 de
1971 709 24 20 la
2012 709 141 27 conférence,
2170 712 68 25 après
2254 712 23 20 la

1218 741 130 22 L'aviateur
1358 745 91 23 compte
1463 744 63 21 voler
1539 745 15 21 à
1568 750 45 16 une
1627 746 98 21 altitude
1734 734 3 31 !
1749 739 82 18 -«sciure
1852 737 41 19 des
1912 735 143 23 documents,
2074 735 32 22 M.
2123 737 120 21 Mussolini
2264 741 13 16 a

1748 762 89 21 déclare
1857 761 59 20 close
1937 760 23 20 la
1979 759 133 24 discussion.
2128 763 20 20 Il
2169 768 14 15 a
2200 761 78 26 ajouté

1749 793 41 18 que
1808 792 38 16 ses
1865 787 98 20 travaux
1982 785 134 24 pourraient
2134 787 49 22 être
2203 788 62 20 consi

1193 770 112 21 moyenne
1320 768 28 21 de
1364 770 70 21 10,000
1448 770 90 21 mètres.
1552 771 21 20 Il
1587 772 39 19 n'a
1641 776 42 20 pas
1697 772 27 20 de

1193 794 65 22 poste
1277 793 114 22 émetteur
1409 795 28 20 de
1452 796 26 19 T.
1497 796 23 20 S.
1539 796 31 23 F.,
1589 797 59 20 mais
1666 796 16 21 11
1701 801 23 16 se

1194 817 98 25 dirigera
1308 823 55 16 avec
1381 824 33 16 un
1432 821 65 24 poste
1515 820 126 26 récepteur.

1220 843 20 20 Il
1260 845 65 22 porte
1346 849 32 16 un
1399 845 117 22 vêtement
1536 845 29 22 de
1586 847 139 21 caoutchouc

1194 870 83 22 pesant
1291 869 13 20 7
1318 869 64 21 kilos.
1394 880 27 5 —
1436 871 77 23 Belga.

1410 900 105 22 ÉCHEC!

1221 931 121 24 Lafayctte
1358 932 130 24 (Indlana),
1501 934 24 20 14
1537 933 64 21 avril.
1608 945 26 4 —
1640 934 76 21 L'avia-

1197 957 51 20 teur
1261 957 71 23 Wlley
1345 958 61 22 Post,
1420 959 38 23 qui
1473 959 85 26 tenta|t
1572 964 33 16 un
1618 960 37 21 vol
1667 961 49 20 stra-

1197 981 145 25 tosphérlque
1355 983 44 19 Los
1411 984 247 24 Angcles-New-York,
1670 992 14 14 a
1694 985 37 21 été

1196 1008 117 20 contraint
1325 1008 116 20 d'atterrir
1451 1010 15 20 à
1477 1009 129 26 Lafayettc.
1616 1020 27 5 —
1653 1011 77 24 Belga.

1258 1063 141 32 CORTÈGE
1424 1069 18 26 A
1466 1068 206 29 SCHAERBEEK

1224 1122 90 24 Malgré
1329 1123 22 20 le
1370 1124 76 24 temps
1465 1125 121 24 Incertain,
1605 1126 22 21 le
1644 1125 89 26 cortège

1199 1148 178 24 carnavalesque
1398 1149 28 20 de
1448 1150 144 21 Schaerbeek
1613 1156 15 16 a
1648 1152 86 20 obtenu

1199 1172 21 21 le
1233 1172 51 24 plus
1295 1173 34 20 vif
1341 1173 85 21 succès.

1224 1198 52 20 Une
1295 1198 92 21 tribune
1406 1200 64 20 avait
1489 1198 38 22 été
1542 1200 74 25 érigée
1636 1206 41 17 rue
1693 1202 41 20 des

1198 1222 84 24 Palais,
1299 1223 87 20 devant
1402 1224 99 20 l'ancien
1518 1225 98 21 athénée
1630 1231 91 15 commu-

1199 1247 47 23 nal,
1262 1248 16 21 à
1293 1248 133 21 l'Intention
1442 1249 41 21 des
1500 1250 118 25 autorites,
1635 1256 30 16 au
1682 1256 40 20 pre-

1200 1273 57 20 mier
1278 1277 59 20 rang
1357 1274 127 24 desquelles
1510 1280 32 16 on
1569 1277 166 21 reconnaissait

1201 1298 56 20 MM.
1271 1298 33 20 les
1319 1298 108 22 échevins
1438 1300 102 24 Fischer,
1555 1300 68 22 Blum
1636 1304 26 19 et
1676 1303 58 20 Sou-

1200 1324 59 22 part.

1228 1348 31 21 Le
1275 1348 90 24 cortège
1385 1348 72 23 défila
1476 1351 104 24 pendant
1599 1352 51 24 plus
1669 1353 67 20 d'une

1202 1373 71 21 heure
1293 1376 26 18 et
1340 1376 144 23 comprenait
1505 1381 46 16 une
1572 1377 165 25 cinquantaine

1202 1398 28 21 de
1248 1403 97 20 groupes
1362 1400 113 23 travestis.
1493 1402 37 20 On
1545 1407 15 16 a
1577 1403 45 20 fait
1637 1407 32 16 un
1685 1408 52 19 gros

1202 1423 79 21 succès
1293 1429 46 16 aux
1351 1425 60 20 deux
1424 1430 97 21 groupes
1531 1427 27 21 de
1571 1427 73 22 Gilles
1655 1429 25 20 et
1691 1432 47 17 aux

1203 1448 100 21 diverses
1317 1449 132 22 harmonies
1463 1452 138 25 burlesques,
1615 1453 14 21 à
1643 1454 24 20 la
1681 1458 56 16 noce

1202 1476 178 23 campagnarde,
1401 1481 31 16 au
1452 1477 72 21 clown
1542 1478 79 21 monté
1642 1483 40 16 sur
1698 1479 41 20 des

1203 1498 113 26 échasses,
1330 1505 31 16 au
1374 1502 102 23 pôchard
1490 1507 55 17 avec
1557 1508 43 17 son
1613 1502 126 25 réverbère,

1204 1529 30 16 au
1254 1529 84 21 groupe
1355 1527 124 21 charmant
1499 1528 40 20 des
1558 1528 121 25 mousmés,
1697 1529 42 20 des

1204 1551 97 23 gitanes,
1318 1551 41 21 des
1376 1552 98 25 Jockeys,
1490 1554 44 21 etc.

1230 1576 146 21 L'harmonie
1388 1577 32 21 du
1436 1586 9 9 »
1458 1578 98 21 Soutien
1570 1587 9 10 »
1596 1579 28 22 de
1639 1579 87 20 Schaer-

1204 1601 57 21 beek
1279 1602 118 24 précédait
1414 1603 21 21 le
1453 1604 58 20 char
1529 1604 28 21 de
1577 1604 23 20 la
1618 1609 64 15 reine
1699 1603 40 25 qui

1205 1627 93 21 mettait
1314 1627 21 22 le
1355 1628 66 24 point
1440 1628 60 21 final
1519 1634 31 16 au
1569 1628 71 22 défilé
1659 1629 67 21 multi-

1205 1652 81 22 colore.

1231 1677 75 22 Chose
1321 1678 189 24 extraordinaire,
1529 1679 53 22 tout
1599 1679 55 21 s'est
1672 1677 67 26 passé

1204 1707 57 16 sans
1275 1703 68 22 pluie.
1356 1714 28 4 —
1397 1704 25 19 E.

1229 1763 56 28 PAS
1312 1763 38 28 DE
1373 1763 123 28 HAUSSE
1521 1764 39 27 EN
1586 1763 132 29 ENGRAIS

1231 1821 59 20 Sous
1313 1825 26 17 ce
1362 1820 62 25 titre,
1446 1825 60 16 nous
1525 1824 72 17 avons
1619 1820 78 25 publié
1716 1820 24 20 la

1205 1845 68 21 lettre
1289 1850 43 19 que
1346 1850 60 16 nous
1421 1846 63 20 avait
1498 1845 104 22 adressée
1614 1845 22 22 le
1650 1844 91 22 Comité

1206 1871 27 20 de
1247 1870 94 21 défense
1352 1870 98 26 agraire.
1463 1871 97 21 Celle-ci
1573 1875 59 16 nous
1645 1871 45 20 fait
1703 1874 24 17 re-

1207 1900 107 20 marquer
1329 1896 83 24 qu'une
1429 1900 79 16 erreur
1521 1896 33 24 s'y
1570 1896 36 20 est
1620 1895 81 25 glissée
1717 1894 25 21 et

1207 1921 52 23 qu'il
1276 1921 53 20 faut
1344 1921 41 20 lire
1400 1926 26 15 ce
1442 1921 38 24 qui
1495 1921 48 20 suit
1561 1925 6 16 :

1234 1953 9 11 »
1257 1946 98 23 Engrais
1367 1946 151 25 potassiques:
1534 1947 34 19 les
1577 1946 165 24 importateurs

1206 1972 42 19 ont
1263 1965 89 28 rajusté
1367 1971 33 20 les
1415 1971 50 24 prix
1478 1971 15 21 à
1508 1974 153 18 concurrence
1674 1971 29 22 de
1717 1971 24 21 la

1207 1996 147 21 dévaluation
1367 1997 28 20 de
1407 1996 24 21 la
1445 1997 115 24 monnaie,
1573 1995 52 22 d'où
1638 1996 90 25 majora-

1208 2022 49 21 tion
1268 2022 28 21 de
1309 2022 25 20 28
1347 2026 21 20 p.
1381 2026 25 18 c,
1415 2023 25 19 et
1451 2027 49 15 non
1512 2022 28 21 de
1552 2022 25 21 40
1590 2026 21 20 p.
1622 2027 20 16 c.
1654 2030 10 10 »

1308 2093 82 31 SORT
1391 2094 28 30 IS
1439 2094 58 30 DES
1516 2094 40 30 GL
1558 2094 76 31 ACES

1231 2144 62 24 Oslo,
1307 2145 24 20 14
1343 2144 65 21 avril.
1418 2155 28 5 —
1456 2145 44 21 Les
1510 2145 58 20 neuf
1579 2145 93 21 navires
1683 2150 44 16 nor-

1206 2170 93 24 végiens
1310 2170 39 24 qui
1363 2170 88 21 étalent
1461 2170 75 25 partis
1547 2170 16 21 à
1575 2170 24 20 la
1609 2170 72 25 pêche
1693 2174 47 16 aux

1206 2195 103 24 phoques
1321 2196 44 20 ont
1378 2200 32 20 pu
1424 2194 85 22 réussir
1523 2195 15 21 à
1551 2195 70 21 sortir
1634 2196 41 20 des
1689 2195 38 25 gla-

1206 2225 38 16 ces
1259 2221 38 24 qui
1314 2220 33 21 les
1361 2220 205 25 emprisonnaient.
1579 2221 44 20 Les
1637 2225 103 16 mesures

1207 2246 38 45 Sut
1259 2245 94 21 avalent
1362 2245 39 21 été
1415 2246 73 25 prises
1500 2251 59 20 pour
1572 2250 99 20 envoyer
1684 2250 56 16 sans

1223 2271 45 20 élai
1283 2275 46 16 une
1346 2270 132 25 expédition
1494 2271 16 20 k
1525 2271 51 20 leur
1590 2275 93 17 secours
1698 2271 42 20 ont

1207 2296 37 21 été
1258 2295 117 22 annulées.
1387 2306 28 5 —
1427 2296 78 25 Belga.

1748 813 66 21 dérés
1829 816 55 17 avec
1900 809 147 22 satisfaction
2059 811 26 20 et
2099 816 43 20 que
2158 813 23 20 la
2194 812 73 21 solida-

1749 839 43 21 rité
1814 837 109 24 vigilante
1943 837 26 19 et
1990 835 74 20 active
2081 836 40 21 des
2143 838 56 20 trois
2216 837 52 25 puis-

1748 868 82 16 sances
1850 860 167 27 participantes
2035 859 59 22 était
2113 862 28 21 de
2162 863 84 21 nature
2266 862 14 20 à

1750 893 91 16 assurer
1854 888 23 20 la
1892 886 53 25 paix
1960 886 28 19 de
2000 884 109 26 l'Europe.

1777 914 31 22 M.
1822 910 145 23 MacDonald
1982 915 15 15 a
2010 910 47 23 pris
2069 911 61 21 alors
2141 913 24 21 la
2179 913 78 24 parole
2274 917 6 15 :

1753 948 8 8 «
1774 940 63 19 Nous
1847 943 29 15 ne
1888 940 103 21 pouvons
2001 939 43 19 pas
2054 939 56 18 vous
2120 937 79 21 laisser
2209 937 73 26 partir

1752 965 66 21 ainsi,
1833 963 71 22 dit-il.
1920 964 55 17 sans
1988 964 56 16 vous
2058 962 113 23 exprimer
2187 968 43 15 nos
2245 967 24 16 re-

1752 988 160 21 merciements
1927 985 48 22 très
1990 984 100 23 sincères
2103 991 57 21 pour
2177 988 23 21 la
2213 989 70 23 façon

1752 1015 57 20 dont
1826 1018 57 16 vous
1899 1016 59 16 nous
1974 1014 55 16 avez
2045 1014 66 21 reçus
2126 1017 30 17 en
2174 1013 68 21 Italie
2260 1014 24 19 ct

1753 1044 57 18 pour
1825 1039 25 20 la
1866 1036 101 22 manière
1984 1035 58 20 dont
2058 1040 54 18 vous
2127 1042 55 16 avez
2195 1037 88 26 présidé

1753 1070 42 15 nos
1814 1064 88 20 débats.
1921 1062 24 20 Si
1962 1064 60 16 nous
2041 1064 58 18 nous
2113 1067 99 17 sommes
2231 1063 53 21 bien

1754 1089 55 21 tirés
1825 1089 29 20 de
1871 1092 44 16 nos
1931 1084 135 25 difficultés.
2082 1087 23 24 Je
2122 1088 47 21 suis
2184 1088 41 21 sûr
2241 1091 43 21 que

1754 1114 49 22 cela
1819 1115 37 20 est
1870 1113 32 21 dû
1917 1117 31 16 en
1966 1110 88 25 grande
2069 1113 74 23 partie
2160 1118 47 16 aux
2224 1113 47 21 rela-

1754 1141 62 19 tions
1831 1138 112 21 cordiales»
1956 1140 44 20 que
2015 1140 60 17 nous
2086 1141 72 19 avons
2176 1143 29 20 pu
2223 1139 62 19 avoir

1755 1165 33 20 les
1803 1168 45 17 uns
1863 1168 54 16 avec
1933 1162 34 21 les
1983 1161 78 20 autres
2076 1166 31 17 au
2122 1167 67 17 cours
2204 1164 28 20 de
2249 1167 37 17 ces

1756 1191 81 22 quatre
1851 1189 71 23 Jours.

1783 1232 9 9 ,
1810 1220 72 20 Notre
1897 1217 69 22 tache
1980 1216 58 21 était
2053 1217 174 24 véritablement
2241 1219 46 21 très

1757 1245 104 21 difficile.
1877 1245 63 19 Nous
1954 1242 82 20 avions
2050 1246 33 17 un
2098 1248 145 21 programme
2259 1248 29 17 ne

1757 1271 83 20 travail
1857 1269 40 24 qui
1913 1267 41 21 eût
1971 1266 55 25 déjà
2043 1267 37 21 été
2097 1269 48 21 fort
2163 1269 95 22 malaisé
2273 1269 15 21 à

1758 1296 94 22 remplir
1868 1299 57 19 pour
1941 1297 44 16 une
2001 1292 62 20 seule
2076 1294 81 21 nation
2175 1300 6 19 ;
2197 1295 21 21 le
2235 1298 42 21 pro-

1758 1321 74 21 blème
1862 1318 108 22 devenait
2003 1317 166 24 extrêmement
2205 1320 84 21 délicat

1758 1346 99 22 lorsqu'il
1876 1342 114 26 s'agissait
2007 1341 113 26 d'essayer
2134 1345 28 21 de
2182 1345 107 25 parvenir

1758 1372 14 20 à
1788 1376 45 15 une
1847 1370 100 20 décision
1962 1371 120 19 commune
2096 1370 65 21 entre
2177 1371 56 20 trois
2245 1375 31 16 na-

1759 1397 67 19 tions.
1841 1396 62 19 Vous
1915 1398 55 16 avez
1985 1393 64 20 votre
2062 1394 94 24 opinion
2171 1395 116 25 publique;

1759 1426 59 15 nous
1835 1420 70 21 aussi.
1923 1419 60 20 Rien
2001 1418 165 23 certainement
2183 1425 30 17 ne
2231 1425 59 16 nous

1760 1446 77 21 aurait
1851 1444 85 24 permis
1947 1443 28 21 de
1988 1442 85 22 réussir
2084 1449 30 16 en
2126 1445 83 22 dehors
2222 1446 68 20 d'une

1760 1470 125 21 résolution
1916 1469 73 20 ferme
2020 1467 29 21 de
2079 1471 107 22 parvenir
2215 1471 15 21 à
2257 1475 34 16 un

1760 1496 83 21 accord
1857 1496 26 20 et
1899 1495 28 20 de
1942 1492 90 21 fournir
2048 1497 44 18 une
2108 1495 182 22 démonstration

1761 1522 28 20 de
1802 1521 67 20 notre
1882 1517 125 24 solidarité.

1788 1561 9 9 »
1815 1550 163 23 L'alternative
1995 1548 96 23 actuelle
2105 1554 115 22 comporte
2237 1553 54 20 d'un

1761 1577 50 21 côté
1822 1578 24 21 la
1856 1577 60 25 paix,
1926 1576 28 20 de
1964 1575 82 20 l'autre
2057 1574 23 22 la
2090 1581 85 20 guerre.
2185 1578 26 20 M
2226 1579 53 19 Mus-

1761 1603 68 20 solini
1845 1608 14 15 a
1874 1602 54 20 bien
1940 1600 100 24 compris
2054 1604 48 18 mes
2116 1603 138 21 sentiments
2268 1604 24 20 ct

1760 1633 58 15 ceux
1835 1628 28 20 de
1880 1631 55 16 mon
1951 1629 64 21 pays.

1762 1654 63 19 Nous
1840 1653 85 20 devons
1941 1650 82 24 garder
2039 1650 23 20 la
2077 1652 64 23 porte
2155 1653 29 20 de
2200 1653 24 21 la
2239 1653 53 24 paix

1788 1677 93 21 ouverte
1894 1676 106 25 jusqu'au
2015 1675 89 21 dernier
2116 1678 103 20 moment
2230 1679 30 23 et,
2274 1679 19 20 si

1788 1703 43 20 elle
1847 1702 50 21 doit
1913 1700 49 21 être
1978 1699 93 24 fermée,
2093 1700 17 21 il
2129 1706 31 16 ne
2182 1704 53 20 faut
2252 1708 41 19 pas

1789 1734 42 18 que
1842 1733 25 15 ce
1879 1727 45 20 soit
1935 1731 43 19 par
1989 1730 65 17 nous.
2065 1726 105 21 Laissons
2176 1728 33 20 les
2216 1728 78 21 autres

1788 1753 22 20 le
1824 1753 59 20 faire
1896 1751 46 21 s'ils
1954 1751 21 20 le
1988 1750 99 24 veulent.
2100 1753 34 20 De
2147 1753 57 24 plus,
2217 1754 20 20 si
2251 1754 42 21 elle

1789 1779 36 19 est
1838 1776 93 24 fermée,
1947 1776 16 20 il
1979 1781 30 14 ne
2023 1775 52 21 faut
2090 1781 43 20 pas
2148 1783 42 19 que
2207 1784 26 15 ce
2249 1779 45 20 soit

1789 1803 59 20 dans
1865 1803 24 19 la
1907 1801 101 23 coulisse,
2026 1800 59 21 mais
2102 1802 59 21 dans
2177 1804 25 20 la
2218 1802 75 26 pleine

1789 1827 72 21 clarté
1874 1828 28 19 de
1914 1826 64 22 midi,
1990 1830 58 19 pour
2058 1831 42 18 que
2113 1827 86 24 chaque
2212 1829 82 20 nation

1789 1852 102 21 honnête
1912 1853 25 20 et
1956 1850 137 22 rationnelle
2113 1854 69 21 sache
2203 1854 39 23 qui
2258 1854 35 20 est

1789 1876 153 25 responsable.

1791 1911 9 9 »
1821 1904 28 20 Je
1867 1901 109 21 remercie
1995 1900 60 21 donc
2073 1901 46 22 très
2135 1902 159 25 sincèrement,

1763 1927 35 21 dit
1812 1928 31 20 M.
1858 1925 152 24 MacDonald,
2024 1926 32 21 M.
2067 1927 119 22 Mussolini
2201 1933 57 21 pour
2272 1929 21 20 le

1763 1952 47 23 riSe
1824 1957 43 19 que
1882 1952 32 20 lui
1927 1952 25 21 et
1965 1954 43 17 son
2022 1954 56 20 pays
2090 1953 41 21 ont
2142 1953 60 25 joué.

1790 1986 9 10 »
1817 1978 29 20 Je
1873 1976 108 22 voudrais
2010 1974 127 24 également
2166 1978 128 24 remercier,

1763 2003 104 23 pendant
1883 2006 42 20 que
1942 1999 121 22 l'occasion
2077 2003 60 20 m'en
2153 2005 35 19 est
2202 2004 91 21 offerte,

1763 2032 49 16 mes
1830 2027 113 24 collègues
1962 2026 103 23 français
2082 2031 57 21 pour
2156 2028 51 21 leur
2221 2029 73 24 esprit

1762 2053 27 20 de
1799 2052 172 21 collaboration.
1981 2050 99 25 J'espère
2089 2057 43 19 que
2144 2054 28 20 de
2181 2054 51 21 leur
2242 2053 51 21 côté

1763 2078 28 20 ils
1804 2076 179 25 comprendront
1996 2080 44 20 que
2051 2080 58 18 nous
2122 2082 72 17 avons
2205 2080 46 19 fait
2264 2079 29 21 de

1762 2103 67 20 notre
1845 2103 78 20 mieux
1941 2105 58 21 pour
2015 2101 50 21 leur
2078 2102 88 22 donner
2182 2104 97 20 satisfac-

1763 2128 55 20 tion.

1162 4561 32 20 les

1030 4941 13 20 6
1050 4941 37 20 061
1106 4941 77 22 (31%)

1016 4995 6 16 :
1039 4990 64 23 1.185.

1015 5015 60 21 5.789.

1307 2362 171 20 RESULTATS
1500 2362 40 20 DE
1562 2361 51 21 1935
1634 2366 7 15 :

1406 2393 138 20 OFFICIEL

1234 2424 115 22 Bulletins
1360 2423 81 22 blancs
1451 2425 25 20 et
1486 2424 54 21 nuls
1555 2429 7 16 :
1577 2423 69 22 13.843
1663 2422 80 23 (37%).

1234 2451 71 20 Votes
1320 2450 102 21 valables
1438 2455 6 15 :
1459 2450 78 20 22.285.

1235 2476 171 20 Communistes
1421 2474 108 22 Relecom
1547 2480 6 15 :
1572 2475 64 22 1.832.

1235 2501 166 21 Collectivistes
1418 2500 98 25 (Spaak)
1536 2507 6 16 :
1559 2500 12 20 9
1579 2500 45 22 334.

1235 2526 115 21 Réalistes
1366 2527 130 20 (Janssens)
1516 2530 6 16 :
1538 2525 65 27 5JSB7.

1235 2551 65 21 Parti
1311 2551 107 21 national
1429 2550 77 25 indép.
1524 2549 87 23 (Cools)
1632 2555 6 16 :
1653 2549 66 21 2505.

1235 2577 65 20 Parti
1316 2577 99 20 colonial
1435 2576 148 21 (Maenhout)
1606 2580 7 16 :
1632 2575 45 22 152.
1739 2579 7 10 -

1235 2602 175 23 Commerçants
1424 2601 115 21 cléricaux
1556 2601 100 20 (Moens)
1677 2605 6 16 :
1699 2599 44 21 327.

1235 2627 65 20 Parti
1314 2631 59 16 com.
1384 2629 26 18 et
1425 2626 28 21 cl.
1469 2631 58 19 moy.
1547 2626 107 21 (Misson)
1676 2630 6 16 :
1700 2625 38 20 835

1236 2652 169 24 Corporatistes
1422 2651 38 21 (de
1475 2646 192 29 Saint-Georges)
1686 2655 6 15 :
1700 2650 45 21 215.

1235 2677 167 20 Nationalistes
1413 2677 65 20 flam.
1495 2677 43 20 (De
1552 2676 89 24 Clercq)
1660 2681 6 15 :
1682 2675 64 22 1.198.

1236 2701 171 21 Observations.
1426 2712 28 4 —
1473 2702 46 19 Par
1537 2702 96 24 rapport
1653 2700 15 21 à
1689 2701 54 22 1932,

1210 2727 34 21 les
1266 2728 165 20 communistes
1449 2727 103 23 gagnent
1573 2727 39 19 531
1632 2726 58 22 voix,
1713 2725 34 21 les

1209 2752 160 21 collectivistes
1391 2755 102 21 gagnent
1517 2752 56 19 1.603
1596 2751 53 21 voix
1668 2752 26 20 et
1712 2750 33 20 les

1210 2777 121 21 frontistes
1345 2780 102 20 gagnent
1462 2777 38 20 572
1514 2777 60 20 voix.

1277 2817 120 27 CANTDN
1418 2816 38 27 DE
1473 2815 207 28 SCHAERBEEK

1317 2852 172 21 RESULTATS
1504 2853 40 20 DE
1561 2852 51 21 1932
1631 2857 7 15 :

1300 2882 114 23 Bulletins
1429 2883 103 22 valables
1549 2889 7 15 :
1573 2883 79 21 39.926.

1237 2916 166 21 Collectivistes
1418 2920 6 16 :
1440 2915 77 22 12.173.

1236 2941 121 22 Cléricaux
1373 2946 6 15 :
1399 2941 76 21 12.430.

1236 2966 171 21 Communistes
1423 2971 5 16 :
1446 2966 64 23 1.583.

1236 2992 114 21 Libéraux
1365 2996 6 16 :
1389 2992 77 20 11.798.

1237 3017 128 21 Frontistes
1381 3022 7 15 :
1404 3017 64 22 1.020.

1310 3048 172 21 RESULTATS
1504 3048 39 21 DE
1565 3048 52 20 1935
1637 3053 8 15 :

1410 3079 137 21 OFFICIEL

1237 3111 115 22 Bulletins
1365 3111 69 21 blanc
1447 3113 26 19 et
1484 3111 54 21 nuls
1556 3116 6 16 :
1579 3111 70 21 15.741
1665 3111 81 21 (34%).

1236 3138 71 20 Votes
1322 3137 102 21 valables
1444 3142 5 16 :
1468 3137 78 20 29.986.

1237 3163 172 21 Communistes
1425 3162 126 22 (Relecom)
1569 3166 6 16 :
1590 3162 65 21 2.70J.

1236 3188 168 21 Collectivistes
1420 3188 98 22 (Spaak)
1539 3192 6 16 :
1564 3187 77 23 14.642.

1237 3213 115 21 Réalistes
1368 3214 130 20 (Janssens)
1517 3218 6 15 :
1538 3213 66 21 6.187.

1237 3239 66 21 Parti
1314 3239 107 20 national
1434 3238 76 23 indép.
1527 3238 87 21 (Cools)
1633 3242 7 17 :
1654 3238 66 20 2.639.

1237 3265 66 20 Parti
1317 3264 100 21 colonial
1437 3264 148 20 (Maenhout)
1609 3268 6 16 :
1636 3263 44 23 177.

1238 3290 175 23 Commerçants
1429 3288 76 25 cléric.
1520 3289 105 23 JMoens)
1649 3294 6 16 :
1675 3289 45 20 365.

1238 3315 65 21 Parti
1318 3320 57 16 com.
1388 3317 25 20 et
1428 3315 28 20 cl.
1471 3319 60 20 moy.
1547 3315 108 22 (Misson)
1677 3321 7 17 :
1701 3314 46 20 876.

1238 3341 169 23 Corporatistes
1422 3340 38 21 (de
1471 3340 193 24 Seint-Georges)
1683 3344 6 16 :
1703 3339 45 21 129.

1237 3366 167 21 Nationalistes
1414 3365 65 21 flam.
1496 3366 44 20 (De
1553 3365 89 24 Clercq)
1661 3369 7 16 :
1682 3365 63 20 2.268.

1239 3391 170 22 Observations.
1428 3401 28 5 —
1473 3392 47 19 Par
1539 3391 96 24 rapport
1654 3390 15 21 à
1691 3390 49 20 1932

1213 3416 33 21 les
1264 3417 165 20 communistes
1444 3417 101 24 gagnent
1565 3416 57 22 1.120
1641 3416 58 21 voix,
1714 3414 34 21 les

1213 3442 159 21 collectivistes
1383 3444 102 22 gagnent
1495 3440 59 22 2.469
1566 3441 59 24 voix,
1634 3441 36 21 les
1681 3441 54 20 fron-

1213 3468 67 20 tistes
1294 3469 103 23 gagnent
1413 3468 57 19 1.248
1485 3467 60 23 voix.

1346 3506 121 29 CANTON
1483 3506 133 29 D'UCCLE

1319 3551 172 21 RESULTATS
1506 3551 40 20 DE
1563 3551 52 20 1932
1632 3555 9 17 :

1304 3583 115 21 Bulletins
1433 3582 102 22 valables
1552 3588 7 16 :
1575 3582 79 21 29.378.

1240 3615 166 21 Collectivistes
1419 3622 8 16 ;
1439 3615 65 21 9.828.

1240 3640 121 21 Cléricaux
1375 3645 6 15 :
1396 3640 63 21 9.484.

1220 3677 7 7 .
1241 3665 170 21 Communistes
1430 3670 6 15 :
1456 3664 63 22 1.031.

1239 3690 114 21 Libéraux
1368 3695 6 16 :
1387 3690 65 22 7.951.

1240 3716 128 21 Frontistes
1382 3720 6 16 :
1401 3716 46 20 486.

1314 3746 171 21 RESULTATS
1507 3746 39 21 DE
1568 3746 51 21 1935
1639 3751 8 17 :

1413 3778 137 20 OFFICIEL

1239 3809 116 21 Bulletins
1364 3809 80 21 blancs
1455 3810 23 19 et
1488 3809 53 21 nuls
1554 3814 7 16 :
1574 3809 70 21 11.959
1659 3809 34 22 (35
1706 3809 42 22 %).

1240 3835 70 20 Votes
1323 3834 102 21 valables
1441 3839 6 16 :
1463 3835 78 20 21.842.

1240 3860 171 21 Communistes
1428 3860 125 21 (Relecom)
1573 3865 7 15 :
1595 3860 64 22 1.517.

1240 3886 167 20 Collectivistes
1425 3885 97 25 (Spaak)
1543 3891 6 15 :
1567 3886 76 21 11.649.

1239 3911 114 20 Réalistes
1368 3911 130 21 (Janssens)
1516 3915 5 17 :
1534 3911 64 20 4.124.

1239 3937 66 20 Parti
1316 3936 106 21 national
1432 3935 77 26 indép.
1524 3936 86 22 (Cools)
1628 3941 6 16 :
1648 3936 65 22 2.187.

1239 3962 66 20 Parti
1324 3962 99 20 colonial
1445 3962 148 21 (Maenhout)
1619 3967 6 16 :
1647 3963 44 20 138.

1241 3988 175 23 Commerçants
1430 3987 114 20 cléricaux
1562 3988 100 20 (Moens)
1683 3993 5 15 :
1705 3988 43 20 225.

1239 4013 66 20 Parti
1316 4013 31 20 du
1358 4017 57 16 com.
1426 4014 24 19 et
1461 4012 27 21 cl.
1500 4017 57 18 moy.
1572 4013 106 21 (Misson)
1686 4018 5 16 :
1705 4013 43 21 450,

1240 4038 169 24 Corporatistes
1424 4037 38 21 (de
1475 4038 191 24 Saint-Georges)
1685 4043 6 16 :
1706 4039 43 20 122.

1239 4063 167 20 Nationalistes
1418 4063 64 20 flam.
1499 4064 44 19 (De
1556 4063 89 25 Clercq)
1665 4069 5 15 :
1687 4064 63 20 1.430.

1241 4088 170 21 Observations.
1423 4099 28 4 —
1462 4089 45 20 Par
1519 4090 96 23 rapport
1627 4089 14 20 à
1655 4089 50 20 1932
1718 4090 33 20 les

1212 4114 166 21 communistes
1390 4114 102 24 gagnent
1503 4114 39 20 486
1554 4114 58 24 voix,
1623 4114 33 20 les
1668 4115 68 20 collec-

1214 4140 89 20 tivistes
1318 4141 103 23 gagnent
1437 4139 56 20 1.821
1509 4139 58 24 voix,
1582 4139 34 21 les
1631 4140 119 21 frontistes

1215 4166 101 23 gagnent
1333 4165 39 20 944
1389 4165 58 21 voix.

1304 4205 123 28 CANTON
1446 4205 38 27 DE
1508 4203 150 30 VILVORDE

1321 4249 172 20 RESULTATS
1509 4249 40 20 DE
1565 4249 51 20 1932
1635 4254 7 16 :

1304 4280 115 21 Bulletins
1434 4279 101 22 valables
1553 4285 7 16 :
1577 4279 77 24 15,718.

1240 4312 167 22 Collectivistes
1424 4316 6 16 :
1446 4312 66 20 6.192.

1240 4338 121 21 Cléricaux
1376 4342 6 16 :
1398 4337 65 20 6.333.

1241 4363 172 21 Communistes
1428 4367 5 16 :
1448 4362 45 22 346.

1240 4388 114 21 Libéraux
1369 4393 6 15 :
1393 4388 63 20 1.716.

1241 4414 129 20 Frontistes
1387 4418 5 15 :
1407 4413 46 23 990.

1314 4444 172 21 RESULTATS
1508 4443 39 21 DE
1569 4443 51 21 1935
1641 4449 7 15 :

1414 4475 138 21 OFFICIEL

1239 4507 116 21 Bulletins
1366 4507 81 21 blancs
1459 4508 25 19 et
1495 4506 53 22 nuls
1563 4511 6 16 :
1584 4505 58 21 5.821
1658 4506 35 21 (32
1708 4506 40 22 %).

1239 4534 70 20 Votes
1323 4533 102 20 valables
1442 4537 5 15 :
1465 4532 76 20 11.823.

1241 4558 170 21 Communistes
1430 4557 127 21 (Relecom)
1578 4562 6 15 :
1601 4557 45 21 659.

1240 4584 166 21 Collectivistes
1422 4583 97 25 (Spaak)
1539 4587 5 16 :
1559 4582 65 21 6.687.

1239 4609 115 20 Réalistes
1371 4609 131 21 (Janssens)
1522 4613 6 16 :
1545 4608 63 20 1.358.

1238 4635 66 20 Parti
1322 4634 106 21 national
1446 4633 76 25 indép.
1544 4633 86 21 (Cools)
1654 4638 7 16 :
1680 4634 45 20 369.

1238 4661 66 19 Parti
1316 4659 99 22 colonial
1430 4659 149 21 (Maenhout)
1598 4663 5 16 :
1617 4659 33 20 38.

1239 4686 175 23 Commerçants
1427 4684 113 21 cléricaux
1555 4685 101 20 (Moens)
1674 4689 6 16 :
1693 4684 32 21 66.

1239 4711 66 20 Parti
1318 4711 32 20 du
1364 4715 52 16 com
1429 4711 24 19 et
1466 4709 27 22 cl.
1508 4714 58 20 moy.
1584 4710 119 21 (Misson):
1720 4711 25 19 88

1240 4736 169 24 Corporatistes
1428 4735 38 21 (de
1482 4735 192 24 Saint-Georges)
1696 4740 6 16 :
1720 4735 31 21 24.

1239 4761 167 21 Nationalistes
1418 4761 65 20 flam.
1500 4761 44 20 (De
1557 4761 90 23 Clercq)
1666 4765 7 16 :
1687 4760 63 21 2.534

1240 4787 171 19 Observations.
1422 4796 28 4 —
1461 4786 46 20 Par
1519 4786 96 24 rapport
1628 4786 15 20 à
1656 4786 50 20 1932
1719 4787 32 20 les

1214 4812 164 21 communistes
1390 4812 103 23 gagnent
1504 4811 38 20 313
1554 4812 59 22 voix,
1624 4811 34 20 les
1670 4811 69 21 collée

1214 4837 89 21 tivistes
1322 4840 102 21 gagnent
1443 4836 39 20 495
1501 4836 59 23 voix,
1579 4836 33 20 les
1631 4837 120 21 frontistes

1214 4863 102 24 gagnent
1329 4862 58 20 1.544
1399 4862 58 21 voix.

1275 4902 123 29 CANTON
1415 4901 38 28 DE
1470 4901 217 29 WOLVERTHEM

1320 4945 173 21 RESULTATS
1509 4945 40 20 DE
1565 4945 52 21 1932
1635 4951 7 15 :

1308 4977 113 20 Bulletins
1436 4975 102 24 niables
1556 4985 7 15 :
1579 4977 77 23 12.687.

1240 5008 166 21 Collectivistes
1424 5013 5 16 :
1445 5008 66 21 2.132.

1240 5033 121 21 Cléricaux
1375 5038 6 15 :
1397 5033 66 21 7.742.

1240 5059 171 20 Communistes
1427 5063 5 15 :
1446 5058 34 22 95.

1240 5083 114 21 Libéraux
1369 5088 6 15 :
1391 5083 64 23 1,374.

1239 5109 129 20 Frontistes
1383 5112 6 16 :
1404 5108 64 23 1.235.

1313 5138 172 22 RESULTATS
1506 5138 40 22 DE
1568 5139 51 22 1935
1640 5146 7 16 :

1412 5170 138 22 OFFICIEL

1239 5201 115 22 Bulletins
1365 5202 81 21 blancs
1456 5204 26 19 et
1493 5202 54 22 nuls
1562 5207 6 17 :
1581 5203 58 21 5.519
1655 5204 35 21 (39
1705 5205 43 23 %).

1239 5227 70 21 Votes
1324 5227 103 21 valables
1445 5232 6 16 :
1469 5228 65 21 8.402.

1239 5253 171 20 Communistes
1425 5253 127 22 (Relecom)
1571 5258 5 16 :
1589 5254 46 24 234,

1239 5277 166 22 Colleotivistes
1418 5278 97 24 (Spaak)
1523 5284 5 15 :
1542 5279 58 20 2.483

1239 5303 113 20 Réalistes
1370 5304 120 20 (Jansens)
1512 5309 6 16 :
1537 5299 71 28 1.347.'

1238 5328 65 20 Parti
1320 5328 107 21 national
1444 5328 76 25 indép.
1542 5330 99 22 (Cools):
1662 5331 44 22 147.

1238 5352 65 21 Parti
1321 5353 99 21 colonial
1439 5354 148 23 (Maenhout)
1610 5362 7 17 :
1637 5356 32 21 43.

1238 5379 175 23 Commerçants
1427 5378 115 22 cléricaux
1559 5381 113 22 (Moens):
1688 5382 33 21 70.

1238 5404 65 19 Parti
1316 5405 31 19 du
1358 5408 57 16 com.
1425 5407 26 19 et
1462 5404 28 21 cl.
1504 5409 58 21 moy.
1579 5406 107 22 (Misson)
1693 5412 6 16 :
1714 5408 30 20 55.

1238 5429 169 22 Corporatistes
1426 5429 38 21 (de
1478 5430 204 26 Saint-Georges):
1701 5433 33 20 25.

1237 5453 167 21 Nationalistes
1418 5454 65 21 flam.
1502 5456 44 21 (De
1561 5456 103 26 Clercq):
1681 5457 63 22 3.998.

1237 5478 171 21 Observations.
1426 5489 29 6 —
1472 5480 46 20 Par
1536 5483 97 23 rapport
1652 5482 16 21 à
1689 5483 57 24 1932,

1210 5502 34 21 les
1265 5503 165 21 communistes
1450 5507 103 22 gagnent
1575 5507 38 20 139
1634 5508 58 21 voix,
1712 5507 34 22 les

1211 5528 159 21 collectivistes
1384 5531 102 23 gagnent
1500 5530 39 21 351
1555 5531 60 26 voix,
1631 5532 34 22 les
1678 5532 59 22 fxon

1211 5555 66 19 listes
1289 5555 104 24 gagnent
1404 5554 59 25 2,763
1475 5555 60 24 voix.

2325 632 9 9 »
2351 624 187 21 Permettez-moi
2551 630 82 17 encore
2648 631 45 18 une
2707 628 51 23 fols,
2773 633 57 20 pour

2299 650 116 22 terminer,
2428 649 29 20 de
2473 654 55 16 vous
2539 650 57 24 dire,
2611 653 116 20 monsieur
2741 655 21 20 le
2778 654 39 25 pré-

2299 674 83 23 sident,
2415 675 63 20 toute
2514 675 154 23 l'admiration
2699 682 44 21 que
2773 684 58 16 nous

2299 700 128 24 éprouvons
2442 703 57 21 pour
2514 700 24 20 la
2552 701 69 24 façon
2636 702 57 21 dont
2707 707 56 17 vous
2777 708 55 17 avez

2300 726 93 21 conduit
2406 725 34 21 les
2453 727 97 21 travaux
2562 726 29 21 de
2602 728 61 20 cette
2676 728 153 21 conférence.»

2475 771 32 20 M.
2523 770 131 21 FLANDIN

2327 816 32 23 M.
2375 814 100 22 Flandin
2487 819 15 16 a
2518 815 63 23 parlé
2596 815 15 21 à
2626 820 42 16 son
2684 817 53 20 tour
2751 821 31 17 en
2796 820 37 17 ces

2302 843 84 19 termes
2403 845 7 17 :

2331 881 8 9 ■
2354 873 27 22 Je
2396 872 107 22 voudrais
2516 872 129 21 m'assocler
2658 877 46 16 aux
2715 873 107 20 remercie-

2304 900 76 19 ments
2395 899 25 19 ct
2434 902 46 15 aux
2496 896 150 22 félicitations
2661 902 44 20 que
2722 899 32 19 M.
2770 899 65 19 Mac-

2304 923 91 21 Donald
2411 923 64 21 vient
2490 922 126 21 d'adresser
2630 923 16 20 à
2661 923 32 20 M.
2709 923 128 22 Mussolini.

2330 957 8 9 »
2354 949 63 20 Nous
2427 951 29 17 ne
2466 951 99 17 sommes
2576 951 114 21 parvenus
2698 948 15 21 à
2722 953 33 15 un
2764 947 61 21 résul-

2305 975 36 20 tat
2355 972 138 22 substantiel
2507 977 43 20 que
2564 972 67 25 grâce
2645 973 15 21 à
2674 974 67 20 notre
2756 972 81 21 étroite

2304 998 165 21 collaboration
2484 998 24 20 ct
2521 997 14 21 à
2551 998 66 20 notre
2632 998 66 20 unité
2713 998 29 20 de
2755 998 82 25 pensée

2307 1029 57 19 pour
2381 1023 20 21 le
2419 1023 114 21 maintien
2549 1023 29 20 de
2595 1023 23 20 la
2632 1023 60 24 paix.

2334 1057 9 10 •
2358 1048 143 25 Cependant,
2515 1052 30 17 ne
2559 1052 59 16 nous
2631 1048 89 20 faisons
2733 1052 42 21 pas
2789 1048 37 21 d'il-

2307 1074 93 23 lusions.
2411 1074 63 20 Nous
2482 1074 60 20 nous
2552 1073 137 20 heurterons
2701 1073 59 21 dans
2771 1073 56 21 l'ave-

2307 1100 37 20 nir
2355 1099 15 21 à
2383 1099 101 20 d'autres
2498 1097 127 21 difficultés
2638 1097 130 25 analogues.
2782 1099 46 20 J'es-

2308 1124 52 24 père
2382 1123 129 21 seulement
2529 1122 93 25 qu'elles
2644 1128 30 15 ne
2696 1124 80 20 seront
2798 1127 42 20 pas

2307 1150 51 24 plus
2380 1153 80 20 graves
2479 1151 90 17 encore.
2590 1148 28 21 Je
2639 1152 70 20 pense
2730 1149 111 20 toutefois

2307 1179 43 19 que
2364 1179 59 15 nous
2435 1178 31 16 en
2480 1173 171 24 triompherons
2662 1173 20 20 si
2693 1177 59 17 nous
2765 1173 63 21 conti-

2309 1204 76 16 nuons
2398 1199 15 21 à
2426 1199 60 20 faire
2500 1202 83 21 preuve
2595 1198 33 21 du
2642 1197 73 22 même
2729 1199 72 23 esprit
2813 1198 30 21 de

2309 1224 165 21 collaboration
2486 1223 75 21 active
2576 1224 26 21 et
2617 1222 92 22 réaliste
2725 1227 43 20 que
2784 1226 46 21 pen-

2309 1250 58 20 dant
2379 1254 38 16 ces
2430 1248 88 21 débats.

2338 1290 9 9 »
2366 1281 45 20 Nul
2428 1280 168 21 certainement
2612 1284 30 16 ne
2659 1279 94 25 pouvait
2767 1280 77 20 mieux

2311 1306 32 21 les
2360 1306 84 24 diriger
2461 1309 43 20 que
2521 1304 57 21 celui
2595 1305 46 24 qui,
2658 1305 59 20 dans
2733 1305 25 20 la
2772 1305 44 24 vie,
2829 1309 16 15 a

2310 1330 77 22 donné
2404 1331 54 20 tant
2475 1330 28 21 de
2518 1334 97 20 preuves
2632 1330 28 20 de
2677 1334 44 17 son
2738 1328 106 22 réalisme

2312 1356 57 21 actif
2383 1356 59 20 dans
2454 1355 21 21 le
2490 1357 179 22 gouvernement
2683 1355 28 20 de
2725 1359 43 16 son
2782 1359 62 20 pays.

2340 1398 8 10 »
2362 1388 27 20 Je
2404 1387 107 21 voudrais
2525 1387 62 20 aussi
2601 1386 122 21 remercier
2736 1391 49 16 mes
2798 1386 35 21 col-

2312 1412 77 25 lègues
2400 1413 159 23 britanniques
2569 1412 31 20 du
2611 1416 111 16 concours
2733 1411 66 25 qu'ils
2805 1412 41 20 ont

2313 1438 95 24 apporté
2426 1438 15 20 à
2456 1437 23 21 la
2497 1436 100 21 solution
2616 1437 41 20 des
2674 1437 117 24 questions
2808 1437 38 24 qui

2313 1463 137 21 intéressent
2464 1462 52 25 plus
2536 1461 164 25 spécialement
2713 1462 25 20 la
2751 1461 95 23 France.

2312 1489 56 20 Mon
2379 1493 56 19 pays
2445 1492 53 16 sera
2509 1488 51 21 tout
2571 1486 212 25 particulièrement
2792 1490 42 17 sen-

2314 1514 55 20 sible
2380 1514 14 21 à
2406 1513 24 21 la
2441 1513 144 20 déclaration
2597 1512 117 24 conjointe
2727 1517 44 19 que
2783 1512 51 20 l'Ita-

2314 1531 29 29 lie
2363 1540 25 21 et
2407 1538 22 21 le
2450 1537 178 25 Royaume-Uni
2645 1538 41 19 ont
2706 1537 54 21 bien
2780 1538 68 19 voulu

2313 1564 58 21 faire
2384 1568 57 21 pour
2455 1563 133 21 renouveler
2600 1563 22 20 le
2636 1561 70 21 traité
2721 1562 27 20 de
2762 1562 84 20 Locar-

2314 1594 37 15 110.
2366 1589 28 21 Je
2407 1589 49 20 leur
2469 1594 30 16 en
2514 1588 48 20 suis
2575 1587 177 25 profondément
2767 1591 69 16 recon-

2314 1614 111 21 naissant.
2440 1622 9 10 »
2463 1624 28 4 —
2502 1613 86 22 Havas.

2340 1658 57 21 MM.
2421 1657 186 21 MACDONALD
2631 1657 38 19 ET
2692 1656 132 21 FLANDIN

2433 1691 77 20 SONT
2524 1689 108 21 PARTIS
2645 1688 88 21 AUSSI

2340 1723 85 24 Stresa,
2442 1722 25 20 14
2483 1721 63 21 avril.
2563 1731 27 5 —
2605 1721 31 20 M.
2652 1719 146 21 MacDonald
2815 1719 34 20 est

2315 1749 61 24 parti
2391 1748 14 21 à
2421 1748 24 20 18
2459 1748 83 20 heures
2557 1747 32 20 40.
2603 1746 21 20 Il
2638 1751 15 16 a
2668 1745 36 21 été
2719 1744 64 21 salué
2798 1744 15 21 à
2827 1744 23 21 la

2315 1778 53 19 gare
2384 1778 43 20 par
2443 1774 57 20 MM.
2517 1771 127 23 Mussolini,
2661 1770 92 23 Suvich,
2769 1771 22 20 le
2807 1770 29 20 ba-

2314 1804 42 15 ron
2376 1798 77 23 Aloisi,
2475 1799 37 20 Sir
2533 1798 52 20 Eric
2612 1796 151 23 Drummond,
2791 1796 57 20 MM.

2315 1824 96 23 Grandi,
2425 1824 93 20 Terruzi
2533 1824 24 20 ct
2571 1823 102 20 Staraee.
2687 1821 39 21 Un
2739 1820 98 22 détache-

2316 1850 64 20 ment
2400 1850 28 20 de
2449 1850 92 23 troupes
2561 1848 92 21 rendait
2673 1847 34 21 les
2727 1846 122 23 honneurs,

2316 1875 77 20 tandis
2407 1879 43 20 que
2464 1874 22 20 le
2502 1882 9 9 «
2527 1874 53 20 God
2594 1874 59 20 Save
2667 1872 41 21 the
2722 1872 64 24 Klng
2801 1880 9 9 »
2828 1871 22 20 et

2316 1900 21 20 le
2353 1908 9 9 •<
2379 1900 137 20 Giovinezza
2532 1908 8 9 >•
2558 1899 88 20 étaient
2660 1897 112 21 exécutés.

2339 1926 35 18 De
2394 1929 41 16 son
2455 1924 56 25 côté,
2530 1924 32 21 M.
2580 1924 101 20 Flandin
2700 1923 35 20 est
2754 1922 62 25 parti
2835 1921 14 22 k

2314 1950 24 20 21
2356 1950 82 20 heures
2453 1954 58 21 pour
2527 1950 71 20 Paris.
2614 1950 43 19 Les
2673 1947 115 23 dernières
2805 1947 32 21 mi-

2314 1975 67 20 nutes
2398 1976 136 20 d'entretien
2551 1980 54 16 avec
2621 1975 32 20 M.
2669 1973 122 21 Mussolini
2807 1976 42 17 ont

2315 2000 36 21 été
2363 2001 39 20 des
2414 2001 51 24 plus
2476 2000 116 21 cordiales.
2604 2000 31 20 Le
2646 1999 54 21 chef
2711 1999 31 21 du
2754 2003 84 20 gouver-

2315 2026 94 20 nement
2420 2026 86 22 Italien,
2517 2030 29 16 en
2557 2026 81 24 capote
2649 2026 59 23 grise
2718 2025 28 21 de
2757 2024 92 25 caporal

2314 2051 128 20 d'honneur
2456 2052 27 20 de
2496 2051 23 20 la
2533 2051 81 23 milice,
2628 2050 59 21 était
2699 2054 61 17 venu
2773 2049 75 21 saluer

2315 2076 14 21 à
2342 2076 23 20 la
2379 2081 53 18 gare
2445 2076 21 20 le
2480 2076 117 25 président
2610 2076 31 20 du
2654 2075 98 22 Conseil.
2767 2083 9 9 »
2792 2075 46 19 Gio-

2314 2101 91 20 vinezza
2425 2110 8 8 »
2454 2102 24 20 et
2496 2102 23 20 la
2539 2109 9 10 ■
2569 2101 150 21 Marseillaise
2739 2109 8 9 »
2768 2101 80 20 furent

2314 2127 78 23 jouées
2404 2131 30 16 au
2446 2128 103 20 moment
2561 2127 30 21 du
2603 2126 88 25 départ.
2701 2136 28 6 —
2740 2126 84 20 Havas.

1907 2226 39 27 EN
1973 2224 174 31 L'HONNEUR

1823 2278 39 28 DU
1891 2277 217 30 COMMANDANT
2129 2279 102 29 TAH0N

1789 2363 33 20 La
1840 2361 177 22 manifestation
2034 2361 29 21 de
2079 2363 129 24 sympathie
2226 2366 56 21 orga-

1763 2389 63 20 nisée
1859 2393 31 16 en
1919 2387 123 21 l'honneur
2070 2387 31 21 du
2129 2388 166 21 commandant

1763 2414 90 21 Tahon.
1870 2414 14 20 à
1901 2413 123 20 l'occasion
2040 2412 31 21 du
2084 2413 127 25 cinquième
2225 2413 58 21 anni-

1765 2437 100 21 versaire
1881 2438 28 20 de
1925 2437 23 20 la
1963 2436 89 21 section
2067 2437 27 21 de
2110 2438 23 20 la
2148 2439 25 20 F.
2188 2439 28 20 N.
2232 2439 18 19 I.
2265 2437 29 21 de

1764 2464 100 21 Woluwe
1877 2465 26 20 et
1917 2463 63 21 aussi
1992 2466 59 21 pour
2064 2467 36 17 ses
2115 2464 80 24 quinze
2210 2466 45 17 ans
2268 2463 27 20 de

1764 2489 164 23 participation
1940 2488 109 20 effective
2063 2489 24 20 et
2100 2489 29 20 de
2144 2489 152 20 dévouement

1764 2520 47 15 aux
1827 2518 91 17 œuvres
1932 2513 119 21 d'anciens
2065 2514 162 22 combattants,
2242 2513 55 20 s'est

1765 2540 105 21 déroulée
1885 2539 131 22 dimanche,
2032 2538 15 21 à
2062 2539 235 23 Woluwe-St-Pierre,

1765 2570 31 16 au
1812 2566 80 20 milieu
1913 2565 68 20 d'une
2007 2563 144 26 atmosphère
2180 2565 27 20 de
2228 2563 68 21 réelle

1765 2589 125 22 cordialité.
1910 2590 55 20 Plus
1981 2589 29 20 de
2029 2589 59 21 deux
2106 2589 66 21 cents
2191 2588 106 21 convives

1766 2616 89 22 prirent
1871 2617 54 22 part
1940 2619 30 15 au
1985 2614 101 24 banquet
2100 2615 29 20 de
2145 2614 78 25 Jubilé,
2238 2614 58 20 dont

1765 2642 23 20 la
1799 2641 61 22 table
1869 2641 129 20 d'honneur
2008 2638 121 23 réunissait
2139 2639 156 21 notamment:

1766 2667 20 20 le
1809 2666 167 21 commandant
1999 2664 78 21 Albert
2096 2665 84 21 Tahon
2201 2666 26 19 et
2245 2667 40 17 ma-

1766 2692 67 20 dame
1844 2691 91 22 Tahon,
1946 2691 22 20 le
1980 2690 87 21 colonel
2076 2690 95 22 Crabbé.
2184 2690 28 21 de
2224 2689 60 21 l'Œu-

1767 2723 38 15 vre
1827 2717 40 20 des
1888 2715 149 23 tuberculeux
2058 2715 27 21 de
2106 2716 25 20 la
2152 2719 89 21 guerre;
2265 2714 33 20 M.

1765 2743 177 21 Timmermans,
1954 2741 30 20 de
1996 2740 24 20 la
2032 2741 26 22 F.
2066 2741 28 23 N.
2106 2742 26 20 I..
2143 2741 35 20 les
2190 2739 108 21 échevins

1765 2769 25 19 et
1803 2767 133 21 conseillers
1950 2769 152 18 communaux
2117 2766 41 21 des
2172 2766 58 20 trois
2243 2765 42 19 Wo-

1766 2793 65 22 luwe,
1844 2792 23 21 le
1881 2791 89 22 colonel
1983 2792 35 19 De
2032 2790 99 25 Lannoy,
2143 2791 22 20 le
2180 2789 118 26 prélsdent

1767 2818 27 20 de
1805 2818 24 20 la
1841 2817 142 20 Fraternelle
1995 2816 32 21 du
2038 2816 22 20 8'
2071 2817 30 21 de
2111 2816 69 25 ligne.
2192 2816 32 20 M.
2237 2816 61 19 Fou-

1766 2843 57 21 cart,
1837 2841 288 24 rsrésldent-sx-ganisateur
2140 2841 28 20 de
2183 2841 23 20 la
2221 2839 64 21 mani-

1766 2867 113 21 festation
1891 2867 93 23 Tahon;
1999 2866 32 21 M
2043 2866 102 21 Richard
2157 2864 87 24 Simon,
2257 2863 28 22 dé-

1765 2892 66 22 légué
1852 2892 29 21 de
1903 2892 100 21 l'Œuvre
2023 2892 32 20 du
2076 2891 118 21 vêtement
2214 2893 26 18 et
2258 2893 41 16 oes

1766 2918 100 21 colonies
1877 2917 117 23 scolaires;
2007 2917 33 22 les
2049 2917 114 21 membres
2174 2916 32 20 du
2215 2915 83 21 comité

1766 2943 167 23 organisateur,
1948 2942 44 22 etc.

1792 2982 93 20 Durant
1901 2979 22 22 le
1943 2984 68 20 repas
2029 2980 39 25 qui
2089 2980 38 20 fut
2145 2979 109 21 amusant
2274 2979 24 20 et

1766 3006 101 22 bruyant
1889 3005 15 21 à
1926 3005 98 25 souhait,
2046 3006 32 20 M.
2099 3005 103 20 Maurice
2221 3003 76 21 Mœr-

1766 3031 70 22 kerke
1849 3041 28 5 —
1890 3030 22 21 le
1927 3031 83 23 Joyeux
2024 3038 10 10 •
2048 3031 60 24 petit
2122 3029 103 21 Maurice
2241 3037 9 9 »
2267 3029 32 21 du

1766 3057 100 20 Théâtre
1878 3056 31 21 du
1919 3056 73 20 Front
1998 3066 28 5 —
2034 3056 44 20 mit
2088 3056 21 21 le
2120 3056 46 20 rire
2174 3059 41 16 sur
2222 3054 77 21 toutes

1767 3080 32 22 les
1818 3080 72 21 lèvres
1909 3085 31 16 en
1954 3080 155 25 interprêtant
2128 3084 56 17 avec
2199 3084 33 16 un
2251 3078 47 21 réel

1766 3108 76 20 talent
1855 3107 28 21 de
1897 3106 138 24 fantaisiste,
2048 3107 41 20 des
2102 3106 117 20 chansons
2232 3105 29 21 de
2275 3104 24 21 la

1766 3137 88 19 guerre.

1792 3170 61 21 Puis,
1865 3174 30 17 au
1909 3168 92 24 dessert,
2014 3174 31 16 on
2056 3168 37 21 lut
2105 3167 194 23 d'innombrables

1766 3195 162 23 télégrammes
1945 3195 29 20 de
1991 3194 150 22 félicitations
2160 3194 15 21 à
2192 3193 107 21 l'adresse

1766 3221 32 20 du
1818 3220 161 25 sympathique
1998 3220 68 20 héros
2085 3220 29 21 de
2134 3220 24 20 la
2177 3219 49 21 fête
2249 3223 6 16 :
2277 3218 22 20 le

1767 3246 102 20 modeste
1884 3246 164 20 commandant
2063 3245 90 21 Tahon.
2166 3245 48 20 Des
2226 3244 74 21 toasts

1767 3269 110 23 vibrants,
1892 3271 60 20 dans
1964 3270 96 25 lesquels
2074 3274 32 17 on
2118 3270 66 20 avait
2195 3270 46 20 mis
2253 3274 47 16 une

1767 3296 141 21 admiration
1923 3295 87 22 sincère
2026 3300 58 20 pour
2100 3300 44 17 son
2175 3295 85 20 travail
2275 3295 24 20 et

1767 3326 42 16 son
1829 3320 223 26 désintéressement,
2072 3320 80 21 furent
2172 3320 128 25 prononcés

1767 3350 44 21 par
1820 3347 59 20 MM.
1891 3346 105 23 Foucart,
2009 3350 31 16 au
2050 3350 57 16 nom
2118 3346 32 20 du
2163 3344 85 21 comité
2260 3349 27 16 or-

1768 3371 140 25 ganisateur,
1921 3375 45 20 par
1979 3370 110 21 l'échevln
2103 3370 28 21 de
2146 3370 153 21 Woluwe-St-

1767 3398 83 22 Pierre,
1865 3402 44 19 par
1923 3398 32 19 M.
1970 3395 95 25 Crabbé,
2080 3401 45 20 par
2139 3397 32 20 M.
2186 3396 103 20 Timmer-

1768 3428 74 16 mans.
1858 3424 45 19 etc.
1922 3424 47 19 Des
1985 3422 73 21 fleurs
2072 3423 81 19 furent
2169 3421 99 21 offertes
2286 3421 15 21 à

1767 3448 110 21 Madame
1893 3447 84 21 Tahon
1989 3447 79 21 tandis
2080 3452 45 20 que
2142 3447 22 21 le
2181 3450 108 17 comman-

1768 3474 58 20 dant
1844 3478 24 16 se
1886 3473 79 23 TOyait
1980 3473 109 20 remettre
2107 3477 34 16 un
2158 3471 143 26 magnifique

1768 3498 108 23 portrait:
1894 3503 33 16 on
1941 3503 16 20 y
1971 3498 83 24 Joignit
2070 3498 23 20 la
2108 3496 109 22 médaille
2231 3501 31 17 en
2274 3501 28 17 or

1768 3524 29 21 de
1809 3524 192 21 reconnaissance
2013 3524 28 20 de
2054 3523 24 21 la
2090 3523 26 21 F.
2129 3524 28 22 N.
2167 3523 19 21 I.

1794 3562 32 20 le
1837 3561 167 21 commandant
2015 3561 90 22 Tahon,
2117 3560 53 25 plus
2183 3560 53 22 ému
2247 3560 54 26 qu'il

1767 3586 42 22 eût
1820 3586 69 22 voulu
1902 3586 23 23 le
1939 3585 108 26 paraitre,
2061 3590 119 21 prononça
2194 3586 108 25 quelques

1768 3612 91 21 paroles
1872 3612 29 20 de
1915 3612 175 20 remerciement
2102 3612 40 23 qui
2154 3612 81 20 furent
2245 3615 44 17 cou-

1768 3638 76 19 vertes
1856 3641 43 20 par
1909 3641 47 16 une
1966 3636 110 21 véritable
2087 3636 101 21 ovation.
2200 3637 30 20 Et
2241 3637 61 21 cette

1768 3662 137 21 charmante
1916 3662 48 21 fête
1975 3662 27 21 de
2012 3661 89 21 famille
2111 3666 25 17 se
2145 3661 126 26 prolongea
2281 3662 21 21 le

1768 3687 53 23 plus
1835 3688 117 23 gaiement
1965 3687 33 21 du
2009 3687 91 21 monde.
2112 3697 28 5 —
2152 3688 30 22 G.

2447 3015 49 20 M"»
2510 3014 93 22 TONIA
2615 3012 108 28 KATAR,

2346 3047 118 21 sociétaire
2485 3048 28 20 de
2533 3048 24 19 la
2577 3045 250 24 Comédie-Française,

2345 3078 16 15 a
2376 3072 113 24 remporté
2505 3073 21 21 le
2541 3072 99 25 premier
2654 3072 51 25 prix
2721 3072 57 20 dans
2794 3077 32 15 un

2346 3102 110 16 concours
2471 3102 59 20 pour
2546 3098 23 20 la
2585 3097 117 21 meilleure
2717 3097 63 24 pièce
2797 3102 30 16 en

2496 3128 32 15 un
2539 3123 59 20 acte.
2608 3132 27 5 —
2645 3122 32 21 M.

2365 3193 82 29 POUR
2473 3194 36 27 LA
2534 3202 20 17 «x
2576 3193 192 29 PROTECTION

2432 3245 39 29 ET
2500 3246 58 29 LES
2583 3246 162 28 INVALIDES

1793 3771 92 29 D'UNE
1904 3771 146 29 HAUTEUR
2069 3771 38 29 DE
2119 3773 16 26 7
2153 3767 127 34 MÉTRÉS

1793 3855 75 24 Liège.
1884 3855 25 21 14
1922 3854 64 21 avril.
1998 3865 29 5 —
2039 3855 39 20 Un
2092 3854 138 22 électricien.
2236 3856 53 20 Mar-

1768 3881 35 20 cel
1818 3879 135 26 Malempré,
1968 3880 26 20 40
2010 3884 49 17 ans.
2076 3880 137 21 demeurant
2227 3881 15 21 à
2258 3881 44 21 Ju-

1768 3905 104 25 pille.est
1884 3905 78 21 tombé
1977 3904 67 21 d'une
2058 3904 87 21 échelle
2157 3905 69 22 d'une
2240 3906 50 20 hau-

1769 3933 52 18 teur
1837 3930 29 21 de
1878 3930 53 23 sept
1946 3929 85 22 mètres
2046 3931 26 19 et
2083 3930 55 20 s'est
2154 3930 103 21 fracturé
2281 3931 21 21 le

1768 3956 77 20 crâne.

1794 3987 31 20 Le
1843 3986 150 21 malheureux
2011 3990 15 16 a
2042 3985 38 21 été
2092 3986 133 25 transporté
2243 3987 58 21 dans

1770 4016 46 18 une
1832 4012 107 24 clinique,
1954 4011 30 21 où
2012 4015 43 16 son
2084 4011 51 21 état
2164 4017 15 15 a
2195 4012 38 22 été
2248 4012 55 25 Jugé

1769 4036 127 25 désespéré.

2090 4129 169 33 Rugbyman,

2082 4169 128 28 fabricant
2228 4172 35 26 de

2043 4209 102 31 pilules,
2169 4211 133 30 médecin,

2043 4248 104 28 éleveur
2166 4250 34 26 de
2215 4261 86 21 porcs,

2086 4299 32 29 LE
2138 4299 122 31 DOCTEUR

2074 4346 204 43 MARC-ANDRÉ

2101 4411 153 37 FOURCADE

2086 4474 15 16 a
2119 4467 42 23 été
2178 4468 82 23 arrêté"

2116 4507 16 22 à
2150 4503 80 28 Paris.

2044 4540 19 29 Il
2084 4552 16 17 a
2122 4545 113 24 commis
2257 4542 48 28 des

2067 4581 217 28 détournements

2141 4632 68 21 pour

2079 4660 57 27 huit
2153 4661 114 27 millions

2042 4699 35 28 de
2094 4700 96 29 francs.
2216 4713 34 6 —
2273 4709 30 19 M.

2851 254 64 47 LE
2947 241 436 60 DÉSARMEMENT

2960 323 54 47 IL
3026 322 169 48 LUSOI
3207 323 69 47 RE

2944 410 40 31 LA
3005 402 285 38 RÉGLEMENTATION

3001 455 44 31 DU
3059 455 177 31 COMMERCE

2932 502 58 30 DES
3009 501 108 31 ARMES
3137 502 22 29 A
3179 494 123 37 GENÈVE

2862 572 42 32 UN
2925 573 155 31 DISCOURS
3100 571 87 32 TROP
3207 570 169 32 OPTIMISTE

2966 619 40 31 DE
3025 619 38 31 M.
3086 617 187 32 HENDERSON

2954 671 42 22 (De
3013 670 66 20 notre
3096 668 195 26 correspondant.)

2880 701 99 24 Genève,
2997 701 24 20 13
3039 700 64 21 avril.
3120 710 27 5 —
3163 700 31 20 Le
3211 697 90 22 Comité
3319 697 28 21 de
3364 697 23 21 la

2854 726 141 21 Conférence
3012 726 32 20 du
3060 725 181 22 Désarmement,
3258 723 85 24 chargé
3359 722 29 21 de

2856 751 116 24 présenter
2987 756 33 16 un
3035 752 76 23 projet
3125 754 58 22 pour
3197 749 24 22 la
3235 748 141 24 réglementa-

2855 777 48 20 tion
2922 777 31 20 du
2972 780 125 17 commerce
3116 778 25 18 et
3159 776 28 20 de
3204 775 25 21 la
3248 774 140 21 fabrication

2856 801 76 25 privée
2947 803 24 19 et
2984 802 77 20 d'Etat
3075 802 41 20 des
3130 805 76 16 armes
3220 800 25 20 et
3258 800 41 20 des
3312 798 64 21 maté-

2857 826 52 21 riels
2919 827 29 21 de
2959 830 86 20 guerre,
3056 832 15 15 a
3082 825 97 22 terminé
3190 830 37 15 ses
3238 827 98 18 travaux
3347 828 43 21 par

2858 851 123 25 l'adoption
2994 852 54 20 d'un
3058 852 95 23 rapport
3164 853 24 19 et
3199 851 55 20 d'un
3265 850 76 25 projet
3352 849 38 24 qui

2858 881 51 16 sera
2921 876 98 24 renvoyé
3031 881 31 17 au
3074 877 98 20 Bureau.

2884 903 20 19 A
2924 903 61 19 cette
3005 902 112 23 occasion,
3138 902 31 19 M.
3190 900 142 22 Henderson,
3353 899 38 24 qui

2859 926 58 22 était
2933 931 60 16 venu
3010 925 80 27 exprès
3107 926 29 21 de
3152 926 107 22 Londres,
3277 925 59 21 mais
3352 924 39 24 qui

2860 952 81 20 n'était
2956 956 42 20 pas
3015 951 103 23 attendu,
3135 956 14 16 a
3164 950 116 25 prononcé
3295 955 33 16 un
3344 949 36 21 dis-

2860 981 67 17 cours
2939 977 86 24 inspiré
3037 977 56 20 d'un
3104 976 131 25 optimisme
3248 976 39 24 qui
3300 980 15 15 a
3328 978 65 21 paru,

2859 1002 66 21 étant
2937 1002 101 21 données
3050 1002 34 20 les
3096 1002 169 20 circonstances
3278 1000 115 23 actuelles,

2861 1027 95 25 quelque
2968 1031 45 21 peu
3024 1026 103 21 excessif.

2885 1052 116 21 Plusieurs
3017 1053 106 19 orateurs
3140 1052 41 20 ont
3198 1050 86 22 félicité
3301 1052 22 20 le
3340 1049 40 26 pré-

2861 1077 77 21 sident
2949 1082 58 20 pour
3017 1077 22 20 le
3050 1077 53 20 Prix
3115 1076 71 21 Nobel
3198 1077 28 20 de
3237 1077 24 20 la
3272 1076 57 20 Paix
3341 1074 54 25 qu'il

2863 1109 14 15 a
2890 1103 140 20 récemment
3043 1103 91 20 obtenu.

2862 1128 37 21 On
2912 1127 118 22 considère
3042 1127 130 24 cependant
3185 1127 58 20 dans
3255 1126 34 20 les
3302 1125 93 20 milieux

2888 1153 29 20 de
2928 1153 92 20 Genève
3030 1158 43 19 que
3084 1154 23 19 la
3118 1151 140 21 Conférence
3269 1152 32 20 du
3312 1150 71 20 Désar-

2889 1179 102 19 mement
3007 1179 70 19 devra
3092 1176 90 21 bientôt
3197 1177 80 20 laisser
3292 1176 24 21 la
3331 1176 65 25 place

2889 1203 15 21 à
2916 1209 45 15 une
2974 1202 152 22 Commission
3137 1201 152 21 Permanente
3302 1201 14 20 à
3329 1201 55 20 insti-

2889 1229 52 20 tuer
2955 1229 59 19 dans
3027 1230 21 19 le
3061 1228 69 20 cadre
3143 1228 29 20 de
3184 1227 23 20 la
3222 1227 22 20 S.
3258 1227 28 20 D.
3298 1226 28 20 N.
3340 1230 57 21 pour

2890 1253 83 20 l'étude
2988 1254 40 19 des
3042 1252 127 26 problèmes
3183 1253 28 19 de
3225 1253 23 20 la
3262 1247 97 25 sécurité
3374 1251 24 20 et

2890 1280 31 19 du
2936 1278 175 21 désarmement.

2890 1304 61 20 C'est
2968 1304 60 20 cette
3046 1302 145 22 commission
3208 1303 38 23 qui
3264 1301 133 25 poursuivra

2865 1329 23 21 la
2904 1329 57 20 mise
2978 1334 30 16 au
3024 1329 66 24 point
3106 1328 122 24 technique
3245 1328 23 19 et
3285 1327 113 24 Juridique

2866 1354 41 20 des
2928 1354 125 20 nombreux
3074 1354 24 19 et
3119 1353 123 20 excellents
3262 1352 88 25 projets
3371 1351 29 20 de

2866 1379 70 21 détail
2950 1384 43 20 que
3007 1379 24 21 la
3044 1377 141 22 Conférence
3198 1384 15 15 a
3227 1377 173 21 suffisamment

2866 1403 94 25 étudiés,
2984 1404 60 21 dans
3067 1404 106 20 l'attente
3197 1403 67 21 d'une
3288 1402 111 21 situation

2868 1430 108 24 politique
2990 1429 51 25 plus
3054 1428 124 21 favorable.

2893 1454 158 24 Aujourd'hui,
3065 1454 21 20 le
3100 1453 169 21 désarmement
3282 1457 24 16 se
3319 1452 83 21 heurte

2868 1480 15 21 à
2904 1480 41 21 des
2966 1479 128 22 difficultés
3115 1478 120 25 politiques
3256 1478 53 24 qu'il
3331 1477 71 21 serait

2869 1505 51 21 naïf
2935 1505 29 21 de
2979 1509 25 16 se
3018 1504 138 23 dissimuler;
3174 1503 33 21 les
3222 1504 97 20 travaux
3334 1503 29 20 de
3378 1502 24 20 la

2868 1530 148 24 Conférence,
3036 1530 103 24 pendant
3158 1528 52 25 plus
3229 1529 28 20 de
3276 1529 57 20 trois
3353 1532 46 18 ans,

2869 1556 90 22 auront,
2971 1559 30 16 en
3013 1555 51 21 tout
3077 1559 45 18 cas,
3135 1558 28 17 eu
3176 1555 20 20 le
3209 1554 80 21 mérite
3302 1554 28 20 de
3343 1554 59 19 faire

2870 1582 48 20 voir
2930 1581 15 20 à
2956 1581 51 20 tout
3019 1581 22 20 le
3053 1579 83 21 monde
3148 1579 54 24 qu'il
3213 1579 95 20 n'existe
3321 1583 42 20 pas
3375 1579 27 20 de

2869 1605 127 22 difficultés
3007 1605 126 24 juridiques
3145 1607 24 19 et
3181 1604 133 24 techniques
3325 1604 65 20 insur-

2870 1630 128 21 montables
3020 1630 15 20 à
3057 1634 45 16 une
3123 1629 120 21 réduction
3265 1629 40 20 des
3327 1633 63 16 arme-

2870 1656 85 24 ments;
2971 1657 33 20 les
3018 1654 127 22 difficultés
3159 1655 53 20 sont
3226 1655 75 20 toutes
3316 1654 87 20 d'ordre

2870 1681 114 25 politique,
3004 1680 150 23 c'est-à-dire,
3172 1684 31 16 en
3222 1679 103 22 dernière
3345 1684 45 15 ana-

2871 1707 53 24 lyse,
2938 1705 187 26 psychologiques
3144 1710 6 16 :
3166 1705 111 25 passions,
3292 1704 112 26 préjugés,

2871 1731 94 21 conflits
2987 1731 84 21 d'idées
3093 1730 98 21 morales
3213 1731 25 20 et
3258 1730 29 20 de
3308 1729 97 24 régimes

2872 1757 126 25 politiques.
3013 1757 36 20 Au
3063 1756 98 24 surplus,
3176 1760 26 16 ce
3216 1755 59 21 n'est
3290 1759 42 21 pas
3346 1754 59 21 dans

2871 1787 25 16 ce
2911 1783 104 20 moment
3029 1781 29 21 où
3073 1781 33 20 les
3120 1780 111 26 passions,
3244 1780 34 21 les
3293 1779 112 26 préjugés,

2871 1808 32 20 les
2922 1806 190 26 préoccupations
3129 1805 75 21 même
3222 1805 112 24 légitimes
3353 1804 52 21 sont

2871 1832 121 21 chauffées
3007 1832 15 21 à
3037 1832 75 22 blanc,
3127 1832 67 23 qu'on
3210 1831 56 25 peut
3280 1830 125 21 s'attendre

2871 1858 15 21 à
2899 1859 40 20 des
2952 1857 146 21 réalisations
3111 1856 150 21 immédiates.

2896 1883 22 22 Il
2933 1884 54 20 faut
3002 1882 94 21 d'abord
3112 1886 43 20 que
3171 1881 33 21 les
3220 1880 83 26 esprits
3317 1885 24 16 se
3357 1880 36 20 cal-

2872 1908 70 21 ment.
2957 1908 61 21 C'est
3031 1907 117 25 pourquoi,
3162 1907 22 20 le
3199 1906 107 23 discours,
3320 1905 86 25 Inspiré

2872 1933 53 22 d'un
2938 1934 59 20 haut
3008 1932 124 23 idéalisme,
3145 1933 28 20 de
3185 1932 32 20 M.
3229 1931 136 21 Henderson
3376 1935 30 16 ne

2871 1959 32 21 lui
2922 1965 15 15 a
2955 1959 53 20 valu
3027 1958 70 25 qu'un
3115 1957 78 21 succès
3212 1957 103 21 d'estime
3334 1956 24 21 et
3377 1956 28 20 de

2871 1984 130 25 sympathie
3019 1988 57 20 pour
3093 1987 27 16 sa
3137 1986 113 21 personne
3268 1982 24 21 et
3308 1982 39 20 n'a
3363 1985 43 21 pas

2870 2014 28 17 eu
2914 2010 23 20 la
2953 2009 126 21 résonance
3096 2012 49 20 que,
3162 2007 123 25 peut-être,
3301 2007 21 20 le
3338 2006 67 21 vieux

2870 2035 87 21 lutteur
2970 2039 29 17 en
3011 2033 141 22 attendait...
3165 2043 28 5 —
3203 2033 50 20 A.Z.

2882 2066 32 20 M
2931 2065 94 21 LAVAL
3042 2064 54 21 EST
3112 2063 112 21 ARRIVE
3240 2064 20 19 A
3276 2063 117 20 GENEVE

2896 2095 100 23 Genève,
3009 2095 25 20 14
3046 2094 63 22 avril.
3120 2104 28 5 —
3159 2094 32 20 M.
3202 2094 71 20 Laval
3285 2097 36 18 est
3332 2093 74 21 arrivé

2869 2121 15 21 à
2899 2120 94 22 Genève
3008 2125 26 16 ce
3048 2120 47 20 soir
3109 2119 87 21 venant
3211 2119 29 20 de
3256 2119 85 20 Stresa.
3356 2118 20 20 Il
3391 2124 14 15 a

2870 2147 36 21 été
2922 2146 64 21 salué
3002 2146 15 20 à
3032 2150 43 16 son
3090 2144 88 21 arrivée
3195 2149 42 20 par
3252 2144 57 20 MM.
3324 2143 81 24 Benès,

2868 2172 116 20 Titulesco
3000 2172 24 20 et
3040 2171 22 20 le
3079 2169 74 22 comte
3170 2169 98 25 Clauzel,
3286 2169 105 22 ambassa-

2869 2197 57 21 deur
2939 2197 29 20 de
2981 2197 89 20 France
3085 2196 14 20 à
3112 2196 82 20 Berne.

2894 2223 33 20 M.
2941 2221 71 21 Laval
3026 2227 15 15 a
3054 2220 38 22 été
3106 2220 78 25 l'objet
3198 2219 90 25 jusqu'à
3301 2220 25 21 la
3339 2220 54 20 fron-

2869 2248 57 20 tière
2938 2247 141 21 ltalo-sulsse
3091 2247 40 20 des
3143 2245 155 26 prévenances
3309 2246 34 20 les
3354 2244 51 26 plus

2870 2273 138 21 touchantes
3024 2273 28 20 de
3067 2272 25 21 la
3107 2274 53 22 part
3176 2271 40 21 des
3232 2270 111 21 autorités
3358 2272 34 19 ita-

2868 2299 89 20 liennes
2975 2300 23 19 et
3016 2298 29 20 de
3062 2296 188 21 manifestations
3268 2296 124 20 chaleureu-

2869 2329 36 15 ses
2920 2324 31 20 du
2964 2322 84 26 public.

2895 2350 35 20 En
2943 2353 66 16 cours
3023 2349 28 20 de
3064 2348 72 22 route,
3149 2349 22 20 ie
3184 2347 105 21 ministre
3303 2347 101 24 français

2868 2375 53 20 s'est
2942 2374 122 21 entretenu
3086 2378 55 16 avec
3160 2373 33 21 M
3213 2372 106 21 Rouchdt
3339 2373 64 22 Aras,

2869 2399 117 25 président
3004 2400 32 20 du
3055 2398 91 22 Conseil
3165 2403 30 16 en
3214 2398 100 20 exercice
3333 2398 29 20 de
3380 2398 23 20 la

2868 2425 23 20 S.
2910 2426 27 19 D.
2956 2425 34 22 N.,
3009 2425 15 20 à
3041 2424 24 21 la
3084 2424 44 21 fois
3147 2424 40 21 des
3205 2423 110 21 résultats
3334 2423 28 20 de
3380 2422 23 21 la

2869 2450 135 20 conférence
3022 2450 29 20 de
3069 2450 79 20 Stresa
3166 2451 25 19 et
3208 2449 40 21 des
3266 2449 81 21 débats
3365 2448 38 24 qui

2869 2476 136 23 s'ouvriront
3021 2475 94 21 demain
3132 2475 86 20 devant
3234 2475 22 20 le
3273 2473 85 22 conseil
3375 2473 28 21 de

2870 2501 22 20 la
2905 2501 23 20 S.
2941 2501 28 20 D.
2983 2501 27 20 N.
3023 2505 40 16 sur
3075 2501 23 20 la
3112 2499 93 25 requête
3219 2499 115 24 française
3348 2502 44 17 con-

2870 2528 35 18 tre
2916 2526 22 20 le
2949 2526 155 21 réarmement
3116 2525 123 21 allemand.

2894 2551 141 21 L'attention
3052 2555 25 16 se
3093 2551 91 24 reporte
3200 2550 148 22 maintenant
3364 2554 39 15 sur

2870 2576 99 24 Genève,
2989 2576 31 20 où
3040 2580 25 16 se
3086 2576 108 20 trouvent
3214 2575 136 22 rassemblés
3370 2575 33 20 les

2870 2601 172 25 représentants
3055 2602 29 20 de
3098 2604 52 18 tous
3162 2603 34 20 les
3209 2602 67 19 Etats
3288 2601 39 24 qui
3340 2605 52 16 com-

2871 2629 82 22 posent
2964 2627 22 20 le
2998 2627 85 20 conseil
3095 2627 29 20 de
3136 2626 24 21 la
3172 2627 23 20 S.
3207 2627 28 20 D.
3246 2626 35 21 N..
3293 2626 43 20 Les
3348 2626 56 20 trois

2870 2653 66 19 cents
2948 2652 148 24 Journalistes
3109 2653 39 23 qui
3160 2653 43 20 ont
3216 2652 58 20 suivi
3287 2652 24 21 la
3325 2651 67 21 confé-

2871 2681 67 16 rence
2956 2678 28 19 de
3003 2678 79 20 Stresa
3101 2678 53 20 sont
3174 2677 85 21 arrivés
3277 2676 15 21 à
3311 2675 92 22 Genève

2871 2706 29 17 ou
2915 2705 56 18 vont
2984 2706 15 20 y
3014 2702 86 21 arriver
3114 2703 60 20 cette
3188 2702 58 21 nuit.

2896 2728 33 22 La
2950 2727 112 25 première
3083 2728 82 20 séance
3188 2727 31 21 du
3241 2727 84 21 conseil
3347 2732 57 16 aura

2871 2752 45 21 lieu
2937 2752 59 20 dans
3016 2752 151 25 l'après-midi
3188 2753 28 20 de
3236 2753 100 20 demain.
3357 2753 47 20 Elle

2872 2782 51 16 sera
2936 2777 77 25 privée
3027 2779 23 19 et
3064 2777 121 21 consacrée
3199 2777 15 21 à
3227 2777 74 25 régler
3315 2779 23 20 la
3352 2782 42 21 pro-

2872 2802 88 21 cédure.
2977 2803 32 20 Le
3027 2803 84 20 conseil
3129 2808 58 16 aura
3205 2802 15 21 à
3237 2807 24 16 se
3278 2807 127 21 prononcer

2872 2827 129 24 également
3014 2828 41 20 dès
3067 2828 93 21 demain
3172 2832 40 17 sur
3224 2827 24 22 la
3260 2829 106 23 question
3379 2828 27 21 de

2872 2853 76 20 savoir
2970 2853 19 20 si
3012 2853 24 20 la
3057 2853 94 24 requête
3174 2854 32 20 du
3228 2854 178 23 gouvernement

2873 2878 98 23 abyssin,
2992 2879 39 23 qui
3050 2877 30 21 l'a
3102 2878 57 20 saisr
3177 2878 29 20 de
3227 2882 42 16 son
3291 2878 115 21 différend

2874 2907 53 17 avec
2944 2903 89 24 l'Italie,
3051 2904 49 21 doit
3117 2902 49 22 être
3183 2903 93 21 inscrite
3294 2903 14 21 à
3325 2903 82 21 l'ordre

2873 2928 31 21 du
2921 2928 53 24 jour
2992 2928 27 21 de
3037 2928 23 20 la
3078 2927 106 26 présente
3201 2928 87 21 session
3306 2934 29 15 ou
3352 2933 43 17 ren-

2873 2954 69 23 voyée
2957 2953 14 21 à
2986 2954 23 21 la
3025 2954 86 20 session
3126 2954 29 20 de
3171 2955 53 19 mai.
3238 2955 38 20 On
3291 2954 59 21 croit
3365 2958 43 20 que

2873 2979 21 20 le
2909 2979 85 21 conseil
3009 2983 24 16 se
3047 2984 142 20 prononcera
3205 2984 57 20 pour
3277 2984 25 16 ce
3317 2980 91 20 dernier

2873 3004 67 25 parti.
2957 3005 20 20 Il
2995 3006 35 19 est
3046 3004 174 21 vraisemblable
3237 3009 43 19 que
3297 3004 24 22 la
3338 3004 69 21 durée

2873 3029 27 21 de
2918 3034 25 17 ce
2959 3029 86 22 conseil
3061 3029 133 22 n'excédera
3211 3035 69 19 guère
3296 3030 111 20 mercredi

2873 3055 51 22 soir,
2937 3055 32 21 M
2984 3055 70 20 Laval
3068 3055 86 21 devant
3166 3057 91 20 rentrer
3270 3055 15 21 à
3298 3056 66 19 Paris
3378 3060 29 16 au

2874 3080 78 21 milieu
2966 3081 28 21 de
3007 3080 24 21 la
3044 3081 102 20 semaine
3159 3085 83 20 pourse
3256 3080 109 26 préparer
3378 3085 30 16 au

2873 3110 85 20 voyage
2979 3106 53 24 qu'il
3054 3106 166 25 entreprendra
3240 3106 15 21 à
3275 3106 23 21 la
3320 3107 36 20 fin
3377 3106 29 21 du

2873 3131 58 20 mois
2942 3130 15 22 à
2968 3131 109 21 Varsovie
3088 3132 24 20 et
3123 3131 14 21 à
3149 3132 100 20 Moscou.
3259 3142 28 5 —
3298 3131 84 21 Havas.

3441 252 158 45 SOCIÉTÉ
3625 259 73 38 DES
3725 259 170 39 CHEMINS

3512 311 51 37 DE
3586 312 70 36 FER
3680 311 143 38 BELGES

3587 381 160 18 COMM1-MQIE

3426 404 25 17 Le
3465 405 51 17 trtln
3530 409 19 13 n.
3565 406 36 18 117,
3615 408 81 18 partant
3709 408 23 16 de
3745 408 57 16 Gand
3819 408 112 17 (Bt-Plerw

3406 424 11 16 t
3433 424 21 17 IT
3466 424 20 17 b.
3500 425 26 20 IT,
3540 428 43 14 vers
3596 426 103 20 Bruxell*!,
3713 429 29 15 est
3757 428 60 16 rendu
3831 427 104 17 accesslbl»

3406 444 90 19 Jusqu'au
3514 445 21 16 29
3554 446 39 16 mil
3610 446 67 22 Inclut,
3698 450 23 15 en
3740 447 21 16 2e
3779 448 21 15 tt
3817 447 22 16 le
3857 447 76 18 eliiiet.

3407 466 36 13 aux
3460 467 105 17 voyageurs
3582 465 24 17 d*
3621 466 58 16 Gep*.
3694 469 49 17 pour
3759 467 97 16 Bruxelles
3873 467 20 16 et
3909 469 27 14 sa

3408 483 48 18 delà,
3759 485 151 20 (Communiqué)

3556 526 229 48 L'ANEMIE

3409 589 44 31 Set
3469 592 152 36 symptômes
3647 606 12 8 •
3686 591 33 31 La
3741 592 85 29 valeur
3847 591 35 31 da
3900 591 39 32 (er

3524 647 95 19 comme
3640 640 181 27 reconstituant

3436 708 21 20 n
3472 712 30 17 ne
3516 713 26 16 se
3558 712 66 21 passe
3640 712 42 21 pas
3698 708 28 21 de
3742 709 53 24 Jour
3806 708 31 21 où
3851 709 47 21 l'on
3910 713 32 17 ne

3410 733 80 23 relève,
3508 737 54 17 sous
3580 733 24 20 la
3618 733 77 25 plume
3713 734 30 20 de
3760 733 122 24 médecins,
3901 734 41 21 des

3411 758 93 21 articles
3519 758 124 24 Indiquant
3657 758 25 21 la
3698 758 112 22 nécessité
3825 759 71 22 vitale
3911 758 32 22 où

3410 788 25 16 se
3446 785 80 19 trouve
3539 783 144 25 l'organisme
3694 784 29 21 de
3736 788 30 18 ne
3780 788 42 20 pas
3834 786 95 22 s'appau-

3412 808 46 20 vrir
3473 813 31 16 en
3520 808 43 21 fer.
3579 809 61 20 C'est
3656 813 44 20 que
3714 809 22 21 le
3752 809 36 20 fer
3801 811 37 19 est
3852 813 34 17 un
3902 809 42 20 des

3411 831 112 23 éléments
3534 833 120 21 essentiels
3666 834 32 20 du
3711 838 58 20 sang
3784 838 7 20 ;
3807 834 55 21 c'est
3875 834 69 25 grâce

3411 859 15 21 à
3441 859 33 20 lui
3490 863 44 20 que
3546 858 116 25 l'oxygène
3678 859 29 21 de
3720 859 51 20 l'air
3786 858 85 25 respiré
3887 860 58 24 peut

3413 884 107 24 parvenir
3548 884 120 24 jusqu'aux
3698 883 93 21 cellules
3824 885 34 20 les
3892 884 53 25 plus

3410 909 100 21 secrètes
3526 909 30 20 du
3572 913 66 20 corps
3653 910 24 19 et
3691 913 16 20 y
3721 909 128 21 entretenir
3862 909 25 21 la
3901 910 43 20 vte.

3412 935 26 20 SI
3452 934 145 24 l'organisme
3611 933 142 25 s'appauvrit
3763 938 33 17 en
3808 933 44 24 fer,
3862 938 33 16 on
3909 934 37 21 est

3411 964 32 16 en
3458 959 52 21 face
3526 960 56 20 d'un
3597 964 40 15 cas
3653 958 112 23 d'anémie
3780 960 39 24 qui
3834 964 31 17 ne
3878 959 68 21 tarde

3413 989 42 20 pas
3474 985 14 20 à
3506 989 24 16 se
3550 984 136 21 manifester
3708 989 5 15 :
3735 985 55 20 c'est
3808 984 94 21 d'abord
3921 984 25 21 la

3414 1010 80 24 pâleur
3505 1010 41 20 des
3556 1009 132 24 téguments
3702 1009 33 21 (la
3745 1012 66 22 peau,
3823 1009 34 21 les
3868 1010 75 24 Joues)

3413 1037 25 18 et
3446 1035 41 20 des
3497 1039 137 20 muqueuses
3647 1034 44 21 (les
3701 1034 79 23 lèvres,
3791 1034 34 21 les
3836 1034 98 24 conjonc-

3414 1060 67 21 tives)
3488 1065 6 18 ;
3508 1061 53 23 puis
3573 1060 21 21 le
3607 1059 91 22 malade
3710 1064 25 17 se
3747 1059 76 25 plaint
3835 1059 29 22 de
3874 1059 60 21 verti-

3415 1090 45 18 ges,
3476 1085 29 21 de
3521 1085 199 20 bourdonnement
3735 1084 107 25 d'oreille,
3856 1085 28 21 de
3900 1084 35 21 fai-

3415 1110 72 21 blesse
3500 1109 110 29 générale
3630 1112 26 19 et
3675 1110 145 23 d'insomnie;
3843 1108 106 26 l'appétit

3416 1138 35 18 est
3467 1136 129 23 capricieux
3611 1137 26 19 et
3651 1135 35 21 les
3699 1135 126 24 digestions
3839 1134 109 25 pénibles.

3441 1161 21 20 H
3482 1161 98 23 importe
3599 1160 29 22 de
3646 1165 26 16 se
3692 1161 91 23 soigner
3802 1159 133 22 immédiate-

3417 1185 71 23 ment,
3508 1190 56 15 sans
3583 1186 54 23 quoi
3654 1185 21 21 le
3697 1189 67 21 corps
3783 1185 57 25 perd
3860 1185 89 25 chaque

3417 1210 52 23 jour
3483 1210 131 24 davantage
3628 1215 27 16 sa
3669 1210 63 21 force
3745 1211 28 20 de
3787 1209 125 22 résistance
3924 1210 27 21 et

3417 1235 61 20 offre
3496 1239 33 17 un
3546 1235 89 22 terrain
3652 1235 117 21 favorable
3788 1235 16 21 à
3821 1237 77 19 toutes
3916 1234 34 21 les

3419 1260 116 21 maladies.

3444 1285 21 20 H
3479 1285 108 21 convient
3598 1285 59 20 donc
3670 1285 28 21 de
3710 1285 83 22 rendre
3807 1289 31 17 au
3851 1289 59 20 sang
3923 1290 29 16 sa

3419 1310 82 20 teneur
3512 1310 105 21 normale
3629 1314 31 17 en
3673 1311 43 21 fer.
3729 1310 56 21 Cela
3797 1315 30 16 ne
3840 1311 55 20 veut
3907 1314 45 21 pas

3419 1335 48 21 dire
3483 1335 54 23 qu'il
3556 1335 70 24 faille,
3644 1339 90 17 comme
3750 1335 119 23 autrefois,
3887 1336 65 20 boire

3419 1359 28 20 de
3468 1359 60 21 l'eau
3550 1360 59 20 dans
3630 1360 98 24 laquelle
3748 1360 94 21 avaient
3863 1359 90 26 trempé

3421 1385 40 20 des
3475 1385 64 21 clous
3556 1390 6 15 :
3581 1385 21 21 si
3618 1385 66 21 l'idée
3699 1390 31 16 en
3745 1385 131 22 elle-même
3892 1386 61 21 n'est

3420 1414 42 19 pas
3480 1410 87 20 dénuée
3584 1411 29 20 de
3629 1410 47 21 bon
3692 1415 61 20 sens,
3769 1412 60 19 cette
3846 1410 107 26 pratique

3422 1435 80 21 mérite
3520 1439 102 20 presque,
3637 1435 15 20 à
3665 1436 67 21 notre
3750 1435 85 25 époque
3853 1437 28 20 de
3898 1439 42 22 pro-

3421 1459 59 24 grès,
3501 1460 22 21 le
3546 1464 56 16 nom
3625 1460 29 20 de
3679 1468 9 10 «
3712 1457 92 24 remède
3828 1461 28 21 de
3877 1461 77 21 bonne

3421 1485 85 20 femme
3517 1493 19 13 p.

3447 1511 21 19 A
3480 1510 87 21 l'heure
3580 1510 105 24 actuelle,
3697 1510 18 21 11
3728 1511 73 21 existe
3814 1516 34 16 un
3861 1510 93 22 remède

3423 1535 15 21 à
3448 1536 54 20 base
3514 1535 28 21 de
3553 1535 46 20 sels
3611 1536 28 22 de
3651 1536 36 20 fer
3697 1536 116 21 combinés
3824 1540 56 17 avec
3889 1536 52 21 d'au-

3424 1561 47 19 tres
3483 1560 135 21 stimulants
3632 1561 40 20 des
3683 1560 116 22 fonctions
3812 1561 143 25 organiques,

3424 1585 38 24 qui
3477 1586 37 20 est
3533 1585 210 25 particulièrement
3762 1586 56 22 utile
3837 1587 25 20 et
3880 1586 76 21 même

3424 1610 169 25 indispensable
3615 1610 60 22 dans
3696 1612 53 20 tous
3770 1611 33 21 les
3821 1615 40 17 cas
3883 1611 30 21 où
3934 1610 22 21 le

3423 1639 59 21 sang
3497 1641 15 15 a
3528 1636 79 20 besoin
3622 1635 71 22 d'être
3709 1635 108 25 régénéré
3832 1638 25 19 et
3872 1636 70 25 l'orga-

3423 1660 74 23 nisme
3509 1660 83 21 tonifié
3610 1665 6 16 :
3633 1666 26 15 ce
3674 1662 54 20 sont
3742 1662 34 20 les
3790 1660 85 22 Pilules
3889 1661 66 21 Pink.

3424 1685 75 21 Grâce
3510 1686 14 20 à
3536 1686 50 20 leur
3598 1686 124 23 Judicieuse
3733 1686 156 24 composition,
3900 1686 56 22 elles

3426 1711 41 20 ont
3480 1710 36 21 tôt
3529 1711 46 20 fait
3589 1710 28 22 de
3630 1711 82 21 rendre
3727 1715 46 17 aux
3786 1711 101 25 globules
3900 1716 42 16 san-

3425 1736 66 23 guins
3503 1735 51 21 leur
3566 1736 100 20 richesse
3678 1741 32 16 en
3722 1736 45 24 fer;
3782 1736 56 21 elles
3850 1736 106 22 vivifient

3426 1761 20 19 le
3467 1765 64 20 sang,
3549 1760 21 23 le
3590 1761 119 24 purifient.
3725 1762 63 20 Tous
3807 1761 34 22 les
3860 1765 98 21 organes

3425 1786 49 19 s'en
3494 1786 110 20 trouvent
3628 1786 116 21 restaurés
3767 1787 25 20 et
3816 1787 142 24 reprennent

3425 1810 50 20 leur
3490 1811 201 21 fonctionnement
3706 1811 100 24 normal;
3823 1812 35 20 les
3873 1811 71 22 malsi-

3426 1839 35 16 ses
3480 1836 129 23 s'effacent,
3630 1836 170 25 disparaissent,
3820 1840 58 21 pour
3897 1837 60 21 faire

3427 1860 64 24 place
3503 1860 16 21 à
3531 1861 25 20 la
3566 1860 74 22 santé.

3453 1886 63 20 Nous
3527 1890 72 16 avons
3610 1885 55 25 déjà
3676 1886 83 25 exposé
3770 1886 136 22 différentes
3916 1892 29 16 ex-

3428 1910 115 23 périences
3557 1910 111 25 cliniques
3683 1912 69 21 faites
3765 1916 44 20 par
3823 1912 42 21 des
3879 1911 66 22 méde-

3427 1935 55 22 cins,
3499 1939 55 16 avec
3569 1940 98 16 examen
3683 1937 32 20 du
3727 1941 59 20 sang
3801 1936 41 22 des
3855 1937 104 21 malades

3428 1960 13 20 à
3461 1960 92 24 l'appui,
3571 1961 25 20 et
3614 1961 39 24 qui
3672 1963 43 20 ont
3732 1961 92 25 prouvé,
3841 1962 27 21 de
3888 1962 71 24 façon

3428 1984 122 23 éclatante,
3573 1985 132 22 l'efficacité
3728 1987 166 21 incontestable
3918 1986 42 22 dss

3427 2009 84 20 Pilules
3526 2010 60 20 Pink
3603 2010 58 21 dans
3677 2011 34 20 les
3726 2016 40 16 cas
3782 2011 119 21 d'anémie.
3917 2012 43 20 Les

3425 2035 103 21 malades
3535 2035 143 22 eux-mêmes
3688 2037 38 24 qui
3735 2042 32 16 en
3776 2039 42 19 ont
3828 2037 45 21 fait
3880 2041 78 20 usage,

3426 2061 24 19 et
3465 2060 29 20 ils
3508 2061 55 20 sont
3578 2060 81 25 légion,
3674 2063 43 19 ont
3731 2062 58 21 tenu
3804 2063 15 21 à
3834 2067 60 17 nous
3909 2064 49 21 dire

3429 2085 64 21 toute
3509 2085 51 21 leur
3573 2087 190 20 reconnaissance
3780 2092 59 19 pour
3855 2088 21 21 le
3893 2089 67 20 bien-

3426 2109 49 21 être
3499 2114 43 20 que
3561 2110 50 21 leur
3633 2112 43 20 ont
3698 2112 96 24 procuré
3816 2114 34 20 les
3873 2113 85 22 Pilules

3429 2135 65 20 Pink.

3454 2160 25 20 Si
3497 2164 56 16 vous
3569 2160 49 22 êtes
3635 2159 109 27 déprimé,
3762 2163 88 23 abattu,
3867 2163 93 23 anémié

3427 2195 27 5 —
3464 2185 49 20 cela
3526 2186 74 21 arrive
3612 2191 46 16 aux
3667 2186 104 25 périodes
3781 2188 29 21 de
3822 2193 137 21 surmenage

3428 2214 29 16 ou
3480 2215 46 15 aux
3547 2210 99 25 époques
3667 2210 108 27 critiques
3792 2214 29 21 de
3843 2214 25 21 la
3889 2215 36 20 vie
3951 2220 7 16 :

3428 2235 134 23 croissance,
3581 2236 134 24 formation,
3731 2238 60 21 suite
3810 2239 29 21 de
3860 2239 100 22 maladie

3428 2264 30 16 ou
3480 2260 28 21 de
3529 2261 104 23 couches,
3654 2263 79 20 retour
3753 2263 65 24 d'âge
3838 2274 28 5 —
3882 2264 78 25 faites,

3426 2289 57 16 vous
3500 2286 70 23 aussi,
3587 2286 65 23 votre
3670 2292 54 16 cure
3742 2289 28 20 de
3789 2288 85 22 Pilules
3892 2289 66 23 Pink.

3427 2310 60 21 Elles
3505 2315 57 16 vous
3585 2312 149 24 apporteront
3756 2314 23 20 le
3801 2314 158 25 soulagement

3426 2335 59 20 dont
3502 2340 58 16 vous
3577 2340 56 17 avez
3648 2337 86 25 besoin,
3751 2340 26 19 et
3791 2344 58 16 vous
3866 2341 93 20 n'aurez

3426 2361 70 23 qu'un
3513 2361 83 24 regret,
3614 2362 56 21 c'est
3685 2363 30 20 de
3732 2368 31 16 ne
3781 2368 43 20 pas
3842 2364 34 21 les
3893 2366 66 20 avoir

3427 2384 105 24 essayées
3544 2385 52 25 plus
3608 2386 43 21 tôt.

3452 2410 86 20 Toutes
3549 2410 34 21 les
3594 2411 154 22 Pharmacies.
3760 2413 37 21 Fr.
3809 2414 76 24 belges
3899 2415 24 20 !2
3935 2415 26 21 la

3426 2435 69 21 boite.
3890 2441 71 20 (H147

2906 3192 78 34 FÊTE
2999 3197 173 28 NATIONALE
3190 3197 183 28 ESPAGNOLE

2346 3315 61 21 C'est
2424 3319 31 17 au
2472 3315 71 25 profit
2560 3314 103 26 partagé,
2679 3315 29 21 de
2725 3315 24 21 la
2768 3324 8 8 ■
2794 3316 46 20 Pro-

2321 3340 87 21 tection
2424 3349 9 10 »
2451 3343 24 18 et
2489 3341 42 21 des
2544 3341 117 20 Invalides
2673 3341 52 24 qu'a
2740 3340 37 22 été
2793 3341 47 21 don

2321 3365 42 21 née
2377 3366 129 23 dimanche,
2522 3370 47 16 une
2584 3366 184 24 représentation
2784 3366 28 21 de
2829 3366 23 20 la

2324 3390 106 22 brillante
2448 3392 25 20 et
2489 3391 126 24 spirituelle
2633 3395 70 17 revue
2720 3392 31 19 de
2767 3390 88 22 Marcel

2320 3416 100 21 Antoine
2442 3425 9 8 »
2469 3417 110 27 Ouvrons,
2592 3416 99 24 l'Heysel
2712 3425 18 11 ».
2749 3416 104 21 L'œuvre

2321 3442 25 20 et
2371 3445 38 17 ses
2435 3436 144 36 interprètes"
2601 3443 42 19 ont
2669 3440 107 22 retrouvé
2803 3441 51 21 leur

2322 3466 100 24 bruyant
2440 3469 25 18 et
2484 3466 103 25 légitime
2607 3465 79 22 succès
2707 3466 28 21 de
2756 3470 24 17 la
2799 3470 46 20 pre-

2321 3491 78 23 raière.

2348 3518 21 20 A
2382 3517 133 22 l'entr'acte,
2529 3517 25 20 la
2567 3517 73 25 petite
2654 3517 85 20 Odette
2753 3517 74 20 Lhost
2840 3521 15 16 a

2322 3541 34 22 dit
2370 3546 56 17 avec
2439 3546 46 16 une
2497 3542 114 26 prenante
2625 3541 108 24 émotion,
2747 3546 47 16 une
2808 3542 34 20 let-

2323 3569 36 18 tre
2371 3568 15 21 à
2399 3567 24 21 la
2437 3568 63 20 reine
2515 3567 41 21 des
2570 3567 104 21 mineurs
2687 3567 33 20 du
2734 3567 119 24 Borinage.

2323 3593 60 22 Puis,
2407 3592 141 21 l'excellente
2572 3592 93 21 chorale
2688 3592 41 21 des
2753 3593 103 19 mineurs

2324 3626 8 9 -
2347 3617 88 21 Fldelio
2448 3627 18 13 »,
2476 3618 29 20 de
2518 3617 109 24 Wasrr.es,
2639 3622 55 16 sous
2705 3618 25 19 la
2742 3617 112 20 direction

2323 3642 28 21 de
2369 3644 32 19 M.
2419 3642 48 21 Elie
2484 3642 148 25 Harmignies
2648 3648 16 15 a
2679 3643 45 20 fait
2742 3642 114 21 acclamer

2326 3677 8 8 »
2349 3668 120 20 Germinal
2483 3677 18 12 ».
2514 3668 52 24 puis
2578 3668 15 20 i'
2608 3675 9 10 •
2631 3667 49 21 Ode
2693 3672 16 16 a
2720 3668 25 20 la
2755 3667 69 21 Forêt

2323 3694 43 20 Les
2380 3694 103 20 mineurs
2495 3693 80 20 furent
2588 3692 145 23 ovationnés;
2750 3697 59 20 pour
2822 3696 34 17 un

2322 3722 46 20 peu
2382 3723 31 16 on
2427 3718 34 21 les
2473 3718 40 20 eût
2528 3717 121 25 empêchés
2663 3718 30 20 de
2707 3718 80 24 partir.

2348 3743 52 21 Une
2413 3743 76 25 lampe
2504 3743 28 21 de
2546 3744 91 19 mineur
2649 3742 90 23 vendue
2753 3747 46 16 aux
2812 3747 31 16 en-

2323 3768 80 21 chères
2416 3769 110 23 rapporta
2537 3773 46 16 une
2597 3772 87 16 somme
2698 3768 129 20 rondelette
2840 3767 15 21 à

2325 3794 102 20 l'œuvre.'
2438 3794 37 20 Un
2488 3792 149 25 télégramme
2649 3797 28 16 ae
2689 3793 131 24 sympathie
2833 3794 24 19 et

2326 3818 40 22 des
2381 3823 68 16 vœux
2464 3819 29 20 de
2508 3820 93 23 prompt
2616 3818 185 20 rétablissement
2807 3813 6 7 '
2818 3818 26 21 fu-

2323 3844 54 20 rent
2389 3842 118 23 adressées
2519 3843 15 21 à
2548 3844 26 20 M
2575 3846 14 9 m
2591 3846 8 10 *
2613 3843 101 24 Ramlot,
2725 3843 131 24 présidente

2326 3869 29 21 de
2366 3869 25 21 la
2404 3877 9 10 •
2426 3869 133 21 Protection
2570 3877 19 15 »,
2601 3869 99 20 atteinte
2713 3873 44 18 par
2769 3869 24 20 la
2805 3873 39 16 ma-

2325 3894 68 21 ladie.

2351 3920 114 23 Ajoutons
2480 3923 43 21 que
2538 3918 62 22 cette
2615 3918 102 21 matinée
2734 3918 63 21 avait
2812 3918 46 21 fait

2326 3944 56 21 salle
2395 3943 162 25 archlcomble;
2574 3945 52 19 tous
2641 3944 34 20 les
2688 3943 127 25 dirigeants
2828 3944 29 20 de

2327 3969 23 21 la
2369 3977 9 10 »
2397 3969 132 21 Protection
2547 3979 9 9 »
2572 3968 89 22 étaient
2677 3969 33 23 là;
2730 3969 29 20 de
2776 3968 82 24 même,

2327 3999 57 16 ceux
2395 3995 29 20 de
2436 3995 24 20 la
2473 4003 8 9 «
2497 3994 92 21 Maison
2599 3994 41 21 des
2653 3993 116 21 Invalides
2783 4003 9 9 »
2804 3998 7 16 :
2825 3995 33 20 M.

2325 4019 101 24 Colruyt,
2451 4019 126 25 président;
2606 4019 22 20 le
2655 4019 117 25 capitaine
2797 4020 47 19 Des-

2325 4048 86 21 camps,
2425 4045 22 20 le
2464 4045 117 24 capitaine
2600 4045 92 22 Cornez,
2711 4045 32 20 M.
2762 4044 93 21 Coulon

2350 4070 113 20 Reconnu
2479 4070 62 20 aussi
2557 4070 60 20 dans
2631 4070 34 20 les
2681 4068 124 26 premières
2821 4070 23 19 lo-

2325 4099 40 21 ges
2374 4100 6 16 :
2396 4095 22 20 le
2433 4095 92 24 général
2538 4096 34 19 De
2586 4095 153 24 Kempeneer,
2753 4095 21 20 le
2787 4093 69 26 gëni-

2326 4120 35 21 ral
2374 4121 151 23 Doutrepont.
2538 4121 31 19 M.
2582 4120 52 20 Van
2645 4120 105 23 Damme,
2760 4119 85 21 conseil-

2325 4145 35 21 ler
2374 4145 15 21 à
2403 4146 23 20 la
2441 4146 66 20 Cour.
2521 4146 32 20 M.
2569 4145 76 24 Gevys
2658 4145 111 22 Guilmot,
2784 4144 60 25 prési-

2325 4170 56 21 dent
2394 4170 29 21 de
2439 4178 9 9 »
2463 4169 87 21 Fidelio
2566 4179 18 14 »,
2594 4170 99 20 l'auteur
2706 4170 29 21 de
2750 4171 23 20 la
2788 4174 67 16 revue

2325 4198 24 18 et
2364 4196 51 20 M""
2430 4195 88 21 Marcel
2530 4195 107 22 Antoine,
2652 4196 44 19 etc.
2710 4205 27 5 —
2750 4195 27 20 E.

2327 4255 160 29 BAGARRES
2519 4254 203 29 SANGLANTES
2754 4253 102 29 ENTRE

2395 4300 137 29 HINDOUS
2546 4301 38 28 ET
2599 4299 198 30 MUSULMANS

2351 4370 33 20 La
2404 4368 196 24 Nouvelle-Delhi,
2626 4369 25 20 14
2674 4368 64 21 avril.
2761 4379 28 5 —
2810 4369 47 20 Des

2326 4394 175 22 échauffourées
2519 4395 65 20 entre
2602 4394 106 20 Hindous
2726 4394 24 20 et
2767 4394 78 21 Musul-

2326 4425 67 15 mans
2413 4425 25 16 se
2456 4420 55 20 sont
2530 4419 118 25 produites
2664 4419 61 21 dans
2744 4418 113 26 plusieurs

2326 4445 109 21 localités,
2447 4445 51 21 hier
2513 4445 23 20 et
2552 4444 154 24 aujourd'hui.

2352 4472 21 19 A
2389 4469 138 23 Forozabad.
2544 4470 59 20 dans
2621 4469 21 22 le
2660 4469 91 21 district
2769 4468 89 25 d'Agra,

2327 4495 17 21 il
2357 4500 15 19 y
2387 4500 15 15 a
2418 4500 30 16 eu
2463 4495 61 20 ainsi
2540 4495 61 20 deux
2616 4494 53 21 tués
2685 4495 25 19 et
2725 4495 27 19 44
2767 4493 91 22 blessés.

2328 4521 31 20 La
2368 4519 73 26 police
2454 4525 15 16 a
2479 4520 32 20 dû
2522 4520 78 20 ouvrir
2612 4522 21 19 le
2646 4520 39 19 feu
2696 4524 41 16 sur
2748 4519 33 21 les
2794 4524 51 15 com-

2327 4545 105 21 battants
2449 4550 59 19 pour
2526 4546 84 19 mettre
2628 4544 37 20 fin
2682 4545 16 21 à
2715 4544 24 20 la
2754 4544 103 24 bagarre.

2327 4576 25 15 ce
2375 4570 39 25 qui
2435 4571 67 23 porte
2523 4570 22 20 le
2568 4569 63 21 bilan
2652 4569 42 21 des
2716 4569 104 21 victimes
2842 4568 15 21 à

2327 4596 12 20 3
2349 4596 52 20 tués
2415 4596 24 20 et
2450 4596 25 19 51
2489 4594 91 21 blessés.

2351 4622 21 19 A
2387 4620 82 23 Botad,
2484 4620 61 20 dans
2559 4620 22 21 le
2597 4619 90 21 district
2702 4619 29 22 de
2747 4619 111 24 Bombay,

2327 4650 30 17 on
2369 4650 15 16 a
2395 4644 90 26 compté
2498 4645 12 20 6
2522 4644 51 21 tués
2585 4646 24 19 et
2620 4645 28 20 de
2659 4645 126 20 nombreux
2796 4644 49 20 bles-

2325 4672 42 20 sés,
2377 4671 24 20 et
2412 4671 23 20 là
2447 4669 136 25 également,
2594 4669 23 21 la
2628 4669 73 25 police
2712 4674 16 16 a
2739 4668 32 21 dû
2782 4669 62 21 inter-

2326 4696 65 20 venir
2406 4699 58 21 pour
2482 4698 84 18 mettre
2584 4694 37 21 fin
2639 4699 47 16 aux
2704 4694 108 21 troubles.
2830 4704 27 5 —

2326 4721 92 21 Reuter.

2900 3256 33 21 La
2953 3255 110 21 chambre
3084 3256 29 20 de
3134 3259 126 17 commerce
3282 3255 126 25 d'Espagne

2874 3285 30 17 en
2916 3281 107 25 Belgique
3036 3286 14 16 a
3063 3281 48 21 fêté
3123 3281 123 20 dimanche
3258 3281 46 20 soir
3316 3281 22 21 le
3351 3285 44 20 qua-

2875 3306 81 21 trième
2976 3306 155 21 anniversaire
3151 3307 28 21 de
3198 3307 24 20 la
3241 3306 167 25 proclamation

2875 3332 28 20 de
2917 3333 24 20 la
2955 3332 148 24 République.

2900 3358 31 19 Le
2944 3357 102 25 banquet
3059 3357 58 20 était
3131 3356 89 26 présidé
3233 3361 43 21 par
3289 3357 32 20 M.
3334 3357 63 20 Fran-

2874 3382 60 21 cisco
2951 3383 110 23 Ventura,
3079 3382 116 25 président
3213 3382 28 21 de
3258 3382 24 21 la
3300 3382 108 20 chambre

2875 3407 29 21 de
2923 3412 132 18 commerce,
3080 3411 72 21 ayant
3171 3407 14 21 à
3204 3411 37 17 ses
3265 3407 62 21 côtés
3352 3408 57 19 MM.

2874 3433 95 24 Aguirre
2985 3433 28 21 de
3029 3434 90 22 Carcer,
3135 3433 163 21 ambassadeur
3314 3433 81 24 d'Espa-

2875 3463 44 19 gne
2930 3459 16 20 à
2957 3458 126 23 Bruxelles;
3096 3459 130 23 Trevijano,
3238 3458 80 21 consul
3329 3461 24 17 et
3365 3458 44 20 Za-

2876 3483 47 23 bra,
2942 3484 141 22 vice-consul
3102 3484 127 24 d'Espagne
3248 3484 14 19 à
3281 3483 127 23 Bruxelles;

2874 3509 62 21 Juan
2953 3509 92 24 Ortega.
3052 3508 95 22 attaché
3154 3508 151 22 commercial.
3312 3509 97 20 Garcia-

2875 3534 84 23 Conde,
2974 3533 123 22 secrétaire
3112 3537 24 17 et
3150 3534 115 24 Tejerina,
3280 3534 130 21 chancelier

2875 3559 28 21 de
2921 3559 159 23 l'ambassade,
3099 3559 76 21 Julius
3194 3560 78 22 Hoste,
3292 3559 117 25 président

2876 3585 29 20 de
2919 3585 158 21 l'Association
3092 3585 28 21 de
3134 3585 24 20 la
3172 3584 79 21 Presse
3265 3584 74 24 belge;
3357 3585 53 20 Cal-

2877 3609 44 23 licl,
2935 3610 117 25 président
3068 3611 32 21 du
3115 3610 78 21 Cercle
3208 3610 121 25 Espagnol,
3344 3610 68 20 Louis

2876 3635 100 23 Piérard,
2994 3635 90 25 député.

2900 3662 37 19 Au
2951 3662 93 22 dessert,
3059 3661 31 20 M.
3104 3661 105 20 Ventura
3223 3661 65 21 salua
3302 3660 96 21 l'ambas-

2877 3686 92 23 sadeur;
2985 3686 17 20 il
3015 3686 66 25 parla
3094 3687 28 20 de
3136 3686 22 21 la
3171 3686 112 21 situation
3296 3686 103 21 économi-

2877 3715 43 20 que
2933 3712 29 20 de
2973 3712 121 24 l'Espagne
3106 3713 24 20 et
3142 3716 96 20 marqua
3252 3715 26 17 sa
3291 3711 121 21 confiance

2877 3741 29 16 en
2917 3737 101 20 l'avenir.

2902 3762 31 20 >L
2949 3761 95 24 Aguirre
3060 3763 28 19 de
3105 3762 89 22 Carcer.
3211 3762 170 22 ambassadeur,
3397 3762 15 20 à

2878 3791 42 16 son
2931 3789 53 19 tour
2995 3788 30 20 fit
3036 3792 33 16 un
3080 3787 82 25 exposé
3173 3789 28 20 de
3212 3790 24 20 la
3247 3788 113 20 situation
3366 3788 35 20 dif-

2877 3812 63 21 ficile
2954 3816 43 21 que
3011 3813 101 20 traverse
3125 3813 121 25 l'Espagne
3261 3818 30 16 au
3304 3814 67 24 point
3385 3813 28 21 de

2878 3842 43 16 vue
2946 3838 153 24 économique,
3123 3839 113 20 situation
3261 3839 113 24 analogue
3399 3838 14 21 à

2878 3863 56 20 celle
2947 3864 27 20 de
2986 3863 126 20 nombreux
3124 3867 57 21 pays
3194 3863 117 25 d'Europe.

2880 3897 8 8 ■
2903 3888 129 25 L'Espagne
3046 3889 128 23 conclut-il,
3187 3889 84 21 sortira
3284 3889 116 25 triompha-

2878 3913 86 22 lement
2980 3914 29 21 de
3026 3913 132 23 l'aventure,
3176 3914 67 24 grâce
3260 3914 15 21 à
3291 3919 27 16 sa
3335 3915 65 23 persé-

2879 3938 97 21 vérance
2989 3940 24 20 et
3026 3939 15 20 à
3054 3944 26 16 sa
3094 3939 92 22 volonté
3200 3948 18 12 ».

2904 3964 188 21 L'ambassadeur
3115 3964 56 22 émit
3194 3965 21 21 le
3237 3970 53 17 vœu
3314 3966 28 20 de
3365 3966 49 20 voir

2879 3989 124 21 s'affirmer
3021 3989 131 25 davantage
3170 3990 33 20 les
3221 3991 111 20 relations
3351 3996 51 16 com-

2878 4014 119 21 merciales
3010 4015 65 20 entre
3090 4015 23 21 la
3126 4015 109 25 Belgique
3249 4017 25 20 et
3287 4016 126 25 l'Espagne.

2906 4040 32 20 M.
2952 4039 75 21 Julius
3042 4040 71 20 Hoste
3128 4042 98 23 apporta
3240 4041 14 20 à
3269 4042 23 20 la
3308 4042 108 20 chambre

2881 4064 29 21 de
2921 4069 126 17 comms?rce
3059 4065 127 25 d'Espagne
3198 4071 30 16 en
3239 4066 108 25 Belgique
3358 4067 48 25 l'ap-

2878 4091 39 24 pui
2934 4091 30 20 de
2980 4091 24 21 la
3021 4094 78 21 presse
3116 4091 71 24 belge,
3205 4092 20 20 n
3243 4091 77 22 forma
3337 4092 15 21 à
3370 4097 42 16 son

2881 4117 52 20 tour
2944 4116 40 20 des
2995 4120 68 16 vœux
3075 4120 58 21 pour
3143 4118 50 20 voir
3203 4116 34 21 les
3247 4122 57 21 pays
3315 4117 88 22 s'enten-

2879 4141 40 20 dre
2933 4141 130 24 davantage
3076 4142 59 20 dans
3148 4142 62 21 leurs
3223 4142 114 24 échanges
3351 4148 51 16 com-

2878 4166 122 23 merciaux,
3012 4167 50 20 afin
3074 4171 44 19 que
3128 4167 125 21 s'établisse
3265 4167 24 22 la
3299 4169 56 23 paix
3361 4168 41 21 éco-

2878 4191 112 25 nomique.

2906 4215 32 22 M.
2959 4216 68 21 Louis
3046 4216 96 22 Piérard
3162 4218 67 25 parla
3250 4218 40 21 des
3310 4219 106 25 rapports

2877 4241 131 25 artistiques
3026 4243 24 20 et
3067 4242 124 22 littéraires
3208 4244 66 20 entre
3292 4245 120 24 l'Espagne

2880 4268 24 20 et
2917 4266 24 22 la
2955 4266 115 26 Belgique.

2904 4291 72 25 Après
2990 4292 21 21 le
3025 4293 101 25 banquet
3138 4299 32 16 on
3184 4294 121 25 applaudit
3317 4294 25 22 la
3355 4295 47 21 dan-

2881 4321 65 16 seuse
2957 4317 106 23 Akarova
3075 4319 23 20 et
3110 4320 23 20 la
3145 4319 48 21 fête
3204 4323 26 17 se
3240 4320 128 25 poursuivit
3374 4325 43 20 par

2879 4347 33 16 un
2925 4343 39 21 bal
2978 4343 35 21 trè
3014 4348 11 15 s
3040 4343 83 21 animé.
3137 4355 27 4 —
3177 4345 26 20 T.

2880 4400 82 30 POUR
2994 4402 202 30 L'INDUSTRIE
3227 4404 39 28 DE
3296 4404 118 29 L'ACIER

2904 4459 61 21 C'est
2983 4460 76 20 mardi
3073 4462 26 20 et
3116 4461 112 21 mercredi
3245 4466 44 21 que
3307 4467 25 17 se
3350 4463 49 20 tien-

2878 4484 76 24 dront,
2976 4485 15 21 à
3013 4485 125 24 Bruxelles,
3160 4486 177 25 d'Importantes
3359 4486 41 21 réu-

2878 4510 68 20 nions
2963 4510 39 24 qui
3023 4510 134 22 décideront
3176 4512 188 22 définitivement
3384 4513 29 20 de

2878 4533 127 23 l'adhésion
3024 4536 28 20 de
3070 4536 150 25 l'Angleterre
3237 4542 33 16 au
3284 4538 73 21 cartel
3374 4537 26 21 in-

2878 4560 142 22 ternational
3038 4561 28 22 de
3083 4561 84 21 l'acier.

2903 4586 39 19 On
2958 4586 135 21 examinera
3113 4586 130 25 également
3263 4587 24 21 la
3307 4587 105 25 question

2878 4610 41 20 des
2935 4611 52 23 prix
3003 4613 26 20 et
3045 4611 58 21 celle
3119 4612 30 21 de
3166 4612 192 25 l'augmentation
3372 4613 40 21 des

2878 4636 73 20 droits
2963 4636 28 21 de
3003 4636 90 22 douane
3107 4636 91 25 anglais
3210 4642 40 16 sur
3262 4638 34 21 les
3308 4638 104 25 produits

2878 4661 32 20 du
2922 4660 38 21 fer
2971 4662 26 19 et
3010 4661 29 21 de
3052 4662 85 21 l'acier.

2904 4686 45 20 Ces
2970 4686 138 21 assemblées
3131 4687 44 21 ont
3198 4692 47 16 une
3269 4689 143 23 importance

2878 4711 100 23 capitale
3002 4716 59 20 pour
3085 4712 128 22 l'Industrie
3238 4712 174 26 métallurgique

2878 4736 71 24 belge,
2966 4737 39 24 qui
3023 4737 93 25 exporte
3134 4738 34 20 les
3182 4738 60 20 deux
3259 4739 56 21 tiers
3330 4739 28 21 de
3376 4743 37 16 ses

2878 4762 105 23 produits
2999 4762 61 21 dans
3076 4763 22 21 le
3116 4763 179 24 Royaume-Uni
3311 4764 25 20 et
3353 4764 60 21 dans

2878 4791 36 16 ses
2929 4787 143 22 Dominions.
3088 4798 28 5 —
3130 4788 79 24 Belga.

1792 5533 37 21 Un
1842 5532 90 22 ouvrier
1944 5532 31 21 du
1988 5531 92 22 chemin
2093 5532 28 21 de
2134 5531 37 22 fer
2182 5537 25 16 se
2220 5531 65 24 prête
2298 5530 172 22 bénévolement
2489 5530 15 22 k
2529 5530 24 21 la
2578 5530 176 21 reconstitution
2773 5531 32 21 du

1792 5559 69 21 crime
1875 5559 27 22 de
1916 5556 143 23 Combes-la-
2060 5556 65 26 Ville,
2138 5556 30 22 où
2180 5557 21 22 le
2214 5551 70 31 jeune
2298 5556 112 25 Dessailly
2438 5562 16 15 a
2475 5555 80 22 trouvé
2583 5555 24 22 la
2635 5555 67 22 mort.
2717 5565 28 6 —
2758 5555 31 23 X.

2879 4846 37 28 LA
2946 4845 123 30 HAUSSE
3099 4847 38 27 EN
3169 4848 242 32 QUINCAILLERIE

2902 4904 32 20 Le
2956 4904 92 21 Conseil
3069 4904 94 25 général
3184 4906 29 20 de
3234 4906 25 20 la
3272 4905 139 22 Fédération

2877 4927 69 25 Belge
2957 4929 41 20 des
3008 4929 168 23 Quincailliers,
3188 4931 108 20 soucieux
3309 4931 28 20 de
3349 4931 62 20 tenu-

2876 4955 99 22 compte,
2988 4954 60 21 dans
3061 4955 25 20 la
3100 4959 91 17 mesure
3206 4955 32 21 du
3250 4955 104 25 possible,
3369 4956 41 20 des

2876 4979 226 21 recommandations
3122 4980 33 21 du
3178 4981 179 23 gouvernement
3378 4985 31 16 au

2876 5003 63 24 sujet
2952 5004 29 20 de
2995 5004 23 20 la
3032 5004 91 24 hausse,
3136 5005 54 21 s'est
3203 5005 74 21 réuni.

2900 5035 58 16 Est-U
2975 5035 65 16 besoin
3056 5035 24 17 de
3096 5036 41 16 dire
3153 5036 96 19 qu'aucun
3264 5039 104 14 commerce
3384 5039 25 14 ne

2879 5060 46 18 peut
2936 5062 20 14 te
2968 5059 50 18 faire
3030 5060 12 17 à
3054 5062 60 18 perte.
3125 5061 26 16 Le
3163 5064 104 14 commerce
3278 5062 30 16 est
3320 5064 40 17 régi
3371 5065 37 17 par

2879 5084 33 17 des
2926 5083 61 21 rsVgles
3000 5086 20 15 et
3034 5084 33 18 des
3080 5085 36 19 lois
3130 5085 131 20 économiques
3275 5089 36 16 que
3324 5086 19 17 le
3356 5090 41 13 com-

2874 5111 94 18 merçant,
2986 5110 38 17 bon
3041 5110 33 20 grt
3093 5110 39 17 mal
3150 5110 39 21 gré.
3208 5111 41 16 doit
3267 5111 59 18 subir.
3344 5111 24 17 Et
3386 5115 22 13 ce

2877 5136 50 16 n'est
2943 5139 35 16 pas
2992 5139 22 13 aa
3029 5136 55 17 faute
3097 5137 18 16 II
3130 5136 18 16 ia
3163 5136 70 19 hausse
3248 5139 30 14 est
3291 5136 19 18 le
3325 5136 81 18 résultat

2877 5160 77 17 naturel
2967 5162 20 16 et
2999 5161 113 19 obligavtolr*
3125 5161 24 17 de
3162 5161 123 20 dispositions
3297 5162 61 19 prises
3371 5166 35 16 par

2876 5185 66 17 l'EtaU
2962 5186 27 16 Las
3010 5186 112 17 Fédération
3142 5186 58 19 Belge
3220 5186 33 17 des
3273 5187 133 18 Quincailliers

2877 5210 100 17 reconnaît
2997 5214 36 16 que
3051 5211 20 16 la
3091 5211 69 16 hausse
3181 5211 104 17 érentuelle
3305 5211 41 18 doit
3365 5211 41 17 être

2877 5237 51 17 aussi
2944 5234 85 18 modérée
3045 5239 35 16 que
3095 5235 82 21 possible
3190 5236 56 18 mais,
3261 5236 49 17 dans
3324 5238 29 15 les
3367 5237 29 16 cir-

2876 5261 114 16 constances
3004 5260 103 20 présentes,
3122 5263 38 14 une
3174 5260 70 17 hausse
3258 5262 31 16 est
3302 5261 103 18 inévitable

2876 5285 48 17 dans
2941 5288 22 14 ce
2979 5288 111 14 commerce.

2897 5310 93 19 Quantité
3009 5310 97 17 d'articles
3127 5311 45 16 sont
3193 5311 90 19 Importés
3303 5311 92 17 d'Allema-

2876 5337 42 17 gne,
2935 5336 48 16 c'est
3000 5335 96 19 pourquoi,
3114 5334 33 20 dès
3164 5334 18 18 le
3198 5335 11 17 5
3226 5336 55 18 avrU,
3298 5335 29 18 les
3344 5337 50 16 fabri-

2874 5362 56 14 cants
2945 5361 20 16 et
2979 5360 133 19 exportateurs
3126 5360 107 17 allemands
3246 5364 21 13 se
3281 5362 44 17 sont
3340 5361 65 18 réunis

2875 5389 12 12 a
2908 5384 100 19 Elberfeld,
3029 5384 42 17 afin
3091 5384 24 17 de
3135 5384 85 18 discuter
3239 5385 19 17 le
3276 5387 129 19 pourcentage

2875 5409 164 20 d'augmentation
3054 5408 96 19 résultant
3166 5410 24 17 de
3205 5410 20 17 la
3240 5410 124 20 dévaluation
3379 5412 25 17 du

2875 5434 55 17 franc
2944 5434 58 20 belge,
3015 5434 16 17 n
3045 5438 13 13 a
3070 5435 31 17 été
3114 5434 65 18 décidé
3192 5438 36 17 que
3240 5439 23 14 ce
3275 5437 129 20 pourcentage

2874 5459 65 16 des'alt
2952 5459 40 17 être
3006 5459 24 19 de
3044 5460 21 16 33
3081 5460 30 19 1/3
3125 5463 49 16 pour
3188 5462 51 15 cent.

2896 5484 65 19 Quant
2974 5487 38 13 aux
3024 5484 78 19 articles
3114 5485 92 20 Importés
3218 5486 24 17 de
3253 5486 79 21 France,
3345 5487 49 17 d'An-

2870 5509 81 20 gleterre
2965 5509 21 17 et
2999 5509 103 20 d'ailleurs,
3118 5509 14 17 11
3147 5513 25 14 va
3185 5513 46 14 sans
3246 5510 41 18 dire
3302 5511 47 21 qu'il
3363 5512 41 17 doit

2873 5535 41 18 être
2929 5535 48 17 tenu
2993 5536 75 19 compte
3083 5534 107 21 également
3205 5536 27 18 du
3246 5539 57 16 cours
3318 5537 24 18 de
3357 5537 37 18 l'ar-

2868 5561 53 20 gent.
2931 5568 24 5 —
2969 5560 162 21 (Communiqué).

3482 3690 120 27 Cendres
3617 3691 34 27 de
3668 3691 95 31 Roses,
3775 3690 171 35 Mandarine,

3480 3734 119 28 Velouté
3620 3737 36 26 de
3679 3737 97 30 Pêche,
3804 3738 143 33 Groseilles.

3481 3778 99 28 Corail,
3635 3780 127 31 Nacarat,
3809 3783 135 28 Incaîrnat.

3438 3905 141 48 UNE
3607 3906 361 50 OCCASION

3440 4002 173 49 VOUS
3655 4002 313 51 CHERCHE

3554 4135 81 28 Vous
3660 4136 100 28 n'avez
3785 4137 68 32 qu'A

3554 4174 52 28 lire
3636 4177 218 27 attentivement

3598 4225 52 17 nos
3665 4225 145 18 annonces

3490 4286 117 38 POUR
3630 4287 52 37 EN
3704 4287 215 38 PROFITER

3435 4351 75 59 V..

3913 4351 58 56 J

3456 4466 167 39 DIABETE
3645 4482 14 9 -
3679 4467 269 39 ALBUMINURIE

3495 4518 119 16 NEPHRITE
3630 4517 75 18 AIGUË
3721 4519 31 16 ET
3767 4519 140 19 CHRONIQUE

3456 4546 261 79 Bronchites
3746 4548 201 85 (:z%l)

3538 4636 108 49 Toux
3668 4665 17 9 -
3705 4637 163 48 Asthme

3462 4702 188 48 Maladies
3671 4703 48 47 de
3740 4703 38 47 la
3797 4703 141 48 femme

3455 4768 67 16 Pertes
3536 4768 98 20 blanches,
3651 4768 143 18 inflammation
3809 4769 25 17 de
3848 4769 82 17 matrice
3943 4770 22 17 et

3434 4789 80 17 ovaires,
3535 4788 89 17 douleurs
3644 4789 26 17 du
3690 4788 35 17 bas
3745 4790 72 19 rentre,
3837 4789 127 21 hémorragie,

3433 4808 51 17 suite
3498 4808 24 17 de
3537 4809 86 19 couches,
3639 4809 154 17 inflammations
3807 4810 21 17 et
3841 4810 113 20 démangeai-

3433 4831 45 13 sons
3495 4830 94 15 externe.

3500 4864 213 38 RETOUR
3737 4865 158 39 D'AGE

3482 4917 168 37 ANÉMIE
3663 4935 12 7 -
3689 4924 226 32 FAIBLESSE

3481 4971 240 50 impuissoncE
3750 4972 168 52 sexuelle

3431 5041 48 15 poor
3491 5038 28 16 le»
3532 5038 49 17 deux
3594 5041 60 17 sexes.
3668 5039 129 18 Insuffisance
3810 5041 24 17 de
3848 5043 115 19 sensations,

3431 5058 92 20 frigidité.
3534 5059 137 17 Amélioration
3682 5060 67 20 rapide
3759 5062 21 16 et
3789 5061 90 20 guérison
3889 5067 36 15 par
3934 5063 31 18 les

3430 5077 83 18 célèbres
3527 5079 86 17 remède»
3627 5080 92 19 DéGéDs.
3735 5082 12 16 à
3761 5081 47 18 base
3823 5083 100 17 d'extraits
3938 5085 26 17 da

3430 5098 83 19 plantes,
3529 5099 121 18 absolument
3666 5101 119 18 Inoffensifs.

3451 5119 109 17 Demandez
3571 5120 66 17 circul.
3648 5122 50 18 grat.
3710 5122 23 16 D.
3744 5122 21 17 K.
3777 5123 28 21 31,
3817 5127 46 14 arec
3875 5128 87 16 preuves,

3430 5141 24 14 au
3467 5139 81 19 déposlt.
3561 5140 34 16 Ph.
3607 5141 32 16 DE
3651 5142 144 21 MIDDELEER,
3808 5147 35 14 rue
3854 5147 26 16 du
3892 5146 64 17 Trône

3429 5159 28 19 31,
3469 5159 58 18 Brux.
3538 5164 25 12 en
3574 5160 103 20 Indiquant
3688 5162 45 17 bien
3743 5163 20 16 la
3775 5163 90 19 maladie,
3880 5170 5 12 i
3888 5166 14 15 A
3915 5166 52 16 10-3.2

3503 5251 163 43 Dégustez
3687 5254 28 31 le
3734 5255 154 33 délicieux

3500 5300 221 88 Deymann
3731 5304 159 76 -Biffer

3494 5395 100 27 (Marquas
3612 5396 280 29 DEYMANN-DRUART)

3467 5435 34 31 Le
3521 5436 60 38 plus
3601 5439 97 29 ancien
3712 5453 10 8 ■
3739 5439 34 30 Le
3793 5439 121 32 meilleur

3463 5478 70 19 Agenta
3548 5478 74 19 aériens
3644 5481 44 17 sont
3709 5482 101 17 demandes
3831 5486 49 17 poar
3902 5485 18 16 ta

3479 5500 93 17 proTlnce.
3584 5508 10 6 .
3604 5500 49 17 Ponr
3664 5501 18 17 la
3692 5505 43 16 gras
3748 5505 7 13 t
3765 5503 59 19 Dépôt
3837 5502 88 21 Général,

3478 5522 17 16 *.
3515 5523 35 14 ma
3569 5521 56 17 Hôtel
3645 5522 33 16 des
3697 5522 104 19 Monnaies,
3822 5524 101 16 Brnxelles.

3863 5542 68 18 (D3878
