4029 5692
1885 179 69 22 JSE»,
1966 177 84 21 MÎT*

1727 203 7 22 !
1741 203 131 24 «NATION
2013 200 28 20 JO
2052 199 144 20 FEVRIER
2207 197 52 21 1939
2265 197 9 21 !

1884 247 91 23 ibandor

82 298 109 89 Les
240 292 365 93 difficultés

98 430 81 89 de
218 426 77 91 M.
332 424 245 91 Pierlot

74 588 7 22 1
200 585 59 20 (Suite
270 584 23 18 da
303 584 19 18 fc
333 582 83 22 premilrt
428 580 53 22 fee»)

73 623 6 7 '
100 624 33 20 Le
145 622 45 19 Roi
202 622 48 18 m'a
260 618 88 25 chargé
359 619 29 19 de
400 616 139 26 poursuivre
549 615 55 20 Tac-

76 646 191 25 romplissement
284 645 29 19 de
331 645 23 18 la
371 641 99 21 mtasdon
485 641 55 24 qu'il
557 641 46 18 m'a

77 671 96 23 confiée.

103 698 28 20 Je
144 696 51 19 vais
208 699 95 19 essayer
316 694 29 19 de
358 694 91 19 former
460 696 32 15 un
506 695 89 20 gouver-

77 721 96 22 nement
204 721 41 23 qui
277 718 140 24 s'appuiera,
434 717 16 20 à
469 715 84 20 défaut
571 716 32 18 du

78 751 113 17 concours
209 743 83 22 libéral
311 744 40 23 qui
370 742 70 20 m'est
458 740 86 22 refusé,
563 745 42 15 iur

77 774 35 21 Itfj
127 770 112 21 éléments
255 769 29 20 de
299 767 131 20 l'ancienne
444 764 119 25 majorité.

103 797 29 21 Je
153 794 91 24 compte
265 792 142 20 fermement
439 791 96 19 aboutir
554 790 50 21 très

79 819 196 28 p-ochainement,
291 822 42 16 car
347 817 24 19 la
387 816 60 21 crise
462 821 31 15 ne
506 818 58 22 peut
579 821 25 15 se

80 847 128 26 prolonger.
227 844 31 19 Et
276 843 27 22 si,
321 842 82 20 contre
422 841 65 20 toute
506 841 99 23 attente,

80 878 31 15 un
124 868 183 27 gouvernement
320 872 30 16 ne
363 866 97 24 pouvait
474 865 50 20 être
538 871 58 15 cons-

81 896 56 22 titué
155 893 91 26 d'après
264 893 61 20 cette
343 891 108 22 formule,
469 892 16 19 il
504 896 55 15 sera
576 896 29 15 en

82 924 49 20 tout
146 926 41 15 cas
202 918 76 21 formé
294 918 61 19 dans
369 917 21 19 le
406 917 54 23 plus
475 916 54 19 bref
545 915 61 20 délai

82 953 31 16 un
125 944 121 22 ministère
257 943 40 24 qui
310 948 25 14 se
348 941 158 26 présenterait
519 942 86 20 devant

83 974 32 19 les
129 970 128 20 Chambres
272 969 23 19 la
309 967 104 20 semaine
429 967 129 23 prochain'»

109 1012 24 7 —
143 1002 212 19 Présideriez-vous
367 1004 25 15 ce
404 1000 187 23 gouvernement
595 999 10 18 f

108 1045 25 6 —
146 1034 30 21 Je
192 1039 58 15 vous
266 1033 24 20 ai
306 1030 92 25 indiqué
414 1030 24 19 la
454 1031 52 20 voie
522 1036 46 19 que
582 1030 24 25 je

83 1060 89 23 compte
186 1059 85 22 suivre,
283 1062 59 20 pour
352 1056 85 20 autant
448 1060 46 19 que
507 1056 24 22 je
543 1057 63 18 reste

83 1084 86 24 chargé
188 1084 29 19 de
233 1084 26 19 la
276 1083 96 18 mission
391 1085 45 19 que
455 1081 21 19 le
495 1080 46 20 Roi
560 1082 46 18 m'a

82 1109 98 21 confiée.

109 1151 28 6 —
148 1142 32 20 Le
192 1141 57 19 Bloc
261 1139 130 22 catholique
404 1138 66 23 belge
480 1147 29 6 —
520 1139 23 18 et
556 1142 44 20 par-

86 1168 32 18 mi
133 1172 38 15 ses
186 1166 121 20 membres,
322 1163 30 19 M.
366 1163 83 19 Albert
463 1163 104 19 Janssen
582 1172 27 5 —

85 1197 14 14 a
121 1191 75 23 manif
197 1190 49 21 Listé
267 1194 38 13 ses
327 1188 140 19 hésitations
489 1189 15 18 à
526 1193 81 14 entrer

87 1217 58 19 dans
160 1222 31 13 un
205 1215 96 19 Cabinet
314 1212 268 24 catholique-socialiste.

111 1258 26 4 —
149 1247 83 19 Toutes
244 1246 33 19 les
289 1244 150 25 préférences
452 1245 31 19 du
495 1244 63 24 parti
570 1249 29 14 ca-

85 1273 108 23 tholique,
210 1275 89 15 comme
317 1271 34 18 les
367 1269 107 20 miennes
491 1269 117 20 d'ailleurs

84 1297 107 19 auraient
203 1295 36 21 été
251 1299 59 19 pour
322 1299 32 15 un
365 1297 185 21 gouvernement
561 1299 46 14 aux

84 1322 86 19 assises
184 1321 50 24 plus
249 1320 78 23 larges
341 1321 155 22 comprenant
510 1320 21 18 le
545 1319 60 24 parti

83 1345 89 24 libéral,
192 1344 60 20 mais
270 1350 61 18 pour
349 1345 91 19 former
458 1349 45 15 une
523 1345 75 22 tripar-

82 1370 49 21 tite,
148 1371 16 19 il
179 1370 71 20 faut...
264 1369 50 21 être
329 1369 65 20 trois.
409 1369 79 19 Mieux
503 1370 56 18 vaut
574 1372 31 15 un

82 1395 184 22 gouvernement
285 1395 40 23 qui
346 1399 28 15 ne
396 1395 45 18 soit
460 1398 43 18 pas
523 1393 75 22 tripar-

81 1419 43 19 tite
140 1424 45 18 que
201 1424 43 19 pas
259 1420 29 20 de
303 1418 183 25 gouvernement
501 1417 31 19 du
547 1416 58 19 tout.

81 1443 36 19 Au
137 1444 101 22 surplus-,
258 1444 41 23 j'ai
321 1444 122 19 confiance
464 1447 43 18 que
528 1441 76 19 même

82 1467 58 19 dans
157 1467 156 22 l'abstention,
331 1472 30 15 ou
377 1468 58 18 dans
451 1466 146 23 l'opposition

81 1493 21 18 le
114 1493 184 22 gouvernement
311 1493 28 18 de
352 1491 92 20 demain
457 1495 86 19 pourra
555 1491 40 18 tou-

83 1517 63 23 jours
169 1516 106 23 compter
294 1521 42 14 sur
358 1516 23 19 la
403 1514 148 24 coopération
573 1513 31 19 du

82 1541 60 24 parti
154 1539 82 20 libéral
250 1545 60 19 pour
322 1540 121 23 pratiquer
456 1539 23 18 la
492 1538 111 24 politique

83 1565 115 22 nationale
215 1569 45 18 que
277 1566 21 17 le
315 1569 58 19 pays
388 1564 89 19 attend.

105 1607 27 5 —
152 1597 25 18 Bi
197 1596 23 19 le
240 1596 63 22 parti
324 1595 133 23 catholique
479 1600 31 14 ne
529 1595 74 23 parti-

83 1622 70 24 etpait
164 1625 42 19 pas
217 1621 15 18 à
243 1624 33 15 un
288 1621 185 22 gouvernement
486 1620 110 23 bipartite

85 1645 220 23 envisageriez-vous
333 1649 33 14 un
396 1644 122 19 ministère
548 1644 49 23 d'af-

84 1672 70 23 faires
158 1671 10 18 f

105 1713 27 5 —
141 1702 45 20 J'ai
196 1700 105 25 répondu
313 1701 111 20 d'avance
436 1700 15 21 à
462 1701 63 21 cette
536 1706 58 20 ques-

84 1729 52 20 tion.

107 1768 26 6 —
149 1760 151 18 Verrea-vous
318 1762 84 16 encore
419 1758 41 20 des
478 1762 117 20 personna-

86 1785 49 19 lités
150 1789 26 14 ce
191 1783 63 19 soirf

107 1825 25 5 —
146 1814 26 20 Je
190 1818 29 15 ne
235 1814 94 24 perdrai
346 1819 44 19 pas
405 1815 29 19 de
449 1816 86 23 tempe.

110 1857 25 5 —
151 1847 36 18 Au
206 1846 66 24 fond,
292 1848 68 19 votre
381 1847 74 22 effort
474 1852 31 14 va
524 1848 81 23 porter

91 1874 28 18 du
135 1872 46 19 côté
200 1871 140 23 catholique,
359 1872 99 22 puisqxte
478 1872 35 19 les
531 1873 73 17 socia-

92 1898 57 19 hstes
165 1901 28 15 ne
212 1897 163 22 repoussaient
393 1901 45 19 pas
456 1901 32 15 un
507 1902 89 18 gouver-

93 1922 82 19 nement
191 1921 15 18 à
225 1926 12 13 «
256 1921 61 19 deux
335 1921 27 18 >f

114 1963 23 5 —
153 1952 52 19 Mon
227 1952 73 19 effort
320 1953 132 19 consistera
472 1953 16 20 à
508 1954 96 19 trouver

91 1978 35 19 des
139 1977 102 19 hommes
258 1977 40 23 qui
314 1978 162 19 consentiront
492 1978 15 20 à
524 1979 80 19 entrer

89 2003 51 18 dans
156 2006 54 14 mon
228 2003 191 22 gouvernement.

109 2043 26 5 —
151 2033 110 20 Combien
281 2034 29 19 de
330 2035 135 19 ministères
484 2036 120 23 comptera

87 2060 60 17 votre
161 2060 197 21 gouvernement?

108 2100 25 4 —
150 2090 31 21 Le
201 2093 185 20 gouvernement
405 2091 112 24 bipartite
538 2096 59 21 pour-

86 2114 48 22 rait,
148 2114 22 23 je
185 2119 78 19 pense,
278 2115 106 23 compter
399 2116 40 19 dix
454 2116 121 21 ministres
590 2116 15 20 à

85 2141 148 24 portefeuille,
253 2142 53 23 plus
327 2143 21 18 le
368 2142 108 20 Premier
496 2142 109 22 Ministre

84 2170 52 14 sans
148 2166 153 23 portefeuille.
314 2166 66 21 Dans
394 2167 35 22 les
441 2167 136 21 ministères
590 2168 15 20 à

85 2190 122 22 tendances
227 2191 145 24 techniques,
392 2192 16 19 il
426 2197 17 19 y
461 2193 80 19 aurait
561 2198 45 15 une

85 2220 63 14 assez
162 2215 62 20 forte
239 2216 138 24 proportion
391 2218 29 20 de
435 2217 173 24 personnalités

84 2239 96 20 choisies
197 2245 29 14 en
245 2240 79 20 raison
341 2242 28 19 de
387 2241 52 20 leur
456 2242 150 24 compétence

85 2263 116 25 éprouvée.

108 2305 27 5 —
145 2296 188 21 Laisserez-vous
345 2303 84 15 encore
442 2300 104 21 certains
558 2304 42 20 por-

84 2321 113 22 tefeuilles
210 2323 15 18 à
239 2323 23 18 la
276 2323 141 23 disposition
432 2324 41 19 des
487 2325 120 19 libéraux?

107 2362 27 5 —
152 2353 60 19 Non.
232 2353 46 20 J'ai
298 2354 132 20 l'intention
451 2356 29 19 de
500 2361 38 14 me
558 2356 40 24 pré-

83 2379 77 18 senter
172 2378 87 19 devant
270 2379 34 19 les
316 2379 130 21 Chambres
455 2385 58 15 avec
525 2386 31 15 un
567 2382 32 19 mi-

84 2401 85 21 nistère
187 2403 108 23 complet.
313 2404 20 19 Il
349 2409 17 18 y
382 2409 16 14 a
415 2405 77 23 temps
510 2410 60 19 pour
587 2407 21 18 la

83 2426 151 20 délibération
252 2429 23 18 et
291 2429 77 23 temps
384 2434 61 19 pour
459 2431 24 18 la
499 2430 109 20 décision.

84 2450 57 22 Quoi
161 2452 55 23 qu'il
235 2453 30 19 eh
285 2454 54 22 soit,
359 2454 24 19 la
403 2455 154 20 constitution
578 2457 31 18 du

82 2480 185 18 gouvernement
284 2483 56 14 sera
359 2483 56 15 sans
435 2481 98 22 rapport
553 2485 56 15 avec

83 2500 101 20 l'affaire
216 2502 113 21 Martens.
347 2503 29 19 Je
393 2504 48 20 n'ai
459 2509 44 19 pas
519 2505 82 20 l'inten-

84 2525 49 18 tion
156 2526 121 19 d'inscrire
298 2527 88 20 celle-ci
408 2533 32 14 au
461 2534 149 19 programme

84 2550 32 20 du
134 2553 190 21 gouvernement.

109 2576 19 20 Il
146 2582 16 18 y
180 2583 21 16 a,
218 2578 24 23 je
260 2580 69 22 crois,
347 2579 103 21 d'autres
468 2581 96 21 articles
581 2582 29 19 de

84 2605 150 20 programme
254 2604 40 22 qui
316 2604 95 20 doivent
432 2605 89 20 retenir
538 2608 72 18 avant

84 2626 52 19 tout
151 2628 67 18 notre
233 2628 117 20 attention
369 2634 5 14 :
391 2629 128 24 l'équilibre
534 2632 68 19 finan-

84 2650 58 21 cier:
162 2652 24 19 la
203 2652 112 23 politique
333 2653 153 24 économique
504 2660 58 15 sane
579 2657 23 18 la-

84 2675 75 23 quelle
177 2677 15 18 il
209 2677 39 22 n'y
263 2683 15 13 a
294 2682 43 19 pas
354 2679 28 18 de
399 2679 89 21 bonnes
504 2681 106 20 finances

85 2700 24 18 et
122 2701 57 18 dont
194 2700 90 24 dépend
299 2703 21 20 le
335 2704 56 23 pain
405 2705 41 19 des
459 2706 113 22 familles;
587 2707 22 19 ct

85 2725 72 21 enfin,
177 2730 45 15 une
242 2726 111 25 politique
373 2729 124 22 nationale,
518 2735 83 20 suscep-

85 2748 56 20 tible
157 2750 28 18 de
202 2755 109 15 ramener
326 2753 22 18 le
363 2753 74 19 calme
453 2755 60 18 dans
527 2755 34 20 les
576 2761 25 14 es-

85 2774 60 22 prits
164 2776 24 17 et
206 2775 23 19 la
247 2777 54 22 paix
318 2777 67 20 entre
403 2778 53 20 tous
474 2779 34 19 les
525 2780 84 24 Belges

85 2797 106 24 disposés
205 2799 16 19 à
234 2801 138 20 s'entendre.

111 2839 29 6 —
152 2830 63 20 Voue
229 2833 125 22 prétendez
366 2834 67 23 donc,
446 2835 61 20 dans
520 2836 22 19 le
554 2842 48 18 gou-

87 2857 137 17 vernement
239 2857 29 19 de
283 2858 101 22 demain,
399 2860 95 21 ignorer
509 2862 101 21 l'affaire

89 2878 121 20 Martens?

156 2903 35 17 La
208 2905 152 20 constitution
379 2908 30 18 du
427 2912 189 19 gouvernement,

90 2928 29 15 ne
134 2926 89 23 dépend
239 2933 28 13 en
284 2933 90 17 aucune
388 2933 104 19 manière
508 2934 27 19 de
550 2936 61 18 cette

90 2950 94 21 affaire,
204 2952 99 23 quoique
322 2955 131 22 cependant
471 2957 43 19 elle
533 2964 15 13 a
566 2964 37 14 em-

90 2974 73 21 pêche
181 2975 21 19 le
221 2981 88 19 groupe
327 2978 81 21 libéral
427 2981 28 20 de
472 2982 142 24 m'apporter

91 3004 28 13 sa
141 3000 175 20 collaboration.
338 3003 29 19 Je
391 3005 161 21 rechercherai
574 3009 40 18 des

91 3027 114 16 concours
229 3025 105 24 disposés
357 3028 16 19 à
396 3028 138 27 s'employer
556 3032 59 20 dans

89 3048 21 17 U
129 3053 51 15 voie
197 3054 45 18 que
258 3051 24 22 je
298 3052 67 19 viens
381 3053 14 18 d
397 3060 12 14 e
427 3059 57 16 vous
491 3049 117 32 "indiquer

87 3073 95 19 Jc-sujs
195 3074 108 20 désireux
317 3086 27 4 —
359 3078 23 19 et
397 3078 23 23 je
435 3080 37 19 sui
473 3088 12 14 s
500 3083 114 21 persuadé

89 3101 31 18 qu
130 3098 14 17 il
165 3099 36 18 est
220 3100 100 22 possible
340 3112 27 4 —
385 3103 29 19 de
433 3106 132 20 constituer
583 3112 31 14 un

88 3125 184 19 gouvernement
290 3125 28 19 de
334 3127 121 20 caractère
471 3131 53 19 tout
539 3130 15 20 à
570 3132 45 19 fait

89 3147 90 19 normal

114 3180 27 4 —
157 3171 72 23 Qu'en
231 3174 149 21 tendez-vous
395 3182 45 18 par
454 3179 22 18 la
482 3180 10 17 ?

113 3205 27 4 —
153 3196 62 20 C'est
230 3202 30 16 un
275 3204 184 19 gouvernement
473 3205 140 24 s'appuyant

90 3224 40 14 sur
152 3225 45 15 une
219 3223 110 22 majorité
365 3226 183 23 parlementaire
577 3231 35 19 En

90 3248 58 16 nous
166 3247 137 21 présentant
322 3249 86 21 devant
425 3252 35 19 les
478 3254 129 21 Chambres

89 3273 59 16 nous
169 3270 131 22 donnerons
319 3273 16 19 à
354 3276 101 20 celles-ci
489 3278 123 22 l'occasion

90 3299 14 12 c
112 3295 106 22 indiquer
229 3301 45 18 par
285 3302 32 15 un
330 3300 52 18 vote
395 3301 20 19 si
428 3306 31 15 un
472 3303 32 20 tel
515 3309 89 18 gouver-

90 3320 94 18 nement
205 3326 15 14 a
239 3326 30 14 ou
289 3327 47 15 non
356 3329 43 14 son
419 3329 71 21 appui
510 3329 60 20 dans
590 3331 22 19 le

88 3346 64 19 pays.

115 3376 26 4 —
151 3368 70 21 Votre
231 3371 101 21 for-mule
342 3379 25 13 se
379 3378 128 20 rapproche
517 3378 29 19 de
556 3380 56 19 celle

91 3396 31 14 ou
129 3394 101 21 espérait
246 3396 98 19 réaliser
358 3398 30 21 bl.
402 3400 87 24 Jaspar

115 3426 28 5 —
157 3417 20 20 Il
193 3422 16 18 y
224 3424 15 14 a
254 3423 98 18 souvent
369 3424 66 19 entre
451 3418 42 28 les'
500 3428 112 21 formules

91 3440 41 19 des
147 3443 78 22 points
239 3445 134 24 analogues.
388 3448 56 20 Cela
457 3455 29 16 ne
501 3454 54 18 veut
570 3459 42 17 pas

92 3465 49 20 dire
160 3467 93 22 qu'elles
272 3471 54 18 sont
344 3472 138 22 semblables

117 3499 28 5 —
160 3491 12 17 \
180 3496 42 14 ous
237 3497 56 15 avez
309 3494 35 20 dit
359 3498 54 21 qu'il
428 3503 15 18 y
457 3502 85 23 aurait,
555 3503 59 19 dans

92 3515 67 18 votre
177 3520 190 22 gouvernement,
383 3526 46 16 une
443 3524 62 21 forte
522 3531 85 18 propor-

93 3539 51 18 tion
161 3540 29 17 de
206 3546 127 17 personnes
351 3545 99 21 choisies
479 3554 59 16 pour
566 3552 49 18 leur

94 3564 151 38 ^Vétence
262 3567 121 22 éprouvée.
402 3570 39 24 Or,
457 3577 58 18 vou*
531 3576 84 19 n'envi-

94 3591 126 19 sngezque
231 3591 39 17 dix
281 3592 133 22 ministères
424 3601 91 16 comme
525 3600 24 18 M
566 3601 43 19 Jas-

94 3615 50 18 par.
163 3612 79 22 Quelle
260 3620 53 14 sera
332 3619 61 18 cette
411 3623 149 21 proportion?

118 3644 29 6 —
162 3637 28 18 Je
206 3637 75 21 désire
297 3641 55 22 qu'il
367 3647 16 18 y
398 3644 34 20 ait
448 3650 45 15 une
508 3649 108 21 majorité

96 3688 45 10 m«
145 3665 15 18 P
157 3665 19 33 -?
177 3661 57 19 rïem
237 3668 27 13 ™
266 3664 10 18 t
273 3669 18 29 .?
292 3669 47 15 ,res
339 3681 6 4 -
365 3667 24 19 SI
409 3669 51 20 cela
478 3675 30 15 ne
528 3672 14 18 d
545 3678 11 14 e
557 3679 15 18 P
574 3676 43 18 end

96 3688 45 18 que
157 3684 28 21 de
202 3690 53 16 moi.
272 3688 15 19 il
304 3694 28 14 en
349 3695 54 15 sera
418 3693 59 20 ainsi

130 3709 36 22 En
190 3712 108 26 quittant
327 3714 37 22 les
398 3716 169 28 journalistes.
588 3723 31 23 M.

99 3738 94 21 Pierlot
207 3741 82 25 ajoute
305 3747 8 16 :

99 3765 109 39 r»™S*«
214 3772 42 15 OUS
270 3769 79 21 V0Ulez
360 3771 54 21 bien
426 3780 58 15 VOUB
495 3782 23 14 m
520 3778 60 22 ettre
592 3785 28 14 en

99 3790 109 22 rapports
224 3796 57 16 avec
296 3796 46 18 moi
359 3797 100 24 demain,
473 3799 16 20 à
505 3801 23 20 la
542 3803 35 19 fin
594 3804 28 20 de

98 3812 24 18 la
138 3815 108 23 matinée,
263 3819 115 22 peut-être
395 3827 59 15 aura
462 3825 32 23 -je
511 3826 42 21 des
569 3807 53 42 chï

98 3841 38 16 ses
153 3841 102 22 précises
269 3842 16 20 à
301 3848 58 16 vous
374 3847 50 19 dire

98 3889 12 15 f
110 3862 54 42 J!!
166 3869 15 16 U
182 3866 9 38 î
192 3876 10 9 r
203 3871 15 15 °
220 3872 15 15 n
255 3868 122 36 Conclure
398 3872 31 22 de
449 3873 52 24 cela
530 3884 50 20 que
599 3879 24 23 le

98 3889 139 26 fomnteur
252 3895 33 23 du
300 3897 106 25 Cabinet
421 3902 39 23 n'a
475 3903 76 28 guère
565 3907 26 26 pi
595 3914 13 16 U
610 3886 13 43 S

97 3919 55 42 Je
172 3920 137 27 hésitation
333 3932 12 14 >
368 3926 15 23 à
408 3929 127 30 dissiper?
557 3930 65 28 C'e-t

99 3976 47 35 ??!•
166 3976 122 29 bipartite
309 3988 33 17 ou
364 3990 60 22 non,
446 3989 78 22 serait
560 3991 60 24 bien

99 4007 56 22 près
171 4005 78 26 d'être
265 4009 90 24 formé.

749 303 126 22 HEURES

791 332 40 21 DU

767 360 92 22 MATIN

960 298 701 79 DERNIÈRES
1740 298 735 75 NOUVELLES
2550 304 65 63 3

2670 290 128 24 HEURES

2714 320 42 22 OU

2686 348 95 22 MATIN

745 477 70 74 LA
852 473 190 77 SAISIE

647 582 100 73 des
785 577 349 90 compagnies

735 692 314 91 pétrolières

717 825 69 54 au
829 802 235 85 Mexique

629 940 57 32 Une
696 940 64 31 base
773 939 30 30 de
816 936 162 38 négociation
989 943 67 27 pour
1067 932 88 37 régler

665 984 25 32 le
707 980 132 34 différend
855 979 85 30 aurait
955 978 42 28 été
1013 975 104 36 établie,

729 1027 77 36 grâce
826 1024 16 28 à
862 1020 193 31 l'intervention

758 1067 32 30 de
805 1065 35 30 M.
857 1061 140 32 Roosevelt
1011 1059 15 32 ?

841 1117 139 22 New-York,
994 1117 27 20 19
1035 1116 95 21 février.

658 1151 50 20 Une
723 1150 55 19 base
792 1147 28 19 de
836 1144 147 24 négociation
997 1147 61 19 pour
1072 1142 85 24 régler,

633 1182 29 15 en
680 1175 109 24 principe,
809 1174 22 18 la
849 1170 150 20 controverse
1018 1168 129 20 internatio-

633 1203 52 19 nale
697 1198 100 22 suscitée
811 1199 15 19 à
838 1198 23 19 la
875 1196 60 19 suite
949 1195 28 19 de
991 1196 24 19 la
1028 1195 71 19 saisie
1112 1200 45 18 par

633 1229 20 18 le
671 1227 105 22 Mexique
793 1224 40 20 des
850 1221 151 23 compagnies
1019 1220 137 24 pétrolières

632 1250 157 26 appartenant
822 1252 47 16 aux
903 1246 147 22 Etats-Unis,
1084 1246 16 20 à
1133 1247 24 19 la

632 1277 219 21 Grande-Bretagne
870 1273 24 18 et
913 1277 46 14 aux
976 1272 122 23 Pays-Bas
1117 1277 30 14 au-

633 1305 46 19 rait
697 1302 36 20 été
751 1301 90 20 établie,
860 1297 69 25 grâce
948 1301 16 20 à
982 1298 174 19 l'intervention

632 1331 30 18 du
680 1328 118 24 président
814 1324 132 21 Roosevelt.

657 1355 69 19 Selon
741 1354 20 20 le
777 1358 12 13 «
802 1350 133 21 New-York
950 1350 80 19 Times
1044 1356 11 12 c
1071 1351 34 19 les
1120 1355 26 14 re-

631 1379 150 25 présentants
805 1378 40 18 des
869 1375 152 24 compagnies
1046 1376 34 19 les
1104 1375 53 26 plus

631 1405 161 23 importantes,
812 1402 85 19 iraient
917 1406 31 16 au
969 1402 108 23 Mexique
1098 1407 60 18 pour

631 1431 148 19 s'entretonir
800 1432 57 15 avec
880 1427 30 19 M.
934 1427 120 21 Carùenas
1077 1428 25 20 et
1122 1427 36 20 les

629 1457 80 19 autres
725 1453 186 20 fonctionnaires
926 1453 32 20 du
972 1453 186 24 gouvernement

630 1480 121 20 mexicain.

654 1507 44 18 Les
714 1505 151 23 compagnies
880 1505 153 24 prendraient
1046 1507 25 18 la
1085 1505 63 19 direc-

629 1532 49 19 tion
696 1532 28 20 de
742 1531 168 23 l'exploitation
929 1532 28 19 de
974 1531 63 19 leurs
1055 1531 103 19 terrains

628 1558 96 20 suivant
739 1562 31 14 un
786 1557 95 20 contrat
896 1557 69 19 d'une
980 1556 72 20 durée
1068 1557 28 19 de
1111 1556 38 19 cin-

629 1584 87 23 quante
732 1587 50 17 ans,
798 1583 79 19 tandis
893 1587 45 18 que
953 1583 22 19 le
991 1583 55 19 titre
1063 1583 28 18 de
1106 1587 44 18 pro-

629 1608 74 25 priété
720 1608 190 24 appartiendrait
926 1613 30 15 au
973 1609 186 23 gouvernement

627 1635 124 19 mexicain.
762 1634 196 23 L'arrangement
969 1634 133 23 stipulerait
1113 1639 45 18 que

630 1666 39 14 ces
686 1659 131 25 propriétés
835 1660 80 19 feront
933 1660 81 20 retour
1031 1665 46 14 aux
1095 1665 52 14 com-

630 1687 97 24 pagnies
741 1691 56 15 sans
811 1686 148 21 restrictions
973 1691 30 13 ou
1017 1686 142 23 obligations

629 1713 80 19 autres
720 1718 44 18 que
775 1712 71 20 celles
857 1711 163 20 mentionnées
1031 1712 59 18 dans
1102 1711 56 20 ledit

629 1739 175 22 arrangement.

654 1764 52 20 Une
724 1764 109 24 garantie
852 1763 138 24 réciproque
1015 1764 41 18 des
1080 1762 70 19 condi-

629 1791 63 19 tions
708 1790 27 21 de
751 1789 86 20 travail
853 1790 24 19 et
893 1790 42 19 des
949 1788 99 20 salaires
1064 1788 40 20 des
1119 1792 30 14 ou-

629 1816 75 20 vriers
722 1816 73 19 serait
812 1814 98 21 donnée.

656 1842 34 19 La
709 1841 109 23 question
838 1843 32 18 du
890 1841 203 19 remboursement
1112 1844 47 15 aux

629 1867 168 24 propriétaires
808 1867 41 20 des
862 1867 77 24 pertes
950 1866 80 19 subies
1041 1870 54 14 sera
1105 1869 44 15 exa-

630 1892 83 23 minée,
731 1893 95 19 surtout
845 1894 30 18 du
893 1893 67 23 point
979 1893 28 18 de
1025 1897 44 14 vue
1089 1891 28 19 de
1135 1890 24 20 la

629 1919 233 22 Grande-Bretagne,
878 1919 39 22 qui
933 1923 14 14 a
962 1917 54 23 déjà
1031 1915 127 21 manifesté

629 1945 132 19 l'intention
779 1945 28 18 de
823 1949 31 14 ne
871 1949 42 19 pas
930 1943 127 23 reprendre
1073 1943 35 18 les
1124 1946 25 14 re-

630 1971 86 20 lations
734 1970 182 23 diplomatiques
935 1973 57 16 avec
1010 1969 22 18 le
1051 1968 107 23 Mexique

631 1998 74 19 avant
728 1997 22 19 le
775 1997 82 20 retour
881 1999 47 15 aux
953 1994 151 23 compagnies
1129 1994 29 19 de

630 2023 63 19 leurs
717 2020 131 25 propriétés
872 2021 23 19 et
919 2022 21 19 le
964 2019 130 24 règlement
1117 2020 42 18 des

630 2049 78 23 pertes
720 2048 80 19 subies
814 2047 82 23 depuis
908 2046 198 23 l'expropriation.

629 2098 13 77 l
661 2111 181 61 VISITEZ
870 2109 239 60 L'ALGERIE
1147 2107 12 69 ii

630 2174 12 78 l
814 2182 46 58 et
879 2180 43 59 la
944 2179 185 61 TUNISIE
1141 2185 20 77 \

629 2247 14 31 ï
699 2259 62 23 Pays
775 2258 29 19 de
817 2257 66 20 soleil
896 2257 25 19 et
934 2258 29 18 de
977 2256 115 19 tourisme
1147 2252 14 23 ?

630 2283 14 18 \
663 2284 72 18 Leurs
760 2283 59 19 sites
846 2282 144 24 grandioses.
1017 2291 26 4 —
1070 2282 61 18 Leur
1148 2286 13 18 \

631 2311 13 17 J
662 2308 133 24 végétation
827 2308 140 19 luxuriante.
998 2317 28 5 —
1057 2308 74 17 Leurs
1148 2303 13 22 S

631 2326 14 35 îj
661 2335 63 21 oasis
740 2334 161 24 sahariennes,
917 2344 27 4 —
960 2333 75 18 Leurs
1051 2332 80 19 ruines
1148 2326 14 36 ^

631 2356 14 24 Ç
837 2358 119 20 romaines

631 2382 15 27 J
686 2391 50 16 Pour
757 2392 43 14 tous
821 2390 95 18 renseigne
918 2393 18 11 m
938 2393 21 11 en
961 2390 19 14 ta
994 2392 33 12 sur
1040 2388 89 18 l'Algérie

631 2407 14 21 ?
664 2413 18 14 et
695 2413 19 14 La
725 2412 81 15 Tunisie,
828 2411 48 15 ainsi
895 2413 36 14 que
951 2412 33 13 sur
1004 2410 26 14 les
1052 2412 76 14 moyens

632 2424 14 23 ?
664 2433 23 15 de
703 2435 47 12 vous
765 2435 12 15 y
794 2431 71 18 rendre,
883 2434 33 12 sur
932 2431 26 14 les
975 2430 105 17 avantages
1097 2432 31 12 ac-

632 2456 14 11 r
665 2453 64 16 cordés
747 2456 38 12 aux
802 2453 86 17 porteurs
904 2452 22 14 de
944 2451 19 15 la
979 2451 53 14 carte
1047 2450 23 15 de
1087 2450 41 15 tou-

632 2476 14 11 r
665 2474 56 15 risme
739 2473 116 17 (réductions
868 2475 34 12 sur
917 2472 26 15 les
957 2471 84 15 chemina
1054 2471 24 16 de
1093 2471 34 15 ttr,

633 2495 13 14 C
665 2494 96 15 réduction
777 2496 33 12 sur
827 2493 16 15 le
860 2493 41 18 prix
917 2492 22 15 de
956 2492 95 17 l'essence,
1068 2491 61 15 hôtels

633 2515 14 14 t
665 2514 125 18 homologués,
807 2513 55 17 etc.).
879 2516 33 12 sur
928 2513 26 15 les
968 2512 77 15 circuits
1061 2512 66 14 forfal-

633 2534 14 15 t
665 2535 59 15 talres
740 2534 22 17 (à.
776 2534 61 18 partir
850 2534 24 15 de
890 2533 52 15 1.125
957 2533 64 15 francs
1037 2532 90 17 français,

633 2555 14 20 %
665 2554 106 16 traversées
788 2554 111 18 comprises)
918 2553 98 18 organisés
1041 2555 36 15 par
1102 2552 27 15 les

633 2573 14 25 5
665 2576 43 15 Cies
725 2575 112 17 Françaises
854 2575 23 14 de
894 2574 120 18 Navigation,
1033 2573 94 15 adressez-

633 2589 14 21 C
666 2599 46 12 vous
724 2595 13 15 &
749 2595 12 15 r

634 2614 12 20 ',
836 2616 13 13 O
853 2617 6 12 f
862 2616 13 14 f!
878 2619 19 10 r*-»
914 2615 56 17 Belc«

633 2632 14 25 5
881 2636 33 15 des

640 2687 5 5 .
665 2656 138 36 COMPAGNES
819 2656 127 39 FRANÇAISES
963 2656 25 34 DE
1003 2654 125 36 NAVIGATION

633 2692 13 21 S
829 2698 49 17 (Soc.
896 2698 56 17 Coop.
957 2698 6 15 )

632 2721 14 13 J
688 2720 29 15 Z%,
730 2719 100 15 boulevard
843 2718 83 15 Adolnht»
938 2718 51 14 Mut.
1002 2717 103 15 Broxclle^.

632 2740 14 24 £
801 2739 39 15 Tél.
861 2738 126 16 17.K4.S1/85)
1063 2736 63 19 (15331
1146 2738 6 26 J

631 2764 521 16 -v.wi.vw^-.VAVAV-iArtftArjVaA

754 2795 66 34 Une
842 2794 193 34 automobile

711 2845 51 34 est
785 2843 122 44 coupée
930 2852 40 26 en
994 2843 82 35 deux

668 2902 58 34 par
749 2902 40 26 un
812 2893 94 40 train,
930 2892 20 35 à
972 2892 149 35 Warchin

785 2963 51 30 Son
853 2964 158 29 condecteur

730 3011 41 24 est
797 3008 158 34 grièvement
978 3005 88 30 blessé

651 3049 46 20 (De
714 3051 67 17 notre
799 3048 185 23 correspondant
1001 3048 147 23 particulier)

881 3079 110 22 Tournai,
1004 3079 25 19 19
1042 3078 94 20 février.

666 3105 131 19 Dimanche
826 3104 141 23 après-midi,
997 3109 30 14 un
1056 3104 108 19 accident

640 3131 163 18 d'automobile
822 3131 54 19 s'est
895 3130 93 23 produit
1004 3135 41 14 sur
1061 3131 24 18 la
1101 3129 62 24 ligne

640 3157 28 20 de
685 3156 94 19 chemin
795 3156 28 19 de
841 3156 37 20 fer
893 3155 240 22 Tournai-Bruxelles,
1148 3155 16 18 à

640 3182 124 22 proximité
779 3182 31 18 du
825 3181 69 19 block
908 3181 32 21 36,
954 3186 42 14 sur
1010 3181 21 19 le
1046 3181 117 19 territoire

640 3208 29 19 de
690 3207 126 19 Merchem.

665 3233 51 19 Une
736 3233 144 19 automobile
899 3233 88 19 venant
1007 3231 28 20 de
1055 3233 103 18 Tournai

639 3258 109 20 conduite
767 3263 43 18 par
829 3259 29 18 M.
877 3259 74 18 Henri
969 3259 140 22 Delgrange,
1127 3263 29 13 en-

639 3285 140 22 trepreneur
801 3285 28 18 de
853 3285 150 18 monuments
1026 3283 139 22 funéraires,

638 3309 78 20 s'était
730 3309 104 23 engagée
847 3315 43 13 sur
903 3310 21 19 le
938 3314 99 20 passage
1051 3310 16 20 à
1080 3310 85 19 niveau

640 3340 45 16 non
709 3335 79 23 gardé,
810 3336 119 23 lorsqu'un
951 3336 64 18 train
1037 3337 130 17 survenant

638 3366 30 15 au
681 3361 77 20 même
772 3362 111 21 moment,
895 3364 89 18 venant
998 3363 27 18 de
1038 3361 128 21 Bruxelles,

638 3392 76 18 coupa
728 3390 23 18 la
766 3388 92 18 voiture
873 3392 29 16 en
918 3387 65 21 deux.
998 3386 54 20 Jeté
1067 3388 55 18 hors
1137 3388 28 18 de

638 3413 157 20 l'automobile
810 3417 45 19 par
868 3413 22 19 le
906 3414 64 20 choc,
986 3413 31 19 M.
1032 3413 133 23 Delgrange

639 3439 65 19 avait
725 3439 64 21 roulé
812 3439 60 20 dans
894 3444 30 14 un
947 3438 70 20 fossé.
1040 3439 36 19 On
1098 3439 56 19 s'em-

640 3469 81 18 pressa
745 3466 29 19 de
799 3469 25 14 se
849 3465 82 22 porter
954 3465 16 20 à
993 3469 45 15 son
1061 3469 103 14 secours.

638 3490 150 20 Grièvement
802 3489 82 23 blcstsé,
898 3492 21 18 le
933 3491 154 19 malheureux
1100 3497 15 13 a
1128 3490 38 19 été

639 3515 133 24 transporté
790 3516 59 19 dans
866 3521 46 15 une
929 3516 102 23 clinique
1048 3517 28 18 de
1093 3516 64 19 Tour-

640 3541 46 21 nai,
704 3541 32 20 où
754 3546 44 15 son
819 3541 50 21 état
887 3543 62 19 n'est
968 3542 134 23 cependant
1122 3546 43 19 pas

641 3566 120 20 considéré
783 3572 91 14 comme
899 3566 130 24 désespéré.

867 3593 74 18 ♦»♦

1178 466 67 79 M.
1280 466 185 79 fiérard
1502 482 31 65 a
1576 482 63 65 eu
1680 462 251 83 dimanche
1970 474 71 65 un
2076 458 181 83 nouvel

1178 570 241 81 entretien
1450 586 119 65 avec
1610 570 49 79 le
1694 564 195 99 général
1930 562 63 81 de
2036 564 221 81 Jordana

1676 673 92 19 ♦■»♦
1767 679 46 6 —
1812 678 56 6 —

1207 714 192 45 Celui-ci
1416 724 66 35 est
1502 720 174 38 ensuite
1697 719 119 50 parti
1844 724 111 43 pour
1983 708 249 47 Barcelone

1362 787 61 39 où
1439 782 29 43 il
1489 787 161 48 rejoint
1664 780 43 43 le
1733 775 338 59 généralissime

641 3619 31 57 A
693 3620 168 60 Travers
882 3622 60 59 les
965 3621 200 59 Journaux

100 4062 75 48 Les
193 4068 100 47 bals
309 4082 44 35 et
370 4075 65 45 les
451 4086 169 41 soirées

218 4138 31 38 à
268 4134 225 52 Bruxelles

90 4208 177 29 MXECTION
274 4219 44 20 DE
327 4221 72 22 MISS
409 4224 211 26 SCHAEBBEEK

97 4270 92 40 îT^S*
206 4278 13 32 f
234 4280 27 14 OT
260 4281 17 19 S
276 4280 17 15 a
292 4290 5 5 *
293 4277 24 19 ni
318 4283 40 16 **<=
374 4281 92 24 chaque
483 4284 76 21 année
576 4291 45 19 pa-

97 4324 70 39 »-?»,
197 4325 105 38 iï°ÏÏ?
302 4333 14 14 r
331 4330 37 33 Sî
383 4331 21 19 le
418 4335 125 21 <=°"=e»ler
558 4341 52 16 com-

97 4348 86 25 munal,
197 4350 31 20 M.
242 4352 76 22 Emile
331 4356 140 24 Xhignesee.

99 4395 29 20 où
152 4399 65 17 aiw
213 4376 44 21 nde
270 4383 28 33 "f
299 4380 6 18 1
307 4380 21 19 le
339 4406 6 10 ,
344 4381 29 19 de
386 4383 107 22 •I'*""-"*»»
507 4386 112 25 Voltaire.

99 4399 76 39 teiJ?
181 4426 14 12 a
207 4401 11 20 '
231 4408 42 30 ^i
270 4405 36 19 oiT
330 4406 47 21 Ileu
401 4408 8 19 !
418 4408 100 23 élection
542 4412 30 20 de
595 4414 24 19 la

97 4450 41 18 «es
151 4450 20 21 le
186 4452 75 25 début,
275 4456 22 20 le
310 4457 40 19 bal
364 4457 39 20 fut
416 4459 50 21 très
479 4462 80 21 animé

121 4477 21 18 A
155 4480 44 16 «on
214 4480 98 23 an-ivée,
329 4483 31 19 M.
377 4484 111 22 Fernand
505 4488 76 21 Blaim.
597 4491 22 18 'e

99 4501 103 22 nouveau
224 4505 164 24 bourgmestre
411 4510 30 20 de
465 4511 147 24 Schaerbeek

98 4529 35 15 aut
147 4529 219 24 chaleureusement
381 4535 112 21 acclamé.

122 4551 35 21 On
173 4557 151 23 remarquait,
339 4563 31 17 en
385 4561 75 25 outre,
475 4562 34 20 les
525 4568 84 18 person-

100 4576 79 21 nalités
198 4585 7 15 :
224 4582 57 19 MM.
298 4583 104 24 Soupart
417 4586 27 20 et
460 4574 158 39 BriotHche-

100 4604 55 37 VS,V
171 4605 71 21 MUle<
242 4612 46 18 »n.
299 4609 122 26 J>clercq.
436 4612 115 25 Franche,
565 4622 45 15 con-

102 4632 80 19 quiers
199 4637 168 21 communaux;
386 4636 104 23 Norbert
506 4639 36 20 D»
558 4641 62 22 Kcy-

105 4654 37 21 ■**».
155 4658 162 22 commlsealse
334 4664 30 16 en
381 4661 65 25 chef;
465 4665 22 19 le
502 4654 117 33 statual'e

80 4694 6 7 .
108 4682 38 17 *aa
158 4682 105 26 Cutsem;
278 4684 207 28 Vanderstappen;
499 4690 35 19 les
548 4696 72 16 mem-

105 4709 44 15 ™
165 4709 32 19 du
215 4710 86 21 comité
319 4711 33 20 du
368 4713 77 19 cercle
465 4719 7 15 :
492 4715 55 22 MM.
566 4718 52 20 Van

104 4731 130 25 •"oHeghem
258 4736 25 19 et
306 4736 54 20 Van
383 4737 151 26 Aaaienhove,
559 4742 61 20 vice-

100 4758 124 21 presidents
238 4761 139 26 d'honneur;
391 4763 77 20 Emile
480 4765 132 24 Xhlgnesse

100 4782 122 27 Président;
238 4786 54 20 Van
306 4787 103 22 Hamme
425 4791 25 17 et
464 4789 80 25 Melri,
558 4785 62 28 rlce^

101 4809 135 26 Présidents;
259 4812 23 22 J.
305 4813 119 24 Poleuni»,
446 4814 120 22 directeur
587 4820 31 19 du

99 4833 96 25 cortège;
212 4837 62 19 Jean
291 4838 131 25 Capitaine,
436 4840 129 22 secrétaire
580 4844 39 24 gé-

98 4858 14 16 n
113 4860 37 32 V?
151 4859 7 19 1
161 4874 6 9 '
179 4861 28 20 B,
208 4867 53 19 yau,
272 4862 122 26 trésorier;
406 4866 76 23 Anne,
491 4867 128 22 secrétaire

99 4884 95 25 adjoint;
219 4888 92 23 Brlson,
333 4888 115 23 trésorier
469 4891 101 24 adjoint-
594 4895 19 20 c

98 4909 105 22 i'oleunis
220 4914 25 19 et
261 4914 100 24 Dateur,
379 4915 131 22 directeurs
527 4918 43 21 des
585 4919 35 20 1&-

99 4934 43 24 tes;
162 4937 80 26 Sobry,
260 4940 97 23 Bernes,
376 4941 87 22 Octaef
481 4943 26 19 et
524 4943 89 21 Susant

97 4961 176 24 commis-aires.

123 4983 20 21 Il
162 4992 17 18 y
199 4990 41 20 eut
260 4990 97 22 d'abord
377 4997 49 15 nne
447 4995 127 21 amusante
594 4997 25 18 et

98 5010 129 34 J-epidante
241 5015 129 23 exhibition
385 5018 41 22 des
441 5019 92 23 Joyeux
547 5019 73 21 Gil'es

98 5036 27 18 de
139 5036 131 27 Jemappea.

123 5060 56 21 Puis
197 5069 25 16 se
241 5065 96 22 déroula
354 5068 25 20 la
396 5068 75 22 finale
489 5069 33 21 du
540 5070 70 20 cham-

97 5088 96 21 pionnat
205 5090 28 19 de
245 5091 112 25 Belgique
368 5094 31 20 de
411 5095 92 23 dwaea,
517 5096 58 20 dans
589 5098 21 19 le-

100 5112 52 21 quel
174 5113 62 22 deux
258 5118 95 22 couples
379 5124 8 16 :
412 5119 56 22 Mlle
492 5120 68 25 Tony
583 5122 36 19 De

100 5136 144 26 Wyng-aerde
265 5143 24 20 et
309 5143 32 21 M.
361 5144 95 25 JVeddy
475 5146 54 20 Van
549 5147 71 20 Laer-

100 5162 64 25 t«ke,
185 5167 24 20 et
230 5166 56 20 Mlle
305 5168 90 23 Usette
415 5171 105 21 Thomas
541 5172 26 20 et
588 5173 31 19 M.

99 5187 79 21 Pierre
197 5191 83 23 Bonté,
298 5193 82 21 furent
397 5196 88 23 classés
504 5198 116 23 premiers

100 5214 109 23 ex-aequo.
231 5224 5 6 •

165 5240 57 19 Puis
234 5241 40 20 ent
284 5242 49 21 Met,
343 5243 115 25 r«eetloB
469 5247 31 20 da
511 5249 25 20 ht
547 5249 71 19 mine.

124 5263 35 21 La
174 5265 78 24 palme
268 5266 71 22 échut
354 5270 15 20 à
385 5270 55 21 Mlle
456 5273 80 20 H-enée
552 5274 67 19 Baris-

99 5290 69 18 sereî.

126 5313 45 21 Les
196 5315 144 23 demoiselles*
364 5320 128 23 d'honneur
516 5325 40 22 qui
581 5329 29 15 en-

100 5339 121 21 toureront
237 5341 25 20 la
278 5343 65 20 reine
359 5345 60 22 dans
435 5348 23 19 le
474 5349 95 24 cortège
587 5350 32 20 du

101 5364 13 18 2
130 5365 60 20 avril
206 5367 119 24 prochain,
341 5371 55 20 «ont
411 5372 79 22 toutes
506 5374 29 20 de
552 5375 59 20 char-

101 5390 91 19 mantes
209 5391 82 24 jeunes
307 5394 63 22 filles
388 5402 7 15 :
413 5398 69 21 Mlles
498 5400 122 20 Charlotte

102 5416 117 24 François,
232 5418 77 21 Maria
321 5421 129 27 Schoeters,
462 5425 27 20 A.
501 5426 36 19 De
549 5426 71 23 Wyn-

102 5441 90 23 gaerde,
227 5443 88 23 Usette
349 5447 109 27 Thomas,
494 5450 126 25 Georgette

103 5467 105 23 Snytters
221 5469 26 20 et
259 5469 49 21 Léa
319 5473 101 20 Peeteoa.

128 5492 74 22 Reine
221 5495 27 21 et
268 5495 144 25 demoiselles
433 5499 130 23 dlKxmear
583 5502 29 20 fu-

103 5519 53 19 rent
173 5519 114 23 félicitées
304 5524 25 20 et
346 5523 105 25 flenrles,
467 5526 55 23 pois
539 5527 24 22 le
580 5528 40 23 l»I

103 5544 78 26 reprit,
196 5547 53 24 plus
263 5547 80 23 animé
357 5554 46 20 qne
418 5551 93 23 Jamata.

658 3721 40 20 LE
713 3723 184 22 BELLICISME
913 3727 58 19 EST
988 3727 20 19 A
1026 3726 127 20 GAUCHE

675 3753 21 21 //
716 3755 75 22 serai'f
811 3756 109 27 difficile
940 3758 31 22 de
991 3758 66 28 faire
1077 3762 89 25 passer

646 3786 65 22 pour
730 3788 33 16 un
781 3783 102 27 fasciste
903 3786 31 22 M.
952 3787 86 22 André
1056 3787 110 24 Delmas,

646 3808 134 27 secrétaire
792 3811 100 28 général
904 3817 23 19 et
939 3815 143 23 animateur
1092 3816 32 22 de
1137 3821 29 17 ce

646 3836 121 28 Syndicat
780 3840 112 24 national
904 3842 44 22 des
960 3843 160 24 Instituteurs
1134 3844 32 22 de

646 3865 105 26 France,
770 3867 43 26 qui
831 3874 15 16 a
863 3871 71 21 mené
952 3870 35 23 les
1005 3871 161 28 déplorables

645 3900 151 21 campagnes
817 3902 47 21 que
886 3897 50 23 l'on
955 3901 56 22 sait.
1031 3901 74 23 aIussI
1127 3903 37 21 est

644 3921 233 29 particulièrement
897 3925 151 32 significatif
1078 3931 23 22 le
1131 3931 24 23 té-

645 3951 133 28 moignage
788 3953 72 26 porté
871 3960 45 21 par
926 3955 31 21 M.
967 3956 99 24 Delmas
1078 3960 88 21 contre

647 3979 36 23 les
697 3984 61 23 gens
775 3981 31 21 de
820 3982 95 26 gauche
929 3984 16 22 à
957 3990 94 23 propos
1066 3988 31 21 de
1113 3988 54 21 leur

646 4007 108 22 humeur
778 4007 162 29 belliqueuse.
962 4012 110 30 Logique
1102 4023 61 16 avec

646 4042 48 16 son
712 4037 141 27 pacifisme,
874 4038 23 23 le
915 4040 133 24 secrétaire
1066 4043 101 28 général

647 4064 35 23 du
698 4065 125 27 Syndicat
842 4066 59 24 voit,
918 4074 30 16 en
966 4070 68 27 effet,
1051 4078 61 18 avec
1130 4074 26 21 in-

646 4093 135 28 dignation
804 4093 36 23 les
865 4097 178 24 communistes
1066 4103 27 20 et
1113 4108 46 22 pas

646 4122 52 22 mal
714 4121 32 26 de
763 4122 143 23 socialistes
923 4125 97 24 enclins
1036 4128 16 22 à
1067 4129 91 23 déchaî-

646 4156 47 16 ner
708 4156 50 17 une
773 4150 83 23 bonne
871 4152 78 27 petite
963 4159 88 22 guerre
1066 4158 92 27 antifas-

646 4178 71 23 ciste.

675 4206 105 23 Parlant
795 4206 16 23 à
827 4207 25 23 la
866 4208 189 28 manifestation
1071 4215 88 26 organi-

644 4234 43 25 sée
707 4241 49 22 par
783 4235 25 23 la
832 4241 77 18 revue
929 4243 13 15 «
959 4238 135 27 Syndicats
1111 4249 14 14 >
1143 4244 25 22 et

644 4265 145 21 constatant
811 4270 48 22 que
880 4265 90 28 depuis
991 4267 24 23 la
1034 4268 133 27 fondation

644 4292 33 23 de
692 4292 25 22 la
732 4292 51 23 Iïle
797 4292 159 29 République
971 4301 33 16 on
1019 4298 67 21 avait
1099 4299 59 22 iden-

645 4320 57 28 tifié
722 4320 25 23 la
764 4327 91 21 guerre
874 4322 25 22 et
918 4322 25 22 la
961 4322 91 28 droite,
1069 4325 25 23 la
1111 4333 48 22 gau-

644 4350 48 22 che
712 4350 26 21 et
756 4348 25 24 la
799 4349 69 29 paix,
888 4350 32 22 M.
938 4350 101 24 Delmas
1057 4360 23 19 a,
1098 4356 70 22 selon

644 4377 16 22 V
678 4384 14 15 <
706 4377 95 23 Œuvre
817 4384 21 19 >,
854 4377 104 24 déclaré
974 4385 9 16 :

666 4420 15 13 a,
694 4413 163 24 Aujourd'hui,
872 4414 62 19 cette
951 4414 142 26 distinction,
1109 4423 59 16 nous

640 4443 104 16 sommes
761 4438 90 24 obligée
869 4439 29 19 de
914 4440 24 18 la
953 4441 87 19 mettre
1057 4447 30 14 en
1104 4449 56 17 ques-

642 4464 55 18 tion.

663 4489 191 19 L'antifasclsme
865 4489 37 19 est
911 4488 17 20 à
937 4490 104 21 certaine
1051 4494 118 19 moments

641 4514 69 19 d'une
732 4514 192 23 Intransigeance
945 4519 100 19 presque
1067 4516 66 24 égale
1154 4518 16 19 à

640 4539 58 19 celle
715 4539 34 20 du
765 4538 133 20 fascisme.-

665 4564 21 19 B
703 4569 17 19 y
737 4569 16 15 a
767 4563 25 20 là
809 4568 47 15 une
873 4564 116 19 situation
1005 4566 107 20 nouvelle
1128 4568 41 23 qui

640 4588 85 20 amène
741 4594 32 14 un
790 4589 169 20 reclassement
974 4589 42 19 des
1031 4591 113 19 hommes.

666 4615 66 19 Pour
755 4614 77 20 rester
857 4613 84 23 fidèles
965 4613 17 20 à
1006 4615 163 24 nous-mêmes,

640 4644 61 16 nous
724 4639 89 20 devons
835 4643 60 15 nous
917 4638 113 21 interdire
1052 4640 29 19 de
1102 4646 60 18 pren-

641 4665 41 20 dre
700 4664 42 21 des
759 4664 116 24 positions
890 4664 47 23 qui,
956 4664 87 20 devant
1060 4665 42 19 des
1118 4671 44 18 pro-

641 4689 88 21 blèmes
741 4689 17 20 à
772 4689 73 22 venir,
859 4693 60 15 nous
934 4689 154 20 classeraient
1101 4689 16 21 à
1130 4690 33 20 l'a-

641 4719 80 16 vance.

665 4740 46 19 Les
725 4739 175 25 organisations
913 4739 40 24 qui
966 4738 43 21 ont
1022 4739 64 20 leurs
1097 4740 65 19 direc-

640 4764 66 21 teurs
725 4765 31 22 de
775 4764 139 20 conscience
936 4769 31 15 ou
986 4766 65 19 leurs
1071 4765 92 24 prophè-

640 4789 36 20 tes
694 4794 30 15 ne
743 4790 56 20 sont
816 4794 44 19 pas
879 4788 194 25 démocratiques,
1092 4790 78 19 même

640 4817 21 18 si
679 4815 57 20 elles
754 4820 26 15 se
800 4815 79 20 disent
900 4814 192 24 démocratiques.
1111 4821 14 14 »

673 4845 51 22 Par
741 4845 112 26 ailleurs,
870 4845 33 22 M.
920 4844 103 23 Delmas
1041 4851 16 17 a
1072 4844 98 28 justifié

642 4872 26 24 la
682 4874 115 28 position
813 4873 145 29 qu'avaient
972 4872 79 29 prise,
1068 4879 32 16 en
1114 4878 46 23 sep-

643 4902 104 27 tembre,
761 4904 37 22 les
811 4902 68 23 vrais
892 4901 65 24 amis
971 4902 32 22 de
1016 4902 25 22 la
1054 4901 62 29 paix
1129 4907 9 17 :

666 4944 14 14 c
693 4939 42 24 Ici.
751 4944 61 15 nous
827 4943 61 16 nous
902 4942 103 17 sommes
1021 4938 54 19 tous
1091 4937 80 24 placés

640 4962 32 21 du
683 4964 75 19 même
770 4963 60 24 côté,
841 4969 30 15 en
881 4963 134 24 septembre
1028 4963 100 23 dernier,
1139 4968 31 15 en

641 4989 84 22 esprits
743 4989 91 20 libres...
852 4989 37 19 On
905 4992 60 16 nous
981 4993 17 14 a
1014 4987 96 24 appelés
1128 4988 42 19 des

641 5017 13 15 <
675 5013 133 21 Munlcbois
827 5020 19 15 ».
867 5014 37 19 On
926 5013 97 19 affirme
1045 5017 45 19 que
1110 5017 60 15 nous

640 5038 97 21 n'avons
753 5045 44 18 pas
813 5044 34 15 un
862 5038 130 20 sentiment
1008 5037 117 20 suffisant
1141 5037 29 19 de

641 5068 12 14 c
666 5063 124 21 l'honneur
805 5065 30 20 de
849 5065 25 19 la
889 5064 77 24 patrie
980 5069 20 14 >.
1014 5063 67 19 Nous
1096 5067 75 15 avons

640 5086 38 22 été
694 5089 41 20 des
751 5090 108 20 hommes
875 5090 31 19 de
922 5094 66 14 cœur
1003 5089 25 18 et
1042 5088 31 19 de
1089 5087 81 20 raison

640 5113 25 19 et
676 5118 61 16 nous
748 5119 75 15 avons
836 5119 30 16 eu
877 5115 25 19 la
915 5112 151 21 satisfaction
1079 5112 29 19 de
1120 5112 50 19 voir

641 5142 45 24 que
706 5139 79 21 toutes
804 5140 35 19 les
860 5143 98 18 masses,
979 5142 31 15 en
1030 5138 54 19 tous
1104 5141 60 19 pays
1166 5150 3 7 ?

643 5162 89 20 étaient
746 5164 28 20 de
788 5165 69 18 notre
871 5164 58 20 avis.

665 5188 97 21 Munich
780 5194 17 15 a
816 5189 37 21 été
872 5194 48 15 une
939 5187 118 21 revanche
1076 5191 42 14 sur
1138 5190 31 15 m

641 5213 167 21 conformisme
830 5214 72 20 étroit
923 5214 25 19 et
968 5213 142 23 dangereux.

666 5238 38 19 On
722 5239 39 20 n'a
778 5244 44 19 pas
839 5240 23 20 le
881 5238 63 21 droit
963 5238 29 19 de
1012 5241 86 20 penser
1116 5234 54 25 qu'à

642 5267 32 15 un
690 5263 92 21 Instant
798 5265 107 23 critique,
921 5263 54 24 quel
993 5261 56 25 qu'il
1066 5260 52 23 soit,
1135 5260 36 19 les

641 5286 42 21 dés
705 5289 54 19 sont
782 5288 230 21 irrémédiablement
1034 5285 68 25 jetés.
1123 5290 13 14 »

674 5318 123 28 Ajoutons
816 5326 67 22 pour
903 5317 168 30 information
1098 5316 72 28 qu'au

642 5352 77 17 cours
743 5347 33 24 de
797 5349 66 23 cette
893 5345 111 25 réunion
1035 5342 133 31 organisée

642 5381 49 28 par
707 5381 14 15 c
736 5375 137 28 Syndicats
889 5383 13 15 >
920 5377 45 22 des
982 5371 188 33 personnalités

642 5404 167 28 importantes
830 5406 36 22 du
885 5405 95 23 monde
1001 5400 168 31 syndicaliste

641 5432 122 29 français,
783 5434 158 22 notamment
968 5433 34 24 M.
1023 5430 81 26 Belin,
1124 5429 46 24 ont

642 5460 116 24 dénoncé
771 5470 6 4 ■
787 5461 25 24 la
834 5468 14 15 <
868 5461 171 24 colonisation
1059 5466 13 14 >
1101 5464 57 17 com-

643 5489 111 24 muniste
768 5496 34 16 cm
815 5490 58 23 sein
888 5491 32 24 de
936 5491 26 23 la
976 5490 28 23 C.
1019 5489 28 22 G.
1063 5487 27 23 T.
1105 5486 66 23 C'est

644 5524 36 18 nn
697 5518 94 24 nouvel
810 5519 86 24 indice
922 5519 37 25 da
983 5516 189 33 Tfdtf»inment

1403 860 104 27 Burgos,
1526 858 29 22 19
1574 858 104 22 février.

1209 888 32 22 M.
1261 888 69 23 Léon
1349 888 97 22 Bérard
1464 893 26 20 et
1509 893 39 16 ses
1569 886 131 23 collabora-

1179 918 68 21 teurs
1270 919 44 20 ont
1334 923 39 19 eu,
1394 915 171 29 aujourd'hui,
1586 921 49 16 une
1656 914 42 23 lon-

1179 951 47 22 gue
1257 945 153 23 conférence
1440 951 32 16 au
1501 943 132 23 ministère
1665 943 44 22 des

1182 973 109 24 Affaires
1312 972 144 30 étrangères
1478 980 61 16 avec
1560 972 57 23 MM.
1637 972 73 22 Jinez

1179 1002 83 26 Vidal,
1283 1002 59 22 chef
1363 1003 34 21 du
1417 1002 100 22 service
1539 1000 125 30 politique
1685 1002 23 20 et

1178 1031 47 22 des
1247 1031 98 26 traités;
1368 1031 23 23 le
1412 1032 83 21 comte
1517 1030 31 23 dc
1569 1029 133 27 Casarojas
1705 1046 4 9 :

1178 1059 60 23 chef
1250 1060 31 23 de
1294 1061 24 22 la
1331 1060 97 22 section
1443 1059 126 27 d'Europe
1581 1058 34 23 du
1627 1057 81 23 même

1180 1087 184 29 département,
1381 1089 24 22 et
1422 1088 31 22 M.
1469 1086 132 23 Tcixtdor.

1210 1116 81 29 Après
1308 1117 24 22 la
1351 1116 117 26 réunion,
1484 1122 35 16 un
1536 1114 173 30 porte-parole

1181 1145 33 23 du
1234 1145 132 22 ministère
1387 1152 14 15 a
1423 1143 101 24 déclaré
1537 1149 5 16 :

1204 1189 29 5 —
1247 1180 30 22 Je
1293 1181 50 19 suis
1360 1178 104 22 autorisé
1480 1180 16 20 à
1512 1183 58 15 vous
1587 1178 50 21 dire
1653 1179 56 22 qu'il

1180 1206 54 20 faut
1252 1212 26 15 se
1298 1206 86 23 garder
1403 1205 136 19 d'accorder
1556 1209 47 14 une
1622 1204 78 23 impor-

1180 1232 69 19 tance
1267 1232 118 20 excessive
1401 1232 16 20 à
1433 1236 40 14 ces
1490 1230 135 20 entretiens.
1642 1230 20 20 Il
1678 1234 30 14 ne

1180 1257 69 23 s'agit
1260 1262 45 20 pas
1318 1258 28 19 de
1359 1256 167 24 négociations,
1539 1255 61 20 mais
1614 1257 27 18 dc
1654 1256 44 18 sim-

1181 1284 49 23 ples
1243 1283 117 24 échanges
1373 1283 28 19 de
1413 1287 58 14 vues
1483 1282 24 20 et
1518 1282 191 19 d'informations

1181 1308 122 24 générales
1326 1313 44 19 que
1394 1307 93 20 soulève
1511 1309 23 18 la
1556 1307 89 23 reprise
1668 1307 41 19 des

1181 1335 113 19 relations
1310 1334 118 21 normales
1445 1335 66 19 entre
1527 1333 126 23 l'Espagne
1669 1337 32 14 na-

1181 1361 119 20 tionaliste
1316 1363 25 20 et
1356 1362 23 19 la
1394 1359 147 24 République
1557 1359 126 23 française.

1207 1387 65 19 Vous
1291 1391 88 19 pouvez
1398 1386 111 20 observer
1528 1385 118 19 d'ailleurs
1665 1388 45 19 que

1181 1413 24 20 la
1223 1417 79 18 presse
1320 1412 126 23 espagnole
1462 1411 54 19 n'en
1534 1411 66 23 parle
1617 1415 49 18 pas.

1208 1439 45 18 Les
1278 1437 109 24 délégués
1413 1437 105 23 français
1543 1435 168 25 poursuivront

1182 1465 63 19 leurs
1265 1464 129 19 entretiens
1414 1468 56 15 avec
1490 1464 33 19 les
1542 1461 89 20 mêmes
1651 1460 50 20 délé-

1182 1489 58 24 gués
1260 1489 131 23 espagnols.

1214 1522 33 23 I.e
1264 1521 101 29 général
1382 1522 82 22 comte
1482 1521 30 22 de
1530 1520 121 24 Jordana,
1667 1520 33 21 mi-

1183 1551 79 22 nistre
1277 1551 43 22 des
1333 1550 111 22 Affaires
1460 1548 150 29 étrangères,
1624 1555 14 16 a
1651 1554 61 22 reçu

1182 1580 14 22 à
1216 1585 122 16 nouveau,
1357 1580 39 21 cet
1415 1577 159 29 après-midi,
1594 1578 30 21 M.
1644 1577 67 22 I.éou

1182 1607 103 23 Bérard.

1215 1636 33 24 Le
1263 1634 117 24 ministre
1395 1634 121 29 espagnol
1530 1641 13 15 a
1558 1634 81 29 quitté
1653 1634 51 22 Bur-

1183 1670 44 23 gos
1259 1663 218 24 immédiatement
1509 1662 75 29 après
1614 1661 89 23 l'entre-

1184 1699 54 20 vue,
1258 1699 28 16 se
1307 1692 108 23 rendant
1438 1692 14 22 à
1472 1692 149 26 Barcelone,
1641 1690 33 23 où
1694 1690 18 23 ii

1184 1722 53 22 doit
1252 1721 129 28 rejoinaire
1395 1720 24 23 le
1433 1719 191 29 généralissime
1638 1721 25 22 et
1676 1720 37 22 les

1184 1751 85 21 autres
1295 1749 126 22 membres
1447 1749 34 22 du
1506 1749 207 27 gouvernement.

1214 1778 112 22 Aussitôt
1345 1777 74 29 après
1436 1777 24 23 le
1479 1777 90 28 départ
1589 1777 34 22 du
1641 1776 62 29 géné-

1183 1808 35 21 ral
1239 1806 121 26 Jordana,
1379 1806 31 24 M.
1428 1805 69 23 Léon
1515 1805 96 23 Bérard
1630 1808 24 20 et
1673 1811 39 17 ses

1183 1835 200 22 collaborateurs
1402 1836 44 20 ont
1464 1834 84 27 repris
1565 1835 70 22 leurs
1654 1840 58 17 con-

1183 1863 141 23 versnlions
1348 1869 62 16 avec
1432 1863 31 22 M.
1486 1862 78 23 Oinez
1585 1862 83 26 Vidal,
1689 1863 23 22 le

1182 1894 82 21 comte
1284 1892 31 21 dc
1333 1891 133 28 Casarojas
1485 1893 24 21 et
1526 1891 31 22 M.
1573 1891 66 23 Juan
1657 1891 55 22 Tci-

1181 1920 85 22 xidor.
1577 1932 4 4 •
1603 1919 105 27 (Havas)

1181 1955 35 30 M.
1237 1955 100 30 Bérard
1358 1956 135 37 quitterait
1513 1956 101 36 Burgos
1636 1956 72 29 lundi

1393 2005 105 27 Burgos,
1522 2005 30 23 19
1577 2004 102 23 février.

1213 2034 33 23 Le
1267 2033 101 30 général
1388 2034 121 27 Jordana,
1529 2033 117 23 ministre
1668 2033 44 23 des

1182 2063 111 22 Affaires
1307 2061 145 28 étrangères
1465 2062 34 22 du
1513 2064 197 27 gouvernement

1185 2091 171 26 nationaliste,
1380 2090 93 23 devant
1498 2091 94 34 tjuitler
1614 2091 96 28 Burgos

1185 2126 65 23 peur
1272 2120 67 23 deux
1362 2127 32 16 ou
1418 2119 63 23 trois
1503 2126 78 21 jours,
1605 2119 105 23 ausfiit<"it

1183 2149 75 28 après
1276 2150 22 21 le
1315 2149 94 22 second
1429 2149 124 23 entrelien
1570 2148 61 28 qu'il
1649 2154 61 16 aura

1185 2185 61 16 avec
1265 2178 31 22 M.
1315 2177 104 27 Bérard,
1438 2178 17 22 il
1475 2180 37 20 est
1530 2176 112 29 possible
1662 2183 48 22 que

1185 2214 29 16 ce
1236 2207 104 22 dernier
1360 2208 101 26 reparte
1483 2212 65 22 pour
1568 2205 24 22 la
1613 2205 97 22 France

1186 2235 70 23 lundi
1277 2235 54 22 afin
1353 2236 30 22 aie
1404 2236 88 21 mettre
1512 2235 30 22 M.
1561 2234 98 22 Bonnet
1678 2240 31 15 au

1184 2267 105 20 courant
1307 2264 45 23 des
1368 2263 116 22 résultats
1502 2264 29 22 dc
1547 2268 40 17 ses
1602 2261 98 29 premiè-

1185 2300 40 16 res
1242 2293 182 28 négociations.

1208 2336 41 35 Le
1271 2336 40 34 Dr
1332 2334 114 45 Negrin
1468 2333 180 36 cèdera-t-îl
1666 2332 19 35 ?

1427 2398 79 25 Paris,
1528 2397 28 22 19
1578 2396 101 22 février.

1217 2429 38 21 Du
1272 2427 143 23 Jour-Echo
1433 2426 31 23 de
1481 2425 72 24 Paris
1575 2425 43 24 (M.
1636 2425 26 23 A.
1679 2425 32 22 M.

1186 2457 89 22 Ptctri-
1296 2463 6 17 :

1212 2504 27 5 —
1261 2493 108 20 Pendant
1390 2496 45 19 qu«
1458 2491 67 18 notre
1549 2488 163 25 représentant

1185 2519 99 19 arrivait
1297 2518 16 20 à
1327 2518 97 23 Burgcs,
1439 2517 29 19 M.
1484 2518 35 19 de]
1533 2516 66 23 Vayo
1612 2514 100 21 arrivait

1185 2545 15 19 à
1216 2544 99 22 Madrid,
1330 2541 94 25 chargé,
1440 2542 31 19 lui
1486 2542 72 21 aussi,
1575 2541 66 19 d'une
1658 2540 55 19 mis-

1186 2571 51 18 sien
1255 2569 95 23 précise.

1211 2596 31 18 Le
1260 2595 106 19 ministre
1383 2598 79 19 rouge,
1479 2597 28 15 en
1525 2591 65 22 effet,
1607 2596 15 14 a
1637 2591 24 18 la
1677 2590 25 19 tâ-

1185 2622 43 19 che
1250 2622 28 18 de
1299 2619 140 20 convaincre
1461 2619 21 18 le
1503 2619 97 19 docteur
1621 2617 89 23 Noprin

1184 2647 30 19 de
1232 2648 24 18 la
1273 2645 114 20 nécessité
1405 2645 28 19 de
1451 2645 23 18 la
1492 2644 54 23 paix
1563 2644 24 18 et
1605 2642 14 21 H
1637 2642 74 19 serait

1184 2674 96 23 porteur
1291 2671 54 21 d'un
1358 2671 126 22 argument
1495 2673 94 15 massue
1600 2668 40 24 qui
1653 2667 58 19 n'est

1184 2699 67 19 autre
1267 2701 45 18 que
1328 2697 21 19 le
1365 2695 101 20 désaveu
1484 2694 83 20 formel
1582 2696 25 18 et
1622 2692 88 19 motivé

1182 2724 27 19 de
1228 2724 30 18 M.
1273 2724 87 19 Azana,
1378 2721 118 24 président
1514 2721 28 18 de
1560 2720 23 18 la
1599 2717 100 24 Républi-

1181 2753 51 19 que,
1249 2753 60 18 pour
1327 2748 19 18 le
1365 2752 40 14 cas
1425 2745 29 20 où
1471 2750 44 15 eon
1534 2744 124 19 Président
1677 2743 30 18 du

1184 2773 92 20 Conseil
1300 2772 106 18 nominal
1432 2767 148 27 prétendrait
1607 2774 29 13 ne
1661 2768 37 19 sui-

1181 2803 40 15 vre
1239 2802 45 19 que
1303 2801 37 14 ses
1359 2800 97 20 propres
1476 2794 149 23 aspirations.

1210 2822 61 19 Tout
1291 2822 67 23 porte
1377 2821 16 19 à
1413 2819 74 21 croire
1508 2818 61 20 donc
1588 2822 45 18 que
1654 2817 57 19 c'est

1184 2852 52 14 vers
1256 2851 32 14 un
1306 2847 169 20 arrangement
1494 2845 70 22 qu'on
1583 2848 26 14 ae
1628 2843 82 23 dirige,

1184 2873 14 19 à
1218 2872 49 19 très
1286 2870 70 20 brève
1377 2869 115 20 échéance
1512 2869 126 20 d'ailleurs.

1215 2903 32 24 Le
1262 2902 203 28 correspondant
1481 2901 32 22 dn
1528 2899 78 22 Matin
1621 2900 14 22 à
1649 2899 61 21 Bur-

1184 2939 44 21 ges
1245 2932 63 22 écrit
1329 2938 7 16 :

1209 2978 28 5 —
1252 2968 37 21 Un
1308 2967 104 20 membre
1430 2966 31 19 du
1480 2965 186 24 gouvernement
1681 2963 30 19 de

1186 2994 98 22 Burgcs,
1309 2997 56 14 avec
1390 2992 75 22 lequel
1489 2991 23 22 je
1535 2989 176 19 m'entretenais

1186 3020 52 18 hier
1252 3018 81 21 matin,
1348 3022 28 14 ne
1390 3018 46 19 m'a
1449 3017 66 23 peint
1529 3015 79 23 caché,
1621 3012 90 25 malgré

1188 3046 6 18 1
1201 3051 10 14 1
1235 3044 116 23 prudence
1375 3048 45 18 que
1445 3042 91 19 chacun
1560 3041 97 22 apporte
1683 3040 28 18 ici

1186 3070 60 19 dans
1261 3070 51 19 tout
1328 3068 125 24 pronostic,
1467 3072 43 14 son
1526 3066 77 23 espoir
1617 3067 29 18 de
1660 3066 52 19 voir

1187 3096 53 18 d'ici
1253 3094 16 20 à
1282 3094 23 20 la
1319 3094 35 19 fin
1368 3094 32 19 du
1413 3093 59 20 mois
1487 3093 21 18 le
1522 3091 94 20 terrible
1631 3091 80 19 drame

1189 3120 99 26 prendre
1307 3120 37 18 fin
1364 3119 59 19 dans
1443 3122 42 15 son
1505 3122 64 19 pays.
1589 3118 20 18 Il
1629 3117 81 19 estime

1189 3150 45 19 que
1252 3146 21 19 le
1291 3146 80 18 retour
1388 3144 16 19 à
1421 3143 92 20 Madrid
1531 3148 31 15 ou
1579 3143 15 19 à
1611 3142 101 19 Valence

1189 3172 28 18 de
1232 3171 31 19 M.
1278 3170 89 23 Negrin
1383 3174 29 15 ne
1428 3171 55 22 peut
1499 3168 66 19 avoir
1579 3173 59 18 pour
1653 3168 59 18 effet

1188 3197 29 18 de
1232 3197 134 23 galvaniser
1380 3195 41 19 des
1437 3193 106 25 énergies
1558 3194 57 20 dont
1628 3194 22 19 le
1665 3198 38 15 res-

1189 3224 51 18 sert
1253 3223 37 18 est
1304 3221 62 20 brisé
1381 3222 24 18 et
1419 3225 45 18 que
1477 3221 25 18 la
1515 3220 59 19 lutte
1588 3218 124 24 sanglante

1191 3250 36 17 est
1241 3247 54 20 bien
1313 3246 63 20 finie.

1202 3299 18 18 «
1240 3287 123 43 Burgos
1382 3284 91 45 exige
1492 3284 30 35 la
1542 3283 156 37 reddition

1314 3336 58 34 des
1392 3347 17 18 «
1430 3343 116 35 rouges
1565 3347 18 18 »

1305 3393 78 27 sans
1397 3384 162 36 condition
1574 3396 18 19 »

1380 3448 134 25 Lisbonne,
1534 3448 27 22 19
1579 3447 102 23 février.

1223 3477 209 23 L'ambassadeur
1457 3476 139 28 d'Espagne
1622 3477 13 22 k
1661 3477 41 22 Lis-

1190 3508 93 25 bonne,
1300 3507 31 21 M.
1350 3505 101 23 Nicolas
1469 3505 106 25 Franco,
1593 3504 67 23 frère
1678 3505 34 22 du

1190 3534 198 30 généralissime,
1403 3541 13 16 a
1431 3533 76 23 remis
1522 3534 13 23 à
1549 3533 24 23 la
1588 3539 86 23 presse
1689 3533 23 22 la

1191 3567 58 21 note
1269 3564 115 22 suivante
1406 3569 7 17 :

1215 3611 28 5 —
1256 3601 37 19 Au
1305 3599 65 23 sujet
1382 3599 42 19 des
1437 3597 119 22 nouvelles
1569 3600 25 19 et
1606 3602 108 15 rumeurs

1190 3626 117 20 circulant
1326 3626 59 19 dana
1404 3625 24 19 la
1446 3628 80 19 presse
1544 3623 116 20 mondiale
1679 3628 26 14 re-

1191 3652 83 19 latives
1293 3651 15 19 à
1326 3650 24 20 la
1367 3648 130 26 pcssibllité
1516 3650 54 18 d'un
1587 3649 127 22 armistice,

1191 3676 155 21 l'ambassade
1368 3675 93 20 déclare
1481 3680 44 18 que
1546 3675 22 19 le
1589 3679 117 19 gouverne-

1191 3705 67 18 ment
1283 3702 105 20 national
1413 3700 125 19 maintient
1562 3705 28 15 sa
1614 3701 100 24 position

1190 3733 91 16 connue
1297 3729 24 18 et
1337 3727 66 23 exige
1419 3727 24 20 la
1459 3726 115 20 reddition
1589 3732 57 15 sans
1661 3731 43 15 con-

1191 3755 80 20 dition.
1289 3754 45 20 Ces
1352 3756 108 17 rumeurs
1477 3756 29 15 ne
1523 3754 53 18 sont
1593 3752 71 24 qu'un
1681 3753 25 18 ef-

1191 3781 49 19 fort
1260 3780 41 19 des
1320 3783 86 19 rouges
1426 3781 59 20 pour
1503 3781 86 15 sauver
1607 3777 32 20 du
1658 3782 48 15 nau-

1191 3808 66 22 frage
1277 3811 26 14 oe
1322 3804 69 24 qu'ils
1410 3803 109 24 peuvent,
1538 3807 29 15 en
1586 3803 128 20 cherchant

1190 3834 24 18 la
1232 3831 131 24 protection
1381 3835 30 14 eu
1429 3830 23 18 la
1469 3829 78 19 bonne
1564 3828 92 20 volonté
1675 3829 40 19 des

1191 3857 94 20 nations
1307 3856 48 24 qui,
1378 3860 57 15 sans
1457 3854 78 23 doute,
1557 3857 30 15 ne
1609 3855 96 18 connais-

1189 3884 53 19 sent
1258 3888 42 19 pas
1317 3886 84 15 encore
1418 3881 64 19 toute
1498 3881 24 18 te.
1536 3877 75 22 vérité
1625 3883 42 16 but
1681 3880 34 19 les

1191 3907 150 22 événements
1360 3907 141 22 d'Espagne.

1753 868 27 4 —
1796 857 66 20 Nous
1878 860 55 17 aous
1951 859 102 18 sommes
2070 856 109 24 toujours
2195 862 53 15 com-

1730 883 49 22 pris
1799 883 25 18 et
1844 878 76 23 aines,
1940 879 68 21 dit-il.
2029 880 48 20 Vos
2098 882 49 19 rois
2167 882 91 20 étaient

1729 913 43 14 nos
1788 906 53 20 rois.
1857 906 28 19 Ct
1900 909 45 17 que
1960 908 60 17 vous
2034 906 96 23 appelez
2146 907 23 20 la
2184 906 64 20 domi-

1735 930 81 18 nation
1829 926 128 25 espagnole,
1970 930 60 16 nous
2043 930 110 18 refusons
2166 931 22 17 le
2201 930 46 22 l'ap-

1730 958 63 22 peler
1812 957 68 20 ainsi.
1895 955 90 22 Dois-je
2004 960 59 17 vous
2083 958 110 23 rappeler
2212 962 45 19 que

1729 983 66 20 votre
1812 982 92 19 Rubeis
1919 980 39 19 fut
1974 980 172 23 ambassadeur
2161 983 89 22 d'Espa-

1729 1012 45 17 gne
1792 1006 15 20 à
1825 1004 114 21 Loncres?

1755 1031 31 21 M.
1801 1032 30 19 de
1845 1030 94 20 Zuueta
1953 1027 92 25 évoqua
2058 1033 66 19 aussi
2138 1037 60 15 avec
2212 1036 46 16 une

1729 1055 104 24 légitime
1850 1053 66 22 fierté
1934 1053 22 21 le
1974 1055 111 20 souvenir
2101 1056 34 23 dji
2152 1057 106 23 marquis

1728 1081 30 19 de
1776 1080 129 21 Villalobtr,
1923 1083 49 14 aux
1989 1078 65 21 côtés
2071 1081 88 23 duq_uel
2176 1082 17 20 il
2211 1082 39 18 tra-

1729 1105 72 20 vailla
1816 1103 100 25 pendait
1930 1103 66 20 toute
2012 1104 24 20 la
2051 1110 85 17 guerre
2151 1111 32 15 au
2199 1107 51 19 ravi-

1729 1129 131 21 taillement
1879 1129 24 20 ie
1922 1133 45 15 nos
1985 1130 156 22 populations.

1756 1160 57 20 Puis
1827 1166 27 15 ce
1867 1160 34 20 fat
1913 1158 31 20 M.
1959 1159 76 23 Sadia,
2049 1162 40 22 qui
2103 1162 78 21 rendit
2194 1163 56 20 hom-

1730 1190 68 18 mage
1815 1185 16 20 à
1848 1186 24 19 la
1883 1184 124 23 prudence,
2023 1185 16 20 à
2055 1186 24 20 la
2095 1187 115 23 patience,
2227 1193 32 14 au

1731 1210 149 20 savoir-faire
1894 1209 29 20 de
1944 1208 30 20 M.
1995 1210 28 21 de
2043 1211 105 23 Zulueta,
2169 1213 24 19 et
2212 1212 47 23 qui,

1730 1234 141 19 définissant
1882 1233 22 20 le
1918 1238 55 15 sens
1988 1235 29 18 de
2033 1234 24 21 la
2071 1236 132 20 révolution
2219 1242 32 15 na-

1731 1259 94 21 tionale,
1845 1257 80 22 s'écria
1947 1262 6 14 :
1977 1264 12 12 <
2010 1259 38 21 En
2067 1266 93 15 aucune
2181 1262 78 22 façon,

1732 1284 22 19 la
1768 1283 127 20 révolution
1906 1283 32 19 du
1951 1281 96 24 général
2058 1285 93 21 Franco
2162 1292 31 15 ne
2204 1291 56 16 sera

1731 1313 31 14 un
1782 1309 80 19 retour
1875 1312 32 15 au
1924 1307 66 23 point
2008 1309 29 21 de
2055 1309 85 24 départ
2158 1316 18 14 ».

1757 1340 73 19 Enfin
1850 1338 28 21 M.
1896 1338 61 20 Jean
1976 1338 92 25 Meyers
2088 1347 120 18 prononça
2227 1348 33 15 un

1731 1364 95 20 vibrant
1840 1365 102 18 discours
1956 1362 31 20 où
2002 1364 18 23 il
2033 1365 93 22 célébra
2140 1369 21 18 le
2176 1368 84 22 peuple

1730 1389 119 22 espagnol,
1865 1392 41 16 son
1922 1388 56 19 chef
1994 1389 24 20 et
2033 1395 44 15 son
2095 1391 165 24 représentant

1731 1415 29 18 6n
1777 1413 115 23 Belgique,

1757 1438 22 19 A
1793 1436 102 23 l'arrivée
1909 1438 34 23 d«.
1951 1436 32 22 M.
1997 1438 24 20 et
2034 1439 64 22 Mme
2112 1442 29 21 de
2155 1441 105 23 Zulueta,

1731 1467 32 14 un
1781 1462 117 21 orchestre
1915 1461 66 21 avait
1996 1462 98 23 exécuté
2111 1465 102 23 l'hymne
2230 1466 31 20 de

1732 1487 23 18 la
1770 1493 11 12 «
1796 1487 118 23 Phalange
1928 1491 11 13 >
1954 1486 24 20 et
1991 1487 25 20 la
2029 1494 12 13 «
2055 1489 172 24 Brabançonne
2242 1497 18 13 ».

1733 1511 109 20 Pendant
1853 1512 19 20 le
1884 1516 68 18 repas
1963 1510 18 21 il
1991 1512 31 21 fit
2033 1514 113 22 entendre
2158 1516 42 18 des
2211 1516 50 21 airs

1731 1536 30 19 ds
1780 1536 24 19 la
1822 1535 129 20 Péninsule.

1200 3961 159 46 L'Egypte
1384 3957 169 38 reconnaît
1580 3958 121 34 Franco

1382 4038 35 23 Le
1435 4037 83 25 Caire,
1535 4036 31 22 19
1583 4035 103 23 férrier.

1220 4069 35 22 Le
1277 4067 199 28 gonvernement
1498 4064 120 29 égyptien
1640 4071 15 16 a
1675 4064 33 22 dé-

1190 4097 58 22 cidé
1274 4098 31 21 de
1331 4094 163 25 reconnaître
1518 4100 13 15 <
1540 4093 32 23 de
1594 4092 77 28 jurei
1694 4092 24 23 le

1190 4127 198 26 gouvernement
1406 4124 32 22 de
1456 4123 104 28 Bnrgos.
1599 4121 114 26 (Reuter)

1265 4159 52 31 Des
1333 4157 110 33 bombes
1460 4169 45 20 sur
1522 4157 120 30 Alitante

1409 4207 119 26 Valence,
1541 4206 30 23 19
1584 4206 103 23 février.

1220 4237 21 22 A
1255 4237 28 22 11
1300 4237 26 22 h.
1341 4237 39 27 15,
1392 4238 90 28 quatre
1497 4236 90 22 avions
1601 4233 117 28 insurgés

1191 4267 43 20 ont
1258 4264 141 24 bombardé
1432 4264 124 24 Alicante.
1588 4263 130 22 Plusieurs

1191 4291 107 25 édifices
1315 4297 45 20 ont
1378 4293 40 23 étié
1436 4293 116 23 détruits.
1568 4291 22 23 H
1606 4298 18 22 y
1640 4298 17 17 «
1674 4291 45 23 des

1193 4320 122 23 victimes.
1335 4321 115 26 (Havas.)

1337 4356 53 32 Pas
1408 4356 152 33 d'entrevue

1281 4397 347 32 Hitler-Mossolini-Franco

1447 4450 82 22 Rom»,
1549 4449 28 20 19
1596 4448 96 21 février.

1212 4471 35 21 I«
1265 4478 13 13 «
1296 4473 62 21 Voce
1377 4474 94 21 dltalla
1489 4479 12 14 >
1520 4479 88 18 oppose
1627 4477 34 17 un
1678 4471 31 22 dé-

1188 4497 73 19 menti
1274 4502 48 15 aux
1335 4499 166 20 informations
1514 4499 66 20 selon
1595 4497 124 24 lesquelles

1187 4519 23 22 1«
1228 4520 95 22 général
1342 4522 93 20 Franco
1454 4522 80 21 aurait
1551 4522 101 24 suggéré
1671 4527 48 15 une

1189 4544 110 21 entrevue
1322 4546 318 22 Mussollni-Hitler-Franco.

1213 4568 65 20 Dans
1295 4569 35 20 les
1346 4571 96 19 milieux
1458 4571 147 24 compétents
1623 4571 95 20 italiens

1188 4596 31 15 on
1238 4592 92 23 déclare
1348 4595 55 19 tout
1422 4596 95 22 Ignorer
1535 4596 31 22 de
1585 4601 28 16 Ce
1633 4596 84 23 projet.

1191 4616 38 20 (D.
1243 4616 29 20 N.
1286 4618 47 21 B.).

1192 4670 42 31 LA
1257 4672 270 35 MANIFESTATION
1551 4677 45 31 DE
1619 4676 96 32 LIEGE

1326 4716 41 30 EN
1387 4717 190 32 L'HONNEUR

1241 4758 8 12 '
1289 4756 45 31 DE
1353 4758 36 31 M.
1411 4759 33 31 de
1464 4760 152 32 ZULUETA

1203 4826 47 21 (De
1266 4828 69 19 notre
1352 4833 52 14 corr
1405 4833 54 19 espo
1461 4831 74 20 ndant
1553 4831 147 24 particulier)

1458 4862 78 24 Liège,
1553 4863 26 20 19
1596 4863 95 21 février.

1213 4883 104 21 L'Union
1330 4884 175 26 lrispano-belge
1519 4894 16 14 a
1550 4888 116 23 organisé,
1681 4893 29 14 sa-

1188 4908 63 20 medi
1268 4908 54 21 soir,
1340 4914 47 15 une
1403 4911 179 22 manifestation
1599 4919 30 15 en
1647 4913 62 20 l'hon-

1187 4935 60 15 neur
1263 4932 30 20 de
1310 4932 31 19 M.
1359 4934 29 18 de
1417 4934 105 24 Zueluta,
1553 4936 165 24 représentant

1188 4955 91 20 officiel
1293 4962 30 14 en
1337 4957 111 23 Belgique
1462 4960 32 19 du
1509 4960 95 22 général
1619 4961 99 20 Franco.

1189 4980 38 20 Un
1242 4979 68 21 dîner
1323 4981 30 21 de
1369 4982 61 19 deux
1444 4984 66 20 cents
1525 4986 109 20 couverts
1649 4991 16 15 a
1680 4984 38 22 été

1187 5006 64 18 servi
1266 5005 60 20 dans
1341 5010 33 15 un
1390 5007 134 21 restaurant
1539 5009 29 20 de
1582 5011 25 19 la
1621 5010 61 21 ville.
1696 5009 22 20 Il

1188 5028 59 21 était
1263 5029 92 23 présidé
1372 5035 44 17 par
1431 5031 31 19 M.
1478 5033 29 20 de
1522 5033 118 24 Zuelueta,
1641 5034 68 24 qu'ac-

1191 5054 151 22 compagnait
1353 5053 63 22 Mme
1427 5056 30 19 de
1467 5056 130 24 Zulueta,et
1608 5059 40 23 qui
1660 5058 60 21 était

1188 5077 98 20 entouré
1305 5082 45 19 par
1369 5078 57 20 MM.
1446 5080 60 19 Jean
1526 5081 100 24 Meyers,
1645 5082 64 24 prési-

1191 5103 65 22 dent;
1280 5102 71 22 Door,
1373 5102 188 27 vice-président;
1585 5106 77 24 Wéry,
1684 5111 26 14 se-

1190 5126 101 20 crétaire
1311 5126 105 23 général;
1438 5128 96 24 Holoye,
1553 5130 114 22 trésorier
1686 5132 33 19 du

1189 5150 91 21 Comité
1292 5151 182 28 hispano-belge,
1486 5154 24 18 et
1522 5158 32 15 un
1566 5157 75 20 grand
1653 5161 56 14 nom-

1193 5174 42 18 bre
1250 5174 28 18 de
1289 5173 175 24 personnalités
1478 5174 121 24 liégeoises
1614 5179 23 19 et
1652 5182 65 19 eapa^

1188 5201 87 22 gnôles.

1218 5223 39 20 Au
1272 5222 98 22 dessert,
1384 5223 22 20 le
1421 5223 77 21 comte
1512 5229 48 15 van
1575 5225 42 21 der
1630 5226 87 23 Burch,

1190 5250 120 23 président
1330 5250 130 20 d'honneur
1479 5251 29 20 de
1529 5253 90 18 l'Union
1640 5254 69 24 hispa-

1189 5275 117 23 no-belge,,
1317 5273 109 24 présenté
1441 5278 48 16 aux
1503 5277 109 21 convives
1628 5283 44 18 par
1687 5279 31 19 M.

1193 5296 78 24 Wéry,
1288 5301 87 19 exposa
1392 5297 151 22 longuement
1558 5298 114 23 l'histoire
1688 5301 30 19 de

1194 5325 24 19 la
1237 5322 133 20 révolution
1390 5322 132 23 espagnole,
1542 5325 124 22 rappelant
1684 5330 34 15 un

1194 5349 76 23 grand
1283 5348 99 20 nombre
1397 5347 29 20 de
1440 5346 87 22 vérités
1541 5348 177 25 bienfaisantes,

1190 5376 24 20 et
1228 5377 65 19 aussi
1307 5376 35 21 les
1356 5375 60 21 liens
1430 5374 127 21 séculaires
1571 5376 40 23 qui
1624 5378 97 21 unirent

1189 5406 44 15 nos
1251 5400 124 23 provinces
1392 5404 32 15 au
1442 5400 84 22 peuple
1543 5400 104 25 ibérique
1664 5408 57 15 sous

1191 5425 22 20 le
1234 5424 184 22 gouvernement
1439 5424 29 20 do
1489 5425 136 21 souverains
1659 5432 52 15 com
1709 5426 17 15 1

1189 5453 77 16 muns.

1217 5474 38 20 On
1275 5472 106 22 entendit
1402 5470 91 24 ensuite
1514 5471 32 21 M.
1566 5474 31 20 de
1615 5474 105 25 Zulueta,

1189 5498 41 24 qui
1246 5498 86 20 Insista
1345 5502 44 15 sur
1405 5497 35 19 les
1455 5495 90 22 mêmes
1560 5497 88 21 vérités
1662 5504 60 16 avec

1190 5528 46 14 une
1251 5522 110 22 émotion,
1375 5525 48 17 nne
1435 5521 68 22 force
1515 5522 27 22 «t
1553 5526 49 17 une
1614 5523 108 24 éloquen-

1186 5553 32 21 foe
1236 5546 183 23 pemarquablea.

1939 1571 103 22 -*•♦-

1878 1606 44 36 LE
1938 1606 174 40 CONGRES

1735 1661 72 37 DES
1832 1661 211 40 ETUDIANTS
2067 1667 191 38 LIBERAUX

1920 1720 27 36 A
1961 1720 107 40 MONS

1812 1804 35 32 La
1865 1806 108 35 journée
1993 1806 33 32 de
2046 1808 135 33 dimanche

1748 1861 47 21 (De
1811 1863 67 20 notre
1895 1865 185 22 correspondant
2097 1869 138 21 particulier
2234 1870 12 18 J

2000 1902 74 26 Mons,
2094 1906 26 20 19
2138 1906 96 21 février.

1760 1926 151 19 L'assemblée
1931 1925 109 24 générale
2061 1930 31 19 du
2113 1932 99 23 congrès
2232 1932 30 19 de

1734 1950 68 20 Mons
1824 1951 27 20 de
1874 1951 23 19 la
1916 1950 141 24 Fédération
2079 1957 120 21 nationale
2220 1958 41 19 des

1734 1975 126 20 Etudiants
1885 1975 106 21 libéraux
2013 1979 29 19 de
2065 1980 113 25 Belgique
2204 1983 57 20 s'est

1734 2001 69 21 tenue
1820 2001 121 20 dimanche
1957 2002 60 21 dans
2032 2005 24 19 la
2071 2006 58 20 salle
2144 2007 107 21 académi-

1733 2030 45 19 que
1795 2026 28 19 de
1840 2026 112 21 l'Institut
1967 2028 122 24 supérieur
2105 2032 29 19 de
2149 2037 104 15 commer-

1732 2055 28 16 ce
1778 2052 32 18 du
1827 2052 111 22 Hainaut,
1958 2057 55 17 sous
2032 2055 23 19 la
2075 2055 137 24 présidence
2231 2059 30 18 de

1735 2077 29 18 M.
1782 2077 60 20 Jean
1860 2078 109 23 Bauloye,
1986 2080 29 19 de
2033 2081 75 23 Mons,
2127 2083 85 20 assisté
2230 2088 32 15 au

1733 2101 88 21 bureau
1837 2103 27 19 de
1878 2103 55 19 MM.
1948 2103 91 22 Gérard
2054 2107 90 20 Fabrot
2158 2109 26 21 et
2199 2109 52 19 Waï-

1732 2127 37 20 ter
1784 2128 28 18 de
1828 2127 243 27 Sélys-Longchamps,
2088 2132 28 20 de
2133 2132 127 21 Bruxelles.

1758 2161 45 20 Les
1818 2162 76 19 divers
1909 2163 109 22 rapports
2033 2165 73 23 ayant
2121 2164 37 21 été
2175 2166 76 20 exami-

1733 2185 42 21 nés
1791 2187 24 19 et
1831 2186 108 22 discutés,
1956 2187 144 22 l'assemblée
2117 2196 14 14 a
2149 2190 54 21 voté
2220 2191 41 19 d*s

1733 2210 139 21 résolutions
1890 2214 152 20 concernant:
2061 2215 101 24 l'exposé
2181 2217 28 19 de
2229 2217 32 19 M.

1734 2237 26 19 H.
1776 2238 72 19 Leten
1864 2242 41 15 sur
1920 2238 23 19 la
1958 2243 157 17 concurrence
2131 2241 32 19 du
2178 2242 44 19 rail
2237 2242 24 19 et

1733 2262 27 19 de
1779 2263 24 19 la
1821 2263 76 22 route;
1917 2263 21 19 le
1957 2266 97 22 rapport
2072 2267 29 19 de
2120 2267 30 19 M.
2169 2267 91 19 Gérard

1733 2288 95 24 Fabrot.
1851 2289 28 18 de
1899 2288 127 24 BruxeJles,
2047 2296 42 14 sur
2108 2291 25 19 la
2152 2293 108 23 question

1733 2313 28 20 de
1782 2313 24 19 la
1827 2313 101 23 réforme
1950 2315 192 23 parlementaire;
2165 2317 21 20 le
2209 2322 44 18 rap-

1734 2340 52 21 port
1801 2339 28 19 de
1842 2339 30 19 M.
1886 2340 28 18 R.
1928 2339 144 24 Hannecart,
2086 2342 29 20 de
2130 2342 75 23 Mons,
2220 2348 42 14 sur

1733 2363 23 19 la
1774 2364 107 23 question
1900 2364 27 20 de
1945 2364 24 20 la
1986 2366 178 21 concentration
2183 2368 70 19 indus-

1733 2389 82 19 trielle.

1759 2421 37 19 Un
1821 2421 68 20 ordre
1912 2421 31 20 du
1966 2422 54 23 jour
2041 2423 100 24 proposé
2165 2429 44 19 par
2231 2425 31 18 M.

1731 2446 111 23 Bruyhai,
1852 2451 31 15 au
1894 2451 53 15 nom
1959 2447 31 19 du
2000 2448 79 20 Cercle
2090 2449 41 19 des
2142 2448 120 22 étudiants

1732 2471 106 19 libéraux
1852 2472 28 19 de
1895 2472 135 23 Gembloux,
2045 2479 15 13 a
2074 2473 134 24 également
2224 2474 37 20 été

1733 2496 92 24 adopté.
1841 2497 18 19 U
1875 2501 114 17 concerne
2003 2499 24 19 la
2041 2498 97 21 défense
2154 2499 31 20 du
2201 2505 53 15 mar-

1734 2522 42 19 ché
1801 2521 102 25 agricole
1926 2523 73 23 belge.

1758 2554 125 20 L'examen
1899 2554 32 20 du
1949 2556 97 22 rapport
2064 2556 28 19 de
2110 2556 31 19 M.
2157 2557 105 24 Bacque-

1732 2578 69 22 laine.
1820 2579 28 20 de
1866 2579 77 23 Liège,
1963 2584 42 15 sur
2021 2580 24 20 la
2063 2582 109 22 question
2191 2582 29 19 de
2238 2582 24 18 la

1733 2604 112 24 politique
1870 2604 123 24 étrangère
2015 2606 29 19 de
2066 2606 24 19 la
2111 2606 115 24 Belgique
2248 2612 14 14 a

1733 2629 77 20 donné
1834 2630 47 19 Heu
1903 2635 32 14 au
1958 2631 53 19 vote
2034 2631 69 19 d'une
2127 2630 135 21 résolution.

1760 2653 36 19 Un
1811 2654 93 18 dernier
1916 2653 70 20 ordre
1999 2654 30 20 du
2041 2655 61 23 jour,
2116 2655 81 19 relatif
2209 2655 15 20 à
2237 2656 24 18 la

1733 2681 146 19 nomination
1902 2681 30 19 du
1953 2682 35 18 E>r
2008 2682 106 19 Martens
2135 2688 14 14 a
2169 2683 93 19 ensuite

1733 2705 37 20 été
1789 2706 60 20 voté.
1868 2707 18 18 Il
1905 2708 35 18 e«t
1958 2707 59 19 ainsi
2035 2707 86 20 libellé:

1759 2744 12 12 «
1793 2737 168 25 Désapprouve
1982 2739 140 19 totalement
2143 2739 24 19 la
2189 2740 74 19 noml-

1732 2764 71 18 naion
1822 2764 30 18 du
1871 2764 34 18 Dr
1921 2764 104 19 Martens
2042 2764 16 20 à
2074 2764 142 20 l'Académie
2234 2764 29 19 de

1733 2787 120 20 médecine
1875 2788 129 23 flamande;

1758 2819 101 24 Déplore
1878 2821 117 19 vivement
2014 2826 44 18 que
2076 2821 63 20 cette
2158 2821 97 19 nomina-

1732 2845 50 19 tion
1805 2846 35 18 ait
1862 2845 36 20 été
1921 2845 158 21 transformée
2102 2850 31 15 en
2154 2847 109 22 question

1731 2869 155 23 linguistique
1903 2871 25 18 et
1944 2870 129 22 culturelle,
2091 2871 63 21 alors
2173 2875 45 19 qae
2237 2875 27 15 ce

1732 2893 84 20 n'était
1838 2894 85 24 qu'une
1945 2895 109 22 question
2079 2895 28 20 de
2129 2895 86 23 justlœ
2240 2895 23 19 et

1733 2919 136 20 d'honneur.
1890 2925 12 14 »

1758 2951 45 19 Les
1820 2951 102 20 travaux
1938 2951 68 19 étant
2023 2951 120 22 terminés,
2161 2952 16 19 îl
2194 2957 15 14 a
2227 2951 37 20 été

1733 2975 80 20 décidé
1829 2981 46 19 que
1892 2977 22 19 le
1931 2976 99 24 congrès
2047 2976 28 19 de
2093 2977 52 19 1940
2162 2982 26 15 se
2206 2977 49 19 tien-

1733 3001 63 19 drait
1817 3001 16 20 à
1851 3001 137 20 Gembloux.

1758 3032 35 20 La
1818 3033 98 23 journée
1940 3033 56 19 s'est
2021 3032 115 21 terminée
2161 3038 44 19 par
2231 3038 32 14 nn

1733 3058 104 24 banquet
1856 3058 49 20 très
1926 3057 85 21 animé.

1760 3089 21 18 A
1802 3089 24 19 la
1847 3089 63 21 table
1932 3089 136 20 d'honneur,
2090 3088 106 24 présidée
2218 3093 45 19 par

1734 3115 29 20 M.
1785 3116 62 20 Jean
1870 3116 109 23 Bauloye,
2001 3116 75 24 ayant
2098 3116 15 20 à
2138 3121 27 15 sa
2189 3116 75 20 droite

1733 3140 30 20 M.
1786 3141 83 20 Victor
1892 3141 130 21 Maistrlau,
2046 3141 165 24 bourgmestre
2236 3141 29 21 de

1734 3166 68 20 Mons
1820 3168 24 19 et
1861 3166 84 20 ancien
1962 3167 109 19 ministre
2089 3168 24 18 et
2130 3166 16 20 à
2163 3171 28 15 sa
2209 3172 47 19 gau-

1733 3192 42 19 che
1789 3192 30 19 M.
1834 3191 66 20 René
1914 3192 117 23 Leclercq,
2044 3191 99 20 échevin
2158 3192 28 20 de
2198 3192 58 19 l'Ins-

1732 3217 104 19 truction
1862 3217 116 24 publique,
2008 3217 97 19 avaient
2131 3217 133 24 également

1733 3243 49 22 pris
1802 3243 67 23 place
1891 3242 55 20 MM.
1969 3242 82 20 Albert
2072 3243 120 22 Jottrand.
2214 3241 42 26 pré-

1734 3268 78 19 sident
1837 3268 28 19 de
1891 3267 164 19 l'Association
2080 3267 98 22 libérale
2203 3273 52 15 com-

1734 3294 94 19 munale
1857 3293 29 19 de
1914 3292 75 22 Mons.
2018 3293 98 24 Eugène
2138 3294 127 21 Reumont,

1734 3318 124 20 conseiller
1882 3317 130 24 provincial
2038 3318 24 19 et
2086 3317 123 25 président
2234 3319 31 19 de

1733 3343 122 20 l'Alliance
1895 3339 96 24 libérale
2029 3342 235 24 d'arrondissement,

1734 3368 95 22 Fabrot,
1852 3368 74 19 Leten
1951 3368 24 19 et
1997 3368 167 24 Bacquelaine,
2188 3368 68 25 repré-

1734 3394 96 19 sentant
1850 3393 195 24 respectivement
2064 3394 35 19 les
2118 3393 148 20 Universités

1734 3418 27 19 de
1783 3417 128 24 Bruxelles,
1931 3418 69 19 Gand
2021 3419 25 19 et
2065 3418 79 25 Liège.

1761 3449 36 19 Au
1814 3448 96 22 dessert,
1925 3448 117 23 plusieurs
2057 3449 76 21 toasts
2148 3454 31 15 au
2194 3455 70 14 cours

1734 3475 108 23 desquels
1861 3476 24 19 la
1903 3474 101 21 réussite
2024 3476 31 19 du
2074 3476 101 24 congrès
2194 3482 16 14 a
2227 3476 38 20 été

1734 3500 121 24 soulignée
1880 3500 24 20 et
1929 3500 41 22 des
1995 3502 91 22 espoirs
2111 3507 30 14 en
2166 3502 99 20 l'avenir

1734 3527 42 18 ont
1795 3525 37 20 été
1852 3525 65 22 émis,
1935 3526 42 19 ont
1996 3525 37 20 été
2054 3526 80 24 portés
2152 3532 46 18 par
2216 3528 40 23 plu-

1735 3551 76 19 sieurs
1829 3550 114 19 orateurs.

1964 3580 74 20 **»

3055 259 173 35 CHOSES
3253 257 107 35 VUES

2342 460 71 75 LA
2446 460 309 77 HOLLANDE

2321 569 198 47 achèterait
2540 569 44 46 du
2611 569 158 47 matériel

2427 642 55 59 de
2511 656 158 57 guerre

2364 748 86 45 aux
2480 731 243 60 Etats-Unis

2376 847 57 32 Elle
2451 847 132 37 passerait
2601 845 113 32 d'abord

2315 902 51 20 nne
2383 889 155 32 commande
2556 889 33 31 de
2605 894 60 25 cent
2681 890 94 29 avions

2436 938 177 29 Washington,
2630 938 29 22 19
2676 936 104 23 février.

2312 969 55 23 Une
2382 967 145 30 délégation
2545 967 89 23 navale
2652 965 148 23 néerlandai-

2280 1006 27 16 se
2324 1000 37 20 est
2377 997 100 23 arrivée
2494 998 14 23 à
2525 996 176 28 Washington.
2717 996 35 22 La
2769 994 32 23 dé-

2283 1027 110 29 légation
2416 1034 15 16 a
2454 1025 100 24 entamé
2577 1025 47 23 des
2645 1023 167 30 pourparlers

2281 1063 62 17 avec
2356 1057 23 22 le
2393 1055 142 24 Secrétaire
2550 1054 31 23 de
2595 1054 25 23 la
2634 1053 98 23 Marine
2746 1059 67 23 pour

2281 1085 93 24 l'achat
2392 1085 30 23 de
2439 1084 116 22 matériel
2573 1084 31 22 de
2621 1088 99 24 guerre.

2312 1115 21 23 A
2347 1121 28 16 ce
2390 1119 106 23 propos,
2512 1113 23 22 la
2550 1111 111 30 légation
2677 1110 45 24 des
2736 1110 77 28 Pays-

2281 1143 47 22 Bas
2344 1150 15 16 a
2373 1141 182 29 communiqué
2572 1147 48 22 que
2635 1140 23 23 le
2674 1145 128 24 gouverne-

2282 1176 68 20 ment
2366 1170 163 24 néerlandais
2544 1176 27 17 se
2586 1175 112 24 proposo
2713 1168 89 23 d'ache-

2282 1203 39 20 ter
2339 1202 45 21 des
2404 1199 167 29 hydravions,
2592 1199 44 22 des
2655 1197 157 29 torpilleurs,

2283 1230 45 23 des
2351 1230 97 21 carions
2472 1227 156 23 antiaériens
2652 1230 23 20 et
2700 1227 44 22 des
2767 1225 35 22 mi-

2282 1258 150 23 trailleuses.
2447 1258 38 22 On
2500 1256 201 24 commencerait
2717 1261 47 23 par
2778 1261 33 16 un

2284 1288 75 23 achat
2378 1287 31 22 de
2428 1286 46 23 100
2492 1286 99 22 avions.
2607 1298 34 5 —
2660 1285 43 24 (D.
2722 1284 29 22 .V.
2769 1283 41 24 B.)

2311 1352 33 20 i;-
2359 1357 13 14 »
2394 1351 128 23 Algemeen
2544 1348 179 21 Nedertandasch
2746 1349 68 19 Pere-

2284 1375 90 23 bvrêau
2395 1383 12 14 »
2428 1377 78 23 publie
2525 1375 16 20 à
2560 1380 28 15 ce
2608 1376 64 23 sujet
2690 1378 48 15 une
2759 1374 54 18 note

2282 1403 125 20 officieuse
2422 1401 123 26 précisant
2560 1401 86 24 qu'une
2661 1399 152 21 commission

2284 1430 127 23 technique
2433 1433 16 14 a
2471 1426 37 22 été
2531 1425 111 26 déléguée
2665 1431 47 15 aux
2734 1425 81 19 Etats-

2282 1455 61 20 Unis
2361 1454 51 20 afin
2431 1453 29 19 de
2477 1453 136 22 s'informer
2630 1456 44 16 sut
2691 1452 32 19 du
2741 1449 65 21 maté-

2284 1482 41 19 riel
2341 1481 25 19 et
2379 1480 151 20 notamment
2544 1479 30 19 de
2589 1476 131 25 s'enquérir
2735 1481 43 15 sur.
2791 1476 24 19 la

2285 1505 131 27 possibilité
2440 1505 120 19 d'acheter
2584 1508 34 16 un
2643 1503 97 19 nombre
2765 1501 49 20 très

2287 1531 128 22 restreaint
2441 1530 113 21 d'avions.
2579 1529 36 21 13ya
2640 1529 54 21 note
2720 1527 93 20 déclare

2283 1559 85 20 laisser
2379 1563 31 15 au
2421 1557 93 22 compte
2526 1557 28 20 d-3
2566 1556 104 23 l'agence
2680 1552 134 21 allemande

2285 1586 53 18 tous
2355 1585 35 20 lee
2407 1582 86 21 détails
2511 1581 93 21 relatifs
2621 1581 16 20 à
2654 1581 38 18 cet
2709 1578 78 20 achat.

2499 1613 103 21 -♦•♦-

2359 1647 35 40 Le
2411 1651 125 35 ministre
2552 1644 53 40 des
2627 1643 116 40 affaires

2282 1715 168 44 étrangères
2464 1708 38 40 du
2519 1707 118 40 Cabinet
2651 1705 37 41 de
2699 1705 114 40 Nankin

2387 1778 48 34 tué
2451 1771 73 40 dans
2544 1786 32 25 sa
2597 1774 109 35 maison

2475 1857 138 27 Shanghaï,
2630 1857 30 23 19
2678 1856 103 23 février.

2314 1898 32 24 M.
2360 1895 140 31 Chenglob,
2513 1894 117 24 ministre
2644 1894 46 22 des
2703 1893 111 22 Affaires

2284 1926 145 29 étrangères
2442 1925 35 23 du
2491 1924 198 28 gouvernement
2702 1922 32 23 de
2748 1922 54 22 Nan-

2283 1958 54 24 kin,
2354 1963 15 16 a
2385 1956 40 23 été
2443 1952 127 25 assassiné
2589 1953 64 22 dans
2670 1958 28 16 sa
2715 1951 98 22 maison

2283 1985 81 24 située
2381 1992 30 16 en
2429 1983 129 23 territoire
2573 1987 60 17 sous
2648 1979 117 24 contrôle
2780 1979 25 28 ja-

2283 2014 92 29 ponais
2393 2015 24 22 et
2433 2012 98 29 proche
2551 2011 32 22 Ju
2602 2009 165 23 Stettlement.

2316 2043 60 28 Sept
2390 2042 127 22 inconnus
2531 2041 44 21 ont
2590 2039 46 22 fait
2650 2038 137 28 irruption,
2800 2036 14 22 à

2286 2071 28 23 19
2334 2071 26 22 h.
2381 2070 38 26 15,
2440 2070 64 22 dans
2541 2074 28 16 sa
2606 2067 127 24 demeure,
2752 2065 61 23 l'ont

2284 2100 85 23 abattu
2385 2099 14 22 à
2415 2104 80 22 coups
2511 2098 31 22 de
2558 2096 123 25 revolver,
2696 2095 59 28 puis
2770 2094 43 22 ont

2284 2129 106 28 disparu
2409 2127 63 23 dans
2490 2126 24 23 le
2531 2124 130 24 territoire
2678 2129 60 17 sous
2754 2128 50 16 con-

2284 2157 63 22 trôle
2363 2155 126 32 japonais.

2315 2185 32 25 M.
2367 2183 140 28 Chengloh,
2527 2183 88 22 atteint
2634 2182 33 22 de
2686 2178 128 31 plusieurs

2284 2214 88 25 balles,
2386 2215 38 21 est
2440 2211 94 24 décédé
2550 2211 14 22 à
2580 2209 124 29 l'hôpital.
2719 2209 20 22 Il
2754 2207 60 23 était

2285 2250 48 16 une
2352 2243 44 22 des
2415 2239 187 31 personnalités
2620 2239 37 22 les
2674 2238 58 29 plus
2750 2242 55 17 mar-

2284 2272 107 29 quantes
2415 2270 33 23 du
2473 2268 200 30 gouvernement
2703 2265 112 23 reformé

2284 2299 177 31 pro-japonais
2482 2298 32 25 de
2535 2296 112 23 Nankin.

2361 2362 54 31 Des
2435 2360 106 32 bandits
2560 2363 176 34 surprennent

2285 2417 50 20 une
2349 2405 86 31 vieille
2448 2404 99 31 femme
2561 2409 27 25 et
2601 2402 28 30 la
2641 2400 173 32 cambriolent

2465 2449 18 29 à
2497 2445 134 31 Holsbeek

1844 3614 86 56 ÇA
1968 3615 73 45 ET
2079 3616 77 46 LA

1848 3698 34 19 Le
1898 3697 119 24 paquebot
2034 3707 12 11 «
2062 3700 176 19 ElisabethvIIle
2252 3705 13 15 »

1739 3724 88 23 Quittera
1851 3725 79 18 Aiwers
1952 3730 25 13 ea
2000 3724 123 21 destination
2145 3726 28 19 dn
2196 3727 70 23 Congo

1739 3750 57 23 belge
1818 3750 20 19 le
1859 3748 97 21 vendredi
1979 3750 25 19 24
2028 3750 77 21 février
2127 3752 103 23 prochain,
2252 3752 14 20 â

1740 3776 23 18 14
1778 3776 27 22 h.,
1817 3774 49 21 sauf
1879 3774 109 24 imprévus.

1765 3801 34 20 Un
1818 3804 54 17 tram
1889 3800 74 23 spécial
1981 3801 13 19 à
2011 3802 77 23 l'usage
2104 3802 36 20 dea
2158 3809 107 18 passagers

1737 3829 22 17 et
1776 3827 36 19 des
1829 3832 109 18 personnes
1955 3827 34 23 qtri
2007 3827 35 20 dés
2044 3828 6 19 i
2053 3834 21 13 re
2075 3831 21 17 nt
2114 3829 29 19 les
2161 3835 95 17 accompa-

1739 3858 50 16 gner
1803 3858 46 13 sera
1864 3851 38 20 mis
1916 3857 25 14 en
1957 3853 79 20 marche
2051 3853 25 20 de
2091 3854 175 20 Brtixelles-Nord

1739 3878 13 19 à
1770 3878 86 21 Anvers,
1872 3877 48 23 quai
1938 3876 181 26 d'embarquement
2137 3880 79 24 hangar
2233 3881 33 22 22,

1740 3903 18 19 le
1770 3903 96 20 vendredi
1880 3903 24 18 24
1916 3907 92 16 courant.
2021 3904 79 23 Déjpart
2112 3905 25 20 de
2151 3906 114 20 Bruxelles-

1741 3928 57 20 N'ord
1811 3931 13 20 i
1838 3929 23 19 11
1875 3928 20 20 h.
1909 3928 25 19 03
1946 3931 22 16 et
1981 3929 88 20 Malines
2081 3931 14 19 à
2110 3932 22 18 11
2146 3931 21 20 h.
2180 3932 34 20 25.

1945 3959 103 21 -*•♦-

1765 3987 22 21 4
1804 3987 121 22 Dimanche,
1942 3992 14 14 *
1973 3987 34 19 été
2023 3988 66 24 signé,
2106 3991 13 19 à
2136 3991 94 23 Mo*e<m,
2246 3992 21 19 le

1740 4018 93 14 nouveau
1851 4012 61 20 traité
1927 4012 27 20 de
1969 4019 112 16 commerce
2097 4018 57 18 entre
2171 4017 20 19 la
2207 4016 51 20 Polo-

1742 4045 39 16 gne
1798 4042 22 16 et
1837 4038 44 21 ru.
1898 4038 27 20 r.
1942 4037 25 22 s.
1983 4039 24 20 s.

2417 2518 75 31 Deux
2510 2518 171 30 arrestations

2533 2566 107 21 Louvain
2653 2566 27 19 19
2694 2564 95 21 février.

2311 2595 31 21 M.
2360 2596 23 19 et
2399 2594 63 19 Mme
2478 2592 30 20 H.
2524 2590 285 23 Hendrickx-Vertongen

2285 2620 111 19 habitant
2410 2617 127 22 Holsbeek,
2551 2616 110 20 s'étaient
2675 2615 94 21 rendus,
2784 2618 31 15 au

2285 2649 70 15 cours
2370 2645 28 19 de
2414 2645 24 18 la
2452 2642 83 23 soirée,
2550 2642 16 19 à
2580 2641 113 20 Louvain,
2707 2639 108 20 confiant

2285 2670 21 18 la
2323 2668 73 24 garde
2411 2668 28 19 de
2454 2668 63 18 leuru
2533 2667 60 19 deux
2606 2665 71 20 bébés
2691 2669 47 15 aux
2751 2664 65 19 soins

2285 2694 29 19 de
2331 2694 24 19 la
2370 2691 155 25 grand'mère.

2313 2718 59 20 Vers
2392 2722 56 15 onze
2469 2717 92 19 heures,
2582 2715 61 19 deux
2663 2714 103 22 bandits,
2785 2718 31 15 au

2286 2744 80 23 visage
2380 2742 82 20 enduit
2475 2743 28 18 de
2517 2741 58 22 suie,
2587 2740 120 23 surgirent
2721 2740 60 19 dans
2792 2739 23 18 la

2286 2770 110 17 demeure
2412 2767 24 20 et
2449 2766 153 19 menacèrent
2615 2766 25 19 la
2651 2765 83 20 vieille,
2747 2765 61 22 épou-

2287 2792 91 22 vantée,
2396 2792 67 20 toute
2480 2796 30 14 en
2526 2790 135 24 l'obligeant
2677 2789 16 20 à
2710 2789 108 23 indiquer

2287 2818 23 19 la
2320 2817 117 20 cachette,
2450 2816 130 19 contenant
2592 2816 33 18 les
2638 2814 82 23 bijoux
2731 2816 24 18 et
2766 2813 44 20 l'ar-

2285 2844 57 22 gent
2353 2842 31 19 du
2394 2840 107 24 ménage.
2508 2840 54 19 Non
2574 2840 109 19 contente
2691 2839 41 20 des
2742 2844 27 15 ce
2776 2839 32 18 bu-

2288 2868 41 19 tin,
2343 2867 34 19 les
2391 2867 93 18 voleurs
2498 2864 136 20 fouillèrent
2647 2865 65 19 toute
2726 2864 23 19 la
2761 2863 48 20 mai-

2288 2896 42 14 son
2345 2893 24 19 et
2383 2890 141 20 s'enfuirent
2537 2889 100 20 ensuite.

2314 2916 63 19 Tard
2392 2916 60 19 dans
2465 2916 23 18 la
2501 2915 58 18 nuit,
2572 2919 31 14 au
2616 2914 82 19 retour
2710 2913 29 21 de
2752 2913 32 20 M.
2796 2913 24 19 et

2288 2941 63 20 Mme
2379 2939 144 22 Hendrickx,
2547 2940 24 18 la
2591 2938 164 24 gendarmerie
2790 2938 29 19 de

2287 2966 106 19 Louvaln
2411 2966 38 18 fut
2467 2964 97 20 avertie.
2581 2963 109 20 Aussitôt
2706 2963 113 19 d'activés

2289 2990 140 21 recherches
2446 2990 83 19 furent
2547 2989 145 23 entreprises
2711 2990 23 18 et
2766 2993 44 15 con

2288 3015 117 19 duisirent
2419 3014 16 20 à
2451 3014 160 20 l'arrastation
2628 3015 32 18 du
2677 3012 54 25 père
2749 3013 24 20 et
2788 3013 31 19 du

2289 3040 39 19 fils
2347 3040 53 19 Van
2420 3039 46 21 A...,
2486 3038 141 20 demeurant
2659 3043 32 14 au
2716 3039 102 18 hameau

2287 3064 133 24 Spoelberg,
2437 3064 15 19 à
2468 3064 98 19 Linden.
2581 3064 63 19 Leur
2660 3063 158 23 signalement

2287 3089 188 23 correspondant
2491 3093 57 14 avec
2563 3088 62 20 celui
2641 3088 80 19 fourni
2736 3093 45 18 par
2795 3088 24 18 la

2287 3113 156 25 grand'mère,
2462 3114 29 19 ils
2510 3114 82 19 furent
2610 3112 98 21 écroués
2726 3113 15 20 à
2760 3113 51 19 Lou-

2288 3139 62 19 vain.

2516 3167 73 23 —

2340 3203 110 36 MORT
2468 3204 49 36 DE
2537 3204 50 36 LA
2605 3203 157 36 VICTIME

2338 3253 54 37 DU
2408 3253 133 37 DRAME
2560 3255 202 34 D'ENGHIEN

2299 3332 173 37 L'hypothèse
2494 3332 33 33 de
2546 3332 141 31 l'accident
2707 3332 99 31 semble

2458 3387 29 20 se
2505 3376 141 30 confirmer

2368 3425 39 20 (De
2422 3428 47 14 *otrt
2484 3430 47 12 corre
2529 3427 23 18 jp
2550 3424 66 18 omiant
2632 3424 109 21 f^iicmMer)

2552 3453 75 22 Mons,
2650 3454 27 18 19
2698 3453 95 20 février.

2314 3478 98 21 Comme
2428 3479 15 19 il
2460 3479 78 20 fallait
2554 3479 21 19 le
2592 3478 117 24 craindre,
2725 3479 22 19 le
2761 3478 49 19 mal

2288 3503 106 20 heureux
2409 3503 98 20 veilleur
2521 3504 29 18 de
2566 3503 53 19 nuit
2634 3503 42 20 des
2692 3503 120 19 Etablisse-

2289 3528 79 19 ments
2391 3528 138 22 Salnt-Elol,
2549 3528 16 20 à
2588 3528 116 23 Enghien,
2726 3527 21 20 le
2769 3533 43 18 sep-

2288 3552 139 24 tuagénaire
2439 3553 91 20 Arthur
2541 3553 135 23 Bombaert,
2688 3558 15 14 a
2713 3557 97 15 succom-

2287 3576 36 23 bé,
2342 3582 32 15 au
2393 3582 70 15 cours
2483 3579 29 19 de
2531 3577 25 20 la
2574 3578 53 19 nuit
2645 3577 29 19 de
2694 3577 89 20 samedi

2290 3602 132 23 dimanche,
2440 3603 60 19 dans
2517 3602 24 19 la
2556 3602 103 24 clinique
2675 3600 31 20 où
2723 3602 16 19 il
2755 3602 64 18 avait

2289 3626 38 21 été
2348 3626 143 25 transporté.

2314 3651 127 24 L'enquête
2459 3652 97 19 ouverte
2573 3656 45 20 par
2633 3652 22 19 le
2671 3652 102 23 parquet
2789 3652 29 19 de

2288 3676 75 23 Mons,
2380 3682 16 14 a
2413 3676 111 20 continué
2540 3681 31 15 au
2586 3681 71 15 cours
2671 3677 29 20 de
2716 3677 24 18 la
2755 3677 54 22 jour-

2290 3700 43 20 née
2347 3701 29 19 de
2389 3701 126 20 dimanche
2528 3702 25 19 et
2566 3700 145 24 l'hypothèse
2726 3702 27 19 de
2767 3702 44 18 Tac

2290 3726 80 20 cident
2388 3726 88 21 semble
2494 3731 26 14 se
2537 3727 130 18 confirmer
2684 3725 16 20 à
2717 3726 24 19 la
2757 3726 62 19 suite

2290 3751 29 19 de
2335 3752 24 18 la
2374 3750 140 20 découverte
2529 3751 29 19 de
2575 3752 81 18 l'arme
2670 3750 30 20 de
2715 3750 24 19 la
2754 3751 57 18 victi-

2289 3780 45 16 me,
2352 3775 41 23 qui
2410 3775 66 19 avait
2493 3775 103 23 disparu.

2317 3800 51 20 Elle
2385 3804 16 14 a
2417 3799 37 21 été
2472 3799 123 21 retrouvée
2613 3805 56 15 soi**
2685 3804 33 15 un
2735 3800 38 19 tas
2790 3801 29 19 de

2290 3824 58 22 bois,
2371 3829 84 16 encore
2478 3824 120 21 enfermée
2620 3825 59 21 dans
2701 3830 28 14 sa
2750 3824 70 24 gaine

2290 3849 29 19 de
2332 3849 58 22 cuir,
2403 3849 100 23 laquelle
2517 3848 58 21 était
2588 3849 81 20 trouée
2683 3849 15 20 à
2711 3849 108 20 l'endroit

2289 3874 29 19 de
2334 3874 24 19 la
2375 3874 73 19 sortie
2465 3874 31 19 du
2513 3878 77 15 canon
2606 3874 32 19 du
2653 3874 113 21 revolver.
2782 3875 37 19 On

2290 3902 16 15 a
2321 3897 134 25 également
2471 3898 109 20 retrouvé
2596 3903 46 16 nne
2658 3899 86 21 douille
2760 3899 60 20 dans

2290 3923 88 20 l'arme.

2316 3947 134 24 L'autopsie
2464 3947 32 20 du
2508 3948 102 21 cadavre
2622 3953 17 15 a
2651 3947 37 21 été
2702 3948 118 20 ordonnée

2290 3977 45 18 par
2346 3972 22 19 le
2380 3972 128 24 magistrat
2519 3973 145 20 instructeur
2675 3974 24 19 et
2709 3973 35 20 les
2754 3979 57 15 cons-

2289 3996 116 20 tatations
2420 3998 40 23 qui
2475 3998 83 19 seront
2574 3998 72 20 faites
2661 3999 158 23 permettront

2291 4022 29 19 de
2337 4021 51 19 dire
2406 4022 20 18 si
2443 4022 24 19 la
2483 4023 64 19 mort
2563 4023 115 20 d'Arthur
2692 4022 129 21 Bombaert

2289 4045 38 20 est
2343 4045 55 20 bien
2414 4046 45 20 due
2475 4045 16 20 à
2506 4051 33 15 un
2556 4048 114 21 accident.

2840 342 509 85 MAURRAS

2887 454 45 56 à
2964 442 334 66 Bruxelles

2859 562 48 20 Le«
2920 561 103 21 comités
3036 561 43 20 des
3093 559 105 23 Amitiés
3211 558 138 21 monarchis-

2832 592 37 20 tes
2888 591 25 21 et
2930 591 44 20 des
2991 590 71 21 Amis
3080 589 30 20 de
3128 588 101 21 Charles
3247 588 113 20 Mourras

2832 620 100 20 avaient
2955 619 75 21 invité
3053 619 106 20 l'auteur
3182 617 29 20 de
3236 616 125 25 l'Enquête

2832 654 43 15 sur
2893 649 26 20 la
2936 648 141 21 Monarchie
3095 648 17 19 à
3130 647 64 20 faire
3213 651 47 15 une
3279 645 71 21 confé-

2833 682 70 17 rence
2919 678 16 20 à
2950 678 132 20 Bruxelles.
3098 677 33 20 M.
3146 676 115 20 Maurras
3276 674 86 21 n'était

2833 707 55 25 plus
2901 712 64 15 venu
2978 707 17 20 à
3008 706 125 20 Bruxelles
3147 705 85 25 depuis
3247 705 115 24 quatorze

2832 740 52 16 ans.
2901 736 36 20 La
2954 736 66 20 seule
3037 739 109 17 annonce
3163 735 29 20 de
3210 739 30 15 sa
3255 733 73 25 visite
3345 737 17 16 a

2834 765 73 20 attiré
2921 765 27 20 la
2962 765 97 25 grande,
3075 765 26 20 la
3115 764 52 20 très
3181 763 92 26 grande
3288 762 73 24 foule,

2833 798 77 16 venue
2930 798 62 21 pour
3012 794 115 20 l'écouter
3148 797 44 16 sur
3212 797 28 15 ce
3261 791 82 20 thème
3354 795 7 16 :

2834 822 99 21 Culture
2949 827 25 19 et
2990 823 158 20 Civilisation.
3165 822 59 20 Cela
3239 821 49 20 fait
3303 821 48 19 hon-

2833 856 61 15 neur
2909 856 32 16 au
2956 852 80 24 public
3052 852 30 20 de
3098 852 59 20 chez
3171 855 69 16 nous.

2862 880 114 20 Maurras
2990 881 104 25 apparut
3109 881 16 20 à
3138 881 25 20 la
3177 880 65 21 table
3256 880 30 19 de
3301 879 49 20 l'im-

2834 914 82 15 mense
2932 910 60 20 salle
3006 910 33 20 du
3054 910 82 21 Palais
3151 910 44 19 des
3209 909 152 22 Académies,

2835 938 33 20 tel
2891 943 45 20 que
2959 939 56 20 tant
3036 939 30 20 de
3088 939 189 25 photographies
3300 942 62 15 nous

2834 967 59 20 l'ont
2917 968 76 19 rendu
3015 968 112 23 familier,
3152 972 59 16 avec
3235 972 29 15 sa
3287 967 74 20 barbe

2834 996 108 25 blanche,
2962 997 89 24 courte,
3071 1002 29 15 sa
3118 997 141 20 moustache
3277 996 84 20 brous-

2834 1025 119 24 sailleuse,
2974 1030 44 15 son
3037 1026 84 25 visage
3141 1025 221 26 prodigieusement

2836 1054 87 20 mobile
2947 1055 25 20 et
2995 1055 113 20 illuminé.
3131 1055 34 20 M.
3188 1055 101 20 Charles
3313 1055 48 19 A_n-

2837 1085 70 18 ciaux
2929 1083 23 21 le
2974 1084 71 19 salua
3067 1089 30 15 en
3119 1085 91 19 termes
3232 1084 131 20 excellents

2834 1117 94 16 comme
2945 1117 13 14 «
2966 1112 113 21 l'homme
3095 1113 40 25 qui
3152 1114 38 19 est
3206 1113 156 25 l'expression

2835 1142 194 24 contemporaine
3042 1142 25 19 la
3080 1142 53 24 plus
3146 1142 74 20 haute
3233 1143 25 19 et
3270 1142 25 20 la
3307 1142 54 25 plus

2835 1171 119 24 classique
2972 1170 29 20 de
3020 1172 39 18 cet
3077 1171 75 24 esprit
3169 1171 193 20 méditerranéen

2835 1200 39 25 qui
2894 1205 15 14 a
2927 1199 77 20 donné
3023 1204 31 15 au
3072 1200 86 20 monde
3176 1200 25 19 la
3219 1200 101 24 religion
3338 1200 25 20 la

2835 1230 53 25 plua
2902 1229 121 24 humaine,
3037 1229 35 19 les
3086 1229 160 24 philosophies
3259 1229 36 20 les
3308 1229 54 25 plus

2837 1259 136 19 conformes
2997 1263 47 14 aux
3067 1258 121 19 instances
3211 1258 28 19 de
3261 1258 91 19 l'Intelli-

2836 1292 82 21 gence,
2941 1287 36 20 les
2999 1287 81 24 leçons
3102 1287 128 24 politiques
3251 1287 36 20 les
3309 1287 54 25 plus

2836 1317 70 25 aptes
2925 1317 16 19 à
2959 1316 70 20 notre
3049 1316 189 20 conservation...
3248 1322 11 13 »
3281 1316 83 20 Citons

2836 1346 73 23 aussi,
2934 1346 28 19 de
2987 1350 44 15 son
3054 1345 136 22 allocution,
3214 1345 22 20 le
3259 1350 105 20 passage

2835 1376 98 20 suivant
2945 1380 5 14 :
2966 1380 13 14 <
2988 1375 86 23 Quand
3087 1378 60 16 vous
3160 1374 63 20 dites
3234 1379 6 15 :
3255 1380 12 13 <
3276 1374 23 25 je
3313 1375 51 19 suis

2836 1405 94 20 romain
2939 1409 20 19 »,
2976 1404 95 20 romain
3086 1408 45 20 par
3146 1403 168 25 l'intelligence
3330 1403 24 20 la-

2836 1434 49 21 tine
2899 1435 25 19 et
2936 1433 95 20 romain
3042 1437 47 21 par
3100 1433 25 19 la
3138 1432 131 20 sensibilité
3282 1433 26 19 et
3320 1437 46 21 par

2836 1464 35 19 les
2889 1463 105 20 réflexes
3012 1466 102 16 moraux
3132 1466 69 20 reçus
3219 1461 30 20 de
3266 1461 99 25 l'Eglise

2836 1492 143 25 catholique,
2994 1496 60 15 vous
3069 1491 158 24 revendiquez
3240 1495 47 15 une
3301 1490 54 20 filia-

2836 1522 51 20 tion
2905 1521 40 25 qui
2963 1521 38 20 est
3018 1520 25 20 la
3059 1520 70 20 nôtre
3146 1520 89 19 aussi...
3244 1525 12 13 >

2864 1558 115 19 Maurras
2997 1561 26 16 se
3040 1557 55 19 leva
3112 1556 31 24 et,
3161 1556 25 20 la
3202 1555 91 20 bouche
3311 1556 54 20 tout

2836 1587 56 25 près
2913 1587 32 19 du
2966 1586 84 24 micro,
3072 1590 27 15 ce
3120 1585 62 20 beau
3204 1585 87 25 berger
3311 1589 45 21 pro-

2836 1616 85 24 vençal
2941 1615 76 26 parla,
3039 1615 30 20 de
3089 1615 40 21 cet
3149 1615 86 19 accent
3255 1614 111 20 chuitant

2836 1645 57 26 qu'il
2908 1649 16 16 a
2938 1644 111 25 toujours
3064 1649 37 19 eu,
3116 1644 64 20 mais
3194 1648 59 15 sans
3268 1643 98 20 l'ombre

2837 1675 28 20 de
2886 1674 205 20 chantonnement
3111 1678 31 15 ou
3163 1673 29 20 de
3213 1673 22 19 R
3255 1672 102 20 méridio-

2836 1708 71 16 naux.
2931 1704 22 19 Il
2977 1703 71 25 parla
3071 1707 59 15 avec
3154 1702 106 25 passion,
3285 1702 82 19 tantôt

2835 1733 170 24 d'abondance,
3020 1732 83 21 tantôt
3116 1737 30 15 en
3160 1732 98 19 suivant
3271 1735 40 16 ses
3324 1736 32 15 no-

2837 1763 43 22 tes,
2894 1762 36 20 les
2942 1762 81 20 mains
3036 1766 30 15 en
3078 1761 155 20 mouvement
3246 1761 120 23 constant,

2836 1792 22 20 le
2878 1791 89 25 regard
2986 1790 93 21 ardent.
3099 1791 21 19 H
3139 1790 35 20 dit
3194 1790 57 25 qu'il
3271 1790 61 20 était
3350 1793 17 16 a

2838 1820 25 21 la
2883 1820 37 21 fin
2943 1820 29 20 de
2995 1825 29 15 sa
3046 1819 105 20 carrière
3174 1819 25 20 et
3221 1819 57 24 qu'il
3300 1819 68 19 avait

2837 1854 84 15 encore
2938 1849 43 20 des
2998 1848 85 21 choses
3099 1849 16 19 à
3131 1849 58 22 dire,
3207 1853 30 15 en
3253 1853 33 15 un
3303 1853 52 15 mes-

2837 1883 59 21 sage
2917 1878 191 23 testamentaire,
3129 1882 33 15 un
3182 1877 185 25 post-scriptum

2837 1908 150 24 permanent,
3010 1912 30 15 en
3061 1907 55 25 plus
3138 1907 43 19 des
3202 1907 85 19 choses
3309 1906 59 20 dont

2837 1937 16 20 il
2869 1941 17 15 a
2901 1937 85 25 rempli
3003 1937 55 20 tant
3074 1936 128 23 d'articles,
3220 1936 29 20 de
3265 1936 91 19 brochu-

2836 1971 40 15 res
2890 1967 25 19 et
2929 1966 30 20 de
2973 1966 130 20 volumes...
3118 1966 66 19 Pour
3197 1966 33 19 M.
3245 1966 120 23 Maurras,

2836 1995 23 20 le
2877 1995 53 20 mot
2949 1995 100 20 Culture
3068 2000 17 15 a
3103 1995 54 19 subi
3177 1999 47 16 une
3243 1995 122 19 déviation

2839 2024 15 20 à
2874 2024 79 25 partir
2972 2024 29 20 de
3023 2025 64 22 1914,
3108 2024 57 20 date
3186 2024 37 23 où,
3244 2024 123 19 lui-même

2838 2053 51 20 s'en
2908 2054 111 20 souvient
3037 2054 52 20 très
3107 2054 141 23 nettement,
3269 2058 30 15 on
3319 2058 38 15 em-

2837 2083 72 25 ploya
2926 2087 62 21 pour
3005 2083 25 20 la
3048 2083 119 25 première
3184 2083 50 19 fois
3252 2082 103 25 l'expres-

2837 2112 52 20 sion
2911 2117 13 13 «
2932 2117 26 15 se
2980 2112 102 20 cultiver
3091 2117 19 16 ».
3133 2112 33 20 Le
3187 2113 52 19 mot
3261 2112 94 19 civilisa-

2837 2141 50 20 tion
2909 2141 56 20 date
2987 2141 43 20 des
3051 2141 213 25 encyclopédistes.
3286 2140 79 21 Littré

2837 2175 30 15 en
2885 2170 49 20 fait
2953 2171 22 19 le
2994 2175 134 20 synonyme
3148 2170 162 20 d'Humanité.
3330 2170 36 20 La

2838 2200 158 23 Civilisation,
3022 2200 114 19 Maurras
3162 2205 30 15 en
3218 2199 102 20 cherche
3345 2199 22 21 le

2839 2228 140 22 fondement
2999 2234 29 15 en
3048 2229 110 21 étudiant
3177 2233 27 16 ce
3224 2229 84 25 qu'elle
3328 2228 29 20 de-

2839 2258 67 21 vient
2921 2258 61 20 dans
2997 2258 25 20 la
3037 2263 94 20 guerre,
3149 2263 12 14 «
3170 2263 26 15 ce
3212 2258 109 20 moment
3337 2258 31 20 où

2836 2287 21 20 le
2874 2287 64 20 Code
2955 2287 55 20 civil
3027 2288 38 20 est
3082 2288 105 20 anéanti.
3195 2292 13 15 >
3225 2288 36 19 La
3277 2288 87 19 Trêve-

2840 2317 67 23 Dieu,
2931 2317 25 19 la
2979 2317 146 23 Chevalerie,
3150 2318 56 19 sont
3228 2317 88 20 autant
3338 2317 29 19 de

2835 2351 100 20 moyens
2953 2346 30 20 de
3000 2346 69 25 faire,
3089 2351 93 15 comme
3200 2346 73 20 disait
3291 2346 73 19 Louis

2839 2375 63 25 XIV,
2919 2376 25 19 la
2960 2380 87 20 guerre
3065 2380 13 14 t
3086 2375 23 20 le
3126 2375 54 25 plus
3196 2375 171 20 honnêtement

2836 2404 104 25 possible
2950 2409 20 16 >.

2867 2434 46 20 Les
2937 2434 79 19 mains
3040 2438 48 15 aux
3112 2434 112 23 hanches,
3248 2434 22 19 le
3295 2434 70 19 buste

2839 2463 118 22 renversé,
2972 2463 119 22 Maurras,
3105 2464 77 24 pareil
3194 2468 32 15 au
3239 2463 81 24 Poète,
3334 2468 32 14 au

2842 2493 73 19 Vates
2945 2492 126 26 classique,
3101 2492 90 25 évoque
3221 2492 88 20 l'Ecole
3339 2492 29 20 de

2838 2521 114 24 Louvain,
2966 2521 22 20 le
3001 2521 108 21 cardinal
3122 2522 109 23 Mercier,
3244 2522 23 19 le
3280 2526 76 21 rayon-

2839 2552 98 19 nement
2950 2551 30 19 de
2994 2555 29 16 sa
3037 2551 87 25 pensée
3138 2556 43 14 sur
3195 2551 21 20 le
3232 2551 35 19 roi
3281 2551 86 19 Albert

2838 2580 24 19 et
2888 2585 44 14 son
2957 2580 81 20 action
3062 2585 43 14 sur
3130 2580 36 20 les
3191 2580 95 25 Eglises
3310 2584 45 21 pro-

2838 2609 119 20 testantes
2972 2609 58 20 dont
3044 2610 22 19 le
3082 2609 82 20 retour
3178 2609 16 20 à
3207 2609 76 20 Rome
3298 2609 68 20 avait

2839 2638 73 20 haute
2935 2643 28 15 sa
2985 2638 94 25 pensée.
3101 2639 49 19 Car
3171 2643 62 20 pour
3253 2639 114 19 Maurras

2839 2672 93 15 comme
2960 2672 61 20 pour
3046 2668 40 23 lui,
3114 2668 146 24 l'espérance
3287 2669 39 20 est
3351 2668 17 20 à

2839 2697 81 20 Rome.
2936 2697 37 19 En
2988 2697 58 24 cela,
3061 2697 22 20 le
3098 2697 109 20 cardinal
3220 2697 87 20 n'était
3321 2702 45 20 pas

2837 2726 58 20 d'un
2912 2726 78 22 siècle,
3009 2727 63 19 mais
3090 2727 29 20 de
3137 2728 62 19 tous.
3218 2727 59 20 Fort
3295 2726 29 21 de
3342 2726 25 20 la

2839 2755 87 25 pensée
2938 2756 32 19 du
2983 2756 131 24 Stagyrite,
3127 2756 91 25 reprise
3229 2761 47 19 par
3287 2756 80 20 Saint-

2839 2785 105 19 Thomas
2964 2785 111 25 d'Aquin,
3097 2785 16 20 il
3134 2786 81 19 savait
3234 2790 46 20 que
3300 2785 56 20 l'Hu-

2840 2814 118 20 manisme
2979 2815 38 19 est
3036 2814 124 20 affranchi
3180 2814 29 20 de
3229 2815 68 19 toute
3316 2814 41 20 lan-

2840 2847 47 21 gue
2903 2843 25 20 et
2943 2843 29 20 de
2987 2844 69 19 toute
3071 2843 155 25 géographie.
3242 2844 36 19 La
3293 2843 64 20 Médi-

2842 2872 110 20 terranée
2971 2873 38 20 est
3026 2872 16 20 à
3060 2872 63 20 tous.
3141 2872 21 21 H
3181 2874 38 18 est
3236 2872 43 20 des
3297 2873 61 19 hellé-

2841 2901 76 20 nistes
2930 2901 110 25 français
3053 2902 41 24 qui
3107 2901 67 21 n'ont
3188 2902 89 24 jamais
3291 2901 78 25 quitté

2842 2930 77 20 Douai
2935 2935 31 15 ou
2982 2930 90 20 Rouen.
3088 2931 33 20 Le
3137 2931 94 23 maître,
3249 2931 61 19 dans
3325 2935 45 16 son

2841 2959 110 25 apologie
2966 2960 29 19 de
3011 2960 24 20 la
3050 2960 90 24 qualité
3156 2961 83 18 contre
3254 2961 26 19 la
3294 2965 65 20 quan-

2842 2988 51 25 tité,
2907 2989 81 20 arrive
3001 2989 17 20 à
3030 2990 64 19 cette
3107 2989 128 20 définition
3248 2990 30 19 de
3291 2989 26 20 la
3329 2989 29 20 Ci-

2841 3017 123 21 vilisation
2974 3022 7 16 :

2872 3052 13 14 «
2893 3047 54 20 Une
2968 3048 107 20 certaine
3095 3048 70 20 vertu
3186 3049 41 23 qui
3247 3048 57 20 finir
3324 3052 45 21 par

2842 3081 26 15 se
2883 3076 134 21 substituer
3030 3081 48 16 aux
3091 3077 125 24 tyrannies
3230 3077 139 20 écrasantes

2841 3105 32 20 du
2895 3106 100 20 nombre
3019 3107 24 20 et
3065 3106 28 19 de
3116 3106 25 19 la
3163 3106 115 24 quantité,
3288 3112 12 12 y

2872 3142 62 20 Sans
2951 3147 27 15 se
2998 3143 92 24 risquer
3108 3150 13 14 <
3128 3146 32 16 au
3178 3142 59 20 bord
3254 3142 30 20 de
3302 3142 67 20 l'abi-

2841 3175 39 16 me
2898 3171 29 20 de
2945 3172 26 19 la
2988 3171 114 25 politique
3111 3177 19 17 >,
3149 3171 113 20 Maurras
3281 3171 87 20 touche

2842 3200 70 20 d'une
2936 3200 164 25 chiquenaude
3122 3200 16 20 à
3161 3200 25 20 la
3209 3200 158 23 Démocratie,

2840 3229 59 21 dont
2912 3229 16 21 il
2942 3230 108 25 souligne
3063 3230 133 20 seulement
3207 3229 23 20 le
3243 3229 124 20 caractère

2842 3259 130 24 archaïque
2991 3260 25 19 et
3032 3259 102 19 termine
3152 3263 45 20 par
3215 3263 32 15 un
3265 3259 104 19 anxieux

2842 3288 69 25 appel
2929 3288 31 20 où
2977 3288 16 19 il
3010 3289 68 19 lance
3095 3292 46 20 que
3159 3293 12 13 <
3179 3288 141 19 l'humanité
3337 3292 30 15 ne

2841 3318 59 19 vaut
2914 3322 44 20 que
2972 3321 46 21 par
3030 3317 82 24 l'objet
3126 3317 29 19 de
3169 3321 43 15 son
3226 3317 119 20 sacrifice.
3354 3322 12 13 >

2841 3346 33 20 Et
2897 3347 64 19 cette
2986 3346 89 24 courte,
3099 3347 55 24 trop
3179 3347 83 19 courte
3287 3346 70 20 confé-

2841 3380 77 19 rence,
2938 3375 49 20 dite
3006 3380 59 15 avec
3084 3380 46 15 une
3150 3376 65 19 sorte
3235 3375 28 20 de
3282 3375 84 24 fièvre,

2840 3409 44 21 par
2893 3409 33 15 un
2936 3404 109 20 vieillard
3055 3404 69 20 d'une
3135 3404 137 20 robustesse
3283 3405 85 21 inouïe,

2841 3434 64 20 droit
2923 3435 26 20 et
2965 3438 102 18 noueux,
3086 3434 105 24 apparut
3209 3438 93 15 comme
3321 3438 47 15 une

2843 3463 84 24 espèce
2941 3463 30 19 de
2984 3463 68 24 leçon
3067 3462 32 20 du
3114 3467 58 20 sage
3187 3463 105 24 antique.
3307 3463 52 19 Tan-

2841 3492 37 21 tôt
2895 3497 39 14 ses
2952 3492 56 19 bras
3025 3496 25 15 se
3069 3492 135 19 croisaient.
3222 3492 90 20 Tantôt
3328 3497 40 15 ses

2842 3521 79 20 mains
2936 3526 26 15 se
2977 3521 111 20 collaient
3104 3521 15 19 à
3134 3526 39 14 ses
3189 3521 71 19 reins.
3276 3521 94 20 Jamais

2842 3550 57 20 elles
2915 3555 30 15 ne
2961 3550 165 20 demeuraient
3141 3550 142 20 immobiles.
3300 3550 59 20 Vrai-

2842 3580 68 19 ment
2929 3579 82 20 c'était
3031 3579 23 19 le
3073 3579 144 25 Philosophe
3238 3579 132 20 défendant

2840 3608 100 25 l'Esprit
2960 3608 83 20 contre
3062 3608 36 20 les
3117 3608 128 22 Barbares.
3267 3609 102 24 Scythes

2841 3642 30 15 ou
2891 3637 130 23 Africains,
3042 3637 164 25 démagogues
3226 3642 31 15 ou
3276 3639 93 23 tyrans.

2870 3667 35 18 La
2919 3666 66 20 foule
3000 3666 34 20 lui
3048 3666 33 20 fit
3096 3671 46 16 une
3159 3667 103 20 ovation.
3280 3667 37 20 On
3332 3672 26 15 re-

2840 3696 122 24 marquait
2980 3695 33 20 M.
3031 3695 29 20 de
3078 3696 108 24 Zulueta,
3204 3696 26 20 la
3247 3699 123 22 princesse

2842 3724 62 20 Jean
2920 3725 29 19 de
2964 3725 106 23 Mérode,
3087 3725 35 20 les
3138 3725 124 25 généraux
3278 3726 92 24 Letors,

2841 3753 121 23 Chabeau,
2983 3753 106 25 Neuray,
3111 3755 22 19 le
3155 3755 28 19 R.
3204 3755 26 19 P.
3251 3755 118 23 Henusse,

2840 3783 77 19 l'abbé
2933 3787 48 15 van
2997 3783 47 20 den
3060 3784 70 23 Hout,
3146 3784 34 19 M.
3196 3784 82 20 Pierre
3294 3784 75 25 Daye,

2841 3812 35 19 les
2898 3812 152 24 professeurs
3071 3813 104 20 vicomte
3197 3813 126 20 Terlinden
3345 3814 25 19 et

2841 3841 120 25 Desonay.
2989 3842 35 19 De
3050 3842 51 19 très
3127 3842 133 20 nombreux
3286 3842 73 20 biblio-

2841 3870 78 25 philes
2936 3875 26 15 se
2979 3871 139 24 pressèrent
3135 3872 88 19 autour
3239 3871 32 20 du
3288 3871 71 20 confé-

2843 3899 93 20 rencier
2955 3904 62 20 pour
3037 3900 34 19 lui
3092 3900 131 20 demander
3242 3900 42 20 des
3305 3900 54 20 dédi-

2842 3933 77 15 caces.
2941 3929 69 20 Cette
3031 3929 52 20 fête
3104 3929 29 20 de
3154 3930 106 24 l'Esprit,
3281 3933 44 16 sur
3343 3929 26 20 la

2843 3960 64 19 terre
2920 3958 29 19 de
2963 3958 122 25 Belgique,
3099 3963 26 15 se
3138 3958 98 20 déroula
3249 3958 60 20 dans
3323 3962 46 15 une

2841 3987 155 25 atmosphère
3014 3987 143 20 émouvante
3175 3987 29 20 de
3221 3987 58 25 paix
3296 3987 26 20 et
3338 3987 30 20 de

2842 4016 99 25 dignité.

3079 4048 43 21 Ch.
3136 4047 210 21 DTDEWAXIJ5.

1741 4107 90 74 Le
1851 4120 299 64 costume
2163 4111 121 75 des
2302 4111 517 91 "Sans-Nom„à
2837 4117 397 73 Manneken
3251 4116 116 73 Pis

1769 5173 76 30 ybicî
1856 5174 25 24 le
1893 5173 87 26 Cercle
1991 5175 93 25 devant
2097 5173 209 26 Mstnneken-Pis.
2318 5174 25 23 A
2356 5173 89 28 droite,
2458 5175 24 23 le
2495 5173 135 30 président,
2644 5175 37 25 M.
2695 5176 96 26 Marcel
2805 5178 157 32 Longueval,
2978 5184 160 27 prononçant
3153 5186 52 18 une
3220 5179 139 25 allocution

2430 5205 92 23 devant
2538 5205 30 30 le,
2576 5205 87 25 micro.

1767 5244 131 23 Célébrant,
1911 5249 91 18 comme
2014 5252 32 15 on
2058 5247 53 24 sait,
2124 5247 22 21 le
2157 5248 103 23 cinquan-

1740 5271 72 20 tième
1834 5269 162 22 anniversaire
2020 5272 30 19 de
2072 5277 29 15 sa
2123 5272 146 24 pittoresque

1742 5294 98 21 activité
1851 5292 212 27 philanthropique,
2075 5297 22 19 le
2109 5296 76 20 cercle
2198 5302 12 13 <
2221 5296 47 19 Les

1745 5322 60 19 Sans
1823 5320 64 20 Nom
1905 5324 13 13 >
1937 5325 17 14 a
1971 5321 73 20 voulu
2063 5321 104 20 associer
2185 5325 31 14 en
2235 5324 32 15 un

1741 5348 66 24 geste
1830 5345 144 24 symbolique
1995 5347 67 20 toute
2084 5348 25 19 la
2128 5346 103 25 capitale
2252 5344 17 20 à

1740 5378 29 14 sa
1783 5372 48 24 joie
1846 5371 26 20 et
1886 5369 17 21 à
1914 5374 45 16 son
1974 5371 114 21 honneur.

1764 5397 72 20 Aussi
1853 5396 24 19 le
1896 5397 156 22 groupement
2070 5396 61 20 a-t-il
2149 5396 35 20 lui
2204 5394 63 21 aussi

1741 5423 47 20 fait
1802 5423 47 19 don
1862 5420 16 21 à
1892 5420 185 21 Manneken-Pis
2092 5421 56 20 d'un
2162 5421 107 20 costume

1740 5449 41 23 qui
1799 5447 39 21 fut
1854 5444 72 21 remis
1943 5445 125 21 dimanche
2085 5445 136 25 après-midi
2237 5448 31 16 au

1742 5474 53 23 plus
1812 5471 71 20 vieux
1898 5470 125 24 bourgeois
2042 5472 28 19 de
2090 5470 128 20 Bruxelles.
2237 5468 32 20 Et

1740 5502 28 16 ce
1784 5496 39 21 fut
1839 5494 124 20 l'occasion
1968 5502 4 4 -
1980 5496 67 19 d'une
2064 5495 74 24 petite
2152 5494 51 21 fête
2219 5492 50 21 très

1742 5525 149 18 eavoureuee,
1905 5519 67 21 toute
1984 5520 177 24 ejnprhïnt^da
2173 5519 96 21 couleur

2315 5246 38 19 En
2371 5245 101 24 cortège,
2491 5248 127 19 musiciens
2638 5249 24 19 et
2680 5249 139 21 collecteurs

2288 5271 32 19 du
2337 5270 83 23 cercle,
2437 5269 95 21 revêtus
2549 5271 30 20 de
2597 5272 51 20 leur
2665 5274 106 21 costume
2789 5276 28 19 de

2292 5294 94 20 Pierrot
2399 5299 32 15 ou
2446 5295 29 19 de
2490 5295 142 25 Colombine,
2647 5300 172 23 accompagnés

2289 5324 84 16 encore
2395 5320 33 20 du
2451 5319 92 21 célèbre
2566 5322 205 23 chien-collecteur
2793 5326 25 19 et

2290 5345 72 19 suivis
2375 5349 45 19 par
2430 5349 47 17 une
2488 5345 65 21 foule
2566 5346 83 22 d'amis
2660 5353 25 16 se
2698 5349 121 22 rendirent

2288 5373 32 16 au
2337 5369 54 20 coin
2409 5369 29 20 de
2455 5369 25 20 la
2497 5374 43 16 rue
2558 5371 32 20 du
2608 5372 79 21 Chêne
2704 5375 26 19 et
2747 5375 29 20 de
2794 5375 24 19 la

2289 5398 42 16 rue
2352 5394 32 19 du
2404 5393 112 24 Poinçon,
2538 5395 87 21 devant
2644 5397 25 20 la
2689 5399 79 19 statue
2789 5399 29 19 de

2291 5418 143 19 Manneken-
2436 5419 26 18 Pi
2465 5424 17 13 a.
2507 5419 104 24 Celui-ci,
2636 5426 62 19 pour
2721 5423 35 20 les
2781 5428 29 15 ac-

2288 5443 97 23 cueillir,
2405 5443 67 20 avait
2491 5444 83 20 revêtu
2593 5445 55 25 déjà
2668 5447 22 22 le
2710 5448 108 19 costume

2288 5469 29 19 de
2330 5474 13 13 <
2358 5468 61 20 Sans
2431 5468 62 19 Nom
2508 5474 12 14 »
2534 5469 25 20 et
2570 5470 79 21 s'était
2662 5472 73 20 coiffé
2751 5473 29 19 de
2794 5473 24 19 la

2289 5493 71 23 toque
2381 5492 17 20 à
2417 5492 80 24 plume
2518 5494 107 21 blanche.
2646 5496 64 21 Avec
2731 5497 34 20 lui
2787 5497 32 19 M.

2291 5519 127 22 Verheven.
2437 5517 101 23 échevin
2553 5520 32 21 <±fi
2602 5520 12 16 T
2613 5521 24 26 fr
2636 5526 21 22 tf
2655 5526 13 10 r
2668 5526 14 22 p
2682 5521 17 15 u
2697 5526 36 22 tft
2751 5522 66 24 reçut

2866 5253 36 19 En
2920 5257 46 16 une
2984 5253 79 19 courte
3080 5251 134 24 allocution,
3232 5253 30 18 M.
3279 5252 90 21 Marcel

2840 5278 142 23 Longueval,
2999 5276 126 25 président,
3142 5278 117 19 remercia
3274 5277 25 20 la
3316 5278 54 20 ville

2840 5302 28 20 de
2888 5307 28 15 sa
2933 5302 125 19 constante
3076 5301 133 23 sympathie
3229 5302 25 19 et
3273 5303 30 19 fit
3323 5304 47 19 don

2840 5328 31 19 du
2882 5327 105 20 costume
2998 5331 31 15 au
3042 5326 52 23 plus
3105 5326 92 20 célèbre
3209 5327 29 19 de
3250 5332 39 18 ses
3299 5329 71 20 dieux

2841 5352 66 19 lares.
2928 5352 32 19 M.
2978 5352 77 19 Verne
3057 5355 51 18 ven,
3128 5350 98 21 échevin
3246 5352 42 21 des
3307 5353 63 21 fêtes

2841 5378 24 19 et
2881 5381 44 20 par
2941 5375 24 20 là
2981 5375 82 20 tu'-eur
3079 5375 28 19 de
3125 5375 193 26 Manneken-Pls,
3336 5384 26 15 re-

2840 5401 88 20 mercia
2943 5401 25 20 et
2984 5400 32 20 M.
3032 5400 89 19 Marcel
3137 5400 103 21 Antoine
3257 5402 113 24 présenta

2841 5431 31 15 un
2891 5425 83 20 sketch
2993 5425 28 19 de
3040 5424 170 22 circonstance.
3214 5426 7 9 *

2865 5478 38 19 On
2924 5476 107 21 entendit
3052 5482 84 15 encore
3156 5483 46 16 un*
3222 5485 15 14 •
3256 5481 80 23 dontje
3358 5487 13 14 »

2840 5502 66 24 Jouée
2921 5507 46 19 par
2982 5502 25 19 la
3021 5502 98 22 fanfare
3134 5503 26 20 et
3174 5504 24 19 le
3212 5504 72 23 héros
3300 5507 30 20 de
3346 5508 25 20 la

2839 5528 51 22 fête
2905 5528 67 21 enfin
2987 5530 92 24 —M—
3078 5526 28 27 Il
3118 5528 59 27 Alft
3191 5532 80 23 acaod
3282 5532 47 25 jft,

3440 265 103 81 Une
3577 260 283 84 assemblée

3384 374 48 63 de
3449 373 40 64 la
3503 371 229 65 Fédération
3753 368 165 65 libérale

3385 466 35 44 de
3432 466 269 45 l'arrondissement
3719 464 34 44 de
3766 462 151 46 Bruxelles

3461 559 41 32 Un
3519 559 79 32 débat
3614 571 46 20 snr
3675 559 29 32 la
3719 561 122 37 question

3568 604 167 37 linguistique

3412 659 91 21 Réunie
3526 661 131 22 dimanche,
3679 666 56 15 sous
3755 662 25 19 la
3800 661 111 24 présiden-

3386 690 27 15 ce
3432 685 29 20 de
3482 686 31 19 M.
3533 686 105 23 Démets,
3657 686 24 19 la
3701 685 143 22 Fédération
3865 685 46 21 libé-

3386 711 49 21 rale
3456 710 30 19 de
3506 711 219 20 l'arrondissement
3747 712 29 20 de
3797 711 124 21 Bruxelles

3386 740 15 14 a
3421 735 100 24 procédé
3541 735 16 21 à
3576 736 115 21 l'examen
3711 738 25 19 et
3753 736 16 21 à
3787 737 25 20 la
3832 737 80 20 discus-

3386 760 53 19 sion
3468 761 41 19 des
3537 762 111 23 rapports
3677 761 114 25 préparés
3813 767 45 19 par
3885 763 36 19 les

3386 786 164 21 commissions
3572 787 33 19 du
3631 788 94 19 Conseil
3754 788 107 20 national
3890 792 31 15 en

3386 815 44 16 vue
3445 811 32 20 du
3491 812 114 23 prochain
3619 813 106 24 congrès.
3740 814 33 19 Le
3787 813 79 24 débat,
3879 818 33 16 au-

3386 836 54 23 quel
3464 836 140 21 assistèrent
3627 839 25 18 et
3675 838 171 24 participèrent
3871 839 41 24 plu-

3387 861 76 19 sieurs
3486 862 172 23 personnalités
3681 864 32 19 du
3736 864 70 23 parti,
3829 865 82 18 notam-

3387 887 66 18 ment
3472 887 56 19 MM.
3548 888 29 19 de
3595 888 121 24 Laveleye,
3736 889 111 23 Dierckx,
3866 890 56 19 Cat-

3387 911 61 23 teau,
3475 912 144 25 Mundelecr.
3645 914 40 19 fut
3710 915 134 23 cependant
3871 915 50 20 fort

3386 936 66 24 large
3468 938 24 18 et
3508 937 113 21 consacré
3636 939 65 19 aussi
3716 939 15 20 à
3747 937 135 23 l'actualité.

3411 961 121 24 Déposant
3547 963 34 20 les
3594 964 149 19 conclusionj
3756 964 107 25 rédigées
3876 971 46 18 par

3387 986 23 20 la
3430 988 152 19 commission
3603 989 29 19 de
3653 990 113 24 politique
3787 990 133 25 étrangère,

3387 1010 30 22 IC
3438 1012 28 20 de
3485 1013 122 24 Laveleye,
3627 1015 85 19 ancien
3730 1016 115 22 ministre,
3864 1016 73 21 rati-,

3388 1037 33 19 fia
3442 1037 24 20 la
3486 1039 113 23 politique
3621 1039 205 24 d'indépendance.
3849 1042 73 19 Celle-

3387 1063 22 18 ci
3425 1062 66 24 n'est,
3508 1063 110 23 nota-t-il,
3634 1064 131 21 nullement
3781 1070 46 16 une
3844 1065 68 25 politi-

3387 1092 44 18 que
3452 1088 29 19 de
3501 1088 102 21 timidité
3623 1091 24 18 et
3666 1090 57 19 c'est
3741 1095 58 16 avec
3819 1090 101 21 fermeté

3387 1117 45 19 que
3447 1113 49 20 doit
3511 1113 51 21 être
3576 1114 97 21 assurée
3687 1115 127 24 l'intégrité
3829 1117 32 19 du
3875 1117 39 19 ter-

3387 1137 88 24 ritoire,
3489 1139 54 19 tant
3556 1144 29 15 en
3598 1145 27 15 ce
3638 1141 39 23 qui
3690 1145 116 18 concerne
3819 1141 34 20 les
3865 1146 47 15 can-

3388 1163 54 19 tons
3466 1162 103 21 rédimés
3593 1169 45 19 que
3661 1165 30 26 le,
3709 1166 212 20 Ruanda-Urundi.

3414 1187 66 20 Cette
3506 1189 114 24 politique
3645 1191 111 23 implique
3782 1193 65 19 aussi
3874 1198 47 15 une

3388 1213 113 23 vigilante
3516 1214 97 20 défense
3628 1216 120 21 nationale
3762 1219 25 20 et
3802 1223 60 19 pour
3875 1223 47 19 que

3388 1237 88 21 celle-ci
3489 1239 46 19 soit
3548 1240 52 23 plus
3614 1240 115 25 complète
3743 1242 179 25 l'organisation

3388 1263 28 18 de
3438 1263 23 19 la
3482 1265 131 22 protection
3634 1266 111 20 aérienne
3765 1269 25 18 et
3809 1268 103 21 l'achève-

3388 1289 66 18 ment
3475 1289 41 19 des
3537 1290 171 22 fortifications
3727 1292 16 20 à
3762 1293 24 19 la
3806 1293 116 21 frontière

3389 1312 28 20 de
3442 1313 66 20 l'Est
3533 1315 46 20 Les
3605 1316 86 20 efforts
3715 1317 29 20 de
3769 1317 97 22 défense
3892 1324 30 15 ne

3389 1337 95 21 doivent
3500 1344 43 19 pas
3560 1340 50 20 être
3626 1342 117 24 dispersés
3760 1349 42 14 sur
3817 1344 24 20 la
3857 1345 56 20 fron-

3392 1361 58 21 tière
3465 1364 28 19 de
3508 1362 89 25 l'Ouast
3612 1365 29 20 cù
3655 1366 61 21 n'est
3729 1372 45 19 pas
3788 1369 22 19 le
3823 1369 98 25 danger.

3389 1388 70 20 Aussi
3479 1390 49 21 doit
3547 1391 50 21 être
3617 1393 88 21 achevé
3725 1399 41 15 sur
3785 1395 22 20 le
3825 1396 96 24 plateau

3390 1413 28 20 de
3438 1414 78 21 Hervé
3536 1417 25 19 et
3579 1416 15 20 à
3614 1418 308 27 Sougnez-Remouchampa

3389 1437 21 21 le
3427 1438 83 22 réseau
3527 1441 28 22 de
3573 1447 43 15 nos
3633 1443 177 22 fortifications.

3416 1464 126 24 Appuyant
3556 1471 39 16 ces
3609 1468 193 25 considérations,
3817 1471 32 19 M.
3856 1471 67 21 Han-

3390 1492 38 15 sez
3448 1489 84 21 insista
3551 1492 218 23 particulièrement
3788 1500 29 15 en
3837 1496 85 21 faveur

3391 1513 28 19 de
3435 1514 24 19 la
3473 1516 161 21 construction
3650 1518 30 20 du
3697 1520 49 19 fort
3762 1521 29 19 de
3806 1521 116 24 Sougne»-

3391 1538 197 26 Remouchamps.

3599 1581 35 19 La
3647 1581 108 25 question
3769 1583 154 25 linguistique

3416 1618 156 24 L'assemblée
3591 1622 89 20 aborda
3698 1626 92 19 ensuite
3807 1626 116 21 l'examen

3392 1642 31 20 du
3439 1646 97 21 rapport
3551 1650 41 14 sur
3606 1647 25 20 la
3645 1648 108 21 auestion
3769 1651 153 24 linguistique

3392 1672 44 18 que
3456 1668 112 24 présenta
3587 1671 30 19 M.
3636 1672 155 23 Vandewlele.

3417 1693 35 19 La
3471 1696 152 20 commission
3643 1698 102 25 chargée
3764 1701 28 19 de
3811 1701 39 20 cet
3871 1707 44 15 exa-

3392 1722 54 15 men
3466 1720 88 20 entend
3574 1721 122 22 s'insDirer
3715 1725 29 20 de
3764 1725 25 20 la
3807 1726 117 21 nécessité

3392 1743 31 19 du
3442 1745 115 20 maintien
3577 1746 28 20 de
3623 1747 81 22 l'unité
3724 1750 127 22 nationale.
3870 1752 53 20 Elle

3392 1768 45 19 fait
3450 1769 41 20 des
3505 1769 106 22 réserves
3624 1778 42 15 sur
3678 1774 24 19 la
3714 1774 209 24 déconcentration

3392 1793 189 22 administrative
3596 1797 24 19 et
3635 1803 25 16 se
3676 1804 119 18 prononce
3810 1806 60 19 pour
3885 1801 30 21 l'é-

3393 1820 192 21 panouissement
3609 1823 41 19 des
3673 1824 61 20 deux
3755 1826 105 20 cultures
3883 1832 32 15 na-

3394 1843 104 21 tionales.
3518 1846 51 20 Elle
3586 1849 109 20 souhaite
3713 1855 45 18 que
3776 1852 41 19 des
3834 1852 82 21 métho-

3394 1869 40 20 des
3456 1870 53 24 plus
3532 1872 134 22 efficientes
3689 1876 77 20 soient
3788 1877 137 25 appliquées

3393 1899 59 18 pour
3468 1896 193 24 l'enseignement
3677 1900 28 22 de
3721 1900 25 20 la
3761 1903 100 20 seconde
3874 1903 42 20 lan-

3393 1924 45 18 gue
3457 1921 120 21 nationale
3597 1923 144 24 obligatoire.

3418 1944 31 20 M.
3469 1945 81 25 Drèze,
3570 1948 96 23 parlant
3685 1955 32 15 au
3738 1956 54 15 nom
3813 1952 41 20 des
3875 1952 40 21 étu-

3393 1969 79 23 diants
3490 1971 113 23 libéraux,
3623 1973 83 22 établit
3723 1980 45 16 une
3787 1977 137 21 distinction

3392 1995 67 19 entre
3480 1996 24 19 la
3524 1997 208 23 déconcentration
3754 2001 24 20 et
3797 2002 25 20 la
3843 2002 72 21 décen-

3393 2020 140 21 tralisation.
3550 2023 49 19 Par
3615 2024 101 23 ailleurs,
3734 2026 31 19 M.
3781 2026 82 22 Drèze.
3872 2033 43 15 con-

3392 2045 37 20 tre
3448 2046 67 20 l'avis
3535 2048 28 20 de
3582 2048 25 20 la
3625 2049 149 24 Fédération,
3794 2057 30 15 ne
3843 2058 25 15 se
3887 2053 28 21 dé-

3394 2069 63 22 clare
3473 2076 42 19 pas
3529 2071 107 26 partisan
3651 2075 29 19 de
3694 2074 84 21 l'étude
3793 2077 130 24 obligatore

3393 2096 28 20 de
3436 2098 24 18 la
3474 2098 101 21 seconde
3589 2099 92 24 langue.

3419 2122 30 19 M.
3470 2123 82 20 Braun
3575 2124 107 26 dénonça
3701 2126 26 21 la
3747 2129 113 20 nuisance
3883 2130 43 20 des

3393 2148 44 19 lois
3451 2147 166 26 linguistiques
3634 2151 14 18 d
3650 2158 12 15 e
3678 2151 58 20 1932.
3752 2152 127 26 Beaucoup
3896 2155 29 20 de

3394 2173 128 21 Flamands
3545 2175 113 21 tournent
3680 2182 39 15 ces
3740 2179 46 19 :ois
3808 2179 118 20 d'ailleurs

3393 2199 22 17 e!
3431 2199 171 21 revendirent
3615 2200 15 20 à
3644 2202 64 22 .iuste
3721 2203 56 19 titre
3791 2204 53 20 leur
3857 2205 62 20 liber-

3393 2222 29 20 té.
3441 2223 31 20 M.
3490 2225 82 19 Braun
3590 2230 85 17 encore
3694 2232 26 15 se
3737 2228 102 24 olaignit
3857 2230 68 20 d'une

3397 2247 104 21 certain-3
3525 2249 126 20 mainmise
3675 2251 120 21 flamande
3819 2258 42 15 sur
3890 2254 36 20 les

3394 2272 75 22 écoles
3484 2275 160 22 bruxelloises.

3419 2307 35 18 Au
3475 2312 56 15 nom
3552 2308 32 20 dn
3601 2310 59 19 Bloc
3680 2311 28 19 de
3728 2311 24 20 la
3770 2312 94 21 Liberté
3892 2313 33 20 M.

3393 2332 72 20 Ri«rot
3480 2338 94 19 appuya
3590 2339 39 15 ces
3644 2335 193 21 considérations.
3853 2338 19 19 Il
3888 2338 39 20 est

3393 2357 107 19 auestion
3512 2358 29 19 de
3552 2358 110 24 désigner
3673 2366 33 14 un
3717 2362 135 24 inspecteur
3863 2364 53 23 prin-

3394 2382 60 23 cipal
3473 2382 145 26 flamingant
3637 2391 60 15 pour
3714 2387 35 20 les
3769 2387 77 22 écoles
3865 2395 52 15 com-

3394 2407 107 20 munales
3520 2408 160 22 bruxelloises.
3701 2412 50 24 Que
3770 2414 95 20 veut-on
3887 2421 30 15 en-

3393 2436 53 15 core
3466 2432 28 20 de
3512 2434 53 24 plus
3584 2440 29 15 en
3632 2437 100 21 matière
3751 2438 28 20 de
3798 2439 118 22 déconcen-

3393 2457 105 21 tration?
3521 2459 75 23 Qu'on
3617 2461 54 20 aille
3692 2463 110 24 iusqu'au
3822 2465 58 20 V>ut
3900 2465 27 22 et

3392 2482 68 22 qu'on
3474 2488 61 15 nous
3548 2486 100 20 accorde
3660 2492 47 15 une
3721 2488 135 20 autonomie
3864 2495 53 15 com-

3393 2508 95 21 munale
3504 2510 122 22 complète,
3642 2512 67 19 dit-il.
3724 2513 21 19 Il
3759 2514 37 19 est
3811 2514 71 21 farile
3898 2515 29 20 de

3393 2533 79 19 parler
3486 2534 29 19 de
3530 2535 117 20 reformer
3660 2537 36 20 les
3711 2538 215 25 circonscriptions.

3392 2558 35 19 La
3440 2558 32 20 loi
3488 2559 28 19 de
3530 2560 53 19 1932
3597 2566 16 14 n
3614 2568 13 15 e
3644 2562 77 20 donne
3734 2563 151 21 satisfaction
3900 2565 26 20 M

3394 2587 46 15 aux
3456 2583 108 21 libéraux
3582 2586 24 19 ni
3625 2591 48 15 aux
3690 2588 138 20 Bruxellois.

3418 2607 124 22 L'orateur
3565 2610 104 21 termina
3692 2617 30 15 en
3746 2613 133 21 réclamant
3902 2614 25 20 la

3394 2634 196 21 reconnaissante
3607 2636 68 19 d'un»
3694 2638 167 20 conmunauté
3879 2639 48 20 cwï-

3393 2658 83 19 turelle
3486 2659 148 21 bruxelloise.

3419 2683 100 20 Faisant
3544 2690 45 14 upp
3614 2686 132 23 digression
3772 2692 42 16 sur
3837 2689 22 19 le
3884 2693 43 16 cas

3394 2707 112 22 Martens.
3522 2710 31 19 M.
3569 2710 100 21 Catteau
3685 2713 92 19 ensuit»
3793 2713 131 24 proclama:

3419 2743 27 5 —
3462 2734 24 19 Si
3504 2734 31 19 M.
3552 2735 108 21 Martens
3676 2741 113 16 conserva
3806 2743 38 15 ses
3861 2739 56 19 fonc-

3394 2758 62 20 tions
3470 2759 190 23 d'académicien,
3674 2762 87 19 -'ama's
3772 2763 35 19 les
3819 2762 108 21 libéraux

3394 2787 29 15 ne
3439 2785 162 19 consentiront
3616 2785 15 20 à
3645 2791 12 15 s
3663 2787 105 20 associer
3782 2792 31 15 au
3829 2793 90 18 gouver-

3395 2808 101 20 nement.
3517 2809 90 24 (Ap(M.)

3421 2833 31 19 Ce
3470 2834 61 19 r'est
3548 2840 43 14 nas
3609 2840 46 15 une
3672 2836 109 20 oi»«Von
3799 2837 127 21 flamande.

3397 2857 23 19 Ri
3435 2858 31 18 M.
3480 2858 107 21 Martens
3602 2859 59 21 était
3674 2860 132 20 Bruxellois
3819 2866 32 15 ou
3863 2863 69 25 Wajp

3394 2883 46 22 Ion,
3452 2884 69 20 nctre
3533 2885 103 21 attitude
3647 2886 74 20 serait
3731 2887 9 12 T
3740 2892 17 14 a
3767 2887 84 21 même.
3864 2888 62 20 Cest

3396 2908 81 20 contre
3490 2909 21 20 le
3524 2908 84 22 traître
3621 2916 45 14 aue
3680 2916 60 16 nous
3753 2917 60 15 nous
3826 2917 102 18 pronon-

3395 2937 63 16 "ons.
3475 2934 20 19 n
3512 2939 30 15 ne
3558 2936 57 19 neut
3632 2935 50 20 être
3699 2935 109 26 question
3827 2937 29 20 de
3872 2938 57 23 iury

3396 2958 130 20 d'honneur
3546 2965 29 14 en
3596 2959 112 21 présence
3729 2962 55 19 d'un
3804 2962 124 23 jugement

3396 2983 27 19 de
3441 2984 23 18 la
3481 2984 64 19 Cour
3561 2985 115 20 d'assises.
3697 2986 89 22 fLougs
3803 2987 123 24 applaud.)

3421 3008 37 19 En
3473 3009 100 19 matière
3590 3010 160 24 linguistique,
3766 3011 113 20 l'échevin
3898 3011 30 20 de

3394 3033 122 19 Bruxelles
3535 3033 96 21 dénlora
3648 3035 98 20 l'erreur
3763 3036 41 19 d23
3820 3037 108 19 Wallons

3395 3058 38 19 nui
3454 3059 41 19 ont
3515 3059 95 20 sacrifié
3630 3065 57 15 avec
3707 3060 104 23 égoî.'nr.ft
3830 3062 35 20 les
3884 3062 34 20 mi-

3395 3082 89 21 norités
3500 3084 132 22 françaises
3648 3085 28 20 de
3693 3085 102 20 Flandre
3811 3086 24 19 et
3851 3086 76 23 prôna

3394 3108 21 18 'e
3430 3108 157 23 bilinguisme.

3418 3149 28 4 —
3458 3139 113 21 Prenons,
3595 3140 67 23 dit-îî,
3685 3141 41 23 des
3748 3142 115 20 attitudes
3886 3142 41 24 qtd

3403 3163 128 21 défendent
3554 3165 24 19 la
3603 3166 86 20 liberté
3714 3166 118 21 menacée.
3858 3168 69 20 Non

3393 3193 73 15 avons
3476 3188 122 22 préconisé
3610 3191 193 23 l'enseignement
3816 3193 41 19 de3
3866 3192 62 20 deur

3393 3213 99 22 langues
3510 3215 60 19 dans
3587 3215 79 20 toutes
3682 3216 36 20 les
3735 3216 76 20 écoles
3827 3217 28 20 de
3873 3218 45 19 l'ar-

3395 3238 173 21 rondissement
3592 3240 27 19 de
3642 3240 129 20 Bruxelles.
3794 3241 63 20 C'est
3879 3247 48 15 une

3396 3264 100 20 formule
3517 3264 94 20 d'union
3633 3270 45 19 que
3700 3271 61 17 nous
3783 3266 144 21 déTendroiw

3394 3288 114 21 toujours.

3419 3314 124 20 L'orateur
3558 3316 37 19 est
3611 3315 108 20 partisan
3738 3316 68 19 d'une
3823 3315 105 21 réforme

3395 3339 28 19 de
3440 3339 24 19 la
3481 3340 30 18 loi
3531 3340 29 19 de
3578 3340 52 19 1932
3649 3346 29 14 en
3696 3341 100 20 matière
3814 3341 104 20 adminis-

3395 3363 87 21 trative
3502 3369 60 15 pour
3581 3365 35 19 les
3638 3370 137 15 communes
3797 3366 28 20 de
3846 3366 25 21 la
3891 3365 37 21 ré-

3395 3389 54 19 "ion
3467 3388 153 21 Hn^ruistiaup
3639 3390 24 20 et
3682 3390 50 20 ceci
3751 3391 60 19 d-in3
3829 3391 23 20 le
3871 3396 56 15 sens

3397 3412 31 20 dr.
3448 3412 89 24 rëgimA
3557 3413 109 23 apnlioué
3687 3415 60 20 dan3
3764 3415 156 19 l'arrondisse-

3395 3439 66 19 ment
3479 3440 28 19 de
3524 3440 128 20 Bruxelles.
3670 3441 67 19 Nous
3755 3441 88 22 devons
3862 3446 56 15 mon-

3395 3464 50 19 trer
3465 3469 47 15 eux
3531 3465 105 20 Wallons
3655 3466 23 19 le
3699 3466 91 19 dansrer
3810 3466 29 20 de
3860 3466 67 20 toute

3395 3488 197 21 'ntrans'feance.
3615 3490 62 21 Cest
3697 3491 29 20 de
3745 3491 119 19 l'attitude
3886 3491 42 20 des

3394 3512 132 21 Bruxellois
3539 3519 45 15 o*.ie
3598 3515 92 20 dénend
3704 3515 59 20 dans
3776 3516 22 19 le
3812 3521 60 18 pa3*s
3886 3520 31 15 no-

3395 3539 36 19 tre
3447 3538 65 20 nrHé
3529 3540 126 19 ntionale.

3420 3563 32 19 M.
3480 3564 150 20 Vandewlele
3659 3565 86 20 défend
3771 3565 25 20 la
3823 3566 104 19 solution

3395 3588 123 21 présentée
3535 3594 45 18 par
3596 3590 35 20 les
3647 3590 139 20 Bruxellois.

3419 3614 75 23 Après
3509 3619 45 15 une
3570 3615 157 20 intervention
3741 3615 28 20 de
3783 3615 32 20 M.
3822 3616 106 20 Dierctac

3395 3638 39 20 oui
3454 3639 115 20 demande
3587 3645 46 14 aue
3651 3640 22 19 le
3691 3640 51 20 mot
3761 3641 166 19 *oblisratoire>

3395 3663 45 19 soit
3457 3663 117 24 remplacé
3590 3669 45 16 par
3648 3665 23 20 le
3687 3666 51 19 mot
3755 3670 173 18 «encourager»

3395 3693 60 15 nour
3470 3689 193 22 l'enseignement
3678 3690 29 19 de
3721 3689 26 20 îa
3762 3690 100 20 seconde
3878 3691 50 20 lan-

3397 3717 50 17 true,
3468 3713 146 20 l'assemblée
3638 3714 86 24 adopte
3747 3719 32 15 un
3802 3715 70 19 ordre
3895 3715 32 19 du

3396 3737 54 22 iour
3466 3739 60 19 ainsi
3545 3744 74 18 conçu
3629 3744 7 14 :

3421 3769 156 21 L'assemblée
3588 3774 7 16 i

3421 3796 18 17 i.
3457 3795 121 20 Confirme
3592 3795 24 19 la
3631 3796 116 19 nécessité
3764 3796 31 19 du
3811 3796 118 20 maintien

3395 3819 30 19 de
3441 3820 81 19 Vvrdté
3540 3820 132 23 nationale;

3420 3845 20 18 S.
3454 3844 52 20 Elle
3523 3845 94 19 déclare
3634 3850 45 18 que
3697 3845 35 19 les
3749 3845 45 20 lois
3810 3846 109 23 linguisti-

3395 3873 58 18 que*
3469 3871 51 17 tout
3536 3875 29 14 en
3583 3872 111 18 assurant
3711 3870 152 23 satisfaction
3880 3876 49 16 iusr

3394 3893 145 22 aspirations
3561 3892 121 23 Idcfitimes
3704 3894 144 25 flamandes,
3872 3897 55 18 i-ct7-

3394 3918 83 20 lonnes
3496 3920 25 18 et
3541 3919 159 23 bruxelloises,
3720 3920 98 20 doivent
3836 3920 85 25 s'inspi-

3395 3948 39 14 rer
3449 3943 29 19 de
3495 3945 62 18 cette
3574 3944 129 23 nécessité;

3420 3969 19 18 S.
3455 3967 140 22 (Réservé):

3419 3993 19 21 i.
3453 3992 113 20 Exnrime
3577 3994 22 19 le
3610 3999 55 14 vœu
3676 3999 47 18 que
3734 3994 197 25 renseignement

3393 4017 29 20 de
3442 4017 24 19 la
3486 4018 123 19 deuxième
3630 4019 87 20 lannue
3737 4020 123 21 nationale
3881 4022 49 19 soit

3394 4042 132 22 encouragé
3549 4042 61 20 dans
3636 4044 80 19 toutes
3737 4044 37 19 les
3796 4045 79 20 écoles
3898 4046 31 19 de

3392 4066 120 24 Belgique.
3535 4068 115 23 Exprime
3671 4069 136 23 également
3827 4071 24 19 le
3874 4076 56 15 vœu

3393 4092 29 19 de
3438 4093 53 18 voir
3505 4093 35 19 les
3555 4094 156 23 inscriptions
3726 4096 129 23 officielles
3870 4097 61 19 rêdi-

3394 4116 55 19 nées
3467 4117 61 20 dans
3544 4119 36 19 les
3597 4119 63 19 deux
3676 4119 103 25 langues
3797 4122 134 19 nationales

3393 4141 61 19 dans
3467 4143 53 19 tout
3534 4143 23 19 le
3573 4148 72 19 pays;

3417 4168 19 17 5.
3450 4167 31 20 8e
3502 4172 121 18 prononce
3644 4175 62 18 pour
3725 4171 140 21 l'extension
3887 4172 43 20 des

3393 4190 160 27 dispositions,
3568 4194 122 23 régissant
3705 4196 103 23 remploi
3823 4197 43 21 den
3880 4197 42 19 lan-

3391 4220 59 19 gues
3471 4217 61 20 dans
3554 4218 206 25 l'agglomération
3782 4222 148 19 bruxelloise,

3393 4246 48 15 aux
3456 4247 139 16 cemmunes
3610 4245 16 19 à
3642 4246 114 19 minorité
3771 4247 114 20 vroténée
3901 4247 31 19 de

3393 4267 56 19 vart
3465 4268 24 18 et
3504 4267 94 22 d'autre
3614 4270 30 19 de
3660 4270 24 19 la
3700 4271 118 23 frontière
3833 4271 99 24 linguis-

3394 4291 76 20 tiane*

3421 4317 19 17 6.
3454 4316 98 20 Entend
3576 4322 47 19 que
3647 4319 203 23 Vang.crm&raHon
3876 4321 45 18 bru-

3393 4341 97 21 xelloise
3510 4343 81 25 puisse
3610 4345 81 23 régler
3710 4350 46 15 son
3775 4346 91 23 régime
3886 4345 35 19 lin-

3394 4367 120 21 guistique
3532 4373 58 15 sous
3608 4369 23 20 le
3651 4371 100 19 couvert
3769 4370 30 20 de
3818 4370 113 19 Vautono-

3395 4392 47 19 mie
3456 4394 152 19 communale
3623 4395 30 19 de
3667 4396 108 19 manière
3789 4400 46 18 que
3848 4395 25 19 la
3887 4395 44 19 Ca*

3395 4416 74 24 totale
3483 4419 65 18 reste
3563 4419 58 20 celle
3636 4419 30 20 de
3681 4421 54 18 tous
3750 4421 35 18 les
3798 4419 87 20 Belnes
3898 4422 32 15 ou

3394 4443 117 18 nourront
3543 4444 189 23 pacifiquement
3763 4443 166 24 ^amalgamer

3394 4465 36 20 les
3449 4467 63 19 deux
3528 4468 106 20 cultures
3650 4469 140 19 nationales.

3642 4506 37 20 Ta
3698 4504 109 25 question
3827 4502 102 21 scofmire

3420 4537 33 20 M.
3466 4539 72 23 Dery,
3552 4539 147 24 rapporteur,
3715 4537 104 25 rappelle
3831 4537 35 19 les
3879 4536 39 20 tra-

3395 4567 63 16 vaux
3477 4564 29 19 de
3526 4564 24 19 la
3569 4563 151 20 commission
3739 4560 109 22 attachée
3868 4560 15 20 à
3902 4560 26 26 la,

3397 4586 97 21 défense
3518 4588 28 19 de
3570 4587 194 24 l'enseignement
3787 4585 90 20 officiel
3891 4584 36 20 'et

3395 4613 91 19 neutre.
3505 4613 19 19 H
3544 4612 106 20 conteste
3670 4613 23 19 le
3712 4611 61 19 droit
3792 4614 60 18 pour
3871 4609 47 19 l'en-

3396 4637 148 21 seignement
3564 4637 59 19 libre
3651 4635 15 20 à
3687 4636 25 19 la
3733 4634 133 20 prétention
3896 4634 30 19 de

3396 4662 107 19 subsides
3516 4662 41 19 des
3570 4661 111 21 pouvoirs
3693 4658 96 25 publics.
3803 4658 123 20 Certaines

3396 4686 127 19 situations
3557 4683 115 25 pourront
3706 4682 134 21 cependant
3875 4681 50 20 être

3396 4711 149 19 maintenues
3559 4710 60 18 dans
3631 4713 31 15 un
3675 4708 44 19 but
3733 4708 28 20 de
3775 4707 151 19 conciliation

3396 4736 24 18 et
3439 4735 28 19 de
3487 4734 99 20 pacifies
3590 4733 56 19 tion.
3667 4732 31 19 M.
3719 4732 113 20 Schmldt
3853 4731 64 21 prési-

3396 4759 57 19 dent
3471 4759 29 19 de
3520 4759 23 18 la
3562 4757 151 20 commission
3732 4756 101 20 scolaire
3853 4757 29 20 de
3900 4756 25 20 la

3394 4782 141 21 Fédération
3549 4782 77 19 donne
3638 4781 90 20 lecture
3741 4781 54 19 d'un
3810 4781 69 20 ordre
3893 4781 33 20 dn

3394 4808 55 23 jour
3467 4806 141 20 repoussant
3627 4806 36 19 les
3682 4805 150 21 conclusions
3853 4807 28 19 de
3901 4806 26 20 la

3395 4831 150 20 commission
3565 4829 126 20 nationale.

3419 4856 34 19 Le
3470 4854 99 23 congrès
3585 4859 31 15 ne
3633 4854 132 24 s'imposait
3780 4860 51 19 pas.
3847 4856 80 20 L'on-
3938 4872 4 4 .

3393 4880 54 19 teur
3462 4879 84 19 trouve
3561 4879 36 19 les
3613 4879 78 20 textes
3707 4879 114 25 proposés
3839 4881 78 22 dange-

3394 4908 57 15 reux
3465 4903 24 20 et
3504 4903 115 24 ambigus.

3418 4928 32 19 M.
3469 4927 105 20 Dierckx
3593 4928 159 26 l'Interrompt
3774 4930 25 20 et
3818 4930 33 20 lui
3873 4931 36 19 dit
3918 4935 8 15 :

3417 4962 28 4 —
3457 4952 65 20 Vous
3541 4956 96 17 remuez
3657 4954 42 20 des
3719 4954 122 21 cadavres.
3860 4956 68 19 Vous

3392 4981 30 15 ne
3436 4976 121 24 paraissez
3568 4982 46 19 pas
3626 4983 60 15 vous
3699 4979 87 21 douter
3797 4981 56 21 qu'il
3869 4981 50 20 exis-

3393 5001 25 19 te
3441 5000 105 21 d'autres
3572 5003 123 22 questions
3719 5004 125 26 beaucoup
3868 5006 57 24 plus

3392 5030 85 19 graves
3495 5031 29 14 en
3544 5027 101 21 matière
3664 5029 107 21 scolaire.

3416 5050 33 19 M.
3465 5051 36 19 De
3517 5052 97 21 Backer
3630 5059 31 15 ne
3678 5055 57 20 veut
3751 5060 45 18 pas
3813 5056 115 20 entendre

3390 5075 86 23 parler,
3489 5076 40 20 lui.
3543 5077 41 20 des
3598 5079 108 23 subsides
3720 5085 48 16 aux
3782 5080 77 22 êeoîes
3873 5086 45 16 con-

3392 5100 165 22 fessionnelles
3573 5103 25 20 et
3613 5103 33 20 M.
3663 5105 104 20 Smelten
3786 5106 49 21 s'en
3851 5106 78 21 r»reh1

3391 5130 31 15 au
3439 5125 156 23 cléricalisme
3612 5129 30 20 de
3658 5130 33 20 M.
3707 5130 93 22 Devèze
3820 5132 19 20 !!
3857 5133 62 19 Fina-

3391 5149 95 23 lement,
3501 5151 148 23 l'assemblée
3665 5155 83 21 ratifie
3762 5161 33 16 nn
3810 5157 70 21 ordre
3896 5158 33 19 dn

3391 5175 55 20 iour
3463 5177 127 24 rappelant
3608 5178 25 21 la
3652 5179 146 23 déclaration
3818 5183 60 20 faite
3898 5187 30 15 en

3391 5200 54 20 1935
3466 5206 46 18 par
3534 5202 23 22 le
3581 5204 101 21 congrès
3706 5210 43 16 sur
3770 5206 25 21 la
3818 5208 111 20 question

3391 5225 106 22 scolaire,
3524 5227 147 22 déclaration
3696 5231 147 22 confirmant
3867 5233 59 19 celle

3393 5249 28 21 de
3439 5250 59 22 1932.

3417 5276 33 20 Et
3464 5276 47 20 l'on
3525 5282 26 16 se
3567 5278 76 24 quitte
3658 5280 71 23 après
3745 5281 68 20 avoir
3827 5286 101 16 *porou-
3929 5280 4 15 ;
3932 5279 4 16 :

3392 5300 28 20 vé
3442 5306 34 15 un
3497 5302 72 21 ordre
3590 5303 32 20 du
3644 5304 55 23 Jour
3721 5306 30 19 de
3772 5306 32 20 fél
3807 5307 121 20 imitation*
3944 5310 6 14 '-

3392 5329 47 17 aux
3455 5327 113 20 mmlsres
3583 5327 115 24 libéraux,
3715 5330 62 21 ainsi
3797 5336 83 15 îorc.u*

3418 5355 14 15 «
3451 5351 36 20 La
3504 5352 145 22 Fédération
3667 5354 98 22 libérale
3784 5355 90 21 félieUe
3892 5356 37 20 le»

3392 5376 123 21 ministres
3536 5377 109 22 libéraux
3666 5384 62 19 pour
3749 5380 53 20 leur
3825 5375 125 27 attitude";"

3394 5400 16 21 à
3422 5400 26 20 la
3461 5400 48 21 fols
3522 5406 146 20 courageuse
3682 5404 24 19 et
3720 5403 150 24 natriotloue,
3884 5404 33 20 ad-

3392 5427 53 22 jure
3461 5427 36 21 les
3513 5429 164 21 mandataires
3694 5429 108 21 libéraux
3819 5431 28 20 de
3864 5431 78 20 n*ao-\

3394 5451 85 20 corder
3488 5452 53 20 leur
3551 5453 126 19 confiance
3687 5453 55 24 qu'à
3752 5458 33 15 un
3796 5458 130 18 gouverne-
3929 5452 4 13 :

3393 5478 67 20 ment
3474 5479 42 24 qui
3532 5478 165 22 s'assignerait
3710 5485 61 15 pour
3785 5481 44 19 but
3845 5480 29 21 de
3889 5478 38 21 ré-
3927 5476 6 17 ,;

3392 5503 51 22 gler
3460 5508 57 16 sans
3534 5504 81 20 retard
3633 5504 104 20 l'affaire
3754 5505 108 19 Mar+»ns
3879 5508 46 16 par
