3965 5672
317 13 3 5 .

1683 109 124 22 NATION
1824 108 111 25 BELGE,
1953 105 30 24 18
2000 107 99 24 AVRIL
2117 108 59 24 193»

32 206 50 69 Le
108 204 155 80 régime
291 201 265 82 linguistique

109 299 81 51 dans
212 296 276 65 l'enseignement

73 404 40 33 Les
128 401 162 33 amendements
305 401 27 33 du
346 402 172 38 gouvernement

64 460 33 22 La
117 457 94 24 Nation
229 457 76 29 Belge
323 465 17 16 a
358 457 117 24 annoncé
494 457 64 23 dans

35 490 22 23 le
77 489 100 27 compte
195 487 81 22 rendu
297 487 32 22 du
348 487 101 23 Conseil
469 486 31 22 de
518 491 29 16 ca-

35 518 68 24 binet
120 517 31 22 de
169 516 125 23 vendredi
311 522 49 23 que
376 516 36 22 les
429 514 128 24 ministres

35 545 113 26 s'étaient
163 545 86 23 rallies
263 552 49 16 aux
326 544 188 23 amendements
527 541 30 22 de

35 576 30 24 M.
78 575 131 27 Pelitjean.
220 574 117 23 ministre
349 574 44 22 des
405 572 117 23 Sciences
534 570 24 20 et

37 606 43 22 des
93 604 65 24 Arts,
170 602 99 23 relatifs
283 609 32 16 au
329 602 93 27 régime
436 596 111 30 linguisti-

36 639 47 24 que
99 633 64 21 dans
178 631 205 29 l'enseignement
400 626 118 32 primaire
533 625 25 21 et

36 667 100 22 moyen.

67 696 74 23 Voici
158 696 24 23 le
199 698 67 21 texte
283 695 43 23 des
343 689 186 26 amendements
550 693 6 16 :

89 737 248 23 ENSEIGNEMENT
350 731 155 24 TRIMAIRE

63 779 20 20 1.
95 780 21 20 A
127 778 94 21 l'alinéa
232 779 12 19 1
258 778 27 19 de
297 773 94 22 l'article
404 772 12 18 2
430 769 129 25 remplacer

37 805 25 20 la
82 805 85 23 phrase
188 803 71 20 finale
280 795 160 24 commençant
461 798 44 19 par
524 793 34 18 le»

38 831 63 19 mots
121 835 12 12 «
153 829 62 19 Elles
234 822 134 23 demeurent
387 817 172 27 partiellement

38 855 78 20 ec-ules
137 854 74 21 Ju"es.
233 850 67 20 »tc_»
322 851 43 19 par
386 845 21 18 le
429 843 64 20 texte
511 841 48 20 ni-

39 880 57 19 vant
119 857 44 46 qS
164 868 152 29 "constituera
330 867 92 24 l'alinia
436 867 13 20 3
466 867 27 19 de
508 866 52 20 l'ar-

40 905 55 20 ticle
110 909 5 14 :

67 941 12 12 «
95 930 138 27 Cependant,
249 929 33 18 les
298 926 86 19 clashs
401 921 158 22 communales

39 959 113 23 spéciales
171 952 126 22 existantes
316 949 80 20 seront
413 947 148 20 maintenues

39 983 64 20 aus=i
125 981 129 22 longtemps
273 975 94 25 qu'elles
387 972 121 21 réuniront
526 970 34 19 les

39 1007 130 21 conditions
191 1002 102 24 requises
314 1004 59 20 pour
393 998 50 19 être
464 996 87 19 subven-

40 1030 104 23 tionnées
165 1034 44 19 par
227 1027 78 20 l'Etat.
324 1025 44 19 Les
388 1023 95 19 enfants
505 1019 56 20 dont

41 1059 31 19 le»
90 1054 95 25 parents
202 1058 28 14 ne
247 1048 125 28 possèdent
388 1051 43 20 pas
448 1046 24 19 la
488 1045 66 19 natio-

41 1080 70 23 nalité
125 1080 64 23 beige
203 1075 144 22 n'entreront
360 1078 42 19 pas
417 1076 27 16 sn
457 1072 62 22 ligne
534 1072 28 16 de

42 1106 89 23 compte
148 1103 15 21 à
178 1103 60 19 cette
255 1102 34 19 fin
306 1105 250 25 *•.-,,.,.„

67 1131 11 21 2
101 1129 135 20 Sunnrimer
250 1125 92 21 l'alinéa
358 1124 13 18 2
387 1122 27 19 de
431 1121 7 19 1
446 1120 82 20 article
544 1120 19 18 2.

67 1157 18 18 3.
108 1154 109 20 Modifier
237 1155 91 15 comme
349 1148 49 20 suit
418 1147 24 19 la
463 1145 101 20 seconde

42 1182 84 23 phrase
143 1179 27 19 de
187 1176 96 21 l'article
299 1175 13 19 3
331 1178 5 15 :

69 1212 11 12 c
98 1206 16 18 A.
127 1205 20 18 1"
166 1201 112 21 demande
294 1200 14 18 d
316 1203 31 15 un
363 1195 90 21 certain
467 1195 97 19 nombre

44 1219 36 33 d?"
87 1230 64 19 chefs
167 1229 27 18 de
211 1225 88 21 famille
314 1223 72 24 ayant
401 1220 117 20 ensemble
534 1223 30 15 au

44 1256 74 21 moins
131 1251 129 27 vingt-cinq
275 1249 94 20 enfants
382 1245 65 34 d'âge
460 1244 105 20 scolaire,

45 1283 22 19 la
81 1279 104 21 création
200 1278 27 18 de
242 1280 68 15 cours
327 1273 27 20 (il
369 1272 69 23 s'agit
453 1270 30 20 du
497 1273 68 16 cours

46 1304 132 24 didactique
203 1303 27 19 de
255 1299 99 21 seconde
401 1295 104 25 langue),
530 1295 36 17 est

45 1329 143 24 ob'igatoire,
208 1326 61 20 mais
288 1330 28 14 sa
334 1321 175 25 fréquentation
531 1320 35 17 est

45 1354 137 22 facultative
203 1356 60 20 pour
283 1351 34 19 les
339 1347 95 20 enfants
456 1345 57 20 dont
533 1344 33 18 les

44 1381 95 22 parent?
159 1383 28 15 ne
204 1377 57 20 Vont
278 1380 42 19 pas
339 1373 107 20 reclame.
464 1376 12 13 »

71 1406 12 19 4
109 1405 21 19 A
148 1402 97 22 l'article
264 1401 19 21 4,
302 1398 133 25 supprimer
453 1395 34 20 les
505 1395 63 18 mots

45 1436 13 13 *
72 1430 46 19 soit
132 1430 33 20 les
180 1432 68 15 cours
262 1426 27 19 de
303 1421 190 26 l'enseignement
506 1419 63 19 tech-

445 1475 43 15 imc
522 1467 47 21 suit

46 1460 77 19 nique.
137 1461 12 14 >

73 1479 110 21 Modifier
201 1478 23 19 et
241 1474 126 26 compléter

46 1505 99 21 l'article
161 1505 12 18 5
192 1508 5 15 :

74 1542 12 14 <
101 1537 65 19 Dan*
183 1535 33 19 les
234 1532 74 20 écoles
326 1530 26 20 de
370 1525 198 28 l'agglomération

47 1560 138 22 bruxelloise
203 1559 23 18 et
245 1557 39 19 des
302 1557 135 18 communes
454 1551 114 22 bilingues

49 1588 27 19 de
95 1588 23 18 la
137 1582 111 22 frontière
268 1580 96 23 linguist
366 1579 4 8 :
373 1583 51 18 que,
443 1577 22 19 la
483 1576 85 21 langue

49 1612 27 19 de
92 1606 188 25 l'enseignement
296 1605 36 18 est
345 1604 24 18 la
384 1602 85 23 longue
484 1600 76 18 mater-

47 1635 60 21 nelle
119 1639 30 14 ou
160 1631 88 21 usuelle
260 1631 28 18 de
300 1627 104 21 l'enfant.

74 1667 58 18 «Des
146 1660 181 27 tempéraments
340 1656 113 26 pourront
466 1653 49 22 être
528 1657 31 17 au-

47 1689 82 23 torisés
141 1694 42 18 par
194 1685 76 21 arrêté
283 1684 62 24 royal
358 1681 99 20 délibère
470 1684 28 14 en
509 1678 58 19 Con-

49 1723 11 14 fi
62 1717 27 20 eil
111 1715 39 18 des
170 1711 125 22 ministres,
316 1706 77 26 publié
412 1710 31 15 au
464 1710 11 12 <-
496 1703 61 19 Moni-

49 1726 50 36 teur
117 1745 11 9 -
153 1738 64 19 selon
235 1737 33 19 les
285 1733 92 20 besoins
396 1730 171 25 pédagogiques

52 1768 37 19 d-s
107 1763 74 20 élèves
200 1762 23 18 et
241 1761 33 19 les
294 1758 164 22 contingences
477 1753 90 20 locales.

53 1788 120 24 Toutefois,
186 1792 39 14 ces
239 1782 182 25 tempéraments
446 1784 30 14 ne
501 1781 58 20 pour-

54 1817 48 21 ront
113 1813 65 20 avoir
192 1816 58 19 pour
263 1809 59 20 effet
336 1808 27 19 de
376 1810 66 15 nuire
456 1809 15 14 a
484 1804 6 19 1
499 1802 68 19 étude

55 1837 144 25 approfondie
216 1837 27 19 de
259 1836 23 18 la
298 1834 84 22 langue
399 1828 144 23 maternelle.

77 1866 10 18 6
105 1861 132 25 Compléter
251 1858 97 21 l'article
362 1857 13 20 7
388 1860 42 20 par
445 1859 32 15 un
491 1853 77 19 alinéa

54 1893 106 18 nouveau,
174 1886 59 20 ainsi
248 1888 74 19 conçu
339 1888 5 14 :

76 1921 11 11 <x
99 1914 47 19 Par
157 1910 77 21 arrêté
247 1909 71 24 royal,
331 1908 40 19 ùez
384 1908 134 17 communes
532 1906 27 14 en-

51 1940 122 19 vironnant
202 1932 199 27 l'agglomération
430 1928 138 21 bruxelloise

51 1965 110 24 pourront
178 1961 48 20 être
243 1958 113 21 soumises
372 1961 30 15 au
418 1959 76 16 même
511 1957 48 19 régi-

52 1994 41 16 me-
105 1993 11 15 »

75 2021 19 19 7.
108 2018 108 21 Modifier
230 2019 90 17 comme
333 2013 48 19 suit
394 2010 97 21 l'article
505 2009 14 20 3
535 2013 6 15 :

77 2059 11 11 «
99 2052 35 19 En
147 2056 39 14 cas
198 2050 28 19 de
239 2048 75 20 doute,
326 2044 120 24 l'aptitude
459 2042 109 20 effective

52 2078 27 20 de
90 2075 77 21 l'élève
179 2074 15 20 à
205 2072 102 22 recevoir
317 2075 57 16 avec
386 2069 58 20 fruit
455 2067 105 21 l'instruc-

51 2103 47 20 tion
116 2102 57 18 dans
189 2100 23 19 la
226 2099 84 22 langue
341 2094 107 23 désignée
478 2095 90 17 comme

53 2127 63 20 étant
134 2131 25 14 sa
177 2125 85 19 langue
280 2120 136 21 maternelle
434 2123 29 15 ou
481 2118 88 18 usuelle

51 2153 36 20 est
106 2148 102 21 vérifiée,
218 2142 68 25 "dans
306 2146 22 20 le
348 2144 99 20 courant
468 2142 31 19 du
519 2145 50 20 pre-

52 2178 58 19 m'er
126 2176 58 19 mois
204 2174 26 19 de
250 2170 89 22 l'année
358 2169 98 20 scolaire
475 2172 43 19 par
537 2170 31 15 un

52 2203 52 22 jury
127 2197 107 26 composé
260 2197 27 19 de
313 2196 59 19 d?ux
396 2193 116 21 membres
539 2192 27 18 de

52 2224 142 26 rfcupeettfll
230 2222 97 20 scolaire
362 2219 24 20 et
421 2219 30 19 du
469 2216 54 21 chef
542 2216 28 19 de

52 2250 76 22 l'école
148 2241 46 28 oT
196 2249 27 20 de
243 2245 151 22 l'instituteur
414 2243 94 23 désigne
527 2245 43 20 par

52 2276 39 20 lui.
109 2276 23 19 Si
150 2275 22 19 la
190 2272 100 21 décision
308 2271 31 19 du
356 2270 54 23 jury
428 2268 36 19 est
482 2267 78 23 négati-

52 2307 34 15 ve,
101 2301 21 19 le
138 2299 91 21 Collège
244 2295 119 22 échevinal
380 2295 23 19 et
418 2294 23 19 la
457 2291 111 21 direction

53 2326 97 20 scolaire
169 2322 84 26 privée,
272 2322 27 19 de
318 2320 75 20 même
412 2323 45 20 que
476 2317 20 19 le
515 2316 55 19 chef

54 2352 26 19 d?
99 2350 88 20 famille
204 2345 117 23 ir.téressê.
338 2344 101 25 peuvent
456 2347 29 14 en
502 2346 59 19 appe-

52 2376 35 21 ler
103 2380 31 15 au
150 2374 105 20 Ministre
271 2370 138 24 compétent.
426 2374 12 13 >

77 2401 19 19 8.
108 2399 135 24 Supprimer
256 2396 94 22 l'article
362 2395 31 19 10.

124 2432 247 27 ENSEIGNEMENT
390 2430 110 22 MOYEN

79 2478 19 18 9.
113 2476 140 23 Rpmplacer
266 2472 96 21 l'article
377 2471 26 19 13
417 2475 43 20 par
473 2469 21 20 le
509 2467 63 21 texte

56 2503 90 20 suivant
168 2506 5 13 :

82 2534 10 11 a
107 2527 19 20 II
142 2530 35 17 est
193 2523 111 22 consacré
320 2523 58 20 dans
394 2521 88 23 chaque
498 2523 74 15 année

58 2552 98 21 d'études
178 2551 83 24 quatre
282 2550 83 18 heures
387 2548 27 18 de
434 2547 76 22 leçons
530 2548 43 20 par

57 2578 99 20 semaine
172 2576 17 20 à
206 2574 188 24 l'enseignement
411 2572 66 19 d'un?
494 2574 69 16 secon-

59 2604 26 19 de
100 2604 81 22 langue
199 2601 38 23 qui
255 2605 53 14 sera
325 2596 141 22 déterminée
483 2596 89 23 d'après

59 2630 31 19 les
108 2631 159 16 contenances
289 2625 39 19 des
349 2623 67 20 chefs
437 2623 28 19 de
485 2620 88 21 famille

60 2653 125 21 Intéressés.

83 2692 11 12 •b
110 2686 18 19 A
143 2685 22 19 la
184 2682 112 21 demande
314 2682 28 19 de
358 2680 66 20 chefs
442 2680 26 19 de
485 2677 87 20 famille

62 2710 154 25 représentant
234 2713 30 15 au
283 2707 77 20 moins
379 2706 39 19 dix
437 2704 75 20 élèves
530 2707 44 19 par

64 2736 65 20 année
145 2733 109 23 d'étudee,
269 2733 16 19 il
302 2733 36 19 est
354 2729 75 21 donné
445 2730 16 19 à
476 2734 38 15 ces
531 2726 35 23 éle-

65 2765 42 18 vés,
122 2757 218 27 indépendamment
357 2757 31 19 du
406 2760 68 15 cours
492 2753 49 20 visé
558 2758 15 14 a

66 2786 80 20 l'alinéa
175 2784 132 25 précédent,
336 2787 32 14 un
400 2779 174 24 enseignement

64 2811 128 23 approfondi
209 2810 30 19 du
254 2808 104 24 français
374 2807 23 20 et
412 2807 30 19 du
457 2804 105 21 flamand

61 2835 54 21 mais
133 2841 30 14 au
181 2835 75 19 moins
274 2834 31 19 les
323 2834 60 18 deux
400 2832 57 19 tiers
474 2831 28 19 de
519 2830 46 19 l'ho-

61 2860 57 20 raire
141 2860 58 19 total
221 2859 80 19 seront
322 2855 198 21 nécessairement
540 2853 26 20 ré-

59 2884 76 21 servés
151 2884 16 19 à
181 2882 191 23 l'enseignement
387 2879 75 21 donné
479 2880 58 19 dans
552 2879 23 18 la
583 2876 3 27 |

59 2910 83 23 langue
160 2909 28 19 de
205 2909 24 19 la
245 2907 87 24 région.
347 2912 13 12 »

83 2942 32 19 10.
135 2940 136 25 Supprimer
290 2937 93 22 l'alinéa
400 2937 13 20 2
434 2936 27 20 de
480 2934 97 21 l'article

58 2967 31 20 17.

83 3000 31 18 11.
131 2998 110 20 Modifier
258 3000 89 16 comme
364 2994 48 20 suit
427 2993 97 21 l'article
541 2992 35 19 18:

84 3031 11 11 «
108 3024 65 19 Dans
187 3024 32 18 les
234 3021 185 20 établissements
431 3017 74 21 situés
520 3018 58 19 dans

59 3048 197 25 l'agglomération
273 3045 138 21 bruxelloise
429 3045 24 19 et
469 3044 32 19 les
517 3047 52 15 com-

60 3079 79 15 munes
164 3074 114 22 bilingues
303 3072 28 18 de
354 3071 24 19 la
402 3068 111 21 frontière
536 3068 34 19 lin-

60 3100 120 24 guistique,
204 3096 191 24 l'enseignement
418 3095 31 19 du
474 3093 104 23 français

60 3127 36 18 est
115 3124 134 24 obligatoire
270 3127 29 14 en
319 3121 87 24 régime
427 3119 107 20 flamand
555 3119 23 18 et

60 3149 185 25 l'enseignement
263 3148 31 19 du
312 3146 106 20 flamand
437 3146 37 19 est
491 3144 78 23 obliga-

61 3176 58 18 toire
136 3169 42 25 "en
211 3173 87 24 régime
330 3171 114 26 français;
465 3170 61 19 mais
546 3173 31 15 au

61 3201 74 18 moins
155 3201 33 18 les
209 3200 60 19 deux
289 3198 56 20 tiers
367 3197 27 19 d^
414 3196 109 20 l'horaire
544 3194 25 19 to-

61 3226 33 19 tal
109 3226 78 19 seront
201 3223 196 20 nécessairement
410 3219 105 22 réservés
531 3224 45 15 aux

62 3255 67 14 cours
149 3250 57 19 faits
227 3249 58 20 dans
317 3248 25 19 la
374 3247 85 24 langue
492 3245 77 19 mater-

61 3276 65 20 nelle.
141 3281 13 12 »

87 3301 31 19 12.
135 3298 108 23 Modifier
258 3303 90 15 .,ommc
365 3297 46 21 suit
426 3296 96 20 l'article
539 3296 35 19 22:

88 3332 11 12 <
114 3326 20 18 A
148 3326 22 18 la
186 3324 109 21 demande
310 3323 53 20 d'un
378 3322 88 20 certain
480 3322 96 19 nombre

63 3351 27 19 de
105 3351 65 18 chefs
186 3350 27 19 de
228 3349 88 19 famille
331 3349 72 22 ayant
416 3347 115 19 ensemble
544 3351 32 15 au

62 3376 75 19 moins
156 3375 52 23 cinq
229 3374 93 19 enfants
341 3372 64 24 d'âge
424 3372 102 22 scolaire,
544 3376 32 15 in

64 3405 68 15 cours
158 3400 130 22 didactique
313 3399 28 18 de
365 3398 98 19 féconde
487 3397 90 24 langue,

64 3426 147 23 comportant
229 3429 31 15 au
278 3424 76 19 moins
373 3423 56 19 trois
448 3423 90 29 heures^
549 3422 27 19 de

64 3451 77 22 lpçone
165 3455 43 18 par
229 3449 108 21 semaine,
359 3453 54 14 sera
435 3446 105 24 organisé
562 3446 15 20 à

64 3476 75 23 partir
163 3476 27 18 du
212 3475 25 19 la
259 3473 129 24 cinquième
412 3472 75 20 année
509 3471 69 21 d'étu-

66 3500 46 19 dos.
130 3501 32 18 La
180 3500 171 23 fréquentation
370 3499 28 18 de
415 3503 27 14 ce
459 3502 67 15 cours
543 3500 34 16 est

65 3526 137 19 facultative
223 3530 58 18 pour
300 3525 34 18 les
355 3523 94 19 enfants
471 3523 55 19 dont
546 3523 32 19 les

65 3551 95 23 parents
174 3555 29 14 no
217 3550 56 20 l'ont
287 3555 42 18 pas
344 3547 106 21 réclamé.

91 3576 31 18 13.
140 3575 108 19 Modifier
263 3579 89 15 comme
368 3574 48 18 suit
431 3572 96 20 l'article
543 3573 33 19 24:

92 3607 11 11 <
118 3601 64 18 Dans
197 3600 33 20 les
246 3601 19 17 r'
280 3604 48 16 seea
343 3599 122 24 primaires
483 3598 96 20 (section

67 3625 168 24 préparatoire)
274 3623 115 21 annexées
425 3627 47 16 aux
508 3621 72 20 écoles

68 3654 122 19 TRoyennes
206 3649 86 20 situées
309 3650 58 19 dans
384 3647 196 25 l'agglomération

69 3674 133 23 brexeUoSce
221 3677 23 18 et
262 3677 34 18 le*
315 3680 133 14 commune.
440 3680 9 9 1
468 3674 112 23 bilingues

72 3698 27 18 de
115 3699 23 19 la
154 3699 111 21 frontière
283 3699 157 23 linguistique,
457 3698 25 19 la
498 3697 83 23 langue

71 3723 28 18 de
115 3723 182 22 l'enseienement
313 3725 34 18 est
361 3724 24 19 la
399 3723 85 24 langue
499 3723 75 18 mater-

70 3748 60 19 nelle
147 3754 28 14 ou
193 3750 86 19 usuelie
298 3749 28 19 de
344 3748 103 20 l'enfant,

97 3778 12 13 >
131 3773 14 20 X.
163 3779 13 14 s
198 3773 181 24 tempéraments
402 3772 111 24 pourront
535 3771 47 20 être

69 3798 108 23 apportés
196 3799 15 19 à
230 3799 23 19 la
272 3798 68 24 règle,
358 3798 64 19 selon
440 3798 34 19 les
492 3797 90 19 besoins

68 3822 171 25 pédagogiques
255 3823 40 19 d?s
311 3822 74 20 élèves
401 3824 24 18 et
438 3823 32 19 les
485 3823 89 18 circons-

68 3848 82 19 tances
167 3849 90 19 locales,
273 3848 60 20 mais
349 3853 38 14 ces
404 3847 179 24 tempéraments

68 3877 30 15 re
115 3874 113 22 pourront
244 3873 66 19 avoir
325 3877 59 18 pour
399 3873 60 19 effet
475 3873 28 18 de
519 3873 65 19 nuire

67 3897 15 20 à
96 3898 85 19 l'étude
195 3898 152 24 approfondie
362 3898 28 19 de
404 3898 23 19 la
440 3898 84 23 langue
537 3902 39 14 ma-

68 3924 100 19 ternelle.
186 3929 12 12 »

93 3949 31 19 14.
142 3949 110 19 Modifier
267 3953 89 15 comme
374 3948 47 20 suit
436 3947 96 21 l'article
549 3948 34 19 25:

93 3980 12 12 «
123 3974 65 19 Dar.3
208 3974 32 19 les
259 3974 87 19 classes
364 3972 75 21 visées
456 3972 17 21 à
490 3973 95 20 l'article

67 3999 129 24 précèdent,
214 4000 190 23 l'enseignement
421 4000 28 19 de
467 4000 22 19 la
508 4004 72 14 secon-

69 4023 26 19 de
116 4024 83 23 langue
221 4024 117 19 nationale
361 4023 36 20 est
417 4023 135 23 obligatoire
571 4027 10 14 z

68 4049 73 23 partir
158 4050 27 18 de
202 4049 23 19 la
240 4049 26 22 3e
283 4047 74 21 année
375 4047 102 21 d'études
493 4048 93 23 jusqu'à

68 4078 152 15 concurrence
253 4074 54 19 d'un
339 4074 123 19 minimum
481 4074 28 19 de
527 4073 53 20 troii

68 4097 80 21 heures
161 4104 43 19 par
216 4099 110 20 semaine.
338 4099 19 20 Il
371 4104 29 14 ne
413 4104 93 19 pourra,
517 4097 17 20 à
545 4103 31 15 au-

68 4128 43 14 cun
125 4125 109 22 moment,
249 4123 97 21 excéder
359 4125 21 19 le
395 4124 54 20 tiers
464 4124 31 19 du
509 4125 76 22 temps

68 4149 101 19 scalaire.

93 4174 29 19 15.
141 4175 127 20 Intercaler
286 4174 16 20 à
319 4174 25 20 la
362 4174 60 20 suite
441 4174 28 20 de
487 4174 97 20 l'article

68 4197 30 22 25.
117 4204 31 15 un
169 4200 81 19 article
271 4204 106 15 nouveau
397 4199 61 20 ainsi
479 4204 75 18 conçu

94 4230 10 11 «
122 4225 49 19 Art.
190 4225 68 19 25bîs.
276 4235 28 5 —
322 4225 44 19 Les
386 4225 150 23 dispositions
558 4224 26 19 ie

68 4247 92 22 l'article
174 4250 12 19 7
199 4252 55 17 sont
267 4250 142 24 applicables
422 4249 16 20 à
451 4249 126 24 l'enseigne-

70 4275 59 19 ment
143 4280 87 19 moye^.
244 4281 12 12 »

93 4300 29 19 16.
135 4300 138 24 Remplacer
285 4300 97 20 l'article
395 4300 27 20 26
436 4305 44 19 par
492 4300 34 19 les
541 4299 35 20 dis-

70 4325 106 22 positions
195 4326 120 19 .suivantes
338 4330 6 14 :

95 4355 10 12 «
118 4350 47 20 Art
180 4351 32 19 26.
227 4361 25 4 —
267 4351 37 19 En
319 4356 41 14 cas
376 4350 28 21 de
420 4349 76 23 doute,
510 4350 64 23 l'apti-

72 4372 48 22 tude
137 4376 109 20 effective
279 4376 28 19 de
338 4375 78 21 l'élève
434 4375 17 20 à
481 4375 104 20 recevoir

73 4402 49 18 ■vtd
137 4401 59 20 fruit
211 4401 105 20 l'instruc
336 4406 30 14 on
383 4401 59 19 dans
459 4401 24 19 la
499 4401 85 22 langue

75 4422 96 27 désigné?
191 4432 88 14 comme
300 4426 66 20 étant
385 4431 28 15 sa
433 4426 84 23 langue
536 4430 38 14 ma-

74 4447 85 24 ternelle
181 4457 29 14 ou
233 4452 87 19 usuelle
324 4451 54 20 ''est
399 4450 104 22 vérifiée,
525 4450 59 20 dans

74 4471 18 22 le
104 4477 94 19 courant
214 4477 30 19 du
259 4476 102 24 premier
375 4477 59 19 mois
451 4476 28 20 de
493 4474 90 21 l'année

75 4500 99 22 eeolai-e."
182 4507 43 18 par
242 4507 30 14 un
288 4502 54 23 jury
358 4500 108 25 composé
483 4501 30 19 du
529 4500 56 20 chef

77 4526 20 18 ta
114 4526 187 21 l'établissement
320 4532 28 15 ou
370 4527 28 19 de
416 4532 44 14 son
481 4525 102 25 délégu\

81 4550 104 22 président,
210 4553 22 19 et
268 4552 27 19 de
332 4552 59 19 deux
413 4552 116 20 membres
553 4550 30 19 du

81 4576 9 14 e
91 4577 40 21 °rps
152 4577 140 24 professoral
314 4577 57 19 dont
391 4577 47 20 l'un
458 4582 54 14 sera
532 4580 52 20 pro-

79 4596 75 26 fawar
173 4602 28 19 de
221 4601 114 24 première
354 4602 83 23 langue
457 4603 25 19 et
500 4602 83 20 l'autre

78 4625 119 21 professeur
221 4628 29 18 de
274 4627 98 20 seconde
396 4628 92 22 langue.
512 4626 63 20 L'ins-

76 4650 82 20 pecteur
172 4653 27 18 de
213 4653 79 20 l'Etat,
306 4653 28 19 de
347 4651 74 21 même
435 4657 44 19 que
493 4652 22 19 le
529 4651 55 20 chef

76 4675 22 19 ■S
113 4676 85 20 famille
218 4677 111 20 Intéressé
347 4678 102 23 peuvent
467 4682 29 14 en
514 4680 60 20 appe-

76 4695 27 22 ler
117 4701 25 18 de
157 4702 22 19 la
196 4702 102 20 décision
315 4703 30 19 du
359 4703 55 23 jury
429 4707 31 15 au
476 4702 106 20 ministre

75 4725 127 23 «ompétent.

75 4769 12 10 ^
96 4754 11 13 <
122 4752 48 19 Art.
189 4753 68 19 26bis.
275 4762 26 5 —
321 4753 44 21 Lee
386 4753 148 23 dispositions
555 4752 27 19 de

87 4775 73 21 article
177 4778 13 19 9
208 4778 112 19 ci-dessus
338 4778 52 19 sont
408 4778 142 24 applicables
568 4776 16 20 à

88 4801 163 24 «•Geignement
273 4807 90 19 moyen.
385 4808 12 13 >
406 4815 4 4 -

599 202 61 53 Les
683 201 157 52 Concerts
862 196 19 51 à
905 194 173 53 Bruxelles

689 301 159 23 CONCERTS
862 298 135 21 DEFATJW

607 345 31 20 Ce
659 341 129 25 cinquième
809 340 24 19 et
854 337 175 21 avant-dernier
1050 341 44 16 con-

581 371 51 19 cert
649 369 39 19 fut
706 363 215 28 particulièrement
940 362 102 22 brillant,
1060 366 45 19 par

583 396 22 18 la
624 391 152 25 composition
794 389 32 19 du
844 392 156 20 programme,
1018 392 44 18 par
1081 386 24 19 la

582 417 86 26 qualité
683 417 28 19 de
725 413 138 22 l'exécution
876 413 24 19 et
914 417 44 19 par
973 412 24 19 la
1010 411 85 24 partici-

582 444 79 23 pation
681 442 53 18 d'un
752 437 84 22 maître
856 435 130 22 incontesté
1007 436 31 19 du
1058 436 39 19 vio-

582 470 38 18 lon
639 472 6 15 :
663 466 31 19 M.
709 465 103 22 Georges
829 463 98 19 Enesco.

607 499 107 20 Virtuose
727 495 64 21 aussi
806 494 114 24 accompli
934 493 54 24 qu'il
1004 493 35 19 est
1053 498 42 18 pos-

581 525 64 20 sible,
661 520 176 22 humainement
854 519 27 20 de
899 518 71 22 l'être,
985 518 31 19 M.
1033 517 62 19 Enes-

581 554 27 15 co
624 546 95 24 conquit
733 550 43 15 son
792 544 78 24 public
886 548 46 15 non
948 548 29 14 en
992 542 104 20 l'éblouis-

580 574 55 19 sant
649 577 43 19 par
706 576 28 14 sa
747 570 126 22 technique
886 578 27 4 —
926 573 28 14 ce
969 568 40 24 qui
1023 567 32 19 lui
1070 572 26 14 se-

582 598 46 20 rait
646 596 64 20 aussi
730 594 50 20 aisé
800 593 54 25 qu'à
874 593 125 24 n'importe
1018 592 40 24 qui
1078 601 28 5 —

581 622 59 19 mais
660 626 28 14 en
706 620 103 19 mettant
826 624 37 14 ses
883 617 145 24 incroyables
1048 616 48 20 faci-

580 646 53 20 lités
645 645 114 24 digitales,
770 649 29 15 sa
808 643 106 20 maîtrise
926 643 28 19 de
964 642 98 20 l'archet
1074 646 31 15 au

580 671 89 20 service
690 670 28 19 de
739 669 64 21 l'Art,
825 669 28 19 de
873 668 25 19 la
917 668 71 23 façon
1009 667 23 19 la
1053 667 52 23 plus

580 696 104 19 modeste
705 699 29 15 en
753 693 76 20 même
850 694 76 22 temps
944 697 45 19 que
1009 692 24 19 la
1052 692 53 24 plus

581 720 105 20 savante.

608 752 23 19 Si
649 756 42 15 son
709 749 121 21 exécution
849 750 27 19 de
894 755 11 12 «
922 749 102 24 Tzigane
1041 753 19 17 >,
1078 748 28 19 de

581 777 105 19 Maurice
709 775 81 22 Ravel,
812 780 12 13 «
847 779 60 19 page
932 774 28 19 de
981 773 125 23 technique

581 801 183 20 transcendante
776 806 18 14 ».
807 800 37 19 fut
856 804 45 15 une
912 804 58 19 pure
982 798 125 21 merveille,

581 832 44 19 par
640 827 24 19 la
680 824 79 21 sûreté
775 824 181 21 déconcertante
973 823 40 20 des
1029 823 77 22 traits,

582 850 195 25 l'interprétation
796 850 54 23 qu'il
871 849 79 19 donna
960 848 39 20 *du
1018 854 12 13 c
1049 848 48 19 Con-

582 877 64 19 certo
660 881 28 14 en
703 875 24 20 ré
740 875 91 23 majeur
843 880 13 12 >
870 874 28 20 de
911 874 97 21 Mozart,
1021 872 86 20 réalisa

582 902 24 18 la
619 901 129 23 perfection
764 899 76 20 même
855 899 31 20 du
899 898 61 25 style
975 899 24 19 et
1013 898 28 19 de
1055 897 44 20 l'ex-

582 926 112 24 pression.
714 923 67 23 Bissé
803 929 57 15 avec
879 929 32 14 un
932 923 174 20 enthousiasme

583 951 181 24 indescriptible,
788 949 98 20 l'artiste
910 948 43 20 dut
976 948 94 23 ajouter
1092 946 16 21 à

583 981 42 14 son
640 980 147 20 programme
802 975 23 18 la
838 980 12 12 «
864 972 90 21 Bourée
967 979 11 12 »
994 973 28 19 de
1036 973 71 21 Bach,

583 1000 68 24 jouée
663 1006 56 14 avec
730 1005 45 14 une
788 998 106 20 maîtrise
906 998 39 25 qui
957 998 32 19 lui
1002 998 66 19 valut
1080 998 27 19 de

584 1026 118 20 nouvelles
718 1025 113 20 ovations.

609 1057 146 20 L'orchestre
773 1057 23 19 et
811 1055 31 21 M.
859 1055 106 22 Defauw,
983 1059 59 20 pour
1057 1054 52 20 leur

585 1084 59 23 part,
657 1087 28 15 ne
698 1081 140 21 récoltèrent
849 1086 42 18 pas
903 1081 76 19 moins
992 1080 107 24 d'applau-

586 1108 138 20 dissements
740 1106 70 25 grâce
825 1111 31 15 au
871 1106 58 21 soin,
943 1110 31 15 au
990 1105 51 20 brio
1056 1105 24 19 et
1094 1103 16 20 à

586 1133 161 23 l'intelligence
760 1131 67 25 qu'ils
840 1131 88 20 mirent
941 1131 59 19 dans
1014 1128 86 22 l'exécu-

587 1159 48 19 tion
650 1158 30 19 du
694 1157 114 20 Concerto
822 1156 94 22 Grasso,
930 1160 28 15 en
973 1154 24 21 ré
1011 1155 99 22 mineur,

587 1184 28 19 de
634 1182 113 22 Haendel,
768 1182 28 20 de
814 1182 25 19 la
857 1181 142 24 Symphonie
1019 1180 42 22 n.4,
1081 1185 28 14 en

587 1208 32 19 ml
631 1207 98 20 mineur,
744 1207 27 20 de
783 1207 108 21 Brahms,
903 1206 31 19 du
946 1211 12 13 «
971 1206 48 19 Feu
1034 1205 67 20 d'arti-

588 1233 45 19 fice
644 1238 13 12 »
670 1233 27 19 de
710 1231 146 24 Strawinsky
867 1232 23 19 et
904 1231 28 20 de
942 1231 25 19 la
979 1236 12 13 «
1004 1230 65 20 Suite
1083 1230 27 19 de

587 1258 69 19 Valse
668 1263 12 13 »
693 1258 27 19 de
732 1257 21 20 J.
764 1257 103 21 Strauss,
878 1256 40 24 qui
930 1255 121 21 terminait
1063 1255 48 19 fort

588 1281 175 26 agréablement
775 1282 21 20 le
809 1282 100 19 concert.

614 1327 213 21 L'ORCHESTRE
861 1325 226 24 SYMPHONIQTJE

763 1352 179 21 POPULAIRE

616 1395 31 19 Le
679 1393 102 25 premier
810 1391 96 21 concert
921 1391 28 20 de
965 1396 26 15 ce
1006 1395 107 15 nouveau

591 1419 154 24 groupement
765 1417 171 21 Instrumental,
956 1416 58 20 dont
1031 1416 22 19 le
1071 1415 42 20 but

592 1443 204 24 philanthropique
813 1441 84 20 mérite
915 1441 66 20 toute
999 1441 23 19 la
1040 1441 64 19 consi-

592 1468 105 20 dération
717 1473 16 14 a
752 1472 29 15 eu
801 1467 46 19 lieu
867 1466 90 19 samedi
978 1465 135 24 après-midi

592 1498 30 14 au
640 1493 79 20 Palais
740 1493 40 19 des
797 1491 152 20 Beaux-Arts.
970 1491 30 19 M.
1019 1491 22 19 J.
1059 1490 55 20 Jon-

591 1523 45 19 gen
651 1523 28 14 en
695 1517 65 20 avait
774 1515 94 21 assumé
882 1516 23 19 la
920 1516 120 19 direction.
1055 1514 57 21 Sous

591 1548 42 14 son
648 1542 123 23 Impulsion
785 1542 143 23 vigoureuse,
941 1540 90 20 adroite
1044 1540 24 19 et
1081 1540 23 19 in-

592 1567 124 24 telligente,
738 1566 134 19 l'orchestre
892 1564 86 20 réalisa
997 1569 46 15 une
1062 1569 43 19 par-

592 1592 57 19 faite
669 1590 108 20 cohésion
798 1591 24 18 et
841 1590 95 19 montra
957 1591 32 17 les
1008 1589 51 24 plus
1079 1588 25 20 ré-

592 1616 87 19 rieuses
692 1614 100 25 qualités
808 1615 28 19 de
849 1614 118 24 souplesse
982 1614 23 19 et
1021 1613 27 20 de
1063 1612 42 25 pré-

591 1640 80 20 cision.

616 1664 32 19 Le
663 1669 147 18 programme
827 1663 48 20 fort
890 1662 147 20 Intéressant,
1053 1667 50 15 com-

591 1689 92 23 prenait
702 1693 45 15 une
769 1688 141 24 Symphonie
931 1688 28 19 de
977 1687 94 24 Haydn,
1090 1687 24 19 la

591 1713 140 24 Symphonie
751 1718 27 14 en
796 1713 27 19 ut
840 1713 27 19 de
884 1712 121 22 Schubert,
1022 1712 39 24 qui
1078 1712 27 19 fu-

591 1733 52 25 rent
658 1737 151 25 interprétées
826 1737 58 20 dans
898 1738 21 18 le
934 1737 107 19 meilleur
1055 1737 59 23 style

591 1764 23 18 et
636 1767 31 15 un
692 1762 114 20 Concerto
829 1763 28 18 de
880 1762 90 19 Mozart
993 1760 54 25 joué
1070 1766 43 17 par

592 1787 30 22 M.
641 1788 82 19 Stefan
741 1787 122 19 Askenase
881 1792 56 14 avec
957 1788 85 18 autant
1059 1786 46 20 d'es-

591 1813 47 24 prit
651 1818 45 18 que
712 1813 27 19 de
754 1812 56 20 brio.

617 1838 31 19 Le
664 1838 82 23 public,
761 1836 161 22 relativement
937 1836 134 24 nombreux,
1085 1835 29 22 fit

591 1868 31 14 au
642 1863 69 23 jeune
731 1862 119 20 orchestre
871 1866 32 15 un
923 1861 82 20 èuccès
1025 1862 40 24 qui
1084 1866 29 15 ne

592 1892 128 20 manquera
736 1892 43 19 pa.i
799 1887 153 19 d'influencer
985 1886 120 20 favorable-

592 1913 65 19 ment
674 1917 57 14 ceux
748 1912 39 24 qui
806 1912 41 19 ont
864 1910 74 22 hésité
955 1910 15 21 à
986 1912 98 19 assister
1099 1910 15 21 à

592 1943 37 14 ses
644 1936 89 20 débuts.

999 1969 43 19 Ph.
1056 1968 33 20 M.

1812 188 97 141 ES
1964 184 497 149 NOUVELLES
2512 184 49 141 3

2593 187 131 35 HEURES

2639 237 43 32 DU

2606 284 106 33 MATIN

591 2044 79 20 JUAN
690 2043 76 30 ^Iôtel
785 2042 85 21 Casino
890 2043 53 20 face
962 2043 69 24 plage

612 2069 55 19 LES
694 2069 36 19 ch.
749 2073 58 15 avec
825 2073 30 14 ou
876 2073 56 15 sans
951 2068 104 24 pension.

599 2094 70 19 PINS
696 2094 62 19 conf.
778 2093 61 20 modL
858 2092 17 20 à
894 2093 77 24 partir
991 2093 30 21 do
1040 2094 26 19 15
1083 2093 30 20 fr.

669 2173 103 40 CA
806 2173 99 39 ET
936 2174 97 39 LA

693 2243 173 21 L'Association
882 2248 60 19 pour
959 2243 116 21 favoriser

651 2269 158 20 l'illustration
826 2269 42 20 des
885 2269 71 20 livres
973 2274 30 15 en
1019 2269 99 22 France,

595 2304 93 26 organise
706 2304 75 26 chique
797 2304 65 20 anm'e
877 2311 28 13 un
922 2310 99 14 concours
1037 2304 33 25 qui
1087 2307 30 17 est

595 2336 26 14 un
642 2330 96 20 véritable
756 2332 167 21 encouragement
941 2336 50 17 pour
1010 2330 29 20 les
1057 2329 51 20 artis-

595 2359 36 19 tes.
646 2356 84 20 Ceux-ci
744 2359 45 17 sont
801 2355 82 20 conviés
897 2356 12 20 à
923 2355 89 20 illustrer
1020 2362 24 13 en
1054 2361 49 17 19,12
1110 2361 6 14 :

597 2388 10 12 «
618 2382 38 20 Les
670 2383 107 20 aventures
791 2381 123 20 d'Alcendor
928 2384 20 16 et
961 2381 25 20 de
1002 2381 115 22 Boui'Iot»,

596 2413 36 17 par
662 2406 86 25 Jeanine
779 2406 247 21 Harmand-Schwander.
1058 2407 59 20 Deux

596 2432 46 24 prix
653 2438 7 15 :
675 2432 41 21 l'un
731 2433 25 19 de
771 2437 57 18 5.000
843 2432 34 23 fr.,
891 2432 73 20 l'autre
977 2432 26 20 de
1019 2438 56 17 1,000
1090 2432 26 19 fr.

597 2458 28 19 I.e
645 2458 87 23 premier
751 2458 47 24 prix
818 2461 101 20 comporte
939 2464 24 13 en
984 2460 59 18 outre
1061 2457 47 21 l'édi-

597 2483 42 20 tion
655 2484 26 19 de
696 2484 102 23 l'ouvrage
814 2483 70 25 primé.
899 2484 79 19 Ouvert
993 2483 18 20 le
1028 2488 22 18 15
1066 2483 51 20 avril

599 2514 56 18 19.12,
672 2515 23 14 ce
713 2515 99 14 concours
829 2515 45 14 sera
892 2509 41 20 clos
950 2509 19 19 le
988 2510 20 19 i*
1010 2510 9 10 r
1035 2509 83 19 octobre

600 2540 55 18 1932.
677 2534 77 20 Tentes
776 2534 29 20 les
827 2534 108 21 demandes
957 2534 26 20 de
1005 2534 105 24 renseigne-

597 2563 65 16 ments
684 2559 82 21 doivnt
772 2578 4 3 .
786 2560 43 19 être
850 2559 104 21 adressées
975 2560 14 20 à
1010 2558 101 22 l'Associa-

596 2584 43 22 tion
657 2591 51 17 pour
728 2584 99 21 favoriser
845 2584 137 20 l'illustration
1002 2585 36 20 des
1056 2584 61 21 livres

597 2616 25 13 en
659 2610 85 23 France,
779 2616 33 18 49,
847 2610 112 21 boulevard
996 2610 123 23 St.-Michcl,

599 2634 59 21 Taris
678 2637 53 22 (3').

76 4794 20 22 l'e

83 4858 52 34 EN
159 4863 230 34 QUELQUES
411 4863 158 31 LIGNES

95 4948 17 21 £
124 4952 28 19 La
171 4953 82 23 Banque
272 4953 108 20 Nationale?
397 4953 26 20 de
441 4953 91 23 Hongrie
550 4952 32 20 ré-

75 4975 78 22 tuira.le
165 4981 48 17 taux
226 4979 25 19 de
263 4985 36 13 son
311 4981 100 21 escompte
423 4979 25 19 de
461 4984 11 18 y
485 4979 12 19 à
510 4979 12 19 6
533 4982 19 21 p.
565 4984 18 14 c.

75 5002 15 15 *
105 5002 20 17 18
139 5003 57 21 avril.

86 5053 4 6 .
95 5030 18 21 *
125 5034 16 19 A
160 5034 77 25 Sivaîa,
256 5035 19 20 le
293 5035 83 20 château
396 5034 25 20 de
439 5035 93 22 Foishor,
551 5035 30 19 ré-

75 5055 70 23 ndence
164 5060 53 19 d'été
236 5061 28 18 du
283 5060 32 19 roi
334 5061 25 18 de
378 5060 121 25 Roumanie,
518 5066 12 14 a
550 5060 32 19 été

76 5079 75 24 détruit?
168 5088 13 20 p
182 5092 23 12 cr
222 5090 27 15 un
266 5084 97 21 incendie.

95 5116 16 15 a
125 5115 25 19 Le
166 5116 83 19 pontbrj
278 5123 22 13 es
315 5117 92 19 victime!
423 5118 25 19 de
463 5116 117 25 l'explosion

76 5138 19 33 g
115 5140 106 20 Coiombus
239 5141 77 22 (Ohio)
341 5144 32 17 est
395 5143 26 18 de
438 5148 46 18 cinq
501 5142 45 20 tués
561 5145 20 17 et

75 5165 148 24 finqua-te-scpt
238 5167 81 18 blesses.

95 5186 18 21 &
125 5190 30 19 On
168 5198 12 13 a
193 5191 94 19 retrouvé
299 5192 30 18 les
341 5195 60 20 corps
414 5192 24 19 de
451 5192 50 20 trois
514 5194 68 18 autres

45 5210 23 33 I""
76 5214 86 21 Membres
175 5217 25 18 de
213 5216 112 23 l'êquipaye
338 5217 25 19 de
376 5217 125 23 l'hydravion
516 5218 66 19 tombé

76 5242 10 11 ■
100 5238 17 19 la
134 5247 41 13 mer
193 5241 15 19 H
225 5247 14 17 y
256 5247 13 13 a
287 5241 14 19 d
313 5247 28 13 hx
357 5241 60 24 jours
433 5243 14 18 à
463 5243 118 22 Sotircbaya

78 5260 60 25 (rates
154 5266 174 21 Néerlandaises).

97 5287 15 11 *
126 5290 29 19 Un
170 5291 92 20 iv.-ndie
274 5291 48 19 s'est
336 5291 80 20 déclaré
430 5293 49 19 r'^ns
493 5293 29 19 les
535 5298 47 14 con-

77 5314 55 20 auttes
146 5316 111 20 d'aération-
273 5317 60 18 d'une
348 5317 53 18 mine
416 5317 25 19 dj
455 5317 61 24 -mira,
530 5318 53 18 dans

77 5343 23 12 **
115 5341 90 21 environs
222 5342 26 19 de
265 5341 132 23 Hasaribaçh
416 5343 91 22 (Indes).
527 5343 55 19 Oita-

79 5364 44 20 **■»
142 5367 88 19 mineurs
251 5369 35 17 ont
308 5367 32 18 éé
385 5367 86 24 phyxiés
491 5371 19 17 et
533 5368 50 20 trois

78 5390 85 21 ensevelis
179 5398 48 14 sens
244 5393 30 18 les
291 5392 123 20 dêcorroTcs.

96 5416 18 15 *
126 5415 36 20 Les
176 5416 102 21 rvîatenrs
292 5417 92 18 Co-.fetle
398 5420 18 16 et
431 5417 58 20 Salrl
503 5421 34 15 ou'
552 5420 30 18 ah

79 5441 23 31 j?'
103 5444 8 10 r
111 5444 7 12 '
131 5441 12 18 à
158 5442 175 19 Colomb-Bcehav.
351 5441 44 21 Une
410 5443 85 25 temptU
510 5444 26 19 de
550 5450 32 13 sa-

80 5464 16 24 °.
94 5466 9 13 e
116 5464 48 21 sévît
179 5473 9 14 b
205 5466 90 25 Itirgéon:
303 5473 15 13 i

80 5492 24 15 m
114 5489 48 21 sh'il
175 5498 36 14 sur
224 5493 20 20 la
257 5492 78 23 région.

747 2683 50 20 Une
814 2682 104 20 semaine
934 2682 32 20 du
983 2682 136 20 Commerce

624 2714 30 20 Le
672 2714 77 21 Comité
766 2714 80 20 Central
863 2714 35 21 des
915 2714 53 21 fêtes
985 2714 26 21 d":
1028 2714 90 24 quartier

598 2739 25 21 de
644 2740 20 19 la
685 2740 96 20 chaussée
802 2739 107 22 d'Anvers,
932 2740 61 20 Porte
1013 2739 106 21 d'Anvers.

599 2765 63 19 Ponts
680 2765 24 20 de
724 2765 86 23 Laeken,
828 2771 35 18 par
881 2765 88 20 décision
988 2764 25 21 de
1031 2765 77 20 l'assem-

598 2790 44 20 blée
654 2790 101 23 générale,
768 2790 93 23 ofganis-
873 2790 26 20 du
912 2796 25 17 .10
950 2790 51 20 avril
1014 2796 26 13 au
1054 2795 11 18 7
1078 2790 40 19 mai

600 2815 96 23 prochain
717 2821 38 15 une
777 2815 54 20 Gran
832 2818 13 11 ■"
884 2815 94 22 Cemaine
1005 2815 28 21 du
1060 2815 50 20 Com-

598 2845 75 15 merce.

625 2865 28 20 Le
670 2865 36 19 but
724 2865 25 20 de
766 2868 52 17 cette
835 2865 150 20 manifestation
1003 2868 32 17 est
1051 2864 58 21 d'atti-

601 2895 33 13 rer
656 2890 20 19 la
698 2890 55 20 fou'.e
775 2890 36 19 des
833 2890 102 22 visiteurs,
956 2890 162 24 principalement

601 2914 29 19 les
646 2914 104 23 étrangers
766 2921 25 13 au
807 2914 94 24 quartier.

629 2939 55 20 Tour
707 2939 56 20 créer
793 2946 39 13 une
861 2939 109 20 attraction
998 2939 123 24 susceptible

604 2963 129 20 d'intéresser
751 2964 18 20 le
787 2964 66 23 public
869 2968 21 16 et
907 2965 27 23 l'y
950 2968 81 18 retenir.
1048 2965 19 20 le
1084 2965 29 20 Co-

602 2989 49 19 mité
666 2988 94 24 organise
774 2995 27 14 un
815 2990 103 19 Concours
933 2990 116 24 d'Etalages
1063 2990 59 20 d'une

604 3014 65 20 forme
685 3014 80 21 inédite.

800 3068 119 24 Déjeuner
938 3068 184 25 belgo-brésllîen

630 3099 29 20 La
681 3099 100 21 Chambre
803 3100 25 19 de
849 3100 118 20 Commerce
994 3100 116 24 beîgo-brés:

603 3124 73 22 lieane.
694 3131 45 17 302,
758 3131 37 14 rue
812 3125 83 24 Royale,
914 3125 113 23 Bruxelles,
1044 3125 80 20 tiendra

602 3150 20 19 le
642 3150 98 20 mercredi
768 3156 25 17 27
813 3150 60 22 avril,
899 3151 13 19 4
935 3157 7 13 1
948 3157 8 13 1
978 3151 20 19 h.
1017 3156 33 18 45,
1070 3151 15 20 à
1103 3151 20 19 la

602 3175 93 20 Taverne
717 3176 83 22 Royale,
823 3182 23 13 sa
869 3175 85 20 réunion
976 3176 99 20 annuelle.
1104 3176 19 20 A

602 3203 52 17 cette
669 3201 111 20 assemblée
794 3201 96 20 assistera
907 3201 29 20 M.
951 3201 24 22 E.
990 3202 56 20 Leite
1061 3202 58 20 Cher-

602 3229 63 20 mont,
685 3226 145 20 ambassadeur
848 3227 29 20 du
897 3226 71 22 Brisil,
987 3230 21 17 et
1026 3227 30 20 M.
1076 3227 48 20 Cas-

603 3255 52 18 teur,
687 3251 93 20 ministre
811 3251 182 24 plénipotentiaire,
1025 3252 100 21 directeur

602 3276 83 23 général
706 3277 27 19 du
753 3283 113 14 commerc.
886 3277 102 20 extérieur
1009 3284 26 13 au
1056 3277 59 20 minis-

602 3301 43 20 tère
661 3303 36 18 des
712 3301 94 21 Affaires
822 3302 122 24 étrangères.

629 3327 44 19 Elle
690 3334 45 13 sera
751 3327 65 21 suivie
833 3328 47 19 d'un
895 3328 99 23 déjeuner
1009 3328 14 21 à
1041 3328 42 20 iïh
1097 3334 25 18 30

604 3352 57 23 Cprix
676 3358 24 18 35
717 3352 26 21 fr.
758 3359 49 14 sans
820 3353 20 20 le
854 3353 54 20 vin).

627 3378 39 20 Le*
686 3384 114 17 personnes,
820 3384 25 14 ne
864 3378 77 21 faisant
960 3384 37 19 pas
1016 3378 64 25 partie
1098 3379 25 20 de

600 3402 21 21 la
640 3403 108 24 Chambre,
766 3403 42 23 qui.
826 3403 140 21 s'întéressant
984 3410 27 14 au
1030 3404 85 24 dévelop-

601 3431 80 20 pement
699 3429 36 20 des
754 3428 96 21 relations
867 3429 205 23 belgo-brésilicnnes.
1089 3433 35 17 ont

602 3453 19 20 le
644 3453 56 20 désir
722 3454 106 20 d'a>sist»r
850 3460 27 15 au
900 3454 104 23 déjeuner,
1028 3459 95 19 pourront

601 3484 14 17 y
633 3479 109 24 participer
760 3480 13 19 à
791 3479 102 20 condition
912 3480 29 19 d't
950 3487 7 12 1
977 3480 53 20 faire
1048 3483 45 21 part
1111 3480 13 19 à

602 3504 19 19 la
644 3504 102 20 Chaxbre
769 3504 24 20 de
815 3505 124 23 Commerce,
960 3511 28 14 au
1009 3505 47 25 plus
1077 3506 46 19 tard

602 3528 19 20 le
635 3530 25 19 26
674 3529 60 24 avril,
748 3530 13 19 à
775 3529 57 25 mïdi.

624 3577 20 19 A
658 3577 118 21 Flémalle.
791 3588 29 5 —
834 3579 51 19 Une
900 3578 56 20 auto
971 3578 79 20 tombe
1065 3578 60 20 dans

600 3601 24 19 la
637 3602 88 20 Meuse.
739 3612 29 6 —
782 3603 38 19 Un
835 3602 68 24 noyé.
917 3613 28 5 —
961 3602 31 21 M.
1008 3604 117 22 Svrinnen,

599 3626 25 19 38
636 3632 50 17 ans,
700 3628 28 19 de
740 3628 105 24 Seraîng,
858 3628 104 24 essayait
973 3633 46 15 une
1033 3629 91 19 voiture

600 3652 145 23 automobile,
757 3653 55 24 quai
824 3653 32 19 du
866 3653 98 24 Halage,
976 3652 16 20 à
1003 3652 122 21 Flémalle-

600 3675 84 23 Haute,
695 3677 93 20 lorsnue
800 3678 106 21 soudain,
919 3677 15 20 à
947 3678 24 20 la
983 3678 61 19 suite
1058 3678 67 19 d'une

602 3700 75 21 fausse
687 3707 142 17 manœuvre,
838 3703 24 19 la
872 3703 92 19 voiture
975 3703 79 19 tomba
1065 3703 59 20 dans

602 3725 22 19 la
644 3726 85 20 Meuse.
752 3727 33 20 Le
807 3728 152 19 malheureux
982 3728 143 19 conducteur

602 3749 38 20 n*a
658 3756 30 18 pu
708 3751 49 21 être
777 3752 78 20 retiré.
874 3753 46 19 Les
940 3752 139 20 recherches
1098 3757 26 15 se

603 3776 153 21 poursuivent.

657 3843 108 34 Laine
789 3853 93 32 pour
906 3844 162 34 Matelas

607 3893 122 18 provenant
758 3893 40 19 des
825 3893 132 20 meilleures
986 3894 78 18 tontes
1092 3892 28 20 de

607 3915 102 20 moutons
724 3916 218 21 Sambre-et-Meuse
959 3917 106 21 (LAINE
1080 3917 30 19 VI-

608 3937 116 23 VANTE).
741 3941 54 20 Prix
814 3942 21 20 le
852 3943 52 23 plus
922 3945 148 22 avantageux
1090 3942 30 19 du

610 3962 90 21 narché.
707 3965 128 21 S'adresser
842 3967 115 20 LAVOIR
968 3968 42 19 DE
1022 3967 100 22 LAINE,

610 3986 10 19 1
622 3987 30 20 18.
670 3993 39 15 rue
726 3990 65 22 Heyv
792 3993 58 20 aert.
869 3992 70 20 Brux.
958 3991 48 21 Tél.
1024 3992 96 19 21-15.73.

639 4046 31 37 L?
689 4056 115 32 concours
826 4054 149 44 dramatique
996 4053 90 37 wallon

808 4106 15 39 à
843 4109 71 44 Liège

620 4171 46 21 (De
683 4173 64 20 notre
762 4178 181 22 correspondant
959 4177 148 25 particulier)

894 4202 77 25 Liège,
988 4203 26 20 17
1031 4203 67 19 avril.

631 4221 149 22 Aujourd'hui
802 4230 15 15 a
839 4231 28 15 eu
890 4227 53 21 lieu,
967 4232 30 15 au
1021 4227 102 21 Théâtre

606 4245 75 23 Royal
698 4246 28 20 de
741 4247 73 24 Lié"e,
829 4251 24 19 la
867 4251 107 21 dernière
990 4251 85 21 séance
1092 4252 32 19 du

606 4274 111 16 concours
734 4272 142 27 dramatique
892 4277 84 20 wallon
994 4277 33 20 du
1042 4277 81 20 Grand

605 4294 57 20 Prix
676 4294 31 20 du
721 4295 50 22 Rot
785 4298 33 20 Da
832 4301 150 20 nombreuses
997 4306 118 19 personna-

605 4319 53 18 lités
670 4319 120 24 politiques
802 4324 23 19 et
836 4324 124 22 littéraires
973 4325 89 21 étaient
1073 4325 42 24 pré-

605 4345 85 17 sentes.
703 4344 65 21 Volei
779 4347 21 19 1ï
812 4352 146 20 programme
972 4351 29 19 de
1014 4351 62 19 cette
1090 4355 25 15 re-

605 4368 157 23 présentation
779 4372 39 23 qui
833 4374 76 20 obtint
924 4380 32 15 un
972 4376 37 20 vif
1024 4374 81 21 succès
1115 4380 6 14 :

606 4397 12 14 «
631 4392 118 21 Walthère
763 4395 16 19 li
793 4396 65 21 Diale
872 4404 19 16 »,
905 4399 103 20 comédie
1023 4405 29 15 en
1065 4400 59 19 trois

604 4417 66 19 actes
688 4418 27 19 de
733 4418 31 20 M.
781 4420 83 24 Lekeu,
882 4423 141 25 interprétée
1041 4429 44 19 par
1102 4424 21 19 le

605 4442 74 19 cercle
699 4448 12 12 c
727 4442 44 21 Les
788 4444 75 22 Echos
882 4447 41 20 des
940 4449 105 20 Rochers
1064 4455 13 13 »
1094 4449 30 19 de

604 4466 98 23 Durbuy
711 4471 6 17 ;
743 4473 12 12 c
772 4468 111 23 Moncheu
907 4473 109 20 Glorieux
1039 4475 85 20 auteur

604 4491 148 23 dramatique
771 4498 19 15 >,
809 4495 101 21 camédie
930 4502 29 16 en
979 4498 58 20 trois
1058 4498 65 20 actes

605 4515 29 19 de
646 4515 31 19 M.
688 4515 22 20 J.
722 4515 96 25 Evrard,
830 4519 137 25 interprétée
980 4527 44 19 par
1036 4523 22 19 le
1070 4523 45 19 Cer-

604 4540 35 19 cla
657 4540 41 19 des
714 4540 117 22 Verreries
849 4544 135 22 d'Herbatte
1003 4547 120 21 (Namur).

630 4564 32 19 M.
683 4565 106 24 Bovesse,
810 4567 104 22 ministre
935 4571 41 20 des
997 4572 27 20 P.
1045 4572 26 20 T.
1091 4572 32 20 T..

605 4588 58 20 était
676 4588 100 25 présent.

629 4614 32 19 Le
675 4613 119 24 président
807 4615 28 20 de
850 4617 90 22 l'Union
954 4620 124 21 Nationale
1094 4621 29 19 de

603 4638 144 20 Littérature
766 4639 124 25 Wallonne,
909 4642 30 23 M.
957 4645 95 24 Carlier,
1070 4651 43 19 pro-

603 4668 77 18 nonça
694 4667 31 15 un
740 4663 58 20 Detit
812 4664 102 23 discours
929 4670 23 19 et
965 4669 45 20 l'on
1023 4670 101 24 procéda

604 4687 91 20 ensuite
708 4692 15 14 a
737 4688 23 19 la
773 4689 165 23 proclamation
952 4693 39 20 des
1007 4694 117 20 résultats.

629 4712 35 19 La
676 4712 78 23 Coupe
768 4713 31 19 du
811 4714 44 19 Roi
868 4717 36 18 est
916 4718 115 22 emportée
1044 4724 43 19 par
1101 4720 23 19 la

604 4736 91 20 Société
709 4737 152 21 Dramatique
877 4740 27 19 de
917 4741 98 21 Couillet
1028 4749 45 18 par
1084 4744 40 19 308

604 4761 79 24 points
700 4766 41 14 sur
757 4761 45 20 360.
820 4762 35 20 La
870 4764 85 21 société
972 4772 12 14 <
1002 4767 92 21 Caritas
1112 4774 12 13 >

604 4787 71 18 d'Ans
689 4786 65 19 vient
768 4787 90 19 ensuite
871 4793 56 16 avec
940 4790 37 19 301
991 4793 78 19 -noints
1084 4798 42 14 sur

603 4811 48 21 360;
668 4810 43 19 elle
724 4810 89 19 obtient
828 4817 22 13 .x
862 4812 104 22 médaille
982 4816 86 20 offerte
1082 4822 43 18 par

603 4836 25 19 la
642 4835 55 19 ville
713 4834 30 19 de
757 4834 76 25 Liège.
849 4841 12 13 <
876 4837 35 20 La
924 4838 112 23 Louvlère
1051 4848 19 16 »,
1086 4842 39 19 293

605 4860 78 20 points
698 4864 41 15 sur
753 4859 45 20 360.
813 4865 25 14 se
853 4861 48 19 voit
915 4862 110 22 décerner
1039 4866 22 19 la
1079 4865 37 20 mé-

604 4885 69 19 daille
691 4884 87 19 offerte
797 4889 43 18 par
858 4885 22 20 le
897 4886 135 23 Trocadéro.
1051 4890 74 20 Enfin

604 4910 55 19 sont
674 4907 87 21 classés
777 4908 58 20 dans
853 4909 90 21 l'ordre:
960 4918 12 13 «
987 4914 44 20 Les
1047 4914 78 20 Echos

604 4935 41 19 des
663 4934 105 19 Rochers
788 4938 13 13 »
818 4933 28 19 de
865 4934 101 26 Durbuy,
983 4943 12 12 «
1012 4939 34 19 La
1064 4940 51 19 Gail-

603 4958 66 20 larde
688 4964 11 10 *
718 4958 29 19 de
765 4956 76 25 Liège,
858 4958 34 20 les
910 4959 117 24 Véneries
1045 4963 71 21 d'Her-

603 4984 66 19 batte
682 4983 29 19 de
723 4982 98 19 Namur.

1129 419 85 61 m.
1267 418 385 63 TARDIEU

1204 509 93 65 parle
1334 508 19 52 à
1390 509 197 65 Giromagny

1128 624 9 21 i
1152 614 28 33 La
1194 613 106 39 politique
1314 613 125 32 extérieure
1453 620 28 24 ne
1495 613 46 32 doit
1555 621 40 31 pas
1609 614 48 32 être

1198 663 78 37 l'enjeu
1289 662 38 32 des
1338 662 70 37 partis
1419 672 19 26 »,
1453 661 140 33 déclare-Ml

1334 717 155 25 Giromagny,
1510 718 27 19 17
1558 718 68 20 avril.

1161 754 67 20 Dans
1247 757 32 16 un
1299 752 108 21 discours
1426 752 56 25 qu'il
1502 756 16 16 a
1537 753 119 25 prononcé

1131 782 16 20 à
1169 783 155 24 Giromagny,
1354 785 43 17 sur
1425 781 22 20 le
1476 780 121 21 territoire
1627 782 29 19 de

1132 811 100 23 Beîfort,
1255 811 33 20 M.
1311 810 102 21 Tardieu
1436 815 16 15 a
1474 809 109 26 souligné
1605 810 41 20 l'in-

1133 840 64 20 térêt
1221 839 116 25 singulier
1362 843 46 21 que
1433 838 130 26 l'étranger
1587 839 69 26 porte

1130 873 50 16 aux
1195 868 114 21 élections
1323 867 143 25 françaises.

1160 897 34 21 M.
1214 897 103 20 Tardieu
1338 901 16 16 a
1373 895 111 21 constaté
1504 895 25 21 la
1550 896 106 21 stabilité

1132 926 114 25 politique
1263 925 29 21 de
1309 925 25 21 la
1351 925 93 20 France
1460 924 97 21 surtout
1573 924 84 26 depuis

1132 955 191 25 l'après-guerre,
1341 954 77 20 même
1435 953 175 21 actuellement.

1162 985 32 19 M.
1207 983 103 21 Tardieu
1323 987 16 16 a
1352 982 94 20 déclaré
1459 982 26 20 la
1498 986 4 6 '
1514 982 100 20 écsssité
1628 982 29 21 de

1132 1012 140 26 poursuivre
1289 1011 25 20 la
1329 1011 114 26 politique
1459 1010 29 20 de
1491 1016 11 9 r
1517 1011 129 24 contingen-

1135 1040 104 22 tements
1263 1045 61 21 pour
1348 1039 135 21 combattre
1508 1039 151 20 notamment

1133 1070 22 21 le
1170 1069 118 26 dumping
1303 1069 25 20 et
1344 1068 96 26 rappelé
1456 1073 28 16 ce
1500 1072 45 21 que
1561 1067 21 21 le
1599 1072 48 21 gou-

1133 1098 141 22 vernement
1291 1103 17 15 a
1326 1097 46 21 fait
1391 1102 30 16 en
1438 1097 88 20 faveur
1543 1096 32 21 du
1594 1101 53 15 com-

1133 1127 92 22 merce.'

1165 1156 80 26 Après
1263 1154 69 22 avoir
1348 1154 68 26 parlé
1434 1154 32 21 du
1485 1153 77 22 crédit
1579 1153 80 26 public

1135 1186 24 20 et
1177 1185 30 21 de
1225 1185 96 21 l'action
1340 1183 190 24 internationale,
1549 1183 32 20 M.
1600 1183 48 20 Tar-

1135 1215 55 20 dieu
1206 1219 17 16 a
1238 1214 47 21 dit:

1161 1257 67 20 Nous
1252 1256 143 21 aborderons
1419 1255 25 20 la
1467 1253 139 21 conférence
1633 1253 27 20 de

1136 1284 124 19 Lausanne
1281 1282 58 20 dans
1359 1286 31 14 un
1411 1280 74 24 esprit
1504 1280 28 20 de
1552 1279 99 20 concilia-

1137 1309 56 20 tion.
1210 1309 21 19 Il
1247 1307 72 21 suffit
1336 1306 28 21 de
1382 1306 108 24 rappeler
1506 1310 43 15 nos
1566 1305 65 19 actes
1652 1309 6 14 :

1136 1334 152 25 suppression
1312 1332 31 20 du
1366 1331 101 21 contrôle
1492 1332 24 19 et
1539 1329 121 21 réduction

1138 1360 28 20 de
1184 1360 27 19 20
1230 1364 21 19 p.
1270 1363 19 15 c.
1309 1358 40 20 des
1368 1356 131 26 paiements
1519 1356 28 20 de
1567 1355 84 24 répara-

1137 1386 67 21 tions,
1216 1384 148 25 acceptation
1377 1384 31 19 du
1420 1382 127 20 moratoire
1559 1382 102 20 Hoover.

1137 1410 88 20 crédits
1238 1410 119 20 consentis
1368 1408 16 20 à
1396 1409 24 19 la
1431 1409 27 20 B.
1471 1409 29 19 R.
1511 1407 19 20 I.
1542 1408 20 19 Il
1575 1407 86 20 faudra

1140 1436 93 20 fournir
1257 1440 32 15 un
1315 1434 73 20 effort
1413 1434 28 19 de
1467 1431 194 26 compréhension

1138 1461 119 23 mutuelle,
1274 1460 61 20 mais
1355 1460 22 19 la
1396 1459 63 20 seule
1477 1458 102 20 solution
1599 1458 53 19 Inac-

1139 1487 106 24 ceptable
1263 1486 73 20 serait
1353 1485 57 20 celle
1430 1484 57 20 dont
1504 1484 101 20 feraient
1624 1488 28 14 ex-

1138 1512 154 19 clusivement
1309 1511 33 20 les
1360 1511 59 19 frais
1436 1510 33 19 les
1487 1508 174 21 contribuables

1139 1538 24 19 et
1178 1538 32 19 les
1225 1536 154 25 producteurs
1395 1536 40 20 des
1449 1540 59 20 pays
1523 1533 137 22 créanciers.

1167 1577 39 19 Au
1222 1575 65 26 sujet
1302 1575 29 21 de
1347 1575 24 20 la
1386 1574 109 27 question
1512 1574 148 20 danubienne

1137 1605 33 20 M.
1190 1604 104 21 Tardieu
1312 1610 16 15 t-
1347 1603 94 21 déclaré
1460 1607 46 22 que
1525 1602 25 21 la
1569 1603 91 19 France

1138 1638 15 15 a
1170 1633 74 20 offert
1262 1637 43 16 son
1321 1633 54 20 aide
1392 1636 57 16 ~3-ns
1465 1631 51 21 rien
1531 1631 130 20 demander

1137 1666 62 21 pour
1215 1661 133 20 elle-même
1366 1661 16 20 à
1400 1661 42 20 des
1458 1659 98 27 peuples
1574 1663 45 21 que
1636 1658 25 21 la

1138 1689 87 21 faillite
1242 1694 106 16 menace.

1165 1718 33 20 Le
1220 1718 143 21 Parlement,
1387 1717 59 21 diWl
1477 1721 90 17 encore,
1591 1715 71 20 devra

1138 1743 139 24 poursuivre
1294 1748 43 15 son
1355 1743 73 19 effort
1446 1747 58 19 pour
1520 1742 24 19 la
1560 1738 101 22 sécurité

1140 1769 22 18 et
1180 1769 173 23 l'organisation
1372 1767 119 20 défensive
1509 1767 40 19 des
1565 1764 88 21 frontiè-

1139 1799 37 14 res
1194 1799 44 17 que
1256 1794 56 19 rend
1330 1792 144 20 nécessaires
1492 1791 80 24 depuis
1591 1791 70 18 douze

1139 1824 44 14 ans
1202 1819 23 19 la
1245 1818 119 20 réduction
1383 1817 123 20 constante
1526 1816 40 20 des
1585 1816 77 19 forces

1139 1844 130 20 militaires.

1165 1877 131 21 D'ailleurs,
1313 1876 24 19 la
1356 1875 110 24 politique
1486 1872 128 23 extérieure
1633 1877 29 14 ne

1140 1902 50 19 doit
1212 1907 43 20 pas
1278 1901 50 20 être
1351 1901 84 23 l'enjeu
1458 1900 40 19 des
1521 1898 82 25 partis.
1625 1898 37 19 En

1140 1928 66 19 efffrt.
1229 1926 119 20 comment
1371 1925 121 20 travailler
1514 1929 31 15 au
1568 1928 87 19 rappro-

1141 1953 109 19 chement
1272 1952 40 19 d;s
1333 1951 96 24 peuples
1451 1950 18 19 si
1492 1950 46 19 l'on
1561 1949 36 20 est
1618 1953 45 20 peu

1140 1978 111 19 soucieux
1277 1977 31 19 du
1333 1975 196 25 rapprochement
1561 1975 40 18 des
1633 1974 21 19 ci-

1140 2004 88 23 toyens.
1245 2003 66 19 Dans
1328 2007 26 14 ce
1372 2001 108 20 domaine
1496 2001 24 19 la
1536 2000 118 20 collabora-

1141 2029 48 19 tion
1214 2028 28 20 de
1265 2028 53 19 tous
1340 2028 35 19 les
1397 2026 105 24 français
1526 2027 36 19 est
1585 2024 69 21 néces-

1141 2054 68 19 saire.
1234 2053 83 20 Puisse
1342 2052 24 20 la
1390 2052 106 19 nouvelle
1521 2050 143 25 législature,

1141 2083 89 15 comme
1244 2079 24 18 la
1283 2077 109 22 dernière,
1406 2082 30 14 ne
1449 2076 110 21 sacrifier
1572 2081 90 15 aucune

1141 2105 40 20 des
1201 2108 77 15 armes
1298 2103 143 19 essentielles
1461 2103 28 19 de
1508 2102 24 19 la
1551 2101 112 25 politique

1142 2129 128 22 extérieure
1285 2130 29 19 de
1327 2130 25 19 la
1364 2129 99 20 France.
1475 2128 86 20 L'Etat
1574 2128 50 19 doit
1637 2131 26 17 sa

1142 2154 111 20 défendre
1274 2154 28 19 de
1323 2154 65 19 toute
1409 2153 115 20 tendance
1545 2152 119 20 socialiste

1144 2180 153 20 destructrice
1313 2180 99 19 souvent
1426 2177 137 22 camouflée.
1579 2179 32 20 Le
1627 2179 28 19 de-

1141 2205 51 19 voir
1209 2204 39 20 des
1265 2203 104 25 citoyens
1385 2203 105 24 français
1507 2204 36 19 est
1559 2203 59 20 donc
1636 2203 27 19 de

1142 2230 67 19 voter
1229 2230 82 19 contre
1332 2229 33 19 les
1386 2228 131 20 socialistes
1538 2228 25 20 et
1583 2228 81 20 contre

1142 2260 58 14 ceux
1221 2255 39 19 oui
1281 2254 102 20 feraient
1402 2259 57 15 avec
1479 2254 34 19 les
1532 2253 131 20 socialistes

1144 2281 40 18 des
1201 2280 178 24 arrangements
1396 2284 59 20 pour
1470 2279 22 21 le
1508 2279 87 21 second
1611 2279 54 19 tour

1142 2306 28 19 de
1188 2305 97 20 scrutin.

1258 2346 31 32 Un
1304 2345 98 32 discours
1413 2345 26 32 de
1450 2345 29 32 M.
1489 2344 60 33 l'm

1262 2400 94 21 Pertuls
1373 2400 146 22 (Vaucluse),
1533 2400 25 20 16
1573 2400 66 20 avril.

1168 2433 67 20 Venu
1246 2433 111 24 apporter
1368 2433 85 24 l'appui
1465 2433 28 19 de
1504 2437 28 15 sa
1543 2432 79 24 parole
1634 2437 30 14 au

1143 2459 112 19 candidat
1277 2458 70 20 social
1351 2458 43 20 irto
1418 2458 28 20 de
1468 2458 25 20 la
1514 2457 152 23 c'rconscrip-

1143 2484 49 19 tiou
1207 2484 74 24 d'Apt,
1294 2484 31 19 M.
1337 2484 63 19 Léon
1413 2484 70 20 Blum
1497 2489 14 14 a
1524 2482 105 25 souligné
1643 2483 21 19 le

1143 2509 125 20 désaccord
1283 2509 46 24 qui.
1343 2509 42 19 sel'
1421 2509 40 21 lui.
1476 2508 73 21 existe
1563 2509 66 19 entre
1643 2509 21 19 le

1144 2535 105 19 discours
1269 2535 28 19 de
1318 2534 31 21 M.
1368 2535 102 19 Tardieu
1490 2534 25 19 et
1534 2534 59 19 celui
1614 2539 43 19 pro-

1143 2559 74 20 noncé
1236 2565 44 19 par
1297 2560 22 19 le
1338 2560 73 24 garde
1430 2560 40 19 des
1489 2564 93 16 sceaux.

1166 2605 28 6 —
1208 2596 31 19 M.
1256 2595 109 22 Tardieu,
1384 2595 59 20 a-t-tl
1463 2595 40 23 dit,
1521 2600 15 15 a
1554 2595 46 20 fait
1618 2600 46 15 une

1144 2620 124 20 Invitation
1286 2626 66 14 assez
1369 2620 64 20 nette
1450 2625 46 15 aux
1513 2621 112 19 radicaux
1642 2621 24 19 et

1144 2646 91 20 dessine
1257 2651 31 14 un
1310 2646 150 19 mouvement
1481 2646 28 19 de
1530 2646 126 19 concentra-

1145 2672 49 18 tion
1219 2671 110 24 politique
1355 2673 22 18 et
1402 2671 180 23 parlementaire
1607 2671 58 19 dans

1143 2696 75 24 lequel
1236 2697 15 18 il
1269 2696 109 20 voudrait
1394 2697 49 19 voir
1459 2696 79 20 entrer
1554 2697 34 19 les
1605 2697 50 19 radi-

1144 2726 68 17 caux;
1230 2721 60 19 mais
1308 2726 15 15 a
1340 2722 76 19 oublie
1434 2722 26 19 de
1477 2726 59 15 nous
1554 2721 48 20 dire
1619 2726 45 19 que

1143 2747 21 19 le
1181 2751 87 19 groupe
1285 2746 76 20 Marin
1379 2752 28 14 en
1422 2746 107 20 sortirait
1545 2746 111 20 immédia-

1144 2773 95 18 tement.
1256 2772 31 19 M.
1303 2772 60 19 Paul
1381 2772 120 23 Reynaud,
1518 2777 44 18 par
1578 2772 87 22 contre,

1143 2802 15 14 a
1175 2796 91 20 déclaré
1283 2801 45 19 que
1344 2797 21 19 le
1381 2801 87 19 groupe
1485 2797 31 19 M.
1527 2797 35 19 rin
1580 2797 36 20 est
1631 2797 25 20 in-

1144 2822 190 20 dissolublement
1350 2821 29 20 Hé
1396 2821 16 20 à
1427 2822 24 20 la
1467 2821 116 25 majorité.

1169 2847 32 19 Le
1217 2847 79 19 leader
1311 2847 117 20 socialiste
1444 2847 57 20 s'est
1515 2846 95 21 attaché
1628 2852 27 14 en-

1143 2872 62 19 suite
1221 2871 17 20 à
1254 2871 111 24 critiquer
1382 2872 21 20 le
1422 2872 105 20 discours
1545 2872 31 20 du
1592 2873 72 24 garde

1146 2897 39 19 des
1204 2901 92 15 sceaux.

1172 2921 143 21 Examinant
1339 2922 90 20 ensuite
1451 2922 22 20 le
1503 2923 105 20 discours
1638 2923 28 19 de

1146 2946 31 21 M.
1199 2947 102 21 Herriot,
1323 2947 111 20 l'orateur
1453 2948 118 19 socialiste
1592 2954 16 14 a
1630 2948 28 20 dé-

1147 2972 62 19 claré
1230 2976 51 19 que,
1300 2972 96 23 n'ayant
1415 2977 42 19 pas
1477 2972 56 25 posé
1553 2973 28 20 de
1600 2979 57 18 ques-

1146 2996 62 20 tions
1229 2997 47 20 lors
1298 2997 28 21 de
1346 3002 43 15 son
1411 2997 80 21 récent
1512 2998 104 20 discours
1638 3000 28 18 de

1146 3021 133 23 Narbonne,
1300 3022 16 20 il
1336 3023 88 20 n'avait
1442 3028 44 19 pas
1507 3024 29 20 de
1555 3023 110 25 réponses

1146 3046 16 20 à
1179 3047 113 20 attendre.

1173 3072 23 19 Si
1213 3072 21 19 le
1249 3072 62 24 parti
1327 3073 116 21 socialiste
1459 3074 93 20 arrlvev
1567 3080 28 15 en
1611 3075 54 20 tête,

1148 3096 66 22 dit-il,
1231 3097 16 20 il
1265 3098 167 24 revendiquera
1447 3099 22 20 le
1485 3101 103 22 pouvoir.
1605 3101 23 19 SI
1646 3101 20 20 le

1148 3122 61 24 parti
1232 3123 116 20 socialiste
1371 3125 59 20 n'est
1451 3130 44 19 pas
1523 3130 67 15 assez
1617 3127 49 19 fort

1149 3152 60 18 pour
1233 3148 129 20 constituer
1387 3150 20 19 le
1434 3152 189 22 Erouvernement,
1649 3152 14 19 il

1148 3177 86 19 pourra
1255 3174 100 23 prendre
1377 3180 29 14 en
1427 3175 54 20 face
1509 3176 54 20 d'un
1591 3177 74 25 grrnd

1148 3198 61 24 parti
1228 3198 34 20 les
1281 3198 114 21 décisions
1414 3201 54 23 qu'il
1486 3201 84 25 Jugera
1588 3201 70 21 néces-

1148 3223 80 20 saires.

1174 3248 32 19 Le
1223 3249 79 20 leader
1317 3251 116 20 socialiste
1450 3257 15 14 a
1482 3251 93 26 rappelé
1593 3252 65 26 égale-

1148 3275 65 19 ment
1223 3274 33 20 les
1266 3275 77 23 points
1353 3281 42 14 sur
1406 3277 99 23 lesquels
1516 3282 45 16 une
1573 3280 93 19 entente

1149 3296 56 24 était
1223 3300 100 23 possible
1341 3302 65 19 entre
1424 3303 112 20 radicaux
1553 3305 24 18 et
1593 3305 65 20 socia-

1149 3323 65 20 listes
1240 3329 6 15 :
1271 3325 139 21 diminution
1434 3328 40 19 des
1498 3328 86 21 crédits
1608 3330 49 20 mili-

1148 3348 78 24 taires,
1239 3351 87 23 reprise
1339 3352 40 19 des
1392 3354 140 23 monopoles,
1544 3354 44 22 etc.

1181 3389 28 32 H.
1225 3389 84 33 Herriot
1322 3391 82 39 répond
1418 3394 13 30 à
1447 3393 28 32 H.
1491 3394 23 32 P.
1529 3394 104 38 Reynaud

1277 3445 34 23 La
1324 3446 178 29 Tour-du-Pin,
1516 3449 31 24 17
1560 3451 73 23 avril.

1151 3505 6 7 t
1179 3478 66 23 Dnns
1259 3486 34 17 un
1307 3481 115 24 discours
1435 3484 59 29 qu'il
1506 3491 14 16 a
1534 3487 131 27 prononcé

1148 3513 14 15 a
1175 3507 34 23 La
1221 3508 176 27 Tour-du-Pin,
1410 3511 31 23 M.
1455 3512 101 24 Herriot
1568 3521 15 15 a
1597 3515 59 23 criti-

1147 3541 48 22 que
1210 3535 125 26 vivement
1347 3538 124 25 l'attitude
1487 3541 33 23 du
1534 3542 130 25 ministère

1148 3563 90 23 actuel.

1177 3591 32 23 M.
1224 3592 100 24 Herriot
1340 3600 14 17 a
1370 3596 97 23 ensuile
1482 3596 115 30 répondu
1615 3606 48 17 aux

1147 3620 154 28 principaux
1317 3628 116 24 passages
1450 3625 34 23 du
1501 3626 115 25 discours
1634 3628 31 25 de

1146 3647 32 23 M.
1191 3648 61 23 Paul
1266 3649 129 29 Reynaud.

1178 3676 19 22 Il
1209 3683 15 16 a
1235 3678 124 27 reproché
1371 3681 153 24 notamment
1536 3683 14 23 à
1560 3683 32 23 M.
1603 3683 53 31 Rey-

1147 3704 68 24 naud
1233 3705 31 22 de
1280 3706 100 23 vouloir
1397 3710 91 22 rendre
1505 3710 24 23 la
1545 3712 119 24 minorité

1147 3733 163 27 responsable
1324 3735 31 22 de
1366 3736 68 23 l'état
1447 3738 34 22 du
1493 3737 92 32 budget
1597 3743 24 21 et
1634 3743 31 22 de

1148 3762 89 22 mettre
1255 3767 32 17 en
1306 3769 75 17 cause
1397 3764 25 23 la
1440 3767 163 25 commission
1622 3770 43 23 des

1146 3788 116 24 finances
1277 3791 25 21 et
1315 3793 154 23 notamment
1484 3794 32 24 M.
1529 3796 90 29 Malvy.

1742 411 51 28 UN
1814 409 323 31 AVERT.SSEMENT

666 5028 47 35 Un
732 5028 139 42 meeting
887 5029 171 39 d'aviation

667 5076 226 36 international
911 5079 21 34 à
949 5078 110 39 Zurich

877 5146 90 24 Zurich,
987 5149 26 20 16
1034 5151 65 21 avril.

630 5171 158 21 L'Aéro-Œub
812 5170 29 20 do
866 5171 78 20 Suisse
968 5176 116 22 organise,
1107 5176 17 19 à

602 5197 91 22 Zurich,
711 5202 32 14 un
761 5196 104 23 meeting
882 5196 124 22 d'aviation
1024 5200 92 20 Interna-

603 5223 79 20 tional,
698 5222 39 23 qui
754 5221 86 19 durera
858 5221 113 23 plusieurs
988 5223 70 23 jours.

627 5247 34 20 Le
677 5246 104 24 meeting
796 5246 28 18 de
841 5246 60 19 cette
918 5246 74 21 annéa
1007 5253 58 16 aura
1079 5249 46 20 Heu

603 5272 30 19 du
646 5272 26 19 22
683 5276 31 15 au
728 5271 23 19 31
766 5270 83 24 juillet.
861 5270 32 19 Le
906 5275 146 20 programme
1065 5279 51 15 com-

606 5298 94 23 portera
725 5301 32 14 un
781 5299 113 15 concours
919 5295 148 26 d'acrobati«,
1076 5301 48 25 ybn

603 5323 83 19 circuit
706 5322 40 19 des
766 5321 77 23 Alpes,
862 5324 31 15 un
913 5324 112 17 concours
1045 5323 29 20 de
1093 5324 23 19 vi-

603 5348 62 18 tesse
684 5352 41 14 sur
744 5351 31 14 un
794 5344 84 20 circuit
896 5344 73 20 fermé
988 5348 30 21 et,
1036 5353 89 14 comme

604 5372 142 21 innovation,
766 5375 32 15 un
817 5374 112 15 concours
949 5375 58 18 pour
1027 5372 99 24 équipes.

603 5398 63 18 Pour
680 5397 33 19 les
727 5395 120 20 aviateurs
861 5394 103 23 sportifs,
979 5401 30 14 on
1025 5402 15 14 a
1054 5397 71 24 prévu

603 5427 31 14 un
648 5422 72 23 rallye
734 5422 24 18 et
769 5425 31 15 un
815 5419 116 23 handicap
944 5419 129 22 s'êtend?nt
1086 5428 41 14 sur

603 5446 39 20 600
661 5445 144 20 kilomètres:
827 5444 24 19 et
869 5448 58 19 pour
946 5443 34 20 les
999 5446 80 19 avions
1097 5447 29 19 de

605 5471 118 22 transport
741 5475 31 14 un
791 5468 84 21 circuit
890 5468 42 20 des
950 5468 68 23 Alpes
1035 5471 89 20 Duben-

604 5492 389 25 dorf-Genève-Milan-Pubendor^

1170 3854 92 39 Succès
1289 3856 43 37 des
1357 3859 287 42 nationaux-socialistes

1146 3919 48 29 aux
1215 3911 118 38 élections
1355 3916 162 38 cemmunales
1533 3918 29 37 de
1575 3919 92 39 Vienne

1425 3989 94 25 Vienne,
1535 3992 26 20 17
1576 3995 66 20 avril.

1170 4013 52 18 Aux
1246 4013 110 20 élections
1378 4016 164 24 communales,
1564 4020 41 22 qui
1626 4021 42 20 ont

1146 4040 28 15 eu
1192 4036 47 20 lieu
1256 4037 147 23 aujourd'hui
1421 4040 59 20 dans
1497 4041 22 20 le
1536 4044 80 19 centre
1633 4046 24 19 In-

1145 4061 97 20 dustriel
1258 4061 28 20 de
1302 4062 166 24 Saint-Polten,
1483 4065 33 20 les
1531 4068 138 22 nationaux-

1146 4085 129 21 socialistes
1297 4087 60 19 ainsi
1379 4093 44 19 que
1447 4089 34 20 les
1502 4094 166 20 communistes

1145 4111 43 19 ont
1204 4111 118 23 remporté
1340 4116 45 16 une
1404 4113 96 21 victoire
1518 4121 66 15 assez
1602 4120 67 18 nota-

1144 4134 38 20 ble
1182 4148 13 17 %
1203 4134 66 21 Voici
1285 4135 35 20 les
1336 4136 111 21 résultats
1462 4139 33 20 du
1511 4142 97 21 scrutin.
1622 4143 45 20 Les

1144 4159 99 20 chiffres
1254 4160 66 19 entre
1331 4162 152 21 parenthèses
1493 4166 54 20 sont
1557 4171 59 16 ceux
1627 4169 40 19 des

1145 4184 110 20 élections
1271 4185 28 19 de
1312 4185 52 19 1927
1373 4191 7 15 :

1171 4208 240 23 Social-démocrates:
1432 4212 72 23 11,544
1524 4215 36 20 (13
1567 4216 48 22 023)
1642 4218 26 20 23

1145 4232 50 21 élus
1212 4232 57 23 (2S).
1618 4232 6 9 '

1170 4258 226 22 Chrétiens-sociaux
1409 4261 24 19 et
1443 4263 224 25 grands^allemands

1147 4282 65 20 (liste
1231 4288 108 15 commun
1354 4285 21 20 ):
1395 4285 58 23 5,917
1475 4288 88 24 (6,305),
1581 4291 25 19 12
1624 4291 35 21 siè-

1144 4312 41 19 ges
1202 4307 56 21 (13).

1169 4332 282 23 Nationaux-socialistes:
1470 4335 58 24 3,333
1548 4338 59 22 (650)
1632 4340 36 21 six

1143 4356 76 25 sièges
1234 4357 42 21 (1).

1171 4382 182 20 Communistes:
1371 4383 40 19 627
1429 4384 69 23 (185).
1514 4385 14 21 1
1544 4386 63 26 siège
1627 4389 42 22 (0).

1147 4447 68 20 Etat»
1228 4447 48 21 Ner
1275 4453 67 16 veux,
1352 4454 13 14 c
1378 4451 34 18 La
1424 4450 101 22 Feulllée
1537 4457 19 16 a.
1569 4454 95 21 Namur.

1147 4514 30 37 Le
1198 4514 103 46 congrès
1324 4516 30 38 de
1376 4518 21 36 la
1417 4518 116 44 jeunesse
1554 4522 114 39 ouvrière

1191 4571 141 37 chrétienne
1351 4573 121 39 flamande
1492 4574 14 38 à
1528 4576 96 39 Anvers

1184 4648 40 21 (De
1241 4651 59 19 notre
1316 4651 159 24 correspondant
1492 4654 133 25 particulier.)

1415 4685 98 21 Anvers.
1532 4687 26 20 17
1577 4689 66 20 avril.

1173 4712 173 21 L'Association
1362 4715 27 19 de
1404 4716 24 20 la
1441 4716 113 21 Jeunesse
1569 4719 90 21 flaman-

1149 4737 28 19 de
1191 4743 16 14 a
1223 4739 55 19 tenu
1295 4738 122 21 dimanche
1433 4745 32 14 un
1480 4741 98 24 congrès
1593 4743 15 19 à
1623 4745 35 19 An-

1147 4767 60 14 vers.
1225 4762 48 21 Des
1293 4763 97 20 milliers
1412 4763 27 21 Ab
1458 4765 101 20 Jocistes
1580 4766 88 23 étaient

1147 4791 74 15 venu3
1237 4787 28 20 de
1280 4788 53 19 tous
1348 4788 33 19 les
1395 4789 65 19 coins
1476 4789 27 19 de
1519 4790 23 19 la
1556 4790 112 26 Belgique

1148 4811 119 20 flamande
1279 4813 24 19 et
1313 4818 24 13 se
1349 4812 179 21 rassemblèrent
1538 4813 15 21 à
1564 4815 23 20 la
1597 4816 63 21 Bour-

1147 4840 32 18 se,
1194 4835 30 21 où
1239 4837 40 19 eut
1292 4837 47 19 Heu
1352 4837 16 20 à
1382 4837 26 20 10
1421 4838 83 20 heures
1518 4838 23 20 la
1555 4841 112 22 première

1147 4859 136 22 assemblée.

1174 4885 50 20 Une
1240 4885 94 20 estrade
1349 4886 65 20 avait
1431 4884 36 21 été
1485 4885 91 21 dressée
1592 4888 65 23 qu'en-

1148 4909 118 20 touraient
1278 4914 43 19 par
1332 4910 121 20 centaines
1464 4910 33 19 les
1510 4910 122 23 bannières
1644 4915 24 19 et

1148 4938 42 16 sur
1202 4934 98 23 laquelle
1314 4935 91 23 prirent
1418 4935 66 23 place
1498 4934 33 20 les
1545 4940 115 19 personna-

1149 4957 59 23 lités,
1220 4959 147 19 notamment
1377 4959 54 23 Mgr
1440 4958 67 22 Zech,
1518 4959 73 22 doyen
1603 4961 56 20 d'An-

1148 4988 60 16 vers,
1225 4983 54 23 Mgr
1293 4983 88 21 Ketel'",
1398 4982 113 20 conseiler
1527 4983 28 19 de
1572 4984 23 19 la
1612 4985 47 20 Con-

1149 5006 131 21 fédération
1299 5008 39 19 des
1356 5007 124 23 Syndicats
1498 5006 130 26 Chrétiens;
1647 5010 21 20 le

1149 5032 115 19 chanoine
1276 5031 103 23 Gardyn,
1391 5031 45 19 etc.

1174 5055 75 24 Après
1262 5056 24 19 la
1298 5055 76 24 prière
1387 5056 24 18 et
1423 5056 22 19 le
1457 5055 72 19 chant
1544 5055 40 20 des
1598 5062 12 13 c
1623 5057 47 20 Ka-

1148 5080 84 24 jotters
1251 5086 13 14 »
1283 5080 31 20 M.
1332 5080 37 19 del
1389 5079 102 20 Martlno
1510 5084 119 20 prononça
1647 5083 21 19 le

1149 5105 104 19 discours
1271 5104 152 20 d'ouverture.

1173 5129 64 22 Puis,
1250 5129 34 20 les
1297 5127 130 25 présidents
1441 5128 40 19 des
1495 5133 12 13 «
1519 5128 122 23 Kajotters
1655 5136 12 12 >

1150 5154 30 20 du
1196 5154 112 20 Brabant.
1324 5153 31 20 du
1370 5152 127 24 Limbourg
1513 5153 23 19 et
1552 5153 40 19 des
1610 5154 58 19 deux

1149 5178 113 19 Flandres
1278 5176 162 25 présentèrent
1454 5181 30 16 un
1501 5177 102 23 rapport.

1174 5203 21 19 A
1208 5202 26 20 11
1248 5202 91 21 heures,
1352 5206 31 14 on
1397 5206 25 14 se
1436 5200 77 20 rendit
1525 5200 16 20 à
1555 5201 24 19 la
1591 5202 69 20 cathé-

1149 5227 70 21 drale,
1238 5226 30 20 où
1285 5226 39 20 fut
1341 5224 99 21 chantée
1457 5225 25 19 îa
1499 5229 81 15 me.-se.
1598 5226 36 20 On
1651 5232 16 19 y

1149 5250 144 25 remarquait
1306 5256 6 14 :
1325 5251 54 23 Mgr
1389 5249 142 23 Coppietsrs,
1542 5248 86 25 évèque
1639 5252 29 19 de

1148 5276 77 21 Gand;
1248 5276 53 23 Mgr
1321 5275 51 19 Van
1394 5273 164 24 Cauwenberg,
1581 5273 86 25 évèque

1148 5299 122 20 auxiliaire
1288 5300 27 18 de
1332 5299 108 21 Malines;
1459 5297 31 20 M.
1506 5297 51 20 Van
1576 5298 92 20 Cauwe-

1149 5324 67 21 laret,
1238 5324 107 19 ministre
1369 5319 88 25 d'État;
1480 5321 115 24 Heyman,
1617 5324 52 19 Van

1150 5348 103 22 Isacker,
1268 5349 52 18 Van
1336 5347 137 23 Caenegem,
1490 5346 43 19 etc.

1175 5372 74 24 Après
1266 5373 24 19 la
1307 5377 75 14 messe
1402 5371 40 19 eut
1459 5370 47 19 '.'eu
1524 5370 23 19 la
1564 5370 96 22 bénédic-

1149 5397 50 20 tion
1216 5397 32 19 du
1262 5400 108 16 nouveau
1386 5395 108 23 drapeau,
1510 5394 58 24 puis,
1585 5396 84 19 devant

1151 5423 21 18 le
1188 5420 87 24 collège
1306 5421 66 18 Saint
1402 5419 213 20 Jean-3erchmans
1631 5421 39 18 eut

1150 5447 46 19 lieu
1207 5450 32 15 un
1250 5444 76 22 défilé,
1336 5444 39 23 qui
1388 5444 58 19 dura
1457 5441 52 27 pràt
1521 5443 66 21 d'une
1599 5444 70 20 heure

1150 5468 160 25 L'après-midi
1328 5474 26 15 se
1374 5469 46 19 tint
1436 5468 24 19 la
1476 5466 84 21 séance
1579 5468 28 20 de
1625 5468 35 20 clô-

1151 5495 60 20 ture.

1702 479 223 63 L'Allemagne
1948 480 34 48 et
2007 477 32 52 la
2060 479 122 53 Russie

1749 555 170 53 célèbrent
1941 566 81 41 avec
2044 555 87 53 éclat

1699 633 253 52 l'anniversaire
1981 632 39 52 de
2043 635 135 63 Rapallo

1678 723 159 21 (Corrtsiondtnr.
1856 722 107 20 particitlte-r,
1981 726 20 13 ce
2020 723 16 17 '..
2056 724 64 19 Nation
2141 725 60 20 Be'sO

1930 743 104 25 Genève.
2050 746 29 23 17
2097 747 73 22 avril.

1709 775 37 23 On
1760 781 27 16 se
1802 774 116 24 souvient
1932 773 34 22 du
1981 780 64 22 coup
2059 776 32 23 de
2106 776 96 22 théâtre

1678 804 43 28 qui
1739 803 81 23 éclata
1837 803 22 23 le
1877 803 29 23 Jfi
1923 801 66 24 avril
2004 803 68 27 1322,
2089 805 113 28 pendant

1677 832 25 22 In
1718 833 153 27 conférence
1888 832 31 23 de
1938 830 78 25 Gènes
2035 839 9 16 :
2060 833 25 23 la
2101 834 91 22 conclu-

1678 861 58 23 sion
1760 861 148 23 inattendue
1931 860 35 22 du
1986 863 115 26 premier
2125 862 75 23 traité

1680 888 272 27 germano-soviétique
1975 888 31 21 de
2024 889 115 30 Rapallo,
2160 890 44 29 qui

1676 918 39 28 fut
1734 918 125 30 complété
1877 918 57 28 plus
1952 918 56 24 lard
2025 926 47 21 par
2090 919 36 23 les
2145 919 59 23 Irai-

1679 947 36 24 lés
1736 948 92 23 d'avril
1848 947 60 23 19'Mi
1929 947 24 21 cl
1972 946 32 24 de
2024 948 51 23 mai
2097 948 67 22 1931.
2183 949 19 21 A

1677 982 25 22 p.
1712 976 42 23 ine
1774 977 85 22 arrivé
1878 976 16 23 à
1915 974 104 27 Genève,
2038 977 32 24 M.
2090 977 114 26 Brûning

1677 1012 16 15 a
1707 1006 59 21 tenu
1781 1006 14 22 à
1808 1005 66 28 fé'rr
1888 1010 59 17 avec
1962 1003 30 25 M.
2005 1006 124 28 Litvinoff
2144 1006 49 23 l'an-

1678 1034 141 23 niversaire
1842 1035 35 22 du
1901 1031 75 24 traité
1998 1034 91 26 initial,
2113 1036 51 27 qui,
2187 1034 16 23 il

1678 1062 123 29 l'époque,
1818 1068 131 23 provoqua
1964 1066 48 18 une
2026 1063 50 28 joie
2094 1070 52 17 non
2162 1063 31 23 dé-

1677 1091 86 26 guisée
1780 1092 65 23 dans
1862 1092 35 21 les
1914 1089 155 29 délégations
2086 1092 107 23 alleman-

1677 1119 46 24 des
1740 1122 24 20 et
1779 1120 162 29 soviétiques.

1709 1149 32 23 M.
1765 1149 121 27 Brûning.
1909 1149 75 25 donc,
2008 1155 16 16 a
2046 1150 77 28 offert
2146 1149 57 24 hier

1680 1184 34 17 un
1736 1178 122 29 déjeuner
1879 1180 14 21 A
1912 1177 32 23 M.
1964 1176 125 31 Litvinoff
2110 1180 25 22 et
2155 1185 51 17 aux

1679 1208 84 23 autres
1787 1206 117 30 délégués
1927 1206 32 23 de
1982 1205 24 24 la
2027 1207 91 24 Russie
2141 1208 16 23 à
2180 1208 24 23 la

1679 1235 153 29 conférence
1864 1237 36 22 du
1931 1234 192 27 désarmement.
2155 1237 49 23 Des

1681 1266 77 23 tonsts
1777 1266 125 22 cordiaux
1920 1264 43 22 ont
1982 1263 38 24 été
2038 1265 124 29 échangés
2181 1266 24 22 et

1679 1294 32 22 M.
1728 1294 125 28 Litvinoff
1868 1300 17 16 a
1901 1295 58 21 tenu
1977 1293 15 23 à
2008 1294 59 23 tenu
2084 1295 15 22 ù
2116 1296 78 21 remet-

1680 1324 38 22 tre
1740 1329 51 17 aux
1810 1322 162 29 journalistes
1993 1322 140 23 allemands
2155 1329 50 16 une

1681 1352 91 27 longue
1793 1351 157 24 déclaration
1972 1350 63 24 dans
2058 1351 107 29 laquelle
2187 1352 19 22 il

1683 1382 74 22 vante
1778 1382 36 22 les
1835 1380 101 23 mérites
1956 1379 35 23 du
2011 1380 75 23 traité
2106 1382 33 22 de
2160 1381 36 23 Ra-

1681 1410 69 29 pallo
1771 1411 24 22 et
1815 1409 32 23 où
1867 1409 19 22 il
1907 1407 94 28 lignale
2020 1415 48 22 que
2086 1409 36 23 les
2143 1410 54 22 rela-

1681 1439 68 23 tions
1773 1436 191 25 commerciales
1987 1439 70 22 enlrc
2081 1438 114 23 l'Allema-

1683 1473 49 21 gne
1749 1467 25 21 cl
1791 1465 47 23 l'U.
1855 1465 30 23 R.
1901 1464 24 23 S.
1943 1463 24 23 S.
1982 1466 57 21 sont
2057 1466 144 22 meilleures

1685 1494 117 30 qu'avant
1815 1494 24 22 la
1851 1499 97 22 guerre.

1713 1525 18 23 A
1756 1525 24 23 la
1803 1524 81 23 même
1906 1523 85 24 heure,
2014 1523 192 24 l'anniversaire

1680 1554 36 22 du
1743 1554 102 28 fameux
1874 1551 74 23 traité
1976 1551 58 24 était
2062 1552 100 23 célébré
2190 1551 15 22 à

1680 1583 104 22 Moscou
1806 1581 32 24 où
1861 1587 33 17 un
1917 1581 106 27 banquet
2046 1581 61 23 était
2128 1581 77 29 offert

1682 1618 51 17 aux
1754 1610 125 23 mcii-.bres
1901 1609 31 24 de
1955 1608 164 25 l'ambassade
2140 1609 66 24 d"i\l-

1680 1640 122 26 leti'agne.

1713 1669 92 22 Tontes
1832 1673 43 18 ces
1903 1666 201 28 manifestations
2132 1666 63 24 méri-

1683 1698 52 22 tent
1750 1696 79 24 d'être
1845 1695 94 24 notées.
1954 1695 21 23 Il
1989 1702 17 23 g
2020 1704 16 16 a
2049 1697 64 23 trois
2129 1697 77 27 jours,

1682 1725 87 23 Ber'.ii
1788 1732 33 16 an
1825 1731 48 16 ion
1883 1725 43 23 -ait
1946 1724 15 23 à
1979 1726 80 26 grand
2080 1726 83 23 'rares
2183 1725 25 22 la

1682 1754 152 24 dissol:it'on
1857 1754 45 23 des
1929 1753 80 23 'orces
2031 1753 174 26 hitlériennes,

1683 1789 99 17 mesure
1807 1789 94 22 propre
1926 1781 15 23 à
1965 1781 110 30 inspirer
2100 1783 25 23 la
2149 1789 48 16 con-

1681 1812 93 28 fiance.
1786 1810 174 29 Aujourd'hui.
1972 1809 159 32 l'Allemagne
2144 1812 63 23 lient

1682 1841 15 22 à
1709 1840 117 29 affirmer
1837 1846 61 16 avec
1910 1839 66 23 éclat
1985 1847 46 17 son
2043 1841 87 23 amitié
2143 1847 64 22 pour

1683 1870 47 22 l'U.
1744 1869 29 23 R.
1787 1870 25 22 S.
1826 1869 25 23 S.
1867 1870 23 22 ri
1906 1869 15 23 à
1935 1869 117 28 rappeler
2067 1877 31 17 au
2115 1869 91 23 monde

1683 1905 48 22 que
1749 1898 97 22 l'union
1864 1899 45 22 des
1928 1898 67 23 deux
2012 1905 62 22 pegs
2092 1899 41 22 n'a
2151 1898 55 22 rien

1683 1935 15 15 n
1713 1927 119 23 craindre
1847 1927 33 23 de
1896 1926 94 24 l'échec
2005 1928 115 23 éventuel
2135 1928 32 24 de
2183 1927 23 22 la

1683 1955 152 29 conférence
1853 1956 35 23 du
1906 1955 189 24 désarmement.

1685 2013 70 32 Hitler
1766 2019 27 26 ne
1807 2019 79 32 pourra
1901 2019 39 31 pas
1953 2012 73 37 parler
2039 2013 13 32 à
2065 2013 143 38 Tannenberg

1934 2083 92 27 Berlin.
2050 2083 30 24 17
2104 2083 72 24 avril.

1715 2112 83 23 Hitler
1821 2118 32 17 ne
1877 2118 92 23 pourra
1993 2119 46 21 pas
2062 2118 145 22 prononcer

1687 2141 30 24 de
1744 2142 116 23 discours
1886 2141 92 25 devant
2002 2141 24 23 le
2059 2142 148 22 monument

1684 2170 69 24 élevé
1776 2171 15 22 à
1813 2169 167 29 Tannenberg
2001 2170 14 23 à
2037 2169 25 24 la
2084 2169 122 23 mémoire

1684 2199 43 25 des
1745 2199 95 23 soldats
1857 2198 137 24 allemands
2011 2198 54 25 tués
2083 2205 30 17 au
2131 2205 75 17 cours

1685 2228 31 23 de
1732 2228 22 23 la
1771 2227 103 25 bataille
1889 2228 41 27 qui
1947 2229 71 26 porte
2033 2234 29 18 ce
2078 2234 67 18 nom.

1716 2257 34 24 Le
1774 2256 130 29 président
1928 2257 34 22 du
1985 2256 92 24 comité
2102 2257 31 23 de
2158 2256 49 23 dis-

1694 2286 50 23 rict
1764 2285 162 24 d'AIlenstein
1947 2292 22 19 a,
1989 2291 31 17 en
2041 2286 69 26 effet,
2130 2285 67 23 inter-

1685 2316 36 23 dit
1744 2315 24 23 la
1788 2314 96 28 grande
1906 2314 187 23 manifestation
2115 2320 47 22 que
2184 2314 23 23 le

1688 2344 68 29 parti
1789 2342 253 24 national-socialiste
2074 2342 133 29 préparait

1684 2379 65 23 pour
1764 2372 83 24 mardi
1862 2371 124 29 prochain
2002 2372 15 24 à
2032 2372 174 27 Tannenberg.

1812 2415 28 32 La
1851 2414 104 32 situation
1967 2413 122 33 financière

1687 2464 38 33 des
1739 2471 124 25 communes
1883 2463 132 33 allemandes
2033 2463 54 31 s'est
2102 2461 108 40 aggravée

1716 2513 231 24 L'administration
1968 2512 158 25 communale
2149 2512 48 23 alle-

1686 2543 91 23 mande
1795 2544 100 27 compte
1913 2548 65 22 j)Our
1994 2541 134 24 l'exercice
2147 2540 60 24 1932

1685 2578 43 17 sur
1743 2577 33 18 un
1793 2571 90 23 déficit
1897 2570 132 24 minimum
2044 2571 32 23 de
2092 2570 44 22 750
2153 2569 44 23 mil-

1684 2600 67 23 lions
1771 2601 32 23 de
1825 2600 78 26 mark,
1923 2599 83 25 tandis
2026 2605 48 22 que
2094 2599 23 23 le
2137 2599 69 22 bilan

1688 2634 66 23 pour
1772 2628 134 23 l'exercice
1925 2627 74 23 19391
2019 2627 118 29 présente
2173 2633 34 17 un

1687 2655 91 24 déficit
1792 2657 31 22 de
1837 2656 45 23 330
1895 2656 120 22 millions.

1717 2686 69 23 Cette
1807 2686 160 28 aggravation
1989 2685 31 23 de
2040 2685 25 23 la
2087 2685 118 23 situation

1687 2713 141 25 financière
1853 2715 45 23 des
1920 2720 146 17 communes
2090 2713 107 24 alleman-

1685 2743 43 23 des
1745 2745 38 21 est
1798 2744 49 22 due
1864 2751 30 16 en
1910 2743 94 29 grande
2020 2742 82 29 partie
2119 2742 14 23 à
2149 2742 47 23 l'ac-

1685 2772 173 26 croissement,
1881 2778 32 17 au
1935 2778 74 17 cours
2033 2771 31 24 de
2086 2778 44 16 ces
2152 2771 56 23 t'er-

1685 2801 67 22 niers
1767 2801 71 25 mois,
1852 2801 33 22 du
1899 2801 103 23 nombre
2016 2801 44 22 des
2073 2799 134 24 chômeurs

1685 2830 15 22 à
1720 2829 23 22 la
1763 2829 93 26 charge
1877 2829 44 22 des
1941 2835 152 17 communes.
2114 2828 34 24 Le
2168 2834 31 16 co-

1686 2857 60 24 mité
1767 2858 31 23 de
1819 2858 24 22 la
1863 2857 149 24 Fédération
2033 2857 45 23 des
2098 2862 101 17 commu-

1687 2892 45 18 nes
1757 2886 161 26 allemandes,
1943 2886 43 28 qui
2019 2886 59 22 s'est
2111 2885 97 28 occupé

1685 2915 142 22 avant-hier
1843 2916 24 22 et
1882 2915 57 23 hier
1955 2916 31 22 de
2003 2916 64 22 cette
2084 2914 124 28 question,

1685 2951 13 16 a
1717 2943 114 28 souligné
1850 2943 24 23 la
1893 2943 122 24 nécessité
2034 2944 31 22 rie
2084 2942 125 29 procéder

1689 2971 134 28 d'urgence
1843 2971 14 23 à
1877 2978 49 16 une
1946 2971 110 23 réforme
2077 2970 34 24 du
2131 2970 68 29 systè-

1688 3006 41 16 me
1750 2999 82 23 actuel
1855 2998 293 30 d'assurance-chômage
2185 3000 24 22 et

1686 3029 83 23 d'aide
1785 3035 49 17 aux
1850 3029 142 25 chômeurs.

1739 3074 10 20 <
1763 3064 148 39 l'Allemagne
1922 3067 33 29 est
1967 3064 87 32 décidée
2069 3064 11 32 à
2096 3071 68 32 payer

1688 3114 72 32 toutes
1770 3121 37 25 ses
1818 3115 70 30 dettes
1894 3114 164 32 commerciales
2069 3115 22 30 et
2102 3114 85 36 privées
2195 3124 15 23 ».

1784 3163 89 32 affirme
1884 3164 20 31 le
1916 3163 90 32 docteur
2017 3163 95 32 Schacht

1718 3218 34 21 Le
1768 3218 35 21 Dr
1819 3218 110 24 Schacht,
1944 3218 85 21 ancien
2044 3218 123 26 président
2182 3218 29 20 de

1690 3247 25 21 la
1732 3247 159 24 Reichsbank,
1909 3252 17 16 a
1942 3247 48 20 fait
2006 3251 47 17 une
2070 3247 141 21 conférence

1689 3276 41 26 qui
1747 3281 17 15 a
1781 3276 38 20 été
1838 3276 170 21 radiodiffusée
2027 3281 29 16 en
2074 3276 136 26 Amérique.

1719 3305 20 20 Il
1752 3310 16 15 a
1780 3305 93 20 déclaré
1885 3305 150 20 notamment
2046 3305 56 25 qu'il
2115 3309 17 21 y
2144 3305 67 20 avait

1690 3333 48 21 Heu
1761 3334 29 20 de
1813 3334 149 20 reconnaître
1984 3338 52 21 que,
2059 3334 94 25 malgré
2176 3333 36 21 les

1692 3362 177 21 circonstances
1899 3362 166 21 défavorables
2088 3367 61 21 pour
2171 3362 41 22 lui,

1692 3391 23 20 le
1728 3391 85 25 peuple
1826 3391 120 20 allemand
1958 3390 63 21 était
2032 3390 180 21 unanimement

1690 3420 82 20 décidé
1805 3420 16 20 à
1853 3425 76 21 payer
1960 3420 54 20 tout
2028 3425 12 15 s
2074 3425 40 15 ses
2132 3420 79 20 dettes

1691 3449 178 20 commerciales
1885 3449 25 20 et
1924 3449 99 25 privées.
2038 3449 21 20 H
2074 3454 16 15 a
2105 3449 106 26 exprimé

1692 3482 29 15 sa
1743 3477 134 21 conviction
1899 3482 45 21 que
1965 3477 157 26 l'Allemagne
2146 3477 56 21 rede-

1691 3506 99 20 viendra
1807 3506 16 20 à
1839 3506 55 21 bref
1911 3506 61 21 délai
1989 3511 32 15 un
2039 3506 84 26 peupl.
2140 3506 30 20 de
2187 3506 25 20 la

1694 3535 169 20 communauté
1888 3535 152 25 économique
2066 3534 130 21 internatio-

1691 3563 53 21 nale
1760 3563 71 26 digne
1847 3564 15 20 d
1890 3563 124 22 confiance

1724 3633 110 45 Kreuger
1855 3633 195 38 subventionnait
2070 3633 23 37 le
2116 3633 64 45 parti

1897 3688 113 38 hitlérien

1975 3765 88 23 Berlin,
2078 3765 27 21 1T
2119 3765 66 21 avril.

1703 3791 52 19 Une
1767 3791 151 20 information
1931 3790 28 20 de
1971 3791 136 19 Stockholm
2120 3790 94 20 suivant

1688 3815 99 24 laquelle
1806 3821 30 14 on
1857 3815 79 20 aurait
1954 3814 82 21 trouvé
2055 3816 60 19 dans
2134 3815 25 20 la
2177 3816 26 19 fa-

1687 3845 80 15 meuse
1783 3840 111 20 chambre
1909 3839 89 20 secrète
2013 3840 78 20 d'Ivar
2105 3840 107 23 Kreuger

1689 3870 31 14 un
1736 3870 55 19 reçu
1808 3865 29 20 de
1853 3865 54 20 cent
1921 3865 63 19 mille
2000 3865 71 19 mark
2086 3864 67 24 signé
2168 3869 44 20 par

1688 3890 83 20 Hitler,
1788 3890 87 19 semble
1894 3889 110 20 aT***otter
2023 3894 46 15 une
2087 3890 117 19 confirma-

1688 3914 50 20 tion
1749 3914 130 20 matérielle
1891 3919 48 15 aux
1950 3913 75 20 bruits
2038 3914 40 24 qui
2091 3914 121 20 couraient

1689 3939 58 19 dans
1765 3939 102 20 certains
1885 3939 95 20 milieux
1999 3939 128 19 financiers
2145 3939 58 19 berli-

1688 3963 51 20 nois
1755 3963 49 21 très
1819 3964 55 20 bien
1888 3962 119 22 informés,
2023 3964 24 20 et
2063 3962 91 27 d'aprèa
2169 3963 34 20 les-

1688 3989 64 19 quels
1763 3989 21 19 le
1796 3989 35 19 roi
1842 3989 42 19 des
1895 3988 132 20 allumettes
2038 3989 65 19 avait
2113 3987 99 21 accordé

1688 4012 28 20 de
1730 4012 49 21 très
1793 4013 77 23 larges
1884 4012 150 21 subventions
2047 4018 32 15 au
2094 4013 63 24 parti
2171 4018 32 14 na-

1689 4037 205 21 tional-socialiste.
1915 4037 107 24 Kreuger
2042 4037 80 20 aurait
2143 4038 70 18 voulu

1689 4062 59 19 ainsi
1761 4062 100 24 prendre
1872 4067 46 15 une
1930 4066 126 16 assurance
2068 4067 60 19 pour
2138 4062 22 19 le
2172 4067 41 14 cas

1688 4085 30 20 où
1729 4087 78 19 Hitler
1819 4087 75 20 serait
1903 4091 62 15 venu
1977 4091 31 15 au
2021 4087 97 23 pouvoir
2132 4091 30 15 en
2174 4086 29 19 Al-

1688 4111 107 23 lemagne
1810 4114 23 17 et
1849 4112 79 19 aurait
1943 4115 31 19 pu
1991 4111 117 20 dénoncer
2121 4111 23 20 le
2160 4116 43 14 con-

1688 4136 55 23 trat,
1753 4136 41 23 qui
1804 4136 98 20 donnait
1913 4135 16 21 à
1939 4135 107 24 Kreuger
2057 4136 22 20 le
2090 4136 122 24 monopole

1689 4160 40 19 des
1743 4160 133 20 allumettes
1893 4166 29 14 en
1935 4160 144 24 Allemagne.

1714 4184 69 20 Selon
1795 4186 22 19 le
1830 4185 93 24 journal
1936 4185 277 21 «Sozïal-Demokraten»,

1688 4214 29 14 o:t
1731 4210 78 19 aurait
1823 4209 125 20 découvert
1962 4208 130 25 également
2105 4210 59 19 dans
2178 4210 34 19 les

1688 4234 93 24 papiers
1795 4234 30 20 de
1839 4234 108 25 Kreuger
1961 4238 33 16 un
2008 4239 56 19 reçu
2077 4234 33 20 du
2125 4235 36 19 roi
2174 4234 29 20 Al-

1688 4259 88 23 phonse
1791 4259 28 19 de
1833 4260 52 20 cinq
1902 4258 101 20 millions
2017 4259 29 19 de
2060 4259 100 23 pesetas.

1713 4284 33 19 Le
1759 4289 13 13 «
1784 4284 53 23 Nya
1850 4284 80 19 Battit
1944 4283 131 20 Allehanda
2088 4290 13 12 »
2115 4284 97 19 affirme

1688 4312 45 19 que
1758 4308 108 24 Kreuger
1892 4308 114 24 disposait
2029 4308 129 20 d'hommes
2183 4308 29 19 de

1687 4333 69 23 paille
1771 4332 61 20 dans
1846 4333 23 19 la
1882 4332 95 25 plupart
1990 4332 40 20 des
2044 4337 66 19 pays,
2123 4333 41 24 qui
2179 4332 24 19 di-

1688 4356 115 24 rigeaient
1815 4358 41 19 des
1869 4357 84 20 filiales
1968 4357 153 23 importantes
2134 4363 42 14 sur
2190 4357 22 19 le

1689 4381 81 24 papier
1781 4382 60 20 mais
1854 4387 56 15 sans
1923 4380 62 21 siè"-e
1998 4382 72 19 social
2083 4381 55 20 réel.
2151 4382 62 19 C'est

1688 4406 60 19 ainsi
1760 4411 45 18 que
1819 4408 23 18 la
1854 4412 12 13 «
1879 4406 147 20 Financieele
2038 4406 173 24 Maatschappij

1689 4429 105 22 Garanta
1807 4437 20 17 »,
1854 4431 75 20 filiale
1956 4430 146 20 hollandaise
2131 4431 29 20 de
2188 4431 25 20 la

1688 4454 106 25 Kreuger
1804 4456 48 19 and
1862 4456 57 23 Toll,
1929 4455 97 20 Inscrite
2036 4460 31 15 au
2077 4456 65 19 bilan
2154 4461 55 19 poui

1689 4479 40 19 des
1753 4479 133 24 opérations
1909 4485 41 15 sur
1974 4480 42 19 des
2039 4481 121 18 centaines
2183 4481 28 19 de

1688 4504 100 20 millions
1808 4506 25 19 et
1852 4510 46 19 que
1916 4504 140 24 dirigeaient
2073 4505 32 19 M.
2124 4505 87 24 Lange,

1688 4528 163 21 actuellement
1865 4528 84 21 airété,
1962 4529 65 19 avait
2038 4529 174 24 pratiquement

1688 4557 43 15 son
1745 4553 63 25 siège
1822 4553 15 20 à
1851 4553 135 21 Stockholm
2000 4554 59 19 dans
2073 4559 46 14 une
2134 4555 69 18 cham-

1688 4577 41 19 bre
1744 4578 54 20 d'un
1811 4578 71 25 hôtel,
1897 4578 58 20 dont
1968 4578 32 19 M.
2014 4578 79 24 Lange
2110 4579 37 19 est
2160 4583 42 19 pro-

1690 4601 116 23 priétaire.

2226 412 230 80 Lindbergh
2496 410 137 69 aurait
2675 410 77 67 fait

2306 518 38 35 un
2363 515 130 36 nouveau
2512 507 164 42 versement

2262 573 40 51 de
2338 574 77 49 cent
2454 568 88 53 mille
2581 567 125 52 dollars

2426 674 72 23 New-
2499 672 76 27 York,
2596 671 30 24 17
2646 671 73 23 avril.

2258 704 104 24 Suivant
2375 703 25 23 le
2414 701 100 30 journal
2541 701 32 23 de
2600 699 150 25 New-York,

2225 733 101 25 Mirror,
2343 732 25 23 le
2386 731 99 24 colonel
2504 728 147 29 Lindbergh
2668 728 82 23 aurait

2226 761 75 23 veillé
2320 763 68 21 toute
2407 761 24 22 la
2450 759 56 24 nuit
2525 757 127 25 dernière,
2672 758 68 21 atten-

2227 790 60 23 dant
2301 790 23 23 le
2339 791 52 22 mot
2406 788 103 24 d'ordre
2522 793 67 24 pour
2602 785 72 23 voler
2688 793 13 14 a
2716 791 34 16 un

2226 818 103 23 endroit
2366 818 104 28 désigne
2488 816 33 24 où
2540 816 51 23 l'on
2610 814 85 23 devait
2714 813 35 23 lui

2227 847 92 22 rendre
2335 853 46 16 son
2399 846 64 23 bébé
2480 846 88 22 contre
2585 849 50 17 une
2654 848 97 23 rançon

2228 875 31 23 de
2272 875 30 23 50
2315 875 15 23 à
2343 874 100 27 100,000
2456 874 103 23 dollars.

2258 903 34 22 Le
2309 903 101 28 journal
2445 902 76 28 Eagle
2541 923 4 3 .
2556 899 130 29 Brooklyn
2704 899 46 25 dit,

2228 931 97 23 d'autre
2346 933 66 27 part,
2434 931 67 23 tenir
2524 930 32 23 de
2577 935 92 17 source
2692 928 59 23 sûre

2229 966 48 22 que
2300 959 145 29 Lindbergh
2467 959 83 23 aurait
2572 956 95 31 déposé
2688 957 64 22 dans

2228 994 49 16 une
2289 988 99 29 banque
2400 995 50 16 une
2460 994 96 17 somme
2569 987 31 22 de
2612 987 59 22 cent
2682 985 69 23 mille

2228 1016 103 25 dollars,
2345 1016 43 29 qui
2403 1016 83 23 devait
2501 1016 52 23 être
2567 1014 81 30 payée
2663 1015 88 22 contre

2227 1044 24 23 la
2267 1044 91 23 remise
2375 1044 149 23 simultanée
2543 1045 31 22 de
2590 1043 113 24 l'enfant.

1899 4626 101 20 -+Om-

1747 4654 27 30 Un
1791 4655 92 38 congrès
1897 4654 128 32 d'invalides
2039 4654 25 32 de
2079 4661 78 31 guerre

1881 4704 12 31 à
1908 4702 111 33 Charkroi

1706 4771 46 22 (De
1769 4774 66 18 notre
1852 4772 183 24 correspondant
2052 4773 146 24 particulier)

1925 4803 126 23 Charleroi,
2071 4805 28 19 17
2119 4805 68 20 avril.

1717 4835 34 18 La
1766 4833 140 22 Fédération
1922 4834 141 25 provinciale
2079 4835 133 24 hennuyère

1692 4858 39 20 des
1745 4859 116 20 Invalides
1877 4860 27 19 de
1919 4859 88 19 Guerre
2020 4865 16 13 a
2050 4860 56 19 tenu
2121 4865 27 14 ce
2162 4864 40 16 ma-

1691 4883 42 22 tin,
1753 4882 16 21 à
1789 4884 126 22 Charleroi,
1933 4888 32 14 un
1984 4883 98 24 congrès
2102 4883 100 25 prépara-

1691 4907 58 20 toire
1765 4913 31 14 au
1811 4907 97 25 congrès
1923 4907 104 20 national
2043 4908 28 19 de
2088 4908 123 20 dimanche

1691 4932 119 23 prochain.
1826 4933 44 19 Les
1903 4932 167 23 congressistes
2103 4932 109 20 s'étaient

1692 4955 78 21 réunis
1786 4957 95 19 d'abord
1896 4961 29 15 en
1938 4955 94 23 cortège
2047 4961 59 19 pour
2120 4962 26 14 se
2161 4962 42 14 ren-

1692 4980 40 20 dre
1743 4986 31 14 au
1785 4981 137 19 monument
1932 4984 47 15 aux
1988 4980 75 20 Morts
2075 4981 28 19 de
2114 4981 24 19 la
2150 4981 60 20 ville.

1691 5005 33 19 Ils
1743 5011 25 14 se
1786 5005 142 24 groupèrent
1946 5004 62 20 alors
2027 5005 65 24 place
2113 5005 31 19 du
2163 5005 48 19 Sud

1692 5028 29 20 où
1744 5030 22 20 le
1788 5031 88 20 colonel
1898 5028 124 24 Thirifayt,
2045 5029 167 20 commandant

1693 5054 20 19 le
1728 5054 26 19 2e
1770 5055 124 19 charseur3
1909 5053 16 20 à
1940 5053 59 24 pied,
2016 5054 75 20 remit,
2108 5058 31 15 au
2156 5058 54 15 nom

1693 5079 31 18 du
1743 5079 107 20 ministre
1871 5079 27 19 de
1917 5079 25 19 la
1959 5076 102 21 Défense
2081 5078 130 22 Nationale,

1692 5103 33 19 les
1740 5102 111 21 médailes
1867 5104 27 19 de
1909 5101 140 20 volontaires
2065 5102 27 19 de
2108 5102 24 19 la
2146 5106 57 20 guer-

1693 5132 33 17 re,
1743 5126 124 21 décernées
1883 5131 47 15 aux
1946 5126 115 20 membres
2079 5127 27 19 de
2124 5127 23 19 la
2164 5130 39 15 sec-

1694 5152 49 19 tion
1758 5152 28 19 de
1800 5150 125 21 Charleroi.

1718 5176 32 19 Le
1764 5176 97 24 congrès
1875 5181 24 14 se
1912 5174 47 19 tint
1972 5178 54 15 sous
2040 5175 24 18 la
2077 5173 134 25 présidence

1695 5199 27 19 de
1739 5200 32 19 M.
1788 5200 101 21 Leclerc,
1906 5198 56 20 dont
1978 5202 30 15 on
2026 5197 82 20 écouta
2126 5203 32 14 un
2176 5201 28 16 ex-

1693 5225 55 24 posé
1767 5226 50 19 fort
1835 5223 142 22 intéressant
1996 5228 41 15 sur
2057 5225 23 18 la
2099 5224 111 20 situation

1692 5250 58 19 faite
1764 5255 46 14 aux
1823 5248 157 21 combattants
1995 5248 120 20 invalides.
2127 5249 83 18 Divers

1692 5275 115 19 membres
1826 5274 30 19 du
1874 5271 85 21 comité
1977 5272 89 23 prirent
2084 5273 23 19 la
2126 5272 85 24 parole,

1693 5298 53 23 puis
1760 5297 16 20 à
1789 5298 13 18 2
1817 5297 90 22 heures,
1922 5300 32 15 un
1968 5295 103 23 banquet
2086 5295 78 20 réunit
2177 5296 34 18 les

1695 5322 174 24 congressistes.

1719 5348 31 19 M.
1765 5347 72 22 TIrot,
1850 5344 167 25 bourgmestre,
2031 5344 118 25 présidait.
2164 5346 47 19 Des

1694 5374 75 19 toasts
1807 5373 81 19 furent
1926 5371 128 24 prononcés
2093 5376 44 19 par
2157 5372 55 19 MM.

1693 5398 85 20 Baudt,
1790 5396 120 25 président
1920 5400 59 19 pour
1990 5396 21 18 le
2023 5396 115 22 Hainaut;
2152 5396 60 19 Van-

1695 5422 149 21 denbossche,
1860 5420 119 24 président
1995 5420 68 21 local;
2098 5420 116 23 Leclercq.

1694 5446 119 23 président
1828 5445 115 20 national;
1959 5444 77 22 Tirou,
2053 5445 159 23 bourgmestre

1694 5471 24 19 et
1731 5475 44 20 par
1789 5470 20 20 le
1824 5469 88 20 colonel
1927 5469 106 23 Demars,
2047 5469 166 20 commandant

1694 5495 21 20 le
1730 5495 39 20 1er
1784 5494 130 20 chasseurs.

2279 1125 53 37 Pas
2359 1125 162 39 d'inflation
2549 1134 37 29 en
2614 1125 85 37 Grècn

2489 1208 111 22 Athènes,
2617 1208 26 20 17
2660 1207 66 21 avril.

2255 1240 31 20 Le
2303 1240 93 23 journal
2412 1246 12 13 «
2440 1240 90 20 Ethnes
2561 1240 80 24 publie
2657 1240 40 19 des
2715 1237 28 22 dé-

2228 1265 126 20 clarations
2366 1265 32 19 du
2407 1265 107 20 ministre
2527 1265 40 20 des
2578 1265 123 20 Finances,
2712 1263 40 25 qui

2228 1296 17 14 a
2260 1290 35 20 dit
2312 1295 7 15 :
2337 1295 13 13 «
2364 1290 20 19 Il
2401 1291 36 19 est
2452 1290 98 20 difficile
2564 1295 45 19 que
2625 1290 24 19 la
2664 1289 78 20 stabili-

2227 1316 78 19 sation
2344 1315 112 20 officielle
2477 1315 109 20 continue
2607 1313 15 21 à
2643 1314 76 20 rester
2739 1312 16 21 à

2226 1340 39 19 290
2277 1339 214 24 drachmes-papier
2500 1344 59 20 pour
2570 1344 45 15 une
2627 1339 57 20 livre
2695 1340 49 19 ster-

2229 1364 55 24 ling.
2299 1365 20 19 Il
2336 1365 53 19 faut
2404 1364 124 20 continuer
2542 1365 33 19 les
2592 1364 85 20 efforts
2692 1368 61 19 pour

2231 1389 116 20 effectuer
2365 1394 46 15 une
2431 1389 157 20 stabilisation
2608 1390 29 19 de
2656 1389 66 20 facto
2738 1387 16 21 à

2229 1419 32 15 un
2279 1415 58 19 taux
2353 1419 91 19 moyen.
2462 1414 38 20 En
2518 1415 52 19 tout
2587 1419 47 15 cas.
2652 1418 46 15 une
2715 1412 29 21 dé-

2229 1439 74 20 cision
2324 1444 54 15 sera
2400 1439 64 25 prise
2485 1438 69 25 après
2576 1439 22 20 le
2620 1439 81 20 retour
2724 1438 27 20 de

2229 1464 31 20 M.
2276 1464 128 20 Venizelos.
2420 1464 52 19 Une
2488 1464 110 20 inflation
2614 1464 32 19 du
2662 1463 90 25 papier-

2229 1489 110 20 monnaie
2355 1490 36 19 est
2407 1489 149 20 absolument
2571 1487 99 21 écartée.
2687 1494 13 13 >

2437 1522 105 21 ~m%m-

2283 1562 32 35 Un
2337 1562 71 36 canot
2429 1561 146 37 automobile
2595 1568 29 30 se
2645 1561 68 37 brise

2251 1619 84 35 contre
2357 1625 31 29 un
2412 1617 104 44 barrage
2540 1624 44 30 sur
2605 1617 23 37 la
2650 1617 83 37 Marne

2408 1699 79 37 Quatre
2509 1698 68 39 noyés

2503 1747 80 27 Paris,
2601 1747 30 24 17
2648 1748 73 23 avril.

2263 1776 38 23 Un
2318 1778 74 21 canot
2407 1776 154 23 aufomobile
2576 1776 116 23 entraîné
2706 1782 47 23 par

2230 1805 65 23 suite
2308 1805 74 22 d'une
2395 1811 83 22 panne
2491 1804 127 23 d'essence
2632 1805 58 23 s'est
2702 1805 39 23 bri-

2231 1833 26 23 sé
2269 1834 88 22 contre
2368 1833 23 22 le
2403 1833 105 28 barrage
2521 1829 31 27 de
2563 1833 100 25 Crcteil,
2674 1840 45 16 sur
2728 1834 25 22 la

2230 1861 94 25 Marne,
2337 1868 50 16 non
2402 1861 53 23 loin
2470 1862 31 22 de
2514 1861 79 23 Paris.
2606 1862 92 27 Quatre
2712 1868 31 17 oc-

2231 1891 107 28 cupants
2355 1896 44 16 sur
2414 1890 61 29 cinq
2491 1896 26 16 se
2532 1891 57 22 sont
2605 1889 87 30 noyés.

2230 1957 30 37 Le
2278 1956 69 38 IVme
2362 1955 107 46 Congrès
2487 1956 44 37 des
2545 1955 112 38 Sociétés
2671 1956 84 45 belges

2422 2012 29 37 de
2472 2013 89 36 France

2344 2088 29 32 La
2385 2087 92 39 journée
2491 2087 26 32 de
2532 2086 113 33 dimanche

2532 2141 66 24 Lille,
2617 2142 27 20 17
2664 2141 58 21 avril

2258 2176 34 19 La
2307 2175 85 20 séance
2409 2175 28 20 de
2453 2174 89 21 clôture
2559 2175 31 19 du
2606 2173 103 25 Congrès
2727 2174 27 19 de

2233 2201 24 20 la
2282 2200 181 21 Confédération
2489 2201 40 19 des
2554 2198 99 21 sociétés
2677 2199 78 24 belges

2234 2227 27 19 de
2277 2227 90 19 France
2383 2226 55 20 s'est
2452 2226 96 20 ouverte
2563 2230 26 15 ce
2603 2224 83 24 matin,
2700 2229 55 16 sous

2233 2253 23 19 la
2278 2251 135 25 présidence
2436 2252 28 19 de
2486 2251 31 20 M.
2538 2250 118 21 Delhaize.

2259 2278 34 19 La
2316 2277 108 24 question
2448 2277 31 20 du
2502 2277 62 19 droit
2587 2276 28 20 de
2638 2276 54 19 vote
2715 2275 40 20 des

2233 2303 85 24 belges,
2338 2302 105 21 résidant
2464 2307 28 15 en
2512 2302 98 22 France,
2629 2307 15 14 a
2664 2300 37 20 été
2721 2305 26 16 re-

2235 2329 98 24 poussée
2346 2330 55 27 puis
2416 2330 24 18 la
2453 2328 81 21 moitié
2549 2328 106 20 sortante
2671 2328 31 19 du
2716 2328 32 18 bu-

2234 2358 56 15 reau
2308 2359 15 14 a
2341 2352 37 21 été
2397 2352 84 21 réélue.

2259 2380 22 19 A
2301 2384 27 14 ce
2349 2380 111 21 moment,
2482 2378 31 20 M.
2533 2377 118 24 Petitjean
2673 2382 16 16 a
2710 2376 46 20 fait

2233 2409 43 15 son
2291 2403 79 21 entrée
2386 2404 57 19 dans
2459 2404 22 19 la
2495 2403 65 20 salle.
2574 2403 20 20 Il
2609 2408 15 14 a
2638 2401 37 21 été
2689 2401 66 21 salué

2235 2435 44 20 par
2295 2431 56 19 MM.
2368 2430 88 20 Falron
2473 2431 25 19 et
2514 2430 118 19 Delhaize.
2699 2446 8 7 .
2719 2447 4 3 .
2751 2444 6 12 ,

2261 2454 95 20 Celui-ci
2381 2460 15 14 a
2422 2453 93 21 résumé
2539 2454 34 19 les
2599 2454 101 19 travaux
2724 2452 31 20 du

2234 2479 100 25 Congrès
2358 2481 24 18 et
2405 2478 82 25 exposé
2510 2479 34 20 les
2568 2478 122 20 doléances
2715 2478 40 20 des

2234 2505 85 20 400.000
2340 2505 79 24 belges
2442 2505 29 20 de
2493 2505 98 20 France;

2261 2530 31 20 M.
2316 2531 126 23 Petitjean,
2466 2535 16 15 a
2506 2530 40 23 qui
2571 2530 33 19 les
2629 2533 71 16 vœux
2725 2529 31 19 du

2233 2555 104 25 Congrès
2357 2557 41 19 ont
2418 2555 37 20 été
2475 2554 104 25 exposés,
2599 2560 16 14 a
2635 2555 34 19 dit
2689 2554 66 24 qu'ils

2235 2581 168 20 retiendraient
2423 2581 65 20 toute
2508 2586 44 14 son
2573 2580 123 20 attention.

2260 2607 32 19 Le
2309 2606 108 21 ministre
2435 2611 15 15 a
2469 2605 87 25 évoqué
2574 2606 34 19 les
2627 2604 129 21 difficultés

2234 2631 162 24 économiques
2416 2631 39 24 qui
2475 2637 23 14 se
2518 2632 108 19 dressent
2643 2630 17 20 à
2678 2630 77 20 toutes

2234 2658 33 19 les
2284 2657 133 22 frontières,
2433 2657 53 24 puis
2503 2657 56 20 s'est
2575 2657 34 19 dit
2626 2656 130 20 convaincu

2233 2687 44 19 que
2298 2682 34 20 les
2352 2682 119 24 questions
2492 2682 28 20 de
2540 2681 216 24 contingentement

2236 2710 23 19 et
2272 2709 29 20 de
2313 2709 70 20 tarifa
2397 2709 147 23 protecteurs
2558 2707 145 21 recevraient
2716 2706 41 21 des

2234 2733 115 19 solutions
2367 2732 183 21 satisfaisantes.

2261 2759 37 21 La
2311 2758 86 21 séance
2412 2763 15 15 a
2444 2758 38 20 été
2497 2758 92 20 ensuite
2604 2756 71 22 levée.

2309 2797 28 31 La
2347 2797 113 37 réception
2471 2796 12 32 à
2495 2796 77 32 l'Hôtel
2584 2796 25 31 de
2618 2796 57 31 Ville

2536 2843 65 23 Lille,
2620 2843 27 20 17
2666 2843 67 21 avril.

2262 2869 96 20 Comme
2376 2869 90 24 chaque
2483 2868 82 24 année,
2582 2869 24 19 la
2623 2868 135 25 population

2235 2895 83 19 lilloise
2331 2900 15 14 a
2357 2895 46 19 fait
2415 2900 31 14 un
2458 2894 142 20 chaleureux
2610 2894 90 20 accueil
2711 2898 47 16 aux

2235 2919 176 25 représentants
2427 2920 27 20 de
2469 2920 24 20 la
2507 2919 119 25 Belgique.

2262 2946 38 19 Un
2324 2944 94 25 cortège
2443 2945 29 21 de
2496 2946 53 23 plus
2574 2945 28 20 de
2626 2945 58 22 5,000
2708 2949 42 20 per-

2236 2975 86 15 sonnes
2343 2972 24 19 et
2387 2971 155 24 comprenant
2561 2971 27 19 de
2606 2971 152 19 nombreuses

2235 2995 145 25 délégations
2394 2996 28 20 de
2436 2995 100 21 sociétés
2549 2996 80 24 belges
2643 2996 28 20 de
2684 2996 25 20 la
2722 2995 26 21 ré-

2236 3022 54 23 gion
2303 3021 145 20 s'achemina
2460 3026 53 15 vers
2526 3021 22 20 le
2561 3021 138 20 Monument
2712 3026 46 15 aux

2236 3047 72 20 Morts
2325 3046 31 20 où
2373 3047 31 19 M.
2420 3047 119 23 Petitjean
2556 3046 86 24 déposa
2657 3051 48 15 une
2720 3051 28 15 su-

2236 3073 69 23 perbe
2319 3072 69 24 gerbe
2402 3072 27 20 de
2441 3072 74 20 fleurs
2528 3071 106 21 rravatée
2647 3077 46 15 aux
2704 3076 45 16 cou-

2236 3098 62 19 leurs
2316 3098 85 23 belges.
2418 3098 58 19 Puis
2494 3103 25 14 on
2538 3102 79 20 gagna
2633 3097 78 21 l'hôtel
2729 3098 28 20 de

2235 3123 54 20 ville
2308 3122 30 20 où
2357 3123 21 19 le
2397 3123 74 20 maire
2491 3123 28 20 de
2538 3123 57 20 Lille
2614 3123 110 20 souhaita
2741 3122 16 21 à

2237 3148 30 20 M.
2290 3148 119 24 Petitjean
2431 3153 47 16 une
2500 3149 102 19 cordiale
2624 3148 133 20 bienvenue.

2263 3174 31 19 M.
2312 3174 119 23 Petitjean
2450 3174 115 20 remercia
2581 3173 53 26 pub
2653 3174 34 20 les
2706 3174 52 20 vins

2237 3199 127 20 d'honneur
2379 3200 81 21 furer.t
2474 3200 82 20 eerviô.

2425 3240 27 32 Le
2467 3240 95 36 banquet

2262 3298 31 21 M.
2309 3298 118 24 Petitjean
2444 3297 93 26 présida
2553 3297 16 21 à
2584 3299 26 19 13
2625 3298 84 21 heures
2725 3303 32 15 un

2238 3323 103 24 banquet
2363 3324 40 23 qui
2426 3323 127 21 réunissait
2575 3324 58 20 dans
2656 3324 24 20 la
2700 3324 58 20 salle

2238 3349 40 20 des
2292 3349 61 20 fêtes
2368 3350 27 19 de
2409 3349 24 20 la
2445 3349 70 20 Foire
2527 3349 165 20 Commerciale
2705 3349 53 25 plus

2238 3374 27 20 de
2283 3375 39 19 400
2339 3375 116 19 convives.
2471 3375 22 19 A
2509 3375 24 20 la
2550 3374 62 20 table
2630 3375 127 19 d'honneur

2237 3404 30 15 on
2283 3400 145 23 remarquait
2443 3400 27 20 de
2486 3399 129 20 nombreux
2630 3400 119 24 parlemen-

2237 3425 72 20 taires
2327 3425 79 24 belges
2425 3425 24 20 et
2466 3425 109 24 français.

2262 3450 142 24 Répondant
2421 3455 46 15 aux
2485 3451 112 22 discour~,
2612 3450 22 20 le
2651 3450 105 20 ministre

2237 3475 65 24 belge
2319 3476 41 19 des
2376 3475 108 20 Sciences
2501 3476 24 19 et
2541 3476 40 19 des
2597 3476 55 19 Arts
2669 3475 89 20 félicita

2237 3501 34 20 les
2292 3501 146 20 animateurs
2459 3501 28 19 de
2508 3501 24 20 la
2552 3501 68 20 Foire
2642 3501 108 20 Commer-

2236 3526 66 20 ciale.

2263 3557 13 14 <
2290 3551 119 20 Peut-être
2424 3551 90 20 sont-ce
2530 3551 40 20 des
2586 3550 127 21 Initiatives
2730 3551 27 20 de

2237 3581 26 15 ce
2294 3581 78 19 genre,
2402 3577 65 22 dit-i!,
2497 3577 41 19 des
2567 3577 190 19 manifestations

2237 3602 61 20 ainsi
2320 3601 105 24 répétées
2445 3601 39 24 qui
2505 3606 59 15 nous
2585 3602 78 19 feront
2683 3602 75 20 mieux

2236 3627 153 24 comprendre
2405 3627 54 24 qu'il
2476 3628 37 19 est
2528 3627 100 20 absurde
2645 3626 112 21 d'arrêter

2237 3653 80 19 l'essor
2334 3653 148 19 commercial
2499 3653 24 20 et
2540 3652 122 20 industriel
2679 3651 16 21 à
2712 3657 45 15 une

2236 3677 120 21 frontière.
2371 3678 37 19 On
2424 3683 81 19 essaye
2520 3676 16 21 à
2550 3676 93 21 Genève
2658 3678 24 19 et
2698 3678 58 19 dans

2237 3703 102 19 d'autres
2370 3703 108 24 palabres
2509 3702 188 21 internationales
2729 3703 28 19 de

2237 3728 61 19 faire
2313 3727 77 21 naître
2407 3729 24 19 la
2445 3728 55 24 paix
2516 3728 31 19 du
2563 3728 90 20 monde.
2669 3728 36 20 On
2721 3733 28 15 or-

2238 3753 81 24 ganise
2339 3754 23 19 la
2382 3753 95 20 défense
2496 3753 125 20 nationale.
2640 3753 117 24 Pourquoi

2237 3783 30 15 ne
2290 3784 42 19 pas
2355 3778 127 24 aménager
2503 3779 24 19 la
2548 3778 37 20 vie
2608 3777 149 25 économique

2238 3804 39 19 des
2290 3804 94 19 nations
2397 3804 122 19 au-dessus
2533 3804 40 20 des
2586 3804 94 19 nations
2693 3803 65 21 elles-

2237 3829 95 23 mêmes,
2354 3834 43 15 car
2418 3834 43 19 pas
2484 3829 29 19 de
2535 3827 96 25 progrès
2654 3829 103 22 humain,

2237 3860 42 18 pas
2294 3855 27 19 de
2334 3853 96 25 progrès
2443 3854 71 20 social
2528 3854 99 24 possible
2641 3859 56 15 sans
2711 3859 46 15 un«

2238 3880 36 19 vie
2294 3880 65 24 large
2380 3880 25 20 et
2423 3879 17 20 à
2459 3880 43 19 bon
2524 3878 101 21 marché.
2646 3879 31 20 Ce
2698 3880 57 19 n'est

2236 3910 43 18 pas
2298 3910 28 14 en
2345 3910 56 14 nous
2421 3905 125 20 entourant
2564 3905 67 19 d'une
2650 3905 106 20 muraille

2237 3930 28 19 de
2283 3930 80 23 Chine,
2380 3935 26 15 ce
2423 3930 60 20 n'est
2498 3935 43 19 pas
2558 3935 29 15 en
2605 3934 59 15 nous
2682 3930 66 20 enfer-

2236 3955 68 20 mant
2321 3955 58 20 dans
2396 3956 68 19 notre
2480 3960 83 19 propre
2581 3954 118 21 économie
2716 3960 32 15 na-

2237 3980 86 20 tionale
2338 3985 44 19 que
2396 3985 59 15 nous
2469 3980 132 20 arriverons
2617 3979 16 20 à
2647 3979 110 21 résoudre

2237 4006 22 19 le
2277 4005 123 24 problème.
2418 4005 116 24 Pourquoi
2554 4010 30 14 na
2602 4010 43 19 pas
2663 4010 95 19 essayer

2238 4031 28 19 de
2289 4030 97 20 réaliser
2408 4031 22 21 le
2454 4030 53 21 rêve
2531 4030 27 20 de
2582 4029 174 25 l'organisation

2238 4055 150 24 économique
2412 4056 30 19 du
2465 4055 84 20 monde
2584 4055 40 23 qui
2659 4060 54 15 sera
2734 4055 23 20 la

2237 4081 63 19 seule
2319 4081 55 19 base
2392 4081 70 20 solide
2480 4081 65 19 d'une
2562 4081 56 24 paix
2636 4080 119 21 définitive

2237 4106 25 20 et
2275 4106 131 20 mondiale?
2421 4112 13 13 »

2262 4131 75 24 Après
2357 4131 66 20 avoir
2441 4129 87 26 évoqué
2546 4131 34 20 les
2599 4130 84 21 heures
2703 4131 44 19 dou-

2237 4156 119 20 loureuses
2376 4157 28 18 de
2423 4156 24 20 la
2466 4161 90 19 guerre,
2574 4156 22 20 le
2614 4156 107 20 ministre
2740 4161 15 15 a

2239 4182 34 20 dit
2291 4187 28 15 en
2337 4182 129 20 terminant
2485 4186 7 15 :

2264 4212 12 13 «
2292 4207 36 19 Au
2344 4211 56 15 nom
2416 4207 27 19 de
2459 4207 73 19 Leurs
2548 4205 109 25 Majestés
2675 4206 20 19 le
2711 4206 44 20 Roi

2237 4232 23 19 et
2274 4232 24 19 la
2312 4232 82 21 Reine,
2408 4237 23 17 .e
2445 4231 50 20 lève
2509 4236 55 15 mon
2579 4236 67 15 verre
2659 4230 17 20 à
2690 4231 31 20 M.
2736 4232 19 19 le

2237 4256 119 24 président
2375 4257 29 20 de
2422 4257 23 19 la
2464 4256 145 24 République
2629 4257 126 22 Française

2237 4283 23 18 et
2275 4282 27 20 de
2316 4282 23 19 la
2353 4282 81 19 nation
2448 4282 23 19 la
2485 4282 52 24 plus
2552 4282 156 18 humanitaire
2725 4282 29 19 du

2237 4307 91 19 monde.
2341 4312 13 13 >

2262 4331 32 20 Le
2307 4332 106 19 ministre
2425 4336 15 15 a
2453 4330 98 26 regagné
2563 4331 120 20 Bruxelles,
2697 4332 58 20 dans

2237 4356 24 20 la
2275 4356 82 21 soirée.

2778 187 60 47 Une
2865 190 215 47 manifestation
3107 187 176 58 patriotique

2943 254 19 45 à
2989 254 106 46 Verrie
3095 264 32 35 rs

2817 337 39 22 (Dt
2874 338 60 22 notrt
2951 341 158 23 correspondant
3128 336 128 28 partUvSer)

3019 372 117 21 Verriers.
3155 371 28 21 17
3203 370 68 21 avril.

2803 403 36 18 La
2857 402 145 22 Fraternelle
3030 405 41 20 des
3080 399 5 9 '
3097 404 150 21 Volontaires
3269 403 29 20 de

2777 430 85 19 guerre
2879 427 28 21 de
2923 428 110 21 Verriers
3050 431 25 19 et
3092 430 30 20 de
3138 429 152 21 l'arrondisse-

2772 453 71 21 ment,
2866 458 15 14 a
2903 455 70 18 remis
2995 455 197 22 solennellement,
3215 459 29 16 ce
3265 454 25 20 di-

2776 477 107 23 manche,
2893 478 25 19 la
2927 478 108 25 Médaille
3047 480 31 19 du
3089 480 136 20 Volontaire
3236 483 53 16 com-

2778 501 96 20 battant
2890 507 48 16 aux
2955 504 39 20 310
3012 505 143 21 volontaires
3172 504 126 21 verviétol?

2779 527 25 19 et
2827 530 46 17 aux
2895 527 27 20 70
2943 528 103 21 familles
3069 529 16 21 à
3108 531 40 23 qui
3171 530 44 20 elle
3238 528 61 22 était

2778 551 117 21 attribuée
2912 551 17 21 à
2945 553 57 20 titre
3020 554 132 24 posthume.

2804 576 67 20 Cette
2891 576 130 24 cérémonie
3042 578 139 22 émouvante
3199 580 27 21 et
3244 579 45 21 sim-

2778 601 37 24 ple
2827 607 16 14 a
2855 600 38 22 été
2906 603 72 22 suivie
2991 608 44 20 par
3046 608 46 16 une
3104 604 63 24 foute
3180 605 118 21 recueillie

2776 626 41 25 qui
2834 627 48 19 tint
2896 627 60 21 ainal
2972 627 16 21 à
3002 629 141 20 manifester
3157 634 48 16 aux
3219 630 69 20 volon-

2779 652 74 20 taires
2873 657 29 14 sa
2921 653 133 24 sympathie
3074 654 25 20 et
3118 659 29 16 sa
3166 655 124 20 reconnais-

2773 682 78 15 sance.
2870 677 63 20 C*est
2949 678 59 20 dans
3025 679 22 19 le
3064 679 71 20 cadre
3152 680 147 24 majestueux

2779 702 28 20 de
2826 702 26 19 la
2870 702 68 25 place
2959 702 31 20 du
3010 702 100 21 Général
3130 704 103 24 Jacques
3252 708 46 21 que

2779 727 62 20 cette
2859 727 180 21 manifestation
3058 728 56 20 s'est
3130 728 114 22 déroulée.
3262 729 36 20 On

2778 753 76 19 notait
2869 753 26 19 la
2909 751 112 25 présence
3037 752 29 22 de
3081 754 151 20 nombreuses
3248 759 42 20 per-

2779 776 130 21 sonnalités
2927 777 77 24 parmi
3024 778 122 23 lesquelles
3163 779 23 19 le
3204 778 95 25 général

2779 802 114 24 Burguet,
2915 802 22 20 le
2959 803 89 19 colonel
3072 803 113 24 Deneyer,
3207 804 22 20 le
3251 809 40 15 ma-

2779 828 39 23 jor
2844 827 153 24 Jacquemyn,
3025 828 168 20 commandant
3220 829 29 20 de
3276 830 21 19 la

2778 853 72 19 Place
2871 853 24 20 et
2915 851 165 25 représentant
3100 852 23 20 le
3142 853 108 20 ministre
3270 853 29 20 de

2778 878 25 20 îa
2818 877 104 21 Défense
2939 877 136 22 Nationale;
3092 877 24 20 le
3132 878 164 20 commandanl

2780 903 28 19 de
2830 902 164 24 gendarmerie
3015 902 129 24 Ferauges;
3166 902 57 21 MM.
3245 903 57 19 San-

2781 928 68 20 dront
2871 928 26 19 et
2913 927 84 22 David,
3016 926 108 24 députés;
3145 927 72 23 Grun.
3236 926 59 21 éche

2778 953 51 23 vin;
2851 953 63 20 Mme
2932 952 98 21 Peltzer.
3049 952 32 21 M.
3098 952 89 23 Zegels,
3204 953 87 19 conseil-

2779 978 46 20 lers
2842 981 167 18 communaux;
3028 977 57 19 MM.
3092 977 122 23 Coemana,
3230 976 62 25 prési-

2775 1004 57 19 dent
2845 1002 34 20 He
2896 1003 24 19 la
2939 1002 170 23 Croix-Rouge;
3129 1002 37 19 De
3183 1002 120 24 Fraipont,

2780 1027 182 25 vice-président
2981 1027 28 20 de
3029 1028 24 19 la
3072 1027 26 20 F.
3116 1027 30 20 N.
3164 1027 42 20 des
3225 1027 67 20 volon-

2780 1054 83 21 taires;
2887 1053 110 24 Sp'araco,
3019 1051 97 25 délégué
3138 1051 41 20 des
3199 1052 95 20 combat-

2774 1080 65 19 tants
2855 1078 100 23 .tallens;
2968 1077 110 23 Rouault,
3088 1078 99 22 Marsey,
3195 1076 108 26 déléguêa

2775 1103 40 22 dr«
2832 1103 160 21 combattants
3010 1102 114 23 français;
3141 1101 162 25 Bindelle.prê-

2775 1129 66 20 siden
2844 1130 7 10 1
2848 1145 4 3 .
2866 1129 41 20 des
2921 1128 123 22 invalides;
3059 1127 60 20 Paul
3133 1127 105 22 Bolland,
3251 1125 42 26 pré-

2781 1155 78 20 sident
2874 1154 29 20 de
2920 1154 24 20 !a
2959 1153 26 20 F.
3000 1153 40 21 N.;
3057 1152 109 21 Centner.
3182 1150 120 26 président

2781 1180 28 23 de
2823 1179 120 21 l'Amicale
2958 1178 41 21 des
3013 1177 113 21 Officiers
3141 1177 28 20 de
3182 1177 24 20 la
3219 1181 84 20 guerre

2779 1205 67 23 14-18,
2861 1204 46 22 etc.

2804 1237 46 20 Les
2862 1235 144 21 volontaires
3019 1234 89 21 étaient
3121 1239 73 15 venus
3207 1234 28 20 de
3248 1234 54 20 tous

2779 1262 35 20 les
2836 1262 66 21 coins
2925 1261 29 20 de
2975 1260 25 20 la
3021 1259 113 25 Belgique
3156 1259 90 24 grossir
3268 1259 34 20 les

2780 1292 72 19 rangs
2872 1287 29 19 de
2921 1286 24 20 la
2964 1285 137 20 fraternelle
3121 1283 139 22 vervlétolse
3279 1283 24 21 et

2781 1312 40 19 des
2836 1312 81 19 autres
2932 1310 103 21 sections
3051 1310 29 19 de
3096 1309 142 20 volontaires
3253 1313 51 15 ver-

2779 1336 90 21 viétois.
2887 1336 37 19 On
2942 1335 146 24 remarquait
3105 1335 34 19 les
3157 1333 145 25 délégations

2779 1362 28 19 de
2821 1361 128 23 Bruxelles,
2962 1359 78 25 Liège.
3053 1359 76 22 Gand.
3142 1360 91 19 Anvers
3253 1358 40 20 Ma-

2781 1387 65 21 lines.
2857 1386 136 22 Tirlemont,
3004 1385 78 23 Arlon,
3093 1385 81 22 Celles,
3186 1384 28 20 de
3225 1384 79 19 toutes

2780 1412 35 20 les
2838 1411 106 21 localités
2969 1411 28 20 de
3021 1410 222 20 l'arrondissement,
3267 1409 35 19 les

2779 1437 97 20 anciens
2899 1435 161 21 combattants
3082 1435 107 24 français
3211 1435 26 20 i't
3259 1434 35 20 Ita-

2779 1463 45 19 lien
2827 1462 63 21 s.etc

2805 1494 92 19 Autour
2913 1492 28 20 de
2958 1492 25 20 la
2999 1492 67 24 place
3082 1491 32 20 du
3131 1490 100 21 Général
3248 1490 44 21 Jac-

2779 1524 57 19 ques
2854 1519 34 19 les
2905 1518 143 20 volontaires
3066 1517 104 20 forment
3188 1517 22 19 le
3227 1515 73 21 carré.

2775 1544 34 20 La
2827 1544 106 23 musique
2951 1543 32 20 du
2999 1543 40 19 1er
3056 1541 117 25 régiment
3189 1541 29 20 de
3235 1541 62 25 ligne

2780 1573 55 16 sous
2847 1569 25 19 la
2885 1568 114 20 direction
3013 1568 31 19 du
3058 1567 131 20 lieutenant
3201 1566 101 22 R^nkin,

2779 1598 24 16 et
2818 1598 47 15 une
2880 1593 109 21 centaine
3007 1593 28 19 de
3052 1592 120 22 drapeaux
3189 1590 114 21 assistent

2775 1618 15 21 à
2805 1619 23 20 la
2844 1618 137 21 cérémonie.
2997 1618 36 20 On
3051 1621 123 20 remarque
3190 1616 64 21 aussi
3269 1616 35 20 les

2779 1643 76 21 écoles
2871 1644 125 20 officielles
3014 1643 25 22 et
3055 1643 34 19 les
3106 1641 76 21 écoles
3199 1641 76 20 libres.

2806 1676 32 21 Le
2855 1675 96 25 général
2968 1674 107 25 Burguet
3092 1674 65 20 salue
3174 1674 34 20 les
3225 1673 69 20 volon-

2780 1700 73 21 taires
2871 1701 30 19 de
2917 1705 84 20 guerre
3020 1700 25 19 et
3063 1698 89 26 dégage
3162 1719 4 6 p
3170 1699 24 20 la
3211 1698 81 24 signifi-

2779 1726 78 20 cation
2880 1726 28 20 de
2930 1726 24 19 la
2975 1724 138 21 distinction
3133 1724 40 24 qui
3194 1724 51 20 leur
3266 1723 35 20 e-i":

2780 1750 114 24 octroyée.
2913 1751 20 19 II
2952 1750 96 20 adresse
3067 1754 33 15 un
3119 1749 111 20 souvenir
3248 1747 53 22 ému

2781 1774 15 21 à
2812 1780 59 15 ceux
2889 1775 39 25 qui
2947 1780 29 16 no
2995 1775 54 20 sont
3065 1780 44 19 pas
3125 1778 108 17 revenus.

2807 1807 31 20 M.
2859 1807 108 22 Centner,
2987 1812 135 16 commence
3143 1806 62 20 alors
3225 1805 22 21 le
3267 1805 27 20 fu

2780 1831 71 21 nèbre
2867 1833 68 23 appel
2954 1832 41 20 des
3013 1832 143 19 volontaires
3172 1832 82 19 morts.
3271 1830 23 19 M

2780 1857 59 20 Paul
2860 1857 98 21 Boland.
2979 1856 70 25 aprè3
3070 1857 91 23 chaque
3184 1860 60 17 nom.
3267 1861 34 14 rt-

2780 1882 72 23 pond:
2867 1888 13 13 <
2892 1882 64 20 Mort
2969 1887 59 20 pour
3042 1882 24 19 la
3079 1881 81 20 Patrie
3173 1887 19 14 >.
3205 1881 45 20 Les
3264 1880 36 21 n£-

2781 1912 43 18 res,
2837 1907 34 20 les
2884 1906 83 24 mères,
2981 1907 33 20 les
3027 1906 82 23 frères,
3122 1907 34 19 les
3170 1911 76 15 sœurs
3261 1906 40 19 des

2780 1932 147 22 volontaires,
2934 1932 75 20 morts
3023 1932 165 24 s'approchent
3200 1931 64 22 alors
3278 1930 24 20 et

2781 1957 119 23 reçoivent
2915 1957 41 20 des
2971 1957 78 19 mains
3065 1957 31 19 du
3110 1956 79 24 major
3203 1956 90 24 Jacque-

2780 1986 56 19 myn
2851 1981 25 20 la
2890 1981 109 20 médaille
3015 1982 54 24 qu'il
3084 1982 53 19 leur
3151 1981 92 24 épingle
3261 1985 40 15 sur

2781 2006 23 19 la
2821 2006 107 24 poitrine.
2944 2007 34 20 La
2994 2007 108 23 musique
3119 2006 54 23 joue
3190 2011 29 15 en
3237 2010 53 16 sour-

2782 2031 59 20 dine.
2854 2031 56 20 Puis
2923 2032 34 19 les
2969 2032 59 19 trois
3040 2032 55 19 cent
3107 2031 39 20 dix
3159 2031 142 20 volontaires

2781 2056 159 20 combattants
2965 2057 137 20 s'avancent
3125 2061 61 19 pour
3211 2055 50 21 être
3287 2054 12 20 à

2780 2081 50 19 leur
2844 2081 54 19 tour
2910 2080 95 21 décorés
3018 2085 45 21 par
3076 2081 21 20 le
3111 2081 78 23 major
3202 2081 90 24 Jacque-

2781 2109 63 20 myn.
2867 2105 76 24 Après
2965 2106 63 20 cette
3052 2105 138 23 cérémonie,
3214 2105 31 20 M.
3271 2106 29 19 de

2781 2130 120 24 Fraipont,
2919 2130 89 24 évoque
3026 2130 76 21 l'idéal
3121 2131 40 24 qui
3180 2131 31 19 fit
3229 2129 64 22 aban-

2781 2153 90 23 donner
2885 2160 49 15 aux
2948 2156 142 19 volontaires
3105 2156 51 19 leur
3171 2156 90 19 famiPe
3278 2155 23 19 et

2781 2179 34 20 les
2831 2180 64 19 leurs
2912 2185 60 19 pour
2988 2181 66 20 voler
3069 2185 32 15 au
3117 2185 96 15 secours
3230 2180 29 20 de
3278 2181 22 19 'a

2781 2204 81 20 Patrie
2879 2210 30 15 en
2926 2205 96 24 danger.

2807 2241 13 14 €
2835 2235 73 21 Votre
2925 2235 49 21 rôle
2990 2236 61 21 n'est
3066 2242 44 18 pas
3127 2237 51 23 fini,
3197 2237 59 20 dit-il
3281 2237 19 19 n

2781 2265 59 15 nous
2859 2261 110 20 convient
2985 2260 17 21 à
3018 2266 66 17 nous,
3102 2262 41 24 qui
3161 2267 74 15 avons
3255 2262 44 20 fait

2777 2285 24 20 la
2818 2290 84 20 guerre
2918 2287 24 19 et
2957 2285 15 21 à
2988 2287 39 23 qui
3044 2287 74 20 avant
3133 2287 62 20 cette
3212 2292 90 20 guerre,

2781 2315 30 15 on
2824 2310 65 20 avait
2900 2310 76 21 oublié
2988 2310 16 21 à
3015 2312 131 23 apprendre
3158 2311 15 21 à
3185 2313 61 19 faire
3258 2320 6 13 t
3270 2317 29 15 or.

2781 2335 86 21 devoir.
2878 2336 70 20 Aussi
2974 2336 132 24 longtemps
3129 2341 45 20 que
3199 2337 34 20 les
3258 2337 33 23 ris-

2782 2364 58 20 ques
2881 2360 68 20 d'une
2990 2361 108 20 invasion
3139 2362 162 22 subsisteront,

2781 2389 59 15 nous
2853 2389 88 16 aurons
2954 2384 15 21 à
2981 2386 81 20 veiller
3075 2387 156 23 jalousement
3245 2386 15 21 à
3274 2391 26 15 ce

2782 2414 44 19 que
2844 2415 59 14 nous
2920 2415 73 19 aj-ons
3010 2415 47 17 une
3073 2410 80 21 armée
3169 2412 68 23 forte,
3254 2417 47 14 une

2783 2434 79 20 armée
2887 2435 183 20 exclusivement
3094 2436 121 21 défensive
3239 2437 61 19 mate

2781 2459 39 24 qui
2841 2460 117 23 inspirera
2977 2465 46 18 une
3041 2461 92 20 crainte
3153 2462 113 20 salutaire
3286 2460 15 21 à

2780 2489 59 15 ceux
2853 2485 38 23 qui
2907 2485 139 20 voudraient
3059 2486 74 20 violer
3147 2491 43 15 nos
3204 2486 88 20 frontiè-

2781 2514 44 15 res.
2840 2510 66 20 Nous
2921 2510 22 20 le
2958 2511 97 19 voulons
3069 2515 60 16 nour
3143 2511 54 24 qu'il
3214 2511 38 24 n'y
3267 2512 33 19 ait

2781 2535 53 23 plus
2857 2535 118 20 d'anciens
2997 2535 166 23 combattants,
3186 2536 55 24 qu'il
3264 2536 34 23 n'>

2781 2559 34 20 ait
2829 2560 53 23 plus
2898 2560 29 20 de
2940 2560 143 20 volontaires
3099 2561 28 20 de
3141 2565 90 20 guerre,
3246 2561 54 24 q-i'il

2781 2585 39 23 n'y
2836 2584 35 20 ait
2887 2585 52 23 plus
2955 2585 29 20 de
2998 2585 85 20 morts!
3101 2586 61 20 C'est
3178 2587 22 19 'e
3215 2586 85 20 travail

2782 2609 31 20 du
2829 2610 130 20 volontaire
2976 2610 60 20 dans
3051 2610 24 20 la
3090 2611 61 23 paix.
3167 2616 13 14 »

2808 2641 32 20 M.
2863 2641 74 23 Grun,
2960 2641 100 24 échevln
3084 2642 29 20 de
3137 2642 159 21 llnstructlor

2783 2666 110 24 publique
2909 2666 95 20 adresse
3021 2667 92 20 ensuite
3129 2672 47 15 aux
3191 2668 103 20 volontai-

2781 2695 39 15 res
2840 2695 32 15 au
2891 2696 55 15 nom
2966 2691 29 20 de
3014 2692 206 22 l'administration
3240 2697 53 15 com-

2782 2716 95 18 munale
2898 2716 25 19 et
2942 2715 29 20 de
2991 2716 24 20 la
3035 2717 137 23 population
3192 2717 53 20 tout
3264 2722 29 15 en-

2783 2739 64 23 tière,
2870 2740 35 19 les
2925 2741 192 20 remerciements
3139 2742 112 25 auxquels
3274 2743 28 19 ils

2784 2765 42 19 ont
2842 2764 69 21 droit.

2809 2795 38 20 Un
2869 2796 130 24 important
3020 2797 94 24 cortège
3135 2803 25 15 se
3182 2798 76 20 forme
3280 2804 13 14 e

2784 2821 112 22 parcourt
2910 2821 21 19 le
2945 2822 81 20 centre
3041 2823 29 18 de
3084 2823 115 19 Verriers.
3214 2823 19 19 Il
3250 2823 47 20 s'ar-

2785 2843 50 20 rête
2850 2844 88 21 devant
2953 2846 35 20 les
3002 2847 151 20 monuments
3170 2847 28 21 de
3213 2848 25 19 la
3253 2848 43 20 Vic-

2786 2868 59 21 toire
2863 2870 24 19 et
2904 2869 41 21 des
2962 2870 107 22 Fusillés.

3299 128 80 38 WF'

2460 4388 24 24 ♦
2485 4389 23 23 g
2509 4389 24 22 »

2265 4426 31 37 JN
2318 4426 75 38 GALA
2416 4427 34 36 DE
2471 4426 36 37 LA
2530 4426 194 37 CROIX-ROUGE

2321 4483 29 36 de
2368 4482 117 45 jeunesse
2506 4482 172 37 d'Anierlecht

2260 4564 34 20 La
2308 4564 159 24 Croix-Rouge
2482 4564 27 19 de
2523 4564 24 19 la
2560 4564 112 21 Jeunesse
2689 4565 20 20 d*
2710 4565 36 20 An-

2236 4588 109 23 derlecht,
2362 4589 56 19 dont
2434 4588 109 20 l'activité
2561 4589 35 19 est
2611 4589 144 24 incessante,,

2235 4614 53 19 tant
2304 4618 31 15 au
2351 4613 67 24 point
2434 4614 28 19 de
2477 4618 44 15 vue
2554 4613 39 20 des
2627 4614 127 20 initiatives

2234 4637 81 24 qu'elle
2337 4638 74 23 prend
2432 4643 28 14 en
2483 4638 85 19 faveur
2586 4638 28 19 de
2635 4638 120 24 l'hygiène,

2234 4662 70 24 qu'au
2316 4662 67 24 point
2397 4662 27 19 de
2438 4667 45 14 vue
2497 4662 27 20 de
2538 4662 175 24 l'organisation
2727 4664 27 19 de

2234 4686 68 22 fêter,
2318 4692 15 14 a
2349 4686 107 24 organisé
2475 4686 123 20 dimanche
2615 4687 48 19 soir
2679 4686 16 20 à
2711 4688 45 19 Pa-

2234 4711 47 19 trla
2293 4716 46 15 une
2352 4710 74 21 soirée
2439 4711 28 20 de
2481 4711 74 24 grand
2567 4711 60 24 gala.

2258 4736 39 19 Un
2312 4736 77 24 public
2405 4735 48 20 très
2468 4736 129 19 nombreux
2610 4741 16 18 y
2642 4736 112 20 assistait.

2236 4760 80 20 Citons
2336 4760 76 24 parmi
2433 4761 33 19 le3
2488 4759 153 24 personalités
2664 4765 6 15 :
2693 4761 62 19 Mme

2234 4785 104 22 Laisnez,
2369 4783 131 25 présidente
2518 4789 6 18 ;
2542 4784 21 20 le
2595 4785 160 24 bourgmestre

2235 4810 107 21 Paulsen,
2361 4808 112 21 l'échevin
2513 4808 152 22 Melckmans.
2684 4809 62 25 prési-

2235 4834 56 19 dent
2304 4834 137 21 d'honneur;
2456 4833 67 20 Mlles
2535 4834 173 22 VanHamme,
2720 4839 26 14 se-

2234 4858 100 20 crétaire
2356 4859 24 19 et
2399 4858 98 22 Thibau,
2519 4856 132 23 trésorière;
2676 4858 30 19 M.
2728 4858 26 20 G.

2233 4883 128 20 Vaxelaire.
2372 4883 81 19 consul
2465 4883 28 19 de
2503 4882 111 24 Pologne;
2627 4882 62 20 Mme
2700 4882 54 20 Vcr-

2233 4908 90 23 ttegen,
2341 4907 116 24 plusieurs
2476 4906 154 21 institutrices
2648 4908 24 19 et
2691 4906 55 21 Insti-

2234 4932 91 20 tuteurs
2344 4932 28 20 de
2392 4932 24 19 la
2432 4936 129 15 commune.

2260 4957 37 19 Un
2313 4961 149 19 programme
2480 4956 97 23 copieux
2593 4955 23 19 et
2634 4955 121 24 attrayant

2235 4980 108 24 composé
2357 4986 43 18 par
2413 4981 31 19 M.
2456 4980 101 23 Thoniw,
2571 4980 38 19 fut
2621 4979 78 21 animé
2713 4986 43 18 par

2234 5006 134 20 l'orchestre
2386 5006 28 19 de
2432 5005 31 19 M.
2479 5004 101 20 Wilmet.

2260 5030 37 19 On
2311 5030 122 23 applaudit
2447 5029 195 21 successivement
2657 5028 32 20 M.
2701 5029 54 20 Dol-

2235 5054 62 20 hain.
2309 5054 58 19 dans
2378 5059 42 14 son
2432 5053 136 24 répertoire;
2581 5053 62 19 Mme
2655 5053 28 20 de
2694 5054 62 19 Mar-

2235 5084 37 18 ny,
2290 5079 39 23 qui
2347 5078 88 20 chanta
2452 5078 40 19 des
2509 5082 72 19 pages
2601 5078 28 19 de
2647 5078 67 20 Bizet
2732 5079 23 19 et

2235 5103 27 20 de
2274 5102 106 23 Puccini;
2394 5103 31 18 M.
2438 5102 86 20 Marcel
2537 5102 106 19 Lolseau.

2262 5128 31 19 M.
2310 5126 47 20 Léo
2374 5127 80 19 Marco
2473 5124 128 26 interpréta
2620 5126 66 20 d'une
2703 5127 53 20 voix

2236 5151 48 20 très
2299 5152 64 19 riche
2377 5157 12 13 «
2404 5152 44 19 Les
2463 5151 66 19 Deux
2544 5151 140 20 Grenadiers
2700 5157 12 13 »
2728 5152 28 20 de

2236 5176 118 20 Schuman
2369 5176 24 19 et
2408 5176 23 19 la
2446 5181 12 13 c
2473 5175 69 20 Juive
2555 5180 12 13 »
2584 5174 118 26 d'Halévy

2262 5201 30 19 M.
2307 5200 65 20 Jules
2386 5200 99 21 Roosen,
2499 5204 89 17 encore,
2602 5201 45 18 mit
2661 5199 21 22 la
2698 5201 57 19 salle

2236 5230 28 14 en
2276 5225 46 24 joie
2335 5230 43 19 par
2389 5230 37 14 ses
2440 5224 116 20 chaneuns
2567 5224 126 24 comiques,
2705 5226 41 18 tan-

2236 5250 35 19 dis
2289 5254 45 19 que
2351 5250 31 19 M.
2399 5249 96 20 Wilmet
2512 5249 107 23 prouvait
2637 5254 31 14 au
2685 5250 70 22 piano

2234 5279 44 19 que
2298 5279 42 15 son
2360 5274 126 20 sentiment
2504 5273 98 20 musical
2622 5272 87 25 égalait
2727 5279 28 15 sa

2235 5297 128 21 virtuosité.

2260 5323 81 21 Enfin,
2360 5328 13 14 <
2392 5323 64 20 Pour
2475 5326 42 15 son
2536 5322 40 19 fils
2595 5328 20 15 >,
2631 5322 23 20 le
2674 5322 80 21 drame

2235 5347 135 20 réellement
2388 5346 125 20 émouvant
2530 5346 27 20 de
2573 5346 87 20 Marcel
2678 5347 77 20 Savlè-

2236 5378 43 16 res,
2297 5373 31 19 du
2343 5371 101 20 Théâtre
2461 5371 31 20 du
2508 5371 67 22 Parc,
2592 5371 38 20 fut
2645 5371 54 24 joué
2718 5377 28 14 en-

2236 5397 61 20 suite
2315 5401 43 19 par
2375 5401 31 14 un
2425 5399 83 20 troupe
2527 5396 79 23 expert
2611 5400 10 14 3
2640 5396 23 19 et
2680 5396 76 24 pleine

2236 5421 108 20 l'entrain
2360 5420 75 24 parmi
2452 5420 98 24 laquelle
2566 5420 80 19 furent
2661 5421 86 23 applau-

2238 5446 35 20 dis
2288 5446 106 19 l'auteur.
2411 5445 61 19 Mme
2488 5444 66 22 Gaby
2569 5444 115 21 Haubien.
2701 5446 56 19 MM.

2238 5470 107 19 Leblanc,
2366 5469 85 19 Marcel
2472 5468 106 25 Antoine,
2596 5469 21 20 le
2635 5470 60 24 pttit
2712 5470 36 20 An-

2240 5493 40 22 dré
2294 5495 24 20 et
2331 5494 64 21 Mme
2408 5493 76 21 Kecls,

2975 2916 28 33 Le
3016 2916 94 40 banquet

2806 2971 21 20 A
2840 2972 12 20 1
2868 2971 72 21 heure
2955 2977 15 15 a
2983 2973 47 20 lieu
3046 2978 31 15 un
3092 2974 104 26 banquet
3211 2974 91 26 présidé

2783 3000 44 20 par
2842 2996 31 20 M.
2888 2997 26 20 P.
2929 2997 97 20 Boland.
3041 2998 103 23 Celui-ci,
3160 3004 31 16 au
3209 3001 95 21 dessert,

2782 3021 66 23 porte
2867 3026 31 15 un
2916 3022 64 20 toast
2996 3027 32 16 au
3046 3023 44 20 Roi
3109 3026 24 18 et
3150 3023 16 21 à
3182 3025 23 19 la
3222 3025 81 20 Reine.

2781 3046 63 22 Puis,
2861 3046 68 24 après
2946 3047 67 20 avoir
3027 3047 67 20 ealué
3110 3049 77 19 toutes
3203 3049 34 20 les
3253 3054 42 19 per-

2781 3070 135 23 sonnalités,
2933 3071 15 20 II
2966 3072 57 20 rend
3041 3077 32 15 un
3091 3073 124 24 hommage
3231 3074 62 23 parti-

2781 3095 75 21 culier
2871 3095 17 20 à
2905 3096 62 20 Mme
2986 3096 92 21 Peltzer
3115 3098 28 19 de
3178 3098 126 20 Clermont.

2781 3120 89 24 grande
2892 3121 61 20 am'e
2976 3121 40 20 des
3037 3121 159 21 combattants
3219 3124 24 19 et
3263 3123 41 19 des

2782 3145 114 20 invalides
2928 3146 28 20 de
2988 3151 90 19 guerre.
3095 3147 20 19 Il
3148 3147 83 20 insiste
3262 3152 42 15 sur

2781 3170 87 20 l'union
2887 3169 132 22 nécessaire
3037 3171 67 20 entre
3123 3171 34 20 les
3176 3171 127 23 Flamands

2780 3195 25 19 et
2825 3194 35 20 les
2880 3194 112 21 Wallons.
3012 3196 19 19 II
3052 3196 60 19 n'est
3131 3201 44 19 pas
3195 3196 108 24 possible,

2781 3219 66 23 dit-il,
2860 3224 45 20 que
2920 3220 23 19 la
2958 3221 62 19 terre
3034 3220 28 20 d;
3074 3220 102 20 Flandre
3189 3221 41 24 qui
3243 3226 16 14 a
3272 3221 31 19 bu

2781 3249 57 14 avec
2862 3244 87 20 avidité
2973 3245 21 20 le
3017 3250 60 20 sang
3099 3245 40 19 des
3162 3246 89 19 soldats
3275 3246 29 19 de

2781 3269 113 20 Wallonie
2907 3274 89 15 comme
3009 3270 59 19 celui
3081 3270 40 20 des
3133 3270 134 21 Flamands,
3278 3275 25 14 se

2781 3293 82 25 sépare
2882 3295 27 19 de
2929 3295 23 19 la
2972 3293 154 26 mère-patrie.
3144 3295 66 19 Nous
3228 3295 75 20 allons

2781 3319 59 19 faire
2859 3324 31 15 un
2906 3319 109 20 sacrifice
3032 3324 114 14 nouveau.
3163 3320 45 19 Les
3226 3320 76 23 temps

2781 3344 55 20 sont
2851 3344 63 19 durs.
2929 3344 44 20 Les
2990 3344 159 20 commuants
3165 3345 138 19 consentent

2780 3367 17 21 à
2809 3368 85 21 mettre
2910 3373 45 15 une
2970 3368 109 20 sourdine
3092 3367 13 20 à
3121 3369 64 19 le.irs
3200 3369 94 19 revendi-

2781 3393 97 20 cations.
2895 3393 62 20 Mais
2974 3393 29 20 Us
3019 3393 94 20 wjîenf.
3130 3398 46 19 que
3193 3393 21 20 le
3233 3393 60 20 sacri-

2782 3418 46 20 fice
2840 3418 46 19 soit
2899 3416 102 26 général,
3014 3422 59 20 pour
3085 3422 45 19 que
3142 3418 51 20 (out
3206 3418 22 20 le
3241 3423 53 14 mon-

2781 3443 28 20 de
2824 3443 120 20 contribue
2959 3442 16 20 à
2989 3443 83 20 rendre
3087 3443 23 19 la
3124 3443 112 23 Belgique
3250 3443 52 24 plus

2781 3467 116 24 prospère,
2913 3467 53 24 plus
2984 3467 54 20 unïu
3054 3468 22 19 t*
3094 3467 53 24 plus
3166 3466 69 22 force.

2806 3492 31 20 M.
2857 3492 28 19 de
2904 3492 120 24 Fraipsnt,
3043 3490 179 22 vne-présider.t
3240 3490 55 21 fédé

2781 3518 42 21 rai,
2841 3518 65 19 salue
2923 3522 37 15 ses
2978 3516 137 20 camarades
3134 3516 130 20 verviéto's.
3283 3517 19 18 Il

2781 3542 102 24 rappelle
2896 3542 23 19 et
2931 3541 87 25 évoque
3031 3546 26 15 ce
3070 3541 80 20 besoin
3163 3540 87 20 d'unité
3263 3545 31 15 na-

2782 3566 85 20 tionale
2884 3568 23 18 et
2923 3572 29 14 en
2969 3567 76 21 arrive
3060 3565 16 20 à
3090 3566 79 24 parler
3187 3566 26 18 le
3229 3566 65 19 l'iner-

2781 3591 32 20 tie
2825 3592 40 19 des
2877 3591 104 20 bureaux
2993 3589 150 22 ministériels
3155 3595 31 15 au
3199 3590 62 23 sujet
3275 3590 14 19 d

2781 3617 23 19 la
2818 3615 107 21 médaille
2952 3616 40 20 des
3018 3615 167 23 combattants,
3199 3620 44 19 que
3257 3615 45 20 l'on

2780 3640 117 20 attendait
2912 3640 80 24 depuis
3008 3640 70 19 douze
3093 3644 52 15 ans.

2806 3665 21 20 II
2844 3665 99 20 termine
2962 3670 27 14 *m
3007 3665 125 19 affirmant
3149 3669 45 19 que
3212 3664 33 20 les
3263 3669 26 15 ar

2780 3690 64 20 clens
2860 3690 159 20 combattants
3035 3690 77 20 feront
3129 3689 106 24 toujours
3250 3690 52 19 tout

2780 3720 27 15 ce
2821 3715 40 24 qui
2876 3716 36 18 est
2925 3720 29 14 en
2968 3713 50 21 l<.ur
3031 3714 97 24 pouvoir
3141 3719 59 19 pour
3215 3714 20 20 le
3250 3714 51 20 bien

2782 3740 27 19 de
2824 3740 24 19 la
2861 3739 87 20 Patrie.

2807 3764 30 20 M.
2855 3765 150 19 Forthomme
3023 3763 73 24 prend
3115 3763 90 21 e/wa'te
3223 3763 23 20 la
3262 3768 41 15 na-

2783 3788 54 20 role.
2849 3788 37 19 On
2899 3787 85 20 entend
2997 3792 82 15 encore
3092 3788 31 19 M.
3136 3787 83 23 David,
3230 3787 22 20 le
3264 3787 30 20 ba-

2781 3819 42 15 ron
2841 3814 151 23 Pottôlbergh
3015 3814 23 19 ie
3058 3814 23 19 la
3099 3814 113 22 PuUerie,
3230 3813 63 25 prêsi

2781 3840 56 19 dent
2850 3840 27 19 de
2888 3840 24 18 la
2923 3838 91 20 Section
3028 3838 112 24 gantoise,
3151 3838 39 24 qui
3204 3843 88 19 pronon-

2780 3869 26 15 ce
2824 3869 32 14 un
2876 3864 104 19 discours
2999 3862 126 21 émouvant
3143 3869 29 14 en
3188 3863 113 20 flamand.

2780 3889 19 20 Il
2815 3888 83 21 s'élève
2914 3889 146 19 notamment
3076 3888 82 20 contre
3174 3888 33 20 les
3225 3892 68 16 outra-

2780 3919 41 19 ges
2833 3913 16 20 à
2861 3914 101 23 l'hymne
2974 3913 105 20 national
3093 3913 24 19 et
3130 3913 113 20 demande
3256 3918 47 15 aux

2780 3937 97 26 députés
2895 3936 105 25 présent!
3019 3938 21 19 le
3057 3937 53 20 vote
3128 3938 67 19 d'uno
3211 3938 31 19 loi
3262 3942 31 19 pu-

2780 3963 93 20 nissant
2890 3963 34 19 les
2942 3963 110 24 attaques
3070 3963 82 19 contra
3172 3963 23 19 la
3215 3968 12 14 *
3246 3963 48 19 Bra-

2781 3988 121 24 bançonne
2916 3993 19 15 ».

2806 4013 32 19 Le
2851 4013 48 19 soir
2911 4013 39 20 eut
2963 4012 46 20 Heu
3021 4016 31 16 au
3065 4012 76 24 grand
3153 4010 91 22 théâtre
3257 4017 45 15 une

2781 4037 74 20 soirée
2874 4038 27 19 de
2919 4037 61 24 gala.

2998 4075 92 19 ♦«♦-

2780 4110 59 24 LES
2859 4110 189 23 PREMIERES
3068 4111 20 21 A
3108 4110 194 24 BRUXELLES

2837 4181 41 27 U.i
2895 4181 110 26 récital
3025 4180 87 31 TisH*
3130 4180 121 27 Neilson

2807 4228 81 23 Samedi
2907 4229 48 21 soir,
2971 4235 28 14 tin
3017 4229 71 21 récital
3107 4230 13 17 .'
3125 4244 4 3 .
3148 4230 73 19 danses
3238 4235 12 14 a
3269 4229 33 21 été

2782 4255 95 23 organisé
2896 4261 39 17 par
2952 4254 19 21 le
2989 4254 73 21 co-rité
3080 4255 110 20 bruxe'.oii
3208 4255 85 20 d'éduca-

2781 4281 41 18 tion
2839 4280 94 19 ouvrière

2808 4305 39 20 Les
2865 4305 90 20 vedettes
2973 4311 25 14 en
3017 4304 68 21 ftirrnt
3103 4303 24 23 B,
3144 4305 26 20 de
3188 4305 38 20 Ghi
3229 4306 72 19 «telles,

2781 4329 49 20 dont
2850 4336 51 14 nous
2923 4336 63 14 avons
3007 4330 60 20 vanté
3089 4330 101 23 plusieurs
3212 4330 42 21 fois
3276 4331 25 19 ici

2782 4361 17 13 te
2819 4355 72 19 métier
2909 4358 21 16 et
2949 4354 92 21 l'entrain
3061 4358 20 17 et
3099 4355 35 24 qui
3152 4362 27 14 au
3198 4361 61 14 cours
3277 4356 25 19 de

2780 4383 53 17 cette
2849 4380 66 20 soirée
2932 4386 37 18 par
2985 4386 27 14 un
3029 4380 83 24 prodige
3128 4381 26 20 de
3170 4380 94 25 rapidité,
3280 4388 22 13 se

2782 4405 33 20 fit-
2824 4405 106 24 applaudir
2948 4412 36 14 sur
3002 4405 100 25 plusieurs
3120 4405 34 21 scè
3183 4414 13 15 -,
3214 4409 21 17 et
3252 4407 50 20 Mlie

2780 4430 62 21 Tisha
2857 4430 90 23 Xeiison,

2808 4455 82 20 Celle-ci
2915 4459 29 16 est
2967 4455 101 21 vraiment
3090 4456 147 24 remarquable.
3260 4457 34 20 Ou

2781 4483 30 17 tre
2833 4481 36 19 des
2890 4480 86 24 qualités
2997 4481 109 24 physiques
3128 4481 114 24 complètes,
3265 4483 37 19 elle

2781 4505 85 23 possède
2882 4511 27 14 un
2926 4506 83 20 charme
3025 4506 94 24 exotique
3135 4507 130 23 authentique
3281 4511 21 16 et

2781 4537 26 13 un
2823 4530 145 24 tempérament
2983 4531 92 21 d'artiste
3091 4531 87 21 sensible
3194 4535 20 17 et
3229 4532 72 20 intelli-

2779 4557 55 21 Rt-K

2808 4581 37 19 Ses
2863 4579 129 21 réalisations
3011 4581 109 24 plastiques
3138 4582 25 20 de
3181 4588 60 18 page*
3259 4588 34 14 mu-

2782 4605 71 20 sicales
2878 4605 25 20 de
2928 4606 28 19 Ca
2959 4605 138 22 roi-Bernard.
3123 4607 76 20 Gaston
3226 4607 77 24 Knops.

2781 4630 20 20 M
2805 4630 37 20 ien.
2845 4636 32 15 an.
2897 4630 62 24 Grief?
2978 4631 68 20 furent
3066 4631 42 21 trè*
3127 4632 122 24 appréciées.
3269 4634 23 19 Ci-

2782 4658 44 17 tons
2847 4655 54 20 aussi
2923 4662 23 12 «a
2969 4662 12 14 «
3004 4657 69 20 Danse
3093 4657 25 20 de
3138 4658 20 20 la
3178 4657 56 21 Mort
3254 4664 13 14 »
3290 4658 12 20 à

2782 4680 85 24 laquelle
2892 4680 207 25 l'accompagnement
3123 4682 25 20 de
3171 4689 70 17 gongs,
3266 4689 38 18 par

2781 4704 29 22 mt.
2827 4705 24 20 E.
2868 4705 102 21 Guilmain
2986 4706 57 25 prêta
3059 4713 39 14 une
3113 4708 128 24 atmosphère
3257 4714 37 19 pre-

2782 4733 69 21 nante.

2807 4755 40 19 Ce?
2867 4755 53 20 drux
2938 4756 82 20 artist-s
3039 4757 49 23 déjà
3118 4757 38 21 ité)
3175 4758 76 20 étalent
3269 4765 29 13 ac.

2781 4780 120 23 compagnes
2918 4781 60 20 d'une
2992 4780 63 26 jeune
3070 4785 71 21 troupe
3157 4784 106 23 composée
3278 4785 25 19 cle

2783 4805 53 20 MM.
2857 4805 60 25 Grey,
2937 4806 64 25 Cotel,
3021 4807 86 24 Rojïers
3127 4811 20 17 et
3165 4808 19 25 J.
3205 4809 25 20 de
3250 4808 45 23 MIo*

2781 4829 73 21 dtleer.

2987 4871 109 22 -*■<#-

2812 4907 36 37 le
2872 4907 101 43 départ
2997 4909 37 37 dn
3063 4903 16 16 M
3096 4910 145 43 Thysville
3257 4936 17 19 „

2791 4981 47 21 (Dt
2855 4984 67 19 notre
2939 4985 185 22 correspondant
3139 4986 148 22 parUcxuiarj

3026 5024 3 6 '
3049 5016 98 24 Anvers,
3166 5017 27 20 1T
3199 5033 4 4 .
3210 5017 67 20 avril.

2806 5043 138 24 Dimanche,
2962 5044 16 20 à
2997 5045 64 23 midi,
3080 5046 22 19 le
3122 5052 12 14 «
3153 5046 118 24 Thysville
3289 5051 13 14 >

2782 5068 27 20 de
2826 5069 24 19 la
2866 5069 27 20 P.
2910 5070 31 19 M.
2958 5070 34 22 B.,
3010 5076 15 14 a
3042 5070 75 25 quitté
3134 5072 92 19 Anvers
3243 5076 59 19 pour

2780 5094 21 19 Ifl
2817 5094 86 24 Congo,
2919 5095 166 24 entreprenant
3098 5101 45 15 eon
3157 5097 40 19 60e
3212 5100 90 20 voyage

2781 5118 86 24 d'aller,
2884 5124 54 16 sous
2956 5121 20 19 le
2994 5121 205 20 commandement
3215 5121 32 20 du
3264 5126 29 14 ca-

2781 5144 88 24 pitaine
2891 5144 29 20 A.'
2941 5145 148 21 Helremans.
3111 5146 44 20 Les
3178 5150 124 20 passagers

2781 5170 55 19 sont
2849 5174 31 15 au
2912 5169 80 21 ombre
3008 5171 28 19 de
3050 5171 26 19 52
3092 5176 29 15 en
3135 5172 39 19 Ire
3188 5171 75 19 classe
3278 5171 25 19 et

2780 5194 26 19 36
2821 5199 28 14 en
2861 5195 101 19 seconde
2976 5200 24 15 r'
3027 5200 7 15 :
3048 5196 20 20 le
3081 5196 86 24 Congo,
3180 5196 26 19 et
3217 5196 13 19 3
3243 5200 60 20 pour

2782 5219 87 20 Lobito.
2886 5220 79 20 Parmi
2981 5221 33 19 les
3029 5220 109 24 partants
3152 5225 27 15 se
3194 5221 110 19 trouvent

2782 5243 22 20 le
2827 5244 29 21 R.
2879 5245 26 20 P.
2928 5246 52 19 Van
3004 5246 108 22 Boeckel,
3136 5246 40 19 des
3199 5245 95 20 Domini-

2781 5269 66 20 cains
2864 5272 24 18 et
2904 5270 13 19 3
2933 5270 175 20 missionnaires
3124 5270 152 25 protestants.

2807 5295 22 18 A
2852 5295 180 20 l'embarcadère
3056 5301 25 14 se
3106 5296 134 20 trouvaient
3264 5300 31 15 no-

2781 5320 121 21 tamment.
2920 5322 30 18 M.
2968 5322 93 20 Camus,
3079 5321 116 20 directeur
3213 5326 31 15 au
3260 5322 33 19 mi-

2783 5344 94 22 nistère,
2897 5345 23 19 le
2941 5345 29 20 R.
2991 5345 26 20 P.
3038 5345 100 24 Cruyen,
3159 5345 29 20 de
3209 5345 92 22 Scheut,

2782 5369 56 20 MM.
2860 5370 75 22 Beels,
2957 5370 74 24 Olyff,
3051 5370 22 20 le
3094 5369 95 25 général
3212 5370 90 22 Olssen,

2782 5395 44 18 etc.

2808 5419 31 19 La
2860 5419 131 24 cargaison,
3010 5420 61 20 forte
3091 5420 27 20 de
3136 5420 58 20 2.500
3214 5420 88 20 tonnes.

2780 5445 105 20 contient
2906 5445 13 19 3
2940 5450 96 19 wagons
3057 5444 120 21 démontés
3199 5451 60 15 nour
3280 5447 21 19 le

2783 5468 93 20 chemin
2898 5468 27 20 de
2947 5469 34 20 fer
3003 5469 31 21 du
3054 5470 79 24 Congo
3154 5469 25 21 et
3198 5469 13 21 1
3232 5470 71 25 barge

2783 5498 59 20 pour
2857 5492 163 28 LéopcldviUe,
3033 5511 3 3 .

3400 184 36 46 Le
3455 185 63 47 XI¥
3518 190 35 27 ne
3571 185 200 47 anniYersair*

3363 247 36 47 de
3417 248 30 45 la
3466 249 116 44 bataille
3593 250 46 66 _de
3659 250 144 48 Merckem

3333 339 46 22 (De
3396 338 69 21 notre
3482 339 185 24 correspondant
3682 337 149 27 particulier)

3497 377 25 26 A
3542 376 127 28 Namur

3599 427 98 23 Namur,
3712 427 27 20 17
3755 427 67 21 avril.

3349 458 67 20 Ainsi
3432 462 45 19 que
3492 457 24 20 la
3530 463 12 13 c
3556 457 87 21 Nation
3657 458 72 24 Belge
3743 463 12 14 »
3769 458 31 21 l'a
3814 463 25 16 re-

3322 482 49 21 laté
3390 483 51 20 hier
3460 487 28 15 en
3508 483 111 24 quelques
3637 485 68 20 mots,
3722 484 22 20 le
3762 484 39 20 13e
3819 484 28 20 de

3321 509 82 24 Ligne,
3418 508 22 20 le
3453 508 98 20 brillant
3567 507 116 25 régiment
3696 513 45 20 que
3755 509 93 21 Namur

3324 535 36 19 «t
3376 533 58 21 flère
3450 533 89 20 d'avoir
3555 533 60 20 dans
3629 538 38 16 ses
3683 538 66 16 murs
3766 534 81 25 depuis

3323 559 116 24 quarante
3457 563 44 15 ans
3520 559 24 19 et
3561 559 40 23 qui
3618 559 51 20 seul
3687 560 101 20 subsiste
3806 560 41 20 des

3323 584 129 25 régiments
3469 584 28 20 de
3513 584 130 20 l'ancienne
3672 584 40 21 10e
3742 586 105 19 Division

3323 609 161 23 d'Infanterie,
3504 614 16 15 a
3538 608 158 22 commémoré
3716 611 89 20 samedi
3825 610 23 21 le

3322 635 70 23 XlVe
3410 634 162 21 anniversaire
3592 635 29 20 de
3652 635 23 20 la
3706 635 95 21 bataille
3822 637 26 19 de

3323 660 121 21 Merckem
3460 659 31 21 où
3509 660 17 20 il
3542 665 27 15 ee
3586 660 93 21 couvrit
3695 660 29 21 de
3741 661 80 24 gloire.
3831 675 4 5 .

3348 686 118 21 Vendredi
3479 686 55 22 soir,
3547 690 47 16 une
3607 686 99 21 retraite
3718 691 48 16 aux
3778 687 59 20 flam-

3321 712 82 22 beaux,
3416 710 124 26 organisée
3553 716 44 19 par
3608 711 23 20 le
3643 711 118 24 capitaine
3775 712 63 20 Char-

3321 737 40 21 les,
3376 737 35 20 les
3425 737 64 20 ltcut.
3503 736 81 24 Moiny
3598 738 24 19 et
3636 737 103 23 Delhaye
3755 738 23 20 et
3792 742 45 16 con-

3323 762 64 20 duite
3405 767 45 20 par
3466 762 25 20 la
3506 761 109 25 musique
3633 761 33 21 du
3682 766 69 20 corps
3768 767 70 16 secon-

3322 786 43 21 dée
3378 792 45 19 par
3436 787 118 24 plusieurs
3568 787 82 20 autres
3663 786 100 22 sociétés
3776 788 62 20 musi-

3322 812 64 20 cales
3401 812 129 25 parcourut
3545 812 35 20 les
3595 816 55 16 rues
3665 812 29 20 de
3708 813 25 19 la
3747 813 62 21 ville.

3339 851 44 27 La
3402 851 187 28 cérémonie
3608 852 44 26 du
3671 851 42 27 16
3733 852 87 27 avril

3351 900 101 23 Samedi,
3471 900 72 21 réveil
3562 905 30 16 en
3611 900 104 22 fanfare.
3733 900 75 25 Après
3828 901 22 20 le

3322 926 89 20 service
3427 926 31 20 du
3473 927 84 22 matin,
3572 926 35 19 les
3622 926 181 20 commandants
3818 926 28 20 de

3324 951 138 23 compagnie
3476 951 75 20 firent
3564 950 16 20 à
3595 951 64 20 leurs
3673 951 114 23 hommes,
3802 955 47 16 uns

3325 976 105 19 causerie
3449 981 42 15 sur
3510 977 24 19 la
3554 976 97 20 bataille
3671 975 178 24 commémorée,

3326 1003 38 16 ses
3386 1005 88 18 causes,
3496 1006 38 16 ses
3556 1001 139 23 conditions,
3717 1006 38 15 ses
3777 1000 63 21 résul-

3325 1024 55 22 tats,
3398 1030 38 15 se»
3452 1027 190 24 enseignements
3659 1027 24 20 et
3701 1031 42 15 sur
3759 1027 35 19 les
3811 1031 38 15 *e-

3326 1049 37 20 tes
3385 1049 137 23 d'héroïsme
3545 1051 128 25 accomplis
3702 1051 75 21 là-bas
3805 1056 46 20 par

3326 1074 33 19 les
3376 1074 97 22 anciens
3491 1077 31 19 du
3538 1077 40 21 13e
3594 1077 29 20 de
3639 1078 70 24 ligne.

3351 1106 22 19 A
3386 1106 26 20 10
3426 1106 29 23 h.,
3470 1107 86 22 devant
3571 1109 21 20 le
3607 1108 117 25 régiment
3738 1107 74 25 réuni,
3827 1109 21 20 le

3326 1131 89 19 colonel
3433 1132 103 21 B.-E.-M.
3554 1134 130 24 Descamps
3702 1133 87 25 déposa
3809 1134 41 20 des

3325 1156 75 19 fleurs
3412 1161 31 15 au
3455 1157 54 24 pied
3521 1158 31 20 du
3564 1160 139 19 monument
3714 1164 49 16 aux
3773 1159 76 20 Morts

3326 1180 32 20 du
3372 1181 45 23 13e,
3433 1181 63 21 élevé
3511 1183 59 20 dans
3583 1184 24 19 la
3620 1188 58 16 cour
3691 1185 32 19 du
3736 1184 114 25 quartier.

3326 1205 46 20 Son
3388 1207 67 23 geste
3470 1208 38 19 fut
3525 1207 79 26 répété
3619 1213 45 19 par
3679 1209 117 25 plusieurs
3811 1208 39 21 de-

3327 1230 116 24 légations
3463 1232 41 20 des
3523 1234 40 20 19e
3583 1235 24 18 et
3626 1234 39 20 20e
3685 1234 29 21 de
3733 1234 70 25 ligne.
3822 1235 27 20 Ht

3328 1261 68 19 corps
3418 1257 41 20 des
3480 1258 141 24 transports,
3641 1259 27 20 2e
3689 1260 126 20 chasseurs
3834 1258 18 21 à

3326 1281 82 20 cbeval
3446 1282 118 21 (officiers
3600 1285 24 19 et
3658 1285 191 23 sous-officiers),

3327 1306 105 20 Amicale
3453 1307 41 20 des
3514 1309 171 20 sous-officters
3706 1310 28 20 de
3754 1310 24 20 la
3798 1315 43 19 gar-

3327 1332 74 21 nison,
3419 1332 122 20 habitants
3559 1333 31 20 du
3608 1335 105 22 quartier
3730 1335 29 20 de
3777 1335 64 20 Merc-

3327 1356 61 23 kem,
3401 1358 51 21 etc.,
3466 1358 79 20 tandis
3558 1363 45 19 que
3616 1359 24 20 la
3653 1358 107 26 mus'que
3773 1360 78 24 jouait

3324 1388 12 14 •t
3351 1383 35 20 La
3402 1383 64 20 Mort
3481 1384 69 20 d'Ase
3566 1390 19 15 ».

3350 1415 33 19 Le
3407 1415 116 24 régiment
3547 1421 26 15 se
3596 1417 78 20 rendit
3699 1418 91 20 ensuite
3822 1424 29 15 en

3326 1440 94 24 cortège
3437 1439 17 21 à
3472 1441 24 19 la
3514 1440 141 23 Cathédrale
3674 1447 59 18 pour
3750 1443 100 19 assister

3326 1464 16 20 à
3357 1470 32 15 un
3404 1466 90 19 service
3510 1465 98 22 funèbre
3624 1466 15 21 à
3654 1467 24 20 la
3693 1466 112 22 mémoire
3821 1467 29 22 de

3326 1495 38 15 ses
3381 1491 82 19 morts.
3481 1491 36 20 Au
3534 1490 122 22 mémorial
3674 1492 31 20 du
3723 1492 127 21 boulevard}

3327 1515 28 20 de
3377 1515 126 23 Merckem,
3526 1516 87 21 devant
3633 1517 35 20 les
3689 1518 97 24 plaques
3806 1516 34 22 éri-

3325 1539 62 25 gées,
3401 1541 67 23 place
3485 1541 135 23 St-Aubaln,
3635 1548 29 14 en
3682 1543 110 20 souvenir
3808 1543 41 20 des

3327 1566 108 24 disparus
3451 1566 41 20 des
3506 1567 40 19 19e
3561 1568 24 19 et
3598 1567 39 20 20e
3652 1568 28 20 de
3695 1568 69 24 ligne,
3777 1568 22 21 le
3813 1573 28 15 co-

3327 1591 60 20 lonel
3406 1591 94 25 déposa,
3518 1596 32 15 au
3567 1597 42 15 son
3628 1593 68 20 d'une
3715 1598 12 14 <
3744 1593 96 21 Braban-

3328 1621 75 19 çonne
3425 1622 12 15 »
3460 1622 30 15 en
3513 1616 117 24 sourdine,
3653 1618 41 20 des
3715 1618 84 24 gerbes
3822 1617 29 22 de

3327 1641 80 21 fleurs.

3352 1667 52 19 Aux
3423 1666 110 25 délégués
3552 1667 41 21 des
3612 1668 61 21 deux
3691 1668 106 21 derniers
3815 1667 26 21 ré-

3327 1691 103 25 giments
3459 1693 15 19 il
3505 1692 36 21 dit
3569 1693 112 24 quelques
3709 1694 64 20 mots
3801 1695 41 19 tou-

3326 1718 91 22 chants,
3439 1717 119 26 évoquant
3578 1719 24 19 la
3629 1719 97 21 terrible
3752 1718 98 25 journée

3327 1742 80 21 d'avril
3427 1743 58 22 1918,
3506 1743 108 25 rappelée
3633 1749 45 19 par
3696 1744 34 20 les
3749 1743 92 21 cérémo-

3327 1768 49 19 nies
3395 1768 31 20 du
3443 1768 60 24 jour.
3799 1774 7 8 ■
3829 1770 12 21 .'

3350 1794 21 19 A
3384 1793 26 20 11
3424 1794 29 22 h.,
3467 1794 20 19 le
3503 1794 88 20 service
3606 1794 113 24 religieux
3734 1800 106 15 commen-

3325 1823 29 18 ça
3369 1818 59 20 dans
3444 1819 23 20 la
3484 1818 140 22 Cathédrale
3640 1820 104 24 remplie,
3760 1820 34 20 les
3809 1825 32 15 au-

3326 1843 82 21 torités
3427 1844 86 22 civiles,
3531 1845 123 20 militaires
3672 1846 24 19 et
3714 1846 137 23 religieuses

3326 1869 28 19 de
3373 1869 24 19 la
3414 1870 54 19 ville
3487 1871 24 19 et
3529 1870 29 20 de
3576 1871 25 19 la
3617 1871 112 23 province
3746 1876 17 19 y
3779 1870 72 21 ass's-

3325 1895 82 21 taient,
3426 1895 62 19 ainsi
3507 1900 44 19 que
3571 1896 28 19 de
3618 1896 153 22 nombreuses
3789 1895 51 21 délé-

3327 1920 95 23 gations
3445 1920 28 20 de
3496 1920 100 20 sociétés
3620 1922 162 22 patriotiques,
3807 1921 42 20 des

3325 1945 82 23 écoles,
3434 1946 44 20 etc.
3497 1946 33 20 Le
3557 1946 109 20 ministre
3692 1947 109 22 Bovesse,
3828 1946 22 20 le

3325 1975 148 19 gouverneur
3494 1971 28 20 de
3543 1971 25 19 la
3587 1971 112 24 province
3726 1971 74 20 baron
3821 1971 29 20 do

3325 1996 103 20 Gaiffler
3446 1997 126 23 d'IIestroy
3590 1996 90 21 étaient
3698 2002 31 15 au
3747 1992 103 28 premier

3326 2026 60 19 rang
3406 2022 27 19 de
3454 2022 152 20 l'assistance.
3626 2022 38 20 Un
3685 2021 165 21 détachement

3324 2051 30 15 en
3369 2052 84 17 armes,
3468 2052 58 14 avec
3542 2047 111 24 drapeau,
3669 2048 25 19 et
3709 2046 140 21 commandé

3324 2076 44 19 par
3386 2072 21 22 le
3425 2071 118 25 capitaine
3562 2073 74 19 Parot
3655 2074 43 19 <un
3716 2073 84 20 ancien
3820 2073 28 18 de

3325 2097 139 22 Merckem),
3485 2097 93 20 rendait
3596 2098 35 19 les
3650 2098 127 20 honneurs.
3796 2097 54 24 Mgr

3325 2122 96 24 Heylen,
3440 2121 87 25 évèque
3545 2122 29 20 de
3592 2123 99 22 Namur,
3709 2123 89 20 chanta
3816 2122 33 22 les

3324 2147 111 20 absoutes
3451 2149 24 19 et
3490 2148 34 19 les
3540 2148 97 20 artistes
3653 2147 95 25 réputés
3763 2148 87 20 T'Kint

3325 2173 23 19 et
3367 2173 123 20 Schevrier
3508 2178 25 17 se
3550 2173 75 20 firent
3642 2173 120 20 entendre.

3350 2197 75 24 Après
3442 2198 86 20 l'office
3545 2198 119 24 religieux,
3681 2203 26 16 ce
3723 2199 39 19 fut
3776 2199 22 20 le
3815 2203 26 15 re-

3324 2223 54 20 tour
3392 2228 32 15 au
3438 2223 112 24 quartier,
3564 2223 17 20 à
3594 2225 93 19 travers
3701 2224 34 19 les
3750 2228 55 15 rues
3819 2223 30 20 de

3326 2248 97 22 Namur,
3446 2247 93 21 animée
3562 2250 24 19 et
3608 2249 173 23 sympathique,
3803 2248 36 20 Na-

3324 2278 55 14 mur
3396 2273 39 24 qui
3456 2273 63 22 aime
3538 2278 43 15 son
3600 2274 70 20 vieux
3689 2273 117 25 régiment
3825 2275 25 18 et

3325 2299 40 24 qui
3382 2299 109 21 s'associe
3508 2299 108 24 toujours
3632 2304 58 15 avec
3709 2299 52 20 élan
3778 2298 17 21 à
3811 2304 38 15 ôcs

3325 2323 199 21 manifestations.

3350 2349 36 19 Un
3402 2353 69 20 repas
3486 2348 87 24 spécial
3589 2349 39 20 fut
3642 2349 61 20 servi
3718 2348 16 21 à
3747 2349 24 20 la
3786 2350 54 19 trou-

3324 2379 39 19 pe;
3384 2379 32 14 un
3435 2379 69 19 repas
3524 2374 29 20 de
3571 2379 69 19 corps
3659 2374 79 20 réunit
3755 2375 93 20 ensuite

3325 2399 34 20 les
3379 2400 107 19 officiers
3506 2399 68 20 d'une
3594 2399 62 24 part,
3676 2400 35 19 les
3730 2400 121 20 sous-om-

3324 2425 60 19 ciers
3402 2424 91 20 d'autre
3511 2425 61 23 part.

3391 2467 48 27 Au
3460 2474 89 20 mess
3565 2467 59 27 des
3639 2466 146 29 officiers

3350 2516 21 20 A
3385 2516 24 20 la
3423 2516 63 20 table
3502 2516 129 20 d'honneur
3647 2516 41 21 des
3702 2517 107 20 officiers
3824 2521 25 15 se

3325 2541 140 21 trouvaient,
3484 2542 128 19 entourant
3629 2542 21 20 le
3669 2542 89 19 colonel
3776 2542 74 20 B.-E.-

3325 2566 31 20 M.
3372 2567 130 23 Descamps
3520 2571 6 15 :
3544 2567 22 20 le
3582 2567 108 20 ministre
3706 2567 102 20 Bovesse
3826 2568 23 19 et

3326 2592 21 19 le
3364 2591 95 25 général
3477 2592 145 23 Stroobants,
3638 2593 22 19 le
3677 2591 96 25 général
3791 2592 49 20 Cha-

3324 2618 46 22 bot,
3389 2618 21 19 le
3430 2618 89 19 colonel
3539 2617 104 21 B.-E.-M.
3664 2618 91 21 Goffin.
3772 2619 23 19 le
3813 2623 29 15 co-

3327 2642 60 20 lonel
3408 2641 111 24 Bruyère,
3540 2642 34 20 les
3594 2642 257 20 lieutenants-colonels

3327 2667 104 20 B.-E.-M.
3453 2668 136 23 Descamps,
3610 2667 76 24 Lamy
3708 2668 24 19 et
3753 2667 98 22 Gérard,

3327 2692 31 20 M.
3377 2692 146 23 Walravens,
3544 2692 84 24 député
3649 2694 147 23 permanent,
3817 2693 34 19 les

3326 2717 102 20 colonels
3445 2718 96 21 Peteau,
3559 2718 117 20 Fondaire
3695 2718 24 20 et
3736 2718 114 23 Coppens,

3327 2743 34 19 les
3381 2743 91 23 majors
3493 2743 105 21 B.-E.-M.
3619 2743 102 24 Louppe,
3749 2742 102 22 Kieffer,

3328 2767 63 21 leurs
3412 2767 117 25 collègues
3550 2768 31 19 du
3602 2768 40 20 13e
3664 2769 28 19 de
3713 2769 63 23 ligne
3798 2768 51 20 Van

3329 2793 46 20 den
3394 2793 88 22 Heede,
3504 2793 99 22 Col.ard,
3626 2792 98 20 Lambin
3728 2795 22 18 et
3773 2793 24 20 et
3817 2793 34 20 les

3327 2818 90 22 majors
3435 2818 79 19 Triest
3531 2819 24 18 et
3572 2818 118 24 Verniers,
3707 2818 32 20 M.
3756 2817 87 21 l'aumô-

3328 2843 52 19 nier
3395 2842 116 25 principal
3526 2843 54 19 Van
3593 2843 99 24 Luyten.

3354 2868 31 21 M.
3409 2868 84 22 Huart,
3516 2867 163 25 bourgmestre
3702 2867 29 21 de
3752 2867 99 24 Namur,

3327 2892 82 25 grippé
3428 2892 79 21 s'était
3526 2894 47 19 fait
3592 2898 104 15 excuser.

3352 2918 21 20 A
3387 2918 88 20 l'heure
3490 2918 41 20 des
3546 2918 76 20 toasts
3637 2919 21 19 le
3674 2918 88 20 colonel
3778 2918 74 20 B.-E.-

3325 2941 30 24 l£
3374 2945 129 22 Descamps
3519 2944 43 20 but
3578 2949 31 15 au
3627 2944 44 20 Roi
3692 2945 23 19 et
3732 2943 16 21 à
3765 2945 24 19 la
3806 2945 35 18 Fa-

3327 2969 64 20 mille
3411 2969 87 24 royale.
3517 2969 79 23 Ayant
3616 2968 81 24 appris
3717 2973 45 20 peu
3783 2969 59 19 d'Ins-

3327 2994 65 19 tants
3410 2995 150 22 auparavant
3579 2994 23 19 la
3620 2994 64 19 mort
3703 2994 32 19 du
3753 2994 87 23 capitai-

3327 3024 29 15 ne
3375 3019 117 23 Dejaifve,
3510 3019 95 20 officier
3624 3019 31 19 du
3674 3019 39 20 13e
3732 3019 29 20 de
3780 3019 70 24 ligne.

3327 3044 16 20 Il
3362 3049 30 15 en
3409 3045 32 19 fit
3457 3045 56 23 part
3530 3043 16 20 à
3564 3043 144 22 l'assemblée
3727 3044 114 24 profondé-

3327 3071 66 18 ment
3412 3069 74 23 émue,
3506 3070 24 19 et
3549 3069 15 20 il
3585 3070 97 23 rappela
3701 3070 22 19 le
3741 3074 110 15 souvenir

3327 3095 32 20 du
3377 3093 95 26 généra]
3493 3094 116 22 Dansard,
3629 3095 85 19 ancien
3733 3099 108 15 comman-

3325 3121 57 19 dant
3403 3121 33 19 du
3456 3119 39 21 lie
3516 3120 30 19 de
3568 3121 69 23 ligne,
3659 3119 85 21 décédé
3765 3119 78 21 récem-

3326 3146 73 19 ment.

3353 3170 58 19 Puis
3439 3175 30 14 en
3498 3170 112 24 quelques
3639 3170 62 19 mots
3730 3170 121 24 prenants,

3327 3194 130 25 prononcés
3473 3195 68 20 d'une
3557 3196 54 19 voix
3625 3194 140 21 émouvante
3781 3195 16 19 il
3813 3193 29 21 dé-

3327 3225 77 19 gagea
3425 3221 24 19 la
3469 3221 163 23 signification
3653 3220 28 20 de
3703 3220 24 19 la
3747 3219 104 24 journée,

3328 3246 80 20 disant
3429 3247 125 20 comment,
3575 3250 45 19 par
3640 3245 24 20 la
3686 3244 103 21 ténacité
3810 3244 41 20 de3

3327 3271 84 24 belges,
3429 3271 13 19 6
3460 3271 126 19 bataillons
3604 3270 41 21 des
3663 3270 80 20 nôtres
3761 3270 79 20 contin-

3327 3298 54 18 rent
3399 3295 16 21 à
3434 3296 121 19 Merckem
3574 3296 13 19 8
3608 3296 112 19 divisions
3739 3295 103 20 alleman-

3326 3321 48 20 des.

3354 3348 66 18 Dan.?
3439 3346 34 20 les
3492 3346 83 23 écoles,
3592 3347 35 18 dit
3646 3346 21 20 le
3686 3346 89 19 colonel
3793 3346 58 19 Des.

3327 3376 90 19 camps,
3437 3376 31 14 on
3489 3371 110 23 enseigne
3622 3376 47 14 aux
3688 3370 84 25 jaunes
3792 3376 59 18 gens

3326 3397 34 19 les
3374 3397 99 23 exploits
3487 3397 42 19 des
3544 3397 68 18 héros
3626 3397 115 23 antiques.
3756 3396 20 19 Il
3790 3396 60 19 n'est

3326 3423 72 23 guère
3413 3422 80 20 besoin
3507 3422 29 19 de
3551 3422 113 19 chercher
3677 3422 21 18 si
3712 3422 56 22 loin,
3781 3421 69 24 qu'on

3328 3448 77 19 étudie
3422 3447 127 19 Merckem.

3354 3473 45 18 Les
3420 3472 71 19 hauts
3510 3472 60 23 frits
3590 3472 41 18 des
3653 3471 69 20 héros
3740 3472 55 18 sont
3816 3475 35 16 w-

3328 3501 95 15 mences
3459 3497 147 22 d'héroïsme,
3640 3497 66 18 aussi
3741 3496 109 19 tâchons-

3327 3527 60 14 nous
3403 3522 144 23 d'inculquer
3563 3522 15 18 à
3595 3525 44 16 mm
3654 3522 90 19 soldats
3761 3521 21 20 le
3798 3526 42 14 sou-

3326 3548 67 19 venir
3407 3548 28 19 de
3449 3548 23 18 la
3487 3548 113 18 bravoure
3614 3548 24 18 et
3653 3546 41 20 des
3708 3546 99 24 exploits
3820 3546 29 19 de

3326 3573 63 18 leurs
3402 3573 74 22 aixiés,
3489 3573 53 22 afin
3555 3576 45 19 que
3614 3577 27 14 es
3654 3572 109 19 souvenir
3779 3573 58 18 trem-

3327 3602 28 19 pe
3372 3598 52 18 leur
3439 3602 65 14 ccexir
3519 3602 60 18 pour
3595 3597 34 19 les
3646 3598 78 23 temps
3740 3597 14 19 à
3771 3597 79 20 rem'r;

3327 3623 52 22 afin
3400 3627 45 19 que
3466 3623 21 18 le
3509 3623 90 22 danger
3621 3623 107 22 toujours
3751 3622 100 19 r.osMhle

3328 3648 34 18 les
3384 3649 81 18 trouve
3487 3652 91 15 coinnxc
3600 3652 45 14 eux
3666 3647 87 19 debout
3774 3648 24 18 tt
3820 3650 31 17 en

3325 3673 81 23 gards.

3353 3697 20 19 Il
3391 3702 30 14 nfl
3439 3697 53 22 faut
3511 3702 44 19 pn*
3573 3702 45 18 que
3637 3702 59 14 ceux
3714 3697 58 20 dont
3790 3700 60 17 twtvt

3326 3722 118 24 évoquons
3454 3722 150 23 aujourd'hui
3615 3723 24 19 la
3649 3723 113 19 mémoire
3773 3723 77 18 soient

3326 3748 74 18 morts
3415 3752 60 19 pour
3491 3752 46 15 une
3552 3748 116 21 chimère;
3682 3748 49 19 s'ils
3746 3749 41 17 ont
3803 3748 47 23 fa*t

3326 3773 21 19 le
3363 3774 110 21 sacrifice
3490 3773 28 19 de
3535 3773 51 19 leur
3602 3773 37 19 vie
3656 3772 57 19 c'est
3729 3777 60 18 pour
3805 3777 45 19 qui

3325 3798 47 19 soit
3386 3798 141 19 immortelle
3541 3799 62 18 cette
3619 3798 82 19 réalité
3715 3798 96 19 vivants
3826 3799 24 19 et

3327 3823 193 23 passionnément
3542 3823 76 19 aimée
3643 3827 9 15 :
3674 3823 34 18 La
3732 3823 119 23 Belgique.

3353 3847 74 25 Après
3446 3848 21 20 le
3486 3848 55 19 chef
3560 3848 28 19 de
3607 3852 75 20 corps,
3701 3848 21 19 le
3741 3846 109 21 ministre

3328 3873 101 21 Bovesse
3453 3873 49 24 prit
3525 3874 23 18 la
3571 3873 80 23 parole
3674 3874 25 18 et
3722 3873 79 19 disant
3823 3877 29 14 sa

3326 3897 71 21 fierté
3415 3898 29 20 de
3463 3903 25 15 se
3506 3900 123 18 retrouver
3646 3898 77 23 parmi
3743 3898 34 19 le3
3796 3898 45 19 offi-

3324 3924 59 20 ciers
3400 3924 31 19 du
3450 3924 115 24 régiment
3582 3924 29 20 de
3628 3924 63 24 ligne
3707 3924 29 19 de
3753 3924 98 21 Namur,

3326 3948 98 20 adressa
3442 3953 32 14 un
3494 3948 69 24 pieux
3582 3948 111 20 souvenir
3710 3952 47 15 aux
3775 3950 75 17 morts

3326 3973 28 20 de
3369 3973 24 19 la
3408 3978 84 19 guerre
3508 3974 24 19 et
3547 3972 16 21 à
3578 3978 58 15 ceux
3650 3973 40 24 qui
3705 3973 54 19 sont
3774 3974 75 18 morts

3326 3998 88 23 depuis,
3432 4003 31 15 au
3481 3998 118 24 capitaine
3616 3998 116 24 Dejaifve,
3751 3998 58 19 dont
3827 3997 23 19 la

3325 4024 66 22 perte
3420 4024 36 19 est
3484 4024 153 19 cruellement
3664 4023 114 20 ressentie
3806 4027 44 19 par

3326 4049 59 21 tous,
3401 4048 96 19 montra
3513 4049 23 18 la
3553 4047 115 21 nécessité
3686 4048 67 20 d'une
3770 4048 80 19 armée

3326 4073 68 21 forte,
3413 4074 74 23 ayant
3505 4072 16 20 à
3539 4078 28 14 sa
3585 4072 139 25 disposition
3743 4074 54 19 tous
3816 4078 33 14 i*s

3327 4102 97 19 moyens
3446 4098 70 19 utiles
3538 4102 60 19 pour
3627 4098 104 24 pouvoir,
3760 4102 90 15 comme

3325 4123 57 19 celle
3399 4123 29 20 de
3443 4123 59 22 1914,
3519 4123 113 21 défendre
3649 4128 43 15 nos
3709 4123 80 23 droits,
3806 4127 43 15 nos

3327 4147 101 24 libertés,
3448 4152 43 16 nos
3511 4148 135 22 frontières.

3460 4201 44 27 La
3517 4201 196 27 fraternelle

3325 4242 43 28 du
3387 4243 74 27 9me
3480 4243 40 26 de
3540 4243 88 34 ligne
3647 4243 19 27 à
3684 4243 165 28 Merckem

3401 4286 46 24 [De
3466 4289 72 20 notre
3557 4288 94 25 envoyé
3669 4284 104 31 spécial)

3571 4321 127 23 Merckem,
3714 4322 26 19 17
3757 4321 67 20 avril.

3351 4345 62 20 C'est
3429 4351 31 14 au
3476 4346 97 20 nombre
3590 4347 28 19 de
3634 4346 39 20 300
3690 4346 95 20 environ
3804 4351 46 19 que

3325 4370 32 19 las
3371 4371 116 20 membres
3502 4371 28 20 do
3544 4372 22 18 la
3578 4371 145 19 Fraternelle
3737 4371 31 19 du
3780 4371 26 19 9e
3821 4371 29 18 de

3326 4395 61 23 ligne
3402 4400 26 15 se
3443 4396 55 19 sont
3513 4395 98 22 rendus.
3616 4400 29 15 en
3660 4394 141 26 pèlerinage,
3817 4395 22 19 di-

3325 4419 107 24 manche,
3453 4424 42 16 sur
3518 4420 21 20 le
3561 4418 92 22 théâtre
3676 4420 28 20 de
3725 4420 63 20 leurs
3812 4424 28 15 ex-

3325 4444 77 24 ploits.

3351 4468 137 26 Débarqués
3499 4474 53 15 vers
3565 4469 26 20 10
3604 4469 86 22 heures
3703 4469 30 20 du
3746 4468 74 20 matin
3834 4473 17 15 a

3325 4493 122 21 Dixmude.
3464 4494 29 20 Ils
3509 4499 25 15 se
3551 4494 104 20 forment
3671 4498 28 15 en
3716 4492 94 26 cortège
3826 4494 24 19 et

3325 4519 141 22 parcourent
3479 4519 33 19 les
3525 4523 53 16 rues
3592 4519 27 19 de
3633 4519 23 19 la
3667 4517 100 24 localité,
3778 4523 26 15 se
3817 4518 23 20 di-

3327 4542 92 24 rigeant
3451 4547 53 17 ver*
3538 4544 24 20 la
3594 4543 165 21 Grand'Place,
3776 4541 31 21 où
3824 4548 26 14 se

3326 4567 79 20 dresse
3420 4567 21 20 le
3457 4568 139 19 monument
3614 4568 32 19 du
3662 4566 95 25 général
3776 4567 73 20 baron

3325 4592 108 24 Jacques.
3448 4592 36 20 On
3498 4593 55 19 note
3567 4593 76 23 parmi
3656 4592 35 20 les
3706 4591 143 25 délégations

3326 4621 31 15 un
3378 4617 49 20 fort
3448 4616 138 25 contingent
3606 4617 40 19 des
3666 4616 102 20 sections
3789 4616 51 20 loca-

3325 4642 34 19 les
3373 4642 27 19 de
3412 4642 24 19 la
3448 4641 26 20 F.
3486 4642 29 19 N.
3527 4642 25 20 C.
3565 4642 23 20 et
3600 4642 27 19 de
3641 4642 23 19 la
3677 4641 26 19 F.
3716 4641 29 19 N.
3757 4641 25 22 L,
3793 4645 44 15 con-

3326 4666 76 20 duites
3417 4671 44 19 par
3474 4667 64 19 leurs
3553 4665 131 25 présidents
3700 4665 124 24 respectifs
3841 4670 7 16 :

3326 4690 57 20 MM.
3398 4691 114 20 Schollier
3526 4691 23 19 et
3563 4691 101 23 Capoen.

3351 4715 45 20 Les
3411 4715 105 20 malsons
3533 4716 27 19 de
3579 4716 23 19 la
3618 4715 66 24 place
3701 4714 55 20 sont
3771 4714 80 24 pavol-

3326 4738 51 21 sées
3393 4745 48 14 aux
3457 4740 107 19 couleurs
3579 4739 131 20 nationales
3728 4740 58 18 ain.H
3804 4744 46 19 que

3326 4764 21 19 le
3364 4765 143 19 monument.
3524 4764 50 20 Une
3591 4764 64 19 seule
3671 4764 80 19 ombre
3767 4768 31 15 au
3815 4765 24 18 ta-

3325 4789 69 19 bleau
3410 4794 6 15 :
3432 4789 204 20 l'administration
3650 4789 148 19 communale
3811 4788 39 20 n'a

3327 4818 41 19 pas
3388 4818 42 15 cru
3448 4813 79 20 devoir
3546 4818 25 15 se
3589 4813 86 19 mettre
3696 4818 28 15 en
3743 4813 60 20 frais
3821 4813 28 20 de

3327 4836 146 22 décorations
3490 4838 24 20 et
3531 4837 28 20 de
3592 4836 193 25 représentation.
3802 4838 47 19 Pas

3326 4867 31 15 un
3379 4863 104 23 drapeau
3504 4861 17 20 à
3541 4861 79 21 l'hôtel
3642 4862 29 20 de
3692 4862 55 20 ville
3769 4863 24 19 et
3814 4862 34 20 lei

3325 4886 160 21 mandataires
3500 4887 29 19 de
3542 4887 24 19 la
3578 4885 46 21 cité
3637 4887 114 24 martyre.
3755 4886 95 21 brillent

3326 4916 43 19 par
3383 4912 51 19 leur
3446 4911 106 22 absence,
3565 4910 17 20 à
3593 4911 137 24 l'exception
3744 4912 31 19 du
3789 4916 52 15 com-

3326 4935 106 21 missaire
3447 4940 29 15 en
3491 4935 62 22 chef,
3569 4935 31 20 M.
3614 4935 86 20 Focke.

3351 4960 88 22 Citons,
3459 4960 76 24 parmi
3556 4959 33 20 les
3608 4964 128 19 personnes
3756 4959 84 26 présen-

3325 4985 35 19 tes
3376 4989 6 15 :
3396 4984 22 20 le
3429 4983 95 25 général
3536 4984 113 24 Dejalffe,
3662 4984 84 20 ancien
3759 4985 90 21 colonel

3326 5009 31 20 du
3367 5008 26 20 9e
3404 5008 28 20 de
3444 5008 72 24 ligne;
3529 5009 22 20 le
3564 5009 89 20 colonel
3665 5009 88 21 Gtlson.
3765 5010 84 20 ancien

3325 5033 55 20 chef
3394 5033 28 20 de
3434 5033 124 24 bataillon;
3573 5034 22 20 le
3608 5034 78 23 major
3698 5034 120 22 Vervloet,.
3828 5035 22 19 le

3325 5057 221 24 premier-sergeant
3566 5058 104 23 Merckx,
3690 5059 32 19 M.
3742 5059 109 20 Zwende-

3325 5082 56 22 laer,
3397 5082 34 20 les
3449 5081 108 25 délégués
3575 5083 31 19 du
3620 5083 28 20 fie
3664 5083 28 20 de
3708 5083 63 25 ligne
3791 5088 6 15 :
3816 5084 33 20 les

3325 5106 130 24 capitaines
3474 5107 77 20 Haine
3569 5107 24 20 et
3610 5107 109 23 Slavons;
3738 5108 72 23 enfin,
3829 5108 20 19 le

3325 5130 86 21 comité
3427 5131 28 20 de
3472 5131 24 21 la
3512 5131 153 23 Fraternelle,
3682 5132 122 25 composée
3821 5133 29 19 de

3325 5160 42 15 son
3385 5154 126 25 président,
3529 5156 100 21 l'avocat
3646 5157 72 20 Sohet
3737 5162 6 18 ;
3762 5157 88 20 l'adm>

3325 5179 241 26 nlstrateur-délégué,
3590 5181 117 25 capitaine
3730 5181 86 21 Dustin
3826 5186 5 4 '
3840 5186 8 20 ;

3325 5205 33 19 les
3374 5204 139 21 secrétaires
3530 5205 91 25 Dupuls
3655 5207 24 19 et
3712 5206 137 24 Songeleer,.

3325 5229 56 20 MM.
3398 5229 88 20 Peetcn
3504 5230 25 20 et
3545 5230 123 21 Bauwens.

3350 5254 38 19 Au
3402 5254 80 20 milieu
3498 5254 28 20 de
3542 5255 175 20 recueillement
3747 5254 102 25 général,

3325 5278 21 20 le
3363 5277 120 25 président
3500 5279 27 20 de
3545 5280 23 19 la
3584 5279 145 21 Fraternelle
3764 5278 85 26 dépose

3325 5307 46 15 une
3388 5303 71 24 gerbe
3475 5308 32 15 au
3524 5304 54 24 pied
3594 5304 31 19 du
3642 5305 137 19 monument
3795 5304 44 20 Jac-

3325 5332 64 19 ques.

3351 5352 31 19 Le
3394 5352 71 24 pieux
3477 5352 80 20 devoir
3567 5352 81 23 rendu,
3659 5358 30 15 on
3701 5353 54 24 part
3768 5358 27 15 en
3808 5358 32 15 au-

3325 5377 68 20 tocar
3407 5381 62 20 pour
3484 5377 127 20 Merckem.

3351 5401 66 21 Dans
3432 5400 88 26 l'égliee
3535 5401 137 24 paroissiale
3701 5401 31 20 du
3744 5421 3 4 .
3763 5401 86 24 village

3326 5425 128 20 désormais
3470 5424 97 22 célèbre,
3584 5431 45 15 une
3645 5430 76 16 messe
3738 5425 36 21 est
3790 5426 49 21 célé-

3325 5448 54 21 brée
3391 5455 44 19 par
3445 5451 21 19 le
3477 5450 26 19 P.
3514 5451 61 18 Pira.
3586 5449 122 21 aumônier
3719 5450 29 20 de
3758 5451 22 19 la
3791 5451 48 20 Fra-

3325 5474 105 22 ternelle,
3453 5473 16 21 à
3492 5473 129 21 l'Intention
3646 5474 41 21 des
3712 5473 69 22 héros
3806 5476 41 25 qui

3324 5497 179 25 succombèrent
3519 5499 56 23 dans
3591 5500 23 19 la
3630 5499 65 22 lutU.
3712 5500 49 20 Une
3777 5501 72 24 gerbe

3765 5631 17 41 l
