3941 5713
65 226 23 21 «
105 211 75 50 LE
205 211 103 48 ROI
329 213 254 50 ALBERT

88 285 33 50 A
141 269 85 60 ÉTÉ
249 281 172 50 ASSASS
423 274 77 57 INÉ
525 296 24 19 »

74 382 54 35 CET
138 378 116 35 ODIEUX
264 378 171 34 MENSONGE
447 382 123 31 AURAIT

75 421 54 42 ÉTÉ
141 417 165 41 PRONONCÉ
324 425 246 36 PUBLIQUEMENT

111 472 63 34 PAR
182 469 42 32 UN
236 468 142 33 COLONEL
390 471 136 31 ANGLAIS

118 552 57 34 SON
187 547 151 34 DISCOURS
348 542 140 37 SOULÈVE
502 550 22 30 A

136 593 136 37 LONDRES
285 593 40 30 LA
342 593 77 31 PLUS
432 594 74 31 VIVE

205 633 224 38 RÉPROBATION

91 713 101 24 Londres,
209 711 13 20 5
234 708 53 22 mai.
301 718 27 5 —
347 709 65 20 Dans
429 714 33 16 un
480 710 102 21 discours

67 740 78 23 devant
160 737 20 20 le
195 735 56 22 Club
265 733 39 21 des
320 733 64 20 Oens
400 734 28 21 de
444 734 80 21 lettres
553 736 28 20 de

67 762 149 25 Nottingham.
241 758 21 21 le
293 757 88 21 colonel
399 758 106 23 Graham
521 761 49 20 Hut-

67 791 89 21 chlnson
171 784 75 22 aurait
258 782 76 22 donné
348 783 30 21 de
388 783 24 21 la
427 785 61 19 mort
502 785 31 20 du
548 785 34 20 roi

66 816 37 20 des
114 812 77 23 Belges
203 807 195 23 l'extraordinaire
413 809 90 20 version
514 810 39 24 qui
567 815 15 15 a

66 837 80 26 appelé,
159 840 25 16 ce
201 833 80 23 matin,
312 832 24 20 la
368 833 154 24 protestation
553 834 29 21 de

65 859 170 28 l'ambassadeur
251 858 28 20 de
291 857 116 25 Belgique.

88 895 49 21 Non
148 889 125 24 seulement
285 888 22 21 le
320 889 89 20 colonel
422 890 77 20 aurait
512 890 57 21 affir-

65 920 35 23 mé
112 922 41 21 que
169 916 21 20 le
202 914 34 22 roi
267 913 63 21 avait
361 913 37 21 été
425 915 115 20 assassiné
558 916 23 19 et

65 944 80 23 n'avait
156 940 125 21 nullement
294 938 49 25 péri
357 938 59 21 dans
429 944 33 15 un
475 939 104 21 accident

65 971 26 20 de
103 967 126 22 montagne,
245 963 58 21 mais
321 963 17 20 11
351 963 132 24 prétendait
501 969 44 21 que
560 964 21 21 le

65 993 93 23 meurtre
176 989 63 22 avait
257 989 41 20 des
317 992 80 16 causes
417 988 121 25 politiques
558 990 23 19 et

65 1024 39 19 que
116 1018 20 20 le
154 1014 119 22 souverain
289 1012 58 21 était
367 1013 91 20 victime
492 1014 28 20 de
539 1018 41 15 son

65 1041 120 28 opposition
202 1039 15 20 k
230 1038 23 21 la
275 1037 109 26 politique
406 1038 28 21 de
456 1037 24 21 la
493 1038 88 20 France

65 1071 21 20 et
97 1068 15 21 à
124 1067 23 20 la
159 1068 85 22 guerre.

86 1100 57 20 pour
164 1095 38 25 qui
223 1095 54 20 s'est
299 1093 74 22 rendu
396 1098 40 16 sur
459 1094 33 20 les
516 1093 66 23 lieux.

63 1126 56 20 ivait
135 1119 87 23 déclaré
237 1119 114 23 l'orateur,
364 1118 16 21 U
396 1118 58 21 était
469 1118 69 21 facile
555 1118 27 21 de

63 1150 45 21 voir
116 1151 40 21 que
168 1145 20 21 le
201 1149 64 20 corps
277 1149 28 16 ne
319 1144 87 24 portait
417 1148 89 17 aucune
519 1145 63 19 trace

64 1175 25 21 de
108 1170 123 23 contusion.
251 1170 36 19 En
307 1168 88 23 réalité,
416 1177 9 9 «
447 1168 22 21 le
490 1168 34 21 roi
546 1169 36 20 fut

61 1197 74 26 frappé
153 1197 14 20 à
187 1195 22 21 la
230 1198 75 21 nuque
326 1203 19 14 ».
365 1194 83 21 C'était
469 1194 22 22 là
513 1194 67 20 chose

64 1226 80 19 connue
154 1224 29 17 en
194 1219 107 24 Belgique
313 1219 23 21 et
346 1222 113 21 personne
471 1218 61 21 n'ose
540 1222 30 16 au-

64 1245 106 30 jourd'hui
182 1244 75 25 parler
268 1243 27 21 de
306 1243 23 21 la
341 1244 62 21 mort
413 1242 31 22 du
455 1244 126 22 souverain.

87 1277 110 23 L'orateur
210 1275 77 21 aurait
299 1274 78 25 ajouté
394 1278 6 17 :

82 1317 24 17 L»
116 1314 36 18 tait
165 1314 28 15 e-t
207 1316 36 16 que
257 1312 17 17 le
289 1312 29 17 roi
332 1311 49 17 était
393 1311 97 18 contraire
504 1312 12 16 k
530 1312 53 17 toute

66 1343 35 18 Idée
115 1341 20 16 de
150 1342 71 16 guerre.
238 1338 17 16 ïl
270 1341 20 13 se
304 1337 82 17 refusait
402 1337 13 16 à
430 1337 55 20 Jouer
500 1341 27 13 un
544 1338 39 17 rôle

67 1370 42 16 dans
122 1366 16 16 ls
153 1368 11 15 P
165 1364 5 15 :
173 1368 7 6 *
185 1367 12 12 n
213 1362 107 20 diabolique
334 1362 23 17 de
373 1362 20 17 la
410 1363 72 16 France
499 1364 20 16 et
534 1363 49 17 dans

67 1395 16 18 ]»
96 1389 121 21 conspiration
232 1389 65 16 contre
312 1391 39 13 une
365 1388 109 20 Allemagne
490 1392 46 13 astis
551 1389 32 16 de.

67 1420 51 17 lense.
129 1415 15 17 H
158 1413 48 18 était
221 1417 37 14 une
274 1413 52 17 force
342 1413 79 17 d'union
435 1414 55 17 entre
507 1419 8 10 .
532 1414 42 18 Wal-

66 1445 36 17 lons
114 1442 17 16 et
141 1438 102 19 Flamand!
256 1443 18 13 ».

83 1473 9 12 ,
105 1467 21 17 Je
140 1465 38 17 suis
194 1467 24 14 en
234 1467 74 14 mesure
324 1464 24 17 de
364 1464 71 18 révéler
451 1468 42 16 que,
509 1464 74 21 lorsque

64 1495 16 17 ls
91 1492 26 18 rai
127 1490 62 18 Albert
203 1490 31 16 fut
247 1490 56 18 mort,
317 1489 28 18 les
359 1490 140 19 communistes,
514 1491 32 19 qui
561 1494 23 13 en

65 1520 36 16 fait,
115 1515 128 21 représentent
254 1515 28 17 les
296 1515 81 17 Intérêts
391 1516 23 16 de
429 1515 19 17 la
463 1516 78 17 finance
555 1515 20 17 in-

63 1540 124 21 ternationale,
206 1540 66 17 furent
290 1544 53 13 asses
360 1540 51 18 forts
428 1544 48 17 pour
492 1545 21 14 se
531 1541 44 17 dres-

63 1572 31 16 ser,
110 1569 46 18 pour
170 1565 65 17 hurler
251 1565 12 17 à
279 1565 20 18 la
312 1565 113 18 révolution.

81 1598 9 12 ,
105 1592 96 17 L'histoire
216 1591 23 17 de
255 1595 22 13 sa
292 1592 56 18 mort,
362 1592 65 17 aurait
441 1592 29 18 dit
486 1595 66 14 encore
567 1592 16 17 le

62 1618 67 18 colonel
151 1616 126 19 Hutchlnson,
302 1616 49 18 était
375 1617 54 20 prête
453 1617 13 17 à
489 1617 95 17 Bruxellea

62 1644 57 18 avant
131 1642 56 17 mime
199 1641 47 21 qu'U
259 1645 25 14 ne
298 1642 83 20 mourut.

88 1688 35 21 On
133 1685 89 25 conçoit
233 1690 43 20 que
289 1686 60 21 cette
360 1685 96 25 version,
463 1686 61 20 aussi
531 1686 43 20 fan

63 1711 83 22 talslste
163 1715 44 20 que
224 1710 170 24 tendancieuse,
410 1711 35 21 ait
473 1711 113 24 provoqué

62 1735 149 22 d'immédiats
233 1735 114 23 démentis
369 1735 27 21 de
417 1736 23 21 la
461 1736 54 24 part
558 1735 27 20 de

61 1760 177 22 l'ambassadeur
253 1761 29 21 de
298 1760 115 25 Belgique.

82 1799 11 11 •
107 1792 61 22 C'est
181 1791 21 21 le
216 1796 124 20 mensonge
353 1790 21 22 le
388 1791 51 25 plus
452 1791 77 25 abject
542 1796 43 20 que

60 1815 52 26 J'aie
130 1816 83 24 jamais
230 1816 109 23 entendu,
357 1820 15 16 a
390 1815 89 21 déclaré
495 1816 21 21 le
534 1819 40 21 pre-

60 1841 57 21 mier
127 1840 122 21 secrétaire
258 1841 29 20 de
300 1840 157 24 l'ambassade,
468 1840 40 21 dès
520 1841 66 24 qu'on

60 1865 32 21 lui
105 1866 41 20 eut
159 1865 160 24 communiqué
332 1865 32 21 les
379 1864 89 26 paroles
481 1868 30 18 du
526 1866 60 20 culo-

61 1893 37 20 ne;
119 1890 21 19 si
160 1894 25 16 ce
204 1889 115 21 monsieur
339 1890 55 20 veut
414 1889 65 21 venir
498 1889 88 25 répéter

62 1914 82 21 devant
160 1914 47 20 moi
223 1918 26 16 ce
264 1914 54 24 qu'il
335 1919 15 15 a
363 1914 35 21 dit
414 1914 57 24 hier,
487 1914 24 21 la
524 1914 62 20 seule

61 1939 93 24 réponse
169 1942 52 17 sera
235 1943 33 16 un
283 1943 59 19 coup
359 1939 27 20 de
403 1939 70 24 poing
488 1938 60 21 dans
563 1939 22 20 la

59 1964 117 22 mâchoire.
190 1964 25 20 Si
228 1964 21 19 le
261 1963 49 24 pire
317 1964 92 20 ennemi
422 1964 29 20 de
463 1964 122 24 quelqu'un

61 1987 83 22 voulait
163 1987 105 20 Inventer
284 1992 32 15 un
336 1987 89 24 ignoble
456 1992 127 20 mensonge,

59 2015 52 21 c'est
122 2013 24 21 là
159 2017 26 16 ce
199 2013 54 24 qu'il
267 2012 153 22 découvrirait
433 2022 20 13 ».

221 2055 206 21 INDIGNATION*

86 2093 106 23 Londres,
207 2093 12 20 5
233 2093 54 21 mai.
301 2103 26 6 —
339 2093 37 20 Au
390 2092 62 24 sujet
466 2092 28 21 de
505 2093 24 20 la
544 2093 28 21 dé-

66 2118 108 22 claration
193 2118 31 21 du
243 2117 88 21 colonel
350 2117 153 24 Hutchinson,
518 2117 55 21 l'am-

66 2143 119 22 bassadeur
199 2142 29 21 de
241 2142 108 24 Belgique
380 2147 15 16 a
412 2142 45 20 fait
472 2142 54 24 part
542 2146 31 16 au-

65 2168 111 26 jourd'hui
193 2168 28 20 de
234 2166 161 26 l'indignation
411 2171 44 21 que
471 2167 34 20 lui
522 2167 62 21 avait

66 2193 76 22 causée
159 2196 46 17 une
223 2192 53 20 telle
290 2191 153 21 affirmation.

83 2236 26 5 —
122 2225 27 21 Je
162 2223 106 25 regrette,
281 2223 67 20 a-t-il
363 2223 41 23 dit,
419 2227 43 20 que
477 2227 26 17 ce
517 2228 65 16 men-

66 2253 66 21 aonge
147 2248 34 21 ait
192 2248 37 21 été
244 2247 74 21 rendu
335 2247 83 26 public.

89 2281 32 20 La
133 2280 51 25 plus
198 2279 87 25 grande
300 2278 146 24 Indignation
461 2283 15 16 a
491 2278 37 21 été
544 2283 28 17 ex-

67 2305 81 26 primée
160 2308 31 17 au
207 2304 97 24 Foreign
320 2303 84 24 Office,
420 2303 31 21 où
466 2303 25 21 la
507 2303 65 21 décla-

67 2331 72 21 ration
149 2329 30 22 du
192 2328 88 21 colonel
292 2328 147 21 Hutchlnson
453 2328 35 20 est
499 2327 85 22 décrite

68 2357 82 19 comme
169 2353 66 22 étant
254 2353 154 21 entièrement
448 2352 87 22 dénuée
555 2353 29 21 de

67 2378 135 24 fondement.
213 2389 27 5 —
252 2377 77 25 Belga.

121 2418 47 16 Tont
184 2416 18 17 1*
218 2415 68 17 monde
303 2415 45 21 sait,
365 2419 23 14 en
407 2416 93 19 Belgique,
518 2415 20 17 ci
554 2415 28 17 les

100 2442 86 19 enquêtes
202 2440 57 17 faites
272 2444 33 13 sur
319 2439 61 21 place,
394 2441 44 16 tant
454 2444 36 17 par
505 2440 18 18 le
537 2444 44 16 par-

100 2468 43 19 Sjaet
155 2470 36 16 que
203 2469 35 17 par
251 2465 84 20 d'antre»
349 2464 93 19 autorités
456 2465 124 17 l'établissent

101 2491 112 22 clairement,
235 2494 35 16 que
291 2490 20 17 la
330 2489 119 17 déclaration
471 2490 110 17 fantaisiste

100 2517 26 17 da
136 2516 68 17 colonel
217 2516 117 15 Hutchlnson
346 2516 29 15 est
387 2515 105 19 dépourvue
505 2515 23 17 de
538 2515 41 17 ton*

102 2542 20 17 ta
134 2542 61 19 espèce
209 2541 23 17 de
247 2540 50 19 bas».
310 2547 23 6 —
346 2540 64 19 Belga.

142 2585 35 21 LE
192 2583 133 23 COLONEL
337 2583 171 21 MAINTIENT

157 2616 41 23 (De
211 2614 65 22 notre
291 2614 193 25 correspondant.)

92 2646 102 23 Londres,
205 2645 13 21 5
231 2645 53 21 mal.
297 2653 23 5 —
336 2644 55 21 (Par
404 2643 139 25 téléphone.)
558 2653 22 5 —
579 2654 7 4 -

69 2673 32 20 La
122 2671 134 22 déclaration
275 2670 30 20 du
328 2669 87 21 colonel
439 2669 146 20 Hutchinson

70 2697 44 21 fait
124 2698 33 20 les
168 2696 55 21 trais
233 2695 29 21 de
276 2694 75 21 toutes
362 2694 34 21 lea
408 2694 177 24 conversations,

71 2727 24 16 ce
107 2722 51 23 soir,
168 2721 16 22 à
196 2720 101 21 Londres.

96 2751 133 24 Interviewe,
245 2750 16 21 11
277 2755 14 16 a
309 2749 92 24 déclaré
421 2755 6 16 :
449 2758 10 10 «
480 2750 46 21 J'ai
544 2750 41 20 des

73 2781 90 21 preuves
175 2780 40 21 que
228 2776 20 24 je
261 2775 193 25 communiquerai
467 2780 30 16 en
510 2775 75 25 temps

74 2802 59 21 utile.
145 2801 74 24 Quant
229 2806 15 15 a
255 2800 23 21 la
288 2805 96 16 menace
396 2800 28 21 de
434 2800 150 20 l'ambassade

74 2827 25 19 d-
110 2825 100 25 Belgique
221 2825 14 21 à
245 2825 105 24 Londres,
360 2826 24 24 je
396 2830 37 16 me
443 2825 141 25 présenterai

72 2851 154 20 certainement
243 2850 15 21 à
277 2850 150 22 l'ambassade
446 2850 21 21 si
486 2850 33 25 j'y
536 2849 48 21 suis

69 2873 95 23 invité»
192 2902 256 9 ^^^^^^^^

86 2939 35 29 LE
137 2939 98 29 CANAL
253 2941 39 27 DE
315 2941 248 28 ZUID-BEVELAND

91 3008 31 21 La
131 3009 72 24 Haye,
213 3009 13 20 5
237 3009 54 21 mai.
300 3020 28 5 —
336 3010 65 20 Dans
411 3009 22 21 le
441 3010 95 24 rapport
545 3010 41 20 des

69 3033 93 21 sections
182 3033 29 21 de
230 3033 25 21 la
273 3034 112 24 première
401 3034 109 21 chambre
530 3038 44 17 con-

69 3058 91 21 cernant
174 3058 22 20 le
215 3058 76 24 projet
306 3059 28 21 de
349 3059 31 20 loi
399 3058 142 22 d'exécution
558 3060 29 20 de

69 3084 91 20 travaux
178 3083 89 24 publics
285 3088 31 16 au
334 3084 68 20 canal
421 3084 32 21 du
471 3083 115 22 Zuid-Be-

69 3108 77 21 veland
164 3110 24 18 et
207 3112 31 17 au
258 3108 66 25 point
342 3109 34 21 du
394 3108 94 21 chemin
502 3108 29 21 de
551 3108 36 21 fer

68 3132 49 25 près
130 3132 27 21 de
170 3132 79 24 Vlake,
264 3133 108 24 quelques
385 3133 114 22 membres
510 3133 65 21 décla-

68 3157 49 21 rent
128 3157 53 26 qu'il
195 3157 59 21 était
265 3158 98 21 difficile
379 3159 28 20 de
422 3157 130 22 considérer
565 3158 22 20 le

69 3183 70 24 projet
157 3182 221 24 indépendamment
398 3183 29 21 de
448 3183 93 21 l'œuvre
558 3182 29 22 de

69 3207 22 21 la
105 3208 143 20 commission
265 3208 102 20 centrale
386 3208 32 21 du
434 3208 71 21 Rhin.

91 3238 30 21 Le
129 3238 103 21 ministre
243 3238 73 24 ayant
328 3238 90 22 déclaré
429 3238 144 25 i-atégorique

70 3263 64 23 ment,
152 3263 25 21 et
193 3262 53 26 plus
265 3263 68 20 d'une
352 3263 51 23 fols,
418 3268 45 20 que
482 3264 34 20 les
532 3264 42 21 réu-

69 3288 62 21 nions
138 3288 28 20 de
175 3287 23 21 la
208 3288 146 21 commission
363 3288 108 21 relatives
481 3293 15 17 a
506 3289 66 19 l'amé-

70 3312 99 21 lioration
189 3313 41 20 des
249 3313 207 20 communications
476 3317 45 20 par
541 3317 46 17 eau

71 3338 59 20 entre
144 3337 21 21 le
181 3337 63 22 Rhin
257 3338 25 20 et
296 3337 98 21 l'Escaut
412 3338 118 20 n'avaient
543 3338 31 20 ab-

70 3362 106 21 solument
190 3362 70 25 qu'un
274 3362 117 21 caractère
406 3362 180 25 d'information,

70 3391 35 16 ces
114 3386 108 23 membres
232 3387 53 21 sont
295 3387 72 21 d'avis
377 3387 55 25 qu'il
442 3388 56 20 vaut
508 3388 78 21 mieux

71 3415 27 17 ne
107 3416 40 21 pas
159 3411 105 22 s'arrêter
277 3411 16 22 à
306 3412 61 21 cette
382 3412 112 26 question.

94 3442 65 21 Selon
169 3447 37 16 ces
216 3442 125 24 sénateurs,
355 3443 24 21 la
393 3442 111 22 nécessité
517 3442 68 23 d'une

71 3467 94 21 nouvelle
182 3467 48 21 vole
246 3467 121 24 navigable
384 3468 108 24 apparaît
509 3468 76 21 moins

72 3492 19 20 si
101 3491 21 21 le
134 3492 66 21 canal
213 3493 155 20 d'Hansweert
383 3494 36 20 est
433 3493 116 24 amélioré,
560 3494 26 20 et

73 3516 44 21 cela
133 3517 55 21 dans
203 3521 45 17 une
265 3522 90 17 mesure
372 3517 131 21 semblable.
517 3518 68 21 Cette

73 3540 148 22 amélioration
234 3542 36 21 est
286 3547 55 16 sans
357 3543 71 21 doute
442 3543 141 24 importante

72 3569 52 21 pour
135 3566 24 21 la
174 3567 131 24 navigation
322 3567 151 24 hollandaise,
489 3568 60 21 mais
567 3568 16 20 il

72 3594 29 17 ne
111 3590 49 21 faut
173 3595 42 21 pas
230 3591 86 21 oublier
331 3596 44 21 que
390 3592 35 20 les
439 3592 89 25 projets
540 3598 31 16 en

72 3615 81 24 visages
171 3617 74 20 seront
264 3616 67 21 d'une
351 3616 62 21 aussi
433 3617 89 24 grande
537 3618 38 20 lm-

74 3642 100 21 portance
184 3645 57 21 pour
252 3641 24 21 la
287 3642 115 24 Belgique.
416 3643 65 20 Dans
494 3642 38 21 cet
545 3647 27 16 or-

74 3664 36 21 dre
123 3666 83 23 d'idées,
215 3666 33 21 les
257 3666 119 21 sénateurs
389 3666 107 25 espèrent
508 3667 76 21 même

74 3690 64 23 qu'un
149 3695 64 20 usage
226 3691 55 22 utile
293 3696 51 16 sera
355 3692 46 21 fait
411 3692 29 22 de
453 3692 130 21 l'initiative

75 3714 144 22 néerlandaise
239 3717 38 20 (en
293 3721 43 16 vue
353 3717 30 21 de
400 3713 137 25 l'exécution
553 3717 30 22 de

75 3739 90 21 travaux
177 3740 100 23 coûteux)
292 3741 16 21 à
321 3741 122 21 l'occasion
456 3742 42 21 des
511 3742 60 25 négo-

76 3764 89 20 ciations
174 3766 90 20 futures.
272 3766 77 25 Enfin,
358 3771 39 16 ces
408 3767 121 21 sénateurs
541 3767 28 21 de-

77 3788 103 22 mandent
192 3794 44 17 une
250 3790 94 25 répons?
363 3796 32 17 au
415 3785 107 28 ministre
542 3792 41 21 des

77 3813 93 21 Affaires
186 3814 128 26 étrangères,
331 3817 142 20 concernant
491 3817 35 20 les
543 3818 26 20 ef-

78 3837 56 21 forts
149 3839 103 24 entrepris
266 3845 56 20 pour
339 3841 84 21 mettre
441 3841 38 22 fin
494 3846 32 17 au
543 3845 26 17 re-

81 3866 112 21 morquage
215 3865 79 23 gratuit
316 3866 24 21 et
359 3870 47 17 aux
425 3866 156 24 subventions,

83 3894 8 8 *
105 3887 101 21 situation
220 3890 140 22 caractérisée
376 3895 44 21 pur
437 3891 22 21 le
476 3891 105 21 ministre

80 3910 38 22 de»
133 3912 98 22 Travaux
247 3914 81 25 publics
349 3916 121 21 lui-même
492 3921 89 18 comme

78 3935 104 25 injuste,.

102 3967 98 22 D'autres
213 3969 111 24 sénateurs
338 3973 53 20 sont
406 3972 74 22 d'avis
490 3977 45 21 que
547 3971 34 23 les

77 3992 89 21 travaux
181 3995 98 23 proposés
294 3998 52 20 sont
362 3998 41 20 des
419 3998 100 21 travaux
535 4001 32 21 pu-

78 4015 50 22 blics
140 4018 116 23 ordinaires
268 4021 24 21 et
304 4022 28 20 ils
343 4027 30 16 ne
385 4018 102 25 désirent
500 4026 44 21 pas
556 4026 25 17 se

78 4041 71 21 laisser
167 4043 120 23 influencer
307 4050 43 21 par
370 4048 101 20 d'autres
489 4047 78 25 problè-

77 4069 43 17 mes
134 4067 22 20 et
173 4070 108 23 questions
299 4071 197 26 internationale»,
516 4076 52 17 com-

77 4093 33 18 me
126 4091 21 21 la
165 4094 98 23 question
281 4096 27 21 de
327 4096 23 21 la
369 4097 111 25 Belgique
497 4101 31 17 ou
547 4097 34 20 les

77 4116 125 22 discussions
220 4118 16 21 k
254 4119 23 21 la
300 4122 146 20 commission
470 4121 108 21 centrale.

76 4146 9 10 •
92 4140 76 24 Quand
179 4142 20 21 le
209 4144 65 21 canal
286 4150 50 17 sera
349 4146 114 25 amélioré,
476 4151 32 16 on
522 4150 58 17 aura

75 4165 92 21 satisfait
186 4167 14 21 à
220 4169 73 21 toutes
309 4170 33 21 les
364 4171 119 24 exigences
504 4165 76 30 beiges

75 4192 127 21 concernant
222 4198 44 17 une
287 4195 75 21 bonne
384 4196 196 21 communication

74 4214 59 22 entre
151 4217 82 21 Anvers
253 4219 23 21 et
293 4220 20 21 le
332 4220 87 21 Rhin.»
443 4221 45 21 Ces
509 4221 57 20 séna-

74 4239 56 21 teurs
148 4242 137 23 considèrent
305 4245 124 25 l'adoption
451 4246 32 21 du
502 4246 78 25 projet

74 4267 78 18 comme
163 4266 22 20 la
196 4268 111 22 meilleure
318 4270 94 22 défense
424 4271 80 21 contre
514 4270 53 21 l'exi-

72 4292 63 21 gence
150 4291 60 25 belge
225 4293 53 22 d'un
294 4299 105 18 nouveau
415 4295 76 22 canal.

96 4319 96 24 D'autres
210 4322 116 24 sénateurs
342 4330 81 17 encore
440 4331 25 17 se
485 4326 93 22 rallient

73 4347 27 17 au
114 4345 68 25 projet
195 4348 28 20 de
238 4349 171 23 l'amélioration
425 4352 32 20 du
473 4352 69 21 canal
555 4353 24 19 et

72 4369 68 21 disent
158 4375 40 21 que
215 4374 58 21 cette
292 4375 159 22 amélioration
472 4377 36 20 est
529 4381 48 17 non

73 4395 113 22 seulement
203 4397 130 26 nécessaire,
350 4401 60 20 mais
429 4401 80 25 qu'elle
527 4401 51 22 l'est

74 4421 25 17 en
116 4421 77 22 grande
211 4423 72 24 partie
299 4425 30 21 du
344 4425 67 25 point
430 4427 28 20 de
474 4431 43 16 vue
537 4426 41 21 des

73 4443 84 22 intérêts
167 4446 144 23 néerlandais.
324 4458 10 9 .
348 4450 21 20 n
379 4450 36 21 est
425 4450 59 22 donc
494 4451 83 21 inutile

73 4469 25 18 oe
108 4469 94 25 disputer
211 4473 39 21 des
259 4473 95 22 intérêts
365 4475 77 24 belges
449 4483 18 13 ».
479 4477 33 20 Ils
524 4477 54 20 sont

73 4493 44 20 tout
127 4493 13 20 à
151 4495 42 21 fait
204 4496 100 24 d'accord
314 4503 55 17 avec
381 4500 21 20 le
414 4500 67 24 point
492 4501 29 20 de
532 4505 44 17 vue

73 4519 28 18 au
118 4519 95 22 ministre
231 4522 53 25 qu'il
303 4523 53 21 faut
375 4524 67 25 Juger
461 4529 31 17 en
512 4525 65 21 toute

72 4543 156 24 indépendance
242 4551 25 17 ce
280 4548 39 24 qui
332 4549 36 20 est
379 4549 127 21 nécessaire
519 4554 57 22 pour

73 4567 20 18 la
106 4568 128 26 navigation,
250 4579 10 11 .
267 4576 55 17 sans
334 4578 25 16 se
372 4573 80 21 laisser
468 4574 108 21 conduire

72 4593 37 20 Par
119 4593 36 20 des
167 4594 122 24 Influences
304 4597 137 26 étrangères.
455 4607 10 12 »
480 4609 28 6 —
519 4600 45 21 Bel-

73 4618 32 20 ga.

606 216 108 48 LES
736 217 253 49 TALONS
1013 219 133 72 DES|
1154 227 33 59 L
1189 224 66 63 ES
1274 226 156 61 FAUX
1448 224 234 62 BILLETS

604 282 240 46 CHÈQUES
881 290 252 41 STAVISKY

603 366 36 30 LE
652 365 149 32 RAPPORT
814 367 43 31 DE
876 368 40 31 LA
936 369 196 33 COMMISSION

642 404 175 42 D'ENQUÊTE
829 412 267 35 PARLEMENTAIRE

661 482 155 32 CURIEUSE
832 484 244 34 CONSTATATION

642 527 21 30 A
678 528 123 32 PROPOS
817 529 58 32 DES
895 531 201 36 MANQUANTS

634 591 71 24 Paris,
716 592 14 20 5
743 592 81 21 mal.—
832 593 32 21 Le
876 595 96 23 rapport
981 595 28 20 de
1021 596 31 21 M.
1063 595 69 22 Boul-

608 615 29 25 ly.
649 616 178 25 vice-président
839 618 28 21 de
877 619 23 21 la
912 620 146 21 commission
1070 621 52 20 d'en-

608 640 68 24 quête
698 645 58 20 pour
769 642 33 20 les
824 643 98 21 affaires
941 644 113 25 Stavisky,
1077 645 57 21 dont

608 667 194 20 communication
818 672 15 16 a
848 667 38 21 été
901 669 58 20 faite
988 668 52 22 hier
1067 670 16 21 à
1111 670 24 20 la

608 691 146 21 commission
769 696 16 16 a
798 692 37 21 été
849 693 77 24 publié
942 693 153 24 aujourd'hui.

635 716 65 20 Dans
713 717 37 19 cet
761 716 128 25 important
902 718 130 24 document,
1045 719 21 20 le
1080 723 42 20 rap-

609 741 94 23 porteur
718 741 89 21 déclare
826 746 43 20 que
888 742 33 21 les
939 743 77 20 talons
1032 744 28 20 de
1079 744 43 20 chè-

609 769 54 20 ques
681 766 41 20 ont
740 765 37 22 été
795 767 117 20 examinés
943 767 48 21 très
1009 768 112 20 attentive-

608 791 65 19 ment
685 794 43 20 par
740 790 33 21 lui
786 792 25 19 et
822 796 43 16 son
878 791 100 25 collègue
993 794 31 19 M.
1038 792 84 21 Vallat.

635 815 31 22 M.
685 815 81 25 Boully
781 818 105 18 constate
905 821 50 20 que.
968 817 35 20 s'il
1021 822 30 16 en
1067 821 56 16 man-

608 843 44 21 que
667 844 82 16 encore
764 840 171 25 quelques-uns,
950 841 21 20 le
984 841 95 21 nombre
1095 842 40 20 des

608 863 77 21 talons
700 864 84 25 perdus
798 865 103 21 diminue
915 866 24 20 et
954 866 17 20 11
986 866 45 20 fait
1046 870 77 16 remar-

608 892 56 20 quer
681 890 145 19 notamment
854 894 44 20 que
928 894 57 16 ceux
1013 891 38 23 qui
1067 895 55 16 man-

608 913 95 24 quaient
715 909 18 24 4
746 913 23 20 la
785 914 120 21 collection
918 916 82 23 Bonny
1015 915 108 24 représen-

608 938 51 20 tent
680 942 26 17 ce
719 938 58 20 trait
793 939 94 21 curieux
908 939 66 24 qu'ils
995 942 138 19 concernent

608 966 57 20 pour
677 962 24 21 la
718 962 93 25 plupart
827 963 40 21 des
884 964 167 24 personnalités
1067 964 28 21 de
1110 964 23 21 la

608 991 83 20 presse.

634 1012 45 23 Qui
691 1011 66 24 donc,
769 1017 25 15 se
805 1013 113 21 demande
932 1013 20 21 le
965 1014 143 23 rapporteur,
1120 1019 15 15 a

608 1040 29 17 eu
650 1036 85 21 Intérêt
751 1036 15 21 à
779 1038 83 20 mettre
878 1037 15 20 à
908 1038 53 24 part
977 1039 60 20 cette
1053 1038 70 21 collec-

608 1061 50 20 tion
675 1065 57 21 pour
748 1061 117 25 peut-être
880 1062 24 21 la
920 1062 108 21 restituer
1036 1064 12 20 î
1062 1063 22 21 II
1097 1064 38 25 n'y

607 1085 76 21 donne
699 1091 42 19 pas
755 1085 30 22 fie
798 1086 103 25 réponse.

635 1110 96 21 Parlant
745 1111 32 21 du
788 1111 86 24 chèque
887 1111 108 24 Tardieu,
1008 1113 33 21 M.
1054 1112 82 24 Boully

609 1135 81 21 estime
709 1136 55 25 qu'il
779 1135 72 22 serait
871 1137 46 20 bon
936 1136 135 21 d'entendre
1104 1138 32 20 M.

607 1160 107 24 Tardieu,
727 1165 40 16 car
783 1161 24 21 la
824 1161 143 21 déclaration
983 1162 104 21 formelle
1104 1162 31 21 du

608 1184 87 22 témoin
706 1186 147 23 permettrait
863 1186 28 21 de
902 1186 96 25 dissiper
1009 1186 34 21 les
1054 1187 82 21 doutes

608 1210 39 23 qui
660 1210 100 21 existent
775 1215 40 16 sur
828 1210 23 21 la
868 1210 110 22 véritable
995 1211 141 22 destination

609 1235 28 22 de
655 1240 26 16 ce
696 1235 93 23 chèque.

635 1260 78 21 Parmi
726 1260 33 21 les
778 1261 169 24 personnalités
967 1261 28 22 de
1014 1262 25 20 la
1059 1266 77 21 presse

609 1284 58 22 dont
679 1286 32 20 M.
723 1285 83 25 Boully
818 1286 107 24 envisage
935 1286 128 24 l'audition,
1074 1287 49 25 figu-

608 1310 54 21 rent
676 1315 30 16 en
721 1310 112 25 première
847 1311 62 24 ligne
923 1309 113 27 flubarry,
1049 1311 75 22 Camil-

608 1335 22 20 le
642 1335 109 25 Aymard,
763 1336 58 20 MM.
835 1336 130 23 Chauchat,
979 1336 89 24 Curral,
1079 1337 56 20 Sar-

608 1360 46 21 tori
667 1361 25 20 et
704 1360 29 21 de
747 1365 105 17 nouveau
864 1362 33 20 M.
910 1361 59 21 Paul
981 1362 67 24 Levy.

636 1386 31 20 M.
680 1385 81 25 Boully
774 1386 46 20 fait
833 1390 133 20 remarquer
976 1387 68 24 qu'au
1057 1390 68 20 comp-

608 1410 24 23 te
648 1411 28 21 de
689 1411 32 20 M.
737 1411 85 23 Wurtz,
851 1411 191 21 administrateur
1068 1412 28 21 de
1112 1412 24 20 la

609 1436 141 24 Compagnie
767 1435 116 24 "Pondère,
898 1436 54 21 sont
969 1436 93 21 inscrits
1076 1436 60 21 deux

603 1460 99 24 chèques
712 1461 130 24 Talttinger
858 1466 6 17 :
878 1462 48 20 l'un
938 1462 29 20 de
979 1462 58 20 5.000
1049 1462 85 23 francs,

609 1485 82 21 l'autre
710 1485 28 21 de
756 1486 59 22 2,000
832 1486 87 22 francs,
947 1486 95 24 portant
1061 1486 24 20 la
1103 1486 20 20 si-

609 1510 98 24 gnature
721 1511 31 21 du
766 1510 84 25 député
861 1511 29 21 de
903 1511 66 20 Paris
982 1511 24 20 et
1018 1511 22 20 le
1054 1510 82 21 cachet

610 1535 28 21 de
651 1535 24 21 la
688 1535 70 24 Ligue
769 1536 41 20 des
823 1535 118 24 patriotes.

635 1560 88 21 Encore
737 1560 55 24 qu'il
806 1560 89 21 déclare
908 1565 42 16 son
965 1559 68 22 étude
1048 1560 77 21 incom-

606 1585 67 24 plète,
686 1585 157 23 insuffisante,
855 1587 32 20 M.
901 1585 82 25 Boully
995 1586 55 21 s'est
1063 1585 61 21 effor-

604 1610 32 23 cé,
649 1610 128 23 conclut-U,
789 1610 28 20 de
829 1611 24 20 la
865 1610 108 20 conduire
986 1614 55 16 avec
1047 1610 76 24 impar-

606 1634 74 21 tialité
702 1638 55 19 sans
778 1634 67 21 autre
866 1634 93 24 passion
981 1639 44 19 que
1047 1634 28 21 de
1082 1647 10 9 •
1098 1639 25 17 re-

611 1658 111 21 chercher
740 1659 25 20 et
784 1658 29 21 de
832 1658 119 22 découvrir
967 1658 41 21 des
1026 1658 110 24 parcelles

610 1683 30 21 de
652 1683 71 21 vérité
736 1683 69 21 utiles
818 1683 15 21 à
846 1682 112 26 l'enquête
971 1683 153 25 parlementai-

610 1712 32 18 re.
656 1718 27 6 —
695 1708 85 21 Havas.

686 1738 190 21 PROCHAINES
893 1738 165 21 AUDITIONS

705 1769 44 24 (De
763 1768 67 22 notre
845 1769 196 24 correspondant.)

637 1793 70 23 Paris,
726 1793 13 21 5
755 1793 54 21 mai.
827 1803 27 5 —
875 1793 55 21 (Par
947 1792 27 21 fil
989 1792 105 26 spécial).
1112 1800 24 8 —

610 1818 121 25 L'enquête
749 1822 29 17 ne
793 1822 29 16 va
839 1822 42 19 pas
898 1818 46 21 vite
966 1822 6 16 :
991 1817 24 21 la
1031 1817 95 22 commis-

609 1843 52 20 sion
676 1843 38 25 qui
729 1847 31 16 en
775 1843 36 21 est
826 1842 96 25 chargée
938 1842 93 21 tiendra
1043 1847 28 16 sa
1083 1847 42 20 pro-

610 1868 82 21 chaine
707 1868 82 20 séance
806 1867 66 22 lundi
887 1867 142 25 après-midi.

632 1893 48 20 Elle
699 1892 120 24 entendra,
837 1896 26 17 ce
882 1892 95 24 Jour-là,
1008 1894 32 20 M.
1060 1893 77 23 Gillet,

610 1916 169 21 fonctionnaire
792 1916 31 21 du
834 1916 118 21 ministère
966 1917 40 21 des
1018 1917 120 24 Finances,

610 1945 30 16 au
655 1941 62 24 sujet
732 1941 29 21 de
777 1941 23 21 la
814 1941 68 20 lettre
898 1941 95 22 relative
1007 1945 30 17 au
1054 1941 71 21 classe-

611 1966 64 20 ment
687 1966 27 20 de
727 1966 100 21 l'affaire
837 1966 29 21 de
879 1966 24 21 la
916 1965 140 25 Compagnie
1068 1966 59 21 d'En-

611 1990 114 24 treprises.

636 2015 33 20 La
680 2015 146 21 commission
839 2015 113 21 entendra
965 2015 130 26 également
1108 2016 31 21 M.

609 2039 101 23 Benoist,
733 2040 83 20 ancien
838 2040 114 21 directeur
974 2041 28 20 de
1020 2041 24 21 la
1066 2040 72 24 police

610 2064 119 23 Judiciaire
745 2064 24 21 et
785 2065 32 20 M.
830 2065 127 24 Battistlni,
975 2065 31 21 du
1021 2065 117 20 ministère

610 2088 28 21 de
650 2088 24 20 la
687 2089 95 21 Justice.

636 2113 83 23 Mardi,
737 2113 25 21 la
786 2113 145 22 commission
954 2114 50 21 doit
1027 2114 111 21 entendre

611 2138 129 22 Bonnaure,
757 2139 75 19 Garât
849 2140 25 19 et
889 2139 112 23 Dubarry.

647 2168 32 20 M.
693 2168 186 21 TAITTINGER
889 2169 55 21 EST
958 2169 140 21 ENTENDD

699 2199 43 22 (De
759 2199 67 21 notre
842 2200 197 24 correspondant.)

636 2229 73 24 Paris,
727 2230 13 20 5
760 2229 53 22 mai.
831 2240 28 5 —
878 2231 56 20 (Par
949 2230 143 25 téléphone).
1111 2241 26 7 —

611 2254 94 22 Comme
726 2254 139 24 d'habitude,
885 2255 25 20 la
930 2255 105 21 dernière
1055 2256 82 21 séance

611 2279 28 20 de
657 2279 25 20 la
700 2279 147 20 commission
866 2285 16 15 a
900 2279 37 21 été
956 2280 72 21 suivie
1048 2281 29 21 de
1097 2280 27 22 dé-

611 2304 85 20 mentis
706 2304 25 20 et
743 2303 30 21 de
783 2304 71 20 mises
867 2308 30 16 au
909 2304 73 30 point.

636 2329 32 20 M.
687 2328 136 24 Talttinger,
841 2326 118 27 président
978 2329 42 20 des
1039 2330 86 21 Jeunes-

610 2357 37 16 ses
662 2353 115 20 Patriotes
794 2353 38 24 qui
849 2353 65 20 avait
929 2353 39 21 été
984 2353 94 25 désigné
1094 2359 43 20 par

610 2377 107 25 Stavisky
740 2381 89 17 comme
853 2377 148 21 bénéficiaire
1024 2379 29 20 de
1077 2380 60 20 deux

611 2402 98 25 chèques
728 2402 96 22 affirme
844 2402 55 24 qu'il
921 2407 31 16 ne
973 2403 96 21 connaît
1093 2408 43 16 nas

610 2427 98 21 l'escroc.

635 2452 44 21 Les
695 2451 100 25 chèques
812 2451 43 21 ont
873 2451 36 22 été
927 2451 77 21 versés
1021 2457 46 17 aux
1085 2457 39 17 œu-

610 2481 51 16 vres
678 2477 96 21 sociales
792 2481 43 21 par
853 2481 33 16 un
900 2477 32 20 M
950 2476 86 25 Wurtz,
1050 2477 17 21 à
1081 2478 55 21 titre

611 2501 127 25 personnel.

637 2534 10 10 «
662 2528 28 19 Je
702 2527 87 20 n'avais
801 2530 90 17 aucune
904 2526 78 21 raison
995 2527 28 21 de
1035 2531 38 17 me
1087 2527 37 21 mé-

611 2551 45 21 fier
670 2552 35 25 de,
712 2552 33 21 M.
763 2551 84 24 wurtz,
861 2551 22 21 le
900 2550 165 26 philanthrope
1083 2552 53 21 bien

610 2580 78 17 connu
694 2584 19 16 »,
728 2576 71 21 dit-il.

635 2601 55 21 Plus
711 2601 94 20 curieux
827 2601 36 20 est
884 2600 22 21 le
929 2600 102 21 démenti
1053 2601 29 22 de
1104 2602 32 20 M.

611 2627 130 23 Dessarges,
759 2625 104 21 médecin
883 2626 29 21 de
930 2625 24 21 la
970 2625 79 25 prison
1069 2627 28 20 de
1114 2627 22 19 la

610 2650 79 22 Santé.

636 2676 32 21 Ce
684 2676 97 22 dernier,
797 2679 47 17 aux
859 2675 61 22 dires
936 2675 56 21 d'un
1008 2676 128 23 magistrat,

610 2700 78 21 aurait
709 2700 78 25 rédigé
810 2705 31 16 en
861 2700 58 23 1917,
942 2704 43 20 par
1005 2700 74 23 ordre,
1103 2704 32 17 un

609 2726 116 20 certificat
746 2725 98 21 médical
864 2724 125 21 affirmant
1005 2729 44 21 que
1071 2725 65 20 l'état

611 2750 29 21 de
658 2750 69 21 santé
743 2751 29 20 de
792 2750 107 25 Stavisky
917 2749 100 25 exigeait
1033 2754 27 16 sa
1079 2750 57 21 mise

610 2780 31 16 en
653 2769 81 27 liberté
748 2775 129 24 provisoire.

634 2801 33 20 Le
686 2798 96 23 docteur
799 2800 125 23 Dessarges
943 2804 16 16 a
976 2799 102 25 affirmé,
1099 2801 36 22 ce*

610 2825 143 25 après-midi,
772 2824 54 26 qu'il
845 2825 64 19 avait
927 2824 39 24 agi
982 2824 60 20 ainsi
1063 2832 9 10 .
1080 2828 44 21 par-

609 2855 26 15 ce
648 2850 54 25 qu'il
713 2849 92 24 pensait
816 2849 88 21 n'obéir
915 2849 16 21 à
941 2853 90 17 aucune
1043 2849 80 24 injonc-

609 2875 51 21 tion
669 2874 7 22 !
685 2883 10 11 •

635 2900 22 20 H
674 2904 15 16 a
704 2899 113 21 demandé
835 2899 14 20 à
864 2898 24 22 la
906 2898 147 22 commission
1069 2899 55 21 d'en-

611 2924 67 25 quête
697 2925 28 20 de
744 2924 22 21 le
781 2924 135 21 confronter
934 2928 56 17 avec
1009 2924 22 21 le
1050 2924 74 23 magis-

610 2949 49 21 trat
672 2949 143 22 accusateur.

635 3013 219 30 L'ASSASSINAT
871 3015 39 28 DE
928 3015 64 28 Mme
1011 3015 101 27 HEREL

638 3083 39 21 On
694 3083 46 21 sait
758 3087 43 21 que
819 3082 168 22 Marie-Louise
1006 3083 88 20 Guérin
1113 3083 24 21 et

612 3108 77 20 Pierre
711 3107 103 25 Nathan,
836 3107 109 25 Inculpés,
968 3112 31 17 en
1020 3108 55 21 tant
1093 3112 44 20 que

613 3133 133 20 co-auteurs
764 3133 29 20 de
809 3132 142 21 l'assassinat
966 3133 29 21 de
1012 3133 64 20 Mme
1089 3133 48 21 He-

612 3157 41 25 rel,
664 3157 16 21 à
691 3157 71 25 Paris,
774 3157 53 21 sont
836 3158 92 24 soumis,
940 3162 43 21 par
995 3162 45 17 une
1052 3157 73 21 ordon-

612 3187 75 16 nance
698 3182 29 22 de
735 3183 34 21 M.
779 3182 23 21 le
813 3182 55 25 juge
879 3182 162 22 d'instruction
1052 3182 85 22 Orian-

613 3212 35 18 ne,
664 3207 16 21 à
692 3212 35 16 un
741 3211 98 17 examen
851 3207 95 21 merstal.
960 3208 23 20 A
994 3212 27 15 ce
1036 3207 69 25 sujet,
1120 3207 18 21 il

611 3236 16 16 a
642 3231 38 22 été
696 3231 82 25 publié,
794 3231 147 24 récemment,
957 3232 60 21 dans
1032 3232 24 21 la
1071 3236 55 20 pres-

611 3261 32 19 se,
664 3257 41 21 des
724 3256 164 21 informations
907 3257 41 24 qui
968 3256 84 25 disent,
1069 3257 69 21 d'une

612 3282 61 25 part,
688 3286 43 20 que
746 3281 34 21 les
795 3281 104 25 Inculpés
911 3282 42 20 ont
968 3281 38 22 été
1017 3285 121 20 reconnus,

612 3307 53 20 tous
678 3306 68 24 deux,
757 3306 159 25 responsables
930 3306 30 24 et,
975 3306 89 21 d'autre
1078 3307 60 24 part,

612 3334 43 22 que
675 3331 25 20 la
717 3331 70 25 jeune
807 3331 86 21 femme
915 3331 71 20 serait
1004 3331 63 21 seule
1088 3336 37 16 res-

612 3356 110 25 ponsable
743 3356 29 21 de
792 3360 37 16 ses
849 3356 70 24 actes,
935 3355 80 21 tandis
1035 3360 44 20 que
1095 3361 43 16 son

611 3381 49 21 ami
677 3380 90 21 devrait
782 3379 125 22 bénéficier
924 3382 40 21 des
980 3380 72 22 effets
1069 3381 29 21 de
1114 3381 24 21 la

611 3405 32 21 loi
655 3405 30 22 de
700 3405 95 21 défense
809 3405 91 21 sociale.

638 3431 43 20 Ces
694 3430 164 21 informations
874 3430 55 21 sont
941 3430 131 22 hasardées.

636 3456 66 20 Dans
718 3454 66 22 l'état
800 3455 77 20 actuel
893 3455 29 21 de
938 3455 155 21 l'instruction
1108 3456 29 21 de

610 3480 61 21 cette
688 3484 69 17 cause
769 3479 133 25 criminelle,
917 3480 18 21 il
950 3480 39 25 n'y
1002 3485 16 16 a
1032 3484 44 21 pas
1090 3480 45 22 lieu

610 3505 30 21 de
655 3504 84 26 parler,
753 3509 31 16 en
801 3509 26 16 ce
842 3505 110 24 moment,
969 3504 69 22 d'une
1056 3504 69 22 consé-

611 3534 86 20 quence
712 3529 139 26 quelconque
868 3530 28 21 de
911 3530 24 20 la
950 3529 33 22 loi
996 3530 31 21 de
1043 3529 93 23 défense

610 3555 91 20 sociale.

635 3579 37 21 En
687 3579 66 24 effet,
767 3579 91 25 Jusqu'à
870 3579 94 26 présent
979 3584 43 16 son
1034 3580 103 24 applica-

588 3619 3 8 ,
599 3617 4 13 ,
611 3605 49 20 tion
674 3605 40 21 n'a
728 3609 44 20 pas
788 3604 37 22 été
841 3604 128 22 demandée
985 3609 43 20 par
1043 3605 93 25 qui-de-

610 3629 67 25 droit,
689 3629 145 21 c'est-a-dire
850 3634 7 16 :
871 3629 34 21 les
914 3628 105 26 inculpés
1031 3633 96 17 eux-mê-

610 3658 55 20 mes,
683 3653 62 22 leurs
768 3653 134 23 défenseurs
924 3659 30 17 ou
977 3654 23 21 le
1018 3655 117 20 ministère

609 3679 84 26 public.

635 3704 167 25 L'application
818 3704 29 22 de
860 3704 24 21 la
900 3704 32 21 loi
946 3704 30 22 de
988 3703 95 24 défense
1098 3709 27 17 so-

609 3729 58 21 ciale
686 3730 56 24 peut
756 3729 50 21 être
824 3729 113 21 réclamée
954 3729 88 21 devant
1060 3729 77 21 toutes

608 3754 34 21 les
652 3754 147 25 juridictions
813 3754 162 22 d'Instruction
988 3754 25 21 et
1027 3754 28 21 de
1068 3755 56 24 juge-

608 3780 66 20 ment
685 3779 52 24 soit,
752 3779 60 21 dans
826 3780 62 20 cette
903 3773 93 30 affaire,
1011 3780 87 21 devant
1112 3779 25 21 la

609 3804 110 21 chambre
737 3804 33 21 du
789 3804 95 24 conseil,
894 3810 3 13 i
903 3804 86 21 devant
1008 3803 26 21 la
1054 3804 70 21 cham-

608 3829 41 22 bre
665 3829 42 22 des
723 3829 71 21 mises
807 3834 31 16 en
856 3828 135 22 accusation
1008 3829 24 21 et
1049 3828 86 22 devant

607 3853 25 23 la
649 3855 61 21 Cour
727 3855 111 20 d'assises.

633 3880 37 20 En
680 3879 133 21 ordonnant
824 3879 113 21 l'examen
948 3878 90 22 mental
1048 3879 41 21 des
1097 3879 39 21 in-

608 3903 84 28 cuipés,
705 3904 22 20 le
740 3904 55 24 Juge
807 3903 163 22 d'instruction
983 3904 39 20 n'a
1035 3904 47 21 fait
1091 3907 45 21 que

607 3933 26 17 se
655 3929 131 21 conformer
807 3933 17 17 a
842 3932 46 17 une
911 3928 127 24 obligation
1060 3928 29 21 de
1108 3933 27 17 sa

607 3954 85 24 charge
702 3954 54 20 bien
762 3953 130 23 antérieure
902 3953 16 21 à
927 3954 25 20 la
961 3953 32 21 loi
1002 3953 29 21 de
1041 3952 83 22 .défen-

606 3983 26 16 se
644 3978 103 22 sociale».
763 3979 32 21 Ce
807 3978 79 21 devoir
900 3978 36 22 est
950 3977 87 25 imposé
1052 3982 44 20 par
1111 3978 25 20 la

607 4003 75 22 forme
699 4004 29 21 de
742 4003 24 21 la
783 4003 106 26 question
906 4003 58 21 dont
977 4002 119 25 dépendra
1113 4002 22 21 le

607 4028 93 21 verdict.
714 4028 97 22 Celle-ci
823 4033 17 16 a
852 4027 38 22 été
903 4027 75 22 dictée
989 4032 44 20 par
1045 4027 22 21 le
1080 4031 43 17 sou-

606 4054 22 20 ci
638 4053 30 21 de
681 4053 24 21 la
718 4053 94 21 défense
827 4053 28 21 de
869 4051 127 25 l'individu,
1005 4052 26 21 et
1043 4056 50 17 non
1106 4053 28 20 de

606 4078 23 21 la
643 4086 9 6 -
661 4077 94 21 défense
770 4077 84 21 sociale
862 4085 18 13 ».

631 4103 62 21 Mais
702 4103 34 20 les
748 4102 113 21 extrêmes
871 4107 26 16 se
909 4102 137 25 rejoignent.

611 4138 5 8 .
632 4129 37 20 En
686 4127 67 23 effet,
768 4127 18 21 il
805 4127 36 21 est
861 4127 114 21 demandé
995 4131 31 17 au
1045 4127 54 25 Jury
1115 4129 18 18 si

606 4156 33 18 un
652 4153 82 21 accusé
747 4152 37 21 est
798 4160 10 10 »
816 4151 111 26 coupable
934 4160 19 13 ».
964 4153 39 23 Or,
1016 4152 24 20 la
1053 4152 69 23 culpa-

604 4177 65 22 bilité
683 4177 107 24 implique
797 4176 132 21 l'Intention
943 4176 138 21 consciente.
1095 4177 39 21 Un

605 4202 54 25 Jury
668 4206 32 17 ne
711 4202 56 24 peut
778 4201 59 21 donc
847 4202 67 24 Juger
924 4201 29 21 de
964 4201 25 21 la
1000 4201 133 24 culpabilité

606 4227 55 21 d'un
676 4227 82 21 accusé
770 4231 56 16 sans
840 4226 49 21 être
904 4226 101 21 informé
1020 4227 32 21 du
1065 4226 68 24 degré

605 4253 29 21 de
646 4256 28 17 sa
686 4252 67 21 santé
766 4250 122 22 cérébrale.

631 4277 55 21 Ceci
701 4276 67 21 étant
783 4276 36 21 dit
831 4280 59 21 pour
904 4276 84 21 mettre
1002 4275 35 22 les
1052 4276 81 21 choses

605 4306 32 17 au
654 4300 76 26 point;
754 4301 34 21 les
810 4300 144 26 psychiatres
976 4300 96 22 commis
1090 4305 43 20 par

604 4328 32 20 M.
656 4327 20 20 le
696 4327 53 24 Juge
764 4325 162 22 d'instruction
943 4325 67 21 n'ont
1027 4330 44 20 pas
1089 4330 31 17 en-

605 4356 52 17 core
674 4351 84 25 déposé
774 4350 51 22 leur
840 4350 97 25 rapport
951 4351 30 24 et,
996 4351 28 20 de
1041 4350 24 21 la
1083 4358 10 10 «
1101 4350 32 21 loi

604 4377 29 21 de
645 4376 96 23 défense
750 4375 84 22 sociale
841 4384 19 16 »,
870 4375 17 21 il
899 4376 39 20 n'a
949 4379 43 21 pas
1001 4379 83 17 encore
1094 4374 38 23 été

604 4401 105 26 question
723 4401 60 21 dans
796 4400 61 22 cette
871 4400 92 21 affaire.
973 4410 28 6 —
1015 4402 25 19 C.

602 4460 69 17 Divers,

621 4503 26 16 L.
662 4502 75 18 Conseil
752 4501 108 18 communal
876 4502 24 17 de
917 4501 115 19 Kockelberg
1047 4505 22 13 se
1084 4500 35 19 réu-

600 4523 44 17 nira
656 4527 24 13 en
691 4522 70 18 séance
771 4522 90 21 put-lique
872 4522 64 17 mardi
947 4522 11 17 8
969 4521 46 19 mal.
1027 4521 13 17 à
1052 4521 11 18 7
1075 4522 21 18 b.
1107 4521 22 18 30

600 4543 26 17 du
638 4543 47 18 soir.

622 4569 25 16 La
666 4571 103 15 Commune
787 4570 24 16 de
824 4568 113 17 -Molenbeek
956 4567 124 18 -Saint-Jean
1099 4569 29 16 est

599 4592 25 15 en
641 4589 39 18 fête
697 4590 12 17 k
726 4590 104 17 l'oocaslon
846 4589 24 17 de
887 4593 22 13 sa
926 4589 95 17 kermesse
1037 4589 91 19 Jusqu'au

598 4609 56 18 lundi
670 4610 21 17 14
705 4610 46 19 mal,
766 4609 55 20 plaoe
838 4609 24 18 de
876 4609 21 18 la
912 4609 96 17 Duchesse
1025 4610 19 15 e*.
1060 4609 69 17 Parvis

597 4630 222 21 Salnt-Jean-Bapt'at*.

1236 313 62 47 DE
1322 315 73 45 100
1418 312 184 48 FRANCS

1173 411 157 31 COMMENT
1345 412 40 30 LA
1398 410 137 31 FAMILLE
1554 410 112 31 VLIEGE

1172 457 40 31 EN
1231 449 139 38 OPÉRAIT
1389 456 41 30 LA
1450 455 215 31 FABRICATION

1218 528 40 30 DE
1277 528 42 31 UN
1340 528 22 30 A
1383 527 98 31 VINGT
1500 526 123 31 FRANCS

1206 573 70 30 PUIS
1295 573 43 30 DE
1357 572 98 31 VINGT
1474 574 22 28 A
1516 571 117 32 CENT...

1181 635 75 23 Gand,
1272 636 12 19 5
1302 635 53 21 mai.
1371 645 27 6 —
1412 634 163 21 L'Instruction
1592 635 92 20 ouverte

1155 663 42 21 par
1210 661 32 20 M.
1258 661 83 21 Moors,
1356 659 154 21 commissaire
1525 664 30 15 en
1571 659 53 21 chef
1639 664 45 16 aux

1155 684 141 25 délégations
1315 684 131 25 Judiciaires
1464 685 32 19 du
1528 685 97 23 parquet
1657 684 28 21 d:

1155 709 69 21 Gand
1253 714 31 16 au
1305 709 62 24 sujet
1388 709 29 20 de
1438 709 24 20 la
1484 708 139 21 fabrication
1645 709 40 21 des

1156 734 55 20 faux
1225 734 76 20 billets
1314 734 29 20 de
1358 734 53 20 cent
1426 733 85 23 francs,
1526 733 85 21 affaire
1627 734 58 20 dans

1156 758 96 24 laquelle
1268 760 54 19 sont
1340 758 134 24 Impliquées
1491 753 52 29 cinq
1561 763 124 19 personnes

1156 784 107 20 habitant
1281 783 258 23 Mont-Saint-Amand,
1556 785 35 20 est
1607 787 41 17 sur
1664 784 21 20 le

1156 808 65 23 point
1234 808 70 21 d'être
1319 808 117 21 terminée.

1181 833 38 20 On
1231 837 25 16 se
1270 832 101 24 rappelle
1385 837 43 19 que
1442 832 23 21 la
1480 835 72 22 ponce
1566 833 119 25 judiciaire

1156 861 14 15 a
1190 857 56 20 saisi
1267 857 14 21 à
1304 858 256 21 Mont-Saint-Amand.
1582 858 59 21 dans
1662 858 23 21 la

1156 882 89 21 maison
1257 881 97 25 occupée
1367 886 43 20 par
1422 882 23 22 la
1457 883 88 21 famille
1557 883 84 25 Vllege,
1653 887 32 16 un

1157 907 125 24 important
1296 906 104 22 matériel
1413 908 94 20 servant
1520 909 14 20 à
1547 909 25 20 la
1584 908 86 21 fabrica-

1156 931 49 20 tion
1220 931 28 20 de
1265 931 56 22 faux
1337 932 76 21 billets
1429 932 27 21 de
1473 933 96 24 banque.
1584 933 61 21 Tout
1660 938 26 16 ce

1157 955 102 22 matériel
1277 961 6 16 :
1299 961 76 17 presse
1389 957 15 21 à
1418 958 70 23 main,
1502 957 91 24 clichés,
1606 958 79 24 papier

1156 983 24 20 et
1195 982 77 20 autres
1287 982 81 23 objets,
1381 983 54 20 sont
1450 983 162 21 actuellement
1627 983 59 20 dans

1158 1005 31 21 les
1211 1005 81 22 locaux
1314 1006 28 21 de
1365 1006 23 22 la
1411 1007 71 24 police
1505 1007 129 25 Judiciaire;
1657 1008 29 20 ils

1156 1030 113 22 serviront
1283 1031 28 21 de
1326 1031 74 25 pièces
1415 1032 14 21 à
1445 1033 135 21 conviction.

1182 1055 20 20 Il
1219 1055 84 22 résulte
1320 1056 28 21 de
1365 1056 118 26 l'enquête,
1498 1062 44 20 mue
1559 1057 23 21 la
1598 1057 88 21 famille

1158 1080 75 23 Vliege
1253 1081 63 21 avait
1335 1082 119 25 entrepris,
1473 1082 17 21 il
1508 1088 14 20 y
1541 1088 15 15 a
1574 1083 51 21 huit
1645 1087 41 16 ans

1157 1105 59 25 déjà,
1231 1110 45 17 une
1289 1106 139 22 fabrication
1440 1107 29 21 de
1483 1107 77 21 fausse
1573 1107 113 21 monnaie.

1158 1130 46 21 Elle
1219 1131 63 21 avait
1295 1131 70 25 songé
1380 1136 33 16 un
1428 1132 102 20 moment
1544 1133 15 20 à
1573 1132 59 20 faire
1647 1132 40 20 des

1158 1155 73 24 pièces
1247 1156 54 21 d'un
1318 1156 74 24 franc,
1408 1158 68 23 qu'on
1493 1157 76 21 écoule
1587 1156 46 21 irès
1649 1157 25 19 fa-

1157 1180 114 23 cilement,
1286 1181 59 21 mais
1359 1186 26 16 ce
1401 1182 75 24 projet
1492 1182 42 20 dut
1549 1182 48 21 être
1613 1181 61 21 aban-

1157 1205 76 23 donné
1245 1210 57 20 pour
1315 1206 40 21 des
1368 1207 89 20 raisons
1470 1206 139 24 techniques.

1182 1231 33 20 La
1229 1230 88 22 famille
1331 1231 84 25 Vllege,
1429 1232 38 23 qui
1481 1231 45 22 soit
1540 1231 35 20 dit
1588 1235 30 16 en
1632 1234 42 20 pas-

1157 1257 54 20 sant
1230 1256 84 21 n'aime
1347 1256 68 26 guère
1434 1256 22 21 le
1475 1255 90 24 travail,
1597 1255 90 24 projeta

1158 1280 60 21 alors
1234 1281 28 20 de
1279 1281 59 20 faire
1355 1281 41 21 des
1412 1281 57 21 faux
1485 1280 75 21 billets
1577 1279 29 21 de
1623 1279 64 24 vingt

1158 1305 78 20 francs
1253 1311 6 15 i
1277 1310 32 16 un
1324 1306 40 21 des
1379 1305 73 21 frères
1466 1305 83 24 Vliege,
1564 1308 63 16 assez
1641 1305 45 19 bon

1157 1334 103 20 graveur,
1276 1330 106 25 fabriqua
1398 1331 33 20 les
1446 1329 91 24 clichés,
1552 1330 24 20 et
1591 1328 96 21 l'atelier

1157 1355 28 20 de
1204 1355 57 22 faux
1279 1360 143 19 monnayage
1441 1355 58 23 était
1517 1354 51 25 prêt
1587 1355 14 21 à
1620 1355 54 20 fonc-

1158 1380 97 22 tionner,
1268 1380 113 24 lorsqu*on
1393 1380 114 24 s'aperçut
1521 1380 14 20 à
1549 1379 81 23 l'essai,
1644 1384 42 19 que

1158 1404 23 21 la
1196 1409 75 20 presse
1286 1405 15 21 à
1316 1406 64 20 main
1395 1405 57 20 dont
1467 1405 24 20 la
1506 1404 88 21 famille
1609 1404 78 25 Vllege

1158 1430 116 24 disposait,
1288 1430 58 20 était
1361 1431 51 22 trop
1426 1429 77 22 faible.

1184 1456 37 19 On
1240 1455 30 20 fit
1289 1455 60 20 donc
1366 1459 55 15 sans
1439 1454 79 21 tarder
1536 1453 151 25 l'acquisition

1158 1479 67 21 d'une
1240 1479 103 21 nouvelle
1359 1483 75 20 presse
1450 1478 51 24 plus
1515 1478 66 21 forte.

1183 1505 38 20 Un
1237 1504 40 21 des
1292 1503 73 21 frères
1380 1504 77 24 Vllege
1472 1503 35 22 dit
1523 1503 61 21 alors
1598 1503 16 21 à
1629 1504 7 19 1
1645 1509 28 14 au-

1158 1529 34 20 tre
1210 1533 6 17 :
1233 1537 10 10 «
1259 1529 60 20 Mais
1333 1529 109 23 pourquoi
1456 1528 117 24 fabriquer
1588 1528 40 21 des
1642 1528 31 21 bil-

1158 1554 43 20 lets
1211 1554 29 20 de
1253 1554 26 20 20
1291 1553 85 22 francs,
1388 1552 61 21 alors
1460 1556 43 20 que
1515 1557 58 16 nous
1585 1557 102 20 pouvons

1157 1577 52 22 tout
1230 1578 62 21 aussi
1313 1577 54 22 bien
1388 1582 29 16 en
1439 1577 117 25 fabriquer
1598 1578 29 20 de
1649 1579 38 20 100

1158 1603 79 20 francs
1252 1603 11 21 ?
1277 1610 10 11 »

1183 1628 35 20 De
1233 1631 119 18 nouveaux
1368 1626 84 22 cliché»
1466 1627 80 21 furent
1560 1627 59 21 donc
1634 1632 41 20 gra-

1158 1651 44 23 vés.

1183 1678 43 20 Les
1240 1676 109 26 premiers
1363 1676 77 22 billets
1453 1676 111 21 sortirent
1578 1676 28 22 de
1620 1676 54 22 l'ate-

1158 1701 41 21 lier
1213 1706 30 16 en
1257 1702 59 23 1031;
1333 1706 31 16 on
1378 1701 78 24 ignore
1470 1701 105 21 combien
1588 1701 28 21 de
1630 1701 57 21 faux

1158 1726 76 21 billets
1247 1726 28 21 de
1291 1727 37 20 100
1342 1726 79 20 francs
1435 1727 42 20 ont
1491 1725 36 22 été
1541 1726 44 21 mis
1598 1731 30 15 en
1642 1726 33 21 cir-

1158 1750 108 24 culation,
1282 1755 39 16 car
1335 1754 32 17 on
1381 1755 30 16 ne
1427 1750 126 25 fabriquait
1567 1751 68 24 qu'au
1649 1751 39 21 fur

1158 1775 24 21 et
1197 1775 15 21 à
1227 1779 89 17 mesure
1332 1775 40 20 des
1387 1775 96 21 besoins.

1183 1800 21 20 Il
1219 1800 107 21 convient
1339 1800 113 24 d'ajouter
1467 1799 129 24 également
1609 1804 44 21 que
1667 1800 20 20 le

1159 1824 104 21 matériel
1280 1829 63 16 assez
1376 1824 166 21 rudlmentaire
1560 1825 57 21 dont
1651 1830 38 16 ces

1159 1849 57 20 faux
1232 1853 154 21 monnayeurs
1419 1849 140 25 disposaient
1592 1849 97 22 donnait

1159 1874 159 24 d'importants
1331 1873 100 22 déchets.

1183 1899 43 20 Les
1239 1899 57 20 faux
1309 1898 77 21 billets
1399 1898 88 22 étalent
1501 1899 89 21 écoulés
1602 1903 40 17 sur
1655 1899 34 21 les

1159 1923 105 21 marchés
1282 1923 189 21 hebdomadaires
1478 1924 28 20 de
1514 1924 76 23 Gand,
1596 1924 91 24 Bruges,

1158 1949 98 23 Deynze,
1277 1948 123 24 Sottegem,
1420 1948 71 24 Alost,
1511 1949 177 24 Saint-Nicolas,

1158 1973 93 23 Ninove,
1263 1973 59 20 dans
1333 1973 33 21 les
1378 1973 118 24 provinces
1508 1973 31 21 du
1549 1974 105 21 Brabant
1666 1975 23 20 et

1159 1998 109 21 d'Anvers
1286 2002 6 16 :
1309 1997 54 22 c'est
1378 2002 25 16 ce
1419 1998 38 24 qui
1472 1998 104 25 explique
1592 1999 67 24 qu'on
1675 2003 14 16 a

1158 2021 80 22 trouvé
1251 2023 34 20 les
1298 2022 56 22 faux
1366 2023 76 21 billets
1454 2023 29 21 de
1497 2025 54 20 cent
1563 2023 80 21 francs
1656 2028 32 16 un

1159 2051 43 20 peu
1216 2047 100 25 partout,
1330 2047 58 21 dans
1401 2047 24 21 la
1437 2048 74 24 partie
1525 2048 119 21 flamande
1658 2048 31 21 du

1159 2076 62 20 pays.

1184 2098 43 19 Les
1244 2096 72 22 frères
1332 2097 78 25 Vliege
1428 2097 41 21 ont
1487 2097 96 25 procédé
1600 2098 15 21 à
1633 2098 56 21 trois

1159 2120 119 22 émissions
1295 2121 136 21 différentes
1449 2122 28 21 de
1495 2122 83 24 billets,
1607 2127 81 16 recon-

1159 2146 125 21 naissables
1299 2151 45 17 aux
1359 2147 96 21 chiffres
1470 2147 66 24 qu'ils
1550 2147 99 25 portent.

1184 2171 34 21 La
1228 2171 88 20 famille
1328 2171 77 24 Vliege
1417 2176 51 16 sera
1481 2171 110 25 renvoyée
1604 2172 86 21 devant

1158 2195 23 21 la
1193 2197 60 20 Cour
1263 2196 104 21 d'assises
1378 2197 28 20 de
1417 2197 24 20 la
1453 2197 99 20 Flandre
1564 2197 125 23 Orientale.

1184 2220 21 21 n
1221 2222 35 20 est
1271 2221 108 24 probable
1395 2221 82 24 qu'une
1494 2222 74 23 partie
1585 2222 28 20 de
1630 2223 59 20 cette

1159 2245 85 21 affaire
1259 2250 53 17 sera
1328 2245 82 22 traitée
1427 2246 15 21 à
1458 2246 53 21 huis
1527 2246 52 24 clos,
1597 2250 79 17 notam-

1160 2273 63 17 ment
1246 2270 77 24 quand
1345 2270 33 21 les
1399 2271 57 21 faux
1477 2276 154 19 monnayeurs
1652 2276 25 16 se

1158 2295 54 20 ront
1234 2294 94 21 amenés
1349 2296 15 21 à
1386 2295 117 25 expliquer
1523 2297 117 20 comment
1661 2297 29 21 ils

1159 2319 155 25 fabriquaient
1326 2320 33 20 les
1371 2320 77 21 billets
1459 2320 28 21 de
1500 2323 54 20 cent
1566 2321 86 22 francs.

1202 2380 169 34 L'ATTACHÉ
1397 2386 96 28 NAVAL
1516 2387 131 29 ANGLAIS

1306 2437 20 28 A
1351 2437 181 29 BRUXELLES

1254 2500 43 21 (De
1314 2500 67 21 notre
1397 2501 196 22 correspondant)

1190 2524 108 24 Londres,
1318 2525 13 20 5
1353 2525 53 21 mai.
1426 2535 28 6 —
1474 2526 55 20 (Par
1549 2525 132 26 téléphone)

1163 2559 27 5 —
1202 2549 31 20 Le
1247 2549 116 24 capitaine
1377 2551 25 20 C.
1418 2549 87 21 Hamill
1519 2555 16 16 a
1545 2550 39 22 été
1599 2551 92 20 nommé

1164 2573 95 22 attaché
1282 2574 70 20 naval
1374 2574 30 21 de
1428 2574 223 26 Grande-Bretagne
1676 2576 15 21 à

1165 2598 65 21 Paris
1239 2598 24 21 et
1274 2598 15 21 à
1301 2598 124 21 Bruxelles.

1198 2658 121 34 C'ÉTAIT
1344 2665 63 27 UNE
1430 2666 99 27 JEUNE
1555 2666 99 34 FILLE,

1311 2712 81 33 TRÈS
1414 2717 116 30 JOLIE...

1253 2786 42 23 (De
1313 2785 67 21 notre
1396 2785 197 25 correspondant.)

1189 2816 108 23 Londres,
1317 2816 14 20 5
1351 2816 55 20 mal.
1421 2826 29 5 —
1474 2816 55 21 (Par
1549 2815 133 25 téléphone)

1162 2852 28 5 —
1200 2841 34 21 La
1243 2841 73 26 police
1328 2840 106 21 s'efforce
1446 2840 127 21 d'éclalrcir
1585 2845 33 17 un
1629 2845 51 21 mys-

1162 2866 49 21 tère
1223 2866 47 25 qui,
1283 2865 87 24 malgré
1380 2865 110 21 d'activés
1502 2865 136 21 recherches
1645 2865 35 21 fai-

1161 2892 38 20 tes
1218 2890 206 24 immédiatement,
1446 2890 36 21 est
1503 2890 106 24 toujours
1629 2891 63 20 aussi

1163 2915 167 25 impénétrable
1349 2916 69 24 qu'au
1438 2915 104 21 moment
1558 2916 29 20 de
1606 2915 25 21 la
1651 2916 27 19 dé-

1163 2944 106 17 couverte
1284 2941 29 21 de
1328 2940 108 21 l'affaire.

1187 2966 67 20 Dans
1264 2966 41 20 des
1316 2964 91 22 fourrés
1419 2965 72 21 situés
1504 2964 16 22 à
1533 2965 113 21 Leverton
1660 2969 32 17 on

1163 2995 16 16 a
1196 2990 82 21 trouvé
1297 2990 22 21 le
1338 2994 67 19 corps
1423 2989 69 22 d'une
1509 2990 70 24 jeune
1599 2990 90 22 femme,

1162 3015 48 21 très
1225 3015 62 24 jolie,
1302 3015 130 24 s'appelant
1446 3015 103 20 Annette
1561 3014 76 25 Shaw,
1652 3016 40 23 qui

1163 3040 64 21 avait
1247 3040 39 22 été
1303 3039 118 24 étranglée
1443 3044 32 17 au
1496 3043 84 21 moyen
1597 3040 30 21 de
1649 3045 42 16 son

1162 3065 107 24 écharpe.
1280 3065 33 20 La
1324 3064 160 22 malheureuse
1495 3065 63 20 avait
1570 3064 35 21 les
1615 3065 77 21 mains

1163 3090 56 21 liées
1234 3089 99 22 derrière
1348 3089 22 21 le
1385 3090 48 21 dos.

1189 3116 34 20 La
1240 3115 61 21 mort
1319 3114 126 22 remontait
1463 3115 15 21 à
1497 3114 113 25 plusieurs
1626 3115 65 24 jours

1164 3139 61 24 déjà.

1189 3165 33 21 La
1233 3164 81 26 police,
1327 3164 115 26 prévenue
1455 3164 105 23 aussitôt,
1571 3166 107 23 s'empres-

1165 3195 25 15 sa
1213 3190 30 21 de
1265 3189 137 21 rechercher
1424 3190 22 20 le
1468 3190 111 24 coupable
1602 3191 29 20 de
1653 3191 38 20 cet

1164 3214 83 22 odieux
1268 3215 102 21 meurtre
1392 3214 66 25 mais,
1480 3215 90 25 jusqu'à
1592 3216 99 24 présent,

1164 3240 44 20 elle
1222 3240 40 20 n'a
1276 3244 32 20 pu
1326 3239 120 21 découvrir
1460 3240 25 20 la
1504 3239 104 22 moindre
1627 3241 64 20 trace

1164 3264 32 22 du
1207 3265 128 20 meurtrier.

1181 3330 166 30 TRIBITSCH
1365 3331 133 29 LINCOLN
1518 3332 152 28 REPARAIT

1253 3401 43 22 (De
1312 3400 68 21 notre
1396 3401 196 24 correspondant.)

1189 3431 108 24 Londres,
1317 3432 13 20 5
1349 3431 55 21 mai.
1422 3442 29 5 —
1474 3433 55 21 (Par
1548 3431 132 26 téléphone)

1163 3466 28 6 —
1204 3456 116 21 Tribitsch
1335 3456 102 25 Lincoln,
1451 3456 22 21 le
1485 3457 77 21 moine
1576 3457 102 21 bouddhi-

1163 3485 44 21 que
1222 3481 36 21 est
1276 3481 75 22 arrivé
1366 3481 148 25 aujourd'hui
1530 3482 14 21 à
1564 3482 127 21 Greenock.

1190 3506 21 21 Il
1220 3506 60 22 était
1291 3507 153 24 accompagné
1455 3507 29 20 de
1495 3507 126 21 nombreux
1632 3508 47 20 moi-

1163 3535 49 17 nes.

1190 3556 22 20 n
1229 3560 15 16 a
1264 3555 78 22 refusé
1361 3556 29 21 de
1407 3556 59 21 faire
1486 3556 24 21 la
1527 3556 105 21 moindre
1648 3556 30 22 dé-

1164 3580 114 21 claration
1299 3585 46 16 aux
1362 3581 149 24 journalistes
1532 3582 40 25 qui
1592 3581 87 21 l'assail-

1164 3605 73 21 laient
1254 3606 29 21 de
1299 3606 124 25 questions.

1189 3641 28 4 —
1229 3631 28 20 Je
1279 3635 56 16 vous
1355 3631 96 21 connais
1468 3631 54 25 trop
1538 3631 61 25 bien,
1620 3631 71 25 dit-il,

1164 3659 59 21 pour
1236 3660 57 16 vous
1309 3656 90 20 confier
1415 3656 24 21 la
1455 3656 105 21 moindre
1578 3656 69 21 chose
1657 3657 6 19 I

1190 3680 61 21 C'est
1272 3685 40 16 ma
1330 3680 83 25 longue
1435 3680 134 25 expérience
1591 3681 40 25 qui
1652 3686 38 16 me

1163 3705 107 21 conseille
1284 3705 29 21 de
1327 3710 37 16 me
1378 3705 60 21 taire
1448 3706 32 20 1...

1190 3730 39 20 On
1250 3730 46 21 sait
1320 3735 44 20 que
1390 3731 116 20 Tribitsch
1530 3730 98 21 Lincoln
1649 3731 40 24 qui

1162 3755 65 20 vient
1239 3755 32 20 du
1282 3755 98 21 Canada
1391 3760 25 16 se
1428 3756 59 21 rend
1500 3760 31 16 en
1544 3756 77 20 Suisse
1632 3760 58 20 pour

1162 3784 16 20 y
1191 3779 84 21 fonder
1285 3784 33 16 un
1331 3781 100 20 couvent
1443 3780 90 22 destiné
1547 3781 14 21 à
1576 3781 41 21 des
1629 3781 48 21 moi-

1163 3809 41 17 nes
1219 3804 164 24 bouddhiques.

1206 3864 193 28 DISTILLERIE
1428 3865 217 29 CLANDESTINE

1186 3926 94 24 Anvers,
1296 3926 13 20 5
1326 3926 54 22 mal.
1395 3937 28 5 —
1438 3927 43 21 Les
1497 3927 134 25 négociants
1648 3928 30 20 Jo-

1159 3951 59 24 seph
1233 3951 55 24 H...,
1304 3951 26 20 46
1345 3955 50 20 ans,
1413 3951 114 23 domicilié
1544 3953 16 21 à
1577 3953 72 24 Pulle,
1665 3954 25 19 et

1161 3976 101 23 Auguste
1281 3976 52 20 Van
1348 3976 46 21 D...
1441 3978 25 19 25
1486 3981 49 21 ans,
1554 3977 137 21 demeurant

1160 4001 15 20 à
1191 4001 151 22 Herenthout,
1371 4001 89 21 étaient
1488 3996 128 31 poursuivis
1632 4006 58 21 pour

1159 4025 151 24 exploitation
1325 4025 67 22 d'une
1408 4026 118 22 distillerie
1540 4026 149 22 clandestine.

1185 4050 32 20 Le
1245 4050 102 21 tribunal
1375 4051 129 21 condamne
1533 4052 91 20 chacun
1649 4052 40 21 des

1160 4074 61 22 deux
1237 4074 114 25 prévenus
1367 4075 15 21 à
1400 4080 46 17 une
1465 4076 74 21 anné»
1560 4077 28 21 de
1603 4077 86 24 prison,

1160 4100 24 20 et
1198 4099 173 21 solidairement
1387 4100 15 21 à
1431 4101 71 24 70,000
1531 4102 79 20 francs
1639 4102 38 20 d'a-

1161 4125 80 19 mende
1254 4125 25 20 et
1292 4125 39 20 656
1345 4124 79 22 francs
1435 4125 28 22 de
1477 4126 72 21 droits
1562 4126 101 21 fraudés.

1183 4190 38 28 LE
1239 4190 145 34 BANQUtT
1402 4191 38 28 DE
1454 4191 37 28 LA
1507 4191 151 30 CHAMBRE

1202 4241 58 29 DES
1278 4242 365 31 EXPERTS-COMPTABLES

72 4706 232 57 mrSALLIHGTOli

73 4793 30 18 «s»
114 4793 53 22 «jette
179 4800 67 18 veuve
262 4803 43 16 an-

73 4824 12 19 *
84 4820 26 21 tal
109 4826 29 21 *«
156 4825 51 25 itée
229 4829 27 21 de
279 4830 26 20 54

73 4856 43 21 *"«•
137 4857 21 20 et
179 4859 44 25 qui,
249 4865 56 20 pour

75 4883 67 23 toftter
163 4889 38 21 des
226 4895 78 17 sensa-

77 4918 50 19 •*«"-»
152 4923 85 22 neuves,
267 4923 38 21 n'a

74 4948 36 20 »*t
133 4950 66 22 craJnt
225 4953 15 21 a
240 4958 13 16 e
280 4959 24 15 je

74 4991 9 7 -
81 4976 42 21 ettr
138 4979 48 23 *nn
201 4983 73 25 avion,
290 4985 15 20 à

73 5004 88 28 «Ux-hnlt
170 5016 60 20 cent»
242 5016 63 25 pieds

72 5035 24 22 *
122 5041 93 27 hauteur,
245 5047 59 21 alors

72 5071 42 23 *">
125 5074 105 28 vendredi,
247 5078 57 25 I'ap-

70 5101 34 20 ***
103 5104 13 15 t
115 5100 16 22 fl
139 5108 101 20 survolait
250 5109 54 20 l'aé-

71 5132 89 25 ""•roine
175 5137 26 21 de
220 5139 83 22 Brook-

148 5167 69 23 lands.

70 5199 25 15 »**
111 5200 64 19 veuve
187 5199 78 23 hardie
280 5207 23 15 se

71 5225 77 24 ••■"■lare
162 5230 58 22 ravie
236 5233 28 21 de
279 5239 24 14 sa

70 5252 93 28 *o«rite
185 5266 29 16 en
237 5267 56 20 para-

147 5291 70 22 chute.

71 5314 40 25 •M»
139 5316 88 28 attirme
263 5331 42 19 que

71 5347 31 21 •*
124 5351 79 25 exploit
229 5355 33 21 loi
291 5362 14 15 a

72 5379 82 39 f"™*
195 5384 111 24 l'émotion

72 5405 20 21 u
112 5405 47 30 »*«»
184 5416 121 22 extraerdi-

72 5438 54 22 ■»"»
148 5442 27 22 «e
197 5446 61 23 tonte
280 5453 27 16 sa

164 5473 41 23 vie.

1185 4303 92 22 Fondée
1294 4304 18 20 il
1326 4308 17 20 y
1358 4308 15 17 a
1389 4304 52 25 plus
1457 4305 29 21 de
1502 4305 77 21 trente
1596 4311 43 16 ans
1656 4311 30 16 au

1159 4329 51 20 sein
1228 4329 28 21 de
1277 4328 24 21 la
1320 4330 113 20 Chambre
1453 4329 28 21 de
1504 4331 132 21 Commerce
1657 4332 29 20 de

1159 4354 125 24 Bruxelles,
1296 4354 25 20 la
1334 4354 115 21 Chambre
1461 4354 117 24 syndicale
1592 4356 40 21 des
1646 4360 28 16 ex-

1159 4378 217 25 perts-comptables
1389 4379 24 20 et
1429 4379 142 24 comptables
1586 4380 29 21 de
1631 4381 42 20 Bel-

1159 4403 66 25 gique
1248 4403 91 26 compte
1363 4402 15 22 à
1401 4403 94 26 présent
1518 4404 53 25 près
1595 4405 29 21 de
1647 4406 38 21 500

1159 4428 121 24 membres;
1308 4428 56 21 c'est
1385 4428 90 22 devenu
1498 4433 33 17 un
1556 4430 129 23 organisme

1158 4453 106 24 puissant
1296 4450 78 24 etbien
1389 4454 60 21 actif
1461 4454 40 24 qui
1517 4453 54 22 créa
1587 4459 31 16 en
1635 4456 50 20 1906

1158 4477 54 25 déjà
1229 4478 83 21 l'Ecole
1330 4477 189 26 professionnelle
1534 4479 28 21 de
1580 4480 93 23 compta-

1158 4502 64 21 bilité
1253 4502 91 21 .Ecole.
1367 4503 53 21 Van
1448 4503 218 22 Horen-Coenraets
1673 4513 10 10 »

1158 4527 133 22 institution
1314 4527 148 25 aujourd'hui
1486 4527 78 26 placée
1589 4533 54 17 sous
1662 4529 22 21 le

1158 4552 126 24 patronage
1298 4552 40 21 des
1353 4552 107 25 pouvoirs
1475 4552 89 25 publics
1579 4554 24 20 et
1618 4554 29 21 de
1660 4554 24 21 la

1157 4577 115 21 Chambre
1289 4577 29 21 de
1334 4581 133 17 commerce.

1182 4602 94 20 Samedi
1286 4602 53 24 soir,
1350 4602 34 20 les
1394 4602 142 25 comptables
1547 4603 24 21 et
1580 4604 103 24 experts-

1155 4626 142 25 comptables
1312 4627 43 21 ont
1370 4626 72 21 offert
1457 4627 51 20 leur
1522 4628 87 21 annuel
1624 4628 48 21 ban-

1156 4652 62 25 quet.
1240 4652 100 21 Celui-ci
1362 4662 27 6 —
1411 4651 48 22 très
1478 4652 78 21 animé
1579 4663 28 5 —
1625 4653 58 21 était

1156 4676 90 25 présidé
1264 4680 44 22 par
1324 4677 31 20 M.
1375 4676 28 22 tj.
1423 4676 80 22 Lalieu
1519 4678 73 24 ayant
1611 4677 16 21 à
1646 4682 37 16 ses

1155 4701 63 21 cotés
1236 4702 32 21 M
1286 4702 113 23 Lauwers,
1417 4701 163 25 représentant
1596 4702 23 21 le
1637 4703 34 20 mi-

1155 4726 73 21 nistre
1247 4727 28 20 de
1293 4726 133 21 l'Industrie
1441 4726 25 21 et
1485 4727 31 21 du
1531 4726 101 25 Travail,
1650 4728 32 20 M.

1155 4751 84 25 Coelst,
1259 4751 97 21 échevin
1376 4751 29 21 de
1425 4751 125 24 Bruxelles,
1570 4752 33 21 M.
1619 4752 62 24 Hey-

1154 4776 73 25 vaert,
1249 4775 97 26 greffier
1367 4776 134 25 provincial,
1520 4777 162 23 représentant

1154 4801 22 21 le
1195 4805 143 21 gouverneur
1356 4800 29 21 de
1403 4801 24 20 la
1446 4801 114 24 province,
1579 4802 33 20 M.
1631 4802 51 22 Bal,

1154 4826 118 25 président
1288 4826 29 21 de
1331 4826 24 20 la
1373 4826 115 21 Chambre
1503 4827 28 20 de
1548 4830 133 19 commerce,

1154 4853 32 19 M.
1212 4851 117 24 Mlchelet,
1353 4850 221 25 directeur-général
1601 4852 29 20 de
1657 4852 23 20 la

1153 4876 116 21 Chambre
1285 4876 28 22 de
1329 4880 133 20 commerce,
1475 4876 67 20 enfin
1558 4876 34 21 les
1607 4881 62 16 mem-

1153 4901 53 22 bres
1219 4901 33 21 du
1265 4900 84 21 comité
1363 4901 29 21 de
1404 4900 24 21 la
1443 4900 116 22 Chambre
1573 4901 94 23 syndica-

1152 4926 23 21 le
1185 4931 6 16 :
1210 4927 58 20 MM.
1282 4927 22 22 J.
1322 4926 111 24 Cannois,
1447 4924 189 26 vice-président-
1655 4926 25 20 P.

1153 4945 117 30 Mahieux,
1293 4950 131 25 secrétaire;
1449 4951 28 20 R.
1496 4950 88 25 Jorion,
1606 4951 62 20 tréso-

1153 4976 55 25 rier;
1234 4976 82 24 Davin,
1339 4976 101 25 Hagens,
1459 4975 104 25 Moreels,
1587 4975 92 21 Vander

1153 5002 53 23 Ryt,
1218 5001 121 24 membres,
1351 5001 44 21 etc.

1178 5027 37 20 Au
1226 5026 94 23 dessert,
1330 5020 17 26 il
1359 5030 16 19 y
1384 5025 40 21 eut
1435 5025 114 26 plusieurs
1560 5026 102 20 discours
1671 5031 6 15 7

1154 5051 30 20 M.
1195 5051 79 20 Lalieu
1286 5052 96 24 rappela
1395 5050 33 21 les
1441 5050 82 22 débuts
1534 5050 24 21 et
1570 5050 109 21 l'activité

1153 5076 29 21 de
1201 5075 24 21 la
1245 5076 115 21 Chambre
1380 5075 124 24 syndicale,
1524 5076 31 21 M.
1574 5076 35 19 De
1629 5075 50 24 Bal,

1153 5105 31 16 au
1202 5105 56 16 nom
1276 5101 29 21 de
1323 5101 24 20 la
1366 5100 116 22 Chambre
1498 5100 28 21 de
1546 5104 133 19 commerce,

1153 5125 88 21 félicita
1259 5125 34 21 les
1314 5125 246 25 experts-comptables
1582 5126 29 20 de
1629 5125 49 20 leur

1153 5151 57 20 belle
1224 5150 126 24 solidarité;
1366 5150 18 21 il
1396 5150 67 21 salua
1472 5155 32 16 en
1516 5152 45 19 eux
1571 5150 34 20 les
1618 5150 48 21 fidè-

1152 5175 34 22 les
1197 5175 25 21 et
1234 5175 82 26 probes
1328 5175 180 21 collaborateurs
1521 5176 28 20 de
1559 5174 24 21 la
1596 5174 82 25 justice

1152 5200 59 21 dans
1226 5200 34 21 les
1274 5200 95 21 conflits
1384 5197 89 24 d'or«!re
1486 5200 151 21 commercial.

1177 5225 33 21 M.
1226 5226 122 23 Heyvaert,
1363 5225 95 24 grwt'fler
1475 5225 133 24 provincial,
1622 5229 45 21 par-

1152 5249 24 22 ia
1193 5254 31 17 en
1238 5250 48 21 ami
1303 5251 29 20 de
1350 5250 23 21 la
1392 5250 99 24 maison;
1512 5250 16 20 il
1543 5249 96 25 rappela
1656 5250 22 21 le

1151 5275 107 20 souvenir
1277 5275 29 21 de
1324 5275 41 21 feu
1384 5275 52 21 Van
1455 5274 217 21 Horen-Coenracts

1177 5300 34 20 M.
1226 5299 116 24 Mlchelet,
1361 5299 115 21 directeur
1495 5299 93 24 général
1607 5300 29 21 de
1654 5299 23 21 la

1152 5324 115 21 Chambre
1284 5325 28 21 de
1326 5329 132 19 commerce,
1474 5324 85 24 joignit
1575 5328 37 17 ses
1624 5324 42 21 féli-

1150 5349 110 20 citations
1275 5353 46 16 aux
1337 5349 84 20 autres.

1177 5374 32 19 M.
1227 5374 83 23 Coelst,
1327 5374 124 24 improvisa
1468 5378 56 16 avec
1539 5374 76 20 bonne
1632 5374 32 20 bu-

1152 5398 57 23 teur,
1231 5398 150 24 égratignant
1403 5398 75 21 même
1496 5398 34 21 les
1549 5398 128 25 politiciens

1151 5422 58 21 dont
1223 5422 18 21 il
1255 5422 42 21 est.

1175 5447 62 21 Tout
1250 5447 49 21 cela
1313 5452 24 16 se
1352 5447 93 21 déroula
1460 5447 58 21 dans
1531 5452 46 16 une
1589 5447 75 21 atmos-

1151 5471 71 24 phère
1237 5471 28 22 de
1280 5470 68 23 réelle
1364 5471 125 21 cordialité.
1502 5472 19 19 Il
1534 5476 16 20 y
1564 5473 40 20 eut
1618 5476 58 20 pour

1150 5496 64 24 finir,
1224 5496 29 23 de
1265 5496 24 21 la
1302 5496 103 24 musique
1418 5496 24 21 et
1453 5496 40 21 des
1505 5495 91 23 chants.
1608 5507 28 6 —
1646 5497 29 21 a.

1733 152 18 22 3
1794 151 41 22 Cb
1856 148 155 23 Dernier*
2029 151 22 18 c.
2059 153 75 18 »•••■■
2178 152 19 22 3

1704 217 120 51 UN
1864 213 367 56 CONSEIL

1773 290 94 39 DES
1896 287 270 42 MINISTRES

1816 345 37 37 A
1881 332 175 48 L'ELYS
2058 334 62 47 ÉE

1736 423 41 31 DE
1792 418 180 36 NOMBREUX
1985 413 217 42 DÉCRETS-LOIS

1744 495 40 32 LA
1798 487 278 39 RÉORGANISATION
2096 494 43 31 DE
2154 495 42 32 LA

1821 530 119 40 SÛRETÉ
1958 529 163 41 GÉNÉRALE

1734 605 72 23 Paris,
1820 605 12 20 5
1847 602 53 22 mai.
1913 611 26 6 —
1951 600 31 20 Le
1995 600 89 23 Conseil
2098 602 39 22 des
2149 604 69 21 minis-

1709 629 47 21 tres
1768 630 54 20 s'est
1835 627 72 22 réuni,
1921 630 26 16 ce
1962 624 81 24 matin,
2055 631 52 17 sous
2121 628 23 21 la
2158 629 59 24 prési-

1709 654 71 21 dence
1795 654 28 21 de
1838 654 31 20 M.
1884 651 79 21 Albert
1975 649 96 26 Lebrun,
2085 653 38 23 qui
2137 658 14 16 a
2166 653 64 24 signé

1709 683 32 16 un
1758 679 76 25 projet
1852 678 27 21 de
1897 676 30 21 loi
1942 674 124 22 modifiant
2083 677 75 22 divers
2173 679 44 20 arti-

1709 704 46 20 cles
1771 704 29 21 de
1816 703 23 21 la
1856 702 30 22 loi
1900 701 31 20 du
1947 700 13 20 7
1975 698 74 25 Juillet
2065 702 57 24 1933,
2135 703 51 21 afin
2202 704 28 20 de

1709 728 100 21 faciliter
1829 724 201 24 l'administration
2051 726 27 21 de
2098 727 23 21 la
2142 728 88 24 Justice.

1734 753 31 21 Le
1780 752 117 21 «-résident
1912 750 28 20 de
1956 749 22 20 la
1993 748 139 27 République
2148 757 15 16 a
2176 752 54 24 éga-

1709 777 88 21 leme--
1809 776 66 25 ;ignê
1890 775 56 21 trois
1963 772 88 23 décrets
2066 773 125 28 préparant
2207 778 24 20 la

1709 801 129 26 réorganl;**.
1843 802 47 20 tion
1903 800 30 20 du
1947 799 89 20 Conseil
2049 800 82 22 d'Etat.

1735 828 31 21 Le
1782 828 104 20 ministre
1900 825 39 20 des
1955 822 100 22 Affaires
2070 825 131 24 étrangères
2217 832 14 16 a

1709 853 82 24 exposé
1813 851 84 21 devant
1917 849 21 20 le
1960 848 90 21 Conseil
2069 850 33 21 les
2123 851 108 21 résultats

1710 876 120 25 politiques
1845 876 31 20 du
1892 877 84 20 voyage
1993 875 110 24 accompli
2118 880 29 16 en
2165 877 54 20 Polo-

1710 906 44 18 gne
1770 902 25 20 et
1809 906 29 15 en
1854 897 209 25 Tchécoslovaquie,
2077 901 25 20 et
2116 900 22 21 le
2151 901 81 20 minis-

1710 926 36 21 tro
1769 931 16 16 a
1808 923 113 25 envisagé,
1943 922 14 20 à
1981 922 60 21 cette
2063 925 112 23 occasion,
2199 926 33 20 les

1711 951 75 21 divers
1800 950 89 25 aspects
1902 948 28 21 de
1944 947 23 20 la
1981 946 107 26 politique
2101 950 131 21 extérieure.

1710 976 19 20 H
1745 981 15 15 a
1777 976 46 20 fait
1840 976 126 23 approuver
1984 975 42 20 par
2043 973 21 20 le
2082 974 90 21 Conseil
2190 980 40 16 son

1710 1001 115 20 intention
1845 999 28 20 de
1895 996 121 22 distribuer
2034 1001 45 17 aux
2100 999 132 23 Chambres,

1711 1025 40 20 dès
1767 1026 49 20 leur
1830 1024 96 20 rentrée,
1941 1021 40 21 des
1996 1020 133 24 documents
2143 1024 90 20 relatifs

1711 1054 46 16 aux
1775 1049 103 21 récentes
1896 1045 154 25 négociations
2067 1052 40 16 sur
2124 1048 24 21 la
2166 1053 54 20 ques-

1711 1075 50 20 tion
1776 1075 30 20 du
1822 1070 174 23 désarmement.

1736 1099 30 20 Le
1784 1098 104 21 ministre
1906 1096 31 20 du
1954 1095 131 22 Commerce
2104 1103 13 16 a
2133 1097 99 22 informé

1710 1123 22 21 le
1745 1123 90 21 Conseil
1848 1123 39 20 des
1900 1119 116 22 ministres
2027 1121 53 24 qu'il
2092 1123 63 20 avait
2166 1122 67 25 réglé,

1710 1153 30 15 en
1753 1147 81 21 accord
1848 1151 55 16 avec
1915 1145 21 21 le
1949 1142 75 27 préfet
2037 1145 27 22 de
2078 1147 23 20 la
2112 1147 74 24 Seine,
2200 1148 32 21 ies

1711 1173 84 20 termes
1810 1173 67 19 d'une
1892 1168 137 22 convention
2044 1171 65 20 entre
2123 1172 70 20 l'Etat
2208 1174 25 19 et

1711 1198 24 20 la
1752 1197 52 21 ville
1822 1197 28 21 de
1866 1195 71 21 Paris,
1953 1198 30 16 en
1999 1197 42 18 vue
2054 1195 29 21 de
2099 1196 121 24 l'organisa-

1712 1222 49 20 tion
1781 1222 29 20 de
1830 1219 141 25 l'exposition
1992 1217 28 22 de
2040 1219 56 21 1937.
2115 1221 21 20 n
2156 1226 14 16 a
2189 1221 45 21 fait

1711 1246 126 23 connaître,
1862 1244 88 21 d'autre
1974 1243 59 23 part,
2057 1245 69 23 qu'un
2152 1246 81 21 accord

1711 1270 58 21 était
1786 1271 121 20 Intervenu
1928 1267 65 21 entre
2014 1267 22 22 la
2057 1269 87 21 France
2166 1272 24 19 et
2211 1271 22 20 ia

1711 1296 105 20 Lettonie
1834 1294 38 25 qui
1892 1292 115 24 comporte
2027 1297 56 20 pour
2102 1294 24 21 la
2146 1295 87 21 France

1710 1324 46 17 une
1784 1318 160 22 amélioration
1972 1316 141 26 appréciable
2143 1319 28 22 de
2197 1324 35 17 ses

1711 1344 163 24 exportations.

1737 1371 31 19 Le
1782 1369 104 20 ministre
1904 1368 27 19 de
1948 1366 24 20 la
1987 1366 89 22 Marine
2092 1369 141 21 marchande

1712 1399 15 15 a
1740 1394 45 20 fait
1798 1394 76 23 signer
1888 1392 40 21 des
1943 1390 142 23 décrets-lois
2099 1394 135 23 organisant

1711 1419 40 20 des
1766 1418 127 21 économies
1907 1416 58 21 dans
1979 1415 21 21 le
2015 1418 119 22 personnel
2149 1418 28 21 de
2191 1423 41 16 son

1711 1442 124 22 ministère.

1736 1468 78 23 Enfin,
1829 1468 21 20 le
1865 1466 103 21 ministre
1983 1464 31 22 du
2027 1466 92 22 Travail
2133 1472 15 16 a
2160 1470 72 18 rendu

1712 1495 91 22 compte
1817 1497 30 16 au
1862 1490 91 22 Conseil
1967 1489 40 21 des
2021 1491 125 21 entretiens
2158 1493 38 23 qui
2210 1497 24 16 se

1711 1518 53 20 sont
1776 1516 127 30 poursuivis
1916 1514 64 21 entre
1992 1513 21 22 le
2025 1515 103 23 ministre
2139 1517 28 21 de
2178 1517 42 21 l'In-

1712 1542 91 23 térieur,
1815 1542 22 20 le
1851 1540 104 21 ministre
1969 1539 39 21 des
2020 1540 106 21 Travaux
2140 1542 94 24 publics,

1712 1566 21 22 le
1744 1567 105 21 ministre
1858 1566 42 20 des
1910 1564 113 21 Finances
2033 1565 24 20 et
2068 1565 125 24 lui-même,
2204 1571 30 16 au

1711 1592 62 24 sujet
1790 1592 28 20 de
1835 1589 186 22 l'établissement
2040 1590 31 20 du
2090 1595 143 20 programme

1712 1616 40 20 des
1769 1616 85 24 grands
1870 1615 103 21 travaux.

1737 1641 31 20 Le
1787 1639 112 26 prochain
1919 1637 90 23 Conseil
2026 1643 58 17 aura
2101 1640 47 21 Heu
2165 1641 69 23 jeudi.

1712 1675 27 5 —
1750 1666 85 20 Havas.

1809 1697 38 20 LA
1870 1693 265 23 REORGANISATION

1775 1728 39 20 DE
1831 1727 37 21 LA
1885 1724 113 23 SURETE
2014 1725 154 22 GENERALE

1801 1764 45 23 (De
1863 1762 66 22 notre
1945 1762 194 25 correspondant.)

1735 1795 71 23 Paris,
1824 1795 13 20 5
1855 1793 53 22 mal.
1926 1803 27 5 —
1973 1792 54 22 (Par
2043 1793 27 21 fil
2088 1793 101 26 spécial.)
2210 1805 26 6 —

1709 1820 35 20 En
1758 1821 94 21 France,
1867 1818 16 21 il
1897 1823 15 20 y
1927 1822 14 16 a
1955 1816 57 21 trois
2025 1818 90 25 polices,
2129 1819 34 21 les
2177 1818 47 26 poli-

1710 1848 37 17 ces
1772 1843 156 25 municipales,
1952 1842 58 20 dans
2034 1842 23 22 la
2080 1843 94 25 plupart
2197 1844 39 21 des

1710 1869 72 24 villes;
1798 1869 24 21 la
1836 1868 72 25 police
1922 1866 125 26 judiciaire,
2061 1868 15 21 à
2090 1868 71 24 Paris,
2176 1872 23 18 et
2213 1868 23 22 la

1710 1894 71 24 police
1796 1894 28 20 de
1840 1893 22 22 la
1876 1891 76 22 sûreté
1967 1890 110 26 générale.

1736 1919 66 21 Cette
1814 1917 109 23 dernière,
1934 1916 21 21 si
1968 1916 106 25 attaquée
2086 1922 37 17 ces
2135 1918 102 21 derniers

1711 1942 80 26 temps,
1812 1948 50 16 sera
1883 1940 113 22 modifiée.
2015 1943 35 19 En
2070 1942 65 25 effet,
2153 1948 41 16 sur
2214 1943 23 20 la

1710 1968 140 24 proposition
1864 1968 30 20 du
1909 1966 103 21 ministre
2026 1966 28 21 de
2067 1967 135 24 l'Intérieur,
2216 1968 21 20 le

1710 1993 178 24 gouvernement
1906 1991 64 22 vient
1989 1990 115 26 d'arrêter,
2122 1997 30 16 au
2172 1997 65 16 cours

1711 2018 30 20 du
1760 2017 91 22 Conseil
1869 2017 39 20 des
1926 2015 115 22 ministres
2058 2017 28 21 de
2103 2017 95 24 samedi,
2215 2017 22 21 le

1710 2042 56 24 plan
1781 2042 28 21 de
1824 2040 181 25 réorganisation
2020 2041 28 21 de
2062 2042 25 20 la
2100 2042 83 25 sûreté,
2198 2043 38 23 qui

1711 2067 134 25 s'appellera
1869 2065 123 22 désormais
2018 2073 10 12 s
2054 2066 81 22 Sûreté
2160 2067 66 21 natio-

1710 2092 53 21 nale
1778 2100 18 14 ».

1736 2118 35 19 En
1784 2121 43 16 vue
1841 2116 28 21 de
1883 2116 23 21 la
1919 2114 65 22 doter
1997 2115 176 23 d'installations
2187 2121 37 16 mo-

1711 2141 115 21 dernisées
1845 2142 24 19 et
1887 2140 39 21 des
1945 2139 79 22 cadres
2043 2141 28 20 de
2090 2141 135 21 commande-

1711 2167 65 20 ment
1793 2167 23 20 et
1834 2165 99 22 d'action
1956 2165 39 23 qui
2010 2165 33 21 lui
2060 2165 88 23 étaient
2164 2160 61 27 indis-

1711 2191 125 24 pensables,
1862 2195 30 16 en
1918 2189 163 22 collaboration
2106 2191 81 21 intime
2214 2192 23 20 et

1711 2216 120 20 constante
1846 2220 55 16 avec
1915 2214 21 21 le
1950 2213 75 25 préfet
2038 2215 29 21 de
2081 2216 71 24 police
2166 2216 24 20 et
2204 2216 33 21 les

1711 2241 125 20 directeurs
1848 2240 39 25 qui
1900 2244 29 16 en
1942 2238 136 26 dépendent,
2090 2240 21 21 le
2125 2240 112 21 directeur

1711 2265 93 25 général
1819 2266 29 20 de
1863 2265 24 21 la
1902 2264 81 21 Sûreté
1999 2265 117 21 nationale
2131 2270 52 16 sera
2200 2270 25 16 as-

1711 2290 55 22 sisté
1781 2291 29 20 de
1826 2290 56 21 trois
1897 2289 97 21 services
2009 2288 141 23 sédentaires
2165 2291 60 20 forte-

1712 2315 64 21 ment
1788 2314 116 25 organisés
1916 2315 24 19 et
1950 2313 129 24 spécialisés
2091 2316 24 20 et
2127 2315 28 20 de
2167 2315 58 20 servi-

1712 2344 37 16 ces
1773 2340 70 21 actifs
1865 2338 96 26 groupés
1985 2342 29 17 en
2036 2339 81 25 quatre
2140 2340 98 21 section»

1712 2365 72 24 ayant
1799 2365 40 20 des
1855 2364 79 21 taches
1949 2362 103 25 précises.

1738 2390 38 20 On
1789 2389 96 23 déclare,
1898 2389 16 20 à
1927 2392 25 16 ce
1965 2388 68 24 sujet,
2046 2388 29 22 de
2088 2393 80 17 source
2182 2389 43 21 offi

1712 2414 81 24 cleuse,
1813 2418 44 20 que
1877 2414 50 20 tout
1948 2416 25 16 ce
1993 2417 42 20 que
2056 2413 148 25 l'expérience
2223 2419 6 16 1

1713 2438 73 23 révélé
1804 2439 28 21 de
1850 2438 135 22 défectueux
2002 2442 50 17 sera
2069 2438 86 25 corrigé
2173 2438 66 25 grâce

1712 2464 15 21 à
1739 2463 178 25 l'organisation,
1928 2462 151 25 notamment,
2090 2463 55 22 d'un
2156 2464 83 21 fichier

1713 2488 95 24 central,
1830 2488 55 21 d'un
1905 2487 86 21 service
2013 2487 40 22 des
2075 2487 119 25 étrangers
2216 2488 23 21 et

1712 2513 41 21 des
1767 2513 60 24 jeux,
1841 2513 68 20 d'une
1923 2512 87 20 section
2023 2512 29 21 de
2065 2513 129 24 protection
2208 2513 31 21 du

1713 2538 114 21 territoire
1846 2538 24 21 et
1889 2537 39 20 des
1946 2537 96 21 services
2061 2537 29 21 de
2108 2538 130 21 traduction

1713 2562 28 21 de
1758 2567 83 20 presse,
1857 2562 59 21 ainsi
1933 2565 44 20 que
1992 2561 28 21 de
2036 2562 72 23 police
2124 2562 103 22 économi-

1713 2591 42 20 que
1769 2589 25 20 et
1806 2586 134 22 financière.

1739 2613 67 20 Cette
1824 2611 188 25 réorganisation,
2030 2612 39 24 qui
2088 2612 76 21 donne
2183 2613 15 21 à
2216 2613 23 20 la

1712 2636 81 22 Sûreté
1806 2636 118 21 nationale
1936 2639 43 17 son
1993 2637 116 21 armature
2122 2637 29 21 de
2165 2637 61 21 direc-

1712 2661 49 20 tion
1775 2663 24 20 et
1814 2661 29 21 de
1857 2660 130 23 technicité,
2001 2661 103 21 renforce
2120 2667 30 16 en
2164 2661 74 22 même

1712 2686 80 24 temps,
1804 2690 44 20 par
1859 2690 33 16 un
1904 2685 100 21 contrôle
2016 2686 125 21 désormais
2154 2686 84 25 assuré,

1712 2710 54 21 tant
1781 2715 41 16 sur
1836 2711 35 20 les
1886 2711 62 20 actes
1964 2715 44 19 que
2023 2715 40 17 sur
2078 2711 34 21 les
2128 2712 111 23 hommes,

1712 2735 132 21 l'armature
1855 2735 85 22 morale
1951 2735 28 21 de
1990 2740 25 16 ce
2026 2736 73 25 grand
2110 2737 128 23 organisme

1712 2759 84 21 d'Etat.

1739 2785 34 19 La
1793 2784 100 21 réforme
1913 2789 51 17 sera
1984 2784 47 22 très
2052 2786 188 24 prochainement

1713 2809 141 22 parachevée
1870 2814 43 20 par
1929 2810 97 20 diverses
2043 2815 100 16 mesures
2160 2815 43 20 que
2219 2811 21 21 le

1713 2836 178 21 gouvernement
1903 2834 104 21 examine
2018 2839 58 20 pour
2088 2835 120 21 améliorer
2219 2836 21 20 le

1713 2860 155 20 recrutement
1881 2860 23 20 et
1917 2860 22 20 le
1952 2859 74 22 statut
2039 2859 31 21 du
2084 2860 121 24 personnel
2217 2860 23 21 et

1713 2885 58 20 pour
1782 2887 91 16 assurer
1883 2887 41 20 par
1926 2884 58 24 tout,-
1986 2886 35 20 «sn
2031 2885 115 23 province,
2155 2884 74 22 l'étroi-

1713 2907 24 20 te
1759 2907 158 21 coordination
1938 2908 40 21 des
1987 2914 5 7 •
1997 2908 77 21 Hivers
2095 2909 96 21 services
2212 2910 28 21 de

1713 2931 79 24 police.

1813 2991 38 28 LE
1876 2993 58 28 BAL
1958 2992 187 30 PRINTANIER

1745 3043 40 29 DU
1798 3043 135 29 SOUTIEN
1948 3045 39 28 DE
1998 3045 214 31 SAINT-GILLES

1745 3113 61 21 C'est
1821 3117 32 17 au
1867 3113 72 25 profit
1954 3114 41 21 des
2009 3114 96 21 enfants
2118 3114 85 23 débiles
2218 3116 23 21 et

1718 3137 143 22 nécessiteux
1877 3143 44 21 que
1937 3138 22 21 le
1975 3139 96 22 Soutien
2087 3140 28 21 de
2129 3140 113 22 St-Gilles

1718 3167 15 16 a
1753 3162 78 22 donné
1847 3167 43 17 son
1910 3164 91 21 dernier
2020 3164 40 22 bal
2083 3169 7 17 :
2112 3165 22 21 le
2151 3166 39 21 bal
2210 3166 30 21 du

1718 3188 135 24 printemps.

1743 3214 33 21 M.
1787 3213 87 21 Robert
1886 3214 28 20 de
1925 3214 110 24 Bendere,
2046 3214 124 26 président,
2176 3216 24 20 et
2206 3221 36 16 ses

1719 3246 9 9 »
1738 3237 106 25 disciples
1851 3247 9 10 »
1880 3243 6 16 :
1902 3239 57 21 MM.
1970 3240 55 20 Max
2039 3240 86 21 Schaef
2125 3240 11 20 f
2136 3244 33 21 er,
2180 3241 61 20 vice-

1717 3262 123 25 président,
1855 3263 100 24 Fulbius,
1970 3264 178 25 vice-président
2159 3265 70 21 d'hon-

1718 3291 65 20 neur,
1800 3288 66 21 René
1884 3289 103 24 Ernotte,
2005 3289 122 22 secrétaire
2143 3290 99 25 général,

1718 3313 101 24 Georges
1834 3313 24 20 et
1873 3313 72 21 Henri
1959 3314 108 24 Bogaert;
2084 3315 109 24 François
2207 3315 34 21 De

1718 3337 119 25 Schryver,
1850 3337 115 26 trésorier;
1984 3339 116 24 Janssens,
2115 3340 127 24 Callebaut,

1718 3362 174 24 Vandenbosch,
1913 3364 101 23 Georges
2034 3364 80 17 Mar-ni
2139 3365 50 24 etc.,
2210 3365 20 21 fi-

1718 3388 53 20 rent
1784 3388 41 21 des
1835 3388 105 24 prodiges
1953 3393 58 20 pour
2022 3389 90 21 donner
2122 3390 16 21 à
2150 3395 26 15 ce
2190 3390 40 21 der-

1718 3413 51 20 nier
1778 3413 53 25 gala
1841 3412 76 21 l'éclat
1925 3413 54 25 qu'il
1989 3414 111 24 méritait;
2113 3415 30 21 ils
2152 3420 15 19 y
2177 3415 54 21 réus-

1717 3437 73 21 sirent
1805 3437 150 26 pleinement;
1971 3438 145 22 d'excellents
2131 3440 98 20 intermè-

1718 3462 42 21 des
1769 3462 93 21 vinrent
1875 3467 84 20 couper
1970 3463 23 21 le
2007 3464 38 21 bal
2061 3469 6 16 :
2080 3465 57 20 Miss
2149 3465 93 24 Fiower,

1717 3486 22 21 le
1755 3488 132 21 fantaisiste
1900 3488 93 24 Dalton,
2008 3489 34 20 les
2057 3489 112 21 danseurs
2182 3490 60 21 Tonl

1718 3512 24 20 et
1762 3512 55 24 Erly
1837 3517 25 16 se
1882 3512 72 21 firent
1975 3513 122 25 acclamer;
2121 3514 16 21 à
2158 3515 85 20 minuit

1718 3536 141 22 l'honorable
1874 3537 124 21 assemblée
2013 3543 25 16 se
2051 3539 77 21 rendit
2141 3544 47 16 aux
2201 3544 29 16 ur-

1718 3565 42 17 nes
1776 3567 59 20 pour
1850 3562 106 25 désigner
1972 3562 24 21 la
2009 3563 52 25 nlus
2078 3564 81 21 belle...

1745 3587 62 21 Mais
1830 3587 23 21 le
1874 3587 178 25 dépouillement
2075 3590 38 20 est
2136 3589 63 24 long;
2226 3589 16 20 à

1718 3611 88 21 l'heure
1824 3612 31 21 où
1873 3617 59 16 nous
1951 3612 103 22 écrivons
2074 3618 38 16 ces
2131 3614 73 24 lignes
2220 3614 22 21 le

1718 3636 97 22 résultat
1826 3638 60 20 n'est
1899 3642 44 21 pas
1956 3641 82 18 encore
2052 3642 83 17 connu.
2149 3649 28 5 —
2187 3639 29 21 G.

1780 3702 82 29 CHEZ
1886 3703 57 28 LES
1969 3699 208 34 MALMÉDIENS

1857 3755 39 29 DE
1921 3755 181 31 BRUXELLES

1742 3824 84 21 L'actif
1841 3824 24 21 et
1880 3824 160 25 sympathique
2056 3826 72 21 cercle
2144 3826 96 22 malmé-

1717 3848 54 22 dlen
1783 3849 29 21 de
1825 3849 124 24 Bruxelles,
1963 3850 39 23 qui
2014 3850 122 22 dimanche
2151 3851 90 22 dernier

1716 3873 134 25 inaugurait
1879 3873 173 23 officiellement
2082 3880 33 17 un
2145 3876 96 24 superbe

1717 3898 121 25 étendard,
1850 3904 16 15 a
1880 3898 88 21 clôturé
1981 3900 88 20 samedi
2084 3901 47 20 soir
2146 3906 37 16 ses
2194 3901 37 21 fes-

1717 3923 77 21 tivités
1804 3928 43 20 par
1860 3928 45 16 une
1918 3923 48 22 fête
1979 3924 120 26 artistique
2112 3926 40 24 qui
2164 3926 77 20 réunit

1717 3948 52 24 plus
1788 3949 29 20 de
1833 3949 57 21 1.500
1909 3948 153 25 participants
2084 3955 7 17 :
2109 3955 35 16 un
2162 3950 79 21 record

1718 3977 58 20 pour
1789 3978 46 16 une
1849 3972 72 22 soirée
1934 3973 29 21 de
1976 3973 71 22 début
2057 3975 29 21 de
2100 3975 48 21 mai
2157 3976 7 20 !

1743 3999 32 19 M.
1786 3999 109 20 Fernand
1906 3998 90 24 Abinet,
2008 3999 22 20 le
2043 4000 114 24 distingué
2169 4000 61 26 prési-

1717 4022 57 21 dent
1786 4023 41 21 des
1841 4022 152 21 Malmédiens
2007 4024 25 20 et
2047 4028 36 17 ses
2099 4023 81 23 fidèles
2193 4025 36 20 col-

1717 4047 144 21 laborateurs
1889 4052 6 16 :
1922 4048 57 20 MM.
1999 4048 87 21 Robert
2110 4050 85 25 Poreye
2215 4051 25 20 et

1717 4073 104 24 Mesters,
1846 4071 197 26 vice-présidents,
2066 4074 73 21 Henri
2163 4074 76 24 Binot,

1716 4096 265 25 secrétaire-fondateur,
2003 4098 64 21 Jules
2088 4099 94 23 Raskin,
2205 4099 24 21 di-

1715 4122 92 20 recteur
1831 4123 40 20 des
1894 4122 66 23 fêtes,
1983 4122 50 24 etc.,
2052 4124 131 21 recevaient
2206 4124 34 21 les

1715 4146 85 21 invités
1819 4147 75 24 parmi
1911 4146 97 25 lesquels
2027 4152 32 17 on
2074 4149 166 21 reconnaissait

1715 4175 43 21 par
1768 4172 103 24 exemple
1888 4176 6 16 :
1906 4172 32 20 M
1951 4171 79 22 Albert
2043 4173 111 25 Renard,,
2158 4174 81 21 ancien

1715 4195 115 25 sénateur,
1853 4196 108 21 Fernand
1984 4196 91 23 Pavard
2098 4199 24 20 et
2145 4198 94 24 Bouvet,

1714 4220 162 25 représentant
1893 4221 24 21 la
1934 4220 137 23 Fédération
2086 4223 41 20 des
2144 4223 95 21 sociétés

1715 4245 130 24 wallonnes,
1867 4246 28 21 de
1917 4245 126 23 nombreux
2060 4247 129 24 présidents
2210 4248 29 21 de

1713 4270 85 21 cercles
1811 4271 101 24 wallons,
1927 4270 44 21 etc.

1741 4295 31 21 Le
1785 4299 145 21 programme
1945 4295 39 25 qui
1999 4296 124 22 réunissait
2138 4298 41 21 des
2193 4298 35 21 élé-

1716 4320 77 21 ments
1807 4321 30 20 de
1849 4320 68 21 choix
1932 4320 44 21 tels
1992 4325 43 25 que
2050 4322 55 21 Max
2118 4323 83 23 Alexys
2216 4323 24 21 et

1712 4349 44 16 son
1773 4345 123 25 orchestre,
1913 4344 34 21 les
1961 4345 83 24 petites
2062 4346 176 23 ambrosinettes

1712 4369 60 21 dans
1786 4378 10 10 «
1804 4370 91 20 Visions
1907 4370 60 22 d'art
1977 4370 24 20 et
2011 4371 140 24 d'élégance»
2156 4378 6 19 ;
2178 4372 60 21 deux

1712 4394 94 21 artistes
1819 4390 151 26 malmédiens
1984 4395 86 26 Joseph
2084 4396 119 22 Scheuren
2213 4400 24 18 et

1713 4419 61 21 Jean
1786 4419 129 25 Dewalque,
1925 4419 60 21 dans
1997 4421 40 20 des
2050 4420 85 22 chants
2147 4422 32 21 du
2190 4422 36 21 ter-

1712 4444 54 23 roir,
1784 4444 53 20 tout
1855 4444 49 20 cela
1920 4444 38 21 fut
1977 4444 110 25 applaudi
2106 4451 55 16 avec
2180 4446 45 21 cha-

1712 4468 51 20 leur
1778 4469 24 20 et
1819 4469 22 21 le
1858 4469 39 21 bal
1914 4468 16 22 à
1943 4468 60 22 deux
2020 4470 128 22 orchestres
2165 4472 72 20 retint

1712 4493 173 22 l'enthousiaste
1907 4492 125 23 assistance
2050 4496 106 24 jusqu'au
2178 4497 59 25 petit

1712 4517 58 24 jour.
1782 4528 29 5 —
1823 4519 29 20 G.

1838 4584 38 28 LE
1894 4584 210 30 BAL-CABARET

1779 4636 39 28 DE
1834 4639 21 18 «
1868 4637 37 28 LA
1929 4636 193 31 PROTECTION
2140 4642 20 18 »

1737 4711 9 10 «
1760 4704 34 21 La
1811 4704 132 21 Protection
1957 4712 9 10 »
1987 4708 131 19 commence
2137 4707 24 21 la
2180 4712 41 21 pre-

1708 4728 71 21 mière
1793 4729 24 21 et
1830 4729 98 20 termine
1942 4729 75 21 bonne
2029 4730 104 22 dernière
2144 4732 88 25 chaque

1708 4753 78 21 saison
1802 4753 94 22 d'hiver.
1912 4754 48 20 Son
1976 4754 94 22 activité
2085 4756 135 25 philanthro-

1707 4778 69 24 pique
1793 4778 59 21 croit
1869 4782 55 17 avec
1938 4778 33 21 les
1989 4778 126 23 difficultés
2133 4781 31 22 du
2181 4786 39 17 mo-

1707 4804 72 20 ment.

1733 4828 67 21 Cette
1810 4828 58 21 belle
1880 4827 138 22 association
2029 4834 15 16 a
2057 4830 76 21 donné
2143 4832 87 20 samedi

1708 4852 59 21 dans
1788 4857 34 17 un
1842 4854 75 24 grand
1938 4852 64 21 hôtel
2021 4854 30 21 de
2073 4855 24 20 la
2118 4855 65 25 place
2202 4857 28 21 de

1705 4877 136 24 Brouekère,
1852 4883 44 15 son
1907 4878 92 20 dernier
2007 4878 152 24 bal-cabaret.
2170 4882 61 20 Tout

1705 4902 23 20 le
1740 4902 84 21 comité
1836 4902 59 21 était
1906 4902 30 25 là,
1946 4903 198 24 entouranUMme
2157 4907 72 20 Ram-

1706 4926 40 25 lot,
1766 4927 25 21 la
1810 4927 99 21 dévouée
1927 4926 129 25 présidente
2074 4930 24 21 et
2118 4935 27 16 sa
2167 4935 51 16 com-

1706 4952 95 21 mission
1818 4952 41 21 des
1876 4952 66 21 fêtes.

1731 4977 31 20 Le
1776 4976 79 21 succès
1869 4978 40 21 des
1922 4976 93 22 artistes
2028 4978 37 21 fut
2076 4979 48 21 très
2138 4980 73 24 grand
2221 4985 7 16 :

1705 5001 75 21 citons
1792 5001 59 21 dans
1863 5001 82 22 l'ordre
1957 5001 29 21 de
1998 5002 157 24 présentation
2167 5013 10 9 •
2184 5005 44 20 Dix

1705 5026 45 20 Dix
1758 5034 9 10 »
1778 5026 96 24 diseuse,
1884 5027 28 20 Je
1921 5026 25 21 et
1954 5026 30 20 G.
1994 5027 88 25 Chaud,
2092 5029 137 24 imitateurs,

1704 5051 51 23 Lily
1767 5051 123 24 Tambour,
1906 5051 59 21 dans
1981 5055 36 16 ses
2031 5052 116 22 chansons
2162 5054 56 21 fran-

1705 5076 79 24 çaises,
1798 5076 65 21 René
1878 5075 100 24 Tolmar,
1993 5076 161 26 chansonnier,
2170 5080 59 20 Jean

1706 5101 59 23 Suis,
1787 5100 141 21 conducteur
1949 5100 32 21 du
1999 5101 100 26 cabaret,
2121 5103 54 21 tous
2196 5104 33 21 les

1703 5125 115 21 membres
1834 5126 29 20 de
1882 5126 50 20 »La
1948 5125 159 26 Protection»;
2127 5128 34 21 les
2174 5132 42 17 sou-

1705 5150 49 24 ples
1766 5150 124 21 danseuses
1900 5150 78 23 Carty,
1989 5151 80 21 Jackie
2081 5152 94 24 Master,
2187 5154 41 20 Joe

1705 5175 91 24 Caplin,
1816 5175 74 20 Iliona
1913 5175 24 20 et
1958 5174 59 22 Fred
2040 5176 78 25 Larry,
2140 5177 88 25 prêtées

1705 5200 181 24 gracieusement
1900 5203 43 22 par
1958 5200 31 19 M.
2001 5200 94 22 Walter.

1729 5225 39 20 On
1781 5225 29 21 fit
1823 5229 33 16 un
1868 5224 87 21 accueil
1964 5225 211 23 particulièrement
2186 5232 30 16 en-

1704 5249 128 21 thousiaste
1845 5250 15 20 à
1873 5248 86 22 Marcel
1973 5249 105 25 Antoine,
2089 5251 22 20 le
2124 5252 103 23 spirituel

1704 5274 185 25 speaker-diseur
1909 5273 40 24 qui
1969 5273 112 25 prodigua
2103 5280 36 16 ses
2161 5277 66 21 bouta

1704 5299 70 21 rimes
1791 5299 24 21 et
1833 5304 37 15 ses
1887 5297 150 26 calembours;
2058 5300 16 20 à
2092 5300 89 25 Bervyl,
2200 5301 28 21 de

1703 5324 107 25 l'Empire
1826 5324 28 21 de
1873 5323 71 24 Paris,
1959 5322 22 21 le
2000 5323 156 23 chansonnier
2175 5326 51 21 bien

1703 5349 125 23 chantant;
1848 5348 16 21 à
1879 5349 100 23 Georges
1996 5348 50 21 Rex
2062 5350 25 20 et
2101 5349 15 21 à
2133 5354 43 17 son
2189 5351 25 21 ré-

1703 5374 99 24 pertoire
1817 5373 118 23 amusant;
1953 5372 15 21 à
1983 5372 79 22 Aimée
2076 5374 84 25 Morin,
2175 5380 40 16 am-

1703 5398 130 21 bassadrice
1843 5398 29 20 de
1883 5396 163 26 Montmartre;
2062 5398 14 21 à
2086 5399 32 21 M.
2130 5399 96 24 Boland,

1702 5423 22 21 le
1738 5423 46 20 bon
1797 5421 215 25 accompagnateur;
2029 5427 30 16 au
2071 5424 79 24 Kenty
2163 5425 63 20 Kent

1703 5447 126 21 Orchestra
1842 5447 38 24 qui
1895 5447 32 20 fit
1941 5450 25 16 se
1981 5445 138 23 trémousser
2134 5449 24 20 la
2174 5449 41 25 Jeu-

1703 5476 65 16 nesse
1786 5471 121 25 jusqu'aux
1926 5471 83 21 heures
2027 5471 154 24 inavouables.
2199 5484 26 5 —

1702 5497 29 20 G.

2256 221 83 47 LE
2388 219 395 50 CONCOURS

2274 291 127 47 HIPPI
2403 290 97 56 QUE
2528 289 81 48 D'A
2611 288 152 49 NVERS

2333 389 58 32 UN
2412 388 113 32 GROS
2546 380 159 39 SUCCÈS

2330 460 40 31 LA
2385 454 161 37 PREMIÈRE
2564 451 145 39 JOURNÉE

2351 524 43 22 (De
2408 523 66 20 notre
2487 521 86 25 envoyé
2588 521 100 25 spécial.)

2282 554 30 21 Le
2324 558 111 17 concours
2447 554 108 24 hippique
2570 552 110 21 d'Anvers
2695 556 15 17 a
2722 555 51 17 com-

2257 579 86 23 mencé,
2354 579 89 21 samedi
2455 578 82 23 matin,
2550 578 15 21 à
2577 578 24 20 la
2614 577 56 21 belle
2682 577 59 24 piste
2754 576 31 21 du

2258 611 9 10 •
2284 605 69 23 Sport
2366 604 112 24 Hlpplqu;
2492 603 109 20 d'Anvers
2618 611 18 15 »,
2650 605 88 18 avenue
2755 601 30 20 du

2257 629 155 24 Middelheim,
2430 628 85 21 devant
2533 632 33 16 un
2585 628 73 23 grand
2676 630 109 17 concours

2257 654 28 20 de
2301 654 83 21 monde

2283 679 33 20 La
2334 679 65 24 piste,
2418 683 88 16 comme
2522 678 87 24 chaque
2627 677 81 23 année,
2728 676 58 21 était

2257 703 48 21 fort
2321 703 54 21 bien
2394 703 123 25 aménagée
2535 703 25 21 et
2577 703 48 20 fort
2644 702 116 20 sautante.

2283 728 30 20 Le
2328 728 78 21 succès
2421 728 31 21 du
2467 732 110 17 concours
2593 729 34 20 est
2643 726 47 21 très
2705 726 80 24 grand,

2258 753 93 25 puisque
2370 754 37 20 160
2423 753 110 21 cavaliers
2547 753 54 20 sont
2614 751 99 22 inscrits,
2730 754 43 17 con-

2259 779 33 20 tre
2309 779 36 19 117
2361 778 46 21 l'an
2422 778 96 21 dernier.

2283 803 30 20 Le
2328 802 83 21 comité
2426 803 54 21 s'est
2494 802 105 25 dépensé.

2284 828 19 20 A
2318 829 24 19 10
2355 828 83 20 heures
2451 828 30 20 du
2494 828 74 20 matin
2581 826 159 22 commencent
2753 825 33 21 les

2259 856 107 20 parcours
2385 856 58 20 pour
2460 846 21 28 ie
2501 852 123 23 handicap.
2643 851 32 20 Ils
2691 856 24 15 se
2731 854 41 17 suc-

2258 876 82 21 cèdent
2361 877 151 24 rapidement,
2533 877 59 20 mais
2613 881 30 16 on
2666 876 47 21 volt
2735 876 51 20 tout

2259 901 27 21 de
2305 902 60 20 suite
2384 902 53 24 qu'il
2454 906 53 16 sera
2526 901 130 25 impossible
2678 901 27 21 de
2727 900 58 21 faire

2259 931 78 19 passer
2352 927 51 20 tous
2419 926 33 21 les
2468 927 148 20 concurrents
2636 926 27 21 de
2681 926 24 20 la
2721 925 52 21 caté-

2259 951 61 24 gorie
2334 952 21 19 A
2369 952 72 20 avant
2455 951 63 21 midi.

2284 982 30 20 L;
2326 985 109 20 parcours
2447 982 35 19 est
2495 981 52 21 bon.
2561 982 42 20 Le»
2616 981 170 24 organisateurs

2259 1007 41 19 ont
2318 1007 27 20 de
2363 1006 22 21 la
2400 1006 94 24 chance,
2508 1010 39 16 car
2564 1006 21 21 le
2604 1007 74 22 temps
2696 1005 33 21 les
2747 1006 26 20 fa-

2263 1031 76 21 vorise.

2285 1061 20 20 Il
2320 1066 29 15 ne
2363 1061 44 21 fait
2423 1065 42 21 pa»
2481 1062 52 24 trop
2550 1061 82 24 chaud,
2648 1061 17 22 il
2678 1065 29 16 ne
2722 1061 64 24 pleut

2259 1090 49 21 pas,
2319 1086 24 20 et
2355 1085 73 21 même
2441 1086 16 20 il
2469 1090 15 20 y
2495 1091 14 15 a
2522 1086 31 21 du
2564 1085 64 21 soleil
2641 1085 104 25 pendant
2758 1085 27 20 de

2260 1111 64 24 longs
2338 1111 120 20 moments.

2285 1141 42 20 Les
2354 1142 37 20 160
2419 1141 103 21 chevaux
2551 1141 92 20 Inscrits
2671 1141 116 24 prennent

2260 1170 93 21 presque
2372 1167 51 20 tous
2440 1167 53 23 part
2509 1171 29 15 au
2556 1166 122 24 handicap,
2695 1166 38 24 qui
2751 1166 34 20 est

2259 1185 53 30 jugé
2327 1195 43 20 par
2385 1191 21 20 le
2422 1191 86 20 colonel
2525 1190 139 21 Mosselman
2681 1190 30 21 du
2725 1190 58 20 Che-

2260 1220 44 19 noy
2317 1217 24 19 et
2356 1215 158 24 chronométré
2530 1219 42 21 par
2587 1215 21 21 le
2622 1214 164 22 commandant

2260 1240 156 21 Halderweirt.

2285 1265 33 20 La
2333 1265 113 24 catégorie
2459 1266 19 19 A
2493 1270 15 15 a
2523 1265 84 21 affaire
2623 1265 15 21 à
2654 1265 39 20 des
2708 1264 66 21 obsta-

2260 1289 46 21 cles
2320 1290 29 21 de
2366 1290 45 20 0.90
2427 1289 15 21 à
2460 1290 11 20 1
2485 1295 32 16 m.
2533 1290 35 23 20;
2587 1289 61 21 aussi
2664 1294 15 19 y
2696 1289 90 20 voit-on

2260 1314 84 21 réussir
2362 1314 106 25 quelques
2483 1315 105 21 corrects.

2285 1340 21 20 A
2320 1339 62 23 midi,
2393 1343 31 17 on
2439 1339 75 20 arrête
2528 1339 21 20 le
2564 1342 115 17 concours.
2692 1338 20 21 Il
2727 1339 59 20 reste

2262 1368 43 17 une
2321 1364 75 22 bonne
2415 1364 117 24 vingtaine
2551 1363 28 22 de
2598 1363 103 21 chevaux
2717 1364 28 20 de
2764 1364 23 19 la

2259 1389 111 25 première
2387 1388 122 25 catégorie.

2286 1415 20 19 A
2323 1414 24 20 14
2363 1414 89 22 heures,
2469 1414 33 19 les
2519 1417 109 20 parcours
2641 1413 147 24 reprennent.

2287 1440 32 18 La
2336 1438 114 25 catégorie
2468 1439 20 20 A
2504 1442 66 20 passe
2590 1439 24 20 et
2632 1438 97 21 termine
2748 1441 27 16 ra-

2262 1463 123 25 pidement.

2286 1489 38 19 On
2343 1492 65 21 passe
2427 1488 15 20 à
2460 1488 23 20 la
2500 1487 113 25 catégorie
2632 1488 26 21 B.
2675 1491 59 26 pour
2751 1487 24 20 la-

2261 1513 71 25 quelle
2346 1513 80 24 quatre
2441 1512 112 21 obstacles
2567 1512 54 21 sont
2631 1511 114 21 surélevés
2760 1512 27 20 de

2262 1538 24 20 10
2304 1537 152 21 centimètres.

2286 1563 39 20 On
2343 1562 124 24 enregistre
2498 1566 82 16 encore
2612 1561 106 25 quelque»
2737 1565 39 17 cor-

2261 1588 66 23 rects,
2348 1587 58 21 dont
2427 1587 58 20 celui
2503 1586 27 21 de
2553 1595 9 9 •
2585 1586 113 21 Chouette
2718 1594 19 16 »,
2758 1590 30 17 au

2262 1612 134 22 lieutenant.
2406 1611 105 23 Burniat,
2525 1612 38 24 qui
2580 1615 30 17 va
2626 1611 48 21 fort
2687 1610 46 23 vite
2753 1610 35 22 (57

2260 1636 128 22 secondes).
2404 1637 38 20 On
2458 1635 126 25 applaudit.

2287 1662 33 19 La
2334 1661 113 24 catégorie
2464 1662 19 20 C
2497 1661 54 24 suit,
2564 1665 54 16 avec
2634 1661 60 20 deux
2711 1660 65 20 obsta-

2262 1686 46 20 cles
2320 1685 113 22 surélevés
2446 1685 27 21 de
2489 1686 25 20 10
2528 1689 50 21 cm.,
2590 1689 32 17 un
2638 1689 28 21 as
2680 1685 26 21 30
2719 1685 25 20 et
2757 1688 32 17 un

2261 1710 71 25 élargi
2347 1710 27 21 de
2389 1711 25 20 20
2429 1715 44 16 cm.

2287 1736 43 20 Les
2346 1735 99 21 correct»
2461 1740 25 16 se
2504 1735 118 22 raréfient.

2287 1760 31 21 Le
2334 1760 56 21 cube
2402 1760 29 21 de
2460 1759 71 21 bancs
2558 1759 86 21 devant
2658 1759 24 21 la
2697 1759 92 21 tribune

2261 1784 106 25 publique
2382 1784 92 21 devient
2492 1785 132 20 redoutab.»

2286 1810 43 19 Les
2344 1813 109 20 parcours
2469 1813 57 20 pour
2539 1809 33 21 les
2587 1808 126 24 catégories
2728 1809 22 20 D
2766 1809 24 20 et

2262 1834 19 21 E
2294 1837 79 18 seront
2389 1838 81 18 encore
2487 1834 51 24 plus
2553 1834 61 22 durs.
2630 1833 20 21 Il
2664 1834 53 20 faut
2733 1833 57 20 tirer

2261 1859 54 21 hors
2333 1859 29 20 de
2383 1858 51 25 pair
2453 1858 21 21 le
2494 1858 118 25 splendlde
2629 1862 109 21 parcours
2758 1858 31 21 du

2262 1884 115 24 capitaine
2397 1884 52 20 Van
2469 1884 87 20 Derton
2573 1887 41 17 aur
2636 1891 9 10 «
2667 1883 82 24 Gigolo
2771 1890 18 16 »,

2263 1908 65 21 mené
2348 1913 54 16 avec
2424 1908 115 25 prudence
2559 1913 40 16 sur
2622 1908 33 21 lea
2677 1907 112 21 obstacles

2263 1933 30 21 du
2312 1933 76 24 début,
2407 1933 52 24 puis
2474 1933 130 24 regagnant
2622 1933 16 21 à
2657 1934 24 20 la
2700 1932 37 21 fin
2755 1932 34 20 les

2262 1958 108 20 secondes
2386 1958 53 24 qu'il
2456 1958 76 20 fallait
2548 1962 58 20 pour
2619 1962 24 17 se
2661 1957 83 21 classer
2759 1961 30 16 en

2264 1983 52 24 tête,
2331 1988 31 15 en
2378 1983 111 25 galopant
2502 1983 80 21 ferme.

2424 2020 36 20 LE
2471 2019 155 21 RESULTAT

2287 2049 31 21 Le
2337 2049 136 22 classement
2492 2048 28 22 de
2539 2054 25 17 ce
2584 2053 110 17 concours
2712 2049 39 21 fut
2767 2049 22 20 le

2261 2075 94 20 suivant
2370 2078 7 16 :

2289 2100 19 20 1.
2345 2099 189 21 LTEUTENANT
2572 2099 141 24 BURNIAT,
2749 2103 40 17 «UT

2264 2131 9 10 .
2289 2124 158 22 CHOUETTE
2461 2133 9 9 »
2490 2125 22 20 (0
2525 2124 24 23 t.,
2561 2128 31 16 en
2605 2124 26 21 57
2642 2124 54 21 sec.)
2702 2128 6 20 ;

2288 2148 19 21 2.
2324 2153 114 20 ex-aequo
2460 2153 6 16 :
2484 2148 139 21 Lleotenant
2639 2149 91 23 Quinet,
2750 2153 40 16 sur

2263 2180 11 11 «
2293 2173 127 25 Charmlng
2445 2173 50 22 Girl
2514 2182 19 16 »,
2549 2174 25 21 et
2598 2173 116 22 capitaine
2738 2174 51 21 Van

2263 2197 94 25 Derton,
2370 2203 40 16 sur
2426 2206 12 13 «
2455 2198 81 24 Gigolo
2552 2207 11 12 »
2584 2199 22 22 (0
2621 2198 25 25 f.,
2662 2203 30 17 en
2707 2198 26 22 57
2745 2202 38 17 sec

2262 2223 62 24 2/5);

2288 2254 20 20 4.
2320 2254 120 24 Capitaine
2455 2256 30 19 de
2499 2255 96 20 Menten
2609 2255 28 21 de
2652 2254 84 24 Horne,
2751 2258 39 17 aur

2264 2286 10 10 •
2286 2279 96 24 Whisky
2394 2287 9 10 .
2419 2279 23 21 (0
2453 2279 24 23 t.,
2488 2283 30 17 en
2530 2280 26 19 58
2565 2284 45 16 aec.
2621 2279 49 23 2/5)
2676 2284 7 19 ;
2696 2279 20 20 5.
2727 2279 62 20 lieut.

2262 2304 109 24 Engelen,
2383 2307 41 17 sur
2438 2312 9 9 ■
2462 2304 87 24 Klepsy
2564 2313 18 16 »,
2597 2305 24 20 et
2635 2308 50 21 cap.
2698 2304 27 21 de
2740 2304 38 20 Sel-

2263 2328 54 20 liers
2329 2329 28 20 de
2369 2329 141 22 Moranvllle,
2522 2333 41 17 eur
2577 2337 9 10 «
2599 2329 92 21 Cosette
2703 2337 10 10 »
2731 2329 23 21 (0
2766 2329 24 23 t.,

2263 2357 31 17 en
2312 2354 12 20 1
2340 2358 32 16 m.
2386 2353 62 24 2/5);
2468 2354 19 20 7.
2504 2358 50 20 cap.
2572 2354 28 20 de
2619 2353 21 21 le
2659 2354 78 22 Court,
2751 2357 40 17 sur

2265 2386 9 9 ■
2292 2377 137 25 Marjolaine
2446 2386 10 10 »
2478 2379 22 20 (0
2512 2379 24 23 f.,
2550 2383 30 16 en
2597 2379 10 20 1
2624 2379 55 20 min.
2693 2379 14 19 2
2722 2380 66 22 sec);

2264 2403 19 20 B.
2294 2403 64 21 lieut.
2370 2404 110 24 Devyver,
2492 2407 41 17 sur
2547 2411 9 10 •
2571 2403 78 25 Johny
2663 2412 9 10 »
2689 2404 23 21 (0
2724 2403 24 24 f.,
2761 2406 30 17 en

2265 2428 11 20 1
2294 2428 55 20 min.
2366 2428 13 20 6
2395 2432 44 16 sec.
2457 2428 61 24 2/5);
2537 2428 32 20 10.
2582 2432 51 21 cap.
2650 2428 141 24 Verhaegen,

2262 2456 42 16 sur
2319 2461 9 9 .
2345 2453 48 20 siki
2409 2461 18 15 .,
2440 2453 14 20 0
2465 2453 24 23 f.,
2503 2457 30 16 en
2548 2454 11 19 1
2574 2453 56 21 min.
2645 2453 13 20 B
2671 2457 44 17 sec.
2728 2453 61 24 2/5);

2291 2477 31 22 11.
2343 2482 50 20 cap.
2409 2477 29 21 de
2457 2477 94 24 Biolley,
2570 2482 41 16 sur
2633 2486 9 9 ■
2663 2477 94 24 Radjah
2780 2485 8 9 ■

2267 2502 22 21 (3
2303 2502 25 23 t.,
2344 2507 29 16 en
2390 2503 11 20 1
2417 2502 56 21 min.
2490 2503 24 20 15
2530 2503 67 23 sec);
2614 2503 31 20 12.
2660 2502 63 21 lieut.
2739 2502 52 21 Van

2265 2526 40 22 der
2326 2527 126 24 Schaegen,
2472 2531 41 17 sur
2536 2536 8 9 ■
2565 2528 56 20 Men
2643 2535 10 11 »
2679 2527 24 21 (4
2720 2527 25 24 t.,
2760 2531 31 16 en

2264 2552 25 20 53
2306 2553 66 23 sec);
2392 2552 31 21 13.
2439 2553 63 19 lieut.
2516 2552 122 25 Devoghel,
2653 2556 41 17 sur
2712 2560 9 10 «
2739 2553 41 20 Mo-

2263 2580 33 17 na
2311 2584 9 11 >
2341 2577 22 21 (4
2375 2577 24 24 t,
2411 2581 30 17 en
2454 2577 25 20 53
2493 2578 54 20 sec.)
2554 2582 6 19 ;
2579 2578 29 19 14.
2622 2576 64 22 lieut.
2700 2577 91 24 Lorent,

2263 2605 41 17 aur
2317 2609 10 10 •
2340 2602 77 24 Jenny
2429 2610 10 10 »
2456 2602 23 21 (4
2490 2602 12 20 f
2502 2617 12 8 .,
2524 2606 30 17 en
2565 2602 26 21 56
2602 2602 55 21 sec.)
2663 2606 6 19 ;
2685 2601 31 23 15.
2729 2603 62 19 Mme

2263 2626 78 23 Denis,
2352 2631 42 16 sur
2409 2634 9 10 ■
2433 2627 100 20 Domino
2546 2635 10 10 •
2573 2627 23 20 (4
2608 2626 23 25 f.,
2645 2631 31 16 en
2690 2627 26 20 56
2730 2627 47 21 sec)
2783 2631 7 19 ;

2265 2651 31 21 16.
2318 2651 64 21 lieut.
2406 2651 129 25 d'Otreppe,
2556 2656 41 16 sur
2617 2659 10 10 «
2651 2651 59 21 Sens
2732 2652 46 20 Uni-

2264 2680 43 21 que
2321 2685 9 9 »
2348 2676 23 21 (4
2383 2676 23 21 t..
2418 2681 30 15 en
2460 2676 26 20 57
2498 2677 54 20 sec.)
2558 2681 7 18 ;
2579 2676 31 21 17.
2620 2676 63 21 lieut.
2694 2676 97 23 Roland,

2265 2705 40 17 sur
2324 2709 10 9 •
2353 2701 124 20 Austerlltz
2494 2709 10 10 »
2527 2701 24 21 (4
2568 2701 24 23 t.,
2606 2705 32 17 en
2654 2701 27 21 57
2699 2702 40 21 s.);
2761 2701 31 20 18.

2265 2730 53 20 cap,
2327 2726 122 24 Leurquin,
2460 2729 41 17 aur
2515 2734 9 10 «
2542 2726 96 23 Citoyen
2655 2734 9 10 »
2685 2726 23 21 (4
2723 2726 25 23 t.,
2761 2730 31 16 en

2264 2751 26 20 58
2305 2751 66 23 sec);
2391 2751 31 22 18.
2450 2750 64 21 lieut.
2542 2751 17 20 't
2585 2751 140 22 Serstevens,
2753 2755 40 16 sur

2267 2782 9 13 s
2291 2775 121 25 Bilboquet
2425 2783 10 10 »
2455 2775 22 22 (4
2491 2775 24 24 f.,
2529 2780 30 17 en
2573 2776 26 20 58
2613 2776 66 23 sec);
2696 2776 32 20 20.
2742 2779 49 20 cap.

2267 2800 104 24 Nossent,
2388 2804 40 16 sur
2447 2808 9 9 ■
2477 2800 45 21 Old
2543 2800 77 21 Castle
2639 2808 10 11 »
2675 2800 23 21 (4
2717 2800 25 25 f.,
2762 2804 30 17 en

2265 2825 26 20 58
2304 2825 64 21 sec).

2287 2863 38 20 LA
2338 2863 96 21 COUPE
2446 2864 56 20 DES
2515 2863 109 21 HABITS
2639 2863 120 21 ROUGES

2287 2893 33 20 La
2331 2897 71 20 coupe
2413 2893 40 20 des
2464 2893 83 21 Habits
2557 2894 91 23 Rouges
2659 2895 36 20 est
2705 2893 86 25 gagnée

2262 2921 42 20 par
2319 2919 63 19 Mme
2398 2918 96 24 DENIS,
2509 2919 39 23 qui
2563 2923 15 16 a
2594 2918 47 21 très
2656 2918 135 21 crânement

2262 2945 67 18 mené
2348 2951 9 9 •
2374 2943 100 21 Domino
2489 2951 19 15 »,
2524 2943 24 20 et
2563 2943 39 24 qui
2618 2943 36 21 est
2670 2947 30 17 en
2715 2942 75 21 même

2262 2967 74 24 temps
2352 2971 44 20 que
2411 2967 24 21 la
2450 2967 111 25 première
2578 2968 68 20 dame
2662 2967 91 23 classée,
2769 2968 22 20 le

2261 2992 98 24 premier
2374 2992 102 21 membre
2491 2993 41 21 des
2548 3001 9 10 .
2574 2992 84 21 Habits
2672 2994 90 23 Rouges
2779 3002 9 10 >

2261 3017 39 22 aul
2311 3018 45 20 soit
2367 3017 78 22 classé.

2450 3049 151 22 L'OMNIUM

2286 3079 31 21 Le
2332 3084 51 20 gros
2397 3079 28 21 de
2439 3079 25 22 la
2477 3079 95 25 journée
2586 3079 58 23 était
2657 3079 133 25 l'Omnium,

2262 3105 38 23 qui
2322 3105 138 24 comportait
2483 3105 24 21 10
2530 3105 112 21 obstacles
2665 3105 75 25 allant
2761 3105 29 21 de

2263 3130 10 19 1
2285 3134 31 17 m.
2328 3130 26 20 30
2365 3130 15 21 à
2392 3130 12 20 1
2415 3135 32 16 m.
2458 3130 26 20 60
2496 3129 24 22 et
2532 3130 57 21 dont
2601 3130 89 20 certain
2702 3129 89 22 étaient

2263 3154 46 21 fort
2327 3154 96 22 sérieux.

2287 3179 20 21 H
2323 3185 16 20 y
2353 3180 40 21 eut
2408 3184 47 16 une
2470 3179 152 25 quarantaine
2639 3179 28 21 de
2683 3180 107 24 partants

2262 3206 23 19 et
2303 3208 33 17 un
2353 3204 50 21 seul
2421 3204 93 24 correct,
2533 3209 81 16 encore
2633 3205 51 20 Van
2702 3204 88 21 Derton

2262 3230 39 24 qui
2317 3229 22 21 le
2355 3229 30 22 fit
2401 3234 55 16 avec
2474 3238 10 9 ■
2500 3229 51 22 The
2567 3230 101 20 Pearson
2686 3237 18 16 .,
2720 3229 69 21 fut-dl

2263 3253 100 25 pénalisé
2379 3254 28 21 de
2422 3255 12 20 3
2449 3254 78 21 fautes
2541 3254 15 21 à
2570 3258 68 17 cause
2653 3254 55 21 d'un
2738 3253 52 22 bête

2262 3280 63 20 refus
2341 3279 86 22 devant
2440 3283 47 17 une
2503 3283 76 21 grosse
2594 3279 61 22 haie.

2287 3310 22 20 H
2330 3315 15 20 y
2367 3310 40 20 eut
2428 3309 107 25 quelques
2557 3310 87 23 chutes,
2665 3311 112 20 heureuse-

2262 3335 65 21 ment
2346 3340 56 16 sans
2423 3335 94 25 gravité.
2538 3334 62 22 Celle
2620 3335 33 21 du
2674 3335 115 25 capitaine

2263 3361 27 21 O.
2308 3360 135 24 Verhaeyen
2460 3360 38 22 fut
2517 3360 63 21 drôle
2599 3361 24 20 et
2642 3360 47 20 l'on
2707 3364 31 16 en
2755 3360 35 20 vit

2263 3389 45 17 une
2320 3384 32 22 du
2365 3385 114 24 capitaine
2493 3385 51 21 Van
2556 3385 95 23 Derton,
2664 3389 26 17 ce
2703 3385 39 24 qui
2755 3385 35 20 est

2262 3414 59 17 rare.

2288 3440 121 26 L'épreuve
2423 3441 37 21 fut
2475 3440 47 22 très
2536 3440 152 22 intéerssante
2703 3442 24 20 et
2741 3441 37 20 sui-

2263 3466 35 21 vie
2308 3470 58 21 paur
2377 3468 52 20 tout
2438 3467 22 20 le
2470 3466 84 22 monde
2564 3470 56 16 avec
2631 3465 100 25 passion.
2741 3465 49 21 Elle

2263 3492 37 20 tut
2312 3490 67 26 jugée
2391 3495 43 21 par
2446 3491 22 21 le
2481 3490 87 21 colonel
2580 3491 30 20 de
2621 3491 116 24 Trannoy.

2288 3516 31 21 Te
2332 3516 96 21 résultat
2441 3520 30 17 en
2484 3516 38 21 fut
2534 3516 22 21 le
2569 3515 93 21 suivant
2678 3520 6 16 :

2290 3547 18 21 1.
2324 3548 94 21 CAPIT.
2434 3547 61 21 VAN
2511 3547 128 22 DERTON.
2655 3551 41 16 sur
2713 3554 10 11 .
2740 3546 50 21 Tlie

2263 3573 100 20 Pearson
2376 3580 10 10 »
2404 3572 23 21 (3
2439 3571 40 25 f.);

2289 3597 26 21 2e
2329 3601 55 17 avec
2397 3597 14 20 4
2424 3597 77 20 fautes
2518 3601 7 16 :

2289 3622 137 20 Lieutenant
2438 3621 129 24 d'Otreppe,
2576 3626 41 16 sur
2628 3629 10 10 •
2650 3622 105 20 Ramona
2768 3625 20 20 .;

2289 3647 74 24 Capit.
2376 3647 28 20 de
2416 3646 96 21 Menten
2524 3647 28 20 de
2565 3647 83 22 Horne,
2660 3650 40 17 sur
2713 3654 10 10 •
2736 3647 53 19 Mu-

2263 3672 96 25 sTaphlke
2372 3676 22 20 »;

2290 3698 23 20 et
2330 3697 74 24 Capit.
2421 3697 28 20 de
2465 3696 94 24 Biolley,
2574 3700 41 17 sur
2632 3704 9 10 •
2660 3695 90 25 Jupiter
2768 3699 20 22 •;

2289 3722 26 21 5e
2332 3722 74 25 Capit.
2422 3721 29 21 de
2467 3722 102 23 Menten,
2585 3725 40 17 sur
2643 3729 10 10 «
2671 3720 91 22 Ronald
2780 3729 9 9 »

2267 3748 23 21 (7
2303 3747 40 24 f.);

2290 3772 25 21 6e
2327 3776 112 20 ex-aequo
2451 3776 55 16 avec
2517 3772 13 20 8
2541 3771 78 21 fautes
2632 3775 7 16 :

2289 3798 32 21 M.
2333 3798 72 22 Maes,
2416 3801 40 16 sur
2470 3805 9 9 •
2493 3796 88 21 Master
2593 3795 86 22 Robert
2693 3800 21 20 >;
2728 3795 63 21 lieut.

2264 3822 156 22 t'Serstevens,
2441 3826 41 16 sur
2506 3830 9 9 •
2539 3821 120 24 Bilboquet
2683 3825 21 19 >;
2728 3820 63 20 lieut.

2264 3847 104 23 Burniat,
2391 3851 39 16 sur
2454 3854 10 10 «
2489 3846 113 21 Chouette
2626 3851 20 19 »;
2671 3845 69 25 capit.
2762 3845 29 20 de

2266 3871 151 26 Brabandère,
2426 3876 41 16 sur
2479 3880 10 9 •
2501 3872 95 20 Roxane
2607 3879 10 10 »
2622 3875 6 20 ;
2642 3870 68 25 capit.
2720 3870 60 21 Leur-

2263 3897 62 24 quin,
2336 3901 41 17 sur
2391 3904 10 10 «
2416 3896 92 21 Gulden
2521 3895 61 22 Viles
2598 3903 18 16 .,
2629 3894 22 21 le
2664 3894 73 22 même
2750 3898 41 17 sur

2265 3930 9 10 «
2287 3922 72 20 Yiche
2370 3930 10 10 »
2393 3921 25 21 et
2427 3922 22 20 le
2460 3920 74 21 même
2544 3925 41 16 sur
2597 3929 9 9 »
2619 3921 83 24 Funny
2712 3920 49 24 Boy
2773 3929 17 11 ».

2393 3965 36 21 LE
2442 3965 75 21 PRIX
2529 3965 43 21 DU
2584 3965 78 21 PARC

2289 3997 31 20 Le
2338 3996 54 22 Prix
2409 3995 32 22 du
2458 3996 59 21 Parc
2534 3996 38 20 fut
2589 3994 54 26 Jugé
2661 3999 30 16 en
2708 3999 26 16 ce
2752 3994 39 24 qui

2264 4025 110 16 concerne
2394 4021 33 20 les
2447 4021 85 23 dames,
2552 4024 42 21 par
2628 4020 33 20 les
2692 4019 98 21 colonels

2266 4045 165 22 Lancwwseerd
2447 4045 24 21 et
2487 4045 139 21 Mosselman
2643 4045 32 20 du
2692 4044 100 23 Chenoy,

2264 4071 76 20 tandis
2355 4074 43 21 que
2413 4070 23 20 le
2451 4069 87 21 colonel
2554 4069 118 21 Landraln
2703 4069 87 25 jugeait

2263 4096 33 20 les
2310 4095 103 21 chevaux
2427 4094 118 25 présentés
2559 4099 42 19 par
2617 4095 33 20 les
2664 4094 126 21 messieurs.

2287 4121 43 20 Les
2344 4119 112 22 décisions
2469 4119 80 21 furent
2562 4119 33 21 les
2607 4118 118 22 suivantes
2742 4122 6 17 :

2289 4145 118 25 Catégorie
2424 4148 121 17 amazones
2564 4148 7 16 :

2289 4170 18 22 1.
2313 4171 5 4 '
2333 4178 10 10 .
2369 4170 18 20 E
2388 4171 37 21 ast
2448 4169 108 21 Wicklow
2581 4177 10 10 »
2642 4169 16 21 à
2681 4167 56 22 Mlle
2761 4168 28 20 Y.

2263 4196 130 23 KANTER;

2287 4220 19 21 2.
2322 4227 12 12 «
2349 4219 106 22 Arabella
2468 4220 37 20 m
2520 4226 11 12 »
2546 4219 15 21 à
2575 4217 55 22 Mlle
2644 4218 142 24 Phllippson;

2287 4246 19 21 3.
2326 4244 72 22 Oncle
2416 4244 58 21 Dick
2494 4252 9 10 »
2524 4243 15 22 à
2557 4244 63 20 Mme
2638 4242 109 25 Molgand
2765 4241 24 22 et

2263 4278 9 10 «
2287 4270 123 25 OayWay
2425 4279 9 10 ■
2450 4269 15 22 à
2478 4269 63 21 Mme
2554 4269 182 24 Verspreeuwen.
2744 4286 5 4 .

2288 4294 119 25 Catégorie
2421 4294 110 20 cavaliers
2547 4298 6 16 :

2287 4320 18 21 1.
2317 4327 10 11 «
2339 4320 51 20 SIR
2399 4319 134 21 WILLIAM
2545 4326 9 10 »
2567 4318 15 21 à
2592 4319 32 20 M.
2635 4317 24 21 E.
2670 4317 29 20 de
2710 4317 76 23 Keyn;

2286 4345 19 20 2.
2320 4352 11 12 «
2346 4345 106 20 Sommer
2464 4343 95 21 Fastlon
2573 4351 9 10 »
2597 4343 15 21 à
2626 4343 31 20 M.
2671 4342 28 21 H.
2713 4341 74 21 Assel-

2260 4369 94 25 berghe;

2285 4394 19 21 3.
2327 4402 10 11 s
2359 4393 125 22 Lancaster
2505 4400 11 12 »
2537 4393 15 21 à
2572 4392 55 21 Mlle
2647 4391 140 25 Phllippson,

2259 4418 106 26 présenté
2375 4423 44 20 par
2429 4419 32 20 M.
2472 4419 29 20 H.
2511 4417 74 21 Poffé.

2284 4444 31 20 Le
2339 4447 110 17 concours
2471 4442 135 22 d'obstacles
2629 4440 89 23 réservé
2742 4442 44 21 ait*:

2258 4468 79 21 dames
2350 4468 44 23 fut,
2408 4472 30 18 vu
2451 4467 87 21 l'heure
2552 4466 95 24 tardive,
2660 4465 97 26 renvoyé
2771 4466 14 21 à

2258 4497 25 17 ce
2297 4493 128 21 dimanche.
2439 4502 25 6 —
2478 4492 23 22 S.

2806 223 112 48 LES
2955 220 376 52 HOMMAGES

2885 294 100 47 AUX
3018 292 234 49 DISPARUS

2292 4571 57 28 LES
2376 4570 131 29 FEMMES
2534 4569 220 29 MANIFESTENT

2281 4640 71 25 Paris,
2369 4640 13 20 5
2401 4639 53 22 mai.
2472 4649 27 6 —
2517 4640 43 20 Cet
2578 4637 142 26 après-midi,
2737 4642 46 17 une

2256 4665 106 20 centaine
2381 4664 29 21 de
2429 4664 97 20 femmes
2546 4664 39 24 qui
2604 4662 106 22 s'étaient
2730 4667 41 16 ren-

2255 4689 55 21 dues
2325 4693 41 17 rue
2382 4688 115 25 Pasquier,
2512 4692 58 20 pour
2584 4693 15 20 y
2613 4687 109 22 solliciter
2736 4692 46 17 une

2255 4713 70 25 place,
2345 4713 15 22 à
2378 4713 25 21 la
2420 4714 61 20 suite
2500 4713 68 21 d'une
2587 4716 105 18 annonce
2711 4716 71 21 parue

2254 4738 59 21 dans
2333 4742 34 17 un
2387 4737 100 26 Journal,
2508 4739 25 21 et
2552 4737 39 24 qui
2612 4737 117 21 n'avalent
2749 4741 32 21 pu

2255 4763 89 21 obtenir
2365 4762 153 24 satisfaction,
2540 4766 25 16 se
2588 4761 54 21 sont
2664 4760 81 23 livrées
2768 4761 14 22 à

2253 4792 44 16 une
2317 4787 175 22 manifestation
2512 4791 40 16 rue
2572 4786 31 21 du
2622 4786 157 26 Quatre-Sep-

2255 4812 93 24 tembre,
2366 4811 30 22 où
2413 4812 55 21 elles
2485 4812 41 20 ont
2543 4810 69 22 défilé
2630 4815 30 17 en
2677 4811 76 22 criant
2773 4816 7 17 :

2253 4845 9 9 «
2275 4838 37 20 Du
2323 4836 84 21 travail
2419 4840 30 18 ou
2460 4836 32 21 du
2503 4836 56 25 pain
2571 4845 18 12 «.

2277 4862 43 20 Les
2340 4861 177 21 manifestantes
2537 4862 41 19 ont
2598 4859 37 23 été
2655 4860 125 25 dispersées

2251 4890 43 20 par
2310 4886 25 22 la
2352 4885 72 25 police
2443 4886 24 20 et
2485 4885 56 23 trois
2558 4885 88 21 d'entre
2665 4884 55 23 elles
2738 4886 41 21 ont

2251 4910 37 22 été
2307 4910 100 21 arrêtées
2426 4913 58 21 pour
2502 4910 64 21 refus
2585 4910 29 21 de
2633 4909 102 24 circuler.
2753 4922 27 5 —

2251 4936 83 21 Havas.

2353 5006 123 30 CONSUL
2501 5007 19 27 A
2545 5006 134 29 TR!ESTE

2276 5065 79 22 Rome,
2374 5063 13 20 5
2407 5063 53 21 mal.
2480 5073 27 5 —
2525 5063 31 20 Le
2578 5071 9 9 »
2608 5063 89 22 Piccolo
2717 5073 10 10 »
2749 5064 29 22 de

2252 5089 86 20 Trieste
2356 5087 103 25 apprend
2476 5087 29 21 de
2521 5088 88 20 Vienne
2627 5092 44 20 que
2688 5090 32 21 M.
2737 5090 30 21 Ri-

2250 5113 71 21 chard
2345 5112 92 24 Steidle,
2461 5116 32 17 un
2517 5112 39 21 de»
2579 5112 136 23 fondateurs
2738 5114 40 21 des

2252 5137 163 23 Heimwehren,
2439 5136 162 22 actuellement
2624 5138 155 22 commissaire

2249 5163 14 21 à
2275 5162 23 20 la
2309 5161 147 25 propagande
2468 5160 124 24 nationale,
2603 5163 71 20 serait
2686 5164 92 22 nommé

2250 5186 78 21 consul
2347 5186 92 26 général
2456 5186 132 21 d'Autriche
2606 5187 15 22 à
2638 5187 95 23 Trieste.
2752 5200 26 5 —

2251 5212 75 24 Belga.

2316 5269 110 29 AVIONS
2441 5270 150 35 FRANÇAIS
2608 5267 125 33 A'LIËSE

2276 5325 161 25 Viilacoublay,
2448 5326 13 20 5
2473 5327 53 20 mal.
2538 5336 27 6 —
2574 5327 21 20 A
2607 5327 24 21 11
2643 5327 24 21 h.
2679 5328 32 23 30,
2721 5330 53 20 sont

2251 5350 86 25 parties
2366 5354 58 19 pour
2455 5349 67 26 Liège
2554 5350 60 22 deux
2645 5354 130 21 escadrilles

2251 5375 101 21 d'avions
2373 5375 38 24 qui
2430 5375 56 21 vont
2506 5376 125 24 participer
2649 5381 46 17 aux
2715 5377 61 22 fêtes

2251 5400 124 21 d'aviation
2390 5399 39 25 qui
2447 5400 42 21 ont
2507 5400 47 22 lieu
2572 5401 93 21 demain
2683 5402 79 22 diman-

2251 5425 48 20 che.

2275 5449 43 21 Les
2332 5448 59 22 deux
2404 5449 130 21 escadrilles
2549 5450 53 21 sont
2616 5450 90 25 placées
2720 5456 54 17 sous

2249 5474 21 20 le
2291 5472 200 23 commandement
2513 5473 31 22 du
2568 5475 86 21 colonel
2677 5476 97 22 d'Astler

2249 5498 28 21 de
2289 5498 24 21 la
2325 5498 95 24 Vlgerie.
2434 5508 28 6 —
2475 5499 84 22 Havas.

2892 392 45 31 AU
2957 392 128 32 CONSEIL
3104 386 144 38 GÉNÉRAL

2965 438 44 30 DE
3028 438 40 31 LA
3087 438 90 31 SEINE

2805 508 38 31 M.
2863 508 92 31 LOUIS
2975 508 147 32 RENAULT
3135 503 128 41 ÉVOQUE
3282 506 53 33 LES

2805 553 131 32 FIGURES
2955 554 44 30 DU
3019 554 56 31 ROI
3094 554 123 31 ALBERT
3236 552 40 32 ET
3295 553 41 33 DE

2828 599 40 31 LA
2888 594 192 36 REINE-MÈRE
3092 599 41 31 DE
3144 598 170 32 HOLLANDE

2899 669 43 23 (De
2959 669 66 21 notre
3042 669 194 23 correspondant.)

2837 700 71 23 Paris,
2927 700 13 20 5
2960 700 53 22 mal.
3028 710 28 5 —
3078 699 55 21 (Par
3148 698 142 26 téléphone).
3309 709 27 6 —

2836 726 31 21 Lie
2881 725 92 21 Conseil
2987 724 92 25 général
3090 725 31 20 du
3135 724 160 24 département
3307 724 28 21 de

2810 751 23 20 la
2849 750 76 24 Seine,
2939 749 67 21 réuni
3018 750 37 20 cet
3070 748 137 25 après-midi
3222 749 15 20 à
3252 748 83 21 l'Hôtel

2811 776 28 20 de
2852 775 52 21 ville
2917 775 28 21 de
2958 774 72 24 Paris,
3042 779 15 15 a
3066 774 74 21 rendu
3152 774 122 23 hommage
3285 773 15 21 &
3313 773 22 20 la

2811 800 108 21 mémoire
2932 800 28 20 de
2972 799 59 21 deux
3044 798 133 21 souverains
3187 797 95 21 décédés
3295 797 28 21 de-

2811 826 52 24 puis
2874 825 23 21 la
2909 823 104 23 dernière
3024 823 104 23 réunion,
3140 823 21 20 le
3172 823 34 20 roi
3218 822 78 21 Albert
3308 823 28 21 de

2811 851 107 24 Belgique
2933 850 24 20 et
2969 849 23 20 la
3007 847 138 22 reine-mère
3158 847 40 21 des
3212 848 125 23 Pays-Bas.

2837 876 31 20 Le
2888 874 118 26 président
3026 874 31 20 du
3078 872 91 21 Conseil
3189 871 99 26 général,
3305 872 32 20 M.

2812 900 101 21 Renault
2936 904 16 15 a
2973 897 132 26 représenté
3128 898 61 19 cette
3213 896 124 21 rassemblée

2811 930 46 17 aux
2867 924 134 22 funérailles
3013 924 31 20 du
3055 923 35 20 roi
3101 922 86 20 Albert.

2838 950 61 21 C'est
2914 953 55 17 avec
2988 948 102 21 émotion
3106 947 54 25 qu'il
3178 951 15 15 a
3208 945 89 21 retracé
3316 945 21 21 le

2812 975 61 21 deuil
2886 975 28 20 de
2927 974 23 20 la
2963 973 83 21 nation
3057 972 64 24 belge
3134 972 24 20 et
3169 971 17 20 il
3199 975 15 16 a
3227 971 34 20 dit
3274 974 51 17 com-

2811 1001 54 20 bien
2876 999 58 21 était
2944 997 128 26 important
3083 997 21 21 le
3116 996 47 21 rôle
3173 996 31 20 du
3216 995 34 21 roi
3259 995 79 20 Albert

2812 1029 57 21 pour
2882 1024 22 21 le
2915 1023 91 22 monde,
3019 1022 92 21 surtout
3122 1022 14 19 ix
3150 1020 74 25 partir
3238 1020 28 21 de
3282 1019 54 21 1914,

2828 1064 25 16 Le
2867 1062 51 17 deuil
2934 1062 33 19 qui
2984 1065 12 13 s
3012 1059 69 21 frsppé
3097 1063 27 13 un
3141 1058 68 21 peuple
3224 1057 38 18 ami
3280 1060 13 14 a
3308 1056 31 18 éié

2808 1087 146 22 profondément
2968 1086 81 17 ressenti
3063 1086 49 16 dans
3127 1085 53 16 toute
3194 1083 20 17 la
3228 1083 73 16 France
3313 1085 25 16 et,

2807 1118 24 13 en
2853 1112 116 21 particulier,
2988 1111 49 17 dans
3059 1113 56 14 notre
3137 1109 64 19 région
3224 1107 114 21 parisienne,

2808 1139 38 20 qui,
2862 1142 21 14 se
2899 1137 106 18 souvenant
3022 1137 33 16 des
3071 1136 53 19 Jours
3141 1133 107 20 d'angolss*
3264 1132 26 18 du
3306 1132 23 17 dé-

2807 1165 34 16 but
2857 1163 66 18 d'août
2937 1163 48 19 1014,
3001 1162 39 17 sait
3055 1165 22 13 ce
3093 1159 67 21 qu'elle
3176 1159 42 17 doit
3233 1158 23 18 dt
3272 1161 56 13 recon-

2807 1190 101 16 naissance
2922 1188 12 17 à
2948 1191 21 14 ce
2981 1189 101 15 souverain
3096 1186 19 16 et
3129 1185 13 16 à
3155 1188 35 14 son
3205 1187 52 17 pays.

2829 1215 16 16 A
2861 1218 36 13 une
2915 1213 59 17 heure
2990 1212 24 17 où
3031 1211 74 20 l'esprit
3120 1210 18 18 le
3155 1210 43 20 plus
3214 1209 61 17 ferme
3292 1210 37 18 pou-

2806 1240 41 17 vait
2859 1240 67 16 douter
2938 1238 24 17 de
2972 1238 87 19 l'avenir,
3072 1237 22 16 où
3107 1235 57 18 l'âme
3175 1235 20 17 la
3206 1234 63 17 mieux
3280 1233 49 17 trem-

2808 1265 33 20 pée
2853 1264 78 20 pouvait
2944 1263 77 19 hésiter,
3035 1262 20 17 la
3069 1261 68 18 nation
3150 1260 59 19 belge,
3224 1258 66 21 guidée
3303 1261 36 17 par

2807 1294 35 13 son
2858 1290 35 18 roi.
2910 1293 12 13 a
2938 1288 116 17 résolument
3071 1286 60 17 choisi
3145 1286 19 18 la
3180 1285 43 17 vole
3239 1283 98 21 périlleuse

2807 1315 24 17 où
2851 1315 100 17 l'honneur
2970 1313 28 17 lui
3016 1311 130 18 commandait
3165 1310 24 17 de
3208 1310 98 19 s'engager
3326 1308 11 16 k

2808 1344 34 13 nos
2857 1339 58 17 côtés.

2828 1365 27 17 La
2871 1364 50 18 mort
2937 1364 25 17 du
2979 1363 28 17 roi
3020 1362 65 18 Albert
3101 1362 81 17 conlnue
3197 1364 23 15 s»
3236 1360 30 17 vie
3281 1362 57 18 parce

2807 1390 67 20 qu'elle
2887 1394 11 12 a
2909 1392 68 14 encore
2989 1392 26 13 un
3028 1387 97 18 caractère
3138 1386 90 19 héroïque
3241 1385 20 18 et
3271 1384 66 20 qu'elle

2808 1416 91 17 concourt
2916 1418 13 13 a
2946 1413 85 18 auréoler
3048 1413 51 17 «nette
3116 1411 56 18 noble
3188 1411 62 19 figure
3268 1410 24 17 de
3309 1409 28 17 roi

2807 1440 95 17 chevalier
2919 1439 54 17 entré
2990 1440 49 16 dans
3055 1439 20 16 la
3091 1437 78 20 légende
3186 1439 72 14 comme
3273 1436 64 16 autre-

2808 1466 37 17 fols
2860 1465 28 17 les
2903 1464 56 18 héros
2975 1465 20 16 et
3010 1464 27 17 lee
3053 1462 94 21 paladins.
3163 1462 99 17 L'univers
3276 1460 62 18 entier

2808 1491 64 19 pleure
2886 1489 49 19 celui
2947 1489 38 20 qui,
2999 1492 36 17 par
3048 1489 20 18 la
3081 1488 85 17 droiture
3179 1487 24 17 de
3213 1491 23 13 sa
3250 1485 87 18 carrière,

2808 1516 90 17 honorait
2912 1517 22 15 sa
2948 1514 87 17 fonction
3048 1514 23 17 de
3082 1513 45 17 chef
3140 1513 65 17 d'Etat
3218 1512 20 17 et
3240 1508 48 23 'qui,
3304 1514 35 17 par

2809 1544 30 14 ses
2855 1541 71 18 vertus,
2948 1543 12 13 a
2982 1539 115 20 pleinement
3118 1539 20 17 et
3168 1536 171 21 magnifiquement

2809 1565 74 18 Illustré
2900 1565 20 18 la
2937 1564 113 19 conception
3068 1567 35 16 que
3121 1566 49 14 nous
3188 1565 84 18 pouvons
3290 1564 48 14 nous

2809 1591 49 17 faire
2869 1591 57 18 d'une
2937 1590 75 17 homme
3024 1589 95 17 vraiment
3130 1588 56 20 digne
3198 1587 23 17 de
3232 1591 21 14 ce
3265 1590 51 14 nom.

2833 1629 61 23 Puis,
2909 1632 30 17 au
2954 1632 55 17 nom
3023 1627 29 21 de
3067 1625 146 24 l'assemblée,
3227 1625 22 21 le
3264 1624 60 25 prési-

2808 1654 55 21 dent
2874 1653 102 22 Renault
2987 1658 15 16 a
3013 1651 92 22 adressé
3118 1655 30 18 au
3154 1651 35 20 roi
3194 1649 100 24 Léopold
3300 1650 35 20 ni

2808 1679 24 20 et
2843 1679 15 21 à
2869 1679 25 20 La
2905 1678 63 21 reine
2980 1677 78 21 Astrid
3070 1681 37 16 ses
3118 1675 105 22 souhaits
3235 1674 102 21 fervents

2808 1704 54 20 d'un
2873 1703 69 25 règne
2953 1703 108 22 heureux,
3072 1700 57 22 utile
3140 1700 14 21 à
3166 1700 49 21 leur
3226 1699 75 25 patrie
3314 1699 23 20 et

2809 1728 14 21 à
2843 1728 23 21 la
2886 1731 68 18 cause
2973 1727 29 20 de
3021 1726 24 22 la
3065 1725 137 22 civilisation
3222 1726 23 21 et
3265 1724 28 21 de
3313 1723 24 21 la

2809 1753 60 25 paix.

2834 1779 32 19 La
2876 1777 90 24 séance,
2976 1776 128 25 suspendue
3115 1779 30 17 en
3155 1775 64 24 signe
3230 1774 28 21 de
3269 1773 67 21 deuil.

3354 213 529 57 CÉRÉMONIE

3445 291 62 48 TU
3510 288 195 51 MULTUE
3707 287 89 50 USE

3396 389 77 31 HUIT
3492 389 160 32 OFFICIERS
3671 386 170 34 ROUMAINS

3403 429 167 36 DÉGRADÉS
3588 431 250 39 PUBLIQUEMENT

3355 506 41 31 LA
3408 505 102 31 FOULE
3523 505 112 31 ROMPT
3648 505 53 31 LES
3717 502 171 34 BARRAGES

3387 550 39 32 ET
3445 549 124 32 FRAPPE
3587 550 54 31 LES
3659 543 199 38 CONDAMNÉS

3384 613 118 23 Bucarest,
3518 612 13 21 5
3547 613 54 20 mal.
3618 623 27 5 —
3658 613 92 20 Devant
3766 612 41 21 des
3824 611 51 21 délé-

3359 639 91 24 gations
3470 638 28 20 de
3515 638 76 20 toutes
3611 637 33 21 lea
3661 638 93 23 troupes
3773 635 33 22 du
3825 641 63 20 paya,

3357 664 55 20 s'est
3425 662 113 24 déroulée,
3551 662 15 20 k
3581 662 25 20 10
3619 661 89 24 heurea,
3722 661 24 21 la
3760 661 129 21 cérémonie

3359 688 27 21 de
3403 689 23 20 la
3442 687 151 25 dégradation
3606 687 27 21 de
3649 686 53 21 huit
3715 685 103 22 officiers
3831 689 57 18 on-

3359 713 96 21 damnéa
3470 717 57 20 pour
3541 712 64 20 avoir
3618 710 111 26 participé
3743 711 16 21 à
3770 710 25 22 la
3809 710 66 22 tenta-

3361 739 45 20 tive
3423 738 28 21 de
3468 737 101 25 complot
3584 736 104 21 fomenté
3703 740 43 20 par
3762 735 22 23 le
3800 734 90 22 colonel

3360 763 95 24 Precup.

3386 788 30 20 Le
3437 787 76 25 public
3534 792 15 16 a
3569 788 81 23 poussé
3670 786 41 20 des
3730 785 44 21 cria
3794 785 95 21 hostiles

3361 817 45 16 aux
3422 812 147 21 condamnés.
3586 821 27 5 —
3627 812 84 20 Havas.

3449 849 75 23 (-BIS,
3541 850 101 21 HT7EES,
3662 849 141 20 BAGARKE

3387 881 117 23 Bucarest,
3522 880 13 20 5
3553 879 54 21 mal.
3625 889 27 5 —
3669 879 35 20 De
3722 879 101 23 l'agence
3840 878 51 20 Ra-

3361 907 42 19 dor
3420 910 7 16 :

3387 930 107 21 Pendant
3506 930 24 20 la
3547 929 127 21 cérémonie
3690 929 30 20 de
3735 928 25 21 la
3775 927 102 25 dégrada-

3362 955 49 21 tion
3434 955 40 21 dea
3497 954 103 21 officiers
3622 954 39 29 qui
3685 953 94 21 avaient
3801 952 90 25 trempé

3362 979 59 21 dans
3447 979 20 21 le
3494 978 101 25 complot
3622 978 31 21 du
3681 977 89 22 colonel
3796 977 95 25 Precup,

3362 1004 107 25 quelques
3486 1004 139 21 condamnés
3639 1004 42 19 ont
3698 1002 47 21 fait
3760 1006 84 20 preuve
3863 1001 28 20 de

3363 1029 107 23 cynisme,
3494 1029 52 24 puis
3569 1029 42 20 ont
3630 1026 102 26 protesté
3755 1031 30 17 en
3809 1026 82 21 choeur

3363 1053 78 21 contre
3456 1053 50 21 leur
3523 1052 187 22 condamnation.

3387 1078 43 20 Lea
3448 1077 51 22 voix
3530 1079 43 19 ont
3592 1077 37 24 été
3661 1076 118 22 couvertes
3798 1080 44 21 par
3857 1075 35 22 les

3361 1103 71 20 huées
3451 1103 31 21 du
3501 1102 83 25 publia.

3387 1128 37 20 Au
3440 1128 103 21 moment
3559 1127 30 21 où
3603 1128 33 20 les
3665 1126 141 21 condamnés
3822 1129 57 17 mon-

3362 1152 75 21 taient
3454 1152 59 21 dans
3540 1156 45 16 une
3617 1151 146 23 automobile,
3782 1150 67 26 après
3867 1150 25 20 la

3363 1177 133 23 cérémonie,
3510 1181 45 16 une
3569 1176 75 25 partie
3661 1176 30 21 du
3707 1175 77 26 public
3797 1180 16 17 a
3827 1179 51 17 rom-

3362 1206 32 20 pu
3411 1201 21 21 le
3451 1201 85 21 cordon
3554 1201 107 21 militaire
3680 1200 31 21 du
3725 1200 86 21 service
3829 1200 50 22 d'or-

3363 1226 39 22 dre
3417 1227 24 20 et
3455 1231 15 16 a
3484 1225 81 26 frappé
3580 1225 113 31 plusieurs
3704 1224 147 22 condamnés.

3389 1251 97 21 Ceux-ci
3500 1251 42 20 ont
3553 1250 36 21 été
3602 1250 133 22 reconduits
3748 1250 16 21 à
3775 1250 24 21 la
3812 1250 79 25 prison

3363 1275 114 21 militaire.
3489 1286 27 4 —
3525 1276 85 20 Havas.

2858 1840 440 50 MONITEUR

2981 1903 25 17 du
3027 1903 11 16 6
3057 1902 39 17 mal
3118 1902 48 17 1934.

2863 1956 101 18 CABINET
2985 1956 33 17 DU
3041 1955 106 16 PREMIER
3167 1954 114 16 «MINISTRE

2832 1983 129 18 Nomination.
2974 1991 23 4 —
3008 1983 27 16 M.
3047 1981 65 17 Gillon
3125 1981 29 17 eat
3167 1980 75 18 nommé
3254 1980 83 17 membre

2811 2004 24 17 de
2848 2005 20 16 la
2881 2003 124 18 Commission
3019 2002 147 21 parlementaire
3180 2000 81 20 chargée
3276 2000 51 18 d'étu-

2812 2024 40 17 dier
2867 2025 17 16 le
2899 2023 95 19 problème
3008 2022 80 18 scolaire
3104 2023 19 16 et
3139 2022 23 16 de
3177 2021 118 17 réexaminer
3309 2021 28 16 les

2812 2044 35 17 lois
2864 2044 114 19 organiques
2996 2043 23 17 de
3037 2043 155 18 l'enseignement
3209 2041 91 19 primaire
3318 2041 19 16 et

2811 2064 23 19 de
2850 2064 156 19 l'enseignement
3020 2066 74 16 moyen,
3110 2066 25 15 en
3150 2061 148 20 remplacement
3313 2061 24 17 de

2812 2086 26 17 M.
2852 2086 22 16 R.
2888 2084 103 18 PetlUean.

3026 2103 96 18 .JUSTICE

2833 2132 26 17 M.
2872 2131 88 18 Martboz
2973 2131 27 19 E.,
3015 2133 27 17 q*t
3056 2129 76 18 nommé
3145 2129 101 18 chevalier.

2834 2152 60 16 Ordre
2905 2151 106 19 Judiciaire.
3024 2159 23 5 —
3057 2151 34 17 Est
3103 2149 87 20 acceptée
3203 2149 19 17 la
3235 2149 102 17 démission

2812 2171 23 18 de
2848 2173 26 16 M.
2887 2172 89 17 Marthor
2989 2172 26 18 E.,
3028 2171 45 20 Juge
3085 2171 25 16 de
3123 2171 45 20 paix
3182 2170 11 16 k
3206 2169 85 19 Durbuy.

2833 2192 95 17 Notariat.
2941 2200 23 5 —
2975 2192 35 16 Est
3024 2191 87 19 acceptée
3125 2191 19 16 la
3158 2190 102 17 démission
3274 2189 24 17 de
3310 2189 27 17 M.

2812 2212 62 17 Frans
2885 2213 26 17 L..
2925 2212 75 17 notaire
3011 2214 13 15 a
3035 2212 78 17 Anvers.
3125 2211 17 17 H
3154 2212 30 16 est
3196 2209 94 20 remplacé
3302 2213 36 16 par

2812 2233 26 17 M.
2850 2233 48 16 Verb
2900 2233 25 17 lat
2937 2233 18 17 J.

2855 2266 101 17 TRAVAIL
2975 2266 30 17 ET
3023 2264 155 18 PREVOYANCE
3197 2263 98 18 SOCIALE

2834 2292 108 18 Personnel.
2958 2300 23 5 —
2996 2291 115 18 Promotion.
3127 2300 23 5 —
3164 2291 27 17 M.
3206 2290 54 17 BoUe
3275 2289 62 20 Louis,

2813 2316 29 15 eat
2855 2317 67 16 promu
2929 2313 95 17 directeur
3038 2312 12 17 à
3064 2312 127 17 l'administra
3194 2312 39 15 '.Ion
3247 2310 91 17 centrale.

2834 2334 31 17 Un
2890 2333 63 17 arrêté
2977 2333 54 19 royal
3055 2333 55 19 porte
3134 2332 19 16 le
3178 2331 103 19 règlement
3305 2333 34 14 sur

2813 2354 114 19 l'agréatlon
2961 2354 21 16 et
2998 2353 18 17 le
3033 2352 85 18 contrôle
3136 2352 33 17 des
3186 2351 116 20 entreprises
3319 2351 20 16 et

2813 2374 152 17 établissements
2987 2373 134 17 d'assurances
3142 2373 93 16 couvrant
3256 2371 20 17 la
3298 2374 31 14 res-

2813 2394 115 19 ponsabilité
2939 2394 54 17 civile
3005 2394 33 16 des
3049 2393 116 20 exploitants
3176 2392 24 17 de
3211 2392 82 17 services
3303 2394 25 17 pu-

2813 2414 47 18 blics
2873 2414 101 18 d'autobus
2986 2414 20 17 et
3017 2413 115 19 d'autocars,
3145 2413 26 17 du
3183 2412 45 17 ehef
3239 2412 34 16 des
3284 2412 45 16 dom-

2814 2438 64 16 mages
2898 2434 97 17 résultant
3015 2434 33 17 des
3070 2434 97 15 accidents
3188 2435 92 14 survenus
3301 2434 38 14 aux

2814 2458 103 17 personnes
2931 2453 131 21 transportées
3075 2454 20 16 et
3108 2456 38 14 aux
3160 2453 53 17 tiers.

2863 2488 53 17 AVIS
2934 2487 100 18 RELATIF
3051 2487 17 16 A
3085 2485 204 18 L'ENSEIGNEMENT

2836 2514 173 17 Knocke-sur-Mer
3037 2513 89 18 (Plandre
3151 2512 131 18 Occidentale)
3286 2524 5 5 .
3315 2519 24 6 —

2813 2535 120 17 Institutrice
2948 2534 12 17 k
2975 2534 64 17 l'école
3053 2533 110 20 gardienne.
3178 2533 119 16 Traitement
3311 2532 19 17 lé-

2814 2556 37 18 gal.
2862 2563 23 5 —
2896 2555 108 17 Demandes
3015 2554 12 17 à
3039 2553 171 18 l'administration
3220 2553 118 19 communie

2814 2576 60 17 avant
2887 2576 18 16 le
2918 2575 20 17 18
2951 2576 44 15 rua!.

2845 2636 130 38 BOURS
2976 2637 23 37 E
3020 2636 50 37 DE
3096 2635 86 38 NEW
3183 2633 124 39 -YORK

2903 2706 90 21 Extrait
3004 2706 29 20 de
3043 2706 25 20 U
3079 2705 51 20 cote
3141 2703 109 23 officielle

2856 2730 159 25 communiqué
3030 2735 44 19 par
3090 2730 104 23 l'Agence
3211 2728 85 21 Reuter

3092 2786 110 18 New-York,
3216 2786 19 17 le
3248 2786 11 17 5
3272 2785 46 18 mal.

2837 2814 82 16 Clôture.
2938 2821 23 6 —
2980 2813 59 17 Allied
3058 2813 100 18 Chemical,
3180 2813 39 18 142;
3241 2813 98 16 American

2815 2835 47 19 Can,
2883 2835 22 17 98
2925 2834 38 19 1/2;
2983 2834 101 16 American
3103 2833 81 17 SmeVtin
3204 2834 19 16 et
3243 2833 96 19 Reflnlng.

2814 2854 22 18 39
2851 2855 39 19 1/4;
2904 2854 101 17 American
3018 2854 106 19 Téléphone
3140 2854 19 16 et
3173 2853 111 20 Telegraph,
3300 2853 39 19 110;

2815 2875 101 16 American
2931 2873 131 21 Watervorks,
3079 2874 21 16 18
3115 2874 40 18 7/8;
3171 2874 104 16 Anaconda
3291 2873 48 20 Cop-

2815 2898 39 16 per.
2877 2896 22 16 14
2919 2895 40 19 7/8;
2980 2895 107 16 Atchlnson
3106 2894 77 19 Topexa
3204 2894 13 16 à
3237 2893 102 19 Santa-Pé,

2816 2917 19 14 ■*'■»
2850 2916 39 21 i/*;

2835 2935 105 17 Baltimore
2955 2935 39 17 and
3008 2935 55 19 Ohlo,
3079 2935 21 16 25
3115 2935 39 18 3/8;
3170 2934 98 17 Bethléem
3282 2935 57 17 Steel.

2815 2955 29 20 37;
2858 2955 98 18 Brazilian
2970 2955 91 17 Traction
3074 2955 58 19 Llg-ht
3146 2956 19 16 et
3180 2955 69 19 Power,
3265 2955 21 16 10
3299 2954 40 19 5/8;

2815 2976 101 17 Canadlan
2927 2975 78 20 Pacific,
3019 2975 21 17 18
3053 2975 39 19 5/8;
3106 2975 89 19 Chrysler
3207 2975 132 20 Corporation,

2814 2996 22 17 44
2850 2996 40 19 3/4;
2904 2997 54 18 Coty,
2972 2996 19 19 6;
3006 2996 30 16 Du
3050 2996 50 16 Pont
3113 2996 23 16 de
3150 2996 98 19 Nemours,
3259 2996 26 16 .88
3299 2996 39 18 3/4:

2836 3017 91 16 Eastman
2948 3016 72 19 Kodak,
3043 3016 22 16 89
3087 3016 39 19 1/2;
3148 3016 83 17 General
3253 3016 86 19 Electric,

2813 3036 22 18 20
2852 3036 39 20 8/4;
2909 3036 84 17 General
3009 3037 79 18 Motors,
3106 3036 22 17 34
3145 3036 39 19 5/8;
3202 3036 79 17 Hudson
3298 3037 32 16 Mo-

2814 3058 46 18 tors,
2877 3057 21 17 15
2914 3057 39 19 1/4;
2969 3056 65 20 Hydro
3049 3056 81 17 Electric
3146 3056 108 19 Sécurltles.
3270 3057 19 18 6;
3305 3056 34 17 Tn-

2814 3077 118 17 ternatlonpl
2947 3077 120 19 Harveriter,
3082 3077 23 17 37
3121 3077 39 19 1/2;
3176 3077 55 17 Inter
3247 3077 92 21 Telepho-

2814 3097 145 20 ne-Telegraph.
2975 3097 21 17 12
3008 3097 41 20 3/4;

2834 3118 109 16 Kennecott
2967 3118 78 20 Copper,
3069 3118 23 16 20
3114 3117 41 18 3/4*.
3180 3118 56 16 Mack
3259 3118 78 18 Trucka,

2813 3138 22 17 27
2846 3138 40 19 5/8;
2898 3138 91 17 National
3002 3137 43 20 City
3056 3137 61 20 Bank,
3130 3138 29 18 29;
3172 3138 106 17 New-York
3289 3139 39 15 Cen-

2815 3159 42 18 tra:,
2877 3159 22 16 28
2918 3158 40 20 7/8;
2977 3157 80 18 Norfolk
3076 3159 39 16 and
3133 3159 93 19 Western,
3247 3158 32 17 178
3299 3158 39 20 1/8;

2813 3178 96 18 Northern
2927 3178 78 19 Pacific,
3026 3178 22 17 29
3069 3179 39 19 1/3;
3129 3179 118 17 Paracmmnt
3266 3179 71 19 Publix,

2813 3199 11 16 4
2838 3199 41 19 3/4;

2835 3219 125 19 Pensylvanla
2976 3219 97 19 Raflroad,
3088 3220 22 17 si
3127 3219 38 19 1/4;
3182 3219 65 17 Public
3263 3220 75 17 Service

2815 3239 20 17 of
2859 3239 125 20 New-Jersey,
3009 3239 22 17 35
3056 3239 39 19 1/2;
3121 3239 88 18 Pullman
3233 3240 104 20 Company.

2814 3259 21 17 53
2855 3259 40 19 1/2;
2916 3260 49 17 Pure
2985 3259 36 19 OU.
3042 3260 28 19 11;
3091 3260 61 17 Radio
3173 3261 125 18 Corporation
3318 3261 22 16 of

2814 3280 91 19 America,
2921 3280 11 17 7
2947 3279 39 20 3/4;
3003 3280 90 19 R-jading,
3108 3280 23 17 47
3145 3280 40 20 1/3;
3199 3280 62 20 Royal
3275 3281 63 16 Dutch

2814 3300 112 20 Petroleum,
2939 3300 22 17 35
2973 3299 38 21 1/2;
3024 3300 75 20 Sacony
3110 3300 85 17 Vacuum
3206 3301 132 20 Corporation,

2815 3320 20 17 16
2848 3320 40 19 7/6;

2835 3340 97 17 Southern
2948 3340 91 20 Rallway,
3057 3340 22 17 27
3096 3341 39 19 1/4;
3153 3341 61 17 Texas
3231 3341 48 17 Gulf
3295 3341 43 17 Sul-

2814 3360 55 20 phur,
2885 3361 21 16 33
2920 3361 41 18 6/8;
2977 3361 63 17 Union
3055 3361 30 17 OU
3100 3361 21 17 of
3134 3361 112 21 Callfornla,
3263 3362 21 17 16
3299 3362 38 21 1/4;

2814 3380 63 18 Union
2892 3381 78 20 Pacific,
2987 3381 31 17 127
3034 3381 39 19 1/2;
3090 3382 22 16 U.
3128 3382 19 17 S.
3162 3382 82 19 Rubber,
3259 3382 22 17 21
3298 3382 40 19 1/4;

2814 3400 22 18 U.
2857 3401 19 17 S.
2897 3402 51 16 Steel
2969 3402 131 19 Corporation,
3121 3402 22 16 45
3164 3402 31 19 5/8
3198 3406 5 15 ;
3225 3402 113 18 Woolworth

2814 3421 102 20 Company.
2933 3421 22 17 50
2971 3422 38 18 1/8;
3027 3422 101 17 American
3143 3422 99 21 Radiator,
3260 3422 21 18 14
3298 3422 40 20 1/4;

2834 3441 101 18 Tendance
2954 3442 65 18 faible.
3037 3449 24 6 —
3079 3443 136 16 Transactions
3236 3446 6 14 :
3261 3443 77 17 870.000.

3091 3469 111 19 New-York,
3217 3470 17 16 le
3248 3470 10 16 5
3272 3470 46 17 mat

2836 3494 93 20 Changes.
2939 3502 24 6 —
2973 3494 83 18 Clôture.
3067 3503 24 5 —
3099 3496 91 17 Derniers
3202 3499 56 14 cours
3269 3496 49 18 faits
3332 3500 7 14 :

2814 3514 83 18 Londres
2920 3514 62 18 cibles
3005 3515 110 19 transferts.
3138 3516 40 19 512;
3201 3516 55 18 Paris
3279 3516 59 21 cible,

2814 3534 32 17 663
2861 3535 39 18 1/4;
2916 3535 98 17 BruxeUes
3029 3536 58 19 cable,
3104 3536 50 19 2347;
3170 3536 94 18 Hollande
3279 3537 59 19 cible,

2814 3554 50 19 6805;
2878 3555 65 17 BMEtti-
2960 3555 53 17 cible
3034 3556 51 19 3959;
3101 3556 57 17 Italie
3174 3557 58 19 cible,
3248 3557 40 20 854;
3305 3557 24 18 Es-

2814 3578 67 16 pagne,
2898 3575 48 17 1374.

2897 3630 57 28 LES
2973 3630 142 29 CHANGES
3134 3632 18 26 A
3171 3632 89 28 PARIS

2837 3694 106 17 OuTertnre
2954 3694 25 17 du
2992 3694 10 17 5
3014 3694 45 17 mai.
3071 3703 23 5 —
3104 3695 89 20 Londres,
3206 3696 67 18 77.175:
3286 3697 54 16 New-

2815 3714 56 19 York,
2886 3714 55 19 15.09;
2955 3714 114 20 Allemagne,
3083 3715 67 19 596.50;
3163 3716 95 20 Belgique,
3271 3717 67 19 353.75;

2814 3733 86 20 Canada,
2920 3742 23 4 —
2943 3737 7 16 ;
2971 3734 115 20 Danemark,
3106 3743 23 5 —
3130 3739 6 15 ;
3158 3736 91 20 Espagne,
3270 3737 69 19 207.25;

2815 3754 97 20 Pinlande,
2936 3762 23 5 —
2961 3758 5 15 ;
2991 3754 66 20 Grèce,
3082 3763 22 5 —
3106 3759 5 15 ;
3135 3756 100 20 HoUande,
3261 3757 77 20 1026.50;

2815 3774 87 19 Hongrie,
2917 3782 22 5 —
2940 3778 7 15 ;
2962 3774 62 21 Italie,
3040 3775 39 19 129;
3094 3775 89 20 Norvège,
3199 3784 22 5 —
3222 3779 6 17 ;
3244 3777 95 20 Varsovie,

2814 3801 22 5 —
2838 3798 5 15 ;
2868 3794 96 20 Portugal,
2987 3802 22 5 —
3011 3798 5 14 ;
3041 3795 80 20 Prague,
3146 3796 57 19 63.10;
3227 3797 112 19 Roumanie.

2815 3814 55 19 15.15;
2886 3814 71 20 Serbie,
2972 3823 23 5 —
2995 3819 7 15 ;
3018 3814 67 21 Suède,
3100 3823 23 5 —
3124 3819 7 16 ;
3146 3816 70 21 Suisse,
3231 3817 40 19 491;
3287 3818 47 17 Vien-

2814 3837 29 15 ne,
2858 3842 22 5 —
2880 3846 6 5 .

2837 3853 77 17 Clôture
2930 3855 26 16 du
2973 3855 11 16 5
3002 3854 45 18 mal.
3064 3863 23 5 —
3103 3856 88 18 Londres,
3211 3857 57 19 77.23;
3286 3858 54 16 New-

2815 3873 56 20 York,
2897 3874 55 19 15.09;
2977 3874 114 21 Allemagne,
3116 3876 39 19 597;
3179 3876 95 21 Belgique,
3299 3878 40 19 354;

2815 3893 85 20 Canada,
2916 3902 22 4 —
2939 3898 7 15 ;
2961 3895 116 20 Danemark,
3094 3896 40 20 345;
3151 3896 92 21 Espagne,
3260 3898 79 19 207.125;

2816 3913 97 20 Pinlande.
2939 3918 29 16 --;
2992 3914 66 20 GrJce,
3083 3925 22 4 —
3107 3919 5 16 ;
3136 3917 99 19 Hollande,
3262 3918 78 20 1026.25;

2813 3933 89 21 Hongrie,
2920 3942 22 5 —
2944 3937 6 16 ;
2969 3934 61 22 Italie,
3049 3935 39 19 129;
3107 3936 89 20 Norvège,
3215 3937 40 20 389;
3274 3939 60 16 Varso-

2815 3953 35 19 vie.
2869 3962 22 4 —
2893 3957 5 16 ;
2917 3954 96 20 Portugal,
3032 3963 23 5 —
3055 3959 7 16 ;
3081 3956 79 19 Prague,
3180 3957 56 18 63.10;
3256 3958 74 17 Rouma-

2815 3973 37 20 nie,
2869 3974 56 19 15.15;
2942 3975 69 18 Serbie,
3028 3983 21 5 —
3051 3979 6 16 ;
3073 3975 66 21 Suède,
3156 3977 40 18 399;
3213 3978 69 18 Suisse.
3299 3979 39 16 491*

2816 3993 76 20 Vienne,
2908 4001 22 6 —
2930 4005 5 6 .

2816 4049 41 13 ::-::
2871 4047 27 16 De
2909 4046 102 20 Doughton
3025 4048 95 18 (Caroline
3133 4049 25 17 du
3170 4049 59 20 Nord)
3246 4053 5 14 :
3263 4051 38 16 Des
3313 4051 20 17 In-

2814 4066 75 17 cendies
2908 4067 34 16 ont
2961 4066 77 18 dévasté
3057 4068 60 18 30,000
3136 4069 88 17 hectares
3241 4070 24 17 de
3284 4070 59 18 forêts

2814 4086 20 16 et
2851 4087 36 16 ont
2904 4086 73 17 détruit
2995 4087 20 17 13
3034 4087 125 19 habitations.
3177 4090 31 16 On
3226 4090 64 18 craint
3308 4094 35 16 que

2813 4105 93 19 plusieurs
2919 4109 103 16 personnes
3036 4107 74 18 n'aient
3123 4108 30 17 été
3166 4108 79 18 brûlées.
3258 4118 23 4 —
3293 4110 50 17 Reu-

2834 4184 485 123 EVIÂN

2912 4310 40 21 LA
2964 4309 136 22 STATION
3113 4310 41 21 DU
3167 4310 70 21 REIN
3252 4319 27 8 —
3278 4319 36 6 —

2835 4347 156 19 NOMBREUX
2996 4346 182 20 HOTELS-PRIX
3184 4345 131 21 MODÉRÉS

2835 4382 116 22 CASINO
2958 4382 146 21 -TENNIS-
3110 4382 98 22 GOLF-
3215 4384 101 21 PLAGE

2835 4422 9 13 5
2851 4421 101 13 ADRESSER
2962 4425 5 9 :
2975 4418 117 17 SYNDICAT
3100 4419 148 19 D'INITIATIVE,
3257 4423 57 12 EVIAN

3381 1345 117 19 NIVELLES,
3514 1346 11 16 6
3540 1346 45 17 mai.
3601 1354 23 5 —
3639 1345 95 20 Proment,
3750 1345 61 19 54-58;
3828 1344 64 21 selfle»

3359 1366 58 17 42-44.
3437 1366 72 19 avoine,
3528 1365 60 19 60-62;
3607 1369 49 16 orge,
3675 1365 28 19 55;
3723 1368 120 16 escourgeon,
3860 1364 34 17 54-

3359 1386 29 20 66;
3408 1385 98 21 porcelets,
3525 1385 71 18 80-110;
3615 1385 68 17 beurre
3701 1384 67 18 crème.
3787 1384 59 20 14-16;
3866 1384 27 17 id.

3359 1406 23 16 de
3397 1405 66 20 ferme,
3478 1405 60 19 14-16;
3553 1405 55 19 œufs,
3623 1405 28 16 les
3664 1404 27 19 26.
3706 1405 93 16 fl.25-7.25.

3389 1449 170 39 MINISTÈRE
3578 1455 59 31 DES
3656 1437 238 49 TRANSPORTS^

3582 1518 86 17 TRAPXC

3371 1540 31 17 DE
3419 1538 168 18 L'AERODROME
3603 1539 31 16 DE
3651 1537 228 18 BRUXELLES-HA&EN

3403 1559 99 17 DURANT
3523 1560 29 17 LE
3576 1559 59 17 MOIS
3658 1559 33 17 DE
3714 1559 64 16 MARS
3801 1558 45 17 1SM

3766 1583 47 20 Dép.
3829 1585 60 16 Arrii-.

3361 1607 80 17 Nombre
3459 1606 87 17 d'avions
3563 1605 161 18 commerciaux...
3773 1604 34 17 256
3856 1604 35 17 25T

3361 1627 80 17 Nombre
3461 1626 87 18 d'avions
3568 1626 23 17 de
3611 1625 112 18 tourisme...
3785 1625 22 17 61
3867 1624 23 18 61

3361 1647 80 17 Nombre
3457 1648 23 16 de
3496 1649 101 17 passagers
3613 1649 25 14 en
3652 1645 73 18 servies

3381 1667 49 17 local
3496 1657 36 26 y7.
3775 1665 33 17 274
3857 1664 42 24 I**,

3360 1687 80 18 Nombre
3457 1688 23 17 de
3495 1690 102 17 passagers
3612 1690 25 14 en
3653 1686 72 17 transit
3775 1686 31 16 394
3857 1685 32 16 398

3361 1708 56 16 Polda
3434 1708 33 17 des
3483 1707 145 17 marchandises
3643 1710 25 13 en
3684 1709 31 15 ser-

3382 1727 40 18 vice
3447 1727 50 18 local
3693 1725 30 20 kg.
3746 1726 60 19 13,123
3828 1725 61 18 24.069
3913 1733 6 6 •

3361 1747 57 18 Poids
3429 1748 33 17 des
3474 1747 130 18 marchandls.
3617 1750 24 14 en
3653 1746 72 17 transit
3747 1746 60 20 19,463
3828 1745 63 18 20,027

3362 1768 56 16 Poids
3431 1768 33 17 des
3476 1768 65 20 postes
3553 1771 25 13 en
3590 1767 72 17 service
3676 1766 49 18 local
3786 1766 21 17 81
3840 1765 51 18 1.110

3362 1787 55 18 Poids
3435 1788 33 17 des
3486 1788 64 19 postes
3567 1791 25 13 sn
3610 1787 72 17 transit
3758 1786 49 19 1,932
3840 1785 50 18 1.686

3361 1808 33 17 Vol
3411 1807 63 18 divers
3775 1806 33 17 343
3857 1805 34 17 343

3362 1828 80 17 Nombre
3455 1828 23 17 de
3490 1831 101 15 passagers
3605 1827 121 19 transportés
3774 1827 34 16 297
3857 1826 35 17 29T

3729 1846 158 20 (Communlaué.)

3399 1889 53 32 LES
3464 1889 66 31 TRA
3531 1888 120 32 MWAYS
3662 1889 43 30 BR
3705 1869 186 50 UXELLOIS"

3493 1951 111 18 SERVICES
3622 1950 137 17 RENFORCÉS

3465 1972 29 16 LE
3510 1971 125 18 DIMANCHE
3652 1972 11 16 6
3679 1971 46 17 MAI
3742 1971 45 17 1934

3384 1999 16 17 1.
3415 1997 110 20 Pèlerinage
3541 1998 12 16 i
3568 1997 156 19 Grand-Blgard.
3739 2005 24 5 —
3777 1997 26 17 Le
3818 1997 74 16 servies

3363 2022 20 14 n.
3399 2019 22 16 85
3437 2022 44 13 sera
3497 2017 88 18 renforcé
3600 2018 13 17 k
3630 2017 63 20 partir
3709 2018 23 17 de
3749 2018 11 16 6
3776 2017 20 17 h.
3814 2017 28 18 16.

3384 2038 17 17 2.
3419 2039 28 16 De
3464 2039 21 16 14
3501 2038 12 17 i
3531 2039 21 16 18
3568 2038 26 18 h.,
3611 2038 57 17 visite
3684 2038 35 17 des
3736 2041 63 14 serres
3816 2037 77 18 royales

3363 2059 23 17 de
3398 2059 81 17 Laeken.
3491 2067 23 4 —
3523 2059 36 16 Les
3571 2058 82 18 services
3664 2062 20 13 n.
3696 2058 16 19 8.
3726 2058 26 18 11.
3765 2058 27 17 13.
3804 2057 22 17 49
3837 2058 21 17 et
3869 2057 23 17 81

3363 2080 66 16 seront
3440 2078 98 18 renforcés
3550 2079 20 17 et
3583 2079 33 17 des
3628 2080 104 17 trsmways
3744 2077 90 19 spéciaux
3847 2080 45 15 sous

3363 2098 78 19 plaaues
3458 2099 123 17 indicatrices
3600 2103 10 12 «
3628 2098 134 18 Midi-Laeken
3780 2103 11 11 >
3811 2098 71 17 circule-

3364 2121 44 15 ront
3422 2119 12 17 k
3447 2120 62 18 partir
3523 2119 24 17 de
3562 2120 19 15 n
3594 2119 27 18 h.,
3634 2122 37 16 par
3684 2118 20 18 ls
3718 2122 34 14 rue
3765 2118 26 17 du
3804 2118 87 18 Progrès.

3384 2139 17 17 3.
3412 2139 81 18 Courses
3507 2139 12 17 i
3534 2140 137 17 l'hippodrome
3685 2139 24 17 de
3724 2138 139 20 Groenendael,
3879 2137 13 18 à

3364 2159 21 17 14
3397 2159 20 18 h.
3430 2160 28 16 30.
3471 2167 23 5 —
3505 2160 35 16 Les
3554 2161 80 15 services
3646 2163 20 13 n.
3678 2159 28 18 20.
3719 2159 27 18 22.
3759 2159 21 16 33
3793 2159 20 16 et
3826 2158 22 17 98
3859 2162 22 13 se-

3364 2180 44 16 ront
3423 2179 98 18 renforcés
3537 2180 55 16 entre
3608 2180 28 16 les
3650 2183 57 15 gsres
3723 2179 26 17 du
3764 2179 49 17 Midi
3829 2179 20 17 et
3864 2178 28 18 du

3364 2199 134 20 Luxembourg,
3515 2200 12 16 i
3542 2200 64 18 partir
3621 2200 24 16 de
3662 2200 21 16 13
3699 2200 19 15 h.

3385 2220 17 17 4.
3412 2220 16 17 A
3438 2220 22 16 15
3469 2220 26 17 h.,
3506 2220 66 17 match
3584 2221 23 16 de
3618 2220 74 17 footbsl
3704 2223 6 13 :
3721 2220 87 17 Division
3818 2219 63 18 d'Hon-

3364 2242 53 15 neur.
3429 2248 24 5 —
3464 2240 63 17 Union
3539 2240 145 17 Saint-Gllloiss
3698 2248 8 4 -
3720 2241 21 16 R.
3756 2241 19 15 C.
3789 2240 64 17 Gand.
3864 2242 29 15 au

3364 2261 72 15 terrain
3451 2260 24 17 de
3489 2260 77 17 l'Union
3580 2260 117 18 St-GUloiss,
3713 2263 25 13 su
3753 2260 48 17 Parc
3816 2260 75 25 Dpfsn.

3365 2287 21 5 —
3402 2280 35 16 Les
3454 2280 83 17 services
3555 2284 19 13 n.
3595 2281 20 15 14
3634 2282 19 15 et
3671 2281 21 16 53
3709 2280 68 17 seront
3793 2275 99 22 renforcés

3364 2300 12 15 i
3389 2300 63 17 partir
3465 2301 23 16 de
3503 2301 20 16 13
3537 2301 20 16 h.
3571 2301 28 16 45.
3730 2299 158 19 (Communiqué.)

3464 2331 129 39 SOCIÉTÉ
3612 2337 182 32 NATIONALE

3362 2383 58 32 DES
3441 2384 137 30 CHEMINS
3598 2383 43 31 DE
3659 2383 61 31 FER
3739 2382 157 33 VICINAUX

3385 2447 17 17 A
3413 2447 102 17 l'occasion
3529 2447 23 16 da
3566 2447 114 16 l'ouveri-j-e
3694 2446 33 17 des
3741 2449 63 14 serres
3816 2446 75 19 royales

3364 2467 23 17 ds
3400 2467 80 19 Laekan.
3494 2467 18 17 le
3526 2468 70 15 servies
3611 2467 23 17 de
3647 2466 21 17 la
3681 2466 51 19 ligne
3746 2466 82 18 vicinale
3842 2466 39 18 élec-

3365 2487 62 19 trique
3443 2488 50 15 Gare
3509 2487 26 17 dn
3549 2487 52 17 Nord
3617 2494 10 5 -
3642 2486 128 18 OroS'Tillenl
3785 2490 44 14 sera
3845 2490 36 14 ren-

3364 2507 58 18 força,
3437 2507 13 17 k
3464 2507 63 20 partir
3542 2507 24 17 de
3582 2507 21 16 13
3618 2507 75 18 heures,
3709 2506 28 18 les
3753 2507 111 17 dimanches
3880 2506 17 17 0-

3364 2529 20 15 et
3399 2528 21 16 13
3435 2527 45 19 mal.
3496 2527 51 17 ainsi
3562 2530 35 16 Que
3611 2527 19 17 le
3643 2527 54 20 Jeudi
3712 2527 21 17 10
3747 2527 45 19 mal.
3807 2527 46 19 Jour
3867 2528 26 16 ta

3366 2548 120 16 l'Ascension.
3730 2547 157 18 (Communlaué.)

3404 2579 121 30 Chemins
3540 2579 33 31 dt
3585 2579 42 30 fer
3640 2579 34 30 du
3689 2579 66 30 Nord
3770 2579 79 38 belge

3433 2626 27 29 et
3473 2624 33 31 de
3521 2625 25 30 la
3561 2623 106 32 Société
3683 2624 136 32 Nationale

3407 2694 71 17 FETES
3496 2695 31 16 DE
3545 2694 29 16 LA
3592 2694 135 24 PENTECOTE
3745 2695 16 16 A
3778 2694 69 17 PARIS

3425 2714 58 17 Train
3495 2714 120 17 d'exearesen
3625 2713 13 17 k
3650 2714 43 20 prix
3705 2713 39 19 tris
3758 2714 72 17 réduits

3386 2741 50 16 Aller
3797 2741 72 17 Betour

3365 2761 17 16 le
3389 2762 22 15 u
3417 2761 39 16 mal
3588 2762 79 16 Horiire
3798 2761 20 17 la
3823 2762 22 15 21
3851 2760 41 18 mat

3387 2782 47 15 13-73
3550 2781 151 19 UéfS-Long-ioi
3819 2782 50 16 21.S7

3387 2801 49 17 13.33
3591 2801 73 18 Outrée
3820 2802 27 16 31.
3849 2802 21 16 «7«

3388 2821 49 17 13.31
3589 2822 79 18 Seratm
3819 2822 50 16 21.42

3387 2841 50 17 13.«4
3547 2842 163 17 FlemaUe-Haut*
3819 2842 52 17 31.35

3388 2862 48 16 14.03
3575 2862 105 18 Buy-Nord
3819 2862 52 17 31.15

3388 2882 49 16 14.05
3595 2883 64 15 S'.sf.e
3819 2882 52 17 1US

3389 2902 47 16 14.33
3591 2902 74 17 Kamur
3820 2903 50 16 20.40

3387 2921 50 17 14.53
3582 2923 89 15 Tamines
3819 2922 52 17 30.35

3387 2942 48 17 15.01
3531 2942 193 17 Chatelineau-tTJhat.
3820 2943 50 16 20.15

3387 2962 49 17 15.1]
3563 2963 127 16 Charle.-ol-S.
3820 2963 50 16 20.06

3388 2983 47 15 18.21
3569 2984 115 16 Paris-Nord
3820 2983 51 17 10.00

3450 3009 45 17 Prix
3507 3009 34 18 des
3552 3009 64 18 billets
3627 3009 69 18 d'aller
3706 3010 21 18 et
3739 3010 66 17 retour

3493 3033 25 12 en
3533 3030 57 16 rente
3606 3030 33 17 des
3655 3029 18 18 le
3689 3030 11 17 6
3715 3030 46 17 mat.

3365 3049 27 17 Au
3406 3049 69 20 départ
3487 3050 24 17 de
3728 3050 75 18 Isolas.
3815 3051 21 17 2e
3844 3050 46 18 elax

3364 3069 60 21 Liège,
3442 3070 78 19 Ougrée.
3538 3070 85 20 Sereing,
3641 3070 95 21 Flémalle,

3364 3089 48 21 Huy,
3435 3090 70 20 statte,
3528 3090 93 20 VerrltT-,
3645 3090 91 18 Vlsé...fr.

3363 3110 70 16 Namur
3711 3111 26 17 fr.

3361 3129 90 18 Tamines
3710 3131 27 17 tr.

3363 3150 223 19 Ch»'.ellneau-C*h»telet
3711 3151 26 18 lr.

3362 3170 147 18 Charleroi-Sud
3710 3172 25 18 fr,

3759 3092 49 15 86.00
3830 3091 61 17 139.10

3759 3112 50 16 70.50
3830 3112 61 16 112.60

3759 3132 49 17 05.30
3831 3132 60 16 103.70

3842 3152 50 16 99.30

3841 3172 50 17 96.30

3760 3152 49 16 63.10

3758 3172 51 17 61.30

3730 3192 158 20 (Co-o-nunlqué.)

3413 3222 157 58 Après
3601 3223 66 46 les
3700 3241 138 39 repas

3387 3312 61 21 Vous
3459 3313 103 21 souffrez
3573 3313 88 25 parfois
3672 3313 29 21 de
3713 3318 71 17 maux
3796 3313 29 22 de
3837 3313 55 22 tète.

3362 3336 55 22 Cela
3438 3337 105 25 provient
3564 3338 67 21 d'une
3653 3338 115 25 digestion
3788 3339 104 21 difficile.

3362 3361 25 21 Si
3399 3366 57 16 tous
3467 3362 79 21 voulez
3558 3363 97 24 dissiper
3666 3367 38 17 ces
3717 3363 113 24 malaises,
3842 3368 38 17 em-

3363 3386 77 24 ployez
3461 3387 89 21 l'alcool
3573 3387 29 21 de
3625 3388 96 20 menthe
3743 3388 29 21 de
3795 3389 97 24 Ricq'es.

3361 3411 114 24 Quelques
3486 3412 91 24 gouttes
3589 3412 28 21 de
3629 3413 91 24 Ricqlès
3731 3417 41 17 sur
3783 3413 32 21 du
3827 3418 65 16 sucre

3361 3439 30 17 ou
3403 3436 60 20 dans
3476 3440 45 17 une
3535 3437 102 20 Infusion
3649 3437 80 22 sucrée
3742 3437 48 22 très
3803 3438 89 21 chaude

3361 3460 120 21 stimulent
3496 3462 24 20 la
3536 3461 113 25 digestion
3665 3462 68 21 d'une
3749 3462 71 25 faijon
3836 3463 43 21 effi-

3361 3488 59 18 cace.
3434 3485 83 24 Exigez
3530 3486 31 21 du
3575 3486 96 25 Ricqlès,
3686 3487 23 21 la
3722 3487 96 21 menthe
3831 3488 61 20 forte

3361 3508 39 25 qui
3415 3509 136 22 i-éconforte.
3731 3512 162 21 CH10000/1116

3399 3580 52 39 LES
3465 3581 145 39 RECETTES
3624 3583 37 38 DE
3677 3583 187 39 FORTUNETTE

3484 4146 38 17 Nos
3535 4147 84 17 lectrices
3634 4150 109 15 tronTerout

3535 4174 158 17 AUJOURD'HUI

3571 4204 48 16 pste
3637 4202 16 16 8.
3671 4205 25 13 en

3401 4230 190 35 PETITES
3605 4233 255 35 ANNONCES

3515 4282 44 13 SOOl
3573 4280 18 16 ls
3607 4280 87 19 rnbrlqot
3702 4284 8 13 i

3501 4311 254 26 ALIMENTATION

3433 4349 66 17 DEUX
3515 4350 164 18 EXCELLENTES
3696 4352 117 17 RECETTES
3822 4357 6 13 !

3396 4378 51 32 LE
3468 4379 169 33 POULET

3557 4425 137 33 SAUCE
3714 4421 146 39 CRÈME

2844 4500 37 169 I

2892 4508 153 83 Le
3096 4518 701 79 Verwicire

2890 4598 42 32 -Ca
2946 4598 506 42 Oièfmjt,dz%wjjXL<lsûoriysAxbhb,

2893 4643 168 21 Conceisionnolr»
3066 4654 7 11 ;
3084 4646 40 19 Cha
3125 4646 37 19 rles
3171 4646 62 20 VANL
3232 4648 56 19 ANG
3289 4649 156 27 ENDONŒ^jl.
3452 4655 33 13 rue
3492 4650 26 17 du
3526 4649 53 17 Fou»
3586 4653 38 12 o«J»
3633 4648 64 19 loupi,
3705 4648 111 21 BRUXEUF.1

2871 4756 87 56 UN
3007 4758 276 58 FLACON
3325 4748 131 84 gfc*

3009 4836 15 23 '
3044 4844 112 54 Soir
3179 4846 72 52 de
3277 4846 135 54 Paris
3430 4889 27 24 „

2995 4928 154 67 offert
3171 4934 367 62 gratuitement

3083 5057 308 53 BOURJOIS
3409 5053 143 66 ±^
3553 5055 16 29 h
3568 5066 82 56 Œ
3782 5050 58 12 "

3197 5141 189 31 POUDRE
3398 5145 17 14 "
3431 5144 105 31 SOIR
3553 5146 60 31 DE
3627 5147 140 33 PARIS
3783 5170 18 15 ,,

3286 5199 45 22 un
3349 5193 118 31 flacon
3488 5203 90 29 pour
3596 5197 34 31 la
3648 5199 120 37 poche

3336 5234 108 32 d'Eau
3465 5237 47 31 de
3531 5239 165 39 Cologne

3331 5285 17 14 "
3363 5284 110 31 SOIR
3494 5287 60 30 DE
3573 5289 138 32 PARIS
3726 5313 21 15 „

3361 5350 145 34 -ÎJÏ^'.?,™
3517 5352 28 32 t*
3552 5352 23 19 '*
3581 5353 19 19 fl
3602 5357 16 15 "*
3619 5357 15 15 e
3636 5358 42 19 *-n.
3686 5356 140 21 Présenté,

3361 5372 134 18 •nsan-ble*
3522 5373 68 19 dans
3618 5378 33 16 un
3682 5378 143 22 emballas»

3362 5392 108 22 spécial,
3479 5397 31 15 ■•
3523 5397 120 18 trouvant
3655 5397 50 18 dés
3719 5390 92 28 mainte-

3362 5413 63 20 nant
3458 5414 66 19 chez
3553 5418 72 16 votre)
3660 5417 165 21 fournisseur

3532 5435 120 22 habituai.
