3843 5426
197 97 112 34 2-3AM
337 101 17 26 i
381 99 38 28 K'

1679 157 79 23 VERS
1779 157 141 24 L'AVENIR
1938 169 30 5 —
1987 158 13 22 2
2020 157 85 23 MARS

80 226 203 89 Revue
306 255 48 54 de
377 256 37 54 ia
439 229 213 88 Presse

255 407 47 32 M.
317 406 160 34 Coebbels
492 409 138 31 récidive

105 460 36 25 Le
157 460 115 25 discours
290 461 32 24 du
340 462 109 24 docteur.
462 462 121 25 Goebbels
601 462 46 29 pré-

70 492 111 24 tendant
194 491 92 25 -dicter
309 492 69 24 leur3
402 493 101 24 devoirs
525 500 50 17 aux
598 499 48 18 neu-

71 524 56 23 tres
152 524 39 23 est
214 522 171 25 fraîchement
417 524 113 24 accueilli
554 530 47 23 par
633 524 23 23 la

71 553 96 25 Presse
180 553 79 29 belge.
273 553 84 29 Notre
369 554 186 27 collaborateur
570 555 27 23 O.
613 554 45 23 Pe-

71 584 97 29 titjean
192 591 17 17 a
232 583 59 29 déjà
315 584 53 25 fait
391 585 83 24 bor.ne
495 585 94 28 justice
613 584 44 24 des

70 615 209 25 outrecuidantes
302 615 161 30 prétentions
484 616 32 23 du
538 615 119 24 ministre

71 645 67 26 nazi.
169 655 13 15 «
213 644 227 27 Admonestations
471 644 142 30 superflues
636 654 20 20 »,

71 677 66 24 écrit
152 676 27 25 la
193 678 99 23 Nation
307 678 86 28 Belge,
411 677 44 29 qui
473 677 107 24 observe
600 682 7 19 :

101 721 34 23 Le
156 720 34 23 Dr
210 720 114 24 Goebbo.s
344 723 56 20 veut
418 720 53 23 bien
491 727 58 15 nous
567 720 89 23 donner

71 748 146 24 l'assurance
241 755 47 21 que
311 748 156 27 l'Allemagne
494 756 12 14 c
529 755 29 16 ne
583 754 74 21 songe

69 781 47 21 pas
134 776 15 22 à
166 777 135 26 supprimer
317 775 25 23 la
360 775 85 23 liberté
460 775 119 27 d'opinion
597 775 59 24 dans

66 803 40 23 les
121 803 72 23 Etats
210 806 95 20 neutres
323 811 19 15 ».
362 804 35 23 Le
411 804 110 22 ministre
536 804 119 23 allemand

71 832 30 23 de
120 831 25 23 la
162 831 157 28 Propagamle
337 833 37 21 est
392 831 54 23 bien
463 832 53 23 bon.
537 832 66 23 Nous
623 833 31 22 lui

68 860 85 23 ferons
170 859 133 27 cependant
321 865 139 21 remarquer
478 866 44 20 que
541 861 21 22 le
583 860 72 23 Reich

72 893 30 16 ne
121 887 76 27 serait
215 893 29 17 en
264 893 92 17 mesure
377 887 28 23 de
427 888 135 27 supprimer
578 894 31 16 ou
629 887 26 23 d:

69 913 92 24 tolérer
183 914 27 23 la
231 914 86 24 liberté
342 914 120 27 d'opinion
488 922 28 16 en
540 915 116 27 Belgique

70 949 47 21 que
129 942 23 24 le
168 942 56 27 jour
239 942 30 23 où
285 942 17 23 il
316 943 82 23 aurait
414 943 114 27 accompli
546 950 45 16 une
606 944 40 21 for-

69 970 85 24 malité
170 970 162 27 préliminaire
354 977 7 16 :
379 970 25 23 la
424 971 115 27 conquête
559 971 30 23 du
608 973 37 20 ter-

68 997 86 24 ritoire
171 998 78 26 belge.
266 997 68 23 D'Ici'
344 998 33 27 là,
397 1005 30 16 ne
443 998 33 24 lui
494 1005 30 17 en
544 998 110 27 déplaise,

68 1024 61 25 c'est
148 1025 15 23 à
180 1032 43 17 nos
242 1024 119 26 autorités
381 1025 135 25 nationales
538 1026 56 27 qu'il
613 1032 31 21 ap-

66 1053 110 28 partient
191 1053 28 23 de
235 1053 81 27 régler
331 1060 31 16 ou
377 1053 28 24 de
419 1054 100 23 codifier
532 1054 120 23 l'exercioe

68 1080 31 26 de
115 1087 45 17 nos
174 1081 71 22 drois.

98 1108 95 27 Quand,
209 1108 72 28 après
294 1109 60 27 cela,
369 1109 23 24 le
407 1109 36 23 Dr
458 1109 113 23 Goebbels
588 1109 55 26 ajou-

67 1136 27 24 te
111 1143 46 20 que
172 1137 64 23 cette
252 1136 88 23 liberté
357 1136 119 28 d'opinion
496 1143 29 17 ne
543 1137 50 23 doit
612 1144 41 20 pas

70 1163 90 23 donner
172 1164 48 23 lieu
236 1164 16 23 à
266 1164 40 23 des
322 1164 67 27 abus,
404 1165 83 27 qu'elle
502 1172 30 16 ne
544 1165 50 22 doit
611 1171 42 18 pas

69 1190 106 28 devenir,
194 1197 47 22 par
261 1191 115 28 exemple,
399 1192 24 23 la
447 1192 84 23 liberté
554 1192 27 23 de
603 1192 51 23 l'in-

67 1217 73 29 aulte,
156 1225 62 17 nous
234 1225 31 19 ne
278 1219 130 28 craignons
423 1226 45 22 pas
485 1220 28 23 de
530 1219 51 24 dire
598 1219 55 28 qu'il

68 1253 17 17 a
100 1246 91 27 raisen,
206 1246 62 26 mais
283 1252 62 18 nous
360 1247 172 25 revendiouons
549 1247 23 24 le
591 1247 64 23 droit

66 1274 33 24 -de
113 1274 135 28 proclamer
262 1281 46 21 que
325 1275 25 23 la
364 1281 83 22 presse
463 1275 70 27 belge
548 1275 40 23 n'a
602 1282 51 19 pas,

65 1302 18 23 à
95 1304 39 22 cet
143 1301 84 28 égard,
241 1301 30 24 de
283 1303 78 26 leçons
373 1303 16 23 à
398 1302 106 24 recevoir
515 1303 28 23 de
558 1303 84 23 l'étran-

68 1337 51 19 ger.

100 1357 69 25 C'est,
188 1363 33 18 en
236 1357 67 26 effet,
321 1364 62 21 pour
401 1358 41 23 des
462 1358 95 23 raisons
578 1358 63 26 inspi-

66 1384 57 25 rées
139 1384 157 29 uniquement
313 1385 30 24 de
359 1379 108 30 l'intérêt
483 1386 107 23 national
608 1391 43 21 que

65 1411 29 25 la
105 1418 84 22 presse
203 1413 70 26 belge
288 1413 99 24 connaît
398 1416 26 23 et
438 1413 82 24 admet
535 1413 26 23 la
575 1421 65 15 mesu-

68 1447 28 16 re
118 1447 45 19 que
183 1439 39 26 les
244 1440 183 26 circonstances,
451 1442 87 22 autant
561 1448 45 19 que
629 1441 23 22 le

66 1468 67 22 souci
155 1463 29 28 de
203 1474 29 17 sa
251 1474 88 23 propre
361 1468 99 29 dignité,
481 1468 35 24 lui
534 1468 119 28 imposent

66 1494 63 25 dans
143 1495 157 29 l'expression
317 1497 28 23 de
362 1503 38 17 ses
416 1496 144 28 jugements.

99 1532 41 27 La
156 1533 107 27 Gazette
283 1534 107 31 invoque
408 1534 74 26 l'avis
499 1535 33 25 de
548 1535 106 26 l'Oster-

66 1565 92 25 vatore
174 1564 115 27 Romano
305 1565 28 25 et
351 1565 128 30 poursuit.
494 1572 8 19 :

97 1608 37 24 La
152 1608 133 24 neutralité
304 1609 30 23 de
353 1609 78 24 l'Etat
451 1610 15 23 à
484 1609 92 28 l'égard
598 1610 53 22 d'un

67 1636 89 24 conflit
173 1636 140 29 n'implique
331 1637 138 27 nullement,
489 1644 91 17 comme
598 1638 44 23 l'as-

66 1669 58 19 sure
147 1663 24 25 le
191 1664 36 23 Dr
252 1665 119 25 Goebbels.
393 1665 118 24 l'absence
534 1666 28 22 de
587 1666 54 23 réac-

66 1691 67 24 tions
154 1692 29 26 de
199 1692 113 28 l'opinion
329 1692 118 29 publique.

98 1719 39 24 En
162 1719 122 29 Belgique,
310 1720 153 34 l'expression
488 1721 60 23 libre
577 1721 28 24 de
628 1721 25 23 la

69 1747 90 28 pensée
183 1748 30 24 4t
237 1748 43 23 des
305 1748 142 24 sentiments
473 1751 39 21 est
537 1749 113 27 garantie

66 1780 49 23 par
128 1775 27 23 la
170 1774 170 25 Constitution.
355 1776 26 24 Si
395 1783 60 17 nous
472 1776 105 24 faisions
591 1777 61 23 taire

65 1808 46 19 nos
125 1801 158 30 consciences,
297 1803 21 24 si
333 1810 60 17 nous
409 1804 135 24 acceptions
559 1804 25 24 la
598 1811 42 17 con-

66 1829 72 29 signe
161 1832 30 21 du
215 1832 87 22 silence
327 1838 45 22 que
395 1832 106 24 certaine
527 1833 125 27 puissance

65 1858 114 25 voudrait
195 1865 60 17 nous
275 1859 53 23 voir
349 1860 107 27 adopter,
478 1867 59 16 nous
560 1860 92 24 serions

65 1885 69 26 mars
154 1892 62 21 pour
237 1887 148 27 l'esclavage.

96 1913 36 24 La
149 1914 136 27 prétention
303 1913 131 26 allemande
451 1915 136 26 d'interdire
605 1923 47 16 aux

65 1940 122 28 journaux
202 1943 98 23 neutres
315 1943 123 24 d'exposer
453 1945 25 21 et
491 1944 29 23 de
534 1950 106 17 commen-

66 1969 43 24 ter
125 1969 37 23 les
180 1968 62 25 faits
260 1976 89 19 comme
367 1970 31 24 ils
417 1971 145 26 l'entendent
580 1974 26 22 et
628 1972 24 23 le

66 1996 142 24 rechercher
228 1997 182 28 objectivement
430 1999 35 23 les
487 1999 165 27 responsables

68 2024 32 23 du
110 2025 99 27 présent
220 2025 86 23 conflit
316 2027 37 22 est
365 2027 54 23 tout
431 2026 142 26 bonnement
586 2027 54 23 inad-

66 2051 115 25 missible.

97 2078 67 26 Nous
177 2080 101 24 n'avons
292 2081 15 23 à
321 2082 39 22 cet
373 2081 75 28 égard
462 2082 28 24 de
504 2082 66 27 leçon
585 2082 15 23 à
613 2089 27 16 re-

67 2106 80 25 cevoir
164 2108 29 24 de
209 2115 118 18 personne
345 2111 25 22 et
386 2111 95 22 surtout
497 2117 43 21 pas
559 2110 41 23 des
617 2110 24 23 di-

67 2134 112 30 rigeants
195 2136 69 24 d'une
279 2137 126 24 nuiisance
420 2137 133 28 étrangère
570 2138 33 23 Et
618 2138 34 23 les

67 2162 136 27 dirigeants
221 2164 31 23 du
269 2163 71 25 Reich
359 2165 155 24 sMmmiscent
532 2165 59 24 dans
609 2172 42 16 no»

66 2190 102 24 affaires
182 2190 144 26 intérieures
339 2193 79 27 quand
434 2193 29 23 ils
479 2200 59 16 nous
553 2193 54 24 font
620 2201 31 15 un

67 2224 71 17 cours
151 2225 43 17 sur
205 2219 35 23 les
254 2219 75 24 droits
342 2222 26 22 et
382 2221 35 23 les
432 2220 92 24 devoirs
540 2221 40 23 des
594 2229 46 16 neu-

67 2246 60 27 tres,
148 2246 46 24 tels
215 2247 69 27 qu'on
306 2252 34 19 ies
362 2249 93 26 conçoit
478 2249 14 23 à
514 2248 87 24 Berlin.

100 2283 38 26 Le
153 2284 96 30 Peuple
266 2285 31 25 de
314 2292 46 18 son
376 2285 57 26 côté
451 2286 39 25 dit
514 2293 7 18 :
584 2291 8 14 '

95 2326 36 24 M.
147 2326 114 25 Goebbels
276 2333 39 21 est
330 2328 60 23 libre
408 2328 29 24 de
453 2329 159 28 domestiquer
629 2330 22 22 la

67 2360 85 23 presse
172 2355 133 24 allemande
335 2356 62 23 Mais
422 2356 24 23 la
469 2363 82 21 presse
577 2358 74 25 belge,

65 2382 54 27 elle,
133 2389 30 17 ne
176 2389 88 21 mange
275 2390 44 21 pus
333 2384 28 23 de
374 2391 26 16 ce
413 2384 98 27 pain-là.

97 2409 81 28 Quant
193 2417 31 17 au
237 2411 58 23 fond
309 2411 29 23 de
351 2412 23 22 la
387 2412 175 24 revendication
576 2413 28 23 de
618 2412 31 25 M.

69 2436 122 28 Goebbels,
216 2438 35 25 M.
275 2438 52 23 Vin
352 2439 149 24 Cauwelaert
523 2440 66 23 vient
614 2441 37 26 d'y

66 2465 92 25 donner
177 2472 46 21 par
245 2473 96 19 avar.-e,
365 2467 24 22 la
410 2468 106 27 réplique
539 2469 38 26 qui
597 2475 42 16 con-

65 2492 75 25 vient.

98 2520 33 23 M.
149 2521 53 23 Van
221 2522 148 23 Cauwelaert
389 2524 38 21 est
442 2523 109 23 ministre
570 2523 82 23 d'Etat

65 2552 28 22 et
111 2548 124 27 président
256 2549 29 24 de
305 2549 24 23 la
350 2550 123 24 Chambre.
494 2551 39 22 Au
554 2552 96 26 Eurplus

65 2575 61 24 c'est
144 2583 32 16 un
194 2576 84 23 ancien
296 2580 144 25 rapporteur
456 2578 31 23 du
504 2578 90 28 budget
609 2579 41 23 des

68 2603 107 24 Affaires
199 2604 140 28 étrangères
362 2608 24 21 et
409 2612 31 16 un
464 2607 188 23 commentateur

68 2630 167 29 quasi-offlciêl
253 2633 27 22 de
297 2632 23 24 la
338 2632 113 28 politique
471 2633 170 28 d'indépendan-

65 2664 36 17 ce.
114 2658 83 28 Enfin,
209 2659 16 22 il
237 2659 40 23 n'a
289 2661 51 22 rien
354 2661 54 22 d'un
421 2660 117 24 belliciste
551 2669 29 15 ou
595 2662 54 23 d'un

66 2685 85 24 excité.

96 2713 46 23 Les
159 2715 93 25 paro'es
269 2715 86 27 quT*-a
370 2716 143 26 prononcées
528 2717 14 22 à
557 2717 92 22 Anvers

67 2744 45 22 ont
122 2741 39 23 été
174 2742 146 27 approuvées
334 2749 44 21 par
390 2743 135 24 l'ensemble
540 2744 28 24 de
583 2747 67 21 notre

68 2767 97 29 opinion
182 2769 118 28 publique.

71 2809 5 8 .
99 2796 41 27 Or,
159 2796 18 25 il
196 2804 16 16 a
232 2797 39 25 été
291 2798 86 23 formel
398 2806 6 15 :
424 2799 147 24 modération
592 2800 57 23 d*>ns

66 2822 162 29 l'expression,
245 2825 85 24 cert-s.
351 2825 62 24 Mais
432 2826 85 24 l'berté
536 2827 114 28 complète

69 2851 117 24 d'opinion
206 2854 25 21 et
248 2857 44 24 pas
311 2853 28 24 de
357 2854 129 23 neutralité
502 2856 89 23 morale
610 2856 40 23 des

67 2878 124 25 individus.

87 2907 80 23 •Cette
200 2907 191 30 interprétation,
421 2911 55 23 tout
508 2910 22 24 le
565 2911 84 23 monde

66 2933 98 24 l'admet
180 2941 29 17 en
224 2935 112 29 Belgique
353 2939 25 23 et
394 2938 24 22 la
434 2944 83 21 presso
531 2938 67 28 belge
614 2939 36 27 s'y

68 2961 128 25 conforme.

98 2989 48 23 Par
165 2990 149 28 conséquent,
336 2992 31 23 M.
391 2993 113 23 Goebbels
526 2994 59 25 perd
607 3001 42 17 son

67 3016 79 29 temps
162 3017 15 24 à
194 3024 60 17 no-*s
272 3020 89 23 donner
378 3020 40 24 des
434 3021 108 23 conseils.

231 3052 41 33 Le
286 3053 145 33 discours
445 3053 40 33 de
502 3054 46 33 M.
563 3055 62 40 Sap

101 3101 38 26 La
162 3103 93 26 Presse
278 3104 112 31 s'occupe
414 3106 101 25 d'autre
535 3107 60 29 part
619 3107 32 25 du

68 3131 116 28 discours
199 3133 31 26 de
243 3134 34 25 M.
296 3135 50 30 Sap
361 3142 33 19 au
409 3136 86 25 Sénat.
510 3137 36 24 Le
558 3137 93 30 Matin,

67 3162 46 31 lui,
128 3165 40 24 est
182 3164 62 32 déçu
259 3166 26 24 et
300 3172 48 23 peu
364 3166 179 26 enthousiaste
564 3174 6 18 :

80 3213 5 6 •
98 3199 54 24 Nos
166 3201 99 24 affaires
283 3209 29 16 ne
332 3205 56 21 sont
407 3210 43 19 pas
470 3205 54 26 trop
544 3204 95 23 mauvai-

68 3234 46 21 ses,
131 3235 31 17 on
176 3228 24 24 le
216 3229 50 23 doit
282 3229 186 25 exclusivement
483 3232 15 22 à
515 3231 135 24 l'initiative

67 3255 90 28 privée,
176 3256 15 23 à
210 3263 43 17 nos
271 3260 179 26 commerçants,
472 3259 15 22 à
506 3265 43 17 nos
571 3259 79 24 indois-

68 3283 76 26 triels.
168 3283 16 23 à
206 3291 43 16 nos
272 3285 163 27 producteurs,
459 3286 39 27 qui
518 3287 67 23 n'ont
608 3294 43 20 pas

67 3310 51 27 jeté
131 3310 23 24 le
167 3312 101 24 manche
285 3312 70 28 après
373 3313 25 23 la
414 3313 95 28 cognée.
528 3314 122 24 Peut-être

67 3337 34 24 M.
114 3338 48 28 Sap
177 3339 153 24 aurait-iLnn
345 3340 53 23 leur
410 3342 84 22 rendre
508 3342 141 27 l'hommag;

67 3365 41 27 qui
125 3366 53 23 leur
194 3366 61 25 était
273 3364 32 26 du
328 3368 12 22 î

98 3392 82 25 Mieux
197 3400 45 22 que
259 3394 64 29 cola,'
333 3395 21 23 si
373 3402 43 17 nos
435 3396 105 24 hommes
558 3397 80 24 d'affai-

66 3426 41 18 res
126 3422 43 22 ont
186 3420 87 26 obtenu
293 3430 38 16 ees
352 3422 77 24 beaux
449 3424 123 27 résultats,
593 3425 55 24 c'est

66 3453 50 18 non
131 3455 44 21 pas
189 3450 15 22 à
218 3456 78 20 cause,
309 3450 61 24 mais
386 3451 92 28 malgré
493 3452 21 23 le
528 3452 122 24 ministire

68 3474 41 25 des
127 3473 106 29 Affaires
251 3477 170 29 économiques,
442 3480 38 26 qui
500 3479 48 25 loin
569 3481 27 23 de
616 3481 34 23 les

68 3502 68 24 aider
148 3510 28 17 en
190 3504 60 24 rien,
263 3505 40 23 n'a
316 3506 68 23 cassé
396 3507 28 24 de
440 3506 52 24 leur
506 3509 87 22 mettre
609 3509 41 22 des

66 3530 87 23 bâtons
167 3531 60 24 dans
240 3529 35 26 les
291 3539 76 17 roues.
381 3534 96 24 Témoin
493 3535 102 25 l'affaire
609 3537 41 22 des

66 3557 109 29 licences,
196 3559 30 23 où
246 3560 33 23 M.
302 3560 55 24 San.
377 3561 70 28 après
469 3563 37 22 six
527 3564 68 26 mois,
613 3566 37 21 est

68 3586 67 23 enfin
149 3593 106 20 parvenu
269 3588 15 23 à
298 3590 85 24 mettre
397 3594 34 19 Un
445 3597 46 17 peu
507 3591 98 24 d'ordre.

98 3612 33 24 M.
154 3614 48 24 San
221 3621 15 16 a
257 3615 121 26 bean.-oup
399 3618 68 26 parié
487 3618 31 23 du
540 3619 110 24 charbon.

67 3639 64 25 Mais
150 3641 18 24 il
183 3642 41 23 n'a
239 3649 44 17 nas
300 3643 35 23 dit
353 3651 26 17 ce
397 3645 68 23 au'on
484 3647 118 23 attendait
622 3648 27 22 de

67 3667 43 28 Im,
130 3669 145 25 c'est-à-dire
295 3671 57 24 ou'il
371 3671 157 29 s'opposera't
549 3674 14 23 à
584 3676 66 23 toute

67 3696 109 25 nouvelle
190 3697 93 26 hausse.

98 3723 38 23 En
143 3749 4 4 .
152 3730 97 22 somme.
266 3726 22 27 Je
305 3726 49 24 seul
373 3727 48 24 fait
437 3734 107 19 nouveau
563 3729 28 23 de
608 3736 41 16 son

69 3749 121 28 discours/
206 3751 59 25 c'est
290 3753 121 25 l'annonce
436 3755 54 24 d'un
516 3756 55 27 jour
595 3763 56 17 sans

68 3777 67 25 bœuf
154 3781 61 22 pour
234 3780 35 23 les
288 3782 158 24 restaurants.

99 3806 36 23 On
156 3807 50 24 doit
225 3808 54 23 bien
300 3816 87 16 avouer
408 3817 44 20 que
476 3818 25 17 ce
523 3811 62 24 n'est
608 3819 43 19 pas

67 3832 150 29 beaucoup...

102 3869 39 26 La
162 3870 78 27 Libre
272 3872 123 31 Belgique
419 3881 15 18 a
461 3875 110 29 éprouvé
603 3884 49 17 une

69 3909 14 17 c
99 3901 153 30 impression
270 3903 180 27 satisfaisante
469 3915 13 14 »
500 3907 72 24 voire
588 3908 54 28 opti-

68 3931 80 26 miste
162 3934 158 25 notamment
335 3941 32 18 en
383 3942 30 18 ce
428 3936 43 29 qui
490 3943 124 19 concsrne
629 3938 24 24 la

69 3963 119 28 question
219 3964 32 24 de
280 3966 78 23 notre
387 3967 267 28 approvisionnement

68 3993 46 29 qui
128 3992 62 26 s'est
204 3993 98 27 résolue
316 3994 30 26 de
361 3995 75 31 façon
452 3997 128 30 beaucoup
598 3998 55 29 plus

69 4022 126 26 heureuse
211 4026 26 23 et
252 4025 58 29 plus
325 4026 78 25 facile
418 4027 75 29 qu'on
509 4029 106 28 pouvait
631 4029 23 25 le

68 4054 92 24 croire.
174 4054 56 26 Elle
243 4057 42 23 est
296 4056 58 29 plus
368 4058 130 29 sceptique
510 4061 81 27 quant
604 4066 50 18 aux

68 4085 170 29 explications
261 4086 34 25 du
316 4087 121 26 ministre
459 4088 15 24 à
494 4095 93 23 propos
610 4089 44 25 des

69 4114 83 26 laines
172 4119 26 23 et
218 4116 33 25 du
271 4117 128 29 problème
418 4119 178 25 charbonnier.
619 4120 34 25 M.

71 4145 53 30 Sap
136 4153 17 18 a
168 4147 46 29 dit,
229 4150 79 27 quant
322 4150 16 23 à
350 4156 28 19 cj
393 4150 91 24 second
499 4150 79 29 point,
594 4151 60 29 qu'il

70 4177 87 25 fallait
178 4178 93 25 rendre
290 4178 184 30 l'exploitation
495 4180 56 29 plus
571 4181 71 24 rému-

69 4207 138 26 nératrice.
226 4209 125 29 L'organe
369 4210 138 25 bruxellois
525 4211 65 25 écrit
613 4218 7 18 :

98 4251 68 24 Nous
185 4258 29 17 ne
236 4254 146 26 partageons
401 4258 43 23 pas
467 4256 62 21 cette
550 4255 92 27 opinion

51 4286 7 6 *
69 4278 36 24 La
123 4279 87 27 hausse
229 4281 118 27 exagérée
365 4278 41 27 dés
428 4282 55 27 prix
499 4282 31 23 du
549 4283 103 23 charbci

69 4308 39 22 est
125 4313 46 17 une
187 4307 102 24 solution
308 4308 172 25 extrêmement
499 4310 154 27 dangereuse,

69 4340 62 21 pour
152 4332 136 27 l'ensemble
312 4337 29 23 de
363 4336 115 24 l'activité
503 4338 150 26 économique

70 4361 31 23 du
117 4369 67 21 pays.
198 4363 46 23 Les
256 4364 55 27 prix
326 4371 30 17 ne
370 4365 37 23 do'
409 4367 57 21 vent
480 4372 43 17 nas
538 4365 52 25 être
606 4366 36 23 cal-

70 4389 65 23 culés
150 4397 60 20 pour
223 4398 88 16 sauver
327 4393 32 22 les
376 4392 76 24 mines
467 4393 116 27 épuisées,
599 4400 43 16 con-

69 4418 87 22 tenant
169 4418 40 23 des
224 4419 132 27 gisenv-nts
368 4421 55 25 trop
438 4427 101 20 pauvres
553 4428 31 16 ou
600 4428 43 20 pro-

70 4444 99 24 duisant
185 4446 41 23 des
247 4446 101 27 quaU'.es
369 4448 159 24 invendables.
552 4449 33 22 Ils
606 4449 36 23 doi-

69 4474 59 21 vent
143 4472 69 24 l'être
224 4474 29 23 de
266 4475 106 23 manière
386 4475 15 24 à
417 4478 129 22 permettre
562 4477 23 22 la
600 4483 43 16 con-

70 4499 121 24 tinuation
211 4501 28 23 de
259 4501 171 24 l'exn'oitat-on
451 4503 59 23 dans
529 4504 35 22 les
586 4504 58 23 char-

70 4525 123 30 bonnages
237 4529 173 24 normalement
450 4531 184 28 approvisionna
635 4539 5 9 1
639 4539 14 15 *.

72 4554 64 24 C'est
157 4562 45 17 une
224 4556 136 24 d"st!n;tion
382 4564 46 17 eue
448 4558 32 23 M.
503 4559 47 26 San
573 4559 82 23 aurait

71 4582 32 23 dû
122 4583 71 23 faire.
210 4584 34 23 Le
260 4584 65 25 sabot
344 4585 29 24 de
391 4586 132 23 l'industrie
540 4587 102 23 charbon-

71 4610 67 23 nière
150 4618 26 16 se
187 4613 85 34 trouve
285 4612 60 23 doser:
360 4613 22 20 i»
397 4614 190 24 rationalisation
600 4622 44 18 pro-

72 4638 107 28 gressive
200 4638 29 24 3»
250 4640 171 24 r-sxn'ootpfin
444 4644 148 21 notamment
612 4650 43 17 par

70 4664 127 25 l'abandon
212 4667 50 23 des'
270 4668 132 27 gisements
415 4672 55 23 trop
485 4676 108 21 pauvres.

106 4705 37 24 La
165 4706 105 25 Gii-c'.te
292 4708 31 24 de
347 4708 76 27 Liège
449 4709 91 25 insiste
562 4716 47 18 sur
630 4710 24 24 la

71 4737 61 23 note
145 4735 131 30 optimiste
290 4737 30 27 d;
334 4737 109 31 l'exposé
461 4746 7 17 :

102 4778 39 24 Un
157 4779 133 25 inventao-e
307 4781 28 23 de
354 4783 68 23 notre
440 4783 114 24 situation
572 4784 57 22 éeon
631 4793 21 10 »

72 4813 79 21 nrque
169 4808 70 23 après
256 4809 37 24 six
314 4809 58 23 mois
394 4809 28 24 de
443 4817 85 17 marre
549 4811 105 23 autorise

72 4839 39 18 ces
121 4835 198 24 'réconfortants?
340 4836 139 25 nrévrsîo»"*.

106 4862 50 24 Nos
182 4863 94 24 besoins
305 4864 136 24 alimenta"-
450 4870 10 17 1
496 4867 55 21 soxt
576 4866 75 24 I»tw-

73 4893 67 21 ment
157 4891 107 23 assurés?
282 4892 23 23 la
324 4898 87 18 ni—i-v»
428 4899 29 17 en
472 4901 7 12 »
486 4896 23 20 «t
526 4900 44 17 eue
586 4894 69 23 l'uno-

73 4923 46 20 QUe
142 4924 94 17 mesns-aa
258 4920 29 22 H«
309 4927 9 15 *.
317 4927 6 7 ,
322 4920 123 23 r.*tr'er*'ssi
469 4920 127 25 envisagée
617 4929 35 16 ae-

73 4945 140 23 tuenew>"t
232 4949 36 21 e«t
290 4947 168 28 ''interdiction
479 4949 29 23 de
527 4941 127 32 la'viand"

74 4972 30 25 de
116 4973 67 23 boeuf
196 4981 31 16 vn
246 4975 52 23 îonr
313 4982 45 18 »ar
374 4977 105 25 semaine
492 4978 59 23 Hp.ns
565 4978 35 24 les
615 4978 40 22 h.fi-

74 5001 46 23 te's
135 5004 26 21 et
174 5005 151 22 rs«-osu-f«"-«
344 5011 7 15 ;
365 5004 61 24 dani
442 5005 105 24 omb'en
564 5006 30 23 d*
607 5005 46 24 mé-

74 5035 74 17 na<r-s«
165 5032 61 22 ee"+e
241 5032 137 24 ss^^^jHp^
393 5033 93 22 ,.a.„n„
504 5033 54 23 /m^
575 5033 28 24 fe
620 5026 32 30 ^

74 5057 41 28 ffla»
130 5064 46 15 tias»
188 5060 134 20 e^les--".',.
341 5069 45 10 <s,ssr
404 5062 22 19 1n
429 5062 5 14 :
437 5069 10 10 o
465 5062 29 23 f!»
510 5062 96 18 ''P^Ucs
627 5062 13 14 •

105 5085 62 24 Tout
180 5090 37 17 «*t
232 5086 54 20 t*-'*
302 5088 103 21 n-m»*--
407 5096 24 9 —
432 5097 33 14 or.
483 5090 36 21 .'il
533 5089 22 23 lo
567 5089 83 23 fnlVii-

76 5113 16 22 à
105 5120 32 13 v-n
153 5114 90 19 ..AiTsWe
259 5117 28 18 r\.
305 5117 146 22 e^'f-tArfe—n
469 5118 53 21 rlsit
538 5115 112 26 a-iâ^TïtO*

74 5141 64 22 mais
151 5142 54 23 rien
220 5148 30 18 ne
266 5148 68 20 «nr'.i»
351 5145 12 19 &
383 5145 112 24 ^oHisnter
512 5145 44 23 nîj*
574 5144 23 24 1»
618 5145 36 24 a&.

77 5169 88 23 ees«ité
180 5169 50 25 s'en
246 5171 68 24 f*«e
332 5172 194 25 P*Oîhà'nénient
543 5172 84 25 sentir.

108 5195 64 25 Pour
189 5204 27 17 ce
233 5199 39 27 qui
292 5203 38 20 est
349 5201 31 23 du
399 5201 54 24 coflt
474 5200 29 25 de
518 5200 26 24 la
561 5200 45 28 vie,
625 5200 32 24 M.

80 5222 50 29 Sap
146 5231 17 17 a
182 5225 94 25 affirmé
299 5234 43 21 qioe
366 5229 85 24 l'étude
473 5229 124 28 comparée
619 5229 47 24 der-

706 234 61 75 LA
792 234 83 75 VIE
906 234 323 89 CATHOLIQUE

828 378 72 25 AUX
918 379 201 27 ETATS-UNIS

812 416 163 30 L'apostolat
993 418 47 25 des
1058 419 74 24 noirs

710 460 116 27 Quelques
847 462 93 26 prêtres
962 464 41 26 qui
1024 464 133 26 s'occupent
1181 463 80 27 depirs

680 487 118 28 plusieurs
820 490 87 23 années
929 491 29 22 de
980 491 135 26 l'apostolat
1138 492 40 22 des
1198 492 64 21 noirs

679 522 48 16 aox
742 516 145 25 Etats-Unis
903 521 43 20 ont
961 519 79 27 publié
1058 526 44 15 une
1119 520 73 26 petite
1210 519 41 22 bro-

679 544 71 23 chure
771 545 29 22 où
821 553 25 16 se
865 548 82 21 trouve
967 547 114 26 consigné
1097 547 21 23 le
1138 553 112 20 program-

679 578 36 16 me
739 572 101 24 d'action
864 574 29 22 du
917 576 163 25 groupement.
1103 575 157 26 Uniquement

678 601 108 26 composé
801 601 27 23 de
845 602 100 26 prêtres,
959 610 25 15 ce
999 604 155 25 groupement
1168 609 26 16 se
1208 602 41 22 réu-

679 627 36 23 nit
734 628 53 28 cinq
811 630 49 22 fois
884 636 44 20 par
952 636 31 16 an
1009 636 59 20 pour
1093 630 103 22 discuter
1220 630 39 22 des

677 655 131 24 nroblèmes
824 660 142 20 concernant
982 657 137 24 l'apostolat
1135 658 75 25 parmi
1226 657 33 23 les

677 683 73 24 noirs.
769 684 45 23 Les
831 685 100 27 évêques
951 687 55 21 sont
1023 687 69 21 tenus
1111 692 30 16 au
1160 686 99 22 courant

677 711 40 24 des
736 712 121 27 questions
874 713 99 23 tra'tées
990 715 25 21 et
1031 713 39 23 des
1088 713 113 23 résulatts
1220 713 29 22 ob-

678 740 77 23 tenus,
771 741 60 21 mais
848 740 23 23 le
887 743 156 24 groupement
1060 741 61 23 tient
1138 742 14 21 à
1170 748 28 15 n?
1218 747 41 20 p-is

677 767 97 23 devenir
804 775 31 15 un
864 768 136 27 orgr.nisme
1027 768 94 25 officiel,
1152 769 51 23 afin
1232 769 25 21 (î-o

677 794 86 24 laifiser
782 795 15 23 à
818 795 89 23 chacun
930 802 28 16 sa
979 795 85 24 liberté
1085 796 108 23 d'action.

712 823 172 23 L'assoc'ation
910 830 16 16 a
953 830 60 16 nour
1040 824 43 22 but
1110 823 27 23 de
1164 825 97 21 trouver

678 856 46 17 uno
746 850 102 23 solution
870 851 134 23 cathelioue
1027 858 30 15 au
1079 850 120 28 problème
1219 851 39 22 rie?

677 884 74 19 races,
773 879 24 22 et
820 878 168 26 spécialement
1012 879 27 23 d?
1061 879 23 22 la
1107 885 54 16 race
1183 879 74 23 noire:

677 905 28 23 de
722 906 85 23 rendre
824 906 34 23 lei
876 906 93 28 prôtrasq
985 909 25 20 et
1023 907 34 21 'es
1072 906 117 26 religieux
1206 906 52 26 p'us

677 932 112 25 attentifs
810 934 14 22 à
845 933 24 23 la
890 933 106 23 onertion
1020 934 28 21 de
1069 933 24 23 la
1116 941 54 18 race
1192 941 66 16 no-re

676 962 25 21 et
719 960 120 28 ft-tteindre
857 961 23 22 la
894 968 43 17 ,ma
939 969 9 9 p
951 969 24 14 ^^
992 961 71 23 eatho
1062 961 16 13 1:
1081 968 43 16 au.-
1143 967 28 17 en
1193 962 64 22 s-bte-

676 989 58 22 nant
748 988 22 22 1**
788 988 134 24 r'-m-^thîe
936 991 25 21 et
976 989 22 23 la
1012 989 148 27 coopération
1176 989 69 23 d'écri-

676 1016 69 22 vains
765 1015 122 25 ijifinents.

861 1079 46 25 EN
922 1080 152 24 IRLANDE

709 1122 37 25 Le
765 1122 84 30 jubilé
869 1124 47 24 des
935 1123 82 25 Pères
1036 1124 190 25 Franciscains

704 1167 23 22 A
745 1166 118 28 Mukross,
883 1174 41 16 sur
943 1167 24 24 la
985 1168 51 24 rive
1053 1168 30 23 du
1104 1168 36 23 lac
1161 1169 28 24 cle
1208 1169 50 22 Kil-

675 1193 90 28 larney.
783 1194 30 23 où
832 1202 24 16 se
873 1197 112 23 trouvent
1002 1195 36 23 les
1055 1196 81 23 ruines
1156 1196 30 22 du
1204 1203 43 16 cou-

676 1224 56 21 vent
749 1223 71 22 franc
822 1222 6 15 ;
828 1222 76 23 scain.
925 1223 72 23 fondé
1018 1230 29 16 en
1066 1224 56 22 1340
1143 1230 43 17 par
1207 1225 51 22 Tei-

677 1257 29 16 tre
723 1250 38 23 Me
778 1250 90 26 Carthy
885 1250 62 25 Mor.
963 1257 29 16 on
1009 1251 79 22 fêtera
1106 1253 61 22 r.ette
1184 1252 74 23 ann^-i

676 1277 22 24 le
719 1278 56 23 600e
793 1278 163 24 annivers<vre
977 1278 31 23 du
1027 1279 74 26 jubilé
1118 1279 28 23 de
1167 1279 92 24 l'Ordre

676 1305 145 23 franciscain
842 1313 30 16 en
891 1306 102 23 L-lande.

856 1369 47 25 EN
921 1369 157 26 ESPAGNE

759 1414 35 24 Le
823 1413 117 30 Congrès
969 1414 207 30 Eucharistique

802 1445 195 26 International
1017 1446 33 24 de
1072 1446 63 25 1942

705 1488 32 23 Le
757 1488 105 27 Congrès
882 1489 183 27 Eucharistique
1085 1490 173 24 International

677 1515 28 23 de
730 1516 57 22 1942
806 1523 62 16 aura
891 1517 45 23 lieu
961 1517 179 24 probablement
1163 1525 29 16 en
1217 1519 32 22 Es-

676 1550 77 22 pagne
780 1544 14 23 à
818 1544 109 24 Valence.
954 1545 36 23 On
1015 1552 111 18 conserve
1151 1546 60 23 dans
1236 1546 23 23 la

675 1571 136 24 cathédrale
833 1572 29 24 de
884 1572 103 24 Valence
1009 1573 23 24 le
1055 1573 72 24 calice
1150 1574 57 23 dont
1230 1587 30 4 —

676 1599 92 27 d'après
789 1600 26 23 la
832 1599 98 29 légende
953 1614 33 5 —
1010 1608 24 16 se
1057 1602 73 22 serait
1152 1602 62 22 servi
1238 1602 22 23 le

676 1627 107 24 Sauveur
796 1634 32 17 au
843 1635 68 16 cours
928 1629 29 23 de
971 1629 25 22 la
1012 1628 107 24 dernière
1136 1629 68 24 Cène.
1221 1629 37 24 U.i

677 1654 105 29 Congrès
804 1656 182 28 Eucharistique
1011 1663 15 16 a
1049 1656 54 28 déjà
1127 1664 29 16 eu
1178 1657 48 23 lieu
1245 1658 14 22 à

674 1683 103 25 Valence
792 1690 29 17 en
840 1684 64 23 1893.

707 1768 26 13 *•
783 1767 59 25 MM*.
895 1769 158 27 HORKENT,
1104 1769 148 26 FIERARD,

676 1796 134 23 HOYAUX
832 1797 40 23 ET
892 1797 142 27 FISCHER,
1057 1800 41 21 ont
1120 1799 86 23 déposé
1228 1805 30 16 un

671 1824 165 24 amendement
848 1832 30 16 au
893 1826 77 25 projet
983 1825 91 27 Key-de
1087 1826 115 26 Laveleye
1218 1833 40 15 su--

676 1851 24 23 la
720 1858 88 21 presse.
830 1853 32 23 Ce
881 1854 78 25 projet
979 1853 76 24 donne
1075 1860 30 17 au
1126 1853 123 23 Gouverne-

674 1884 66 21 ment
758 1880 22 23 le
800 1881 63 23 droit
879 1881 138 23 d'interdire
1036 1888 29 16 ou
1087 1882 27 23 de
1136 1881 71 23 saisir
1227 1888 30 16 uoi

675 1907 95 26 journal
789 1916 29 16 en
836 1909 103 23 donnant
958 1909 13 22 à
989 1916 26 16 ce
1033 1909 94 23 dernier
1145 1916 32 16 un
1198 1909 61 23 droit

676 1936 92 24 d'appel
787 1937 15 22 à
820 1937 23 22 la
864 1937 61 22 Cour
944 1937 118 23 d'assises.

706 1963 192 24 L'amendement
916 1965 76 23 .'tonne
1009 1965 22 25 le
1052 1965 98 23 pouvoir
1167 1965 28 23 de
1215 1971 31 16 ix
1254 1978 5 4 ■

675 1991 35 23 sie
722 1998 31 16 ou
766 1992 182 23 d'interdiction,
963 1999 46 16 non
1023 1999 43 21 pas
1080 1999 31 16 au
1127 1992 122 23 Gouverne-

676 2020 72 26 ment,
764 2019 61 24 mais
842 2026 31 17 au
892 2019 110 28 Parquet.

676 2105 70 24 index
770 2106 60 23 dans
852 2106 36 23 les
912 2106 123 24 différents
1062 2113 59 19 pays
1146 2106 33 23 lui
1205 2112 43 21 per-

676 2134 110 23 mettrait
802 2134 194 27 prochainement
1012 2135 28 23 de
1055 2141 103 16 prouver
1174 2141 43 21 que
1235 2133 23 23 la

674 2161 113 28 Belgique
808 2162 63 24 tient
890 2169 32 16 un
942 2169 61 18 ranq:
1019 2161 125 28 privilégié
1169 2169 6 16 :
1196 2163 61 21 cette

674 2189 148 24 affirmation
838 2198 14 15 a
866 2190 75 23 même
955 2190 38 23 été
1007 2190 53 23 nlus
1074 2189 110 24 formelle
1198 2190 59 23 dans

675 2224 42 16 son
733 2217 107 24 discours
856 2218 29 23 do
901 2217 113 24 mercredi
1032 2217 83 28 qu'elle
1132 2225 30 16 ne
1175 2217 84 23 l'avait

677 2244 38 23 été
737 2245 60 23 dans
818 2244 24 24 le
865 2247 100 25 rapport
987 2252 42 16 sur
1051 2247 68 22 notre
1143 2245 116 23 s'tuation

676 2272 150 28 économique
849 2272 144 24 récemment
1015 2272 115 23 distribué
1156 2279 45 21 par
1221 2280 37 16 ses

675 2299 70 24 soins.

708 2339 82 25 Notre
806 2340 137 24 excellente
958 2346 117 18 consœur
1092 2340 100 24 conclut
1217 2346 7 19 :

700 2381 45 23 Oui
757 2382 84 25 certes,
853 2380 120 27 beaucoup
987 2379 28 23 de
1027 2377 102 29 plaintes
1142 2384 44 20 que
1199 2383 60 17 nous

676 2409 129 23 entendons
823 2410 86 21 autour
925 2408 28 22 de
972 2414 59 16 nous
1049 2410 54 21 sont
1119 2406 98 22 fondées
1235 2407 25 21 et

673 2437 115 22 mérito-nt
813 2436 74 23 d'être
914 2435 75 27 prises
1017 2441 29 15 en
1073 2433 182 26 considération;

673 2464 62 23 mais
754 2464 34 23 les
810 2462 156 28 pessimi-tes,
989 2462 36 23 les
1049 2461 152 27 découragés,
1222 2460 35 23 les

673 2491 116 27 broyeurs
810 2492 28 22 de
858 2491 53 22 noir
930 2492 43 21 ont
994 2490 172 23 certainement
1185 2490 58 21 tort.

901 2529 53 33 Six
969 2530 81 31 mois
1065 2529 40 32 de
1120 2538 112 30 guerre

708 2583 71 25 Dans
794 2589 35 19 un
843 2583 49 24 bon
909 2581 91 26 article
1013 2582 25 24 la
1052 2581 141 28 Métropole
1209 2580 52 25 fait

674 2614 25 24 le
714 2614 74 29 point
805 2613 30 25 de
851 2613 25 24 la
895 2613 125 24 situation
1037 2611 75 29 belge
1127 2611 75 29 après
1219 2611 41 24 six

674 2645 66 24 mois
765 2644 32 25 de
820 2650 102 22 guerre.
948 2643 72 25 Cette
1043 2642 125 25 situation
1192 2641 66 25 n'est

677 2682 46 22 pas
740 2675 57 29 plus
816 2674 130 26 mauvaise
964 2673 75 30 qu'au
1058 2672 79 25 début
1155 2672 33 24 de
1207 2678 44 22 sep-

674 2705 106 25 tembre.
805 2705 58 25 Ceci
888 2704 76 29 grâce
989 2704 15 24 à
1029 2704 76 23 notre
1135 2702 124 29 politique

676 2745 13 16 <
706 2736 197 29 intégralement
918 2735 72 28 belge
1007 2743 20 20 »,
1046 2733 77 29 grâce
1138 2733 15 24 à
1168 2733 26 24 la
1209 2728 41 33 Dy-

675 2767 83 25 nastie
774 2767 51 29 qui,
841 2773 30 18 en
886 2766 123 24 assurant
1022 2765 75 24 notre
1112 2764 75 27 salut,
1201 2770 47 17 con-

673 2798 88 25 tribue
784 2804 32 18 au
840 2797 126 24 maintien
991 2796 29 25 de
1043 2795 25 24 la
1102 2794 156 25 civilisation

672 2828 167 30 européenne.
866 2827 39 26 Où
933 2834 31 18 en
988 2826 176 25 serions-nous
1197 2831 61 18 sans

673 2860 54 25 cela
746 2866 7 18 :

703 2902 76 26 Notre
801 2908 61 21 pays
887 2900 74 24 setait
982 2898 179 29 probablement
1183 2897 65 23 main-

673 2931 85 22 tenant
773 2930 23 23 le
810 2929 84 27 champ
912 2931 27 21 de
954 2927 101 24 bataille
1069 2927 29 22 où
1112 2933 42 16 nos
1169 2925 88 23 voisio-is

673 2957 140 26 videraient,
829 2957 15 23 à
859 2958 68 22 notre
943 2955 135 26 détriment,
1094 2961 44 16 une
1156 2953 102 28 querelle

673 2985 59 23 dans
746 2984 100 29 laquelle
863 2991 59 16 nou*,
938 2983 99 24 n'avons
1052 2989 43 19 pas
1109 2982 15 22 à
1138 2988 61 16 nous
1214 2981 34 23 im-

672 3013 87 23 miscer
780 3016 25 20 et
824 3012 41 27 qui
886 3011 57 23 s'.ast
963 3010 128 25 déchaînée
1111 3016 57 16 sans
1188 3010 68 21 notre

674 3040 172 24 collaboration
872 3046 30 16 ou
927 3039 70 23 notre
1024 3037 166 23 consultation.
1218 3036 39 26 Or,

672 3075 59 16 nous
747 3074 94 19 savons,
856 3073 45 22 par
920 3072 34 17 les
971 3066 72 23 récits
1060 3065 40 28 qui
1116 3071 60 16 nous
1191 3064 54 23 vien-

673 3097 57 22 nent
749 3096 28 23 de
797 3095 102 27 Pologne
916 3097 26 21 et
963 3094 28 23 de
1010 3093 123 26 Finlande,
1153 3099 29 17 en
1201 3092 55 27 quoi

673 3124 102 23 consiste
797 3129 47 17 une
866 3129 87 20 guerre
974 3122 118 23 moderne.
1115 3120 51 23 Nos
1188 3119 58 23 villa-

671 3158 43 20 ges
733 3153 24 21 et
773 3157 43 17 nos
830 3150 69 23 villes
916 3149 106 23 seraient
1039 3155 60 21 pour
1115 3148 26 23 la
1158 3147 97 28 plupart

679 3178 111 27 détruits,
815 3179 68 22 notre
909 3176 139 29 population
1074 3175 71 24 civile
1172 3176 88 22 autant

673 3212 45 22 que
739 3208 68 21 notre
830 3205 80 24 armée
934 3204 111 23 auraient
1067 3207 97 21 couvert
1187 3205 70 20 notre

674 3233 34 23 sol
725 3234 28 25 de
770 3233 53 23 leur
839 3239 68 21 sang,
922 3234 25 21 et
962 3232 40 23 des
1020 3231 121 23 centaines
1159 3231 29 22 de
1204 3230 42 23 mil-

674 3261 58 23 liers
751 3261 28 23 de
798 3260 90 24 soldats
908 3260 116 26 français,
1044 3259 95 27 anglais
1158 3261 25 21 et
1201 3258 46 23 alle-

674 3289 84 23 mands
773 3288 111 23 auraient
901 3287 130 23 succombé.

703 3316 38 23 Au
759 3316 48 23 lieu
816 3316 38 23 .de
867 3315 61 25 cela,
946 3315 84 27 depuis
1047 3314 38 22 six
1102 3313 67 27 mois,
1189 3315 67 20 notre

673 3342 132 25 neutralité
825 3350 15 15 a
861 3342 110 26 empêché
989 3341 220 23 l'anéantissement
1230 3341 28 22 de

673 3371 110 24 l'Europe
807 3370 157 23 Occidentale.
988 3369 52 23 Elle
1060 3376 16 15 a
1097 3368 88 27 permis
1210 3375 47 15 aux

673 3398 157 27 belligérants
851 3398 28 23 de
900 3403 105 17 mo-surer
1024 3397 22 23 le
1065 3396 104 23 bienfait
1190 3396 67 23 d'une

673 3427 140 22 couverture
831 3427 92 23 neutre,
941 3425 15 23 à
972 3424 68 24 l'abri
1060 3424 29 23 de
1106 3423 100 28 laquelle
1227 3423 29 23 ils

673 3461 25 16 se
710 3455 54 21 sont
776 3452 118 29 épargnés
908 3454 25 22 et
947 3451 128 24 renforcés.
1090 3451 52 24 Elle
1154 3458 15 15 a
1181 3451 64 22 main-

673 3483 57 21 tenu
750 3488 31 16 au
801 3482 81 22 centre
906 3480 30 23 du
956 3481 70 26 foyer
1047 3480 145 26 dangereux,
1210 3486 46 15 une

673 3511 64 21 terre
753 3508 128 24 accessible
898 3508 14 22 à
928 3509 55 22 tous
1000 3508 25 22 et
1042 3514 47 16 une
1106 3506 57 23 base
1183 3506 70 23 soiid-
1251 3514 5 8 1

673 3538 105 26 pouvant
793 3535 118 26 favoriser
926 3541 31 16 un
973 3535 54 24 iour
1041 3534 36 23 les
1092 3535 107 22 contacts
1218 3533 28 23 né-

673 3564 122 23 cessaires.
815 3563 52 27 EJle
886 3563 117 27 empêche,
1025 3562 74 27 enfin,
1120 3569 44 16 oue
1183 3568 30 16 ne
1232 3568 25 16 se

673 3592 114 26 nrécipite
806 3591 26 23 la
849 3589 86 24 fureur
954 3591 41 22 des
1017 3589 92 24 armées
1129 3589 93 23 lancées
1243 3589 14 22 à

673 3619 99 24 l'assaut
784 3619 63 23 l'une
863 3618 28 24 de
905 3618 86 23 l'autre
1004 3624 61 21 pour
1077 3617 23 23 le
1114 3617 54 27 plus
1180 3617 76 27 grand

672 3647 108 23 m"'>Vur
797 3647 28 23 de
841 3647 63 23 tous.

703 3674 75 23 Grèce
796 3674 14 23 à
827 3675 68 22 notre
915 3673 123 26 Dynastie,
1054 3672 25 24 la
1095 3672 114 26 Belgioue
1227 3679 28 16 en

673 3703 113 21 assurant
804 3708 43 16 son
863 3700 65 24 salit
947 3700 123 23 contribue
1089 3707 30 16 au
1141 3699 114 24 maintien

673 3728 29 24 de
717 3729 24 23 la
758 3728 143 24 civilisation
919 3728 153 28 européenne.

707 3767 55 28 Que
782 3774 65 18 nous
868 3767 103 24 réserve
990 3766 109 25 l'avenir
1110 3766 13 24 ?
1145 3765 55 28 Que
1220 3764 27 25 fe-

676 3798 145 25 rions-nous
837 3798 22 25 si
876 3798 25 24 la
918 3797 126 25 Hollande
1060 3797 65 24 était
1132 3796 126 25 envahie?

673 3829 37 25 La
728 3828 141 29 Métropole
889 3827 95 30 répond
1002 3828 142 28 justement
1167 3834 7 17 :

703 3871 22 22 A
744 3873 38 21 cet
801 3869 81 28 égard,
900 3869 34 25 M.
955 3869 80 27 Spaak
1052 3875 15 16 a
1084 3868 173 27 parfaitement

674 3898 105 27 exprimé
798 3897 21 23 le
840 3897 66 27 point
924 3897 28 22 de
970 3903 45 16 vue
1033 3896 63 27 juste
1114 3895 107 28 lorsqu'il
1242 3902 14 16 a

674 3926 36 23 dit
735 3925 58 23 dans
819 3931 42 17 son
887 3924 106 23 discours
1018 3924 30 22 du
1076 3923 27 23 19
1129 3923 128 26 décembre,

673 3952 70 28 après
765 3953 66 22 avoir
853 3952 108 27 souligné
980 3952 23 22 la
1023 3951 124 23 solidarité
1166 3951 90 22 hollan-

674 3981 109 26 do-belge
804 3987 7 15 :

703 4015 12 15 «
736 4007 29 23 Je
785 4014 61 16 veux
868 4007 75 22 évittr
964 4008 54 21 tout
1039 4006 168 24 automatisme
1228 4006 28 22 de

673 4034 24 24 la
712 4035 114 27 politique
841 4034 126 27 étrangère
980 4034 78 27 belge;
1075 4034 23 27 je
1113 4034 75 23 désire
1202 4040 44 21 gar-

674 4063 41 22 der
732 4063 33 22 les
782 4062 80 23 mains
878 4061 158 24 entièrement
1053 4061 72 23 libres
1143 4063 25 21 et
1185 4061 72 27 juger

674 4089 35 23 les
725 4089 128 24 situations
868 4091 54 21 tous
938 4089 35 23 les
987 4089 115 23 éléments
1117 4089 69 23 étant
1203 4095 44 16 con-

675 4124 51 16 nus.
748 4117 33 23 Ce
803 4117 75 23 serait
901 4124 44 17 une
968 4117 150 27 imprudence
1140 4116 117 23 d'arrêter

674 4144 40 23 dès
721 4155 6 13 i
740 4144 151 23 maintenant
918 4144 192 25 définitivement
1136 4144 120 22 l'attit-ide

675 4179 44 20 que
737 4179 58 16 nous
815 4171 96 24 aurions
933 4172 14 23 à
968 4172 99 27 prendre
1088 4172 60 23 dans
1168 4171 79 27 l'hypo-

674 4199 67 23 thèse
762 4199 30 23 où
814 4199 24 23 la
857 4199 114 23 situation
990 4200 28 22 de
1038 4200 25 22 la
1083 4199 117 23 Hollande
1221 4206 25 15 se-

675 4228 49 22 rait
742 4227 119 24 modif'ée.
881 4226 62 23 Mais
961 4227 100 26 j'ajoute
1080 4233 56 16 avec
1155 4226 102 23 fermeté

675 4254 57 28 qu'il
757 4254 76 23 serait
858 4254 94 22 inseoi.-é
973 4254 29 23 de
1028 4254 131 27 proclamer
1186 4254 70 27 qu'un

674 4282 34 22 tel
722 4281 140 26 événement
873 4288 58 16 nous
945 4281 120 23 laisserait
1079 4282 151 22 indifférents
1238 4288 20 16 >.

703 4310 74 23 Toute
793 4309 24 23 la
832 4309 117 23 Cham'.re
962 4316 15 16 a
991 4309 111 27 applaudi
1117 4311 62 21 cette
1192 4309 64 26 prise

675 4337 29 22 de
723 4337 101 27 position
842 4337 58 22 dont
915 4343 59 16 nous
991 4343 73 16 avons
1081 4336 41 24 dès
1141 4337 22 24 le
1179 4336 68 26 lende-

676 4364 65 23 main
763 4364 29 23 ici
817 4364 75 23 même
916 4364 107 27 souligné
1046 4365 24 22 la
1094 4365 117 26 prudence
1234 4366 24 21 et

675 4392 24 22 la
713 4398 97 21 sagesse
826 4398 30 17 en
869 4392 80 22 disant
964 4398 46 21 que
1021 4393 62 23 cette
1097 4392 102 23 formule
1212 4392 35 23 cir-

676 4421 124 25 conspecte
822 4426 29 15 ne
875 4419 96 27 po-o-.'iit
992 4420 121 27 offusquer
1135 4426 124 21 personne,

675 4446 117 23 réservait
805 4446 142 26 pleinement
962 4448 68 23 notre
1045 4447 174 24 indépendante
1233 4450 24 20 et

677 4473 107 23 méritait
805 4473 29 23 de
858 4473 99 23 réaliser
979 4474 88 23 l'union
1094 4475 27 22 de
1145 4477 53 21 tous
1224 4475 34 22 l-*s

675 4501 59 22 bons
751 4501 114 27 citoyens.

710 4538 117 25 Gardons
841 4546 31 17 en
885 4540 56 24 tout
956 4546 43 18 cas
1012 4541 73 23 notre
1099 4539 92 25 liberté
1206 4539 43 29 jus-

676 4569 75 30 qu'au
771 4569 61 24 bout
855 4576 7 17 :

706 4612 147 26 L'essentiel,
870 4612 14 23 à
903 4618 42 17 res
963 4619 70 21 yeux,
1051 4614 57 23 c'est
1128 4614 129 27 qu'aucune

678 4641 61 21 doicis
751 4647 28 15 on
796 4647 29 17 ne
843 4640 47 25 soit
906 4640 93 24 arrêtée
1015 4644 75 20 avant
1103 4648 45 20 que
1165 4642 21 23 le
1204 4648 45 21 pro-

677 4668 75 23 blème
767 4674 29 17 ne
814 4674 24 16 se
856 4674 62 21 pose.
936 4676 12 15 *
965 4668 46 23 Pas
1027 4669 189 23 d'automatisme
1240 4677 18 14 >.

678 4696 52 22 Ceci
747 4695 115 26 s'adresse
882 4702 45 16 non
944 4696 130 23 seulement
1088 4704 48 15 aux
1153 4697 105 22 hommes

677 4723 133 27 politiques,
830 4723 76 27 publia
911 4724 68 24 ''êtes
995 4727 25 20 et
1037 4725 154 26 journalistes
1211 4725 47 25 eiui,

678 4758 29 16 ne
725 4751 128 27 possédant
872 4757 42 21 pas
934 4754 55 20 t».us
1009 4753 34 22 les
1063 4752 112 23 éléments
1195 4752 53 27 d'ap-

678 4778 138 27 préciation,
838 4781 110 24 peuvent,
967 4780 65 22 aussi
1054 4780 54 23 bien
1131 4780 117 22 intention-

680 4806 42 22 nés
747 4806 126 26 soient-ils,
900 4807 90 23 dnnner
1015 4808 15 22 à
1056 4807 133 28 l'étranger
1213 4814 46 16 une

681 4834 82 23 fausse
772 4851 6 6 .
789 4834 184 27 interprétation
1000 4835 28 23 de
1055 4835 24 23 la
1106 4836 95 24 volonté
1228 4836 31 22 du

678 4867 69 20 pays;
771 4861 60 23 mais
854 4861 135 28 également
1010 4863 15 22 à
1042 4869 59 17 ceux
1123 4864 39 25 qui
1183 4875 31 5 —
1238 4868 20 18 le

679 4890 103 22 moment
804 4895 61 17 venu
888 4901 29 5 —
939 4890 110 22 auraient
1071 4891 15 23 à
1110 4892 102 25 prendre
1235 4890 24 23 la

677 4922 75 20 grave
770 4915 102 23 décision
888 4917 58 23 dont
964 4921 58 22 peut
1038 4918 116 27 dépendre
1173 4919 20 23 !e
1209 4921 50 20 sort

679 4944 30 22 du
734 4950 70 20 pays-
822 4950 7 16 :
853 4950 60 17 nous
937 4945 107 24 formons
1068 4946 23 24 le
1113 4952 54 17 vœu
1190 4946 69 27 qu'ils

679 4971 144 28 s'inspirent,
841 4979 85 16 comme
945 4973 29 23 ils
990 4976 42 21 ont
1047 4981 29 16 su
1092 4975 21 25 le
1131 4975 64 23 faire
1211 4975 38 23 Jus-

678 4999 54 27 qu'à
749 4999 104 26 présent,
868 5000 32 23 du
917 5005 12 14 «
949 5000 51 24 seul
1017 5001 89 25 intérêt
1122 5003 40 26 qui
1182 5009 66 21 comp-

677 5029 25 22 te
720 5033 6 16 :
742 5027 59 23 celui
817 5028 30 23 de
859 5027 25 24 la
898 5028 90 23 Mstion
1002 5036 22 16 ».

711 5066 71 25 Donc
804 5074 47 22 pas
872 5067 207 30 d'engagements
1101 5070 89 24 hâtif*..
1214 5077 46 18 Das

680 5097 32 25 de
734 5097 181 30 précipitation
939 5098 27 25 ni
998 5098 32 25 de
1053 5100 116 29 panique.
1194 5101 68 24 Mais

681 5134 50 19 une
759 5127 128 29 vigilance
915 5131 141 27 constante,
1078 5130 119 26 toujours
1228 5138 32 18 en

680 5158 71 28 éveil,
771 5158 72 25 forte
857 5160 31 24 et
903 5159 44 28 qui
967 5166 34 19 ne
1017 5166 72 19 cesse
1107 5160 80 27 d'être
1205 5161 46 30 gui-

680 5189 47 25 dée
747 5196 49 23 par
815 5189 112 27 l'intérêt
948 5190 124 27 **>olitiaue
1091 5192 27 25 et
1137 5192 124 25 militaire

676 5219 38 31 .du
730 5226 65 23 pays
808 5219 9 26 !

1350 228 237 39 CHRONIQUE
1620 229 195 32 FEMININE

1303 326 80 51 LA
1441 324 194 52 FEMM
1640 322 29 52 E

1494 417 97 53 AU
1651 418 28 52 F
1684 416 179 54 OYER

1419 511 50 25 Les
1490 511 121 26 illustrés
1633 519 66 23 pour
1720 511 117 25 enfants.

1318 557 33 24 Ce
1367 556 65 25 n'est
1448 564 44 22 pas
1512 556 23 26 la
1551 557 125 29 première
1693 557 52 24 fois
1761 563 48 22 que
1826 556 44 24 des

1285 590 104 26 parents
1408 595 62 17 nous
1488 588 85 23 disent
1590 591 54 23 leur
1662 587 161 24 étonnement
1842 587 30 24 de

1285 619 56 24 voir
1357 618 23 24 la
1396 618 96 29 qualité
1507 618 94 24 morale
1619 619 43 23 des
1679 618 113 24 illustrés
1808 623 62 23 pour

1281 649 105 25 enfaut3
1412 649 127 24 diminuer
1562 649 30 24 de
1618 650 74 28 façon
1716 649 150 28 effrayante.

1283 688 12 15 €
1309 680 24 23 A
1347 680 58 27 quoi
1419 681 107 28 pensent
1539 680 63 24 donc
1615 686 64 18 ceux
1692 680 44 28 qui
1750 683 36 24 les
1803 685 65 18 com-

1284 712 97 25 po-ssiit,
1402 710 92 24 faisait
1515 717 148 22 remarquer
1683 717 48 20 une
1751 710 68 24 mère
1840 708 29 25 de

1285 740 103 27 famille,
1424 741 126 24 csroaines
1583 741 121 24 histoires
1739 740 70 25 n'ont
1844 740 26 23 ni

1284 777 80 21 queue
1383 770 26 24 ni
1429 771 51 25 tête
1499 773 26 21 et
1544 771 112 25 d'autroos
1675 772 59 23 sont
1753 769 107 26 franche-

1284 802 69 23 ment
1373 801 145 24 malsaines.
1540 802 20 24 Il
1581 802 41 28 n'y
1641 809 16 17 a
1678 802 62 23 donc
1761 800 55 29 plus
1839 800 30 25 d?

1281 831 175 26 dessinateurs
1476 832 122 23 honnêtes
1612 832 44 24 ?...
1674 841 13 15 >

1316 910 48 25 Lî3
1399 911 82 27 lignes
1516 911 148 28 ci-dessous,
1700 910 43 29 qui
1780 909 90 24 furent

1281 940 92 25 éjrites
1392 947 47 23 par
1459 941 94 24 Claude
1571 940 175 29 RENAUDY,
1764 940 64 24 dans
1847 940 21 24 le

1284 981 11 14 t
1313 972 87 27 Rayon
1418 972 30 23 de
1465 972 47 23 Vie
1530 981 12 14 »
1561 973 26 22 et
1604 978 48 22 que
1671 970 129 29 reprirent
1816 976 42 18 cer-

1284 1002 83 25 taines
1391 1002 101 25 feuilles
1515 1002 151 29 françaises,
1689 1007 63 18 nous
1776 1001 83 23 rensei-

1282 1034 109 26 gneront
1405 1038 45 19 sur
1465 1034 22 24 le
1504 1032 76 25 motif
1594 1033 30 24 de
1638 1039 27 17 ce
1682 1031 68 25 recul
1764 1030 63 26 dans
1845 1031 23 25 'a

1282 1063 87 24 valeur
1387 1063 44 25 des
1450 1063 113 26 iloustres
1582 1069 63 23 pour
1663 1062 113 24 enfants.
1796 1061 72 24 Puis-

1282 1096 56 22 *osnt
1354 1100 46 19 nos
1417 1094 108 25 lecteurs
1541 1100 30 18 en
1592 1092 68 24 faire
1677 1091 54 26 leur
1750 1091 76 30 profit
1842 1094 26 21 et

1283 1131 30 16 ne
1329 1124 56 28 plus
1404 1125 139 28 permettre
1560 1130 47 22 que
1623 1122 127 25 certaines
1768 1121 101 25 feuilles

1282 1154 164 24 avilissantes
1473 1161 64 22 pour
1563 1153 72 28 l'âme
1662 1152 30 25 de
1719 1159 46 17 nos
1791 1152 78 30 petits

1284 1184 175 25 franchissent
1474 1188 22 24 le
1511 1185 63 24 seuil
1591 1184 30 24 de
1635 1189 45 20 nos
1694 1183 132 25 demeures
1845 1190 6 17 :

1284 1216 9 9 '
1316 1223 12 15 «
1345 1215 31 24 Je
1392 1222 31 17 ne
1439 1215 70 29 parle
1527 1222 46 22 pas
1589 1214 43 25 des
1649 1212 170 31 publications
1836 1213 23 24 la-

1282 1244 140 26 mentables
1444 1247 26 23 et
1491 1245 117 28 toxiques
1630 1243 110 30 qu'édite
1761 1244 24 24 la
1807 1244 51 24 mai-

1285 1282 44 18 son
1355 1275 148 25 Offenstadt
1534 1282 6 17 :
1566 1274 61 26 elles
1653 1275 53 28 ont,
1733 1273 124 25 heureuse-

1284 1307 76 28 ment,
1381 1305 130 30 beaucoup
1530 1305 109 26 souffert
1661 1305 31 24 de
1712 1304 24 25 la
1756 1305 67 24 crise
1843 1308 26 21 et

1282 1343 32 17 en
1328 1337 58 23 sont
1400 1335 113 25 réduites
1527 1335 61 25 elles
1602 1335 70 24 aussi
1687 1335 15 23 à
1717 1334 101 25 utiliser
1832 1334 36 25 les

1282 1367 99 25 dessins
1402 1367 31 25 de
1456 1365 212 31 l'Opéra-Mundi.

1314 1398 34 24 Le
1364 1398 82 28 grand
1466 1397 97 28 danger
1579 1397 43 29 qui
1639 1394 101 26 devrait
1757 1395 111 25 alarmer

1282 1427 35 25 les
1334 1428 111 25 familles
1461 1427 152 30 françaises,
1628 1426 69 28 c'est,
1713 1433 31 17 en
1759 1425 69 30 effet,
1845 1426 24 24 la

1282 1458 72 26 firme
1375 1457 193 30 Opéra-Mundi,
1589 1457 62 23 dont
1679 1456 22 24 le
1731 1456 137 28 directeur,

1281 1489 34 23 M.
1332 1489 63 25 Paul
1413 1487 135 29 Winckler,
1565 1494 32 17 un
1615 1487 129 28 Hongrois
1764 1487 93 23 natura-

1283 1518 48 25 lisé
1344 1526 30 17 en
1389 1519 71 26 1932,
1474 1521 39 22 est
1527 1518 14 24 à
1555 1519 24 23 la
1593 1518 52 25 tête
1660 1517 32 24 du
1710 1517 102 24 marché
1826 1517 44 23 des

1284 1549 113 25 illustrés
1421 1549 115 29 français
1560 1554 65 23 pour
1650 1547 24 25 la
1697 1548 126 28 jeunesse.
1849 1547 20 24 11

1283 1580 78 28 s'agit
1392 1579 58 24 bien
1481 1578 165 29 uniquement
1675 1578 59 24 d'un
1759 1577 110 28 marché,

1281 1616 64 23 pour
1366 1616 28 18 ce
1415 1609 122 24 brasseur
1559 1608 131 25 d'affaires
1712 1608 71 26 lancé
1803 1608 64 23 dans

1281 1640 183 29 l'exploitation
1487 1640 30 23 de
1540 1639 23 24 la
1585 1638 148 26 littérature
1756 1638 100 25 enfanti-

1283 1678 39 17 ne.

1314 1701 50 24 Son
1385 1701 108 24 histoire
1515 1703 40 22 est
1575 1700 97 28 simple.
1695 1700 39 24 En
1757 1700 70 27 1928,
1850 1699 17 23 il

1283 1731 109 27 fondait,
1412 1731 16 24 à
1446 1729 83 29 Paris,
1549 1737 49 17 une
1619 1737 95 21 agence
1733 1730 30 24 de
1782 1736 87 22 presse

1280 1768 50 18 aux
1346 1761 92 24 débuts
1455 1761 127 25 modestes
1605 1768 6 17 :
1634 1759 193 30 Opéra-Mundi.
1847 1759 20 24 il

1282 1793 44 23 eut
1342 1792 67 25 alors
1426 1791 72 24 l'idée
1515 1791 31 24 de
1562 1792 66 24 tirer
1644 1791 69 28 parti
1730 1791 44 23 des
1791 1796 78 23 pages

1282 1822 111 24 entières
1409 1822 30 23 de
1452 1822 108 27 dessins,
1574 1821 182 29 accompagnés
1770 1821 29 24 de
1814 1820 44 24 brè-

1281 1859 43 17 ves
1351 1852 126 28 légendes,
1504 1859 47 21 que
1578 1851 122 29 publient,
1729 1858 64 21 pour
1818 1850 40 24 dis-

1282 1883 82 24 traira
1381 1884 69 23 leurs
1468 1883 109 26 lecteurs
1595 1880 107 30 adultes,
1720 1881 35 25 les
1774 1880 95 29 grands

1280 1913 145 29 quotidiens
1444 1912 161 25 américains.

1315 1943 34 24 M.
1369 1943 129 24 Winckler
1514 1943 74 24 offrit
1608 1943 63 24 donc
1688 1949 50 17 aux
1756 1941 113 24 éditeurs

1282 1974 115 28 français
1421 1974 30 24 de
1472 1974 150 28 reproduire
1640 1980 42 17 ces
1703 1973 82 24 flancs
1805 1971 63 25 dans

1281 2003 69 25 leurs
1369 2004 129 28 journaux
1516 2004 138 24 d'enfants.
1675 2003 21 24 Il
1715 2009 91 22 essuya
1825 2008 33 18 na-

1281 2034 162 25 turellement
1459 2042 34 17 un
1510 2035 81 28 refus,
1607 2034 66 25 mais
1692 2034 18 26 il
1724 2040 33 17 ne
1774 2040 27 17 se
1818 2032 51 25 tint

1281 2072 46 22 pas
1348 2071 64 23 pour
1432 2064 81 25 battu.
1543 2063 138 30 Puisqu'on
1712 2071 31 17 ne
1771 2062 98 25 voulait

1281 2102 46 22 pas
1348 2095 31 25 de
1399 2102 41 19 ses
1461 2095 108 28 dessins,
1591 2095 31 24 eh
1637 2094 6 25 !
1665 2094 67 29 bien,
1756 2094 18 26 il
1795 2093 72 24 allait

1282 2125 93 24 fonder
1398 2133 33 17 un
1453 2125 196 24 hebdomadaire
1670 2131 65 22 pour
1763 2125 23 25 la
1814 2123 43 29 jeu-

1283 2163 73 17 nesse
1376 2157 44 28 qui
1438 2156 122 25 servirait
1577 2156 31 24 de
1625 2154 127 26 débouché
1770 2155 15 24 à
1804 2156 66 22 cetie

1281 2186 179 25 marchandise
1478 2193 61 19 sans
1558 2186 96 28 valeur,
1673 2186 66 24 mais
1756 2185 55 25 très
1832 2184 25 24 in-

1282 2217 144 25 téressante
1442 2218 80 28 quant
1539 2223 32 18 au
1588 2216 67 30 prix.
1672 2216 40 24 En
1731 2215 69 29 effet,
1821 2221 48 18 une

1283 2254 64 22 page
1362 2247 31 24 de
1407 2247 100 25 dessins
1522 2254 31 17 en
1569 2246 116 26 couleurs
1704 2245 93 26 inédits
1812 2246 46 23 coû-

1281 2279 27 23 te
1326 2278 73 23 2.000
1417 2277 35 25 fr.
1472 2278 16 24 à
1507 2284 49 17 une
1576 2276 157 30 publication
1755 2275 101 30 françai-

1282 2315 34 17 se.
1332 2308 96 25 Tandis
1442 2307 91 29 qu'une
1548 2314 64 22 page
1627 2307 32 24 du
1674 2307 81 24 même
1772 2306 97 25 format

1282 2337 135 30 fabriquée
1445 2344 60 18 avec
1532 2337 44 25 des
1604 2337 83 25 flancs
1715 2335 153 26 américains

1283 2378 12 14 «
1316 2375 31 18 en
1367 2368 110 25 location
1495 2377 13 15 >
1527 2375 31 17 ne
1575 2368 74 27 coûte
1666 2374 48 22 que
1735 2368 47 23 360
1800 2366 34 24 fr.
1853 2367 15 23 à

1283 2398 194 30 Opéra-Mundi.
1510 2401 9 6 '

1318 2429 69 25 C'est
1410 2429 69 24 ainsi
1505 2427 73 30 qu'en
1604 2427 103 25 octobre
1735 2427 71 27 1934,
1832 2426 34 25 M.

1282 2459 129 25 Winckler
1423 2458 60 26 créa
1497 2459 23 24 le
1534 2468 13 14 «
1564 2459 107 25 Journal
1688 2458 30 24 de
1733 2457 100 29 Mickey
1848 2468 21 18 »,

1280 2489 67 29 puis,
1365 2496 32 18 en
1413 2490 67 26 avril
1499 2489 71 28 1936,
1589 2498 12 14 «
1619 2488 129 25 Robinson
1770 2498 12 15 »
1800 2489 34 27 et,
1853 2488 15 24 à

1281 2520 24 24 la
1320 2519 34 25 fin
1369 2519 31 25 de
1415 2519 71 29 1937,
1504 2528 13 15 «
1534 2518 94 30 Hop-là
1641 2519 7 24 !
1665 2528 12 15 >

1316 2549 113 29 Qu'offre
1441 2550 63 24 donc
1516 2550 23 24 le
1555 2558 13 15 «
1580 2549 108 25 Journal
1700 2549 30 24 de
1743 2548 100 29 Mickey
1856 2558 12 15 »

1281 2580 15 24 à
1314 2582 24 25 la
1355 2581 119 28 jeunesse
1492 2580 131 29 française
1636 2579 12 24 ?
1667 2578 120 29 D'abord,
1808 2585 49 23 qua-

1281 2612 41 22 tre
1340 2617 79 23 pages
1439 2610 30 24 de
1488 2610 78 25 récits
1583 2617 31 17 en
1633 2610 105 28 images,
1755 2609 114 24 raclures

1281 2641 44 25 de3
1343 2640 145 29 quotidiens
1504 2640 154 25 américains
1678 2641 43 28 qui
1739 2640 130 24 montrent

1282 2678 34 17 un
1333 2678 48 22 peu
1401 2672 59 28 trop
1477 2671 30 24 de
1524 2671 108 24 femmes
1649 2677 30 18 en
1697 2670 74 24 short
1788 2677 31 17 ou
1838 2677 30 16 en

1280 2701 99 24 nuillot
1393 2701 31 24 de
1439 2700 67 25 bain.
1522 2701 88 26 Est-ce
1626 2700 24 25 là
1664 2700 126 24 l'élément
1807 2706 49 18 nou-

1280 2738 64 18 veau
1362 2731 63 24 dont
1443 2738 47 18 nos
1509 2731 105 24 enfants
1632 2731 104 24 avaient
1754 2729 88 25 besoin
1856 2730 12 24 ?

1282 2761 52 25 Par
1348 2761 113 29 ailleurs,
1478 2768 31 17 on
1526 2762 119 24 retrouve
1663 2761 59 25 tous
1738 2760 36 26 les
1792 2760 78 25 vieux

1282 2791 92 26 clichés
1392 2791 30 25 de
1441 2791 103 25 bandits
1561 2798 31 17 en
1609 2792 62 23 auto
1688 2798 31 17 ou
1737 2798 30 17 en
1785 2791 83 28 avion,

1279 2822 98 24 trésors
1394 2822 98 28 cachés,
1508 2821 172 26 enlèvements
1705 2822 30 24 de
1759 2821 107 24 femmes

1282 2852 142 25 ôcheve'.ées
1444 2853 26 23 et
1488 2859 108 22 voyages
1614 2852 63 25 dans
1695 2852 24 24 la
1736 2851 66 24 lune.
1821 2852 48 23 Les

1282 2885 126 23 meurtres
1428 2888 26 22 et
1473 2883 36 25 les
1529 2889 107 22 guerres
1657 2882 128 25 abondent
1805 2882 63 24 dans

1281 2920 41 17 tes
1344 2920 110 22 pauvres
1480 2913 122 25 histoires
1625 2920 48 22 que
1697 2920 31 16 ne
1751 2913 116 23 traverse

1281 2944 94 28 jamais
1388 2951 33 17 un
1433 2944 92 26 souffle
1537 2943 127 30 d'aii>pur
1675 2943 27 24 ni
1718 2949 49 18 une
1779 2942 80 29 échap-

1280 2973 46 30 pée
1342 2981 46 17 sur
1401 2977 24 24 la
1439 2981 147 22 campagne,
1601 2974 27 25 ni
1643 2974 24 25 la
1681 2973 116 25 moindre
1811 2972 46 31 poé-

1279 3004 38 26 sie
1337 3004 142 25 enfantine.

1313 3050 12 15 «
1343 3041 130 25 Robinson
1491 3051 12 15 »
1521 3041 44 24 fut
1581 3040 71 28 lancé
1669 3048 45 18 sur
1732 3041 31 24 16
1780 3048 86 22 pages,

1280 3071 62 25 dont
1355 3073 15 23 9
1386 3079 31 17 en
1430 3072 97 27 images
1541 3078 7 20 ;
1564 3072 18 25 il
1593 3071 151 29 s'alimente,
1761 3072 35 25 lui
1810 3078 46 18 aus-

1282 3101 31 28 si,
1336 3101 64 24 dans
1421 3102 25 23 le
1477 3102 82 24 même
1586 3102 80 24 tiroir
1687 3109 50 17 aux
1770 3102 96 23 rebuts.

1283 3131 86 28 Quant
1389 3133 15 23 à
1425 3141 12 15 «
1447 3132 106 29 Hop-Là
1559 3132 7 24 !
1577 3141 13 15 »
1609 3132 63 24 c'est
1692 3132 56 29 pire
1771 3139 97 17 encore.

1312 3169 35 28 Le
1363 3169 77 25 triste
1453 3169 112 29 exemple
1579 3169 82 25 donné
1673 3177 48 22 par
1735 3169 34 24 M.
1783 3168 73 26 Winc-

1279 3199 55 25 kler
1351 3207 17 17 a
1388 3199 43 25 été
1447 3200 70 25 suivi
1535 3207 49 22 par
1601 3199 122 29 d'autres,
1743 3200 45 28 qui
1807 3206 48 17 ven-

1282 3230 60 25 dent
1367 3230 130 26 d'ailleurs
1522 3230 57 25 leur
1602 3229 180 25 marchandise
1808 3236 59 18 avec

1279 3260 83 25 moins
1379 3260 30 24 de
1424 3260 96 25 succès.
1537 3260 34 24 M.
1588 3260 45 26 Pel
1652 3261 92 27 Ducca,
1764 3266 34 18 un
1816 3260 40 24 Ita-

1280 3290 50 25 lien
1350 3290 102 25 éditeur
1471 3291 31 23 de
1521 3290 139 24 brochures
1681 3289 175 30 pornographi-

1280 3327 68 22 ques,
1366 3328 16 17 a
1399 3320 79 25 fondé
1494 3320 65 24 deux
1576 3320 210 25 hebdomadaires
1802 3326 66 23 pour

1279 3350 25 25 la
1321 3350 120 29 jeunesse
1467 3358 6 17 :
1496 3360 12 14 «
1527 3350 106 25 Hurrah
1648 3351 6 24 !
1674 3360 13 15 »
1706 3357 31 17 en
1757 3351 63 23 1936
1841 3351 26 24 et

1280 3380 15 25 1'
1309 3389 13 16 «
1333 3381 167 24 Aventureux
1512 3390 21 19 »,
1546 3388 31 17 en
1590 3381 72 24 1937.
1674 3381 41 24 Un
1728 3382 75 23 autre
1816 3380 40 24 Ita-

1280 3410 58 29 lien,
1363 3411 35 24 M.
1419 3411 94 25 Lotar-e
1533 3411 102 29 Vecchi,
1657 3418 16 18 a
1692 3411 78 29 lancé,
1794 3412 36 27 lui
1858 3417 7 18 :

1280 3450 12 15 t
1307 3441 92 27 Jumbe
1415 3450 13 16 »
1444 3443 27 26 et
1487 3450 12 14 «
1515 3442 146 24 Aventures
1677 3451 20 19 »,
1713 3448 32 17 en
1761 3442 63 23 1935
1840 3442 27 23 et

1281 3471 70 25 1937.
1379 3472 47 24 Ces
1451 3473 91 27 quatre
1566 3472 129 28 journaux
1716 3474 61 23 sont
1801 3470 65 25 faits

1280 3508 45 19 sur
1340 3504 24 23 la
1382 3502 81 24 même
1479 3502 111 24 formule
1605 3509 48 22 que
1667 3508 64 18 ceux
1747 3501 119 29 d'O-péra-

1280 3532 90 24 Mundi
1388 3533 27 23 et
1433 3532 59 24 sont
1509 3534 58 23 tous
1585 3532 75 24 d'une
1676 3531 124 29 pauvreté
1819 3531 37 25 ini-

1278 3561 152 29 maginable.

1312 3592 35 24 Le
1381 3592 199 28 gouvernement
1618 3591 88 25 italien
1733 3599 15 17 a
1775 3591 92 30 frappé

1280 3622 190 25 d'interdiction
1506 3624 86 23 toutes
1628 3622 37 24 les
1701 3621 165 31 productions

1281 3652 143 30 françaises
1444 3660 66 22 pour
1530 3653 25 24 la
1582 3652 126 28 jeunesse.
1738 3652 128 29 Pourquoi

1279 3682 180 26 n'avons-nous
1472 3690 45 22 pas
1531 3683 112 29 répondu
1656 3683 15 24 à
1683 3683 68 24 cette
1765 3689 101 18 mesure

1282 3720 30 17 en
1327 3714 164 29 supprimant
1506 3720 42 19 ces
1567 3712 210 25 hebdomadaires
1793 3713 65 24 d'ori-

1279 3743 59 29 gine
1354 3743 122 26 italienne
1489 3743 12 25 ?

1313 3774 53 24 Nos
1387 3774 183 27 dessinateurs,
1592 3773 15 25 à
1630 3772 166 26 demi-ruinés
1820 3780 46 22 par

1280 3811 41 19 ces
1342 3804 83 25 flancs
1447 3804 135 28 étrangers
1605 3804 63 24 dont
1688 3810 64 18 nous
1775 3803 91 25 inonde

1278 3834 194 29 Opéra-Mundi,
1501 3841 27 18 se
1558 3834 58 23 sont
1644 3833 116 25 alarmés.
1789 3833 75 25 Trois

1280 3864 99 25 d'entre
1400 3871 48 18 eux
1470 3866 45 22 ont
1537 3864 40 24 été
1600 3871 32 17 en
1657 3863 143 29 délégation
1823 3871 31 17 au-

1278 3895 58 28 près
1354 3895 31 24 de
1402 3894 34 24 M.
1454 3894 135 28 Winckler,
1610 3893 43 29 qui
1671 3902 14 16 a
1703 3894 88 24 refusé
1808 3894 54 24 tout

1280 3927 44 23 net
1342 3925 30 24 de
1392 3925 35 25 les
1447 3925 68 24 faire
1533 3924 134 25 travailler
1687 3925 26 23 et
1733 3932 15 17 a
1768 3923 99 26 déclaré

1278 3962 47 22 que
1341 3958 35 23 les
1393 3955 174 24 dessinateurs
1584 3954 114 29 français
1715 3954 97 26 étaient
1828 3957 25 23 in-

1280 3984 116 29 capables
1413 3985 31 24 de
1457 3984 71 24 créer
1542 3985 31 26 de
1586 3990 132 18 nouveaux
1732 3991 92 21 genres
1840 3986 26 23 et

1280 4015 31 23 de
1340 4014 152 30 poursuivre
1520 4021 49 17 une
1590 4014 54 25 idée
1668 4014 42 29 (?)
1732 4015 34 29 et,
1786 4014 79 26 aussi,

1280 4052 48 21 que
1350 4045 67 24 seuls
1440 4045 36 24 le3
1506 4044 175 24 dessinateurs
1712 4044 153 25 américains

1280 4075 97 27 étaient
1399 4074 118 29 capables
1539 4074 146 29 d'apporter
1706 4074 24 25 la
1752 4075 114 24 nouvelle

1281 4105 110 24 formule
1410 4111 48 22 que
1481 4105 123 23 demande
1624 4105 98 28 l'esprit
1742 4105 30 24 de
1792 4104 63 30 l'épo-

1280 4142 47 21 que
1345 4135 115 24 actuelle.

1312 4165 62 28 Quel
1394 4169 40 21 est
1454 4166 63 23 donc
1539 4165 99 29 l'esprit
1658 4165 62 24 dont
1739 4165 70 29 parle
1829 4165 34 25 M.

1282 4195 127 24 Winckler
1422 4195 11 24 ?
1466 4195 139 25 Lui-même
1633 4195 41 25 n'a
1702 4202 30 17 su
1762 4195 105 25 innover

1280 4225 75 29 qu'au
1378 4226 73 28 point
1472 4226 31 24 de
1533 4233 48 17 vue
1608 4225 111 27 laideur,
1750 4227 115 24 mauvais

1279 4256 63 28 goût
1363 4256 26 24 et
1410 4256 87 24 fautes
1518 4256 30 24 de
1569 4255 116 30 français
1699 4262 7 22 ;
1732 4255 18 25 il
1771 4255 41 26 n'a
1835 4263 29 18 su

1280 4293 48 22 que
1345 4285 108 26 bafouer
1469 4287 74 23 notre
1560 4286 99 24 culture
1678 4288 26 22 et
1720 4292 46 19 nos
1785 4286 69 25 tradi-

1280 4316 76 25 tions.
1376 4315 46 27 Ses
1440 4316 129 29 journaux
1587 4323 32 17 ne
1636 4317 60 24 sont
1713 4315 93 30 qu'une
1825 4322 30 19 ac-

1278 4346 156 25 cumulation
1449 4346 130 28 fatigante
1593 4345 162 27 d'aventures
1770 4346 83 25 invrai-

1281 4376 150 26 semblables
1450 4383 27 19 se
1498 4376 133 25 déroulant
1650 4376 64 27 dans
1735 4376 22 25 le
1776 4377 89 25 monde

1278 4407 31 24 de
1322 4406 108 26 forbans
1443 4407 26 24 et
1484 4405 58 26 bien
1557 4407 80 25 faites
1650 4413 65 23 pour
1727 4405 137 31 détraquer

1280 4437 30 24 de
1327 4437 91 29 jeunes
1435 4443 131 18 cerveaux.
1585 4437 35 24 Et
1635 4437 27 29 je
1679 4444 33 18 ne
1729 4436 70 29 parle
1819 4443 46 23 pas

1279 4467 31 24 de
1330 4468 25 24 la
1376 4467 122 29 complète
1507 4479 5 7 •
1518 4467 135 25 amoralité
1673 4467 38 24 de-
1722 4473 42 19 ces
1786 4467 78 31 répits

1279 4497 32 24 où
1327 4497 49 27 l'on
1390 4504 27 17 se
1429 4503 90 23 moque
1535 4497 30 25 de
1578 4497 25 25 la
1616 4496 98 26 famille
1726 4498 27 24 et
1765 4497 33 25 du
1812 4504 42 19 ma-

1280 4528 80 28 riage,
1376 4527 32 25 où
1423 4530 23 33 Je
1461 4527 166 28 bouddhisme
1642 4530 26 23 et
1682 4528 23 24 le
1722 4527 143 30 spiritisme

1280 4558 59 24 sont
1353 4558 16 25 à
1383 4557 140 29 l'honneur,
1538 4557 33 25 où
1585 4557 83 27 seules
1683 4557 25 25 la
1723 4564 60 18 ruse
1797 4560 30 23 et
1841 4557 25 27 là

1280 4588 70 24 force
1367 4588 124 29 physique
1511 4589 59 23 sont
1588 4587 197 30 récompensées.

1314 4618 34 25 Ce
1363 4619 44 28 qui
1423 4625 108 22 manque
1546 4618 142 29 justement
1710 4625 52 18 aux
1785 4618 70 30 publi-

1279 4648 100 25 cations
1404 4648 220 30 d'Opéra-Mundi,
1647 4648 63 25 c'est
1733 4655 34 18 un
1790 4657 13 16 «
1825 4656 28 19 es-

1280 4679 54 28 prit
1350 4688 21 19 >,
1389 4686 34 17 un
1440 4680 82 28 esprit
1541 4678 124 30 idéaliste,
1686 4678 137 26 éducateur
1839 4680 26 24 et

1281 4709 144 24 formateur
1444 4710 43 27 qui
1506 4709 59 25 aide
1584 4709 109 27 l'enfant
1711 4709 16 25 i
1746 4716 28 18 se
1793 4709 62 25 déve-

1280 4739 87 28 lopper
1384 4739 247 25 intellectuellement
1648 4741 27 26 et
1692 4738 173 27 moralement.

1313 4768 35 25 M.
1368 4768 127 26 Winckler
1507 4777 33 17 ne
1557 4776 78 22 songe
1653 4769 57 29 qu'à
1724 4769 94 26 vendre
1831 4770 34 25 du

1281 4799 90 28 papier
1384 4806 51 18 aux
1449 4800 113 28 enfants.
1576 4800 55 24 Peu
1644 4800 38 25 lui
1695 4800 109 28 importe
1819 4806 46 23 qui

1281 4836 26 20 ce
1323 4830 91 28 papier
1428 4830 52 26 soit
1495 4829 128 29 indigeste
1634 4830 11 24 !

1313 4860 132 29 L'opinion
1476 4860 119 29 publique
1623 4861 117 28 pourrait
1770 4862 26 24 et
1824 4861 30 26 de-

1281 4891 69 24 vrait
1364 4890 159 29 s'émouvoir,
1538 4898 33 18 au
1587 4890 49 25 lieu
1653 4891 141 29 d'accepter
1808 4899 46 23 pas-

1280 4921 126 25 sivement
1443 4923 67 23 cette
1547 4921 116 24 invasion
1692 4922 173 29 triomphante

1281 4951 75 28 d'une
1374 4951 113 25 nouvelle
1506 4959 87 22 presse
1612 4959 65 22 pour
1695 4955 24 24 la
1739 4952 125 29 jeunesse,

1281 4983 44 28 qui
1350 4990 48 17 non
1422 4983 139 25 seulement
1585 4983 72 25 mène
1680 4984 35 25 les
1737 4984 128 29 journaux

1282 5013 114 29 français
1414 5014 15 25 à
1447 5016 24 25 la
1489 5013 81 26 ruine,
1588 5014 65 25 mais
1671 5014 96 30 impose
1786 5015 16 25 à
1820 5021 44 20 nos

1281 5044 104 26 enfants
1408 5051 49 18 une
1479 5045 148 25 nourriture
1648 5045 95 25 nocive.

1314 5075 54 28 Que
1382 5075 36 26 les
1435 5076 112 28 parents,
1561 5083 31 17 en
1609 5077 58 24 tous
1681 5083 51 20 cas.
1749 5076 115 27 écoutent

1281 5112 28 18 ce
1331 5106 37 23 cri
1392 5106 119 24 d'alarme
1535 5108 26 23 et
1583 5107 94 25 livrent
1700 5114 49 18 una
1771 5114 92 22 guerre

1283 5142 59 18 sans
1363 5137 78 24 merci
1463 5137 15 24 à
1499 5143 41 19 ces
1561 5132 102 30 feuilles
1686 5138 43 28 qui
1750 5144 33 19 ne
1805 5144 48 24 peu-

1281 5167 60 23 vent
1358 5173 49 23 que
1425 5169 197 27 compromettre
1639 5170 23 24 la
1680 5168 75 25 santé
1771 5170 94 25 morale

1282 5196 31 25 de
1328 5197 69 25 leurs
1412 5198 112 24 enfants.
1532 5198 88 28 .Qu'ils
1634 5200 102 24 sortent
1754 5200 30 24 de
1799 5202 66 25 cette

1284 5227 165 25 indifférence
1483 5228 32 25 où
1548 5236 29 18 se
1609 5229 166 30 complaisent
1806 5235 59 27 trop

1898 224 137 39 NOUVEL
2049 222 117 39 ARGOT
2180 222 70 38 DES
2262 221 213 39 TRANCHEES

1923 318 35 23 On
1985 317 48 23 sait
2058 316 105 22 combien
2186 316 23 22 la
2234 322 87 21 guerre
2350 315 94 21 1914-19
2451 315 23 20 OS

1893 347 66 22 avait
1976 344 90 23 enrichi
2086 343 88 28 l'argot
2193 343 121 23 militaire.

1922 380 46 22 Des
1985 380 61 21 mots
2063 383 131 20 nouveaux,
2209 377 42 22 nés
2267 376 27 22 de
2313 377 22 20 la
2352 382 121 15 commune

1893 408 83 22 m'sère
1994 407 39 22 des
2053 406 132 25 tranchôes,
2206 405 138 26 vigoureux,
2364 403 109 26 pittorsos-

1891 442 56 20 ques
1964 441 30 16 ou
2011 433 77 28 pleins
2104 434 27 22 d<-
2150 433 53 23 sève
2220 432 96 23 avaient
2333 431 39 22 été
2390 431 70 22 unani-

1892 465 102 21 mement
2010 460 127 24 accueillis.

1921 502 30 23 Le
1966 505 12 15 <
1995 498 64 28 poilu
2073 502 12 15 >
2100 500 24 20 et
2140 497 16 23 le
2176 502 11 13 «
2203 496 50 26 jass
2270 502 11 12 »
2301 494 95 22 avaient
2411 492 61 24 ainsi

1891 527 139 27 homologué
2047 526 89 26 l'usage
2156 525 68 22 d'une
2243 522 61 22 série
2321 522 27 22 de
2365 520 108 23 voeab'-s

1891 560 25 20 et
1932 555 172 28 d'expressions
2123 553 37 21 om-i
2177 551 97 23 avaient
2291 549 88 26 eniichi
2395 549 22 23 le
2436 554 38 17 no-

1892 586 78 22 m.iire
1986 582 81 23 verbal
2088 588 6 15 :
2115 581 104 22 P.'-.name
2239 578 102 25 (Per's).
2359 584 45 16 une
2422 583 51 19 p;r-

1892 620 36 16 me
1953 608 177 30 (permission);
2152 615 31 15 un.
2203 607 52 22 zinc
2279 605 103 26 (avion),
2402 604 28 23 de
2450 604 23 22 la

1892 641 80 25 gnol?(
1995 639 28 22 de
2043 636 171 24 l'eau-olv-vie).
2234 642 45 15 une
2299 633 110 23 marmite
2431 632 42 26 (oin

1891 669 79 25 obus),
1987 667 40 22 deî
2050 666 62 21 totos
2136 664 52 25 (des
2209 663 84 23 doux),
2315 664 51 20 etc..
2386 663 44 20 etc.
2453 660 18 21 1!

1890 703 16 19 y
1921 703 27 16 en
1967 694 66 23 avait
2051 692 60 23 ainsi
2128 698 44 15 ">ar
2186 690 135 22 douzaines,
2337 696 58 19 pour
2412 688 49 22 dési-

1891 717 59 32 gner
1971 724 52 21 to"t
2045 728 25 15 ce
2091 720 38 26 qui
2151 719 86 22 faisait
2257 718 24 21 la
2302 717 37 23 vie
2363 716 109 26 tragique

1892 751 30 23 du
1940 750 154 24 crmobaOtant.

1921 781 165 26 Aujourd'hui,
2109 779 68 22 in-è?
2202 779 76 23 moins
2299 778 28 23 de
2352 777 38 23 six
2416 776 56 23 mois

1892 812 26 23 de
1935 818 85 20 guerre
2039 808 83 23 nouvel
2124 808 5 13 1
2133 815 19 16 ?,
2169 808 39 22 des
2228 804 122 25 confrères
2367 804 106 24 français

1890 840 87 24 livrent
1996 838 14 22 à
2030 838 68 21 notre
2119 834 112 25 curiosité
2249 835 40 22 des
2312 836 60 20 mots
2393 834 68 21 inven-

1891 867 37 23 tés
1949 873 44 18 par
2013 865 35 22 les
2069 863 89 24 soldats
2181 863 29 22 du
2232 863 67 22 front
2323 869 5 15 :
2352 867 30 18 un
2405 861 68 22 toirdn

1891 902 29 15 ou
1939 901 32 15 un
1989 892 75 23 barbu
2087 892 42 24 (un
2147 891 147 22 combattent
2314 890 40 22 de«
2374 886 89 29 premiè-

1891 928 38 18 res
1945 920 98 26 ï'Tnes),
2061 926 31 16 un
2110 919 89 22 n'-'e'-ln
2222 918 61 23 (ce'u
2286 919 5 12 T
2310 918 38 22 nui
2368 918 35 21 est
2419 916 53 22 bô<-n

1890 949 98 23 abrité),
2007 955 30 14 un
2056 948 147 21 cra*-a-.;teux
2223 946 70 24 (ce'ui
2313 945 38 27 qui
2368 945 104 25 nataup-j

1892 978 58 22 dans
1974 976 24 22 la
2021 975 59 22 boue
2103 975 41 22 des
2169 973 146 25 tran"hée«V
2340 979 31 16 un
2396 972 76 23 zir>7'ri

1893 1005 42 24 (un
1955 1002 203 24 eantonnTieio).
2176 1009 32 14 un
2227 1001 103 22 Frido'ii
2351 1001 43 22 'un
2410 999 62 24 AVe-

1891 1032 92 23 man<n,
2007 1037 31 15 un
2062 1030 89 23 bouff*-
2151 1029 8 15 ,
2162 1036 7 8 *
2167 1036 7 10 ,
2176 1030 45 25 ïns.
2246 1036 31 15 "n
2304 1027 169 24 Hltle-mu-V.

1890 1067 30 15 un
1935 1058 72 25 ydolf
2009 1058 5 15 :
2017 1066 14 14 n
2049 1057 43 23 (un
2106 1057 114 25 n'ziste),
2233 1056 111 22 Plum°!iU
2362 1056 43 25 (M.
2420 1056 42 21 lic-

1890 1088 57 26 ier),
1968 1093 30 15 un
2023 1085 134 23 nvîsimii'.er
2184 1084 57 22 (une
2265 1090 66 16 cons*
2329 1090 6 10 1
2337 1091 45 15 mtr
2386 1090 11 10 fl
2401 1084 61 21 ti's*oi

1890 1122 31 16 un
1945 1114 113 23 nalaeVer
2084 1113 41 25 (un
2149 1111 106 23 annareil
2278 1111 28 23 de
2328 1112 25 22 T.
2378 1112 22 21 S.
2423 1110 49 25 F.\

1890 1150 31 16 un
1937 1142 55 23 d-'a
2011 1141 57 26 (une
2087 1139 64 24 sol.'e
2169 1139 141 25 iounw'rre
2328 1139 27 23 de
2375 1140 28 21 10
2419 1139 52 23 fr).

1893 1170 149 23 rss.s-hlup'-.er
2064 1168 145 26 (s'acc-'nare
2212 1174 6 9 1
2219 1174 6 6 -
2247 1167 48 24 de),
2319 1174 31 15 un
2374 1173 8 10 T
2381 1173 91 17 *oom*>T*

1890 1198 87 24 d'acior
1996 1197 58 22 (une
2071 1202 80 18 couve»*
2155 1194 76 25 ture).
2251 1201 30 15 un
2303 1194 107 23 «-a^selar
2429 1194 41 25 (un

1890 1224 127 26 t-niin'er).
2036 1231 31 15 un
2087 1223 80 24 solide,
2185 1229 32 15 un
2237 1222 137 23 mousta-'hu
2395 1229 28 15 ou
2442 1229 30 15 un

1891 1253 83 24 n-ivaH
2011 1251 71 23 (celui
2116 1251 39 23 eeii
2187 1250 38 23 n'a
2254 1257 43 17 pas
2319 1249 47 23 *fro
2368 1250 6 14 ;
2377 1250 13 22 d
2425 1256 45 16 un

1890 1288 83 16 vpnac,.
1989 1281 44 23 et".

1923 1314 60 22 Sans
2009 1312 69 22 d-omte
2104 1310 66 23 est-il
2193 1311 54 26 trop
2273 1309 39 22 tôt
2338 1308 135 29 cepToidanî

1891 1347 58 20 pour
1965 1339 134 23 considérer
2115 1345 43 19 que
2175 1339 55 22 tous
2246 1344 38 16 ces
2300 1338 61 21 mots
2378 1337 42 21 ont
2436 1336 37 22 été

1891 1367 122 24 consacrés
2035 1373 45 21 par
2100 1366 87 24 l'ar*eot
2207 1365 120 23 militaire.

1921 1402 34 22 La
1972 1407 86 21 guerre
2076 1399 172 26 d'aujo-ird'hui
2268 1398 39 23 n'a
2328 1404 43 21 pas
2391 1404 78 16 ea.'rort

1891 1429 80 26 acquis
1991 1435 42 15 son
2055 1428 69 25 style.
2144 1427 51 23 Elle
2215 1427 39 23 n'a
2271 1433 43 17 pas
2334 1432 83 16 encore
2438 1427 35 19 -'t-

1891 1457 61 23 teint
1973 1456 22 22 le
2019 1456 82 22 climat
2125 1462 54 16 'nus
2203 1454 76 24 leouel
2305 1453 112 24 s'élabore
2441 1458 31 16 un

1888 1483 149 24 vocabulaire
2050 1483 114 25 définitif,
2177 1483 82 22 climat
2271 1482 48 22 fait
2332 1482 67 22 d'une
2413 1488 60 16 co-n-

1890 1511 113 23 munauté
2020 1511 88 22 d'âmes
2123 1516 24 17 et
2165 1510 67 24 d'une
2251 1510 81 23 ident'1
2338 1510 12 22 é
2365 1510 27 23 de
2409 1515 53 17 réac-

1889 1539 70 24 tions,
1976 1545 54 16 sous
2048 1538 85 23 l'enfer
2153 1539 27 21 -le
2197 1538 23 23 la
2239 1537 110 25 mitrai'l?
2369 1544 28 15 ou
2418 1543 54 17 jous

1890 1566 21 24 le
1927 1573 59 20 coup
2002 1567 40 22 des
2061 1566 146 23 souffrances
2224 1565 140 23 collectives.

1922 1656 25 12 »•
1970 1655 40 22 LE
2034 1655 174 22 MINISTERE
2231 1655 60 22 DES
2316 1654 158 23 AFFAIRES

1892 1683 208 23 ETRANGERES
2118 1683 40 21 ET
2173 1682 44 22 DU
2232 1682 174 23 COMMERCE
2422 1682 40 21 IN-

1890 1710 138 23 TERIEUR
2049 1717 14 15 a
2083 1710 80 24 dSLO'dé
2183 1710 54 27 qu'à
2259 1710 57 23 titre
2335 1711 138 26 provisoioe,

1893 1740 33 22 ies
1951 1738 181 23 ressortissants
2159 1738 149 23 néerlandais
2336 1741 24 19 et
2385 1738 78 23 luxem-

1891 1766 123 27 bourgeois
2028 1772 28 15 ne
2070 1768 55 20 sont
2139 1773 42 20 pas
2195 1767 88 23 soumis
2297 1767 14 22 à
2327 1764 146 30 l'obligatiCQ

1891 1795 31 22 du
1937 1796 53 20 visa
2007 1794 49 22 s'ils
2073 1801 25 16 se
2115 1794 100 22 rendent
2234 1794 14 22 à
2264 1794 24 22 la
2307 1794 70 22 Foire
2397 1800 5 15 :
2422 1793 51 22 leur

1891 1825 124 24 passeport
2034 1822 104 22 national
2158 1822 74 23 suffit.

1922 1850 36 22 En
1977 1857 25 15 ce
2021 1850 39 26 qui
2080 1856 112 18 cooiecrne
2213 1849 34 23 les
2266 1851 80 21 autres
2367 1856 68 20 pays,
2454 1849 21 23 le

1891 1878 53 22 visa
1966 1880 37 20 est
2025 1877 90 22 délivré
2138 1878 174 26 gratuitement
2334 1881 25 19 et
2382 1877 80 27 rapide-

1891 1907 65 21 ment
1977 1912 44 20 par
2043 1905 35 23 les
2103 1905 116 23 auî.orités
2243 1905 181 27 diplomatiques
2450 1907 24 20 et

1890 1933 145 22 consulaires
2055 1932 80 27 belges
2158 1939 47 16 aux
2225 1935 128 25 exposants
2374 1936 23 20 et
2417 1932 45 22 visi-

1892 1963 65 20 teurs
1975 1961 27 24 de
2019 1961 23 22 la
2060 1960 127 27 prochaine
2203 1961 68 22 Foire
2288 1961 186 21 Internationale

1892 1989 27 22 de
1936 1988 129 26 Eruxelies,
2079 1988 40 27 qui
2135 1995 24 15 se
2174 1988 61 24 tient
2248 1989 30 21 du
2293 1989 13 21 6
2321 1995 31 15 au
2367 1989 26 21 17
2410 1994 65 16 mars

1892 2017 59 21 dans
1973 2016 35 22 les
2031 2016 80 22 Palais
2133 2016 29 22 du
2188 2016 147 22 Centenaire.

1922 2061 25 12 ♦*
1974 2060 41 23 LA
2041 2060 170 22 SITUATION
2241 2060 230 26 LINGUISTIQUE

1887 2089 38 21 fin
1947 2089 94 25 janvier
2065 2089 64 25 1940,
2153 2089 39 22 des
2216 2089 130 26 régiments
2373 2088 90 22 d'infan-

1892 2116 65 26 terie,
1985 2116 139 23 d'artillerie
2149 2119 24 20 tt
2211 2117 133 26 motorisés,
2370 2116 105 22 s'étaL-lit

1891 2151 88 15 comme
1995 2144 50 22 suit
2064 2150 7 16 :

1921 2172 34 22 De
1970 2172 89 26 régime
2075 2171 115 27 français,
2208 2172 28 21 22
2255 2179 21 20 p.
2293 2178 29 20 c;
2340 2172 27 22 de
2384 2171 89 27 régime

1891 2199 116 26 flamand,
2029 2199 27 22 25
2080 2205 23 21 p.
2124 2206 29 19 c;
2177 2200 28 22 cle
2227 2199 91 27 régime
2341 2199 82 26 mixte,
2446 2200 27 21 ô3

1891 2234 22 20 p.
1933 2234 19 15 c.

1920 2254 63 23 Celle
2003 2254 41 23 des
2065 2254 127 23 bataillons
2212 2255 31 22 du
2262 2255 69 26 génie
2354 2262 6 15 :

1919 2283 34 22 De
1969 2282 91 27 régime
2077 2282 114 27 fraooçais,
2208 2284 28 20 46
2251 2289 21 20 p.
2290 2290 29 18 c;
2337 2282 27 23 de
2382 2282 90 26 régime

1890 2310 115 26 flamand,
2018 2311 28 21 20
2061 2317 23 20 p.
2098 2317 30 19 c.;
2142 2311 28 23 de
2185 2310 91 26 régime
2289 2310 81 26 mixte,
2385 2310 29 22 34
2424 2316 14 20 p
2448 2318 25 15 .c.

1922 2356 25 12 ••
1983 2355 208 23 L'INDEMNITE
2225 2355 42 22 DE
2299 2355 117 22 MILICE.
2445 2366 31 5 —

1895 2384 104 27 Lorsque
2026 2384 22 22 le
2075 2383 117 23 militaire
2220 2383 71 26 soldé,
2315 2383 99 26 rappelé
2442 2389 28 16 ou

1890 2412 123 22 maintenu
2030 2418 55 16 sous
2102 2411 35 23 les
2154 2412 121 26 drapeaux
2294 2413 38 20 est
2351 2411 123 26 religieux,

1890 2447 38 15 ses
1944 2441 88 25 ayants
2049 2439 64 22 droit
2129 2444 102 22 peuvent
2246 2439 128 27 prétendre
2390 2439 14 22 à
2422 2439 40 21 l'in-

1890 2468 104 22 demnité
2009 2468 29 22 de
2055 2467 78 23 milice
2153 2467 88 27 prévue
2260 2468 15 21 à
2294 2466 100 23 l'article
2413 2467 13 22 3
2445 2466 28 23 de

1891 2495 96 23 l'arrêté
2002 2496 68 25 royal
2086 2495 32 22 du
2134 2496 27 21 27
2178 2495 94 22 octobre
2290 2495 63 22 1939.

1920 2523 36 22 En
1976 2529 76 16 aucun
2072 2529 47 20 cas,
2141 2523 139 26 cependant,
2302 2525 63 25 cejte
2386 2522 77 22 indem-

1891 2551 49 22 nité
1963 2557 30 17 ne
2016 2553 58 25 peut
2093 2550 50 24 être
2166 2550 112 23 accordée
2302 2556 47 16 aux
2370 2556 104 16 comnoui-

1891 2578 84 23 nautés
1996 2578 141 27 religieuses
2159 2585 31 16 ou
2213 2585 47 15 aux
2282 2577 192 23 établissements

1890 2606 159 27 hospitaliers,

1922 2650 25 12 **
1965 2650 58 23 LES
2039 2650 112 22 DROITS
2170 2650 60 22 DES
2250 2649 165 23 OFFICIERS
2433 2649 42 21 DE

1890 2677 150 24 RESERVE.
2055 2690 31 4 —
2102 2678 36 22 En
2155 2678 101 26 réponse
2272 2678 15 22 à
2304 2685 44 15 une
2366 2678 107 26 question

1890 2705 182 26 îiai-lementaire
2092 2705 22 22 le
2135 2705 58 22 min.
2195 2705 64 22 stère
2280 2705 29 22 de
2328 2705 24 22 la
2371 2705 103 22 Défense

1891 2733 119 22 nationale
2027 2733 67 22 vient
2110 2733 27 22 de
2152 2733 105 26 préciser
2272 2739 25 16 ce
2313 2733 40 26 qui
2369 2732 50 23 suit
2437 2739 6 16 :

1919 2761 21 21 1.
1956 2760 40 22 Un
2013 2761 91 22 officier
2119 2767 29 16 ce
2166 2760 94 22 réserve
2280 2762 75 24 ayant
2373 2760 100 22 remoncé

1890 2788 14 22 à
1921 2788 169 22 l'avancement
2106 2789 57 26 peut
2181 2788 59 22 dans
2258 2789 22 21 la
2298 2788 63 22 suite
2376 2793 88 23 repren-

1891 2814 40 24 dre
1946 2822 38 16 ses
2001 2816 74 22 droits
2093 2816 60 23 mais
2172 2822 42 20 pas
2234 2822 42 16 son
2294 2816 148 26 ancienneté;

1919 2844 20 23 2.
1956 2843 38 22 Un
2010 2843 90 22 officier
2114 2844 28 22 de
2158 2843 95 22 réserve
2268 2845 57 25 peut
2341 2843 51 22 être
2407 2850 53 16 nom-

1890 2871 36 22 mé
1942 2871 118 27 capitaine
2075 2871 168 23 comnandant
2259 2871 27 23 de
2304 2871 95 23 réserve
2417 2878 56 17 sans

1891 2898 66 23 avoir
1981 2899 110 26 présenté
2114 2901 24 20 et
2158 2899 77 22 réussi
2257 2905 43 16 son
2322 2904 101 17 examen
2446 2900 27 23 de

1889 2926 129 27 capitaine;

1918 2954 21 22 3.
1960 2953 40 22 Un
2019 2953 92 23 officier
2131 2954 28 23 de
2179 2954 96 23 réserve
2297 2955 75 25 ayant
2391 2953 81 25 refusé

1889 2981 34 23 les
1940 2981 81 23 ordres
2040 2983 25 21 et
2084 2982 34 22 les
2139 2981 151 24 distinctions
2310 2982 162 27 honorifiques

1889 3009 114 27 auxquels
2023 3009 17 22 il
2060 3009 67 23 avait
2145 3010 63 22 droit
2228 3012 57 24 peut
2303 3010 59 22 dans
2383 3010 23 22 la
2426 3016 37 16 sui-

1890 3038 32 25 te,
1942 3036 70 27 après
2032 3036 67 23 avoir
2120 3037 74 27 repris
2217 3043 42 17 son
2282 3037 56 23 titre
2361 3038 113 22 d'officier

1889 3064 28 23 de
1938 3064 114 27 réserve,,
2060 3065 126 26 prétendre
2208 3065 15 22 à
2243 3065 106 23 recevoir
2369 3065 35 23 les
2426 3066 36 22 dis-

1887 3091 114 23 tinctions
2013 3092 136 26 auxquelles
2161 3092 18 23 il
2191 3099 15 15 a
2221 3100 30 16 eu
2264 3093 63 22 droit
2340 3093 62 23 mais
2415 3100 56 16 sans

1890 3119 58 23 effet
1966 3119 134 23 rétroactif.

1887 3218 150 26 d'honnêtes
2059 3225 62 22 gens
2144 3219 44 28 qui
2211 3219 103 24 suivent
2335 3219 24 25 la
2384 3219 34 24 loi
2441 3219 32 24 du

1887 3248 116 25 moindre
2020 3248 78 26 effort
2118 3250 26 23 et
2161 3249 33 25 du
2213 3249 180 26 laisser-faire.
2412 3258 13 16 »

1920 3322 72 25 Nous
2005 3329 32 17 ne
2050 3328 112 23 pouvons
2176 3322 247 24 malheureusement
2437 3329 28 17 re-

1889 3352 121 28 produire
2031 3359 31 17 en
2081 3352 85 25 entier
2186 3352 107 25 l'article
2320 3353 31 24 de
2381 3352 93 25 Claude

1887 3382 123 28 Renaudy
2026 3383 26 23 et
2068 3389 63 18 nous
2148 3389 79 18 avons
2243 3383 34 24 dû
2294 3383 68 24 faire
2378 3383 31 24 de
2425 3383 39 24 lar-

1888 3419 45 22 ges
1953 3419 93 22 coupes
2068 3413 63 24 dans
2161 3420 45 18 son
2235 3414 78 23 texte.
2346 3413 129 28 Espérou5

1887 3443 149 25 néanmoins
2059 3450 49 22 que
2133 3443 36 25 les
2193 3443 82 29 lignes
2302 3443 110 26 données
2436 3450 27 17 se-

1888 3475 58 24 ront
1965 3480 34 17 un
2016 3473 199 25 avertissement
2231 3480 65 22 pour
2315 3474 36 24 les
2368 3476 106 27 parent^

1887 3502 130 25 chrétiens
2032 3504 44 28 qui
2094 3510 31 18 ne
2140 3504 172 29 permettront
2327 3504 57 29 plus
2400 3504 15 24 à
2431 3511 32 17 au-

1886 3541 49 16 cun
1954 3534 45 24 des
2019 3533 130 29 journaux
2166 3534 113 26 nommés
2299 3533 126 27 ci-dessus
2445 3535 29 23 de

1887 3563 120 29 pénétrer
2022 3564 64 26 dans
2102 3564 55 24 leur
2173 3565 82 28 foyer.

1920 3594 72 26 Nous
2008 3601 78 18 avons
2102 3601 48 22 peu
2169 3595 31 23 de
2215 3595 129 28 journaux
2361 3594 113 25 illustrés

1888 3631 64 22 pour
1974 3624 112 29 enfants,
2107 3632 31 17 en
2162 3624 130 30 Belgique,
2312 3628 27 22 et
2358 3625 65 26 celui
2443 3626 31 24 de

1887 3655 43 28 qui
1943 3661 65 18 nous
2021 3655 148 24 attendions
2182 3655 23 24 le
2219 3655 64 29 plus,
2298 3662 32 17 vu
2344 3655 61 29 qu'il
2418 3656 56 25 sort

1883 3685 79 24 "d'une
1983 3685 32 24 de
2034 3691 46 17 nos
2100 3685 144 25 meilleures
2264 3686 113 24 maisons
2397 3685 66 24 d'édi-

1888 3715 55 24 tion
1964 3722 7 17 :
1991 3724 13 15 «
2021 3715 92 29 Spirou
2132 3724 21 20 »,
2169 3722 64 17 nous
2248 3723 16 16 a
2280 3715 195 29 profondément

1888 3745 69 29 déçu,
1977 3752 46 18 car
2042 3745 36 25 lui
2098 3746 71 24 aussi
2191 3745 87 25 utilise
2296 3753 67 22 pour
2381 3748 82 24 certai-

1887 3782 45 18 nes
1954 3775 31 24 de
2005 3782 42 19 ses
2070 3782 79 23 pages
2172 3776 36 24 les
2230 3776 101 25 dessins
2353 3776 120 30 d'Opéra-

1888 3806 90 24 Mundi
2005 3808 26 22 et
2054 3805 75 25 d'une
2156 3807 74 23 autre
2255 3813 94 22 agence
2374 3808 43 28 qui
2442 3814 32 17 ne

1886 3837 63 23 vaut
1962 3843 47 22 pas
2025 3836 93 24 mieux.
2135 3836 34 25 Ce
2184 3836 66 29 n'est
2265 3845 46 22 pas
2327 3836 24 26 la
2366 3837 97 30 premiè-

1888 3871 27 20 re
1931 3866 52 25 fois
1995 3873 49 22 que
2058 3867 43 25 des
2115 3868 105 28 parents
2234 3874 63 20 nous
2312 3869 45 23 ont
2373 3868 90 24 deman-

1886 3897 30 24 dé
1930 3896 31 24 de
1975 3898 130 28 protester
2121 3898 16 24 à
2151 3905 27 17 ce
2193 3898 78 29 sujet,
2286 3898 114 30 puisque,
2419 3899 43 28 jus

1887 3927 57 29 qu'à
1967 3927 111 29 présent,
2102 3935 63 18 nous
2190 3935 79 19 avons
2292 3929 119 28 toujours
2434 3937 28 17 re-

1888 3958 146 24 commandé
2045 3960 41 23 cet
2100 3959 100 24 illustré
2212 3958 80 29 belge,
2309 3968 12 16 t
2335 3959 64 24 Dick
2412 3960 63 23 Tra-

1887 3994 30 22 cy
1937 3997 20 19 »,
1980 3997 12 14 <
2013 3988 193 25 Marc-Hercule
2229 3998 12 15 »
2262 3991 26 22 et
2309 3990 112 25 d'autres
2442 3990 30 23 de

1886 4025 41 17 ses
1945 4018 78 26 récits
2036 4021 60 23 sont
2110 4020 43 24 des
2168 4020 122 25 histoires
2304 4020 43 28 qui
2364 4027 32 17 ne
2410 4020 52 26 tien-

1887 4049 61 23 nent
1976 4055 47 22 pas
2052 4048 94 25 debout
2174 4050 27 23 et
2229 4050 43 28 qui
2302 4050 171 25 déshonorent

1887 4087 12 16 «
1919 4078 93 29 Spirou
2029 4088 21 15 ».
2067 4079 129 29 Espérons
2213 4087 48 22 que
2277 4080 68 27 leurs
2364 4080 108 30 exploits

1887 4109 106 24 finiront
2013 4108 100 26 bientôt
2133 4111 27 23 et
2179 4117 49 21 que
2249 4118 63 17 nous
2336 4118 94 18 aurons
2451 4113 22 24 le

1886 4138 92 30 plaisir
1990 4139 43 29 d'y
2045 4140 58 24 voir
2116 4140 56 29 plus
2187 4140 31 25 de
2234 4141 100 26 dessins
2348 4141 31 25 de
2393 4142 69 24 dessi-

1888 4170 105 24 nateurs
2011 4169 86 28 belges
2115 4177 32 17 ou
2166 4171 80 24 même
2264 4171 123 29 français,
2407 4172 66 24 mais

1887 4200 61 23 dont
1962 4202 35 23 les
2011 4207 99 18 œuvres
2124 4203 94 22 auront
2232 4201 41 24 été
2287 4202 125 28 inspirées
2426 4208 47 23 par

1886 4230 24 24 la
1927 4229 132 24 mentalité
2075 4230 30 25 de
2121 4230 59 24 chez
2195 4238 72 17 nous.

1919 4260 35 24 Et
1969 4260 168 28 maintenant,
2152 4268 47 21 que
2213 4269 63 17 nous
2288 4269 79 18 avons
2381 4262 91 25 démoli

1887 4292 58 24 tous
1963 4297 42 19 ces
2024 4291 117 24 mauvais
2160 4291 65 24 amis
2252 4292 31 24 de
2310 4299 46 19 nos
2384 4293 88 29 petits,

1887 4326 48 23 que
1950 4319 227 26 conseillons-nous
2194 4322 16 23 à
2226 4328 46 18 nos
2291 4323 106 23 enfants
2410 4323 11 24 ?

1917 4350 41 25 En
1976 4350 131 30 Belgique,
2127 4361 13 15 «
2149 4352 35 24 Le
2203 4352 71 25 Petit
2292 4352 148 29 Vingtième
2450 4363 20 18 »,

1886 4382 43 28 qui
1949 4381 87 29 paraît
2055 4383 23 25 te
2096 4382 80 29 jeudi,
2198 4391 13 16 c
2231 4383 83 26 Petits
2337 4384 92 28 Belges
2450 4394 21 18 »,

1887 4418 76 19 revue
1979 4412 198 29 eucharistique,
2194 4414 65 26 mais
2275 4414 43 28 qui
2338 4421 31 20 ne
2388 4414 73 24 dédai-

1886 4448 50 23 gne
1953 4449 46 22 pas
2018 4441 36 27 les
2072 4444 180 28 amusements,
2270 4444 37 25 les
2325 4444 74 29 jolies
2420 4444 41 24 his-

1887 4472 87 28 toires,
2002 4474 36 24 les
2062 4479 103 18 romans
2189 4473 156 28 émouvants,
2370 4474 36 24 les
2433 4475 30 23 dé-

1885 4503 150 26 lassements
2055 4502 31 25 de
2105 4504 59 24 tous
2181 4509 93 23 genres
2288 4511 7 21 ;
2315 4513 13 15 c
2346 4504 34 24 Le
2400 4504 60 25 Croi-

1887 4532 27 26 sé
1930 4541 21 16 ».
1968 4532 40 25 En
2024 4532 98 25 France
2143 4540 8 18 :
2169 4542 13 15 <
2198 4533 104 25 Pierrot
2317 4543 21 20 »,
2353 4540 66 22 pour
2436 4535 36 24 les

1887 4568 116 23 garçons,
2024 4570 12 16 €
2060 4563 97 25 Lisette
2177 4572 21 19 »,
2219 4564 24 25 la
2264 4573 13 15 «
2300 4564 118 25 Semaine
2440 4565 31 24 de

1886 4592 103 33 Suzetije
2007 4601 14 16 »
2040 4600 65 22 pour
2122 4593 37 25 les
2177 4593 71 29 filles,
2269 4603 12 15 c
2301 4594 136 29 Benjamin
2456 4604 13 16 »

1886 4629 65 24 pour
1963 4625 37 25 les
2015 4623 57 29 plus
2090 4623 44 26 de.
2138 4623 78 25 douze
2230 4631 48 18 ans
2293 4626 26 23 et
2332 4625 86 25 toutes
2435 4625 36 24 les

1886 4652 170 31 publications
2080 4654 31 24 de
2133 4655 25 25 la
2182 4654 87 24 Bonne
2294 4655 92 24 Presse
2410 4655 61 24 dont

1887 4690 63 19 nous
1971 4683 144 27 donnerons
2136 4684 23 24 le
2181 4684 77 28 détail
2282 4684 58 26 d'ici
2362 4692 56 22 peu,
2442 4686 29 24 de

1885 4714 80 24 même
1987 4713 91 30 qu'une
2103 4715 59 25 liste
2186 4714 56 30 plus
2273 4715 122 29 complète
2426 4716 43 25 des

1887 4744 63 25 bons
1970 4744 113 26 illustrés
2103 4752 65 22 pour
2193 4746 114 25 enfants.
2335 4746 136 29 Signalons

1886 4774 78 29 aussi,
1987 4781 64 23 pour
2073 4774 36 27 les
2131 4775 106 28 enfants
2261 4776 43 29 qui
2327 4776 97 25 aiment
2446 4778 24 24 la

1887 4805 95 25 lecture
1998 4812 60 18 sans
2076 4812 27 18 se
2121 4805 154 30 préoccuper
2290 4807 44 25 des
2352 4807 97 28 images
2464 4815 6 17 :

1886 4845 13 15 «
1919 4834 183 27 Presto-Films
2121 4845 21 18 ».
2160 4836 129 25 collection
2309 4838 15 24 à
2342 4838 31 23 50
2391 4838 68 24 centi-

1886 4873 53 18 mes
1955 4866 43 29 qui
2017 4866 86 29 paraît
2119 4866 95 30 chaque
2231 4867 111 25 semaine
2357 4875 6 20 ;
2383 4877 13 15 «
2416 4868 43 25 Col-

1884 4896 92 25 lection
1993 4896 147 31 Printemps
2158 4906 21 19 »,
2196 4897 16 26 à
2228 4898 31 24 75
2278 4898 130 29 centimes,
2427 4906 31 21 pa-

1886 4927 53 24 raît
1957 4926 142 29 éjalement
2117 4927 96 28 chaque
2234 4928 112 25 semaine
2361 4935 6 22 ;
2389 4938 13 15 «
2423 4929 46 24 Les

1888 4957 89 25 Livres
1994 4957 79 26 Roses
2090 4964 66 22 pour
2172 4957 24 27 la
2214 4958 119 29 jeunesse
2352 4968 21 20 »,
2392 4960 14 24 1
2427 4960 35 24 fr.

1885 4989 92 28 petites
1993 4987 170 31 publications
2179 4995 47 23 que
2242 4989 48 26 l'on
2306 4992 90 23 trouve
2412 4997 47 23 par-

1885 5020 64 24 tout.

1916 5049 95 26 Veiilez
2028 5050 70 25 donc,
2116 5052 112 28 parents,
2246 5058 50 19 aux
2313 5051 108 26 lectures
2439 5052 29 25 de

1885 5088 44 18 vos
1948 5081 112 24 enfants.
2080 5080 71 26 Nous
2169 5088 79 19 avons
2266 5082 90 28 poussé
2378 5089 33 18 un
2431 5083 37 25 cri

1886 5111 126 25 d'alarme,
2047 5112 135 25 écoutez-le
2215 5114 25 22 et
2265 5107 79 31 juttez
2358 5120 6 18 :
2392 5113 77 25 luttez

1884 5148 65 19 pour
1969 5141 142 26 combattre
2131 5142 98 26 ceux-là
2250 5143 44 29 qui
2322 5150 32 18 ne
2382 5144 86 25 voient

1886 5173 63 25 dans
1968 5172 74 26 l'âme
2060 5173 31 25 de
2112 5180 46 18 nos
2176 5174 79 29 petits
2274 5173 75 30 qu'un
2368 5175 100 28 terrain

1886 5203 190 30 d'exploitation
2099 5204 61 27 dont
2183 5210 49 20 eux
2262 5204 66 26 seuls
2358 5204 112 26 tireront

1887 5235 42 25 des
1950 5233 123 26 bénéfices
2086 5235 8 24 !
2213 5234 28 26 L.
2260 5235 174 26 HOUBEAU.
2466 5232 10 20 '

2701 220 179 58 Belges,

2503 297 228 31 secourez
2756 280 40 46 la
2824 280 220 46 Finlande
3064 280 13 46 !

2526 377 32 20 La
2582 376 109 25 Belgique
2717 380 13 15 a
2755 374 104 25 répondu
2882 375 70 20 d'une
2977 376 103 21 mo-,iière

2498 405 137 21 émouvante
2655 407 24 19 et
2700 403 110 20 unanime
2832 407 45 16 aux
2898 403 79 24 appels
2997 408 31 16 au
3048 408 26 16 se-

2498 437 66 15 cours
2581 437 38 19 quo
2637 432 32 20 lui
2687 433 41 18 ont
2746 430 36 22 été
2800 431 104 20 adressés
2920 436 31 15 au
2968 431 69 24 profit
3054 432 29 19 de

2497 460 23 20 la
2539 459 119 24 Finlande,
2678 458 92 23 victime
2788 459 30 21 de
2836 458 133 24 l'agression
2986 463 70 16 russe.

2524 488 45 22 Nos
2585 487 163 25 compatriotes
2764 490 41 19 ont
2820 487 99 23 compris
2934 491 44 19 que
2994 487 20 20 le
3030 491 45 20 peu-

2497 516 37 25 ple
2551 516 109 23 héroïque
2677 515 29 20 de
2724 514 119 21 Finlande,
2860 515 88 19 luttant
2966 519 58 19 pour
3040 519 43 17 son

2500 544 175 24 indeijendance
2700 544 23 18 et
2748 547 25 15 sa
2799 541 88 25 liberté,
2913 541 81 21 luttxtit
3019 542 62 20 aussi

2498 577 57 20 pour
2573 576 12 15 «
2604 572 50 20 leur
2673 575 12 15 »
2703 570 144 23 civilisation,
2866 575 12 15 «
2897 570 50 20 leur
2965 575 12 15 »
2996 570 87 23 liberté,

2497 605 12 14 «
2524 600 49 20 leur
2587 604 12 15 »
2615 598 115 25 indépend
2743 602 45 17 ,ice
2798 604 5 17 ;
2821 598 28 20 ils
2863 602 24 18 se
2900 600 54 18 sont
2969 602 114 18 souvenus

2496 628 29 20 de
2544 627 24 20 la
2587 627 78 24 parole
2684 626 32 20 du
2735 627 43 19 Roi
2798 625 77 22 Albert
2896 625 151 25 proclamant,
3066 625 18 22 il

2498 660 14 19 y
2528 659 14 16 a
2558 659 32 16 un
2605 656 67 23 quart
2688 654 29 22 de
2731 653 75 25 s.èele,
2821 654 37 24 qu'
2874 659 12 14 «
2901 658 32 16 un
2949 653 81 25 peuple
3045 653 39 25 qui

2497 683 59 20 lutte
2571 687 58 20 pour
2642 687 43 15 son
2700 681 173 25 Indépendance
2887 686 30 17 ne
2931 682 60 24 périt
3006 686 43 20 pas
3063 686 19 15 ».

2524 711 43 20 Les
2586 715 91 17 secours
2696 714 42 18 ont
2757 709 69 20 afflué
2845 709 29 22 de
2893 710 52 19 tous
2964 709 33 21 les
3016 708 69 21 côtes.

2497 739 54 21 Plus
2569 739 55 20 d'un
2642 738 88 20 million
2748 737 29 23 de
2796 738 78 23 francs
2892 739 41 19 ont
2951 737 37 20 été
3006 737 78 20 réunis

2497 771 42 20 par
2553 767 22 22 le
2590 766 83 21 comité
2688 766 28 23 de
2731 765 93 23 l'œuvre
2839 770 12 15 «
2866 766 44 20 Pro
2924 765 126 22 Juventute
3065 770 18 16 ».

2498 795 87 24 dirigée
2603 799 43 20 par
2665 794 21 21 le
2707 794 71 19 baron
2799 794 68 21 Louis
2886 792 105 25 Empaln,
3011 793 39 23 qui
3071 796 14 15 a

2498 823 70 20 tonde
2585 823 40 22 des
2643 826 79 20 camps
2739 826 57 20 pour
2812 821 96 21 enfants
2925 825 29 16 en
2971 820 113 20 Finlande

2498 851 80 23 même,
2600 853 24 19 et
2645 850 32 22 les
2699 849 58 23 dons
2779 849 136 20 continuent
2938 848 109 20 d'arriver
3069 846 14 21 à

2497 880 61 21 cette
2580 882 78 16 œuvre
2686 877 132 23 méritante.
2848 877 34 22 De
2911 876 49 20 leur
2982 875 57 22 côté,
3061 875 23 20 la

2497 907 156 23 Croix-Rouge
2670 905 29 22 de
2717 904 108 25 Belgique
2843 906 22 20 et
2884 908 36 17 ses
2937 902 148 22 nombreuses

2497 936 99 19 sect.ons
2611 933 83 21 locales
2709 936 41 17 ont
2765 937 29 16 eu
2809 932 129 21 l'initiative
2954 931 130 20 d'instituer

2498 966 46 19 une
2560 967 13 15 «
2590 962 101 22 semaine
2709 960 29 23 de
2755 960 115 25 privation
2888 965 12 14 »
2917 959 38 24 qui
2973 964 14 15 a
3006 958 79 20 trouvé

2499 994 32 16 un
2554 990 56 20 écho
2634 988 99 25 profond
2756 988 60 21 dans
2839 988 23 20 la
2886 986 135 26 population
3045 986 40 19 des

2496 1017 73 21 écoles
2584 1019 24 19 et
2623 1017 59 22 dans
2697 1018 76 20 toutes
2788 1016 33 22 les
2835 1015 84 21 classes
2934 1014 28 21 de
2977 1014 24 21 la
3014 1013 61 22 socié-

2499 1046 22 20 té
2541 1055 5 13 :
2565 1050 45 15 une
2625 1049 87 16 so.nnie
2727 1042 156 22 considérable
2899 1047 14 16 a
2928 1042 37 21 été
2980 1041 108 21 collectée

2497 1073 14 19 à
2531 1074 60 19 cette
2611 1072 112 22 occasion.
2743 1076 12 15 «
2775 1071 43 19 Les
2837 1069 97 21 Amitiés
2953 1068 133 25 Belgo-Fin-

2498 1101 116 20 landaises
2628 1105 11 14 »
2654 1099 72 23 enfin,
2742 1099 39 24 qui
2795 1100 41 18 ont
2852 1097 65 21 lancé
2933 1098 21 21 le
2969 1098 51 20 tout
3035 1100 41 21 pre-

2498 1129 57 19 mier
2568 1128 67 24 appel
2648 1132 30 16 au
2691 1131 63 21 pays,
2767 1126 20 21 le
2800 1126 52 24 jour
2865 1125 74 21 même
2952 1125 30 20 de
2994 1124 82 24 l'agres-

2497 1156 57 22 sion,
2570 1159 23 19 et
2609 1156 38 24 qui
2663 1156 42 19 ont
2722 1155 85 20 obtenu
2824 1158 58 20 pour
2896 1153 51 20 leur
2962 1156 85 19 œuvre,
3064 1151 21 21 le

2498 1184 58 20 haut
2575 1186 23 20 et
2618 1183 105 25 puissant
2743 1182 127 25 patronage
2889 1181 31 21 du
2940 1182 75 19 comte
3035 1180 51 23 LOp-

2497 1216 63 20 pen«o,
2581 1212 105 20 ministre
2707 1210 83 23 d'Etat,
2812 1209 82 21 ancien
2915 1208 116 25 président
3054 1206 31 21 du

2497 1239 79 23 Sénat,
2594 1241 42 19 ont
2653 1238 31 21 réi
2691 1238 27 23 ili
2736 1237 90 26 jusqu'à
2844 1242 25 18 ce
2887 1237 53 24 jour
2956 1236 52 25 plus
3025 1235 29 23 de
3071 1235 13 19 2

2497 1267 100 21 millions
2614 1267 29 20 de
2661 1267 78 22 francs
2757 1270 30 17 en
2803 1265 99 26 espèces,
2920 1263 156 26 indépendam-

2499 1296 64 19 ment
2584 1295 41 22 des
2647 1293 117 26 quantités
2786 1292 169 22 considérables
2976 1292 28 21 de
3027 1291 59 21 dons

2499 1326 30 15 en
2550 1323 89 22 nature,
2660 1322 28 22 de
2710 1323 63 19 toute
2795 1321 86 25 espèce,
2901 1321 41 24 qui
2962 1320 49 21 leur
3032 1320 53 19 sont

2498 1354 114 19 pr.rvenus
2639 1351 23 18 et
2690 1350 38 24 qui
2754 1353 42 19 ont
2822 1348 36 21 été
2885 1347 200 22 immédiatement

2499 1377 137 20 acheminés,
2659 1382 41 19 par
2722 1377 60 21 leurs
2803 1377 69 25 soins,
2895 1380 51 18 vers
2966 1375 50 20 leur
3036 1374 49 21 des-

2498 1404 101 22 tinatoci
2617 1405 77 23 finale.
2714 1404 78 21 Parmi
2810 1409 38 18 ces
2866 1403 64 24 dons,
2949 1403 34 21 les
3001 1402 75 26 princi-

2499 1436 62 20 paux
2579 1433 52 21 ùOnt
2655 1437 4 15 :
2680 1432 40 22 des
2739 1432 74 24 objets
2832 1436 30 16 en
2879 1431 68 23 laine,
2965 1431 41 20 des
3024 1429 51 21 vête-

2498 1460 83 25 ments,
2601 1460 40 19 des
2660 1459 52 22 skis,
2732 1459 41 20 des
2792 1459 104 24 produits
2915 1458 161 25 pharmaceuti-

2499 1491 60 21 ques.

2525 1516 59 18 Pour
2600 1514 48 20 être
2665 1513 105 25 complet,
2787 1513 16 20 il
2819 1514 106 20 convient
2941 1513 28 20 de
2983 1514 102 23 signaler

2499 1547 81 18 encore
2600 1541 34 23 les
2654 1541 133 25 fréquentes
2806 1543 24 18 et
2850 1540 173 24 sympathiques
3043 1540 34 20 ini-

2499 1570 92 20 tiatives
2608 1569 72 25 prises
2697 1573 42 20 par
2755 1569 42 22 des
2813 1568 95 20 comités
2924 1568 81 23 divers,
3022 1572 55 19 orga-

2498 1598 79 20 nisant
2591 1601 96 21 pre-que
2700 1600 56 18 sans
2769 1596 155 24 interruption
2936 1595 60 22 dans
3009 1596 77 19 toutes

2499 1626 33 20 les
2550 1625 125 25 provinces,
2694 1624 59 21 fêtes
2770 1624 30 22 de
2818 1623 96 24 charité,
2932 1622 155 23 conférences,

2498 1654 110 23 criiooerts,
2626 1652 196 25 représentations
2839 1650 128 24 théâtrales
2984 1652 24 21 et
3025 1649 52 22 ciné-

2498 1681 208 25 matographiques,
2727 1680 105 21 matches
2851 1679 103 25 sportifs.

2524 1710 21 20 Il
2560 1711 35 19 est
2611 1709 86 24 permis
2711 1708 30 23 de
2756 1707 107 23 conclure
2878 1712 44 19 que
2938 1707 23 20 la
2977 1706 108 25 Belgique

2498 1742 15 16 a
2534 1737 45 21 fait
2600 1736 90 26 jusqu'à
2711 1736 93 25 présent
2825 1740 33 16 un
2880 1735 64 20 vaste
2964 1734 70 21 effort
3055 1737 31 17 en

2499 1765 80 20 faveur
2593 1764 29 21 de
2637 1764 22 20 la
2677 1764 159 20 ma.heureuse
2851 1763 82 20 nation
2947 1762 141 20 Scandinave

2499 1796 29 16 en
2545 1792 59 21 lutte
2622 1791 79 21 contre
2719 1795 33 16 un
2770 1790 150 21 envahisseur
2936 1789 151 20 monstrueux

2498 1821 24 19 et
2540 1824 55 16 sans
2612 1823 89 19 excuse.

2525 1847 121 26 Pourtant,
2666 1847 36 20 cet
2722 1846 73 22 effort,
2814 1850 44 20 que
2876 1845 46 20 l'on
2940 1844 56 25 peut
3014 1843 63 25 quali-

2497 1875 43 21 fier
2559 1875 29 23 de
2608 1874 156 21 considérable
2784 1878 30 17 en
2833 1873 78 21 raison
2930 1873 42 21 des
2991 1871 87 21 difficul-

2499 1903 36 20 tés
2549 1907 43 20 que
2609 1903 21 20 le
2646 1907 57 20 pays
2718 1902 97 24 éprouve
2831 1905 58 21 pour
2904 1904 92 17 assurer
3010 1904 28 16 sa
3052 1899 26 20 sé-

2498 1931 73 21 curité
2592 1935 23 19 et
2636 1935 26 16 sa
2682 1930 150 22 subsistance,
2853 1929 88 20 devrait
2963 1928 48 21 être
3032 1928 54 23 aOg-

2498 1959 85 22 ir.e,-ité.

2524 1987 21 20 Il
2561 1987 59 20 n'est
2637 1991 42 19 pas
2695 1986 101 20 douteux
2812 1989 44 20 que
2873 1984 23 20 la
2912 1982 113 22 Finlande
3042 1984 42 22 est,

2498 2019 30 16 en
2547 2014 97 24 quelque
2663 2014 66 20 sorte,
2750 2013 20 20 le
2791 2012 84 24 champ
2895 2011 28 24 de
2944 2010 93 21 bataille
3057 2010 28 20 de

2499 2043 110 23 l'Europe.
2633 2042 44 21 Les
2699 2041 104 20 hommes
2826 2043 23 19 et
2872 2039 33 21 les
2927 2039 98 21 femmes
3046 2037 40 25 qui

2497 2070 87 20 luttent
2605 2069 79 23 là-bas,
2705 2069 29 21 de
2754 2068 76 20 toutes
2849 2068 62 20 leurs
2931 2067 79 22 forces,
3031 2066 54 21 sont

2499 2098 33 20 les
2555 2097 135 21 défenseurs
2714 2097 32 20 du
2769 2095 139 26 patrimoine
2933 2093 100 22 collectif
3057 2093 28 20 de

2497 2124 137 23 l'humanité
2649 2124 99 23 civilisée
2767 2130 5 16 :
2789 2124 51 22 leur
2854 2122 94 23 victoire
2962 2127 52 16 sera
3029 2122 55 21 celle

2497 2153 29 22 de
2546 2153 24 21 la
2589 2153 89 20 culture
2697 2151 151 25 européenne,
2868 2151 50 21 leur
2936 2150 89 21 défaite
3045 2154 32 16 an-

2498 2181 120 20 noncerait
2635 2180 185 21 l'effondrement
2836 2179 30 23 de
2883 2179 104 24 l'Europe
3004 2178 25 20 et
3045 2177 41 21 des

2498 2209 95 20 nations
2616 2209 32 20 du
2671 2209 110 19 Nouveau
2803 2207 128 21 Continent
2954 2205 132 26 professant

2497 2242 46 16 une
2559 2236 86 21 morale
2660 2236 125 24 identique.

2524 2264 20 21 Il
2567 2266 36 20 est
2626 2265 76 23 temps
2724 2268 45 20 que
2792 2263 21 20 le
2836 2263 85 20 monde
2952 2261 85 21 civilisé
3060 2265 25 16 se

2497 2293 67 24 porte
2577 2292 15 20 à
2606 2292 50 20 leur
2670 2291 59 21 aide.
2743 2292 60 19 Leur
2816 2290 125 21 résistance
2957 2294 14 16 a
2986 2289 36 21 été
3037 2293 39 16 sur-

2498 2320 118 21 humaine.
2636 2319 48 20 Elle
2703 2319 104 24 pourrait
2827 2317 85 23 faiblir.
2932 2317 21 21 Il
2971 2317 53 21 faut
3042 2319 44 22 que

2497 2347 34 21 les
2552 2347 102 20 renforts
2675 2347 74 20 soient
2771 2346 30 25 là,
2823 2347 72 19 avant
2916 2345 24 20 la
2968 2345 64 20 crise.
3054 2345 32 19 Le

2499 2374 83 21 comité
2605 2374 166 21 d'enrôlement
2796 2373 134 24 volontaire,
2962 2372 72 20 établi
3056 2375 31 16 en

2498 2403 81 22 Suède,
2601 2402 30 20 l'a
2654 2402 99 24 compris
2774 2406 31 16 en
2826 2401 142 21 s'intitulant
2990 2405 13 15 «
3025 2400 61 19 Pour

2498 2431 23 20 la
2536 2430 74 22 Suède
2625 2435 30 16 en
2669 2429 112 22 Finlande
2796 2434 19 18 ».
2831 2429 22 20 Il
2865 2429 53 20 faut
2932 2432 44 20 que
2989 2428 22 20 le
3025 2431 52 17 com-

2497 2459 116 24 prennent
2632 2460 53 19 tous
2703 2457 34 21 les
2755 2456 95 21 comités
2869 2456 29 23 de
2916 2459 93 17 secours
3026 2455 60 20 dans

2497 2486 22 21 le
2541 2485 84 22 monde
2651 2490 7 17 :
2688 2490 13 15 «
2722 2485 62 20 Pour
2805 2485 67 21 notre
2895 2482 139 22 civilisation
3056 2486 30 16 en

2497 2514 113 21 Finlande
2629 2518 20 16 ».

2524 2542 39 23 Or,
2578 2542 18 20 il
2612 2542 37 23 n'y
2666 2546 14 15 a
2696 2545 43 20 pas
2754 2544 44 20 que
2814 2540 34 22 les
2863 2539 88 21 soldats
2967 2538 31 21 du
3015 2538 71 22 front,

2497 2570 33 22 les
2546 2574 13 15 «
2575 2570 81 21 Lottas
2672 2573 12 16 »
2701 2567 127 25 intrépides
2843 2567 39 25 qui
2899 2566 149 21 soutiennent
3064 2565 22 21 le

2496 2597 74 21 moral
2586 2598 23 19 et
2625 2596 34 21 les
2674 2596 75 20 forces
2763 2596 42 20 des
2820 2594 164 23 combattants,
2999 2593 19 21 11
3032 2593 53 20 faut

2497 2626 61 19 aussi
2576 2629 83 20 penser
2676 2628 46 16 aux
2739 2623 64 23 civils
2820 2622 97 21 évacués
2933 2633 27 4 —
2976 2622 69 21 vieux
3061 2623 24 19 et

2496 2653 79 20 ruinés
2589 2663 27 4 —
2632 2656 45 16 aux
2694 2652 95 21 enfants
2804 2655 31 16 en
2850 2651 42 20 bas
2907 2650 43 24 âge
2965 2650 76 24 privés
3055 2650 29 20 de

2496 2681 53 22 tous
2566 2680 33 21 les
2616 2680 68 22 soins,
2702 2679 95 24 exposés
2814 2678 15 21 à
2846 2679 52 21 tous
2915 2678 34 23 les
2965 2678 100 23 dangers
3076 2681 5 19 ;

2497 2711 46 16 aux
2557 2707 104 20 malades
2675 2710 24 19 et
2714 2711 46 15 aux
2775 2706 83 22 blessés
2872 2710 45 20 que
2931 2705 34 21 les
2980 2705 96 20 bombar-

2495 2735 62 22 diers
2576 2735 28 20 de
2623 2734 90 23 Staline
2732 2735 109 23 traquent
2860 2732 168 24 odleusement;

2521 2763 36 19 En
2576 2767 26 18 ce
2621 2762 110 23 moment,
2750 2766 31 16 on
2800 2762 90 23 compte
2910 2760 53 25 plus
2981 2761 29 20 de
3029 2760 53 20 cent

2496 2790 125 25 cinquante
2641 2790 62 21 mille
2722 2794 126 20 personnes
2867 2793 55 17 sans
2941 2793 95 19 moyens
3054 2788 30 20 de

2496 2818 149 23 subsistance.
2664 2818 61 22 Pour
2742 2818 33 20 les
2793 2817 70 23 aider,
2881 2817 17 20 il
2916 2817 52 21 faut
2986 2815 29 24 de
3032 2816 43 20 l'ar-

2497 2847 61 24 gent.
2573 2847 32 21 Le
2620 2846 187 22 Gouvernement
2823 2844 126 21 finlandais
2964 2845 53 20 veut
3033 2847 43 17 aus-

2496 2874 20 20 si
2534 2874 50 20 leur
2601 2873 123 21 distribuer
2741 2873 41 23 des
2800 2872 81 21 étoffes
2899 2872 28 23 de
2945 2872 62 20 laine
3025 2875 60 21 pour

2497 2902 33 20 les
2552 2905 97 21 occuper
2670 2901 122 20 utilement
2814 2900 15 20 à
2850 2900 23 20 la
2902 2899 132 21 confection
3055 2898 29 21 de

2498 2929 127 21 vêtements
2642 2928 101 23 destinés
2760 2928 15 21 à
2791 2928 24 20 la
2831 2927 88 23 nation.

2523 2964 33 20 La
2578 2963 156 24 Croix-Rouge
2755 2961 138 22 finlandaise
2916 2966 15 15 a
2955 2962 77 20 besoin
3055 2960 29 21 de

2499 2991 104 25 produits
2623 2991 128 26 médicaux,
2773 2990 28 22 de
2821 2989 128 21 vêtements
2968 2989 30 22 de
3017 2989 69 22 laine,

2496 3020 29 23 de
2544 3019 46 26 lits,
2610 3019 29 21 de
2658 3019 110 22 camions.
2789 3019 46 20 Des
2854 3017 95 21 milliers
2967 3017 29 20 de
3015 3016 59 21 cada-

2497 3052 51 18 vres
2565 3051 76 16 russes
2659 3051 29 16 ne
2707 3047 52 20 sont
2778 3051 42 20 pas
2837 3045 117 23 ensevelis.
2973 3045 47 21 Des
3038 3044 38 25 épi-

2497 3075 86 23 démies
2602 3074 105 21 terribles
2724 3076 123 20 menacent
2866 3073 22 23 le
2906 3076 59 22 pays
2982 3073 24 20 et
3024 3072 52 21 l'Eu-

2498 3107 55 20 rope
2575 3107 31 15 au
2626 3103 103 19 moment
2749 3103 31 19 du
2801 3100 72 26 dégel,
2894 3101 20 20 si
2934 3101 33 20 les
2988 3100 98 21 services

2496 3129 124 21 sanitaires
2639 3128 127 21 finlandais
2785 3133 30 15 ne
2835 3128 54 20 sont
2908 3132 44 20 pas
2971 3126 105 21 suffisam-

2498 3157 65 21 ment
2579 3156 99 25 équipés.

2523 3192 43 20 Les
2584 3196 12 15 «
2614 3190 81 21 Lottas
2712 3195 12 15 »
2741 3190 127 23 réclament
2885 3189 42 23 des
2943 3188 95 21 milliers
3056 3188 28 21 de

2497 3220 76 24 paires
2591 3219 29 21 de
2641 3218 149 23 chaussettes,
2810 3218 41 20 des
2869 3216 95 21 milliers
2983 3216 30 21 de
3032 3216 44 20 che-

2497 3248 70 19 mises
2584 3247 29 21 de
2632 3246 98 23 flanelle,
2749 3245 28 21 de
2795 3245 24 20 la
2837 3245 55 22 toile
2910 3244 98 21 blanche
3026 3248 59 20 pour

2498 3274 160 24 camouflages,
2678 3274 31 20 du
2727 3274 59 19 tissu
2803 3277 59 20 pour
2880 3272 135 21 uniformes.

2523 3309 77 27 Enfin,
2617 3308 23 20 la
2654 3308 71 24 Ligue
2739 3306 169 24 Mannerhelm,
2923 3311 59 20 pour
2995 3306 25 21 la
3033 3310 42 21 pro-

2498 3336 88 20 tection
2596 3327 4 9 '
2606 3337 30 21 de
2655 3334 68 22 l'enfr
2724 3338 52 21 lise,
2797 3334 99 22 réclame
2917 3333 68 23 l'aide
3006 3333 71 21 Immé-

2498 3364 64 22 diate
2574 3364 32 20 du
2616 3363 84 21 monde
2712 3362 85 21 civilisé
2809 3367 58 20 pour
2877 3361 96 21 réaliser
2984 3366 33 16 un
3028 3362 56 24 plan

2497 3391 30 21 de
2546 3392 58 20 mise
2625 3396 29 16 en
2674 3391 79 20 valeur
2771 3390 41 20 des
2832 3393 140 21 campagnes
2991 3393 32 17 en
3042 3393 43 17 vue

2498 3420 29 22 de
2543 3419 106 25 prévenir
2665 3418 23 21 la
2705 3418 88 21 famine
2813 3422 6 17 ;
2838 3418 42 22 elle
2897 3418 55 20 veut
2967 3418 86 20 mettre
3070 3416 14 21 à

2498 3447 94 23 l'œuvre
2609 3448 53 22 tous
2679 3446 33 21 les
2731 3447 95 22 enfants
2843 3446 29 20 de
2890 3446 13 20 9
2921 3445 15 21 à
2956 3446 24 20 18
2999 3450 43 17 ans
3059 3446 25 21 et

2499 3475 33 23 les
2546 3475 97 24 charger
2656 3475 170 20 d'ensemencer
2840 3474 24 20 la
2877 3475 62 19 terre
2953 3473 15 21 à
2982 3473 24 21 la
3020 3473 65 24 place

2498 3503 29 23 de
2545 3503 61 20 leurs
2623 3503 95 24 parents
2735 3501 121 21 mobilisés.
2874 3502 62 20 Mais
2953 3501 43 21 elle
3014 3505 16 16 a
3047 3501 28 20 be-

2499 3531 58 23 soin,
2579 3534 58 21 pour
2660 3530 55 23 cela,
2737 3529 31 23 de
2789 3533 123 20 semences,
2935 3528 30 22 de
2994 3528 91 23 fumier,

2498 3559 104 23 d'argent
2619 3558 97 22 surtout.

2523 3592 62 20 Pour
2601 3592 52 21 tout
2668 3591 57 26 cela,
2742 3591 24 21 la
2782 3590 113 23 Finle-ide
2911 3595 15 16 a
2941 3594 34 17 un
2991 3590 93 21 énorme

2501 3619 80 21 besoin
2598 3615 119 28 d'argont.'

2525 3653 61 20 C'est
2609 3652 110 25 pourquoi
2741 3652 22 20 le
2785 3652 83 21 comité
2890 3651 42 21 des
2954 3656 13 16 «
2988 3650 97 22 AmotKs

2497 3680 239 25 Belgo-Finlandaises
2754 3684 12 15 »
2785 3680 91 21 adresse
2892 3684 34 16 un
2943 3679 84 21 nouvel
3045 3683 31 20 ap-

2498 3708 38 25 pel
2551 3708 16 20 à
2582 3709 24 20 la
2621 3708 94 21 Nation.

2524 3743 39 20 Un
2580 3742 68 25 appel
2664 3742 118 24 identique
2800 3746 15 16 a
2833 3741 37 21 été
2888 3741 92 21 adressé
2997 3741 55 25 déjà
3069 3741 15 21 à

2499 3775 96 20 presque
2608 3770 77 21 toutes
2697 3770 35 22 les
2744 3770 94 20 nations
2852 3769 110 21 civilisées
2974 3769 33 21 du
3020 3773 56 17 mon-

2497 3799 35 23 de,
2550 3798 95 20 neutres
2662 3800 23 20 et
2704 3797 169 25 belligérantes:
2894 3801 96 21 presque
3007 3797 77 20 toutes

2498 3829 41 20 ont
2555 3826 98 24 compris
2669 3826 23 21 et
2707 3825 104 25 répondu
2827 3829 29 17 en
2871 3824 137 24 redoublant
3022 3824 62 21 leurs

2498 3854 80 20 efforts
2591 3853 29 21 de
2635 3853 98 21 soutien.

2528 3889 62 19 Nous
2612 3892 101 16 sommes
2736 3887 124 25 persuadés
2883 3891 44 20 que
2957 3886 22 22 le
3003 3885 81 26 peuple

2497 3916 64 25 belge
2578 3916 121 25 réprndra,
2716 3915 34 21 lui
2767 3915 69 24 aussi,
2854 3914 191 24 favorablement.
3064 3914 20 21 Il

2497 3949 25 19 se
2543 3944 138 20 souviendra
2704 3943 40 22 des
2766 3943 77 24 leçons
2864 3942 105 23 récentes
2990 3942 29 21 de
3042 3946 43 17 son

2497 3972 102 21 histoire.
2621 3971 20 21 Il
2663 3970 121 22 réfléchira
2806 3975 46 16 aux
2874 3970 98 24 dangers
3000 3971 40 23 qui
3062 3969 21 21 le

2501 4000 131 21 menacent.
2658 3999 22 21 Il
2702 3998 126 21 n'hésitera
2852 4002 43 21 pas
2918 3997 15 21 à
2958 4002 24 16 se
3006 3998 78 24 priver

2498 4027 179 25 spontanément
2701 4027 68 20 d'une
2792 4026 103 22 modeste
2919 4027 53 23 part
2996 4025 28 22 de
3048 4029 36 17 ses

2496 4056 101 22 réserves
2613 4060 58 20 pour
2687 4054 103 21 soutenir
2806 4054 21 20 le
2843 4054 82 24 peuple
2942 4054 48 20 ami
3006 4055 23 20 et
3045 4058 29 16 va-

2497 4084 99 22 leureux,
2611 4083 39 24 qui
2665 4087 14 16 a
2694 4082 99 25 accepté,
2808 4086 56 18 sans
2878 4081 93 26 hésiter,
2987 4080 23 21 la
3024 4081 59 20 lutte

2496 4115 58 21 pour
2572 4111 122 20 l'honneur
2712 4110 23 22 et
2753 4110 23 21 la
2794 4109 89 23 liberté.

2522 4146 44 23 Les
2585 4145 166 25 souscripteurs
2771 4148 126 17 nouveaux,
2918 4148 29 16 ou
2968 4148 57 16 ceux
3044 4143 40 25 qui

2499 4174 103 21 seraient
2625 4172 103 25 disposés
2751 4172 15 20 à
2790 4171 134 21 renouveler
2947 4171 51 21 leur
3021 4174 53 17 sous-

2497 4201 106 24 cription,
2631 4201 53 20 sont
2712 4200 61 25 priés
2799 4200 154 20 instamment
2980 4199 29 20 de
3031 4199 53 19 bien

2496 4228 88 21 vouloir
2599 4233 77 16 verser
2693 4233 30 15 au
2740 4228 26 21 C.
2784 4227 26 22 C.
2828 4228 25 22 P.
2869 4227 79 23 427.95,
2964 4227 25 22 E.
3006 4227 75 21 Sasse.

2495 4256 94 22 Anvers,
2608 4260 30 17 en
2656 4255 122 25 spécifiant
2796 4254 193 22 éventuellement
3007 4254 21 23 le
3047 4258 26 16 co-

2496 4283 57 21 mité
2568 4283 84 25 auquel
2664 4283 30 24 ils
2708 4283 118 21 destinent
2841 4287 29 17 en
2885 4282 134 25 particulier
3033 4282 50 21 leur

2497 4311 64 20 obole
2588 4316 6 16 :
2626 4311 156 24 Croix-Rouge
2805 4311 30 20 de
2863 4309 121 25 Finlande,
3013 4309 70 24 Ligue

2495 4339 163 20 Mannerheim
2680 4338 66 21 (Aide
2764 4337 123 25 Agricole),
2905 4337 132 21 Protection
3054 4336 29 21 de

2495 4367 126 19 l'Enfance.

2520 4400 133 25 Rappélcns
2674 4404 43 21 que
2738 4400 34 22 les
2793 4400 59 20 dons
2871 4403 32 18 en
2923 4401 83 18 nature
3028 4402 44 21 peu-

2496 4430 55 19 vent
2563 4427 49 21 être
2624 4427 104 21 adressés
2740 4427 14 21 à
2767 4427 23 20 la
2803 4427 66 22 Arme
2881 4427 35 21 W.
2929 4425 152 23 Westerlund,

2495 4456 32 23 13,
2547 4460 89 16 avenue
2655 4455 98 23 d'Italie.
2775 4456 94 19 Anvers.
2890 4455 43 22 Les
2953 4459 13 15 «
2985 4454 96 20 Amitiés

2495 4483 238 24 Belgo-Finlandaises
2756 4487 12 15 »
2799 4493 25 4 —
2853 4481 134 25 présidence
3011 4486 7 16 ;
3048 4481 33 22 24.

2495 4511 64 22 Meir,
2578 4512 87 21 Anvers
2683 4521 27 4 —
2725 4515 26 17 se
2768 4510 113 24 chargent
2897 4509 30 23 de
2944 4510 60 22 faire
3020 4508 51 21 enle-

2494 4542 40 16 ver
2551 4538 34 21 les
2601 4538 118 24 quantités
2737 4542 63 16 assez
2818 4537 152 25 importantes
2986 4541 45 20 que
3047 4536 34 20 les

2495 4566 125 22 donateurs
2634 4566 175 20 centraliseront
2824 4570 40 16 sur
2877 4565 113 25 plusieurs
3003 4564 78 24 points

2494 4593 31 21 du
2542 4593 115 24 territoire
2674 4593 71 25 belge.

2523 4628 43 20 Les
2591 4627 58 21 dons
2674 4632 29 16 en
2723 4628 84 20 nature
2831 4629 34 20 les
2888 4627 52 24 plus
2973 4626 109 20 réclamés

2494 4659 52 19 sont
2561 4655 40 20 des
2615 4655 20 20 la
2639 4655 85 24 'nages,
2739 4654 22 21 la
2776 4654 100 24 flanelle,
2891 4654 22 22 le
2927 4653 68 21 tabac
3009 4651 70 22 blond

2496 4684 68 23 (pour
2582 4683 34 20 les
2632 4683 107 22 soldats),
2757 4682 33 21 les
2807 4682 105 24 produits
2929 4681 141 25 pharmaceu-

2494 4711 74 24 tiques
2581 4713 23 19 et
2618 4710 127 23 médicaux,
2758 4710 34 23 les
2805 4709 104 21 camions
2922 4707 155 22 automobiles.

3108 234 193 87 Petite
3346 228 333 109 chronique

2525 4798 26 13 **
2588 4798 57 23 LEÎ?
2677 4798 173 23 JOURNAUX
2886 4797 188 23 ETRANGERS

2496 4826 42 22 EN
2557 4827 165 25 BELGIQUE.
2740 4839 30 5 —
2789 4826 39 24 Un
2847 4827 112 23 sénateur
2977 4825 100 23 frontis-

2496 4856 23 21 te
2540 4854 57 23 s'est
2619 4854 110 28 inquiété,
2749 4854 86 25 auprès
2856 4856 30 21 du
2908 4854 108 23 mini.*'.rs
3036 4854 41 22 des

2495 4882 100 23 Affaires
2613 4882 146 27 étrangères,
2778 4883 28 22 de
2824 4883 79 22 savoir
2922 4882 104 23 combien
3046 4882 27 22 de

2494 4909 117 25 journaux
2632 4917 29 16 ou
2683 4910 147 27 péroodiques
2850 4910 117 27 français,
2984 4909 92 24 britan-

2494 4937 80 27 -iques
2592 4940 24 20 et
2634 4938 129 23 allemani?
2781 4940 55 21 sont
2853 4938 114 27 importés
2987 4937 76 23 actuel-

2493 4964 87 24 lement
2598 4966 56 23 chez
2672 4973 62 15 nous.

2520 4992 33 23 M.
2578 4994 77 23 S;iaak
2678 5000 15 16 a
2717 4994 102 26 rApondn
2843 4994 56 28 qu'il
2922 4993 90 24 n'avait
3035 4994 39 23 é'é

2493 5020 72 24 établi
2589 5022 12 21 4
2623 5028 26 16 ce
2668 5028 86 16 nroon*!
2774 5021 64 25 nulle
2862 5021 137 25 statistiaue
3021 5021 42 24 offi-

2491 5048 65 24 cielle
2576 5051 25 22 et
2622 5050 55 22 ou'il
2697 5049 40 28 n'y
2756 5050 67 24 avait
2841 5050 93 24 d'autre
2950 5057 122 17 ressource

2493 5083 43 19 iue
2554 5077 22 23 1'
2591 5077 49 23 s'en
2654 5085 66 14 s-.r.-i.
2720 5085 22 15 )r
2741 5079 39 23 ter
2793 5085 47 17 aux
2855 5079 141 23 indications
3010 5079 61 23 four-

2493 5105 49 21 ii*"<
2558 5112 42 16 t.ar
2616 5105 21 23 le
2653 5105 101 25 Bulle'in
2772 5107 120 24 douanier.

2521 5131 62 24 C>-*t
2599 5133 62 23 ainri
2673 5140 51 18 que.
2740 5134 28 25 de
2782 5134 78 24 iuiUet
2874 5135 56 23 1939
2943 5134 15 25 à
2973 5134 36 24 fin
3020 5136 52 23 ian-

2492 5159 49 25 "ier
2556 5160 56 23 194(1
2635 5160 17 23 11
2668 5168 15 16 a
2698 5160 38 24 été
2750 5161 102 24 importé
2866 5169 60 17 nour
2941 5163 79 24 lB.8d8
3029 5164 42 23 001

2491 5187 81 24 francs
2594 5188 28 26 de
2648 5189 140 26 auo'.Mienn.
2812 5190 149 25 oériodiones
2985 5193 26 23 et
3034 5199 26 18 re-

2491 5222 55 17 vue*
2561 5213 117 31 .'rahçals;
2693 5217 61 24 i.V.-'t
2766 5218 43 23 000
2823 5219 82 23 francs
2918 5218 163 33 d'allemand»;

2489 5245 25 21 et
2530 5250 61 21 pour
2608 5244 117 28 1,182,000
2741 5245 33 25 fr.
2793 5246 29 27 de
2839 5246 170 29 britanniqot».

3136 425 25 12 •*
3182 423 40 23 LE
3242 421 52 22 ROI
3314 427 15 15 a
3346 424 57 20 reçu
3422 417 31 21 M.
3474 415 88 27 Spaak,
3582 414 109 23 ministte

3105 454 40 22 des
3166 451 106 23 Affaires
3296 445 142 28 étrangères
3458 445 26 20 et
3504 443 32 22 du
3558 442 135 22 Commerce

3107 480 128 24 extérieur,
3254 480 25 19 et
3294 476 21 22 le
3335 480 19 18 Ci
3363 474 49 22 mte
3431 472 28 22 de
3478 469 155 27 Broqueville,
3649 475 33 17 mi-

3107 509 75 22 nistre
3201 506 89 23 d'Etift.

3137 546 25 11 **
3188 545 20 21 A
3233 537 184 28 L'OCCASION
3444 537 30 23 du
3499 533 105 29 premier
3626 533 58 22 anni-

3107 571 103 25 versaire
3234 571 30 21 du
3290 565 185 27 couronnement
3500 564 31 21 du
3564 562 130 22 Souverain

3107 600 98 26 pontife,
3222 598 40 22 Pie
3277 596 54 25 XII,
3348 601 45 17 une
3407 600 78 17 messe
3502 589 128 25 solennelle
3644 594 37 16 sui-

3108 630 35 23 vie
3161 628 54 21 d'un
3234 634 11 13 «
3262 626 32 21 Te
3312 624 75 22 Deum
3403 630 12 14 »
3431 627 54 16 sera
3502 617 106 25 célébrée
3623 617 22 22 le
3659 617 23 21 di-

3106 656 99 23 manche
3224 654 14 22 3
3260 658 73 17 mars.
3354 658 12 15 :•
3391 651 28 21 10
3439 649 94 24 heures,
3553 653 29 15 en
3618 645 76 26 église

3107 682 123 28 collégiale
3250 682 40 21 des
3312 680 47 22 SU.
3380 677 86 23 Michel
3486 678 25 22 et
3532 673 98 24 Gudule.

3139 711 38 22 Un
3202 709 103 27 registre
3330 713 53 16 s^ra
3403 705 86 26 déposé
3510 704 15 22 à
3546 702 25 22 la
3593 702 93 21 Noncia-

3108 743 52 19 ture
3184 736 156 28 apostolique,
3364 734 36 25 72,
3423 738 92 16 avenue
3538 731 29 23 de
3592 729 103 22 Tervue-

3106 772 49 20 ren,
3169 772 59 21 pour
3242 765 35 22 les
3291 767 129 23 porsomnes
3434 760 131 22 désireuses
3581 758 29 22 de
3624 763 12 15 s
3645 761 37 16 ins-

3109 794 68 22 crire.
3197 793 36 22 En
3250 791 82 23 raison
3353 789 40 22 des
3414 788 182 22 circonstances,
3615 784 24 23 la
3659 783 27 23 ré-

3109 822 92 26 ception
3218 818 109 24 annuelle
3345 818 83 21 'l'aura
3443 821 43 21 pas
3502 814 47 22 lieu
3564 814 62 21 cette
3640 811 56 23 fois.

3140 861 25 12 **
3191 860 56 22 LES
3274 857 110 23 FUSILS
3409 862 31 16 ne
3463 854 112 24 suffisent
3597 858 52 20 pas.
3675 850 22 23 Il

3108 890 55 22 faut
3176 888 65 23 aussi
3257 888 43 22 des*
3316 893 12 14 «
3344 884 75 22 bal'es
3436 887 19 18 >.
3599 905 33 11 „.
3631 905 33 11 m
3664 904 21 8 -

3139 916 138 24 Souscrivez
3295 915 15 22 à
3327 910 173 25 l'EMPRUNT
3519 908 43 22 DE
3580 905 105 26 L'INDE-

3109 943 179 24 PENDANCE.
3636 935 43 22 827
3682 935 15 21 °

3137 983 25 14 ••
3195 976 268 29 L'AMBASSADEUR
3494 975 59 22 DES
3582 972 111 23 ETATS-

3107 1010 74 23 UNIS
3195 1011 21 21 A
3232 1005 193 26 BRUXELLES,
3439 1003 32 23 M.
3485 1003 106 26 Cudahy,
3602 1004 40 21 est
3653 1006 30 16 ar-

3110 1039 51 22 rivé
3179 1038 14 23 à
3213 1036 84 23 Zurich
3318 1032 122 26 mercredi,
3460 1033 26 20 et
3504 1037 15 16 a
3536 1037 31 16 eu
3585 1029 103 26 d'impor-

3108 1070 78 19 tantes
3206 1063 178 25 conversations
3406 1066 58 17 avec
3485 1058 31 22 M.
3534 1057 96 25 Welles.

3142 1103 26 13 •*
3185 1102 32 23 M.
3232 1101 90 26 GUTT,
3337 1096 155 26 MINISTRE
3510 1095 60 22 DES
3586 1091 102 25 FINAN-

3110 1131 64 25 CES,
3190 1131 21 22 le
3227 1128 97 28 général
3343 1127 80 26 Denis,
3439 1124 111 23 ministre
3565 1123 29 22 de
3610 1122 25 22 la
3650 1121 36 22 Dé-

3108 1160 68 22 fense
3193 1157 129 25 nationale,
3339 1161 23 20 et
3381 1155 30 22 M.
3429 1152 204 26 Vanderpoorten,
3651 1155 34 16 mi-

3109 1188 74 22 nistre
3200 1186 27 24 de
3244 1183 142 26 l'Intéri.-ur,
3403 1184 43 21 ont
3462 1187 37 20 eu,
3514 1178 113 24 vendredi
3643 1183 42 17 ma-

3111 1215 43 25 tin,
3170 1222 31 15 un
3216 1213 119 22 entretien
3350 1217 57 16 avec
3425 1208 58 23 MM.
3502 1206 100 25 Camille
3618 1206 79 26 Huys-

3108 1249 77 19 mans,
3212 1240 120 23 Delwaide
3356 1241 26 20 et
3408 1237 95 26 Molter,
3527 1235 169 26 bourgmestre

3109 1276 24 21 et
3150 1269 110 24 échevins
3279 1268 27 23 de
3325 1267 24 22 loo
3365 1266 57 22 ville
3437 1265 124 24 d'Anvers,
3580 1269 31 16 au
3631 1261 66 26 sujet

3112 1300 41 22 des
3177 1297 162 24 installations
3362 1292 148 29 pt-trolières.

3139 1338 25 14 •*
3189 1337 44 23 OU
3256 1331 283 27 TROUVEREZ-VOUS
3563 1337 33 16 un
3617 1328 68 28 place-

3109 1369 64 21 ment
3195 1365 138 23 réunissant
3358 1362 87 23 autant
3470 1360 157 25 d'avantages
3650 1363 46 17 euie

3108 1392 170 26 ^EMPRUNT
3304 1391 42 22 DE
3370 1385 280 27 L'INDEPENDANCE
3679 1384 14 23 î

3140 1441 24 10 •'
3190 1440 38 22 !.E
3251 1431 370 30 LIKUTiiNANT-GBNERAL
3645 1429 41 24 DE-

3109 1468 52 23 NIS
3179 1467 66 23 vient
3258 1466 28 23 de
3301 1464 110 28 rappeler
3427 1470 45 21 que
3487 1462 36 23 les
3539 1458 157 25 instructions

3110 1504 29 15 en
3159 1496 100 26 vigueur
3279 1492 149 29 prescrivent
3448 1497 46 21 que
3513 1490 35 21 les
3571 1487 127 23 militairîs

3109 1524 40 27 qui
3164 1523 116 23 orennent
3294 1522 51 22 leur
3360 1519 142 28 permission
3518 1517 27 22 de
3562 1516 53 26 cinq
3630 1514 67 27 i->urs

3108 1558 29 16 en
3158 1558 43 16 jne
3217 1549 57 27 fois,
3290 1549 96 27 partent
3406 1547 42 22 dos
3465 1544 197 24 cantonnements
3679 1548 16 17 a

3110 1580 13 20 9
3142 1577 96 27 heures;
3260 1584 29 16 en
3308 1577 62 22 deux
3386 1575 57 26 fois,
3461 1573 100 28 partent
3579 1572 42 22 des
3641 1576 47 17 can-

3112 1607 149 22 tonnements
3285 1611 56 15 vers
3367 1604 28 21 14
3422 1603 94 24 heures,
3542 1600 80 22 tandis
3649 1604 47 21 que

3110 1640 59 16 ceux
3185 1633 41 27 qui
3244 1632 118 27 prennent
3382 1637 47 15 une
3447 1628 143 28 permission
3611 1626 86 23 hebdo-

3109 1660 107 25 macUire
3236 1661 100 26 partent
3355 1658 39 23 des
3415 1656 196 24 cantonnements
3632 1655 15 22 à
3668 1653 27 23 18

3111 1689 91 22 heures.

3144 1731 26 13 **
3190 1730 41 23 LE
3248 1726 265 26 GOUVERNEMENT
3528 1726 68 24 vient
3614 1725 28 23 de
3660 1724 28 23 dé-

3114 1766 70 20 poser
3207 1765 42 16 sur
3270 1758 21 22 le
3316 1757 89 22 bureau
3429 1756 28 22 de
3482 1755 23 22 la
3529 1753 124 26 Chambre,
3678 1752 21 23 ie

3110 1787 79 27 projet
3206 1786 29 23 de
3251 1785 30 23 loi
3302 1786 150 26 approuvant
3470 1783 21 22 le
3509 1781 74 24 traité
3599 1781 28 23 de
3644 1782 39 21 tra-

3109 1815 48 22 vail
3178 1815 24 22 et
3220 1813 210 25 d'établissement,
3449 1810 68 27 signé
3536 1810 15 22 à
3570 1808 127 25 Bruxelles

3110 1843 21 22 le
3148 1843 27 21 29
3190 1841 134 27 septembre
3341 1841 63 25 1938,
3419 1841 68 21 entre
3500 1838 25 22 la
3541 1837 112 27 Belgique
3671 1838 25 21 et

3108 1870 94 26 l'Italie,
3219 1871 25 21 et
3258 1869 23 22 le
3295 1868 79 27 projet
3390 1868 151 26 approuvant
3555 1865 25 22 la
3595 1870 89 17 conven-

3109 1898 50 22 tion
3181 1896 163 27 franco-belge
3370 1902 42 16 sur
3435 1895 35 22 les
3494 1899 143 17 assurances
3657 1897 28 18 so-

3113 1925 79 27 ciales,
3209 1925 100 23 l'accord
3326 1923 209 27 complémentaire
3550 1920 85 23 relatif
3653 1926 48 16 aux

3114 1954 107 22 ouvriers
3245 1953 112 24 mineurs,
3383 1951 82 26 signés
3490 1951 15 21 à
3530 1949 68 22 Paris
3622 1947 23 24 le
3672 1948 27 21 19

3113 1981 94 23 octobre
3228 1981 64 25 1937,
3315 1980 60 22 air.so
3399 1986 44 19 que
3467 1978 122 22 l'avenant
3610 1982 31 16 au
3665 1975 35 22 dit

3112 2010 82 21 accord
3215 2007 209 28 complémentaire
3444 2004 164 26 franco-belge
3629 2003 58 22 réali-

3110 2037 26 22 sé
3156 2043 44 20 par
3218 2036 107 26 échange
3344 2035 27 22 <ie
3391 2034 85 22 lettres
3494 2040 29 15 en
3542 2033 57 21 date
3619 2032 30 21 du
3669 2031 28 21 1(1

3112 2064 47 23 mai
3186 2065 56 21 1939
3266 2066 68 21 entre
3361 2061 186 23 ''ambassadeur
3567 2060 28 22 de
3619 2059 67 26 Belgi-

3113 2099 45 20 que
3179 2092 15 22 à
3214 2091 70 23 Paris
3306 2092 25 21 et
3354 2091 22 22 le
3398 2089 109 23 ministre
3530 2088 41 22 des
3593 2087 107 23 Affaires

3113 2118 141 29 étrangères
3272 2119 29 22 de
3319 2118 99 22 France.

3141 2140 33 30 Le
3193 2148 187 26 gouvernement
3400 2145 66 25 avait
3484 2144 85 27 déposé
3586 2150 39 16 ces
3644 2149 43 20 pro-

3111 2176 48 26 jets
3179 2182 60 20 pour
3256 2173 158 28 approbation
3433 2173 21 22 le
3475 2172 28 22 31
3523 2171 95 27 janvier
3635 2170 65 26 1939,

3111 2203 61 23 mais
3201 2203 24 22 la
3255 2201 140 24 dissolution
3426 2200 42 24 des
3500 2199 129 23 Chambres
3661 2198 36 23 les

3110 2231 67 22 avait
3196 2229 101 29 frappés
3319 2229 27 23 de
3368 2227 114 25 caducité.

3138 2274 27 15 •*
3180 2274 46 23 NE
3241 2272 126 24 GARDEZ
3382 2273 58 22 PAS
3458 2273 41 22 des
3513 2271 80 23 billets
3607 2271 77 26 impro-

3111 2303 97 24 ductifs.

3135 2330 139 23 Souscrivez
3292 2330 16 22 à
3325 2327 172 24 l'EMPRUNT
3516 2326 43 22 DE
3577 2325 104 23 L'INDE-

3109 2357 180 23 PENDANCE.
3636 2353 60 23 3272

3144 2401 25 12 *•
3190 2400 32 23 M.
3252 2399 169 26 DELFOSSE,
3452 2397 156 25 MINISTRE
3639 2396 60 22 DES

3114 2427 296 26 COMMUNICATIONS,
3426 2434 15 15 a
3456 2433 55 19 reçu
3528 2427 22 21 le
3565 2426 27 21 29
3609 2424 91 23 février

3113 2463 45 16 une
3173 2456 135 26 délégation
3323 2456 28 22 de
3366 2454 166 23 l'Association
3549 2453 139 22 Profession-

3114 2483 62 23 nelle
3197 2483 41 23 des
3260 2483 188 26 Transporteurs
3470 2488 45 20 par
3537 2483 69 21 route
3627 2480 29 26 de
3677 2480 23 22 la

3114 2512 110 26 province
3241 2511 28 23 de
3286 2510 79 27 Liège.

3142 2539 45 22 Les
3203 2535 111 29 délégués
3329 2537 107 22 conduits
3451 2544 43 20 par
3511 2537 33 23 M.
3558 2536 101 24 Wuidar
3673 2537 26 21 et

3108 2566 173 27 accompagnés
3300 2566 28 22 de
3349 2565 30 22 M.
3401 2565 57 26 Rey,
3479 2564 93 27 député,
3593 2566 42 20 ont
3654 2570 30 16 ex-

3110 2594 57 27 posé
3186 2601 30 15 au
3234 2593 112 22 Ministre
3364 2593 35 22 les
3416 2593 101 26 charges
3535 2591 50 23 très
3603 2592 93 22 lourdes

3114 2622 39 27 qui
3171 2622 83 27 pèsent
3273 2621 169 24 acrue"tnient
3461 2627 41 15 sur
3522 2620 35 22 les
3576 2621 113 24 transpor-

3113 2652 66 20 teurs
3198 2656 46 20 par
3262 2651 75 20 route,
3358 2649 32 22 lis
3408 2650 43 21 ont
3468 2648 115 22 demandé
3601 2654 46 16 une
3665 2646 23 23 di-

3106 2677 117 22 minution
3243 2676 28 22 de
3289 2677 24 21 la
3333 2678 56 23 taxe
3407 2683 43 15 sur
3468 2676 35 22 les
3520 2675 106 23 camions
3644 2681 39 16 ser-

3108 2706 59 20 vant
3181 2711 32 15 au
3229 2705 125 25 transport
3373 2704 41 22 des
3431 2703 186 22 marchandises.

3138 2732 33 23 Le
3188 2731 109 23 ministre
3316 2731 41 22 des
3375 2730 218 23 Communications
3609 2737 15 14 a
3642 2730 64 26 pro-'

3107 2759 45 22 mis
3171 2759 145 22 d'examiner
3337 2760 62 21 cette
3419 2758 111 27 question
3551 2764 58 16 avec
3628 2757 54 22 bien-

3107 2786 114 23 veillance
3243 2789 25 20 et
3289 2793 30 15 en
3342 2786 84 22 -.ecord
3448 2792 56 16 avec
3524 2792 42 16 son
3589 2784 104 27 collègue

3106 2814 41 23 des
3166 2814 124 24 Finances.

3143 2851 25 12 **
3194 2850 39 23 LE
3256 2850 239 22 DEPARTEMENT
3518 2849 42 22 DE
3583 2849 41 22 LA
3647 2848 43 23 DE-

3108 2878 103 23 FENSE
3234 2878 187 22 NATIONALE
3442 2878 79 23 étudie
3544 2885 28 15 en
3596 2885 27 15 ce
3647 2885 48 15 m:-

3111 2908 65 21 ment
3200 2906 25 23 la
3251 2906 132 27 possibilité
3410 2905 134 23 d'accorder
3565 2911 33 16 un
3623 2905 74 26 congé

3108 2934 163 27 exceptionnel
3292 2934 28 22 de
3343 2934 51 22 nuit
3414 2933 75 27 jours,
3509 2940 18 20 y
3548 2933 101 27 compris
3673 2933 21 23 ie

3108 2961 74 27 congé
3200 2961 27 24 de
3244 2961 102 27 détente,
3362 2968 46 16 aux
3425 2961 75 27 petits
3515 2962 180 25 comme-rçants,

3110 2989 73 26 petits
3206 2989 113 26 artisans,
3347 2989 74 27 petits
3449 2989 147 26 industriels,
3621 2995 61 19 voya-

3110 3024 71 20 geurs
3203 3017 28 23 de
3250 3024 136 16 commerce,
3404 3018 53 23 etc.,
3476 3017 28 22 de
3523 3017 70 26 façon
3613 3017 14 22 à
3646 3017 51 22 leur

3108 3046 129 25 permettre
3261 3045 28 22 de
3313 3045 83 22 veiller
3417 3045 15 22 à
3453 3044 24 23 la
3500 3044 76 23 bonne
3598 3045 95 22 marche

3111 3073 29 24 de
3158 3072 64 23 leurs
3239 3072 106 23 affaires.

3139 3111 26 14 ••
3184 3112 69 22 UNE
3269 3111 145 23 REUNION
3433 3112 59 22 DES
3511 3110 172 24 BOURGMES-

3109 3139 80 23 TRES
3204 3140 58 22 DES
3275 3139 173 23 LOCALITES
3462 3139 42 22 DE
3519 3139 41 23 LA
3576 3138 119 23 REGION

3108 3167 42 22 DE
3165 3167 85 22 L'EST
3266 3167 79 23 s'était
3361 3169 72 21 tenue
3449 3167 34 22 les
3501 3167 67 26 jours
3585 3167 108 23 demiei-3

3106 3201 60 17 pour
3184 3194 122 23 examiner
3323 3195 22 25 le
3364 3194 120 28 problème
3502 3195 68 22 d'une
3591 3195 89 22 évacua-

3106 3222 52 23 tion
3173 3222 139 27 éventuelle,
3328 3229 31 16 U1
3373 3223 91 22 certain
3480 3223 62 22 émoi
3556 3229 31 16 en
3603 3224 37 22 est
3655 3222 26 23 ré-

3107 3250 64 24 sulté
3188 3251 15 22 à
3220 3249 167 25 Weikeni-aedt
3404 3252 25 21 et
3449 3250 150 23 Herbesthal.

3138 3277 33 23 Le
3203 3278 165 27 bourgmestre
3403 3278 28 25 de
3469 3277 152 27 Herbcethal,
3663 3277 29 24 M.

3111 3305 112 27 Schmitz,
3241 3306 65 23 vient
3322 3305 28 24 de
3366 3306 63 22 faire
3447 3305 98 23 afficher
3565 3307 24 21 la
3605 3306 80 27 procla-

3115 3333 91 22 mation
3232 3333 110 23 suivante
3368 3340 60 20 pour
3454 3333 34 22 les
3515 3333 125 23 habitants
3665 3334 30 23 de

3106 3360 262 24 Lontzen-Herbestôial
3387 3368 6 16 :

3141 3396 12 14 «
3174 3388 48 23 Des
3240 3389 78 23 bruits
3338 3389 106 23 insensés
3465 3389 102 22 tendant
3587 3388 15 24 à
3619 3395 78 17 semer

3107 3416 23 22 le
3148 3416 106 23 désarroi
3273 3418 25 21 et
3315 3417 23 22 la
3355 3417 102 27 panique
3474 3417 115 22 circulent
3605 3417 14 22 à
3636 3424 47 16 nou-

3106 3450 60 16 veau
3182 3444 60 22 dans
3257 3446 69 21 notre
3344 3444 99 23 lo-alité.
3461 3444 29 23 -Te
3506 3444 63 23 tiens
3585 3445 14 22 à
3614 3444 68 23 infor-

3108 3478 52 16 mer
3182 3478 51 16 mes
3254 3472 154 23 administrés
3427 3472 55 27 qu'il
3502 3472 42 27 n'y
3565 3479 15 16 a
3601 3472 83 23 absolu-

3109 3501 66 20 ment
3194 3506 90 16 aucune
3305 3500 81 22 rais*,n
3405 3500 28 23 de
3452 3500 123 23 s'alarmer
3595 3502 25 21 et
3638 3499 59 28 qu'il

3110 3533 16 18 y
3141 3533 15 16 a
3170 3526 47 23 lieu
3232 3527 28 22 de
3275 3527 89 26 garder
3377 3535 44 16 son
3435 3528 138 27 sang-froid
3586 3528 59 23 dans
3659 3528 36 22 les

3109 3555 117 21 moments
3243 3554 105 27 pénibles
3365 3561 46 18 que
3426 3562 60 16 nous
3500 3557 145 22 traversons.
3661 3556 35 22 La

3109 3581 138 26 diplomatie
3264 3582 61 23 ainsi
3344 3589 43 20 que
3404 3582 24 23 la
3442 3583 115 26 politique
3572 3583 78 24 habile
3666 3583 29 23 de

3109 3610 67 22 notre
3193 3609 56 23 cher
3265 3609 42 23 Roi
3324 3611 103 22 mettent
3442 3610 58 23 hors
3517 3611 28 23 de
3561 3610 70 25 do-ite
3648 3616 46 18 une

3108 3637 98 26 attaque
3226 3637 153 27 prématurée
3401 3638 28 22 de
3449 3638 25 22 la
3494 3641 56 24 part
3568 3639 40 23 des
3627 3639 56 23 belli-

3109 3663 106 26 gérants.
3236 3664 36 23 En
3295 3671 40 16 cas
3357 3665 28 22 de
3403 3665 49 23 réel
3473 3666 100 26 danger,
3594 3667 24 26 ju
3635 3674 60 16 vous

3108 3693 105 21 nromets
3235 3692 29 23 de
3285 3694 86 22 mettre
3392 3694 54 22 tout
3464 3700 29 16 en
3516 3700 79 17 œuvre
3617 3696 25 21 et
3665 3695 29 23 de

3108 3719 64 23 faire
3193 3721 55 21 tous
3268 3720 36 23 les
3326 3720 130 25 sacrifices,
3476 3721 66 23 voire
3563 3721 78 24 même
3664 3729 30 16 au

3110 3746 53 23 prix
3182 3747 28 23 de
3229 3755 40 15 ma
3287 3747 45 26 vie,
3351 3755 59 16 r.our
3428 3749 163 26 sauvegarder
3605 3749 35 24 les
3659 3749 25 24 In-

3108 3774 75 23 térêts
3201 3775 28 25 de
3246 3775 23 22 la
3287 3776 146 26 population.

3135 3810 12 14 »
3163 3802 73 24 Votre
3252 3802 109 26 bourgmo
3368 3805 57 24 stre,
3443 3803 88 28 Joseph
3550 3805 110 24 Schmitz.

3138 3837 11 14 »
3170 3830 57 22 Vive
3246 3830 22 23 le
3285 3830 42 23 Roi
3348 3831 6 22 !
3374 3836 12 15 »

3137 3874 27 13 **
3184 3874 193 24 SOUSCRIVEZ
3400 3877 65 22 AUX
3487 3878 205 23 CERTIFICATS

3110 3902 42 22 DF,
3175 3902 285 26 L'INDEPENDANCE.

3137 3929 92 23 Intérêt
3249 3931 60 22 navé
3329 3931 119 24 d'avance.
3466 3933 142 28 Exemption
3627 3935 54 22 d'im-

3108 3957 60 27 pôts.
3184 3958 119 27 Liquidité
3316 3960 114 26 parfaite.
3634 3963 58 23 3273

3138 4001 26 14 **
3185 4001 40 24 LA
3247 4003 271 25 DEMOBILISATION
3538 4006 59 23 DES
3617 4007 27 22 G.
3666 4007 27 22 V.

3106 4029 26 23 C.
3148 4041 31 6 —
3194 4030 22 24 A
3235 4030 89 25 l'heure
3343 4033 108 27 actuelle,
3468 4034 29 23 50
3515 4040 22 21 p.
3555 4041 19 16 c.
3592 4034 99 24 environ

3108 4057 30 22 du
3152 4058 123 26 personnel
3293 4059 41 23 des
3353 4061 80 22 unités
3449 4061 28 23 de
3494 4062 151 26 garde-voies
3664 4063 30 22 de

3107 4086 218 27 communications,
3342 4088 119 24 mobilisés
3476 4090 48 22 lors
3537 4089 28 24 de
3579 4090 25 22 la
3617 4090 75 25 pha'e

3107 4112 27 25 D,
3157 4119 29 16 en
3208 4113 96 26 janvier
3325 4115 102 27 dernier,
3450 4118 42 21 ont
3515 4117 40 23 été
3576 4119 116 24 renvoyés

3106 4139 60 23 dans
3182 4139 63 25 leurs
3265 4142 87 27 foyers.

3138 4167 32 24 Le
3197 4168 110 25 ministre
3334 4170 28 23 de
3391 4171 24 23 la
3441 4171 104 25 Défense
3571 4174 122 23 nationale,

3107 4194 64 23 vient
3195 4196 28 22 de
3245 4196 107 24 déclarer
3375 4205 52 20 que,
3450 4206 60 19 pour
3534 4201 41 23 des
3598 4201 93 23 raisons

3106 4222 132 27 militaires,
3256 4224 27 34 il_
3294 4224 62 24 n'est
3377 4232 44 21 pas
3440 4228 103 26 possible
3562 4229 28 23 de
3611 4230 80 24 proeé-

3109 4249 37 23 ler
3163 4250 14 22 à
3193 4257 45 16 une
3256 4251 190 26 démobilisation
3463 4255 53 26 plus
3534 4256 98 24 étendue
3648 4257 41 23 des

3104 4276 28 23 G.
3146 4277 28 23 Vi
3189 4278 26 23 C.

3135 4313 27 13 **
3185 4314 40 24 LA
3247 4316 201 25 COMMISSION
3470 4320 222 24 SENATORIALE

3105 4341 44 22 DU
3167 4342 141 24 TRAVAIL
3326 4345 41 22 ET
3387 4345 44 24 DE
3450 4347 41 23 LA
3508 4348 172 24 PREVOYAN-

3104 4368 40 23 CE
3161 4369 134 24 SOCIALE
3312 4379 15 16 a
3346 4374 120 26 poursuivi
3485 4375 116 24 l'examen
3618 4377 29 23 de
3667 4378 23 22 ia

3106 4397 145 23 nroposition
3273 4399 29 22 de
3323 4399 25 23 M
3376 4401 55 25 Van
3451 4402 154 29 Roesbroeck,
3623 4404 56 24 éten-

3104 4424 59 22 dant
3191 4432 47 16 aux
3266 4428 71 22 trava
3338 4428 6 12 :
3348 4429 72 24 Heurs
3447 4431 117 27 agricoles
3588 4433 27 22 et
3641 4439 48 17 aux

3104 4458 58 18 siens
3180 4453 28 23 de
3227 4454 99 27 maison,
3345 4456 35 25 le3
3397 4458 201 29 dosnosotions»de
3614 4460 25 24 la
3656 4461 7 13 :
3665 4461 24 24 oi

3103 4486 41 15 sur
3157 4480 35 22 les
3210 4482 100 24 conseils
3328 4483 29 24 de
3373 4486 181 24 prud'hommes.
3572 4488 35 22 La
3624 4494 51 17 com-

3103 4513 95 17 mission
3220 4510 102 23 D-endra
3345 4519 43 17 jne
3406 4513 101 24 décision
3525 4521 30 17 au
3573 4521 69 18 cours
3661 4517 26 22 -Je

3103 4541 10 15 3
3116 4541 13 26 ?
3145 4536 128 24 ProeViai-s"
3290 4538 91 25 séance.
3398 4541 34 23 La
3449 4542 149 24 commission
3616 4550 15 17 a
3648 4544 28 23 dé-

3103 4568 69 21 signe
3189 4564 31 22 M.
3238 4564 107 26 Mertens
3363 4575 89 17 comme
3468 4573 144 23 rapporteur
3628 4578 61 19 pour

3112 4596 14 15 a
3142 4592 107 22 orono?H
3250 4593 6 14 ;
3259 4600 29 16 on
3309 4594 28 24 de
3359 4595 25 23 M
3411 4596 122 25 .Taiiniaux
3553 4599 101 23 tendant
3673 4600 15 22 à

3106 4619 6 19 1
3120 4619 75 22 octroi
3223 4620 70 25 d'une
3321 4623 50 23 •'!•■.
3379 4621 8 21 I
3400 4626 51 21 ton
3479 4626 207 26 suoplémentaire

3103 4647 28 20 d»
3155 4652 98 18 Dension
3279 4656 48 17 aux
3350 4658 44 16 ar,-
3397 4652 5 11 :
3404 4659 43 16 ens
3472 4653 102 24 salariés
3595 4654 90 24 bénéfi-

3103 4675 71 32 -iant_
3186 4675 68 25 rt'.me
3275 4678 50 24 mai
3332 4679 86 23 u-ati-n
3441 4681 106 24 cratuite
3569 4682 29 24 de
3619 4685 68 21 renie

3100 4702 29 20 de
3150 4702 118 25 vieillesse
3286 4712 28 14 en
3339 4707 143 25 Duplication
3505 4709 29 24 de
3555 4709 25 24 la
3601 4710 30 23 loi
3654 4711 30 23 du

3102 4731 26 18 'a
3143 4728 123 27 décembre
3283 4733 64 24 193".

3101 4794 10 12 ,
3125 4794 11 12 1
3131 4766 66 40 "oi
3194 4780 7 9 ,
3203 4769 42 37 f..
3246 4771 153 25 rOMM,9SI
3400 4774 44 23 °N
3467 4775 154 26 SPF.CIAI,E
3642 4777 43 23 DE

3101 4795 39 22 LA
3154 4795 156 28 CHAMBRE
3323 4807 13 16 a
3351 4801 93 26 adonté.
3460 4802 63 25 ieudi
3537 4804 147 27 xnrès-m'di.

3101 4829 13 15 i
3133 4824 8 21 1
3150 4825 133 24 "nanWté
3300 4835 75 16 -n-r-w
3395 4830 14 21 2
3425 4830 56 23 voix
3501 4831 70 25 (MM.
3590 4833 94 24 T.ahaut

3100 4852 25 21 et
3145 4851 112 23 Rom--'
3282 4856 25 20 et
3330 4856 14 14 •>
3366 4856 149 27 Abstentions
3539 4860 73 25 (MM.
3635 4861 36 24 An
3678 4874 6 5 -

3100 4883 40 36 I?'
3138 4879 9 21 1
3148 4886 14 25 '.
3177 4881 31 38 *J
3228 4880 121 39 r»;7~»!le>
3374 4883 22 25 le
3417 4890 80 19 Ti-ov*
3518 4888 30 23 de
3568 4888 31 24 loi
3622 4889 51 24 rela-

3100 4908 32 20 tif
3153 4908 15 21 à
3194 4908 22 21 la
3242 4909 98 23 d-f-ons-.
3365 4912 41 25 des
3431 4913 149 26 institutions
3606 4917 68 23 natio-

3098 4933 73 24 nale»!.

3100 4968 181 42 r^^.™5°
3281 4974 75 22 RTRP
3382 4977 21 23 A
3429 4978 182 26 L'EMPRUNT
3635 4981 45 23 DE

3100 4997 285 43 T.-JNDEPENDANCE.
3410 5006 59 24 c'est
3490 5007 65 25 faire
3575 5015 43 17 son
3643 5010 39 24 de-

3097 5024 51 25 nit
3147 5043 8 7 -
3602 5047 7 24 ,
3621 5037 59 24 8274

3127 5065 27 15 •*
3179 5067 68 25 UNE
3270 5070 160 28 QUFSTION
3453 5075 62 22 PAR
3539 5075 89 25 JOUR.
3651 5090 29 5 —

3099 5096 105 24 R-»ionse
3222 5097 15 24 à
3251 5098 25 24 la
3292 5102 108 23 miestion
3419 5103 38 22 d"h
3459 5103 7 14 :
3467 5110 27 16 er
3515 5111 7 14 :

3126 5128 36 25 On
3178 5132 93 27 appelle
3285 5134 46 24 don
3335 5135 37 24 Ion
3386 5135 25 24 la
3427 5137 79 23 partie
3519 5138 25 23 la
3559 5139 54 27 plus
3626 5139 44 24 for-

3095 5158 25 21 te
3135 5158 25 23 et
3176 5158 25 23 la
3218 5159 53 25 nlus
3289 5161 78 26 éle<ée
3385 5163 41 24 des
3442 5164 191 27 châteaux-forts
3647 5167 31 24 dn

3095 5185 157 29 Moven-Age.

3124 5221 49 24 629.
3191 5222 65 25 Citez
3270 5231 33 17 un
3322 5225 39 24 les
3378 5226 99 28 donjons
3493 5228 36 24 les
3545 5228 55 28 pins
3616 5227 49 26 «fi-

3093 5248 55 25 bres
3171 5249 13 24 ?

1404 5421 2 2 .

2629 5402 17 23 a
2661 5418 4 6 ,
