3672 5029
564 347 76 10 _
1947 320 55 32 LE
2037 321 144 33 RADIO
3546 346 10 12 .

2121 429 436 112 L’Esprit
2603 431 144 92 de
2797 431 334 94 Sacha
3187 433 356 112 Guitry

707 657 206 56 avec
943 623 490 88 Smnandet
1459 635 80 72 et
1567 619 380 88 'JhitMe.

1010 769 73 24 Une
1098 768 171 25 fantaisie
1285 769 43 22 de
1343 766 135 25 Marcel
1495 766 149 24 Antoine

2292 628 78 26 (Voir
2388 628 87 25 début
2492 634 72 24 page
2582 629 35 26 3.)

2126 692 14 16 »
2166 684 111 29 Quand.,
2302 685 89 28 enfin,
2416 685 28 28 je
2469 685 49 24 t’ai
2543 685 103 29 déposé
2670 685 72 25 dans
2768 686 50 24 ton

2092 720 127 28 berceau,
2238 721 32 22 tu
2287 720 93 23 savais
2399 719 66 29 déjà
2482 725 62 24 que,
2562 726 71 22 pour
2652 720 39 24 toi
2710 726 109 19 comme

2093 761 70 21 pour
2179 755 65 27 moi,
2259 756 20 23 il
2295 761 18 23 y
2327 755 79 24 avait
2421 755 74 24 deux
2511 756 98 23 choses
2628 761 10 19 :
2655 756 28 23 la
2700 756 118 28 maison,

2092 790 26 24 le
2134 790 121 28 théâtre,
2269 791 30 23 et
2313 790 63 30 puis
2391 790 27 24 le
2433 790 113 24 chemin
2562 791 48 29 qui
2625 796 18 23 y
2658 790 128 26 mène!...
2804 799 14 15 »

2126 837 56 25 Dès
2209 844 51 18 son
2288 838 85 28 jeune
2400 838 61 28 âge,
2489 839 93 23 Sacha
2610 838 104 29 Guitry
2742 838 77 25 avait

638 901 225 33 FLORELLE
877 910 27 22 et
919 900 306 32 FERNANDEL...
1241 898 74 31 deux

594 945 104 29 artistes
719 943 63 30 bien
800 954 114 22 connus,
935 940 75 31 deux
1030 941 103 29 artistes
1154 940 47 35 qui
1221 946 47 23 ont
1287 939 27 30 la

595 985 97 30 faveur
713 983 39 30 du
772 982 125 37 public...
920 989 26 23 et
967 981 35 29 de
1024 981 180 29 l’auditeur...

840 1905 229 26 FERNANDEL

642 1958 224 31 FLORELLE
886 1971 17 17 a
922 1957 80 31 lancé
1020 1958 63 29 bien
1103 1957 49 30 des
1171 1957 146 31 chansons,

598 2007 25 23 et
641 1999 16 30 il
676 2011 18 24 y
712 2012 25 20 a,
756 1999 71 29 dans
845 2011 48 17 son
911 1999 156 35 répertoire,
1086 2010 51 23 pas
1155 1997 55 29 mal
1228 1996 78 30 d’œu­

597 2052 59 18 vres
674 2040 84 35 gaies,
777 2039 104 35 jeunes,
901 2038 229 30 enthousiastes...

644 2085 166 35 Fernandel,
831 2086 48 33 lui,
900 2094 39 22 est
958 2085 26 31 le
1003 2085 271 36 comique-troupier,
1295 2083 25 30 le

579 2128 269 45 Icomique-ingénu,
864 2134 27 21 et
907 2127 72 28 aussi
994 2126 26 29 le
1034 2126 127 35 comique
1177 2124 142 30 bê-bête...

576 2182 24 22 +
606 2187 265 10 ——————
1258 2183 68 10 —

1343 897 77 30 Mais
1439 909 69 24 pour
1529 896 69 31 faire
1617 907 17 18 <
1654 896 28 30 la
1700 895 62 31 bête
1782 906 27 23 »,
1830 895 18 30 il
1870 895 61 30 faut
1950 903 114 23 souvent

1344 937 69 31 faire
1433 949 102 24 preuve
1555 935 203 36 d’intelligence
1779 943 26 22 et
1826 934 35 31 de
1882 935 118 31 talent...

1387 977 120 30 Florelle
1530 983 26 23 et
1579 974 167 34 Fernandel,
1783 987 35 18 au
1851 987 82 18 cours
1967 975 36 30 de
2037 974 28 31 la

1341 1017 126 30 nouvelle
1489 1016 127 30 fantaisie
1635 1016 37 30 de
1693 1014 112 31 Marcel
1826 1015 134 33 Antoine,
1985 1014 67 31 alter­

1342 1064 96 24 neront
1459 1056 72 30 leurs
1554 1055 133 37 couplets.
1712 1055 43 30 Ce
1778 1067 60 18 sera
1861 1067 54 18 une
1938 1056 68 28 suite
2029 1053 36 31 de

1341 1098 137 30 chansons
1499 1096 39 30 les
1560 1095 62 36 plus
1644 1095 85 36 gaies,
1752 1106 54 25 que
1828 1107 69 17 vous
1919 1096 145 28 écouterez

1342 1150 67 17 avec
1427 1137 64 35 joie.

2094 873 66 29 déjà
2183 873 26 25 le
2231 879 65 18 sens
2319 873 35 25 de
2377 873 28 24 la
2428 872 132 30 réplique.

2125 910 23 22 A
2171 908 28 24 la
2220 908 119 29 pension
2361 908 37 24 où
2419 914 52 18 son
2493 909 66 27 père
2580 908 96 24 l’avait
2698 908 62 28 mis,
2781 914 37 18 au

2095 943 56 24 soir
2173 943 92 24 même
2288 944 35 24 de
2345 949 52 19 son
2420 943 117 28 arrivée,
2559 944 20 23 il
2602 943 42 24 dit
2668 949 36 19 au
2727 943 76 24 direc­

2094 979 63 23 teur
2180 984 9 18 :

2125 1026 32 5 —
2183 1013 152 28 Monsieur,
2360 1013 29 29 je
2415 1013 58 23 n’ai
2499 1013 101 29 qu’une
2626 1013 80 24 toute
2731 1013 87 29 petite

2094 1049 147 27 chambre;
2271 1054 68 19 vous
2367 1054 35 18 en
2431 1052 68 20 avez
2527 1054 56 18 une
2612 1048 57 23 très
2698 1047 120 29 grande!

2094 1085 76 26 Papa
2199 1084 64 29 paie
2291 1083 57 24 très
2376 1084 69 23 cher
2472 1089 72 23 pour
2571 1088 53 24 que
2651 1082 66 29 j’aie
2745 1083 74 23 cette

2093 1119 87 28 petite
2201 1119 144 27 chambre,
2365 1120 28 22 et
2413 1123 69 19 vous
2502 1124 36 18 ne
2559 1123 86 23 payez
2665 1118 61 23 rien
2748 1122 71 23 pour

2094 1154 78 24 avoir
2190 1154 28 24 la
2238 1154 122 28 grande;
2379 1153 60 24 cela
2459 1159 37 18 ne
2515 1154 67 27 peut
2602 1158 51 24 pas
2672 1158 31 18 se
2722 1156 96 25 passer

2095 1195 107 18 comme
2222 1189 91 24 cela...

2125 1225 34 23 Et
2185 1224 27 24 le
2237 1223 142 24 directeur
2404 1223 38 24 du
2469 1222 179 29 pensionnat,
2675 1222 47 29 qui
2748 1221 71 24 était

2094 1266 38 17 un
2158 1260 85 23 brave
2268 1260 123 26 homme,
2424 1258 95 24 donna
2552 1258 29 23 la
2616 1257 62 28 plus
2713 1257 106 28 grande

2093 1295 134 24 chambre
2244 1294 36 24 de
2297 1294 28 23 la
2344 1293 110 24 maison
2473 1299 37 17 au
2527 1292 72 30 petit
2618 1292 103 24 Sacha.

2125 1383 95 24 Sacha
2238 1383 104 28 Guitry
2359 1388 17 18 a
2395 1382 50 28 dit,
2464 1388 39 18 un
2521 1382 73 28 jour,
2611 1381 18 25 à
2646 1381 149 29 quelqu’un
2810 1387 7 18 :

2125 1432 34 4 —
2186 1420 60 26 Que
2273 1418 49 29 j’ai
2349 1418 65 23 bien
2441 1417 64 29 fait,
2535 1417 65 24 "her
2626 1417 67 27 ami,
2720 1417 35 24 de
2783 1422 36 18 ne

2096 1459 50 22 pas
2166 1454 74 28 faire
2260 1453 141 27 d’études;
2423 1452 28 28 je
2472 1458 36 18 ne
2531 1452 54 24 sais
2606 1452 136 24 vraimew
2769 1457 50 23 pas

2096 1489 16 24 à
2130 1490 65 28 quoi
2213 1488 59 24 cela
2292 1488 131 23 m’aurait
2442 1487 116 25 servi!...

2129 1533 14 14 »
2165 1525 22 22 A
2210 1523 64 29 quoi
2295 1523 60 24 cela
2377 1522 94 24 sert-il
2493 1522 186 29 d’apprendre
2701 1527 32 18 ce
2755 1521 64 29 qu’il

2098 1565 16 22 y
2141 1565 17 18 a
2185 1559 72 23 dans
2283 1559 41 23 les
2350 1558 91 27 livres,
2468 1558 116 27 puisque
2610 1557 60 23 cela
2707 1562 17 22 y
2761 1556 58 24 est?

2098 1594 101 27 Quand
2217 1599 68 18 vous
2302 1599 35 18 en
2354 1597 67 19 avez
2440 1592 103 27 besoin,
2561 1597 67 18 vous
2645 1592 96 22 n’avez
2758 1590 63 29 qu’à

2098 1629 69 23 aller
2193 1629 26 24 le
2246 1629 144 23 chercher.
2417 1628 96 23 Est-ce
2549 1627 65 28 qu’il
2651 1626 116 24 viendra
2803 1625 17 23 à

2097 1664 105 29 l’esprit
2227 1664 35 23 de
2285 1663 149 28 quelqu’un
2459 1662 185 28 d’apprendre
2669 1667 51 22 par
2743 1666 79 18 cœur

2100 1699 163 23 l’Annuaire
2291 1698 49 23 des
2371 1697 175 28 Téléphones
2574 1702 37 18 ou
2640 1696 181 24 l’indicateur

2099 1735 48 23 des
2165 1733 135 24 Chemins
2318 1733 34 23 de
2370 1733 60 27 fer?
2451 1741 13 15 »

2129 1782 34 4 —
2180 1769 66 26 Moi,
2265 1768 78 23 dit-il
2363 1773 108 21 encore,
2489 1766 48 29 j’ai
2556 1766 62 24 tout
2636 1765 95 29 appris
2751 1765 71 23 dans

2100 1805 26 22 la
2142 1803 205 26 conversation,
2364 1803 28 22 et
2408 1803 67 22 c’est
2491 1802 69 23 chez
2577 1807 54 17 une
2648 1801 105 27 femme
2770 1805 52 22 que

2099 1839 120 27 j’aimais
2236 1839 144 26 beaucoup
2397 1843 53 22 que
2465 1836 49 28 j’ai
2530 1836 96 28 appris
2643 1841 53 23 que
2712 1836 110 22 Jeanne

2100 1874 80 23 d’Arc
2200 1874 77 23 avait
2298 1872 45 24 été
2365 1872 108 23 brûlée!

2434 1909 58 31 **♦

2130 1956 94 23 Sacha
2244 1954 103 28 Guitry
2366 1953 53 28 fait
2441 1960 6 20 ;
2478 1953 69 27 rfois
2567 1952 49 24 des
2635 1951 94 28 fautes
2749 1951 59 23 d’or­

2101 1990 171 28 thographe;
2296 1990 28 23 et
2349 1989 19 23 il
2392 1995 17 17 a
2434 1987 120 24 terminé
2577 1993 52 18 son
2653 1987 69 23 livre
2746 1994 13 16 «
2784 1987 38 22 La

2101 2026 121 23 Maladie
2246 2033 12 14 »
2279 2030 36 17 en
2337 2023 126 24 relevant
2484 2023 40 23 les
2544 2023 95 27 fautes
2660 2022 65 28 qu’il
2746 2021 75 23 avait

2102 2061 85 27 faites
2216 2060 72 23 dans
2317 2065 32 18 ce
2378 2058 131 29 bouquin.
2539 2058 23 22 Il
2592 2057 94 23 aurait
2717 2062 37 23 pu
2783 2056 40 23 les

2101 2096 129 27 corriger,
2249 2095 174 26 direz-vous;
2445 2093 19 23 il
2486 2094 98 22 trouva
2607 2092 62 28 plus
2690 2092 133 23 amusant

2101 2131 33 23 de
2151 2131 40 23 les
2209 2130 127 23 laisser...

2061 2171 33 24 .4.
2135 2166 23 23 Il
2180 2165 51 23 mit
2252 2170 37 18 au
2309 2165 49 23 bas
2379 2164 34 23 de
2433 2167 43 20 ses
2497 2167 161 23 remarques
2679 2166 55 18 une
2754 2160 71 24 série

2102 2200 141 24 d’accents
2272 2204 106 23 graves,
2405 2198 141 23 d’accents
2575 2197 88 27 aigus,
2692 2197 28 22 et
2748 2195 62 23 d’ac­

2102 2236 78 23 cents
2203 2235 193 26 circonflexes,
2417 2238 36 18 en
2475 2233 95 23 disant
2592 2237 38 18 au
2653 2231 104 23 lecteur
2783 2236 9 18 ;

2134 2279 14 15 «
2166 2269 154 24 Placez-les
2335 2269 73 22 donc
2426 2267 35 24 où
2478 2273 67 17 vous
2563 2267 111 28 jugerez
2692 2266 99 23 bon!...
2812 2273 13 14 »

1606 2123 200 30 FLORÇLLE

3080 608 92 40 ffavc
3196 609 194 42 Cbanand
3412 610 161 43 ‘VxutLez

2878 727 34 6 —
2925 715 63 25 J’en
3005 716 58 25 suis
3077 718 166 28 convaincu,
3259 719 108 29 répond
3383 721 108 30 Sacha;
3508 739 29 9 ...
3554 722 21 25 il

2848 751 47 29 n’y
2911 752 95 24 aurait
3024 752 64 28 plus
3105 758 54 24 que
3177 753 50 25 des
3244 754 166 26 cimetières.

3201 801 16 16 *

3188 820 18 15 •
3212 820 18 16 a

2881 843 80 24 Dans
2984 843 29 25 la
3037 852 14 17 «
3074 845 79 25 Prise
3176 847 35 24 de
3235 848 230 29 Berg-op-Zoom
3487 858 25 21 »,
3535 857 39 19 un

2849 878 113 24 nommé
2984 880 81 23 Vidal
3084 881 42 24 dit
3145 887 39 18 au
3204 883 114 24 nommé
3337 883 55 25 Léo
3415 890 10 19 :

2874 925 34 6 —
2934 913 69 25 Oh!
3031 915 85 25 Léo...
3145 920 57 22 moi
3230 919 48 27 qui
3305 924 67 20 vous
3399 920 110 28 croyais
3533 924 41 20 un

2849 948 71 23 mari
2935 949 153 24 modèle!...
3107 951 73 24 Vous
3194 952 88 24 n’ètes
3297 959 51 23 pas
3362 954 86 28 fidèle
3463 954 18 25 à
3496 956 79 24 votre

2848 982 137 28 femme...

2879 1030 33 5 —
2930 1017 40 29 Si,
2989 1018 108 29 répond
3115 1020 133 26 l’autre...
3269 1023 172 26 Souvent!...

2867 1104 36 24 Et
2922 1104 73 25 dans
3015 1105 40 25 les
3076 1106 124 26 volumes
3219 1109 66 29 qu’il
3304 1115 18 19 a
3341 1109 117 35 publiés,
3479 1111 95 26 Sacha

2848 1138 111 29 Guitry,
2980 1139 27 23 le
3027 1140 63 27 plus
3112 1142 91 27 grand
3223 1144 158 24 humoriste
3402 1146 38 23 du
3450 1134 125 36 ’theatre

2848 1173 126 28 français
3000 1174 218 31 d’aujourd’hui,
3242 1184 19 18 a
3287 1178 70 25 écrit
3390 1181 50 24 des
3475 1182 100 24 choses

2848 1208 108 28 pleines
2979 1209 35 24 de
3039 1211 54 23 bon
3118 1217 65 19 sens
3207 1214 29 23 et
3258 1215 78 22 aussi
3359 1215 215 26 d’observation.

2880 1244 25 23 Il
2919 1244 52 28 dit,
2986 1250 52 22 par
3054 1247 126 28 exemple
3197 1252 11 20 :

2880 1290 33 6 —
2935 1280 75 23 Pour
3032 1286 40 18 un
3094 1282 102 28 joueur
3220 1284 53 26 (un
3297 1285 130 24 amateur
3449 1286 36 24 de
3507 1286 68 28 jeux

2848 1313 35 24 de
2900 1314 119 29 hasard)
3037 1316 66 23 cent
3120 1318 97 26 francs
3234 1319 111 27 perdus,
3361 1320 67 23 c’est
3446 1326 39 18 un
3503 1322 72 27 petit

2849 1349 116 24 ennui...
2986 1350 79 29 vingt
3083 1352 98 27 francs
3198 1353 114 28 gagnés,
3331 1354 137 25 immense
3486 1356 89 28 joie.„

2882 1385 147 24 D’ailleurs
3047 1392 38 17 un
3103 1387 61 23 vrai
3181 1388 101 28 joueur
3299 1394 36 18 ne
3353 1390 68 28 perd
3439 1390 136 28 jamais...

2849 1419 24 23 Il
2890 1425 98 23 gagne,
3004 1426 36 18 ou
3057 1421 65 24 bien
3138 1422 20 23 il
3174 1429 37 17 ne
3227 1429 91 23 gagne
3334 1430 59 23 pas.
3410 1426 39 24 La
3466 1431 109 20 somme

2851 1454 64 28 qu’il
2943 1455 83 24 laisse
3053 1462 49 18 sur
3128 1457 28 24 la
3184 1459 76 23 table
3287 1459 36 24 de
3349 1460 48 28 jeu
3425 1462 71 23 n’est
3524 1468 51 23 pas

2849 1490 112 26 perdue.
2979 1491 132 28 L’argent
3127 1498 37 18 ne
3182 1494 67 27 peut
3266 1500 30 18 se
3314 1496 114 27 perdre;
3446 1497 20 23 il
3483 1497 77 24 s’éloi­

2850 1529 54 23 gne
2921 1527 308 25 momentanément!...
3248 1529 25 23 Il
3290 1529 187 27 découche!...

2881 1572 34 5 —
2943 1560 37 24 Le
3008 1562 60 23 vrai
3096 1562 109 29 joueur,
3232 1564 43 24 dit
3303 1565 112 29 Guitry,
3442 1572 37 18 ne
3508 1566 68 29 peut

2851 1600 50 22 pas
2927 1596 109 28 perdre,
3060 1598 130 28 puisqu’il
3214 1599 69 28 peut
3308 1600 112 28 rejouer
3454 1601 27 24 le
3513 1602 48 24 len­

2851 1630 123 23 demain.

3182 1683 17 16 *
3221 1687 18 16 *

2886 1708 95 27 Enfin,
3005 1709 94 23 Sacha
3124 1709 104 29 Guitry
3251 1716 17 18 a
3292 1710 71 25 écrit
3386 1712 36 24 de
3444 1713 82 24 Paris
3550 1714 29 24 et

2853 1742 48 24 des
2920 1743 142 23 Parisiens
3086 1749 8 17 :

2883 1789 33 5 —
2932 1778 65 23 Etre
3015 1778 137 28 Parisien,
3168 1779 88 28 dit-il,
3272 1780 68 24 c’est
3358 1782 117 28 quelque
3494 1783 84 24 chose

2852 1812 35 23 de
2913 1813 193 28 particulier...
3135 1814 39 23 Ce
3201 1815 72 23 n’est
3300 1816 30 23 ni
3358 1821 55 18 une
3439 1817 139 29 fonction,

2853 1848 29 21 ni
2905 1853 39 17 un
2968 1847 107 28 métier,
3098 1848 30 24 ni
3151 1854 39 18 un
3212 1849 91 25 état...
3327 1851 35 24 Et
3384 1852 67 23 c’est
3473 1858 88 22 cepen­

2852 1882 70 23 dant
2941 1883 61 23 tout
3020 1883 90 24 cela...
3130 1884 74 23 C’est
3223 1885 104 28 unique
3344 1886 29 23 et
3391 1886 187 30 inestimable,

2853 1918 27 22 et
2906 1923 31 17 ce
2963 1918 71 23 n’est
3059 1918 142 25 d’ailleurs
3225 1925 51 23 pas
3301 1920 19 24 à
3344 1921 134 25 vendre...

2885 1959 13 16 »
2916 1953 34 22 Et
2967 1953 24 23 si
3006 1953 56 23 l’on
3079 1959 45 18 me
3141 1954 166 24 demandait
3323 1961 32 18 ce
3372 1961 53 23 que
3441 1957 66 23 c’est
3525 1961 54 23 que

2852 1987 87 27 Paris,
2957 1988 29 27 je
3003 1988 166 28 répondrais
3188 1995 10 19 :
3218 1990 38 23 Ce
3274 1995 53 23 que
3345 1996 71 18 nous
3434 1991 145 28 appelons,

2850 2029 78 20 nous,
2949 2023 88 27 Paris,
3056 2030 33 18 ce
3111 2025 71 25 n’est
3204 2030 53 23 que
3281 2025 26 27 la
3331 2025 132 25 millième
3486 2026 93 29 partie

2853 2057 34 23 de
2906 2058 110 23 Paris...
3037 2058 39 24 Ce
3095 2059 71 22 n’est
3185 2059 85 28 guère
3288 2059 63 28 plus
3370 2060 34 23 de
3423 2061 71 23 3.000
3514 2066 50 22 per­

2854 2097 111 22 sonnes,
2990 2098 51 22 pas
3067 2093 190 29 davantage...
3286 2095 74 23 C’est
3386 2095 28 23 la
3440 2095 140 28 générale,

2854 2127 28 23 et
2904 2127 29 23 la
2956 2127 138 28 première
3116 2129 84 23 d’une
3222 2128 92 29 pièce;
3336 2130 68 23 c’est
3426 2130 49 23 dix
3497 2131 83 23 salles

2854 2162 35 23 de
2912 2162 177 29 restaurant;
3111 2164 68 23 c’est
3201 2164 127 24 l’avenue
3350 2164 38 24 du
3411 2165 66 23 Bois
3499 2165 82 23 entre

2854 2202 69 18 onze
2943 2197 101 24 heures
3064 2199 29 23 et
3114 2198 100 25 midi...
3235 2199 75 23 C’est
3330 2199 26 24 le
3376 2204 102 24 pesage
3499 2201 81 22 entre

2856 2232 73 23 deux
2949 2233 28 22 et
2999 2232 78 29 cinq;
3098 2233 67 23 c’est
3185 2233 28 24 la
3235 2239 49 18 rue
3305 2234 35 23 de
3360 2234 27 24 la
3409 2234 70 24 Paix
3500 2235 81 23 entre

2855 2267 63 28 cinq
2940 2268 28 22 et
2988 2270 93 25 sept...
3103 2275 14 16 »

736 2484 414 98 Sélection

633 2604 98 95 Je
758 2604 77 95 la
860 2603 384 96 Semaine

885 2724 91 26 —~irSL.

634 2810 225 25 DIMANCHE
880 2809 49 24 22
948 2809 201 24 JANVIER:

665 2853 120 23 Concert
823 2858 52 23 par
910 2852 171 23 l’Orchestre
1118 2851 130 24 Edouard

695 2888 124 22 Loiseau.

664 2931 173 23 Intermèdes
858 2930 35 24 de
914 2930 87 23 chant
1024 2934 51 23 par
1094 2930 73 23 Jean
1190 2929 44 23 Vil­

696 2965 69 27 lard,
789 2965 82 24 ténor
893 2965 38 23 du
957 2964 121 24 Théâtre
1102 2965 88 27 Royal
1215 2964 34 23 de

696 3000 27 24 la
743 3000 141 24 Monnaie.

665 3043 226 28 Radiodiffusion
907 3043 39 23 du
960 3042 114 24 concert
1089 3041 93 24 donné
1198 3047 53 22 par

697 3078 158 23 l’orchestre
873 3083 76 18 russe
966 3078 28 23 et
1010 3077 41 24 les
1067 3077 121 25 artistes,
1205 3081 30 18 re­

698 3113 61 28 layé
774 3113 38 23 du
828 3113 121 23 Cabaret
965 3120 14 15 «
996 3112 83 23 Slave
1096 3119 12 15 »
1125 3111 35 23 de
1178 3112 55 22 Bru­

699 3148 91 23 xelles.

639 3212 126 24 LUNDI
795 3212 48 24 23
871 3210 175 25 JANVIER
1063 3216 9 18 :

668 3255 22 22 A
707 3254 30 23 13
752 3254 28 23 h.
796 3254 29 23 20
845 3259 8 17 :
871 3262 13 15 «
900 3254 50 22 Les
967 3253 154 23 Aventures
1137 3252 34 24 de
1189 3252 46 23 Sla­

700 3289 52 23 che
776 3296 22 20 »,
820 3294 51 22 par
893 3288 104 23 Marcel
1021 3288 129 23 Antoine.

669 3332 22 22 A
710 3332 30 23 13
759 3331 27 24 h.
804 3331 30 23 30
855 3337 8 17 :
882 3331 119 24 Concert
1021 3336 50 22 par
1089 3334 26 19 le
1133 3330 120 28 quatuor

702 3366 34 23 de
755 3365 174 24 mandolines
949 3373 13 15 t
982 3366 37 22 Le
1037 3365 108 23 Plectre
1166 3373 21 15 ».

671 3401 21 22 A
708 3402 29 21 16
753 3401 98 23 heures
869 3405 8 18 :
893 3400 226 27 Radiodiffusion
1132 3400 39 23 du
1184 3405 53 18 con­

703 3436 59 22 cert
781 3435 92 23 donné
894 3440 50 22 par
963 3434 160 24 l’orchestre
1142 3435 111 23 Gaston

705 3469 114 26 Raskin,
838 3468 92 29 relayé
951 3469 48 23 des
1018 3469 101 23 Salons
1139 3469 34 23 de
1195 3468 59 23 Thé

704 3504 49 23 des
769 3504 112 23 Grands
896 3503 142 28 Magasins
1053 3504 35 22 de
1103 3504 27 23 la
1143 3504 111 22 Bourse.

647 3568 133 23 MARDI
804 3567 49 24 24
874 3567 173 23 JANVIER
1065 3573 8 17 :

676 3610 119 23 Concert
818 3615 51 23 par
891 3609 167 23 l’Orchestre
1082 3608 77 24 Théo
1182 3609 58 23 Lan­

709 3644 76 28 glois.

678 3681 22 21 A
717 3679 30 23 15
764 3679 27 23 h.
808 3679 30 23 30
860 3684 5 16 :
884 3679 38 22 La
939 3677 108 24 minute
1063 3677 34 24 de
1112 3677 27 24 la
1157 3677 100 29 poésie,

710 3719 51 21 par
781 3713 123 23 Armand
925 3712 103 23 Variez.

679 3749 21 22 A
716 3749 30 22 16
762 3748 98 23 heures
879 3753 8 17 :
903 3755 14 15 «
933 3747 49 22 Les
998 3746 111 23 artistes
1125 3752 51 21 que
1192 3751 66 17 vous

710 3783 88 22 aimez
817 3790 22 18 »,
856 3781 133 28 fantaisie
1007 3786 50 21 par
1076 3780 59 23 Lise
1153 3780 106 27 Coliny.

651 3846 210 24 MERCREDI
894 3845 47 24 25
970 3843 174 24 JANVIER
1160 3849 9 17 :

680 3890 21 22 A
721 3889 30 23 13
769 3888 28 23 h.
814 3888 31 23 30
865 3892 10 20 :
894 3886 226 27 Radiodiffusion
1138 3886 38 22 du
1194 3891 50 18 con­

711 3923 58 23 cert
787 3923 112 26 d’orgue
917 3920 93 24 donné
1030 3926 50 21 par
1099 3920 93 22 Albert
1212 3921 34 21 Es­

712 3963 98 22 pagne.
824 3956 92 27 relayé
931 3956 38 22 du
987 3955 88 23 °alais
1090 3955 48 22 des
1153 3956 109 21 Beaux-

712 3993 64 23 Arts
793 3992 35 22 de
845 3990 150 23 Bruxelles.

653 4056 118 24 JEUDI
797 4055 48 24 26
867 4053 173 25 JANVIER
1057 4058 9 17 :

683 4098 118 22 Concert
826 4102 50 22 par
899 4095 168 24 l’Orchestre
1090 4094 77 23 Théo
1191 4094 59 22 Lan­

714 4132 77 27 glois.

683 4169 22 21 A
732 4167 31 22 13
787 4167 29 22 h.
841 4166 30 23 20
899 4171 9 17 :
936 4173 13 14 r.
976 4165 50 22 Les
1052 4164 155 22 Aventures
1232 4162 34 23 de

716 4201 101 23 Slache
835 4209 23 16 ».
877 4205 51 22 par
947 4199 104 23 Marcel
1072 4198 129 22 Antoine.

655 4264 207 24 VENDREDI
889 4263 47 24 27
961 4262 175 24 JANVIER
1153 4267 8 17 :

683 4307 120 23 Concert
819 4311 50 22 par
886 4305 167 23 l’Orchestre
1068 4305 110 22 Gaston
1196 4303 56 22 Ras­

716 4342 57 22 kin.

644 4400 167 35 VmEDI
839 4404 50 24 28
911 4401 175 26 JANVIER
1103 4407 9 16 :

684 4447 119 24 Concert
826 4452 50 22 par
899 4444 168 24 l’Orchestre
1095 4442 89 23 André
1207 4442 61 23 Fel-

715 4482 103 22 leman.

685 4518 21 21 A
731 4517 29 22 14
783 4517 99 22 heures
907 4520 8 17 :
939 4522 13 15 t
976 4514 50 23 Les
1049 4512 154 23 Aventures
1235 4511 34 22 de

717 4551 101 23 Slache
837 4558 24 18 «,
879 4555 51 23 par
948 4548 105 24 Marcel
1074 4547 129 22 Antoine.

685 4588 22 21 A
724 4587 30 22 15
770 4586 28 23 h.
812 4586 31 22 30
861 4590 40 18 te
920 4584 22 22 Y
957 4589 17 17 a
990 4583 54 22 d’là
1061 4582 85 28 joie...
1165 4590 21 17 ».
1202 4586 68 17 avec

717 4621 116 22 Florelle
868 4620 29 22 et
934 4617 165 26 Fernandel,
1136 4616 134 28 fantaisie

717 4655 133 23 musicale
872 4659 51 23 par
945 4653 105 23 Marcel
1073 4651 129 24 Antoine.

1332 2892 118 114 M
1467 2909 90 23 ARDI
1581 2909 32 22 24
1636 2908 118 28 janvier,
1778 2907 18 24 à
1821 2908 29 23 13
1875 2907 29 23 h.
1927 2908 40 27 30,
2000 2911 52 18 nos

1500 2944 145 23 auditeurs
1662 2943 164 24 écouteront
1846 2947 54 18 une
1919 2942 134 23 sélection

1500 2978 169 29 enregistrée
1695 2978 39 23 du
1760 2978 90 28 grand
1884 2977 96 24 succès
2013 2976 39 24 du

1497 3014 187 27 compositeur
1700 3014 84 25 Stolz,
1801 3012 143 28 l'opérette
1962 3020 13 14 «
1994 3013 41 21 Ba­

1329 3049 104 23 lalaïka
1452 3056 24 20 »,
1493 3048 171 29 interprétée
1682 3054 51 23 par
1752 3047 162 28 Jacqueline
1932 3046 120 24 Francel

1329 3085 28 23 et
1375 3084 79 23 Reda
1472 3084 90 23 Caire.

1361 3131 164 28 Jacqueline
1548 3131 125 27 Francel,
1696 3131 29 23 la
1746 3129 112 24 vedette
1890 3130 35 23 de
1947 3128 105 25 l’écran

1331 3167 126 28 français
1477 3168 29 22 et
1529 3166 34 24 de
1585 3166 28 23 la
1634 3165 91 27 scène,
1748 3171 19 17 a
1788 3165 116 27 conquis
1925 3165 64 22 tous
2012 3164 40 23 les

1330 3202 142 28 suffrages
1490 3201 39 24 du
1548 3201 93 29 public
1660 3206 52 23 par
1731 3205 51 18 son
1802 3199 90 28 grand
1912 3199 92 23 talent
2024 3198 28 23 et

1330 3243 32 18 sa
1381 3237 67 28 jolie
1467 3236 71 23 voix.

1566 4319 122 32 Reda
1710 4318 126 33 Caire

1379 4409 78 24 Reda
1474 4408 89 28 Caire,
1578 4407 136 24 excellent
1730 4407 99 24 artiste
1842 4406 29 24 et
1886 4412 53 22 par
1953 4406 113 23 ailleurs

1348 4444 56 24 bon
1431 4443 89 27 ténor,
1547 4444 71 22 n’est
1645 4448 51 22 pas
1725 4447 38 18 un
1789 4441 126 23 inconnu
1942 4446 71 22 pour
2039 4440 27 23 le

1347 4478 93 28 public
1463 4478 85 28 belge.
1569 4478 53 22 Ses
1645 4476 139 24 créations
1806 4481 37 18 au
1873 4474 125 24 Théâtre
2027 4474 40 23 du

1348 4515 79 25 Parc,
1451 4512 72 23 ainsi
1548 4518 52 22 que
1633 4517 44 18 ses
1708 4511 171 28 prestations
1911 4509 17 23 à
1959 4508 107 24 Radio-

1348 4547 343 25 Sehaerbeek-Bruxelles.
1707 4546 66 23 sont
1790 4549 107 22 encore,
1914 4549 72 17 nous
2002 4544 65 22 n’en

1348 4583 122 24 doutons
1487 4587 60 23 pas,
1566 4581 73 23 dans
1658 4580 93 24 toutes
1768 4578 41 25 les
1828 4578 156 24 mémoires.

1381 4630 79 22 Voila
1484 4634 38 17 un
1545 4628 83 28 quart
1650 4627 113 23 d’heure
1786 4626 76 28 plein
1894 4623 173 30 d'agrément

1349 4670 53 23 que
1423 4669 68 18 vous
1511 4662 110 30 promet
1643 4662 72 24 cette
1734 4660 135 25 sélection
1891 4659 33 24 de
1947 4668 12 15 «
1981 4658 72 24 Bala­

1347 4698 79 24 laïka
1449 4706 21 15 ».

2137 2361 21 21 A
2183 2359 69 26 l’âge
2275 2358 34 23 de
2333 2357 47 23 dix
2403 2363 60 20 ans,
2486 2357 20 23 il
2529 2362 29 17 se
2582 2356 92 23 rendit
2699 2361 38 17 un
2762 2355 62 27 jour

2104 2395 67 23 chez
2192 2399 37 17 un
2250 2392 102 28 épicier
2371 2392 27 23 et
2418 2392 39 23 lui
2477 2391 140 24 demanda
2639 2391 27 22 11
2689 2390 69 23 kilos
2779 2390 46 23 250

2105 2434 139 23 grammes
2264 2428 34 23 de
2319 2427 71 27 café,
2409 2427 18 22 à
2447 2427 36 26 fr.
2504 2426 54 23 2.75
2578 2426 28 23 la
2625 2425 99 23 livre...

2135 2477 32 4 —
2185 2464 83 22 Bien!
2291 2463 41 23 dit
2354 2462 119 27 l’épicier
2504 2461 33 22 Et
2559 2465 67 18 avec
2648 2460 108 24 cela?...

2134 2511 33 5 —
2184 2499 31 22 17
2232 2498 118 28 paquets
2367 2497 35 23 de
2419 2496 112 27 bougies
2549 2495 17 23 à
2584 2496 12 22 1
2615 2496 35 27 fr.
2668 2495 61 24 50...

2134 2546 32 4 —
2185 2533 107 23 Voilà...
2314 2533 32 22 Et
2365 2533 64 27 quoi
2448 2530 149 24 encore?...

2135 2581 32 4 —
2185 2568 106 26 Quatre
2308 2566 70 24 kilos
2394 2567 28 22 et
2440 2566 73 22 demi
2530 2565 35 23 de
2581 2569 79 19 sucre
2677 2562 17 25 à
2712 2562 30 24 85
2759 2567 51 19 cen­

2104 2603 89 22 times.

2133 2649 32 5 —
2184 2636 71 23 C’est
2278 2636 78 23 tout?

2129 2685 33 6 —
2190 2673 92 22 Non...
2315 2669 160 28 Vingt-huit
2504 2669 77 25 litres
2610 2669 34 24 de
2672 2666 106 29 pétrole
2806 2666 19 21 à

2103 2708 30 22 55
2154 2706 166 24 centimes...

2134 2754 32 4 —
2189 2741 73 23 C’est
2287 2745 55 18 une
2366 2744 93 23 grosse
2481 2736 176 26 commande,
2680 2736 42 23 dit
2746 2734 64 29 l’épi­

2104 2776 64 24 cier.
2191 2776 45 22 On
2258 2774 113 28 portera
2395 2773 61 23 tout
2478 2772 59 23 cela
2560 2772 67 22 chez
2650 2776 75 17 vous.

2133 2823 34 5 —
2184 2810 66 23 Cela
2270 2809 54 28 fait
2342 2808 137 25 combien,
2498 2812 34 18 en
2552 2806 78 24 tout?
2651 2805 40 23 dit
2711 2805 26 23 le
2755 2803 70 29 petit

2104 2846 100 24 Sacha.

2136 2893 31 4 —
2187 2879 78 23 Voilà
2288 2878 26 23 le
2338 2877 79 26 total,
2439 2876 42 23 dit
2505 2874 121 29 l’épicier
2647 2878 36 18 en
2707 2872 120 25 tendant

2104 2916 27 23 la
2158 2915 119 27 facture.
2303 2912 113 27 Dois-je
2440 2911 95 28 porter
2560 2909 75 24 cette
2659 2913 107 19 somme
2790 2911 38 18 au

2104 2950 112 28 compte
2231 2948 35 24 de
2282 2948 79 23 votre
2377 2946 164 24 maman?...

2186 2984 81 26 Mais,
2284 2987 116 19 maman
2418 2981 44 23 n’a
2480 2980 61 23 rien
2558 2979 17 23 à
2592 2978 60 23 voir
2668 2976 160 26 là-dedans,

2105 3020 42 24 dit
2171 3018 131 29 l’enfant.
2326 3017 74 24 C’est
2427 3021 66 18 mon
2518 3014 96 24 devoir
2639 3010 174 26 d’arithméti­

2106 3060 83 23 que...
2209 3054 29 24 et
2257 3053 28 28 je
2303 3058 37 18 ne
2359 3050 115 29 pouvais
2493 3054 35 19 en
2547 3048 79 25 venir
2644 3047 17 24 à
2680 3047 67 24 bout
2767 3045 61 24 tout

2106 3089 103 25 seul!...

2437 3122 58 30 ***

2140 3171 73 24 Vous
2234 3174 67 18 avez
2321 3172 45 21 vu,
2386 3171 66 18 sans
2473 3164 94 27 doute,
2587 3169 31 18 sa
2638 3162 77 29 pièce
2736 3170 14 15 «
2772 3162 57 23 No-

2107 3211 37 18 no
2173 3214 23 17 »,
2223 3205 47 27 qui
2297 3203 46 28 fut
2371 3199 178 30 représentée
2575 3197 19 25 à
2622 3197 143 23 Bruxelles
2792 3201 38 17 au

2108 3240 122 24 Théâtre
2248 3238 49 24 des
2316 3236 135 26 Galeries,
2469 3239 68 19 avec
2555 3232 93 24 Sacha
2666 3232 28 23 et
2714 3232 116 23 Yvonne

2106 3276 170 25 Printemps.

2140 3311 21 23 A
2184 3315 38 18 un
2243 3306 126 26 moment
2389 3303 103 28 donné,
2511 3303 28 23 la
2559 3303 85 27 jeune
2664 3301 105 27 femme
2788 3299 42 23 dit

2107 3345 18 25 à
2142 3345 72 24 celui
2232 3342 98 29 qu’elle
2347 3340 75 24 aime
2438 3339 28 24 et
2484 3337 47 29 qui
2548 3342 35 18 va
2600 3336 27 24 la
2646 3335 134 29 quitter...

2140 3392 33 5 —
2202 3377 133 26 Dis-moi,
2363 3372 117 27 dis-moi
2510 3373 84 27 qu’un
2623 3371 73 27 jour,
2725 3369 31 23 tu
2786 3370 44 21 me

2108 3413 193 26 reviendras...

2141 3451 34 22 Et
2197 3448 93 24 Sacha
2311 3443 149 30 répondait
2484 3447 11 19 :

2138 3496 34 6 —
2192 3484 42 22 Un
2253 3482 93 28 jour...
2367 3476 152 31 peut-être,
2537 3474 71 25 mais
2626 3478 51 24 pas
2695 3472 71 29 plus.

2144 3569 42 22 Au
2216 3567 63 27 jour
2307 3565 36 23 de
2372 3568 51 18 son
2452 3561 122 29 premier
2603 3559 133 29 mariage,
2765 3562 66 20 avec

2110 3602 148 25 Charlotte
2280 3601 92 26 Lyses,
2393 3598 26 23 le
2441 3597 88 23 maire
2550 3595 39 24 lui
2610 3600 68 24 posa
2700 3595 27 23 la
2749 3599 66 23 ques­

2110 3638 59 23 tion
2189 3633 210 26 traditionnelle
2420 3638 9 19 ;

2141 3684 32 5 —
2197 3670 219 28 Acceptez-vous
2439 3666 34 23 de
2496 3664 120 29 prendre
2638 3669 70 24 pour
2730 3663 101 28 épouse

2111 3708 67 22 Mlle
2199 3704 147 25 Charlotte
2366 3702 100 28 Lyses?

2144 3742 44 23 On
2209 3740 39 23 vit
2268 3738 93 24 Sacha
2382 3736 103 28 Guitry
2503 3739 29 19 se
2553 3735 115 23 tourner
2686 3738 62 19 vers
2768 3732 49 23 l’as­

2112 3776 131 24 sistance,
2273 3779 39 18 un
2340 3771 78 28 doigt
2447 3776 48 18 sur
2523 3770 28 23 la
2580 3769 115 26 bouche,
2724 3771 109 19 comme

2112 3811 41 23 s’il
2176 3816 36 17 ne
2234 3808 91 24 savait
2347 3812 54 23 que
2422 3804 145 30 répondre.

2147 3846 40 22 Ce
2215 3844 46 28 fut
2291 3848 38 18 un
2360 3840 125 25 moment
2516 3838 167 28 d’angoispe,
2712 3834 111 26 surtout

2114 3885 70 22 pour
2205 3884 31 18 sa
2257 3877 119 28 fiancée.

2145 3915 34 22 Et
2200 3913 82 28 après
2303 3917 38 18 un
2362 3910 103 24 silence
2486 3908 35 24 de
2541 3907 131 29 quelques
2693 3903 141 26 secondes,

2114 3949 47 28 qui
2186 3948 84 28 parut
2295 3952 39 18 un
2360 3944 90 27 siècle,
2475 3943 93 24 Sacha
2595 3940 102 28 Guitry
2723 3939 40 23 dit
2797 3943 38 17 au

2114 3983 87 22 maire
2226 3987 9 18 :

2145 4029 33 5 —
2205 4015 151 26 Monsieur,
2380 4013 145 24 Monsieur
2549 4011 27 23 le
2602 4009 98 26 Maire,
2726 4007 23 23 si
2776 4005 59 24 cela

2115 4052 67 27 peut
2208 4056 68 18 vous
2303 4049 73 29 faire
2402 4047 105 29 plaisir,
2533 4046 29 28 je
2589 4049 67 18 vous
2683 4041 72 25 dirai
2783 4045 53 23 que

2115 4086 66 23 c’est
2203 4093 13 16 t
2237 4084 54 24 Oui
2312 4085 59 22 »!...

2150 4162 43 23 Un
2213 4160 142 24 monsieur
2372 4157 58 25 très
2449 4162 35 19 en
2502 4155 90 25 colère
2610 4153 86 24 disait
2715 4158 39 18 un
2773 4152 63 28 jour

2117 4195 17 25 à
2152 4196 94 23 Sacha
2264 4194 102 27 Guitry
2388 4198 8 19 :
2825 4219 5 6 ,

2146 4242 35 6 —
2198 4231 75 21 Nous
2290 4233 121 19 sommes
2429 4225 168 25 au-dessous
2615 4223 35 23 de
2669 4221 75 28 tout;
2764 4220 72 24 voila

2118 4265 93 23 trente
2227 4270 52 17 ans
2296 4269 54 22 que
2366 4262 29 28 je
2411 4267 36 17 ne
2463 4264 77 19 cesse
2557 4258 34 23 de
2609 4257 109 28 répéter
2739 4262 8 17 :
2766 4263 13 15 «
2798 4255 38 23 Ce

2099 4303 4 30 j
2119 4299 45 28 qui
2188 4299 111 26 compte
2323 4302 32 18 ce
2379 4296 64 23 sont
2470 4294 38 23 les
2533 4293 86 27 actes,
2643 4292 28 23 et
2705 4296 57 18 non
2797 4290 39 22 les

2100 4336 4 18 :
2120 4334 102 22 mots...
2244 4341 14 14 »

2150 4368 35 23 Et
2204 4367 103 27 Guitry
2325 4365 39 23 lui
2382 4362 129 29 répondit
2534 4367 11 17 :

2149 4415 33 5 —
2206 4403 51 22 Les
2281 4400 74 23 mots
2379 4403 36 18 ne
2438 4396 145 28 comptent
2607 4400 70 23 pour
2701 4393 73 26 rien;
2801 4397 35 17 on

2118 4436 58 24 voit
2195 4436 65 23 bien
2280 4440 53 23 que
2352 4438 69 19 vous
2441 4432 94 23 n’avez
2555 4429 103 29 jamais
2678 4426 104 29 envoyé
2803 4426 34 22 de

2119 4469 226 29 télégramme!...

2152 4556 79 21 Dans
2254 4559 32 18 sa
2308 4553 78 27 pièce
2409 4560 14 16 «
2446 4553 75 23 Chez
2543 4552 40 23 les
2606 4552 124 27 Zoaques
2753 4558 23 19 »,
2799 4556 38 17 un

2115 4590 89 27 jeune
2225 4588 116 23 docteur
2362 4587 42 24 dit
2425 4587 18 23 à
2465 4586 93 24 Sacha
2583 4591 9 18 :

2150 4635 34 6 —
2202 4624 70 26 Non,
2289 4622 29 29 je
2336 4622 125 23 n’exerce
2478 4621 91 28 plus...
2590 4620 30 23 Si
2638 4619 99 28 j’avais
2755 4618 83 23 voulu

2121 4657 148 25 continuer
2294 4657 27 24 la
2348 4656 151 26 médecine,
2525 4654 17 25 à
2568 4655 105 23 l’heure
2698 4653 65 29 qu’il
2789 4653 50 27 est,

2122 4692 19 23 il
2163 4692 45 27 n’y
2229 4692 92 23 aurait
2343 4691 62 28 plus
2426 4690 177 28 d’hôpitaux!

2889 2302 94 23 Sacha
3005 2302 104 28 Guitry
3129 2302 87 24 adore
3238 2302 88 28 Paris,
3348 2303 37 28 et,
3406 2308 38 19 on
3465 2304 68 28 peut
3554 2303 28 24 le

2856 2336 69 27 dire,
2946 2337 80 23 Paris
3048 2337 26 23 le
3097 2338 38 22 lui
3157 2337 70 24 rend
3250 2337 95 25 bien...

2983 2465 128 84 Les
3147 2465 296 86 Artistes

2907 2585 150 84 que
3077 2587 182 72 vous
3287 2553 248 106 aimez

3053 2743 62 37 Une
3133 2743 138 46 fantaisie
3290 2744 36 36 de
3344 2744 67 36 Lise
3430 2744 103 47 Coliny

3034 2847 28 30 A
3066 2847 80 30 RDI
3165 2847 145 37 prochain.
3344 2848 65 30 Lise
3430 2848 104 39 Coliny

2910 2882 116 45 ./wt,
3079 2887 133 34 donnera,
3239 2900 36 17 au
3300 2888 83 30 micro
3408 2888 36 31 de
3469 2888 52 31 Ra­

3079 2936 56 21 dio
3156 2945 13 7 -
3189 2927 243 36 SCHAERBEEK,
3481 2941 52 19 Une

2908 2970 126 30 nouvelle
3055 2970 130 35 fantaisie
3208 2970 57 36 qui,
3301 2981 106 19 comme
3441 2975 89 25 toutes

2907 3010 40 30 les
2969 3015 91 25 autres
3084 3009 153 34 d’ailleurs,
3261 3009 90 37 plaira
3374 3021 55 18 aux
3453 3020 63 19 nom­

2907 3049 85 31 breux
3013 3049 150 31 auditeurs.

2953 3089 119 30 Chacun
3094 3095 27 24 et
3143 3088 125 31 chacune
3289 3100 19 25 y
3330 3094 127 25 trouvera
3479 3098 51 20 son

2908 3135 119 30 compte,
3050 3141 48 18 car
3119 3128 65 31 Lise
3205 3128 104 36 Coliny
3329 3140 17 18 a
3368 3129 85 31 réuni,
3477 3139 52 18 une

2907 3171 55 33 fois
2978 3169 36 30 de
3030 3169 72 36 plus,
3121 3180 52 18 une
3190 3168 147 31 collection
3354 3167 36 30 de
3407 3167 123 30 vedettes

2907 3214 171 26 savamment
3097 3209 78 29 triées
3192 3220 47 17 sur
3255 3207 27 30 le
3299 3207 83 30 Volet.

2957 3248 79 30 Kous
3061 3247 148 31 entendrez
3233 3257 50 20 Vos
3308 3248 105 28 artistes
3438 3247 80 36 préfé­

2909 3289 52 33 rés,
2987 3293 58 25 tant
3070 3287 121 31 hommes
3217 3299 54 25 que
3295 3289 126 32 femmes,
3459 3285 70 30 dans

2908 3328 72 30 leurs
2999 3327 153 30 meilleures
3172 3326 168 31 chansons...

2932 4187 4 3 ■
2957 4185 40 23 Zst
3020 4190 69 18 nous
3111 4188 99 20 savons
3231 4195 46 5 —
3298 4187 52 25 par
3373 4191 52 21 ex»,
3492 4198 41 8 —

2914 4236 44 4 —
2981 4230 52 23 que
3058 4217 38 30 les
3118 4217 143 33 fantaisies
3284 4216 36 30 de
3343 4216 64 30 Lise
3431 4216 102 35 Coliny

2915 4258 171 31 constituent,
3110 4262 57 24 tant
3188 4266 51 25 par
3259 4255 59 30 leur
3348 4257 185 35 présentation

2918 4309 53 23 que
2998 4306 52 27 par
3075 4296 26 30 le
3128 4296 82 29 choix
3236 4295 49 30 des
3311 4307 159 20 morceaux,
3499 4306 36 18 un

2914 4335 133 31 véritable
3068 4336 77 35 régal
3164 4345 71 26 pour
3255 4335 148 30 l’oreille...

2959 4375 92 31 Notre
3073 4375 159 30 charmante
3255 4374 107 30 diseuse
3396 4385 28 18 se
3460 4372 74 30 taille

2915 4427 52 18 une
2992 4415 80 36 place
3097 4413 126 31 enviable
3259 4413 70 30 dans
3354 4413 25 29 le
3404 4411 129 31 domaine

2916 4454 48 30 des
2988 4454 95 32 ondes,
3107 4459 27 24 et
3157 4452 67 31 c’est
3248 4453 123 35 toujours
3394 4461 68 20 avec
3497 4462 37 18 un

2915 4493 55 30 réel
2987 4493 95 35 plaisir
3098 4505 54 24 que
3170 4505 68 17 nous
3256 4497 115 30 captons
3389 4503 30 18 sa
3437 4491 95 30 voix...

2958 4532 50 31 Ne
3033 4544 137 24 manquez
3195 4532 73 29 donc
3293 4541 51 26 pas
3380 4530 152 32 d’écouter,

2916 4572 97 33 mardi,
3035 4584 31 17 sa
3086 4571 126 30 nouvelle
3232 4571 183 36 présentation
3439 4581 10 19 :
3471 4569 62 30 Les

2915 4611 165 30 Artistes
3097 4620 70 25 que
3184 4619 88 21 vous
3290 4618 113 22 aimez.

3372 4656 44 29 M.
3446 4655 39 30 A.
