3964 5643
1775 54 38 27 La
1835 53 128 28 Dernière
1981 53 92 28 Heure
2118 53 19 25 3
2188 59 46 17 n

53 90 544 113 Rassemblée
659 107 439 83 générale

181 195 89 49 DES
302 196 354 57 JOURNALISTES
687 201 241 62 LIBÉRAUX

148 272 495 100 contrTuéle^^

129 394 47 41 UN
198 392 135 38 GRAND
358 394 196 42 DISCOURS
578 400 50 39 DE
652 403 43 38 M.
719 406 85 39 P.-E.
828 410 164 47 JANSON,

300 456 185 41 MINISTRE
509 460 50 38 DE
583 463 52 38 LA
657 466 159 42 JUSTICE

72 532 132 30 risociation
218 529 40 21 de;
270 530 155 22 Journalistes
439 532 105 22 libéraux

69 557 21 25 J
94 559 66 26 réunie
175 555 124 21 dimanche
314 556 76 20 matin
405 562 31 15 en
453 562 88 17 assem-

64 576 21 29 E
92 582 90 31 générale
198 584 54 16 sous
268 580 22 19 la
311 580 134 24 présidence
461 583 30 20 de
509 584 33 19 M.

63 601 25 32 S
94 612 74 22 Henen.

63 629 26 25 'ï.
100 632 86 26 ouvrant
201 630 22 20 la
240 634 89 17 séance.
343 630 32 20 Jl.
388 631 22 20 le
424 631 118 23 président

71 660 21 21 Z»
101 662 25 21 u.
136 655 86 24 Baelde.
236 654 21 20 le
269 659 105 17 nouveau
388 656 85 24 député
485 657 57 20 libé-

63 678 110 32 -*f*jivers
186 682 22 18 et
226 679 87 21 l'invite
329 680 14 20 à
359 681 99 22 prendre
476 682 66 24 place

64 703 84 28 '-.Zsu.
157 710 43 17 aux
210 704 62 20 cotés
283 705 29 20 de
325 706 57 19 MM.
394 706 58 20 Paul
464 707 78 20 Beau-

63 727 24 32 tZ
97 730 170 27 vice-président,
279 733 24 17 et
314 730 46 20 Léo
372 731 53 20 Van
436 732 107 23 Hoorick,

64 756 65 27 ZZZ*»r.

70 791 14 14 .
95 784 46 24 Paul
151 782 78 20 Henen
240 779 27 21 lit
279 779 62 21 alors
350 779 22 21 le
382 782 96 27 rapport
488 782 54 23 pré-

68 799 56 32 \*Z.,
135 813 34 15 -ut"
183 809 46 16 ...»'
257 809 28 15 -"2
304 805 28 20 de
345 805 159 21 l'Association
512 812 30 16 au

181 1860 37 26 M.
233 1859 145 27 BAELDE

97 1903 22 27 le
130 1909 120 19 nouveau
263 1899 102 32 député
377 1899 96 27 libéral

210 1939 139 26 d'Anven

58 2001 34 18 ou
103 1994 25 20 de
139 1990 85 22 l'année
238 1990 98 21 écoulée.
351 1991 34 21 Ce
398 1991 96 24 rapport
509 1991 35 20 est

58 2021 73 21 tmnent
142 2016 107 25 applaudi
261 2017 26 20 et
298 2015 92 24 adopté.

67 2046 19 20 M.
97 2044 43 19 Van
155 2041 111 21 Hoorick.'
274 2040 115 22 trésorier,
402 2041 79 20 donne
497 2041 47 20 lec-

58 2076 24 17 zt
88 2069 25 21 du
120 2068 89 23 rapport
220 2071 40 15 sur
270 2066 23 20 la
304 2066 114 20 situation
428 2066 104 20 financiè-

57 2085 35 33 re
104 2091 155 23 l'Association.

67 2122 25 20 Ce-
101 2119 85 22 rapport
207 2118 35 18 est
266 2115 92 24 adopté.

68 2146 18 20 H.
95 2143 48 21 Paul
155 2141 124 23 Bcaupain.
290 2140 188 25 vice-président,
490 2140 54 25 pré-

59 2171 32 21 Bte
99 2168 52 20 alors
161 2171 32 16 un
204 2167 95 22 rapport
312 2170 40 16 sur
365 2176 4 5 ■
387 2166 24 20 la
423 2171 78 19 presse
514 2166 18 19 li-

59 2194 41 23 mite
109 2195 20 18 et
139 2192 20 20 la
170 2191 149 24 propagande
330 2190 106 21 cléricale
449 2196 30 15 en
492 2195 52 15 ma-

58 2225 28 17 Et
95 2219 22 20 lie
127 2221 73 20 presse
224 2231 5 4 .
242 2216 21 20 Il
274 2215 90 24 signale
376 2216 24 19 la
411 2216 67 21 basse
489 2219 55 20 pro-

58 2243 64 26 ipade
134 2242 14 20 à
162 2241 95 24 laquelle
271 2246 26 15 se
311 2241 86 20 livrent
411 2241 34 20 les
461 2241 83 22 agents

58 2265 72 26 ixaac
144 2266 87 22 -fartent
246 2271 30 15 en
292 2266 109 23 province
414 2266 81 20 contre
511 2265 34 20 les

566 538 103 23 exagéré,
693 541 18 20 il
734 542 54 21 faut
809 547 110 22 regarder
939 548 23 21 le
985 549 116 24 problème

567 565 30 16 en
614 565 53 20 lace
681 569 25 17 et
723 571 69 18 notre
808 570 79 22 devoir
903 573 37 19 est
956 573 109 21 d'avertir
1079 575 22 19 le

592 612 63 22 Nous
669 614 84 23 tenons
765 622 15 15 a
793 619 51 23 agir
857 620 111 22 vis-à-vis
982 623 29 20 de
1022 623 65 20 l'Alle-

565 639 85 21 magne
670 643 29 17 en
719 641 66 22 toute
804 644 92 23 loyauté
916 647 58 20 dans
992 648 33 19 les
1044 652 44 18 rap-

565 664 65 20 ports
644 667 45 20 que
702 669 59 18 nous
774 672 72 17 avons
860 674 56 16 avec
928 671 44 21 elle

593 687 61 20 Mais
668 689 17 20 il
704 694 58 17 nous
780 692 52 21 faut
849 698 118 18 constater
982 701 44 19 que
1043 701 58 16 nous

566 713 60 19 nous
651 713 110 22 trouvons
784 717 86 21 devant
894 724 33 15 un
951 725 58 19 pavs
1032 722 56 19 disci-

567 738 63 21 pline
648 740 24 17 et
689 740 113 24 puissant,
820 744 39 22 qui
872 745 89 23 malgré
977 746 34 19 les
1025 750 76 16 revers

566 764 13 15 s
586 764 36 17 est
639 765 223 23 merveilleusement
881 769 75 20 relevé
979 773 23 17 et
1022 771 18 19 il
1059 771 30 20 de-

567 789 80 18 meure
663 792 58 18 pour
739 790 22 20 le
775 792 85 21 monde
875 798 34 15 un
924 794 63 24 objet
1004 789 98 26 d'admiï

566 811 78 20 ration
657 813 24 20 et
697 813 179 25 d'étonnement.

593 835 160 27 L'Allemagne
770 844 15 15 a
802 843 74 19 renris
891 847 28 16 sa
935 847 66 17 route
1019 848 69 16 ascen-

568 864 73 31 dante
655 864 23 18 et
693 863 59 21 dans
768 865 52 21 tous
836 866 33 20 les
884 868 119 20 domaines
1018 874 14 15 a
1050 869 40 20 réa-

568 885 41 20 lise
626 886 40 20 des
681 888 94 23 progrès
786 890 139 22 saisissants.
940 893 62 20 Nous
1014 898 31 15 ne
1060 894 29 20 de-

568 913 58 16 vons
640 915 44 19 pas
699 916 74 17 rester
789 914 108 25 étranger
913 917 87 20 devant
1015 918 35 20 les
1065 918 26 20 ré-

565 934 86 21 sultats
667 937 29 20 de
709 938 62 19 cette
784 939 117 25 politique.

595 959 21 19 H
640 962 36 18 est
700 963 90 20 certain
811 965 67 23 qu'en
901 966 135 24 Allemagne
1055 972 46 15 une

569 985 87 21 grande
672 987 106 22 quantité
795 989 128 21 d'hommes
936 995 55 16 sont
1006 996 97 16 revenus

567 1008 30 20 de
616 1009 24 19 la
659 1014 81 18 guerre
761 1013 178 22 profondément
958 1016 103 20 écœurés
1078 1020 23 17 et

570 1033 103 23 aspirent
692 1034 15 20 à
725 1037 122 24 conquérir
864 1039 22 20 le
901 1041 85 20 monde
1006 1045 44 19 par
1065 1042 39 19 des

569 1061 95 20 moyens
682 1060 135 25 pacifiques,
835 1063 61 20 mais
912 1064 15 20 à
946 1064 51 21 côté
1017 1066 29 20 de
1065 1070 38 16 ces

571 1082 104 22 hommes
691 1085 16 19 il
723 1089 15 19 y
753 1091 14 15 a
783 1091 58 19 ceux
856 1089 40 23 qui
910 1090 134 23 pratiquent
1059 1095 46 15 une

569 1108 67 19 autre
667 1109 117 25 politique,
818 1117 59 16 ceux
894 1118 59 19 pour
967 1115 96 23 lesquels
1081 1115 22 20 la

569 1136 81 19 guerre
664 1134 39 20 n'a
717 1139 42 20 pas
774 1135 37 22 été
826 1142 46 16 une
886 1143 65 16 assez
966 1140 87 22 grande
1068 1140 22 20 le-

569 1160 50 20 çon.

594 1182 166 26 L'Allemagne,
776 1190 45 20 que
838 1187 110 22 veut-elle
957 1188 11 20 ?
983 1189 49 20 Elle
1049 1190 53 19 veut

569 1211 43 19 que
623 1212 57 17 sans
692 1210 137 24 conditions,
850 1212 77 21 soient
949 1213 97 22 évacuée
1070 1214 33 21 les

570 1231 91 24 légions
678 1235 116 23 occupées.

596 1257 48 20 Elie
661 1262 53 17 veut
730 1264 43 19 que
789 1265 57 21 sa;s
862 1262 130 22 conditions
1009 1263 82 21 l'Autri-

569 1281 45 21 che
628 1283 45 20 soit
690 1285 120 21 rattachée
827 1291 30 16 au
871 1287 80 21 Reich.

595 1307 49 20 Elle
660 1312 54 16 veut
730 1314 56 15 sans
803 1312 130 20 conditions
950 1312 106 25 protéger
1070 1313 33 21 les

570 1331 120 28 njinorités
706 1333 142 23 allemandes
864 1337 29 20 de
910 1337 86 21 Silésïe.

598 1356 48 21 Elle
665 1362 54 16 veut
737 1364 56 15 sans
812 1361 130 20 conditions
961 1363 108 20 modifier
1084 1363 22 21 le

569 1380 85 24 régime
668 1383 135 26 du_coluoir
818 1385 29 20 de
859 1386 107 24 Dantzig.
981 1388 40 23 qui
1037 1392 14 16 a
1067 1387 36 21 été

572 1407 97 22 prescrit
684 1412 43 19 par
739 1408 22 21 le
775 1409 79 21 Traité
868 1411 30 20 de
914 1411 127 21 Versailles.

597 1431 26 19 Si
634 1433 50 19 tout
695 1437 25 16 ce
733 1433 56 23 plan
801 1434 118 22 allemand
931 1437 48 19 doit
991 1436 49 22 être
1053 1437 39 20 réa-

569 1454 41 21 lisé
622 1456 17 20 il
649 1461 30 15 en
689 1457 113 21 résultera
814 1464 33 15 un
857 1460 59 23 péril
927 1461 39 23 qui
975 1462 57 23 peut
1044 1462 60 21 faire

569 1481 116 20 entrevoir
702 1487 44 20 que
766 1483 24 21 la
810 1485 55 23 paix
884 1485 29 21 de
934 1486 105 24 l'Europe
1058 1487 46 20 soit

569 1504 109 22 troublée.

594 1529 26 20 Si
636 1531 44 20 elle
696 1532 113 21 n'obtient
826 1538 43 20 pas
883 1535 26 20 la
921 1534 135 21 réalisation
1073 1536 29 20 de

567 1558 36 16 ses
622 1557 184 21 revendications
826 1559 17 20 il
864 1563 30 16 en
912 1559 113 21 résultera
1044 1565 58 19 pour

568 1578 43 21 elle
620 1584 47 16 une
676 1581 121 21 déceDtion
809 1584 182 21 extraordinaire
1001 1586 24 19 et
1035 1585 61 20 alors

567 1607 44 20 que
627 1604 132 23 fera-t-elle
767 1607 12 19 ?

596 1628 21 19 Il
638 1633 16 19 y
673 1634 16 15 a
708 1635 46 17 une
774 1632 70 21 chose
864 1634 54 23 qu'il
938 1638 30 17 ne
989 1634 54 20 faut
1062 1638 43 20 pas

569 1653 94 23 oublier,
680 1655 55 20 c'est
753 1660 44 20 que
820 1657 150 25 l'Allemagne
985 1663 58 19 paye
1060 1663 44 19 par

568 1682 39 20 an,
621 1679 24 19 15
657 1679 113 22 milliards
782 1686 46 16 aux
841 1680 65 23 alliés
920 1684 24 19 et
955 1684 106 23 pendant
1074 1684 28 20 de

568 1702 95 24 longues
682 1704 87 21 années
786 1710 83 19 encore
885 1708 44 20 elle
948 1708 71 20 devra
1032 1712 71 20 payer

568 1728 61 20 cette
645 1730 156 20 contribution
819 1729 30 23 de
865 1736 87 19 guerre.

593 1752 21 20 Il
627 1757 16 19 y
653 1758 15 15 a
681 1758 84 17 encore
781 1756 169 21 (Outre-Rhin)
966 1762 47 16 une
1025 1757 66 24 majo-

572 1776 45 21 rité
633 1778 39 24 qui
687 1780 34 20 est
740 1780 142 22 convaincue
896 1786 43 20 que
958 1782 150 24 l'Allemagne

569 1802 59 20 n'est
643 1807 43 19 pas
702 1805 148 23 responsable
868 1807 28 20 de
911 1807 24 24 îa
952 1811 88 19 guerre.

598 1827 63 20 C'est
677 1830 112 23 pourquoi
807 1834 59 16 nous
881 1831 87 20 devons
984 1832 49 20 dire
1051 1831 16 21 &
1083 1832 24 20 la

568 1852 136 23 population
721 1853 65 24 belge
796 1859 5 15 :
818 1855 72 23 Soyez
906 1856 114 21 attentive
1030 1856 7 20 !

595 1877 64 20 Nous
675 1882 71 17 avons
758 1883 29 16 en
802 1879 52 21 face
866 1880 29 21 de
905 1885 60 17 nous
978 1886 34 15 un
1024 1881 81 23 voisin,

572 1905 45 16 une
637 1903 87 22 grande
741 1904 84 21 nation
841 1905 40 24 qui
897 1907 56 19 veut
970 1906 96 23 grandir
1082 1907 25 20 et

572 1930 30 16 ne
615 1930 44 19 pas
673 1927 128 22 s'abaisser.

598 1951 36 20 En
650 1952 55 23 mai.
721 1953 53 23 juin
788 1954 25 20 et
826 1954 76 24 juillet
920 1955 58 21 1914.
990 1954 106 22 l'Allema-

570 1979 45 19 gne
638 1975 58 22 était
716 1982 82 17 encore
818 1983 34 16 un
871 1979 84 24 peuple
973 1980 116 24 pacifique
1098 1985 7 19 ;

570 1999 24 21 la
615 2000 122 25 discipline
759 2003 100 21 insnirée
881 2009 44 18 par
944 2009 34 16 un
999 2005 62 22 chef,
1082 2006 23 19 la

568 2024 93 21 volonté
681 2026 69 20 d'une
766 2027 113 21 direction
894 2034 30 15 en
943 2034 16 15 a
974 2029 46 21 fait
1036 2030 55 20 brus-

567 2050 111 23 quement
695 2055 31 16 un
742 2052 84 23 peuple
840 2054 109 23 guerrier.

599 2074 32 20 Le
646 2074 58 24 péril
720 2080 31 15 ne
768 2081 62 17 cesse
847 2078 29 21 de
892 2083 59 15 nou.s
968 2078 97 24 guetter.

598 2099 62 20 Tout
676 2104 31 16 en
720 2101 133 24 exprimant
869 2103 41 20 des
925 2104 139 20 sentiments
1079 2104 29 20 de

569 2124 123 23 prudence,
708 2125 50 20 cela
776 2130 31 16 ne
825 2132 59 15 nous
903 2128 95 20 interdit
1013 2133 43 19 pas
1074 2129 30 20 de

569 2152 121 18 conserver
708 2150 139 23 l'espérance
866 2153 29 20 de
913 2153 49 20 voir
979 2152 84 25 régner
1080 2154 25 20 la

569 2174 55 23 paix
639 2174 32 21 du
687 2176 91 20 monde.

596 2199 62 20 Mais
670 2204 30 16 en
715 2201 104 23 aspirant
834 2201 14 21 k
861 2202 61 21 cette
934 2202 56 25 paix
1003 2208 59 16 nous
1075 2207 30 17 ne

569 2227 104 20 pouvons
701 2229 43 20 pas
778 2226 111 24 adbiquer
904 2232 43 16 nos
964 2232 95 17 movens
1075 2229 29 20 de

570 2248 95 21 défense
679 2250 25 20 et
717 2255 59 16 nous
789 2252 89 20 devons
891 2252 60 20 faire
964 2252 35 21 les
1012 2253 82 20 sacrifi-

569 2277 39 16 ces
622 2273 140 22 nécessaires
778 2280 59 19 pour
852 2278 69 19 notre
938 2277 83 21 armée.

596 2298 36 20 En
647 2303 60 16 nous
721 2300 138 23 présentait
873 2302 86 20 devant
990 2303 21 20 le
1040 2308 65 19 corps

572 2322 109 22 électoral
696 2329 59 17 nous
769 2326 93 21 devons,
877 2332 55 15 avec
945 2332 106 19 couraçe.
1066 2333 29 16 ex

59 2297 72 19 njnaux
144 2291 115 24 d'opinion
274 2290 99 21 libérale.

68 2318 107 23 U-écente
188 2316 99 20 élection
302 2316 113 20 d'Anvers
427 2315 26 21 et
465 2315 24 20 la
501 2319 36 19 po-

58 2347 43 19 ;-*
115 2341 100 25 générale
234 2341 52 19 font
305 2341 62 20 alors
382 2340 164 23 l'objetd'une
569 2336 118 36 ^'"'cet
696 2336 65 38 Ôbjrt
772 2336 330 41 p"ar"kmouVde''noto''p^'

58 2368 63 22 vtneUe
137 2368 124 19 discussion
276 2370 15 15 a
311 2365 99 24 laquelle
428 2365 116 24 prennent
726 2363 9 11 '
774 2363 15 11 v
844 2363 62 9 *~v^,
920 2363 31 10 uc
962 2363 67 10 uuuc
1042 2363 56 14 h=»j-=

651 2386 39 20 LA
707 2386 152 24 QUESTION
877 2388 147 20 SCOLAIRE

58 2396 26 19 ■et
108 2393 50 20 MM.
192 2391 58 20 Paul
268 2391 90 20 Henen.
377 2389 126 25 président.
511 2389 6 5 *
521 2390 24 19 et

57 2418 56 24 ladite,
122 2417 20 21 le
155 2420 105 16 nouveau
290 2415 86 24 député
390 2415 117 20 d'Anvers,
519 2418 26 16 ce

60 2444 53 22 ■jnier
137 2444 110 21 exposant
260 2440 150 20 notamment
426 2440 33 20 les
475 2439 70 20 effets

58 2474 10 17 s
73 2469 22 20 les
105 2467 80 21 raisons
196 2467 28 20 da
237 2465 115 21 l'élection
363 2465 118 20 d'Anvers,
492 2464 53 23 puis

58 2494 54 21 îrlent
125 2496 78 16 encore
223 2491 58 20 MM.
302 2491 36 19 De
354 2490 97 22 Geynst.
468 2490 77 19 Beau-

58 2520 32 20 •à.
101 2516 117 24 Deberghe,
236 2516 128 22 Duwaerts,
381 2515 112 23 Dumont,
521 2514 23 19 et

58 2543 62 23 Jnier.

118 2580 39 20 UN
169 2579 102 20 ORDRE
284 2578 43 20 DU
338 2577 79 20 JOUR

68 2618 32 22 Ah
106 2618 53 20 suite
168 2617 29 20 de
208 2617 61 19 cette
279 2615 135 21 discussion,
422 2613 84 22 l'ordre
512 2612 32 21 du

58 2646 25 23 fer
91 2643 80 21 suivant
188 2643 37 19 est
238 2640 86 24 adopté
339 2640 15 20 à
369 2638 146 21 l'unanimité
537 2642 5 15 :

69 2677 6 9 .
84 2667 151 22 L'Association
248 2667 41 19 des
303 2664 155 21 Journalistes
486 2662 59 20 libé-

58 2698 26 16 nx
90 2691 132 22 considérant
231 2691 34 20 les
274 2690 111 22 résultats
392 2690 30 19 de
431 2687 114 21 l'élection

59 2718 82 25 4»s!ative
160 2716 106 25 partielle
287 2715 112 21 d'Anvers
416 2714 33 20 du
468 2714 13 19 9
503 2712 41 20 dé-

67 2758 91 31 .Dénônce
161 2765 200 25 vigoureusement
368 2763 25 20 îa
399 2763 111 24 politique
516 2761 29 21 de

59 2793 67 24 *52cité
135 2795 22 18 et
172 2793 27 19 de
213 2791 100 21 veulerie
324 2790 40 24 qui
374 2794 17 15 a
404 2788 55 21 valu
473 2787 72 20 83.000

58 2823 25 17 «x
89 2818 12 21 k
107 2817 112 21 l'individu
230 2816 51 20 taré
292 2815 40 24 qui
345 2815 103 19 incarne,
459 2817 53 16 sous
524 2811 20 20 le

58 2847 55 21 Mqoe
127 2842 31 21 du
177 2841 127 21 fanatisme
322 2836 179 25 confessionnel,
521 2836 24 20 la

59 2869 61 20 Bstfon
132 2869 22 19 et
169 2867 22 20 la
207 2867 72 19 haute
292 2864 117 21 trahison:

90 2893 73 21 Flétrit
194 2891 135 20 l'activisme
348 2891 24 18 et
387 2893 37 16 ses
442 2886 103 25 suppôts,

58 2918 74 20 neetures
162 2915 139 26 stipendiées
327 2914 70 21 d'une
423 2912 122 26 puissance

58 2942 87 23 tangère:

69 2977 5 9 ,
81 2968 75 20 Félicite
166 2966 115 21 vivement
292 2966 33 20 M.
336 2963 58 22 Paul
404 2962 86 21 Baelde
500 2961 45 25 qui.

58 2997 13 17 ■
75 2992 107 22 défendant
192 2992 33 20 les
238 2990 117 25 principes
364 2988 112 21 libéraux,
486 2987 59 19 dans

58 3018 60 21 rente
127 3018 64 19 d'une
200 3016 110 24 Belgique
318 3019 48 16 une
374 3016 27 19 et
409 3010 137 23 indivisible,

58 3047 6 15 i
70 3048 17 15 sa
95 3047 76 20 gagner
184 3042 14 20 k
211 3046 28 15 sa
254 3045 70 16 cause
339 3040 42 20 des
397 3037 103 21 dizaines
517 3036 28 19 de

58 3068 55 20 tUters
125 3066 131 22 d'honnêtes
270 3069 63 20 gens,
349 3062 145 21 adversaires
506 3065 27 15 re-

57 3092 32 22 nte
96 3093 35 20 des
143 3093 92 19 traîtres
248 3093 23 19 et
287 3090 41 20 des
339 3088 164 23 démagogues;

62 3118 85 19 constate
156 3121 43 20 que
204 3117 23 20 le
236 3115 63 24 parti
306 3113 88 21 libéral,
399 3116 45 20 par
450 3116 46 15 une
502 3113 43 20 po-

57 3141 45 25 SHqae
110 3142 14 21 à
133 3142 23 20 la
168 3142 44 20 fols
218 3141 165 22 démocrat<iue
389 3139 25 19 et
419 3134 127 22 nationale,

59 3168 12 19 lt
76 3167 68 22 liberté,
155 3167 28 20 de
195 3166 125 21 tolérance,
334 3164 30 20 de
378 3160 167 23 collaboration

57 3192 92 20 Ssttraelle
164 3192 41 20 des
221 3195 66 16 races
305 3190 25 20 et
344 3189 41 19 des
403 3187 92 19 classes,
510 3184 35 20 est

57 3217 95 24 ■tepUble
176 3217 30 20 de
232 3215 80 20 rallier
325 3214 54 19 tous
395 3212 34 20 les
442 3213 104 20 citoyens

57 3242 67 20 ■deux
137 3242 27 20 de
180 3239 154 25 sauvegarder
347 3239 25 19 et
388 3237 31 21 de
435 3239 110 21 promou-

64 3271 18 16 x
88 3267 27 20 les
122 3266 93 21 intérêts
226 3264 117 25 généraux
353 3263 33 20 du
399 3265 68 20 pays;

69 3300 5 8 •
82 3292 22 20 K
114 3296 61 20 passe
187 3292 16 20 à
214 3291 83 20 l'ordre
311 3289 32 20 du
356 3288 53 23 jour
421 3295 19 11 ».

67 3315 20 21 Il
93 3317 72 21 séance
173 3318 34 19 est
216 3315 63 21 levée
287 3314 92 21 ensuite
387 3312 15 20 à
413 3312 12 20 1
433 3311 80 20 heure.
519 3309 27 20 T.

165 3363 40 28 UN
232 3356 163 33 DÉJEUNER

67 3411 13 21 A
89 3412 63 22 l'issue
164 3413 29 21 de
207 3409 141 23 l'assemblée
365 3406 108 27 générale
490 3410 15 16 a
519 3409 29 17 eu

56 3435 24 23 h
91 3442 27 16 un
134 3437 113 25 déjeuner,
263 3434 91 26 présidé
373 3437 44 21 par
438 3432 33 20 M.
489 3431 59 19 Paul

57 3460 48 22 "œai
119 3464 66 19 avant
203 3462 14 20 à
235 3461 76 21 droite
327 3459 59 20 MU.
403 3455 145 22 Paul-Emile

56 3485 59 23 tason,
128 3488 102 20 ministre
244 3487 28 20 de
287 3486 24 20 la
328 3483 95 22 Justice.
438 3480 110 22 Fernand

56 3509 64 26 taie-,
131 3512 112 24 président
254 3512 31 19 de
298 3510 95 21 l'Union
405 3506 143 26 profession-

57 3535 33 21 ïSe
108 3537 25 20 de
154 3537 22 20 la
196 3537 87 20 Presse.
307 3535 105 20 Herman
437 3531 112 21 Dumont,

56 3558 31 22 Hol
99 3561 115 24 Beaupain,
231 3559 188 25 vice-président,
437 3554 46 25 Lti>
501 3559 48 16 van

57 3583 68 26 tarick,
139 3587 111 21 trésorier,
266 3587 25 19 et
306 3584 16 21 à
335 3588 29 16 sa
378 3582 96 25 gauche,
490 3580 58 20 ME

56 3607 57 26 Ittlde,
125 3611 86 24 député.
227 3610 87 24 Joseph
328 3609 36 20 De
379 3607 98 23 Geynst,
493 3609 42 20 prê-

56 3633 45 22 tait
111 3636 25 21 de
145 3636 158 21 l'Association
316 3635 29 20 de
361 3633 24 20 la
399 3633 88 22 Presse,
501 3630 35 20 Ca-

57 3658 34 22 mille
106 3660 116 25 Deberghe,
243 3660 84 21 ancien
350 3656 126 26 président,
495 3654 53 21 Cle-

57 3685 36 19 «ot
103 3685 101 24 Deforeit,
220 3686 49 19 vice
272 3683 137 26 -président,
426 3681 57 20 Alex
501 3680 36 20 Vo-

57 3705 31 28 ta,
100 3711 91 21 membre
207 3711 32 21 du
253 3708 98 23 Comité.

67 3738 23 21 An
104 3740 84 24 dessert.
208 3741 33 20 M.
259 3741 22 19 le
297 3738 123 22 Président
438 3736 51 22 lève
504 3739 44 16 son

56 3764 37 20 *"t
103 3764 12 21 à
126 3766 22 20 la
159 3765 66 21 santé
241 3766 32 20 du
287 3764 42 24 roi,
343 3762 101 26 premier
455 3761 92 23 citoyen

595 2422 36 20 En
647 2423 114 20 abordant
777 2424 68 20 notre
858 2424 111 24 politique
981 2425 124 22 intérieure

569 2446 24 24 je
608 2451 31 16 ne
656 2448 52 22 puis
722 2452 57 16 vous
794 2449 85 20 cacher
895 2454 46 19 que
958 2450 23 20 la
998 2452 106 22 question

571 2471 39 24 qui
632 2472 128 23 préoccupe
778 2473 65 21 toute
863 2478 41 16 ma
924 2474 85 24 pensée
1027 2477 36 19 est
1082 2476 24 20 la

570 2497 105 23 question
690 2497 103 21 scolaire.

580 2540 3 3 .
595 2521 29 20 Je
642 2522 48 20 suis
709 2523 30 19 de
757 2527 45 19 par
817 2523 22 21 le
854 2528 57 16 nom
929 2529 45 19 que
989 2524 25 24 je
1032 2525 73 24 porte,

569 2545 29 21 de
609 2550 45 19 par
666 2551 56 15 mon
736 2547 111 22 hérédité,
859 2549 30 20 de
902 2553 44 19 par
959 2554 40 15 ma
1014 2550 90 20 forma-

570 2574 57 19 non,
643 2576 33 15 un
693 2571 124 22 défenseur
836 2572 159 22 inébranlable
1012 2575 29 20 de
1058 2574 35 21 l'E-

569 2595 49 20 cole
631 2595 114 26 publique,
761 2597 29 20 de
802 2598 61 20 cette
876 2598 63 21 école
953 2599 41 23 qui
1007 2600 31 19 de
1052 2600 52 23 plus

569 2624 30 15 en
620 2620 53 21 olus
693 2621 50 21 doit
763 2621 50 22 être
831 2624 95 19 ouverte
951 2623 16 20 à
994 2625 53 19 tous
1069 2624 35 21 les

568 2644 112 21 hommes.

595 2669 93 22 L'Ecole
699 2671 109 25 DUblique
819 2672 34 21 est
864 2677 47 16 une
923 2672 70 21 chose
1002 2673 89 21 bienfai-

567 2697 70 18 sante
648 2698 24 17 et
686 2696 113 23 j'affirme
812 2697 82 23 qu'elle
906 2698 90 20 devrait
1010 2699 94 20 devenir

568 2719 29 20 de
614 2719 51 23 plus
682 2725 30 16 en
728 2721 52 23 plus
795 2721 78 21 l'école
887 2722 92 24 unique.

597 2743 32 20 Le
642 2744 106 21 ministre
765 2746 80 21 estime
861 2747 111 20 toutefois
1004 2752 44 20 que
1081 2747 24 21 la

570 2769 107 23 question
686 2769 98 21 scolaire
795 2775 30 16 re
837 2772 90 20 devrait
938 2776 44 20 pas
994 2772 49 20 être
1054 2773 39 24 pla-

570 2793 40 21 cée
627 2799 30 15 en
674 2794 48 22 tête
738 2795 32 20 du
785 2794 145 27 pVgramme
947 2797 109 21 électoral
1073 2799 31 20 du

570 2819 62 23 parti
647 2819 87 20 libéral.

597 2843 32 21 Le
640 2844 62 23 parti
716 2844 88 22 libéral.
817 2845 129 22 conclut-B.
961 2847 49 21 doit
1023 2848 70 20 s'atta-

570 2872 57 20 quer
638 2870 55 19 tant
707 2874 47 16 aux
766 2870 155 25 démagagues
932 2868 123 25 cléricaux'
1062 2877 43 20 que

570 2893 166 21 oollect'vistes.

597 2918 21 20 H
635 2919 50 20 doit
703 2920 68 20 nanti
788 2920 56 21 d'un
861 2925 147 20 programme
1025 2922 68 21 démo-

570 2943 103 24 cratique
689 2944 145 23 représenter
847 2945 81 21 l'unité
944 2947 29 21 de
987 2948 24 19 la
1026 2947 78 21 Patrie

562 2968 32 31 ,et
607 2968 146 24 représenter
765 2970 60 20 ainsi
837 2976 44 15 son
893 2972 111 23 drapeau.

68 3812 37 23 Puis
117 3815 14 20 il
142 3816 62 21 salue
218 3816 24 21 le
258 3813 108 22 ministre
381 3813 92 20 Janson
486 3811 26 20 et
526 3809 23 21 le

57 3835 51 25 *Wé
116 3840 85 23 Baelde.
213 3841 18 20 il
242 3839 134 25 stigmative
388 3841 83 17 encore
483 3840 65 15 com-

56 3863 20 18 *
84 3862 35 22 elle
136 3864 20 22 le
172 3865 81 21 mérite
270 3866 22 19 le
313 3864 67 20 triste
399 3861 99 21 résultat
518 3860 29 20 de

57 3891 75 18 "tcuon
150 3890 113 21 d'Anvers.
282 3890 37 20 En
339 3888 97 21 saluant
459 3886 22 21 le
502 3885 46 21 ml-

57 3909 43 34 «j-tte
110 3914 26 21 de
152 3915 23 20 la
193 3915 94 22 Justice,
306 3914 23 21 le
348 3912 122 21 Président
489 3909 59 21 rend

58 3933 83 28 tournage
151 3939 14 20 à
178 3940 23 20 la
213 3939 111 21 mémoire
337 3938 32 20 du
381 3936 75 25 grand
468 3935 80 20 tribun

57 3959 48 32 Jjal
121 3964 53 21 Paul
191 3965 97 20 Janson.
309 3962 82 25 apôtre
414 3961 31 20 de
466 3960 25 20 la
508 3959 40 20 Li-

58 3985 41 23 ■t*.
110 3988 22 20 et
148 3990 69 22 grand
236 3989 125 22 défenseur
379 3987 30 20 de
428 3986 25 20 la
470 3984 78 24 Belgi-

57 4010 24 20 ♦»
88 4014 37 19 une
138 4014 23 20 et
172 4014 136 21 indivisible.

59 4038 31 33 Jl
109 4042 76 22 Baelde
211 4044 89 25 répond
328 4042 25 22 et
377 4040 111 23 remercie
515 4039 34 21 les

58 4066 106 23 «nulistes
178 4069 102 21 libéraux
297 4069 29 21 de
343 4069 51 20 leur
409 4066 139 21 chaleureux

58 4090 58 24 "«MU.
127 4093 15 20 11
157 4094 86 24 signale
256 4094 56 24 qu'U
327 4098 31 16 ne
375 4093 53 19 faut
446 4095 43 20 pas
503 4089 45 21 s'é-

59 4114 66 23 Souvolr
153 4120 63 21 outre
248 4123 91 17 mesure
356 4118 32 20 du
404 4115 100 22 résultat
520 4115 30 20 de

59 4137 73 25 "ration
149 4144 106 21 d'Anvers
279 4149 6 16 :
308 4144 89 20 Anvers
417 4139 89 25 malgré
524 4139 25 20 la

58 4163 88 27 ""Pagne
172 4169 117 21 sournoise
318 4168 15 20 k
363 4166 98 25 laquelle
489 4168 60 17 nous

59 4188 41 33 ■J-ns
115 4193 72 21 assisté
205 4195 36 21 est
260 4192 122 23 demeurée
401 4190 72 22 fidèle
492 4189 16 21 à
525 4189 23 20 la

60 4212 69 34 ^We
143 4219 21 19 et
179 4218 14 21 à
208 4224 43 16 son
266 4218 72 22 unité.

59 4238 101 25 .^orateur
173 4243 49 22 boit
239 4244 17 21 &
274 4244 24 21 la
315 4247 77 21 presse
411 4240 95 23 libérale
524 4238 24 21 et

58 4262 45 22 »«u
114 4266 113 24 président.

74 4307 27 30 LE
120 4312 145 32 DISCOURS
291 4316 40 28 DU
360 4312 155 30 MINISTRE

220 4361 116 29 JANSON

58 4400 34 38 Jl
102 4405 129 26 Paul-Emile
246 4411 97 21 Janson.
358 4408 107 22 ministre
481 4407 30 20 de
526 4405 24 21 la

58 4429 60 34 J**,
129 4436 67 22 prend
210 4435 61 21 alors
287 4437 23 19 la
325 4434 86 25 parole,
424 4432 124 25 rappelant

59 4456 37 27 Jim
103 4456 25 21 de
136 4459 109 23 clémence
255 4461 67 21 votée
333 4464 45 20 par
389 4460 25 19 la-
426 4457 123 21 Chambre,

59 4483 9 11 «
76 4480 59 23 «lime
150 4488 40 21 que
207 4486 46 20 l'on
270 4490 30 16 ne
318 4484 95 26 pouvait
430 4483 59 20 faire
504 4482 43 20 da-

57 4504 72 34 SJfW,
151 4513 42 20 que
221 4511 78 20 c'était
324 4510 70 20 chose
424 4512 62 20 sage.
516 4506 32 21 Ce

58 4529 40 20 ■»
105 4530 25 22 de
139 4537 41 19 veu
193 4536 39 23 qui
245 4538 37 19 est
297 4535 60 21 celui
371 4535 34 20 du
420 4536 127 21 gouverne-

59 4554 42 27 ??•■
110 4555 15 21 U
134 4557 53 24 était
199 4560 78 21 décidé
291 4561 15 20 k
319 4560 22 21 le
353 4560 77 22 suivre
442 4557 106 25 jusqu'au

60 4576 35 22 ■su.

59 4598 139 39 Jjjninlstre
217 4611 84 20 aborde
320 4610 61 21 alors
399 4609 25 20 la
442 4606 105 26 question

59 4629 72 41 Ç*Ne
145 4637 28 17 en
190 4639 42 17 vue
251 4636 41 20 des
311 4635 110 21 élections
439 4631 97 27 prochai-

59 4672 35 40 ns
102 4677 50 26 tatte
164 4684 38 24 qui
215 4690 30 16 va
260 4686 125 24 s'engager,
403 4684 34 20 dit
440 4682 35 23 -il.
492 4681 56 21 doit.

57 4704 84 34 HLï>e
155 4708 22 23 je
191 4710 22 20 le
227 4711 99 23 conçois,
343 4710 49 20 être
408 4707 99 22 ardente
524 4707 23 19 et

59 4742 9 13 i
66 4750 9 11 B
71 4734 20 21 T
90 4730 34 19 oas
123 4731 57 23 »lste.
195 4734 37 21 Un
247 4736 70 24 enjeu
333 4733 143 25 magnifique
492 4730 56 22 s'of-

57 4753 22 34 j"
88 4754 24 19 *a
124 4758 56 21 para
195 4759 79 26 ifl^!
290 4760 15 21 a,
320 4760 8 20 ]
330 4765 15 15 a
358 4758 121 22 condition
494 4755 53 26 qu'il

60 4778 46 33 fL*
105 4779 27 20 041
131 4780 17 23 *.
163 4784 80 21 ardent
262 4787 25 20 et
302 4784 94 22 surtout
414 4781 134 27 prévoyant.

59 4803 62 34 J-g"
134 4806 91 24 résulter
242 4811 29 20 de
289 4811 62 20 cette
368 4809 60 21 lutte
448 4808 32 20 les
496 4806 52 24 plus

59 4828 65 35 g"w
134 4830 92 25 chances
237 4836 30 20 de
280 4834 80 23 succès
390 4837 60 21 pour
480 4832 67 20 notre

89 4885 30 25 •*
130 4891 153 31 POLITIQUE
299 4894 196 24 EXTERIEUR?

60 4919 95 43 -atl?.L?
155 4936 12 16 e
181 4937 55 18 T0US
250 4935 78 24 Parler
340 4935 31 20 de
384 4933 68 20 notre
470 4930 78 26 politi-

60 4954 147 27 E™*neure.
223 4960 23 23 je
261 4960 49 20 suis
324 4958 91 22 cretain
431 4961 45 20 que
492 4959 56 17 mon

60 4977 60 35 ThL*
119 4978 21 21 111
148 4979 99 26 Hymans
258 4989 30 16 ne
300 4985 62 20 m'en
374 4982 88 21 voudra
474 4985 43 20 pas
528 4984 20 15 si

59 5002 93 34 ïtJL»
166 5009 53 20 tous
236 5009 129 21 entretenir
383 5008 52 21 tout
453 5005 95 22 d'abord

59 5049 9 6 ..
72 5027 55 28 J*
127 5031 12 17 8
152 5031 105 26 Politique
277 5033 128 26 étrangère.

59 5052 66 33 >fc2L
130 5056 53 20 nous
197 5058 109 23 trouvons
322 5060 16 20 à
355 5059 23 20 la
396 5056 66 22 veille
478 5055 30 21 de
525 5054 24 20 la

60 5077 72 34 *ne2L
135 5078 29 22 du
175 5080 54 25 p!an
241 5084 88 23 Dawes.
342 5084 61 21 cette
414 5079 135 23 réalisation

60 5101 73 32 .Jf**
132 5106 9 15 1
140 5104 29 21 "*
181 5110 57 20 pour
252 5113 58 17 nous
325 5114 44 19 que
382 5108 42 20 des
437 5107 110 21 dangers:

60 5127 131 35 ^navons
207 5137 88 18 aucune
314 5133 123 25 espérance
456 5130 15 21 à
489 5129 60 21 faire

59 5165 83 42 JJtait
154 5181 124 22 considérer
294 5183 33 21 les
344 5182 71 25 périls
432 5185 44 20 que
490 5183 59 17 nous

60 5195 85 39 T£?«
158 5203 73 23 éviter.

60 5234 17 24 d
85 5225 62 35 ïïii!
146 5231 7 15 <
152 5231 8 20 '
160 5230 77 22 uiUbre
247 5233 16 20 d
263 5239 14 15 e
285 5234 68 20 notre
362 5231 87 25 budget
459 5229 89 25 dépend

60 5262 10 21 l
69 5264 15 20 tt
83 5252 29 32 J°
111 5252 14 15 tt
122 5252 76 22 *-it'on
211 5260 43 20 par
268 5258 151 24 l'Allemagne
433 5256 42 20 des
490 5254 59 21 obli-

74 5275 83 34 £"*!<«"
171 5279 52 23 pian
236 5282 87 21 Dawes.

61 5300 135 34 taLWfian
217 5305 29 21 de
266 5311 26 17 ee
312 5308 58 23 plan
392 5304 111 23 forcerait
525 5303 25 21 la

61 5325 75 27 Cp?
149 5325 14 20 *
176 5332 119 21 supporter
310 5333 78 20 toutes
404 5331 35 20 les
454 5330 96 22 charges

75 5349 45 32 5«
124 5350 90 24 «quitte
232 5357 146 23 aujourd'hui
394 5355 157 22 l'Allemagne.

76 5376 44 13 ^"
135 5378 44 18 «re
195 5382 57 19 pour
268 5381 50 21 cela
336 5382 57 20 d'un
409 5379 142 26 pessimisme

570 3037 59 28 LES
643 3037 175 30 CANDIDATS
832 3039 176 29 D'OSTENDE
1023 3041 83 28 POUR

593 3083 58 29 LES
670 3078 175 35 ÉLECTIONS
862 3080 221 35 LÉGISLATIVES

599 3149 110 23 Ostende.
728 3150 27 20 23
776 3150 126 22 décembre.
922 3162 28 5 —
972 3152 57 21 Hier
1052 3153 53 22 soir,

572 3174 93 21 l'Union
675 3175 94 21 libérale
778 3176 126 21 d'Ostende
915 3181 14 16 a
939 3177 58 20 tenu
1007 3182 47 16 une
1065 3182 26 15 as-

573 3199 99 21 semblée
686 3200 107 24 générale
805 3205 30 16 en
850 3206 44 15 vue
904 3202 30 20 de
946 3201 23 20 la
982 3201 109 24 présenta-

572 3224 50 22 tion
633 3225 42 20 des
689 3225 123 21 candidats
827 3230 46 16 aux
887 3225 111 21 élections
1010 3226 80 24 législa-

571 3249 58 20 tives
643 3250 60 20 ainsi
715 3254 46 19 que
775 3250 33 20 du
823 3250 48 24 poil
883 3250 111 21 définitif.

594 3275 36 19 En
641 3276 100 19 ouvrant
752 3276 25 19 la
786 3275 91 23 séance,
887 3275 23 21 le
920 3276 119 23 président
1048 3281 43 20 pro-

571 3303 56 20 pose
641 3299 15 20 à
674 3299 147 23 l'assemblée,
835 3300 41 20 des
892 3299 52 24 plus
960 3301 144 21 nombreuse,

572 3325 30 20 de
613 3325 66 19 voter
688 3324 24 21 la
722 3325 90 19 motion
825 3325 107 20 suivante
942 3329 59 19 pour
1013 3328 78 21 protes-

571 3349 36 20 ter
618 3350 80 19 contre
708 3349 175 23 l'inqualifiable
892 3349 98 21 élection
1001 3350 33 20 du
1043 3350 47 20 traî-

571 3375 35 20 tre
615 3375 90 22 Borms,
713 3374 90 20 motion
810 3374 40 24 qui
859 3379 15 15 a
884 3374 37 21 été
928 3374 67 21 votée
1005 3374 14 21 à
1029 3375 61 20 l'una-

572 3399 82 20 nimité
671 3404 7 15 :

600 3432 9 8 •
621 3424 103 20 L'Union
734 3423 94 21 libérale
841 3423 131 22 d'Ostende.
982 3423 80 21 réunie
1074 3428 29 16 en

572 3448 126 21 assemblée
710 3448 108 24 générale
833 3448 21 21 le
868 3449 89 20 samedi
970 3449 26 19 22
1011 3448 79 21 décem-

572 3474 50 23 bre;

599 3507 9 8 »
621 3498 154 21 Considérant
787 3503 44 19 que
841 3497 22 21 le
872 3498 101 24 premier
983 3498 79 20 devoir
1071 3497 31 21 du

571 3524 91 24 citoyen
674 3523 72 24 belge,
758 3523 55 23 qu'il
824 3523 46 20 soit
883 3523 106 20 flamand
1003 3527 31 15 ou
1045 3522 44 19 wal-

572 3549 46 21 lon,
630 3550 38 19 est
678 3549 30 20 de
717 3548 80 20 veiller
808 3548 74 20 avant
892 3548 51 20 tout
956 3547 16 20 à
982 3546 81 21 l'unité
1074 3546 29 20 de

571 3573 24 21 la
606 3573 86 25 patrie;

599 3607 9 9 »
621 3597 154 22 Considérant
783 3602 45 20 que
837 3597 34 20 les
878 3596 94 21 menées
979 3595 124 23 activistes,

571 3624 40 24 qui
622 3624 43 20 ont
678 3623 81 20 abouti
771 3627 46 15 aux
830 3621 151 24 regrettables
992 3620 110 20 résultats

570 3649 30 20 de
628 3648 114 20 l'élection
773 3647 119 21 d'Anvers,
909 3645 144 21 constituent
1069 3649 33 15 un

568 3672 110 22 véritable
687 3672 49 21 défi
746 3676 46 16 aux
801 3670 112 22 éléments
921 3669 64 22 sains
993 3670 32 19 du
1033 3673 66 19 pays;

598 3707 9 8 »
626 3698 104 20 Proteste
748 3695 188 24 énergiquement
950 3694 81 20 contre
1048 3694 41 19 tou-

571 3723 36 21 tes
624 3722 127 21 tendances
773 3720 149 25 séparatistes
940 3719 25 20 et
987 3722 69 20 passe
1087 3717 15 20 à

572 3748 82 20 l'ordre
666 3747 32 20 du
714 3746 54 24 jour
783 3754 19 12 ».

598 3773 20 19 A
654 3770 142 22 l'assemblée
819 3770 71 20 tenue
909 3768 17 21 il
948 3772 17 20 y
984 3772 15 16 a
1022 3766 81 25 quinze

570 3797 71 25 jours,
650 3796 22 21 le
682 3796 47 24 poU
741 3794 158 25 préparatoire
907 3793 65 21 avait
981 3792 78 21 donné
1068 3792 33 20 les

571 3822 110 21 résultats
693 3821 106 20 suivants
816 3824 7 16 :

600 3847 122 20 Chambre.
733 3855 28 5 —
775 3846 38 19 ler
823 3843 93 21 effectif
933 3847 6 15 :
952 3842 32 20 M.
999 3841 104 23 Adolphe

570 3872 67 24 Buyl,
646 3870 85 24 député
738 3868 100 24 sortant,
846 3867 112 21 candidat
965 3865 138 22 d'Ostende-

572 3891 225 27 Fui-nes-Dlxmude:
1012 3914 6 5 ,
1079 3913 6 5 .

598 3922 22 19 2-
633 3920 92 21 effectif
739 3924 7 15 2
761 3919 32 20 M.
805 3917 73 21 Emile
891 3917 105 20 Vroome,
1006 3914 96 21 echevm

572 3947 41 20 des
624 3946 114 20 Financ?s
747 3944 31 20 de
789 3943 23 20 la
823 3942 53 20 ville
886 3940 132 22 d'Ostende,
1029 3938 62 25 prési-

573 3971 57 21 dent
643 3971 28 20 de
687 3969 93 21 l'Union
795 3966 104 22 libérale:

599 3997 38 19 ler
649 3993 125 25 suppléant
792 3997 6 15 :
813 3992 33 20 M.
861 3992 102 22 Georges
975 3987 114 24 Marquet.

600 4020 106 21 Sénat-—
717 4019 37 20 ler
761 4016 93 23 effectif
867 4021 5 15 :
885 4016 32 19 M.
927 4015 101 22 Georges
1038 4014 53 19 Mar-

572 4046 61 24 quet.
650 4043 112 21 candidat
782 4042 30 20 de
829 4037 212 24 l'arrondissement
1058 4037 45 20 Os-

572 4066 305 26 tende-Furnes-Di2xmude.

600 4096 37 19 1er
645 4092 125 25 suppléant
785 4095 6 16 :
803 4091 32 20 M.
847 4090 22 20 le
879 4089 96 21 docteur
985 4088 118 19 Moreaux.

572 4118 158 25 bourgmestre
743 4117 28 20 de
786 4115 25 20 ia.
824 4115 54 20 ville
890 4112 132 22 d'Ostende.

597 4146 96 19 Comme
708 4140 80 25 depuis
806 4139 54 23 lors,
874 4138 18 20 il
906 4136 59 22 n'est
995 4135 107 24 présente

573 4171 100 20 d'autres
686 4164 165 24 candidatures
864 4168 30 15 en
907 4160 129 25 opposition
1049 4162 54 17 avec

569 4200 39 16 ces
621 4192 130 23 candidats,
765 4190 28 20 ils
806 4189 43 20 ont.
860 4187 38 22 été
913 4186 127 26 proclames
1054 4184 50 21 élus

572 4224 43 20 par
625 4215 160 24 acclamation.

596 4244 22 20 Il
636 4238 116 27 s'agissait
769 4242 84 18 encore
872 4237 30 20 de
916 4234 108 25 pourvoir
1044 4233 15 20 à
1078 4233 24 19 la

571 4270 66 22 place
651 4268 28 20 de
693 4267 23 19 2'
731 4263 125 25 suppléant
868 4266 59 19 pour
940 4260 24 20 la
980 4258 122 21 Chambre.

571 4296 68 20 Deux
657 4290 165 22 candidatures
842 4288 43 19 ont
904 4284 38 22 été
964 4282 138 25 P^ef-tees.

571 4318 73 21 Aorès
675 4315 108 24 quelques
790 4311 100 25 .paroles
910 4310 31 20 de
961 4308 52 20 MM
1036 4308 66 21 Buyl,

572 4323 107 44 Maguet
694 4341 25 20 et
732 4339 105 20 Vroome.
852 4336 17 20 il
883 4340 15 15 a
910 4333 38 21 été
959 4331 98 25 procède
1072 4335 29 15 au

571 4368 47 25 poil
634 4370 59 21 pour
709 4364 25 21 la
750 4364 22 19 2-
788 4360 149 25 suppléance;
954 4358 25 19 la
994 4354 108 24 majorité

571 4395 41 20 des
620 4392 65 20 votes
694 4389 54 21 sont
760 4386 56 22 allés
825 4386 15 20 à
850 4386 32 19 M.
892 4382 93 22 Jérôme
991 4382 37 20 I*
1037 4380 67 40 Çœk,

570 4417 131 24 inspecteur
716 4411 111 23 cantonal
844 4408 125 22 honoraire
992 4406 29 21 de
1045 4405 9 20 1
1062 4409 41 16 en-

569 4443 133 22 seignemen
703 4439 16 20 t.

572 4494 44 14 -.-:
627 4491 30 16 De
665 4489 56 17 Pnris
736 4491 5 12 :
756 4487 26 15 Le
793 4485 90 16 ministre
894 4483 33 16 tes
940 4479 85 18 AKalr-M
1036 4478 67 15 «r»n-

571 4512 54 16 «ères
640 4510 26 16 du
682 4505 143 20 San-Salvador
840 4508 11 12 m
868 4501 77 18 «dressé
961 4500 13 16 *
988 4500 27 15 W.
1029 4497 74 31 ^Jl»nt

569 4516 26 32 ïn
614 4523 123 24 teléVramme
756 4525 27 16 lui
803 4523 108 17 exprimant
930 4521 28 15 le,
976 4517 60 18 ««^t
1039 4517 65 32 •«<>■£

571 4535 24 33 t"
612 4533 148 35 gouvernement
776 4544 26 16 du
818 4540 150 19 s.n-e.lT.dor.
982 4536 123 36 -"S^ÎJ^J

570 4563 20 24 li
606 4567 74 19 Société
698 4566 34 16 tes
746 4564 88 17 Nations,
852 4564 49 16 pour
918 4564 11 9 •

918 4559 54 17 .voir
986 4555 118 20 sauvegardé

570 4580 218 45 ilf^Scî'^
799 4582 133 36 ml-tS^des
941 4595 162 36 «»«.»■£

567 4625 123 43 ESUTl?
698 4620 260 41 ^WrSîSï?
965 4616 101 39 ?&
1074 4616 26 55 (n

568 4652 63 36 profet
652 4666 69 16 contre
740 4663 20 16 1»
782 4659 123 22 propagande
925 4657 126 18 communiste
1075 4656 26 16 L.

568 4687 95 18 Chambre
677 4686 47 16 s'est
741 4681 91 21 ajournée
849 4684 25 13 «u
892 4679 21 17 10
930 4678 82 20 J.nTier.
1025 4684 25 5 —
1061 4676 41 16 Ha-

566 4712 42 13 vas.

570 4764 32 20 M.
617 4762 57 20 Paul
690 4760 104 23 Hymans
810 4761 29 15 en
854 4756 89 19 France

597 4809 51 20 Une
660 4805 102 24 dépêche
775 4803 29 20 de
818 4801 65 21 Paris
897 4803 105 18 annonce
1016 4801 44 20 que
1071 4797 27 19 M

570 4833 59 22 Paul
659 4831 112 23 Hymans.
797 4826 106 21 ministre
931 4825 41 20 des
1002 4823 101 20 Affaires

571 4856 140 24 étrangères,
728 4855 35 19 est
780 4851 74 22 arrivé
872 4850 15 21 à
904 4850 93 20 Cannes
1010 4848 81 20 diman-

570 4884 44 20 che
631 4881 81 21 matin,
729 4879 22 19 n
766 4882 16 19 y
797 4880 93 30 passera
905 4879 47 16 une
967 4873 88 21 dizaine
1054 4877 4 13 i
1074 4872 29 19 de

572 4907 64 26 jours
652 4907 25 20 et
693 4904 106 21 rentrera
816 4901 16 20 à
845 4899 119 22 BruxeUes
981 4898 22 20 le
1021 4897 13 20 6
1049 4900 54 20 jan-

597 4958 21 19 n
629 4955 54 23 s'est
696 4951 123 23 entretenu
846 4954 54 16 avec
924 4945 179 24 l'ambassadeu--

571 4983 29 20 de
612 4980 108 23 Belgique
731 4978 29 20 de
772 4977 25 20 la
806 4973 153 23 constitution
970 4973 33 20 du
1014 4972 88 19 Comité

570 5005 115 25 d'experts
696 5001 127 22 financiers
832 5004 32 17 en
874 5004 44 15 vue
929 4998 29 21 de
969 4997 26 20 la
1004 4996 86 24 liquida-

571 5032 51 20 tion
632 5026 206 25 desw-éparations.

597 5056 26 19 M
647 5054 104 19 Hvmans
769 5055 14 16 a
799 5047 141 23 récemment
959 5051 82 19 expose
1058 5049 32 18 pu-

570 5078 142 25 bliquement
726 5077 23 20 le
762 5075 66 24 point
843 5074 30 20 de
886 5078 45 15 vue
943 5072 32 20 de
988 5072 26 19 la
1025 5069 65 24 Belgi-

571 5110 44 19 que
626 5108 41 16 sur
679 5107 26 16 ce
717 5101 64 23 sujet
794 5100 23 20 et
831 5099 47 20 l'on
886 5098 46 20 sait
946 5097 54 24 qu'il
1013 5100 31 16 ne
1055 5095 36 20 dif-

571 5130 49 21 fère
633 5132 43 20 pas
686 5127 30 20 de
727 5124 59 22 celui
799 5124 53 24 qu'a
864 5121 101 25 exprimé
977 5120 89 21 samedi
1080 5120 21 19 la

571 5155 89 20 France
674 5152 60 20 dans
749 5153 46 17 une
807 5149 55 20 note
878 5146 102 22 annexée
995 5145 16 20 à
1022 5145 24 20 la
1061 5144 29 21 dé-

571 5177 114 23 claration
702 5174 122 21 collective.

596 5203 33 20 M.
643 5202 105 22 Hymans
761 5199 82 19 n'aura
855 5197 59 20 donc
927 5200 49 20 pas.
988 5196 55 19 sauf
1057 5198 33 16 im-

570 5228 73 23 prévu
666 5230 45 19 peu
737 5222 116 26 probable,
877 5222 30 20 de
932 5219 170 21 conversations

572 5257 55 17 avec
640 5250 58 21 MM.
712 5247 112 22 Poincaré
838 5247 24 20 et
876 5245 95 21 Briand.
985 5245 22 20 II
1021 5249 15 15 a
1048 5243 43 23 pré-

572 5277 46 22 cisé
627 5274 149 25 simplement
788 5271 16 21 i
816 5270 180 22 l'ambassadeur
1008 5269 29 21 de
1048 5268 42 20 Bel-

572 5303 67 22 gique
655 5298 108 26 quelques
778 5296 79 25 points
872 5294 140 21 intéressant
1028 5294 75 23 parti-

572 5317 148 31 cùlièrement
741 5322 25 21 la
782 5321 108 24 Belgique
908 5320 161 20 relativement
1088 5320 15 20 à

573 5352 23 21 la
612 5349 99 22 réunion
726 5346 125 26 prochaine
866 5345 42 21 des
923 5344 91 25 experts
1028 5344 16 21 à
1056 5345 34 20 Pa-

572 5376 39 22 ris.
625 5384 28 6 —
670 5371 96 25 (Belga.)

1122 126 122 48 UN
1304 120 348 57 JUBILÉ

1214 199 74 37 AU
1315 200 245 40 BARREAU

1221 251 67 37 DE
1319 251 180 40 TOURN
1501 254 54 37 AI

1218 332 53 31 LES
1291 332 183 37 CINQUANTE
1494 335 61 31 ANS

1289 378 41 31 DE
1349 379 36 31 M.
1405 380 86 30 ASOU

1228 423 84 31 DANS
1332 424 41 31 LA
1393 420 157 36 CARRIÈRE

1149 492 109 22 Tournai,
1275 492 27 19 22
1319 492 125 21 décembre.
1462 503 28 6 —
1507 494 33 20 M.
1558 494 96 20 l'avocat

1122 516 80 21 Albert
1214 518 68 21 Asou,
1292 517 109 21 sénateur
1414 518 126 24 provincial
1554 518 14 20 â
1579 519 62 20 Tour-

1121 542 48 21 nai,
1185 546 14 15 a
1221 541 37 20 été
1277 542 85 23 l'objet,
1379 543 96 23 samedi,
1493 543 69 20 d'une
1578 544 74 23 impa-
1663 536 4 36 j

1123 568 68 18 santé
1209 566 177 21 manifesiation
1400 567 15 20 à
1433 568 121 20 l'occasion
1572 568 29 20 de
1618 572 37 16 ses
1663 561 4 33 j

1124 591 25 19 50
1167 595 43 15 ans
1226 591 121 20 d'exercice
1364 592 29 20 de
1406 597 27 15 sa
1451 593 135 23 profession.

1149 616 74 19 Toute
1238 616 23 19 la
1278 616 171 23 magistrature,
1463 617 21 20 le
1501 617 105 21 barreau,
1621 617 33 20 les

1122 640 65 23 juges
1203 640 28 20 de
1248 640 54 24 paix
1315 644 23 17 et
1354 641 32 19 les
1401 641 101 20 notaires
1518 642 31 19 du
1561 642 93 22 canton,

1123 665 22 19 le
1158 666 122 22 personnel
1295 665 30 20 du
1343 666 101 20 tribunal
1457 666 105 20 s'étaient
1577 666 77 20 réunis

1123 690 59 19 dans
1202 689 23 20 la
1246 690 88 23 grande
1353 690 57 20 salle
1438 690 29 20 de
1491 691 24 19 la
1543 690 110 25 première

1124 714 115 21 Chambre
1256 715 31 20 du
1303 714 103 20 tribunal
1420 715 59 20 civil.

1150 739 32 20 M.
1201 740 63 19 P.-E.
1281 740 96 22 Janson,
1393 739 106 20 ministre
1515 740 29 20 de
1558 739 24 21 îa
1600 740 42 20 Jus-

1125 764 50 20 tice.
1201 764 31 20 M.
1259 765 94 21 Carton,
1377 764 83 19 ancien
1486 764 112 23 ministre,
1622 765 33 19 M.

1124 788 114 22 Wibbaut.
1259 789 157 23 bourgmestre
1436 789 29 20 de
1482 789 110 22 Tournai,
1613 793 30 16 en-

1124 813 65 20 touré
1202 814 29 20 de
1243 819 37 15 ses
1291 813 114 23 échevins,
1416 815 24 18 et
1453 813 95 20 nombre
1560 814 28 19 de
1602 818 40 19 per-

1122 838 128 20 sonnalités
1272 838 120 23 politiques
1413 840 23 18 et
1461 838 194 20 administratives

1124 862 132 21 assistaient
1271 863 14 19 â
1301 863 23 19 la
1336 862 134 21 cérémonie.

1150 888 36 19 Au
1205 887 86 20 bureau
1313 887 93 20 avaient
1434 887 48 24 pris
1508 887 65 24 place
1598 887 57 19 MM.

1124 911 83 22 Leduc,
1229 912 35 21 De
1285 912 79 21 Rasse.
1381 912 37 20 Du
1440 912 60 20 Biez.
1521 911 88 20 Brébar
1632 912 23 19 et

1124 936 128 23 Chevalier,
1270 937 32 19 du
1323 936 89 21 Comité
1433 936 165 24 organisateur.

1151 961 104 20 L'entrée
1271 962 32 19 du
1316 961 107 24 jubilaire
1441 966 13 14 a
1470 959 37 21 èiè
1520 960 77 21 saluée
1613 965 43 19 par

1125 989 46 16 une
1199 985 83 24 longue
1307 986 64 19 salve
1395 985 244 24 d'applaudis^ments
1649 989 6 18 :

1126 1010 51 22 puis
1198 1010 32 20 M.
1248 1010 83 23 Leduc,
1348 1014 32 16 au
1395 1015 55 15 nom
1468 1010 31 20 du
1519 1010 105 20 barreau,
1642 1014 14 15 a

1126 1034 48 23 pris
1193 1034 23 20 la
1237 1035 78 23 parole
1325 1039 6 15 :
1353 1035 17 19 il
1390 1039 14 15 a
1422 1034 89 21 retracé
1531 1035 23 19 la
1574 1034 83 24 longue

1126 1058 98 22 carrière
1240 1060 28 19 de
1286 1059 96 21 l'avocat
1397 1060 24 19 et
1436 1059 75 20 exalté
1527 1064 37 15 ses
1580 1062 77 17 vertus

1126 1083 206 23 professionnelles.

1172 1109 31 18 M.
1219 1109 67 20 Ascu.
1302 1108 71 21 dit-il.
1387 1113 14 15 a
1415 1108 109 20 CDnsacré
1538 1108 33 20 les
1583 1108 62 20 tradi-

1126 1132 61 20 tions
1206 1133 33 20 les
1257 1133 53 23 plus
1328 1133 86 21 nobles,
1432 1133 32 20 les
1480 1133 53 24 plus
1552 1133 104 23 grandes,

1126 1157 58 20 dans
1201 1158 76 19 toutes
1297 1158 33 20 les
1348 1158 116 19 fonctions
1481 1158 69 20 d'une
1565 1157 92 20 activité

1126 1181 148 21 débordante.
1291 1183 32 18 M.
1343 1183 61 19 Asou
1422 1187 15 15 a
1455 1181 74 25 passé,
1546 1186 30 16 en
1592 1182 65 21 effet,

1127 1210 43 19 par
1187 1207 52 19 tous
1257 1207 34 20 les
1308 1207 79 20 stades
1402 1207 29 20 de
1447 1207 24 20 la
1488 1207 36 20 vie
1542 1206 116 24 politique,

1127 1233 53 17 tour
1197 1230 15 20 à
1229 1232 52 19 tour
1298 1232 120 20 conseiller
1435 1231 138 20 communal,
1590 1231 55 20 éche-

1127 1255 46 22 vin,
1186 1255 165 24 bourgmestre,
1363 1256 116 20 sénateur.
1494 1266 28 4 —
1537 1260 88 15 comme
1641 1255 16 20 il

1127 1284 14 15 a
1161 1284 77 16 connu
1256 1281 52 19 tous
1326 1281 33 19 les
1378 1279 117 21 honneurs
1512 1281 32 19 du
1561 1280 96 20 barreau

1127 1304 30 20 gù
1173 1305 17 19 il
1207 1305 78 20 devint
1303 1305 116 24 président
1438 1305 28 21 de
1482 1305 24 20 la
1521 1304 136 21 Fédération

1127 1329 119 21 nationale
1259 1330 40 19 des
1312 1330 100 19 avocats.
1420 1338 10 8 •

1153 1354 32 19 M.
1200 1354 76 20 Leduc
1291 1359 14 15 a
1322 1353 133 24 congratulé
1472 1355 64 19 Mme
1552 1354 68 22 Asou,
1635 1353 22 21 la

1127 1377 68 24 digne
1214 1383 127 19 compagne
1357 1379 32 20 du
1406 1378 113 23 jubilaire.

1154 1403 32 19 M.
1199 1402 104 22 Brébart,
1315 1403 129 21 bâtonnier,
1457 1407 30 16 au
1499 1407 54 16 nom
1563 1403 30 20 de
1604 1402 40 20 l'or-

1127 1428 40 20 dre
1187 1428 40 20 des
1243 1429 100 20 avocats,
1361 1432 14 16 a
1393 1427 65 25 parlé
1478 1428 40 20 des
1535 1428 78 20 vertus
1630 1428 28 19 de

1128 1452 59 20 celui
1202 1452 39 24 qui
1258 1452 92 21 auréole
1364 1453 29 19 de
1407 1457 37 16 ses
1460 1452 93 20 mérites
1569 1452 52 20 tout
1637 1452 23 20 le

1128 1477 98 20 barreau
1244 1477 29 20 de
1290 1477 109 20 Tournai.

1154 1502 32 18 M.
1196 1502 66 21 Vaes.
1272 1501 116 23 président
1400 1502 29 20 de
1440 1501 23 20 la
1473 1501 137 21 Fédération
1619 1502 40 20 des

1129 1527 93 19 avocats
1238 1526 29 20 de
1283 1526 116 23 Belgique,
1416 1530 15 15 a
1447 1525 96 23 apnorté
1559 1526 21 20 le
1599 1522 60 24 salut

1129 1550 30 20 de
1180 1551 61 20 cette
1262 1550 138 21 fédération,
1421 1550 21 21 le
1465 1551 73 19 tribut
1558 1551 102 19 d'estime

1127 1574 113 24 profonde
1260 1576 24 19 et
1305 1575 28 20 de
1350 1575 72 20 haute
1441 1574 169 21 considération
1630 1575 28 20 de

1128 1601 52 18 tous
1196 1604 37 15 ses
1249 1599 123 20 confrères.

1154 1624 32 19 M.
1207 1624 76 22 Labïs,
1302 1624 118 23 président
1446 1624 31 20 du
1501 1624 103 20 tribunal
1631 1624 28 20 de

1129 1647 113 24 première
1260 1648 112 22 instance,
1388 1653 14 15 a
1420 1648 102 24 exprimé
1538 1649 34 20 les
1587 1649 61 19 senti-

1128 1673 76 19 ments
1216 1673 102 20 d'estime
1332 1674 23 19 et
1369 1673 28 21 de
1409 1673 130 24 sympathie
1553 1673 28 21 de
1596 1674 63 20 toute

1129 1697 24 20 la
1166 1697 173 21 masistrature^

1155 1722 32 20 M.
1205 1722 150 24 Desrhamps,
1373 1727 125 19 procureur
1513 1723 32 20 du
1562 1723 51 22 Roi,
1630 1727 29 16 au

1128 1750 56 16 nom
1197 1747 32 20 du
1245 1747 106 23 Parquet,
1369 1752 25 15 se
1408 1747 85 24 réjouit
1509 1748 28 20 de
1552 1747 50 20 voir
1617 1752 30 15 au-

1128 1770 54 24 près
1196 1771 29 21 de
1242 1771 33 21 lui
1291 1772 53 20 tous
1360 1777 38 15 ses
1416 1772 58 20 colin
1476 1771 118 21 borateurs
1604 1776 6 16 :
1628 1772 32 19 M.

1130 1797 60 19 Asou
1208 1797 35 19 est
1261 1801 59 18 pour
1337 1801 45 16 eux
1399 1797 21 20 le
1440 1796 52 21 olus
1510 1801 45 19 pur
1572 1796 88 20 modèle

1130 1821 29 20 de
1175 1820 23 20 la
1216 1820 141 21 délicatesse,
1373 1821 32 20 du
1424 1822 50 19 tact
1491 1822 23 19 et
1530 1821 29 21 de
1575 1821 84 24 l'esprit

1130 1845 60 23 joint
1205 1844 14 20 â
1234 1850 46 16 une
1292 1845 109 21 brillante
1415 1845 129 25 éloquence.

1154 1870 33 19 M.
1201 1870 35 19 De
1250 1870 73 20 Rîisce
1336 1875 15 15 a
1365 1870 76 20 donné
1455 1871 165 20 connaissance
1632 1870 28 20 de

1129 1894 127 20 nombreux
1268 1893 160 22 té!é!rr?.mmes
1441 1895 58 20 dont
1513 1895 58 20 celui
1587 1895 29 21 de
1630 1895 26 20 M

1130 1919 127 21 Magnette.
1272 1924 59 18 pour
1344 1919 23 20 la
1383 1919 88 23 gauche
1484 1920 31 20 du
1531 1919 79 21 Sénat.

1156 1944 32 19 M.
1206 1944 68 22 Asou,
1292 1943 179 24 profondément
1485 1943 91 22 touché,
1592 1949 15 15 a
1624 1949 25 15 re-

1128 1968 85 20 mercié
1224 1973 44 19 par
1281 1969 41 19 des
1333 1968 97 24 phrases
1442 1969 69 20 d'une
1524 1969 137 20 charmante

1128 1993 119 21 modestie,
1269 1993 139 24 empreintes
1428 1993 69 21 d'une
1518 1993 142 21 affectueuse

1130 2018 192 19 reconnaissance
1342 2022 59 18 pour
1425 2018 52 20 tous
1498 2022 57 16 ceux
1578 2018 39 24 qui
1641 2018 21 20 îe

1129 2042 99 20 fêtaient
1246 2042 152 20 auiourd'h'ii.
1414 2042 33 20 La
1461 2042 106 24 présente
1584 2043 64 20 mani-

1129 2066 112 20 festation
1256 2071 52 16 sera
1321 2071 32 15 un
1366 2067 40 20 des
1423 2067 53 24 plus
1490 2067 75 21 beaux
1579 2072 70 16 souve-

1128 2091 50 20 nirs
1194 2091 30 20 de
1237 2096 27 15 sa
1282 2091 106 21 carrière.

1156 2116 39 19 Un
1216 2116 143 20 maffnïfirue
1376 2116 108 20 souvenir
1502 2117 34 20 est
1557 2117 70 20 remis
1634 2131 4 3 -
1647 2116 14 21 à

1129 2141 33 19 M.
1176 2141 61 19 Asou
1248 2145 6 14 :
1271 2145 43 15 son
1328 2140 99 20 oortrait
1442 2141 65 23 peint
1522 2146 44 19 par
1581 2142 80 20 Gaud-

1130 2165 58 22 froy.
1208 2164 135 21 talentueux
1360 2165 81 21 artiste
1462 2166 141 20 toumpisien
1623 2166 38 23 qui

1131 2194 14 15 a
1161 2189 132 24 représenté
1308 2189 48 21 très
1371 2190 176 21 heureusement
1563 2191 21 21 le
1600 2191 50 24 jubi-

1130 2214 58 20 laire
1203 2219 29 15 en
1247 2214 69 20 tenue
1330 2214 28 21 de
1373 2214 164 21 bourernestre.

1153 2238 39 20 "Cn
1207 2238 112 24 déjeuner
1333 2243 15 16 a
1364 2239 60 21 suivi
1439 2239 24 20 îa
1477 2240 182 21 manifestation.

1676 133 109 62 LES
1826 131 378 63 HOSTILITES

1784 221 82 47 EN
1906 219 191 49 CHINE

1758 319 168 32 PLUSIEURS
1952 313 171 38 GÉNÉRAUX

1842 365 68 31 AUX
1934 363 104 32 PRISES

1705 438 42 31 UN
1768 435 201 33 MOUVEMENT
1988 430 190 37 XÉNOPHOBE

1688 506 233 34 L'ANGLETERRE
1939 506 84 31 VEUT
2043 507 143 31 ASSURER

1695 555 41 30 LA
1756 547 150 37 SÉCURITÉ
1926 551 56 30 DES
2002 547 184 37 ÉTRANGERS

1703 617 107 20 Londres.
1823 616 24 20 23
1863 614 124 22 décembre.
2001 625 27 5 —
2042 615 31 20 Le
2115 616 89 23 Sydney

1678 642 121 21 Chronicle
1842 641 56 20 croit
1914 640 75 19 savoir
2004 645 43 19 que
2063 641 33 20 les
2112 640 92 21 milieux

1676 667 99 20 officiels
1788 666 156 22 britanniques
1958 665 41 20 ont
2012 666 47 22 pris
2074 666 39 20 des
2128 670 63 15 mesu-

1677 697 37 15 res
1731 696 59 20 pour
1805 695 90 16 assurer
1911 690 25 19 la
1951 689 98 21 sécurité
2067 691 40 21 des
2125 690 79 20 étran-

1680 712 210 24 ;'.r--'r.o:ammer.;
1909 714 29 19 de
1957 714 111 23 plusieurs
2088 715 117 20 centaines

1677 742 29 19 de
1718 742 74 23 sujets
1805 740 88 24 anglais
1907 738 80 20 établis
2000 739 14 20 à
2028 740 141 23 Kounghing
2182 743 22 17 et

1678 766 15 20 à
1710 766 88 23 Ichang
1813 760 36 26 ou"
1859 766 40 19 des
1916 763 114 23 généraux
2047 765 88 20 chinois
2152 766 53 19 sont

1679 796 45 15 aux
1737 791 72 24 prises
1824 794 24 17 et
1866 789 29 21 où
1911 792 33 16 un
1959 793 145 16 mouvement
2133 789 60 21 xéno-

1678 816 75 24 phobe
1767 820 14 15 a
1796 815 79 20 éc'.até.

1704 841 107 19 L'amiral
1825 839 89 24 anglais
1925 840 163 19 commandant
2102 839 24 20 la
2139 839 66 21 flotte

1679 865 30 21 du
1726 864 214 24 Yang-Tsé-Kiang
1959 868 14 15 a
1992 864 73 23 quitté
2086 864 120 24 Shanghaï

1679 895 29 15 en
1723 891 64 19 toute
1800 890 55 19 hâte
1871 893 57 20 pour
1942 887 117 21 Hankéou.

1706 916 105 19 D'autres
1829 914 90 20 navires
1936 913 29 20 de
1983 918 79 19 guerre
2078 914 88 23 anglais
2181 918 25 16 se

1678 940 100 23 dirigent
1789 938 143 25 rapidement
1943 942 40 16 sur
1994 939 33 19 les
2039 939 67 20 lieux.
2112 948 27 4 —
2144 938 50 20 Reu-

1679 968 43 17 ter.

1784 1033 34 27 LA
1833 1025 270 35 RESPONSABILITÉ

1868 1072 38 27 DE
1921 1071 101 27 KL0TZ

1786 1140 44 21 (De
1840 1139 66 20 notre
1917 1138 187 24 correspondant)

1705 1170 72 22 Paris,
1788 1170 25 19 22
1826 1168 124 21 décembre.
1960 1179 27 4 —
2000 1169 55 19 (Par
2066 1168 137 23 téléphone.)

1679 1205 28 5 —
1722 1196 42 19 Les
1781 1195 105 19 docteurs
1902 1193 97 22 Truelle,
2013 1193 86 21 Claude
2116 1194 23 18 et
2155 1193 50 19 Me-

1680 1212 70 31 nyer*
1757 1220 33 19 les
1806 1219 56 20 trois
1879 1217 113 21 médecins
2006 1218 116 20 aliénistes
2138 1217 56 20 char-

1681 1245 38 23 gés
1731 1245 29 19 de
1774 1245 31 19 M.
1818 1244 28 19 de
1861 1242 99 21 Gentile,
1973 1243 54 23 juge
2042 1243 165 19 d'instruction,

1681 1269 28 20 de
1728 1268 109 20 nrocéder
1855 1268 15 20 à
1888 1268 110 19 l'examen
2018 1267 89 20 mental
2127 1267 28 20 de
2175 1267 32 20 M.

1681 1294 74 20 Klotz.
1768 1293 82 20 ancien
1861 1291 111 21 ministre,
1985 1296 25 16 se
2023 1294 52 17 sont
2088 1293 107 22 transpor-

1681 1318 42 23 tés,
1737 1318 16 20 à
1768 1318 13 19 2
1796 1318 23 19 h.
1834 1319 11 18 1
1858 1318 20 19 2.
1892 1316 15 20 à
1920 1316 140 21 l'infirmerie
2076 1317 28 20 de
2120 1316 23 20 la
2159 1316 36 24 pri-

1681 1347 42 16 son
1736 1343 28 19 de
1778 1343 103 19 Fresnes.

1707 1367 106 20 Pendant
1830 1368 10 19 1
1858 1367 24 19 h-
1898 1366 11 19 1
1923 1365 19 21 2,
1957 1366 29 20 ils
1999 1371 24 15 se
2039 1366 53 20 sont
2106 1366 88 20 entrete-

1681 1396 44 16 nus
1742 1396 54 16 avec
1813 1391 97 20 l'ancien
1926 1390 108 21 sénateur
2049 1391 24 20 et
2087 1391 42 19 ont
2145 1395 52 15 com-

1682 1416 60 25 plété
1757 1417 32 19 les
1803 1415 155 21 observations
1971 1415 53 23 déjà
2039 1415 124 20 recueillies
2179 1420 29 15 au

1682 1446 66 15 cours
1761 1441 28 20 de
1803 1441 49 20 leur
1864 1439 110 25 première
1988 1440 73 22 visite,
2074 1440 76 20 mardi
2156 1440 40 20 der-

1682 1466 57 20 nier.

1708 1491 42 20 Les
1769 1491 90 23 experts
1875 1489 56 20 vont
1948 1489 147 20 maintenant
2113 1494 24 15 se
2155 1489 40 20 réu-

1682 1515 37 20 nir
1740 1520 58 19 pour
1819 1514 99 21 discuter
1936 1514 39 20 des
1995 1514 142 20 conclusions
2155 1514 52 24 qu'il

1682 1540 106 20 convient
1809 1540 123 23 d'adopter.

1708 1564 91 24 Quelles
1813 1562 144 22 seront-elles
1965 1563 11 20 ?

1708 1590 31 19 Le
1754 1592 73 17 secret
1844 1589 21 20 îe
1880 1588 51 23 plus
1946 1588 80 20 absolu
2040 1588 35 26 esj
2092 1588 69 24 gardé
2179 1592 29 16 au

1682 1614 76 20 Palais
1777 1614 29 20 de
1825 1613 93 20 Justice.

1709 1639 37 19 On
1763 1638 57 20 croit
1836 1638 75 19 savoir
1926 1638 110 22 pourtant
2051 1642 43 19 que
2111 1638 33 19 les
2160 1637 36 20 mé-

1683 1662 77 20 decins
1776 1660 157 22 concluraient
1948 1661 14 21 à
1977 1667 44 15 une
2037 1662 172 24 responsabilité

1684 1687 137 23 légèrement
1838 1685 113 23 atténuée,
1969 1691 54 15 sans
2039 1691 43 19 que
2101 1687 107 20 toutefois

1683 1712 61 20 cette
1758 1711 147 21 atténuation
1923 1710 42 24 pût
1983 1712 112 20 autoriser
2112 1716 30 16 en
2160 1712 48 19 rien

1684 1741 33 15 un
1732 1736 62 20 arrêt
1810 1737 28 19 de
1853 1735 92 21 l'action
1961 1736 118 24 judiciaire
2096 1741 29 16 en
2138 1741 70 16 cours.

1754 1815 128 32 MARCHÉ
1901 1820 58 27 AUX
1985 1821 157 27 POISSONS

1199 2324 38 31 M.
1259 2324 132 31 HOOVER
1412 2324 45 31 AU
1478 2320 107 36 BRÉSIL

1156 2399 200 22 Rio-de-Janeiro,
1373 2400 26 19 22
1413 2400 125 20 décembre.
1571 2410 27 5 —
1630 2401 31 20 Le

1131 2424 72 20 Sénat
1219 2426 23 19 et
1257 2425 22 20 la
1294 2425 115 20 Chambre
1422 2425 78 20 réunis
1516 2430 28 15 en
1562 2425 99 24 Congrès

1130 2454 40 15 ont
1183 2453 53 19 reçu
1249 2450 32 19 M.
1292 2449 90 21 Hoover
1393 2454 31 17 au
1434 2454 67 16 cours
1512 2450 68 21 d'une
1592 2450 56 21 séan-

1129 2478 27 16 ce
1170 2474 131 21 solennelle.

1155 2498 73 25 Après
1246 2499 34 20 les
1301 2499 135 21 allocutions
1457 2499 141 24 prononcées
1619 2505 43 19 par

1130 2523 33 21 les
1177 2524 129 23 présidents
1322 2524 28 21 de
1365 2525 23 19 la
1404 2525 115 20 Chambre
1533 2526 22 20 et
1572 2526 31 19 du
1619 2525 30 20 Sé-

1128 2549 50 22 nat,
1193 2549 33 19 M.
1243 2549 90 20 Hoover
1350 2554 14 15 a
1377 2549 117 24 prononcé
1510 2554 33 16 un
1559 2550 102 20 discours

1129 2574 60 19 dans
1199 2573 73 24 lequel
1286 2574 15 20 il
1313 2579 14 14 a
1339 2574 108 20 remercié
1458 2575 28 20 de
1498 2575 25 20 îa
1534 2574 126 22 bienvenue

1129 2598 40 24 qui
1179 2598 33 20 lui
1224 2599 63 19 avait
1299 2598 37 21 été
1348 2598 110 30 réservée,
1470 2599 52 24 puis
1533 2599 18 20 il
1563 2604 16 15 a
1587 2599 75 21 relevé

1129 2623 21 20 le
1162 2623 49 20 rôle
1223 2624 32 19 du
1268 2627 67 20 corps
1348 2623 110 24 législatif
1471 2624 40 20 des
1523 2624 74 24 temps
1610 2629 40 15 mo-

1129 2648 88 22 dernes,
1233 2648 39 24 qui
1287 2651 35 17 est
1338 2648 22 20 le
1373 2649 132 23 promoteur
1521 2649 31 20 du
1568 2648 93 25 progrès

1127 2674 24 19 et
1172 2673 42 20 des
1234 2673 154 22 découvertes,
1407 2674 23 20 le
1449 2673 132 21 contrôleur
1599 2674 61 20 avisé

1129 2698 40 19 des
1180 2698 117 20 nouvelles
1308 2698 86 20 formes
1405 2699 30 20 de
1447 2698 101 21 l'avidité
1560 2700 23 19 et
1596 2699 29 20 de
1637 2699 23 20 îa

1129 2722 107 23 tyrannie
1253 2723 40 23 qui
1309 2724 100 22 peuvent
1424 2723 77 20 naître
1518 2724 29 19 de
1565 2727 37 17 ces
1619 2723 29 20 dé-

1128 2748 118 19 couvertes
1256 2751 25 17 et
1295 2748 39 23 qui
1347 2748 94 20 doivent
1455 2748 49 19 être
1518 2748 142 21 combattues

1130 2776 29 16 au
1176 2776 84 19 moyen
1276 2772 30 20 de
1321 2777 67 19 sages
1404 2773 149 20 restrictions.

1154 2797 32 19 M.
1203 2796 91 20 Hoover
1311 2801 15 16 a
1345 2797 78 23 ajouté
1441 2802 44 19 que
1500 2797 110 21 l'histoire
1628 2799 32 20 du

1128 2821 75 20 Brésil
1213 2825 24 17 et
1249 2822 41 21 des
1302 2822 137 20 Etats-Unis
1450 2826 94 20 marque
1557 2827 45 16 une
1612 2823 36 19 sui-

1129 2846 23 20 te
1163 2846 182 24 ininterrompue
1358 2851 48 15 non
1418 2847 128 20 seulement
1558 2847 29 21 de
1600 2847 61 24 îVix,

1128 2871 59 20 mais
1200 2872 30 19 de
1243 2871 76 20 bonne
1329 2871 93 20 volonté
1435 2873 24 19 et
1472 2872 74 20 d'aide
1560 2872 87 21 mutuel-

1128 2896 28 22 le,
1169 2900 26 16 ce
1208 2895 39 24 qui
1261 2895 58 21 était
1332 2895 55 24 déjà
1401 2900 47 17 une
1463 2897 112 20 tradition
1588 2898 24 20 et
1628 2902 32 16 un

1129 2920 47 20 lien
1190 2920 108 24 précieux
1314 2921 65 20 entre
1394 2921 33 21 les
1440 2921 60 21 deux
1515 2926 63 20 pays.

1153 2951 32 20 Le
1200 2951 103 21 discours
1321 2952 30 19 de
1370 2952 32 19 M.
1422 2951 90 21 Hoover
1530 2956 14 15 a
1557 2952 44 20 -été
1620 2957 27 16 ac-

1129 2976 76 20 cueilli
1229 2981 44 19 par
1299 2976 41 20 des
1365 2976 228 23 applaudissements.
1618 2977 42 21 Les

1129 3001 103 20 tribunes
1249 3001 88 20 étaient
1354 3001 100 20 bondées
1469 3003 30 19 de
1516 3003 132 23 personnali-

1128 3025 37 20 tés
1177 3026 33 20 du
1226 3030 68 20 corps
1308 3025 164 25 diplomatique
1489 3028 25 19 et
1529 3027 30 20 de
1574 3027 87 21 dames.

1128 3060 27 5 —
1167 3050 84 21 Havas.

1708 1887 63 20 Voici
1780 1887 33 20 les
1821 1892 67 15 cours
1896 1887 115 23 pratiqués
2020 1892 29 16 au
2058 1888 95 20 Marché
2162 1893 45 15 aux

1684 1912 112 21 Poissons,
1807 1912 85 20 durant
1906 1911 23 20 la
1943 1916 101 17 semaine
2056 1913 31 20 du
2101 1913 24 20 17
2139 1917 31 17 au
2182 1913 25 19 22

1682 1937 91 20 écoulée
1790 1941 6 15 :

1712 1962 137 20 Marsouins,
1859 1962 22 20 ie
1892 1959 53 25 kflo,
1955 1962 29 20 de
1995 1962 24 20 15
2030 1962 13 20 à
2055 1963 25 19 18
2090 1962 43 22 frs:
2146 1961 64 21 soles.

1684 1987 25 19 25
1723 1987 14 20 à
1753 1987 35 21 35:
1805 1987 95 20 turbots.
1912 1986 26 19 20
1954 1986 14 20 à
1983 1987 35 20 32:
2034 1987 103 21 barbues.
2153 1988 24 19 15
2194 1986 14 20 â

1683 2012 35 20 22:
1737 2012 98 22 rougets.
1849 2012 25 19 13
1887 2011 14 20 à
1916 2011 34 21 16:
1966 2011 122 21 St-Pierre.
2103 2012 24 19 14
2140 2011 14 20 à
2172 2012 33 21 16:

1684 2037 132 20 cabillauds.
1829 2037 24 19 14
1863 2036 14 20 à
1889 2036 34 19 24:
1935 2040 101 19 congres.
2046 2037 24 19 12
2081 2036 15 20 à
2107 2037 31 19 16.
2147 2040 49 17 mer-

1684 2061 85 22 luches,
1783 2062 24 19 10
1823 2061 14 20 à
1851 2061 33 20 IB:
1900 2060 78 22 colins.
1991 2061 25 19 10
2028 2061 14 19 à
2057 2061 33 21 14;
2105 2060 103 24 églefins.

1683 2087 13 19 5
1709 2086 15 20 à
1737 2087 35 20 14;
1789 2086 61 20 raies
1863 2090 22 15 er
1900 2085 79 21 flottes
1994 2089 47 16 non
2054 2085 127 24 épluchées.
2195 2085 13 19 5

1684 2111 14 20 à
1712 2112 34 19 10:
1760 2111 102 20 dorades.
1875 2111 12 19 6
1895 2108 16 21 à
1922 2110 21 21 8:
1956 2109 107 23 merlans,
2072 2111 13 19 4
2097 2110 14 20 à
2122 2111 22 22 6;
2159 2109 49 24 gol-

1685 2136 39 20 les.
1737 2136 24 19 12
1774 2135 15 20 à
1802 2136 33 20 15:
1851 2135 62 24 plies.
1926 2135 13 19 5
1949 2134 15 20 à
1979 2135 34 21 12:
2026 2135 68 22 vives,
2108 2135 23 19 12
2146 2134 13 20 à
2174 2134 32 22 13;

1684 2161 99 23 harengs
1799 2160 65 21 frais,
1878 2160 12 19 5
1905 2159 15 20 à
1934 2160 22 21 6;
1973 2159 119 21 émisolles.
2109 2160 12 19 9
2139 2159 14 20 à
2172 2159 34 21 10:

1684 2185 111 25 éperlans.
1807 2186 13 18 7
1834 2185 15 20 à
1860 2185 22 23 8;
1895 2188 108 16 saumons
2017 2183 81 22 fumés.
2109 2184 26 20 35
2149 2183 14 21 à
2177 2183 31 20 50.

1127 3134 174 31 EXPLOSION
1321 3134 62 31 SUR
1397 3134 44 31 UN
1462 3134 199 31 SOUS-MARIN

1154 3207 91 24 Naples.
1259 3207 26 19 22
1299 3206 125 21 décembre.
1438 3217 28 5 —
1478 3208 41 20 Cet
1535 3207 112 24 après-mi-

1128 3232 31 23 di,
1177 3237 46 16 une
1241 3232 117 24 explosion
1373 3233 55 19 s'est
1446 3233 105 23 produite
1570 3232 14 20 à
1603 3233 57 20 bord

1127 3258 33 19 du
1178 3257 144 20 sous-marin
1343 3265 6 7 <
1371 3257 28 19 H.
1419 3257 30 19 2.*
1471 3257 105 24 pendant
1591 3258 69 23 qu'on

1127 3282 118 23 procédait
1264 3287 30 15 au
1312 3282 149 24 chargement
1476 3283 57 19 d'un
1551 3278 108 25 accuifti-

1128 3308 82 19 lateur.

1152 3332 68 19 Deux
1232 3332 103 21 officiers
1351 3331 121 22 mariniers
1488 3333 42 19 ont
1543 3331 37 21 été
1596 3332 61 23 tués;

1128 3360 33 16 un
1176 3358 67 18 autre
1257 3361 15 15 a
1285 3356 37 20 été
1337 3356 79 20 blessé.

1153 3381 47 19 Par
1212 3381 60 21 suite
1285 3382 30 20 de
1327 3382 140 23 l'explosion,
1480 3386 33 16 un
1527 3381 105 22 incendie
1644 3387 15 16 a

1127 3405 84 23 éclaté;
1224 3406 18 20 il
1252 3410 15 16 a
1276 3406 38 20 été
1325 3406 103 21 maîtrisé
1438 3407 60 20 dans
1509 3406 22 21 la
1543 3407 79 20 soirée.
1632 3417 27 5 —

1127 3430 85 20 Havas.

1735 2282 14 14 #
1788 2263 38 27 AU
1845 2256 100 34 SÉNAT
1959 2262 148 32 FRANÇAIS

1789 2330 43 21 (De
1841 2329 67 20 notre
1919 2328 187 24 correspondant)

1708 2360 72 23 Paris,
1787 2360 26 19 22
1822 2359 124 21 décembre.
1960 2367 23 4 —
2001 2359 55 19 (Par
2070 2358 125 24 téléphone.

1685 2395 26 5 —
1731 2386 37 19 Au
1786 2389 67 16 cours
1874 2384 39 20 des
1933 2384 59 20 deux
2009 2383 94 20 séances
2123 2383 54 24 qu'il
2197 2387 14 15 a

1685 2410 80 20 tenues
1778 2409 95 20 samedi,
1887 2409 21 19 le
1921 2408 72 20 Sénat
2007 2413 15 14 a
2037 2408 53 20 voté
2105 2408 32 20 les
2152 2408 46 20 bud-

1684 2436 49 22 gets
1757 2435 28 20 de
1809 2433 163 24 l'Agriculture,
1991 2433 29 20 de
2039 2433 56 20 l'Air
2118 2435 24 18 et
2171 2432 40 21 des

1684 2459 100 20 Affaires
1800 2458 138 23 étrangères.

1710 2485 35 19 En
1758 2488 27 15 ce
1799 2484 39 23 qui
1852 2487 110 16 concerne
1974 2487 27 15 ce
2014 2482 97 21 dernier.
2124 2483 31 19 M.
2168 2482 29 20 Le

1684 2513 63 19 mery
1767 2513 14 15 a
1802 2508 44 20 fait
1867 2511 131 20 remarquer
2016 2507 53 24 qp'il
2087 2507 63 20 avait
2170 2507 28 20 de-

1683 2532 85 21 mandé
1781 2533 15 20 à
1809 2532 131 24 interpeller
1953 2532 21 20 le
1988 2533 177 22 gouvernement
2172 2537 39 15 sur

1683 2558 21 20 le
1717 2558 68 23 pacte
1798 2557 96 24 Kellogg
1909 2557 24 19 et
1945 2557 98 20 l'accord
2057 2557 70 20 naval
2143 2557 54 20 fran-

1684 2582 192 23 co-britannique.

1708 2608 32 19 M.
1750 2607 95 20 Briand.
1856 2606 103 21 ministre
1972 2606 40 20 des
2023 2606 101 20 Affaires
2130 2606 67 21 étran-

1684 2631 70 24 gères,
1773 2631 32 20 lui
1825 2636 14 15 a
1859 2631 84 24 promis
1961 2636 44 18 que
2020 2631 22 20 le
2061 2631 69 20 débat
2145 2632 53 19 vien-

1683 2657 62 19 drait
1761 2656 59 20 dans
1840 2656 105 24 quelques
1964 2656 70 23 jours,
2051 2659 23 17 et
2093 2656 116 20 l'incident

1684 2686 15 15 a
1712 2681 37 20 été
1764 2681 53 20 clos.

1709 2706 32 19 M.
1752 2706 191 23 Laurent-Eyn2c
1956 2710 14 15 a
1983 2705 52 23 fait,
2049 2705 14 20 à
2076 2710 83 19 propos
2172 2706 39 20 des

1683 2730 84 20 crédits
1787 2731 28 19 de
1838 2735 42 15 son
1903 2729 124 23 ministère,
2046 2735 33 15 un
2109 2730 101 21 discours

1684 2755 59 20 dans
1754 2755 73 24 lequel
1839 2755 17 19 il
1869 2760 14 14 a
1897 2755 92 24 indiqué
2000 2759 43 16 son
2055 2755 116 20 intention
2183 2756 27 20 de

1683 2779 96 21 rénover
1796 2780 118 20 l'aviation
1934 2780 122 23 française.

1736 2868 234 27 L'EX-MINISTRE
2000 2868 162 27 HONGROIS

1885 2903 121 33 ARRÊTÉ

1215 3507 124 30 GEORGE
1358 3507 23 30 V
1401 3507 45 31 VA
1465 3507 103 32 MIEUX

1151 3582 109 22 Londres.
1275 3582 26 20 23
1314 3582 125 21 décembre.
1452 3593 29 5 —
1493 3583 32 21 Le
1540 3591 8 7 -
1562 3583 95 24 Sunday

1125 3607 78 21 Times
1220 3615 8 10 ■
1265 3607 37 20 dit
1319 3612 50 19 que,
1389 3608 54 20 tard
1460 3608 59 20 dans
1537 3608 23 20 ïa
1577 3608 80 23 soirée,

1125 3632 66 20 l'état
1210 3632 32 20 du
1257 3633 36 19 roi
1313 3632 89 24 George
1419 3637 31 16 ne
1469 3632 128 24 présentait
1613 3637 31 16 au-

1127 3660 46 17 cun
1186 3656 155 24 changement
1356 3657 99 20 notable.

1151 3681 31 20 Le
1215 3681 137 20 traitement
1370 3681 201 25 radiothérapique
1594 3687 15 15 a
1629 3682 28 21 de

1125 3709 107 17 nouveau
1244 3706 37 19 été
1292 3706 107 24 appliqué
1411 3710 44 19 par
1465 3707 34 19 les
1509 3706 148 24 spécialistes.

1152 3730 43 20 Les
1208 3730 117 21 médecins
1341 3731 32 20 du
1385 3731 36 20 roi
1436 3733 43 18 ont
1494 3736 28 16 eu
1540 3736 45 16 une
1601 3736 45 16 con-

1126 3754 113 21 sultation
1250 3755 39 24 qui
1301 3760 16 15 a
1326 3754 58 21 duré
1394 3760 47 15 une
1453 3755 78 21 heure.
1542 3756 32 20 M.
1586 3756 60 20 Stan-

1127 3779 37 23 ley
1180 3779 91 20 Hewett
1283 3784 67 19 passe
1363 3784 83 17 encore
1461 3780 26 20 la
1499 3780 53 21 nuit
1567 3785 32 17 au
1614 3785 32 20 pa-

1126 3803 50 21 lais.
1193 3813 28 5 —
1237 3805 94 20 Reuter.

1708 2973 94 19 Anvers.
1813 2972 26 19 22
1854 2971 124 21 décembre.
1989 2982 28 5 —
2027 2971 20 21 Il
2060 2976 15 20 y
2087 2976 15 15 a
2115 2971 95 24 quelque

1683 2996 63 24 jours
1762 3001 58 15 nous
1838 3001 72 15 avons
1926 2997 33 19 dit
1978 3001 43 19 que
2037 2997 24 19 la
2077 2996 71 24 police
2165 3000 31 16 an-

1683 3021 97 20 versoise
1796 3022 64 19 avait
1877 3021 75 20 arrêté
1969 3022 14 20 à
2000 3021 24 20 la
2042 3022 112 19 demande
2178 3021 30 20 du

1683 3047 177 22 gouvernement
1864 3044 126 25 "hongrois,
2005 3051 33 15 un
2057 3046 32 20 M.
2104 3046 29 20 de
2150 3047 58 19 Bar-

1684 3071 48 21 tha.
1749 3071 39 24 qui
1806 3070 75 21 s'était
1899 3071 70 20 établi
1987 3071 29 20 ici
2035 3075 88 16 comme
2140 3072 70 22 agent

1683 3095 150 21 commercial.

1709 3121 32 20 Ce
1751 3121 32 19 M.
1794 3121 29 19 de
1833 3120 88 20 Bartha
1933 3125 14 15 a
1956 3120 37 20 été
2004 3120 105 21 ministre
2119 3121 28 20 de
2154 3120 43 20 l'In-

1682 3144 85 21 térieur
1784 3145 59 20 dans
1861 3145 22 20 le
1903 3145 92 20 cabinet
2014 3146 31 20 du
2065 3146 74 20 comte
2158 3145 50 20 Ka-

1682 3170 63 23 rolyi.

1708 3195 20 19 Il
1742 3194 97 24 prétend
1854 3194 48 21 être
1914 3195 91 20 victime
2020 3195 133 24 d'intrigues
2166 3199 30 20 po-

1682 3219 91 23 litiques
1788 3220 24 19 et
1827 3224 43 19 que
1885 3220 147 20 l'accusation
2049 3220 160 24 d'escroquerie

1682 3244 57 20 n'est
1752 3244 70 23 qu'un
1835 3243 110 25 prétexte,
1958 3244 93 21 inventé
2062 3249 43 19 par
2118 3245 21 20 le
2152 3249 44 19 gou-

1682 3271 132 18 vernement
1829 3269 75 20 actuel
1919 3274 58 18 pour
1991 3270 123 23 s'emparer
2128 3270 28 20 de
2170 3270 38 19 lui.

1706 3293 21 20 Il
1741 3294 77 19 aurait
1829 3293 68 20 mené
1910 3298 46 15 une
1968 3294 99 20 violente
2080 3294 127 24 opposition

1681 3318 80 20 contre
1779 3319 32 19 M.
1830 3318 97 24 Horthy.
1945 3318 22 21 le
1982 3319 117 23 président
2118 3315 33 24 diî
2168 3323 27 16 ca-

1680 3342 65 20 binet
1761 3343 76 20 actuel
1852 3344 24 19 et
1891 3343 77 20 aurait
1984 3344 31 20 dû
2031 3349 25 16 se
2070 3344 100 23 réfugier
2192 3344 15 19 à

1680 3368 88 19 Anvers
1780 3372 58 19 pour
1850 3367 114 25 échapper
1974 3368 15 20 à
2002 3369 25 19 la
2038 3373 129 20 vengeance
2179 3369 29 20 de

1680 3391 99 21 celui-ci.

1775 3472 143 31 MESURES
1937 3473 177 31 MARITIMES

1705 3535 108 21 Londres.
1824 3536 26 19 23
1861 3535 124 21 décembre.
1997 3546 28 4 —
2036 3536 38 20 On
2085 3536 84 21 mande
2179 3536 29 21 de

1679 3560 65 20 New-
1746 3560 62 20 York
1820 3565 31 15 au
1867 3567 9 10 ■
1889 3560 95 24 Sunday
1999 3561 78 20 Times
2091 3565 35 18 ^**:

1705 3585 22 19 Il
1740 3586 35 18 est
1792 3585 108 22 probable
1915 3589 44 19 que
1974 3586 34 20 les
2024 3586 143 20 conclusions
2182 3586 24 20 et

1679 3610 224 19 recommandations
1911 3613 125 17 contenues
2047 3611 60 19 dans
2118 3610 22 21 îe
2152 3615 43 19 rap-

1679 3635 53 22 port
1740 3647 3 4 .
1748 3634 89 20 officiel
1853 3639 42 16 sur
1912 3634 113 24 l'enquête
2045 3635 31 20 du
2094 3635 113 23 naufrage

1681 3663 30 16 ou
1732 3667 9 8 «
1757 3659 88 20 Vestris
1862 3667 10 9 »
1886 3660 57 19 vont
1959 3660 89 20 donner
2063 3660 46 20 lieu
2125 3659 15 20 à
2155 3660 40 20 l'In-

1679 3684 131 19 troduction
1821 3684 68 20 d'une
1897 3684 104 20 nouvelle
2012 3684 128 23 législation
2151 3688 43 16 con-

1680 3709 97 19 cernant
1788 3708 32 20 les
1828 3708 91 20 navires
1929 3709 29 19 de
1967 3708 150 21 nationalités
2127 3708 68 21 étran-

1679 3732 64 23 gères
1755 3733 38 23 qui
1804 3733 54 20 font
1868 3733 74 20 escale
1953 3733 58 20 dans
2023 3734 33 19 les
2067 3736 64 21 ports
2143 3732 51 21 amé-

1679 3757 86 20 ricains
1781 3758 24 20 et
1818 3762 45 19 que
1881 3762 37 15 ces
1933 3758 91 20 navires
2041 3759 85 19 seront,
2140 3758 54 20 doré-

1678 3782 96 20 navant,
1787 3782 86 20 soumis
1886 3781 15 21 à
1914 3781 143 24 l'inspection
2069 3783 138 20 minutieuse

1682 3807 39 19 des
1736 3806 119 21 autorités.
1873 3816 28 5 —
1916 3807 93 20 Reuter.

2228 133 98 62 UN
2356 132 395 63 CADAVRE

2344 220 291 48 INCONNU

2250 330 43 30 UN
2313 329 118 31 HOMME
2451 328 55 31 EST
2526 322 119 36 ÉCRASÉ
2664 328 65 30 PAR

2417 374 36 31 LE
2472 374 92 30 TRAM

2225 453 42 31 ON
2288 453 40 30 NE
2343 452 131 31 TROUVE
2487 451 61 31 SUR
2561 451 51 31 LUI
2626 450 129 32 AUCUNE

2349 493 86 35 PIÈCE
2455 491 176 37 D'IDENTITÉ

2254 561 55 20 Hier
2323 560 54 23 soir,
2391 565 33 15 un
2437 561 94 23 passant
2549 559 99 23 longeait
2665 558 23 21 la
2704 558 50 20 voie

2228 587 30 20 du
2277 590 61 16 tram
2355 589 87 16 avenue
2458 585 29 20 de
2501 584 111 20 Vilvorde.
2627 583 96 24 lorsque,
2739 582 14 21 à

2227 611 99 20 hauteur
2340 610 32 20 du
2387 609 82 24 Marly.
2485 613 45 16 aux
2545 609 90 20 confins
2650 609 28 19 de
2694 608 47 19 Bru-

2227 636 70 20 xelles
2311 639 22 17 et
2351 635 29 20 de
2397 628 149 28 Schaerbeek,
2563 633 17 20 il
2596 634 37 19 fut
2649 632 104 21 renversé

2229 665 42 19 par
2287 665 32 15 un
2334 663 61 17 tram
2408 660 28 20 de
2452 659 23 20 la
2491 659 60 23 ligne
2567 660 26 18 n°
2610 658 32 23 53,
2657 662 25 16 se
2697 657 44 20 diri-

2228 688 70 21 geant
2313 689 50 16 vers
2378 684 111 20 Vilvorde.

2254 709 142 21 L'infortuné
2408 709 36 20 fut
2460 707 74 22 relevé
2563 712 55 16 sans
2648 706 94 21 connais-

2227 739 76 16 sance,
2318 736 131 22 gravement
2465 733 72 20 blessé
2551 732 15 20 à
2578 733 24 19 la
2616 731 47 22 tête
2677 735 24 17 et
2715 736 40 16 sur

2228 759 20 20 îe
2263 764 71 19 corps.
2347 759 21 20 H
2381 764 14 15 a
2410 758 37 20 été
2462 756 129 25 transporté
2606 758 119 22 d'urgence
2739 756 15 20 à

2229 784 103 24 l'hôpital
2347 784 30 20 de
2394 783 142 20 Schaerbeek
2552 781 36 23 où,
2602 781 86 24 malgré
2704 784 51 17 tous

2229 809 33 21 les
2275 809 69 21 soins,
2359 809 16 19 il
2389 813 14 15 a
2416 807 141 21 succuorabé.

2254 835 82 18 Aucun
2350 833 80 24 papier
2443 831 118 22 d'identité
2574 832 37 20 n'a
2627 831 36 21 été
2676 830 80 21 trouvé

2228 859 59 19 dans
2301 858 32 20 les
2349 858 83 24 poches
2448 858 29 20 de
2493 856 138 21 l'accidenté.
2664 856 37 19 On
2717 856 37 19 n'a

2229 883 119 20 découvert
2364 882 68 24 qu'un
2446 886 106 16 morceau
2564 882 29 19 de
2608 881 79 24 papier
2701 885 42 19 por-

2230 909 52 19 tant
2295 908 150 23 l'inscription
2456 907 106 20 suivante
2580 910 6 15 :

2254 933 31 19 M.
2306 933 62 19 P.-L.
2388 932 106 23 Kefford,
2516 931 32 22 78,
2566 931 93 20 Bifrons
2677 930 78 20 street.

2229 957 101 24 Barking
2343 957 75 19 Essex.

2255 982 63 20 Voici
2332 982 21 20 le
2366 981 152 24 signalement
2533 981 32 20 du
2580 979 81 21 défunt
2680 984 6 15 :
2701 979 26 20 50
2741 978 15 21 à

2228 1007 26 20 55
2280 1011 49 16 ans.
2356 1006 100 20 cheveux
2476 1005 106 20 châtains
2603 1005 153 23 grisonnants,

2229 1031 94 21 sourcils
2345 1031 106 20 châtains
2471 1030 48 20 très
2536 1030 96 22 fournis,
2651 1028 105 21 imberbe,

2230 1061 59 19 yeux
2304 1056 70 23 bleus,
2391 1056 64 19 front
2469 1054 47 21 très
2532 1055 90 23 fuyant,
2637 1058 44 16 nez
2697 1054 59 19 droit

2230 1086 53 15 avec
2295 1081 71 24 petite
2379 1080 79 21 saillie,
2472 1079 87 20 bouche
2572 1079 78 23 petite,
2662 1080 95 19 menton

2228 1106 58 19 rond
2308 1106 59 20 teint
2381 1105 58 24 pâle,
2450 1105 78 23 visage
2541 1104 71 21 ovale,
2623 1103 133 24 corpulence

2230 1131 67 21 forte,
2313 1130 63 20 taille
2395 1130 11 19 1
2423 1134 30 15 m.
2470 1129 34 23 70;
2523 1132 65 20 porte
2601 1133 41 15 sur
2658 1128 98 20 lavant-

2229 1155 53 20 bras
2299 1155 88 23 gauche
2404 1155 40 20 des
2461 1155 118 22 tatouages
2597 1152 159 24 représentant

2231 1185 32 15 un
2275 1180 80 20 voilier
2365 1181 146 18 surmontant
2524 1182 45 16 une
2582 1178 134 20 inscrin-i>n
2728 1176 17 19 il-

2228 1204 73 22 lisible
2318 1207 22 18 et
2357 1209 40 15 sur
2415 1204 29 20 l*a
2445 1205 55 19 vant
2503 1204 64 19 -bras
2584 1203 60 20 droit
2662 1207 33 15 un
2711 1206 31 16 an-

2229 1234 44 15 cre,
2287 1234 45 15 une
2348 1229 62 20 croix
2423 1232 23 17 et
2459 1233 32 15 un
2503 1232 70 16 cœur.

2257 1254 44 20 Ces
2317 1255 118 22 tatouages
2450 1257 23 17 et
2489 1253 23 20 îe
2529 1252 63 21 billet
2610 1251 90 21 trouvés
2718 1256 39 16 sur

2230 1279 33 20 lui
2275 1279 51 19 font
2337 1283 110 19 supposer
2457 1279 67 22 qu'on
2535 1282 26 15 se
2572 1281 80 16 trouve
2664 1281 29 16 en
2704 1276 41 24 pré-

2230 1308 66 15 sence
2308 1304 55 19 d'un
2375 1303 95 20 batelier
2481 1307 29 16 ou
2521 1302 55 22 û*vjx
2587 1306 76 16 inarm
2674 1302 28 19 de
2713 1305 31 15 na-

2231 1328 103 21 tionalité
2346 1328 107 24 anglaise.
2467 1337 29 5 —
2506 1328 29 19 D.

2254 1394 35 27 LA
2316 1387 174 34 PROPRIÉTÉ
2514 1391 225 29 COMMERCIALE

2256 1463 62 19 Nous
2333 1466 71 16 avons
2416 1461 34 20 dit
2463 1466 43 18 que
2521 1461 31 19 M.
2566 1461 95 20 Janson.
2675 1459 69 20 minis-

2233 1488 35 19 tre
2281 1488 28 19 de
2323 1487 22 20 la
2361 1486 93 21 Justice,
2470 1486 62 19 avait
2547 1485 83 23 déposé
2642 1483 113 21 vendredi,

2233 1516 40 16 sur
2287 1511 21 20 le
2323 1511 86 20 bureau
2424 1511 28 19 de
2466 1510 23 20 la
2503 1510 121 20 Chambre,
2637 1514 33 15 un
2684 1508 74 24 projet

2232 1536 78 20 relatif
2320 1536 15 20 à
2345 1536 22 20 îa
2378 1535 114 24 propriété
2503 1533 163 21 commerciale.

2261 1561 32 20 Ce
2313 1560 75 24 projet
2409 1564 31 16 ne
2459 1558 172 24 s'appliquerait
2647 1561 42 20 pas
2710 1560 46 16 aux

2233 1585 60 20 baux
2308 1590 30 15 en
2353 1589 71 16 cours.
2454 1584 20 20 Il
2490 1584 55 19 tend
2561 1583 14 20 à
2591 1582 92 24 réputer
2711 1585 48 16 non

2232 1610 69 21 écrite
2320 1609 22 20 la
2360 1609 77 20 clause
2454 1608 132 21 résolutoire
2607 1610 110 20 expresse.
2736 1605 20 20 Il

2231 1634 100 21 autorise
2340 1634 21 20 le
2371 1638 98 19 preneur
2481 1633 66 20 d'une
2557 1632 89 20 maison
2656 1632 28 19 de
2694 1634 51 17 com

2233 1664 75 15 merce
2321 1658 15 20 à
2350 1659 58 19 faire
2421 1661 52 17 tous
2485 1658 97 19 travaux
2594 1655 137 21 nécessaires
2744 1655 15 18 â

2233 1688 36 15 ses
2289 1683 102 20 affaires,
2408 1682 14 20 à
2443 1682 22 20 la
2484 1681 116 20 condition
2618 1680 29 20 de
2666 1683 30 16 ne
2715 1683 42 20 pas

2234 1709 176 22 compromettre
2424 1707 21 19 le
2458 1710 52 19 gros
2523 1710 76 15 œuvre
2615 1705 30 20 et.
2658 1708 52 16 sous
2722 1703 26 19 ré-

2232 1737 70 16 serve,
2318 1732 52 20 d'en
2384 1731 86 20 avertir
2484 1730 21 20 le
2521 1729 155 24 propriétaire.

2259 1757 31 19 Le
2306 1756 108 20 locataire
2430 1756 35 19 est
2478 1755 62 22 tenu,
2554 1754 53 20 sauf
2622 1752 137 21 convention

2234 1781 121 20 contraire,
2372 1781 29 19 de
2420 1780 109 19 remettre
2548 1779 32 19 les
2600 1778 80 19 locaux
2700 1777 58 20 dans

2233 1806 49 20 leur
2292 1805 47 20 état
2352 1804 105 20 urimitif.
2468 1804 89 22 lorsque
2568 1803 74 20 arrive
2654 1803 92 21 l'expira

2234 1831 49 19 tion
2297 1830 31 20 du
2340 1829 54 21 bail,
2406 1829 14 19 à
2435 1828 75 20 meins
2523 1832 42 19 que
2578 1827 21 20 le
2610 1826 149 24 propriétaire

2232 1859 29 15 ne
2273 1854 72 20 désire
2356 1853 125 20 maintenir
2492 1852 33 20 les
2535 1855 97 17 travaux
2641 1850 116 22 effectués,

2232 1879 83 23 auquel
2329 1883 39 15 cas
2381 1878 16 19 il
2412 1881 34 16 est
2462 1878 56 18 tenu
2533 1876 52 20 d'en
2599 1875 160 22 dédommager

2235 1903 21 20 le
2267 1903 115 22 locataire,
2392 1902 14 20 à
2418 1905 152 17 concurrence
2582 1901 28 19 de
2622 1900 23 20 la
2656 1900 51 23 plus
2718 1904 29 14 va

2233 1928 37 20 lue
2285 1927 89 20 donné?
2389 1926 14 20 à
2418 1925 136 21 l'immeuble
2570 1927 24 18 et
2610 1929 29 16 en
2653 1924 104 19 donnant

2232 1952 146 20 notification
2394 1951 29 20 de
2439 1955 43 15 son
2499 1949 115 20 intention
2630 1948 56 20 trois
2701 1948 57 20 mois

2232 1977 72 19 avant
2319 1968 22 28 là
2357 1976 35 19 :"in
2410 1975 31 20 du
2458 1974 53 20 bail.

2259 2001 31 20 Le
2301 1999 108 21 locataire
2422 2003 58 16 aura
2492 1998 22 20 le
2526 1997 61 21 droit
2600 1997 28 21 de
2639 1997 66 20 céder
2718 2001 29 14 st

2233 2025 46 20 bail
2297 2029 30 16 ou
2343 2025 28 19 de
2388 2023 129 21 sous-ïouer
2533 2023 20 19 si
2570 2023 21 19 le
2606 2021 153 20 cessionnaire

2232 2054 30 15 ou
2277 2049 21 20 le
2313 2048 174 21 sous-locataire
2499 2047 98 23 reprend
2609 2046 23 20 îe
2646 2046 69 20 fonds
2730 2045 28 19 de

2234 2078 132 16 commerce.
2387 2073 68 20 Cette
2471 2072 89 19 cession
2579 2071 49 20 doit
2648 2070 108 20 toutefois

2232 2098 49 20 étre
2298 2097 95 21 notifiée
2409 2101 31 16 au
2457 2096 156 24 propriétaire,
2627 2096 24 19 et
2666 2094 92 21 celui-ci

2233 2124 61 22 peut,
2306 2122 35 20 s'il
2353 2127 14 14 a
2380 2122 39 20 des
2430 2121 80 20 motifs
2521 2125 93 19 graves/
2618 2120 59 19 faire
2687 2123 60 19 oppo-

2233 2148 69 19 sition
2320 2147 58 20 dans
2393 2146 33 20 les
2439 2146 76 19 trente
2533 2145 68 23 jours.
2617 2144 65 19 Dans
2698 2145 60 18 cette

2237 2170 141 21 éventualité
2398 2170 22 20 le
2440 2169 100 24 premier
2559 2169 63 23 peut,
2642 2168 59 20 dans
2722 2167 33 19 les

2233 2196 51 20 huit
2297 2196 70 23 jours,
2379 2194 125 21 demander
2516 2199 31 15 au
2557 2193 101 20 tribunal
2669 2193 29 20 de
2709 2195 37 17 sta-

2234 2221 57 20 tuer.
2302 2221 64 19 Dans
2377 2219 22 20 le
2409 2218 75 21 même
2494 2217 60 21 délai
2565 2218 29 20 de
2603 2218 76 19 trente
2689 2217 69 23 jours,

2234 2245 20 20 le
2272 2244 96 20 bailleur
2385 2245 55 22 peut
2458 2242 125 21 demander
2599 2246 44 20 que
2660 2241 21 20 le
2697 2241 62 23 loyer

2233 2269 44 20 soit
2288 2268 124 24 augmenté
2422 2267 15 20 à
2447 2271 151 16 concurrence
2608 2267 29 19 de
2647 2266 24 20 la
2681 2265 79 21 valeur

2234 2294 102 19 locative.

2258 2318 31 20 Le
2306 2318 75 24 projet
2400 2316 46 21 fixe
2463 2316 89 20 ensuite
2569 2320 46 15 une
2632 2314 126 20 indemnité

2234 2343 44 20 due
2289 2347 43 19 par
2343 2342 21 20 le
2377 2341 148 25 propriétaire
2537 2345 31 16 au
2579 2339 109 21 locataire
2700 2339 58 19 dans

2233 2367 21 20 le
2270 2371 40 15 cas
2326 2366 37 21 où.
2382 2366 14 20 à
2416 2365 143 24 l'expiration
2578 2365 31 20 du
2626 2364 54 22 bail,
2698 2363 48 20 l'im-

2235 2391 90 20 meuble
2344 2395 31 16 ou
2394 2390 74 24 partie
2489 2388 144 21 d'immeuble
2652 2388 15 20 à
2688 2391 69 19 usage

2233 2415 144 21 commercial
2391 2414 114 20 viendrait
2520 2414 15 20 à
2548 2417 79 20 passer
2640 2413 15 20 à
2669 2417 33 16 un
2715 2417 30 15 au-

2233 2441 35 19 tre
2298 2440 109 20 locataire
2429 2444 5 14 :
2453 2439 20 20 si
2491 2439 22 19 le
2531 2438 82 20 nouvel
2645 2438 111 22 occupant

2235 2469 78 16 exerce
2331 2464 21 20 le
2368 2464 75 19 même
2463 2466 133 17 commerce,
2615 2461 141 20 l'indemnité

2233 2489 130 24 représente
2377 2488 23 20 la
2413 2487 130 25 plus-\'2alue
2556 2486 88 20 donnée
2656 2491 30 15 au
2699 2485 52 21 bien

2233 2515 59 19 mais
2304 2514 60 20 dans
2376 2513 24 20 la
2411 2517 90 16 mesure
2511 2512 30 19 où
2553 2512 22 20 le
2588 2511 82 20 nouvel
2682 2510 74 20 arrivé

2233 2543 30 15 en
2277 2538 118 20 bénéficie.
2412 2538 66 19 Cette
2493 2536 127 20 indemnité
2637 2537 56 21 peut
2709 2535 49 18 étre

2231 2562 61 21 fixée
2307 2562 239 20 contradictoirement
2564 2561 84 19 durant
2668 2558 89 21 l'année

2233 2588 39 23 qui
2283 2586 95 25 précède
2391 2585 144 25 l'expiration
2547 2585 31 20 du
2592 2584 52 20 bail.
2656 2584 43 19 Les
2711 2583 35 19 dif-

2232 2612 93 20 férends
2339 2612 78 19 seront
2431 2610 76 25 portés
2519 2610 86 20 devant
2620 2609 21 20 le
2656 2607 101 20 tribunal

2233 2637 28 20 de
2280 2640 132 16 commerce.
2444 2636 29 19 X.

2286 2706 40 26 UN
2345 2706 56 25 DRA
2406 2705 43 28 ME
2469 2705 38 25 DE
2526 2704 34 26 LA
2577 2701 129 29 PASSION

2336 2767 43 21 (De
2389 2766 67 20 notre
2468 2764 187 24 correspondant)

2257 2797 73 21 Paris.
2348 2797 26 19 22
2392 2796 125 21 décembre.
2534 2806 28 4 —
2581 2796 55 19 (Par
2656 2793 92 25 télépho-

2232 2825 46 18 ne.)
2293 2832 28 5 —
2332 2822 61 20 C'est
2404 2826 33 15 un
2450 2822 79 19 drame
2541 2820 29 21 de
2581 2820 23 19 la
2617 2819 92 24 passion
2720 2818 39 23 qui

2233 2853 14 15 a
2261 2847 37 20 été
2310 2846 91 24 évoqué,
2414 2845 98 21 samedi-
2517 2844 142 25 après-midi,
2674 2844 85 19 devant

2234 2873 21 19 la
2270 2873 62 19 Cour
2346 2871 103 20 d'assises
2462 2871 28 20 de
2504 2870 23 20 la
2541 2870 74 20 Seine.

2258 2897 20 20 H
2301 2897 68 23 s'agit
2390 2896 67 20 d'une
2481 2896 79 19 Russe.
2583 2895 64 19 Mme
2668 2892 89 24 Delory.

2233 2922 55 23 âgée
2301 2922 30 20 de
2344 2922 26 19 39
2386 2925 49 16 ans.
2449 2919 85 21 mariée
2549 2919 23 21 et
2586 2918 62 21 mère
2661 2918 29 21 de
2703 2917 56 20 trois

2232 2946 100 21 enfants,
2348 2946 39 24 qui
2401 2946 41 20 tua
2457 2949 43 16 son
2514 2944 53 21 ami.
2582 2944 129 20 lieutenant
2727 2942 30 20 du

2232 2970 72 25 génie,
2318 2975 30 16 en
2362 2971 66 22 stage
2443 2969 15 21 à
2472 2969 76 21 l'école
2563 2968 88 21 navale.

2257 2997 31 19 Le
2301 2996 127 20 lieutenant
2442 2995 83 20 Gosset
2538 2993 86 20 n'avait
2637 2997 43 19 pas
2693 2991 66 21 tardé

2232 3020 13 20 à
2258 3021 43 20 lier
2311 3020 164 20 connaissance
2487 3023 55 16 avec
2552 3019 63 19 Mme
2626 3017 83 24 Delory
2720 3016 38 24 qui

2231 3045 98 21 habitait
2342 3048 31 17 en
2384 3045 52 19 face
2448 3044 28 20 de
2489 3043 82 21 l'école.
2583 3043 43 19 Les
2638 3042 120 24 coupables

2232 3070 92 20 avaient
2345 3068 41 21 filé
2406 3069 102 24 pendant
2530 3067 106 24 quelques
2658 3066 58 20 mois
2737 3066 22 20 le

2231 3094 86 25 parfait
2331 3098 87 16 amour,
2428 3093 59 20 mais
2497 3093 22 20 le
2530 3093 69 23 jeune
2608 3092 93 19 homme
2713 3091 45 20 eut.

2231 3124 30 16 au
2275 3119 55 20 bout
2343 3119 29 20 de
2385 3118 106 24 quelques
2503 3117 65 23 mois,
2581 3121 63 16 assez
2657 3117 28 19 de
2697 3116 61 20 cette

2232 3144 80 20 liaison
2326 3145 24 18 et
2363 3143 93 23 signifia
2472 3147 15 15 a
2499 3143 95 23 rupture
2607 3141 15 20 à
2634 3145 43 16 son
2691 3141 66 19 amie.

2231 3170 32 19 Ce
2280 3169 79 20 furent
2377 3168 40 20 des
2434 3166 79 21 scènes
2531 3165 147 25 désespérées.
2698 3165 60 20 Mais

2231 3194 50 20 rien
2297 3198 30 15 ne
2342 3190 121 27 parvenait
2479 3192 14 20 à
2510 3191 105 21 ébranler
2631 3190 23 20 la
2670 3190 75 20 résolu-

2231 3219 49 19 tion
2296 3218 30 20 de
2342 3222 43 15 son
2400 3217 54 20 ami.
2469 3217 37 20 Au
2522 3220 67 16 cours
2606 3216 68 19 d'une
2690 3214 67 20 scène

2232 3243 104 20 violente,
2358 3242 24 20 la
2402 3242 93 23 femme,
2513 3241 40 24 qui
2573 3240 62 20 avait
2657 3239 101 24 apporté,

2231 3268 58 19 dans
2307 3272 42 15 son
2365 3271 46 17 sac,
2423 3265 26 22 "le
2466 3266 102 20 revolver
2585 3265 30 20 de
2631 3269 42 15 son
2692 3264 65 20 mari,

2232 3292 91 20 déclara
2340 3291 80 25 qu'elle
2438 3291 67 20 allait
2522 3295 25 15 se
2564 3290 53 20 tuer
2633 3291 25 19 et
2675 3289 44 21 mit
2737 3289 21 20 le

2230 3322 75 15 canon
2319 3317 28 19 de
2361 3317 77 20 l'arme
2450 3320 41 16 sur
2504 3320 27 15 sa
2545 3315 83 23 tempe.

2256 3342 67 21 Mais,
2338 3345 87 16 comme
2439 3340 22 20 le
2473 3340 69 24 jeune
2556 3339 93 20 homme
2662 3337 24 21 la
2701 3342 43 16 con

2232 3366 104 24 templait
2350 3370 54 15 avec
2417 3364 145 21 insouciance
2576 3365 25 19 et
2615 3368 46 16 une
2673 3363 73 20 certai

2232 3396 29 15 ne
2274 3390 150 25 philosophie,
2437 3389 43 21 elle
2492 3394 25 15 se
2532 3389 77 20 ravisa
2622 3389 26 20 et
2660 3388 45 20 tira
2719 3392 40 15 sur

2231 3416 38 20 lui.
2286 3416 31 20 Le
2334 3415 129 20 lieutenant
2480 3414 83 20 Gosset
2592 3413 85 22 tomba,
2704 3413 41 20 fou-

2231 3440 75 23 droyé.

2256 3465 32 20 La
2306 3463 135 22 meurtrière
2458 3463 80 21 rentra
2558 3463 55 20 chez
2633 3462 49 23 elle,
2701 3461 58 22 dîna

2231 3494 45 16 une
2292 3489 103 20 dernière
2413 3488 45 20 fois
2473 3492 54 16 avec
2544 3492 43 16 son
2603 3488 61 20 mari
2681 3487 25 20 et
2722 3491 36 16 ses

2230 3515 101 22 enfants,
2348 3514 52 24 puis
2416 3513 47 20 alla
2480 3517 26 16 se
2525 3512 126 20 constituer
2667 3511 78 25 prison-

2230 3539 69 20 nière.

2256 3565 20 19 A
2290 3563 131 23 l'audience,
2435 3563 65 20 Mme
2511 3562 85 23 Delory
2610 3561 99 24 apparut
2721 3561 25 20 ef-

2230 3588 101 21 fondrée,
2350 3587 153 24 sanglotante,
2520 3587 77 20 criant
2614 3591 37 16 ses
2671 3587 87 23 regrets

2231 3614 23 19 et
2269 3618 26 15 sa
2310 3613 101 22 douleur,
2427 3611 59 21 mais
2499 3616 55 16 sans
2568 3611 134 24 s'expliquer
2718 3615 40 15 sur

2231 3639 20 19 le
2264 3639 100 19 meurtre
2377 3636 125 21 lui-même.

2256 3663 61 20 C'est
2329 3666 29 16 en
2369 3661 54 20 vain
2437 3666 43 19 que
2492 3661 21 20 le
2524 3660 117 25 président
2651 3660 65 21 tente
2728 3660 29 20 de

2230 3687 106 24 pénétrer
2353 3686 59 20 dans
2430 3686 61 20 cette
2511 3685 131 21 conscience
2661 3686 24 19 et
2704 3685 53 20 d'en

2230 3711 90 21 obtenir
2335 3710 95 25 quelque
2446 3715 64 15 aveu.
2524 3710 21 20 H
2562 3710 111 21 n'obtient
2687 3710 69 23 qu'un

2230 3736 116 20 incessant
2365 3735 34 20 cri
2419 3735 28 20 de
2468 3734 96 21 douleur
2583 3734 121 24 qu'évoque
2721 3735 35 19 M'

2229 3761 131 23 Dessaigne,
2377 3764 43 16 son
2439 3759 128 24 défenseur,
2584 3763 59 21 pour
2659 3759 24 20 la
2701 3759 56 24 pitié

2230 3786 31 20 du
2272 3786 59 23 jury-

2255 3809 72 25 Après
2344 3809 118 20 l'audition
2482 3809 54 20 d'un
2555 3809 89 20 certain
2662 3808 95 20 nombre

2229 3835 28 20 de
2273 3834 105 22 témoins,
2393 3834 33 20 les
2441 3832 131 26 plaidoiries
2586 3835 25 19 et
2624 3833 22 20 le
2661 3833 83 24 réquisi-

2230 3860 64 20 toire,
2309 3859 22 20 le
2347 3859 53 23 jury
2413 3859 108 23 rapporte
2537 3863 33 15 un
2585 3858 87 20 verdict
2687 3858 69 20 affir-

2229 3884 69 20 matif
2315 3888 55 16 avec
2388 3883 39 20 des
2445 3883 168 20 circonstances
2631 3882 114 21 atténuan-

2230 3909 40 20 tes.

2255 3934 36 19 En
2316 3932 160 24 conséquence,
2499 3932 24 20 la
2545 3932 62 20 Cour
2628 3932 127 21 condamne

2229 3959 62 20 Mme
2301 3958 84 23 Delory
2395 3957 14 20 à
2421 3958 12 19 5
2445 3961 42 16 ans
2499 3957 29 20 de
2537 3956 120 21 réclusion.

2269 4022 37 27 LE
2329 4022 72 27 MARI
2426 4022 58 27 EST
2505 4022 38 25 EN
2566 4021 152 27 MAUVAISE

2421 4061 147 27 POSTURE

2333 4123 43 21 (De
2386 4122 66 20 notre
2463 4121 189 24 correspondant)

2254 4152 107 23 Londres,
2381 4152 26 20 22
2428 4151 124 21 décembre.
2572 4162 28 4 —
2623 4151 54 20 (Par
2698 4150 44 20 télé-

2229 4178 91 24 phone.)
2335 4187 28 5 —
2374 4177 31 20 Le
2418 4176 118 24 jardinier,
2549 4176 73 20 Henri
2634 4175 77 23 Davis,
2717 4175 38 20 n'a

2228 4207 42 20 pas
2286 4201 49 25 joui
2351 4201 129 24 longtemps
2496 4201 28 20 de
2542 4205 27 15 sa
2584 4200 87 21 liberté.

2253 4228 63 19 Nous
2334 4226 92 23 disions,
2432 4226 69 22 'hier,
2518 4226 52 23 qu'à
2587 4225 112 24 l'enquête
2725 4224 30 20 du

2229 4256 94 16 coroner
2342 4255 40 16 sur
2403 4251 24 19 la
2446 4251 62 20 mort
2527 4250 95 24 étrange
2641 4249 28 21 de
2693 4250 62 19 Mme

2229 4277 66 22 Mary
2309 4275 76 22 Davis,
2398 4274 55 25 âgée
2469 4275 29 20 de
2510 4275 27 20 58
2550 4279 50 18 ans,
2614 4274 39 24 qui
2667 4274 39 20 fut
2718 4278 25 16 re-

2229 4300 91 21 trouvée
2337 4300 15 20 à
2369 4300 62 20 demi
2447 4299 96 24 plongée
2561 4299 59 20 dans
2635 4303 32 16 un
2681 4299 74 23 grand

2228 4326 83 22 baquet
2323 4325 73 21 d'eau,
2409 4324 22 20 le
2442 4324 61 21 mari
2514 4324 66 23 ayait
2593 4323 90 21 déclaré
2688 4323 67 23 qu'en

2228 4349 137 24 apercevant
2384 4353 28 16 sa
2431 4349 85 20 femme
2535 4349 59 20 dans
2614 4348 60 20 cette
2693 4347 49 24 posi-

2228 4375 50 19 tion
2293 4373 93 24 bizarre,
2399 4373 18 20 il
2430 4373 87 20 n'avait
2533 4377 43 20 pas
2591 4372 38 21 osé
2645 4372 24 20 la
2684 4372 58 24 déga-

2228 4403 45 20 ger.

2253 4422 126 23 D'ailleurs,
2396 4421 16 21 il
2430 4421 101 21 n'aurait
2547 4426 42 19 pas
2606 4426 28 16 eu
2652 4421 24 20 la
2692 4421 62 20 force

2228 4448 29 20 de
2270 4451 117 17 renverser
2401 4451 32 16 ce.
2442 4447 91 24 baquet,
2545 4447 48 19 fort
2605 4446 72 23 lourd,
2691 4446 63 20 selon

2227 4472 39 21 lui.

2251 4497 32 20 Le
2296 4500 95 16 coroner
2403 4495 33 21 lui
2448 4495 31 21 fit
2493 4500 132 19 remarquer
2637 4499 42 20 que
2693 4496 60 19 cette

2226 4520 138 25 explication
2374 4520 58 21 était
2443 4520 147 21 lamentable,
2603 4524 40 16 car
2656 4521 52 19 tous
2720 4520 33 20 les

2227 4546 112 20 membres
2351 4545 30 20 du
2395 4545 53 24 jury
2459 4545 94 20 avaient
2563 4544 47 21 très
2622 4544 132 21 facilement

2225 4570 72 21 réussi
2311 4570 15 20 à
2341 4574 118 16 renverser
2473 4570 23 19 le
2513 4570 89 23 baquet.

2250 4595 95 20 D'autre
2363 4594 60 24 part,
2442 4594 22 20 le
2491 4594 105 20 médecin
2611 4593 80 24 légiste
2713 4594 39 24 qui

2224 4620 107 23 pratiqua
2346 4619 125 24 l'autopsie,
2485 4618 76 21 releva
2577 4619 40 20 des
2633 4620 75 19 traces
2724 4619 28 20 de

2225 4648 71 19 coups
2314 4643 97 22 violents
2429 4648 40 15 sur
2487 4643 53 20 tout
2558 4643 22 21 le
2597 4647 72 20 corps.
2688 4644 65 19 Deux

2225 4669 68 20 dents
2309 4668 93 20 avaient
2417 4667 37 21 été
2472 4667 88 21 cassées
2586 4668 47 20 très
2665 4668 75 20 récem-

2225 4694 70 19 ment.
2312 4694 30 19 Le
2358 4697 43 16 cou
2419 4693 28 20 de
2464 4692 23 20 la
2501 4692 93 21 victime
2609 4692 86 25 portait
2712 4693 39 20 des

2225 4719 74 18 traces
2313 4718 28 20 de
2355 4717 176 24 strangulation.

2250 4742 31 20 Le
2293 4742 103 20 médecin
2408 4741 108 21 examina
2526 4741 89 21 ensuite
2624 4742 23 21 le
2657 4742 59 20 mari
2728 4743 24 19 et

2224 4767 106 19 constata
2342 4771 44 19 que
2397 4766 32 20 lés
2441 4766 77 20 mains
2531 4766 29 20 de
2571 4771 27 16 ce
2610 4767 91 20 dernier
2714 4771 24 16 re

2223 4790 98 21 celaient
2335 4791 40 20 des
2390 4791 158 23 égratignures
2562 4792 122 23 suspectes.

2249 4816 72 19 Davis
2336 4815 38 20 fut
2390 4815 59 20 donc
2466 4814 82 21 arrêté.
2568 4815 20 20 U
2608 4820 15 15 a
2642 4820 108 20 comparu

2223 4840 146 23 aujourd'hui
2383 4840 86 20 devant
2481 4839 23 21 le
2518 4839 102 21 tribunal
2632 4840 46 24 qui,
2684 4841 66 23 après

2224 4868 96 16 examen
2341 4864 40 21 des
2403 4864 103 24 charges,
2528 4869 100 20 renvoya
2650 4865 100 20 l'affaire

2222 4888 17 20 &
2252 4886 111 23 huitaine.

2773 126 142 49 POUR
2946 126 92 47 LES
3074 116 225 58 INONDÉS

2854 196 63 47 DE
2953 195 277 49 TERMONDE"

3322 130 74 60 IL
3448 117 400 75 ÉCHAPPE

3376 218 47 46 A
3456 217 84 47 LA
3573 216 219 49 CORDE

2773 305 62 31 UNE
2854 303 191 32 FANCY-FAIR
3064 305 23 30 A
3100 305 202 31 SCHAERBEEK
3346 316 63 31 PAR
3428 316 40 31 LA
3489 316 104 31 GRACE
3612 316 41 30 DE
3671 316 42 30 LA
3732 315 93 31 RE1NE

1198 5225 40 25 La
1251 5225 132 26 cavalerie
1393 5225 164 33 bolivienne,
1570 5227 143 27 mobilisés
1722 5238 35 16 en
1767 5229 136 30 prévision
1913 5229 35 25 de
1955 5230 27 26 la
1992 5240 93 21 guerre
2094 5241 70 16 avec

1165 5256 26 27 le
1207 5257 148 31 Paraguay,
1375 5258 95 31 passée
1488 5269 35 16 en
1541 5269 82 18 revue
1642 5269 55 22 par
1729 5261 182 31 l'état-major,
1934 5263 102 27 devant
2058 5265 26 25 le
2107 5263 44 27 col-

1435 5291 59 32 lège
1507 5293 123 27 militaire
1645 5294 17 25 à
1676 5294 38 26 La
1729 5294 64 26 Paz.

1192 5329 44 26 On
1249 5331 52 25 sait
1310 5340 60 22 que,
1384 5330 96 33 depuis
1490 5331 62 33 lors,
1566 5333 26 27 le
1602 5343 53 16 con
1661 5333 42 27 flit
1709 5340 41 20 est
1761 5334 99 31 aplani,
1873 5334 39 27 les
1923 5334 71 27 deux
2000 5346 68 21 pays
2074 5344 82 24 ayant

1569 5367 112 30 accepté
1692 5366 26 26 la
1729 5367 148 26 médiation

2248 4948 16 26 A
2282 4948 105 28 COUPS
2408 4949 39 26 DE
2469 4949 99 26 BARRE
2572 4951 17 26 S
2606 4950 39 27 DE
2665 4949 59 28 FER

2325 5008 43 20 (De
2379 5008 67 20 notre
2458 5009 187 22 correspondant!

2246 5037 108 23 Londres,
2371 5038 27 19 22
2418 5038 125 20 décembre.
2561 5049 30 4 —
2610 5039 55 19 (Par
2690 5039 46 21 télé-

2221 5061 93 24 phone.)
2334 5072 28 5 —
2377 5062 31 20 Le
2423 5063 93 20 nommé
2533 5063 72 20 Jacob
2622 5064 74 21 Kunz.
2720 5065 28 20 de

2221 5086 136 21 nationalité
2368 5087 137 23 allemande,
2516 5088 163 21 contremaître
2690 5089 59 20 dans

2222 5115 45 15 une
2279 5111 72 21 usine,
2365 5112 100 20 rentrait
2476 5112 23 20 le
2510 5112 48 20 soir
2567 5112 57 20 chez
2636 5113 34 20 lui
2682 5113 16 20 à
2710 5114 37 19 Li-

2220 5135 86 20 merick
2328 5136 123 23 (Irlande).
2472 5137 99 24 lorsqu'il
2599 5137 38 20 fut
2653 5138 95 24 attaqué

2219 5163 45 20 par
2280 5160 59 20 deux
2353 5160 116 21 Individus
2484 5162 40 23 qui
2537 5161 181 22 l'assommèrent
2733 5163 16 20 à

2220 5188 69 19 coups
2303 5184 28 20 de
2345 5185 78 20 barres
2439 5186 29 20 de
2481 5186 37 20 fer
2531 5186 25 20 et
2568 5186 32 20 lit!
2616 5187 131 20 enlevèrent

2220 5208 21 20 le
2255 5210 100 19 contenu
2369 5210 29 20 de
2413 5215 43 15 son
2472 5210 150 24 portefeuille,
2636 5212 46 20 soit
2696 5212 38 20 cin-

2219 5234 86 23 quante
2321 5234 68 20 livres
2405 5235 97 24 sterling
2521 5236 68 21 (8,750
2604 5236 99 21 francs).

2243 5258 116 21 Plusieurs
2369 5259 83 20 heures
2462 5259 52 25 pins
2524 5260 53 20 tard
2588 5261 41 20 des
2639 5263 107 22 passants

2218 5281 127 22 relevèrent
2359 5283 25 20 la
2400 5284 93 21 victime
2510 5284 30 21 de
2564 5286 60 19 cette
2656 5286 90 20 brutale

2218 5307 115 22 agression
2348 5309 25 19 et
2389 5308 23 20 la
2430 5309 185 24 transportèrent
2630 5310 16 20 à
2663 5311 70 24 l'hôpi-

2218 5330 41 21 tal,
2271 5331 32 20 où
2316 5332 43 20 elle
2373 5337 31 15 ne
2418 5333 69 21 tarda
2498 5338 43 20 pas
2553 5334 17 20 à
2581 5335 138 21 succomber.

2242 5355 35 20 La
2280 5355 43 22 "po
2321 5356 43 22 lice
2380 5358 39 19 n'a
2433 5362 44 20 pas
2491 5363 81 17 encore
2584 5359 74 21 réussi
2672 5360 16 26 *
2703 5360 28 21 dé-

2217 5380 103 21 couvrira
2336 5381 33 21 les
2383 5382 129 25 coupables.

2830 376 41 31 U
2890 375 139 31 RECETTE
3048 375 79 32 SERA
3146 377 105 31 BONNE

2800 444 143 21 Schaerbeek
2957 448 14 16 a
2998 444 69 21 voulu
3092 446 116 21 s'associer
3223 447 62 24 large-

2775 471 64 19 ment
2852 474 30 15 au
2895 469 73 23 grand
2981 473 145 18 mouvement
3141 472 28 19 de
3183 471 116 21 solidarité

2775 494 14 20 à
2806 494 85 24 l'égard
2907 494 40 21 des
2964 494 102 20 victimes
3093 496 30 20 du
3152 495 102 23 désastre
3271 497 27 20 de

2775 519 128 20 Termonde
2914 521 22 17 et
2949 518 40 20 des
3000 519 111 21 environs.

2801 545 20 19 A
2835 543 128 20 l'initiative
2977 543 28 20 de
3018 548 42 15 son
3076 545 122 23 président.
3212 546 33 20 M.
3259 546 27 21 l'é-

2776 569 81 19 chevin
2867 568 74 20 Blum.
2951 568 21 20 le
2983 568 88 21 Comité
3082 569 57 21 local
3148 571 28 20 de
3187 571 21 20 la
3219 571 79 20 Croix-

2776 594 78 23 Rouge
2864 594 29 19 de
2904 593 22 19 la
2935 593 110 19 Jeunesse
3060 598 14 15 a
3085 595 104 22 organisé
3199 596 58 20 dans
3267 596 32 21 les

2775 618 81 20 locaux
2875 618 30 20 de
2936 617 76 21 l'école
3041 619 185 23 professionnelle
3242 625 57 20 pour

2776 643 80 23 jeunes
2867 643 67 21 filles,
2946 647 46 15 une
3005 643 85 22 grande
3100 645 149 23 Fancy-Faïr,
3261 646 38 24 qui

2774 672 14 15 a
2799 667 36 21 été
2844 667 124 24 inaugurée
2977 668 86 19 samedi
3072 668 135 23 après-midi
3215 675 30 16 au
3255 670 32 20 mi-

2776 692 45 21 lieu
2832 693 68 20 d'une
2910 692 125 20 assistance
3047 693 139 21 nombreuse.

2801 718 111 19 Reconnu
2939 717 75 23 parmi
3043 717 22 20 le
3081 719 82 22 public,
3180 720 31 20 M.
3225 720 74 22 Blum,

2775 742 95 20 échevin
2889 742 27 20 de
2935 742 155 20 l'Instruction
3104 743 115 25 Publique.
3237 746 62 19 Mme

2777 768 76 20 Jadin,
2865 767 117 19 directrice
2993 767 28 20 de
3032 767 80 21 l'Ecole
3122 768 165 23 professionnel-

2777 792 26 19 le.
2824 793 31 18 M.
2872 792 137 22 Huysmans.
3028 792 117 21 conseiller
3163 794 137 22 communal,

2777 817 31 19 les
2818 817 112 19 membres
2940 817 31 19 du
2981 817 88 20 Comité
3080 817 58 20 local
3148 818 29 20 de
3187 818 22 20 la
3219 820 80 19 Croix-

2776 842 84 23 Rouge,
2879 842 59 20 MM,
2952 841 77 20 Victor
3047 844 23 17 et
3088 842 63 21 Félix
3165 843 134 23 Waefelaer,

2776 867 34 19 De
2825 866 78 21 Greef.
2917 866 75 22 Piton,
3006 866 93 24 Biltiau,
3114 868 35 19 De
3165 868 133 24 Rymaeker,

2777 891 92 22 Bouvel,
2881 893 43 18 etc.

2802 916 32 20 La
2849 915 144 24 Fancy-Fair
3004 914 82 22 réalisa
3099 921 32 16 un
3142 918 114 21 ensemble
3268 918 31 20 du

2776 941 103 20 meilleur
2899 940 61 23 goût.
2981 941 122 20 Personnel
3121 942 134 23 enseignant
3276 944 23 18 et

2776 965 73 20 élèves
2863 966 29 19 de
2905 964 80 21 l'Ecole
2998 965 184 23 professionnelle
3195 968 39 19 ont
3247 967 52 20 bien

2777 990 80 20 mérité
2871 990 40 20 des
2928 989 147 21 félicitations
3090 991 165 21 chaleureuses.
3268 992 32 19 M.

2777 1015 91 20 Bouvel.
2881 1014 39 24 qui
2933 1014 36 20 fut
2982 1014 22 20 le
3019 1022 8 9 ■
3042 1015 99 20 metteur
3154 1021 31 16 en
3201 1016 66 21 scène
3281 1025 18 13 -,

2775 1044 15 15 a
2799 1040 59 19 droit
2869 1039 15 20 â
2893 1042 52 17 tous
2953 1040 33 19 les
2994 1038 80 24 éloges.

2802 1066 36 18 Au
2851 1064 207 21 rez-de-chaussée,
3069 1064 32 20 les
3112 1066 80 19 stands
3205 1065 93 20 étincel-

2777 1089 48 20 lent
2841 1093 30 16 au
2883 1089 78 20 milieu
2975 1089 40 20 des
3028 1088 105 21 lumières
3147 1089 33 21 les
3195 1090 51 23 plus
3258 1095 29 15 va-

2777 1114 63 20 riées.
2853 1114 42 19 Les
2910 1114 131 20 vendeuses,
3055 1113 130 21 délicieuses
3198 1119 29 15 en
3240 1115 59 20 leurs

2777 1140 113 18 costumes
2909 1138 57 21 1830.
2999 1140 114 22 prennent
3146 1139 100 20 d'assaut
3268 1139 31 20 les

2778 1167 95 20 groupes
2886 1163 28 20 de
2926 1163 105 21 visiteurs
3044 1163 38 23 qui
3094 1163 121 21 n'essaient
3227 1164 72 20 même

2778 1193 41 19 pas
2830 1189 29 20 de
2870 1188 98 20 résister.

2803 1213 30 20 Le
2843 1213 75 23 public
2929 1212 81 21 achète
3021 1217 54 15 sans
3083 1217 25 15 se
3118 1212 71 21 lasser
3199 1213 101 23 bibelots,

2778 1238 106 20 acer«ias.
2903 1237 78 20 fleurs,
2997 1237 75 20 billets
3087 1238 30 20 de
3132 1238 106 20 tombola.
3258 1239 41 19 Les

2777 1262 112 24 échoppes
2902 1263 54 19 son*»
2971 1262 127 20 richement
3113 1262 150 21 achalandées
3277 1264 22 19 et

2779 1288 31 20 les
2822 1287 81 20 clients
2915 1291 29 15 ne
2952 1290 127 20 manquent
3089 1291 49 19 pas.

2804 1312 37 20 Un
2853 1311 110 21 excellent
2976 1312 122 20 orchestre,
3110 1311 92 20 conduit
3215 1316 41 20 par
3269 1313 31 19 M.

2779 1336 75 20 Albert
2873 1336 77 21 Uîens,
2967 1336 93 20 déverse
3088 1341 40 15 sur
3161 1337 63 20 toute
3241 1339 60 18 cette

2779 1361 91 24 joyeuse
2885 1361 137 20 animation,
3040 1361 39 20 des
3095 1361 55 20 flots
3168 1361 132 24 symphoni-

2778 1390 60 20 ques.

2805 1411 37 20 Un
2870 1410 93 21 cabaret
2986 1410 179 22 montmartrois,
3176 1410 72 24 dirigé
3260 1415 43 19 par

2779 1436 56 19 MM.
2849 1435 86 20 Marcel
2949 1435 100 21 Lefèvre.
3065 1436 31 20 du
3112 1445 8 5 -
3137 1436 61 20 Chat
3212 1436 55 19 Noir
3283 1444 18 13 »,

2780 1464 21 16 et
2814 1460 85 20 Marcel
2913 1460 105 21 Antoine,
3030 1460 42 20 fait
3087 1461 40 19 des
3141 1460 96 20 affaires
3249 1460 52 20 d'or.

2779 1485 32 20 La
2821 1485 56 20 salle
2890 1489 30 15 ne
2931 1484 120 24 désemplit
3063 1489 47 19 pas.
3121 1485 66 20 Mlles
3199 1485 102 19 Burtan-

2780 1510 77 23 bourg.
2870 1509 117 21 Souveine.
2998 1510 159 21 R3emackers.
3167 1510 57 19 MM.
3234 1510 56 20 Wae-

2780 1535 78 19 felaer.
2873 1534 59 21 Gits.
2945 1534 73 22 Calés,
3030 1535 110 19 Moureau
3153 1536 23 18 et
3192 1534 81 20 Lenoir
3288 1538 13 20 y

2780 1559 125 24 dépensent
2921 1559 49 20 leur
2988 1563 66 16 verve
3069 1559 150 20 intarissable.

2807 1593 4 7 •
2833 1584 64 20 Trois
2914 1588 107 15 anneaux
3037 1588 57 18 pour
3111 1589 31 15 un
3158 1584 76 20 franc!
3251 1592 18 12 t*.
3282 1584 19 20 A

2780 1609 87 23 chaque
2875 1613 59 19 coup
2943 1613 31 15 on
2984 1609 82 23 gagne!
3081 1609 50 21 -Ici,
3140 1609 20 20 le
3169 1609 95 23 ménage
3273 1608 28 21 de

2781 1634 132 20 Catherine!
2928 1641 8 9 ■
2950 1634 62 19 Nous
3021 1637 97 16 sommes
3129 1638 29 15 en
3167 1633 74 24 pleine
3250 1633 40 20 ker-

2780 1663 78 16 messe.
2875 1658 95 20 Chacun
2985 1663 25 15 se
3029 1658 66 20 laisse
3113 1659 76 19 tenter
3207 1659 22 20 et
3245 1658 44 20 cha-

2781 1688 44 15 cun
2837 1687 57 20 paye
2907 1683 136 23 largement!

2805 1709 19 19 A
2843 1708 88 23 l'étage,
2947 1707 21 20 le
2982 1707 68 20 décor
3066 1707 34 21 est
3119 1707 51 24 plus
3184 1707 117 21 séduisant

2780 1737 87 16 encore.
2884 1733 60 20 C'est
2962 1732 22 20 la
2999 1732 35 20 vie
3050 1732 139 24 champêtre,
3205 1732 96 23 évoquée

2781 1757 224 21 merveilleusement.
3015 1757 42 20 Les
3065 1758 113 19 costumes
3188 1758 50 19 sont
3251 1757 39 20 imi-

2781 1783 34 20 tés
2830 1783 41 20 des
2883 1782 91 23 bergers
2988 1782 22 19 et
3024 1782 40 19 des
3077 1781 103 23 bergères
3195 1782 29 20 de
3237 1782 64 19 Wat-

2780 1809 59 18 teau.
2854 1807 42 20 Les
2911 1807 106 19 visiteurs
3034 1806 153 21 s'exclament,
3205 1806 83 24 applau-

2781 1832 85 20 dissent
2878 1832 21 20 et
2910 1835 25 16 se
2945 1831 92 20 laissent
3050 1831 179 23 gracieusement
3242 1839 9 9 «
3264 1832 37 19 ta-

2781 1861 39 19 [vr
2832 1865 17 11 -.

2806 1882 42 19 Les
2858 1881 137 20 intermèdes
3004 1880 121 21 succèdent
3136 1885 45 16 aux
3193 1881 97 19 intermè-

2781 1906 45 20 des.
2842 1906 51 20 Une
2909 1906 68 23 jeune
2990 1906 90 23 Turque
3096 1905 149 24 authentique
3258 1905 43 19 fait

2781 1931 110 20 entendre
2907 1931 39 19 des
2961 1929 45 21 airs
3022 1930 29 20 de
3064 1935 43 14 son
3122 1934 62 19 pays.
3200 1930 102 21 Ailleurs,

2781 1960 44 15 une
2831 1955 81 24 'petite
2926 1955 110 20 danseuse
3050 1954 45 21 fait
3107 1955 40 20 des
3165 1963 8 8 •■■
3189 1955 88 22 pointes
3291 1963 9 7 -

2780 1980 14 20 à
2808 1980 22 20 la
2844 1980 133 24 perfection.
3003 1980 52 19 Une
3080 1979 89 20 diseuse
3184 1980 28 19 de
3227 1979 75 20 bonne

2780 2006 115 21 aventure,
2913 2004 135 23 imposante,
3064 2004 76 21 donne
3154 2004 41 20 des
3212 2003 78 21 consul-

2781 2030 85 20 tations
2877 2029 14 20 à
2902 2029 22 20 la
2935 2029 116 20 douzaine.

2805 2055 43 19 Les
2862 2054 127 24 dirigeants
3003 2054 33 20 du
3051 2053 82 21 comité
3150 2053 157 24 organisateur

2780 2079 130 20 surveillent
2928 2079 55 20 d'un
3012 2078 35 20 air
3076 2079 100 19 satisfait
3193 2079 21 19 la
3229 2079 73 19 cohue

2780 2103 104 24 élégante
2897 2105 23 19 et
2933 2103 98 24 joyeuse.
3043 2103 21 20 H
3078 2104 34 19 est
3123 2103 88 21 certain
3225 2108 43 19 que
3280 2102 22 20 la

2780 2129 84 20 recette
2874 2133 52 16 sera
2940 2128 40 20 des
2993 2128 51 24 plus
3057 2128 138 20 fructueuse.
3208 2138 28 5 —
3247 2128 29 20 G.

2780 2176 40 19 UN
2833 2175 78 20 GALA
2923 2174 131 21 MUSICAL
3068 2174 19 20 A
3100 2173 201 21 KOEKELBERG

2803 2211 103 21 Partout,
2916 2211 33 20 les
2957 2211 124 20 initiatives
3091 2215 24 15 se
3123 2211 53 20 font
3184 2210 52 24 jour
3245 2215 57 19 pour

2779 2237 65 20 venir
2856 2242 31 15 en
2903 2236 53 20 aide
2970 2240 46 16 aux
3028 2236 103 20 victimes
3146 2236 40 19 des
3200 2235 103 20 récentes

2779 2262 153 20 inondations.

2804 2288 20 19 A
2835 2291 43 16 son
2889 2290 59 16 tour.
2957 2285 23 20 îa
2992 2290 120 16 commune
3122 2286 29 20 de
3161 2285 140 22 Koekelberg

2778 2316 14 15 a
2805 2311 106 23 organisé
2921 2315 32 16 un
2966 2310 52 24 gala
3030 2310 96 20 musical
3138 2315 30 15 au
3179 2310 70 24 profit
3262 2310 39 20 des

2778 2336 110 21 sinistrés.

2804 2362 67 19 Cette
2884 2360 54 20 fête,
2951 2360 39 24 qui
3001 2359 38 21 fut
3051 2359 88 21 donnée
3154 2359 86 20 samedi
3252 2358 51 22 soir,

2778 2386 59 20 dans
2848 2386 22 20 le
2884 2385 70 24 préau
2967 2386 30 20 de
3008 2384 77 21 l'école
3098 2384 149 22 communale,
3261 2388 40 16 rue

2778 2411 24 19 F.
2820 2411 128 22 Delcoigne,
2968 2414 15 16 a
3003 2414 76 15 connu
3097 2414 33 15 un
3146 2410 59 19 beau
3224 2408 77 21 succès

2778 2435 145 21 d'affîuence.

2804 2461 31 19 Le
2850 2464 150 20 programme,
3015 2459 94 24 copieux
3126 2459 24 20 et
3168 2458 78 23 choisi,
3264 2457 37 21 fut

2778 2485 36 20 vie
2816 2489 40 16 our
2857 2490 38 15 eus
2897 2485 76 19 ement
2983 2484 115 24 applaudi.

2804 2510 42 20 Les
2855 2510 135 20 talentueux
3001 2509 92 20 artistes
3102 2509 32 19 M.
3144 2508 24 20 L.
3180 2508 121 23 Cluytens-

2778 2535 94 20 Theïen.
2885 2534 133 20 cantatrice.
3029 2533 55 20 Mlle
3095 2533 96 21 Jacobs.-
3197 2533 104 23 pianiste.

2778 2561 57 19 MM.
2849 2560 52 19 Van
2915 2559 166 23 Campenhout.
3092 2558 124 20 .violoniste
3233 2559 22 19 et
3272 2557 29 19 de

2778 2585 118 21 Ruisseau,
2911 2583 169 21 violoncelliste.
3096 2582 27 24 îe,
3138 2582 115 23 capitaine
3272 2582 29 19 de

2778 2609 88 20 réserve
2874 2608 155 20 Lambrechts.
3040 2607 73 21 ténor.
3118 2612 28 15 -se
3155 2606 146 25 partagèrent

2778 2635 29 19 de
2821 2634 93 23 longues
2926 2632 169 21 acclamations.

2803 2660 36 19 Au
2854 2658 97 24 premier
2969 2661 58 19 rang
3044 2657 41 19 des
3102 2656 124 21 auditeurs,
3243 2660 58 15 nous

2779 2688 71 16 avons
2862 2687 101 16 reconnu
2976 2682 58 20 MM.
3050 2681 33 20 les
3098 2681 107 20 échevins
3219 2681 82 22 Sergy-

2780 2709 44 20 sels
2834 2710 23 18 et
2869 2708 87 20 Pladet,
2967 2708 74 19 Mmes
3055 2705 114 23 Senrysels
3180 2709 23 16 et
3215 2705 87 20 Pladet.

2779 2734 32 20 M.
2829 2729 88 25 éteens,
2932 2732 83 20 ancien
3033 2730 103 23 échevin,
3166 2730 32 19 M.
3216 2729 86 20 Leseuî.

2779 2757 118 21 conseiller
2913 2755 140 22 communal;
3073 2756 57 19 MM.
3144 2754 102 24 Angillis.
3260 2754 29 20 Ja-

2780 2783 53 20 cobs
2847 2783 25 19 et
2887 2781 99 21 Merckx.
3000 2781 30 20 du
3043 2779 83 21 comité
3139 2779 164 23 organisateur.

2779 2809 42 19 etc.
2836 2817 28 4 —
2881 2807 28 19 G.

3385 393 174 32 L'ASSASSIN
3579 393 44 31 DU
3643 393 139 31 GARDIEN

3360 439 57 31 DES
3436 434 179 36 ÉLÉPHANTS
3635 439 56 31 EST
3711 432 108 37 LIBÉRÉ

2847 2883 36 27 LE
2899 2882 150 27 TRAMWAY
3069 2881 38 26 EN
3127 2881 113 26 DELIRE

2884 2950 42 22 (De
2936 2949 66 20 noire
3014 2948 186 24 correspondant)

2804 2981 107 21 Londres,
2930 2980 27 19 22
2978 2979 124 20 décembre.
3119 2989 28 4 —
3170 2978 55 20 (Par
3245 2977 45 19 télé-

2779 3006 92 24 phone.)
2888 3015 28 5 —
2929 3005 38 19 Un
2982 3005 111 22 tramway
3104 3003 128 23 électrique,
3245 3002 46 20 bon-

2780 3031 28 20 dé
2823 3031 28 19 de
2869 3034 130 19 voyageurs,
3017 3028 99 20 dévalait
3132 3032 45 16 une
3194 3027 69 24 pente
3288 3027 14 18 à

2779 3055 99 22 Eltham,
2899 3054 53 24 près
2974 3054 29 19 de
3024 3053 107 20 Londres,
3149 3052 96 23 lorsque,
3273 3055 30 16 au

2778 3080 74 23 grand
2864 3079 69 21 effroi
2947 3079 30 19 du
2989 3078 118 20 wattman.
3120 3077 33 20 les
3167 3077 72 20 freins
3253 3081 37 15 ces-

2779 3105 75 20 sèrent
2871 3104 28 20 de
2914 3103 152 21 fonctionner.

2804 3128 113 25 Quelques
2931 3132 125 20 personnes
3069 3126 118 21 sautèrent
3201 3126 32 20 du
3248 3130 42 16 con-

2778 3154 43 20 voi,
2842 3154 38 23 qui
2897 3153 63 20 avait
2986 3152 130 24 cependant
3147 3151 86 20 atteint
3257 3155 45 16 une

2779 3179 85 23 grande
2879 3178 82 20 vitesse
2976 3177 24 21 et
3015 3181 25 16 se
3055 3176 125 20 relevèrent
3193 3180 55 16 avec
3263 3176 40 19 des

2778 3203 132 20 contusions
2925 3207 55 16 sans
2993 3201 94 24 gravité.

2804 3228 60 19 Elles
2879 3227 79 20 furent
2972 3226 52 20 bien
3039 3225 86 21 avisées
3139 3230 47 18 car,
3197 3225 107 24 quelques

2777 3252 108 20 secondes
2896 3251 52 24 plus
2961 3251 61 23 tard,
3034 3251 22 20 le
3069 3252 110 22 tramway
3192 3255 29 16 en
3232 3251 71 20 délire

2779 3277 47 20 alla
2843 3281 25 15 se
2887 3277 59 23 jeter
2965 3280 54 15 avec
3038 3280 45 15 une
3099 3275 87 24 grande
3203 3275 100 20 violenre

2776 3306 42 15 sur
2833 3306 33 15 un
2883 3302 67 19 autre
2966 3300 117 23 tramway.
3100 3301 56 23 Sept
3173 3304 130 19 voyageurs.

2778 3326 139 23 grièvement
2933 3324 101 23 touchés,
3051 3325 43 20 ont
3109 3324 37 21 été
3161 3325 141 23 transportés

2778 3351 15 19 à
2808 3350 110 23 l'hôpital.
2931 3350 116 20 Plusieurs
3062 3349 78 21 autres
3152 3350 54 19 sont
3221 3350 69 19 contu-

2779 3375 98 20 sionnés.

2804 3400 44 20 Cet
2866 3399 103 21 accident
2986 3399 39 20 fut
3041 3403 68 16 cause
3129 3399 67 20 d'une
3216 3399 86 23 grande

2778 3424 159 24 parturbation
2954 3424 58 20 dans
3027 3424 22 20 le
3062 3423 91 21 service.

2782 3506 36 27 LE
2834 3506 179 27 DIRECTEUR
3028 3506 39 26 DU
3082 3507 14 15 «
3112 3506 164 27 LANDBOTE
3288 3507 14 16 51

2967 3545 37 26 EN
3026 3545 94 27 FUITE

2803 3607 110 24 Verviers,
2930 3608 26 20 22
2975 3608 124 20 décembre.
3116 3619 28 4 —
3158 3609 31 20 Le
3211 3610 90 19 nommé

2778 3633 85 24 Joseph
2877 3633 53 23 B...,
2944 3633 28 20 de
2988 3633 141 22 Saint-Vith.
3144 3634 113 20 directeur
3271 3635 31 19 du

2779 3665 6 8 <
2797 3657 117 20 Landbote
2922 3666 17 14 -,
2954 3657 92 24 journal
3062 3663 40 18 pro
3105 3658 125 20 -allemand
3246 3663 43 16 con-

2778 3686 31 16 nu
2821 3687 57 19 pour
2889 3686 37 16 ses
2938 3682 106 24 attaques
3054 3682 125 21 virulentes
3189 3685 79 19 contre
3279 3684 22 19 la

2778 3707 113 23 Belgique,
2905 3706 64 21 vient
2986 3707 28 20 de
3028 3711 79 20 passer
3121 3708 23 20 la
3159 3708 117 21 irjntière.

2803 3731 31 21 Le
2848 3732 98 23 parquet
2960 3731 28 20 de
3003 3732 103 20 Verviers
3122 3737 16 15 a
3152 3734 81 19 ouvert
3247 3733 16 20 à
3275 3738 26 15 sa

2777 3755 84 24 charge
2878 3760 46 17 une
2940 3756 136 20 instruction
3096 3761 58 20 pour
3172 3758 84 20 affaire
3274 3759 27 19 de

2778 3785 91 15 mœurs.

2802 3806 65 19 Dans
2886 3805 34 21 les
2939 3805 93 21 milieux
3065 3806 54 21 bien
3144 3807 110 21 informés
3273 3808 28 20 de

2777 3829 141 22 Saint-Vith,
2933 3830 30 20 où
2976 3831 60 20 cette
3051 3831 59 21 fuite
3124 3832 46 20 fait
3182 3833 78 23 l'objet
3273 3834 28 19 de

2777 3854 180 22 commentaires,
2976 3859 31 15 on
3029 3856 58 20 croit
3108 3857 130 23 cependant
3258 3862 43 20 que

2777 3879 89 19 celle-ci
2878 3879 35 20 est
2926 3879 43 20 due
2982 3884 30 16 au
3024 3880 46 20 fait
3083 3885 43 19 que
3138 3881 44 21 B...
3197 3883 35 20 est
3243 3883 57 21 mêlé

2777 3902 14 20 à
2805 3907 45 16 une
2865 3908 67 19 grave
2947 3904 85 21 affaire
3044 3905 115 25 politique,
3173 3907 39 24 qui
3225 3908 76 19 aurait

2777 3927 36 20 été
2830 3927 56 21 mise
2902 3928 15 20 à
2930 3928 52 23 jour
2995 3929 16 20 à
3027 3929 23 20 la
3066 3931 59 20 suite
3142 3931 28 21 de
3185 3932 103 21 l'arresta-

2778 3951 47 20 tion
2840 3952 28 21 de
2882 3952 161 22 l'ex-receveur
3057 3957 129 20 communal
3201 3958 27 20 de
3242 3958 57 20 But-

2777 3976 109 23 genbach.

3421 506 42 19 (De
3480 507 66 19 notre
3563 505 187 24 correspondant)

3428 543 81 23 (Voyez
3522 542 69 20 début
3606 548 29 15 en
3648 547 58 19 page
3719 542 22 22 I)

3350 573 106 21 Londres.
3477 573 26 19 22
3524 573 124 20 décembre.
3665 583 28 4 —
3717 573 55 19 (Par
3793 570 47 21 télé-

3323 598 92 24 phone.»
3432 608 27 4 —
3472 597 155 23 Décidément,
3640 598 60 19 cette
3713 597 85 20 affaire
3811 595 41 25 qui

3323 624 43 21 fut.
3381 623 39 20 dès
3434 623 21 20 le
3469 622 76 21 début,
3560 622 108 20 entourée
3683 622 30 20 du
3730 622 51 24 plus
3794 625 44 20 pro-

3326 648 56 20 fond
3396 647 104 24 mystère,
3515 650 35 17 est
3566 647 46 20 loin
3628 647 70 20 d'être
3710 646 104 21 éclaircie
3828 644 24 21 et

3324 673 127 23 cependant
3475 672 22 20 la
3519 672 91 20 victime
3631 673 35 18 est
3687 671 74 20 morte
3783 671 24 20 et
3829 669 23 21 le

3324 697 119 20 meurtrier
3455 696 127 21 condamné
3596 696 15 20 à
3624 696 85 21 mort...

3350 728 37 20 On
3416 732 24 16 se
3469 727 127 24 rappellera
3610 727 54 24 qu'il
3680 731 15 19 y
3712 732 15 15 a
3743 726 108 25 quelques

3323 753 64 22 mois,
3405 757 30 16 on
3453 752 123 20 retrouvait
3596 756 32 16 un
3645 751 91 20 nommé
3753 751 44 21 Ali,
3814 750 24 24 gi-

3323 780 61 18 sant,
3399 781 91 17 couvert
3505 777 28 20 de
3547 781 58 19 sang
3620 780 23 18 et
3660 776 191 23 effroyablement

3325 802 71 20 blessé
3412 802 14 20 à
3440 802 22 20 la
3478 801 47 21 tète
3540 804 23 17 et
3578 806 39 15 sur
3630 801 21 20 le
3665 805 72 20 corps,
3752 801 59 19 dans
3824 804 35 22 sa,

3324 827 149 20 chambrette.
3490 826 72 20 située
3591 826 59 20 dans
3681 830 32 15 un
3732 825 40 20 des
3788 824 51 20 bâti-

3323 852 75 19 ments
3410 851 30 20 du
3452 851 82 20 Jardin
3545 850 141 24 Zoologique.
3697 851 42 19 Cet
3751 850 100 21 homme,

3325 881 31 15 un
3372 876 99 22 Hindou,
3486 876 56 20 était
3559 876 94 23 gardien
3667 875 40 20 des
3723 874 129 24 éléphants,

3325 901 28 20 de
3367 900 74 21 méme
3455 905 43 19 que
3510 900 22 20 le
3545 900 92 20 nommé
3650 900 49 20 San
3712 900 60 20 Dwe.

3347 931 44 22 .Ali,
3401 931 130 24 transporté
3541 930 14 21 à
3567 931 110 23 l'hôpital,
3687 935 29 15 ne
3728 930 68 20 tarda
3806 933 44 21 pas

3326 955 14 20 à
3356 956 136 20 succomber.
3507 955 21 20 Il
3541 956 84 19 n'avait
3642 955 51 24 plus
3708 954 73 24 repris
3795 958 45 16 con-

3325 981 125 19 naissance.
3465 981 42 19 Les
3522 979 121 21 détectives
3657 984 25 16 se
3698 979 86 20 mirent
3797 983 43 16 aus-

3325 1005 54 20 sitôt
3391 1005 14 19 à
3419 1005 22 20 la
3454 1005 121 20 recherche
3587 1005 28 19 dc
3626 1009 42 15 son
3680 1004 121 20 meurtrier
3811 1003 41 25 qui

3323 1030 36 20 fut
3377 1030 74 20 arrêté
3469 1034 44 20 peu
3530 1029 73 25 après.
3622 1029 82 20 C'était
3720 1030 49 19 San
3787 1029 62 19 Dwe.

3349 1060 94 24 Inculpé
3458 1060 85 20 d'avoir
3557 1060 113 20 assassiné
3685 1064 43 15 son
3743 1058 108 24 collègue,

3326 1085 48 20 San
3386 1086 55 19 Dwe
3453 1087 117 21 comparut
3585 1085 84 19 devant
3683 1084 32 20 les
3728 1084 81 20 assises
3820 1084 33 20 et.

3326 1110 52 19 bien
3394 1110 52 23 qu'il
3463 1109 110 24 protestât
3590 1110 29 19 de
3633 1114 42 15 son
3689 1109 131 24 innocence,
3833 1107 19 22 iî

3323 1134 37 20 fut
3375 1134 127 20 condamné
3516 1134 14 19 à
3545 1134 23 20 la
3582 1134 132 24 pendaison.

3351 1159 39 20 Or,
3404 1159 94 23 quelque
3512 1160 74 22 temps
3599 1158 72 24 après,
3685 1163 31 15 on
3730 1157 122 25 apprenait

3324 1188 43 19 que
3381 1184 21 20 le
3416 1184 71 19 Home
3501 1184 118 23 Secretary
3632 1182 62 20 avait
3708 1182 104 21 commué
3826 1182 25 20 la

3322 1208 66 24 peine
3400 1208 98 24 capitale
3509 1212 30 16 en
3549 1208 54 20 celle
3616 1208 40 20 des
3667 1211 97 16 travaux
3774 1206 75 21 forcés

3327 1232 15 21 à
3352 1232 132 25 perpétuité.

3349 1258 41 19 Les
3408 1257 93 23 Anglais
3523 1257 76 20 furent
3621 1256 130 24 stupéfaits.
3772 1256 33 22 Us
3823 1260 26 16 se

3324 1282 161 20 demandaient
3502 1282 109 24 pourquoi
3627 1286 45 15 une
3687 1281 54 20 telle
3758 1284 91 17 mesure

3325 1307 27 19 de
3375 1306 119 22 clémence,
3516 1306 61 20 alors
3599 1311 44 19 que
3664 1306 33 20 les
3717 1306 81 20 débats
3817 1305 35 21 du

3325 1331 77 24 procès
3415 1331 91 21 avaient
3518 1331 73 20 révélé
3604 1331 22 20 la
3639 1330 95 20 cruauté
3746 1334 54 16 avec
3813 1329 24 21 la-

3325 1356 72 24 quelle
3421 1355 21 21 le
3465 1356 69 20 crime
3554 1356 62 19 avait
3640 1355 37 20 été
3699 1355 101 21 commis,
3824 1354 27 21 et

3324 1382 125 22 qu'aucune
3469 1381 154 19 circonstance
3642 1379 137 21 atténuante
3798 1379 38 20 n'a-

3325 1406 46 19 vait
3387 1405 36 20 été
3437 1405 107 20 accordée
3559 1410 30 15 au
3603 1405 127 20 meurtrier.

3352 1435 60 20 Mais
3433 1435 23 20 la
3476 1435 68 21 chose
3565 1436 57 20 était
3646 1435 107 20 officielle
3773 1435 25 20 et
3820 1438 31 16 on

3326 1460 110 21 s'inclina,
3456 1464 48 16 non
3526 1464 54 16 sans
3604 1460 135 20 manifester
3761 1464 32 15 un
3815 1459 34 19 vif

3326 1484 153 21 étonnement.

3351 1509 155 23 Aujourd'hui.
3523 1509 161 21 Tétonnetnent
3717 1514 25 15 se
3771 1509 66 20 trans-

3327 1534 99 20 formera
3439 1539 29 16 en
3479 1534 154 24 stupéfaction
3646 1539 6 15 :
3665 1534 49 20 San
3724 1535 54 19 Dwe
3788 1533 63 20 vient

3327 1558 70 21 d'être
3414 1559 68 19 remis
3498 1563 29 15 en
3541 1558 86 21 liberté.

3353 1584 20 19 U
3387 1585 35 19 est
3436 1583 50 21 vrai
3501 1588 42 19 que
3559 1583 22 20 la
3597 1583 144 20 satisfaction
3756 1587 30 16 ne
3801 1584 38 19 tar-

3327 1608 55 20 dera
3399 1612 42 19 pas
3458 1607 15 21 à
3491 1607 106 21 succéder
3614 1608 14 19 à
3650 1608 22 20 la
3691 1607 161 24 stupéfaction,

3327 1633 76 23 quand
3418 1637 30 15 on
3461 1632 129 24 apprendra
3604 1637 43 19 que
3658 1632 112 21 certaines
3783 1635 56 21 preu-

3327 1661 38 16 ves
3376 1657 113 21 nouvelles
3501 1657 40 20 ont
3552 1656 37 22 été
3601 1656 99 21 données
3710 1657 15 20 à
3736 1657 23 20 la
3770 1657 101 25 justice;

3327 1686 43 19 que
3385 1682 47 20 San
3449 1683 60 21 TOve.
3527 1686 29 15 au
3573 1682 44 20 Heu
3633 1681 70 21 d'être
3718 1681 134 24 l'agresseur
3860 1677 6 5 *

3326 1700 66 29 *iïmitfi,
3405 1706 57 20 était
3477 1706 23 20 la
3513 1706 91 20 victime
3620 1706 28 21 de
3663 1711 27 15 ce
3705 1706 97 21 dernier.
3816 1706 36 20 Au

3327 1735 65 16 cours
3404 1731 67 20 d'une
3482 1731 97 24 querelle
3592 1733 64 18 entre
3670 1731 32 19 les
3714 1731 58 20 deux
3785 1730 54 20 hom-

3326 1760 55 17 mes.
3395 1755 38 20 Ali
3449 1760 15 15 a
3481 1755 64 21 tenté
3562 1755 115 24 d'égorger
3694 1760 42 14 son
3752 1755 100 23 collègue

3326 1780 39 24 qui
3380 1785 13 15 a
3410 1780 37 23 agi
3462 1784 29 16 en
3507 1779 50 21 état
3570 1780 27 20 de
3612 1780 100 23 légitime
3725 1779 101 21 défense.

3352 1805 33 20 Ce
3400 1805 52 23 qu'il
3468 1809 14 19 y
3498 1809 13 15 a
3529 1805 28 20 de
3571 1804 51 24 plus
3637 1805 146 23 surprenant,
3796 1804 56 20 c'est

3326 1833 43 20 que
3385 1829 35 20 les
3439 1829 154 24 témoignages
3611 1833 118 16 nouveaux
3746 1829 57 20 dont
3821 1832 31 17 on

3326 1854 43 20 fait
3387 1853 49 21 état
3452 1854 14 19 â
3484 1854 85 20 l'heure
3585 1853 96 21 actuelle
3700 1853 86 21 n'aient
3808 1856 44 21 pas

3327 1878 36 20 été
3376 1878 86 20 donnes
3475 1878 169 24 pubUquement
3657 1878 15 20 â
3685 1878 125 21 l'audience
3823 1878 31 22 de

3327 1902 22 20 la
3364 1903 61 20 Cour
3438 1903 110 21 d'assises.

3351 1927 31 20 Le
3399 1937 4 5 ■
3423 1927 94 24 Sunday
3531 1928 65 20 News
3611 1935 9 8 -
3637 1926 55 21 écrit
3705 1932 44 19 que
3761 1927 55 21 c'est
3827 1927 24 21 lft

3327 1951 110 24 première
3452 1952 45 20 fois
3511 1952 68 24 qu'un
3594 1956 39 15 cas
3647 1952 124 20 semblable
3785 1952 56 20 s'ins-

3326 1976 59 20 crira
3403 1977 58 20 dans
3479 1977 33 19 les
3543 1976 95 21 annales
3669 1977 125 24 juridiques
3822 1977 30 20 de

3327 2001 226 23 Grande-Bretagne.

3351 2025 89 21 Faut-il
3454 2022 91 27 Ajouter
3559 2026 67 24 qu'on
3643 2026 81 21 attend
3738 2031 54 16 avec
3806 2026 33 21 im-

3326 2050 104 24 patience
3452 2050 22 20 la
3495 2050 139 24 publication
3669 2051 40 20 des
3741 2050 111 22 éléments

3326 2079 119 16 nouveaux
3459 2075 30 20 du
3503 2075 85 23 procès.

3360 2132 467 153 VARÉTC/

3388 2361 213 27 £fOGRf1PHI£

3457 2406 54 24 fr
3530 2399 200 33 fLECf/ans

3363 3591 123 28 •l/oyons.
3498 3599 63 18 non
3570 3600 86 25 périr,
3668 3602 57 18 ron
3725 3603 30 17 ai
3756 3603 34 18 en

3369 3620 148 24 Mej*ôiesr
3533 3624 20 20 n
3568 3627 37 17 in
3620 3627 90 19 rexne
3722 3624 37 23 ?...

3363 3655 12 5 -
3393 3645 86 24 TiiOlS
3484 3666 5 6 .
3504 3651 105 20 Msieu
3626 3648 36 25 !..

3361 3682 15 6 -
3398 3671 84 25 ???...

3361 3704 53 21 -if
3422 3707 60 19 POLL
3498 3705 107 22 liaèHHL
3617 3726 4 5 .
3633 3711 33 18 IC
3674 3712 61 18 PÛIL
3752 3712 48 19 CH-

3372 3736 113 25 THOLique
3497 3740 32 17 er
3537 3741 29 18 ie
3574 3741 49 20 pou
3642 3742 144 23 socmusre

3378 3806 111 17 Caricature
3505 3810 78 13 nno.ee
3597 3808 50 16 crtte
3661 3808 84 16 arraalne

3377 3826 59 18 65-87.
3448 3826 28 16 Bd
3491 3826 83 20 Adolphe
3586 3827 51 17 Max.
3652 3825 12 18 ft
3680 3827 96 17 Kruxelle,

3411 3845 34 17 Lea
3461 3845 97 19 m.,.»l.»
3577 3846 24 16 6.
3617 3846 118 16 Nouveauté.

3410 3870 11 9 .
3435 3865 49 16 At'X
3498 3866 113 16 VARIATES
3626 3872 16 12 ,,,
3657 3866 21 16 C.
3690 3867 20 16 et
3723 3866 22 16 A.

3416 3885 26 16 Oe
3455 3884 153 19 Baerdemackcr,
3618 3886 33 16 ont
3664 3886 33 16 dea
3708 3890 41 11 aur-

3412 3905 82 15 enraailea
3504 3910 10 10 a
3526 3905 95 16 Druaeflea
3631 3907 19 15 et
3659 3905 49 17 dana
3718 3905 28 16 le»

3410 3924 113 19 prjnelpalea
3537 3924 52 17 rttlca
3601 3924 26 17 du
3641 3929 52 15 paja-

3704 3944 58 18 (Hl'l

2836 4049 237 51 Hôteliers
3094 4082 16 8 -
3133 4054 233 50 Cafetiers
3388 4087 16 8 -
3429 4059 362 48 Restaurateurs

2874 4138 76 28 Poi»;
2965 4140 100 32 garder
3080 4147 79 23 votre
3175 4143 131 29 clientèle
3322 4146 19 27 il
3359 4146 39 28 lui
3416 4148 63 27 faut
3495 4148 36 27 de
3549 4149 198 26 l'amusement

3062 4181 205 29 AVEZ-VOUS
3284 4180 84 36 DÉJÀ
3385 4182 117 31 SONGÉ
3517 4187 51 27 AU

2944 4655 739 69 FOOT-BALL-STAAR

2831 4741 88 31 C'est
2936 4742 30 31 le
2984 4745 54 33 jeu
3056 4745 45 31 du
3119 4747 71 33 jour

3309 4749 48 30 La
3375 4749 73 36 plu»
3466 4751 124 36 grande
3609 4758 178 27 nouveauté

3068 4796 44 28 Le
3130 4797 52 31 jeu
3202 4795 30 31 le
3250 4796 72 37 plus
3340 4801 211 32 passionnant

3224 4859 113 18 ——.>».

2828 4892 107 27 Modèle
2951 4894 18 26 S
2983 4905 7 15 :
3010 4895 58 27 600
3083 4896 109 31 franc»;
3208 4897 108 28 Modèle
3325 4900 25 26 A
3362 4909 8 17 :
3388 4904 16 22 à
3415 4900 219 30 déclanchement
3644 4914 33 17 au
3689 4915 97 21 moyen

2827 4927 18 24 d
2857 4936 51 16 une
2925 4929 76 28 pièce
3017 4927 36 26 de
3073 4929 29 26 10
3117 4940 35 15 ou
3169 4930 31 26 25
3216 4937 36 20 ct.
3264 4942 7 15 :
3291 4932 83 27 1.600
3390 4933 95 28 franc»
3498 4944 8 20 ;
3524 4935 108 28 Modèle
3650 4937 25 26 G
3687 4948 6 15 :
3712 4937 63 28 iden-

2828 4966 70 23 tique
2915 4969 66 16 mais
2997 4970 65 17 avec
3079 4960 69 28 table
3165 4969 26 20 et
3207 4965 198 31 protège-globe
3420 4977 6 14 :
3448 4967 12 26 1
3474 4967 57 27 900
3548 4968 104 28 franc».

2852 5002 60 21 Taxe
2919 5003 29 20 da
2959 5002 59 26 loia,
3032 5012 34 12 em
3069 5006 83 25 hallage
3164 5010 24 17 et
3200 5010 112 22 traneport
3323 5016 54 18 (ara
3388 5010 29 20 de
3435 5011 130 22 de.tin.tion
3580 5015 94 23 compri.

3069 5043 125 23 Demandez
3206 5046 111 26 catalogue
3331 5050 26 19 n*
3370 5048 26 22 17
3409 5051 77 23 gratuit
3499 5058 42 14 aux

2951 5095 172 61 Usines
3155 5098 283 65 GUSTAVE
3471 5103 203 62 STAAR

2825 5170 44 23 108,
2891 5171 151 21 CHAUSSEE
3065 5173 39 20 DE
3127 5174 119 22 NINOVE.
3254 5176 180 23 BRUXELLES.
3456 5188 29 7 —
3506 5180 173 21 TELEPHONE
3700 5182 76 20 616.87.

2859 5214 33 20 La
2910 5215 90 21 maison
3020 5217 95 21 accorde
3132 5218 41 20 des
3193 5219 101 21 facilités
3315 5221 29 20 de
3369 5222 122 23 paiement,
3514 5223 29 20 de
3564 5224 69 22 façon
3657 5229 43 19 que
3725 5229 56 15 votas

2834 5244 65 14 sarex
2919 5245 70 18 parer
3007 5241 115 24 l'appareil
3142 5248 30 15 ao
3191 5249 82 18 mayen
3296 5246 67 20 d'nne
3383 5247 74 24 partie
3476 5248 28 20 de
3526 5248 96 21 l'arenit
3644 5250 38 22 qui
3703 5249 77 20 rentre

2833 5264 58 19 dans
2911 5264 23 20 la
2955 5265 72 21 caisse
3047 5267 32 19 da
3101 5267 39 23 jeu
3162 5270 162 23 automatique.

2859 5295 86 21 Encore
2965 5297 106 24 quelques
3091 5303 96 19 agences
3208 5299 127 25 régionales
3351 5301 16 20 â
3384 5302 115 21 concéder.

2910 5335 29 29 Et
2952 5336 63 30 d'ici
3030 5345 50 28 peu
3095 5346 33 21 un
3142 5339 83 36 grand
3239 5347 129 23 conoours
3381 5348 34 22 au
3431 5341 257 31 FOOT-BALL-STAAR

3688 5377 85 19 isamt/i
