3652 5241
1583 45 44 24 S*
1676 42 20 27 2
1747 43 36 26 U
1804 44 118 30 Dernière
1942 48 85 26 Heara
2077 44 16 24 f

595 112 187 45 NOS
836 103 313 57 ÉCHOS

869 179 177 11 r*~*^0**v*»***^m

140 211 118 31 Aujourd
259 214 51 27 'hui
331 216 72 29 lundi

103 262 91 19 Monnaie,
206 265 10 15 s
228 266 24 17 h..
264 271 8 11 ■
283 267 62 18 LoulM
358 275 15 11 ».

101 289 52 17 tran,
164 289 10 16 9
184 293 17 13 n.
215 290 34 18 12,
263 297 7 9 «
284 292 40 17 1830
334 299 15 11 ».

101 313 88 19 «alerte»,
201 316 11 15 s
223 315 18 16 h.
254 317 35 18 1/2,
303 324 8 9 «
324 319 69 17 Marina
407 324 14 11 i.

102 340 103 18 Aihtmbr».
219 343 9 14 s
244 344 16 14 h.
279 345 33 17 1/2.
329 350 8 10 «
353 343 182 19 nrusellrs-Mélodlci
547 347 17 12 ».

104 364 108 20 VaadsvlUe.
223 368 11 15 8
245 368 18 16 b.
275 369 36 19 1/2,
321 370 64 16 Orand
395 370 82 17 GulgnoL

100 390 61 19 Uailé,
172 392 11 15 I
195 391 19 17 h.
228 392 36 19 1/3,
276 399 9 10 .
297 394 35 16 Phi
333 395 41 15 -Phi
386 399 15 11 ».

101 416 125 18 Ambaaaadot.
242 420 10 14 8
268 421 18 14 h.
304 421 35 17 1,2,
352 422 58 14 revut,

101 440 79 18 Tbéitrc
195 444 83 16 National
295 446 57 17 Beljj».
368 444 11 17 7
391 447 18 13 D.
424 442 35 19 1/4,
473 445 9 12 «
496 440 41 17 Mot
550 438 45 18 Curé

121 461 44 16 cher
180 462 25 16 Im
220 463 65 17 Riches
297 469 16 11 ».

103 479 78 18 «•livre,
196 482 11 15 8
219 483 18 14 h.
253 483 35 17 1/2.
303 487 10 11 <
326 481 105 17 Guérisseur
443 479 66 18 malgré
523 478 24 15 lui
560 481 16 11 ».

101 504 70 17 Vailn».
186 513 19 6 —
219 507 82 16 Rel.'che.

93 529 157 21 Tolies-Brrcerc.
260 533 10 16 8
281 532 25 17 b..
320 536 9 11 «
342 530 70 17 Bruasel
423 532 22 15 op
457 531 33 13 een
501 526 65 19 FluUJe
578 530 15 11 ».

85 549 6 5 '
102 554 79 17 lkaatre
194 556 92 19 rimmsmâ,
299 556 11 16 2
323 556 17 15 b.
354 559 10 11 e
375 554 27 16 Va
414 553 78 15 Mannen
506 551 38 15 V»n
556 550 29 15 Ma-

120 576 43 14 non.

99 598 61 17 riUli
172 600 55 17 d'tlé.
238 601 10 15 8
259 599 19 17 h.
290 599 25 17 M,
327 597 89 19 apecUela
427 598 9 15 l
450 596 31 15 rlé.

99 623 90 18 Cinémas.
200 633 21 5 —
232 625 56 18 Voyea
297 626 23 13 en
333 623 36 15 tête
380 622 31 15 des
422 621 65 18 pciltei
499 620 89 14 annonces

161 684 43 26 Ce*
210 682 146 29 nmunîqnér
368 680 45 26 des
425 678 121 25 Théâtre»

262 723 25 20 et
311 717 122 26 Concerts

122 787 88 15 Monnaie.
236 792 21 5 —
283 781 79 20 AaJOTn-d
362 782 5 6 ,
368 781 32 16 .*Hll
424 779 56 17 lundi,
505 778 11 15 *
533 778 20 15 30
568 777 25 17 h..

100 809 43 13 avec
154 807 15 14 le
178 806 85 15 concours
272 802 22 16 dc
303 802 24 15 M.
337 801 39 15 Van
385 799 88 17 Obb^lh.
484 803 9 8 -
504 798 36 28 f»
540 798 7 13 1
546 799 47 24 "';

101 833 22 5 —
134 825 58 16 Mardi
211 824 11 14 à
234 821 21 17 20
264 822 18 15 b.
294 821 25 16 30.
331 823 42 12 avec
387 819 15 15 le
413 820 86 13 concours
512 817 21 14 de
547 815 46 15 Mme

100 844 15 16 O
133 844 93 16 Cla.rbert.
241 839 141 19 representat.cn
395 837 22 15 de
428 837 41 18 sala
482 835 77 15 l-onorée
571 835 22 13 de

101 864 17 14 la
129 865 83 15 prcscnce
225 860 31 16 du-
261 859 32 16 toi.
306 857 92 18 organisée
408 858 34 16 par
455 854 17 15 la
484 852 108 17 Fraternelle

101 883 31 14 des
149 882 75 14 Ancien»
240 878 125 16 Combattants
384 875 24 16 du
426 875 21 15 2e
466 873 86 17 régiment
571 873 21 13 Q*

100 900 66 16 Guide:,
189 902 23 12 au
229 897 79 16 bénéfice
326 895 20 15 de
366 898 20 12 sa
403 893 57 16 caisse
475 893 21 14 de
515 892 77 14 secours.

100 919 89 16 .Lato*
206 923 8 9 »
237 924 20 4 -
272 914 94 17 Mercredi.
379 914 11 15 A
407 912 19 17 19
442 912 18 15 b.
477 911 26 16 30.
519 912 43 13 arec
576 909 16 14 le

99 925 86 29 encours
197 937 20 15 ie
231 933 41 18 Mlle
283 933 70 16 B-mlet.
366 932 22 15 de
401 931 43 15 MM.
457 930 37 15 Url.
493 932 23 12 sa-
522 929 18 15 rt
553 927 38 15 Van

98 956 82 17 OToenh
198 961 8 8 «
220 952 87 19 SicsTrîed
321 956 15 11 ».
350 958 20 5 —
382 949 58 17 «ï»'"".
452 949 11 15 *
476 948 21 15 M
510 948 24 15 *>•■
548 949 32 12 "™
580 949 10 12 c

99 959 16 33 S
126 968 86 23 «MOU»
223 973 21 15 de
256 972 24 15 M.
293 970 94 17 CUirbert.
400 971 36 16 prr
444 968 42 15 Ueri
499 968 83 15 représen-

99 995 59 16 tation
172 993 90 18 .reprise-,
277 991 21 15 de
312 995 8 8 «
335 989 52 15 Lccie
402 988 22 14 de
440 987 128 14 Lammermoor
582 989 8 9 .

99 1016 17 14 •t
127 1013 84 18 première
224 1008 141 20 représentation
381 1003 211 31 ■«■**««'»/,?•"-

99 1024 57 21 i.tîûn
167 1031 23 14 du
201 1029 52 16 Poète
265 1034 8 9 »
289 1027 77 16 «ballet).
379 1033 19 5 -
409 1024 93 17 Vendredi.
514 1024 11 14 A
535 1022 20 15 20
566 1022 24 16 h..

395 1044 77 15 Samedi.
488 1047 8 8 •*
512 1042 23 15 Le
548 1041 42 15 Cre-

651 219 36 25 La
714 220 168 28 température

708 268 105 16 INSTITUT
824 266 206 18 MrTEOROLOOiqOB

790 293 30 15 DE
836 291 111 17 DELOIQUE

724 324 109 16 BULLETIN
844 323 32 16 DU
887 323 20 16 U
916 322 42 15 MAI
970 321 40 16 193»

682 356 90 15 Situation
784 354 148 19 atmoipbârlqae,
945 353 11 15 à
968 353 10 15 7
989 353 64 16 hcnrcs

639 381 24 16 La
678 380 102 19 dépression
794 383 49 12 assez
856 379 57 15 active
927 377 78 18 signalée
1021 378 39 15 hier
1073 381 41 16 près

619 401 31 15 des
664 402 47 13 cuits
727 400 105 14 irlandaises
845 398 28 15 est
888 397 62 19 passée
964 397 47 14 cette
1028 398 40 15 nuit
1083 401 31 12 sur

619 420 25 15 les
656 419 35 15 Iles
705 419 131 17 Britanniques.

639 438 47 15 Nous
697 438 100 15 observons,
807 440 20 12 ce
839 435 62 17 matin,
911 437 32 13 sur
953 434 17 15 la
982 433 89 19 Belgique,
1082 436 31 14 des

619 458 52 15 venta
682 456 63 16 faibles
756 456 11 15 à
778 456 46 15 forts
834 455 45 16 d'O.,
892 456 25 13 un
927 454 34 15 ciel
973 455 78 15 couvert,
1064 456 40 16 quel-

618 479 43 15 ques
676 476 57 18 pluies
749 475 72 18 éparses
835 475 19 14 et
868 476 36 12 une
919 472 121 18 température
1055 473 22 15 de
1094 473 19 15 li

618 499 12 12 a
643 495 19 15 10
672 494 67 18 décris.

773 526 63 17 Trmpi
850 522 81 20 prémmé
946 527 6 11 :

638 556 55 17 Vents
711 555 81 17 modéré*
808 555 32 15 des
859 554 71 17 réglons
947 552 62 17 Ouest.
1026 553 85 17 Nuajteux

617 578 42 14 avec
671 575 95 16 aelstrctes.
777 574 88 18 Quelques
876 572 65 16 ondées
954 573 94 16 laveraaaj.
1060 572 42 16 Tem-

617 595 83 18 pérature
712 593 85 17 modérée.

702 626 32 15 Les
746 624 130 19 températures
890 623 11 15 à
916 623 9 15 1
938 623 64 15 heure*.
1017 626 5 11 :

638 657 28 16 U»
677 656 12 16 à
700 655 42 17 Oslo
754 655 19 16 et
783 654 85 17 Londres,
880 653 19 16 12
910 657 11 11 a
933 652 125 18 Copenhcgue,
1071 654 18 14 M
1100 654 11 14 ft

617 676 110 17 HçlBlngrors
740 676 19 14 et
773 674 96 17 ïT'dopest.
884 671 19 16 15
916 675 11 11 a
942 671 109 18 Stockholm,
1066 672 45 18 Riga.

616 697 18 13 et
647 694 71 16 Vienne.
734 693 18 14 ï".
765 691 8 17 B
789 692 95 15 Bruxelles.
899 690 56 17 Paris.
970 690 82 17 Utrecht.
1067 691 35 15 Var-

616 714 49 15 sovie
679 715 19 14 ct
714 713 68 18 Prafcue
799 711 26 18 ,17
839 715 11 11 a
867 711 55 14 Rome
937 709 19 16 et
972 709 77 19 Madrid,
1064 710 19 15 31
1099 711 11 14 A

615 732 92 16 Lisbonne.

677 763 126 15 Observation»
816 761 12 16 à
841 761 56 17 Uccle,
911 760 12 16 i
936 760 10 16 7
958 759 64 17 heures
1039 764 5 12 :

1136 220 28 19 Le
1182 219 71 21 Palais
1269 219 113 24 d'Efmont

99 1026 57 22 tàûon
167 1031 23 15 du
201 1029 52 16 Poète
264 1034 10 9 >
289 1027 61 16 'ballet

98 1056 10 11 «
124 1049 77 19 Cephele
215 1049 19 15 et
247 1047 70 16 Procris
332 1051 15 10 ».

99 1069 71 19 pustule
183 1068 30 15 des
224 1067 56 15 Dieu»
294 1070 15 11 ».
322 1072 19 4 -
354 1063 104 16 Dimanche,
472 1064 63 13 «ma
538 1061 51 14 une*,

98 1093 9 10 «
116 1087 65 16 Lakmé
191 1091 15 11 ».
216 1086 16 15 le
242 1085 42 16 soir,
295 1089 8 9 «
314 1082 118 17 Tannhauser
442 1086 15 10 .»
467 1088 21 4 —
497 1080 57 15 Lundi
564 1080 26 14 ao.

99 1112 8 12 ,
120 1107 66 16 Manon
199 1110 16 10 ».
227 1112 21 5 -
259 1103 65 17 Mardi.
336 1107 8 9 -
357 1101 74 16 Tristan
441 1101 19 14 et
472 1099 57 15 Iaolde
542 1102 16 11 ».
569 1104 21 5 -

98 1124 91 17 Mercredi.
202 1129 9 9 «
224 1123 52 16 Lucie
290 1122 22 15 de
326 1121 130 15 Lnmmermoor
471 1123 8 9 »
491 1119 19 14 et
522 1122 7 9 «
543 1117 46 15 Ten-

97 1145 58 15 talion
165 1143 23 15 du
199 1142 53 16 Poète
262 1147 15 10 -.
286 1148 19 5 -
315 1139 53 16 Jeudi
377 1142 23 12 en
411 1138 83 15 matinée.
506 1136 81 29 £■««»:

97 1163 17 17 lt
129 1163 41 16 aoir,
188 1167 8 9 ■
211 1160 81 16 Werther
307 1164 15 11 ».
336 1166 20 4 —
371 1157 94 17 Vendredi,
482 1161 8 9 -
508 1155 81 15 Madame

97 1181 90 17 Butterfly
204 1185 8 10 »
228 1180 19 15 ct
262 1184 9 9 «
287 1178 70 16 Oretna
371 1177 59 16 Oreen
448 1180 15 12 ».
476 1182 21 5 —
512 1175 77 16 Samedi,

96 1206 10 11 «
117 1199 77 19 Céphale
204 1200 19 15 et
233 1197 70 17 Procris
315 1202 15 10 ».

115 1224 86 16 Galerie*.
211 1231 21 4 —
241 1223 25 15 La
275 1221 86 19 première
370 1220 21 16 de
402 1219 18 17 lu
430 1218 66 19 reprise
507 1218 21 15 de
539 1217 50 16 «M«-

95 1244 38 16 rlus
151 1249 14 11 ».
182 1242 24 16 du
220 1241 69 17 célèbre-
314 1240 64 17 auteur
394 1238 73 19 Pagnol.
491 1240 11 13 a
520 1236 28 16 été
564 1238 25 14 un

96 1263 39 15 Trai
152 1261 93 18 triomphe.
262 1260 49 16 C'est
327 1261 42 13 avec
386 1257 25 17 les
426 1257 92 16 créateurs
535 1256 22 15 de
571 1256 18 14 la

95 1282 48 36 Eecc
156 1285 3 4 ■
173 1280 23 17 U.
208 1279 84 18 Chnrpin.
304 1278 42 15 Mlle
358 1277 103 18 Maguenot,
472 1275 65 16 Pierre.
547 1273 41 16 Cal-

114 1299 59 17 mand.
184 1298 65 17 Oéraid
260 1298 19 15 et
290 1297 56 16 Henri
357 1295 67 16 Vilbert
434 1297 33 14 oue
480 1294 17 15 ia
509 1294 48 18 pièce
570 1295 18 12 se

94 1323 42 15 ,oue
148 1319 68 17 chnque
228 1317 42 16 soir.
282 1317 14 15 A
306 1315 59 19 partir
375 1314 24 16 du
412 1314 10 15 2
433 1313 46 19 Juin,
492 1313 17 15 la
521 1312 68 16 célébru

95 1338 63 18 troupe
168 1336 93 19 Japonaise
272 1335 80 16 donnera
361 1333 41 17 huit
414 1333 66 18 grands
489 1331 56 19 galas.
556 1331 33 15 Lo-

95 1358 51 15 caion
160 1356 78 15 ouverte.
588 1365 6 8 ,

115 1381 101 16 Alhanbra.
227 1387 22 5 —
258 1379 24 16 La
292 1380 39 14 revi
338 1380 7 12 i
356 1382 8 9 •
376 1376 99 17 Bruxelles-
477 1375 84 16 Mélodies
573 1379 15 12 ».

94 1399 106 16 rormidible
211 1398 88 17 ensemble
310 1397 22 16 de
345 1395 83 17 '.ableaux
440 1395 84 18 superbes
536 1395 19 14 et
566 1395 22 13 de

95 1419 81 15 sketches
193 1418 21 15 de
231 1417 55 16 satire
303 1415 116 19 détopllanle.
434 1414 26 16 les
474 1414 40 18 plus
530 1413 58 15 beaux

95 1438 92 15 danseurs.
203 1434 132 18 d'Irrésistibles
352 1434 94 16 comioues.
463 1433 26 15 les
504 1432 19 15 10
539 1432 49 18 glrls,

94 1458 40 16 etc..
149 1457 18 15 et
181 1456 17 15 la
213 1455 79 15 fameuse
304 1453 83 19 éruption
402 1452 23 17 du
437 1452 73 16 VésuTe.

114 1480 123 16 Amfcaasadsr.
248 1486 22 6 —
279 1477 117 17 L'excellente
407 1479 53 13 revue
470 1476 22 15 de
504 1475 43 16 MU.
558 1475 21 16 Li-

93 1500 57 15 teaux
163 1501 18 14 et
192 1499 57 15 Rieux
261 1503 8 9 ■
282 1497 46 16 Cent
338 1499 33 13 ans
383 1496 52 18 après
447 1500 15 12 ».
473 1496 88 17 remporte
572 1494 15 15 le

93 1519 41 18 plus
145 1517 57 18 grand
213 1517 19 16 et
241 1516 18 16 le
270 1516 40 18 plus
322 1515 62 16 mérité
393 1515 31 15 des
435 1515 66 15 succès,
512 1516 52 14 grâce
576 1514 11 13 b

93 1540 21 13 as
125 1538 49 18 tout/
185 1536 57 16 bonne
253 1533 139 20 Interprétation
403 1535 19 14 et
432 1534 11 15 ft
455 1536 21 13 sa
488 1533 45 15 belle
544 1533 43 15 mise

92 1559 23 13 ea
127 1556 57 16 scène.

113 1579 107 16 Taadeville.
237 1587 22 5 —
275 1578 67 19 Depuis
360 1577 17 16 le
394 1576 152 17 renouvellement
564 1576 24 16 du

92 1600 73 17 copieux
179 1601 111 16 programme
300 1597 23 16 de
335 1596 18 16 la
367 1597 63 18 troupe
442 1596 24 15 du
481 1596 69 15 théâtre
563 1595 24 15 du

93 1618 63 16 Orand
167 1617 82 18 Guignol.
264 1617 12 15 U
288 1619 11 15 y
312 1619 11 13 a
336 1615 48 17 foule
397 1615 42 16 tous
451 1614 26 19 Jes
489 1615 52 15 soirs.
554 1613 24 16 Lo-

92 1638 60 15 cation
162 1639 33 16 par
205 1635 99 19 téléphone.

113 1661 59 15 Gaité.
185 1668 22 6 —
219 1660 25 16 La
255 1660 72 19 Joyeuse
341 1660 19 15 et
373 1658 99 19 spirituelle
485 1657 80 19 opérette
581 1660 5 13 :

93 1686 9 9 «
117 1680 76 16 Phi-Phi
207 1685 9 9 »
230 1679 69 16 obtient
312 1682 25 12 un
351 1678 61 16 succès
424 1676 106 17 formidable
544 1679 43 13 avec

93 1699 77 17 Rtttehe,
189 1699 87 16 Pestcrat.
296 1697 81 18 Malralt.
396 1697 45 18 Buxy
458 1697 75 16 Gossen,
552 1696 34 15 etc.

92 1718 95 16 Orchestre
202 1717 60 16 d'élite
277 1720 42 12 sous
333 1716 18 16 la
364 1715 88 17 direction
467 1715 21 16 de
503 1715 24 16 M.
542 1715 45 15 Paul

92 1737 62 15 Barat.
165 1736 120 18 Mannequins
297 1736 89 18 gracieux.

112 1761 77 16 Théâtre
202 1761 85 16 National
300 1761 58 18 Belge.
372 1768 21 4 —
407 1760 48 16 Tous
470 1759 25 16 les
510 1759 51 18 soirs,
575 1758 11 16 ft

91 1781 12 16 S
112 1780 18 16 h.
144 1780 24 17 19,
180 1780 13 15 il
205 1783 11 15 y
228 1783 11 12 a
252 1779 48 16 foule
312 1782 45 16 pour
369 1782 109 14 encourager
489 1778 26 16 les
527 1777 50 17 talen-

94 1800 54 15 tueux
167 1798 107 19 interprètes
294 1798 22 16 de
338 1803 9 9 ■
368 1798 43 16 Mon
433 1798 46 15 Ourc
499 1797 44 16 chez
560 1796 26 16 les

94 1818 62 16 Biches
170 1822 15 12 ».

111 1843 79 16 Molière.
204 1850 21 5 —
237 1843 24 15 M.
276 1842 31 16 Ch.
321 1842 90 16 Schauten
425 1842 84 17 remplira
521 1841 16 16 le
549 1842 37 14 roie

92 1862 24 16 du
131 1862 73 17 docteur
221 1861 46 16 dans
282 1866 9 10 a
308 1861 23 15 Le
346 1860 65 16 Mortel
425 1860 62 16 Baiser
504 1865 14 10 ».
535 1860 51 15 Cette

91 1883 60 13 couvre
167 1880 67 16 morale
253 1880 18 16 et
286 1879 101 20 palpitante
403 1879 39 16 fera
457 1879 45 16 salle
519 1879 67 16 comble

91 1899 69 19 chaque
173 1899 42 16 soir.

112 1923 146 17 Folics-Bercère.
266 1931 23 5 —
298 1924 14 15 A
324 1923 19 16 20
354 1924 18 15 b.
385 1922 24 20 15,
420 1923 18 16 la
448 1926 54 13 revue
512 1928 8 9 »
531 1923 55 15 Brus-

91 1943 27 15 tel
127 1946 23 15 op
163 1946 32 12 een
206 1942 61 19 flultje
280 1948 8 8 ■
304 1942 98 17 (BruxeUes
415 1943 29 14 air
455 1943 22 14 de
489 1942 97 16 mlrlltom,

92 1964 41 13 avec
152 1962 51 15 Nlnie
219 1962 113 15 Verscboore.
349 1961 29 15 Jef
396 1961 67 17 Orban,
481 1961 103 18 Monnoyer,

92 1980 111 17 Possemlers.
214 1981 80 17 Sterens,
305 1980 60 17 Doms,
376 1980 86 17 Mertens.
472 1981 34 15 etc.

110 2005 77 15 Théâtre
197 2005 92 16 Flamand.
299 2012 22 4 —
330 2006 14 15 A
353 2005 20 15 20
380 2005 25 16 h.,
407 2010 9 9 a
427 2005 25 15 De
461 2005 79 15 Mannen
550 2007 34 13 van

90 2024 18 14 il
110 2027 10 12 a
122 2027 35 12 non
170 2030 7 8 »
190 2024 40 16 (Lu
239 2024 57 15 Maris
307 2024 22 15 de
339 2024 83 16 Manon),
432 2026 36 16 une
479 2025 36 14 très
527 2024 58 15 bonne

90 2043 55 17 pièce.
159 2042 79 17 Illustrée
250 2046 33 15 par
294 2046 36 12 une
345 2042 96 16 excellente
455 2043 79 18 musique
548 2043 38 15 fort

90 2062 40 15 b:rn
140 2061 70 16 montée
220 2062 18 15 et
248 2061 52 18 Jouée
309 2064 43 13 arec
362 2064 24 13 un
396 2062 39 16 tact
443 2063 67 17 exquis.
519 2061 66 16 Mardi.

92 2080 9 17 I
114 2081 20 15 20
144 2080 24 17 h.,
182 2084 9 13 f
194 2080 28 15 nia
236 2083 23 13 en
271 2080 94 17 l'honneur
378 2080 22 16 de
412 2080 47 16 Mme
472 2081 68 15 Manon
552 2081 33 14 La-

89 2100 47 16 tour,
149 2098 18 16 la
178 2099 103 16 séduisante
294 2099 67 16 dlvette
373 2099 56 16 aimée
441 2099 23 16 du
477 2098 65 20 public.

110 2123 59 16 Palala
183 2123 55 17 d'Eté.
250 2132 22 5 —
283 2124 33 15 Les
328 2124 21 15 28
361 2124 54 15 nains
425 2124 22 15 de
460 2123 95 17 Schaeffer
567 2125 17 14 et

89 2143 17 15 le
122 2143 35 15 bon
170 2143 55 17 géant
239 2143 31 18 qui
285 2143 38 17 1/r
339 2144 37 14 rert
394 2143 20 15 de
430 2146 60 14 groom
505 2145 70 16 rempor-

89 2161 40 16 tent
141 2164 24 12 un
177 2161 61 16 succès
248 2161 127 18 étourdissr-nt,
391 2162 16 15 H
418 2162 92 15 d'ailleurs
521 2163 39 15 tout
573 2163 11 14 ft

89 2180 36 16 lait
141 2180 75 18 Justifié.
233 2180 23 16 Le
274 2181 48 15 reste
337 2181 23 15 du
377 2183 112 16 p'ogramme
506 2181 49 15 varié
572 2184 11 12 a

88 2199 79 16 souhait,
181 2199 92 16 contribue
286 2199 11 16 ft
308 2202 23 13 en
346 2199 47 16 faire
407 2199 16 16 le
436 2200 40 18 plus
488 2200 96 15 charmant

89 2217 31 16 Ses
139 2217 103 19 spectacles,
260 2219 80 17 pouvant
358 2218 38 16 être
415 2221 23 13 vu
457 2222 33 14 par
509 2220 40 14 tout
567 2220 17 14 le

88 2237 69 15 monde.
169 2236 53 16 Jeudi
235 2238 18 15 et
267 2237 100 18 dimanche,
380 2237 78 16 matinée
470 2238 11 15 ft
493 2238 9 15 3
516 2238 19 16 b.
549 2238 33 17 !.'«.

614 796 63 14 Baron-
680 798 8 9 r
699 798 18 10 -.--*
731 793 47 16 (1014
789 791 86 17 millibars

885 790 19 18 2)

1028 790 82 16 7Et0mm.4

614 813 127 18 Température
755 812 96 15 maximum

614 832 127 15 Tem->é-ature
753 830 92 16 minimum

1072 829 39 15 13-2

1019 847 20 15 79
1057 850 17 15 p.
1093 851 17 12 e.

614 870 38 15 Eau
667 868 69 17 tombée

1033 866 78 16 Goutte»

616 888 89 16 Direction
718 887 24 16 du
756 886 43 17 vent

614 908 69 14 Vitesse
697 906 24 16 du
735 907 43 14 vent

1019 904 9 15 3
1044 905 66 14 mètres

616 927 64 14 Heures
692 926 22 15 de
725 924 51 17 soleU

994 923 10 14 9
1015 923 65 15 heures
1089 924 21 14 23

614 945 72 15 Déclina
688 945 25 15 l*o
715 947 11 12 n
739 943 113 18 magnétique

821 974 70 17 Marées

613 1007 78 16 Ostende
704 1011 5 11 :
722 1007 9 15 4
742 1006 64 16 heures
819 1006 18 15 13
846 1006 19 15 et

877 1005 19 15 18
905 1005 63 15 heures
979 1003 27 16 37.

613 1027 68 15 Anvers
696 1029 5 13 :
717 1025 10 16 7
741 1025 65 16 heures
819 1025 18 15 10
850 1025 19 15 et

882 1023 21 16 20

917 1023 64 16 heures

993 1022 26 16 03.

612 1096 39 20 Les
667 1094 77 22 séants
758 1098 28 15 en
800 1093 75 20 seront

635 1140 52 19 L'on
704 1143 62 16 verra
796 1137 77 21 défiler
902 1137 31 20 les
950 1136 94 22 métiers,
1078 1137 30 19 les

611 1163 76 24 géants
700 1164 23 19 et
736 1162 21 20 la
770 1161 128 22 ménacerie,
910 1161 31 21 les
955 1159 114 22 chambres
1082 1161 26 19 de

611 1187 128 23 rhétorique,
767 1186 30 20 les
828 1185 102 23 liemafres.
949 1184 20 20 le
986 1184 122 23 Magistrat.

611 1210 176 23 Charles-Quint,
809 1205 154 27 l'Impératrice
1007 1207 24 21 et
1061 1207 47 20 leur

611 1235 63 22 Cour,
692 1234 31 21 les
740 1233 118 21 Serments.

634 1265 41 20 Ces
686 1268 90 19 grouw»
788 1262 70 20 variés
871 1261 122 21 donneront
1005 1265 43 16 une
1061 1260 46 20 idée

610 1288 44 20 très
672 1287 143 20 Intéressante
834 1286 27 20 de
877 1285 22 21 la
913 1284 34 21 vie
982 1284 79 21 «octale
1081 1284 26 19 de

610 1312 63 20 notre
688 1316 52 19 pays
754 1315 29 16 au
797 1310 60 20 XVT*
872 1308 68 22 siècle.

633 1342 85 19 Pourvu
735 1344 42 20 que
790 1340 21 20 le
829 1339 61 21 soleil
907 1338 71 20 donne
996 1342 44 15 aux
1055 1341 39 16 cou-

609 1365 57 21 leurs
679 1365 60 20 toute
754 1364 47 20 leur
813 1363 81 23 valeur,
903 1362 154 23 TOmmegang;
1070 1365 36 15 sn-

609 1389 76 21 tisfera
695 1389 31 20 les
737 1388 49 23 plus
798 1387 107 20 difficiles.

633 1419 40 20 Les
689 1417 111 21 deuxième
816 1417 25 20 et
859 1415 107 22 troisième
984 1415 78 20 sorties
1079 1415 27 18 (Mi

609 1442 84 23 cortège
712 1442 51 19 sont
782 1441 68 19 fixées
870 1444 43 16 aux
934 1438 127 21 dimanches
1084 1438 23 19 10

608 1466 53 20 août
672 1466 23 20 et
708 1466 12 19 7
731 1464 127 25 septembre.
875 1462 179 24 (Communiqué.)

608 1509 30 19 La
647 1508 88 19 fortune
745 1507 60 20 vient
814 1512 28 15 en
851 1506 83 20 buvant

607 1553 29 20 du
642 1552 49 21 café
697 1552 106 22 Carakou,
809 1551 63 24 grâce
878 1550 14 20 à
898 1554 35 16 ses
954 1549 86 24 primes.
1050 1548 57 20 cMO

609 1596 18 19 A
641 1595 22 19 la
678 1594 61 24 porte
753 1594 26 19 de
795 1594 82 18 Namur

632 1639 81 23 Depuis
727 1638 54 22 hier,
797 1638 20 20 le
830 1637 171 20 stationnement
1016 1635 37 21 des
1068 1636 26 19 vé-

608 1663 81 20 hiculas
699 1661 141 21 abandonnés
850 1662 34 19 est
896 1659 90 21 Interdit
996 1659 15 20 à
1021 1659 23 20 la
1054 1663 41 20 por-

608 1688 22 19 te
644 1687 26 19 de
686 1687 84 19 Namur
784 1686 80 19 autour
878 1685 28 20 du
921 1684 129 19 monument
1078 1683 27 19 de

608 1710 126 20 Brouckere.

631 1735 31 19 Le
676 1742 9 8 -
699 1733 93 24 parking
807 1740 17 15 «,
837 1731 67 27 établi
914 1735 39 16 sur
965 1735 44 16 une
1023 1731 38 19 des
1072 1731 23 19 al-

608 1758 48 21 lées-
664 1758 27 20 de
705 1757 97 20 l'avenue
813 1755 93 23 Marnlx,
919 1756 34 19 est
965 1754 78 20 utilisé.

631 1781 20 20 n
663 1782 34 19 est
712 1780 45 21 fort
771 1780 160 24 pratiquement
943 1782 75 18 conçu,
1032 1778 24 20 et
1082 1778 23 19 la

608 1805 126 24 disposition
748 1805 37 20 d*s
799 1804 94 20 voitures
908 1807 28 16 en
951 1802 55 20 biais
1021 1803 84 22 permet

607 1830 48 19 d'en
671 1829 117 23 reprendre
799 1827 120 24 possession
934 1830 53 16 sans
1004 1830 89 15 manœu-

608 1857 47 16 vres
667 1857 101 15 aucunes.
782 1861 26 6 —
821 1852 24 19 E.

607 1895 105 23 Toujours
723 1900 52 18 sage

606 1944 24 16 ce
644 1940 117 19 charmant
775 1938 53 20 bébé
841 1941 65 20 parce
920 1941 40 19 que
976 1941 24 15 sa
1014 1941 90 15 maman

607 1963 90 23 emploie
710 1962 165 23 régulièrement
886 1961 22 19 la
919 1960 81 23 poudre
1013 1960 92 20 soéciale

606 1987 28 19 N-
651 1987 41 20 112.
707 1986 27 20 de
749 1986 23 19 L.
787 1985 131 20 Eeckelacrs.
1026 1984 53 19 (Hi?
1080 1984 25 11 0,T

606 2028 123 20 Uniformes
747 2026 88 20 d'avant
837 2031 86 18 -guerre

111 2297 31 21 La
154 2298 108 24 princesse
273 2298 74 20 Astrld
358 2299 22 20 et
391 2299 31 20 les
435 2298 126 25 tont-pe-tlts

110 2343 88 19 Samedi
215 2342 134 24 après-midi,
364 2344 24 19 31
403 2344 51 22 mai,
471 2348 54 16 aura
541 2344 42 20 lieu

88 2366 55 20 dans
159 2366 131 20 l'admirable
304 2371 51 19 parc
371 2368 29 19 du
415 2367 40 21 Val
470 2368 115 21 Duchesse,

86 2393 31 16 un
151 2391 80 18 rrirden
246 2391 63 22 party
326 2398 16 15 »,
358 2391 99 22 organisé
472 2395 29 16 au
516 2391 68 24 profit

87 2413 26 20 de
128 2413 88 21 l'œuvre
233 2420 8 9 ■
248 2414 41 19 Les
304 2415 90 19 Centres
409 2414 27 20 de
448 2415 123 20 Puéricultu-

86 2441 43 17 re»,
135 2437 37 23 qui
183 2442 14 15 a
206 2441 55 19 pour
269 2438 41 19 but
321 2438 27 20 de
358 2438 107 20 recueillir
473 2439 32 20 les
515 2439 70 21 mères

87 2461 152 20 abandonnées
253 2462 24 19 et
289 2461 58 22 leurs
357 2462 96 21 enfants,
466 2463 24 20 et
500 2464 31 19 les
545 2467 28 15 en-

87 2484 61 21 fants
160 2485 143 20 moralement
316 2485 115 23 orphelins.
444 2486 98 20 L'œuvre
555 2486 31 20 les

87 2508 92 23 héberge
191 2509 54 20 dans
258 2509 37 21 des
305 2509 72 23 foyers
389 2510 37 22 qui
437 2510 96 23 rappelle
544 2514 29 16 au-

87 2532 51 20 tant
152 2536 41 20 que
209 2532 92 24 possible
312 2533 22 19 le
348 2533 62 23 foyer
423 2533 98 20 familial.

111 2555 33 20 La
157 2556 107 23 princesse
278 2557 72 18 Astrid
364 2557 62 21 vient
439 2557 27 20 de
480 2557 55 20 faire
548 2562 25 15 sa-

87 2579 47 27 voir
150 2583 43 16 aux
212 2580 165 23 organisateurs,
392 2581 76 22 qu'ella
484 2581 101 20 assistera

88 2603 14 19 à
114 2603 56 20 cette
192 2603 51 23 jolie
264 2604 51 19 fête,
335 2605 54 18 dont
410 2605 22 19 le
450 2609 135 18 programme

86 2630 50 15 sera
156 2627 134 23 magnifique
309 2628 22 18 et
343 2628 136 22 comportera
498 2629 76 19 notam-

86 2650 62 19 ment
166 2655 42 14 une
225 2650 171 23 représentation
416 2651 27 19 de
455 2652 84 20 danses,
556 2656 28 15 au

86 2672 95 21 Théâtre
199 2674 27 19 de
241 2674 102 20 Verdure,
358 2678 44 16 une
419 2674 46 21 fête
481 2675 103 24 nautique

86 2696 24 20 et
124 2701 31 15 un
171 2699 88 18 concert
274 2698 26 19 de
318 2697 82 20 chasse.
415 2707 27 6 —
457 2698 25 20 T.

84 2732 43 19 Des
139 2732 39 20 bat
190 2733 27 19 de
226 2733 46 19 soie

108 2777 128 21 Mesdames,
256 2778 51 19 sont
326 2778 85 21 offerts,
430 2781 28 17 en
477 2778 106 24 plusieurs

85 2799 71 22 séries,
172 2799 14 20 à
202 2800 38 19 des
258 2801 47 22 prix
320 2801 99 20 sacrifiés
435 2801 28 20 de
479 2802 76 20 moitié
576 2808 5 14 :

86 2824 53 18 10.50
151 2824 23 18 et
187 2824 29 19 12.
227 2824 24 19 50
263 2824 37 22 fr.;
314 2824 31 19 les
357 2825 12 18 3
381 2825 72 23 paires
467 2829 6 15 :
487 2826 25 18 30
524 2827 23 18 et
558 2826 25 19 S5

84 2846 28 19 fr.
123 2847 19 18 A
152 2847 37 19 LA
201 2848 167 19 COMPAGNIE
378 2849 146 22 ANGLAISE,
534 2850 38 22 pla-

84 2873 25 16 ce
124 2869 29 20 de
167 2865 127 25 Brou&ere.
529 2873 53 20 (H31

85 2905 31 19 La
128 2905 98 20 nouvelle
237 2905 109 20 résidence
357 2907 105 22 princlère

109 2948 31 21 Le
150 2949 43 20 duc
202 2950 22 19 et
235 2949 22 20 la
269 2949 104 21 duchesse
384 2950 28 20 de
420 2951 101 20 Brabant
530 2952 54 20 vont

86 2972 60 19 avoir
158 2976 31 16 un
201 2977 98 16 nouveau
312 2973 101 21 château.
425 2974 36 20 On
474 2975 33 19 est
519 2978 53 16 occu-

84 2995 28 24 pé
123 2995 15 20 à
151 2995 118 24 aménager
282 2996 15 20 k
310 2996 48 20 leur
369 2997 110 21 Intention
493 2997 22 21 le
528 2999 41 18 châ-

84 3021 50 17 teau
153 3019 28 19 de
187 3019 206 22 Villers-sur-Lesse.
399 3020 78 20 acheté
482 3021 57 22 jadis
546 3026 39 18 par

85 3042 92 23 Léopold
188 3043 29 22 n,
242 3042 50 23 puis
316 3043 84 21 devenu
423 3044 109 22 propriété
556 3045 27 20 de

86 3065 71 20 l'Etat.

108 3088 31 20 La
153 3089 56 21 terre
223 3089 27 20 de
262 3089 200 21 Villers-sur-Lesse
477 3095 13 15 a
502 3096 71 19 appar-

85 3112 52 20 tenu
159 3117 30 15 au
210 3113 92 20 vicomte
324 3114 27 19 de
375 3114 156 21 Desandrouin.
553 3119 29 16 au

84 3135 71 20 comte
179 3136 27 20 de
232 3137 247 21 Liedekerke-Beaufort
505 3139 23 19 et
553 3143 29 15 au

85 3159 70 19 comte
165 3159 28 19 de
206 3160 97 22 Cunchy.

108 3182 49 20 Une
177 3182 70 20 vieille
267 3187 92 19 gravure
379 3188 55 15 nous
455 3185 86 19 montre
562 3185 21 20 le

85 3205 93 21 château
189 3206 80 23 perché
279 3211 39 15 sur
326 3211 44 15 une
381 3207 79 20 colline
469 3208 114 20 dominant

84 3228 22 20 ls
122 3228 69 20 vallée
205 3234 30 15 au
251 3229 55 20 fond
322 3230 28 20 de
366 3230 91 23 laquelle
471 3235 30 16 on
518 3235 53 18 aper-

84 3252 43 20 çoit
146 3252 22 19 la
188 3252 70 20 ferme
275 3253 29 20 de
323 3253 131 23 Jamblinne,
471 3254 38 24 qui
527 3254 57 21 était

85 3275 105 20 autrefois
201 3276 94 20 château
308 3276 128 23 également

108 3298 41 20 Les
162 3299 86 22 princes
261 3299 97 23 jouiront
371 3300 21 19 là
404 3301 52 19 d'un
470 3301 34 19 air
517 3301 54 23 géné-

83 3326 59 16 reux.
156 3322 37 20 Un
208 3326 53 19 parc
276 3323 104 20 immense
396 3324 78 22 peuplé
490 3325 26 19 de
530 3325 42 20 che-

85 3345 79 20 vreuils
179 3346 22 19 et
213 3346 28 19 de
255 3346 70 20 daims
340 3347 42 19 fait
395 3347 57 20 suite
465 3347 15 20 à
494 3348 22 19 la
532 3352 40 19 pro-

84 3368 75 24 priété.

107 3391 32 21 La
152 3397 41 15 vue
207 3392 28 20 de
249 3397 35 15 ces
299 3394 100 22 gracieux
414 3394 104 20 animaux
530 3399 41 19 rap-

83 3416 81 23 pellera
181 3416 14 20 à
212 3416 22 19 la
252 3417 108 22 princesse
376 3417 75 20 Astrid
466 3418 43 20 les.
512 3416 73 22 beaux'

85 3443 63 18 parcs
160 3439 27 19 de
198 3444 41 14 son
249 3444 53 19 pays
314 3440 28 20 où
351 3440 32 20 les
394 3441 75 19 biche*
480 3441 104 20 viennent

85 3462 93 23 prendre
195 3463 40 19 des
254 3463 116 20 friandises
388 3464 27 19 de
431 3464 24 19 la
474 3464 61 20 main
554 3465 29 19 du

85 3489 136 19 promeneur.
235 3496 25 5 —
273 3487 25 19 L.

86 3520 18 19 A
115 3520 74 21 malin,
199 3521 69 19 malin
279 3521 23 20 et
313 3521 58 20 demi
377 3533 4 4 -
389 3536 3 4 .

108 3564 24 20 Si
153 3564 61 20 votre
234 3565 129 20 concurrent
383 3565 33 20 est
436 3570 59 15 assez
513 3566 69 20 malin

86 3591 55 20 pour
159 3587 84 20 utiliser
265 3589 32 19 les
317 3589 83 19 Petites
420 3590 114 19 Annonces
556 3590 28 20 de

86 3619 9 7 -
106 3610 34 20 La
149 3610 105 21 Dernière
265 3612 72 20 Heure
350 3620 17 14 »,
376 3612 95 23 soyez-le
482 3612 50 24 plus
542 3617 41 16 oue

86 3633 31 20 lui
128 3638 29 16 en
169 3635 128 23 annonçant
307 3635 49 23 plus
368 3640 40 18 que
421 3636 36 18 lui.
508 3636 76 20 (D4497

87 3668 157 24 L'Ommegang
262 3670 26 18 de
301 3669 110 21 Bruxelles

110 3712 32 20 La
154 3713 104 22 première
271 3714 68 19 sortie
350 3714 27 20 de
389 3714 150 24 l'Ommegang
550 3716 34 18 est

88 3736 56 19 fixée
156 3741 30 15 au
198 3737 24 19 15
232 3737 54 23 juin.
299 3738 31 19 Ce
341 3737 91 24 cortège,
445 3738 51 20 d'un
509 3742 64 16 carac-

88 3759 46 21 tère
147 3760 184 22 rigoureusement
347 3761 125 24 historique,
486 3762 98 23 puisqu'il

89 3783 60 23 puise
163 3788 33 16 ses
209 3783 96 21 données
317 3784 56 21 dans
385 3785 23 19 la
421 3785 130 23 description
558 3786 27 19 de

87 3806 149 24 l'Ommegang
254 3808 26 19 de
296 3808 53 21 1549,
360 3812 50 16 sera
427 3813 30 15 un
472 3808 59 24 régal
547 3813 26 15 ar-

88 3830 92 23 tistique.

113 3854 40 21 Les
170 3854 36 19 dix
224 3854 65 20 chars
305 3856 41 19 ont
363 3855 82 23 grande
462 3855 78 23 allure;
559 3856 27 19 lis

88 3880 74 19 seront
175 3877 83 21 traînés
271 3882 41 19 par
324 3879 50 22 sept
386 3879 97 19 chevaux
494 3883 80 19 capara-

87 3901 86 22 çonnés.
178 3901 51 20 -Les
243 3902 56 19 deux
314 3902 62 19 mille
389 3902 109 23 figurants
511 3903 62 22 porte-

88 3925 51 20 ront
152 3925 38 20 des
197 3925 107 20 costumes
316 3925 28 20 de
355 3925 99 20 couleurs
465 3926 110 23 chatoyan-

88 3949 40 21 tes,
140 3949 54 19 dont
205 3948 31 21 les
247 3949 79 19 teintes
336 3949 40 20 ont
386 3948 35 21 été
433 3949 91 20 choisies
534 3954 52 16 avec

87 3976 32 16 un
136 3972 53 23 goût
203 3972 80 23 exquis.

111 3995 31 20 La
159 3995 98 24 musique
273 3995 115 21 abondera.
404 3996 46 20 Elle
466 4001 48 15 ssra
531 3996 42 20 don-

86 4018 41 21 née
138 4024 41 18 per
185 4019 50 22 huit
243 4024 91 18 groupes
345 4019 27 20 de
381 4020 116 20 musiciens
508 4020 77 23 Jouant

85 4043 164 20 d'Instruments
264 4042 142 21 reconstitués
420 4043 165 23 expressément.

84 4070 29 16 en
123 4070 42 16 vue
176 4067 27 19 de
214 4066 156 23 l'Ommegang,
379 4071 41 19 par
431 4067 38 20 des
480 4067 93 23 trompet-

85 4090 34 19 tes
136 4089 115 21 thébainec-
280 4094 43 16 aux
340 4091 87 20 accents
445 4090 140 22 harmonisés,

85 4117 41 20 par
136 4113 28 20 de
174 4114 120 20 nombreux
304 4114 88 23 joueurs
401 4114 27 19 de
441 4113 62 22 fifres
513 4117 24 17 et
559 4114 26 20 de

86 4137 117 20 tambours.
223 4138 33 19 De
276 4137 120 20 nombreux
413 4137 111 22 tambours
544 4141 29 16 an-

84 4160 59 21 ciens
158 4160 134 21 scanderont
317 4161 22 19 la
367 4160 95 20 marche.
478 4161 107 20 Plusieurs

83 4188 92 19 groupes
188 4184 27 20 de
228 4184 117 21 chanteurs
357 4189 24 16 se
393 4184 74 22 feront
481 4184 104 20 entendre

86 4215 8 8 ■
102 4211 14 16 a
131 4205 84 26 câpslla
223 4215 15 13 ■>.
256 4208 102 20 (Comm.)

105 4268 244 43 DERNIÈRE
373 4275 191 38 MINUTE

130 4512 101 15 corasKs
246 4513 14 15 A
274 4512 130 16 BOITSFORT

52 4543 15 15 V
68 4556 5 4 -
83 4552 20 21 7"
115 4547 54 17 "i™
182 4550 29 15 DE
225 4552 27 15 LA
266 4552 65 16 VIIXE
343 4553 29 15 CZ
384 4553 100 16 BRlXElt
492 4554 4 12 l

44 4583 6 5 '
65 4574 114 22 ***»o.ï.-<3.
192 4581 52 18 Kwifc
268 4585 17 16 s.
300 4584 80 17 Linecln.

56 4603 40 17 *m
105 4607 59 18 Placé,
177 4614 5 11 :
193 4612 33 18 «i,
235 4614 50 17 t,*.
297 4617 83 18 Brrlport;
394 4618 87 18 b,,,^,

41 4632 72 19 net-art;
132 4638 54 19 Hadji

57 4663 68 20 Rasage
142 4670 6 12 :
168 4669 50 18 i».».
234 4673 42 15 a.SO:
297 4676 42 14 ■*._.
360 4678 10 15 g
375 4686 21 5 _

58 4693 74 17 Feloua*
147 4699 5 11 :
168 4697 50 18 19.-.
233 4701 43 17 «.ao:
293 4689 46 31 B.!*:'
352 4707 10 15 8
363 4715 26 7 —

58 4750 121 18 FOOTBALL.
193 4760 22 5 -
231 4755 49 17 X.t,
281 4758 12 14 h
309 4757 179 25 Bet^^etiandt

37 4782 14 16 A
73 4781 21 18 la.
113 4783 31 16 48e
166 4785 74 17 minute,
262 4787 17 15 le
296 4788 105 20 HWl-aauu
421 4794 74 18 Vantler.

12 4811 63 18 Heeck
91 4817 76 14 maraue
183 4819 45 14 pour
245 4820 33 14 wn
294 4818 69 20 équipe.

134 4872 103 15 COt'RSES
257 4873 29 15 EX
308 4873 87 17 FRANCE

52 4902 29 17 IV.
97 4911 21 3 —
136 4903 73 16 POn-E
225 4903 85 23 D'ESSAI
328 4905 41 16 DES
388 4907 108 18 F-OrLAï?.*-

29 4935 17 15 1.
59 4935 104 16 Xandover:
179 4935 15 16 3.
208 4935 85 17 Château
305 4935 98 18 Bousacut:
417 4937 15 16 3.
444 4937 53 18 Oron*

26 4966 17 16 *■
58 4966 43 20 Bail
115 4968 46 20 DO*.
479 4976 19 20 j^

24 4997 44 18 Kod
80 4999 61 19 places
157 5003 8 15 :
178 5001 96 21 jHjroua..
283 5002 73 18 llclito.
373 5004 92 18 Uenwai.

1 5022 11 24 t
44 5030 73 17 Kntuel
138 5031 10 18 |
168 5033 55 20 19.—,
239 5035 12 15 f
258 5034 26 16 M;
308 5035 38 17 7.jo
345 5047 7 9 (

630 2073 34 19 Au
678 2071 75 27 Mysée
778 2072 26 19 de
832 2070 92 22 l'armée,
938 2070 32 20 les
985 2070 119 19 uniformes

606 2096 88 20 d'avant
714 2100 75 19 guerre
809 2094 92 21 attirent
921 2094 97 23 toujours
1037 2093 55 20 beau

606 2124 55 19 coup
677 2120 27 20 de
721 2119 94 20 curieux.

630 2145 34 18 Au
676 2147 137 20 programme
827 2142 27 20 de
868 2142 21 20 !a
902 2141 50 22 fête,
961 2141 102 20 militaire
1076 2141 28 20 du

606 2167 129 20 Centenaire
750 2167 37 21 qui
800 2171 25 15 se
839 2165 112 21 déroulera
966 2170 29 15 au
1008 2165 54 20 Parc
1075 2164 30 20 du

606 2190 189 24 Cinquantenaire,
801 2190 32 21 les
850 2189 72 21 unités
940 2188 37 24 qui
992 2189 100 24 reprodui-

605 2216 51 19 ront
670 2215 31 20 les
714 2214 119 21 uniformes
846 2214 27 19 de
887 2213 54 23 1914,
953 2212 86 22 auront,
1052 2217 52 15 sans

606 2239 70 21 doute,
688 2242 31 16 un
732 2242 49 19 gros
791 2237 79 20 succès.

618 2264 35 18 On'
664 2262 77 20 aimait
752 2261 20 20 le
782 2261 102 23 shapska,
895 2260 31 21 les
937 2260 166 23 brandebourgs,

605 2286 22 20 la
637 2286 63 19 lance
709 2285 103 20 flammée
823 2285 37 20 des
871 2284 98 23 lanciers,
980 2284 20 20 le
1010 2284 94 21 colback,

605 2310 21 19 le
643 2308 88 21 dolman
748 2310 49 20 vert
813 2309 24 20 et
852 2308 22 20 la
891 2308 80 20 culotte
990 2308 114 20 amarante

606 2334 37 20 des
657 2333 80 23 guides,
751 2332 31 21 les
796 2332 84 24 plumes
894 2332 26 20 de
935 2336 39 19 coq
988 2332 37 21 des
1041 2336 51 15 cara

605 2357 81 20 biniers
713 2357 23 19 et
749 2356 32 20 les
809 2360 106 20 pompons
928 2360 77 19 rouges
1023 2355 37 20 des
1077 2355 15 20 li-

605 2381 86 23 gnants.
705 2390 28 5 —
748 2381 24 19 E.

605 2424 64 19 Pieds
678 2423 99 20 brûlants

604 2470 22 18 et
647 2469 73 19 toutes
724 2468 58 19 leurs
789 2467 73 20 autres
868 2466 117 21 affections
1007 2466 97 23 soulagés

607 2496 41 20 par
666 2492 23 20 Je
712 2491 94 23 système
812 2491 30 20 du
847 2491 39 19 Dr.
893 2490 80 21 Scholt
979 2490 32 22 45,
1016 2494 18 15 r.
1040 2490 48 19 Neu-

605 2520 33 18 ve,
648 2516 30 21 89,
688 2515 35 20 ch.
733 2515 105 23 d'Ixelles,
846 2515 19 22 8,
875 2519 18 16 r.
903 2513 38 21 des
951 2513 80 21 Cultes.
1046 2513 58 20 (2077

605 2558 60 18 Audi,
678 2563 44 13 -rrs
733 2556 130 20 consulaires

626 2603 41 19 Les
676 2603 77 22 agents
764 2600 99 24 désign-és
872 2600 96 22 ci-après
979 2600 122 20 donneront

601 2625 104 20 audience
716 2625 14 19 à
742 2625 87 19 l'Office
841 2624 137 20 commercial
989 2624 27 19 de
1029 2623 71 22 l*Etat,

603 2649 29 21 15,
644 2653 39 15 rue
697 2649 39 18 des
748 2648 124 22 Augustins,
885 2647 14 19 à
913 2647 112 20 Bruxelles
1042 2650 6 16 :

626 2672 75 19 Chine.
711 2681 27 5 —
748 2672 30 19 M.
789 2671 80 19 Gallet.
879 2670 82 21 consul,
972 2670 77 19 ancien
1062 2668 26 24 gé-

601 2697 51 18 rant
664 2696 29 19 du
706 2695 99 19 consulat
818 2695 26 19 de
855 2694 102 23 Belgique
970 2693 13 20 k
996 2694 105 18 Hankow.

601 2719 21 20 le
634 2718 105 20 mercredi
749 2719 24 18 21
785 2718 51 21 mal,
848 2718 27 19 de
884 2718 13 19 9
909 2718 22 19 h.
941 2718 25 19 30
978 2717 15 19 à
1003 2717 23 19 12
1037 2717 21 19 h.
1069 2717 30 19 30.

625 2742 60 20 T.ide.
694 2752 26 4 —
729 2743 30 18 M.
767 2741 101 23 Stansby.
878 2741 76 20 consul
962 2741 27 19 de
998 2740 102 23 Belgique

601 2766 13 20 k
626 2766 102 20 Colombo
744 2765 109 22 (Ceylan).
864 2765 22 19 le
897 2763 103 21 vendredi
1013 2765 22 18 13
1049 2763 51 22 mai,

600 2789 28 20 de
639 2790 13 18 9
665 2790 22 19 h.
699 2790 25 19 30
737 2789 14 19 à
766 2789 22 19 12
800 2789 22 19 h.
836 2789 30 19 30.

624 2812 215 20 Nouvelle-Zélande.
853 2822 26 5 —
893 2812 30 19 M.
938 2811 96 22 Nihotte,
1047 2815 40 15 con-

600 2836 34 20 sul
645 2837 26 18 de
680 2836 103 23 Belgique
793 2836 14 19 à
816 2835 138 22 Wellington,
964 2835 20 20 le
994 2835 105 20 mercredi

601 2861 24 19 28
638 2860 51 21 mal,
701 2861 26 18 de
741 2861 11 17 9
765 2860 21 18 h.
800 2860 23 18 30
837 2859 13 19 à
864 2860 21 18 12
897 2860 22 18 h.
932 2859 31 19 30.

624 2883 139 20 Guatemala.
777 2892 26 5 —
814 2884 30 18 M.
856 2882 105 20 Bernard,
975 2882 74 20 consul
1062 2881 25 24 gé-

600 2906 68 22 néral,
685 2907 37 23 qui
738 2911 23 14 s?
779 2906 80 20 rendra
877 2906 177 22 prochainement
1086 2904 13 20 à

601 2930 131 20 G-uatiémala
749 2934 55 19 pour
818 2934 15 18 y
848 2929 61 23 gérer
925 2930 24 19 la
962 2928 94 24 légation
1073 2929 26 19 de

601 2954 107 23 Belgique,
717 2954 21 19 le
748 2953 105 20 mercredi
862 2954 12 18 4
883 2952 54 25 juin,
948 2952 27 21 de
985 2952 23 20 14
1017 2952 15 20 à
1043 2953 23 18 17
1077 2952 22 19 h.

625 2977 97 21 Canada.
739 2987 27 5 —
781 2977 31 19 M.
830 2978 33 19 De
879 2976 84 21 Jardin,
981 2976 74 19 consul
1073 2975 26 20 de

600 3001 101 23 Belgique
712 3001 13 19 à
736 3001 114 22 Winr.ipef
852 3015 4 5 .
867 2999 21 21 le
898 2999 105 21 mercredi
1013 3000 23 19 18
1046 2998 54 24 juin,

601 3025 28 20 de
643 3026 23 19 10
677 3024 14 20 à
703 3025 23 19 12
739 3025 22 18 h.
773 3025 30 19 30.
816 3033 26 5 —
854 3023 74 23 Belga.
957 3036 7 7 .
980 3035 6 4 -

603 3067 40 19 Les
655 3066 71 19 billets
737 3066 27 19 de
775 3065 68 20 caisse

602 3110 15 20 à
633 3111 12 19 3
663 3110 56 20 mois
734 3109 57 20 émis
804 3113 42 19 par
862 3109 20 20 le
900 3108 74 20 Crédit
987 3107 115 21 Financier

602 3135 23 19 et
641 3133 99 21 Mobilier
755 3133 134 20 constituent
903 3136 29 16 en
947 3131 70 21 même
1032 3132 71 22 temps

602 3157 67 23 qu'un
685 3156 124 24 placement
824 3155 14 20 &
855 3157 64 18 court
936 3156 74 20 terme,
1024 3155 39 20 sûr
1080 3156 22 18 et

603 3179 169 22 rémunérateur,
793 3183 43 16 une
857 3178 104 20 véritable
980 3183 123 16 assurance,

602 3204 59 19 leurs
674 3203 108 20 titulaires
796 3202 64 20 étant
872 3201 99 20 couverts
983 3206 29 16 en
1024 3206 38 15 cas
1075 3200 27 21 de

602 3227 63 20 décès
680 3231 40 19 par
735 3226 106 22 accident,
854 3225 12 19 à
882 3229 144 16 concurrence
1040 3225 28 19 de
1080 3225 22 19 la

603 3250 74 20 valeur
690 3250 38 20 des
741 3249 72 20 billets
825 3248 108 21 souscrits.
947 3248 61 19 Taox
1021 3248 49 18 boni
1074 3248 26 18 Ht'

603 3279 28 14 en
642 3273 44 20 mal
700 3278 6 14 :
719 3274 42 17 5.55
773 3278 19 17 p.
805 3279 17 12 c.
1000 3271 102 21 (H285512

605 3314 152 23 Burgomaster
767 3314 53 19 Max
827 3313 7 19 !

627 3359 33 19 Au
678 3358 49 22 pied
743 3357 28 22 de
786 3357 105 19 l'escalier
919 3356 38 20 des
982 3356 65 20 Lions
1075 3356 27 19 de

604 3381 77 20 l'Hôtel
683 3381 104 21 -de-ville,
805 3384 31 15 un
851 3380 90 23 Anglais
958 3380 23 19 et
997 3383 44 16 une
1057 3380 33 18 An-

603 3405 67 23 glaise
679 3404 115 20 détaillent
804 3404 31 19 les
847 3403 98 23 épisodes
956 3403 28 19 de
995 3403 21 19 la
1029 3410 9 8 «
1050 3403 40 19 Jus-

604 3429 41 19 tice
658 3427 160 20 d'Herkenbald
831 3435 9 8 »
855 3426 94 22 sculptés
962 3430 28 15 en
1001 3430 32 15 un,
1044 3430 46 15 mer-

603 3451 91 20 veilleux
711 3450 159 23 cul-de-lampe
885 3449 109 23 suspendu
1011 3449 57 19 dans
1082 3449 20 19 le

603 3474 54 20 vide.

628 3498 58 19 Sans
698 3501 42 20 que
753 3497 32 19 les
799 3496 113 23 étrangers
923 3496 48 19 l'ait
984 3495 119 23 remarqué,

604 3526 29 16 un
649 3521 54 20 auto
719 3520 52 20 s'est
788 3519 73 20 arrêté
875 3520 82 20 devant
974 3523 42 16 eux
1031 3519 24 19 et
1071 3523 31 15 un

604 3545 110 19 monsieur
726 3548 29 16 en
768 3543 85 20 toilette
866 3541 150 25 d'après-midi
1029 3546 28 15 en
1070 3543 33 18 est

604 3567 114 21 descendu.

627 3591 57 20 Mais
698 3590 104 23 l'Anglais
817 3590 49 20 tout
879 3588 14 20 à
908 3593 55 18 coup
977 3589 99 19 sursaute
1095 3592 6 15 :

627 3624 27 5 —
664 3614 59 19 Look
732 3614 5 19 !
755 3613 155 24 Burgomaster
924 3613 53 19 Max
986 3612 6 19 !
1007 3612 96 20 chucho-

604 3637 78 20 te-t-U.

628 3661 30 19 Sa
668 3664 120 19 compagne
799 3664 23 15 se
832 3660 102 19 retourne
945 3658 134 20 admirative.

630 3684 69 19 Notre
702 3684 93 20 Tnaïeur,
800 3683 78 23 coquet
883 3683 24 19 et
912 3681 114 23 distingué,
1033 3682 70 23 prend

604 3712 42 15 une
659 3707 69 23 petite
743 3706 35 21 clé
792 3707 22 19 et
829 3710 65 15 ouvre
910 3705 22 20 la
946 3706 61 28 porte
1023 3705 79 20 bardée

604 3730 27 20 de
652 3731 40 19 fer.
715 3730 19 20 U
740 3728 107 25 disparaît
852 3729 56 20 dans
927 3726 92 23 l'édifice
1040 3728 51 20 sécu-

603 3754 60 20 laire.
677 3754 29 19 Et
718 3754 33 19 les
765 3753 106 21 visiteurs,
885 3753 50 19 tout
949 3752 110 19 absourdis
1075 3752 27 20 de

603 3777 46 20 leur
658 3777 99 20 aubaine,
766 3781 28 16 en
803 3775 98 21 oublient
908 3779 43 16 van
959 3775 143 22 Ruysbioeck,

604 3804 43 16 van
661 3800 60 20 Rode
735 3800 22 19 et
770 3800 32 19 les
814 3799 101 23 imagiers
928 3798 30 20 du
971 3799 49 19 XV*
1033 3798 69 21 siècle.

604 3833 27 5 —
640 3823 25 19 L.

605 3864 36 20 Un
653 3863 130 24 évangéllste

629 3909 43 19 Par
687 3908 32 21 les
736 3908 70 20 beaux
834 3908 66 22 jours,
928 3907 21 20 le
965 3907 52 21 Bois
1034 3907 27 20 de
1080 3907 22 20 la

605 3930 92 22 Cambre
703 3936 27 15 ou
743 3932 22 19 le
771 3936 51 18 parc
829 3932 26 19 de
860 3931 87 20 Laeken
956 3931 88 19 avaient
1059 3931 43 23 pris

605 3955 44 20 l'an
664 3955 86 20 dernier
763 3960 31 16 un
808 3955 55 22 petit
876 3955 34 19 air
925 3954 27 20 de
966 3954 135 23 Hyde-Park.

629 3979 44 22 Des
691 3978 140 23 évangélistes
862 3982 14 20 y
893 3978 126 23 prêchaient
1039 3978 62 21 d'une

604 4002 49 20 voix
665 4002 141 22 tonitruante,
813 4006 14 19 y
838 4001 128 21 chantaient
980 4001 37 21 des
1029 4001 61 20 canti-

604 4030 52 18 ques
671 4029 29 17 en
728 4026 188 22 s'accompagnant
946 4025 50 20 d'un
1012 4025 77 19 harmo-

605 4049 61 20 nium
679 4050 23 19 et
715 4053 14 20 y
743 4049 117 20 vendaient
875 4049 38 20 des
925 4048 73 20 bibles.

629 4073 89 20 Comme
734 4072 16 21 H
769 4072 43 20 fait
832 4072 61 20 froid,
912 4072 32 22 les
962 4076 139 19 promeneurs

604 4096 51 20 sont
666 4100 60 16 rares
742 4100 30 16 au
787 4096 46 20 bois
850 4100 28 16 ou
894 4100 29 15 au
938 4099 58 20 parc.
1013 4096 88 19 Comme

605 4120 22 20 la
642 4119 99 21 clientèle
754 4124 29 15 ne
798 4119 75 20 venait
887 4119 49 23 plus
951 4119 14 20 k
977 4119 36 23 lui,
1028 4123 30 16 un
1074 4119 27 20 de

605 4148 34 16 ses
651 4143 140 23 évangéllstes
801 4144 34 19 est
847 4147 56 16 venu
914 4142 15 20 à
938 4142 46 21 elle.

629 4167 19 19 U
662 4166 51 21 s'est
729 4166 91 22 Installé,
837 4166 52 23 hier,
906 4166 80 20 devant
999 4166 20 20 le
1032 4166 57 23 péris-

606 4190 43 23 tyle
663 4190 27 21 de
703 4190 22 20 la
736 4190 109 20 Monnaie.
857 4199 26 6 —
895 4190 23 20 E.

605 4232 40 22 Les
658 4231 93 27 flattions
765 4237 28 14 en
807 4231 58 24 plein
877 4231 34 20 air
926 4238 10 11 «
945 4232 38 18 Ad.
997 4232 52 19 Max
1064 4239 12 11 »

617 4276 54 20 Sous
690 4275 31 20 les
727 4275 97 23 auspices
832 4276 27 19 de
878 4275 22 20 la
905 4275 103 20 vaillante
1029 4279 72 16 œuvre

605 4300 188 22 philanthropique
805 4308 2 5 ■
815 4298 136 20 L'Académie
973 4298 119 21 Culinaire»
1096 4314 5 8 ,

603 4327 41 20 que
655 4322 85 24 préside
750 4323 30 19 M.
794 4323 122 18 Guillaume
930 4322 116 20 Verheven.
1061 4326 28 17 au-

603 4351 27 16 ra
641 4347 50 22 lieu,
708 4346 115 20 dimanche
840 4345 111 24 prochain,
980 4346 25 19 25
1020 4346 52 21 mal,
1087 4346 14 19 k

604 4370 143 22 Vlesembeek,
764 4370 14 19 à
791 4370 13 19 3
818 4369 78 21 heures
910 4370 28 18 de
954 4369 147 23 l'après-midi,

604 4394 168 23 l'inauguration
788 4393 27 20 de
831 4393 22 20 la
867 4392 83 21 station
967 4393 134 19 d'éducation

603 4422 28 16 en
643 4418 59 23 plein
715 4418 32 18 air
760 4423 9 12 "
777 4416 97 24 Adolphe
887 4417 53 19 Max
951 4426 18 10 •>.

627 4442 41 20 Cet
684 4441 168 21 établissement,
867 4439 30 21 dû
914 4439 15 20 à
945 4439 102 20 l'activité
1075 4439 25 21 de

603 4465 128 21 l'Académie
751 4464 135 22 Culinaire»,
904 4464 34 19 est
957 4463 82 19 réservé
1058 4467 43 17 aux

600 4489 91 20 enfants
707 4492 92 20 pauvres
813 4488 38 19 des
879 4486 68 21 écoles
963 4487 28 19 de
1006 4486 23 20 la
1045 4486 55 23 ville,

602 4512 134 24 transportés
756 4512 22 20 le
798 4511 72 20 matin
892 4511 23 20 et
946 4509 101 21 ramenés
1080 4510 20 19 le

600 4537 45 19 soir
658 4541 29 15 en
700 4535 137 21 automobile.
851 4534 64 20 Cette
928 4533 58 21 école
999 4538 30 15 en
1042 4533 58 23 plein

602 4560 34 20 air
652 4560 34 20 est
698 4558 126 25 fréquentée
851 4562 30 17 «n
910 4561 25 16 ce
946 4557 98 20 moment
1061 4561 41 18 par

602 4585 56 19 deux
671 4584 61 20 cents
745 4583 88 20 écoliers
846 4582 24 20 et
882 4581 107 20 écolières.
999 4590 27 5 —
1038 4581 25 19 T.

601 4627 31 19 La
645 4625 64 21 santé
724 4625 27 20 de
766 4625 28 19 M.
809 4623 101 21 Laboulle

624 4672 31 19 M.
670 4670 109 22 Laboulle,
794 4669 78 20 ancien
886 4667 100 22 ministre
1000 4667 23 20 et
1035 4667 54 20 séna-

602 4696 50 19 teur
673 4693 146 22 collectiviste,
851 4693 53 20 B'est
937 4696 29 15 vu
988 4691 111 20 contraint

602 4718 161 21 d'abandonner
775 4721 55 20 pour
844 4716 100 23 quelques
958 4715 61 23 jours
1032 4715 21 19 la
1067 4715 22 19 di-

600 4743 83 20 rection
700 4741 29 21 du
759 4740 164 21 Commissariat
951 4738 88 24 général
1070 4738 29 21 du

600 4766 175 24 gouvernement,
795 4764 50 24 près
866 4764 27 20 de
913 4762 139 25 rExposition
1074 4761 26 20 de

599 4790 70 23 Liège.

624 4814 30 20 M.
670 4813 102 20 Laboulle
784 4812 52 20 s'est
850 4810 66 21 retiré
932 4810 55 21 dans
1002 4814 43 16 une
1059 4809 29 21 cli-

600 4837 71 23 nique,
688 4841 55 20 pour
759 4841 15 19 y
788 4836 61 21 subir
863 4839 43 16 une
922 4834 113 24 opération
1052 4833 37 20 chi-

602 4860 109 23 rurgicale.
723 4870 27 6 —
760 4861 24 19 E.

604 4900 67 21 Marie
684 4902 48 19 Bell
746 4904 33 18 est
793 4901 81 20 mariée

627 4943 31 19 La
680 4944 50 22 jolie
750 4946 113 19 sociétaire
897 4946 27 19 de
944 4945 22 20 la
986 4944 113 21 Comédie-

604 4965 119 24 Fiançaise,
736 4969 69 19 Marie
818 4969 53 22 Bell,
885 4969 61 21 vient
958 4969 116 23 d'épouser,
1086 4968 14 19 k

605 4987 99 23 Londres,
715 4994 30 16 un
757 4992 59 20 riche
827 4993 111 23 Egyptien,
948 4993 85 19 Whaba
1044 4992 55 20 Bar-

605 5014 61 16 soum
680 5012 78 20 Pacha.

630 5033 35 20 On
683 5034 60 23 prête
758 5036 15 20 à
788 5037 23 19 la
829 5039 107 22 gracieuse
956 5039 76 20 artiste
1051 5039 37 21 l'In-

605 5056 85 20 tention
703 5057 27 20 de
740 5059 80 22 quitter
833 5062 22 18 la
867 5062 84 20 maison
965 5063 26 20 de
1005 5063 94 19 Molière.

604 5088 26 6 —
641 5079 25 20 T.

1161 266 29 19 Le
1206 265 71 20 Palais
1304 266 118 22 d'Egmont.
1452 265 28 21 où
1495 266 105 21 s'ouvrira
1613 266 20 20 le

1137 290 53 20 mois
1205 289 104 23 prochain
1325 294 42 15 une
1382 290 120 23 exposition
1515 291 27 19 de
1556 295 65 15 souve-

1135 313 46 20 nirs
1195 314 26 19 de
1235 313 53 21 1C30,
1303 313 79 23 évoque
1398 314 112 20 lui-même
1525 314 95 23 puissam-

1135 338 60 19 ment
1215 337 20 20 le
1247 336 62 24 passé
1328 337 28 19 de
1371 338 63 19 notre
1452 342 59 19 pays.

1159 362 57 18 C'est
1228 361 125 19 l'infortuné
1366 362 70 19 comte
1447 362 120 22 d'Egmont,
1580 362 52 19 dont

1135 384 21 19 la
1167 385 73 19 statue
1252 388 24 16 se
1289 385 75 20 trouve
1379 385 80 19 devant
1473 385 22 20 le
1508 385 75 23 palais,
1596 385 36 23 qui

1135 409 93 19 termina
1242 408 31 22 les
1285 408 92 20 travaux
1391 409 26 19 de
1432 409 146 20 construction
1604 410 28 18 da

1134 432 60 19 vaste
1210 431 65 20 hôtel.

1157 456 97 23 Quoique
1271 460 23 15 ce
1308 456 68 22 palais
1394 456 35 20 fut
1446 457 130 21 reconstruit
1603 460 28 16 en

1133 479 71 23 partie
1215 481 23 18 et
1248 479 14 20 k
1275 479 92 20 diverses
1380 480 98 23 époques,
1489 480 16 19 il
1517 480 49 19 n'en
1579 484 40 15 con-

1133 503 67 19 stitue
1209 507 40 19 pas
1259 503 72 19 moins
1340 503 45 20 l'un
1396 504 38 19 des
1444 504 88 20 édifices
1543 504 77 19 histori-

1132 531 52 18 ques
1197 526 32 21 lea
1242 526 49 23 plus
1305 527 131 22 importants
1451 528 27 19 de
1491 527 116 20 Bruxelles.

1157 551 44 20 Des
1218 550 61 20 hôte--?
1295 550 26 19 de
1333 555 90 18 marque
1440 555 14 19 y
1471 551 97 22 logèrent
1585 555 6 15 :
1609 551 22 19 i».

1132 573 59 20 reine
1206 573 108 21 Chilsttn"
1330 574 26 20 de
1372 573 75 25 Zuèdc,
1460 574 64 20 Louis
1538 574 47 23 XV,
1611 574 20 19 le

1132 597 94 23 marquis
1240 596 27 21 d*
1277 596 56 21 Pilé.

1157 621 56 20 C'est
1227 620 23 20 's
1264 622 95 23 marquis
1373 622 26 20 Cz
1412 621 50 20 P.Ié
1477 622 36 23 qui
1529 622 28 20 fit
1573 622 58 23 périr

1132 644 140 22 Anneessens,
1287 649 24 15 ce
1324 645 84 23 martyr
1423 645 26 20 de
1463 645 24 20 la
1497 645 83 20 liberté.

1156 668 55 21 Prié,
1227 668 36 23 qui
1279 669 61 22 logea
1354 673 28 16 au
1399 669 71 20 Palais
1488 669 142 21 d'Aremberpr,

1132 695 28 16 ne
1173 692 39 20 dut
1228 697 39 18 pas
1284 692 76 23 goûter
1375 692 20 20 le
1410 692 88 20 charme
1515 693 37 20 des
1569 692 49 20 alen-

1133 716 65 21 tours,
1214 720 37 15 car
1265 715 16 20 11
1296 715 57 21 était
1366 715 61 21 Irrité
1441 716 75 20 contre
1532 716 31 20 les
1580 716 39 19 Fla-

1132 739 84 20 mands.

1156 773 25 5 —
1192 765 30 19 Ce
1234 768 54 18 pays
1299 764 78 22 perdra
1388 767 35 16 ses
1434 762 112 24 privilèges
1557 767 28 15 ou
1596 766 35 16 ses

1131 787 111 23 privilèges
1256 788 20 19 le
1288 787 105 23 perdront
1401 788 6 18 !
1420 787 125 19 s'exclama-
1547 787 8 18 1
1558 786 32 21 -il.
1604 790 26 15 en

1130 811 150 23 contemplant
1303 811 152 22 l'orgueilleuse
1478 810 151 21 Grand'Place,

1131 833 82 21 témoin
1230 834 27 20 de
1286 834 23 20 la
1338 834 112 23 puissance
1466 833 162 23 démocratique.

1132 867 24 5 —
1169 858 23 19 L.

1132 894 30 19 La
1173 894 76 19 chasse

1732 116 157 29 NOUVELLE
1905 113 177 34 LITTÉRAIRE

1656 205 99 58 LA
1778 207 373 62 DOUCEUR

1734 288 79 45 DE
1848 289 223 49 PARTIR

1154 938 60 20 Nous
1226 942 67 15 avons
1305 938 32 19 dit
1350 942 41 18 que
1405 938 29 19 M.
1448 937 69 22 Baels,
1532 937 98 19 ministre

1131 961 27 20 de
1174 960 155 24 l'Agriculture,
1345 961 60 19 avait
1419 960 77 24 déposé
1513 965 29 15 un
1559 960 72 23 projet

1131 985 26 19 de
1168 985 30 19 loi
1215 984 118 20 modifiant
1349 984 23 19 la
1383 984 30 20 loi
1428 988 39 15 sur
1484 984 22 19 la
1523 984 82 19 chasse.

1154 1009 30 18 Ce
1199 1008 72 23 projet
1282 1008 45 19 vise
1341 1008 88 19 d'abord
1443 1007 14 20 à
1471 1007 102 20 instituer
1587 1011 43 16 une

1130 1031 67 20 caisse
1213 1035 114 16 commune
1344 1031 115 19 alimentée
1474 1035 41 19 par
1528 1031 31 21 les
1575 1031 43 19 coti-

1130 1055 83 20 sations
1225 1055 37 21 des
1275 1055 119 22 chasseurs,
1408 1059 28 15 en
1447 1059 40 15 vue
1501 1055 27 19 de
1541 1054 76 20 dédom-

1130 1083 74 18 mager
1219 1078 31 20 les
1265 1078 140 21 cultivateurs
1421 1078 37 20 des
1472 1082 90 19 ravages
1576 1081 41 16 cau-

1127 1102 35 20 sés
1175 1107 40 18 pas
1233 1102 21 20 le
1267 1101 100 24 sanglier.
1375 1102 20 19 Il
1405 1101 80 24 stipule
1498 1106 41 19 que
1553 1102 31 20 les
1598 1101 19 19 ri-

1130 1126 90 21 verains,
1234 1125 14 20 k
1260 1126 37 23 qui
1308 1126 22 19 la
1344 1125 28 20 loi
1387 1126 71 19 donne
1471 1125 21 20 le
1504 1125 57 20 droit
1573 1124 45 21 d'af-

1130 1149 58 20 fûter
1204 1149 21 20 le
1239 1149 96 23 sanglier
1352 1149 22 20 la
1391 1149 54 22 nuit,
1458 1149 92 20 devront
1566 1148 51 20 doré-

1129 1173 84 19 navant
1233 1172 99 23 prévenir
1367 1173 22 19 la
1423 1171 150 25 gendarmerie
1591 1171 38 20 des

1129 1196 71 22 postes
1215 1196 157 20 d'observation
1386 1197 61 23 qu'ils
1460 1197 40 19 ont
1514 1196 78 20 choisis
1607 1196 22 18 et

1129 1224 30 17 ce,
1171 1220 47 19 afin
1237 1219 87 20 d'éviter
1339 1220 37 20 des
1394 1220 116 20 accidents.

1152 1243 90 20 D'autre
1254 1243 57 23 part,
1323 1244 20 19 le
1356 1243 72 23 projet
1438 1247 105 17 corceme
1556 1243 60 23 égale-

1128 1267 61 20 ment
1203 1267 22 19 la
1238 1267 133 20 destruction
1384 1268 38 19 des
1436 1267 70 24 lapins
1518 1270 110 19 sauvages.

1129 1290 18 20 Il
1163 1291 83 23 permet
1263 1295 29 15 au
1309 1291 99 20 ministre
1421 1291 26 20 de
1465 1290 97 21 décréter
1592 1290 37 19 ries

1128 1318 95 16 mesures
1243 1314 146 23 s'aprpllquant
1419 1314 14 20 k
1453 1315 38 20 des
1510 1313 119 21 territoires

1127 1337 96 26 étendus,
1235 1342 29 15 en
1274 1342 41 16 vus
1327 1338 27 20 de
1366 1338 95 20 détruire
1472 1339 20 19 le
1503 1338 61 23 lapin
1576 1342 39 15 sau-

1128 1366 59 16 vage,
1204 1361 84 23 lorsque
1324 1361 22 20 la
1364 1361 115 24 proliflclté
1498 1362 26 19 de
1541 1361 86 20 celui-ci

1127 1389 89 16 menace
1231 1385 26 20 de
1273 1385 63 20 nuire
1352 1390 42 15 aux
1407 1385 96 20 récoltes.
1517 1385 74 20 Enfin.
1608 1385 20 19 Je

1127 1408 71 23 projet
1217 1409 54 19 tend
1301 1408 15 20 à
1347 1410 118 22 permettre
1483 1409 21 20 le
1520 1409 108 19 transfert

1127 1432 65 20 d'une
1202 1433 76 19 chasse
1290 1432 15 20 à
1317 1437 43 16 une
1373 1433 69 22 autre,
1455 1433 27 20 de
1495 1433 79 23 gibiers
1588 1433 39 18 tels

1127 1460 40 19 que
1184 1456 21 19 le
1216 1456 80 22 faisan,
1313 1456 20 20 le
1347 1456 113 24 perdreau,
1476 1456 21 20 le
1513 1456 114 22 chevreuil,

1127 1479 20 19 1?
1159 1479 71 20 lièvre.

1150 1503 19 19 II
1184 1503 68 20 classe
1267 1504 21 19 !n
1304 1503 86 20 Muasse
1406 1505 23 19 et
1444 1503 22 20 la
1481 1508 76 19 grouse
1572 1504 55 19 dans

1125 1526 23 20 là
1164 1526 81 23 catégn*
1244 1528 6 9 1
1253 1532 16 8 --
1289 1527 36 11 -'--
1339 1527 83 21 rlbiers.
1441 1527 54 20 dont
1522 1527 23 20 la
1563 1528 64 19 vente

1125 1551 56 19 n'est
1195 1547 107 24 autartsâe
1316 1555 41 19 qu?
1371 1551 82 20 durant
1465 1551 22 20 la
1499 1551 87 24 période
1601 1552 26 19 de

1126 1574 21 20 la
1160 1575 82 19 chasse.

1150 1598 40 19 Les
1204 1598 77 22 gardes
1296 1598 37 21 des
1348 1599 60 19 Eaux
1422 1599 23 20 et
1458 1599 76 19 Forêts
1548 1599 80 19 auront

1125 1622 59 20 drott
1199 1622 175 22 d'investigation
1390 1623 56 19 dans
1463 1622 31 20 les
1522 1622 47 20 bois
1586 1627 29 19 ap-

1125 1646 120 23 partenant
1262 1645 15 20 â
1289 1646 38 20 des
1346 1645 142 24 particuliers.
1506 1646 53 20 —X.

1125 1682 31 19 La
1166 1682 45 19 fête
1221 1682 38 20 des
1270 1682 110 23 drapeaux
1391 1682 14 19 à
1417 1682 65 20 Mons

1151 1728 18 19 A
1182 1731 25 16 ce
1219 1727 56 23 jour,
1286 1727 50 23 plus
1351 1728 27 19 de
1390 1728 37 19 800
1440 1727 117 24 drapeaux,
1571 1727 43 20 ban-

1126 1751 76 23 nières,
1212 1751 123 22 étendards,
1347 1751 87 20 fanions
1447 1752 38 19 des
1494 1751 92 21 sociétés
1597 1752 29 20 du

1125 1775 99 20 Halnaut
1234 1775 52 20 sont
1298 1774 87 21 inscrits
1398 1779 55 18 pour
1466 1775 20 20 le
1497 1775 71 24 grand
1577 1779 39 15 cor-

1126 1798 48 23 tège
1189 1798 38 24 qui
1253 1798 80 20 sortira
1360 1798 14 21 k
1386 1800 71 21 Mons,
1474 1799 20 20 le
1511 1799 116 20 dimanche

1125 1822 24 20 29
1161 1822 49 22 juin
1224 1822 112 24 prochain.

1150 1846 73 20 Parmi
1238 1846 32 20 les
1283 1847 112 19 souvenirs
1413 1846 96 23 glorieux
1528 1847 26 19 de
1573 1847 54 20 1830.

1126 1870 110 23 drapeaux
1249 1870 26 20 de
1290 1870 154 21 combattants,
1457 1871 27 20 de
1497 1871 23 20 la
1532 1870 83 21 Révolu-

1125 1894 47 19 tion
1189 1893 61 23 belge
1266 1894 24 19 ct
1307 1894 110 23 drapeaux
1448 1894 122 20 d'honneur
1599 1894 27 20 de

1126 1918 53 20 1830.
1198 1917 71 20 citons
1297 1922 54 15 ceux
1382 1918 27 20 de
1420 1922 5 15 :
1446 1919 71 21 Mons,
1536 1918 90 21 Blnche.

1126 1941 118 21 Charlerol.
1260 1941 113 22 Gosselles,
1388 1942 115 22 -Chàtclet.
1521 1942 106 23 Enghlen.

1124 1965 223 24 Fontaine-l'Evêque.
1382 1966 184 21 Salnt-Ghislaln.
1595 1966 31 19 La

1125 1989 83 20 Hestre.
1223 1989 85 21 Meslin,
1321 1989 113 22 Peruweiz,
1448 1989 124 23 Qulévratn,
1586 1990 40 19 Se-

1125 2013 68 21 neffe.
1209 2013 61 19 Dcur
1285 2013 23 20 et
1325 2013 137 23 Quaregnon.

1148 2037 30 19 Le
1191 2036 55 20 b?au
1260 2037 96 23 drapeau
1368 2037 82 20 officiel
1462 2037 26 20 de
1501 2037 23 20 la
1536 2037 51 20 ville
1600 2037 27 19 de

1124 2059 70 24 Mons,
1209 2060 67 23 gardé
1290 2065 28 15 en
1334 2060 21 20 la
1370 2061 54 20 .salle
1439 2061 38 20 des
1491 2060 89 21 séances
1596 2061 30 19 du

1125 2084 86 20 Conseil
1230 2085 130 22 communal,
1379 2089 49 15 sera
1449 2085 59 19 aussi
1528 2085 30 20 du
1577 2089 38 15 cor-

1125 2107 54 23 tège.

1148 2132 37 20 On
1197 2136 14 18 y
1224 2136 62 16 verra
1301 2132 122 22 également
1436 2132 26 20 de
1475 2132 82 20 vieilles
1569 2132 43 20 ban-

1125 2155 70 20 nières
1214 2156 26 20 de
1258 2155 90 22 sociétés
1366 2156 80 21 datant
1463 2157 89 19 d'avant
1572 2157 53 18 1830.

1124 2189 25 4 —
1162 2179 25 19 T.

1124 2215 36 20 Un
1175 2215 148 20 anniversaire
1338 2215 15 20 à
1365 2216 64 23 Liège

1148 2260 122 20 Dimanche
1283 2260 112 23 prochain,
1407 2261 24 20 25
1445 2260 50 21 mal.
1509 2265 54 16 aura
1576 2261 49 22 Heu,

1124 2284 14 19 à
1150 2284 69 23 Liège,
1233 2284 21 20 le
1266 2284 89 23 congrès
1368 2285 28 19 de
1409 2284 23 20 la
1445 2284 130 20 Fédération
1588 2285 37 19 des

1124 2308 83 20 Unions
1225 2308 149 23 postscolaires
1404 2309 26 20 de
1449 2309 177 22 Renseignement

1124 2336 77 19 moyen
1219 2332 89 20 officiel.

1148 2355 30 21 Ce
1194 2355 90 24 congrès
1299 2356 35 19 est
1346 2355 99 24 organisé
1459 2360 50 17 sous
1525 2356 33 20 les
1573 2360 40 16 aus-

1125 2379 56 23 pices
1193 2380 26 19 de
1230 2379 110 21 l'Amicale
1352 2380 37 21 des
1401 2379 93 22 Anciens
1506 2379 69 22 élèves
1588 2380 37 20 des

1124 2403 69 21 écoles
1210 2407 118 20 moyennes
1346 2404 27 19 de
1397 2403 70 24 Liège,
1485 2403 14 20 à
1511 2404 114 19 l'occasion

1124 2427 29 20 du
1166 2427 71 19 XXV*
1253 2427 146 20 anniversaire
1414 2428 26 19 de
1453 2432 26 15 sa
1491 2427 121 20 fondation.

1148 2451 30 20 Le
1195 2451 89 22 congrès
1300 2455 50 16 sera
1366 2451 84 23 présidé
1467 2456 41 18 par
1525 2452 30 19 M.
1572 2452 41 19 Fer-

1124 2475 61 19 nand
1195 2474 72 22 Blum,
1278 2474 91 21 échevln
1383 2475 27 20 de
1421 2475 149 20 l'Instruction
1583 2480 29 18 pu-

1124 2498 72 22 blique
1224 2499 27 19 de
1263 2498 142 23 Schaerbeek,
1419 2499 111 23 président
1547 2499 27 21 de
1602 2500 23 18 la

1124 2522 136 20 Fédération.

1150 2547 20 18 A
1183 2546 77 20 l'ordre
1274 2547 30 19 du
1317 2546 50 23 jour
1379 2546 97 23 figurent
1487 2550 84 16 comme
1585 2547 27 19 ob-

1125 2570 44 22 jets
1186 2569 128 24 principaux
1333 2574 6 15 :
1362 2577 8 8 •■
1378 2570 31 20 La
1425 2570 105 20 situation
1549 2571 24 20 et
1602 2570 22 20 la

1125 2593 87 20 dérense
1233 2594 26 19 de
1277 2594 178 23 l'enseignement
1472 2598 79 19 moyen
1568 2594 44 19 offi-

1124 2616 41 20 ciel
1182 2626 8 7 -
1196 2621 6 17 ;
1219 2625 9 9 •
1238 2617 23 19 la
1274 2617 93 20 revision
1383 2617 27 20 de
1425 2618 22 19 la
1462 2617 30 20 loi
1507 2618 117 22 organique

1124 2645 38 14 sur
1174 2640 176 23 l'enseignement
1362 2645 78 18 moyen
1454 2649 17 13 -,
1484 2641 24 20 et
1519 2648 9 9 •
1542 2641 32 21 les
1587 2645 26 15 co-

1125 2664 67 19 lonies
1219 2664 103 20 scolaires
1360 2669 55 18 pour
1448 2664 177 24 renselgrrsment

1124 2691 79 19 moyen
1219 2695 18 12 ».
1251 2697 27 6 —
1292 2688 26 20 T.

1125 2723 167 24 Complications

1150 2768 28 20 Le
1193 2768 125 21 Parlement
1331 2773 51 15 sera
1402 2769 77 23 appelé
1494 2769 117 23 prochaine-

1123 2792 62 19 ment
1196 2791 14 20 à
1219 2792 88 20 ratifier
1317 2796 31 16 un
1359 2794 154 21 arrangement
1524 2793 88 19 interna-

1125 2816 74 22 tional,
1214 2816 133 20 concernant
1360 2816 78 20 l'envol
1454 2817 37 21 des
1507 2817 53 19 colis
1573 2821 39 19 pos-

1124 2839 59 20 taux.

1148 2864 30 19 M.
1194 2863 89 23 dTJrsel,
1298 2864 130 23 rapporteur
1444 2864 27 20 de
1486 2864 58 20 cette
1560 2868 52 20 ques-

1124 2886 47 20 tion
1186 2892 29 15 au
1233 2887 74 22 Sénat,
1325 2887 59 22 écrit,
1399 2887 15 20 à
1426 2892 25 15 ce
1467 2892 84 19 propos,
1569 2888 55 19 dans

1123 2915 41 15 son
1176 2911 90 23 rapport
1283 2916 5 14 :
1304 2919 9 8 «
1320 2911 30 20 Le
1364 2911 85 23 citoyen
1461 2911 26 20 de
1500 2912 75 23 Quévy
1587 2912 36 23 qui

1124 2934 68 20 désire
1205 2935 99 22 expédier
1317 2939 30 15 un
1360 2935 44 20 kilo
1417 2935 27 20 de
1455 2935 100 21 chocolat
1566 2935 15 19 à
1593 2939 30 16 un

1124 2959 44 19 ami
1179 2958 98 20 résidant
1289 2959 15 19 à
1315 2959 104 23 Felgnies,
1430 2963 30 16 ne
1472 2964 24 15 se
1507 2960 66 19 doute
1584 2963 40 19 pas

1124 2982 51 23 qu'il
1188 2987 15 15 a
1218 2982 62 21 fallu,
1293 2987 55 18 pour
1363 2982 118 24 permettre
1497 2983 15 19 à
1526 2987 42 16 son
1583 2987 40 19 pa-

1123 3006 53 19 auet
1191 3006 27 19 de
1233 3006 99 19 franchir
1348 3010 37 16 ces
1400 3007 76 22 quatre
1493 3006 130 22 kilomètres,

1124 3029 92 20 l'accord
1230 3030 27 20 de
1270 3030 25 19 74
1308 3030 62 20 Etats
1381 3031 68 22 ayant
1463 3030 98 20 mobilisé
1589 3030 34 20 123

1123 3053 200 24 plénipotentiaires
1341 3054 37 23 qui
1388 3058 25 15 se
1431 3055 53 19 sont
1502 3054 75 19 réunis

1124 3077 100 22 Londres,
1237 3082 29 15 en
1282 3078 53 22 1929,
1351 3082 54 19 pour
1420 3077 85 24 rédiger
1519 3082 31 15 un
1564 3078 58 20 texte

1124 3101 27 20 de
1162 3101 24 19 55
1199 3105 71 18 pages.
1284 3108 9 11 ■

1147 3125 28 20 Et
1196 3125 16 19 il
1230 3125 86 19 conclut
1336 3124 15 20 à
1371 3125 158 23 l'approbation
1551 3125 28 20 de
1600 3125 21 19 la

1123 3148 135 20 convention.
1269 3158 27 5 —
1303 3149 29 20 X.

1123 3184 28 19 Le
1163 3184 23 19 18
1198 3184 45 19 mai
1254 3184 53 19 1804.

1678 391 60 18 Dans
1749 389 20 20 le
1780 390 26 19 lit
1817 392 80 23 empire
1909 398 43 16 aux
1963 392 90 21 rideaux
2065 390 26 19 de
2101 394 36 15 ser-

1652 418 32 18 ge,
1696 413 53 19 Mlle
1765 413 26 20 de
1805 414 166 27 Saint-Caprals
1983 415 72 21 s'était
2072 417 63 16 assou-

1652 436 41 24 pie.

1677 472 134 19 Doucement
1822 472 22 20 la
1855 476 60 20 porte
1927 473 93 24 s'ouvrit.
2030 472 49 20 Une
2090 471 46 20 fem-

1651 499 36 16 me
1702 499 30 15 en
1748 499 76 16 caraco
1843 499 22 17 et
1880 498 86 21 foulard
1983 497 28 20 de
2029 495 45 21 tête
2090 495 46 23 s'ap-

1652 518 82 23 procha
1746 518 29 20 du
1789 519 31 22 lit,
1833 522 111 20 considéra
1957 520 70 26 parmi
2040 519 31 20 les
2085 522 50 16 cous-

1651 542 47 19 sins
1717 543 23 18 et
1758 542 55 20 dans
1833 543 19 20 le
1872 545 81 21 bonnet
1971 544 28 21 de
2016 542 89 23 lingerie
2125 541 22 19 la

1652 565 69 22 figure
1735 568 72 20 grasse
1818 566 23 19 et
1854 569 62 21 molle
1928 570 27 20 de
1967 567 50 20 Mlle
2032 566 26 20 de
2071 565 75 19 Saint-

1652 588 96 23 Caprais,
1766 589 100 21 examina
1883 597 51 16 avec
1952 592 37 20 des
1999 590 148 19 "hochements

1651 612 120 19 contrariés
1784 612 31 20 les
1827 613 56 21 rides
1897 619 88 20 presque
1999 612 95 21 effacées
2107 615 40 20 par

1651 635 22 20 la
1685 635 88 20 détente
1786 635 38 20 des
1837 640 96 22 muscles,
1948 639 76 20 écouta
2035 637 20 19 le
2066 635 80 21 souffle

1651 660 62 18 court
1727 659 38 22 qui
1777 659 109 23 tremblait
1902 668 28 15 au
1945 661 53 22 bord
2019 660 39 20 des
2078 658 69 20 lèvres

1651 686 83 15 comme
1751 686 44 16 une
1812 682 62 26 bulle,
1891 688 48 21 puis
1957 683 102 22 ressortit,
2076 682 59 23 impa-

1651 706 68 19 tiente
1736 710 5 14 :
1754 706 21 19 le
1785 706 89 21 docteur
1886 710 95 20 arrivait.
1994 708 57 20 Gros
2064 707 23 20 et
2098 705 49 21 noir

1652 733 52 15 avec
1726 733 45 16 une
1792 729 49 20 voix
1863 732 26 20 de
1912 734 82 20 bronze,
2014 730 15 20 il
2053 729 92 24 pénétra

1651 753 56 19 dans
1717 752 22 19 la
1750 752 102 22 chambre
1863 759 28 16 en
1902 755 100 22 assurant
2009 757 40 20 que
2057 761 9 8 -
2074 752 73 21 c'était

1651 777 49 23 trop
1711 776 50 19 tard
1775 784 16 12 ■.
1804 777 66 23 Mion,
1883 780 21 20 la
1917 780 69 20 vieille
1998 777 107 21 servante,
2117 777 30 18 lui

1651 801 66 18 conta
1727 804 41 18 que
1783 808 8 7 -
1807 800 22 19 la
1842 801 121 23 demoiselle
1976 811 17 14 -,
2006 802 14 19 k
2034 801 22 19 la
2070 800 34 19 fin
2117 799 29 20 du

1651 823 109 22 déjeuner,
1772 823 60 20 avait
1844 824 115 23 bredouillé
1969 825 39 22 des
2019 824 57 20 mots
2088 824 47 19 Inin-

1651 846 112 22 telligibles
1776 847 22 19 et
1811 848 63 21 qu'on
1886 851 61 19 avait
1956 849 29 20 dû
1997 848 22 20 la
2031 847 74 24 porter
2118 851 29 15 au

1651 869 31 20 lit.
1699 870 31 19 Le
1744 870 98 20 médecin
1858 873 98 21 n'écouta
1973 877 39 18 pas
2029 872 22 19 la
2066 871 34 19 fin
2117 871 30 19 du

1651 893 95 23 rapport.

1674 945 26 4 —
1711 935 57 19 Rien
1786 935 14 20 à
1816 936 61 24 faire,
1896 937 138 25 gronda-t-il,
2054 936 52 20 c'est
2125 936 22 19 la

1651 959 112 19 deuxième
1780 962 29 16 en
1824 959 56 21 deux
1896 963 61 19 mois.
1973 961 33 20 La
2024 959 123 21 demoiselle

1651 986 27 15 ne
1691 986 88 19 passera
1793 986 39 19 pas
1846 983 22 21 la
1881 987 55 19 nuit.
1949 986 27 19 Je
1990 984 46 20 vais
2049 984 98 21 toujours

1650 1009 53 16 vous
1721 1005 55 20 faire
1796 1010 42 16 une
1856 1009 161 20 ordonnance...

1675 1048 30 19 Ce
1732 1047 76 20 furent
1837 1049 57 21 alors
1923 1051 38 19 des
1991 1049 156 20 lamentations

1650 1070 108 20 étouffées
1772 1075 38 15 sur
1822 1071 20 20 le
1857 1075 53 19 seuil
1924 1074 27 20 de
1967 1074 22 19 la
2005 1072 103 21 chambre
2124 1073 23 18 et

1651 1094 27 20 de
1701 1094 81 20 vieilles
1804 1095 91 22 femmes
1914 1097 116 20 cachaient
2052 1096 23 19 la
2098 1095 44 20 tête

1650 1118 55 21 dans
1724 1117 47 20 leur
1790 1118 82 21 tablier.
1890 1122 63 21 Mais,
1970 1120 74 23 quand
2063 1120 49 18 tout
2126 1119 20 18 le

1649 1141 79 19 monde
1747 1141 37 20 eut
1802 1142 93 25 disparu,
1914 1144 51 21 Mlle
1981 1144 27 19 de
2026 1142 120 21 Saint-Ca-

1650 1165 59 22 prais
1723 1164 71 20 ouvrit
1809 1165 31 20 les
1856 1171 60 18 yeux.
1934 1169 29 19 Sa
1978 1166 85 24 pensée,
2080 1165 66 20 faible

1648 1192 29 15 en
1695 1188 143 23 embrouillée,
1853 1192 74 20 venait
1943 1191 27 21 de
1987 1190 51 22 loin,
2058 1188 88 21 titubait

1649 1215 83 16 comme
1751 1216 31 16 un
1799 1213 79 22 enfant
1894 1216 56 19 dans
1965 1218 43 16 une
2027 1212 50 20 robe
2097 1212 49 27 trop

1649 1235 86 23 longue;
1752 1235 22 20 la
1788 1236 85 21 malade
1885 1243 27 16 ne
1927 1236 156 22 reconnaissait
2097 1234 50 24 qu'à

1649 1259 84 19 travers
1746 1263 30 15 un
1788 1262 100 19 souvenir
1901 1261 77 21 confus
1992 1261 23 19 et
2028 1259 86 24 pénible
2126 1258 20 20 le

1648 1282 65 20 décor
1725 1283 101 20 familier.
1840 1284 102 23 Soudain,
1955 1290 43 15 une
2011 1283 74 23 parole
2099 1283 36 20 sin-

1649 1306 141 22 gulièrement
1811 1306 80 23 précise
1918 1314 23 15 se
1961 1307 87 20 ranima
2074 1306 14 20 k
2106 1310 40 15 son

1649 1329 81 22 oreille;
1751 1330 40 19 elle
1810 1330 22 20 la
1847 1331 74 24 répéta
1939 1330 87 22 d'abord
2044 1330 29 19 du
2093 1329 53 19 bout

1649 1353 38 19 des
1700 1353 69 20 lèvres
1784 1357 82 17 comme
1881 1356 56 20 dans
1950 1359 30 17 un
1996 1353 49 20 rêve
2065 1358 6 15 :
2090 1360 9 10 »
2114 1353 32 19 La

1649 1376 122 20 demoiselle
1793 1381 28 15 ne
1843 1382 87 19 passera
1951 1382 40 21 pas
2013 1377 22 20 la
2057 1376 55 20 nuit.
2134 1384 9 9 >

1648 1399 51 20 Puis
1710 1404 41 15 son
1760 1404 60 16 cœur
1832 1401 66 22 battit
1909 1403 49 23 plus
1967 1401 50 23 vite,
2028 1404 44 17 une
2085 1399 48 21 émo-

1649 1423 47 19 tion
1712 1423 30 20 fit
1755 1424 72 20 courir
1842 1425 55 22 dans
1912 1427 49 20 tout
1974 1429 39 16 son
2030 1428 60 15 cœur
2107 1424 38 19 des

1648 1447 67 20 ondes
1729 1447 74 23 tièdes,
1816 1452 40 16 son
1869 1454 90 16 cerveau
1972 1447 97 22 s'éclaira
2083 1452 51 15 sour-

1648 1470 94 23 dement,
1759 1471 42 20 elle
1818 1474 91 22 comprit
1927 1473 63 24 qu'on
2009 1471 60 20 avait
2085 1470 61 24 parlé

1648 1494 61 20 d'elle
1729 1494 23 20 et
1771 1498 41 19 que
1830 1500 26 15 sa
1872 1498 58 19 mort
1946 1495 55 22 était
2019 1495 126 23 prochaine.

1648 1517 44 20 Elle
1705 1522 23 15 se
1743 1518 74 20 dressa
1832 1524 37 15 sur
1883 1521 31 19 les
1928 1519 100 22 oreillers,
2043 1519 56 19 mais
2114 1523 30 15 un

1648 1541 165 21 ébloulssement
1827 1544 59 22 agita
1903 1543 80 21 devant
1999 1547 34 15 ses
2048 1546 56 19 yeux
2120 1547 24 15 sa

1649 1565 90 20 flamme
1760 1569 75 19 rouge;
1858 1568 51 20 Mlle
1929 1568 26 20 de
1976 1566 75 20 Saint-
2053 1566 91 23 Caprais

1648 1588 98 20 retomba
1759 1593 38 16 sur
1808 1589 20 20 le
1841 1590 31 21 Ht.

1672 1630 48 20 Une
1738 1631 67 20 heure
1822 1632 68 23 après,
1910 1633 39 20 elle
1968 1631 99 21 entendit
2084 1632 60 18 Mion

1647 1654 37 23 qui
1700 1654 67 20 disait
1783 1659 7 15 :

1671 1701 26 4 —
1709 1691 40 19 Les
1766 1691 128 24 sinaplsmes
1911 1693 31 20 lui
1958 1691 40 20 ont
2014 1690 44 20 fait
2075 1690 70 22 grand

1648 1714 55 23 bien,
1715 1714 56 20 mais
1784 1714 16 20 il
1813 1715 36 23 n'y
1861 1720 13 15 a
1887 1716 49 24 plus
1950 1714 91 24 d'espoir
2055 1714 48 20 tout
2117 1715 27 18 de

1647 1738 77 20 même.

1672 1774 51 20 Mlle
1741 1774 28 20 de
1787 1774 166 25 Saint-Caprals
1970 1773 72 24 gémit.
2060 1773 84 22 Malgré

1647 1798 21 19 le
1688 1798 62 23 poids
1768 1797 27 20 de
1816 1798 59 24 l'âge,
1897 1798 121 21 l'existence
2036 1797 31 19 lui
2089 1797 55 19 était

1647 1821 65 20 chère
1727 1825 83 19 encore,
1825 1822 62 20 étant
1902 1823 70 23 pleine
1987 1821 27 19 de
2027 1821 117 19 souvenirs.

1672 1859 31 19 La
1719 1858 70 20 vieille
1807 1860 100 19 servante
1923 1863 23 16 se
1964 1856 84 25 penche
2067 1860 38 16 sur
2124 1856 20 19 le

1646 1882 32 20 Ht.

1672 1928 26 4 —
1709 1918 103 19 Dormez-
1813 1922 52 16 vous
1897 1921 82 17 encore,
2007 1915 136 20 demoiselle?

1647 1942 60 19 Voici
1724 1942 30 19 M.
1771 1941 81 20 Robert
1869 1942 38 20 des
1924 1940 88 21 Eilettes
2029 1939 38 23 qui
2084 1939 60 19 vient

1648 1969 52 16 vous
1711 1965 56 20 faire
1780 1965 69 20 visite.

1671 2008 52 19 Mlle
1741 2007 27 20 de
1786 2007 166 24 Saint-Caprals
1968 2005 60 20 tente
2044 2009 31 15 un
2093 2004 52 23 long

1647 2031 68 21 effort
1730 2032 23 18 et
1769 2031 78 20 tourne
1863 2034 51 17 vers*
1925 2031 29 19 M.
1969 2028 83 21 Robert
2064 2033 32 15 un
2110 2028 23 20 vi-

1646 2059 52 19 sage
1713 2055 28 19 de
1755 2055 43 19 cire
1814 2054 28 20 où
1857 2055 73 19 vivent
1945 2053 56 22 seuls
2016 2053 57 19 deux
2089 2056 55 18 yeux

1648 2078 97 24 ingénus,
1764 2078 106 24 limpides,
1891 2078 37 24 qui
1950 2077 75 20 furent
2047 2075 96 23 l'orgueil

1646 2102 27 19 de
1693 2107 25 15 sa
1734 2102 106 23 jeunesse,
1861 2102 60 20 bleus
1940 2105 82 16 comme
2042 2100 23 19 la
2086 2100 58 20 pluie

1646 2126 56 20 dans
1720 2126 32 20 les
1769 2126 137 22 pervenches.
1922 2126 35 19 On
1974 2124 122 20 entrouvre
2113 2123 31 19 les

1646 2150 73 19 volets.
1733 2149 53 20 Mlle
1798 2149 27 20 de
1839 2148 166 24 Saint-Caprals
2019 2146 90 23 regarde
2124 2147 20 19 le

1646 2173 65 22 Jeune
1728 2173 94 20 homme.

2174 112 79 45 LE
2292 103 383 53 CONCOURS

2305 173 236 42 HIPPIQUE

2221 222 401 48 INTERNATIONAL

2236 288 63 36 DE
2337 283 163 39 BRUXE
2501 280 114 38 LLES

2246 355 38 29 U
2302 348 105 35 SOIREE
2426 351 38 28 DE
2482 348 113 31 SAMEDI

2233 415 50 30 LES
2303 412 133 31 ITALIENS
2455 411 60 30 FOR
2535 410 77 29 EVER

2195 474 31 19 La
2238 472 120 23 cinquième
2369 471 56 19 série
2436 470 124 22 d'épreuves
2572 468 30 19 du
2612 469 47 18 Con-

2171 502 62 15 cours
2243 496 107 23 Hippique
2362 495 27 19 de
2400 493 111 20 Bruxelles
2524 497 14 14 a
2547 491 124 20 commencé

2171 520 83 20 samedi
2265 523 44 15 sou-
2320 523 41 19 par
2370 517 20 20 le
2402 524 9 9 •
2419 517 51 19 Prix
2481 516 29 20 du
2523 515 149 20 Centenaire-.

2196 544 20 19 n
2232 548 23 15 se
2272 543 42 19 fait
2328 546 40 19 par
2382 544 92 19 groupes
2491 540 27 19 de
2534 539 56 19 deux
2606 542 54 15 cava-

2172 567 50 20 liers
2231 570 6 19 ;
2254 566 32 22 les
2299 568 103 21 parcours
2417 568 24 16 se
2456 564 51 19 font
2522 562 138 20 Individuelle-

2171 591 66 19 ment.
2252 590 29 19 Le
2296 588 152 20 chronomètre
2464 588 33 19 est
2511 586 42 20 mis
2566 589 28 16 en
2609 586 62 19 route

2172 618 29 16 au
2214 613 78 23 départ
2304 613 30 19 du
2346 611 94 24 premier
2453 614 103 19 parcours
2568 610 23 19 et
2601 608 72 20 arrêté

2170 643 29 15 au
2211 637 69 19 finish
2292 637 30 18 du
2334 635 88 20 second.

2193 661 41 19 Les
2254 659 109 21 meilleurs
2383 658 75 23 galops
2475 657 51 20 sont
2551 660 55 16 ceux
2633 656 38 19 des

2170 684 90 20 Italiens
2278 683 110 23 capitaine
2406 681 102 23 Formigli
2523 681 23 19 et
2560 679 110 22 capitaine

2170 707 121 20 Lombardo
2312 707 23 19 di
2355 705 85 21 Cumia.
2459 709 38 15 sur
2520 711 8 9 •
2537 704 73 19 Snello
2618 711 9 9 .
2648 703 23 20 et

2173 739 8 9 .
2189 731 106 20 Bufalina
2302 738 8 9 •
2322 734 6 16 :
2344 730 27 19 ils
2387 728 113 21 totalisent
2514 728 13 19 8
2541 727 80 19 fautes.

2196 755 87 19 L'Italie
2299 754 64 19 mène
2377 751 136 21 décidément
2523 751 5 19 !
2543 751 45 19 Peu
2603 749 70 24 après.

2172 778 103 22 Formigli
2292 782 38 15 sur
2346 785 8 8 »
2362 775 132 21 M-mtebello
2502 783 8 8 »
2527 775 22 19 et
2565 774 108 22 Piiipponi

2172 807 38 15 sur
2227 810 9 8 ■
2244 801 87 20 Naselio
2339 809 8 8 •
2362 800 51 19 font
2429 798 123 24 également
2567 798 13 19 8
2594 797 79 20 fautes.

2194 825 30 20 Le
2233 824 111 24 capitaine
2353 824 27 19 de
2390 822 145 20 Laissardlére
2545 825 39 16 sur
2595 821 75 19 -Wed-

2170 850 81 22 nesday
2260 857 8 8 »
2282 849 22 18 et
2317 848 20 19 le
2347 847 123 19 lieutenant
2481 844 66 21 Clavé
2559 848 38 16 sur
2609 852 8 8 .
2625 844 34 19 Ro-

2171 873 107 22 bespierre
2286 880 8 8 •
2311 871 51 19 font
2379 871 23 18 12
2420 870 80 19 fautes.

2194 896 41 19 Les
2254 895 83 23 Belges,
2354 893 110 23 capitaine
2491 891 131 24 Coppenolle
2650 892 22 19 et

2172 919 121 20 lleiftenant
2307 919 60 18 Mees
2380 917 51 19 font
2445 917 23 19 18
2482 916 79 19 fautes.

2196 943 29 19 Le
2240 945 103 20 parcours
2357 941 32 19 est
2401 940 91 21 sérieux,
2507 939 55 19 mais
2577 939 96 19 sautant.

2196 967 29 18 Le
2238 965 64 19 décor
2315 964 26 19 de
2356 964 21 19 la
2388 963 57 23 piste
2456 964 33 18 est
2502 962 99 23 toujours
2614 962 59 19 aussi

2172 990 44 22 Joli.
2230 988 40 19 Les
2286 988 113 22 élégances
2413 987 51 19 sont
2481 986 140 19 nombreuses
2630 989 5 18 ;
2652 986 21 19 le

2163 1012 80 25 .public
2254 1012 33 19 est
2298 1011 43 19 très
2352 1010 80 20 habillé
2442 1014 6 15 :
2460 1010 31 19 les
2499 1009 115 20 messieurs
2623 1010 51 18 sont

2163 1029 36 27 'en
2216 1035 69 21 habit,
2302 1034 31 19 les
2350 1034 75 19 dames
2439 1037 28 16 en
2481 1033 83 23 grande
2582 1032 90 20 toilette.

2171 1060 57 19 C'est
2244 1058 20 19 le
2281 1057 108 23 triomphe
2406 1057 27 20 de
2451 1057 22 19 la
2488 1057 52 22 Jupe
2558 1056 77 22 longue
2650 1057 22 18 et

2170 1083 39 19 des
2223 1081 77 21 sorties
2314 1081 27 19 de
2357 1080 43 22 bal.
2414 1080 71 20 même
2502 1080 38 19 des
2555 1080 117 19 fourrures.

2233 1105 49 19 LES
2298 1104 135 20 CHEVAUX
2449 1104 37 19 DE
2501 1103 108 20 CHASSE

2196 1129 35 19 On
2249 1128 71 19 arrête
2334 1128 31 19 les
2379 1131 103 19 parcours
2504 1127 14 19 à
2543 1127 23 19 10
2588 1126 86 22 heures,

2169 1156 55 19 pour
2239 1151 63 23 Juger
2320 1151 20 20 le
2359 1155 104 15 concours
2483 1150 27 20 de
2528 1150 98 20 chevaux
2644 1150 26 19 de

2169 1175 83 19 chasse.

2195 1199 28 19 Le
2238 1198 51 23 Jury
2303 1198 28 20 où
2350 1197 44 20 l'on
2411 1197 116 21 reconnaît
2544 1197 21 20 le
2583 1196 88 24 général

2168 1222 65 23 Jolly,
2245 1223 23 19 et
2280 1222 20 19 le
2310 1221 83 20 colonel
2406 1221 68 20 suisse
2488 1220 94 21 Haccius
2594 1220 77 20 établit

2170 1246 19 19 le
2205 1245 130 20 classement
2347 1244 90 20 suivant
2446 1248 6 16 :
2476 1248 8 8 '

2197 1269 16 20 1.
2228 1269 172 22 ..SUNTRAP»,
2414 1274 13 13 u
2441 1269 30 19 M.
2486 1268 84 19 Picard.

2193 1293 18 19 2.
2225 1299 10 11 «
2242 1292 129 20 Anthracite
2378 1299 18 15 »,
2411 1291 15 20 à
2439 1292 30 19 M.
2481 1291 73 20 Alvisl.

2193 1316 18 19 3.
2226 1323 8 9 ■
2242 1316 85 23 Tampa
2335 1324 16 12 ».
2365 1315 13 20 à
2389 1316 30 19 M.
2432 1316 27 19 de
2471 1315 137 20 Steenhault.

2194 1340 19 18 4.
2228 1347 7 7 »
2245 1339 135 19 Shanmrock
2389 1348 16 12 -,
2421 1339 14 19 à
2448 1339 31 20 M.
2494 1339 26 20 de
2535 1339 138 20 Steenhault.

2195 1363 30 19 Le
2236 1363 48 23 prix
2295 1363 30 20 du
2336 1362 132 20 Centenaire
2478 1363 94 23 reprend
2582 1363 91 19 ensuite.

2193 1387 36 19 On
2247 1390 124 16 commence
2391 1386 84 20 bientôt
2490 1386 15 20 &
2520 1386 100 20 éliminer
2639 1386 32 20 les

2171 1410 141 20 concurrents
2325 1410 14 19 &
2351 1410 22 19 la
2386 1410 33 19 26*
2430 1410 69 20 faute.

2192 1433 100 24 L'équipe
2309 1434 75 21 suisse,
2404 1433 110 23 capitaine
2535 1433 27 20 de
2581 1434 89 22 Murait,

2171 1457 109 23 capitaine
2295 1457 82 20 Stoffel
2394 1457 43 20 fait
2454 1461 30 16 un
2501 1457 45 20 très
2563 1457 44 20 bon
2620 1461 41 19 par-

2168 1485 64 15 cours
2242 1482 24 19 et
2279 1485 23 15 se
2316 1481 69 19 classe
2399 1485 28 15 en
2441 1481 93 20 seconde
2545 1481 101 24 position.

2192 1505 30 19 Le
2234 1504 131 20 classement
2377 1504 57 20 final
2448 1506 34 19 est
2494 1504 20 21 le
2526 1500 90 25 suivant
2625 1509 6 15 :

2193 1529 17 19 1.
2222 1528 58 20 Avec
2296 1528 13 20 8
2325 1528 74 20 fautes
2408 1532 6 16 :
2430 1528 153 20 CAPITAINE
2600 1529 58 19 FOR-

2168 1552 91 22 MIGLI,
2278 1556 38 15 sur
2337 1560 8 8 »
2354 1552 73 20 Snello
2436 1559 8 11 .
2473 1553 23 19 et
2519 1552 151 20 CAPITAINE

2169 1576 157 19 LAMBARDO
2349 1576 32 19 DI
2403 1576 99 21 CUMIA,
2524 1580 38 16 sur
2585 1583 9 9 •
2602 1575 59 20 Bufa-

2168 1599 70 20 lina».

2192 1623 18 19 2.
2222 1624 57 19 Avec
2291 1624 12 18 8
2315 1623 73 20 fautes
2398 1627 5 15 :
2416 1623 115 23 Capitaine
2541 1624 28 19 de
2581 1624 88 21 Murait,

2169 1650 38 16 sur
2225 1654 8 8 »
2242 1647 68 20 Notas
2318 1655 9 8 -
2349 1648 23 18 et
2392 1647 116 23 Capitaine
2528 1647 87 22 Stoffel,
2633 1652 38 15 sur

2170 1677 8 9 •
2187 1671 86 19 Corona
2280 1678 18 12 ».

2192 1694 18 19 3.
2222 1694 58 20 Avec
2295 1694 13 19 8
2325 1694 73 20 fautes
2407 1698 5 15 :
2428 1694 116 23 Capitaine
2560 1694 109 24 Fllipponl

2169 1721 39 17 sur
2221 1723 9 12 a
2238 1718 91 19 Masello
2336 1726 9 8 »
2359 1718 22 19 et
2392 1718 115 23 Capitaine
2520 1718 109 23 Formigli,
2634 1723 37 15 sur

2170 1748 9 9 «
2187 1741 132 20 Montobello
2327 1749 17 12 ».

2193 1765 19 19 4.
2224 1765 116 23 Capitaine
2349 1765 27 19 de
2386 1765 152 23 Laissardlére,
2547 1770 38 16 sur
2594 1766 75 19 «Wed-

2169 1788 81 23 nesday
2258 1796 9 9 »
2287 1789 22 19 et
2326 1788 123 20 lieutenant
2466 1789 72 23 Clavé,
2551 1793 39 16 sur
2608 1796 9 10 *
2624 1790 34 19 Ro-

2168 1811 132 24 bespierre»,
2317 1812 23 20 12
2351 1812 85 20 .fautes.

2192 1835 18 19 5.
2223 1836 69 19 Henri
2305 1835 26 20 de
2343 1836 78 23 Royer,
2433 1840 37 16 sur
2485 1844 8 8 ■
2501 1836 40 20 Vol
2553 1841 30 15 au
2592 1837 59 20 Vent
2657 1845 9 9 •

2168 1859 23 19 et
2202 1858 123 21 lieutenant
2338 1859 73 22 Clavé,
2422 1864 38 15 sur
2475 1868 8 8 •<
2491 1860 82 20 Volant
2582 1860 62 20 Trois
2652 1869 16 14 -,

2170 1882 23 19 12
2210 1882 79 20 fautes.

2191 1906 19 19 6.
2223 1906 115 23 Capitaine
2353 1906 121 21 Lombardo
2493 1907 22 20 di
2532 1908 85 22 Cumia,
2630 1912 38 16 sur

2169 1936 9 9 ■
2186 1929 70 20 Baccé
2263 1938 9 8 »
2284 1931 24 18 et
2318 1930 110 23 capitaine
2439 1931 115 23 Fllipponl,
2563 1936 38 15 aur
2613 1932 55 20 -Ne-

2169 1953 45 19 i-eld
2235 1968 4 5 .
2252 1954 23 19 14
2290 1953 79 20 fautes.

2193 1976 19 20 T.
2224 1977 116 23 Capitaine
2363 1977 124 22 Stevenart,
2515 1982 38 16 sur
2583 1985 9 10 •
2600 1979 56 20 Sour-

2168 2000 60 19 noise
2236 2006 8 12 a
2263 2001 23 19 et
2303 2000 109 24 capitaine
2426 2001 27 20 de
2468 2001 147 23 Brabandère,
2631 2007 38 15 sur

2697 109 191 60 LES
2966 103 648 86 FAITS=DIVER<

3022 192 7 7 .
3026 192 5 9 l
3029 187 97 14 .>.,l.»l||W|.'aa
3123 189 7 10 >
3127 187 88 11 »**-s»»*-'s«''^^
3580 177 18 19 \
3603 178 11 23 \

1146 3227 29 20 Le
1189 3228 23 19 18
1225 3227 45 20 mal
1284 3228 47 19 1804
1344 3232 89 19 marque
1448 3233 42 15 une
1504 3228 38 20 des
1554 3233 55 18 gran

1122 3250 38 20 des
1178 3251 63 20 dates
1259 3251 28 19 de
1307 3252 102 18 l'histoire
1428 3251 27 20 de
1475 3252 90 22 France,
1583 3256 38 16 car

1121 3274 41 20 eUe
1170 3274 62 20 valut
1241 3274 13 19 à
1265 3274 111 23 Napoléon
1385 3275 20 19 le
1415 3275 52 19 titre
1477 3275 144 23 d'Empereur,

1123 3297 156 20 transmlsstble
1289 3297 14 20 à
1311 3302 37 15 ses
1356 3298 151 19 descendants.
1515 3298 107 23 Quelques

1123 3320 60 23 jours
1198 3321 138 21 auparavant
1352 3322 60 18 avait
1427 3326 27 15 eu
1470 3321 43 20 Ueu
1530 3321 80 20 l'exécu-

1121 3343 49 20 tion
1179 3343 30 20 du
1220 3344 108 23 royaliste,
1339 3344 21 20 le
1369 3345 42 19 duc
1423 3345 125 21 d'EnRhien.

1146 3367 30 20 Le
1188 3367 43 20 duc
1246 3367 126 23 dlînghlen,
1387 3372 41 18 que
1443 3369 96 19 certains
1551 3369 59 19 histo-

1121 3390 59 22 riens
1195 3391 164 20 reconnaissent
1374 3395 83 16 comme
1474 3391 104 20 Innocent
1593 3392 28 19 de

1122 3414 48 19 tout
1183 3413 95 23 complot
1292 3415 75 18 contre
1380 3414 118 23 Napoléon,
1510 3415 36 19 fut
1560 3415 49 19 enle

1123 3437 26 19 vé
1171 3441 29 15 en
1221 3437 107 19 territoire
1351 3439 83 20 neutre,
1454 3437 14 20 à
1490 3438 131 22 Ettenheim,

1122 3460 57 19 dans
1188 3459 118 21 l'électorat
1315 3461 27 20 de
1353 3461 66 20 Bade.

1146 3484 31 18 Ce
1187 3483 92 23 procédé
1289 3484 96 23 rappelle
1397 3484 177 23 singulièrement
1585 3489 24 15 ce

1123 3506 31 20 lui
1171 3506 37 23 qui
1222 3507 38 19 fut
1278 3507 97 23 employé
1392 3507 15 19 U
1425 3508 37 23 n'y
1480 3512 14 16 a
1513 3513 40 19 pas
1571 3508 49 20 bien

1122 3529 122 24 longtemps
1258 3534 40 19 par
1312 3530 22 20 la
1347 3530 68 23 police
1427 3531 89 20 fasciste
1530 3532 37 21 qui
1581 3536 28 15 en-

1123 3552 47 20 leva
1184 3557 28 16 en
1224 3553 80 22 Suisse,
1318 3558 30 15 un
1363 3554 79 20 Italien
1456 3555 104 23 coupable
1574 3555 35 19 d'à

1123 3576 46 19 voir
1180 3576 64 22 déplu
1255 3581 29 15 au
1293 3577 67 19 Duce.

1148 3600 89 19 Comme
1251 3600 56 23 quoi,
1322 3600 14 20 k
1352 3605 31 15 un
1397 3600 63 20 siècle
1476 3601 23 20 et
1513 3606 31 16 un
1557 3601 64 23 quart

1122 3622 140 22 d'intervaUe,
1272 3623 32 20 les
1313 3627 82 16 mœurs
1403 3624 38 19 des
1451 3624 99 24 despotes
1560 3625 61 20 n'ont

1123 3650 39 19 pas
1174 3645 90 24 changé.
1274 3656 26 4 —
1310 3646 23 19 L.

1124 3686 68 19 Noces
1206 3687 45 18 d'or
1263 3686 15 20 à
1293 3687 66 19 Gand

1148 3731 40 19 Les
1206 3731 70 22 époux
1293 3731 60 20 Jules
1368 3732 186 21 Merre-Florence
1572 3733 48 19 Van

1124 3754 39 19 der
1182 3754 81 23 Heyde.
1282 3755 129 20 demeurant
1430 3756 62 22 place
1511 3757 98 19 Ste-Pha

1124 3778 74 20 ra'ilde.
1218 3778 19 21 5,
1256 3778 15 20 i
1288 3778 74 22 Gand;
1390 3779 73 20 Pierre
1485 3780 128 20 Meersman-

1123 3801 86 20 Jeanne
1223 3802 96 21 Nathon,
1337 3802 118 20 domiciliés
1473 3807 39 16 rue
1531 3804 30 19 du
1576 3804 33 19 Re-

1123 3825 79 22 pentir,
1214 3826 40 18 ont
1267 3825 45 20 fêté
1325 3826 83 19 samedi
1421 3826 58 20 leurs
1492 3830 64 17 noces
1569 3827 51 20 d'or.

1147 3848 41 19 Les
1200 3848 57 20 deux
1270 3848 102 24 ménages
1384 3851 41 19 ont
1435 3854 27 16 eu
1474 3850 86 20 chacun
1570 3851 50 19 huit

1123 3872 96 21 enfants,
1231 3872 54 19 dont
1298 3872 52 21 trois
1361 3871 51 21 sont
1425 3877 77 16 encore
1514 3878 29 15 en
1555 3875 40 19 vie.

1147 3896 33 19 Au
1195 3899 53 16 nom
1267 3896 26 19 de
1314 3896 190 21 l'administration
1522 3902 86 16 commu-

1123 3918 51 20 nale
1185 3919 27 20 de
1225 3919 72 21 Gand,
1308 3920 30 19 M.
1348 3919 104 21 l'échevln
1463 3921 98 22 Cnudde,
1569 3922 51 20 s'est

1123 3942 69 20 rendu
1203 3947 29 14 au
1243 3942 98 20 domicile
1352 3943 38 20 des
1401 3943 111 23 jubilaires
1523 3949 54 19 pour
1588 3946 31 19 lea

1123 3966 142 21 congratuler.

1147 3989 109 20 L'officier
1272 3989 26 21 de
1312 3989 61 21 l'état
1386 3990 49 20 civil
1451 3992 33 19 est
1498 3991 121 24 également

1123 4012 41 20 allé
1178 4013 91 20 féliciter
1283 4013 31 20 les
1328 4013 69 23 époux
1410 4014 106 24 Mathieu,
1530 4016 76 20 demeu-

1122 4036 52 19 rant
1187 4040 39 15 rue
1240 4036 26 20 de
1280 4037 105 22 Brabant,
1399 4038 36 22 qui
1450 4038 168 22 commémorent

1123 4059 58 20 aussi
1198 4059 58 20 leurs
1274 4064 64 16 noces
1357 4061 51 20 d'or.
1423 4062 30 19 M.
1469 4062 99 21 Mathieu
1586 4063 33 20 est

1124 4082 43 20 très
1182 4087 73 17 connu
1270 4084 55 21 dans
1342 4084 21 20 le
1381 4085 80 20 monde
1480 4085 95 21 théâtral
1593 4087 26 20 de

1123 4106 71 20 Gand.

1122 4141 84 22 Battus,
1217 4142 31 19 les
1259 4142 123 21 Florentins
1390 4143 6 19 !

1145 4185 30 19 Le
1185 4185 23 20 17
1218 4185 80 21 février
1308 4186 53 22 1539,
1371 4186 99 23 pendant
1480 4191 41 19 que
1529 4188 20 20 le
1558 4188 50 23 prin-

1119 4211 26 16 ce
1159 4208 107 23 d'Orange
1282 4208 114 24 assiégeait
1408 4210 108 23 Florence,
1531 4211 32 20 les
1577 4212 31 19 ha-

1121 4230 84 21 bitants
1220 4232 28 19 de
1264 4232 22 20 la
1303 4232 49 20 ville
1367 4233 99 22 jouaient
1480 4238 28 16 au
1522 4234 98 24 foolbaU,

1120 4258 38 15 fur
1170 4254 23 21 la
1206 4255 77 19 Piazza
1296 4256 70 20 Santa
1380 4257 72 19 Croce.
1464 4257 86 21 L'autre
1564 4258 55 23 Jour,

1120 4281 14 16 a
1147 4278 77 22 quatre
1236 4279 63 20 cents
1312 4283 41 16 ans
1364 4279 27 21 de
1406 4280 104 23 distance,
1523 4281 32 20 les
1567 4282 39 19 Flo-

1121 4301 83 19 rentins
1220 4302 40 18 ont
1276 4302 136 23 reconstitué,
1428 4308 28 16 en
1470 4304 109 20 costumes
1592 4305 27 19 de

1120 4323 100 24 l'époque,
1236 4328 24 16 ce
1275 4325 75 20 match
1365 4330 55 19 pour
1434 4326 20 21 le
1469 4327 71 20 moins
1552 4328 54 23 origi-

1120 4346 44 21 nal.

1143 4370 94 20 Doit-on
1251 4375 29 16 en
1296 4370 89 22 déduire
1401 4376 41 20 que
1459 4373 20 21 le
1497 4374 90 19 football
1605 4379 14 15 a

1120 4392 38 20 des
1173 4394 93 23 origines
1282 4394 114 21 italiennes
1404 4395 11 19 ?

1143 4416 48 23 Que
1204 4421 45 16 non
1258 4417 6 20 (

1143 4439 31 20 Le
1191 4440 38 23 jeu
1248 4440 27 20 de
1290 4440 23 20 la
1330 4441 56 21 balle
1405 4443 64 22 qu'on
1488 4443 97 21 chassait
1604 4443 15 20 à

1120 4462 63 19 l'aide
1195 4463 38 19 des
1245 4464 60 22 pieds
1318 4463 54 21 était
1384 4466 98 23 pratiqué
1493 4467 53 19 chez
1557 4471 61 18 nous,

1120 4485 14 19 à
1147 4486 125 22 Tirlemont,
1284 4486 38 21 dès
1336 4488 46 20 1522
1391 4489 6 19 1

1144 4508 41 20 Les
1203 4510 97 23 comptes
1319 4514 144 18 communaux
1483 4512 26 21 de
1527 4513 22 20 la
1568 4513 50 20 vlHe

1120 4535 55 16 nous
1193 4532 72 20 disent
1283 4537 41 19 que
1343 4534 88 21 l'édUité
1446 4535 78 21 d'alors
1540 4536 78 20 offrait

1120 4555 38 20 des
1170 4556 83 21 parties
1264 4556 27 21 de
1304 4556 90 21 football
1406 4562 29 18 en
1445 4559 172 20 divertissement

1121 4582 29 15 au
1160 4579 83 22 peuple.

1144 4601 32 20 La
1186 4602 71 21 partie
1269 4603 60 20 avait
1337 4603 44 21 lieu
1391 4604 22 19 le
1423 4604 62 20 lundi
1496 4606 27 19 de
1534 4605 22 20 la
1568 4606 39 20 ker-

1120 4628 74 17 messe,
1203 4629 28 15 en
1240 4630 31 15 un
1280 4626 86 20 endroit
1375 4627 36 22 qui
1421 4629 61 21 porte
1490 4633 77 16 encore
1577 4634 29 16 au-

1121 4647 108 23 jourd'hui
1242 4648 21 20 le
1276 4653 52 15 nom
1341 4650 28 20 de
1384 4658 8 9 -
1408 4651 92 22 Grijpen
1515 4660 17 11 ».

1144 4671 36 19 On
1197 4671 83 23 lançait
1298 4676 43 16 une
1357 4673 56 20 balle
1431 4678 28 16 en
1477 4675 47 20 cuir
1540 4680 41 18 que
1597 4676 21 20 le

1120 4694 77 23 peuple
1207 4695 133 22 poursuivait
1351 4695 15 20 à
1375 4700 67 20 coups
1453 4697 27 20 de
1492 4698 66 23 pieds,
1570 4699 36 23 Jus-

1120 4718 78 22 qu'aux
1209 4718 91 23 prairies
1312 4719 91 21 voisines
1415 4720 27 21 de
1451 4720 24 21 la
1485 4721 76 21 rivière
1576 4724 42 18 -De

1120 4741 65 20 Mené
1194 4749 17 11 ».

1143 4765 20 19 A
1178 4765 105 22 Jodolgne
1298 4765 128 23 également,
1439 4771 29 16 on
1484 4768 133 21 connaissait

1120 4791 31 18 un
1164 4788 38 23 jnu
1214 4788 107 23 analogue
1332 4793 29 16 au
1373 4789 98 21 football.

1143 4810 20 21 Il
1174 4812 105 22 s'agissait
1292 4811 27 20 de
1332 4819 9 10 -
1354 4812 75 21 sboter
1439 4820 9 12 ■
1461 4817 39 17 sur
1509 4819 43 15 une
1563 4814 43 21 bou-

1119 4834 21 21 le
1170 4835 91 22 rcmpUe
1292 4835 27 20 de
1350 4836 48 20 crin
1426 4837 65 22 qu'on
1522 4839 96 22 appelait

1122 4865 8 10 •
1143 4859 82 19 souic...
1241 4866 8 10 •
1264 4867 26 6 —
1301 4858 24 20 L.

1120 4893 76 21 Divers

1141 4939 25 15 La
1177 4938 89 16 Chambre
1278 4938 30 16 des
1321 4938 81 15 noUIre*
1414 4938 23 16 Ae
1450 4938 86 16 Vcrrltri.
1549 4946 22 5 —
1583 4940 33 16 Les

1120 4958 82 15 notaires
1221 4957 22 16 de
1262 4956 81 16 Verriers
1364 4957 19 16 et
1403 4957 21 15 de
1446 4956 170 20 l'arrondissement,

1121 4977 85 15 viennent
1217 4976 22 16 de
1249 4979 91 15 composer
1351 4978 67 13 comme
1431 4976 36 15 suit
1480 4976 38 15 leur
1529 4977 87 15 Chambre

1121 4995 22 16 de
1160 4995 94 18 discipline
1270 4997 45 16 pour
1332 4994 40 17 ÎSIO
1390 4998 5 12 :
1412 4994 93 16 Président
1521 4998 5 12 :
1541 4995 29 16 Me
1587 4996 29 15 Ll-

1120 5015 42 17 tlen,
1176 5014 23 16 de
1214 5014 89 17 Verriers;
1320 5013 62 18 syndic
1401 5017 5 12 :
1422 5014 27 14 Me
1466 5014 149 18 Sehnorrertberg,

1120 5034 22 15 de
1156 5033 96 19 Malmédy;
1267 5033 107 19 rapporteur
1388 5036 4 12 :
1407 5033 29 15 Me
1450 5032 83 18 Ramier,
1544 5032 71 18 d'Olne;

1120 5053 85 15 trésorier
1218 5056 4 12 :
1236 5052 28 16 Me
1276 5051 21 17 de
1310 5051 52 19 Tlége
1375 5051 27 17 .de
1415 5051 131 16 Welkenraedt.
1561 5054 45 13 mem-

1120 5071 42 16 bres
1178 5074 5 13 :
1201 5072 37 15 M"
1255 5070 109 18 Xserentint,
1383 5069 56 16 Hervé
1457 5070 18 16 st
1490 5070 67 15 Hubert
1559 5073 16 15 y,
1594 5071 22 15 de

1119 5090 88 17 Stsvrelot.

1670 2225 25 5 —
1708 2215 89 20 Comme
1812 2219 53 16 vous
1879 2219 52 15 avez
1944 2212 83 25 grandi,
2042 2212 101 20 fait-elle.

1670 2239 45 20 Elle
1733 2243 23 16 se
1775 2239 64 19 laisse
1856 2238 81 20 asseoir
1953 2237 56 20 dans
2027 2235 38 21 des
2080 2240 51 16 cous-

1645 2262 46 21 sins
1710 2263 24 19 et
1751 2263 65 22 garde
1838 2266 43 16 aux
1900 2262 74 21 lèvres,
1995 2264 83 15 comme
2099 2264 44 15 une

1645 2287 57 19 fleur
1715 2285 82 23 sèchée,
1812 2290 31 15 un
1856 2287 82 19 sourire
1952 2284 36 24 qui
2001 2285 64 22 pend.
2081 2284 63 20 Mion

1645 2314 23 16 se
1679 2310 61 23 signe
1753 2310 23 19 et
1789 2310 85 23 soupire
1888 2313 81 16 encore.

1668 2362 27 6 —
1706 2353 58 20 Vous
1782 2352 127 20 ressemblez
1927 2352 109 21 beaucoup
2052 2349 14 20 à
2084 2349 61 20 votre

1645 2376 56 24 père,
1713 2376 99 24 poursuit
1820 2376 52 19 Mlle
1883 2376 27 19 de
1921 2373 172 23 Saint-Caprals.

1670 2419 46 19 Elle
1733 2418 131 20 abandonne
1883 2422 25 16 sa
1925 2416 43 21 tête
1987 2419 43 16 aux
2047 2414 96 20 oreillers

1645 2444 23 18 et
1682 2446 72 19 songe.
1769 2443 31 18 Ce
1815 2442 65 22 jeune
1895 2442 86 19 homme
1993 2440 37 20 qui
2045 2439 60 19 vient
2121 2438 22 20 la

1644 2466 78 22 saluer,
1742 2465 84 20 troublé
1845 2465 99 23 jusqu'au
1962 2463 55 20 fond
2036 2463 27 19 de
2079 2462 62 19 l'âme

1644 2494 41 19 par
1704 2489 113 20 l'invisible
1833 2488 101 24 présence
1950 2487 29 20 de
1995 2487 23 19 la
2035 2486 65 21 mort,
2118 2490 24 16 ce

1645 2513 65 22 Jeune
1739 2513 89 19 homme
1858 2514 34 19 est
1919 2511 50 20 bien
1998 2510 45 20 loin
2076 2510 65 19 d'elle.

1644 2537 95 22 L'image
1751 2537 27 19 de
1791 2536 70 20 Raoul
1874 2536 39 20 des
1920 2535 91 20 Eilettes
2022 2544 26 4 —
2059 2534 20 19 le
2091 2533 51 23 père

1645 2570 25 4 —
1684 2561 52 19 s'est
1751 2560 119 20 substituée
1885 2560 15 20 k
1912 2558 52 21 celle
1979 2558 30 20 du
2025 2557 43 20 fils.
2084 2557 58 20 C'est

1644 2588 32 15 un
1693 2584 34 19 bel
1740 2584 89 19 homme
1847 2582 87 20 châtain
1953 2581 75 23 qu'eUe
2043 2580 55 23 voit;
2116 2585 26 15 sa

1645 2607 113 20 chevelure
1770 2612 15 15 a
1798 2607 39 19 des
1850 2606 66 20 ondes
1930 2605 91 23 roupies,
2035 2608 26 17 sa
2076 2605 66 19 barbe

1645 2631 74 19 courte
1731 2631 53 19 frise
1797 2635 28 14 en
1836 2630 79 19 bronze
1926 2626 59 24 clair,
1999 2628 16 20 U
2028 2632 70 20 passe,
2111 2632 31 16 un

1644 2654 53 19 livre
1710 2654 15 19 à
1738 2654 22 19 la
1773 2654 68 19 main,
1853 2654 23 19 et
1889 2653 20 19 le
1924 2652 139 20 mouvement
2077 2652 27 19 de
2119 2652 23 19 la

1645 2677 44 20 tète
1702 2681 49 16 vers
1762 2678 23 19 la
1796 2681 55 19 page
1864 2676 57 20 amie
1935 2676 94 19 n'efface
2043 2675 63 24 point
2119 2676 23 19 la

1645 2701 113 19 cambrure
1771 2701 27 19 de
1813 2705 25 15 sa
1853 2699 67 20 taille.
1935 2699 46 20 EUe
1996 2704 25 15 se
2035 2700 106 19 souvient.

1644 2725 61 19 Dans
1721 2725 22 19 la
1756 2724 80 21 combe,
1853 2728 29 16 au
1898 2723 53 20 bout
1964 2723 38 19 des
2019 2722 56 24 prés,
2091 2727 51 15 sous

1644 2748 32 20 les
1690 2748 90 20 néfliers
1794 2751 103 19 sauvages
1911 2748 82 18 s'ouvre
2007 2751 44 15 une
2066 2751 75 15 source

1644 2772 98 22 d'argent
1753 2773 48 18 vert
1811 2771 71 24 pleine
1893 2771 27 20 de
1930 2775 97 15 mousses
2037 2770 58 20 fines
2104 2770 38 23 qui

1644 2795 110 20 ondoient.
1772 2796 58 19 C'est
1846 2794 22 20 là
1883 2794 62 23 qu'ils
1962 2799 23 15 se
2003 2795 73 19 virent
2090 2799 39 15 sou-

1645 2820 57 21 vent,
1714 2819 21 18 là
1746 2819 61 23 qu'Us
1818 2823 23 15 se
1851 2819 50 19 sont
1912 2817 74 20 aimés.
1997 2818 46 19 Elle
2054 2822 23 15 se
2089 2822 40 18 rap-

1644 2843 54 22 pelle
1710 2846 40 16 son
1762 2842 69 23 grand
1842 2842 97 23 chapeau
1951 2842 27 19 de
1987 2841 88 23 bergère
2087 2841 55 20 dont

1644 2866 31 19 les
1687 2866 99 19 buissons
1797 2865 150 20 accrochaient
1960 2866 30 19 les
2004 2865 72 19 brides
2088 2865 41 19 flot-

1645 2890 78 19 tantes.
1735 2890 36 19 Dn
1784 2894 42 19 peu
1839 2889 27 19 de
1878 2893 51 19 gaze
1941 2889 78 19 restait
2031 2889 110 23 suspendu

1644 2917 43 15 aux
1700 2913 80 23 épines,
1793 2913 23 19 et
1825 2913 16 19 il
1853 2912 67 20 disait
1935 2917 5 15 :
1958 2921 8 7 -
1981 2913 31 19 Ce
2024 2916 49 16 sera
2087 2917 54 18 pour

1644 2936 31 20 les
1696 2937 55 19 nids.
1771 2944 9 9 »
1802 2937 68 21 Alors,
1890 2936 40 20 elle
1952 2936 121 20 demeurait
2092 2936 49 20 tout

1643 2960 63 20 émue
1718 2960 14 19 à
1744 2960 22 19 la
1776 2960 78 24 pensée
1867 2960 66 23 qu'un
1944 2964 42 19 peu
1999 2960 27 19 de
2039 2964 25 15 sa
2077 2959 64 24 grâce

1644 2987 127 16 amoureuse
1791 2983 113 20 abriterait
1920 2983 38 20 des
1979 2988 87 15 amours
2087 2984 42 19 d'oi-

1644 3011 58 16 seau.
1718 3007 70 19 Raoul
1805 3011 29 15 en
1851 3008 59 19 avait
1929 3007 42 20 fait
1987 3012 31 15 un
2037 3007 101 20 sonnet...

1644 3031 61 19 Mion
1716 3031 99 19 entendit
1828 3034 51 16 avec
1892 3031 90 22 chagrin
1994 3035 41 18 que
2048 3035 25 16 5a
2083 3031 46 20 mal-

1644 3054 67 20 tresse
1733 3054 145 20 chantonnait
1898 3055 134 19 doucement.

1667 3090 57 20 Mais
1737 3090 32 19 les
1779 3090 80 23 images
1872 3094 24 16 se
1909 3090 94 20 levaient
2014 3090 82 19 devant
2108 3090 32 20 les

1642 3117 57 19 yeux
1712 3113 27 20 de
1753 3113 23 20 la
1788 3113 132 22 moribonde,
1934 3114 50 19 elles
2000 3114 139 19 accouraient

1642 3136 56 21 dans
1712 3137 47 19 leur
1771 3136 52 20 robe
1834 3137 29 20 de
1879 3137 69 20 matin
1962 3137 23 21 et
1998 3138 27 19 de
2040 3137 99 23 jeunesse

1643 3159 26 20 de
1682 3161 49 18 tous
1741 3160 32 20 les
1784 3160 73 23 points
1869 3160 27 20 de
1906 3160 109 20 l'horizon.
2128 3169 13 11 *

1666 3197 51 19 Mlle
1730 3197 28 21 de
1771 3197 166 25 Saint-Caprais
1951 3197 120 20 retrouvait
2086 3202 54 15 aveo

1641 3224 34 16 ses
1688 3224 97 16 mousses
1798 3221 24 19 et
1834 3225 40 15 son
1886 3221 42 20 flot
1940 3221 48 19 vert
2001 3221 24 20 la
2037 3221 101 20 fontaine

1641 3243 38 20 des
1692 3244 104 22 premiers
1809 3243 66 22 rêves.
1888 3244 33 20 Au
1931 3244 54 20 seuil
1998 3245 27 19 de
2039 3245 22 19 la
2073 3245 65 22 mort,

1641 3271 29 15 on
1682 3271 29 15 ne
1721 3267 45 20 sait
1779 3266 68 23 quéUe
1860 3267 60 20 force
1933 3267 90 23 étrange
2034 3269 92 19 ressusci-

1641 3290 43 19 tait
1700 3295 28 15 en
1744 3290 47 22 elle,
1806 3290 119 21 abolissant
1938 3291 21 20 le
1974 3292 120 19 sentiment
2111 3292 26 19 de

1641 3313 22 20 la
1674 3313 104 20 vieillesse
1790 3314 23 20 et
1826 3314 33 20 de'
1866 3314 22 20 la
1899 3314 42 22 fin;
1956 3315 41 20 elle
2011 3316 82 19 connut
2107 3319 30 16 un

1642 3337 69 23 grand
1725 3335 58 22 désir
1797 3337 27 20 de
1840 3338 70 20 revoir
1925 3338 76 20 Raoul.
2016 3338 44 21 t>es
2076 3342 62 19 yeux,

1642 3360 40 20 elle
1694 3360 93 21 chercha
1799 3365 41 16 son
1849 3361 47 22 fils;
1910 3361 15 19 il
1936 3360 55 21 était
2000 3361 99 23 toujours
2109 3361 29 22 là,

1641 3382 44 21 très
1698 3383 65 24 pâle..

1665 3428 27 5 —
1703 3418 66 21 Votre
1785 3418 56 24 père,
1855 3424 52 15 mon
1924 3420 45 20 ami
1988 3420 11 19 ?
2017 3420 108 20 demandâ-

1642 3442 68 20 t-elle.

1665 3487 26 4 —
1703 3478 53 20 Mon
1770 3477 50 24 père
1838 3478 6 20 !
1860 3478 158 21 mademoirelle
2036 3479 33 19 ?...
2085 3483 52 16 mon

1641 3499 50 25 père
1703 3501 34 19 est
1749 3502 65 19 mort.

1663 3545 27 5 —
1701 3536 60 21 Mort
1775 3537 12 19 ?

1666 3581 27 5 —
1703 3572 51 22 Oui,
1772 3573 165 22 mademoiselle,
1957 3574 25 19 et
2002 3573 134 24 j'accomplis
2142 3568 4 8 '

1641 3599 28 16 en
1684 3596 85 19 venant
1785 3596 28 20 Ici
1830 3601 25 16 sa
1869 3597 200 20 recommandation
2085 3598 40 19 der-

1640 3617 67 21 nière.
1720 3619 26 20 Je
1760 3619 32 20 lui
1807 3620 23 20 al
1843 3619 55 24 juré,
1912 3625 28 15 en
1954 3619 63 23 effet,
2033 3621 27 21 de
2075 3620 62 20 venir

1641 3645 52 16 vous
1705 3642 68 19 voir...
1785 3643 27 19 de
1821 3647 53 16 vous
1885 3644 72 22 porter
1966 3648 41 16 son
2017 3644 71 20 adieu.

1665 3678 29 19 Le
1714 3679 65 22 jeune
1798 3678 87 21 homme
1906 3679 78 23 parlait
2004 3679 63 20 d'une
2087 3680 49 19 voix

1641 3701 69 22 basse,
1724 3702 102 20 troublée.
1839 3703 59 20 Mais
1911 3703 52 19 MUe
1975 3703 27 20 de
2016 3703 108 20 Saint-Ca-

1642 3725 59 22 prals
1713 3729 39 16 cru
1763 3726 69 19 sentir
1844 3730 75 20 passer
1929 3726 56 20 dans
1997 3727 32 19 les
2043 3727 57 19 mots
2114 3727 22 19 la

1641 3748 90 20 flamme
1742 3748 99 23 suprême
1853 3754 41 18 que
1905 3749 20 21 le
1937 3748 50 24 père
1998 3754 15 18 y
2022 3750 61 19 avait
2093 3750 32 20 mi-

1641 3775 28 16 se.
1685 3772 68 21 Ainsi,
1767 3772 82 24 malgré
1864 3774 22 19 la
1901 3772 83 22 beauté,
1997 3773 23 19 la
2032 3773 67 23 gloire
2114 3774 23 19 et

1641 3794 19 20 le
1675 3795 77 23 temps,
1770 3795 70 21 Raoul
1857 3796 38 22 des
1910 3796 88 20 Eilettes
2014 3800 30 16 ne
2062 3797 74 19 l'avait

1641 3822 40 19 pas
1694 3818 93 23 oubliée;
1804 3819 41 22 elle
1864 3820 46 20 s'en
1930 3819 62 21 allait
2010 3819 56 20 dans
2085 3819 39 21 l'or-

1640 3841 58 23 gueil
1710 3842 27 20 de
1750 3846 24 16 ce
1786 3843 106 20 souvenir.

1665 3876 45 21 EUe
1732 3878 59 19 resta
1816 3882 31 15 un
1874 3878 51 23 long
1943 3878 99 20 moment
2069 3879 54 18 silen-

1640 3901 76 18 cieuse,
1727 3901 54 23 puis,
1791 3901 49 20 tout
1849 3901 14 20 à
1873 3906 60 19 coup,
1941 3901 23 20 la
1973 3901 49 20 voix
2032 3901 103 23 changée,

1641 3923 109 21 demanda
1764 3928 7 15 :

1664 3968 28 5 —
1702 3959 28 20 Et
1740 3959 59 20 Mme
1810 3960 38 20 des
1858 3961 88 21 Eilettes
1957 3960 10 19 ?

1664 4003 26 5 —
1701 3994 39 19 Ma
1761 3994 65 23 mère,
1844 3995 165 22 mademoiselle,
2029 4000 23 15 se
2072 3996 61 22 porte

1640 4017 58 20 aussi
1713 4017 50 20 bien
1779 4019 73 22 qu'elle
1868 4024 24 15 se
1899 4023 79 20 -puisse
1993 4019 74 23 porter
2082 4023 53 17 avec

1639 4044 32 16 un
1682 4041 59 19 deuU
1753 4042 59 19 aussi
1821 4042 71 21 lourd:
1906 4042 40 20 elle
1958 4042 80 23 pleure.

1664 4085 26 5 —
1701 4076 46 20 Elle
1761 4077 34 20 est
1807 4077 49 23 plus
1871 4078 64 22 Jeune
1951 4081 41 19 que
2008 4077 50 22 moi,
2074 4081 49 16 mur-

1638 4102 65 16 mura
1719 4099 52 21 Mlle
1788 4100 27 22 de
1831 4101 172 22 Saint-Caprals,
2018 4100 50 20 bien
2085 4101 49 23 plus

1639 4122 71 24 jeune.

1663 4158 33 22 Et,
1709 4158 50 20 tout
1771 4158 15 20 à
1801 4163 61 21 coup,
1875 4160 39 21 elle
1929 4159 38 21 eut
1982 4159 57 21 cette
2055 4159 78 23 pensée

1638 4184 43 20 que
1697 4181 22 19 la
1737 4182 80 21 femme
1835 4184 36 24 qui
1889 4183 30 20 lui
1937 4182 60 20 avait
2013 4183 58 23 jadis
2086 4182 54 20 volé*

1638 4208 40 16 son
1690 4203 74 21 fiancé
1776 4207 75 19 venait
1863 4207 27 20 de
1903 4207 20 19 le
1935 4206 47 19 voir
1992 4205 70 23 partir
2073 4215 26 5 —
2110 4206 24 19 et

1638 4230 41 20 que
1693 4227 49 24 plus
1756 4228 79 23 jamais
1851 4229 120 20 Madeleine
1989 4229 38 21 des
2043 4229 90 19 EUettes

1639 4254 28 16 ne
1677 4252 67 18 serait
1755 4251 104 22 heureuse
1870 4257 37 16 sur
1916 4253 62 19 terre.
1989 4252 45 20 Elle
2040 4252 46 23 jeta
2092 4256 30 16 au-

1639 4274 50 20 tour
1701 4274 61 21 d'eUe
1774 4279 31 16 un
1819 4276 77 24 regard
1910 4275 82 23 inquiet
2005 4275 29 22 et,
2047 4275 87 20 avisant

1638 4297 22 20 la
1672 4298 101 20 servante
1789 4303 5 15 :

1662 4341 27 6 —
1699 4332 34 21 Au
1750 4337 52 17 nom
1818 4334 27 21 de
1862 4339 24 16 ce
1903 4338 40 19 que
1959 4334 25 20 tu
1999 4338 25 15 as
2039 4334 27 20 de
2084 4334 49 23 plus

1638 4355 61 21 secré
1716 4361 29 15 au
1759 4358 86 22 monde,
1861 4358 66 22 Mion,
1941 4356 94 23 dis-moi,
2049 4357 22 23 je
2088 4357 44 20 n'ai

1638 4383 39 19 pas
1690 4378 50 20 rêvé
1753 4384 6 15 :
1770 4380 21 19 le
1800 4381 99 20 médecin
1910 4385 14 15 a
1936 4380 50 21 bien
1997 4380 82 24 promis
2090 4384 41 20 que

1638 4402 22 23 je
1672 4407 29 15 ne
1714 4404 95 22 passerai
1821 4409 40 19 pas
1871 4405 21 20 la
1902 4404 48 20 nuit
1964 4403 11 19 ?

1661 4446 27 6 —
1700 4438 149 21 Demoiselle...

1662 4482 27 5 —
1699 4473 32 20 Ne
1742 4478 63 17 mens
1816 4479 46 21 pas,
1873 4475 71 24 jure...

1661 4518 27 5 —
1699 4509 49 22 Oui,
1765 4510 82 21 souffla
1864 4511 22 20 la
1902 4509 99 22 servante
2019 4513 27 16 en
2062 4514 24 16 se
2100 4509 20 20 si-

1637 4532 77 23 gnant,
1726 4532 16 20 U
1753 4533 29 20 l'a
1795 4534 38 19 dit

1662 4576 27 5 —
1700 4567 90 23 Promis,
1826 4569 86 20 rectifia
1942 4567 22 20 la
1999 4567 131 21 moribonde.

1637 4590 74 20 Merci.

1661 4626 29 20 Et
1699 4626 52 20 Mlle
1760 4627 27 20 de
1797 4627 74 21 Saint-
1873 4626 94 23 Caprais,
1977 4630 52 15 avec
2039 4630 31 15 un
2080 4630 39 15 sou-

1637 4649 48 22 rire,
1698 4653 80 20 songea
1788 4651 50 23 qu'il
1850 4651 55 20 était
1915 4650 57 20 doux
1983 4649 27 20 de
2022 4650 83 19 mourir
2115 4648 15 20 à

1637 4672 93 23 présent.
1748 4673 46 21 EUe
1809 4679 23 15 se
1850 4673 114 21 lamentait
1978 4672 82 22 tantôt;
2079 4672 52 20 c'est

1637 4695 74 24 qu'elle
1730 4700 29 18 ne
1778 4698 71 20 savait
1868 4701 44 20 pas.
1929 4696 46 22 Que
1995 4695 134 19 laissait-elle

1637 4718 79 20 Ici-bas
1727 4719 11 19 ?
1748 4720 44 19 Des
1802 4721 87 23 leurres,
1899 4720 23 20 et
1932 4719 40 20 elle
1978 4718 62 20 allait
2045 4718 73 20 retrou-

1637 4745 38 16 ver
1689 4743 56 19 celui
1763 4744 37 22 qui
1817 4745 61 19 avait
1895 4742 35 21 été
1948 4741 92 23 l'unique
2057 4742 72 19 raison

1637 4765 26 20 de
1674 4769 25 17 sa
1709 4766 40 22 vie,
1760 4771 40 15 son
1810 4767 69 23 grand
1889 4767 23 20 et
1920 4765 75 22 tendre
2005 4765 45 19 ami
2059 4764 70 20 Raoul

1637 4788 38 22 des
1689 4788 94 23 Eilettes,
1798 4790 55 20 dont
1864 4791 22 20 la
1900 4787 96 22 dernière
2011 4787 84 23 pensée,
2109 4788 20 19 le

1636 4811 87 21 dernier
1739 4812 123 22 battement
1876 4813 26 22 de
1916 4815 61 17 cœur
1993 4811 88 19 avaient
2095 4810 34 20 été

1636 4838 56 19 pour
1705 4834 46 23 elle.
1764 4836 34 22 Et,
1813 4841 83 16 comme
1911 4835 18 21 si
1941 4833 57 21 cette
2012 4834 43 23 Joie
2069 4834 61 19 avait

1636 4857 35 21 été
1684 4859 50 23 trop
1750 4859 55 21 belle
1821 4861 24 19 et
1860 4860 48 22 qu'il
1925 4858 63 19 fallût
2005 4858 66 20 qu'un
2087 4861 42 19 peu

1636 4881 49 24 plus
1701 4877 136 26 d'humanité
1852 4880 124 23 l'entachât,
1992 4877 40 23 elle
2049 4884 80 18 songea

1636 4909 40 18 que
1688 4905 121 21 Madeleine
1823 4906 97 24 pendant
1933 4908 24 16 ce
1969 4905 70 22 temps
2052 4903 76 20 vleiUi-

1636 4929 43 18 rait
1688 4928 46 21 ride
1745 4929 15 19 k
1771 4929 47 21 ride
1829 4931 23 19 et
1864 4933 40 20 que
1915 4928 31 20 les
1957 4927 76 23 jeunes
2043 4930 52 20 gens
2107 4926 21 20 la

1636 4951 161 24 regarderaient
1808 4957 52 16 avec
1874 4951 67 25 peine.

1661 4987 51 20 Mlle
1729 4988 81 20 Aurore
1823 4988 27 20 de
1866 4984 164 24 Saint-Caprals
2044 4984 37 20 eut
2098 4987 30 20 up

1636 5014 99 16 nouveau
1745 5011 81 20 sourire
1837 5011 46 20 lent
1889 5010 22 20 et
1917 5009 61 20 doux,
1990 5007 65 23 parut
2065 5007 52 20 cher-

1636 5033 52 20 cher
1701 5034 79 20 autour
1791 5034 61 20 d'eUe
1865 5037 43 17 une
1920 5030 96 22 invisible
2029 5030 62 19 main
2103 5039 26 5 —

1636 5057 22 19 et
1670 5060 70 19 passa.

1917 5082 59 21 Léon
1989 5081 113 20 LAFAGE.

2192 2047 19 19 8.
2224 2047 115 23 Capitaine
2355 2048 107 22 Misonne,
2476 2053 38 17 sur
2533 2058 7 5 »
2549 2050 20 18 Y
2577 2058 7 7 «
2601 2051 22 18 et
2640 2051 28 18 M.

2167 2070 154 23 Loewensteln,
2334 2075 38 16 sur
2389 2072 76 20 «Look
2481 2072 70 21 Out».

2192 2100 19 19 9.
2224 2100 116 24 Capitaine
2353 2102 137 22 Coppenolle,
2501 2106 38 16 sur
2554 2109 8 9 «
2571 2103 80 19 Casino
2658 2110 9 11 ■

2168 2124 22 19 et
2203 2124 123 20 lieutenant
2339 2125 66 21 Mees,
2417 2129 39 15 sur
2470 2125 136 24 "Torpille».

2194 2154 29 18 10.
2236 2154 115 23 Capitaine
2363 2155 27 19 de
2403 2155 98 21 Menten,
2512 2160 38 15 sur
2565 2162 8 11 ■
2582 2156 69 19 Sneta
2658 2163 9 12 ■

2153 2178 36 27 jet
2203 2178 109 22 capitaine
2327 2178 49 19 Vt.n
2391 2178 90 23 Derton,
2495 2183 38 15 sur
2549 2180 119 22 -Gigolo*».

2220 2213 158 20 L'HISTOIRE
2389 2214 39 19 DE
2444 2214 35 19 LA
2491 2215 127 21 VOITURE

2192 2249 29 19 Le
2237 2249 85 23 cortège
2337 2249 136 23 d'équipages
2488 2249 37 24 qui
2539 2250 93 20 termine
2647 2250 21 20 la

2166 2272 69 20 soirée
2252 2273 87 19 montre
2352 2273 33 19 les
2401 2273 95 20 voitures
2510 2273 37 23 qui
2563 2274 93 20 successi-

2166 2296 87 20 vement
2267 2296 76 20 furent
2358 2295 121 25 employées
2494 2296 30 21 du
2538 2297 118 20 dlx-huiti^

2166 2324 36 16 me
2215 2320 72 20 siècle*
2291 2320 14 20 à
2320 2324 39 16 nos
2371 2320 66 23 jours.
2452 2321 29 19 Le
2496 2320 66 20 défilé
2576 2321 34 20 est
2623 2321 45 21 très

2166 2343 76 20 réussi.

2190 2367 41 19 Les
2246 2367 95 20 voitures
2360 2367 51 20 sont
2428 2367 45 21 très
2491 2368 50 20 bien
2561 2368 90 21 attelées
2660 2373 5 16 :

2166 2395 30 15 on
2213 2390 47 20 leur
2278 2395 15 16 a
2312 2390 69 20 choisi
2400 2391 38 20 des
2459 2392 97 20 chevaux
2572 2393 38 22 qui
2629 2396 27 16 ca-

2166 2414 65 19 drent
2243 2414 46 19 fort
2303 2414 57 22 bien,
2376 2418 84 16 comme
2473 2415 57 24 type,
2546 2420 52 15 avec
2613 2420 53 16 ceux

2165 2438 28 19 de
2208 2437 95 24 l'époque
2319 2438 142 23 représentée.

2190 2462 41 19 Les
2247 2462 119 23 occupants
2387 2462 38 20 des
2441 2462 95 20 voitures
2562 2463 52 20 sont
2639 2468 28 16 cn

2166 2485 97 19 costume
2283 2485 102 23 d'époque
2404 2487 22 18 et
2445 2486 58 20 leurs
2523 2490 146 20 personnages

2164 2510 51 18 sont
2232 2511 65 18 tenus
2314 2514 41 18 par
2371 2510 38 20 des
2426 2510 77 22 jeunes
2521 2514 53 19 gens
2590 2512 24 19 et
2630 2510 37 20 des

2164 2532 77 23 jeunes
2257 2533 57 19 filles
2331 2533 27 20 de
2373 2533 22 19 la
2411 2533 49 23 plus
2476 2534 68 19 haute
2556 2534 86 20 société.

2190 2562 20 19 D
2227 2566 15 19 y
2256 2566 14 15 a
2288 2567 31 15 un
2335 2562 102 24 gracieux
2453 2563 69 23 sulky,
2539 2564 57 19 deux
2612 2564 43 19 traî-

2166 2590 78 17 neaux,
2263 2590 31 15 un
2308 2586 60 20 train
2385 2587 27 19 de
2430 2590 81 19 voyage
2525 2588 95 22 complet
2637 2588 29 20 du

2166 2609 153 20 dix-huitième
2325 2611 147 22 comprenant
2484 2611 95 19 courrier
2590 2611 14 20 à
2614 2611 41 20 che-

2165 2633 42 21 val,
2220 2633 84 20 voiture
2319 2634 26 18 de
2357 2634 81 19 maître
2451 2634 24 19 et
2487 2635 85 19 voiture
2584 2635 27 19 de
2625 2635 28 20 ba-

2163 2661 60 18 gage,
2233 2661 31 15 un
2275 2661 85 15 caresse
2373 2657 27 19 de
2409 2657 51 23 gala
2470 2657 28 20 de
2508 2658 102 22 l'Empire
2623 2661 44 16 aux

2164 2681 90 19 harnais
2272 2680 89 23 frappés
2378 2681 28 19 de
2423 2681 14 19 r
2445 2689 9 7 -
2464 2681 20 19 N
2494 2690 7 6 -
2508 2685 6 18 ;
2531 2681 17 20 il
2565 2686 15 18 y
2597 2686 15 15 a
2629 2682 38 18 des

2164 2704 100 21 berlines,
2283 2704 38 20 des
2339 2704 105 22 calèches,
2464 2704 38 20 des
2522 2704 85 25 coupés,
2627 2706 40 19 des

2164 2728 83 21 breaks,
2260 2732 31 15 un
2304 2728 40 23 joU
2356 2728 68 20 break
2438 2728 27 20 de
2478 2728 83 20 chasse,
2575 2733 31 15 un
2616 2728 37 20 lan-

2165 2751 43 19 dau
2222 2751 27 20 de
2262 2752 54 21 1880,
2328 2755 31 16 un
2373 2751 107 24 stanhops
2490 2751 68 21 attelé
2571 2757 29 15 en
2613 2753 41 19 tan-

2165 2775 57 21 dem,
2240 2779 31 15 un
2290 2775 41 19 cab
2350 2775 27 19 de
2397 2775 54 21 1890,
2470 2780 43 15 une
2531 2775 91 21 Victoria
2639 2777 28 19 de

2166 2799 54 20 1905,
2236 2803 32 15 un
2282 2799 97 19 tonneau
2395 2799 27 19 de
2440 2799 55 22 1910.
2515 2803 31 16 un
2568 2800 98 23 phaeton

2165 2822 55 21 1912,
2236 2826 31 16 un
2280 2822 53 19 maU
2349 2822 69 20 coach
2432 2822 55 23 1914,
2501 2823 23 20 et
2539 2827 44 16 une
2598 2824 69 23 petite

2165 2845 131 20 américaine
2312 2846 54 19 1930.

2190 2869 57 19 C'est
2264 2869 45 19 très
2323 2869 45 23 joli.

2189 2893 41 18 Les
2247 2893 75 19 modes
2341 2894 50 18 sont
2408 2893 46 19 fort
2471 2893 101 23 joliment
2591 2899 64 18 repro-

2165 2916 71 19 duites
2245 2920 6 15 :
2267 2917 106 19 manches
2390 2916 15 20 à
2422 2917 66 22 gigot,
2513 2917 113 24 chapeaux
2652 2918 15 20 à

2163 2939 91 23 plumes,
2273 2940 106 20 tricornes
2396 2940 66 20 Louis
2480 2941 47 21 XV,
2546 2941 120 21 uniformes

2164 2963 90 19 d'avant
2262 2964 22 19 la
2294 2968 77 18 guerre
2380 2968 5 17 ;
2399 2964 49 20 tout
2457 2965 86 19 montre
2553 2969 31 15 un
2596 2966 69 21 grand

2163 2987 60 19 souci
2238 2987 27 19 de
2280 2986 21 20 la
2318 2988 172 19 reconstruction
2506 2989 82 19 exacte.

2187 3010 31 19 Le
2236 3011 108 22 spectacle
2360 3012 55 18 vaut
2432 3011 68 20 d'être
2514 3015 35 16 vu.

2188 3033 32 20 La
2231 3034 69 19 soirée
2309 3039 24 17 se
2344 3034 94 20 termine
2449 3039 29 15 au
2489 3035 75 20 milieu
2574 3035 38 20 des
2624 3041 29 19 ap-

2163 3057 182 23 plaudissements
2364 3058 37 22 qui
2419 3058 165 23 récompensent
2610 3064 55 16 ceux

2163 3080 37 24 qui
2217 3081 40 19 ont
2275 3081 19 20 si
2309 3081 119 20 bellement
2450 3083 132 20 reconstitué
2606 3084 58 20 cette

2163 3104 90 20 histoire
2266 3104 27 20 de
2309 3105 22 19 la
2346 3105 90 19 voiture.
2451 3115 27 5 —
2493 3105 22 21 S.

2236 3143 35 26 LA
2295 3143 168 27 PROCHAINE
2486 3139 109 33 SOIRÉE

2180 3183 39 16 Une
2234 3183 81 16 nouvelle
2332 3183 57 16 soirée
2404 3184 22 15 de
2439 3184 48 19 gala,
2503 3188 46 12 aura
2563 3185 36 16 lieu
2615 3186 47 16 dans

2160 3201 17 16 le
2190 3202 42 16 Hall
2247 3203 25 15 du
2288 3203 155 18 Cinquantenaire
2457 3203 17 16 le
2489 3203 52 16 lundi
2558 3205 19 15 19
2590 3205 44 17 mal,
2651 3206 8 14 â

2160 3221 21 15 20
2194 3221 70 15 heures.

2181 3240 27 15 Au
2220 3243 112 15 programme
2348 3244 4 12 :
2368 3241 42 16 prix
2422 3241 24 15 du
2460 3241 65 16 comité
2537 3241 24 16 du
2575 3245 83 14 commer-

2178 3264 2 8 :
2195 3258 22 16 de
2230 3258 97 18 Bruxelles,
2345 3259 104 16 réunissant
2464 3261 50 14 toute
2528 3259 18 17 la
2562 3262 89 17 participa-

2161 3278 37 14 tion
2213 3277 50 18 belge
2279 3278 20 15 et
2312 3277 95 19 étrangère
2423 3281 24 13 en
2464 3281 25 13 un
2506 3282 87 15 parcours
2609 3280 42 15 diffi-

2159 3296 33 15 cile
2208 3297 20 15 et
2241 3295 117 18 intéressant.
2386 3301 4 5 -

2181 3315 91 15 Concours
2288 3315 22 16 de
2329 3316 81 15 chevaux
2430 3316 22 15 de
2469 3315 48 18 selle,
2537 3316 125 18 présentation

2159 3333 55 16 d'une
2229 3334 96 18 quinzaine
2332 3334 4 4 '
2344 3334 31 15 des
2392 3334 82 16 chevaux
2490 3335 22 15 de
2527 3335 43 17 selle
2588 3337 73 15 inscrits

2159 3351 46 16 dans
2218 3352 26 16 les
2259 3352 86 19 épreuves
2357 3352 112 17 d'obstacles.

2180 3370 42 16 Prix
2234 3371 31 15 des
2280 3371 99 18 quadriges
2395 3375 5 12 :
2413 3372 92 16 Concours
2520 3376 34 15 par
2566 3374 65 17 quatre
2643 3374 20 16 et

2161 3389 97 16 Individuel
2273 3390 31 18 qui
2317 3393 45 13 aura
2376 3390 37 16 lieu
2429 3394 45 15 pour
2490 3391 19 16 la
2524 3392 87 18 première
2626 3393 36 15 fols

2158 3408 12 16 à
2188 3407 97 17 Bruxelles.
2308 3409 73 18 Chaque
2401 3409 66 16 nation
2484 3413 41 13 sera
2546 3411 114 18 représentée

2159 3430 34 15 par
2209 3427 47 15 deux
2272 3427 78 18 équipes.
2369 3428 50 15 Dans
2439 3428 70 22 chaque
2525 3429 69 18 équipe,
2614 3429 47 17 deux

2158 3445 82 16 chevaux
2254 3446 83 17 devront,
2354 3446 38 16 l'un
2410 3446 54 20 après
2479 3442 73 24 Vaqtre.
2571 3448 90 16 effectuer

2206 3464 87 19 parcovfs
2311 3465 98 16 Individuel
2430 3467 20 15 et
2471 3467 78 15 aussitôt
2570 3467 54 19 après
2642 3471 19 12 se

2159 3483 40 15 lera
2215 3483 17 15 le
2249 3486 87 15 parcours
2350 3487 34 15 par
2401 3485 64 17 quatre
2480 3485 22 15 de
2520 3485 75 19 l'équipe
2611 3489 40 13 com-

2159 3500 52 19 plète.

2224 3537 33 24 LA
2281 3530 133 32 MATINÉE
2438 3537 37 25 DE
2499 3537 91 27 MARDI

2179 3577 59 14 Hardi
2256 3576 89 19 prochain
2366 3577 11 16 k
2399 3577 59 18 partir
2480 3577 22 17 de
2520 3577 11 16 2
2551 3577 66 17 heures
2637 3579 22 15 de

2158 3594 125 19 l'après-midi,
2298 3596 55 14 finale
2365 3595 24 16 du
2402 3596 43 16 Prix
2456 3596 24 15 du
2493 3596 70 16 Comité
2575 3597 24 15 du
2610 3600 40 13 com-

2158 3617 58 12 merce
2235 3614 23 15 de
2276 3614 97 17 Bruxelles,
2393 3617 87 13 concours
2500 3615 22 16 de
2539 3615 83 16 chevaux
2637 3616 22 15 de

2223 3632 105 16 réunissant
2345 3636 35 12 une
2395 3633 130 18 cinquantaine
2542 3634 23 16 de
2583 3635 67 18 partici-

2157 3652 61 17 pants.

2178 3669 25 16 La
2215 3669 78 17 matinée
2308 3674 19 12 se
2340 3670 97 17 terminera
2450 3674 34 15 par
2498 3670 17 17 le
2528 3671 131 19 championnat

2158 3688 32 16 des
2201 3689 93 15 Barrières
2306 3692 23 12 ou
2341 3689 27 15 les
2380 3691 118 15 concurrents
2508 3690 77 16 devront
2597 3691 63 15 sauter

2159 3707 28 15 six
2199 3706 89 17 barrières
2302 3707 70 19 placées
2384 3708 11 15 à
2410 3709 18 14 10
2441 3707 67 17 mètres
2519 3708 48 17 l'une
2578 3709 23 16 de
2613 3709 48 17 l'au-

2208 3726 30 16 120
2255 3727 122 17 inscriptions.

2217 3796 16 12 «
2245 3790 39 29 LA
2303 3790 24 29 M
2328 3790 49 29 INE
2396 3790 92 30 SOURI
2488 3790 82 31 ANTE
2584 3793 13 12 *

2181 3850 113 20 Bruxelles
2306 3855 15 15 a
2333 3850 155 21 malntenaont
2498 3855 84 17 comme
2596 3851 62 20 Paris

2156 3876 41 17 son
2209 3873 69 20 Salon
2291 3873 39 21 des
2342 3874 142 20 Humoristes.

2182 3902 90 20 Installé
2285 3907 29 15 au
2326 3903 25 18 29
2364 3903 27 19 de
2404 3904 22 19 la
2438 3903 104 21 chaussée
2554 3904 103 22 d'Ixelles,

2158 3925 16 19 U
2187 3925 73 21 réunit
2273 3930 50 16 sous
2336 3926 75 23 l'égide
2424 3927 28 20 de
2466 3934 9 9 •
2490 3927 32 20 La
2534 3928 61 19 Mine
2606 3932 40 16 sou-

2155 3949 72 19 riante
2238 3956 17 14 »,
2264 3949 20 19 le
2295 3953 99 16 nouveau
2405 3951 143 22 groupement
2557 3951 39 20 des
2605 3951 38 20 des-

2157 3973 109 18 sinateurs
2280 3972 131 22 humoristes
2425 3973 78 23 belges,
2518 3974 39 20 des
2572 3978 85 16 œuvres

2156 3996 51 18 tour
2219 4000 14 14 a
2243 3996 51 19 tour
2307 3996 83 22 pleines
2403 3996 27 21 de
2442 4000 63 17 verve
2519 4001 30 17 ou
2561 3998 83 20 d'amer-

2156 4019 67 19 tume.

2181 4047 60 20 Mme
2257 4048 85 19 Jeanne
2360 4048 90 22 Hovine,
2466 4049 55 20 MM.
2536 4050 27 20 de
2579 4050 77 19 Froid-

2155 4071 68 20 court.
2244 4071 70 19 Ancla
2333 4071 49 19 Van
2404 4073 119 20 Clcemput.
2544 4073 110 23 François,

2156 4093 88 23 Roméo,
2259 4094 124 22 Dumoulin,
2399 4095 82 20 Marcel
2497 4096 102 23 Antoine,
2614 4097 41 19 Le-

2156 4117 74 22 maire,
2243 4117 43 20 Léo
2300 4118 34 21 Jo,
2349 4117 77 22 Hersé,
2439 4118 155 23 EyKelshoven,
2606 4120 49 19 Van

2154 4140 92 23 Beuren,
2266 4141 99 22 Mosdije,
2385 4141 60 23 Klec,
2464 4142 85 23 Lenoir,
2567 4143 87 21 Wllcar,

2154 4163 49 21 Van
2216 4164 39 19 der
2266 4164 53 23 Elst,
2332 4164 108 21 Bossaert.
2455 4165 127 23 Jannssens,
2597 4167 57 19 Jean

2153 4186 75 22 Emile,
2249 4187 142 20 Jules-Marie
2412 4188 103 22 Canneel,
2533 4189 72 23 T'Sas,
2626 4190 27 19 de

2155 4209 82 22 Groux,
2249 4210 127 21 Scoûflalre.
2389 4211 136 22 Lempereur.
2536 4213 40 19 ont
2587 4212 67 23 empli

2153 4232 23 20 la
2188 4233 88 20 cimaise
2289 4233 27 21 de
2329 4234 58 21 leurs
2400 4234 49 24 plus
2461 4236 127 20 amusantes
2601 4240 40 19 pro-

2153 4256 106 20 ductions.

2178 4285 32 20 De
2223 4285 119 21 nombreux
2358 4287 110 20 amateurs
2484 4288 51 20 sont
2549 4291 104 18 accourus

2154 4312 29 16 au
2195 4308 123 24 vernissage
2330 4310 37 22 qui
2379 4310 52 20 s'est
2442 4310 44 20 fait
2498 4315 29 16 en
2539 4311 90 21 famille.

2177 4337 19 19 1*1
2208 4341 15 17 y
2234 4341 15 15 a
2258 4342 43 16 une
2313 4337 59 21 foule
2383 4339 32 19 de-
2421 4340 153 21 compositions
2585 4340 54 21 abra-

2155 4360 144 21 cadabrantes
2314 4361 27 20 de
2357 4362 23 19 la
2392 4362 110 22 meilleure
2517 4367 70 16 venue
2602 4364 51 23 qu'il

2153 4383 49 20 faut
2213 4383 99 21 détailler
2322 4384 14 20 à
2346 4384 23 21 la
2378 4385 70 24 loupe,
2458 4386 16 19 il
2482 4390 15 19 y
2506 4391 14 15 a
2530 4387 38 20 des
2576 4387 63 23 légen-

2152 4406 38 20 des
2201 4411 70 16 rosses
2280 4408 25 20 et
2314 4408 38 20 des
2363 4409 131 20 caricatures
2507 4410 132 20 ressemblan-

2155 4430 33 19 tes
2201 4434 83 16 comme
2298 4431 38 20 des
2348 4433 108 21 portraits.

2177 4458 32 20 La
2221 4459 103 22 fantaisie
2337 4461 59 19 seule
2408 4465 14 15 a
2435 4460 85 22 présidé
2530 4462 14 19 à
2557 4462 22 20 la
2590 4463 51 20 nais-

2153 4485 65 16 sance
2232 4482 39 20 des
2282 4487 36 15 ces
2330 4483 118 21 œuvrettes
2458 4486 71 20 parmi
2540 4485 112 23 lesquelles

2155 4504 16 20 11
2186 4509 14 19 y
2213 4509 28 16 en
2257 4509 15 15 a
2287 4505 28 20 de
2331 4507 160 23 remarquables
2506 4512 84 18 comme
2606 4517 8 8 ■
2632 4509 21 20 le

2154 4527 92 20 Sermon
2257 4535 17 15 ■,
2286 4535 9 10 ■
2307 4529 20 19 le
2337 4529 41 20 Jeu
2386 4530 28 19 de
2423 4530 57 20 balle
2491 4538 9 9 »
2512 4535 29 16 ou
2553 4539 9 9 •
2572 4532 21 20 le
2603 4532 38 20 Cir-

2151 4554 42 19 que
2206 4551 38 19 des
2257 4555 66 18 puces
2337 4559 8 9 ■
2359 4552 27 20 de
2398 4553 83 20 Roméo
2493 4554 125 22 Dumoulin,
2629 4556 21 19 le

2153 4574 94 22 portrait
2264 4574 27 20 de
2308 4575 34 19 M*
2362 4575 68 21 Henri
2449 4576 44 20 H...
2515 4578 28 19 de
2562 4578 89 20 Froide-

2151 4598 68 22 court,
2231 4597 121 21 d'incisives
2363 4599 132 21 caricatures
2507 4601 27 20 de
2546 4601 104 24 François

2151 4619 28 20 où
2193 4620 43 20 l'on
2247 4622 114 19 reconnaît
2374 4622 30 19 M.
2418 4622 69 21 Henri
2501 4623 86 24 Jaspar,
2600 4629 37 16 cro-

2151 4642 41 23 qué
2205 4648 28 15 en
2246 4644 49 22 cinq
2310 4645 69 21 lignes
2393 4645 50 22 puis
2458 4650 29 16 en
2502 4647 49 22 plus
2565 4649 77 21 poussé

2152 4667 53 18 MM.
2221 4667 146 23 Forthomme,
2385 4669 155 24 Vandervelde,
2559 4671 90 20 Camille

2152 4689 124 23 Huysmans
2289 4691 23 19 et
2327 4690 106 24 Slgnoret.

2174 4718 99 20 Lemaire
2301 4720 86 20 montre
2409 4725 29 16 en
2468 4725 43 17 une
2533 4725 115 19 amusante

2150 4740 76 24 équipe
2237 4741 20 20 le
2268 4742 111 21 ministère
2390 4743 252 24 Pouillet-Vandervelde

2173 4764 29 20 Et
2215 4765 43 19 l'on
2273 4765 77 21 exhibe
2362 4766 55 20 dans
2431 4771 31 16 un
2474 4767 62 21 bocal
2557 4769 22 20 la
2593 4770 54 20 dent

2149 4787 52 20 d'un
2214 4788 90 23 critique
2317 4788 80 21 sévère.

2173 4816 29 20 Le
2211 4817 94 22 premier
2313 4818 62 20 salon
2386 4818 38 22 des
2435 4819 131 23 humoristes
2574 4823 72 23 belges

2150 4840 117 20 s'annonce
2278 4844 83 18 comme
2371 4846 31 16 un
2413 4841 80 22 succès.
2504 4853 26 11 ,—
2539 4844 24 21 E.

3023 189 20 14 _.
3086 189 8 11 Il
3102 187 28 12 w.
3136 187 3 3 •

2717 224 166 20 AUDACIEUX
2893 225 72 19 VOLS
2978 222 74 21 DANS
3065 219 121 21 L'AGGLO-

2693 248 148 19 MERATION
2856 245 203 22 BRUXELLOISE.
3072 253 24 5 —
3109 243 88 19 Samedi

2692 271 50 22 soir,
2753 274 29 16 en
2792 271 118 22 pénétrant
2919 271 57 19 dans
2984 273 42 16 son
3036 267 161 24 app»rtemcnl.

2692 298 39 16 rue
2747 294 28 19 de
2789 293 22 20 la
2828 294 71 22 Poste,
2914 294 21 19 le
2951 291 88 22 nommé
3054 291 93 22 Jacques
3164 289 33 19 De

2692 317 118 21 Beeclaert,
2826 317 142 21 dessinateur,
2984 321 14 15 a
3015 313 100 22 constaté
3131 313 66 22 qu'un

2693 340 119 19 audacieux
2825 340 144 20 cambrioleur
2980 340 31 22 s'y
3022 338 56 20 était
3091 336 107 19 Intiodull

2692 363 14 20 à
2726 363 64 20 l'aide
2810 364 27 19 de
2854 363 86 21 fausses
2959 363 60 20 clefs.
3039 361 41 19 Les
3100 359 97 20 meubles

2693 387 125 22 garnissant
2831 387 32 19 les
2877 387 130 19 différentes
3022 384 71 24 pièces
3109 382 88 20 avalent

2693 409 35 20 été
2737 410 109 19 fracturés
2855 412 23 18 et
2888 410 92 20 fouillés.
2988 410 48 19 Une
3045 411 83 16 somme
3138 406 47 19 d'ar-

2692 433 53 22 gent
2765 432 128 22 rondelette,
2913 433 40 20 des
2972 432 81 24 bijoux,
3070 430 39 20 de»
3129 428 68 21 effets

2692 456 163 20 d'habillement
2876 458 24 18 et
2919 457 72 20 divers
3011 455 73 23 objets
3103 453 28 20 de
3149 453 48 22 prix

2692 480 41 19 ont
2744 479 36 20 été
2792 486 9 10 •
2813 480 81 20 rai-dés
2907 489 9 8 ■
2929 484 42 19 par
2983 479 20 20 le
3015 478 77 20 monte
3101 480 30 16 en
3143 476 54 19 l'air.

2693 503 109 19 D'activés
2813 504 128 19 recherches
2952 505 52 18 sont
3014 506 29 16 en
3055 504 70 16 cours.

2717 526 43 20 Sur
2774 526 24 20 la
2810 527 143 22 plate-forme
2969 526 31 20 du
3014 525 65 20 tram,
3096 523 20 20 le
3133 527 52 15 nom-

2693 549 34 20 mé
2739 550 92 23 Jacques
2843 550 127 23 Maubeuge,
2982 546 114 23 domicilié,
3108 550 39 16 rue
3159 546 39 19 des

2694 572 128 23 Mégkslers.
2838 573 13 20 à
2868 573 139 21 Anderlecht,
3021 576 14 15 a
3052 570 35 21 été
3103 569 94 22 victime,

2693 596 83 19 samedi
2791 597 49 19 soir,
2855 597 104 19 chaussés
2973 597 28 19 de
3016 594 116 21 Waterloo,
3145 593 52 20 d'un

2693 618 120 21 audacieux
2833 619 54 22 filou
2909 620 37 23 qui
2967 619 32 20 lui
3021 624 15 14 a
3057 616 79 21 dérobé
3157 620 40 16 son

2695 642 145 23 porte-billets
2853 648 53 15 avec
2920 644 37 19 985
2969 643 76 20 francs
3058 641 24 19 et
3094 640 39 19 des
3145 643 41 16 cou-

2694 670 54 19 pons
2760 666 106 20 d'actions
2877 667 30 19 lui
2919 671 16 16 a
2947 666 35 20 été
2993 663 104 23 subtilisé.
3111 663 86 19 Plainte

2693 693 14 15 a
2721 689 36 19 été
2771 688 90 23 déposée
2876 690 62 20 entre
2951 690 32 19 les
2995 688 72 21 mains
3081 687 27 19 de
3123 686 21 20 la
3157 690 29 19 po-

2694 712 46 20 lice.
2754 722 27 4 —
2793 713 27 19 D.

2714 754 27 15 LA
2753 753 91 16 GRANOE
2855 755 119 18 FABRIQUE.
2986 754 25 16 36.
3023 755 33 14 rua
3069 752 22 16 d.
3103 751 19 16 la
3134 751 62 18 Vierge

2695 773 57 16 Noir,,
2770 773 60 15 habile
2852 777 43 13 avec
2914 774 91 20 eieyance;
3023 771 34 17 elle
3077 770 76 19 emploie
3172 769 25 16 les

2694 791 101 16 meilleures
2811 792 111 16 nouveautés
2938 796 23 12 en
2976 793 61 16 tissus;
3056 793 29 12 ses
3101 789 39 19 prix
3155 790 41 14 sont

2694 810 37 16 très
2743 811 119 17 svsntaieux.
3132 808 65 16 (D340S

2720 842 145 19 RENVERSE
2876 842 56 19 PAR
2943 835 39 27 irjjt
2994 839 82 22 AUTO.
3087 848 25 5 —
3121 839 65 19 Same-

2693 864 23 20 di
2735 865 50 20 soir,
2805 865 21 19 le
2844 865 88 22 cycliste
2951 864 103 21 Ghislain
3072 863 125 18 Desmanct.

2694 888 113 21 domicilié,
2826 893 38 15 rue
2882 888 148 20 Vandernoot.
3048 890 28 15 en
3095 884 103 21 dévalant

2693 911 23 19 la
2735 915 39 16 rue
2794 911 260 23 Royale-Sainte-Marie,
3071 909 15 19 à
3103 909 82 19 Schaer-

2694 935 59 21 beek.
2767 939 14 15 a
2794 935 36 20 été
2841 936 83 22 surpris
2936 936 23 19 et
2972 932 101 22 renversé
3088 936 40 19 par
3142 932 43 19 l'au-

2694 958 101 20 tomobile
2820 963 42 18 que
2886 958 124 20 conduisait
3035 957 20 19 le
3081 955 117 20 ohauffeur

2694 982 68 19 Henri
2783 982 33 19 De
2835 983 65 20 Coen,
2920 980 110 21 habitant,
3053 982 85 17 avenue
3159 978 38 20 des

2694 1005 73 19 Villas.
2779 1005 30 20 Le
2822 1005 103 22 pédaleur
2937 1010 14 14 a
2961 1004 36 21 été
3007 1002 71 22 relevé
3090 1006 53 16 avec
3155 1006 44 16 une

2693 1028 57 23 plaie
2768 1028 80 20 béante
2865 1033 29 16 au
2912 1029 67 20 crâne
2997 1028 23 19 et
3039 1031 24 15 se
3081 1025 72 24 plaint
3170 1025 27 20 de

2693 1051 101 20 douleurs
2811 1052 101 20 dorsales.
2933 1053 44 18 Des
2997 1051 60 20 soins
3078 1053 119 19 empresses

2696 1074 31 20 lui
2746 1076 41 19 ont
2805 1074 37 21 été
2864 1075 115 23 prodigués
3003 1074 14 20 à
3042 1073 104 23 l'hôpital.
3168 1072 30 20 Le

2693 1098 59 22 cycle
2766 1103 15 14 a
2795 1098 34 20 été
2844 1099 71 20 tordu.
2928 1108 27 6 —
2966 1099 28 20 D.

2716 1139 68 13 lmo\
2813 1138 28 16 ET
2867 1137 153 18 reu-voyANtl.
3035 1138 27 17 19.
3077 1140 32 13 rus
3124 1137 72 19 Rojale.

2696 1157 96 18 Bruxelles,
2815 1161 62 13 sssure
2897 1160 41 15 tous
2956 1158 75 19 risques,
3053 1158 76 13 consent
3149 1155 49 19 prêts

2695 1176 143 18 hypothécaires,
2855 1178 89 15 constitue
2964 1177 61 16 rente,
3045 1174 85 19 vlaièrea
3150 1174 38 16 Con-

2694 1195 67 16 ditions
2779 1195 25 17 las
2820 1195 41 22 plus
2876 1198 136 16 avantageuses.
3032 1201 16 6 —
3069 1194 47 15 Bon,
3133 1193 63 18 agent,

2693 1215 43 15 sont
2749 1213 103 17 demendes.
3142 1212 54 15 IH83S

2718 1245 118 19 PENIBLE
2854 1245 94 20 CHUTE
2967 1244 67 20 D'UN
3055 1239 143 23 CYCLISTE.

2694 1277 25 5 —
2737 1268 88 20 Samedi
2843 1268 50 22 soir,
2908 1268 21 20 le
2944 1267 89 24 cycliste
3050 1265 77 21 Alfred
3145 1265 52 20 Scr-

2694 1295 98 19 cruysen,
2805 1291 109 23 habitant,
2929 1296 39 17 rue
2982 1290 30 20 du
3027 1290 111 23 Chapeau,
3152 1288 34 21 sui-

2694 1315 46 20 vait
2755 1315 22 19 la
2794 1319 38 16 rue
2849 1315 27 21 de
2891 1315 74 20 l'Allée
2979 1313 71 21 Verte.
3067 1313 33 19 Au
3117 1312 67 20 croise-

2694 1338 62 20 ment
2770 1338 26 20 de
2811 1338 22 20 la
2849 1338 57 24 ligne
2924 1337 70 21 ferrée
3011 1336 36 24 qui
3063 1337 97 19 traverse
3176 1335 22 20 la

2694 1362 46 20 voie
2757 1361 107 24 publique,
2880 1361 50 24 près
2947 1361 27 21 de
2990 1361 22 20 la
3027 1364 39 16 rue
3081 1359 79 22 Masui,
3176 1359 21 19 lo

2694 1385 103 23 pédaleur
2814 1385 115 24 s'engagea
2948 1388 52 16 avec
3018 1386 22 18 la
3057 1387 53 16 roue
3129 1383 69 20 avant

2693 1408 56 20 dans
2763 1408 21 20 le
2798 1409 48 22 rail,
2859 1409 72 23 perdit
2943 1407 118 24 l'équilibre
3076 1407 23 19 et
3111 1411 74 15 ramas-

2693 1436 25 15 sa
2731 1436 43 15 une
2789 1431 98 21 fameuse
2901 1432 62 23 pelle.
2978 1431 59 20 C'est
3052 1431 48 19 tout
3115 1434 70 15 ensan-

2694 1455 74 23 glanté
2782 1460 40 18 que
2836 1456 20 19 le
2870 1456 142 19 malheureux
3026 1459 14 15 a
3053 1454 46 23 pris
3112 1453 21 20 le
3144 1453 42 20 che-

2693 1479 47 19 min
2757 1479 29 19 de
2805 1478 97 24 l'hôpital
2924 1479 139 19 Saint-Jean.
3085 1478 45 19 Son
3150 1476 47 21 état

2694 1502 34 20 est
2740 1502 52 23 Jugé
2804 1506 71 19 grave.
2887 1512 26 5 —
2922 1503 28 19 D.

2694 1545 237 30 BANDAGES
2952 1544 223 30 HERNIAIRE
3180 1544 15 16 3

2953 1581 44 15 Avec
3012 1583 23 12 ou
3053 1583 43 13 sans
3113 1579 74 16 Rassort

2941 1607 33 29 F.
2989 1605 209 30 BRASSF.UR

2961 1637 24 15 Fa
2987 1636 37 16 bric
3026 1636 32 15 ant
3060 1635 114 19 ■Spécialiste

2940 1655 27 17 92,
2986 1655 45 16 BUE
3050 1654 31 16 DI)
3100 1654 60 17 MIDI,
3176 1653 21 17 92

2695 1680 76 17 Eiéeutf.

2715 1726 120 19 PENIBLE
2849 1724 100 20 CHUTE.
2963 1733 25 5 —
3001 1723 33 19 En
3049 1722 97 20 sautant,
3159 1725 25 15 sa-

2692 1749 58 19 medi
2763 1749 50 20 soir,
2825 1748 30 20 du
2869 1749 65 20 tram,
2947 1747 62 22 place
3021 1746 67 20 Bara,
3100 1745 20 20 le
3132 1749 52 15 nom-

2690 1772 36 21 mé
2752 1772 73 20 Julien
2854 1771 90 20 Verh....
2972 1769 111 22 habitant,
3112 1772 83 16 avenue

2691 1796 28 20 de
2731 1795 135 21 Roodebeek.
2880 1799 13 15 a
2906 1794 44 20 fait
2962 1798 43 15 une
3018 1793 72 19 chute.
3101 1792 83 19 L'infor-

2690 1819 54 21 tuné
2757 1824 15 15 a
2784 1819 34 20 été
2832 1818 70 20 relevé
2916 1822 52 15 avec
2980 1817 39 20 des
3031 1815 164 21 meurtrissures

2691 1843 13 19 k
2714 1843 22 19 la
2746 1842 45 21 tôt*
2800 1844 22 19 et
2831 1846 23 16 se
2863 1842 72 23 plaint
2944 1841 27 20 de
2981 1840 101 20 douleurs
3092 1839 102 20 internes.

2691 1866 43 21 Des
2747 1866 60 20 soins
2819 1866 33 19 lui
2864 1866 41 19 ont
2915 1864 35 20 été
2963 1862 116 25 prodigués
3091 1862 15 20 à
3117 1862 77 23 ttiôpi-

2690 1890 31 20 tal
2737 1890 28 20 de
2779 1889 98 20 l'avenue
2892 1887 96 21 Molière.
3002 1897 27 5 —
3041 1888 26 19 D.

2783 1922 309 22 BUFifET-KESTAURANT

2764 1955 22 15 de
2800 1954 19 15 la
2832 1954 48 15 Gare
2894 1953 32 15 des
2939 1952 113 17 Guillrmlns,
3065 1951 52 19 Llé(*

2784 1979 66 16 Dîner»
2862 1983 5 10 :
2879 1979 20 14 17
2912 1978 22 15 fr.
2945 1978 21 14 30
2975 1978 20 14 rt
3006 1977 20 15 îû
3039 1977 62 15 francs

2806 1997 41 16 Plat
2860 1997 24 15 du
2900 1996 39 18 Jour
2956 2001 5 11 :
2973 1996 21 15 10
3005 1996 69 15 fraaes.

2693 2016 59 17 SerTls
2768 2016 22 16 de
2802 2016 20 16 11
2840 2016 11 15 A
2867 2016 22 15 22
2904 2015 71 16 heures.
2988 2022 23 5 —
3024 2014 58 16 Petits
3098 2013 95 19 déj*tmt*r-.

2762 2035 57 16 servis
2834 2035 12 15 à
2863 2034 58 19 partir
2938 2034 23 16 de
2975 2035 11 14 3
3002 2034 31 16 1/?
3046 2033 66 16 heures
3128 2032 66 16 <HJ040

2716 2066 83 20 MOTO
2814 2065 114 20 CONTRE
2942 2064 83 20 AUTO.
3040 2073 26 5 —
3079 2064 30 19 Le
3121 2063 60 20 moto-

2691 2090 88 23 cycliste
2793 2089 108 20 Vanewel.
2920 2088 108 20 étudiant.
3046 2087 25 19 22
3091 2091 47 17 ans.
3154 2086 27 20 de-

2692 2114 102 19 meurant
2808 2117 38 15 rue
2861 2113 30 20 du
2906 2112 40 19 Pot
2961 2111 60 21 d'Or,
3034 2111 15 19 à
3063 2110 70 23 Liège,
3146 2112 35 18 tra-

2691 2137 81 20 versait
2788 2136 23 20 la
2825 2136 61 23 place
2900 2132 113 24 Cockerill,
3028 2135 73 23 quand
3117 2134 23 21 IL
3149 2134 44 20 alla

2690 2165 25 15 se
2725 2160 57 24 Jeter
2789 2160 76 19 contre
2875 2164 31 15 un
2917 2159 151 20 auto-camion
3078 2158 67 21 piloté
3152 2162 41 18 par

2691 2185 30 19 M.
2732 2184 113 21 Surmans,
2858 2183 28 19 du
2899 2183 50 23 quai
2963 2182 104 20 Henvart.
3079 2182 113 19 Le*moto-

2691 2207 88 24 cycllste
2794 2207 36 20 fut
2845 2206 74 21 traîné
2934 2211 39 15 sur
2988 2210 44 15 une
3046 2205 105 24 longueur
3167 2206 27 18 de

2691 2231 51 20 huit
2757 2231 86 20 mètres.
2857 2231 19 19 Il
2893 2230 37 20 eut
2946 2234 31 15 un
2994 2229 89 23 poignet
3097 2229 96 20 fracturé

2691 2255 24 20 et
2733 2255 37 19 fut
2788 2255 91 19 conduit
2897 2254 16 20 à
2932 2254 99 22 l'hôpital
3050 2253 27 20 de
3096 2253 97 19 Bavière.

2691 2279 19 19 Il
2721 2283 14 15 a
2747 2278 48 20 subi
2805 2282 44 16 une
2862 2278 58 19 forte
2932 2277 133 20 commotion
3077 2276 115 21 cérébrale.

2822 2314 39 15 SES
2876 2313 175 16 HORS-D'ŒUVRE

2822 2333 28 15 SA
2866 2333 73 16 SOUPE
2954 2333 13 15 A
2986 2332 109 16 L'OIGNON

2822 2352 40 15 SES
2882 2351 106 16 RAVIOLIS
3009 2351 29 16 ET
3058 2351 125 16 SPAGHETIS

2823 2370 90 16 OUVERT
2931 2370 76 16 TOUTE
3028 2369 27 16 LA
3078 2369 56 17 NUIT

2788 2389 27 17 Dl,
2831 2389 45 16 RUE
2896 2389 47 16 AUX
2961 2388 86 18 CHOUX,
3065 2388 30 16 Sl.
3138 2389 53 14 iDB50

2716 2420 71 20 SOUS
2800 2420 58 19 UNE
2871 2419 168 20 AVALANCHE
3052 2419 38 19 DE
3102 2419 77 19 CHAR-

2690 2444 65 20 BON,
2764 2453 26 10 -r-
2799 2444 30 19 Le
2841 2443 121 20 débardeur
2973 2442 120 24 Théophile
3104 2443 87 20 Rooms.

2690 2467 40 23 âgé
2747 2468 26 19 de
2788 2467 25 19 25
2828 2471 47 17 ans,
2891 2467 129 19 demeurant
3035 2471 39 15 rue
3090 2467 30 19 du
3135 2467 57 22 Pays

2689 2491 28 20 de
2729 2492 70 19 Waes.
2813 2491 14 20 à
2839 2490 72 21 Gand.
2924 2490 121 20 travaillait
3055 2494 29 16 au
3098 2489 82 21 déchar-

2690 2515 88 22 gement
2788 2515 52 19 d'un
2849 2514 82 21 navire,
2941 2513 86 21 amarré
3038 2518 42 15 aux
3090 2514 88 20 installa-

2690 2539 58 20 tions
2758 2539 120 19 maritimes
2891 2538 115 23 gantoises.
3019 2538 19 19 H
3051 2538 36 19 fut
3098 2538 91 19 soudain

2689 2562 94 20 enseveli
2803 2566 50 15 sous
2872 2566 44 15 une
2932 2562 80 22 charge
3041 2562 27 19 de
3093 2562 97 19 charbon

2690 2586 99 20 déversée
2800 2590 41 18 par
2850 2590 30 16 un
2891 2586 93 23 grappin
2993 2585 133 23 mécanique.
3134 2585 56 20 Bien

2689 2614 41 19 que
2747 2610 138 22 rapidement
2901 2609 88 23 dégagé,
3006 2610 80 19 Rooms
3104 2609 36 21 fut
3155 2609 23 20 sé-

2689 2633 132 20 rieusement
2832 2632 144 20 contusionné
2987 2637 41 19 par
3039 2633 49 19 tout
3097 2633 21 19 le
3127 2637 63 19 corps

2689 2658 23 18 et
2732 2657 40 20 dut
2792 2656 47 21 être
2859 2656 124 22 transporté
3002 2657 115 22 d'urgence
3134 2657 55 19 dans

2689 2685 44 15 une
2749 2680 100 23 clinique.

2713 2721 176 20 STNSTRUIRE
2900 2721 38 19 EN
2950 2721 164 19 S'aAMUSANT.
3123 2730 26 6 —
3159 2721 32 19 La

2687 2744 82 20 lecture
2789 2744 40 20 des
2845 2745 82 18 Petites
2946 2744 118 19 Annonces
3082 2744 28 20 de
3132 2750 8 12 ■
3159 2744 31 19 La

2687 2768 105 19 Dernière
2822 2768 72 19 Heure
2927 2775 10 8 »
2971 2772 49 14 sera
3052 2772 33 16 un
3116 2768 74 22 plaisir

2687 2795 55 20 pour
2754 2796 58 15 vous,
2825 2791 85 23 lorsque
2921 2795 52 15 vous
2986 2795 54 15 vous
3051 2795 59 15 serez
3121 2791 69 20 rendu

2688 2815 85 22 compte
2792 2814 99 20 combien
2910 2814 85 19 celle-ci
3013 2816 35 18 est
3063 2815 128 19 Instructive

2686 2839 24 18 et
2719 2838 124 22 profitable.
2855 2838 89 23 Chaque
2955 2838 101 23 rubrique
3067 2838 73 20 décèle
3150 2843 40 15 son

2689 2869 4 6 ■
2710 2861 100 20 occasion
2822 2868 18 12 -.
3112 2862 79 19 (D4497

2712 2896 38 19 EN
2773 2896 78 20 COUR
2876 2897 144 20 D'ASSISES.
3034 2906 26 5 —
3076 2897 32 20 La
3132 2898 58 19 Cour

2688 2920 99 19 d'assises
2800 2920 27 20 de
2841 2920 22 19 la
2875 2920 94 20 Flandre
2983 2920 112 20 Orientale
3108 2925 15 15 a
3136 2925 41 15 con-

2688 2943 80 20 damné
2785 2944 14 19 à
2816 2944 77 22 quinze
2907 2948 41 15 ans
2962 2944 27 20 de
3005 2944 94 20 travaux
3112 2944 78 23 forcés,

2687 2967 97 20 Richard
2802 2967 126 23 D'Herkers,
2946 2967 105 24 coupable
3069 2968 65 20 d'une
3153 2968 25 20 af-

2688 2990 56 20 faire
2758 2991 27 20 de
2802 2995 89 18 mœurs,
2905 2991 15 20 à
2936 2991 83 23 Eecloo,
3036 2996 28 15 en
3083 2992 53 19 1929.

2709 3028 63 18 Exliex
2782 3029 17 15 le
2809 3028 55 16 Sacre
2875 3027 75 17 Raffiné
2960 3027 23 16 da
2996 3028 103 15 Tirlemont.
3135 3028 53 16 (H91(-

2712 3058 55 20 TUÊ
2780 3058 56 19 PAR
2847 3059 36 18 LA
2896 3058 94 20 CHUTE
3003 3058 67 20 D'UN
3083 3058 68 20 MAT.
3164 3069 26 5 —

2686 3082 30 19 Le
2732 3082 78 20 docker
2824 3082 73 20 Aloïse
2909 3082 144 23 Burggraeve,
3068 3081 42 23 âgé
3123 3082 28 20 de
3164 3083 25 19 20

2686 3110 47 18 ans,
2752 3106 130 20 demeurant
2899 3110 39 16 rue
2956 3106 39 20 des
3012 3105 144 23 Débardeurs,
3174 3106 15 19 à

2685 3129 73 22 Gand,
2778 3129 127 20 travaillant
2923 3129 16 20 à
2957 3129 55 20 bord
3038 3130 29 19 du
3093 3130 95 19 steamer

2688 3153 176 23 «Easingwold-,
2878 3153 86 20 amarré
2978 3158 29 15 au
3022 3153 86 23 hangar
3120 3154 25 19 33
3158 3154 30 20 du

2685 3177 51 22 quai
2755 3177 154 22 Port-Arthur,
2925 3178 62 22 reçut
3004 3182 38 15 sur
3061 3177 22 20 la
3103 3177 45 21 tête
3167 3177 21 20 le

2685 3201 48 18 mat
2749 3200 28 20 de
2793 3200 81 23 charge
2891 3200 38 23 qui
2946 3200 73 20 s'était
3037 3200 92 21 détaché
3147 3206 41 19 par

2684 3224 57 20 suite
2756 3224 27 20 de
2798 3224 23 20 la
2835 3224 90 22 rupture
2937 3225 53 19 d'un
3005 3224 67 21 câble.
3085 3225 30 20 Le
3129 3225 46 20 mal-

2684 3247 98 20 heureux
2800 3248 40 20 eut
2859 3247 20 21 le
2899 3247 55 20 cane
2980 3248 98 20 fracturé
3101 3248 24 20 et
3151 3249 36 20 fut

2685 3271 124 23 transporté
2824 3271 114 24 d'urgence
2953 3271 15 20 k
2982 3272 100 23 l'hôpital
3095 3272 51 20 civil
3159 3273 28 20 de

2685 3295 72 22 Gand,
2770 3294 28 21 où
2810 3295 16 19 il
2837 3299 28 16 ne
2879 3295 64 20 tarda
2953 3299 40 20 pas
3004 3295 15 20 à
3030 3296 132 20 succomber.

3242 221 75 20 Al'TO
3348 222 107 25 CONTRE
3481 231 62 17 n»s„

3217 243 17 19 L
3240 243 51 20 auto
3311 246 86 20 conduit
3416 253 27 18 pa
3443 255 11 15 r
3471 254 20 20 M
3510 238 97 40 #?ETTt

3218 266 139 24 Saventhem,
3373 272 32 18 est
3422 277 58 18 entré
3492 264 75 31 .n^
3579 273 30 22 Ak

3217 294 48 15 vers
3279 291 60 22 midi,
3354 292 54 22 dans
3424 296 21 20 la
3461 284 59 35 rue*!
3530 289 25 19 Cot
3553 289 59 26 W'
3619 290 5 17 <

3218 313 101 23 Louvain,
3332 319 50 17 avec
3397 318 21 20 la
3432 310 99 35 chairetlT

3217 336 20 20 le
3251 338 87 20 nommé
3350 339 116 24 Guillaurr-
3481 332 5 12 '

3218 360 52 20 rant
3284 360 14 20 à
3314 361 132 29 Cortenberg,

3218 337 18 19 le
3252 338 85 19 nommé
3350 334 128 32 Guillaume'
3480 334 48 35 Va?
3532 334 104 35 ^"^îsi

3414 361 222 64 ■*-tt3??i£

3218 374 24 5 -—
3244 374 26 6 •■■»
3284 374 14 6 ■*•
3314 374 39 7 "s"
3357 374 69 11 vtill^.1
3430 374 12 12 l(
3462 374 6 11 |
3473 375 13 10 jfl
3501 374 78 14 f-ataW_^**"«
3586 374 49 14 QsssW7

3218 383 48 19 nier
3281 385 37 21 qui
3334 390 23 15 se
3372 388 90 23 trouvait
3474 395 14 16 a
3501 380 48 31 5Î?
3558 384 20 22 *
3586 389 50 22 «TT

3217 411 15 15 a
3242 407 35 20 été
3289 407 78 22 blessée
3377 415 27 16 au
3415 395 47 36 braï
3471 399 101 32 h«Î?1*
3582 395 55 36 £,*»•

3242 465 147 23 COLLISION
3402 469 107 26 D'AUTOfl
3552 486 21 9 _

3241 488 36 23 idi,
3295 494 47 16 vers
3359 492 11 19 6
3386 492 72 20 heurr*
3482 493 33 19 ,,„'
3523 491 22 7 ""*
3553 494 37 17 ™*r
3596 500 35 12 a**,

3219 511 98 23 produite
3329 518 28 16 au
3372 499 95 41 cota'S
3480 504 38 39 £*
3531 500 108 47 2>>%

3218 535 90 21 Entrées
3317 538 22 18 et
3350 527 290 44 Marie-Thére^,*^*l»i2

3219 560 32 19 tre
3263 558 31 21 les
3305 562 63 19 autos
3376 565 95 22 conduits
3479 556 161 31 rS^*"»^

3218 581 56 18 Léon
3293 582 109 17 rx-lrh„„»
3515 574 112 37 »CtltBii5'
3623 577 11 10 >
3629 585 12 9 -

3585 615 55 23 *-**"■.

3217 652 27 20 de
3259 653 100 24 Louvain,
3373 635 268 52 V^a'itn'^^^i

3218 675 115 22 durement
3343 682 96 20 renversé
3448 687 37 20 par
3495 688 28 19 la,
3529 673 40 34 ?„'}
3575 682 26 17 *«>
3608 687 34 20 •*»

3218 699 75 20 voisin.
3306 701 30 19 La
3350 703 83 22 victime
3446 711 13 15 â
3472 709 31 21 été
3514 693 128 41 mS^-MS

3218 723 88 21 gauche.
3320 725 29 19 Le
3359 726 47 21 vélo
3417 733 13 15 a
3440 729 34 22 été
3483 718 94 34 SriSî
3587 729 20 18 *•»
3610 718 32 34 IS

3217 746 93 21 voitures
3324 749 40 20 ont
3377 751 47 20 subi
3437 735 139 48 d^^ï,*
3583 746 23 24 >«
3612 735 30 47 fij

3244 782 115 21 BEWARE
3372 785 35 20 OF
3422 771 165 41 PICKPOCKs^!
3595 774 47 30 ***

3243 805 46 20 lr0!t
3302 806 18 33 'J!
3319 806 9 20 1
3327 811 28 16 ™
3367 810 33 29 <?'
3410 796 166 45 Pan-nu^rP
3576 803 12 20 8
3587 819 5 5 -

3217 606 35 19 Eln
3266 607 86 23 Marcel,
3367 609 26 20 de
3408 598 92 38 Vervlerï
3517 604 25 29 s™
3556 606 17 18 «
3585 597 47 32 Bat!

3217 628 21 20 la
3251 629 101 24 collision,
3362 632 20 20 le
3392 638 81 20 nommé
3478 627 115 37 OUvulnïî*

3217 652 27 20 de
3259 653 100 24 Louvain,
3373 660 79 17 nassait
3463 666 25 11 m
3501 649 91 28 iaï'HWi

3218 805 53 19 adro

3218 886 13 11 b
3232 886 192 15 <.><^wuiot:uucnt
3435 886 84 19 rendues
3534 886 93 19 a.,^'""'
3625 887 8 11 -
3628 892 14 13 *

3218 903 28 15 au
3264 901 87 20 marché
3368 902 26 20 de
3400 891 119 37 "VerrierT
3519 890 123 42 l2^£5*5

3219 923 62 19 nont
3294 924 47 20 rien
3354 925 70 22 donné
3436 929 76 24 Jusqu'à
3523 920 119 39 pi*2**--**

3243 958 87 20 APRES
3351 960 32 20 LE
3403 962 88 22 GRAVE
3507 961 102 23 «rv^,_L

3219 980 167 23 HEKBESTAL.
3394 994 26 6 _
3428 987 27 20 u
3464 970 112 39 nomS"
3577 978 11 19 1
3587 979 27 22 "'
3624 986 17 23 U

3218 1004 55 20 vlers
3291 1006 36 22 qui
3338 1007 83 22 pilotait
3432 993 153 48 ïau^?^'
3591 989 60 42 **&

3218 1032 38 15 sur
3271 1028 21 20 la
3306 1030 45 19 voie
3367 1030 73 25 ferrée,
3455 1034 13 21 à
3482 1023 94 36 H?rbesS
3583 1027 36 22 ,te
3618 1036 14 17 «

3219 1051 52 20 dent
3283 1056 28 16 au
3323 1057 61 17 cours
3395 1055 74 24 duquel
3481 1045 61 36 Mm?
3541 1066 7 15 i
3571 1046 6 20 1
3585 1058 21 23 T
3613 1057 10 16 »

3219 1074 19 19 rl
3239 1083 10 20 :
3250 1075 109 23 Chapelle.
3380 1079 74 21 trouva
3477 1066 100 37 iV^i,"
3585 1072 21 20 *
3611 1075 11 21 t

3217 1097 67 21 d'être
3298 1099 71 21 arrêté
3382 1107 36 15 sur
3429 1107 84 21 mandat

3217 1169 54 20 aent
3376 1153 44 17 eSM
3436 1155 28 16 aU
3477 1141 87 39 *»»*«?
3574 1154 65 39 d,'r2

3244 1203 74 21 COUP
3332 1206 36 19 DE
3386 1207 127 26 COUTEAU.
3533 1224 22 8 -
3574 1221 22 17 .„

3219 1226 63 21 dune
3291 1227 89 25 bagarre
3389 1232 36 21 qui
3435 1232 64 23 éclata
3508 1237 47 24 dan,
3563 1226 33 37 un?
3601 1232 36 31 ,«5

3218 1254 26 19 ge
3258 1251 27 20 de
3300 1252 21 20 la
3335 1257 38 16 rue
3384 1254 37 20 des
3435 1256 92 26 Champs,
3539 1263 12 19 à
3561 1249 76 37 Ant!*

3218 1275 82 20 certain
3318 1276 103 22 Janssens
3435 1279 33 22 fut
3484 1284 69 21 atteint
3561 1271 51 34 T!?
3611 1276 11 17 1
3627 1280 11 18 »

3219 1297 26 20 de
3259 1299 97 20 couteau.
3369 1300 34 20 Un
3413 1306 81 18 nommé
3506 1307 51 22 Ma
3590 1319 5 11 ,
3614 1300 14 11 "

3219 1325 40 18 par
3269 1322 55 20 deux
3334 1323 91 23 témoins
3434 1327 22 19 et
3465 1327 21 20 la
3495 1327 95 27 victime',

3219 1345 50 22 qu'il
3285 1346 81 20 n'avait
3379 1347 48 22 Plus
3441 1354 119 21 souvenance
3573 1350 49 25 rt.""

3218 1372 11 15 s
3235 1368 54 20 était
3302 1370 62 22 passé
3376 1371 55 22 dans
3442 1376 52 19 cette
3505 1380 42 19 nuit
3557 1382 24 20 du
3589 1385 19 13 i«

3218 1392 44 19 mal
3276 1393 92 20 dernier.
3384 1395 28 19 La
3431 1396 92 25 chamb.-e
3536 1407 25 16 au
3574 1385 56 41 cLi

3217 1415 105 21 confirmé
3337 1417 18 19 le
3369 1419 88 21 mandat
3467 1421 71 24 d'arrêt
3548 1426 12 20 à
3568 1413 60 36 ss/ÏP

3244 1450 148 22 BAGARRES
3417 1454 148 26 MORTELLES

3219 1477 116 18 personnes
3348 1476 39 19 ont
3400 1476 34 22 été
3447 1479 55 22 tuées
3512 1482 18 21 la
3540 1476 40 29 nuit
3584 1475 18 30 7

3219 1501 29 15 au
3264 1501 62 16 cours
3343 1499 27 20 de
3387 1499 96 25 bagarres
3496 1507 54 20 entre
3564 1514 44 15 corsa

3219 1521 33 19 tes
3269 1522 21 18 et
3304 1522 116 22 socialistes
3436 1527 133 24 naUemalistes
3579 1534 29 17 II

3218 1544 49 20 Une
3292 1546 108 21 trentaine
3425 1542 145 34 d'atrestaUcS

3218 1568 93 22 opérées.
3327 1579 25 4 —
3367 1570 76 22 Havas.

2690 2315 94 58 NINO

3244 1606 28 11 «a*
3283 1606 15 11 a.
3305 1606 122 15 s^il/YS-rr,
3442 1606 83 19 BELLE.
3536 1618 20 5 —
3566 1610 9 16 T
3580 1612 51 14 '.A-t.

3220 1621 83 20 trateur
3316 1622 50 21 chef
3378 1624 26 20 de
3416 1625 21 20 la
3447 1629 91 21 province
3548 1633 22 20 de
3580 1616 54 39 fSS*

3219 1644 118 21 Indochine
3353 1648 41 22 qui.
3410 1648 19 20 le
3443 1650 21 19 13
3479 1653 40 19 mai
3531 1637 103 42 demefSî

3218 1668 58 20 tuait
3289 1673 42 16 une
3343 1671 87 21 tournée
3441 1678 49 17 sans
3501 1664 133 35 esccSeTssS'

3218 1692 78 22 vlltege
3314 1694 26 19 de
3357 1695 47 19 Tan
3417 1683 159 41 Duong.^'
3586 1686 49 40 5*«

3218 1720 84 15 maison
3316 1721 110 18 commune
3439 1725 36 18 par
3488 1724 9 18 i
3503 1724 33 21 srjo
3544 1714 89 36 manSSJ

3218 1739 104 21 arborant
3337 1740 20 21 le
3371 1742 91 23 drapeau
3476 1750 58 19 rouge
3548 1737 85 32 nT«S

3218 1763 54 22 gagé
3283 1768 40 18 par
3334 1764 21 20 la
3367 1767 140 23 gendarmerie
3517 1763 23 29 dé
3549 1760 66 34 sûm?
3619 1760 15 34 }

3218 1786 57 20 rivée
3285 1792 38 16 sur
3334 1788 30 20 les
3374 1789 54 20 lieux
3439 1792 25 20 de
3473 1795 80 21 renfortj
3552 1783 82 35 Si

3217 1810 82 23 Saigon
3310 1816 13 14 a
3334 1814 86 19 ramené
3428 1814 19 20 le
3457 1817 63 21 calme
3528 1821 20 18 et
3556 1808 78 31 nUSHi

3217 1835 106 19 restation
3337 1836 37 20 des
3386 1841 100 19 meneurs.
3498 1850 22 6 -
3530 1826 104 43 Be^-*

3242 1870 101 21 TRISTE
3356 1872 47 20 FIN
3416 1874 77 22 DUNE
3504 1878 130 25 MÉBE.-D.,

3219 1893 120 24 longtemps
3356 1895 55 24 déjà.
3428 1897 18 20 le
3461 1900 82 25 ménage
3557 1890 76 38 JacobTÏ

3215 1966 90 46 lvr'oin"
3305 1971 26 15 ar
3331 1967 14 21 ''
3358 1961 162 33 bn,t,ietPare
3519 1978 30 17 »'
3549 1980 22 15 ,a
3570 1981 62 23 *-«.

3240 2012 19 21 11
3270 2016 14 18 y
3296 2017 14 15 a
3324 2013 48 24 cinq
3385 2015 63 21 Jours,
3459 2017 19 20 le
3490 2021 55 22 mari.
3555 2022 75 21 lm,,.

3214 2040 62 16 veau,
3283 2041 24 15 se
3316 2037 86 23 disputa
3410 2044 49 15 avec
3468 2046 22 15 sa
3499 2047 98 20 compagne
3596 2033 36 34 ^oî

3214 2060 27 20 ci,
3259 2063 43 16 une
3319 2061 98 21 nommée
3430 2064 24 19 A.
3470 2063 147 25 LambereiiVi

3215 2082 24 19 M
3252 2087 48 16 an-,
3312 2084 71 21 quitta
3396 2085 6 19 !
3403 2092 11 15 e
3424 2086 91 23 domicile
3526 2078 96 39 conjajj

3215 2106 85 23 réfugia
3311 2106 14 20 à
3338 2108 96 21 Malines.
3608 2105 13 14 "

3239 2130 30 19 Ce
3284 2131 77 21 matin,
3377 2132 52 21 lasse
3445 2134 25 20 de
3484 2136 51 20 vivre
3553 2139 31 20 en,
3595 2145 35 15 .a,

3215 2153 56 20 dans
3285 2154 19 19 le
3318 2155 62 19 canal
3393 2160 50 16 avec
3454 2162 33 16 ses
3498 2160 49 20 deux
3555 2151 75 35 enfiH

3215 2176 52 19 bébé
3283 2177 27 19 d3
3324 2177 12 19 3
3349 2182 41 16 ans
3404 2181 22 18 et
3440 2185 40 16 une
3495 2183 66 22 fillette
3573 2188 19 18 à,
3601 2175 29 31 fi

3213 2200 63 19 Cette
3287 2201 96 21 dernière
3395 2207 14 14 a
3419 2207 33 19 pu.
3463 2206 58 22 seule,
3531 2207 38 22 être
3576 2197 47 34 nuit

3213 2223 54 34 t.iS.
3279 2228 25 15 co
3305 2224 60 33 7'î.^
3366 2230 11 14 e
3389 2226 21 20 Ia
3411 2231 31 26 ."
3443 2226 11 20 è
3454 2232 22 16 re
3487 2230 21 19 et
3518 2231 46 21 celui
3572 2234 20 20 de
3598 2222 30 35 ri

3213 2246 54 20 bébé
3277 2248 39 19 ont
3327 2247 34 21 été
3372 2249 97 24 repêchés
3478 2256 40 17 une
3526 2254 54 22 heure
3587 2242 41 39 ipr?

3235 2280 86 17 VISITEZ
3336 2282 26 16 L*
3376 2283 108 18 NOUVELLE
3495 2287 109 19 SUCCr«SUa
3611 2295 10 11 a

3213 2299 83 17 caomls,
3309 2300 124 20 UE'.IVARDE.
3446 2304 25 18 a,
3482 2308 28 14 ru
3522 2307 74 20 ll-ilkM
3605 2294 22 38 jj

3211 2367 20 92 |
3266 2384 344 64 NÉCROLOGIE

2682 3333 97 45 VICHY

2176 4912 35 25 LE
2233 4906 75 33 PÈLE
2312 4914 106 26 RINAGE
2443 4916 36 25 DE
2482 4916 16 26 S
2522 4910 101 35 MÈRES

2175 4965 67 23 Paris,
2254 4966 24 19 17
2288 4967 51 19 mai.
2350 4977 26 5 —
2385 4968 40 20 Les
2435 4969 70 20 mères
2517 4970 130 23 américain-

2150 4992 39 16 nes
2200 4989 93 20 arrivées
2305 4990 48 20 hier
2362 4991 14 19 à
2387 4991 61 20 Paris
2460 4997 23 15 se
2493 4994 51 19 sont
2554 4996 92 23 rendues

2150 5012 35 19 cet
2202 5012 127 23 après-midi
2345 5013 15 20 à
2376 5014 55 20 l'Arc
2447 5015 27 20 de
2490 5016 116 25 Triomphe
2619 5020 28 20 où

2150 5035 51 19 elles
2215 5036 39 18 ont
2268 5036 77 23 déposé
2358 5041 42 16 une
2415 5042 109 17 couronne
2537 5040 27 20 de
2579 5041 67 22 fleurs

2149 5062 38 15 sur
2197 5058 23 20 la
2231 5059 72 20 tombe
2315 5059 30 20 du
2357 5060 76 21 -Soldat
2443 5062 106 22 Inconnu.
2561 5073 26 6 —
2599 5066 35 20 Ha-

2149 5084 45 18 vas.

2807 3330 72 16 DOTLL
2897 3331 30 15 DE
2943 3331 96 18 SEV1LLE,
3059 3332 41 17 près
3119 3332 66 16 Casino

2806 3351 19 14 et
2844 3350 81 16 Source*.
2945 3357 21 5 —
2977 3350 76 16 Dernier
3069 3350 77 16 confort.
3165 3358 20 5 —

2806 3368 87 18 Régimes.
2908 3376 20 5 —
2943 3369 43 16 Prix
3000 3369 86 15 modéré».
3108 3370 77 17 (4861/43

2706 3399 115 19 TROUVE
2836 3399 101 20 PENDU.
2949 3409 27 5 —
2988 3400 36 20 Un
3038 3400 104 23 habitant
3156 3400 27 20 de

2682 3422 22 19 la
2717 3427 39 15 rue
2769 3423 112 19 St-Julien
2894 3423 14 19 à
2921 3423 70 23 Liège.
3001 3423 122 21 Alexandre
3133 3424 50 19 Ma-

2681 3447 43 22 get,
2739 3446 41 23 âgé
2795 3446 27 21 de
2838 3446 24 19 54
2868 3446 56 21 'ans,
2939 3451 15 15 a
2969 3446 36 21 été
3018 3447 78 20 trouvé
3108 3448 74 22 pendu

2683 3469 56 20 dans
2753 3474 25 15 sa
2794 3470 104 19 chambre
2911 3470 15 19 à
2940 3471 99 19 coucher.
3056 3471 37 19 On
3111 3472 72 21 ignore

2681 3493 31 19 les
2724 3497 76 16 causes
2812 3493 27 20 de
2851 3494 58 19 cette
2920 3492 35 21 fin
2965 3494 107 23 tragique.

2682 3526 104 19 Exposition
2800 3527 93 17 d'Ant-en.
2907 3528 24 16 Lé
2946 3529 59 15 Palais
3018 3529 22 16 de
3053 3529 19 16 la
3086 3530 97 16 Braaserlc

2681 3546 154 16 Rtwt.-Tav.-Bur.
2847 3547 24 15 rr.
2882 3547 24 15 Le
2915 3547 96 16 render-ï"
3022 3547 32 17 dea
3064 3548 120 18 gourm.14998

2706 3576 41 20 UN
2767 3577 78 20 NOYE
2865 3578 135 20 REPECHE.
3020 3588 27 5 —
3066 3579 50 20 Une
3135 3582 36 17 cas-

2681 3600 73 23 quette
2769 3601 25 19 et
2808 3601 39 20 dès
2862 3602 86 22 papiers
2961 3604 69 20 ayant
3045 3602 35 20 été
3096 3603 87 19 trouvés

2681 3628 38 15 sur
2728 3624 23 19 la
2761 3623 65 24 berge
2837 3625 31 19 du
2878 3626 65 19 canal
2953 3625 14 20 à
2976 3625 95 24 Herstal,
3082 3626 40 20 des
3129 3629 42 17 son-

2682 3647 66 22 dages
2759 3647 76 20 furent
2845 3648 117 23 pratiqués.
2974 3648 88 21 Samedi
3074 3649 71 20 matin
3154 3654 30 15 on

2681 3674 14 16 a
2706 3670 91 23 repéché
2808 3671 21 20 le
2840 3675 63 19 corps
2912 3672 28 20 de
2950 3672 31 19 M.
2990 3672 70 20 Gilles
3070 3673 113 21 Coemans,

2681 3693 25 19 50
2724 3698 48 18 ans,
2798 3695 137 20 machiniste,
2961 3695 108 20 domicilié
3092 3700 38 15 rue
3153 3696 30 19 du

2681 3717 70 22 Chou,
2765 3717 57 21 dans
2837 3718 22 20 la
2874 3722 121 16 commune.
3011 3719 36 19 On
3061 3719 75 23 ignore
3150 3719 33 23 $11

2680 3744 14 18 y
2705 3744 14 15 a
2729 3745 28 15 eu
2768 3741 82 20 suicide
2860 3745 30 16 ou
2899 3742 107 20 accident.

2682 3774 79 18 DENTS.
2768 3776 17 14 E.
2795 3776 82 15 ffirroin
2881 3778 13 14 t.
2900 3776 27 17 S9.
2934 3780 29 12 ae.
2971 3777 30 15 Clf
3003 3782 91 11 meneesu.
3103 3779 77 15 Br-Mid*

3118 3796 65 19 (SM

2705 3819 82 20 MOTO
2806 3820 114 19 CONTRE
2941 3821 151 19 TRAMWAY.
3111 3832 27 4 —
3151 3822 31 20 Le

2681 3843 147 22 motocycliste
2843 3844 132 21 Lovinfosse.
2991 3845 27 21 de
3034 3845 95 22 Herstal,
3143 3845 39 23 âgé

2679 3865 27 19 de
2719 3866 23 18 32
2755 3870 42 16 ans
2807 3868 25 18 et
2842 3867 130 20 demeurant
2986 3868 56 20 dans
3055 3870 22 19 la
3089 3869 91 20 localité,

2679 3890 83 21 passait
2773 3894 39 15 rue
2826 3890 117 23 Heysseux,
2955 3892 75 22 quand
3041 3897 25 15 sa
3078 3892 103 21 machine

2679 3911 64 21 dévia
2754 3913 94 20 soudain
2862 3915 23 18 et
2900 3914 46 20 alla
2959 3919 24 16 se
2997 3915 57 23 jeter
3068 3917 76 18 contre
3159 3916 21 20 le

2680 3936 111 22 tramway.
2804 3936 108 23 Précipité
2922 3942 38 16 sur
2973 3938 20 20 le
3006 3938 38 21 sol.
3057 3939 30 19 M.
3100 3939 69 20 Lovin-

2678 3958 58 21 fosse
2750 3959 36 21 fût
2797 3960 71 20 relevé
2881 3961 91 22 portant
2986 3966 43 16 une
3044 3966 65 19 grave
3121 3962 47 20 bles-

2679 3986 49 16 sure
2742 3982 13 20 à
2770 3983 21 19 la
2805 3983 46 20 tête
2868 3984 19 20 n
2901 3988 14 16 a
2928 3984 35 20 été
2976 3985 90 21 conduit
3079 3985 14 20 à
3104 3986 22 20 la
3140 3986 28 20 cli-

2678 4005 65 23 nique
2756 4005 27 22 de
2798 4006 94 21 Herstal.

2697 4040 100 15 TRIANON
2813 4041 59 16 BOIS.
2889 4043 60 14 R«*ndf
2951 4047 62 11 i-roui
3030 4043 63 17 sélect.
3126 4044 53 17 (D782

2701 4071 29 19 IL
2739 4072 148 22 MENAÇAIT
2898 4074 34 19 SA
2941 4074 107 20 FEMME.
3058 4084 27 6 —
3094 4075 36 20 Un
3136 4076 31 19 ha-

2676 4093 74 21 bitant
2762 4094 27 21 de
2805 4096 251 25 St-Nicolas-lez-LIége,
3071 4099 33 20 De
3120 4099 46 20 Kin-

2676 4118 45 22 der,
2733 4118 61 20 avait
2804 4119 78 20 acheté
2894 4125 31 15 un
2937 4121 103 21 revolver.
3053 4122 31 20 Sa
3095 4122 82 20 femme

2675 4141 45 20 s'en
2733 4145 97 20 empara,
2842 4143 57 20 mals
2912 4144 20 20 le
2944 4145 57 19 mari
3012 4150 29 15 en
3053 4146 79 20 acheta
3146 4150 30 16 un

2675 4165 80 20 second
2769 4166 55 20 dont
2838 4166 16 20 il
2866 4171 93 19 menaça
2973 4172 40 16 son
3029 4168 85 24 épouse.
3129 4170 19 20 Il
3161 4174 14 16 a

2676 4186 34 21 été
2719 4187 72 22 arrêté
2802 4190 23 19 et
2836 4190 42 20 mis
2889 4189 14 21 à
2912 4191 22 19 la
2945 4191 129 23 disposition
3085 4192 29 21 du
3125 4197 39 19 pro-

2675 4214 78 17 cureur
2765 4212 31 20 du
2807 4213 39 20 roi.

2698 4245 49 20 LES
2760 4246 97 21 DAMES
2870 4248 51 23 QUI
2934 4249 141 20 DESIRENT
3088 4251 89 20 assortir

2674 4272 30 15 un
2718 4268 60 21 béret
2789 4274 28 16 ou
2830 4274 31 16 un
2873 4271 99 24 chapeau
2985 4272 15 20 à
3012 4273 48 20 leur
3071 4275 105 18 manteau

2674 4293 95 21 peuvent
2779 4297 51 15 exce
2830 4294 62 22 ption
2893 4295 119 20 nellement
3023 4297 74 22 porter
3106 4297 20 19 le
3136 4297 29 20 tis-

2673 4318 38 16 sus
2728 4314 14 20 à
2763 4316 130 21 ANNETTE
2913 4319 23 20 et
2956 4319 144 21 BRIGITTE.
3120 4320 57 20 Elles

2673 4338 81 20 auront
2769 4339 53 20 chez
2837 4341 52 20 elles
2904 4346 68 18 coupe
2986 4343 24 19 et
3025 4343 77 20 cachet
3116 4344 48 23 pari-

2672 4360 65 23 siens,
2755 4362 42 23 140,
2810 4363 35 20 ch.
2862 4364 27 20 de
2906 4365 84 20 Wavre.
3006 4366 60 20 Mme
3083 4367 91 22 Brigitte

2673 4385 77 19 assiste
2764 4385 15 20 à
2792 4386 51 21 tous
2856 4387 32 20 les
2900 4392 120 20 essayages*
3072 4391 69 19 (Com.
3155 4390 21 20 H

2698 4420 34 19 LE
2746 4420 118 22 DANGER
2877 4423 38 20 DE
2931 4424 172 20 S'ENDORMIR
3120 4426 54 19 SUR

2674 4442 35 20 LA
2722 4443 67 21 VOIE
2805 4445 148 23 PUBLIQUE.
2967 4456 26 6 —
3007 4448 36 20 Un
3058 4449 117 19 chauffeur

2674 4466 73 20 d'auto
2763 4472 30 15 en
2807 4468 47 21 état
2871 4469 100 22 d'ivresse
2986 4471 73 20 s'était
3076 4472 98 20 endormi

2674 4493 14 15 a
2700 4489 70 24 Liège,
2781 4495 39 16 sur
2832 4496 31 17 un
2875 4493 56 20 banc
2944 4493 78 23 public,
3034 4494 29 20 où
3074 4495 16 21 U
3102 4500 24 15 se
3137 4494 24 22 ré

2673 4513 63 19 veilla
2753 4515 83 20 samedi
2850 4517 77 19 matin.
2943 4517 101 21 Pendant
3057 4523 41 16 sou
3113 4523 47 15 som-

2673 4536 57 22 meil,
2744 4537 56 20 Jean
2816 4538 170 24 Vanderlinden,
3002 4541 94 23 d'Arlon,
3113 4541 60 20 avait

2672 4558 35 20 été
2719 4559 108 24 dépouillé
2841 4562 27 20 de
2881 4567 41 16 son
2936 4564 137 22 portefeuille
3087 4565 74 20 renfer-

2672 4584 63 18 mant
2750 4584 47 19 1200
2811 4585 75 20 francs
2906 4587 23 19 et
2946 4587 64 20 d'une
3029 4591 89 17 somme,
3143 4591 29 17 en

2671 4607 114 20 monnaies
2796 4608 95 21 diverses
2900 4610 36 23 qui
2948 4611 118 21 garnissait
3076 4611 57 20 l'une
3144 4611 27 21 de

2671 4632 35 16 ses
2719 4630 85 22 poches.
2818 4631 102 21 L'auteur
2933 4633 30 20 du
2975 4634 35 20 vol
3021 4635 34 19 est
3069 4635 101 19 inconnu.

2695 4663 113 22 DOUBLE
2841 4667 204 22 ARRESTATION.
3075 4678 27 6 —
3130 4670 40 19 Les

2670 4688 129 20 gendarmes
2826 4690 107 20 d'Esneux
2958 4693 40 19 ont
3019 4691 73 22 arrêté
3114 4693 56 19 deux

2670 4710 90 21 Italiens
2780 4712 37 23 qui
2833 4713 84 22 étalent
2935 4718 51 17 sous
3002 4715 21 20 le
3042 4720 56 21 coup
3117 4716 52 20 d'un

2670 4734 91 21 mandat
2773 4735 133 24 d'expulsion
2922 4741 6 15 :
2940 4737 122 25 Pumogulli
3068 4740 23 19 et
3097 4739 71 20 Gillio.

2693 4757 31 20 Ils
2743 4759 41 20 ont
2803 4759 36 20 été
2856 4760 100 21 conduits
2977 4765 29 16 au
3026 4762 95 24 Parquet
3141 4763 27 20 de

2668 4779 69 25 Liège.

2693 4815 95 21 GRAVE
2800 4817 142 21 ACCIDENT
2955 4819 35 19 DE
2999 4820 169 20 ROULAGE.—

2667 4837 104 24 François
2787 4840 50 22 B...,
2850 4841 25 20 35
2891 4846 47 18 ans,
2954 4842 28 22 de
2997 4842 104 23 Merxem.
3118 4843 49 24 près

2667 4861 110 24 d'Anvers,
2793 4864 81 21 roulait
2886 4870 30 15 en
2932 4866 53 19 auto
3000 4870 40 17 rue
3057 4867 44 21 Jan
3119 4868 47 19 Van

2667 4884 54 23 Lier,
2741 4886 84 24 lorsque
2841 4892 41 15 son
2901 4889 86 20 moteur
3005 4890 91 21 s'arrêta
3123 4891 42 20 B...

2667 4908 112 22 descendit
2788 4911 28 20 de
2827 4912 83 19 voiture
2920 4916 56 19 pour
2984 4913 90 21 tourner
3084 4910 23 24 là
3117 4919 37 15 ma-

2667 4931 87 23 nivelle;
2774 4935 49 19 tout
2839 4934 14 19 à
2871 4938 61 19 coup,
2949 4935 68 21 l'auto
3031 4936 30 21 fit
3077 4938 88 19 marche

2667 4954 80 23 arrière
2767 4957 23 19 et
2810 4962 102 15 renversa
2933 4962 38 17 sur
2986 4959 20 20 le
3028 4960 88 20 trottoir
3135 4961 30 19 M.

2667 4977 119 25 Loenhout,
2803 4981 125 23 architecte,
2948 4982 36 23 qui
3005 4983 83 22 passait
3106 4984 14 19 à
3141 4988 24 15 ce

2667 5003 103 19 moment.
2781 5004 87 20 Atteint
2877 5004 27 20 de
2917 5008 75 19 graves
3005 5005 80 22 lésions
3095 5007 59 20 inter-

2666 5026 40 17 nes
2718 5025 23 20 et
2754 5026 64 20 d'une
2832 5027 95 20 fracture
2939 5027 14 20 à
2966 5029 23 20 la
3001 5029 74 23 Jambe
3089 5030 75 22 droite,

2666 5047 19 19 le
2696 5047 68 21 blessé
2776 5049 36 20 fut
2823 5051 89 19 conduit
2921 5050 13 20 k
2945 5051 98 21 l'hôpital
3056 5053 95 22 Stuyven-

2665 5069 57 24 berg.
2733 5071 31 20 La
2773 5073 68 22 police
2851 5074 106 20 verbalisa
2968 5076 74 20 contre
3053 5078 20 19 le
3084 5077 72 19 chauf*

2664 5092 56 21 leur.

3264 2498 28 16 On
3308 2501 81 15 annonce
3404 2501 16 14 :»
3436 2503 44 15 mort
3491 2503 20 16 de

3269 2522 91 17 Moniteur
3375 2526 185 20 JeaB-BaptlitcMarfa
3572 2532 36 17 TfTl

3243 2548 67 16 Ancien
3330 2550 90 16 conseiller
3438 2553 89 17 provincial
3542 2555 20 16 da
3574 2557 44 17 Bnafe

3264 2568 67 15 Anvirn
3345 2573 32 10 con
3379 2570 23 14 ici
3404 2570 29 15 lier
3447 2573 89 15 comannal
3547 2574 17 15 de
3574 2575 41 17 Lut*

3243 2592 24 15 né
3279 2592 11 17 A
3304 2592 76 18 Laeken.
3392 2594 16 16 le
3419 2595 10 15 I
3443 2597 89 18 «ptembre
3545 2599 31 16 irai
3585 2602 33 11 ma

3243 2611 43 15 cédé
3315 2615 11 12 a
3342 2613 47 15 Jette
3401 2613 16 16 le
3432 2614 18 16 13
3464 2616 34 15 mal
3512 2617 40 16 1SM.

3263 2630 133 18 L'tnhumutioa
3411 2636 23 12 an
3451 2635 81 16 clmeUér*
3545 2636 19 16 de
3575 2638 32 15 Mb

3243 2651 22 13 eu
3285 2649 35 15 lien
3341 2650 45 15 dans
3400 2650 18 16 la
3433 2652 37 18 p.'nj
3486 2654 55 16 strtcie
3555 2656 54 16 lotte**

3262 2667 56 18 Jette,
3334 2669 22 17 15,
3369 2672 65 13 avenue
3445 2671 83 17 Bronitn.

3263 2711 28 15 On
3309 2715 80 14 annonce
3403 2713 16 16 le
3434 2714 47 17 décès
3495 2715 20 16 de

3334 2736 89 18 Montlevr
3432 2739 74 17 Evarlste
3518 2741 57 17 DITOI

3362 2763 77 17 Invalide
3451 2765 21 15 de
3484 2769 56 14 geem

3278 2781 92 16 Cberaller
3383 2783 22 15 de
3418 2783 60 16 l'ordre
3491 2785 19 15 de
3521 2785 60 20 lisptlé
3590 2787 11 16 0

3243 2804 64 17 décédé
3325 2806 10 15 A
3353 2805 45 19 l'âne
3412 2808 20 15 de
3445 2809 20 15 49
3479 2812 34 13 ans.

3262 2824 132 18 L'tnhunutlon
3411 2830 42 12 aura
3465 2827 32 16 lien
3511 2832 20 12 en
3544 2829 15 16 la
3570 2830 45 16 tissu

3242 2843 21 15 de
3275 2843 81 18 l'hôpital
3368 2845 87 17 militaire.
3466 2846 15 16 le
3491 2847 44 16 lundi
3545 2848 15 16 11

3242 2865 11 12 e
3269 2862 19 15 10
3303 2862 17 15 h.
3334 2862 79 17 Réunion
3426 2867 62 14 a-renuo
3499 2866 21 16 de
3530 2866 15 16 la
3554 2867 10 16 C

3262 2881 89 17 Chaossée
3368 2882 22 16 de
3405 2883 80 18 Lot-rain.
3499 2885 30 16 113.

3262 2924 28 16 On
3305 2927 80 15 annonce
3397 2926 16 16 le
3426 2927 48 16 décès
3485 2928 19 15 de

3259 2950 90 16 AloniJcnr
3365 2951 170 18 BearT-EmOe-Ltaii
3548 2953 57 17 COlUU

3261 2974 64 16 décédé
3337 2976 45 16 dans
3395 2980 20 12 aa
3427 2977 28 16 38e
3466 2977 56 17 année.

3261 2993 32 15 Les
3305 2994 102 17 funérailles
3418 2996 31 16 ont
3461 2999 20 12 eu
3490 2996 30 16 lieu
3531 2997 35 16 diu
3574 2997 12 16 li
3593 2997 20 15 tte

3242 3012 62 16 stricte
3315 3012 83 17 Intimité.

3240 3030 68 19 Forest,
3325 3031 34 19 158,
3373 3036 65 13 (-.Tenue
3451 3033 70 17 Molière.

3261 3075 29 16 On
3305 3079 80 13 annonce
3398 3076 17 16 la
3428 3078 43 15 mort
3485 3078 19 16 ds

3304 3100 89 17 Monslcar
3406 3102 70 17 Lodovfc
3491 3104 84 15 SAILU.VT

3240 3127 87 14 survenue
3343 3126 44 16 dans
3402 3130 19 12 sa
3435 3127 28 16 83e
3475 3127 55 16 année.

3240 3144 32 15 Les
3284 3144 102 17 funérailles
3397 3147 31 14 ont
3436 3149 21 13 eu
3468 3146 32 16 Heu
3510 3147 38 15 dans
3557 3146 54 17 YlnlmM

3239 3162 27 18 31,
3279 3166 32 12 rue
3325 3163 79 20 Philippe
3418 3165 21 15 de
3454 3165 102 19 Champagne.
3599 3165 12 17 il

3208 3200 40 37 S

3279 3249 72 17 Confiez
3361 3254 30 12 vos
3402 3251 151 16 DESINFECTIONS
3560 3251 9 16 i
3576 3251 12 16 ta

3348 3276 37 17 plu*
3399 3275 81 16 anelenae
3494 3276 44 15 lirais

3257 3297 345 70 L/HYGIÈNE

3279 3379 63 16 remisa
3354 3383 22 12 en
3389 3379 37 17 état
3438 3380 21 15 de
3470 3383 27 13 vos
3511 3379 73 16 UTEBJB

3206 3400 137 18 Entrepreneur*,
3364 3401 30 16 des
3414 3401 91 19 opiratlon»
3522 3401 18 15 de
3553 3400 22 16 it*

3226 3416 22 17 de
3264 3422 40 12 nom
3306 3419 68 16 brasses
3390 3420 47 16 vUles
3452 3422 16 13 et
3484 3423 81 12 esamnati

3205 3437 37 18 S31,
3257 3438 84 16 chaossé*
3353 3439 21 15 de
3388 3439 54 17 Mans,
3455 3446 18 6 —
3484 3439 32 16 TéL
3528 3438 44 17 MLM

3268 3459 132 17 INSPECTEUR
3413 3461 40 16 SUR
3469 3460 90 16 DEUA!fDS

3261 3518 35 29 LE
3312 3518 59 30 PAV
3372 3518 79 30 ILLON
3468 3518 51 29 POR
3519 3514 75 33 TUGAIS

3229 3573 86 22 Anvers,
3327 3572 23 20 17
3357 3573 49 19 mal.
3415 3582 24 5 —
3448 3573 36 19 Cet
3493 3569 93 25 après-midi
3591 3569 20 18 i»

3204 3596 49 21 lieu,
3263 3601 29 15 au
3302 3597 70 19 milieu
3381 3596 59 20 d'une
3448 3595 70 23 grande
3527 3591 81 23 aifliiK**-!

3204 3620 84 22 monde,
3301 3620 157 23 l'inauguration
3471 3617 82 21 officielle
3562 3614 46 31 t"Bj**

3204 3644 94 21 pavillon
3308 3644 26 20 de
3344 3643 96 23 Portugal
3449 3640 12 22 â
3471 3637 137 28 l'Expialtioas'ai

3204 3670 53 16 vers.

3228 3690 19 19 A
3258 3690 56 20 cette
3325 3689 111 20 cérémonie
3445 3688 104 20 assistaient
3555 3686 15 19 le
3575 3688 33 15 aw

3205 3713 33 19 tre
3249 3713 30 20 du
3290 3713 98 23 Portugal
3400 3712 14 20 à
3424 3711 101 21 Bruxelles.
3534 3709 23 20 M-
3565 3708 41 26 *_*

3205 3738 42 20 tro;
3259 3737 30 19 les
3300 3736 101 20 membres
3411 3736 25 20 de
3445 3736 20 18 la
3473 3733 81 23 légation,
3561 3731 45 19 M.W

3203 3763 58 17 man.
3278 3760 96 19 ministre
3390 3759 29 20 du
3432 3756 82 22 Travail:
3530 3756 16 19 le
3558 3754 46 27 c****a*j

3203 3782 152 24 saire-général
3370 3783 28 19 du
3412 3780 95 24 Portugal,
3518 3779 24 20 M.
3552 3778 51 19 Ara*»

3201 3807 114 22 CortEsao;
3340 3807 19 18 le
3377 3806 89 19 ministre
3481 3804 26 19 du
3524 3802 62 30 POTjJ

3202 3830 67 21 Paris,
3278 3829 30 20 M.
3317 3829 104 20 Armando
3431 3828 72 21 Ocnoa;
3512 3826 24 20 les
3543 3824 46 31 g**

3202 3852 27 21 de
3248 3853 139 23 ""Exposition,
3404 3852 20 20 et
3440 3851 22 19 de
3478 3847 38 23 très
3529 3847 73 20 notu-f»

3203 3875 153 24 personnalités
3372 3875 65 22 belges
3452 3875 19 19 et
3485 3871 101 22 rx-t-tas**»**-

3226 3900 152 22 D'importants
3390 3899 85 19 discours
3484 3897 32 19 ont
3526 3894 27 20 et*
3560 3894 44 22 [***'

3202 3927 35 15 ces
3253 3923 39 20 riar
3307 3923 19 20 le
3339 3918 215 23 rauiroissaire-génera],
3564 3918 35 16 *■*

3202 3946 79 19 mando
3291 3945 103 21 Cortesao.
3404 3948 36 19 par
3448 3944 18 19 le
3474 3942 78 20 ministre
3557 3943 29 15 ot

3201 3970 22 18 et
3238 3974 39 18 par
3291 3969 19 20 le
3325 3969 92 19 ministre
3427 3967 23 20 de
3463 3966 70 19 Castro;
3543 3963 59 23 «*■?■

3201 3992 118 23 également
3334 3991 67 20 donné
3413 3991 69 19 lecture
3492 3988 41 19 d'un
3543 3987 58 30 t*-*P;

3201 4020 35 18 me
3253 4017 27 19 de
3296 4015 131 20 félicitations
3442 4013 26 19 du
3482 4009 83 26 président
3574 4009 26 15 ■'

3201 4037 134 25 République.
3540 4057 22 8 „„
3571 4045 27 14 -j

3222 4062 67 23 Après
3304 4063 22 18 la
3339 4062 59 19 visite
3412 4060 26 20 du
3449 4057 82 24 pavillon,
3540 4055 58 18 uni»

3199 4085 94 24 banquet
3307 4090 14 15 a
3335 4085 58 19 réuni
3407 4084 28 20 le»
3448 4080 84 22 autorita
3543 4079 53 21 po*W

3198 4105 40 24 ses'
3242 4110 24 20 et
3277 4109 75 24 belges.

3254 4170 42 30 AU
3314 4176 15 13 «
3340 4167 132 31 SOUVENIR
3487 4160 68 33 BELGE
3564 4160 9 14 '
3593 4150 13 55 (
3639 4174 11 16 n

3220 4230 85 20 Samedi
3335 4226 116 26 après-midi
3471 4226 69 29 &,«'.
3540 4219 13 21 11
3551 4222 21 33 *S,

3196 4253 93 20 Théâtre
3307 4253 28 21 du
3352 4252 49 20 Parc
3415 4255 26 17 un
3456 4246 59 24 reciW
3529 4245 43 18 tt"

3197 4276 71 20 donné
3282 4280 40 19 par
3337 4280 40 16 une
3392 4275 56 22 Jeune
3462 4271 91 23 «■t™?
3553 4271 13 24 J

3196 4300 50 20 Mlle
3259 4300 77 19 Denise
3349 4299 104 19 Chalnave,
3464 4294 30 22 qui
3504 4291 26 20 et*
3532 4291 5 10 1
3538 4291 6 17 '
3553 4294 14 12 »
3578 4307 15 9 ,.

3195 4323 81 23 pagnée
3292 4327 39 19 par
3346 4320 104 21 l'excellent
3462 4314 105 22 nianlstft»
3583 4327 12 14 ,

3196 4349 61 21 guste
3283 4345 103 21 Ardenols,
3412 4341 44 21 clwl
3479 4339 22 20 de
3522 4337 45 18 »*•"

3196 4370 92 20 Théâtre
3302 4369 25 21 de
3341 4369 19 20 la
3373 4364 94 23 Monnaie.
3568 4371 23 23 0

3219 4394 61 19 Cette
3305 4390 152 26 représentation
3475 4385 18 20 d>
3492 4385 98 34 Lj-^sj»

3195 4416 83 21 donnée
3293 4420 28 16 au
3339 4414 62 24 profit
3417 4412 23 20 de
3455 4410 68 19 l'Œn™
3532 4406 20 17 n
3549 4406 41 14 -°*^

3196 4448 9 8 •
3218 4440 30 19 Le
3260 4439 100 20 Souvenir
3370 4436 57 22 Belge
3438 4441 14 13 ■.
3497 4457 11 8 „
3508 4456 8 9 r
3515 4449 25 13 i_
3539 4450 15 15 D
3551 4441 38 24 a,»

3218 4463 72 20 Parmi
3306 4462 30 19 les
3352 4454 237 26 *x*wnnaUtésP**»Ki

3194 4486 128 24 remarquait
3337 4482 121 22 notamment
3469 4482 118 28 «"JT/ja»

3192 4509 74 22 Wlart,
3285 4508 91 20 ministre
3391 4504 61 20 d'Etat
3466 4495 120 44 £*£££.

3192 4537 63 15 mans
3268 4533 22 19 et
3304 4529 93 21 Fernand
3410 4525 73 22 Démets
3482 4523 105 28 .»*"£""»-

3194 4556 85 22 Viaene,
3293 4553 65 22 l'actif
3373 4548 93 28 président
3479 4549 22 16 ou
3532 4545 43 13 °-**"

3192 4579 88 43 ^le"
3288 4601 74 20 Denise
3384 4577 200 53 a*M%*>%£

3192 4626 107 21 beaucoup
3308 4625 25 19 de
3343 4622 56 34 grâce
3409 4624 25 15 un
3441 4611 141 45 ^ff»»

3192 4649 77 23 phique
3285 4652 36 16 sur
3336 4647 29 19 les
3377 4643 64 22 études
3452 4639 92 21 svmpn"""'

3191 4672 129 20 Schumann.
3465 4683 6 6 .
3489 4683 28 14 „,
3526 4669 54 26 (js*»

3215 4696 35 19 On
3264 4694 78 20 associa
3354 4692 14 20 â
3380 4694 34 16 son
3424 4688 57 33 <^
3489 4686 90 33 "id!»*

3190 4718 186 22 accompagnateur
3383 4713 37 23 qui,
3428 4713 150 30 "^."Sk^o»'

3189 4743 56 21 trisc,
3259 4739 112 24 interpréta
3383 4736 72 22 l'œuvre
3459 4730 102 20 «K»»»^

3188 4766 25 20 T.
3311 4792 54 8 ^_

3332 4829 30 26 LA
3372 4817 119 40 QUESTIOH

3282 4875 36 26 DE
3333 4869 73 29 L'EST
3416 4854 112 40 ALLE««!>

3209 4934 84 23 Berlin,'
3301 4935 21 19 17
3334 4931 46 21 mal
3390 4938 21 6 -
3416 4914 151 49 i^Z^Sffï

3187 4961 44 24 pire
3248 4965 15 14 a
3280 4956 89 22 entendu
3384 4957 21 16 ce
3404 4953 41 31 J"
3445 4947 8 20 t
3451 4947 44 35 *L1
3494 4966 9 15 c
3498 4947 68 33 *«-***

3186 4988 27 15 au
3227 4983 57 23 sujet
3297 4981 28 20 du
3338 4975 139 36 r**"-«*»^f
3477 4988 6 20 1
3483 4984 31 21 ïX
3538 4995 25 7 _

3186 5007 87 19 nancier
3287 4998 276 36 aux^-^^jeataS

3207 5029 30 19 Le
3249 5025 114 22 chancelier
3374 5023 20 19 et
3405 5019 157 35 '"^S»a«*"

3183 5052 38 20 sell
3234 5050 92 25 prussien
3337 5046 36 21 ont
3382 5048 23 16 eu
3415 5040 145 35 «^«jj»***

3183 5077 36 23 qui
3230 5080 14 16 a
3256 5073 63 25 porté,
3330 5070 86 21 croit-on,
3424 5060 92 25 fS*'~

3168 5094 68 26 Jtloo.
3247 5107 26 6 —
3283 5097 73 20 «m*-
3388 5112 5 6 .

3638 4197 12 38 I

3627 4842 23 19 a:,

3628 4863 22 21 tr:

3628 4884 22 22 te,

3645 4910 5 18 1

3626 4933 24 16 se-

3627 4956 23 16 •n

3645 4977 5 17 1

3627 4999 23 18 t.
