3895 5579
372 104 1117 281 GAZETTE
1600 104 305 273 DE
2000 96 1409 281 CHARLEROI

78 124 42 35 Do»
134 115 151 39 téléphones
304 126 7 20 :

78 168 130 26 «,t,onnem.
253 161 100 25 101.30

75 210 126 29 annonces
252 203 13 24 1
272 204 80 23 00.33

75 248 124 34 (•omptab-
252 247 100 24 101.30

74 290 132 34 pidaction
253 289 95 24 100.31

75 334 111 30 photogr.
255 330 100 23 101.39

73 371 125 35 Bruxelles
227 371 125 23 11.47.42

75 429 61 22 31.-
161 425 23 29 k
185 440 136 20 IlrM11Y
347 440 12 12 .
416 420 202 29 CHARLEROI,
632 420 26 29 2,
672 420 68 30 Quai
753 421 34 24 de
802 421 113 24 Flandre

75 443 61 35 NOS
162 443 160 26 Dureaux
348 458 11 11 .
417 452 204 29 Bruxelles,
636 452 26 29 7,
676 458 49 18 rue
739 452 82 25 Henri
837 453 78 24 Maus

85 497 103 29 Compte
205 495 125 29 Chèques
347 495 117 24 Postaux
484 494 29 23 N"
526 493 104 29 33199;
643 493 129 29 spécifier
784 500 48 18 sur
844 494 24 24 le
879 491 71 26 talon
963 490 25 25 la
997 489 90 25 raison
1097 488 36 25 du
1143 487 156 25 versement

3469 97 41 36 62
3513 102 10 14 e
3537 95 125 37 ANNEE

3496 163 146 37 SAMEDI

3489 229 41 35 20
3549 228 73 35 MAI

3525 297 84 38 1939
3656 329 4 10 ,

1681 421 147 31 Rédacteur
1844 431 33 19 en
1893 419 66 31 Chef
1976 429 10 22 :
2003 419 31 30 R.
2050 418 132 31 DUPRIEZ

1422 468 151 45 Journal
1598 469 192 54 Quotidien
1847 471 47 44 12
1917 469 147 45 PAGES
2118 469 49 45 Le
2191 469 49 46 N«
2262 472 51 44 40
2337 473 85 45 O-*

2536 412 259 26 ABONNEMENTS
2811 418 9 18 :
2835 412 73 24 Pour
2921 411 27 24 la
2962 410 129 31 Belgique
3104 412 29 24 et
3146 411 26 24 la
3186 411 110 26 France,
3311 407 41 25 les
3364 409 199 23 abonnements
3578 406 110 26 doivent

2537 445 59 24 être
2616 444 134 24 souscrits
2768 449 35 19 au
2825 443 103 24 bureau
2953 442 35 24 de
3004 444 94 28 postes
3111 443 35 24 de
3161 443 27 24 la
3203 442 140 23 résidence
3352 440 34 25 de
3401 439 160 26 l'intéressé.
3576 439 73 25 Pour
3661 438 28 26 ht

2540 476 62 24 ville
2623 476 35 24 de
2678 475 146 30 Charleroi,
2843 473 164 31 seulement,
3020 479 35 19 en
3070 480 48 18 nos
3132 474 130 25 bureaux.

746 596 333 165 tourisme

1141 591 94 44 Les
1264 591 305 43 Souverains
1597 592 199 53 anglais
1824 591 30 42 à
1884 587 193 53 Québec

169 862 27 80 A
229 883 131 71 propos
393 860 109 80 d'une
534 859 179 79 fâcheuse
748 857 224 79 nomination

93 980 69 25 Voilà
179 980 43 24 des
238 979 63 24 mois
318 979 58 30 qu'il
392 985 18 22 y
425 986 16 17 a
457 984 31 18 en
504 983 53 19 sus-

140 1012 15 23 à
168 1012 23 23 la
202 1012 66 24 suite
279 1011 147 23 d'incidents
438 1010 81 22 divers
531 1009 25 22 et

102 1044 127 23 scandales
240 1041 89 27 variés,
342 1048 47 17 une
400 1041 113 28 question
525 1040 32 22 du

165 1081 21 17 e.
218 1074 21 22 Il
255 1080 18 21 y
289 1080 16 16 a
321 1073 44 23 des
381 1073 63 22 mois
461 1078 46 22 que
524 1071 32 22 M.

127 1107 24 26 k,
178 1105 114 23 ministre
318 1105 44 23 des
390 1102 167 24 Communica-

177 1137 48 23 mis
239 1136 16 23 à
269 1135 88 24 l'étude
371 1141 48 17 une
433 1134 124 28 réorgani-

89 1169 53 25 tioo
156 1169 45 22 des
213 1167 107 24 seniors
335 1167 33 22 du
383 1166 118 22 tourisme
516 1164 41 29 qui

73 1203 50 25 lont,
137 1205 94 18 comme
244 1205 32 16 on
291 1199 43 25 dit,
349 1204 30 17 en
394 1197 61 23 l'air,
472 1196 85 28 depuis

73 1233 132 27 longtemps.
233 1230 35 22 Le
287 1229 30 23 31
337 1228 97 28 janvier
460 1227 99 23 dernier

73 1264 112 32 pourtant
200 1262 23 23 le
237 1260 123 23 Jfoiiift'ur
374 1259 83 29 publia
472 1265 32 16 un
520 1264 28 17 ar-

72 1294 41 28 rêté
128 1293 69 28 royal
220 1292 86 23 créant
321 1298 33 16 un
371 1289 187 24 Commissariat

73 1325 85 33 général
171 1325 33 22 du
214 1323 127 23 Tourisme
352 1324 26 21 et
388 1321 136 29 prévoyant
536 1321 22 22 le

73 1358 59 27 tadre
145 1356 106 27 complet
263 1355 31 22 de
307 1360 28 17 ce
348 1353 94 24 service
456 1353 102 27 jusques

72 1393 19 22 et
104 1394 16 23 y
133 1386 109 29 compris
257 1386 22 23 le
295 1385 101 22 nombre
412 1384 30 23 de
457 1383 102 23 commis

72 1423 21 23 et
100 1421 22 22 le
132 1419 102 22 nombre
246 1418 31 22 de
289 1416 120 28 dactylos.
422 1416 59 22 Fort
494 1415 64 22 bien.

93 1451 19 24 E
124 1457 31 16 ne
168 1455 105 22 manque
286 1447 99 29 jusqu'à
398 1446 100 29 présent
512 1452 47 22 que

71 1484 21 25 1»
102 1483 59 23 haut
176 1480 175 25 commissaire,
375 1479 62 22 dont
454 1478 24 23 la
496 1477 62 23 dési-

72 1513 90 32 gaation
176 1514 40 21 est
230 1511 70 26 faite,
314 1510 87 25 dit-on.
424 1509 125 23 officieuse-

73 1548 54 23 ment
141 1543 86 28 depuis
242 1543 145 27 longtemps,
401 1547 61 17 sans
476 1547 47 22 que
537 1541 22 21 le

73 1576 107 26 Ministre,
191 1573 94 28 malgré
297 1574 22 22 le
330 1572 66 24 désir
406 1572 59 28 qu'il
476 1578 31 17 en
515 1572 44 24 ait,

74 1615 20 19 se
101 1606 96 28 résigne
209 1605 15 23 à
236 1605 88 23 rendre
336 1611 45 17 son
392 1603 73 24 choix
477 1603 72 23 défini-

73 1640 26 25 tif
105 1640 26 22 et
140 1637 97 24 officiel.
249 1636 49 23 Car
309 1636 61 23 c'est
382 1641 27 17 ce
421 1634 74 24 choix
506 1633 43 29 pré-

74 1670 111 26 cisément,
200 1669 63 22 dont
277 1667 18 22 il
312 1674 16 16 a
342 1666 41 24 été
405 1666 17 23 à
436 1666 124 29 plusieurs

74 1700 93 30 reprises
182 1699 115 29 question
315 1698 38 26 ici,
385 1697 43 29 qui
461 1696 99 24 soulève

74 1732 126 26 fjardentes
215 1729 151 29 polémiques
388 1731 27 21 et
438 1728 50 29 qui,
519 1728 41 23 s'il

75 1764 49 26 était
143 1762 135 25 maintenu,
300 1760 175 29 provoquerait
497 1759 63 22 dans

76 1798 26 23 loi
110 1794 100 24 milieux
221 1791 135 24 intéressés
368 1791 31 23 de
411 1790 110 30 pénibles
534 1791 26 22 et

78 1827 112 26 irritantes
200 1823 159 24 discussions,

93 1858 35 26 ia
143 1854 168 31 personnalité
335 1854 57 29 qu'a
409 1853 93 24 choisie
526 1852 33 23 M.

80 1888 65 25 "farcie
156 1893 64 23 pour
227 1886 94 28 diriger
327 1886 24 22 le
363 1885 119 23 tourisme
489 1884 71 27 belge

86 1923 23 22 ai
116 1920 31 22 M.
165 1918 73 24 Goris
254 1918 61 23 dont
331 1923 63 17 nous
408 1922 78 18 avons
502 1914 58 29 déjà

90 1953 100 24 atretenu
207 1956 47 17 nos
270 1949 107 23 lecteurs
400 1949 27 21 et
449 1947 62 23 dont
535 1947 25 22 la

85 1984 60 24 JBase
161 1988 16 18 a
193 1979 109 30 naguère
320 1978 69 25 tracé
413 1979 23 23 le
452 1978 108 29 portrait

82 2014 78 24 savant
176 2029 9 7 .

99 2052 12 15 «
122 2045 23 23 A
166 2043 132 24 Foccasion
319 2042 31 24 de
371 2048 42 17 ses
434 2041 127 23 fonctions

78 2083 37 17 un
127 2075 110 24 Sections
252 2074 89 28 Belges
357 2074 32 23 de
403 2072 73 23 Paris
498 2071 63 23 1937

76 2109 22 22 et
107 2108 29 23 de
149 2106 140 25 New-York
305 2104 68 27 1939,
406 2104 33 23 M.
455 2104 75 23 Goris
545 2109 16 16 a

76 2138 67 24 donné
155 2139 71 21 toute
240 2137 26 22 la
277 2142 98 17 mesure
389 2136 31 22 de
435 2135 24 23 la
473 2135 88 22 malice

74 2172 22 21 et
106 2170 29 23 de
147 2168 114 28 ïénergie
276 2167 59 29 qu'il
351 2168 58 27 peut
432 2167 91 22 mettre
545 2165 16 22 à

73 2199 87 24 écarter
172 2199 36 23 les
223 2198 102 24 artistes
341 2197 103 23 wallons
474 2197 31 22 de
536 2196 24 22 la

72 2230 165 29 participation
263 2235 50 17 aux
340 2228 109 23 sections
468 2226 93 29 beiges.

71 2262 33 23 De
116 2261 115 23 violentes
252 2260 181 29 protestations
461 2258 102 23 avaient

72 2299 27 16 ea
110 2292 54 29 lieu,
177 2292 52 23 lors
242 2292 30 22 de
285 2291 73 23 Paris
371 2289 62 24 1937
445 2289 34 23 où
491 2289 19 23 il
524 2288 28 23 sé-

71 2323 82 23 vissait
165 2329 92 17 comme
271 2321 136 24 Secrétaire
420 2321 34 23 du
466 2318 96 25 Comité

72 2353 131 29 Technique
219 2359 8 21 ;
240 2353 20 22 il
271 2359 19 21 y
302 2353 29 23 fit
343 2351 112 29 pleuvoir
468 2357 45 16 sur
526 2350 38 23 les

71 2384 96 24 artistes
179 2383 119 24 flamands
319 2383 191 23 exclusivement
538 2381 27 22 la

72 2422 83 16 manne
164 2415 31 23 de
204 2415 112 23 subsides
327 2416 26 21 et
359 2414 32 22 de
400 2412 163 24 corrimandes.

71 2446 79 27 Quant
165 2452 49 17 aux
228 2445 117 25 Wallons,
370 2444 19 22 il
405 2450 32 17 ne
453 2443 55 23 leur
523 2443 40 22 fut

71 2482 42 23 pas
123 2477 89 28 permis
223 2477 30 22 de
264 2477 113 22 montrer
387 2475 54 22 leur
453 2476 41 21 art
502 2474 63 22 dans

71 2507 24 23 la
106 2507 103 29 capitale
216 2507 84 23 latine
314 2506 33 23 où
359 2506 59 22 tant
430 2503 136 25 d'affinités

71 2540 24 22 et
104 2539 31 23 de
144 2538 141 28 sympathie
295 2537 37 23 les
344 2535 138 24 attiraient.

99 2576 14 14 »
129 2569 39 23 On
182 2568 84 24 aurait
283 2574 35 22 pu
333 2567 80 23 croire
437 2573 48 21 que
500 2566 67 23 cette

71 2600 102 23 Btrirtide
187 2600 88 27 serait.
278 2596 139 26 désavouée
431 2599 25 21 et
470 2603 46 22 que
531 2597 36 22 les

72 2630 174 29 protestations
274 2629 135 22 wallonnes
453 2627 114 23 auraient

72 2662 95 28 prwhiit
178 2661 55 24 leur
244 2658 67 26 effet
322 2660 21 22 II
355 2659 57 22 n'en
423 2659 40 22 fut
475 2658 52 22 rien
535 2670 32 4 —

74 2699 27 16 au
113 2692 132 23 contraire.
258 2691 61 22 Bien
334 2688 69 30 placé
416 2691 25 21 et
455 2689 56 22 bien
524 2695 32 21 ap-

73 2722 65 30 puyé.
150 2723 33 23 M.
195 2722 72 23 Goris
279 2722 48 24 sut,
339 2721 78 21 avant
428 2719 78 22 même
519 2724 46 22 que

74 2754 27 24 tv
114 2753 144 28 liquidation
281 2750 120 27 complète
432 2749 31 23 de
492 2749 73 21 Paris

76 2784 54 23 1937
142 2783 41 24 fût
195 2780 125 25 terminée,
334 2786 28 16 se
375 2779 65 22 faire
454 2784 111 16 nommer

80 2812 158 24 rjvroTf.Vata.ire
251 2809 106 24 Général
374 2809 104 28 Adjoint
493 2809 31 22 de
539 2809 24 22 la

84 2843 89 22 Section
175 2842 72 28 Belge
258 2841 14 23 à
283 2840 164 28 l'Exposition
455 2839 31 23 de
492 2839 72 23 New-

85 2873 64 23 York
155 2872 67 24 1939.
249 2872 46 23 Les
315 2871 94 24 jxiémes
431 2870 133 23 influences

86 2904 38 27 qui
138 2910 26 17 se
177 2902 176 24 manifestaient
375 2908 32 17 en
429 2908 31 18 sa
476 2902 88 22 faveur

81 2933 116 29 portèrent
208 2940 30 16 au
250 2933 187 23 Commissariat
458 2932 105 24 Général

81 2970 42 18 son
132 2964 145 29 -««i-écjuipier
292 2964 33 23 M.
343 2964 116 23 Gevaert.
492 2963 73 23 Cette

81 2995 52 27 fois,
148 2996 33 23 les
195 2996 62 23 deux
272 2997 86 26 postes
372 2996 32 22 de
421 2994 144 24 commande

80 3024 65 25 étant
156 3026 53 23 bien
221 3027 72 22 tenus
308 3033 30 17 en
353 3026 88 26 mains,
473 3025 18 23 il
521 3025 43 27 n'y

81 3057 61 23 avait
155 3057 51 28 plus
221 3057 48 23 lieu
282 3058 30 22 de
327 3063 27 17 se
370 3056 81 29 gêner,
475 3057 26 23 et
522 3062 43 17 ces

81 3087 119 24 messieurs
221 3088 96 28 agirent
338 3094 30 16 en
390 3086 173 29 conséquence.

81 3118 32 23 La
124 3118 111 23 Wallonie
248 3119 42 28 qui
304 3126 15 16 a
333 3119 44 23 des
391 3117 105 24 intérêts
509 3120 45 21 tou-

82 3149 104 29 ristiques
201 3149 85 29 égaux,
302 3149 72 23 sinon
390 3149 142 28 supérieurs
549 3149 16 22 à

82 3185 53 18 ceux
150 3181 42 22 des
207 3181 127 28 provinces
358 3180 141 26 flamandes,
532 3186 33 16 ne

83 3212 50 22 veut
141 3217 43 22 pas
194 3218 45 22 que
247 3217 46 18 son
302 3212 54 23 sort
366 3211 51 23 soit
426 3217 50 17 aux
483 3210 81 23 mains

84 3241 49 24 d'un
145 3242 93 23 homme
252 3242 43 29 qui
309 3250 16 16 a
340 3241 80 24 donné
435 3242 44 23 des
493 3248 63 22 preu-

83 3277 35 19 ves
131 3273 64 23 aussi
208 3273 123 28 tangibles
345 3272 143 24 d'hostilité.

109 3311 12 14 »
135 3304 38 23 Au
186 3305 105 27 surplus,
309 3305 18 22 il
341 3311 64 16 nous
420 3307 39 21 est
473 3304 92 28 permis

85 3332 65 26 B-'être
160 3335 77 23 d'avis
250 3342 46 22 que
309 3335 33 23 M.
357 3336 73 22 Goris
442 3336 66 22 n'est
520 3341 47 22 pas

86 3364 27 24 du
123 3367 51 22 tout
186 3366 97 29 qualifié
311 3373 64 22 pour
404 3372 104 22 occuper
528 3366 38 23 les

87 3394 107 26 fonctions
215 3398 31 22 de
266 3397 173 23 Commissaire
461 3396 106 24 Général

88 3425 25 24 du
123 3426 126 24 Tourisme.
263 3428 21 22 Il
299 3428 29 23 fit
343 3435 48 16 une
405 3428 85 28 rapide
512 3434 45 17 car-

89 3456 49 24 rière
151 3458 70 28 grâce
236 3459 16 23 à
266 3459 45 24 des
326 3459 120 24 attitudes
469 3459 30 23 de
523 3459 42 22 fla-

89 3487 152 30 nitfgantisme
260 3490 144 23 extrémiste
431 3491 27 22 et
484 3489 81 29 repré-

90 3520 55 23 aente
152 3521 29 23 de
190 3520 75 28 façon
275 3521 108 28 parfaite
395 3528 28 16 ce
433 3523 59 26 type
504 3521 54 23 d'ar-

91 3548 80 26 rivistes
183 3552 47 28 qui.
245 3559 47 22 par
305 3552 68 24 leurs
386 3552 181 23 combinaisons

93 3586 22 17 -e
136 3583 103 24 coulisse,
269 3583 145 23 bouarulent
444 3585 58 20 tous
531 3583 37 22 les

94 3615 85 27 wuages.
184 3614 123 23 existants
318 3615 27 22 et
355 3613 100 24 coûtent
466 3614 59 23 cher
536 3620 32 16 au

96 3646 44 23 pays
150 3645 58 21 ainsi
223 3651 48 21 que
285 3645 23 22 le
322 3646 116 21 constata
452 3645 23 22 le
489 3645 79 27 grand

97 3667 79 31 kinête
189 3675 98 23 homme
319 3675 79 29 qu'est
428 3675 24 23 le
483 3675 86 23 Comte

97 3702 68 26 Adrien
175 3711 48 18 van
234 3706 48 23 den
293 3706 89 27 Burch,
395 3707 62 23 dans
468 3713 48 17 une
528 3706 40 23 dé¬

577 977 119 23 claration
713 976 115 29 publique
847 981 9 18 :
873 982 13 15 «
902 975 40 23 Un
958 981 47 22 peu
1020 974 56 29 plus

580 1009 62 24 tard,
660 1009 102 27 passant
778 1007 143 28 par-dessus
946 1008 69 21 toute
1030 1011 49 17 une

578 1039 63 22 série
656 1040 30 22 de
700 1038 196 23 fonctionnaires
918 1037 31 24 de
970 1036 108 24 carrière

577 1069 70 24 zélés,
660 1070 76 23 actifs
748 1072 24 21 et
785 1068 159 28 compétents,
958 1068 32 23 M.
1003 1067 74 23 Goris

576 1101 93 22 entrait
690 1100 63 23 dans
783 1100 36 22 les
847 1100 86 22 cadres
963 1105 58 17 avec
1042 1105 35 16 un

577 1133 76 27 grade
666 1132 42 28 qui
722 1131 122 23 retardait
856 1130 179 23 l'avancement
1047 1130 31 22 de

578 1169 45 22 pas
636 1163 49 22 mal
699 1164 30 21 de
742 1168 60 22 gens
818 1170 20 14 =■.
853 1162 37 22 La
903 1160 175 29 participation

580 1194 15 22 à
612 1193 162 28 l'Exposition
792 1193 30 23 de
837 1192 71 22 New-
909 1192 68 22 York
992 1198 32 17 en
1040 1194 39 21 est

581 1231 46 17 une
637 1226 72 21 autre
721 1230 90 22 preuve
824 1230 6 19 ;
843 1223 39 23 s'il
893 1223 56 23 faut
959 1229 31 17 en
1000 1223 80 23 croire

576 1256 35 23 les
628 1255 211 27 renseignements
847 1254 42 28 qui
898 1255 108 23 courent,
1015 1255 65 22 cette

578 1287 174 28 participation
767 1286 70 28 belge
850 1292 31 17 ne
895 1287 125 26 comporte
1034 1291 45 22 pas

580 1318 68 27 vingt
667 1318 140 27 exposants,
825 1317 61 22 dont
912 1317 65 22 deux
1000 1316 69 23 seule-

578 1350 68 21 ment
661 1350 58 23 sont
736 1349 44 22 des
797 1347 160 24 collectivités
976 1353 8 21 ;
1001 1350 25 20 et
1042 1354 28 16 ce-

578 1379 108 28 pendant
715 1379 25 23 la
768 1379 58 23 liste
854 1379 44 23 des
927 1377 108 24 Comités
1049 1378 30 22 de

578 1411 78 23 classe
672 1412 125 26 comporte
812 1411 44 22 des
871 1410 109 22 dizaines
994 1412 25 20 et
1036 1410 44 21 des

579 1442 109 23 dizaines
699 1441 30 23 de
741 1448 78 16 noms.
831 1442 20 21 Il
864 1444 37 20 est
913 1441 100 27 d'usage
1025 1446 54 21 que,

578 1473 59 23 sauf
652 1473 136 27 exception,
804 1472 67 24 seuls
886 1472 43 23 des
945 1472 135 27 exposants

578 1504 99 23 fassent
687 1504 80 27 partie
778 1504 44 22 des
833 1502 108 24 Comités
952 1503 29 22 de
993 1502 86 23 classe.

578 1535 41 28 Ici,
636 1536 24 22 la
674 1534 121 24 situation
809 1536 40 21 est
863 1532 136 24 renversée.
1014 1533 66 22 Pour

579 1566 64 23 faire
659 1566 87 28 plaisir
761 1571 48 17 aux
825 1565 76 28 petits
916 1564 70 25 amis,
1003 1564 21 22 le
1039 1562 31 23 bé-

579 1596 75 24 néfice
669 1596 78 24 moral
764 1597 28 22 de
808 1596 24 22 la
848 1595 116 23 coûteuse
980 1593 89 29 partici-

579 1628 86 28 pation
678 1628 71 27 belge
763 1627 14 22 à
791 1627 70 22 New-
862 1626 69 22 York
944 1627 40 21 est
998 1630 72 18 accor-

579 1659 30 23 dé
625 1659 15 23 à
657 1659 43 23 des
716 1664 61 22 gens
808 1657 42 28 qui
872 1657 42 27 rv'y
944 1658 59 21 sont
1018 1661 63 23 pour

580 1691 51 22 rien
644 1696 33 17 ou
689 1690 42 27 n'y
744 1689 155 23 contribuent
913 1694 62 22 pour
988 1687 61 23 rien.

612 1729 12 13 »
640 1721 34 22 Ce
688 1721 66 22 n'est
768 1726 45 22 pas
827 1726 28 16 ce
870 1721 58 26 type
958 1719 31 22 de
1019 1724 61 22 gens

580 1752 57 28 qu'il
651 1753 58 22 faut
736 1751 16 23 à
780 1751 25 22 la
817 1750 52 24 tête
898 1751 33 22 du
960 1750 120 22 tourisme

579 1783 76 28 belge,
668 1783 18 21 il
697 1788 17 22 y
725 1782 57 22 faut
794 1782 44 23 des
850 1787 60 22 gens
921 1780 159 23 travailleurs

579 1817 24 20 et
620 1813 161 28 compétents.
813 1812 83 27 Quant
913 1812 14 22 à
945 1812 24 22 la
985 1810 85 29 compé-

579 1846 70 22 tence
663 1844 148 28 touristique
826 1844 29 23 de
869 1843 33 23 M.
916 1842 80 25 Goris,
1011 1848 31 16 on
1056 1842 24 23 la

579 1876 104 22 cherche
699 1881 31 17 en
745 1875 58 22 vain
824 1880 7 21 ;
848 1881 28 16 ce
892 1874 66 23 n'est
972 1879 46 22 pas
1034 1879 47 18 son

579 1906 51 23 rôle
644 1907 31 23 de
690 1906 107 23 membre
812 1905 34 23 du
859 1905 98 23 Conseil
972 1904 98 23 d'Admi-

579 1937 135 23 nistration
729 1937 31 23 de
777 1936 100 26 l'Oblut
894 1936 27 23 ni
939 1935 131 23 d'adminis-

579 1971 98 20 trateur
688 1969 31 23 de
729 1968 49 22 VA.
790 1967 24 24 S.
826 1968 28 23 B.
866 1967 28 23 L.
908 1975 12 13 «
932 1966 149 28 Exposition

579 1999 194 23 Internationale
788 1998 135 23 itinérante
940 2006 13 14 »
970 1998 43 28 qui
1028 1997 44 25 suf-

579 2031 72 23 fisent
667 2037 63 22 pour
743 2031 23 22 le
782 2030 113 28 qualifier
908 2037 22 16 ».

610 2062 36 23 La
663 2061 153 24 nomination
832 2062 31 22 de
878 2061 33 22 M.
926 2060 75 23 Goris
1031 2066 51 16 aux

579 2093 126 23 fonctions
729 2094 31 22 de
790 2091 176 24 Commissaire
981 2090 101 29 généra!

580 2125 32 22 du
626 2124 129 23 Tourisme
771 2130 15 17 a
801 2123 55 23 ému
871 2123 128 23 tellement
1014 2122 58 28 l'opi-

580 2156 58 24 nion
654 2156 44 22 des
713 2155 101 23 milieux
831 2153 134 24 intéressés
995 2160 47 22 que
1058 2154 24 22 le

580 2187 86 23 Comte
681 2186 93 23 Adrien
790 2192 49 17 van
854 2185 47 23 den
917 2185 90 27 Burch,
1039 2184 43 29 qui

579 2218 98 28 préside
688 2224 50 16 aux
749 2216 126 24 destinées
901 2217 34 22 du
962 2215 120 23 tourisme

579 2249 78 28 belge,
675 2249 87 23 refusa
794 2248 79 23 d'être
888 2246 98 24 nommé
1002 2246 71 23 Prési-

581 2281 60 22 dent
657 2281 31 22 de
703 2279 96 24 l'Office
815 2278 133 29 Supérieur
970 2278 34 23 du
1020 2278 52 22 Tou-

582 2311 81 23 risme.
680 2311 40 23 Au
737 2310 79 23 même
839 2310 107 28 journal,
977 2309 33 23 M.
1027 2309 56 22 Van

581 2342 47 23 den
639 2342 82 23 Burch
733 2341 115 28 expliqua
859 2341 65 24 ainsi
935 2347 47 17 son
992 2340 71 23 refus
1075 2345 6 17 :

584 2381 12 14 «
613 2373 111 29 Lorsque
740 2373 34 22 M.
792 2373 22 22 le
830 2372 116 22 Ministre
977 2371 49 23 m'a
1042 2371 31 23 de-

582 2404 88 23 mandé
686 2404 139 27 d'accepter
839 2403 26 23 la
879 2402 144 29 présidence
1052 2402 31 22 de

583 2435 95 23 FOfficé
696 2434 133 29 Supérieur
846 2435 35 22 du
897 2434 136 25 Tourisme,
1065 2432 19 22 il

583 2466 49 24 m'a
644 2465 80 24 donné
738 2465 150 23 rassurance
902 2464 60 28 qui!
975 2471 39 16 me
1027 2469 47 18 con-

583 2496 115 24 sulterait
719 2499 26 21 et
773 2502 29 17 se
828 2496 114 23 mettrait
971 2494 114 24 d'accord

585 2534 59 17 avec
657 2527 50 23 moi
720 2534 33 17 au
766 2526 70 29 sujet
850 2527 33 22 du
897 2525 82 24 choix*
999 2526 31 23 de
1059 2528 25 20 la

585 2565 120 21 personne
717 2558 15 23 à
744 2557 105 23 investir
858 2558 30 22 de
898 2557 26 23 la
934 2557 112 23 fonction
1055 2556 31 23 de

585 2589 167 24 commissaire
775 2595 33 17 au
830 2588 158 23 Tourisme...
1020 2587 66 23 Mais

585 2620 63 23 voici
660 2620 74 29 qu'un
745 2620 58 28 jour
812 2619 143 28 j'apprends
963 2625 53 22 que,
1024 2624 62 17 sans

586 2652 73 22 s'être
673 2652 48 22 mis
734 2651 112 23 d'accord
861 2656 58 17 avec
934 2650 55 23 moi.
1005 2650 22 22 le
1040 2649 36 22 mi-

586 2683 79 22 nistre
675 2682 84 23 venait
771 2682 31 22 de
814 2681 94 23 choisir
934 2681 33 22 M.
980 2680 103 23 Goris...

583 2714 34 21 Et
632 2719 62 16 vous
708 2712 173 27 comprendrez
909 2710 121 28 pourquoi
1058 2709 26 29 je

584 2743 48 22 n'ai
644 2749 44 21 pas
700 2741 100 27 accepté
811 2742 77 22 d'être
899 2741 96 23 nommé
1008 2740 66 29 prési-

583 2773 59 22 dent
661 2773 29 23 de
708 2772 95 24 rOffice
821 2771 133 28 Supérieur
970 2773 33 22 du
1021 2772 52 22 Tou-

582 2804 82 23 risme;
702 2808 24 25 *f
767 2812 20 19 '.-
802 2810 15 19 /
870 2808 13 15 v
893 2811 6 4 -

614 2841 13 15 »
647 2834 118 27 .Tesarne,
782 2840 34 16 en
832 2834 67 23 effet,
917 2840 48 22 que
988 2831 96 30 malgré

582 2872 41 17 ses
638 2866 100 23 talents.
770 2865 34 23 M.
836 2864 74 24 Goris
941 2864 66 23 n'est
1037 2870 47 22 pas

583 2897 115 22 l'homme
712 2895 42 30 qui
769 2896 115 23 cxmvient
898 2895 16 23 à
928 2902 28 17 ce
969 2896 79 27 poste.
1063 2895 21 22 H

583 2928 40 23 n'a
639 2934 46 22 pas
700 2928 31 22 de
747 2926 156 29 compétence
926 2925 159 29 particulière

583 2964 30 17 en
624 2958 105 23 matière
742 2958 30 23 de
783 2957 128 23 tourisme.
923 2958 39 22 En
974 2960 79 23 outre,
1066 2957 18 22 il

582 2991 40 21 est
651 2989 247 24 incontestablement
924 2991 26 21 et
977 2988 100 22 notoire-

583 3023 68 21 ment
665 3020 16 23 à
695 3020 94 24 classer
802 3020 82 28 parmi
898 3019 37 24 les
949 3023 136 24 personnes

583 3052 42 28 qui
639 3052 55 23 font
710 3052 44 22 des
769 3051 127 29 questions
910 3050 175 28 linvruristiques

583 3083 23 23 le
620 3083 69 23 souci
703 3082 129 24 dominant
854 3082 31 23 de
907 3082 55 23 leur
976 3079 108 25 activité.

583 3114 67 23 Cet
660 3121 34 16 un
704 3113 114 29 pionnier
827 3120 39 20 ou,
878 3113 16 23 à
902 3114 57 21 tout
967 3113 23 23 le
997 3112 86 23 moins,

583 3152 34 16 un
634 3147 75 26 agent
726 3145 65 23 actif
812 3145 35 23 du
870 3144 214 28 flamingantisme.

584 3177 40 24 Or.
641 3177 22 22 le
678 3176 183 23 fonctionnaire
890 3175 17 23 à
938 3175 42 28 qui
995 3175 91 23 confier

584 3214 47 17 une
646 3208 23 22 si
684 3208 94 28 grande
792 3208 59 27 part
866 3207 29 23 de
911 3209 72 20 notre
997 3212 78 22 propa-

585 3239 79 27 gande
681 3239 16 23 à
714 3238 135 28 l'étranger
865 3237 54 24 doit
936 3238 101 27 donner,
1070 3236 16 23 à

584 3272 58 21 tous
657 3270 36 23 les
709 3270 96 28 Belges,
821 3270 83 22 toutes
920 3268 129 28 garanties
1064 3276 22 14 r».

615 3301 71 23 Cette
703 3301 102 27 opinion
821 3302 46 22 est.
902 3306 63 17 nous
983 3300 102 23 semble-

586 3332 47 25 t-il.
649 3332 114 23 décisive.
780 3332 21 22 Il
819 3332 57 23 faut
893 3330 16 24 à
925 3332 24 22 la
965 3330 120 24 direction

585 3364 33 22 du
631 3363 134 26 Tourisme,
780 3369 33 17 au
825 3363 110 22 moment
947 3361 33 24 où
993 3362 26 22 la
1032 3362 44 22 Bel-

585 3395 73 28 gique
673 3394 53 23 doit
740 3394 71 22 avoir
839 3394 64 23 dans
932 3400 29 16 ce
973 3393 114 23 domaine

585 3431 48 18 une
648 3425 120 29 politique
783 3425 86 26 ferme,
884 3425 145 23 fructueuse
1060 3425 27 22 et

585 3456 139 29 énergique,
732 3462 49 17 une
794 3455 167 29 personnalité
973 3454 104 29 indépen-

586 3489 82 27 dante,
679 3486 92 26 libérée
783 3487 31 23 de
826 3488 114 27 passions
952 3489 27 21 et
990 3487 31 23 de
1033 3485 46 30 pré-

585 3518 79 29 jugés,
677 3518 99 23 décidée
787 3517 15 23 à
813 3518 81 23 servir
905 3519 58 23 tous
975 3518 37 23 les
1023 3517 55 23 inté-

586 3550 53 23 rêts
654 3549 123 29 légitimes
790 3550 63 22 dans
866 3556 35 16 um
914 3549 79 28 esprit
1006 3549 72 23 natio-

586 3581 50 23 nal.

619 3612 36 23 La
668 3611 113 29 question
795 3617 30 17 en
837 3612 41 22 est
888 3610 32 24 là.
932 3611 65 23 Mais
1008 3617 31 18 en
1050 3612 29 22 at-

588 3644 110 24 tendant,
713 3644 73 22 notre
801 3642 133 26 tourisme^
943 3641 145 24 abandonné

588 3674 16 23 à
617 3673 130 26 lui-même,
761 3679 60 18 sans
833 3673 76 28 appui
922 3673 26 23 ni
960 3672 120 24 direction

586 3712 33 17 •va
632 3705 16 23 à
660 3705 130 23 vau-l'eau,
989 3704 30 23 R.
1027 3704 32 24 D.

131 3796 39 45 A
197 3798 319 56 l'Exposition
547 3800 66 43 du
647 3799 209 53 Progrès
885 3798 160 45 Social

475 3857 60 43 de
568 3856 121 44 Lille

2168 588 93 87 La
2314 588 313 89 situation

2148 716 193 83 peste
2402 712 245 85 tendue

2168 854 87 67 en
2286 834 339 85 Palestine

1101 1710 22 20 A
1136 1710 50 20 leur
1201 1710 175 23 débarquement
1393 1709 29 20 de
1436 1709 16 19 1'
1466 1715 12 13 «
1493 1709 110 24 Empress
1619 1709 25 19 of
1656 1710 117 18 Au-tralia
1787 1715 20 16 »,
1821 1709 31 19 les
1867 1707 136 18 Souverain-,
2017 1707 78 19 britan-

1156 1735 82 24 niques
1251 1736 54 19 sont
1318 1734 115 19 accueillis
1447 1738 43 20 par
1503 1734 32 19 M.
1550 1733 134 20 Mackensie
1699 1734 69 24 King,
1783 1733 98 25 premier
1895 1732 104 18 ministre
2014 1731 32 20 du
2061 1731 34 20 Ca-

1155 1759 70 20 nada.
1638 1758 197 25 (Radioté'.éphoto
1852 1757 28 20 de
1895 1756 68 19 New-
1963 1755 82 24 York.)

1168 1852 65 57 UN
1270 1850 169 57 GRAND
1474 1848 151 59 DEBAT
1644 1850 107 55 AUX
1786 1846 273 57 (OMMUHES

1226 1964 77 93 M.
1338 1960 397 97 Chamberlain
1776 1958 229 95 déclare

1106 2106 107 93 que
1228 2088 91 93 les
1336 2084 315 97 entretiens
1672 2102 143 77 avec
1830 2078 297 97 ru.R,S.S.

1198 2216 133 93 sont
1362 2218 205 91 menés
1600 2228 101 77 sur
1730 2228 109 75 une
1870 2208 149 93 base

1244 2340 73 93 de
1358 2334 335 111 réciprocité
1736 2330 239 97 absolue

1134 2468 55 89 et
1228 2462 143 97 croit
1400 2466 35 89 à
1476 2480 73 73 un
1582 2456 275 113 prochain
1890 2454 209 95 accord

1540 2584 13 16 0
1610 2583 13 16 0
1680 2583 13 17 0

1173 2633 36 55 I!
1242 2634 335 54 réaffirme
1606 2645 76 40 sa
1712 2630 356 54 conviction

1106 2714 79 50 de
1218 2711 259 62 pouvoir
1505 2707 269 53 écarter
1803 2709 55 49 la
1888 2718 241 53 guerre

2278 1012 99 32 Graves
2390 1012 127 36 bagarres

2171 1077 75 24 Apre?
2263 1076 34 20 les
2315 1075 187 20 manife.''Laûons
2519 1075 85 21 calmes
2621 1074 27 20 àe

2145 1102 22 19 ia
2188 1101 102 20 matinée
2311 1101 27 19 de
2358 1099 64 25 jeudi
2441 1103 58 21 pour
2532 1101 117 22 protester

2144 1131 78 15 contre
2240 1126 22 19 le
2280 1125 56 25 plan
2355 1126 30 19 du
2403 1126 183 23 gouvertfement
2604 1125 35 20 bri-

2144 1151 117 25 tannique,
2284 1152 24 19 la
2327 1150 113 20 situation
2463 1150 57 19 s'est
2542 1150 107 24 bruaque-

2145 1177 61 19 menat
2228 1176 116 25 aggravée
2364 1180 29 15 en
2413 1174 118 20 Palestine
2548 1176 60 19 «dans
2628 1174 21 19 le

2144 1201 104 25 quartier
2262 1201 47 24 juif
2325 1202 27 18 de
2369 1200 138 23 Jérusalem,
2525 1200 31 19 où
2572 1201 23 18 la
2609 1203 30 21 po-

2145 1227 40 19 lice
2203 1231 15 15 a
2236 1226 30 20 dû
2283 1226 71 19 sortir
2373 1229 28 16 en
2418 1229 84 15 armes.

2170 1251 52 20 Une
2265 1250 181 23 manifestation,
2488 1249 16 20 à
2544 1249 100 25 laqueUt*

2144 1276 94 20 avaïeirt
2271 1277 49 24 pris
2355 1275 55 25 part
2442 1274 97 21 environ
2573 1274 77 20 15.000

2134 1315 4 5 .
2145 1301 123 23 livraélit-es,
2289 1300 79 21 venait
2389 1300 28 20 de
2436 1300 98 25 prendre
2554 1300 31 19 fin
2604 1303 44 19 peu

2133 1319 5 36 j
2144 1326 68 25 après
2248 1326 26 19 13
2295 1325 90 22 heures,
2419 1326 93 24 lorsque
2547 1324 102 21 certains

2143 1352 106 19 fauteurs
2273 1353 28 18 de
2323 1350 103 20 troubles
2448 1350 63 24 juifs,
2532 1349 107 22 entraînè-

2144 1377 52 19 rent
2211 1381 44 17 une
2269 1376 78 25 partie
2361 1376 29 20 de
2405 1377 24 19 la
2442 1375 62 21 foule
2520 1377 23 17 et
2557 1380 26 15 se
2597 1379 43 15 ren-

2143 1401 76 20 dirent
2238 1402 86 19 devant
2342 1402 34 19 les
2394 1403 83 19 locaux
2495 1401 30 19 du
2543 1401 105 19 commis-

2143 1427 60 18 Baire
2235 1427 29 19 de
2281 1426 25 21 la
2322 1426 88 24 région.
2444 1425 33 20 Ils
2495 1426 91 25 prirent
2603 1429 45 16 une

2143 1451 100 20 altitude
2265 1451 21 19 si
2306 1451 138 23 meriaçaiite
2465 1455 44 22 gue
2531 1451 25 19 la
2574 1450 77 24 police

2204 1480 85 18 armes,
2323 1475 98 25 casquée
2453 1478 24 19 et
2495 1477 95 24 portant
2608 1476 40 19 des

2144 1501 117 20 boucliers,
2297 1501 43 20 dut
2378 1501 104 25 charger.
2504 1501 67 21 Trois
2591 1500 57 25 juif.»

2144 1527 41 19 an-t
2202 1527 38 21 été
2257 1525 94 22 blessés.

2243 1583 56 32 Une
2311 1585 85 30 soirée
2408 1583 142 38 sanglante

2169 1652 36 21 De
2226 1652 92 21 sérieux
2340 1653 113 20 incidents
2473 1658 27 15 se
2521 1653 53 21 sont
2595 1657 51 20 pro*

2143 1679 62 19 d.u3ts
2239 1678 58 20 dans
2330 1678 24 20 la
2372 1679 75 20 soirée
2465 1678 29 21 de
2512 1678 70 25 jeudi.
2602 1679 46 20 Des

2144 1703 165 20 manifestants
2329 1709 26 15 se
2376 1705 54 18 sont
2451 1704 84 24 diriges
2555 1709 52 15 vers
2628 1706 20 18 le

2144 1728 172 21 comm-B^ariat
2351 1729 104 24 d'giomal
2473 1731 27 19 et
2519 1731 23 20 le
2562 1729 87 20 service

2143 1753 89 20 d'ordre
2252 1758 17 15 a
2289 1753 31 20 dû
2353 1754 126 20 toteLrveTÛr
2515 1755 133 24 éneT*gique-

2143 1778 70 20 nrient.
2234 1778 36 20 On
2289 1783 90 20 compte
2398 1779 62 20 seize
2479 1779 88 21 bJ-ôssès
2584 1779 65 25 juifs,

2143 1803 56 20 dont
2216 1808 30 15 un
2262 1803 151 26 grièvement.

2170 1828 47 20 Des
2236 1829 87 24 pieires
2344 1831 41 17 ont
2404 1829 87 20 atteint
2509 1835 33 16 un
2561 1829 87 25 inspec-

2143 1853 54 20 teur
2213 1854 28 20 de
2256 1853 74 26 police
2347 1854 24 20 et
2387 1859 33 16 un
2435 1854 84 21 soldat.

2163 1878 48 20 Des
2229 1879 131 20 bacrri-caides
2379 1880 42 19 ont
2439 1880 38 20 été
2495 1879 89 23 âtevées
2590 1883 60 21 pc-ttt*

2144 1907 100 21 enTayer
2259 1905 24 19 la
2298 1904 184 20 »n2aaMfi**t-ntatio»n.

2171 1930 23 19 A
2211 1929 127 21 I'iniérieur
2355 1929 31 20 du
2402 1930 107 24 quartietr
2538 1930 51 24 juif,
2620 1929 30 20 où

2144 1954 42 20 elle
2219 1954 66 20 avait
2317 1954 40 22 été
2374 1955 109 21 refoulie.
2514 1955 25 20 la
2554 1954 63 21 foule
2634 1960 17 15 a

2144 1979 109 20 continué
2271 1979 15 20 à
2302 1979 62 20 tenir
2381 1980 49 21 tète
2447 1980 15 20 à
2479 1980 24 20 la
2518 1980 81 23 police.
2616 1979 34 20 La

2145 2009 41 14 rue
2206 2004 102 20 centrale
2328 2004 59 21 était
2420 2007 58 18 dans
2512 2004 138 21 l'obscurité,

2144 2029 78 20 toutes
2239 2029 35 20 les
2289 2031 91 23 lampes
2398 2031 71 22 ayant
2488 2030 37 21 été
2556 2030 94 20 brisées.

2145 2054 45 20 Des
2209 2054 63 23 toits,
2290 2054 34 20 les
2342 2055 167 20 manifestants
2527 2056 42 19 ont
2588 2055 54 19 bom-

2145 2079 71 20 bardé
2248 2080 34 19 les
2307 2080 113 24 policiers.
2437 2080 44 20 Les
2499 2080 152 20 automobiles

2145 2104 181 25 n'appartenant
2360 2108 45 21 pas
2435 2104 17 21 à
2470 2104 43 21 des
2533 2105 117 20 Israélites

2145 2132 41 18 ont
2206 2130 37 20 été
2261 2130 148 20 n-almenées.

2171 2154 33 20 Le
2221 2155 95 20 nombre
2332 2155 40 19 des
2389 2155 87 21 blessés
2491 2156 58 23 juifs
2566 2155 85 20 atteâit

2144 2181 34 19 ol?.
2199 2180 36 20 On
2253 2184 29 15 en
2301 2180 93 25 compte
2414 2180 56 20 «trois
2489 2181 31 20 du
2539 2181 52 20 côté
2609 2185 31 15 an-

2144 2204 66 25 glais.

2172 2230 23 19 A
2214 2229 40 20 Tel
2272 2228 67 22 Aviv.
2358 2229 24 20 la
2398 2229 162 25 municipalité
2578 2236 16 15 a
2612 2230 29 21 dé-

2145 2255 64 20 crété
2225 2255 21 22 ie
2264 2254 136 21 couvre-feu
2414 2260 17 20 à
2445 2254 77 26 partir
2538 2256 28 20 de
2583 2256 27 19 22
2628 2256 22 19 h.

2250 2310 38 32 La
2302 2311 80 38 grève
2394 2322 29 22 se
2437 2314 113 30 termine

2171 2374 77 26 Après
2279 2375 25 20 îa
2331 2375 73 25 grève
2432 2377 31 20 de
2479 2375 27 21 24
2522 2375 84 22 heures
2622 2375 29 20 dte

2144 2400 70 24 jeudi,
2246 2400 37 20 les
2313 2399 64 21 Juifs
2410 2400 54 22 sont
2481 2401 122 20 retournés
2620 2405 31 15 au

2146 2425 90 20 travail,
2272 2425 25 20 et
2332 2425 128 20 Jérusalem
2496 2426 59 19 était
2576 2425 75 20 calme

2145 2451 107 19 vendredi
2284 2450 81 20 matin.
2397 2450 45 20 Les
2460 2451 118 24 magasins
2596 2450 55 20 sont

2145 2475 96 21 ouverts
2259 2475 30 21 et
2307 2474 113 26 jusqu'ici»
2438 2475 17 21 il
2471 2477 40 23 n'y
2528 2481 17 15 a
2559 2479 45 20 pas
2621 2479 31 15 eu

2145 2501 28 20 de
2192 2501 114 20 tentative
2324 2501 28 20 de
2372 2500 136 20 renouveler
2526 2502 33 18 les
2576 2500 65 19 mani-

2146 2525 126 22 festations;
2289 2525 28 20 de
2336 2525 24 19 la
2376 2524 53 21 nuit
2445 2525 30 20 de
2491 2525 70 25 jeudi.

345 5328 50 22 Vne
407 5331 45 16 vue
463 5326 137 21 d'ensemble
611 5326 32 20 du
654 5326 104 22 Pavillon
770 5327 73 25 belge.

1114 2812 5 4 -
1133 2800 32 21 Le
1179 2800 70 21 débat
1263 2801 28 20 de
1304 2799 111 25 politique
1429 2797 120 25 ëtxaiigère
1562 2796 60 21 ins-i

1105 2825 57 21 titué
1176 2825 17 19 à
1208 2824 25 20 la
1248 2824 110 20 demande
1377 2823 28 19 de
1420 2821 142 26 l'opposition
1579 2821 26 20 U-
1615 2820 5 30 j

1105 2849 75 20 bérale
1190 2854 16 14 a
1216 2848 36 20 été
1264 2848 90 19 amorcé
1365 2847 107 20 vendredi
1483 2851 46 15 aux
1539 2845 66 20 Com-
1615 2851 5 19 ;

1104 2878 80 15 munes
1195 2877 41 19 par
1245 2872 32 19 M.
1288 2872 71 23 Lloyd
1369 2871 96 24 George.
1475 2870 36 20 On
1522 2874 84 15 remar-
1614 2870 6 31 j

1105 2898 64 24 quait
1180 2897 58 19 dans
1249 2896 23 20 la
1284 2895 51 25 loge
1348 2895 160 24 diplomatique
1520 2895 24 19 la
1555 2894 50 23 pré-
1614 2890 6 33 j

1107 2926 67 15 sence
1185 2921 28 19 de
1224 2920 179 20 l'ambassadeur
1414 2919 29 20 de
1453 2919 45 20 l'U.
1509 2918 27 20 R.
1548 2918 23 20 S.
1584 2918 23 20 S.

1263 2966 38 30 La
1315 2965 137 38 harangue

1179 3008 35 31 dn
1233 3009 77 30 viens
1328 3007 90 31 leader
1438 3006 95 38 gallois

1133 3070 105 20 L'ancien
1275 3069 102 20 Prîmier
1395 3068 104 21 ministre
1517 3069 89 20 déclare

1107 3095 50 19 tout
1172 3094 94 19 d'abord
1285 3098 6 15 :
1308 3099 12 13 <
1339 3093 31 20 Le
1388 3097 57 20 pays
1460 3095 55 18 veut
1529 3092 77 20 savoir

1108 3119 81 24 quelles
1211 3122 103 15 mesures
1333 3117 72 25 prend
1441 3117 20 21 le
1481 3121 116 20 gouverne-

1107 3143 62 19 ment
1179 3147 58 19 pour
1248 3142 80 19 rendre
1340 3147 11 13 «
1363 3143 23 18 la
1395 3141 54 25 paix
1459 3141 123 20 inévitable
1593 3146 12 13 î

1107 3170 41 21 par
1158 3165 172 25 l'organisation
1341 3166 53 19 d'un
1406 3167 63 18 fiont
1479 3168 79 17 contre
1569 3166 8 18 1
1578 3168 29 16 a-

1107 3190 109 25 gression,
1239 3191 30 19 de
1289 3190 68 23 façon
1380 3191 15 19 à
1416 3189 134 20 convaincre
1573 3189 33 19 les

1107 3215 126 20 dictateurs
1250 3215 32 18 du
1299 3215 87 23 danger
1422 3215 37 23 qui
1476 3215 34 18 les
1528 3213 78 20 attend

1107 3238 188 20 éventuellement
1311 3243 19 14 >.

1132 3263 120 19 L'orateur
1265 3262 63 19 lance
1342 3261 89 20 ensuite
1444 3261 109 25 quelques
1565 3261 34 20 cri-

1107 3286 73 25 tiques
1191 3290 31 15 au
1233 3286 183 23 gouvernement,
1427 3291 30 14 en
1467 3290 27 15 ce
1504 3285 39 25 qui
1554 3290 53 15 con.

1106 3315 67 15 cerne
1189 3310 24 19 la
1227 3309 210 25 Tché»*x*6lov<-uqu.e,
1455 3309 112 20 l'Albanie
1584 3310 24 19 et

1108 3335 127 24 l'Espagne.
1252 3333 62 20 Mais
1330 3334 17 19 il
1364 3333 58 21 tient
1438 3335 16 19 à
1471 3335 21 19 le
1508 3333 100 20 féliciter

1107 3363 42 20 par
1165 3360 78 18 contre
1256 3362 29 15 en
1301 3362 27 14 ce
1342 3358 38 24 qui
1395 3362 109 16 concerne
1518 3358 23 19 la
1555 3362 42 15 con-

1107 3383 87 19 clusion
1213 3382 31 19 du
1267 3381 70 20 traité
1357 3383 135 23 anglo-turc,
1515 3383 56 18 dont
1591 3382 16 20 il

1108 3406 102 23 souligne
1230 3405 162 26 l'importance.

1135 3431 55 19 Puis
1210 3428 32 22 SL
1262 3426 73 28 Lloyd
1354 3430 88 25 Géorgie
1462 3430 111 20 s'attache
1593 3430 15 20 à

1108 3456 101 19 montrer
1228 3455 22 18 la
1270 3454 110 19 nécessité
1400 3454 31 20 du
1451 3459 109 16 concours
1580 3455 28 19 de

1108 3479 42 20 l'U.
1169 3479 28 19 R.
1214 3478 24 20 S.
1258 3478 22 20 S.
1298 3478 21 19 Il
1336 3479 37 18 est
1388 3477 136 25 impossible,
1542 3478 22 19 di
1575 3478 33 23 -il,

1107 3503 28 20 de
1149 3503 108 19 défendre
1272 3503 23 18 la
1308 3502 100 21 Pologne
1423 3503 78 19 contre
1514 3507 46 15 une
1573 3504 25 17 at-

1109 3527 68 25 taque
1192 3526 126 19 altemari.de
1333 3526 21 20 si
1368 3523 63 23 l'aide
1445 3527 30 19 de
1490 3527 23 19 la
1526 3526 84 20 Russie

1108 3552 59 19 n'est
1181 3556 42 19 pas
1236 3549 100 20 assurée.

1135 3575 33 19 M.
1186 3575 71 23 Lloyd
1278 3574 89 24 George
1384 3574 95 20 termine
1496 3579 28 15 en
1543 3574 58 20 souli-

1109 3601 72 24 gnant
1198 3599 25 19 la
1242 3598 120 25 puissance
1380 3598 28 20 de
1427 3598 93 21 l'armée
1538 3602 25 18 et
1580 3599 28 20 de

1111 3623 113 21 [•aviation
1238 3621 144 25 soviétiques.

1216 3668 38 31 La
1269 3670 62 29 voix
1346 3668 159 32 travailliste

1136 3730 33 20 M\
1189 3729 77 20 Attlee
1285 3727 124 21 intervelnt
1426 3730 93 20 ensuite,
1536 3729 20 20 n
1574 3734 26 15 es-

1111 3754 55 21 time
1186 3757 43 21 que
1249 3753 22 20 le
1290 3751 103 22 meilleur
1414 3757 81 20 moyen
1517 3753 94 20 d'éviter

1109 3783 45 16 une
1168 3782 84 21 g"ueTTe
1268 3779 36 18 est
1319 3782 44 14 une
1377 3776 70 20 solide
1463 3777 68 20 union
1546 3779 64 19 entre

1110 3803 107 21 Londres,
1234 3800 68 21 Paris
1320 3802 25 18 et
1360 3800 95 20 Moscou
1471 3802 26 19 et
1512 3801 98 21 dénonce

1110 3827 34 20 les
1157 3826 125 19 influences
1294 3824 95 20 hostiles
1403 3825 15 19 à
1429 3824 112 21 l'alliance
1556 3831 55 15 avec

1111 3850 118 21 l'U-R.S.S»
1243 3849 39 25 qui
1293 3849 127 20 s'exercent
1431 3853 29 15 en
1471 3849 140 24 Ang*Ut^re.

1163 3903 36 31 M.
1215 3900 223 33 CHAMBERLAIN
1452 3900 124 31 REPOND

1137 3969 34 21 M.
1188 3967 160 22 Cbamberiain
1364 3965 74 26 prend
1454 3966 61 19 alors
1531 3966 24 20 la
1572 3971 31 20 pa-

1113 3994 53 19 role.
1184 3993 22 20 H
1224 3992 90 20 déclare
1333 3995 51 21 que,
1404 3995 27 14 ce
1449 3990 103 24 pendant
1570 3995 42 21 que

1100 4017 4 24 |
1113 4018 148 24 l'Angleterre
1276 4016 57 19 n'est
1346 4018 43 21 pas
1402 4014 102 23 disposée
1517 4015 16 20 à
1546 4013 65 21 ache-

1100 4047 4 11 :
1113 4044 34 17 ter
1160 4042 25 18 la
1198 4040 54 25 paix
1267 4041 16 20 à
1296 4039 120 24 n'importe
1431 4037 53 25 quel
1497 4039 58 23 prix,
1570 4038 42 20 elle

1114 4072 26 13 ne
1155 4064 125 20 refuserait
1295 4068 42 19 pas
1353 4064 29 19 de
1396 4062 100 20 discuter
1511 4063 40 18 des
1568 4062 37 19 mé-

1115 4089 76 20 thodes
1211 4093 43 19 par
1274 4085 118 27 lesquelles
1413 4084 131 25 pourraient
1564 4087 48 19 être

1116 4112 121 21 -atisfait-es
1253 4112 35 21 les
1304 4109 138 27 aspirations
1458 4109 154 21 raisonnables

1121 4140 89 17 .'autres
1231 4136 98 22 nations,
1347 4134 75 20 même
1438 4132 22 21 si
1477 4134 50 19 céda
1543 4134 69 24 figni-

1114 4162 50 19 fiait
1181 4166 45 14 une
1241 4160 100 20 certaine
1356 4157 158 21 modification
1530 4157 30 21 de
1575 4157 37 20 l'é-

1115 4190 22 14 .a
1139 4197 8 9 t
1162 4186 28 19 d*e
1206 4184 81 20 choses
1303 4183 105 21 existant,
1423 4181 36 19 s'il
1475 4180 57 20 était
1548 4180 56 20 abso-

1114 4209 85 20 lument
1213 4207 89 21 certain
1314 4211 45 20 que
1373 4206 34 20 les
1419 4204 143 21 concessions
1575 4206 39 23 qui

1114 4233 99 19 seraient
1227 4232 70 20 faites
1310 4236 31 14 ne
1355 4230 124 19 servissent
1492 4233 43 20 pas
1550 4229 16 19 à
1579 4230 27 19 fa-

1114 4257 85 20 voriser
1217 4257 41 19 des
1274 4255 107 24 attaques
1396 4254 80 19 contre
1493 4253 24 19 la
1534 4253 79 20 liberté

1115 4282 98 18 .l'autre**,
1231 4280 97 19 nations.

1139 4306 29 19 Je
1181 4305 48 20 suis
1243 4301 107 22 d'accord
1364 4306 56 15 avec
1433 4300 32 20 M.
1479 4300 84 24 AtUee,
1577 4301 29 19 dé-

1113 4330 60 18 clare
1189 4328 33 20 M.
1240 4325 167 23 Chamberlain,
1425 4330 57 19 pour
1498 4325 107 19 reconnaî-

1114 4357 34 15 tre
1162 4353 66 24 qu'on
1242 4357 30 14 ne
1287 4350 56 24 peut
1358 4350 101 19 discuter
1472 4352 57 15 avec
1543 4349 70 23 profit

1114 4378 27 19 de
1153 4376 126 20 conditions
1293 4375 27 19 de
1333 4374 56 25 paix
1399 4372 131 20 définitives
1543 4373 71 19 avant

1114 4401 69 19 d'être
1195 4399 125 20 convaincu
1333 4399 28 18 de
1374 4398 22 19 la
1410 4395 162 23 renonciation»,
1584 4400 30 16 ou

1115 4425 50 19 tout
1180 4429 32 14 au
1228 4424 75 19 moins
1336 4421 28 20 de
1381 4420 121 21 Fabandon
1517 4420 29 19 de
1562 4422 51 18 tous

1114 4448 100 19 de-r-seins
1228 4446 143 25 d'agression
1402 4447 81 18 «contre
1512 4444 22 19 4"
1537 4448 76 16 autres

1115 4472 98 24 peuples.

1251 4519 49 31 Les
1314 4519 166 31 convictions

1210 4560 36 31 dn
1266 4561 115 31 Premier
1403 4560 118 30 Ministre

1142 4625 33 20 Le
1191 4630 72 17 trouve
1265 4630 24 14 rn
1291 4626 76 18 ement
1383 4624 112 19 allemand
1510 4628 16 15 a
1541 4623 65 20 décla-

1116 4649 24 20 ré
1153 4650 54 23 qu'U
1220 4648 86 20 n'avait
1319 4654 87 15 aucune
1421 4648 113 20 intention
1547 4647 30 20 de
1589 4652 27 15 ce

1116 4677 75 21 genre,
1215 4673 103 24 poursuit
1337 4672 23 20 le
1383 4672 102 20 Premier
1504 4670 109 23 ministre,

1117 4697 58 19 mais
1184 4697 22 19 le
1217 4696 103 20 malheur
1330 4699 34 18 est
1375 4701 43 19 que
1429 4697 31 18 M.
1470 4695 77 20 Attlee
1557 4696 59 19 n'est

1117 4726 41 19 pas
1170 4721 22 19 le
1204 4720 50 20 seul
1268 4720 16 19 à
1297 4725 29 15 ne
1341 4724 42 19 pas
1395 4720 23 19 le
1431 4719 80 21 croire,
1524 4720 24 19 et
1561 4720 55 19 c'est

1105 4756 3 13 i
1115 4746 21 18 le
1173 4744 175 24 gouvernement
1369 4744 111 19 allemand
1500 4744 114 19 lui-même

1117 4768 38 24 qui
1169 4773 16 15 a
1200 4767 52 21 créé
1267 4768 61 19 cette
1342 4767 111 20 situation
1472 4767 113 21 lacclam.)

1190 4816 63 30 Mise
1270 4827 35 19 au
1321 4817 75 36 point
1413 4817 18 29 à
1446 4827 101 26 propos

1255 4856 33 32 de
1302 4857 50 30 l'or
1366 4856 113 36 tchèque

1144 4923 38 19 Au
1193 4922 62 24 sujet
1265 4921 41 21 des
1317 4921 75 20 bruits
1404 4921 90 20 relatifs
1505 4922 16 20 à
1531 4921 75 20 l'aban-

1118 4948 43 19 don
1181 4947 66 19 d'une
1263 4945 76 25 partie
1357 4944 40 21 des
1414 4944 78 24 dépôts
1510 4945 106 25 tchèques

1118 4971 56 20 i-L.ns
1191 4972 34 18 j-es
1244 4970 102 24 banques
1365 4968 114 24 anglaises
1497 4973 31 16 au
1545 4970 70 24 profit

1118 4995 26 19 de
1164 4994 156 24 TAHemagne,
1338 4993 33 19 M.
1389 4992 159 20 Chamberlain
1568 4994 41 24 pré-

1118 5019 47 19 cise
1178 5022 44 21 que
1237 5018 29 19 M-
1281 5017 103 19 Wohltat
1400 5018 58 18 n'est
1473 5021 43 20 pas
1530 5018 15 19 à
1559 5018 47 19 Lon-

1118 5045 51 19 dres
1184 5042 68 19 d'une
1267 5042 59 23 part,
1345 5042 24 18 et
1385 5045 43 17 que
1446 5041 28 20 de
1490 5041 76 21 toutes
1580 5042 27 19 fa-

1119 5071 54 20 çons
1189 5066 24 19 la
1229 5064 128 21 Trésorerie
1373 5068 16 15 n
1396 5070 15 13 a
1428 5065 93 24 accepté
1537 5066 28 19 de
1581 5069 25 16 re-

1120 5091 82 20 mettre
1223 5090 41 19 des
1285 5088 79 24 dépôts
1384 5088 110 24 t»*mèques
1515 5089 25 19 ni
1560 5090 16 20 à
1594 5089 23 20 la

1119 5117 87 22 banque
1219 5113 40 21 des
1272 5112 147 24 Règlements
1432 5112 185 21 Internationaux
1626 5125 4 6 »

1120 5140 23 19 ni
1160 5145 16 14 a
1196 5142 112 21 personne
1325 5136 94 20 d'autre.
1441 5135 79 22 Seules
1536 5137 29 20 de
1582 5143 35 18 pe-
1626 5134 4 20 î

1120 5165 53 19 tites
1185 5166 98 16 sommes
1296 5161 39 19 ont
1349 5159 36 20 été
1396 5159 96 20 libérées
1504 5165 31 15 au
1546 5162 72 23 profit

1119 5189 28 18 de
1161 5185 101 26 réfugiés
1277 5184 73 25 ayant
1365 5183 71 25 quitté
1451 5184 24 19 la
1488 5184 129 21 Tchécoslo-

1120 5210 87 25 vaquie.

1109 5229 4 12 '
1147 5234 134 24 Répondant
1300 5236 45 16 aux
1364 5230 109 25 critiques
1490 5230 27 20 de
1535 5237 27 14 sa
1579 5236 40 21 po-

1109 5269 3 3 ■
1121 5259 76 25 titique
1214 5256 126 22 étran*2*ère,
1356 5255 32 19 M.
1405 5251 158 24 Chamberlain
1581 5256 38 20 ob-

1106 5288 78 55 Jt-er-ve
1204 5282 92 20 d'abord
1315 5278 53 27 qu'il
1389 5278 36 20 n'a
1445 5278 84 24 jamais
1548 5280 63 19 consi-

1120 5307 54 20 déra
1187 5307 24 20 la
1223 5309 81 21 guerre
1317 5307 87 16 comme
1418 5302 127 21 inévitable.
1559 5303 60 24 Pois,

1120 5331 18 21 U
1156 5330 88 26 précise
1263 5333 46 17 nne
1328 5327 46 22 fois
1393 5326 30 21 de
1441 5327 59 24 plus,
1522 5331 45 21 que
1585 5327 36 21 les

1628 2796 120 23 garanties
1765 2795 100 21 obnnées
1877 2796 21 20 -à
1913 2797 24 19 la
1953 2797 101 24 Pologne
2071 2796 26 20 et
2112 2795 16 20 à

1629 2818 20 22 la
1671 2820 72 21 Grèce
1762 2825 30 15 ne
1809 2821 137 19 constituent
1964 2821 124 18 nullement
2105 2821 22 18 le

1628 2845 89 19 dernier
1733 2846 48 18 mot
1797 2844 41 20 des
1855 2849 100 15 mesures
1972 2849 44 19 que
2034 2845 21 19 le
2071 2849 46 20 gou-

1628 2871 131 18 vernement
1775 2868 142 24 britannique
1932 2874 16 14 a
1961 2869 59 20 dans
2034 2867 93 25 l'esprit.

1627 2893 62 20 Elles
1704 2893 79 20 furent
1799 2899 26 13 en
1841 2892 94 25 quelque
1950 2895 62 18 sorte
2028 2894 33 18 les
2075 2897 12 20 f
2091 2897 25 14 re-

1627 2917 68 21 ntiers
1709 2917 63 20 soins
1787 2917 119 24 d'urgence
1920 2917 85 20 donnés
2019 2917 48 19 afin
2083 2916 36 20 d'é-

1626 2940 60 20 viter
1700 2945 46 16 une
1762 2940 151 25 aggravation
1927 2942 28 18 de
1973 2941 23 19 la
2010 2941 116 19 situation.

1654 2965 20 19 U
1692 2967 68 20 reste,
1777 2964 130 24 ajouta-t-il,
1926 2965 14 19 à
1959 2966 33 19 les
2010 2966 117 18 renforcer

1628 2994 42 19 par
1680 2989 41 21 des
1730 2989 146 23 dispositions
1886 2990 160 22 permanentes
2055 2991 24 17 ct
2090 2989 27 18 ob-

1628 3014 58 17 tenir
1707 3019 29 15 en
1759 3014 50 19 leur
1830 3013 81 19 faveur
1932 3014 85 24 l'appui
2037 3013 80 25 supplé-

1628 3036 109 21 mentaire
1751 3037 29 20 de
1793 3038 52 19 tous
1859 3042 57 15 ceux
1929 3038 38 23 qui
1981 3038 111 24 pourront
2105 3038 24 19 et

1627 3061 39 24 qui
1683 3062 113 19 voudront
1813 3061 87 20 donner
1918 3063 37 18 cet
1971 3062 77 24 appui.

1654 3085 32 20 Le
1704 3085 100 24 premier
1823 3085 103 21 ministre
1944 3086 59 20 tient
2022 3087 16 20 à
2055 3085 62 25 préci-

1627 3113 37 16 ser
1675 3113 44 21 que
1730 3111 22 18 la
1763 3109 106 25 politique
1881 3109 143 26 britannique
2035 3116 28 15 ne
2074 3115 44 15 con-

1627 3134 55 19 siste
1697 3137 44 21 pas
1758 3134 16 19 à
1789 3135 89 23 aligner
1893 3134 38 20 des
1948 3134 63 20 blocs
2025 3134 28 20 de
2067 3134 52 24 puis-

1626 3161 80 17 sances
1742 3158 153 24 européennes
1919 3158 88 20 animés
2031 3158 84 20 d'inten-

1627 3181 60 20 tions
1699 3181 94 21 hostiles
1804 3182 27 19 et
1843 3183 27 18 de
1883 3182 128 20 considérer
2025 3183 23 19 la
2060 3187 57 21 guer-

1626 3210 25 15 re
1667 3210 88 16 comme
1770 3205 130 21 inévitable.

1629 3253 34 32 La
1680 3266 93 25 guerre
1788 3255 70 31 n'est
1872 3256 97 36 jamais
1985 3255 142 32 inévitable

1654 3316 28 20 Je
1702 3317 52 23 n'ai,
1774 3317 68 22 dit-il,
1861 3317 84 24 jamais
1968 3318 116 20 considéré
2104 3317 23 20 la

1627 3345 81 19 guerre
1723 3346 88 15 comme
1826 3340 121 21 inévitable
1961 3343 73 19 avant
2048 3342 80 24 qu'elle

1627 3364 56 22 n'ait
1699 3365 137 20 commencé.
1854 3365 55 19 Pins
1926 3365 109 20 l'horizon
2052 3366 76 24 parait

1627 3388 95 23 sombre,
1743 3390 51 23 plus
1814 3389 24 20 la
1856 3393 82 21 guerre
1956 3390 76 23 parait
2052 3395 67 14 mena-

1628 3413 71 22 çante,
1718 3414 51 23 plus
1788 3418 57 15 nous
1860 3413 85 20 devons
1961 3415 71 19 lutter
2049 3413 70 26 "vigou-

1629 3439 128 19 reusement
1770 3442 58 20 pour
1842 3437 92 20 l'éviter.

1653 3461 65 22 Pans
1732 3464 66 17 notre
1813 3461 111 25 politique,
1940 3462 17 19 il
1971 3463 39 23 n'y
2024 3468 15 14 a
2053 3466 73 15 aucun

1628 3484 96 21 élément
1741 3485 146 25 d'agression.
1903 3486 50 20 Elle
1969 3487 102 19 n'exclut
2086 3491 41 19 pas

1629 3513 44 15 non
1685 3509 50 23 plus
1749 3511 22 18 la
1784 3509 123 24 possibilité
1918 3511 29 18 de
1958 3510 100 20 discuter
2070 3511 58 19 dens

1629 3538 30 14 un
1677 3533 74 25 esprit
1770 3534 30 19 de
1821 3534 71 19 bonne
1911 3534 92 20 volonté
2023 3536 51 19 tous
2094 3534 33 20 lee

1630 3556 74 24 points
1723 3557 29 20 de
1776 3557 146 25 divergences
1942 3560 64 18 entre
2028 3560 33 18 les
2080 3558 37 20 Na-

1630 3580 64 21 tions.

1654 3604 65 21 C'est
1738 3610 46 15 une
1800 3606 113 24 poh-tiîque
1932 3606 28 20 de
1994 3606 137 25 précaution

1626 3631 39 22 qui
1686 3631 50 19 doit
1757 3631 52 20 être
1830 3631 118 25 appUqjiire
1970 3631 57 20 dans
2048 3632 74 18 certai-

1627 3659 40 15 nes
1704 3656 129 20 conditions
1869 3656 55 25 qu'il
1961 3657 135 25 appartient
2117 3656 15 19 à

1627 3680 103 20 d'autres
1747 3681 27 20 de
1790 3681 65 20 créer
1869 3686 30 15 ou
1914 3682 27 19 de
1958 3687 29 14 ne
2002 3686 46 20 pa?
2061 3681 68 22 créer,

1628 3710 45 16 urne
1704 3711 128 16 assurraaice
1851 3709 77 17 contre
1947 3711 47 17 une
2012 3707 121 24 agression

1628 3731 97 24 brutaile,
1744 3733 39 24 qui
1801 3732 57 24 peut
1874 3737 29 15 ne
1920 3736 45 20 pas
1981 3737 28 15 se
2025 3731 108 24 produire

1629 3758 22 18 et
1668 3761 44 21 que
1730 3762 59 15 nous
1806 3757 109 25 esipéronte
1933 3761 29 15 ne
1979 3757 86 25 jamais
2082 3756 52 20 voir

1628 3786 24 14 se
1670 3783 114 22 produirre,
1802 3786 45 16 une
1863 3781 111 25 poliJtîque
1991 3782 39 24 qui
2047 3781 86 20 semble

1628 3806 50 20 être
1713 3807 132 20 nécessaire
1862 3810 71 21 parce
1952 3811 44 19 que
2015 3810 56 16 sans
2092 3806 41 19 elle

1629 3835 58 16 nous
1724 3836 30 15 ne
1789 3835 86 21 voyons
1897 3836 88 14 aucune
2007 3831 126 24 possibilité

1629 3856 106 21 d'établir
1752 3862 31 15 un
1801 3857 123 20 sentiment
1942 3856 27 21 de
1987 3856 101 23 sécurité
2104 3860 30 15 ou

1629 3881 27 20 de
1675 3881 103 21 stabilité
1798 3885 30 17 en
1847 3881 98 24 Europ*.

1648 3930 147 39 Hommage
1828 3933 19 29 à
1863 3930 28 32 la
1909 3931 96 30 nation
2019 3935 97 34 tnrque

1656 3993 76 26 Après
1752 3994 66 21 avoir
1836 3993 105 26 soifligné
1972 3994 162 25 l'ïmportance

1630 4018 39 21 des
1702 4024 140 16 asswan*ces
1859 4019 54 25 déjà
1930 4017 102 21 dc-niiées
2048 4023 45 19 par
2110 4020 25 19 la

1630 4043 218 27 Grand-^Br-ëtagne
1880 4046 25 18 et
1941 4043 82 20 rendu*
2043 4044 81 20 notam-

1630 4069 64 20 ment
1710 4069 123 26 hc-mmage
1847 4069 17 21 à
1876 4069 25 20 la
1914 4068 81 20 nation
2011 4069 83 25 turque
2110 4069 25 20 et

1630 4094 15 19 à
1661 4099 37 15 ses
1716 4095 134 24 cbrigearnits,
1865 4094 33 20 M.
1915 4093 162 22 Chamberlain
2096 4095 28 20 dé-

1632 4120 61 18 ment
1711 4120 187 25 énergiqnement
1915 4123 44 20 que
1975 4119 36 20 les
2027 4119 98 24 négocia-

1631 4143 62 22 tions
1710 4150 58 15 avec
1783 4144 122 21 1-TT.R.S.S.
1923 4144 65 22 aient
2005 4145 40 20 été
2061 4146 63 19 affec-

1631 4169 55 23 tées,
1701 4169 24 22 le
1740 4171 76 19 moins
1833 4170 32 20 du
1894 4170 89 19 monde,
2016 4174 46 21 par
2093 4169 41 21 des

1631 4194 181 22 considérations
1827 4194 160 24 idéologiques.

1757 4253 49 32 Les
1823 4254 185 37 négociations

1757 4296 252 36 anglo-soviétiques

1657 4359 77 22 L'idée
1751 4366 46 20 que
1813 4366 60 15 nous
1890 4360 90 21 faisons
2000 4362 15 18 fi
2034 4361 30 20 de
2081 4361 43 21 l'as-

1630 4384 101 22 sistance
1760 4386 30 20 de
1821 4385 93 22 PUnie-n
1932 4385 137 26 Soviétique,
2087 4387 47 21 dit-

1631 4408 22 23 il,
1689 4412 36 19 est
1761 4411 130 25 dépourvue
1928 4409 29 20 de
1991 4410 143 22 fondement.

1631 4432 64 22 Nous
1725 4435 107 21 -désirons
1864 4435 25 21 la
1921 4434 165 22 collaboration
2105 4436 29 19 de

1630 4459 52 19 tous
1700 4460 33 20 les
1751 4464 67 21 pays.

1656 4483 33 21 Le
1710 4484 186 21 Gouvernement
1914 4483 148 27 britannique
2082 4489 53 17 sera

1631 4506 101 23 heureux
1762 4510 35 22 s'il
1816 4514 55 21 peut
1888 4509 95 19 trouver
2002 4514 30 15 tir.
2052 4514 83 20 moyen

1631 4532 113 21 d'obtenir
1780 4535 26 19 la.
1829 4533 147 25 coopération
1999 4534 27 20 et
2048 4535 8 20 I
2063 4535 60 20 assis-

1631 4557 66 21 tance
1716 4559 29 20 de
1763 4552 121 28 nXR-SÂ.
1916 4562 33 16 au
1978 4559 68 20 front
2063 4560 30 20 de
2111 4560 24 19 la

1631 4581 54 24 paix
1705 4584 163 20 actuellement
1888 4587 31 16 en
1941 4584 165 21 construction.

1638 4630 66 25 (Voir
1715 4633 61 21 suite
1788 4639 30 15 en
1832 4632 134 21 «Dernières
1978 4634 147 23 Nouvelles;-.)

2166 2583 48 32 Les
2233 2584 224 30 démonstrations
2474 2588 161 33 reprennent

2758 581 67 45 Le
2856 581 86 46 Roi
2971 593 32 31 a
3034 582 153 42 remis
3215 580 88 45 des
3331 576 272 47 étendards

2824 650 102 32 aux
2956 638 275 52 régiments
3259 636 273 45 d'aviation

3610 731 3 3 ■

3183 826 6 5 •

3119 849 3 2 ■

3188 870 3 4 '

3147 966 6 4 -

2685 1670 62 22 Hier,
2760 1670 24 20 le
2797 1671 44 19 Roi
2852 1676 17 14 a,
2881 1671 71 20 remis
2965 1671 41 20 des
3018 1672 123 20 étendards
3154 1677 49 16 aax
3217 1673 45 24 1er,
3275 1673 29 21 2e
3316 1674 26 20 et
3354 1674 29 20 Se
3398 1674 125 23 régiments
3536 1674 126 21 d'aviation
3674 1674 18 23 S

2740 1695 148 20 l'aérodrome
2902 1696 110 20 militaire
3026 1697 103 20 d'Evere.
3143 1707 31 5 —
3185 1698 67 21 Voici
3262 1698 24 20 le
3296 1698 45 20 Roi
3352 1700 97 24 passant
3461 1703 30 16 en
3502 1703 70 16 revue
3583 1699 35 21 les
3629 1699 63 26 régi.

2741 1721 76 18 mente
2831 1720 132 20 d'aviation.

2774 1808 67 41 LA
2868 1806 369 47 CONSECRATION
3266 1810 111 43 D'UN
3406 1812 175 43 REGIME

2670 1894 103 107 Le
2804 1894 243 105 défilé
3082 1896 101 107 de
3218 1898 79 105 la
3330 1898 359 109 Victoire

2762 2030 195 107 s'est
3004 2034 223 105 enfin
3264 2034 325 109 déroulé

2714 2168 197 107 dans
2956 2170 321 107 Madrid
3318 2212 103 67 en
3464 2172 171 107 fête

3100 2303 21 21 o
3120 2310 49 9 —
3168 2302 23 21 o
3238 2304 22 21 o
3602 2312 31 13 ■■
3659 2288 17 38 i

3639 2328 21 12 *»
3676 2327 9 12 t

2767 2344 98 61 La
2903 2346 259 73 parade
3209 2346 87 61 de
3334 2348 257 61 clôture

2695 2441 34 21 tes
2740 2441 70 25 défilé
2821 2442 40 25 qui
2871 2442 49 20 doit
2931 2447 109 21 marquer
3049 2448 48 16 aux
3107 2448 62 20 yeux
3175 2454 5 9 ,
3186 2444 73 25 féaux
3275 2445 63 20 amis
3356 2445 30 20 de
3402 2446 82 20 Tautre
3504 2445 57 22 bout
3578 2446 30 21 de
3623 2447 67 23 Taxe,

2667 2466 68 21 d'une
2750 2467 93 25 Europe
2860 2467 121 24 attentive,
3015 2468 22 19 la
3071 2468 36 23 fin
3140 2469 27 19 de
3187 2469 98 24 lesquels
3293 2469 106 26 jouaient
3408 2470 36 23 les.
3451 2471 143 21 matamore»
3603 2471 87 22 derriè¬

3187 2498 27 16 re
3225 2494 26 20 la
3262 2498 12 13 e
3286 2492 102 23 bandera
3400 2501 20 14 >.

3214 2519 145 20 Maintenant
3371 2524 45 20 que
3427 2519 25 21 la
3462 2524 15 15 e
3488 2520 176 25 parade-march
3674 2525 16 16 >

3186 2544 37 19 est
3233 2543 118 25 terminée,
3359 2544 24 20 le
3392 2544 78 24 clergé
3479 2545 112 24 espagnol
3599 2550 32 15 va
3638 2550 42 16 ma-

3186 2567 99 25 nifester
3308 2573 30 15 sa
3362 2569 122 24 p.ii»«fl».ce
3509 2570 124 20 recouvrée
3657 2574 34 17 a»

3187 2597 68 15 cours
3264 2592 41 22 des
3314 2593 141 20 cérémonies
3463 2593 30 21 de
3500 2594 89 20 samedi
3597 2595 25 19 et
3631 2594 59 21 c'est

3187 2617 15 19 ù
3214 2617 77 20 rissue
3301 2617 29 20 de
3341 2617 106 24 ceUes-ci,
3456 2618 70 25 après
3536 2618 26 20 la
3572 2619 118 24 réception

3187 2641 110 24 officielle
3312 2641 31 21 du
3359 2647 67 20 corps
3442 2641 165 26 diplomatique
3622 2644 70 24 qu'on

2668 2491 139 20 Vobsédante
2826 2492 110 24 présence
2955 2492 42 20 de»
3013 2493 94 24 troupe»
3124 2492 36 21 ita-

2668 2515 87 20 liennes
2770 2522 11 12 »
2799 2516 62 20 ultra
2875 2517 90 20 montes
2981 2523 11 12 >
3007 2518 54 18 s'est
3076 2517 93 20 déroulé

2667 2540 115 21 vendredi,
2806 2541 58 19 dans
2888 2546 46 15 une
2957 2541 149 25 atmosphère
3129 2542 40 24 qui

2667 2565 88 20 n'avait
2774 2565 52 20 rien
2844 2565 29 20 de
2892 2565 191 25 spécifiquement
3101 2571 57 20 espa-

2668 2589 61 24 gnol.

2694 2614 23 19 H
2729 2614 102 24 pleuvait
2842 2619 43 15 sur
2895 2614 34 20 les
2941 2614 129 24 uniformes
3081 2615 88 23 colorés

2173 2656 12 5 _
2239 2656 21 6 ..
2368 2642 8 4 '
2442 2656 20 9 _.
2480 2655 16 10 „
2526 2654 6 6 .
2656 2635 53 23 'des
2722 2639 153 24 légionnaires
2887 2639 40 24 qui
2939 2640 119 19 ouvraient
3071 2639 24 20 la
3107 2644 52 16 mar-

2173 2656 45 20 ies
2233 2656 191 20 démonstrations
2441 2656 25 19 et
2481 2656 9 19 1
2496 2656 112 23 agitation
2624 2659 29 15 en
2669 2667 42 16 CAe
2724 2673 32 6 —
2770 2663 17 20 à
2804 2664 51 19 tout
2872 2663 109 24 seigneur
2998 2665 51 18 tout
3066 2664 102 20 honneur
3176 2660 5 31 \
3187 2666 102 20 s'attend
3296 2671 33 16 au
3338 2666 75 25 grand
3423 2666 104 21 discours
3537 2660 154 28 faCauatUo'.

2150 2682 114 19 Palestine
2280 2683 139 18 continuent,
2437 2681 34 22 la,
2488 2686 73 19 pouce
2578 2683 24 18 et
2619 2684 34 16 tes
2667 2697 31 6 _
2710 2688 25 19 et
2750 2687 35 20 fe.
2798 2688 89 24 légions
2902 2688 101 24 fléchées
3018 2688 41 20 des
3073 2688 97 20 Italiens
3176 2694 6 20 |
3216 2690 38 20 Oh
3269 2696 29 14 ne
3313 2691 47 20 sait
3375 2696 83 15 encore
3470 2692 37 19 s'il
3521 2697 26 15 se
3563 2692 128 21 ressentira

2150 2710 92 19 troupes
2257 2707 41 18 ont
2314 2707 36 21 du,
2366 2707 108 18 vendredi
2490 2708 78 18 matin.
2584 2707 124 29 aJe-;^
2724 2712 116 20 suivaient
2860 2712 117 24 perdirent
2998 2714 65 19 toute
3084 2713 85 19 chance
3188 2715 40 19 des
3239 2716 74 22 oflrcs
3324 2715 128 25 d'emprunt
3465 2721 43 19 q:e
3519 2717 101 19 certains
3632 2722 58 18 pays

2150 2731 107 25 .usalem,
2278 2733 56 17 tirer
2353 2735 30 15 en
2403 2731 51 19 lair
2473 2735 58 19 pour
2549 2730 149 32 contenirjrfe,
2709 2737 87 19 mettre
2807 2737 31 19 de
2848 2736 44 20 Tor
2903 2736 86 21 solaire
3000 2746 33 6 —
3041 2737 20 20 ii
3073 2742 31 15 ne
3115 2733 66 29 pou-!
3188 2739 151 21 occidentaux
3357 2740 113 21 méditent
3489 2741 30 19 de
3538 2741 117 20 consentir
3675 2745 18 17 a

2150 2761 23 13 #.
2193 2756 60 19 foule
2252 2762 3 11 :
2276 2760 39 19 qui
2335 2756 266 34 ^veiiaitmeriaçante.
2620 2756 34 19 La
2668 2760 52 30 yoit
2732 2761 76 24 j-ajj-
2818 2766 32 16 en
2864 2760 449 30 Toccurrettc^queAU.co^TBspayne
3324 2764 32 20 oit
3365 2764 38 20 s'il
3410 2764 113 25 reflétera
3537 2765 74 25 plutôt
3624 2765 68 21 Tatri»

2145 2785 75 18 ponce
2237 2781 37 19 est
2289 2779 78 21 armée
2383 2781 28 18 cle
2426 2780 112 34 l^cuers
2552 2779 65 24 pou*
2626 2783 27 16 se
2669 2782 67 23 fo,^
2756 2795 31 5 _
2803 2790 43 16 mr
2867 2785 62 20 »„.„
2949 2791 18 20 p
2967 2785 74 21 Uime»
3060 2786 159 24 éPunifor-iJe
3236 2789 23 19 la
3276 2793 80 21 presse
3371 2789 135 24 allemande,
3523 2790 97 24 laquelle
3638 2790 42 24 pré-

2152 2804 106 23 protéger
2278 2805 80 19 contre
2381 2804 36 20 les
2437 2805 48 23 jets
2506 2804 30 21 Ue
2535 2829 14 12 k
2558 2808 94 19 Pierres-
2658 2806 56 20 W
3177 2799 6 40 \
3190 2813 54 19 tend
3257 2814 77 23 forcer
3346 2813 23 20 le
3378 2813 135 25 Vainqueur
3525 2814 14 20 à
3553 2814 51 20 voir
3615 2814 76 25 grand

2149 2831 35 17 Au
2200 2834 66 16 cours
2280 2829 30 20 de
2326 2830 23 19 la.
2364 2830 56 21 nuit,
2437 2830 29 19 de
2480 2829 125 20 nombreux
2619 2828 44 31 re-j
2696 2834 63 20 Mais
2774 2834 25 20 la
2816 2834 88 25 parade
2919 2834 39 25 fut
2973 2834 138 21 néanmoins
3127 2828 86 29 im-'et
3224 2843 13 14 «
3248 2837 107 25 impérial
3365 2843 21 15 >.

2147 2855 106 18 verberes
2271 2856 24 17 et
2313 2855 41 18 des
2372 2854 93 20 cabines
2483 2854 170 23 téléphoniques
2658 2865 5 14 ,
2669 2859 98 24 posante
2781 2864 44 19 par
2838 2859 21 20 le
2872 2859 96 20 nombre
2981 2859 30 20 de
3022 2864 41 15 ses
3076 2856 106 28 porttei-i
3213 2863 90 24 Auquel
3325 2867 47 18 cas,
3391 2862 23 21 le
3430 2862 96 25 général
3543 2862 73 25 ferait
3635 2863 56 24 trop

2150 2879 116 23 publiques
2278 2880 41 19 ont
2330 2880 37 19 ete
2380 2879 103 19 détruits.
2494 2879 45 19 Les
2551 2878 102 21 démons-
2658 2880 5 18 !
2669 2884 71 23 po».»
2760 2888 15 15 e
2775 2884 10 19 {
2803 2888 44 20 po-
2867 2888 30 15 sa
2918 2883 72 21 durée
3010 2883 40 25 qui
3072 2883 110 26 dépassai
3189 2887 127 19 nettement
3326 2886 107 25 allusion,
3445 2892 32 15 au
3489 2887 42 24 gré
3543 2887 42 20 des
3597 2887 92 25 franco-

2149 2904 96 20 trations
2267 2904 71 19 d'hier
2357 2905 42 18 ont
2420 2903 56 20 duré
2497 2905 82 22 jusque
2599 2904 53 20 bien
2670 2908 51 19 tout
2735 2912 28 15 ce
2777 2908 70 24 qu'on
2859 2908 65 20 avait
2938 2913 34 20 pu
2984 2908 115 25 imaginer
3111 2909 59 20 dans
3177 2915 5 13 :
3187 2911 100 24 anglais,
3295 2911 17 20 à
3321 2911 102 21 certains
3432 2912 58 19 tiens
3500 2913 141 19 ancestraux
3650 2912 40 24 qui

2149 2929 52 19 tard
2215 2929 60 19 dans
2289 2928 25 20 la
2328 2930 57 21 nuit.
2403 2929 38 20 Un
2456 2929 86 19 bureau
2556 2929 30 18 de
2602 2931 89 21 pos-.fc,
2707 2937 77 15 oenre.
3178 2936 141 19 .rattachent
3330 2935 89 21 Tlbérie
3428 2941 235 20 aryano-mauresque
3673 2937 18 21 à

2148 2955 40 22 tes,
2205 2953 57 21 dans
2276 2953 21 18 le
2311 2955 103 21 quartier
2427 2952 51 24 juif,
2493 2958 17 14 a
2523 2955 37 19 ete
2574 2957 78 15 lncen-
2697 2957 139 20 Commencé
2852 2957 17 20 à
2886 2957 58 24 neuf
2962 2957 84 20 heures
3063 2957 23 20 le
3101 2957 69 24 défilé
3178 2960 34 25 \la
3221 2960 75 20 vieille
3307 2961 61 19 terre
3378 2961 28 19 du
3417 2961 120 24 Maghreb.

2147 2977 36 20 dié
2199 2978 24 18 et
2237 2977 175 23 complètement
2426 2977 91 20 détruit,
2530 2979 35 20 la
2580 2980 201 22 pouce|derouiai£
2797 2986 84 15 encore
2896 2986 44 15 son
2954 2981 125 21 inlassable
3094 2982 76 20 ruban
3216 2985 61 19 Alais
3285 2985 18 19 il
3311 2985 59 19 n'est
3381 2984 22 20 ni
3412 2985 64 24 utile,
3485 2985 24 20 ni
3518 2985 98 24 prudent
3626 2985 63 21 d'an-

2146 3008 15 13 a
2178 3002 44 19 fait
2238 3007 45 15 une
2301 3003 106 19 descente
2423 3003 59 20 dans
2499 3003 34 19 les
2550 3003 102 19 bureaux
2657 3000 5 33 j
2667 3005 30 20 de
2707 3005 90 21 soldats
2809 3007 25 19 et
2847 3006 264 20 d'autos-mitrailleuses
3123 3011 47 15 aux
3177 3000 5 27 !
3190 3010 87 24 ticiper.

2147 3027 28 19 de
2193 3027 197 19 l'administration
2406 3027 63 23 juive
2486 3033 57 18 pour
2558 3028 94 19 vérifier
2656 3035 6 13 i
2668 3030 87 25 prime»
2774 3030 83 20 heures
2875 3030 28 20 de
2924 3031 167 24 l'après-dlnée.
3177 3030 5 29 j
3212 3034 30 19 Jrît
3252 3034 55 19 c'est
3315 3034 110 25 pourquoi
3434 3039 58 15 nous
3500 3034 136 20 attendrons
3645 3039 44 19 que

2148 3053 20 18 si
2190 3053 34 18 les
2246 3051 190 21 démonstrations
2456 3052 86 20 étaient
2562 3053 100 23 organi-:
2696 3055 32 19 Et
2745 3054 22 20 le
2782 3055 96 24 général
2907 3055 91 20 Franco
3026 3055 39 25 qui
3095 3049 88 26 entre-'
3188 3058 24 20 le
3230 3059 105 24 cliquetis
3352 3058 43 20 des
3413 3063 80 16 armes
3507 3063 27 16 ae
3552 3058 47 21 aoit
3614 3059 76 25 perd»

2146 3076 51 20 sées
2216 3077 64 18 selon
2300 3081 31 15 un
2351 3081 144 18 programme
2515 3077 68 23 étalv
2603 3078 47 19 d'à-
2656 3077 6 21 !
2668 3079 77 25 temps
2761 3079 66 20 avait
2844 3084 56 19 reçu
2917 3080 42 20 des
2977 3080 149 23 félicitations
3141 3080 29 19 de
3177 3078 5 22 i
3189 3083 58 19 dans
3255 3083 34 20 les
3297 3082 128 25 faubourgs
3433 3082 139 21 madrilènes
3580 3084 25 19 et
3614 3088 44 19 que
3667 3083 22 20 le

2148 3105 77 16 vance.
2244 3101 33 19 Le
2295 3101 95 19 nombre
2410 3101 57 20 total
2487 3103 41 19 des
2546 3102 105 19 victimes
2656 3099 50 24 Sses
2722 3109 50 15 com
2775 3104 87 20 irmndit
2862 3104 71 24 aires,
2961 3104 95 21 saluait,
3083 3104 86 20 saluait
3177 3107 3 25 j
3189 3107 54 24 chef
3259 3107 30 20 de
3303 3106 154 21 lalfouvelle
3473 3108 109 24 Espagne
3599 3108 34 19 ait
3650 3107 39 21 dé-

2171 3131 16 6 -
2211 3125 114 20 dernières
2346 3127 156 22 vingt-quatre
2522 3127 83 19 heures
2625 3131 26 15 se
2657 3123 5 26 |
2669 3128 127 23 toujours—
3188 3123 46 33 fini
3252 3131 34 21 les
3303 3131 101 25 grandes
3421 3131 74 25 Ugnes
3514 3131 29 21 de
3561 3137 30 15 sa
3608 3132 82 24 futur»

2147 3150 80 20 chiffre
2242 3156 43 17 par
2300 3151 37 19 110
2352 3151 72 19 morts
2440 3152 24 18 et
2480 3151 91 21 blessés.
2587 3153 64 18 Dans
2657 3153 5 20 :
2695 3152 22 20 71
2728 3152 91 25 respira
2829 3158 31 15 au
2870 3153 103 20 moment
2986 3154 27 19 or",
3028 3154 15 19 il
3056 3153 31 19 vit
3099 3157 71 21 appa-

2147 3180 26 14 ce
2194 3175 67 22 bilan,
2283 3179 31 15 on
2334 3176 90 22 compte
2445 3180 32 14 un
2498 3175 93 23 policier
2609 3175 132 29 an-jrairre
2756 3177 34 20 les
2806 3177 60 20 deux
2881 3178 64 20 mille
2959 3178 53 24 cinq
3027 3178 65 19 cents
3107 3177 62 20 AUe-

2146 3199 58 23 glais
2220 3199 45 22 tué.
2283 3204 32 16 un
2332 3201 65 18 autre
2415 3199 145 25 grièvement,
2571 3202 79 19 blesse,
2656 3205 6 25 j
2669 3201 83 20 mands
2767 3202 40 24 qui
2822 3202 125 24 fermaient
2964 3202 25 21 la
3003 3202 101 24 marche,
3117 3207 54 15 sou-

2148 3225 38 18 dix
2198 3224 103 24 policiers
2314 3225 90 23 anglais
2416 3226 23 18 et
2452 3230 31 15 un
2495 3226 88 21 officier
2594 3226 57 19 blés-
2657 3232 5 17 ;
2670 3226 67 20 deux
2747 3226 29 20 de
2787 3226 113 25 ménager
2911 3227 119 20 l'honneur
3041 3227 16 19 d
3068 3226 62 24 fleur
3142 3226 29 20 de

2147 3249 37 19 ses
2199 3255 41 17 par
2252 3250 41 19 des
2307 3249 85 23 pierres
2406 3249 90 21 lancées
2510 3256 43 18 par
2566 3252 23 19 la
2601 3250 50 20 fou-
2656 3249 72 25 'peau
2738 3250 41 20 des
2789 3250 119 25 Ibériques
2918 3252 26 19 et
2955 3251 28 20 de
2995 3251 86 20 donner
3091 3256 44 20 par
3145 3250 25 20 la

2147 3273 28 20 le.
2195 3273 94 23 (United
2305 3274 79 23 Press)
2665 3275 77 20 même
2752 3276 107 20 occasion
2867 3280 47 16 une
2924 3275 74 21 bonne
3007 3275 65 25 leçon
3080 3275 16 20 à
3105 3275 63 20 leurs

2148 3370 215 119 PM
2380 3366 95 103 Un
2498 3368 185 103 drôle
2702 3368 449 117 rEcnrenil,,

1726 4751 59 45 Un
1802 4751 129 45 timbre
1949 4767 94 38 ponr

1686 4812 228 56 l'Exposition
1927 4813 46 46 de
1985 4813 102 45 l'Eau

1637 5231 22 19 A
1675 5232 121 20 l'occasion
1810 5234 30 19 de
1856 5234 24 19 la
1895 5233 163 22 particination
2074 5234 53 19 fran

1665 5257 63 22 çalse
1742 5257 15 19 à
1770 5257 150 25 l'Exposition
1935 5257 29 19 de
1978 5258 67 19 l'Elan
2058 5258 17 19 à
2088 5258 40 20 Liè-

1666 5284 36 20 ge,
1724 5282 207 18 l'A.lmini-trntinn
1953 5281 41 20 des
2017 5282 26 19 P.
2062 5282 27 19 T.
2112 5282 26 19 T-

1665 5304 64 20 vient
1744 5305 119 20 d'émettre
1879 5310 32 15 on
1926 5306 84 20 timbre
2024 5306 106 26 représen-

1666 5329 52 20 tant
1731 5330 25 20 la
1769 5331 105 19 Machine
1889 5330 29 21 de
1929 5330 85 21 Harlv.

2159 3492 270 182 Qous
2457 3519 37 23 les
2523 3519 130 23 habitants

2383 3547 31 23 de
2428 3546 113 24 Louvain
2555 3553 32 18 ne
2602 3554 41 16 res-

2383 3574 123 23 semblent
2527 3582 53 21 pas,
2602 3576 52 22 loin

2384 3602 31 23 de
2426 3602 33 29 là,
2469 3609 51 17 aux
2532 3604 122 22 membres

2385 3631 31 23 de
2432 3631 25 22 la
2475 3631 117 28 majorité
2607 3631 48 24 clé-

2337 3653 27 26 A
2384 3659 157 24 rico-rexiste
2555 3660 31 22 de
2601 3659 54 24 leur

2384 3687 99 23 Conseil
2503 3688 148 22 Communal

2152 3714 60 23 dont
2224 3720 63 17 nous
2299 3714 137 29 signalions
2448 3722 42 17 ces
2502 3715 104 29 jours-ci
2618 3716 35 23 les

2150 3742 127 25 dernières
2289 3743 159 23 innovation*
2462 3751 31 16 en
2506 3743 105 24 matière
2623 3744 31 23 de

2151 3770 201 29 flamandisation
2369 3771 124 29 intégrale
2508 3773 27 22 et
2551 3773 33 22 de
2606 3772 37 29 fla-

2153 3798 175 29 mingantisme
2341 3799 74 24 idem.

2182 3828 23 21 A
2218 3834 101 22 preuve,
2330 3828 62 23 c'est
2402 3834 35 17 un
2448 3827 152 24 Louvaniste
2611 3827 44 29 qui

2153 3860 62 18 nous
2234 3855 106 28 signale,
2360 3857 84 22 textes
2462 3855 18 24 à
2500 3855 101 29 l'appui,
2620 3861 34 17 un

2152 3889 112 17 nouveau
2288 3889 91 22 moyen
2402 3884 32 23 de
2458 3883 197 24 contamination

2154 3912 133 22 insidieuse
2302 3913 31 22 de
2349 3913 25 22 la
2389 3912 117 28 jeunesse
2521 3912 134 28 flamande,

2151 3946 47 21 par
2210 3940 23 23 le
2246 3940 156 23 truchement
2413 3940 58 23 d'un
2483 3939 162 24 hebdomadai-

2153 3975 29 16 re
2199 3967 108 29 illustré,
2325 3968 62 33 qu'il
2403 3975 18 16 a
2439 3968 84 23 décidé
2541 3970 79 26 quant
2638 3966 17 24 à

2153 3995 36 24 lui
2200 3997 31 22 de
2242 4002 124 22 proscrire
2377 3997 32 23 de
2418 4002 47 18 son
2475 3996 81 28 foyer.

2184 4024 96 23 Ancien
2295 4025 156 23 combattant
2467 4025 34 23 du
2516 4024 46 23 12e
2577 4024 32 23 de
2626 4023 19 23 li-

2151 4058 56 22 gne,
2215 4059 28 16 ce
2251 4053 76 23 brave
2335 4053 98 22 homme
2444 4059 32 16 ne
2487 4053 60 23 veut
2554 4057 47 23 pas
2608 4057 47 23 que

2153 4080 50 23 l'on
2230 4081 88 22 dresse
2337 4086 49 17 son
2414 4080 114 29 petit-fils
2569 4081 86 22 contre

2152 4108 83 24 l'idéal
2253 4115 65 22 pour
2346 4109 80 28 lequel
2453 4109 20 22 il
2500 4108 62 23 s'est
2574 4108 80 22 battu.

2153 4145 13 13 e
2176 4137 66 23 Chez
2251 4143 72 22 nous,
2332 4143 64 18 nous
2407 4136 98 28 êcrit-U,
2516 4142 63 17 nous
2589 4141 54 18 som-

2152 4172 53 17 mes
2214 4165 129 29 flarnands,
2354 4165 64 25 mais
2428 4171 50 17 non
2486 4164 168 29 flamingants,

2152 4200 51 22 car,
2219 4194 156 28 croyez-moi,
2398 4199 64 17 nous
2485 4192 119 23 exécrons
2625 4198 29 17 ce

2151 4228 78 22 genre
2249 4223 32 22 de
2300 4222 113 27 citoyens
2433 4226 95 18 comme
2547 4221 35 22 du
2601 4220 43 28 poi-

2151 4256 47 16 son
2211 4258 22 15 >.

2183 4278 36 23 Or
2233 4278 71 28 donc,
2318 4277 24 23 le
2356 4276 120 29 petit-fils
2490 4277 31 23 de
2534 4282 30 18 ce
2577 4276 76 23 brave

2152 4306 98 23 homme
2267 4305 89 24 achète
2373 4305 98 28 parfois
2494 4310 37 17 un
2554 4303 99 24 illustré

2152 4334 96 23 destiné
2257 4340 52 16 aux
2319 4332 101 29 enfants
2431 4334 26 22 et
2466 4332 44 29 qui
2518 4331 134 25 s'intitule:

2153 4369 12 14 e
2180 4362 145 22 Robbedoes
2338 4368 23 19 t,
2374 4367 29 17 ce
2414 4360 43 29 qui
2470 4360 55 23 doit
2537 4360 116 28 signifier

2152 4396 31 16 en
2193 4389 111 29 français
2315 4396 13 14 «
2338 4388 146 23 L'Ecureuil
2494 4396 13 13 >
2517 4389 27 22 et
2554 4394 32 17 en
2595 4387 49 23 wal-

2152 4418 42 22 lon
2208 4425 14 14 e
2235 4418 36 22 Le
2284 4416 91 29 Spirou
2388 4424 22 15 >.
2423 4416 36 23 Et
2472 4417 74 22 notre
2558 4421 84 18 corres-

2151 4445 119 29 pondant,
2279 4452 32 16 en
2320 4445 84 28 jetant
2413 4451 35 16 un
2459 4450 62 23 coup
2533 4444 65 23 d'œil
2608 4449 45 18 sur

2151 4476 40 21 cet
2211 4473 199 27 hebdomadaire,
2421 4479 19 17 a
2466 4478 35 17 vu
2529 4471 61 30 qu'il
2609 4478 33 17 an-

2152 4502 100 28 nonçait
2261 4508 35 17 un
2306 4507 114 17 nouveau
2428 4500 132 29 feuilleton
2569 4508 13 14 «
2592 4500 60 23 dont

2152 4531 23 22 le
2188 4530 63 28 fond
2265 4529 93 24 semble
2372 4529 144 28 pernicieux
2536 4529 27 22 et
2585 4528 57 23 belli-

2152 4564 81 23 queux
2243 4563 64 23 pour
2316 4557 27 23 la
2352 4556 74 25 santé
2435 4556 128 23 nationale
2573 4564 23 16 >.

2181 4587 37 22 Le
2227 4586 51 28 fait
2287 4587 40 22 est
2337 4592 49 22 que
2394 4592 30 17 ce
2430 4584 131 29 feuilleton
2570 4584 82 29 parait

2151 4620 64 22 pour
2226 4614 24 23 le
2261 4613 80 24 moins
2353 4612 101 29 déplacé
2464 4613 64 23 dans
2539 4619 36 17 un
2585 4613 58 28 jour-

2152 4642 42 23 nal
2205 4643 118 22 amusant
2335 4641 17 24 à
2363 4642 96 27 l'usage
2470 4642 44 22 des
2526 4641 78 28 petits
2612 4647 29 17 en-

2151 4670 79 28 fants,
2244 4670 24 23 si
2282 4675 65 17 nous
2362 4676 32 18 en
2408 4670 107 27 jugeons
2530 4675 47 22 par
2592 4668 61 24 Van-

2152 4704 78 18 nonce
2243 4697 74 29 qu'on
2330 4704 33 18 en
2374 4697 51 29 fait
2436 4699 28 22 et
2476 4698 61 23 dont
2549 4697 66 24 voici
2628 4697 24 22 la

2152 4726 143 24 traduction
2312 4729 9 10 *

2181 4774 24 23 A
2219 4774 81 28 partir
2313 4774 31 24 de
2357 4773 27 24 la
2396 4773 108 24 semaine
2519 4772 132 29 prochaine

2151 4802 112 29 paraîtra

2269 4830 86 24 LODE
2367 4829 171 24 ENKAREL

2181 4857 73 24 Deux
2264 4859 87 27 jeunes
2363 4864 63 23 gens
2437 4857 131 23 Flamands
2580 4862 60 22 pren-

2152 4891 59 18 nent
2224 4888 59 27 part
2296 4886 17 24 à
2334 4887 24 22 la
2379 4887 65 22 lutte
2471 4886 46 23 des
2544 4884 107 29 grandes

2153 4921 139 16 communes
2309 4915 146 22 Flamandes
2470 4914 86 23 contre
2570 4912 25 23 la
2610 4913 31 22 do-

2153 4944 120 21 mination
2287 4943 139 22 Française.

2182 4971 35 23 Le
2231 4971 76 23 vieux
2320 4971 78 27 Gand,
2413 4967 163 26 rnrmortelle
2589 4967 53 23 Bru-

2153 5005 51 23 ges,
2215 5000 23 23 le
2249 5000 116 28 puissant
2375 4999 99 22 Anvers
2483 4998 26 23 et
2516 4995 128 23 Bruxelles

2154 5028 25 23 la
2193 5028 81 23 vieille
2289 5027 106 28 capitale
2409 5027 34 23 du
2456 5024 118 27 Brabant,
2588 5029 64 17 nous

2154 5056 36 23 les
2201 5062 95 22 voyons
2309 5061 61 18 sous
2381 5060 47 17 nos
2439 5059 67 23 yeux
2517 5058 28 17 se
2557 5052 86 23 redres-

2153 5091 48 17 ser.

2184 5112 36 23 La
2231 5111 84 24 vieille
2340 5112 28 23 et
2393 5109 63 24 libre
2475 5107 107 24 Flaritire
2600 5113 44 18 res-

2155 5140 93 24 suscite
2265 5140 8 23 !

2184 5169 102 27 Chaque
2302 5172 93 24 garçon
2408 5163 127 27 Fiarnanti,
2558 5163 94 28 chaque

2156 5196 86 23 fillette
2258 5194 135 24 Flamande
2414 5193 95 23 votidra
2524 5191 70 23 vivre
2616 5190 38 24 les

2156 5226 132 22 aveirtures
2299 5224 31 23 de
2341 5222 86 24 LODE
2437 5221 47 23 EN
2493 5219 119 24 KAREL.

2186 5252 24 23 A
2223 5252 81 28 partir
2317 5251 30 23 de
2361 5251 25 24 la
2399 5248 108 26 semaine
2520 5247 134 29 prochaine

2157 5280 62 23 dans
2233 5287 13 14 <
2260 5279 145 23 Robbedoes
2417 5285 24 16 >.

2201 5327 39 23 Or
2252 5326 88 25 devins
2365 5324 74 30 après
2465 5324 68 24 cette
2558 5329 112 19 annonce

2671 3521 63 23 dans
2745 3521 58 28 quel
2815 3521 78 29 esprit
2904 3527 57 17 sera
2972 3526 78 22 conçu
3060 3526 30 17 ce
3098 3519 63 29 feuil-

2672 3549 68 23 leton
2756 3549 81 24 donné
2851 3556 32 16 en
2899 3549 90 29 pâture
3002 3555 52 16 aux
3069 3548 104 29 enfants

2671 3578 28 22 et
2707 3578 82 28 quelle
2799 3577 148 29 impression
2956 3577 20 23 il
2984 3577 58 28 fera
3049 3582 46 18 sur
3103 3576 69 23 leurs

2670 3605 88 28 jeunes
2768 3612 129 17 cerveaux.
2906 3605 138 28 Autrefois,
3051 3604 37 24 les
3098 3604 73 24 héros

2672 3634 31 22 de
2712 3641 29 16 ce
2751 3640 77 22 genre
2836 3635 32 22 de
2877 3632 143 25 littérature
3028 3632 143 29 faisaient...

2673 3670 13 13 «
2700 3662 37 23 Le
2751 3664 58 21 tour
2821 3662 35 23 du
2868 3662 89 23 monde
2970 3661 59 23 d'un
3041 3660 87 29 gamin
3139 3661 33 23 de

2672 3690 72 23 Paris
2760 3698 22 16 >.
2796 3689 174 29 A»jour<i"nu»,
2982 3689 34 23 ils
3031 3689 57 28 font
3101 3690 32 23 de
3146 3689 25 23 la

2672 3718 127 28 politique,
2808 3720 28 21 et
2847 3718 25 23 la
2881 3717 55 29 pire
2946 3717 44 29 qui
2999 3717 58 23 soit.

2701 3747 36 22 Et
2747 3748 73 21 notre
2830 3746 195 28 correspondant
3035 3745 136 28 d'ajouter:

2673 3781 13 14 e
2701 3775 89 27 Quand
2801 3775 64 23 donc
2875 3774 67 24 cette
2961 3779 87 23 presse
3068 3773 94 24 catholi-

2672 3809 48 22 que
2732 3802 111 23 va-t-elle
2854 3808 84 17 cesser
2950 3802 31 23 de
2993 3801 111 24 détruire
3116 3803 55 23 tout

2672 3831 135 22 sentiment
2823 3830 71 28 belge
2910 3830 64 23 dans
2989 3829 74 24 l'âme
3077 3831 33 23 de
3125 3836 46 17 nos

2672 3858 78 29 petits
2767 3858 14 23 T
2810 3858 31 23 Je
2854 3865 32 16 ne
2900 3858 54 23 sais
2966 3857 25 25 si
3004 3858 26 23 2a
3041 3858 77 23 chose
3133 3859 39 23 est

2673 3888 94 26 exacte,
2776 3886 64 23 mais
2848 3886 21 23 H
2878 3886 85 28 parait
2972 3893 50 26 que
3031 3886 25 23 le
3065 3886 69 28 siège
3142 3887 30 22 de

2673 3921 28 17 ce
2715 3914 100 29 journal
2828 3916 39 21 est
2881 3914 17 23 à
2911 3914 149 23 MarcmeUe.
3089 3915 33 22 Je
3149 3915 25 23 le

2673 3943 110 27 regrette
2794 3948 64 22 pour
2869 3942 36 23 lui
2917 3943 27 22 et
2955 3941 98 24 déclarf
3064 3948 30 18 sa
3105 3944 69 21 mort

2673 3970 63 23 dans
2748 3975 58 18 mon
2818 3971 75 27 foyer
2905 3977 24 17 ».

2703 3999 81 22 Chose
2794 3998 121 28 curieuse,
2924 4004 33 18 en
2969 3997 68 30 effet,
3043 3998 26 23 le
3075 3999 97 28 compte

2672 4026 32 24 de
2717 4026 107 28 chèques
2838 4027 108 28 postaux
2960 4027 62 22 dont
3035 4026 20 24 U
3069 4028 39 23 est
3122 4026 51 29 fait

2674 4053 54 24 état
2739 4054 63 24 dans
2813 4055 26 22 la
2849 4055 142 23 manchette
3001 4056 32 22 de
3042 4061 30 18 ce
3083 4063 14 14 e
3109 4055 54 23 Rob-

2672 4082 90 24 bedoes
2773 4090 13 13 >
2798 4083 73 27 porte
2881 4082 153 24 l'indication
3044 4082 60 25 d'un
3113 4088 58 18 nom

2672 4111 44 28 qui
2730 4112 40 22 est
2783 4104 58 29 bien
2854 4111 32 23 de
2898 4111 60 23 chez
2971 4116 72 17 nous.
3064 4110 66 24 Mais
3143 4116 30 18 ce

2672 4139 65 22 n'est
2747 4145 46 22 pas
2803 4138 53 24 cela
2865 4150 34 5 —
2907 4145 35 17 au
2951 4138 126 24 ccinrraire
3085 4151 34 5 —
3128 4145 45 17 «tii«

2672 4166 92 23 rendra
2780 4167 55 27 plus
2852 4167 176 29 sympathique
3050 4173 30 18 ce
3103 4167 70 23 drôle

2671 4193 140 30 d'écureuil,
2823 4201 29 17 ce
2862 4195 122 28 singulier
2996 4203 14 14 t
3021 4195 87 28 spirou
3119 4202 14 15 >
3145 4196 26 22 ef

2671 4228 47 17 son
2728 4222 210 29 flamingantisme
2951 4223 135 23 insinuant.

2983 4250 55 25 G1L
3050 4250 92 24 BLAS.

3284 3161 21 19 e,
3315 3156 72 20 avant
3400 3155 28 21 de
3439 3160 59 16 nous
3510 3161 127 19 prononcer
3646 3160 44 17 sur

3280 3186 29 14 ur
3322 3180 145 26 stratégique
3483 3181 124 24 d'échange
3621 3180 28 21 d»
3665 3180 26 22 la

3188 3205 127 26 péninsule.
3593 3205 30 22 S.
3632 3205 29 22 P,

3359 3270 157 11 —
3607 3253 84 60 >a.

3207 3319 49 33 Les
3269 3322 63 36 jeux
3346 3319 33 34 de
3391 3318 29 34 la
3434 3330 17 20 «
3467 3320 170 38 purification
3652 3330 19 20 »

3214 3385 47 21 Les
3276 3385 62 22 fêtes
3354 3385 28 20 de
3398 3385 25 21 la
3437 3385 99 21 victoire
3567 3385 38 25 qui
3623 3386 55 18 dure-

3189 3415 50 16 ront
3253 3410 61 20 deux
3328 3410 65 25 jours
3410 3410 78 24 pleins,
3504 3411 40 20 ont
3560 3409 127 19 commencé

3189 3434 172 21 officiellement
3378 3433 64 25 Jeudi
3459 3434 87 20 minuit.
3567 3433 49 21 Des
3633 3432 57 21 rteux

3187 3458 43 20 ont
3242 3458 38 20 été
3291 3457 98 21 allumés
3400 3459 18 21 à
3429 3463 27 16 oe
3471 3462 98 15 moment
3582 3461 42 16 sur
3637 3458 53 19 tous

3189 3482 32 19 les
3239 3486 109 16 sommets
3363 3482 32 19 du
3410 3486 59 21 pays
3483 3486 58 20 pour
3555 3480 134 25 symboliser

3188 3505 24 20 la
3225 3505 149 24 purification
3387 3505 30 21 de
3434 3506 127 24 l'Eepag-ne.

3217 3531 21 18 A
3258 3530 96 22 Madrid,
3372 3530 35 19 les
3425 3529 58 22 fêtes
3502 3531 40 19 ont
3559 3528 80 21 revêtu
3656 3532 35 16 un-

3190 3553 69 26 triple
3279 3553 119 21 caractère
3420 3558 7 17 :
3447 3553 113 24 militaire,
3578 3552 111 26 religieux

3190 3578 24 20 et
3231 3578 169 25 diplomatique.

3204 3636 35 33 Le
3254 3636 110 39 général
3379 3636 102 32 Franco
3495 3639 43 28 est
3552 3634 141 34 décorer.»'

3218 3703 75 24 Après
3308 3703 66 21 avoir
3389 3702 49 25 pris
3454 3701 67 25 place
3536 3701 57 20 dan»
3609 3701 25 19 la
3647 3698 33 21 tri-

3189 3726 61 21 bune
3267 3727 107 20 officielle
3391 3731 57 18 pour
3463 3725 95 20 assister
3573 3730 32 15 au
3621 3723 69 20 défilé

3191 3752 28 20 de
3235 3751 24 20 la
3275 3750 106 24 Victoire,
3413 3750 23 21 le
3454 3749 93 25 général
3568 3747 90 21 Franco
3674 3750 17 16 a

3191 3780 52 19 reçu
3258 3775 41 20 des
3313 3775 74 19 mains
3401 3774 30 20 du
3446 3773 94 25 général
3553 3772 87 22 Vsj<ela,
3655 3771 35 20 les

3191 3799 101 24 insignes
3317 3798 30 20 de
3359 3799 25 19 la
3399 3796 148 26 grand-croix
3559 3795 87 21 Laiirée
3661 3795 30 20 de

3191 3823 171 22 St-FYrdinand,
3393 3827 29 15 en
3438 3821 107 25 présence
3560 3820 43 20 des
3617 3818 74 25 difr.ti»

3192 3841 70 27 taires
3277 3846 30 21 de
3323 3848 38 19 cet
3376 3846 73 19 ordre.

3219 3871 32 19 Le
3265 3870 169 25 gérjéralisshTie
3446 3874 17 14 a
3476 3868 36 20 été
3523 3867 65 21 salué
3601 3871 43 21 par
3657 3868 34 19 les

3192 3895 162 19 acclamations
3370 3892 167 22 enthousiastes
3552 3892 30 20 de
3599 3888 26 23 ia
3638 3891 43 20 fou-

3192 3918 27 21 le.

3218 3943 32 18 Le
3264 3945 68 22 corps
3364 3940 161 25 diplomatAcjue
3543 3943 32 17 au
3592 3938 100 27 complet

3191 3966 83 20 assiste
3290 3969 37 16 au'
3351 3964 69 21 défilé
3435 3965 30 19 de
3480 3965 25 19 la
3519 3963 108 21 Victoire.
3657 3963 34 20 Le

3191 3990 115 19 maréchal
3335 3989 86 22 Pétain,
3461 3988 165 19 amr-assadeuT
3662 3988 30 19 de

3192 4014 93 23 France,
3303 4015 38 18 est
3357 4018 30 15 ea
3405 4013 87 23 grande
3511 4011 83 23 tenue,.
3626 4011 66 20 Dans

3192 4039 22 18 la
3230 4038 96 22 tribune,
3341 4041 32 15 on
3389 4040 118 20 remarque
3525 4036 128 24 également
3670 4036 22 19 1.

3193 4061 136 25 grand-vizir
3349 4061 32 20 du
3397 4060 80 20 Maroc
3497 4059 116 26 espagnol,
3632 4058 60 21 ainsi

3191 4090 43 20 que
3250 4086 34 20 les
3299 4085 95 24 évêques
3411 4085 29 20 de
3455 4084 92 20 Mtaxarid
3562 4086 25 18 et
3603 4083 90 21 d'Alca-

3193 4111 26 17 :a.

3219 4133 61 20 Face
3291 4136 32 16 au
3334 4131 175 26 gétréralit-eirme,
3521 4136 25 15 se
3558 4132 80 19 trouve
3649 4136 44 16 son

3192 4156 88 27 épouse,
3295 4156 59 20 ainsi
3370 4161 46 20 que
3431 4160 30 16 sa
3475 4156 48 19 fille
3540 4155 153 24 Cartmendta,

3192 4181 74 20 toutes
3282 4181 60 19 deux
3355 4182 43 19 ont
3412 4180 35 20 les
3461 4183 63 22 yeux
3539 4179 62 21 fixés
3614 4184 43 16 sur
3669 4179 23 21 ls

3192 4205 92 24 général
3301 4204 96 20 Franco.

3195 4252 67 25 (Voir
3273 4251 61 21 suite
3347 4256 29 16 en
3390 4252 135 19 «Dernières
3538 4252 157 23 Nouvelles»),

2891 4343 125 44 Jolis
3045 4341 251 52 matelots,
3318 4345 27 39 ô
3365 4344 98 51 gué

2692 5253 119 21 Plusieurs
2825 5254 93 20 navires
2930 5254 31 20 «le
2974 5259 83 20 guerre
3070 5254 54 21 sont
3137 5255 85 21 ancrés
3239 5256 87 21 «levant
3343 5258 137 23 New-York,
3498 5260 17 20 à
3530 5259 122 21 l'occasion
3668 5259 30 21 de

2749 5278 155 25 l'Exposition,
2918 5279 26 20 et
2958 5280 22 19 le
2995 5279 74 24 public
3086 5279 39 20 est
3139 5280 80 20 admis
3234 5281 17 20 à
3269 5282 35 20 les
3322 5282 87 22 visiter.
3428 5283 52 21 Une
3496 5285 82 24 troupe
3595 5284 29 20 de
3640 5284 58 25 girls

2750 5303 60 20 était
2824 5303 88 20 admise
2926 5303 137 20 récemment
3078 5303 18 21 &
3109 5303 57 21 bord
3179 5304 35 21 du
3229 5312 14 14 x
3258 5306 132 23 New-York
3405 5314 14 15 »
3433 5310 26 20 et
3473 5308 127 26 l'équipage
3613 5309 31 20 du
3658 5314 32 15 na-

2750 5329 48 19 vire
2810 5328 31 21 de
2852 5333 82 20 guerre
2948 5328 54 21 n'en
3014 5328 85 21 semble
3112 5333 44 21 pas
3170 5330 141 22 mécontent.
