4395 6038
1973 244 27 22 •«
2015 243 130 22 NATION
2160 243 108 23 BELGE
2283 249 20 20 »,
2318 243 30 21 11
2362 241 93 23 MARS
2468 241 76 23 1935.'

4241 247 40 16 w-

248 332 389 89 Petite
676 332 701 105 Chronique

1406 322 69 91 Le
1502 330 19 83 t
1522 326 249 89 roisième
1800 322 227 103 congrès
2058 324 65 89 de
2150 322 49 91 la
2230 322 65 91 Ce
2302 322 167 91 ntrale
2500 320 263 105 politique-
2776 320 67 89 de
2866 324 123 99 jeun
2992 344 129 69 esse

271 493 110 22 Bulletin
392 491 209 27 météorologique
612 492 34 21 da
657 493 29 21 10
697 498 76 16 ma».

277 520 157 25 L'anticyclone
455 519 114 22 maintient
606 526 39 15 son
681 523 72 18 centre
775 520 27 20 de

248 547 76 21 788"*.*
338 553 40 15 sur
393 548 21 20 U
430 546 108 25 Norvège.
553 547 49 20 Une
616 546 132 25 dépression,
763 547 37 24 qui

247 581 24 15 se
288 581 74 15 creuse
382 581 38 14 sur
439 575 19 19 le
477 574 109 23 Portugal,
606 580 23 14 se
646 574 87 24 déplace
751 579 49 14 vers

248 602 20 21 le
284 601 68 24 Nord.
369 601 46 22 Elle
429 601 98 24 pourrait
544 600 119 21 influencer
679 600 86 21 demain
781 600 19 20 lc

249 628 46 23 Sud
300 629 74 21 -Ouest
399 628 29 20 du
455 633 58 20 pays.

276 655 62 21 Nous
353 655 116 21 observons
486 661 24 14 ce
526 654 68 21 matin
611 654 37 22 des
665 657 60 17 vents
744 652 55 21 forts

248 682 28 21 de
293 681 103 24 Sud-Est,
412 687 28 14 un
457 681 40 20 ciel
516 681 69 21 serein
603 685 22 16 et
641 680 37 21 des
695 679 95 24 tempéra-

247 712 60 18 tures
325 708 92 21 voisines
436 708 26 20 de
478 718 28 4 —
508 708 11 20 5
539 707 83 24 degrés.

277 735 79 24 Temps
382 733 100 26 présumé
513 741 6 14 :
545 739 61 16 vents
632 733 26 21 de
683 732 69 21 Nord-
755 732 45 22 Est,

247 762 55 21 beau
323 762 14 22 à
358 767 106 18 nuageux,
485 767 87 15 menace
594 760 27 21 de
641 760 61 23 neige
722 765 37 14 sur
780 759 19 20 le

249 789 52 24 Sud,
315 788 65 26 froid,
392 788 60 25 gelée
465 791 104 17 nocturne
580 787 26 21 de
617 797 28 5 —
646 787 12 20 5
671 784 20 24 à"
696 796 29 5 —
726 786 25 20 10
763 784 27 22 de-

246 815 59 27 grés.

278 842 40 22 Les
339 841 156 26 températures
522 847 7 14 :
552 841 36 20 12°
608 841 13 20 à
641 839 78 24 Alger;
742 838 23 20 7°
786 844 13 14 a

248 869 136 24 Reykjavik;
400 869 23 19 5°
437 870 14 21 b,
465 869 80 22 Rome;
561 868 24 19 0°
599 867 13 20 à
627 866 53 20 Oslo
692 869 21 16 ct
729 864 68 24 Riga;

247 906 28 5 —
278 889 21 28 ï*
314 896 14 21 à
345 894 129 23 Stockholm,
489 895 75 22 Tartu,
580 892 102 23 Londres,
697 891 102 24 Hclsing-

249 923 60 24 fors;
328 932 28 5 —
357 922 23 21 2°
401 923 13 20 à
435 921 115 23 Budapest,
571 919 153 25 Copenhague;
745 928 29 5 —
775 919 24 19 3°

248 950 14 21 à
283 948 76 24 Paris;
378 959 36 5 —
413 948 19 21 1°
451 948 14 20 à
486 947 94 23 Vienne;
601 956 28 4 —
631 946 23 20 5"
674 946 13 20 à
709 945 90 23 Prague,

249 975 118 24 Bruxelles,
388 974 100 23 Ostende,
509 974 54 20 Brée
583 975 21 18 et
623 971 103 23 Utrecht;
746 981 30 5 —
775 973 24 18 6*

247 1003 15 22 à
279 1002 95 24 Chimay,
393 1001 80 23 Berlin,
490 999 117 24 Varsovie;
624 999 53 19 —S*
693 1000 14 20 à
722 998 76 21 Berne.

432 1033 151 23 Observations
608 1039 8 14 :

248 1062 126 23 Baromètre
490 1061 74 20 1025.9
584 1060 36 20 mb
639 1062 21 18 et
682 1059 52 24 (769
737 1061 32 10 mm
772 1060 23 20 5)

248 1090 154 24 Température
420 1087 117 21 maximum

248 1115 153 22 Temr-érature
413 1114 110 21 minimum

248 1142 114 23 Humidité

249 1169 47 23 Eau
314 1168 107 22 recueillie

250 1196 110 22 Direction
383 1195 29 20 du
436 1197 50 18 vent

247 1223 86 21 Vitesse
345 1222 30 21 du
387 1224 49 18 vent

249 1250 85 21 Heures
350 1248 27 21 de
394 1247 60 22 soleil

248 1275 139 22 Déclinaison

249 1302 66 23 Soleil
338 1308 8 16 :
365 1302 58 20 lever
440 1301 13 20 6
472 1299 21 22 h.
512 1300 39 24 07;
568 1300 93 20 coucher
681 1300 24 19 17
724 1299 22 21 h.
765 1300 32 19 38.

249 1330 60 21 Lune
335 1335 7 14 :
362 1327 93 22 coucher
476 1328 10 19 1
508 1327 21 20 h.
551 1327 38 23 16;
611 1327 58 19 lever
690 1327 13 19 8
723 1327 21 19 h.
764 1327 34 19 47.

248 1356 73 21 Haute
334 1361 48 15 mer
401 1361 7 14 :
425 1353 94 22 Ostende
532 1354 13 19 4
575 1353 22 21 h.
613 1354 25 19 12
652 1356 21 17 et
689 1353 25 19 16
729 1353 21 20 h.
765 1353 34 19 45.

282 1379 10 26 '.
302 1392 31 5 —
421 1380 86 22 Anvers
526 1381 12 19 7
556 1377 23 24 h.
598 1381 25 19 19
641 1383 22 17 et
681 1380 25 20 19
725 1379 22 24 h.
764 1380 35 19 41.

556 1429 34 21 M.
606 1428 112 25 Adolphe
732 1428 67 23 Max,

247 1459 148 24 bourgmestre
410 1457 28 21 de
456 1456 118 25 Bruxelles,
589 1462 13 13 a
621 1456 34 20 été
671 1455 60 21 élevé
748 1456 13 20 à
779 1455 20 19 la

247 1485 82 25 dignité
346 1485 27 20 de
388 1483 136 26 grand'eroix
540 1483 26 20 de
582 1483 21 20 la
621 1482 80 24 Légion
718 1481 70 21 d'Hon-

247 1518 61 16 neur.

760 1086 38 21 0°9

732 1122 29 6 —
762 1114 35 19 6*1

694 1139 26 20 79
739 1145 21 18 p.
780 1146 18 13 c.

735 1166 25 20 0"
761 1167 22 10 ,m
785 1167 13 19 0

639 1191 160 23 Est-Nord-Est

718 1220 12 20 5
743 1226 29 13 m.
786 1220 11 19 7

748 1247 12 19 7
777 1246 20 20 h.

657 1272 58 21 9°17'
731 1272 67 21 Oucsi

403 1568 72 20 Dans
489 1567 37 21 les
542 1566 92 21 Ordres
650 1565 148 20 Nationaux.

256 1598 4 4 '
278 1595 64 23 Selon
361 1594 31 21 les
409 1594 76 21 ordres
504 1593 29 21 du
552 1593 48 24 Roi,
620 1593 19 20 le
658 1592 97 20 ministre
774 1591 26 20 de

249 1623 22 22 la
293 1622 96 20 Défense
409 1620 114 22 Nationale
544 1626 13 14 a
578 1619 65 20 remis
663 1625 29 14 au
712 1617 88 25 général

250 1649 101 23 «Cabrera,
369 1647 150 22 commandant
538 1646 25 21 de
581 1646 79 21 l'Ecole
677 1645 123 24 supérieure

252 1676 26 21 de
297 1675 83 21 Guerre
398 1674 26 21 de
443 1673 95 24 Madrid,
557 1679 27 14 en
602 1672 87 20 mission
710 1677 26 15 en
755 1670 38 21 Bel-

252 1703 65 25 gique
337 1702 32 20 les
391 1701 95 24 insignes
507 1700 27 21 de
556 1700 22 20 la
598 1698 158 21 commanderie
778 1698 26 20 de

252 1729 88 22 l'Ordre
353 1728 26 21 de
392 1727 93 24 Léopold
491 1733 7 18 ;
511 1733 30 14 au
553 1725 149 21 commandant
715 1725 88 23 Alonzo,

250 1756 93 25 adjoint,
357 1756 31 20 les
403 1754 94 25 insignes
512 1753 109 21 d'officier
636 1752 26 21 de
676 1751 87 22 l'Ordre
778 1752 25 20 de

250 1783 22 21 la
294 1782 125 24 Couronne;
440 1787 29 14 au
490 1780 106 24 capitaine
616 1780 98 19 aviateur
735 1778 67 20 Fran-

249 1810 103 24 chomme,
374 1813 55 20 po.ur
448 1807 97 25 l'exploit
565 1806 103 24 accompli
691 1812 25 14 en
740 1805 52 21 réali-

248 1839 49 19 sant
316 1837 21 20 la
354 1835 78 21 liaison
451 1834 111 24 Belgique-
564 1833 73 24 Congo
655 1836 22 17 et
696 1838 54 18 pour
769 1832 31 21 les

249 1863 94 21 services
366 1861 80 22 rendus
468 1861 15 22 à
506 1860 110 21 l'aviation
639 1859 108 25 militaire,
771 1859 31 20 les

248 1890 95 25 insignes
364 1887 111 23 d'officier
494 1887 28 21 de
542 1886 88 21 l'Ordre
651 1886 27 21 de
699 1886 101 24 Léopold.

360 1938 69 20 Tour
441 1937 39 21 les
492 1935 104 21 enfants
610 1936 45 21 des
670 1934 133 22 chômeurs

611 1962 36 21 du
669 1960 133 26 Borinage.

277 1991 32 22 La
331 1991 86 21 Maison
435 1990 40 21 des
493 1988 116 25 Invalides,
630 1994 51 15 sous
702 1989 20 20 le
742 1988 60 20 Haut

248 2018 122 24 Patronage
383 2017 27 21 de
425 2017 23 21 la
463 2016 68 22 Reine
548 2015 109 22 Elisabeth
673 2018 22 18 et
709 2015 22 20 la
748 2015 43 20 Pro-

249 2045 86 23 tection,
361 2050 50 15 sous
436 2044 21 21 le
483 2043 61 21 Haut
570 2043 121 23 Patronage
717 2042 26 20 de
769 2041 32 21 M.

248 2071 98 25 Adolphe
362 2071 60 23 Max,
438 2070 131 24 organisent,
583 2075 30 15 au
628 2069 68 25 profit
711 2068 39 21 des
764 2074 26 14 en-

248 2098 59 21 fants
324 2098 37 20 des
375 2097 114 21 chômeurs
503 2097 31 20 du
550 2096 115 24 Borinage,
680 2101 42 15 une
737 2094 53 27 plati-

248 2125 40 21 née
308 2124 27 21 de
356 2124 51 24 gala
427 2119 48 25 au*
479 2122 95 22 Théâtre
596 2122 38 21 des
656 2121 103 24 Galeries,
781 2121 19 20 le

248 2153 13 19 6
278 2151 56 21 avril
350 2150 109 25 prochain.
478 2150 32 22 La
526 2149 81 21 section
623 2148 134 24 dramatique
773 2147 26 21 de

248 2178 21 21 la
283 2177 122 22 Protection
418 2184 15 18 y
447 2176 142 25 interprétera
602 2176 21 20 la
637 2175 117 24 spirituelle
767 2180 23 14 re-

247 2211 44 15 vue
317 2210 7 16 :
347 2204 102 21 Ouvrons
470 2203 102 24 l'Hcyscl.
593 2203 42 20 due
654 2204 14 21 à
686 2202 22 20 la
728 2201 72 25 plume

248 2232 68 21 alerte
336 2231 27 21 de
384 2230 32 21 M.
437 2230 83 21 Marcel
541 2229 100 21 Antoine.

276 2258 31 22 Le
330 2257 79 21 comité
432 2256 149 25 organisateur
604 2256 51 20 s'est
678 2254 75 21 assuré
777 2253 22 21 la

248 2284 152 26 participation
421 2283 30 21 du
474 2283 69 21 cercle
565 2282 74 21 choral
661 2281 90 24 Fidclio,
774 2280 27 21 de

250 2312 106 22 Wasmes,
382 2310 86 21 lauréat
494 2310 29 20 du
545 2309 106 23 Concours
677 2306 114 23 internatio-

248 2339 35 20 nal
301 2338 28 21 de
346 2337 113 21 Bruxelles
477 2336 27 22 de
523 2337 61 24 1931,
601 2342 28 14 en
644 2333 106 28 première
767 2334 22 20 di-

247 2364 77 22 vision.
339 2364 84 22 Fidclio
436 2367 84 21 compte
536 2364 40 19 110
590 2362 121 23 chanteurs,
726 2361 36 24 qui
776 2367 24 14 se

247 2391 147 25 présenteront
408 2397 27 14 en
449 2393 96 18 costume
558 2389 27 21 de
600 2389 84 20 mineur
697 2391 22 18 et
734 2388 56 21 inter-

249 2418 109 26 préteront
375 2420 62 18 entre
454 2420 74 18 autres
545 2416 21 21 le
583 2415 84 21 célèbre
682 2415 75 20 chœur
774 2414 26 20 de

248 2445 56 25 Riga
327 2451 7 15 :
355 2444 116 25 Germinal,
488 2443 30 21 où
536 2449 24 15 se
578 2441 86 22 déroule
683 2441 63 21 d'une
766 2440 33 21 fa-

248 2478 41 20 «çon
309 2471 121 26 poignante,
450 2471 21 20 le
491 2469 54 21 rude
566 2469 74 20 labeur
660 2468 29 20 du
709 2468 90 20 mineur.

277 2498 45 21 Nul
343 2498 66 21 doute
429 2503 42 19 que
492 2496 87 21 suivant
601 2501 26 15 en
648 2495 46 20 cela
714 2494 77 21 l'exem-

247 2525 36 25 ple
297 2531 41 20 que
353 2530 55 15 nous
422 2524 69 20 donne
505 2523 22 20 la
540 2522 68 22 Reine
620 2521 83 24 Astrid,
718 2527 29 14 un
762 2527 29 18 pu-

248 2552 43 21 blic
312 2551 118 21 nombreux
450 2556 28 15 ne
499 2556 24 14 se
541 2555 75 18 presse
636 2549 14 20 à
671 2550 55 19 cette
746 2547 57 22 belle

248 2578 161 21 manifestation
429 2577 57 21 d'art
504 2579 22 18 et
545 2575 27 21 dé
590 2575 89 22 charité.

278 2605 54 21 Prix
343 2604 38 21 des
393 2604 72 25 places
483 2609 7 15 :
504 2603 26 21 de
543 2603 12 20 5
568 2602 13 22 à
594 2603 27 20 30
635 2602 29 20 fr.

277 2631 103 21 Bureaux
399 2631 28 21 de
447 2629 92 22 location
563 2635 8 15 :
593 2629 36 21 An
649 2627 95 24 Hazard,
765 2627 35 24 47,

249 2662 39 17 rué
306 2659 38 20 des
362 2657 103 28 Fripiers,
482 2656 37 21 tél.
539 2655 109 24 12.88.65;
666 2654 20 21 A
704 2655 22 20 la
745 2654 46 20 Mai-

248 2692 40 14 son
306 2685 38 20 des
361 2683 116 24 Invalides,
496 2683 74 23 1244a,
586 2681 104 21 chaussée
706 2681 27 20 de
751 2679 42 21 Wa

251 2718 45 17 vre,
316 2711 38 21 tél.
375 2710 111 23 33.53.71;
507 2710 36 20 Au
564 2708 95 21 Théâtre
679 2708 38 21 des
739 2707 53 21 Gale-

249 2738 50 25 ries,
313 2737 78 26 téléph.
407 2736 103 22 12.04.07.

340 2787 35 22 Le
387 2785 94 22 conseil
491 2783 139 27 provincial
640 2784 36 21 du
686 2783 115 22 Brabant

241 2814 32 21 "se
291 2812 89 23 réunira
398 2812 77 24 mardi,
493 2813 16 20 à
526 2812 27 20 14
571 2811 29 24 h-,
617 2817 28 15 en
663 2810 82 21 session
763 2816 28 15 ex-

248 2839 150 22 traordinaire.
711 2857 4 3 .
748 2857 3 3 .

982 492 39 20 Au
1039 490 129 22 ministère
1184 491 33 21 de
1233 493 26 20 la
1275 491 103 22 Justice.

856 520 30 20 M.
901 519 63 22 Louis
979 518 77 24 Biaise,
1069 518 106 23 directeur
1188 524 27 15 au
1228 519 110 21 ministère
1350 519 27 20 de

828 547 20 20 la
864 546 88 25 Justice,
968 545 75 20 atteint
1062 552 37 18 par
1116 546 20 19 la
1153 545 67 21 limite
1237 546 67 24 d'âge,
1321 546 57 20 vient

829 574 26 20 de
868 572 89 24 prendre
971 578 24 14 sa
1009 572 93 20 retraite.
1118 572 31 21 En
1164 579 41 13 une
1218 573 160 20 manifestation

829 599 25 20 de
868 598 124 25 sympathie,
1007 598 55 21 MM,
1077 598 65 23 Ernst
1156 599 26 20 de
1197 598 70 22 Bruns
1268 598 67 26 wyck,
1348 606 22 13 se-

827 625 91 21 crétaire
932 625 100 24 général.
1037 629 22 17 ct
1076 625 72 24 Siron,
1163 626 105 20 directeur
1284 626 94 24 général,

828 655 37 17 ont
884 651 82 21 retracé
982 657 25 14 sa
1023 652 95 21 carrière
1135 652 26 21 de
1178 653 26 19 45
1222 657 39 16 ans
1280 653 26 21 de
1322 658 47 15 com-

827 679 52 24 plet,
885 678 140 21 dévouement
1041 679 13 21 à
1071 678 194 22 r.idministnition.

966 731 35 21 Le
1016 731 172 25 bourgmestre
1203 732 32 21 de
1250 732 129 21 Bruxelles

828 763 13 14 a
860 763 57 18 reçu,
934 763 54 18 pour
1005 764 25 14 sa
1048 758 74 21 Caisse
1141 759 37 20 des
1197 759 101 22 Pauvres,
1315 758 27 21 de
1360 758 20 20 la

830 784 84 22 Société
934 784 105 21 Générale
1060 786 27 19 de
1108 785 108 25 Belgique,
1236 785 28 20 fr.
1283 784 69 24 4,000.

946 833 48 21 Les
1012 833 106 21 Amitiés
1135 833 247 25 Belgo-Roumaines,

828 863 138 20 groupement
983 860 85 24 préside
1084 866 39 18 par
1139 861 19 20 le
1171 864 70 17 ■comte
1259 860 78 20 Carton
1355 860 25 21 de

831 887 77 23 Wiart,
928 887 100 20 ministre
1049 887 79 23 d'Etat,
1149 893 13 14 a
1184 887 68 20 donné
1274 893 38 14 son
1333 887 49 23 gala

830 914 78 19 annuel
932 920 26 13 en
982 913 152 22 collaboration
1158 920 51 14 avec
1232 913 150 20 l'Association

829 940 37 20 des
883 940 93 20 Anciens
994 940 146 22 Combattants
1159 940 108 20 roumains
1286 939 95 21 résidant

829 973 26 13 en
878 966 107 25 Belgique.

855 992 71 25 Après
947 999 40 15 une
1007 992 97 21 audition
1123 992 25 21 de
1168 993 75 20 chants
1263 993 116 22 roumains,

826 1019 82 21 donnée
927 1026 39 18 par
985 1020 52 20 Mlle
1056 1019 118 24 Cïrésîano,
1194 1026 66 14 venue
1278 1019 91 24 spéciale-

828 1050 57 17 ment
903 1046 26 21 de
948 1047 67 22 Paris,
1033 1052 29 14 un
1079 1046 34 20 bal
1132 1046 91 20 termina
1242 1046 20 20 la
1280 1046 69 21 soirée
1367 1045 11 20 à

830 1073 89 24 laquelle
939 1073 122 20 assistaient
1089 1075 129 18 notamment
1254 1073 19 19 le
1309 1072 72 25 prince

831 1100 77 23 Ghika,
930 1100 97 19 ministre
1048 1099 28 20 de
1099 1099 132 23 Roumanie;
1255 1099 57 20 MM.
1336 1098 36 20 Mû-

831 1127 36 22 ris,
888 1126 151 20 ambassadeur
1059 1125 37 21 des
1117 1125 127 22 Etats-Unis
1252 1132 5 16 ;
1280 1125 102 24 Gassary,

828 1152 98 20 ministre
951 1153 25 20 de
999 1151 67 21 l'Iran
1073 1158 8 18 ;
1106 1151 19 21 le
1151 1152 116 20 lieutenant
1292 1151 87 24 général

828 1179 26 21 R.
871 1179 80 20 Pontus
959 1185 5 17 ;
981 1178 18 21 le
1014 1178 79 21 colonel
1109 1179 77 23 Aerts;
1202 1178 30 21 M.
1249 1179 61 20 R.-C.
1326 1178 54 20 Pen-

826 1211 70 19 nesco,
913 1205 109 24 président
1039 1205 37 20 des
1096 1205 147 20 Combattants
1261 1205 116 21 roumains.

977 1254 40 20 TJn
1037 1253 58 26 gala
1113 1253 123 25 classique
1255 1253 16 21 à
1289 1252 95 22 Patria.

859 1281 29 21 Le
907 1281 80 20 samedi
1008 1282 24 18 16
1052 1286 63 17 mars,
1133 1281 14 21 à
1164 1281 13 19 3
1196 1281 84 23 heures,
1298 1281 31 20 les
1347 1287 25 14 ar-

828 1310 60 18 tistes
904 1308 26 20 de
945 1308 21 20 la
981 1307 26 21 G.
1021 1307 25 25 Ç,
1061 1307 27 20 A.
1103 1306 25 22 T.
1142 1307 43 24 qui,
1201 1307 74 24 depuis
1294 1308 24 20 10
1334 1314 45 16 ans,

829 1335 91 20 donnent
939 1334 37 20 des
994 1334 115 24 spectacles
1127 1334 124 24 classiques,
1270 1334 100 24 représen-

830 1364 69 17 teront
914 1367 26 14 en
955 1361 21 20 la
993 1360 57 21 Salle
1066 1360 74 21 Patria
1156 1361 185 23 le,.che--d'œu.vre
1357 1361 25 20 de

829 1388 20 24 J.
866 1387 80 21 Racine
961 1387 151 25 Britamiicus,.
1132 1387 29 22 Le
1178 1388 46 20 rôle
1242 1388 140 24 d'Agrippine

829 1420 47 14 sera
898 1413 51 25 joué
971 1420 39 18 par
1032 1414 58 20 Mme
1113 1414 80 20 Bianca
1216 1414 68 20 Conta
1309 1414 72 23 Boine,

827 1441 21 20 la
863 1440 138 24 tragédienne
1017 1440 48 21 bien
1081 1447 93 17 connue;
1192 1441 54 20 celui
1263 1441 26 20 de
1306 1440 73 21 Néron

826 1473 40 19 par
877 1467 31 21 M.
920 1467 73 21 Pierre
1006 1467 72 22 Boine,
1090 1467 29 21 du
1131 1466 94 21 Théâtre
1238 1467 66 20 Sarah
1319 1467 64 20 Bern-

830 1494 71 25 hnrdt,
919 1494 54 20 Mlle
992 1493 145 22 Anna-Marie
1157 1494 110 21 Ferrières
1288 1493 95 25 (Junie).

831 1521 56 20 MM.
909 1521 85 20 Gazeau
1016 1521 82 27 Oleffe,
1121 1521 108 24 Berghhes
1250 1524 22 17 et
1292 1520 90 24 Jeanine

832 1547 72 21 Laude
927 1547 151 24 compléteront
1086 1562 3 3 ■
1100 1552 54 16 cette
1176 1547 144 21 distribution.
1342 1546 31 21 Lo-

829 1574 45 21 tion
893 1580 6 15 ;
915 1574 74 20 Patria
1004 1578 21 17 et
1039 1575 33 24 53,
1087 1581 39 14 rue
1140 1575 87 23 Royale.

1058 1623 113 21 Autobus
1192 1623 26 21 et
1239 1622 143 25 tramways.

859 1651 19 21 A
891 1650 61 21 dater
965 1651 29 21 du
1009 1651 60 20 lundi
1086 1652 23 19 11
1126 1656 57 15 mars
1200 1650 59 23 1935,
1273 1649 24 20 1'.'
1300 1649 81 23 change

830 1677 39 21 des
888 1678 191 23 correspondances
1099 1681 32 17 est
1150 1676 68 21 admis
1237 1679 60 17 entre
1316 1674 21 21 la
1357 1675 14 20 li-

830 1711 41 17 gne
890 1705 112 20 d'autobus
1020 1704 75 20 urbain
1112 1703 44 22 BU
1174 1707 20 16 et
1212 1703 30 20 les
1259 1703 67 23 lignes
1345 1708 26 13 ur-

830 1732 73 20 baines
925 1732 37 20 des
983 1732 126 22 Tramways
1129 1730 123 20 Bruxellois
1271 1729 36 24 qui
1326 1728 45 21 croi-

830 1762 47 17 sent
890 1764 28 14 ou
931 1758 125 24 prolongent
1069 1758 20 19 la
1102 1755 105 28 première
1220 1759 21 17 et
1255 1755 126 21 vice-versa.

859 1785 41 21 Les
918 1790 119 19 voyageurs
1052 1784 71 20 munis
1138 1783 27 20 de
1181 1782 70 21 billets
1267 1788 54 18 pour
1338 1785 33 17 tra-

830 1812 33 24 jet
877 1812 67 20 direct
957 1812 49 24 plus
1019 1809 179 25 correspondance
1212 1809 14 21 à
1242 1810 9 19 1
1268 1808 29 21 fr.
1314 1809 24 19 15
1353 1815 27 13 ou

832 1840 10 19 1
862 1838 29 21 fr.
907 1840 27 19 40
952 1837 92 21 délivrés
1061 1843 38 14 sur
1116 1837 30 19 les
1164 1836 68 24 lignes
1249 1835 37 20 des
1305 1835 64 20 Tram-

830 1872 59 17 ways
906 1865 129 23 Bruxellois,
1055 1864 85 19 doivent
1159 1863 105 24 acquitter
1283 1868 29 14 un
1332 1868 39 17 sup-

831 1892 92 26 plément
941 1891 27 21 de
985 1892 13 19 0
1017 1891 27 20 fr.
1062 1891 25 19 35
1108 1889 148 24 représentant
1273 1888 24 21 la
1312 1888 58 20 diffé-

830 1925 62 14 rence
908 1922 60 17 entre
985 1918 19 20 le
1021 1916 48 25 prix
1086 1916 27 21 du
1130 1916 59 21 billet
1206 1922 53 19 pour
1277 1916 20 20 le
1313 1915 67 24 trajet

830 1945 68 21 direct
913 1945 47 24 plus
976 1943 182 24 correspondance,
1170 1943 26 20 de
1212 1943 20 19 la
1248 1942 56 23 ligne
1321 1942 49 21 d'au-

830 1973 61 20 tobus
908 1971 44 21 BM
971 1971 40 24 (fr.
1031 1970 57 22 1.50)
1109 1973 22 17 et
1149 1969 19 21 le
1186 1969 50 25 prix
1253 1969 51 20 d'un
1320 1969 60 20 billet

834 2005 52 18 pour
908 1997 65 24 trajet
995 1997 67 20 direct
1084 1996 48 25 plus
1153 1995 181 25 correspondance
1357 1995 25 21 de

831 2027 25 19 2e
873 2025 67 21 classe
955 2024 26 21 T.
998 2024 24 20 B.
1041 2023 41 25 (fr.
1100 2023 68 23 1.15).

1014 2073 37 21 Le
1071 2072 99 25 Collège
1189 2072 45 21 des
1253 2070 128 23 Médecins

830 2102 26 21 de
880 2100 182 25 l'agglomération
1086 2099 129 21 bruxelloise
1238 2105 13 14 a
1275 2097 106 22 constitué

830 2134 39 15 son
891 2129 82 19 bureau
997 2133 82 14 comme
1103 2126 43 21 suit
1169 2132 54 18 pour
1247 2126 31 20 les
1301 2124 80 21 années

836 2155 118 20 1935-1936
987 2159 6 15 :
1020 2152 116 26 président,
1162 2152 124 25 professeur
1313 2151 69 22 Henri

831 2181 83 25 Coppez
921 2188 7 16 ;
950 2180 177 24 vice-présidents
1154 2186 7 14 :
1183 2180 57 20 MM.
1258 2179 31 20 A.
1310 2178 72 20 Fallas

830 2212 21 17 et
871 2209 26 21 R.
919 2207 122 21 Fernandes
1047 2213 6 18 ;
1075 2206 116 21 secrétaire
1226 2205 87 25 général
1347 2205 34 20 Dr

832 2235 69 21 Raoul
924 2234 75 21 Tîteca
1005 2239 7 19 ;
1034 2232 210 25 secrétaire-adjoint
1272 2238 6 15 :
1302 2232 33 20 Dr
1354 2231 28 22 .E.

829 2260 220 22 Daubresse-Morelle
1055 2266 7 19 ;
1080 2260 102 20 trésorier
1206 2266 6 14 :
1232 2260 33 20 Dr
1282 2258 97 21 Maurice

827 2288 84 21 Kaisin.

405 2888 153 25 Romdenne,
573 2886 50 25 100,
636 2891 47 16 rue
698 2885 103 26 Royale,

250 2914 41 23 fait
318 2912 100 29 toujdbrs
439 2915 39 21 les
503 2916 71 20 beaux
600 2914 119 21 vêtements
746 2919 55 19 pour

249 2943 95 24 enfants,
363 2941 110 23 Première
491 2941 141 21 Communion
650 2940 103 24 Fillettes,
761 2944 39 18 etc.

342 2991 70 22 Mort
423 2992 59 20 d'un
494 2990 84 23 soldat
588 2991 34 21 de
632 2989 108 25 Léopold
752 2990 49 21 1er.

257 3021 5 5 '
278 3019 32 22 M.
327 3019 100 23 Léonard
443 3018 76 24 Stiers,
537 3017 32 24 né,
582 3020 15 20 à
615 3016 194 28 Budingen^leô*

249 3047 45 21 mai
308 3046 53 21 1843
375 3045 125 21 demeurant
508 3050 34 15 an
553 3047 73 18 centre
639 3044 27 20 de
676 3046 58 18 cette
745 3039 64 28 cojii-.

249 3079 66 15 muse
331 3072 60 21 vient
407 3072 30 21 de
452 3071 90 21 mourir.
560 3070 33 21 M.
612 3070 77 21 Sfiers"
696 3069 57 21 était
771 3066 38 25 vin-,

240 3099 86 22 ^ancien
341 3098 73 22 soldat
428 3098 29 21 de
471 3097 95 25 Léopold
580 3097 43 20 1er.
640 3093 19 23 Il
675 3096 59 22 avait
750 3101 51 18 reçu

250 3133 27 14 en
297 3126 60 25 1930,
375 3125 32 21 les
423 3124 82 26 palmes
523 3124 47 21 d'or
588 3123 27 21 de
632 3124 9 19 l
642 3123 5 14 !
648 3123 70 21 Ordre
737 3122 26 21 de
780 3122 27 20 la-

251 3153 119 21 Couronne.
388 3155 12 17 ■',
410 3162 4 3 -
429 3168 3 3 .

460 3200 53 21 Bes
531 3198 164 22 sous-marins
713 3195 96 24 danois'

633 3225 17 21 à
666 3225 136 20 Bruxelles.

278 3254 50 22 Une
342 3254 79 22 flottile
434 3253 27 22 de
473 3252 141 22 sous-marins
628 3251 30 21 du
672 3250 129 25 Danemark,

250 3288 51 14 sous
315 3282 20 20 le
349 3280 181 22 commandement
544 3280 29 20 du
586 3278 106 25 capitaine
699 3278 32 21 -de
744 3278 48 20 vais-

251 3307 53 22 seau
323 3307 138 25 Wolfhagen,
481 3306 49 21 fera
550 3312 43 15 une
613 3305 63 22 visite
696 3304 106 21 offi-cielle

253 3336 30 21 du
318 3335 28 20 26
380 3334 58 21 avril
473 3339 30 15 an
540 3334 37 20 1er
612 3332 45 21 mai
692 3331 111 25 prochain,

250 3364 15 21 à
285 3361 119 24 Bruxelles,
423 3361 15 21 à
456 3359 114 22 l'occasion
590 3358 27 22 de
636 3357 166 25 l'inauguration

252 3395 26 15 «ne
291 3387 145 25 l'Exposition
449 3386 137 22 Universelle
600 3388 22 18 et
637 3384 166 22 Internationale

250 3415 27 21 de
292 3414 120 24 Bruxelles,
427 3414 21 21 le
463 3414 27 20 27
504 3413 56 21 avril
574 3415 23 18 et
611 3412 30 20 du
655 3409 93 27 pavillon
763 3417 28 14 na-

250 3442 67 22 tional
331 3441 29 21 du
375 3439 133 25 Danemark,
522 3440 22 20 le
558 3440 27 20 29
600 3438 63 22 avril.

280 3468 31 24 La
331 3468 87 21 flottille
436 3473 25 15 se
475 3472 126 18 composera
618 3465 31 21 du
666 3464 74 21 narvire
759 3467 34 18 ate-

250 3495 42 21 lier
309 3495 85 21 Henrik
413 3493 84 22 Gérner
517 3493 89 24 (bateau
624 3492 27 21 de
669 3491 123 21 commande-

252 3520 68 25 ment)
338 3525 23 17 et
374 3521 39 21 des
427 3520 142 21 sous-marins
584 3517 104 26 Dryadcn
702 3516 101 27 Daphnè,

251 3549 66 26 Rota,
336 3548 105 21 Galaihea
458 3550 23 18 et
500 3546 82 21 Triton.

336 3597 36 23 Le
389 3595 59 27 gala
463 3595 34 24 de
512 3595 27 22 la
554 3599 87 22 presse
656 3592 149 22 bruxelloise

280 3624 32 22 La
330 3624 103 20 direction
450 3623 27 20 de
492 3623 22 20 la
531 3621 102 21 Monnaie
650 3624 88 21 apporte
754 3615 57 25 tous'

254 3657 36 14 ses
311 3650 64 21 soins'
392 3650 14 21 â
428 3650 22 20 la
472 3648 82 24 reprise
576 3648 26 21 de
626 3653 13 14 «
647 3647 82 21 Norma
737 3652 21 18 »,
780 3652 24 14 ce

249 3677 159 26 .chef-d'œuvre
430 3675 27 22 de
481 3674 78 22 Bellini
581 3674 37 25 qui
641 3674 35 20 n'a
699 3673 48 24 plus
770 3672 34 21 été

248 3703 128 26 ■représenté
398 3704 14 21 à
434 3702 112 21 Bruxelles
568 3700 75 24 depuis
666 3700 60 20 1885.

281 3730 30 21 Ce
326 3729 107 26 spectacle
450 3728 103 24 complété
570 3733 39 19 par
624 3727 22 21 la
662 3726 96 21 création
775 3725 28 21 du

255 3757 66 21 ballet
347 3757 39 20 des
413 3761 13 15 €
435 3753 113 27 Sylphides
556 3760 21 18 »,
604 3753 27 21 de
658 3753 89 24 Chopin,
771 3755 34 18 est

253 3782 97 22 annoncé
366 3788 55 19 pour
435 3782 21 21 le
472 3780 104 22 mercredi
594 3781 25 19 13
635 3785 67 15 mars.
719 3779 19 20 Il
755 3784 48 15 sera

252 3810 65 25 digne
331 3815 27 15 en
372 3813 49 17 tous
435 3808 71 27 points
521 3807 37 21 des
573 3806 61 26 galas
649 3806 26 21 de
688 3806 23 20 la
726 3806 77 20 Presse

254 3835 136 22 bruxelloise.

284 3862 54 21 Prix
360 3862 39 21 des
421 3861 71 25 places
504 3867 8 15 :
536 3859 111 22 Fauteuils
669 3858 137 23 d'orchestre,

249 3888 133 26 ■baignoires,
398 3888 93 25 premier
506 3893 56 18 rang
577 3886 26 21 de
617 3886 83 22 balcon.
717 3885 27 20 80
761 3884 29 20 fr.
797 3890 6 17 ;

255 3915 112 22 deuxième
388 3920 56 19 rang
465 3914 26 21 de
512 3914 82 23 balcon,
617 3913 27 20 70
668 3911 10 21 f
679 3918 17 14 r.
703 3918 7 18 ;
733 3914 73 17 autres

255 3946 72 21 rangs,
347 3942 28 20 60
394 3941 11 21 f
405 3947 18 15 r.
430 3947 6 18 ;
455 3942 108 23 parquets,
583 3939 27 21 50
630 3938 11 21 f
641 3945 17 14 r.
665 3944 7 18 ;
691 3940 114 22 parterres,

255 3969 27 21 35
298 3969 43 24 fr.;
357 3966 124 24 deuxièmes
495 3967 27 20 de
536 3965 55 25 face,
608 3966 26 20 30
652 3965 42 24 fr.;
711 3965 12 20 Z
725 3966 9 10 m
750 3966 56 25 jarlg

249 3994 118 22 ■deuxième
383 3994 27 21 de
427 3994 55 25 face,
499 3994 27 20 20
542 3993 10 21 f
553 3999 17 14 r.
577 3999 6 17 ;
601 3990 123 22 deuxièmes
739 3990 66 24 loges,

257 4023 27 20 25
308 4021 43 25 fr.;
373 4020 121 22 troisièmes
517 4019 27 21 de
566 4018 50 23 face
628 4037 3 3 .
639 4017 85 21 dernier
745 4022 62 18 rang,

257 4050 26 20 10
300 4048 43 25 fr.;
358 4047 121 22 troisièmes
493 4046 65 25 loges,
574 4045 25 21 15
615 4048 23 18 et
654 4045 26 20 10
696 4043 81 21 francs.

457 4096 40 20 An
512 4092 71 27 lycée
600 4093 33 23 de
650 4091 157 22 Saint-Gilles

284 4122 96 26 Samedi,
416 4122 52 21 s'est
495 4124 89 18 ouverte
613 4126 43 14 une
685 4117 121 26 fancy-fair

254 4150 112 25 organisée
380 4155 40 19 par
434 4149 31 20 les
481 4147 71 22 élèves
568 4149 23 19 et
605 4146 113 21 anciennes
733 4144 72 22 élèves

255 4177 30 22 du
306 4177 60 24 lycée
388 4175 27 22 de
437 4173 139 25 Saint-Gilles
597 4179 29 15 au
647 4172 68 27 profit
735 4171 27 22 de
783 4171 22 21 la

255 4204 84 22 Bourse
360 4202 38 21 des
417 4201 84 23 Livres.
515 4220 3 3 .

283 4228 133 24 L'initiative
435 4228 38 21 des
492 4227 77 25 jeunes
587 4225 112 25 lycéennes
717 4231 14 14 a
750 4230 44 15 rem-

255 4255 63 27 porté
337 4261 30 15 un
385 4254 46 22 très
449 4254 68 25 grand
536 4253 75 21 succès
637 4255 22 18 et
685 4258 43 14 une
746 4250 60 21 foule

255 4282 127 22 nombreuse
403 4287 14 15 a
437 4280 80 22 circulé
537 4280 53 20 dans
611 4279 31 21 les
662 4278 77 21 locaux
743 4303 7 6 ^
760 4282 37 15 sco-

257 4309 67 22 laires
348 4306 154 23 transformés'
518 4312 27 15 en
570 4306 81 21 stands.
678 4303 73 22 Parmi
776 4303 31 21 les

255 4334 156 28 personnalités
428 4334 108 25 présentes
554 4331 20 23 à'
584 4332 136 23 l'ouverture,
737 4330 69 21 citons

255 4362 60 22 MM.'
330 4360 110 26 Diderich,
456 4360 147 24 bourgmestre
621 4358 25 21 de
655 4355 138 25 Saint-Gilles
799 4362 7 18 ;

257 4389 76 21 Hanse
356 4391 22 18 et
401 4387 115 24 Petitjean,
547 4385 100 22 echevins
654 4391 6 17 ;
692 4383 59 21 Mme
773 4383 35 20 De

258 4414 181 24 Ridder-Barzen,
463 4412 84 26 préfète
570 4411 29 21 du
622 4410 66 25 lycée.
700 4407 7 10 '

284 4441 60 21 Avec
361 4447 30 14 un
409 4439 53 25 goût
478 4438 97 22 extrême
592 4437 86 22 avaient
696 4436 35 21 été
748 4435 47 21 amé-

256 4467 67 26 nagés
341 4467 72 21 divers
430 4471 77 19 rayons
524 4464 36 25 qui
578 4467 49 18 tous
643 4463 67 21 firent
727 4465 79 18 recette

257 4497 23 18 et
304 4492 118 22 donnèrent
445 4491 137 22 satisfaction
605 4491 14 21 à
642 4490 21 21 la
687 4489 59 21 foule
770 4488 37 21 des

257 4521 82 20 clients.

551 4567 38 20 La
611 4564 97 22 Société
730 4563 78 26 Belge

257 4596 46 21 des.
317 4594 129 22 Urbanistes
467 4596 23 18 et
513 4592 132 21 Architectes
666 4590 142 22 modernistes

254 4623 62 21 .vient
333 4621 27 22 de
364 4627 4 5 '
375 4621 119 22 constituer
501 4626 48 14 -son
565 4618 80 22 conseil
661 4623 55 19 pour
732 4617 66 21 l'exer-

254 4645 60 25 cice"
322 4648 62 26 1935,
400 4653 51 16 sous
468 4647 23 21 la
507 4645 125 26 présidence
649 4644 28 22 de
695 4643 32 22 M.
743 4643 22 28 J.
782 4642 25 23 F.

258 4675 94 21 Hoeben.
385 4695 4 4 .

345 4709 11 43 I
369 4723 36 21 Le
419 4720 110 23 Théâtre
541 4721 65 21 dans
620 4720 38 21 les
673 4718 134 25 Hôpitaux,

257 4757 51 17 fons
320 4750 21 21 la
353 4749 126 26 présidence
493 4748 26 22 de
533 4748 31 20 M.
577 4748 49 20 Van
639 4745 95 25 Obbegh,
747 4745 26 21 de
785 4745 22 21 la

258 4776 109 25 Monnaie,
382 4782 14 15 a
412 4775 70 22 donné
497 4781 44 14 une
555 4774 46 21 fête
616 4773 14 22 à
645 4771 96 25 l'hôpital
751 4771 57 25 ,civil

257 4803 107 24 d'Ixelies,
381 4802 95 21 donnant
493 4800 56 22 ainsi
566 4806 44 15 aux
625 4797 143 27 hospitalisés'
778 4803 29 16 un

257 4836 41 19 peu
318 4829 26 21 de
362 4828 45 26 joie
424 4831 23 19 et
464 4828 27 21 de
508 4827 103 21 bonheur.

266 4865 4 4 ■
286 4855 32 23 Le
334 4860 135 21 programme
482 4853 131 22 intéressant
628 4858 14 14 a
657 4851 104 22 enchanté
774 4850 34 21 les

257 4879 103 27 malades,
378 4881 91 25 lesquels
487 4883 39 18 ont
543 4879 88 25 marqué
651 4878 27 23 de
695 4878 61 20 ICurï
771 4883 29 19 ap-

258 4908 177 27 plaudissements
454 4909 48 20 tout
519 4906 48 21 leur
574 4906 174 20 "contentement.

288 4935 29 22 S>e
338 4937 48 18 sont
408 4933 42 22 fait
471 4932 179 22 successivement
671 4929 103 23 entendre
784 4931 6 17 1
801 4935 8 15 î

287 4957 61 25 Mine
371 4961 24 22 S.
416 4959 94 25 Andrée,
534 4959 29 21 du
584 4957 128 22 Vaudeville
718 4963 7 19 ;
749 4956 60 21 Mme

258 4987 87 25 Grevai,
364 4987 27 22 de
408 4985 133 23 l'Alhambra
547 4992 6 18 ;
573 4985 60 22 Mme
650 4984 95 21 Ramone
750 4989 7 18 ;
764 4981 7 6 *
777 4982 32 21 M.

259 5015 113 23 Santerre;
388 5014 31 21 M.
431 5011 88 26 Henry;
533 5011 160 25 M..Mauv:lle;
708 5010 32 21 M.
753 5009 55 21 Lan-

256 5038 116 27 gloisj-M.
384 5039 91 25 Peters,;
478 5038 30 23 du
520 5037 73 26 Priais
606 5036 76 26 d'Eté;
695 5037 35 21 M.
738 5035 71 22 Fran-

258 5067 73 21 chnax
341 5066 29 23 de
381 5066 23 21 la
417 5065 63 22 Gaité
492 5069 21 17 et
526 5065 32 21 M.
570 5064 91 25 Maricq,
674 5062 27 22 de
712 5062 97 25 la.Mon-

258 5093 50 22 aaie
308 5104 6 13 ;

255 5135 5 5 .
288 5118 139 25 L'orchestre,
445 5118 37 26 qui
501 5124 14 14 a
534 5117 69 22 donné
622 5116 31 22 les
671 5116 49 25 plus
738 5115 70 22 beaux

257 5151 117 17 morceaux
388 5145 28 22 de
430 5150 40 16 son
484 5143 118 26 répertoire
616 5143 55 22 était
685 5141 70 26 dirigé
768 5147 41 20 par

259 5172 33 22 M.
309 5171 87 26 Tytgat
442 5171 15 5 "
519 5168 11 29 ,'
549 5176 6 23 ;
572 5192 4 5 .
618 5176 5 4 '
640 5173 12 7 ''

499 5221 35 19 Le
556 5219 54 21 hall
632 5217 179 23 International

594 5246 32 20 de
640 5244 169 27 l'Exposition.

284 5274 36 22 Wa
339 5273 84 25 «Société
441 5273 28 22 de
485 5272 143 26 l'Exposition
645 5271 65 22 attire
727 5272 71 20 l'atten-

259 5301 45 21 tion
318 5300 38 21 des
370 5300 159 25 représentants
543 5299 37 21 des
595 5298 77 22 firmes
685 5297 124 26 étrangères

260 5327 150 22 ressortissant
424 5326 28 22 de
465 5332 57 19 (pays
537 5331 44 15 non
596 5324 163 22 officiellement
776 5330 24 15 re-

260 5353 111 27 présentés
388 5353 15 22 à
418 5351 143 26 l'Exposition
578 5357 39 16 sur
633 5350 21 23 lé
670 5351 52 21 Hall
740 5349 60 22 Inter-

259 5380 102 24 national,
378 5379 77 26 qu'elle
472 5385 13 15 a
498 5378 108 22 construit
622 5381 23 18 et
659 5377 37 26 qui
712 5383 48 15 sera
777 5376 22 22 in-

260 5409 141 18 cessamment
405 5401 5 7 '
418 5412 28 15 en
462 5405 53 22 état.
534 5404 31 22 Ce
580 5404 45 21 bail
642 5410 15 15 a
675 5404 37 21 des
729 5404 69 20 dimen-

260 5434 58 19 sions
334 5432 129 25 imposantes
477 5435 23 18 et
513 5431 16 22 il
543 5436 79 20 occupe
635 5436 30 15 un
680 5430 37 21 dés
730 5429 80 24 enr?la-

258 5463 94 18 cements
367 5459 34 21 les
416 5459 49 24 pius
482 5457 121 22 favorables
620 5457 26 20 de
660 5456 148 24 l'Exposition.

259 5486 26 23 11-
298 5485 89 22 réunira
402 5491 31 15 un
450 5484 106 22 ensemble
573 5483 29 21 de
617 5483 136 24 productions
772 5482 37 21 des

259 5513 80 25 parties
353 5512 32 21 les
398 5511 50 26 plus
463 5510 107 25 éloignées
584 5509 31 21 du
627 5507 85 23 monde.
727 5510 19 20 Il
760 5515 49 15 sera

260 5539 46 22 très
321 5540 112 23 attrayant
450 5543 40 20 par
507 5543 39 15 son
562 5535 110 22 caractère
689 5538 23 19 et
728 5534 40 27 par
785 5541 25 15 sa

260 5565 91 24 variété.

289 5592 42 22 Les
349 5590 116 23 intéressés
484 5592 92 23 peuvent
593 5588 85 23 obtenir
695 5590 49 20 tous
763 5595 36 14 ren-

262 5619 140 25 seignements
423 5617 64 22 utiles
506 5622 29 16 en
553 5622 28 15 ce
599 5615 38 27 qui
656 5620 104 16 concerne
779 5615 31 20 les

261 5647 118 23 avantages
397 5647 22 18 et
439 5643 33 22 les
478 5664 4 4 .
491 5642 121 23 conditions
633 5647 28 16 en
680 5641 81 21 s'adres
763 5645 47 17 vint

260 5677 30 16 •u
307 5670 59 26 siège
383 5670 27 22 de
425 5669 23 22 la
465 5668 85 25 Société
565 5668 29 23 de
611 5667 149 26 l'Exposition,
776 5667 34 26 51,

260 5704 84 16 avenue
359 5697 38 22 des
412 5695 61 29 Arts,
487 5697 16 22 à
520 5695 118 24 Bruxelles.

601 5744 37 21 Le
653 5742 159 23 mouvement

479 5771 45 21 des
530 5787 3 5 ,
548 5776 108 20 vapeurs
679 5767 134 27 congolais.

291 5798 160 23 VAnversvillc
458 5804 13 15 a
483 5798 71 26 quitté
566 5797 67 22 Borna
644 5797 21 21 le
676 5797 19 25 7,
702 5802 55 19 pour
767 5795 35 21 An-

261 5831 58 16 vers.
334 5826 29 22 Le
376 5824 100 23 Kabinda
489 5831 14 15 a
516 5823 69 27 quitté
600 5824 81 20 Matadi
696 5823 21 21 le
731 5823 13 21 6
757 5828 55 20 pour

263 5850 93 24 Anvers.
372 5851 33 23 Le
419 5850 147 27 LiopolivilU
582 5857 22 16 a-
612 5848 69 29 quitté
697 5848 117 26 Ténériffe

264 5879 21 21 k
298 5880 12 19 7
322 5884 56 21 pour
389 5878 21 22 k
422 5877 82 29 Congo.

987 2344 22 20 A
1020 2344 26 21 la
1058 2343 122 21 Chambre
1193 2342 32 21 de
1236 2342 144 22 Commerce

1193 2370 32 20 de
1244 2368 137 21 Bruxelles.

858 2398 32 21 La
915 2397 85 23 Section
1023 2396 136 22 d'Economie
1183 2396 106 24 Politique
1311 2394 27 22 de
1360 2395 22 20 la

829 2425 106 21 Chambre
953 2425 27 20 de
998 2424 123 20 Commerce
1139 2423 26 20 de
1183 2423 118 23 Bruxelles,
1319 2427 51 19 orga-

829 2452 54 25 nise,
899 2452 21 20 le
936 2450 103 22 vendredi
1058 2451 25 20 15
1102 2456 66 17 mars,
1186 2450 13 21 à
1218 2450 11 19 5
1248 2450 29 23 h.,
1293 2455 51 14 sous
1360 2448 21 20 le

828 2482 119 22 patronage
961 2478 29 20 du
1008 2477 81 21 Comité
1105 2477 38 20 des
1160 2475 150 25 Conférences,
1327 2475 54 21 dans

830 2511 35 15 ses
883 2504 84 24 locaux,
988 2510 32 15 au-
1036 2503 73 22 Palais
1130 2503 121 24 d'Egmont.
1271 2508 42 15 une
1332 2507 39 15 con-

830 2533 87 20 férence
934 2531 99 25 publique
1051 2530 26 21 de
1095 2530 31 22 M.
1145 2529 75 22 L.-Th.
1237 2528 76 25 Léger,
1321 2534 50 17 .avo-

832 2562 42 21 cat,
898 2558 167 21 administrateur
1090 2557 27 20 de
1141 2556 22 20 la
1188 2555 74 22 Caisse
1287 2555 86 20 Braban-

829 2591 67 18 çonne
914 2585 29 20 du
962 2584 57 21 Petit
1037 2583 74 21 Crédit
1130 2582 160 22 Professionnel
1310 2587 37 15 sur
1372 2587 7 14 :

827 2613 31 21 Le
870 2611 55 28 petit
939 2611 68 21 crédit
1019 2610 165 26 professionnel.

1177 2658 37 20 Le
1229 2657 56 25 cala
1300 2656 84 22 Grock

858 2687 33 23 La
908 2685 132 23 Fraternelle
1059 2686 37 21 des
1115 2685 131 22 Escadrilles
1266 2685 38 20 des
1312 2682 70 22 Autos

830 2714 95 21 blindées
946 2714 91 21 1914-18
1057 2712 83 21 célèbre
1159 2718 24 15 ce
1202 2711 85 21 mois-ci
1306 2710 65 21 l'anni-

832 2741 95 21 versaire
952 2740 30 21 du
1006 2739 83 21 combat
1112 2739 28 22 de
1164 2737 142 25 Reigersvliet
1331 2737 51 20 dont

830 2774 39 14 son
885 2767 95 26 drapeau
997 2770 60 21 porte
1074 2766 23 20 la
1113 2765 95 21 mention
1226 2768 21 17 et
1264 2764 45 21 fête
1326 2766 55 18 cette

830 2794 67 20 année
918 2800 39 14 son
976 2794 31 20 V*
1029 2792 152 21 anniversaire.
1203 2791 21 25 P
1231 2790 78 21 accord
1329 2795 52 15 avec

831 2821 20 20 le
872 2820 83 21 Comité
976 2819 29 21 du
1025 2819 127 20 Monument
1171 2824 29 14 au
1219 2817 33 21 roi
1272 2817 76 20 Albert
1368 2816 13 20 à

832 2848 78 23 l'Yser,
932 2847 41 21 elle
995 2852 18 17 a.
1030 2844 235 24 d'écidé—d'organiser.
1276 2849 39 14 m
1332 2842 50 24 gala

831 2874 71 21 Grock
920 2874 14 21 à
953 2872 140 24 l'Alhambra,
1112 2872 20 20 le
1150 2870 103 21 vendredi
1270 2870 27 20 29
1316 2875 65 16 mars.

829 2901 15 21 à
860 2901 16 23 S.
885 2894 281 33 hV:-^>-'Le7^bénéfic«vde
1180 2898 23 22 la
1203 2908 4 11 :
1218 2896 75 22 Soïréé-
1304 2896 40 21 h*a-
1354 2901 26 15 en

833 2930 68 23 partie
909 2930 53 17 -'au-
979 2926 82 21 .Fonds--'
1076 2924 64 22 dudit
1159 2926 127 18 monument
1308 2925 29 18 et
1355 2927 30 15 en

832 2954 69 24 partie
930 2954 15 20 à
974 2952 56 22 celui
1035 2952 54 25 „_.du
1119 2951 62 21 futur
1202 2949 114 22 Mémorial
1337 2954 46 14 aux

833 2980 141 22 Mitrailleurs
998 2978 83 22 tombés
1107 2984 28 14 au
1160 2977 76 25 champ
1259 2976 125 20 d'honneur.

858 3006 170 21 Contrairement
1041 3007 14 21 à
1069 3011 25 14 ce
1107 3003 37 26 qui
1158 3003 61 21 avait
1229 3001 39 23 été'
1277 3000 111 31 aûriôncé,_

826 3040 31 14 on
867 3040 32 14 -ne
906 3033 93 25 -jouera^
1006 3038 39 19 pas
1059 3032 20 20 le
1096 3031 91 20 «Chant
1202 3029 28 21 de
1244 3029 115 22 l'Alouette
1366 3034 21 14 »'

829 3060 55 20 mais
906 3060 53 21 cLa
978 3058 108 24 Divorcée
1093 3063 22 19 »,
1135 3057 21 30 ]a
1166 3077 3 5 ,
1176 3056 90 27 joyeuse
1286 3057 95 26 ccçterte

828 3087 29 20 de
871 3085 101 26 Kalma»,
985 3085 53 20 dans
1053 3083 99 26 laquelle,
1158 3082 105 23 le.clown
1277 3079 110 27 mu^ieien.

830 3113 71 22 Grock
920 3111 124 26 présentera
1063 3117 35 14 un.
1113 3109 117 22 intermède
1245 3108 79 22 inédit..
1341 3124 11 5 ,.
1383 3121 5 15 ;

858 3138 115 23 M.Albert
989 3137 92 25 Devèze,
1098 3132 98 26 ministre
1214 3135 25 21 de
1250 3132 27 25 Ja
1285 3131 96 23 Défense

830 3165 122 24 nationale;
962 3183 4 4 ,
973 3163 32 22 M:
1028 3164 61 23 Max,
1110 3164 146 23 bourgmestre
1277 3161 27 21 de
1327 3160 44 21 Bru-

831 3192 83 27 xelles,,
924 3191 127 21 assisteront
1070 3190 15 22 à
1100 3210 6 5 r
1105 3196 24 15 ce
1140 3189 73 25 .gala,
1220 3189 51 20 dont
1291 3187 22 23 le.
1329 3186 53 26 prix

830 3219 37 21 des
886 3218 72 25 places
977 3217 59 21 varie
1055 3219 60 18 entre
1135 3216 12 20 7
1166 3218 22 18 et
1207 3216 32 21 60.
1255 3214 79 21 francs.
1345 3215 6 17 ."

859 3245 36 21 On
915 3241 97 24 souscrit'
1028 3243 51 21 chez
1100 3242 57 24 MM,
1178 3241 105 25 Gauchez,
1303 3241 20 23 9,
1343 3244 39 18 rue

832 3271 126 22 Emmanuel
977 3271 51 20 Van
1046 3268 122 25 Driessche,
1188 3268 92 27 Ixelles;
1299 3266 24 21 C.
1334 3264 39 23 'Le-

832 3304 46 19 roy,
903 3299 21 22 4,
948 3296 104 21 chaussée
1059 3294 44 23 "de
1128 3294 69 22 Buda.
1223 3292 146 22 Haren-Nord
1375 3298 6 19 ;

832 3324 26 22 E.
884 3324 92 24 Coupez,
1001 3323 34 23 21,
1060 3328 39 15 rue
1121 3322 31 20 du
1178 3320 96 25 Charroi,
1299 3319 89 21 Forest..

833 3351 75 22 Prière
933 3351 27 20 de
982 3355 74 16 verser
1079 3348 21 21 le
1121 3350 99 18 montant
1243 3352 28 15 au
1295 3346 87 24 Compte

832 3376 196 26 chèques-costaux
1049 3381 23 16 n.
1095 3375 97 24 32,40,12
1216 3373 27 21 de
1265 3373 21 21 la
1308 3372 26 25 F.
1356 3371 27 22 E.

831 3406 27 20 A.
875 3405 26 22 B.
919 3405 15 20 à
949 3403 69 22 Gand.

831 3461 48 21 Les
897 3458 106 22 sociétés
1021 3457 166 27 provinciales
1205 3454 177 27 d'agricul«ture

830 3493 54 14 nous
901 3486 111 21 adressent
1030 3492 29 14 un
1075 3484 157 24 communiqué'
1242 3483 52 20 dans
1312 3482 68 25 lequel

830 3514 52 21 elles
900 3515 117 24 protestent
1035 3515 73 17 contre
1123 3511 22 20 la
1162 3510 110 20 réduction
1290 3509 28 20 du
1334 3508 38 22 cré-

831 3541 31 20 dit
877 3539 121 22 nécessaire
1014 3539 14 21 à
1044 3539 48 20 leur
1106 3537 114 21 existence.
1237 3536 58 22 Elles
1310 3535 62 25 signa-

831 3568 44 20 lent
892 3569 132 18 notamment
1040 3571 42 19 que
1087 3564 33 21 -la
1138 3563 111 23 réduction
1267 3562 30 21 du
1312 3562 69 22 crédit
1385 3566 3 11 :

834 3594 38 24 (50
886 3600 28 14 ou
930 3593 26 21 75
972 3600 20 18 p.
1005 3598 19 15 c.
1038 3598 40 18 par
1090 3593 88 23 rapport
1191 3591 13 20 à
1221 3590 63 20 1932)
1302 3588 69 22 entraî-

831 3621 69 20 nerait
917 3620 22 20 la
958 3619 127 24 disparition
1103 3618 47 21 des-
1159 3617 90 20 comices
1267 3619 23 18 et
1308 3618 73 18 autres

831 3647 133 25 organismes
990 3645 103 25 agricoles
1119 3644 96 21 officiels
1240 3643 37 24 qui
1302 3648 14 14 e
1323 3642 59 20 n'ont

832 3674 59 21 cessé
913 3674 28 20 de
962 3673 66 20 lutter
1051 3670 101 26 jusqu'ici
1174 3676 55 19 pour
1251 3670 20 20 le
1293 3668 88 26 progrès

831 3705 22 18 et
868 3701 21 21 le
903 3699 105 22 bien-être
1024 3698 26 21 de
1065 3698 175 25 l'agriculture».
1255 3699 14 9 "
1302 3695 15 12 ■
1329 3712 6 5 .

1045 3754 53 21 Des
1118 3751 113 23 officiers
1251 3750 133 26 espagnols

1077 3780 18 21 à
1114 3781 90 19 l'Ecole
1223 3779 32 20 de
1273 3778 108 21 Guerre..

859 3809 50 22 Une
929 3808 88 22 mission
1038 3807 101 21 militaire
1158 3806 120 25 espagnole,
1298 3810 74 18 compo-

832 3836 37 21 sée
892 3836 30 21 du
944 3835 89 26 général
1058 3834 107 21 Martinez
1189 3833 101 22 Cabrera,
1314 3831 58 21 direc-

833 3867 48 17 teur
904 3862 27 21 de
953 3861 80 22 l'Ecole
1055 3860 124 25 supérieure
1202 3859 26 22 de
1251 3859 82 21 Guerre
1355 3857 28 20 de

832 3885 94 28 Madrid,
943 3888 29 21 du
988 3886 150 22 commandant
1154 3885 146 24 d'état-major
1316 3884 56 21 Alon-

832 3922 26 15 zo
877 3922 39 14 son
934 3914 84 25 adjoint
1034 3917 23 18 et
1074 3914 29 20 du
1122 3912 149 22 commandant
1290 3911 92 22 Barroso

833 3949 14 18 y
866 3941 97 23 Sanchez
981 3941 89 24 Guerra,
1088 3939 87 22 breveté
1193 3937 146 25 d'état-major
1357 3937 26 21 de

833 3968 80 22 l'Ecole
927 3968 27 21 de
969 3967 82 22 Guerre
1067 3967 27 21 de
1110 3966 63 21 Paris
1190 3968 22 18 et
1227 3964 83 22 attaché
1326 3964 47 20 mili-

832 3996 54 21 taire
902 3994 50 25 près
967 3993 142 22 l'ambassade
1123 3992 127 25 d'Espagne,
1267 3997 23 15 se
1306 3994 76 17 trouve

834 4022 76 25 depuis
933 4021 100 26 quelques
1057 4021 62 24 jours
1143 4019 14 21 à
1181 4022 61 17 notre
1267 4017 64 21 Ecole
1355 4016 28 21 de

833 4049 89 21 Guerre.
943 4047 46 21 Nos
1008 4047 62 20 Hôtes
1091 4045 126 25 distingués,
1237 4043 64 26 après
1322 4043 61 21 avoir

833 4075 35 22 été
888 4081 62 17 reçus
969 4072 152 23 cordialement
1140 4078 40 19 par
1200 4072 20 20 le
1239 4071 98 20 ministre
1356 4070 26 20 de

832 4103 22 20 la
868 4101 97 21 Défense
979 4100 120 23 Nationale,
1113 4099 85 20 suivent
1211 4104 52 14 avec
1278 4103 42 15 une
1332 4096 50 21 vive

832 4128 104 22 attention
948 4127 32 22 les
992 4125 110 22 méthodes
1114 4125 179 24 d'enseignement
1306 4123 26 22 de
1344 4129 28 14 no-

833 4158 34 18 tre
891 4155 54 20 haut
970 4151 157 23 établissement
1152 4151 149 21 d'instruction
1327 4149 46 22 mili-

834 4182 56 22 taire
909 4187 28 14 en
956 4179 102 22 assistant
1079 4185 43 14 aux
1142 4178 116 21 différents
1278 4177 68 21 cours"
1363 4178 21 19 et

832 4212 94 18 travaux
945 4206 37 22 dés
1001 4205 101 22 officiers
1122 4204 77 24 élèves.
1206 4209 5 8 1

888 4257 69 21 Four
969 4256 38 21 les
1021 4253 174 26 exportateurs
1208 4252 34 21 de
1255 4250 127 26 dentelles,

1114 4279 75 21 tulles
1207 4280 27 20 et
1251 4277 133 22 broderies;

860 4310 32 21 La
909 4309 104 22 Chambre
1028 4307 98 25 yndkaîe
1141 4306 38 21 des
1195 4305 108 25 dentelles,
1309 4314 5 6 -
1319 4304 63 22 tulles

834 4341 22 17 et
870 4336 109 22 broderies
994 4341 54 14 nous
1064 4332 148 25 communique
1233 4338 7 15 :

861 4369 14 15 c
894 4362 75 24 Traite
986 4360 136 23 commercial
1140 4357 195 26 belgo-américaîn.
1354 4367 30 6 —

834 4390 40 22 Les
882 4389 115 21 .nouvelles
1012 4388 82 20 clauses
1109 4387 30 20 du
1154 4385 65 22 traité
1234 4386 108 20 entreront
1357 4389 26 15 en

832 4417 91 24 vigueur
938 4415 162 21 incessamment
1118 4412 168 26 (probablement
1301 4417 28 14 au
1345 4411 38 19 1er

835 4443 78 23 avril);
929 4442 33 22 La
979 4441 106 22 Chambre
1102 4439 112 25 syndicale
1227 4438 39 21 des
1273 4435 7 35 J
1284 4436 101 22 dentelles

833 4472 33 19 est
875 4469 105 21 heureuse
991 4467 128 21 d'annoncer
1128 4472 42 18 que
1181 4465 32 21 les
1224 4463 159 22 modifications

833 4500 28 17 au
880 4495 55 22 tarif
953 4493 117 22 américain
1087 4490 101 23 relatives
1205 4492 14 20 à
1237 4492 56 20 cette
1311 4489 63 21 indus-

834 4522 42 22 trie
891 4525 38 18 ont
945 4521 34 21 été
987 4531 4 4 ■
997 4520 128 26 pleinement
1139 4517 120 26 accordées,
1275 4516 64 25 grâce
1355 4522 28 14 au

835 4551 88 22 rapport
935 4546 100 28 présenté
1049 4546 15 21 à
1077 4545 142 24 Washington
1231 4550 41 18 par
1285 4543 32 21 M.
1330 4542 55 21 Paul

835 4575 93 24 Stokvis.
941 4580 39 15 son
993 4572 102 22 trésorier
1098 4572 52 21 -lors
1157 4572 32 20 'dé
1201 4573 39 18 son
1253 4568 75 26 séjour
1339 4574 45 15 aux

834 4599 129 24 Etats-Unis
979 4602 23 19 et
1008 4598 54 22 'aux
1078 4598 125 21 démarches
1219 4596 66 22 faites
1302 4595 28 21 ici
1344 4600 41 20 par

834 4633 39 16 son
886 4626 109 27 président
1009 4624 31 22 M.
1054 4624 49 23 Elie
1119 4623 96 24 Steveris;
1229 4629 14 15 »
1277 4638 8 4 -

1028 4674 69 21 Pour
1118 4674 70 25 loger
1208 4672 39 21 les
1267 4670 118 22 visiteurs

1160 4700 33 22 de
1215 4697 168 25 l'Exposition.

863 4728 152 26 L'Exposition
1039 4727 32 22 de:
1088 4726 113 22 Bruxelles
1213 4725 65 21 ,1935
1300 4730 14 15 a
1335 4723 49 21 créé

835 4762 29 15 un
877 4756 86 21 Bureau
978 4754 91 22 Officiel
1083 4753 27 21 dé
1122 4752 127 25 Logements
1262 4757 27 15 en
1302 4757 42 14 vue
1357 4750 27 21 de

835 4788 101 21 procurer
955 4787 44 16 aux
1019 4781 73 20 futurs
1111 4778 102 23 visiteurs
1232 4778 27 21 de
1277 4775 96 26 l'Exposi-

834 4809 53 26 tion,
905 4809 38 21 des
960 4808 117 24 logements
1095 4806 51 21 chez
1164 4806 32 20 les
1215 4804 141 25 particuliers:

825 4854 3 6 ,
840 4835 5 14 ;
863 4835 41 22 Les
925 4834 71 22 offres
1014 4833 144 26 -parviennent
1176 4831 46 21 fort
1241 4830 142 21 nombreuses.

825 4854 3 12 1
835 4862 43 22 Les
896 4866 116 20 personnes
1032 4859 37 26 qui
1089 4858 140 22 désireraient
1249 4860 79 18 mettt*c
1347 4856 37 21 des

835 4888 111 21 chambres
960 4886 106 22 meublées
1084 4888 13 21 à
1114 4886 22 20 la
1153 4884 125 25 «disposition
1295 4883 28 21 du
1342 4882 32 21 Bu-

836 4920 52 16 reau
903 4914 91 22 Officiel
1009 4913 26 21 de
1052 4913 133 24 Logements,
1194 4910 26 22 de
1235 4909 149 25 l'Exposition,

835 4943 49 20 sont
901 4941 137 20 instamment
1056 4938 70 26 priées
1145 4936 26 22 dé
1187 4943 28 15 ne
1232 4942 38 19 pas
1287 4934 97 23 ret'irder

836 4968 48 21 leur
899 4965 132 26 insérf«ption,
1041 4966 41 20 'de-
1095 4964 64 24 façon
1177 4971 14 14 a
1210 4965 115 23 permettre
1342 4967 43 15 une

825 4997 3 4 '
835 4993 147 26 organisation
990 5004 3 7 .
999 4991 76 26 rapide
1094 4994 22 19 et
1134 4995 42 17 une
1195 4989 127 26 répartition
1338 4987 36 22 mé-

835 5019 126 26 thodique."'
1309 5031 16 13 y
1331 5029 4 4 "
1362 5019 3 4 '

846 5046 49 22 «Le
912 5046 86 21 Bureau
1016 5044 91 23 Officiel
1125 5042 66 26 rcçîït
1207 5042 32 22 les
1256 5042 78 24 offre?,
1350 5041 35 25 51,

835 5079 82 16 avenue
931 5072 38 21 des
984 5072 58 24 Arts.
1058 5072 35 21 On
1107 5073 51 22 peut
1171 5069 69 22 écrire
1254 5075 40 21 ou,
1298 5074 23 15 se
1337 5066 38 28 pré-

837 5103 72 18 senter
929 5105 29 15 au
979 5098 44 21 dit-
1035 5097 91 25 Bureau,
1147 5095 85 27 guichet
1253 5095 29 21 du
1305 5093 80 22 rez-de-

836 5125 120 24 chaussée,.-
961 5124 26 21 de
1002 5124 13 22 9
1031 5124 13 21 à
1062 5124 29 20 12
1103 5123 21 21 h.
1140 5125 22 19 et
1176 5122 27 22 de
1218 5122 25 20 14
1259 5122 14 22 h
1286 5121 28 21 16
1328 5120 23 22 h.
1364 5120 21 21 te

836 5151 81 23 samedi
933 5150 132 26 après-midi'
1075 5148 95 25 excepté.

959 5200 36 19 La
1018 5198 41 22 Ue
1082 5195 147 27 Exposition
1254 5195 132 21 Nationale

1230 5222 35 21 du
1279 5221 107 22 Travail.

865 5254 32 22 La
919 5251 148 23 Commission;
1082 5249 107 22 nationale
1203 5254 62 20 'pour
1287 5248 21 21 la
1330 5247 47 21 dési-

837 5280 86 26 gnation
945 5279 37 21 des
1003 5278 79 23 doyens
1100 5276 40 21 des
1160 5275 87 22 métiers
1266 5274 73 25 belges
1359 5274 27 21 de

837 5305 142 26 l'Exposition
996 5303 109 22 nationale
1122 5302 29 21 du
1168 5301 97 25 Travail,
1283 5300 51 22 s'est
1352 5306 25 15 oc-

836 5333 66 26 cupée
916 5332 27 22 de
953 5331 110 22 Texamèn
1078 5329 37 22 des
1130 5328 92 21 dossiers
1239 5327 36 26 qui
1290 5327 31 21 lui
1338 5329 48 18 sont

836 5365 107 20 parvenus
963 5359 13 20 à
996 5364 24 14 ce
1039 5356 57 26 jour,
1115 5361 55 19 pour
1189 5353 140 22 l'attribution
1349 5353 37 21 des

837 5387 84 21 colliers
934 5385 119 21 d'honneur
1068 5383 27 21 de
1108 5382 80 24 doyens
1202 5380 53 21 dans
1268 5380 31 21 les
1313 5379 68 21 indus-

837 5413 53 22 tfies
906 5412 28 22 de
950 5410 124 25 céramique
1087 5411 23 19 et
1126 5406 113 23 verreries.

889 5461 35 21 Le
935 5460 86 22 XVUe
1034 5456 111 27 Congrès
1156 5456 32 21 de
1199 5456 27 21 la
1236 5454 150 22 Fédération

1051 5483 134 23 Nationale
1202 5482 46 22 des
1263 5482 31 22 U.
1311 5481 29 22 F.
1357 5481 31 20 A.

865 5514 31 23 Le
911 5512 131 24 Secrétariat
1055 5509 88 27 général
1157 5509 37 21 des
1208 5509 30 23 U.
1253 5508 25 21 P.
1291 5508 27 21 A.
1332 5513 55 15 nous

837 5541 46 25 prie
902 5540 129 21 d'annoncer
1049 5544 41 19 que
1109 5537 20 21 le
1147 5534 80 23 XVUe
1245 5533 96 25 Congrès
1360 5533 27 21 de

838 5567 22 22 la
882 5566 129 22 Fédération
1034 5562 114 24 Nationale
1170 5562 38 20 des
1228 5560 86 22 Unions
1335 5559 43 21 Pro-

838 5592 149 23 fessionnelles
1000 5590 112 26 Agricoles
1126 5589 27 21 de
1168 5587 110 25 Belgique,
1295 5592 23 15 se
1333 5586 44 21 tien-

837 5620 40 22 dra
892 5619 32 22 les
939 5618 80 22 samedi
1036 5618 13 20 6
1063 5620 22 18 et
1098 5615 112 23 dimanche
1225 5614 13 21 7
1253 5613 71 26 juillet
1338 5618 39 19 pro-

838 5646 80 26 chains,
935 5645 54 21 dans
1005 5644 32 21 les
1054 5643 63 21 salles
1133 5642 28 21 de
1178 5640 71 22 Fêtes,
1259 5639 26 22 de
1300 5637 78 27 l'Expo-

838 5672 65 22 sition
920 5671 26 22 de
962 5670 113 22 Bruxelles
1094 5669 61 21 1935.

932 5720 37 21 Le
981 5717 96 23 Comité
1089 5715 130 28 supérieur
1231 5715 31 22 de
1275 5712 113 23 l'Armée.

838 5754 24 15 se
874 5746 88 22 réunira
975 5745 60 21 lundi
1048 5746 10 19 1
1064 5745 9 20 1
1088 5749 64 20 mars,
1163 5749 30 15 au
1203 5742 112 22 ministère
1327 5741 26 21 de
1366 5740 21 21 la

839 5773 96 23 Défense
954 5771 121 22 Nationale.

867 5800 32 21 M.
914 5798 86 22 Devèze
1016 5796 110 28 présidera
1140 5796 21 21 la
1176 5796 77 21 séance
1268 5795 15 22 à
1297 5793 90 28 laquelle

840 5828 126 19 assisteront
982 5820 36 26 les
1038 5824 129 21 lieutenants
1201 5821 111 27 généraux
1332 5822 48 20 com-

839 5852 115 22 mandants
970 5851 38 21 de.
1012 5856 64 20 corps
1092 5849 100 25 d'armée,
1207 5849 28 22 de
1251 5847 128 25 «circonscrip-

842 5880 44 21 tion
902 5882 21 18 et
937 5877 33 24 le*
986 5879 131 23 inspecteurs
1132 5876 112 25 généraux
1259 5875 37 23 des
1309 5880 80 17 armes.

1856 480 32 34 Il
1913 480 100 34 s'est
2036 484 156 30 ouvert
2216 479 160 35 samedi
2402 479 26 33 à
2452 478 224 34 Bruxelles

1485 546 37 32 La
1543 548 115 37 journée
1679 546 34 32 de
1734 544 143 33 dimanche

1431 598 48 20 Los
1509 597 134 21 adhérents
1672 603 33 15 au
1735 597 109 23 Congres
1874 596 29 19 de
1933 595 25 20 la

1405 625 115 20 Centrale
1543 645 3 3 .
1554 625 118 24 politique
1705 623 29 20 de
1767 623 115 23 jeunesse
1914 622 45 20 ont

1408 651 127 24 poursuivi
1576 652 67 19 leurs
1681 649 107 21 travaux
1827 648 131 20 dimanche

1404 678 88 20 matin.
1516 675 95 22 Réunis
1638 677 65 20 cette
1732 676 48 19 fois
1806 680 31 15 en
1863 675 96 20 section

1406 704 97 24 unique,
1524 708 58 15 sous
1605 704 23 19 la
1650 702 143 25 prés'.dence
1816 702 30 19 de
1867 702 33 20 M.
1921 702 38 19 De

1408 731 93 23 Bruyn,
1534 728 126 26 président
1691 730 30 20 de
1753 729 25 19 la
1809 726 150 22 Fédération

1406 757 42 20 des
1467 757 87 23 jeunes
1572 756 91 24 gardes
1682 755 154 24 catholiques
1856 755 30 20 de
1905 755 45 20 l'ar-

1407 783 182 20 rondissement
1623 782 29 19 de
1685 781 135 23 Bruxelles,
1853 782 30 19 ils
1916 782 44 19 ont

1407 808 112 22 examiné
1549 809 65 19 deux
1643 809 116 24 rapports
1789 807 171 24 intévcbsants,

1405 836 56 22 l'un,
1479 835 30 20 de
1525 835 33 20 M.
1577 835 106 19 Etienne
1701 835 30 19 de
1748 836 25 19 la
1789 833 160 22 Vallée-Pous-

1405 861 40 20 sin
1464 866 45 15 sur
1529 867 12 13 «
1550 860 107 20 autorité
1679 861 25 20 et
1724 861 123 20 dictature
1862 867 18 14 *.
1902 861 49 20 l'au-

1406 888 39 20 tre
1476 887 29 20 de
1535 887 32 20 M.
1597 887 94 24 Joseph
1721 888 110 24 Paquay,
1861 885 99 22 intitulé

1405 919 13 13 «
1433 913 67 20 Pour
1519 918 47 15 une
1586 913 118 25 politique
1723 913 129 21 culturelle
1873 913 78 20 éduca-

1405 939 52 20 tive
1470 944 21 16 ».

1406 974 66 19 Four
1488 978 48 15 une
1553 972 119 26 politique
1690 973 128 21 culturelle
1834 971 129 23 éducative

1434 1005 31 21 M.
1485 1005 103 25 Paquay
1608 1007 64 19 situe
1693 1008 22 19 le
1735 1006 125 25 problème-
1881 1005 70 20 cultu-

1405 1032 43 19 rel.
1463 1032 36 20 La
1515 1033 96 19 culture
1628 1033 52 21 doit
1695 1033 134 25 permettre
1846 1037 14 15 a
1877 1032 73 19 l'hom-

1405 1062 39 15 me
1461 1058 29 20 de
1506 1063 86 16 mener
1607 1063 48 16 une
1672 1060 123 20 existence
1811 1064 31 15 en
1858 1059 102 23 rapport

1407 1089 60 15 avec
1495 1090 29 15 sa
1553 1087 89 19 nature
1670 1086 124 20 humaine.
1823 1085 29 20 El
1856 1090 3 10 ;
1863 1089 13 15 e
1903 1089 58 15 sera

1408 1109 110 22 orientée
1541 1117 56 15 vers
1621 1112 36 20 les
1680 1117 102 18 masses,
1806 1111 105 24 quoique
1937 1111 25 19 la

1408 1137 135 21 formation
1561 1139 55 24 plus
1634 1138 120 24 complète
1772 1138 29 19 de
1820 1136 73 21 l'élite
1912 1136 39 21 doi-

1407 1168 29 16 ve
1454 1163 53 21 être
1527 1165 92 19 rendue
1638 1164 112 25 possible.

1436 1193 129 21 L'orateur
1589 1192 135 20 détermine
1750 1191 35 20 les
1810 1190 82 20 divers
1916 1188 36 22 élé-

1408 1221 81 19 ments
1511 1220 33 20 du
1564 1218 125 26 problème
1711 1217 112 20 culturel.

1434 1246 21 21 Il
1472 1245 132 25 développe
1621 1250 46 19 par
1686 1243 79 25 après,
1782 1248 34 15 un
1834 1247 117 20 program-

1407 1277 40 15 me
1463 1272 81 25 précis
1563 1272 29 19 de
1610 1271 121 20 réformes
1750 1269 122 21 destinées
1890 1268 16 21 à
1923 1274 29 15 as-

1407 1304 72 15 surer
1498 1298 16 20 à
1534 1299 56 19 tous
1609 1297 35 20 les
1665 1297 112 19 hommes
1797 1301 48 14 une
1865 1295 95 20 culture

1408 1325 141 21 suffisante,
1569 1325 24 19 et
1612 1328 28 14 ce
1657 1328 47 19 par
1724 1327 48 15 une
1791 1322 81 20 bonne,
1891 1327 60 19 orga-

1408 1351 108 20 nisation
1543 1350 42 20 dos
1611 1348 134 21 différents
1770 1349 102 20 milieu.:
1898 1348 63 20 dans

1407 1377 106 24 lesquels
1533 1376 30 19 ils
1584 1375 90 20 vivent.

1434 1403 46 19 Les
1497 1401 134 26 premières
1647 1402 81 19 visent
1743 1401 25 21 la
1785 1402 101 22 famille,
1902 1401 59 21 elles

1408 1428 99 20 doivent
1525 1428 34 20 lui
1577 1428 135 24 permettre
1731 1428 124 20 d'exercer
1872 1428 80 24 pleine-

1407 1456 69 19 ment
1500 1459 28 15 sa
1552 1454 112 20 fonction
1688 1453 148 22 éduestrice.
1859 1454 40 20 Un
1923 1459 30 15 sa-

1410 1480 61 20 laire
1497 1480 105 20 familial
1627 1481 26 19 et
1677 1480 165 25 l'acquisition
1869 1480 93 20 rendue

1407 1507 55 23 plus
1485 1505 66 21 aisée
1577 1506 30 20 de
1631 1507 24 19 la
1679 1507 76 24 petite
1780 1506 124 25 propriété
1927 1507 34 19 lui

1408 1532 138 20 donneront
1572 1533 24 19 la
1620 1532 110 21 stab.lité
1756 1534 25 19 et
1806 1533 25 20 la
1841 1535 5 5 '
1854 1532 107 21 sécurité

1408 1557 159 22 nécessaires.
1587 1559 33 19 Le
1642 1560 84 19 retour
1746 1559 30 20 de
1797 1559 25 20 la
1841 1559 68 20 mère
1928 1564 34 15 au

1410 1585 77 24 foyer,
1513 1589 49 15 une
1587 1585 80 20 bonne
1694 1586 118 24 politique
1839 1585 33 20 du
1898 1586 54 24 loge-

1406 1612 69 19 ment
1493 1612 25 19 et
1534 1611 25 20 la
1574 1610 160 26 préparation
1752 1612 120 19 familiale
1890 1612 29 19 de
1937 1612 24 19 la

1410 1637 116 24 jeunesse
1552 1639 57 18 sont
1633 1638 70 19 entre
1729 1639 87 19 autre.i
1843 1638 118 25 quelques

1406 1668 111 15 mesures
1532 1664 42 24 qui
1589 1664 114 20 aideront
1718 1664 23 20 la
1757 1664 94 20 famille
1867 1664 16 20 à
1898 1669 53 16 rem-

1407 1690 48 24 plir
1473 1695 29 14 sa
1520 1690 111 21 mission.

1434 1723 54 20 Une
1510 1722 109 21 réforme
1640 1724 104 20 scolaire
1765 1724 121 25 profonde
1909 1724 53 20 doit

1408 1748 52 22 être
1485 1749 139 25 envisagée,
1649 1755 63 20 pour
1736 1749 83 22 l'école
1843 1751 119 24 primaire

1407 1776 89 20 autant
1517 1781 47 20 que
1586 1781 62 20 pour
1672 1777 202 24 l'enseignement
1894 1778 58 24 post-

1407 1802 125 24 primaire.
1550 1802 47 21 Les
1617 1807 172 20 programmes
1809 1805 86 19 seront
1914 1802 39 21 éla-

1405 1827 61 26 gués
1482 1833 30 15 en
1526 1829 105 21 lassant
1646 1831 99 19 surtout
1758 1835 48 15 une
1820 1831 68 23 large
1903 1831 58 24 part

1407 1859 49 15 aux
1478 1855 122 20 branches
1624 1856 206 21 fondamentales.
1853 1857 36 19 La
1911 1857 41 19 for-

1406 1881 95 20 mation
1515 1880 115 26 générale
1647 1884 24 19 et
1685 1883 35 19 les
1734 1881 85 22 études
1836 1883 41 20 des
1892 1883 59 20 insti-

1407 1908 97 19 tuteurs
1528 1909 85 19 seront
1635 1908 148 24 renforcées,
1808 1910 23 19 ta
1835 1914 55 15 nuis
1913 1914 48 19 que

1407 1933 25 20 la
1457 1934 174 24 prolongation
1659 1935 29 20 de
1716 1936 25 19 la
1767 1934 117 21 scolarité
1911 1935 41 24 jus-

1407 1959 56 24 qu'à
1481 1960 26 20 16
1525 1965 46 15 ans
1590 1966 56 15 sera
1665 1960 106 22 décidée.
1789 1962 54 19 Une
1861 1961 100 25 période

1407 1985 30 20 de
1457 1986 190 21 demi-scolarité
1668 1987 98 25 jusqu'à
1784 1988 28 20 18
1831 1993 45 16 ans
1896 1993 55 16 com-

1405 2011 117 25 pléterait
1538 2018 40 15 ces
1597 2018 117 16 mesures.

1432 2038 199 25 L'organisation
1647 2040 155 24 corporative
1819 2040 30 21 de
1865 2041 25 21 la
1905 2046 46 20 pro-

1407 2064 95 21 fession
1525 2066 138 24 permettra
1686 2066 30 21 de
1740 2067 117 20 modifier
1879 2068 23 20 le
1925 2066 27 22 ré-

1407 2090 66 25 gime
1498 2091 33 20 du
1552 2092 91 21 travail
1665 2094 26 19 et
1714 2093 153 24 d'organiser
1888 2094 74 20 celui-

1406 2121 23 15 ci
1446 2122 64 19 pour
1527 2117 58 25 qu'il
1604 2122 31 16 ne
1652 2119 71 20 nuise
1741 2119 91 24 jamais
1840 2125 26 15 -a
1884 2121 25 20 la
1927 2121 24 21 di-

1407 2142 69 25 gnité
1498 2143 33 21 du
1554 2145 145 20 travailleur
1721 2150 33 15 ou
1776 2145 118 25 empêche
1916 2152 45 15 son

1408 2170 127 20 accession
1561 2169 17 21 à
1605 2175 49 16 une
1680 2171 97 21 culture
1804 2173 157 20 convenable.

1406 2195 38 20 La
1466 2196 149 20 diminution
1635 2197 45 21 des
1700 2198 91 21 heures
1812 2199 30 20 de
1863 2200 98 23 travail,

1408 2220 184 23 l'instauration
1630 2223 43 20 des
1711 2229 122 17 vacances
1872 2225 90 25 payées

1407 2246 115 22 créeront
1548 2248 45 21 des
1618 2249 83 22 loisirs
1727 2251 57 25 plus
1810 2251 151 25 importants

1410 2274 60 22 dont
1484 2275 26 20 la
1523 2274 81 21 bonne
1619 2275 137 22 utilisation
1772 2283 46 20 par
1833 2278 42 20 dee
1889 2283 62 20 grou-

1406 2302 113 24 pements
1535 2301 144 25 spécialisés
1692 2309 136 21 procurera
1842 2310 49 15 une
1905 2305 56 25 plus

1408 2327 69 25 large
1496 2328 39 20 vie
1555 2328 29 20 de
1603 2329 95 25 l'esprit
1714 2335 33 16 au
1765 2331 152 21 travailleur.

1434 2361 68 21 Pour
1528 2362 155 21 coordonner
1708 2363 118 22 l'activité
1853 2370 30 15 en
1909 2370 43 16 ma-

1407 2386 62 21 tière
1490 2388 129 21 culturelle
1640 2389 29 21 de
1691 2395 41 15 ces
1752 2390 81 22 divers
1853 2392 108 24 milieux,

1407 2413 23 21 lç-
1450 2415 149 24 rapporteur
1618 2416 114 21 souhaite
1752 2417 26 20 la
1798 2417 164 21 constitution

1409 2439 57 20 d'un
1490 2440 129 21 ministère
1643 2442 38 26 de,
1696 2442 156 22 l'Education
1875 2444 78 21 Natio-

1407 2466 63 21 nale.
1486 2466 41 20 Un
1543 2467 35 21 tel
1594 2467 135 25 ministère,
1747 2470 79 24 ayant
1842 2475 63 16 aans
1920 2476 41 15 ses

1408 2492 164 21 attributions
1598 2499 50 15 non
1673 2496 138 20 seulement
1836 2496 116 21 l'Instruc-

1407 2518 52 20 tion
1480 2519 116 24 publique
1615 2521 64 20 mais
1699 2521 55 21 tout
1772 2527 28 15 ce
1819 2527 43 20 qui
1880 2522 81 21 relève

1411 2544 30 20 de
1466 2544 155 26 l'éducation,
1647 2548 183 22 contribuerait
1852 2549 100 21 notable-

1407 2571 69 20 ment
1493 2570 17 21 à
1529 2570 102 23 étendre
1649 2573 25 20 la
1692 2574 104 21 culture.

1434 2596 90 22 L'Etat
1546 2598 97 21 devrait
1665 2600 77 21 lutter
1765 2601 86 21 contre
1873 2602 79 21 l'abru-

1407 2622 131 22 tissement
1566 2624 44 21 des
1638 2630 97 17 masses
1764 2632 47 20 par
1838 2629 22 19 ie
1890 2630 71 24 sport

1407 2650 202 24 commercialisé,
1636 2657 47 19 par
1709 2658 49 15 une
1784 2654 119 25 politique
1930 2655 31 20 de

1407 2676 184 22 constructions
1610 2677 30 20 de
1659 2679 85 20 stades
1762 2680 147 25 populaires,
1931 2682 30 20 de

1408 2701 98 21 bassins
1529 2702 31 22 de
1584 2704 115 21 natation
1724 2707 26 19 et
1774 2706 187 25 l'organisation

1407 2727 31 20 de
1455 2728 97 24 plaines
1573 2729 30 20 de
1619 2730 60 24 jeux
1697 2732 26 19 et
1742 2732 30 21 de
1790 2735 78 23 sport.
1885 2734 22 21 71
1925 2735 26 20 in-

1408 2754 115 22 terdirait
1543 2760 33 15 ou
1596 2755 203 26 réglementerait
1820 2760 55 21 tout
1895 2765 56 17 com-

1407 2785 82 16 merce
1517 2786 33 15 ou
1577 2783 171 24 organisation
1776 2786 43 24 qui
1850 2788 111 20 oourrait

1408 2807 71 19 avoir
1500 2812 50 16 une
1573 2808 125 22 influence
1722 2810 99 22 néfaste
1846 2812 63 22 dans
1934 2818 28 16 ce

1410 2832 121 28 domaine,
1549 2833 82 26 citons
1649 2836 26 21 la
1692 2837 73 21 vente
1783 2838 62 23 libre
1862 2839 31 20 de
1910 2839 40 21 l'al-

1406 2860 61 25 cool,
1483 2860 186 26 l'otganisation
1686 2863 43 21 des
1745 2864 59 24 jeux
1819 2867 26 19 et
1860 2866 43 21 ^ej
1918 2872 33 20 pa-

1407 2886 35 21 ris
1463 2890 52 18 aux
1536 2893 107 20 courses,
1665 2890 26 20 la
1710 2890 142 23 littérature
1875 2893 76 21 Immo-

1410 2914 59 21 rale.
1486 2914 24 20 Il
1531 2915 96 21 devrait
1660 2915 133 22 e'abitenlr
1827 2918 30 20 de
1891 2919 69 20 toute

1407 2945 99 16 mesure
1540 2943 113 24 pouvant
1688 2946 192 23 compromettre
1914 2951 47 16 son

1406 2967 84 21 action
1507 2965 136 25 éducative.
1766 2976 5 4 •
1788 2975 6 6 ■

1452 3030 8 5 -
1466 3029 11 14 r
1492 3032 4 4 .
1499 3029 7 12 :
1547 3029 5 10 ,
1584 3029 66 12 ■*,>,.
1799 3011 36 23 *J*
1854 3012 112 26 banquet

1435 3038 36 25 Le
1491 3042 179 26 congressistes
1683 3050 34 16 -se
1738 3045 58 20 sont
1817 3044 84 24 réunis
1922 3045 43 27 en-]

1409 3067 65 22 suite
1486 3072 42 17 'en
1550 3074 34 15 un
1607 3070 115 25 banquet.
1745 3070 102 26 Celui-^i
1869 3077 94 21 groupe

1410 3094 55 25 plus
1487 3096 30 20 de
1540 3096 64 20 deux
1625 3098 70 20 cents
1717 3098 122 21 convives.
1860 3098 103 22 Présidé

1409 3127 47 19 par
1475 3122 33 21 M.
1528 3123 93 20 Marcel
1641 3124 158 25 Vercruysse,
1819 3130 33 15 on
1871 3130 83 16 remar-

1409 3154 47 20 que
1470 3149 16 21 à
1499 3150 25 20 la
1530 3150 74 22 stable
1618 3151 135 21 d'honneur
1769 3157 5 15 :
1790 3152 60 20 MM.
1865 3152 33 20 du
1910 3153 53 20 Bus

1410 3177 30 20 de
1456 3176 139 25 Warnaffe,
1612 3177 113 21 ministre
1742 3178 43 21 des
1801 3178 161 25 Transports;

1406 3202 105 24 Poullet,
1533 3202 128 25 président
1683 3204 31 19 de
1737 3204 98 21 l'Union
1859 3205 104 20 catholi-

1409 3234 58 20 qpe;
1489 3229 128 25 Crokaert,
1637 3230 105 24 Coenen,
1762 3231 125 25 Leyniers,
1907 3231 47 21 Del-

1410 3260 66 16 vaux
1494 3256 30 21 de
1542 3256 97 26 Fenffe,
1658 3256 137 26 sénateurs,
1814 3258 46 21 etc.

1406 3288 2 13 ;
1436 3283 40 20 Au
1496 3283 102 24 dessert,
1616 3283 35 21 M.
1670 3284 151 24 Vercruysse
1841 3284 79 25 prend
1938 3285 26 20 la

1405 3309 92 24 parole;
1514 3309 22 20 Il
1553 3310 120 19 remercie
1689 3310 36 21 les
1741 3311 179 23 congressistes
1936 3312 26 20 et

1410 3336 71 24 porte
1499 3337 26 20 la
1545 3336 72 21 santé
1638 3337 33 20 du
1690 3336 68 25 Pape
1779 3338 26 19 et
1824 3338 30 19 de
1873 3338 25 20 la
1917 3338 37 20 Fa-

1409 3363 67 20 mille
1490 3363 90 25 royale.
1593 3363 69 21 Dans
1675 3364 24 20 le
1712 3363 110 21 désarroi
1836 3364 33 20 du
1882 3364 82 25 temps

1409 3388 107 26 présent,
1532 3390 70 25 dit-il,
1618 3390 25 20 la
1656 3390 144 21 monarchie
1816 3391 38 20 est
1868 3391 25 19 la
1908 3396 46 15 sau-

1410 3416 107 24 vegarde
1538 3416 162 24 permanente
1721 3417 30 21 de
1772 3422 45 16 nos
1839 3417 78 21 droits
1939 3422 24 16 er

1407 3441 30 21 de
1458 3447 45 15 nos
1523 3441 108 22 libertés.

1437 3468 50 22 Des
1512 3468 174 26 télégrammes
1711 3470 57 20 sont
1792 3468 114 23 adressés
1930 3474 34 16 au

1409 3495 48 20 Roi
1472 3496 25 20 et
1511 3501 33 16 au
1558 3496 112 20 cardinal
1687 3496 30 20 de
1732 3497 112 20 Malines.
1859 3497 35 19 Le
1909 3496 44 25 pré-

1409 3523 85 20 sident
1515 3523 118 21 remercie
1656 3522 96 22 ensuite
1774 3524 36 21 les
1831 3527 123 21 personna-

1410 3548 57 23 lités
1473 3556 4 4 '
1483 3548 135 26 présentes.
1630 3559 4 4 ■

1431 3575 46 24 .On
1495 3576 92 22 entend
1601 3576 68 23 aussi
1686 3576 34 21 M.
1735 3576 103 21 Poullet.
1854 3576 110 22 L'Union

1411 3602 139 26 catholique
1565 3602 77 26 bolge,
1658 3603 70 24 dit-il,
1743 3609 27 15 se
1786 3602 90 26 réjouit
1891 3603 30 21 de
1935 3608 28 16 ca

1410 3623 104 31 congrès
1531 3630 25 20 et
1573 3630 32 20 du
1621 3634 121 16 concours
1760 3634 46 20 que
1823 3631 36 20 les
1876 3630 87 25 jeunes

1409 3656 101 20 veulent
1525 3656 117 25 apporter
1655 3655 17 21 à
1687 3657 25 19 la
1727 3656 107 20 solution
1851 3656 43 21 des
1909 3661 45 20 pro-

1409 3682 93 21 blèmes
1520 3683 30 20 de
1566 3682 98 21 l'heure.
1681 3683 21 20 Il
1719 3683 73 25 s'agit
1807 3682 156 25 aujourd'hui

1410 3709 72 21 d'une
1497 3708 107 22 réforme
1620 3710 30 20 de
1666 3709 83 25 l'Etat,
1765 3709 70 22 dit-il.
1850 3709 71 21 Dans
1936 3714 27 16 ce

1410 3741 48 20 que
1480 3736 100 21 veulent
1600 3736 36 20 îes
1657 3736 95 24 jeunes,
1779 3736 85 24 ajoute
1893 3736 61 20 l'ora-

1410 3760 62 27 teur)
1487 3763 17 20 il
1518 3767 17 20 y
1548 3768 16 15 a
1577 3762 57 21 bien
1649 3763 56 24 plus
1720 3763 29 20 de
1764 3763 82 24 points
1863 3762 29 21 de
1907 3768 47 15 con-

1410 3790 54 20 tact
1487 3794 47 20 que
1558 3789 50 21 l'oit
1631 3794 32 18 ne
1687 3789 64 21 croit
1775 3794 60 15 avec
1860 3789 36 20 les
1920 3794 33 15 an-

1410 3816 75 21 ciens.
1507 3815 68 23 Vous
1598 3816 85 20 voulez
1706 3820 60 16 vous
1790 3815 107 25 insp'rer
1920 3816 43 20 des

1409 3842 171 25 Encycliques.
1603 3842 74 20 Est-il
1700 3847 35 15 un
1757 3842 141 25 catholique
1921 3842 42 24 qui

1410 3874 32 16 ne
1461 3870 23 20 le
1503 3869 88 20 veuille
1612 3869 61 24 pas?
1693 3869 68 20 Vous
1782 3869 85 20 voulez
1886 3867 68 22 réfor-

1410 3901 54 15 mer
1487 3895 84 21 l'Etat.
1602 3895 75 24 Quels
1708 3896 70 23 qu'ils
1809 3895 87 23 soient,
1926 3895 37 21 les

1409 3927 107 20 groupes
1532 3922 153 24 catholiques
1701 3922 57 21 sont
1773 3921 57 21 unis
1847 3926 64 20 pour
1927 3920 27 22 ré-

1410 3949 94 20 clamer
1525 3949 24 20 le
1572 3948 184 20 renforcement
1779 3948 30 21 de
1832 3947 132 21 l'exécutif.

1409 3975 68 22 Vous
1493 3975 86 21 voulez
1593 3975 71 20 enfin
1681 3974 43 21 des
1740 3974 121 21 réformes
1878 3974 78 21 écono-

1409 4002 96 25 miques
1521 4001 141 26 profondes.
1676 4001 68 21 Vous
1760 4001 128 20 trouverez
1903 4000 17 21 à
1935 4005 28 16 ce

1411 4033 90 20 propos
1526 4028 56 25 plus
1608 4027 67 25 d'un;
1691 4032 119 16 concours
1836 4027 31 21 de
1877 4026 4 4 '
1891 4028 72 20 notre

1410 4054 63 22 côté.

1417 4093 4 5 •
1437 4081 34 23 M,
1484 4081 65 21 Paul
1562 4080 122 22 Crokaert
1698 4079 50 23 clôt
1761 4080 36 21 les
1813 4080 111 21 discours
1941 4084 7 17 :

1437 4123 32 8 —
1499 4115 68 21 Vous
1585 4119 68 20 avez,
1671 4119 62 16 vous
1753 4114 36 21 les
1808 4114 96 25 jeunes,
1923 4118 31 15 en-

1412 4142 65 24 gagé
1499 4145 61 17 avec
1582 4141 23 21 le
1627 4141 74 20 vieux
1722 4140 67 25 parti
1818 4145 36 15 un
1882 4140 81 20 débat.

1411 4168 126 20 D'aucuns
1558 4169 45 19 ont
1624 4167 37 22 dit
1681 4170 50 18 une
1752 4166 114 25 querelle.
1888 4166 76 21 Celle-

1407 4194 26 20 ci
1445 4194 53 21 doit
1512 4194 53 20 être
1579 4193 89 24 réglée.
1682 4193 34 20 Et
1729 4193 57 20 vite.
1800 4193 95 20 Raison
1909 4192 54 21 doit

1409 4224 63 16 vous
1486 4220 55 20 être
1559 4219 96 21 donnée
1663 4219 34 20 -là
1713 4219 33 20 oit
1760 4222 63 17 vous
1838 4222 61 16 avez
1915 4218 40 20 rai-

1410 4251 53 16 son.
1477 4246 68 20 Vous
1559 4250 60 16 avez
1633 4246 52 25 pris
1699 4246 52 20 très
1762 4250 43 16 au.
1811 4246 99 20 sérieux
1923 4250 31 15 vo-

1411 4273 38 20 tre
1462 4273 61 21 rôle.
1538 4272 93 21 N'allez
1645 4272 79 25 point,
1739 4271 147 26 cependant,
1900 4271 64 20 dans

1411 4299 23 21 le
1446 4300 88 24 procès
1545 4304 48 17 aue
1605 4304 62 15 vous
1679 4299 36 20 lui
1726 4298 84 25 faites,
1822 4298 16 20 à
1850 4303 28 15 ce
1891 4298 73 20 vieux

1408 4325 75 26 parti,
1496 4329 34 16 au
1544 4325 57 20 delà
1616 4324 30 21 de
1661 4329 29 16 ce
1704 4324 43 24 qui
1761 4325 39 19 est
1814 4323 70 20 exinè
1899 4328 64 20 pour

1411 4352 23 20 le
1448 4352 57 20 bien
1518 4356 114 16 commun
1649 4352 25 20 et
1689 4351 23 21 le
1719 4351 77 23 .souci
1811 4351 30 19 do
1855 4350 109 20 l'avenir.

1413 4377 54 25 Oui,
1480 4375 19 23 il
1513 4383 17 15 a
1543 4383 36 15 un
1593 4378 72 20 lourd
1680 4378 112 24 héritage
1806 4378 17 19 à
1838 4377 87 24 porter
1939 4377 25 19 et

1411 4409 36 15 un
1468 4404 49 20 dur
1537 4405 87 19 avenir
1646 4404 16 20 à
1684 4408 107 16 assurer.
1820 4403 72 20 Dans
1896 4408 68 16 -..ses

1410 4435 85 20 rangs,
1510 4431 36 20 les
1563 4430 162 25 défaillances
1741 4430 44 22 des
1803 4430 112 20 hommes
1932 4434 32 15 ne

1410 4462 29 15 se
1462 4457 128 24 comptent
1611 4457 64 24 plus,
1697 4456 66 21 mais
1794 4456 36 20 les
1860 4456 93 20 dévoue-

1411 4484 83 20 ments
1515 4484 26 20 et
1562 4483 36 20 les
1618 4484 86 20 vertus
1725 4483 75 20 aussi.
1828 4482 36 20 Le
1891 4483 73 20 vieux

1411 4509 80 24 parti-
1495 4514 33 15 va
1545 4509 66 24 faire
1628 4514 39 16 un
1680 4510 82 23 grand
1780 4509 79 24 effort
1878 4509 31 20 de
1927 4514 28 15 re-

1411 4536 161 20 dressement.
1608 4535 128 25 Pénétres,
1771 4535 124 26 jeunesse,
1933 4541 29 14 en

1411 4567 82 16 masse
1510 4562 64 22 dans
1591 4567 41 15 ses
1649 4566 84 20 ra..ge.

1516 4593 185 34 L'assemblée
1727 4594 130 40 générale

1416 4657 5 4 ■
1433 4646 36 21 Le
1492 4644 105 27 congrès
1620 4651 17 15 a
1661 4643 39 23 été
1725 4644 95 22 clôturé
1842 4649 47 21 par
1911 4650 49 16 une

1408 4670 136 23 assemblée
1560 4670 123 27 générale.

1438 4699 34 21 M.
1494 4699 107 21 Etienne
1625 4698 30 22 de
1677 4699 25 21 la
1723 4697 201 22 Vallée-Poussin
1948 4703 16 15 a

1411 4725 114 26 présenté
1548 4730 35 16 un
1606 4724 103 26 rapport
1732 4730 44 15 sur
1798 4724 30 20 l'«
1850 4723 113 22 Autorité

1411 4757 21 16 ei
1447 4753 26 20 la
1485 4752 130 21 Dictature
1630 4757 19 16 ».
1663 4751 22 21 A
1697 4756 45 16 son
1756 4751 60 24 avis,
1830 4751 36 21 les
1878 4750 86 21 modes

1411 4778 30 22 de
1456 4778 195 25 gouvernement
1665 4783 27 16 se
1707 4777 94 22 situent
1816 4777 70 21 entre
1901 4777 64 20 deux

1411 4804 122 21 extrêmes
1557 4809 7 17 :
1586 4804 135 21 l'anarchie
1743 4804 25 21 et
1787 4804 26 20 la
1834 4803 130 21 dictature.

1412 4831 65 24 Seul,
1495 4835 42 16 -un
1561 4830 94 26 régime
1680 4830 43 25 qui
1748 4830 103 21 concilie
1877 4829 76 22 l'auto-

1412 4856 47 22 rité
1480 4857 25 21 et
1525 4859 24 18 la
1569 4856 88 22 liberté
1677 4857 151 24 correspond
1847 4855 17 22 à
1882 4855 82 22 l'Idéal

1412 4884 75 21 soo'al
1506 4883 44 22 des
1567 4883 134 22 Jeunesses
1719 4883 160 26 catholiques.
1898 4881 67 22 Elles

1411 4914 27 17 se
1454 4905 126 26 déclarent
1594 4909 104 22 hostiles
1713 4914 33 16 au
1761 4908 94 26 régime
1869 4908 95 22 libéral,

1408 4935 49 25 qui,
1485 4934 144 26 négligeant
1656 4933 183 22 l'Intervention
1868 4934 93 21 directe

1413 4962 30 22 de
1461 4960 131 26 l'autorité,
1610 4960 72 22 mène
1701 4960 17 22 à
1734 4961 27 21 la
1779 4960 106 22 division
1905 4962 25 20 et
1949 4960 15 21 à

1411 4987 26 22 là
1450 4987 111 22 stérilité.

1439 5012 151 27 Cependant,
1611 5013 34 22 M.
1667 5013 29 21 de
1717 5013 27 21 la
1762 5012 202 23 Vallée-Poussin

1412 5040 106 21 formule
1542 5039 30 22 de
1594 5039 121 22 sérieuses
1738 5039 118 26 critiquer
1877 5039 87 21 contre

1411 5066 26 21 la
1445 5066 148 24 .Dictature.
1612 5066 22 21 Il
1653 5065 85 25 ajoute
1760 5071 7 20 ;

1431 5109 26 7 —
1456 5109 12 7 -
1480 5099 34 22 Le
1530 5099 94 24 régime
1642 5099 43 25 qui
1701 5103 16 16 a
1733 5099 71 20 notre
1820 5097 91 26 faveur
1926 5099 39 21 est

1412 5125 65 20 celui
1504 5126 33 20 où
1571 5125 124 21 l'autorité
1721 5124 189 26 indispensable,
1931 5128 35 17 au

1412 5152 103 25 progrès
1531 5151 77 21 social
1625 5152 39 20 est
1682 5152 70 21 entre
1769 5150 37 22 1.3
1822 5151 83 20 mains
1921 5151 44 20 des

1413 5179 77 20 élites.
1513 5178 71 20 Cette
1605 5177 110 21 autorité
1737 5176 53 22 doit
1812 5177 53 21 être
1889 5177 66 25 effec-

1413 5204 57 23 tive.
1486 5204 55 20 Elle
1556 5208 32 17 ne
1603 5205 61 24 peut
1679 5204 52 21 être
1747 5207 131 21 anonyme,
1892 5204 28 20 ni
1933 5204 24 20 ir-

1412 5230 167 26 responsable,
1597 5231 46 22 elle
1662 5230 52 22 doit
1733 5230 53 21 être
1804 5230 161 25 personnelle.

1439 5263 130 22 L'orateur
1588 5263 111 20 examine
1718 5262 27 21 la
1763 5262 120 21 situation
1904 5262 62 21 dans

1413 5289 105 26 laquelle
1542 5294 26 16 se
1591 5289 86 21 trouve
1699 5289 26 21 la
1745 5289 120 25 Belgique
1888 5287 17 22 à
1926 5289 41 20 cet

1414 5314 83 27 égard.
1520 5314 222 25 Extérieurement,
1772 5315 46 21 elle
1848 5319 118 17 conserve

1409 5345 36 16 un
1456 5339 94 27 régime
1562 5337 138 26 d'autorité,
1711 5340 65 22 mais
1791 5341 15 19 il
1822 5342 37 19 est
1873 5340 81 25 dange-

1414 5368 142 21 reusement
1570 5366 67 22 miné
1653 5372 45 19 p?r
1713 5367 25 21 la
1752 5366 64 22 crise
1832 5367 43 21 des
1890 5366 77 22 élites.

1414 5393 34 21 Le
1466 5392 151 22 mécanisme
1635 5393 192 25 parlementaire
1847 5393 39 21 est
1904 5398 54 16 com-

1414 5418 136 25 plètement
1571 5417 86 23 faussé
1679 5421 24 19 et
1726 5424 31 16 ne
1788 5420 95 19 'ournit
1912 5419 55 25 plus

1416 5444 94 22 d'élites
1529 5445 157 25 dirigeantes.

1441 5487 30 6 —
1483 5478 133 24 Beaucoup
1635 5478 31 20 de
1692 5477 212 25 parlementaires,
1931 5476 37 22 dit

1414 5503 34 22 M.
1467 5503 30 22 de
1514 5504 28 21 la
1558 5502 208 27 Vallée-Poussin,
1786 5509 31 15 ne
1834 5505 59 19 sont
1911 5504 57 25 plus

1415 5530 44 21 des
1472 5530 113 21 hommes
1597 5530 83 25 libres,
1692 5530 65 21 mais
1771 5530 44 21 des
1829 5528 129 22 mandatai-

1415 5561 41 15 res
1474 5557 18 19 à
1509 5556 85 25 gagés,
1614 5556 186 24 représentants
1827 5556 31 21 de
1884 5557 83 24 forces

1415 5583 43 24 qui
1481 5582 36 21 les
1539 5582 134 21 dominent.
1696 5582 103 21 D'autre
1828 5583 66 24 part,
1923 5582 44 21 des

1415 5608 107 21 cloisons
1543 5609 44 20 ont
1607 5609 40 20 été
1668 5608 149 26 multipliées
1839 5609 70 20 entre
1930 5608 37 21 les

1416 5635 71 21 élites
1510 5634 45 23 des
1578 5634 83 21 divers
1683 5634 103 22 milieux
1807 5635 109 21 sociaux.

1443 5667 34 21 M.
1496 5667 31 22 de
1547 5668 26 20 la
1590 5666 202 23 Vallée-Poussin
1811 5667 113 26 souligne
1943 5666 24 21 la

1417 5693 120 21 nécessité
1559 5694 29 20 de
1609 5693 165 22 reconstituer
1793 5693 37 22 les
1851 5693 71 22 élites
1943 5693 26 21 et

1417 5720 30 21 de
1464 5720 55 21 leur
1535 5717 89 25 rendre
1641 5719 24 22 le
1681 5720 111 25 pouvoir.
1807 5720 24 20 Y
1848 5720 121 21 arrivera-

1417 5746 54 21 t-on
1490 5751 47 20 par
1557 5746 27 21 la
1611 5745 139 22 dictature?
1772 5746 38 21 La
1837 5747 74 20 vertu
1938 5745 30 21 de

1416 5773 94 21 celle-ci
1532 5774 40 20 est
1593 5771 30 23 de
1646 5774 117 19 remettre
1786 5777 32 16 en
1839 5772 71 26 place
1932 5772 36 21 les

1416 5799 83 22 forces
1515 5797 193 26 désordonnées;
1723 5798 65 22 mais
1803 5798 27 21 la
1846 5798 124 21 dictature

1414 5829 33 17 ne
1471 5822 57 23 crée
1551 5829 53 20 pas.
1627 5823 81 26 Aussi,
1731 5828 33 16 en
1787 5824 126 25 Belgique,
1938 5828 29 15 ce

1415 5849 107 29 procédé
1540 5851 77 20 doit-il
1635 5849 53 22 être
1704 5848 90 23 écarté.
1810 5850 65 22 Mais
1891 5850 18 21 il
1926 5850 33 20 im-

1417 5879 71 24 porte
1504 5877 30 21 de
1548 5877 131 21 concevoir
1695 5880 35 17 un
1744 5876 94 26 régime
1854 5877 31 21 de
1902 5876 68 22 tran¬

1986 544 73 21 sition
2075 544 42 25 qui
2133 544 127 24 rajeunira
2275 544 71 20 notre
2361 543 124 20 structure
2500 547 31 20 po-

1986 571 92 24 litique.

2013 597 128 21 L'orateur
2172 596 127 26 préconise
2330 602 33 14 un
2401 595 137 20 inventaire

1987 624 42 22 des
2056 624 153 21 institutions
2233 625 26 19 et
2283 624 43 23 des
2350 623 82 20 forces
2457 622 82 20 saines

1986 652 25 19 et
2033 651 24 20 la
2077 650 111 20 création
2211 650 177 25 d'organismes
2411 653 130 16 nouveaux

1988 676 151 22 nécessaires
2159 682 32 14 au
2210 677 88 20 nouvel
2318 676 72 20 ordre
2410 675 84 20 social.

2015 721 29 5 —
2057 711 34 19 Lc
2116 710 151 25 Parlement,
2291 708 99 21 conclut
2414 708 125 24 l'orateur,

1988 739 39 18 est
2050 737 151 24 impuissant
2225 738 25 19 .•(
2274 735 153 24 rétrograda.
2458 735 68 24 L'opi-

1986 766 60 19 nion
2063 764 117 24 publique
2197 765 38 19 est
2253 763 167 23 désemparée.
2437 762 22 19 Il
2477 762 63 19 n'est

1988 796 46 19 pas
2055 790 140 21 nécessaire
2216 791 31 19 de
2267 789 111 21 recourir
2398 789 16 18 à
2436 793 34 14 un
2491 787 40 20 dic-

1987 819 90 19 tateur.
2098 818 22 19 Jl
2142 817 75 23 suffit
2246 817 120 20 d'utiliser
2394 815 137 24 judicieuse-

1986 845 69 19 ment
2072 844 35 20 les
2125 848 44 20 org
2187 848 44 16 nés
2248 846 60 17 uon:
2325 847 63 15 nous
2404 841 136 24 disposons.

1987 872 71 23 Déjà,
2073 871 22 19 le
2110 871 194 23 gouvernement
2321 869 62 19 n'est
2398 868 64 25 plus,
2476 872 53 15 com-

1986 902 40 15 me
2055 897 129 24 autrefois,
2221 896 159 20 l'émt-nation
2418 894 122 19 exclusive

1988 925 43 19 des
2047 924 80 24 partis
2144 923 211 24 parlementaires.
2373 921 21 20 Il
2411 921 57 24 faut
2485 925 47 15 con-

1987 951 83 19 tinuer
2086 951 65 19 cette
2168 949 132 23 évolution,
2316 952 102 16 ai.emr
2434 952 32 14 uu
2483 951 47 20 pou-

1987 978 54 19 voir
2060 976 44 21 des
2125 976 180 24 personnalités
2325 975 30 19 de
2376 973 108 25 premier
2504 978 28 14 or-

1987 1004 52 24 dre,
2056 1004 42 23 qui
2115 1004 182 23 gouverneront
2313 1005 59 16 sous
2391 1000 21 20 le
2431 999 109 20 contrôla

1987 1029 76 24 royal,
2080 1031 90 18 autant
2188 1033 60 15 avec
2267 1028 91 24 l'appui
2377 1026 29 20 de
2425 1026 116 24 l'opinion

1987 1057 116 24 publique
2124 1056 101 24 qu'avec
2245 1055 154 20 l'assistance
2420 1052 44 20 des
2486 1057 46 19 par-

1988 1084 38 19 tis.
2049 1083 33 19 Ce
2104 1081 228 26 gouvernement-là
2355 1083 92 20 pourra
2476 1079 54 19 réta-

1989 1110 46 19 blir
2055 1114 34 15 un
2111 1109 72 20 ordre
2205 1108 111 21 -national
2337 1107 80 20 stable
2439 1106 25 20 et
2485 1109 47 16 con-

1987 1137 80 24 forme
2086 1140 50 15 aux
2154 1135 129 24 exigences
2302 1135 15 19 <*
2326 1139 8 15 t
2353 1133 110 24 progrès.

2015 1167 117 26 L'exposé
2151 1168 30 20 de
2199 1168 33 21 M.
2250 1167 30 21 de
2298 1167 26 20 la
2340 1164 202 22 Vallée-Poussin

1989 1197 38 20 est
2048 1195 51 21 très
2121 1193 91 24 écouté,
2234 1193 98 22 surtout
2353 1192 98 24 lorsque
2473 1191 58 20 l'ora-

1990 1223 55 20 teur
2066 1221 108 21 dénonce
2195 1226 60 15 avec
2274 1219 124 22 virulence
2418 1219 26 20 la
2463 1217 80 25 polit!-

1990 1249 66 24 tique
2073 1248 42 20 des
2131 1247 86 25 partis.

2052 1289 34 20 Le
2099 1288 160 20 mouvement
2272 1287 30 21 de
2314 1285 104 25 l'Esprit
2429 1286 114 19 nouveau

2014 1329 33 20 M.
2065 1328 94 20 Marcel
2176 1327 97 20 Laloire
2290 1327 74 21 traite
2382 1326 43 20 dlu
2441 1328 89 16 mouve-

1985 1357 71 19 ment
2073 1355 30 19 de
2121 1355 29 20 l'«
2158 1354 86 25 Esprit
2261 1358 114 16 nouveau
2383 1359 19 14 ».

2012 1382 34 20 Le
2067 1381 160 20 mouvement
2248 1380 29 21 de
2298 1379 102 24 l'Esprit
2419 1378 120 20 Nouveau

1986 1409 38 20 est
2046 1412 33 15 un
2101 1408 160 19 mouvement
2280 1406 30 20 de
2330 1405 88 24 jeunes
2438 1403 92 21 catholi-

1985 1439 68 19 ques,
2072 1432 76 21 fondé
2167 1438 47 19 par
2232 1432 43 21 des
2292 1432 89 24 jeunes
2401 1430 75 21 so'tis
2495 1429 44 20 des

1988 1460 87 20 cadres
2099 1459 31 20 de
2155 1458 99 21 l'action
2279 1457 147 24 catholique,
2450 1461 25 15 et
2499 1456 41 24 qui

1989 1485 136 21 entendent
2150 1484 142 21 conformer
2316 1484 55 20 leur
2395 1482 84 21 act'on
2503 1487 28 15 so-

1986 1512 62 20 ciale
2070 1513 26 19 et
2117 1510 118 26 politique
2259 1510 16 20 à
2296 1510 67 20 leurs
2386 1508 154 21 convictions

1986 1537 144 25 religieuses
2150 1537 25 20 ct
2195 1542 26 15 se
2243 1541 132 16 consacrer
2394 1534 16 21 à
2430 1536 8 19 1
2447 1536 83 19 instau-

1986 1564 82 20 ration
2088 1563 58 20 d'un
2167 1563 72 19 ordre
2261 1562 76 21 social
2358 1561 120 21 meilleur.

2013 1589 34 21 Ce
2064 1589 166 23 mouvement,
2249 1587 31 22 né
2299 1588 17 21 il
2334 1593 17 20 y
2368 1593 17 15 a
2404 1588 62 20 trJte
2485 1592 54 19 ans,

1984 1620 16 15 a
2017 1614 39 21 été
2072 1614 98 25 jusqu'à
2187 1616 24 19 la
2228 1615 38 21 fin
2284 1615 29 20 de
2331 1613 96 21 l'année
2444 1613 84 21 derniè-

1986 1646 33 18 re,
2042 1646 34 15 un
2099 1636 160 26 mouvement
2282 1640 197 24 d'intellectuels;
2503 1640 36 20 les

1985 1667 137 25 dirigeants
2142 1666 115 21 s'étalent
2275 1667 114 20 attaches
2411 1667 15 20 à
2446 1667 84 20 formu-

1985 1693 36 20 ler
2040 1693 43 21 des
2102 1692 74 25 Idées,
2194 1692 16 21 à
2228 1692 113 21 élaborer
2358 1698 35 14 un
2411 1698 118 20 program-

1985 1724 47 19 me,
2066 1718 16 21 à
2117 1719 110 20 discuter
2259 1719 43 21 des
2337 1719 136 24 doctrines;
2508 1719 31 20 ils

1984 1745 101 21 avalent
2100 1750 31 15 en
2147 1750 116 16 commun
2277 1750 35 16 un
2326 1745 85 25 esprit,
2429 1746 43 20 d^s
2486 1746 42 19 ten-

1985 1771 99 24 dances,
2104 1772 43 20 des
2167 1772 158 24 aspirations.

2012 1798 34 20 Ils
2065 1799 57 20 sont
2139 1798 83 23 sortis,
2241 1797 165 25 aujourd'hui,
2424 1797 30 22 de
2473 1798 65 20 cette

1986 1822 100 26 période
2110 1823 169 26 préliminaire
2302 1824 30 20 de
2358 1824 134 21 recherche
2515 1825 26 19 et

1985 1849 183 22 d'élaboration.
2181 1850 67 20 Leur
2261 1850 159 21 mouvement
2434 1856 15 15 n
2465 1851 64 20 chan-

1985 1874 30 26 gé
2035 1876 110 25 d'aspect
2166 1877 25 20 et
2212 1876 112 25 d'allure;
2346 1877 18 20 il
2384 1882 16 15 a
2420 1882 45 15 son
2485 1882 45 20 pro-

1985 1907 119 19 gramme,
2126 1907 39 16 ses
2187 1902 94 25 cadres,
2303 1908 46 15 son
2370 1902 105 25 journal.

2011 1927 33 21 Ce
2062 1933 159 20 programme
2237 1929 70 25 porte
2326 1934 44 15 sur
2386 1930 25 19 la
2430 1929 108 20 réforme

1985 1953 32 21 du
2034 1953 94 25 régime
2144 1954 167 25 économique,
2328 1955 25 20 la
2370 1954 107 22 réforme
2496 1956 43 20 des

1986 1980 155 22 institutions
2167 1981 132 25 politiques
2326 1982 26 20 et
2377 1982 26 20 la
2431 1981 108 21 réforme

1985 2007 101 20 morale.

2013 2033 34 19 Le
2077 2034 160 19 mouvement
2265 2039 16 15 a
2310 2039 40 15 ses
2378 2034 89 22 cadras
2477 2039 7 16 :
2514 2034 27 21 la

1986 2058 115 21 Centrale
2122 2059 123 25 Politique
2267 2060 30 21 de
2320 2060 128 25 Jeunesse,
2469 2066 62 20 orga-

1986 2084 80 20 nisme
2093 2085 126 21 directeur
2245 2087 26 20 et
2298 2087 181 25 coordinate-ir,
2507 2088 33 23 et,

1986 2111 147 21 localement
2154 2112 35 19 les
2212 2111 107 26 équipes.
2340 2113 200 25 L'organUitlon

1985 2137 38 19 est
2040 2136 50 21 très
2108 2138 85 24 souple
2210 2139 26 19 et
2253 2138 47 21 l'on
2317 2137 65 22 évite
2400 2140 130 25 soigneuse-

1986 2163 70 20 ment
2079 2163 29 20 de
2132 2164 87 24 porter
2242 2165 106 21 atteinte
2371 2170 50 16 aux
2443 2167 87 25 organi-

1988 2188 95 22 sations
2108 2190 144 21 existantes.
2276 2191 48 21 Les
2348 2192 125 21 membres
2498 2192 44 21 des

1987 2213 101 27 équipes
2120 2215 113 23 étudient
2262 2217 25 21 le
2316 2222 166 21 programme,
2513 2224 28 16 se

1987 2242 148 20 consacrent
2155 2241 18 21 à
2195 2243 25 20 la
2240 2244 161 25 propagande
2424 2247 25 19 et
2472 2245 60 20 cher-

1986 2267 76 21 chent
2082 2266 17 21 à
2121 2273 125 19 rayonner
2270 2270 64 21 dans
2357 2271 57 20 tous
2438 2272 35 20 les
2495 2272 36 20 mi-

1986 2293 72 20 lieux.
2078 2293 130 22 L'orateur
2227 2295 49 21 fait
2296 2297 74 24 appel
2390 2296 17 21 à
2427 2301 56 18 tous
2504 2298 36 20 les

1986 2319 123 22 membres
2133 2320 115 25 présents
2270 2327 63 20 pour
2356 2323 72 25 qu'ils
2450 2325 81 20 consti-

1986 2345 78 25 tuent,
2085 2348 102 23 partout
2210 2347 32 21 où
2262 2349 59 20 elles
2341 2349 133 21 n'existent
2493 2356 46 20 pas

1986 2375 95 20 encore,
2101 2372 43 20 des
2164 2372 101 26 équipes
2285 2375 31 20 de
2335 2380 29 15 ce
2383 2381 83 19 genre.

2012 2397 35 21 Le
2074 2402 160 19 mouvement
2260 2406 17 15 a
2304 2406 46 16 son
2377 2402 100 24 journal
2504 2403 25 21 bi-

1985 2426 111 19 mensuel
2115 2425 133 26 «L'Esprit
2267 2427 120 22 Nouveau
2402 2435 20 14 ».

2012 2450 130 21 L'orateur
2162 2454 139 20 commente
2324 2455 36 19 les
2382 2454 158 25 exp.'îrlences

1985 2476 43 23 qui
2049 2481 27 15 se
2098 2478 58 20 sont
2178 2477 160 27 développées
2360 2479 18 22 à
2399 2481 30 21 l'é
2431 2482 8 12 f
2437 2487 102 20 .r?r>ger,

1986 2502 157 25 l'incroyable
2178 2504 154 24 dynamisme
2367 2507 92 21 suscité
2494 2515 46 19 par

1986 2527 43 22 des
2050 2532 172 19 mouvements
2243 2537 136 19 nouveaux,
2399 2534 96 26 malgré
2515 2536 25 20 la

1988 2554 131 24 puissance
2145 2558 137 23 apparente
2307 2559 43 20 des
2374 2561 80 23 partis
2480 2562 51 20 exis-

1986 2581 76 23 tants,
2090 2583 26 19 et
2139 2582 27 21 la
2190 2582 137 24 résistance
2354 2586 43 21 des
2422 2589 117 22 pouvoirs

1986 2605 95 22 établis.

2012 2632 48 21 Les
2091 2634 160 26 catholiques,
2280 2637 43 25 qui
2352 2638 127 26 disposent
2508 2640 31 21 de

1984 2663 148 21 ressources,
2148 2662 42 23 qui
2207 2664 44 19 ont
2268 2668 48 16 une
2333 2664 112 22 doctrine
2461 2667 68 20 admi-

1988 2685 75 24 rable,
2088 2688 98 20 sont-ils
2211 2688 142 26 incapables
2378 2691 58 21 d'un
2463 2694 78 20 pareil

1987 2710 172 25 dynamisme?
2191 2714 176 24 Resteront-ils
2398 2718 62 21 dans
2492 2725 48 15 une

1986 2737 107 24 position
2114 2739 120 22 d'attente
2255 2744 25 19 et
2299 2743 33 20 de
2351 2742 119 24 défense?
2491 2746 48 21 Les

1983 2763 89 24 jeunes
2089 2765 30 20 de
2136 2766 103 25 l'Esprit
2253 2768 121 22 Nouveau
2391 2776 31 15 ne
2439 2773 101 20 veulent

1984 2794 45 20 pas
2042 2790 131 22 bousculer
2187 2794 65 20 leurs
2265 2794 76 25 aînés,
2354 2797 83 20 renier
2448 2798 22 19 le
2483 2804 46 20 pas-

1985 2815 33 24 sé,
2037 2821 26 15 se
2082 2816 85 22 lancer
2184 2819 63 21 dans
2266 2821 43 21 des
2325 2823 141 24 aventures,
2484 2826 45 20 s'al-

1986 2841 45 21 lier
2049 2848 61 15 avec
2128 2845 36 19 les
2183 2847 138 22 socialistes
2340 2854 32 15 ou
2390 2855 61 16 avec
2470 2856 17 15 n
2495 2852 34 20 im-

1986 2869 71 22 porte
2084 2870 49 23 qui.
2159 2871 156 30 Pleinement
2342 2876 140 22 conscients
2509 2878 30 21 de

1987 2894 67 22 leurs
2081 2896 297 27 responsabilitès^aiïs
2401 2907 35 16 un
2460 2904 79 21 effort

1987 2920 30 21 de
2035 2922 136 26 solidarité,
2187 2927 163 27 respectijyaux
2368 2928 30 21 de
2415 2930 125 22 l'autorité

1978 2946 70 35 ^dans
2062 2948 25 20 la
2102 2948 135 26 discipline;
2245 2951 37 21 Uls
2290 2952 107 23 Wëtilènt
2411 2960 27 16 se
2454 2961 76 17 consa-

1978 2977 63 20 crer
2058 2979 17 15 a
2091 2974 210 26 l'établissement,
2311 2979 59 21 tfun
2389 2981 73 21 ordre
2479 2987 50 17 nou-

1985 3003 71 18 veau.
2203 3019 4 3 .
2270 3012 7 13 t
2304 3006 19 20 H

1982 3024 15 31 ?
2034 3041 15 13 r
2057 3039 7 5 -
2095 3040 23 9 ....
2198 3028 38 23 La
2252 3029 110 23 >roIssIon
2384 3032 45 23 des
2449 3034 90 26 jeunes

1977 3059 20 23 U
2015 3059 43 22 M.,
2070 3060 93 23 Marcel
2183 3063 157 28 Vercruysse,
2362 3065 127 26 président
2510 3068 30 22 fie

1985 3085 30 21 lia
2030 3086 125 23 -Centrale
2180 3090 118 26 politique
2330 3092 43 21 des
2405 3094 135 28 jeunesses,

1989 3113 69 24 parle
2078 3115 30 20 de
2128 3115 25 20 la
2174 3115 105 22 mission
2294 3117 45 23 des
2358 3119 95 25 jeunes.

2016 3139 48 21 Les
2102 3140 88 24 jeunes
2212 3151 4 4 ■
2229 3143 100 22 veulent
2366 3151 27 16 se
2432 3148 109 24 pencher

1990 3166 150 23 loyalement
2164 3173 45 16 sur
2233 3169 36 22 les
2301 3171 153 22 douloureux
2485 3179 46 20 pro-

1978 3190 103 33 blèmes
2107 3193 43 21 des
2174 3195 81 25 temps
2274 3194 126 27 "présents.
2425 3199 35 22 Us
2484 3205 48 16 veu-

1989 3217 58 26 lent,
2070 3224 34 16 au
2127 3221 130 26 contraire,
2280 3229 13 14 «
2314 3228 48 20 que
2383 3225 23 21 le
2430 3225 110 23 désarroi

1989 3245 26 20 et
2044 3246 23 20 le
2098 3246 117 23 désordre
2244 3249 54 22 des"
2298 3253 4 8 T
2308 3251 89 25 -temps
2426 3251 115 25 présents

1982 3271 88 25 .soient
2091 3274 24 20 le
2135 3274 120 24 ferment-
2267 3275 51 23 réel
2339 3279 26 20 et
2387 3278 74 22 voulu
2467 3279 74 22 ■■d'un

1990 3298 93 25 régime
2099 3298 117 24 ■nouveau
2236 3307 20 17 *.
2271 3301 4 11 '■
2294 3302 10 13 *
2318 3301 6 21 '.

2015 3331 78 22 —^Les
2110 3333 88 24 jeunes
2216 3334 44 22 ne*
2267 3327 95 30 croient
2379 3328 102 33 pas*àiï
2497 3340 36 20 mi-

1988 3358 68 21 racle
2073 3359 35 20 du
2125 3361 136 25 sauvetage
2279 3364 114 24 général!
2411 3365 27 20 Si
2458 3371 33 15 on
2510 3371 32 16 ne

1989 3386 116 22 parvient
2123 3392 47 19 pas
2190 3389 16 19 à
2227 3389 26 20 la
2278 3390 193 25 multiplication
2498 3392 45 21 des

1989 3411 80 25 pains,
2105 3415 126 19 comment
2267 3416 214 23 parviendra-t-on
2524 3420 17 20 à

1989 3438 147 22 ressusciter
2157 3441 36 21 les
2214 3443 94 23 mort»!.

2017 3465 22 20 Il
2055 3466 58 23 faut
2130 3466 61 26 dire,
2208 3472 33 16 au
2257 3469 132 25 contraire,
2407 3475 54 20 que,
2479 3476 64 20 pour

1988 3492 104 22 pouvoir
2111 3497 87 16 mener
2217 3495 66 21 cette
2302 3496 63 20 lutte
2384 3498 121 24 nouvelle,
2524 3499 20 19 il

1989 3522 31 15 ne
2038 3518 75 24 suffit
2130 3524 46 19 pas
2193 3522 31 20 de
2240 3527 27 17 ee
2285 3523 144 23 gargariser
2446 3524 31 20 de
2494 3525 39 20 dis-

1989 3548 73 17 coure
2080 3550 32 16 ou
2130 3546 149 25 d'esquisser
2294 3548 46 21 des
2356 3550 92 23 petites
2464 3551 70 24 réfor-

1990 3575 54 16 mes
2068 3572 43 23 qui
2135 3573 155 24 tromperont
2321 3576 105 24 quelque
2457 3577 83 25 temps

1989 3596 140 22 Vattention
2143 3599 34 20 du
2191 3600 95 24 peuple.
2300 3601 23 20 Il
2337 3602 58 23 faut
2409 3602 82 25 plutôt
2506 3609 27 14 re-

1987 3624 92 23 garder
2100 3629 62 16 avec
2185 3631 35 15 un
2242 3631 107 21 courage
2372 3629 64 19 total
2458 3630 84 20 toutes

1988 3650 37 21 les
2044 3651 69 20 tares
2131 3652 31 20 de
2181 3653 73 20 notre
2271 3653 90 25 édifice
2380 3655 125 24 national;
2524 3656 18 20 il

1989 3676 57 24 faut
2063 3678 118 19 remettre
2199 3683 32 15 en
2249 3680 122 25 question,
2386 3681 148 24 implacable-

1989 3703 77 25 ment,
2085 3704 55 19 tout
2161 3710 28 15 ce
2210 3706 43 23 qui
2273 3706 53 21 doit
2345 3707 82 24 l'être;
2446 3708 19 20 il
2484 3709 58 24 faut

1992 3729 100 24 balayer
2115 3731 26 19 et
2173 3732 109 24 extirper
2311 3733 231 25 impitoyablement

1989 3756 56 20 tout
2067 3761 29 15 ce
2120 3757 42 24 qui
2185 3759 124 21 constitue
2331 3764 36 16 un
2391 3764 14 15 o
2409 3760 92 22 bstacle
2525 3762 16 20 à

1989 3781 183 23 l'instauration
2190 3783 58 22 d'un
2264 3786 94 24 régime
2376 3791 121 17 nouveau.

2016 3814 61 21 Plus
2096 3816 51 21 loin
2168 3821 8 17 :

2004 3852 41 28 —
2058 3848 33 21 Ce
2126 3853 47 20 que
2198 3854 65 17 noue
2288 3850 167 23 n'admettons
2489 3858 54 19 pas,

1990 3874 60 20 c'est
2065 3875 23 20 le
2104 3876 127 24 politicien
2247 3878 43 24 qui
2305 3878 107 25 exploite
2428 3879 25 19 la
2471 3880 61 19 beau-

1991 3902 23 18 té
2035 3901 34 20 du
2089 3902 140 21 socialisme
2238 3918 5 3 .
2250 3907 33 16 ou
2303 3904 35 20 du
2358 3904 184 22 christianisme

1987 3932 64 19 pour
2073 3928 134 21 s'installer
2230 3930 225 24 confortablement
2478 3932 63 20 dans

1989 3953 36 21 les
2041 3954 120 24 fauteuils
2177 3960 86 17 cossue
2279 3956 31 21 de
2328 3957 104 25 quelque
2449 3958 93 20 société

1988 3980 208 25 rémunératrice;
2215 3983 75 20 c'eest
2310 3983 25 20 le
2353 3983 126 25 financier
2499 3985 42 24 qui

1989 4007 96 24 appelle
2101 4007 17 21 à
2134 4008 94 24 grande
2244 4009 51 21 cris
2311 4009 63 21 dans
2380 4008 53 23 lees
2449 4011 93 20 caisses

1990 4032 125 26 l'épargne
2139 4034 46 20 des
2208 4034 159 22 travailleurs
2390 4037 26 19 et
2439 4037 102 20 s'abrite

1988 4060 97 21 ensuite
2105 4060 109 23 derrière
2233 4062 36 21 les
2288 4062 47 22 loie
2354 4065 65 22 pour
2435 4067 32 16 ne
2486 4063 56 25 plue

1988 4090 115 17 assumer
2119 4087 24 20 ta
2158 4088 189 24 responsabilité
2363 4089 31 20 de
2409 4093 42 16 ses
2466 4090 75 20 actee.

2016 4112 70 22 Dans
2104 4113 24 20 la
2146 4113 62 21 lutte
2226 4112 123 23 d'homme
2366 4115 16 20 à
2401 4115 107 26 homme,
2524 4115 18 21 il

1990 4140 60 23 peut
2066 4144 17 20 y
2099 4141 71 20 avoir
2187 4140 31 21 de
2235 4140 26 22 la
2278 4141 103 21 beautêl

2015 4166 71 20 Dans
2109 4166 178 25 l'exploitation
2309 4168 43 20 des
2374 4167 50 21 loie
2443 4172 33 16 ou
2497 4168 45 21 des

1990 4191 122 26 opinions,
2133 4193 20 20 il
2177 4192 49 25 n'y*
2246 4197 18 18 a
2295 4196 48 21 Que
2367 4193 97 21 lâcheté
2468 4193 14 24 f
2506 4194 36 21 Et

1989 4219 84 23 quand
2094 4223 64 16 noue
2180 4219 102 25 parlons
2304 4221 29 19 de
2357 4221 144 25 profiteurs,
2522 4221 20 20 il

1988 4249 32 16 ne
2033 4244 75 25 s'agit
2121 4250 47 20 pae
2182 4246 138 20 eeulement
2334 4246 44 22 dee
2393 4246 149 25 exploiteurs

1988 4269 113 24 dargent
2111 4275 9 15 :
2142 4271 19 20 il
2183 4270 79 27 e'agit,
2278 4272 78 20 avant
2377 4272 61 24 tout,
2457 4274 25 19 et
2489 4290 3 4 .
2500 4288 6 8 t
2505 4277 38 15 ee-

1988 4290 183 28 eenàellement
2192 4297 44 22 dee
2256 4298 150 25 exploiteure
2427 4298 30 20 de
2485 4303 47 16 con-

1988 4323 92 24 fiance,
2099 4323 30 21 de
2148 4328 62 16 ceux
2228 4325 42 24 qui
2288 4325 112 20 abritent
2413 4324 71 22 lettre
2500 4330 43 20 pe-

1989 4350 59 20 titee
2069 4350 99 21 vanités
2191 4350 145 22 électorales
2358 4350 109 21 derrière
2497 4352 45 20 des

1988 4375 194 24 proclamations
2201 4376 160 25 d'hérdïeme;
2379 4377 19 20 41
2417 4376 75 26 e'agit
2511 4378 30 20 de

1989 4403 96 20 ceux-là
2101 4404 42 23 qui
2159 4404 111 19 abritent
2286 4403 67 20 leurs
2368 4403 106 22 intérêts
2488 4408 54 21 per-

1986 4428 101 20 sonnele
2100 4429 16 19 à
2132 4428 111 22 l'ombre.
2248 4429 59 20 d'un
2320 4428 164 21 dévouement
2499 4429 33 25 hy-

1988 4454 95 24 pocrite
2103 4459 50 17 aux
2174 4456 105 21 intérêts
2301 4455 142 26 supérieurs
2464 4455 32 21 de
2517 4456 25 21 la

1989 4481 87 20 nation
2079 4481 10 20 !

2015 4507 35 21 Et
2063 4507 63 26 puis,
2140 4508 91 21 autour
2245 4508 31 22 de
2290 4512 42 17 ces
2346 4507 150 26 exploiteure
2511 4508 30 24 dç

1988 4533 25 20 la
2026 4533 131 25 confiance
2171 4528 136 33 ^oopûlaite,
2322 4530 90 25 rôdent
2426 4534 36 21 lee
2477 4535 65 21 amis

1988 4560 121 25 suspects,
2127 4559 63 21 ceiix
2209 4556 43 29 qui
2271 4558 97 23 n'oeènt
2386 4558 46 28 paé
2451 4560 81 21 dénon-

1987 4589 43 16 cer
2054 4585 36 21 lee
2116 4586 76 19 tares-
2210 4586 82 25 pdràe-
2303 4585 80 26 "qû'ile
2408 4583 133 24 redoutent

1989 4611 44 21 dee
2052 4609 163 28 repréeaiîles.

2015 4638 23 21 Il
2057 4643 17 19 y
2094 4643 17 16 a
2131 4643 42 17 cee
2194 4638 184 22 camaraderies
2398 4639 43 25 qui
2461 4640 72 24 étouf-

1987 4663 57 24 fent
2067 4664 36 21 les
2124 4665 140 24 scandales,
2288 4665 41 25 qui
2359 4666 113 20 arrêtent
2504 4666 36 20 les

1988 4691 124 20 nouvelles
2132 4691 238 24 coynpromettantee
2381 4696 3 21 \
2390 4692 17 20 à
2426 4692 106 20 mi-cour-

1987 4721 36 20 se,
2038 4717 43 24 qui
2095 4717 146 24 organisent
2249 4718 32 20 .ïu
2283 4718 137 27 ^diversion
2438 4723 31 14 en
2485 4718 46 20 lais-

1988 4744 58 18 sant
2070 4742 126 21 entrevoir
2218 4742 192 26 l'hypothétique
2441 4745 99 20 ennemi

1988 4769 31 20 de
2035 4769 124 20 certaines
2174 4769 31 20 de
2220 4769 56 21 Tidë'
2279 4769 138 26 vroyancès
2432 4771 37 21 les
2484 4771 57 25 plus

1988 4795 94 20 chères.

2015 4821 42 20 Eh
2075 4821 63 25 bien,
2154 4822 19 20 il
2189 4814 63 32 fà&f
2263 4826 47 21 que
2320 4816 56 27 \Von
2384 4819 83 24 'sache
2483 4821 49 22 clai-

1987 4847 98 21 rement
2090 4851 60 22 .que
2159 4851 79 25 .qaus,
2256 4848 35 21 les
2311 4848 95 24 jeunes,
2424 4853 46 14 mm
2473 4853 12 14 s
2503 4852 28 17 re-

1987 4871 97 26 fusons'
2092 4872 109 22 d'entrer
2215 4875 62 19 dans
2292 4880 27 14 ce
2334 4875 43 23 jeu
2390 4874 96 21 servile.

2016 4898 39 21 On
2076 4905 15 14 a
2114 4899 67 21 beau,
2196 4904 29 16 se
2231 4912 3 7 ,
2245 4903 104 21 moquer
2369 4899 44 22 dee
2435 4900 23 19 d.
2461 4902 23 17 et
2487 4901 43 18 atti-

1990 4931 39 14 res
2047 4927 25 20 et
2090 4925 31 22 de
2139 4926 67 22 leurs
2223 4925 100 25 âepecte
2339 4925 97 26 parfois
2452 4926 81 22 ridicu-

1988 4951 49 24 les;
2054 4952 20 21 il
2093 4952 74 24 reste,
2186 4952 146 24 cependant,
2351 4952 57 25 qu'il
2426 4952 65 25 faut,
2502 4957 29 16 sa-

1988 4978 55 21 voir
2055 4978 61 21 tirer
2128 4978 26 21 la
2169 4979 69 22 leçon
2252 4979 30 20 de
2297 4980 53 19 leur
2362 4978 104 24 victoire
2479 4983 64 21 pour

1989 5008 33 16 en
2037 5004 79 21 éviter
2129 5004 61 20 chez
2203 5009 63 16 noue
2282 5004 22 21 le
2319 5004 153 22 douloureux
2486 5002 48 24 avè-

1988 5031 109 22 nement.

1999 5056 11 14 /
2016 5056 35 20 Et
2071 5061 64 15 nous
2156 5055 87 26 tirons,
2263 5054 164 28 notamment,
2448 5056 31 22 de
2500 5061 42 17 ces

1989 5081 158 25 expériences
2168 5081 145 28 étrangère^
2332 5079 38 27 .ta
2390 5082 78 25 leçon.
2484 5083 59 25 qu'Ai

1991 5113 32 15 ne
2039 5108 79 24 e'agit-
2130 5113 47 20 pae
2194 5110 78 20 avant
2288 5109 56 21 tout
2357 5110 35 20 de
2410 5110 71 20 créer
2499 5110 44 21 des

1992 5135 153 19 institutions
2162 5134 134 27 nouvelles,
2311 5130 66 27 mais
2395 5135 58 26 qu'il
2470 5136 73 25 s'agit

1989 5161 78 20 avant
2088 5161 56 20 tout
2165 5160 30 21 de
2217 5161 74 25 créer,
2307 5166 36 16 un
2364 5162 99 21 homme
2484 5166 51 17 nou-

1990 5190 65 17 veau
2067 5187 26 20 et
2105 5187 31 21 de
2149 5187 91 24 fonder
2252 5191 42 16 un.
2301 5188 94 25 régime
2409 5189 44 24 qui
2465 5188 49 21 soit
2527 5188 17 21 à

1991 5212 98 25 l'tmage
2108 5212 31 21 de
2158 5213 41 20 cet
2218 5212 98 23 homme
2336 5218 120 17 nouveau.

2018 5237 73 26 Cest,
2113 5243 32 16 en
2167 5238 96 25 réalité,
2284 5239 18 20 à
2323 5236 125 25 Véclosioh
2470 5240 73 22 d'une

1992 5264 150 20 civilisation
2165 5264 114 21 nouvelle
2302 5270 48 20 que
2381 5269 64 17 noue
2468 5266 76 21 aeeie-

1992 5291 57 21 tons
2063 5291 75 24 après
2152 5291 72 20 avoir
2239 5291 84 25 épuisé
2338 5292 23 21 le
2376 5296 46 17 eue
2437 5292 30 20 de
2483 5292 61 21 celle

1992 5317 43 24 qui
2052 5316 129 25 disparait.

2016 5348 130 21 L'orateur
2167 5348 105 21 combat-
2287 5350 23 20 le
2332 5348 150 25 libéralisme
2504 5354 29 17 ca-

1990 5375 111 25 pitaliste
2121 5376 26 20 et
2167 5375 24 20 le
2211 5374 141 23 socialisme
2364 5376 136 21 -marxSte.
2521 5374 22 21 Il

1989 5400 115 26 poursuit
2113 5405 7 17 ;
2316 5411 6 6 -

2019 5434 70 22 Nous
2107 5433 105 23 voulons
2229 5439 36 17 un
2283 5435 86 22 t'Utnat
2386 5439 114 17 nouveau
2518 5434 26 20 et

1991 5464 50 17 une
2061 5461 38 24 foi
2119 5460 119 22 nouvelle.
2259 5461 71 21 Nous
2352 5461 102 21 vonlone
2475 5459 68 21 aussi

1992 5486 45 22 des
2050 5487 72 25 cJiefs
2137 5488 49 24 qui,
2194 5487 114 24 puissent
2321 5487 92 22 établir,
2425 5487 65 20 cette
2504 5485 40 20 vie

1992 5513 113 21 nouvelle
2118 5514 33 24 et,
2162 5513 107 26 surtout,
2282 5514 42 24 qui
2336 5513 132 22 inca*i.cnt
2480 5510 63 21 dans

1991 5537 54 21 leur
2062 5543 90 20 propre
2171 5538 40 21 vie
2228 5542 29 16 ce
2276 5539 70 24 qu'ils
2365 5535 178 24 âemandnont

1991 5568 34 16 au
2041 5564 95 25 peuple.
2278 5565 24 23 •{*

2020 5590 23 22 Il
2062 5595 32 16 ne
2112 5590 74 25 s'agit
2204 5590 57 25 plus
2279 5590 30 23 de
2328 5596 29 16 ce
2375 5588 169 22 eatholicisme

1992 5617 109 21 oratoire
2116 5622 47 20 que
2178 5617 45 24 dee
2237 5617 147 26 politiciens,
2399 5619 37 19 «m.
2446 5614 51 20 mal
2513 5614 30 20 de

1992 5643 112 24 mandat,
2122 5642 116 22 exhibent
2257 5648 44 18 sur
2317 5643 45 21 des
2381 5640 114 22 tréteaux
2513 5640 31 21 de

1993 5668 171 22 circonetance
2182 5673 64 21 pour
2264 5671 33 19 ert
2314 5668 65 25 faire
2398 5671 35 15 un
2452 5665 83 21 instru-

1992 5696 71 20 ment
2075 5695 30 20 de
2117 5692 79 28 parti;
2207 5695 19 21 il
2238 5699 32 17 ne
2281 5692 74 27 e*agit
2366 5697 46 21 pae
2424 5696 51 16 non
2487 5691 57 26 plus

1993 5720 31 22 de
2046 5726 29 16 ce
2097 5721 63 26 petit
2183 5719 169 25 catholicisme
2374 5717 104 26 paisible
2501 5718 42 25 qui

1994 5752 88 16 excuse
2098 5753 41 15 ses
2155 5747 130 25 injustices
2300 5746 32 21 de
2349 5746 56 20 tous
2422 5743 44 24 les.
2474 5743 71 25 jours

1993 5777 47 21 par
2056 5778 49 17 une
2123 5773 84 21 hàtiv-à
2224 5776 81 21 messfi
2322 5772 57 20 tous
2397 5770 35 21 les
2451 5770 83 19 diman-

1994 5800 71 23 ches;
2078 5800 20 21 il
2111 5804 32 17 ne
2156 5798 75 25 s'agit
2245 5799 98 21 surtout
2358 5801 46 21 pas
2417 5796 32 23 de
2462 5801 29 16 oe
2505 5801 31 16 ca-

1994 5822 139 24 tholicisme
2156 5824 61 21 dont
2246 5827 29 17 ee
2303 5822 102 22 eervent
2434 5822 110 22 certains

1993 5856 64 21 pour
2074 5850 110 23 éteindre
2201 5850 45 21 des
2263 5846 123 33 légitimes
2403 5848 114 22 révoltes.

1985 5885 10 13 ,:
2019 5877 72 21 Nous
2113 5881 33 16 en
2167 5879 80 18 avons
2269 5880 70 16 assez
2360 5874 60 22 d'un
2442 5875 103 21 catholi-

2567 542 75 19 risme
2655 541 115 20 d'intérêt
2780 547 9 19 ;
2803 546 62 15 nous
2877 541 103 21 voulons
2993 547 34 15 u*\
3038 544 72 19 catho-

2566 568 95 19 licisme
2684 568 63 19 total
2771 570 25 17 et
2819 568 101 23 accepté
2944 568 113 24 jusqu'en
3079 574 41 15 ses

2567 594 126 19 dernières
2713 594 183 23 conséquences
2914 594 97 24 logique
3016 600 15 14 t.

2594 621 39 19 On
2652 625 63 16 nous
2734 626 17 14 a
2772 621 125 20 tellement
2918 621 68 24 parlé
3006 622 113 24 jusqu'ici

2566 646 31 19 de
2612 651 45 14 nos
2673 646 91 24 droits;
2778 647 22 19 si
2816 651 63 15 nous
2893 651 63 15 nous
2972 648 119 19 mettions
3105 649 16 19 à

2564 673 83 23 parler
2665 673 80 24 plutôt
2764 673 30 19 de
2813 677 46 15 nos
2878 673 104 20 devoirs.

2594 700 39 19 Au
2652 700 64 19 droit
2736 699 34 20 du
2789 700 98 23 citoyen
2906 700 52 20 doit
2978 704 132 21 correspon-

2566 726 44 21 dre
2631 726 22 20 le
2673 726 85 20 devoir
2778 726 33 19 du
2832 727 104 23 citoyen.

2597 753 30 19 Et
2650 753 66 20 alors
2739 753 84 24 quand
2845 752 35 21 les
2902 753 70 19 aînés
2995 757 63 16 nous
3081 753 29 19 de-

2569 779 118 20 mandent
2706 784 9 15 ;
2733 785 12 13 «
2764 779 51 24 Que
2832 779 171 19 voule^-vousf
3022 784 20 18 »,
3058 782 63 18 nous

2567 806 54 20 leur
2639 806 84 19 disons
2745 811 8 15 ;
2774 812 12 12 «
2806 806 83 19 Avant
2909 806 53 19 tout
2963 820 8 10 f
2990 805 44 21 des
3053 806 57 19 hom-

2566 833 67 19 mes!
2649 838 13 13 »

2595 859 21 19 7/
2627 859 57 23 faut
2697 859 91 19 mettre
2800 858 37 24 fin
2851 863 33 14 au
2898 858 93 24 régime
3004 858 30 20 de
3048 858 63 20 l'ano-

2567 886 86 22 nymat
2674 886 25 18 et
2720 885 30 20 dc
2781 885 225 24 l'irresponsabilité
3035 885 76 19 collec-

2568 911 62 23 tive;
2649 912 17 19 il
2684 912 57 23 faut
2760 911 90 20 établir
2867 916 36 15 un
2921 911 72 20 ordre
3013 912 32 18 où
3064 912 47 18 cha-

2567 942 49 15 cun
2637 937 76 21 devra
2734 943 27 15 se
2783 937 89 20 rendre
2893 939 97 22 compte
3012 938 30 19 dc
3066 939 55 19 tous

2568 969 40 15 ses
2626 966 68 18 actes
2712 966 23 18 et
2753 964 70 20 subir
2840 965 81 19 toutes
2940 964 36 20 les
2993 965 128 19 sanctions

2568 996 62 18 pour
2647 996 40 15 ses
2705 991 69 24 faits.

2593 1016 26 20 Si
2635 1021 62 15 nous
2711 1017 87 19 avions
2814 1016 22 19 le
2852 1020 106 19 courage
2974 1016 30 19 de
3022 1016 99 23 balayer

2568 1044 81 19 toutes
2671 1043 35 20 les
2727 1042 225 25 irresponsabilités
2974 1042 148 25 collectives,

2567 1074 63 15 nous
2648 1070 101 19 filtrions
2767 1070 57 19 créé
2841 1074 35 14 un
2894 1069 86 20 climat
2998 1069 30 19 de
3046 1069 75 23 fierté

2568 1097 22 18 et
2614 1095 131 24 tl'énergie,
2766 1100 64 15 noue
2851 1095 102 19 aurions
2975 1099 48 15 mis
3045 1096 38 22 }\n
3106 1095 15 19 à

2567 1123 65 19 cette
2646 1123 96 23 facilité
2758 1123 63 19 dans
2837 1121 104 24 laquelle
2957 1125 63 16 nous
3035 1122 77 23 patau-

2567 1153 84 20 geons,
2671 1153 62 16 nous
2753 1149 103 20 aurions
2874 1147 77 25 fondé
2972 1152 32 16 un
3027 1148 94 24 régime

2567 1175 64 21 viril.

2593 1211 30 4 —
2643 1201 48 20 Les
2712 1202 94 24 jeunes,
2827 1201 37 20 dit
2886 1204 89 17 encore
2997 1200 124 25 l'orateur,

2566 1227 100 21 veulent
2688 1228 127 20 restaurer
2835 1232 45 15 sur
2902 1226 44 21 des
2969 1226 71 20 bases
3062 1231 51 15 nou-

2568 1254 75 20 velles
2658 1255 25 19 la
2697 1254 176 20 communauté
2888 1253 121 25 familiale
3025 1253 25 19 et
3067 1258 44 19 pro-

2567 1281 165 24 fessionnelle.
2753 1281 35 20 Ils
2810 1279 101 21 veulent
2933 1279 69 20 aussi
3024 1279 24 20 la
3071 1284 40 15 res-

2567 1307 127 20 tauration
2713 1307 133 20 nationale.
2865 1306 86 24 Enfin,
2970 1306 32 20 ils
3021 1306 100 19 veulent

2566 1333 69 20 aussi
2656 1333 43 20 des
2719 1333 71 25 chefs
2810 1333 42 25 qui
2871 1332 105 19 sachent
2996 1336 115 15 comman-

2568 1359 45 21 der
2628 1360 26 20 et
2671 1361 42 23 qui
2729 1360 124 25 inspirent
2869 1360 25 20 la
2910 1359 138 23 confiance.

2775 1391 121 22 Discours
2912 1391 32 21 de
2959 1390 34 21 M.
3008 1390 115 21 Pauwels

2595 1425 39 21 On
2656 1426 91 21 entend
2768 1426 97 21 ensuite
2887 1429 48 16 une
2958 1423 121 32 discours^
3092 1422 29 23 de

2568 1452 32 21 M.
2620 1452 120 25 Pauwels,
2761 1452 127 25 président
2909 1451 29 20 de
2958 1451 26 20 la
3003 1449 109 22 Confédé-

2569 1479 81 20 ration
2669 1479 42 21 des
2730 1479 127 25 syndicats
2875 1476 132 22 chrétiens.

2594 1522 30 5 —
2640 1513 48 20 Sur
2705 1512 124 26 beaucoup
2846 1512 31 20 de
2892 1511 91 25 points,
2999 1510 71 24 dit-il,
3086 1510 35 20 les

2567 1539 67 21 idées
2657 1540 42 23 qui
2721 1540 123 24 inspirent
2866 1539 72 19 votre
2961 1538 84 19 action
3068 1542 43 15 cor-

2566 1565 151 24 respondent
2738 1566 16 19 à
2776 1565 74 20 celles
2873 1564 31 19 de
2927 1564 71 19 notre
3021 1568 89 15 mouve-

2566 1593 70 18 ment
2658 1592 112 24 syndical
2792 1591 119 22 chrétien.
2941 1590 70 20 Nous
3042 1595 78 15 avons

2568 1623 34 15 un
2619 1618 66 20 idéal
2702 1623 123 15 commun.
2843 1618 50 20 Des
2911 1617 93 19 années
3022 1616 99 24 durant,

2566 1650 63 15 nous
2651 1650 78 17 avons
2753 1644 113 21 travaillé
2889 1648 63 20 pour
2975 1644 98 19 obtenir
3095 1643 23 20 le

2567 1672 98 24 respect
2683 1672 30 20 de
2730 1672 115 20 l'ouvrier
2863 1671 25 19 et
2906 1674 64 20 pour
2988 1670 98 19 aboutir
3104 1671 16 18 à

2568 1703 49 16 «ne
2639 1697 139 26 législation
2798 1697 99 21 sociale.
2918 1697 23 19 Il
2963 1700 62 16 nous
3055 1697 66 19 reste

2565 1725 158 24 aujourd'hui
2744 1726 16 19 à
2782 1726 127 18 restaurer
2931 1723 63 20 dans
3016 1723 36 20 les
3074 1724 38 19 mi-

2569 1752 65 19 lieux
2647 1752 111 20 ouvriers
2771 1752 24 20 la
2808 1751 87 19 notion
2908 1749 30 20 de
2951 1749 25 20 la
2988 1750 39 19 vie
3041 1749 30 20 de
3084 1750 28 23 fa-

2565 1778 74 20 mille.
2662 1778 75 20 Aussi
2758 1777 177 21 voulons-nous
2958 1776 109 24 extirper
3090 1780 29 15 ce

2566 1805 52 20 mal
2634 1804 79 25 qu'est
2729 1805 23 20 le
2768 1804 90 21 travail
2873 1803 31 20 de
2920 1803 25 19 la
2959 1802 93 24 femme
3068 1807 42 15 ma-

2568 1831 58 20 riée.

2593 1857 53 19 Par
2670 1856 108 25 ailleurs,
2803 1860 64 16 nous
2890 1855 130 23 souffrons
3044 1854 72 20 d'une

2567 1888 77 20 grave
2667 1884 64 20 crise
2753 1883 138 20 d'autorité.
2914 1882 89 19 L'Etat
3025 1886 17 14 a
3065 1886 45 15 exa-

2567 1910 59 24 géré
2639 1914 45 16 son
2697 1910 64 24 rôle;
2772 1911 18 19 il
2803 1915 17 15 a
2833 1910 55 20 tout
2902 1908 111 20 absorbé.
3024 1908 22 19 Il
3060 1907 61 20 était

2567 1936 65 24 fatal
2649 1936 58 24 qu'il
2722 1940 31 16 ne
2770 1936 45 24 put
2831 1935 91 23 suffire
2938 1934 16 19 à
2970 1934 62 19 tout.
3047 1933 75 20 Aussi

2566 1966 49 16 une
2659 1962 219 20 décentralisation
2921 1960 199 25 s'impose-t-elle.

2568 1989 37 22 De
2627 1989 24 20 là
2674 1990 25 19 la
2719 1989 121 20 nécessité
2862 1988 73 20 d'une
2957 1987 156 24 transforma-

2569 2016 53 20 tion
2642 2016 31 19 de
2694 2016 93 24 régime
2807 2020 64 20 pour
2890 2019 32 15 en
2942 2014 96 20 arriver
3058 2014 17 19 à
3096 2013 25 20 la

2567 2042 160 24 corporation
2745 2042 130 24 organisée
2894 2040 57 21 telle
2972 2044 47 20 que
3040 2040 25 19 la
3084 2044 28 15 re-

2569 2069 115 24 présente
2702 2069 25 19 la
2744 2068 155 25 proposition
2916 2067 31 20 de
2966 2066 34 20 loi
3018 2066 104 25 déposée

2569 2100 47 20 par
2632 2095 34 21 M.
2682 2096 121 23 Heyman.
2819 2095 72 20 Nous
2906 2092 146 25 entendons,
3069 2094 44 19 tou-

2567 2122 82 25 tefois,
2668 2126 47 20 par
2734 2122 72 21 notre
2826 2119 184 26 syndicalisme,
3029 2119 81 20 contri-

2570 2149 60 20 buer
2651 2153 34 15 au
2705 2149 203 24 développement
2929 2146 44 21 des
2993 2146 69 20 idées
3083 2150 30 15 ca-

2567 2176 123 24 tholiques
2717 2175 63 21 dans
2808 2175 36 20 les
2871 2173 103 23 milieux
3001 2173 118 20 ouvriers.

2568 2202 65 20 C'est
2654 2203 119 23 pourquoi
2795 2206 64 16 nous
2880 2199 151 25 défendrons
3060 2199 51 20 irré-

2567 2228 177 21 ductiblement
2776 2228 26 21 la
2828 2227 89 21 liberté
2945 2225 176 21 d'association

2569 2261 34 15 au
2617 2256 55 20 sein
2685 2255 31 20 de
2731 2256 24 20 la
2770 2254 158 26 corporation
2943 2252 137 25 organisée.

2595 2288 129 21 L'orateur
2740 2287 109 23 dénonce
2865 2285 97 22 ensuite
2978 2285 26 20 ïa
3019 2289 92 16 concen-

2568 2315 94 21 tration
2683 2315 122 20 excessive
2826 2314 43 20 des
2889 2313 110 24 banques
3021 2311 25 21 et
3066 2311 55 20 leur

2570 2341 139 21 immixtion
2730 2341 62 22 dans
2813 2341 23 20 le
2857 2338 115 22 domaine
2993 2337 130 21 industriel

2568 2368 99 25 qu'elles
2685 2367 139 21 contrôlent
2842 2364 164 27 aujourd'hui.
3024 2364 22 20 Il
3065 2364 57 20 faut

2569 2400 47 20 que
2632 2395 37 20 les
2684 2395 111 24 banques
2810 2392 151 26 reprennent
2978 2396 48 15 une
3042 2391 80 20 forme

2569 2422 70 20 saine
2661 2421 25 20 et
2706 2421 99 25 qu'elles
2827 2425 27 15 se
2877 2418 153 21 soumettent
3050 2416 17 21 à
3087 2421 35 16 un

2570 2446 109 22 contrôle
2697 2446 188 26 professionnel.

2589 2473 36 21 Le
2642 2472 51 22 rôle
2710 2473 25 20 et
2751 2470 124 23 l'autorité
2893 2470 33 21 du
2942 2469 104 26 pouvoir
3064 2467 43 22 exé-

2568 2501 64 20 cutif
2648 2500 98 21 doivent
2760 2499 52 21 être
2827 2497 134 23 renforcés,
2977 2497 25 20 et
3016 2501 48 20 peu
3079 2496 33 20 im-

2568 2527 70 25 porte
2660 2527 57 24 qu'il
2738 2532 27 16 se
2785 2526 97 24 trompe
2902 2524 103 25 parfois.
3027 2523 21 20 Il
3070 2523 52 20 doit

2568 2553 103 26 pouvoir
2692 2553 56 25 agir
2770 2556 61 17 avec
2853 2551 76 24 force,
2952 2549 169 26 rap'dement,,

2569 2580 168 25 indépendant
2762 2580 30 19 de
2816 2574 93 24 toutes'
2924 2577 36 20 les
2986 2576 82 21 forces
3093 2575 20 21 fi-

2568 2606 136 25 nancières,
2722 2608 27 19 et
2765 2606 55 20 cela
2837 2609 32 16 ne
2889 2603 100 25 signifie
3008 2607 45 20 pas
3073 2602 39 20 dic-

2568 2635 90 20 tature.
2678 2633 70 20 Nous
2769 2629 150 24 ehtenoons,.
2936 2634 35 19 au
2991 2629 136 22 contraire.,

2570 2661 64 20 faire
2660 2660 125 24 respecter
2809 2663 45 15 nos
2877 2656 102 21 libertés
3004 2654 109 22 constitu-

2569 2687 136 21 tionnelles.

2596 2727 121 20 Discours
2732 2725 32 22 de
2776 2725 34 21 M.
2827 2724 35 21 du
2876 2723 53 21 Bus
2946 2722 32 22 de
2992 2721 133 22 Warnaffe

2595 2768 35 20 Le
2645 2766 99 21 dernier
2759 2765 101 21 orateur
2874 2764 39 21 est
2928 2762 34 21 M.
2977 2761 34 21 du
3024 2762 53 20 Bus
3093 2761 30 20 de

2568 2788 139 26 Warnaffe".
2724 2793 34 20 Le
2776 2791 115 21 ministre
2910 2789 43 22 des
2972 2788 151 25 Transports

2569 2820 92 21 félicite
2685 2820 36 21 les
2744 2819 88 24 jeunes
2855 2822 27 20 qi
2891 2818 7 18 1
2922 2816 69 20 n'ont
3013 2820 46 20 pas
3083 2819 29 15 ac-

2569 2846 71 26 cepté
2657 2846 29 21 de
2705 2846 79 20 rester
2801 2844 62 21 dans
2879 2848 35 15 un
2930 2842 131 21 isolement
3077 2839 37 22 sté-

2564 2873 45 20 rile
2625 2873 26 19 et
2666 2872 43 24 qui
2726 2876 27 16 se
2769 2871 57 20 sont
2842 2867 80 23 donné
2937 2873 64 21 pour
3014 2867 105 21 mission

2566 2899 30 20 de
2619 2898 90 20 rendre
2732 2896 17 22 à
2770 2897 116 20 l'homme
2915 2895 23 20 le
2967 2893 67 27 plein
3063 2892 47 25 épa-

2567 2925 169 21 nouissement
2755 2924 30 20 de
2808 2928 24 16 ja
2848 2920 95 23 liberté.

2596 2952 71 20 Voilà
2679 2952 23 19 le
2714 2950 119 25 principe,
2845 2953 31 16 en
2886 2948 82 19 même
2981 2947 82 23 temps
3076 2950 48 20 que

2568 2978 23 20 le
2609 2977 159 24 bénéficiaire
2785 2976 31 19 de
2831 2975 25 20 la
2870 2974 110 24 réforme
2995 2973 17 19 à
3027 2976 86 16 accom-

2567 3004 49 24 plir
2625 3008 9 15 :
2652 3003 124 24 l'homme,
2793 3000 111 21 membre
2921 2999 84 25 d'une.^
3014 3001 110 20 coinvtu-

2563 3024 77 25 naùiè
2652 3027 130 28 familiale^
2794 3023 73 23 d'une
2881 3023 177 23 communauté
3069 3023 56 25 épi-]

2566 3047 105 31 rii'uelïe,
2680 3050 79 25 'd'une
2776 3047 177 24 communauté
2970 3049 101 24 racique
3088 3050 37 17 ou'

2568 3079 136 25 culturelle,
2733 3078 72 20 d'une
2835 3075 176 22 communauté
3041 3072 70 27 politi-

2568 3107 55 23 que,
2639 3105 72 20 d'une
2727 3102 175 22 communauté
2919 3102 161 23 économique
3093 3109 31 4 —

2565 3130 189 21 communautés
2778 3128 137 21 naturelles
2941 3132 33 15 ou
2998 3125 111 21 •nécessai-

2567 3162 49 20 res,
2639 3157 43 24 qui
2705 3156 102 20 doivent
2829 3152 178 22 s'harmoniser
3037 3152 25 19 et
3092 3155 28 16 se

2568 3183 90 24 fondre
2675 3182 64 20 dans
2756 3182 24 20 la
2797 3179 175 22 communauté
2989 3178 133 20 nationale.

2569 3210 52 21 Par
2643 3207 177 21 communauté
2842 3202 130 28 politique^
2994 3204 19 24 f
3014 3203 106 21 entends

2569 3235 84 24 l'Etat,
2672 3236 26 19 et
2717 3237 51 16 non
2787 3233 36 19 les
2842 3231 88 25 partis,
2948 3235 47 20 par
3015 3233 100 16 commu-

2569 3261 78 20 nauté
2678 3259 168 25 économique,
2868 3258 26 23 je
2918 3255 149 26 comprends
3098 3255 25 19 la

2568 3286 142 26 profession
2732 3286 26 19 et
2779 3289 51 15 non
2852 3283 37 21 les
2913 3282 106 24 classes;
3042 3280 81 26 partis

2569 3315 26 18 et
2613 3312 93 21 classes
2725 3311 58 20 sont
2804 3310 44 20 des
2868 3309 163 25 étiquetages,
3043 3307 71 24 artifi-

2568 3338 61 22 ciels
2650 3342 32 15 ne
2705 3336 141 25 répondant
2868 3335 28 20 ni
2919 3339 51 16 aux
2993 3337 129 20 exigences

2568 3364 136 25 profondes
2722 3363 45 20 des
2785 3361 133 24 individus,
2939 3361 27 19 ni
2984 3365 50 14 aux
3052 3359 62 20 réali-

2569 3391 38 20 tés
2625 3389 153 21 essentielles
2795 3388 31 20 de
2845 3388 26 20 la
2889 3386 171 26 physionomie
3080 3390 33 15 na-

2570 3416 99 21 tionale.

2596 3442 38 20 De
2656 3442 56 24 plus
2735 3445 31 16 en
2787 3440 63 26 plus,
2870 3439 114 20 l'artisan
3006 3438 30 20 de
3057 3437 67 24 jadis

2570 3467 114 21 travaille
2708 3466 158 25 aujourd'hui
2889 3465 16 20 à
2927 3466 25 20 la
2975 3464 102 23 chaîne;
3099 3463 23 20 le

2570 3494 139 24 boutiquier
2723 3495 39 18 est
2776 3493 97 20 devenu
2887 3491 111 20 vendeur
3012 3490 63 19 dans
3088 3494 36 15 un

2567 3520 81 24 grand
2664 3519 129 24 magasin;
2808 3518 44 24 fils
2868 3518 26 19 et
2909 3517 67 24 filles
2993 3516 44 20 des
3056 3520 56 15 cam-

2568 3550 82 20 pagne
2681 3546 62 19 vont
2770 3544 97 25 grossir
2896 3543 37 20 les
2961 3542 161 24 contingents

2568 3576 137 19 anonymes
2724 3571 44 20 des
2788 3570 62 20 cités
2869 3571 26 19 et
2914 3569 37 21 les
2970 3568 89 20 cad'es
3078 3567 45 20 des

2569 3597 228 23 administrations;
2816 3596 16 20 à
2852 3600 36 15 un
2906 3594 72 21 stade
2998 3594 127 24 ultérieur,

2569 3624 48 20 Von
2632 3623 53 20 voit
2700 3623 36 20 les
2750 3622 109 25 grandes
2874 3621 150 24 entreprises
3039 3620 75 19 absor-

2570 3650 43 19 ber
2633 3649 37 20 les
2691 3649 57 25 plus
2757 3663 3 3 .
2769 3648 100 25 petites,
2889 3652 28 15 se
2938 3646 132 25 fusionner
3090 3650 33 15 ou

2570 3676 137 20 constituer
2728 3675 70 19 entre
2819 3673 59 21 elles
2900 3673 44 20 des
2964 3672 99 20 cartels.
3085 3671 38 20 De

2569 3700 188 22 concentration
2777 3704 32 16 en
2827 3699 195 23 concentration,
3040 3703 34 15 on
3092 3702 32 15 en

2565 3728 82 19 arrive
2661 3727 17 20 à
2692 3727 129 20 constater
2834 3724 217 21 l'envahissement
3065 3728 46 20 pro-

2568 3753 93 24 gressif
2681 3752 31 20 de
2732 3752 78 20 l'Etat
2829 3751 50 25 qui,
2897 3755 60 16 sous
2978 3750 23 20 le
3021 3750 102 20 couvert

2568 3779 158 24 d'idéologies
2741 3777 97 21 variées
2852 3787 30 5 —
2896 3777 34 20 ici
2946 3776 25 20 ïa
2986 3780 66 20 rice,
3067 3776 56 24 plus

2569 3805 51 20 loin
2638 3804 26 20 la
2682 3804 156 25 production,
2856 3803 101 20 ailleurs
2977 3803 23 20 le
3020 3802 103 20 césaris-

2568 3837 48 20 me,
2635 3832 74 19 autre
2730 3831 59 25 part
2809 3834 89 16 encore
2919 3829 23 20 le
2963 3828 111 20 laïcisme
3094 3837 30 5 —

2568 3858 93 20 achève
2680 3856 135 25 d'étouffer
2833 3854 187 22 l'indiuiduaZiti
3039 3858 34 15 ou
3090 3857 33 16 va

2567 3884 81 19 même
2662 3882 99 25 jusqu'à
2777 3881 144 26 persécuter
2937 3880 124 24 l'homme,
3076 3883 47 22 par

2567 3909 109 21 surcroit
2705 3909 107 20 souvent
2841 3906 102 21 victime
2972 3905 148 25 d'éjoxsmes

2568 3933 149 24 individuels
2737 3939 34 15 ou
2790 3933 122 24 collectifs
2932 3932 44 25 qui
2993 3932 59 19 sunt
3073 3936 49 15 une

2567 3961 44 20 des
2625 3965 89 17 causes
2727 3959 136 26 premières
2877 3959 31 20 de
2920 3963 31 16 sa
2964 3958 91 21 misère
3070 3962 42 15 ma-

2568 3987 102 20 térielle.
2683 4003 10 5 .

2593 4012 136 25 L'homme,
2743 4010 167 27 aujourd'hui,
2925 4010 27 21 et
2967 4014 33 16 en
3016 4009 106 24 résumé,

2567 4038 61 21 tend
2648 4038 31 20 de
2699 4038 57 25 plus
2777 4042 32 15 en
2829 4037 57 25 plus
2907 4036 16 20 à
2943 4036 79 20 n'être
3046 4036 76 24 gu'un

2567 4067 94 21 rouage
2678 4064 64 20 dans
2759 4068 51 16 une
2828 4062 116 21 machine
2962 4063 26 19 et
3006 4066 34 15 un
3059 4061 54 24 chif-

2566 4091 41 24 fre
2628 4090 63 22 dans
2711 4094 37 16 un
2767 4089 81 23 total..
2857 4088 38 21 La
2916 4088 117 23 machine
3052 4088 26 20 et
3098 4087 23 20 le

2568 4116 75 25 total,
2646 4116 60 21 sont
2721 4115 63 26 rois;
2800 4115 116 20 l'homme
2933 4114 39 20 est
2990 4113 82 22 reauit
3088 4117 35 16 au

2568 4146 64 20 rant;
2655 4141 31 21 de
2709 4141 89 25 simple
2822 4139 155 26 composant,
2998 4143 47 20 par
3068 4142 50 16 une

2567 4168 126 20 inversion
2709 4167 45 21 des
2771 4166 101 25 valeurs
2888 4165 158 22 consécutive
3061 4164 26 26 à,
3096 4164 25 24 la

2567 4194 221 20 méconnaissance
2812 4192 31 21 de
2866 4196 47 16 son
2937 4191 125 21 «émtnente
3084 4190 26 20 di-

2567 4220 70 25 gnité
2655 4219 114 25 d'enfant
2788 4218 31 21 de
2838 4218 72 21 Dieu,

2594 4246 35 20 Le
2647 4245 125 25 désordre,
2788 4245 60 20 c'est
2865 4244 61 21 cela.
2943 4242 101 21 L'ordre
3061 4246 51 16 nou-

2567 4276 64 16 veau
2651 4272 82 18 naîtra
2751 4271 35 20 du
2802 4269 140 22 reniement
2959 4268 45 21 des
3021 4272 100 16 erreurs

2566 4297 102 25 passées
2687 4297 26 20 et
2731 4296 33 21 du
2782 4296 87 23 reto.ur
2869 4317 5 6 t
2887 4299 50 16 aux
2954 4294 93 21 vérités
3066 4294 49 24 pré-

2567 4324 73 20 chées
2655 4323 19 20 41
2689 4328 17 19 y
2722 4327 17 16 a
2755 4316 186 31 qucïqué"deux
2956 4320 165 23 millénaires;

2567 4349 164 23 cari'or.dre,
2754 4348 68 24 c'eet.
2837 4346 90 23 l'ordre
2947 4346 77 20 socktl
3023 4346 19 24 \-
3050 4345 71 21 ohrfr

2567 4376 60 23 tien,
2648 4375 43 24 qui
2714 4374 38 20 est
2774 4373 82 20 moins
2877 4377 50 16 une
2950 4372 116 24 question
3088 4371 31 21 de

2567 4401 88 20 cadres
2678 4401 27 19 et
2727 4400 31 20 de
2780 4398 122 25 formules
2925 4402 48 21 que
2997 4397 31 21 de
3050 4401 60 16 cons-

2567 4427 84 20 cience
2674 4427 25 19 et
2720 4426 30 20 de
2769 4425 124 21 moralité.

2591 4458 61 21 Plus
2673 4458 58 24 loin,
2751 4457 34 22 M.
2807 4457 33 21 du
2860 4458 53 20 Bus
2935 4456 30 22 de
2985 4454 133 24 Warnaffe

2565 4484 37 22 dit
2620 4489 89 16 encore
2719 4489 7 16 :

2592 4520 31 5 —
2640 4510 35 20 Le
2694 4510 121 25 progrès,-
2827 4514 32 17 en
2876 4509 106 20 matière
3001 4508 119 25 poNtigue

2565 4537 25 20 et
2603 4536 100 25 sociale,
2714 4536 64 21 n'est
2791 4541 46 20 pas
2850 4540 50 16 une
2914 4535 112 22 création
3036 4538 9 17 :
3059 4535 60 20 c'est

2566 4567 36 16 un
2618 4562 242 26 perfectionnement
2876 4561 65 20 dane
2952 4562 30 20 Ta
2999 4560 111 21 continui-

2566 4588 38 24 té;
2623 4588 20 21 il
2664 4588 39 20 est
2722 4588 65 25 fruit
2806 4588 31 20 de
2860 4586 188 25 l'imagination,
3066 4590 44 16 cer-

2566 4615 46 24 tes,
2627 4614 66 20 mais
2709 4614 70 20 aussi
2795 4613 31 21 de
2843 4613 169 25 Vexpêrience,
3027 4613 23 20 li
3066 4611 52 21 doit

2566 4640 53 20 être
2636 4640 100 20 l'œuvre
2753 4638 128 22 combinée
2897 4639 45 20 des
2959 4638 91 25 esprits
3066 4637 42 25 jeu-

2565 4670 46 16 nes
2630 4666 82 25 parmi
2733 4666 37 20 les
2788 4665 111 25 anciens,
2917 4665 27 20 et
2963 4664 45 20 dee
3028 4662 88 25 esprits

2565 4691 117 25 réfléchie
2699 4691 83 25 parmi
2798 4691 36 21 les
2851 4691 95 24 jeunes.
2964 4690 42 25 Et,
3021 4691 95 20 croyes-

2566 4722 23 15 m
2593 4717 33 25 oi,
2648 4717 64 21 dans
2735 4717 24 20 le
2782 4716 75 21 cadre
2881 4716 73 20 d'une
2977 4712 134 28 formation

2566 4743 123 25 régulière
2711 4743 133 24 existante,
2866 4741 117 26 puisqu'il
3008 4737 54 25 raut
3083 4739 29 17 se

2564 4769 82 21 servir
2662 4769 44 21 dee
2725 4773 84 16 armée
2827 4773 48 20 que
2893 4768 49 20 l'on
2959 4771 24 19 a,
3000 4764 54 21 tout
3069 4762 35 20 im-

2564 4795 124 25 parfaites
2710 4795 98 24 qu'elles
2829 4793 114 26 puissent
2963 4791 54 21 êtrr
3035 4788 32 22 etr
3082 4791 32 16 en

2565 4821 132 20 attendant
2717 4821 99 23 qu'elles
2832 4819 83 21 soient
2931 4814 137 23 meilléVree
3085 4822 30 5 —

2564 4852 29 15 ce
2606 4847 18 20 à
2638 4847 60 25 quoi
2710 4847 19 21 il
2743 4846 58 25 faut
2815 4845 88 21 tendre
2917 4844 55 20 tous
2988 4841 35 20 ies
3035 4839 79 25 joure,

2565 4873 171 25 patiemment,
2954 4874 16 25 ;'
2998 4872 7 17 r
3066 4889 39 6 _.„

2594 4899 80 20 Tenes
2695 4898 49 20 bon
2763 4897 64 21 dans
2846 4896 70 20 votre
2937 4891 77 25 effort
3034 4891 71 24 politi-

2566 4929 55 21 que,
2634 4923 99 26 malgré
2750 4923 122 27 peut-être
2889 4920 26 20 et
2931 4917 85 21 contre
3033 4916 82 20 même

2567 4951 24 20 la
2615 4950 119 25 politique
2758 4949 44 21 dee
2823 4944 139 29 politiciene
2980 4942 56 28 -qpi,
3057 4946 57 16 eou-

2565 4977 68 23 vent,
2653 4976 69 20 hélas
2731 4975 11 21 l
2760 4975 26 25 je
2804 4973 42 22 l'ai
2864 4970 38 21 dit
2919 4968 109 25 ailleurs,
3046 4968 70 21 n'ont

2566 5007 47 20 pas
2635 5002 24 21 le
2681 5005 108 20 courage
2810 4993 254 28 de^Vindépendance
3088 4995 27 20 et

2566 5028 112 21 oublient
2694 5028 31 20 de
2741 5031 27 16 ee
2784 5020 116 25 eouvenir
2916 5019 71 26 qu'ils
3004 5020 59 20 t>ont
3079 5019 37 23 les

2566 5054 53 21 élus
2633 5053 31 21 de
2677 5053 25 21 la
2716 5048 113 26 Nation,'
2830 5051 24 17 tJ
2868 5050 53 16 non
2933 5045 74 21 d'une
3021 5046 86 26 profes-

2566 5080 65 24 sion,
2653 5079 73 20 d'une
2748 5076 86 22 classe,
2855 5071 74 21 d'une
2952 5071 151 27 circonscrip-

2568 5105 60 22 tion.

2596 5131 64 24 Trop
2682 5127 103 23 souvent
2808 5123 23 22 le
2853 5123 127 25 po!4tic4en
3001 5124 63 25 perd
3086 5123 30 22 de

2567 5161 48 16 vue
2635 5155 57 26 qu'il
2710 5153 39 21 est
2765 5149 112 21 membre
2897 5149 73 21 d'une
2990 5150 118 25 représen-

2569 5183 80 20 tation
2666 5175 132 26 nationale,
2814 5174 73 22 dont.
2891 5175 24 22 le
2927 5176 76 23 .souci
3019 5176 100 25 majeur

2568 5207 53 21 doit
2641 5206 52 21 être
2713 5202 31 21 de
2763 5201 128 21 travailler
2909 5202 17 20 à
2945 5201 26 21 la
2992 5202 127 25 grandeur

2568 5234 26 20 et
2611 5231 34 22 du
2665 5230 55 20 bien
2738 5226 35 21 du
2791 5231 70 21 pays,
2879 5232 33 16 en
2930 5228 144 25 respectant
3093 5227 25 21 la

2569 5254 136 25 hiérarchie
2729 5252 45 21 des
2795 5252 100 21 valeurs
2918 5254 44 24 qui
2984 5258 18 20 y
3026 5253 92 21 contri-

2570 5282 82 24 buent,
2669 5278 25 22 et
2712 5278 147 21 l'harmonie
2877 5279 44 21 des
2941 5280 115 20 activités
3076 5279 44 26 qui

2569 5305 148 25 concourent
2736 5304 17 20 à
2771 5304 38 21 les
2826 5305 110 22 réaliser,

2594 5333 37 19 La
2647 5330 119 25 politique
2786 5334 58 17 sera
2862 5335 51 16 une
2931 5330 95 26 granie
3044 5330 75 22 chose

2570 5355 136 26 lorsqu'elle
2729 5360 65 16 -sera
2814 5356 140 26 'pratiquée
2983 5361 50 21 par
3061 5356 58 20 tous

2570 5385 111 18 hommes
2703 5381 91 22 libérée
2816 5382 31 21 de
2871 5383 96 25 l'esprit
2985 5376 135 32 "partisan,

2567 5407 159 21 débarrassés
2744 5407 31 21 de
2792 5408 84 21 toutes
2892 5409 146 26 ingérences
3056 5408 65 21 tutê-

2568 5433 74 21 laires
2661 5434 137 24 suspectée,
2818 5434 109 26 dégagée
2948 5434 45 21 des
3016 5433 104 20 intérêts

2567 5458 166 26 particuliers,
2750 5460 137 21 serviteurs
2905 5460 45 21 des
2968 5459 74 24 seu's.
3054 5459 57 24 prin-

2566 5483 74 26 cipes,
2654 5484 96 22 résolus
2764 5485 17 21 à
2796 5492 13 15 €
2816 5484 120 27 défendre
2949 5490 61 16 aveo
3023 5485 87 20 intran-

2568 5510 116 24 sigeance
2704 5510 37 22 les
2761 5512 122 25 positions
2903 5512 31 21 de
2954 5511 46 20 l'or
3004 5510 67 21 ire».

2588 5535 36 21 -Si
2642 5540 65 21 pour
2722 5538 137 24 permettre
2876 5538 17 20 à
2910 5537 66 21 cette
2994 5535 130 26 politique-

2569 5560 26 21 là
2611 5561 31 21 de
2658 5563 117 26 respirer,
2790 5563 32 21 de
2837 5564 70 20 vivre
2924 5563 27 20 et
2968 5562 31 20 de
3016 5562 108 25 vivifier,

2568 5586 19 21 il
2606 5586 58 25 faut
2684 5588 80 21 briser
2781 5589 119 25 quelques
2918 5591 121 17 carreaux
3058 5587 64 21 dans

2571 5612 138 26 Vétouffoir
2732 5615 34 20 où
2789 5614 99 25 croupit
2909 5613 162 25 aujourd'hui
3094 5613 27 21 la

2570 5638 150 29 politicaille,
2738 5640 19 21 il
2774 5640 93 25 faudra
2886 5639 57 21 bien
2960 5643 28 17 se
3004 5638 120 22 résoudre

2570 5668 15 15 a
2602 5666 86 20 Casser
2703 5666 38 21 les
2756 5667 86 21 vitres.

2597 5690 58 22 Non
2672 5696 47 21 pas
2734 5696 65 21 pour
2815 5691 24 22 le
2856 5690 88 26 plaisir
2960 5689 33 22 du
3011 5695 115 21 saccage,

2570 5716 66 21 mais
2653 5722 48 21 par
2717 5717 90 26 simple
2825 5721 90 17 amour
2924 5732 3 4 .
2934 5715 34 22 du
2986 5717 82 24 grand
3085 5717 40 20 air

2570 5743 25 20 ei
2617 5742 60 22 d'un
2699 5744 91 24 aèrage
2812 5744 56 19 sain
2890 5742 62 21 dans
2976 5742 24 20 la
3022 5743 100 20 maison

2571 5768 75 25 belge.

2595 5794 66 23 Tous
2682 5799 42 17 ces
2745 5795 112 22 discours
2876 5793 89 22 furent
2983 5793 87 26 l'objet
3089 5794 31 21 de

2568 5820 160 22 nombreuses
2744 5825 118 21 marques
2880 5818 149 22 d'adhésion.
3046 5820 76 22 Aussi

2567 5846 24 22 le
2611 5846 105 26 congrès
2737 5851 28 16 se
2786 5846 97 26 sépara-
2885 5845 38 21 t-il
2941 5843 65 24 dans
3027 5851 35 16 un
3080 5846 42 22 bel

2569 5873 192 23 enthousiasme.
2829 5880 5 3 -
2835 5876 42 7 —
2876 5874 6 8 '
2928 5867 26 21 H
2999 5878 15 12 t
3036 5872 11 7 "

3194 324 417 85 FAITS
3688 326 263 87 DIV]

3174 464 87 23 Blessé
3282 470 48 20 par
3349 466 24 21 le
3392 465 130 24 tramway.
3541 475 29 5 —
3589 465 39 20 En
3648 466 41 19 tra-

3147 497 101 19 versant
3270 493 24 20 la
3316 492 69 25 place
3409 492 29 20 de
3460 492 148 25 l'Industrie,
3629 491 60 21 l'éco-

3147 521 45 20 lier
3210 519 111 21 Maurice
3339 519 68 25 Poot,
3426 521 30 21 né
3475 524 30 14 en
3523 519 60 23 1918,
3602 519 86 19 demeu-

3147 549 57 18 rant
3228 547 47 22 115,
3299 545 134 21 boulevard
3457 545 84 21 Brand
3566 545 131 24 Whitl'ck,

3146 573 16 20 à
3188 572 325 23 Woluwe-Salnt-Lambert,
3539 577 16 15 a
3579 571 39 22 été
3644 577 43 15 ren-

3147 603 69 21 versé
3237 606 46 19 par
3303 604 32 17 un
3357 603 128 20 tramway.
3506 598 35 21 La
3561 598 99 20 victime
3683 605 14 13 a

3147 626 37 20 été
3204 628 146 24 gravement
3370 624 93 21 blessée
3484 626 24 19 et
3526 630 16 15 a
3560 624 38 21 été
3618 626 70 19 trans-

3146 653 84 25 portée
3251 653 16 21 à
3288 652 110 26 l'hôpital
3420 652 117 20 d'Ixelleti.
3559 662 26 4 —
3606 652 29 21 D.

3173 687 120 23 Accident
3311 688 31 20 de
3362 686 159 25 bicyclette.-
3529 685 31 20 M.
3579 685 118 20 Edouard

3147 713 102 26 Brandt,
3268 715 27 20 52
3314 720 53 20 ana,
3387 713 115 21 habitant
3521 717 96 15 avenue
3635 713 63 19 Cha-

3147 741 44 23 zal,
3216 741 17 20 à
3257 740 163 22 Schaerbeek,
3447 744 30 15 en
3505 741 142 18 traversant
3673 740 24 19 la

3148 771 42 16 rue
3210 768 43 20 des
3269 767 86 21 Sablée
3374 774 16 15 a
3409 765 38 22 été
3466 765 115 21 renversé
3600 771 45 19 par
3664 770 32 15 un

3147 794 106 23 cycliste.
3272 795 20 20 Il
3313 802 15 14 a
3348 793 39 21 été
3406 796 146 22 gravement
3572 791 79 21 blessé
3672 793 25 19 et

3147 824 15 15 a
3182 819 39 21 été
3239 821 101 21 conduit
3359 820 16 21 à
3393 819 110 26 l'hôpital
3523 818 136 21 St-Jean.—
3667 819 30 20 D.

3175 853 47 20 Les
3245 854 127 22 accidents
3396 854 90 21 d'auto.
3524 863 28 4 —
3590 853 107 23 Samedi,

3148 884 55 16 vers
3218 881 67 24 midi,
3303 883 15 18 â
3336 882 88 24 l'angle
3443 882 29 20 de
3489 882 24 19 la
3530 880 69 24 place
3617 879 81 20 Saint-

3147 906 64 20 Jean
3240 909 24 19 et
3294 909 29 20 de
3346 909 25 20 la
3393 913 43 16 rue
3460 907 158 24 Duque^noy,
3650 911 47 15 une

3147 938 76 19 grave
3250 935 110 20 collision
3392 935 60 20 s'est
3485 933 115 25 produite
3626 934 71 18 entre

3149 960 62 19 deux
3233 961 77 21 autos.
3331 962 33 20 Le
3385 961 141 23 chauffeur,
3547 959 78 20 Henri
3648 959 49 24 G...,

3147 986 28 20 40
3200 991 44 16 ane
3246 1006 5 6 <
3276 988 145 20 demeurant
3447 993 43 15 rue
3516 986 181 22 d'Anderlecht,

3147 1014 41 23 qui
3207 1012 138 25 conduisait
3365 1020 46 18 une
3431 1015 42 22 dee
3490 1014 116 21 veituree,
3625 1019 15 15 a
3658 1012 39 20 été

3148 1039 79 20 bleseé
3247 1039 17 21 à
3284 1046 24 19 ia
3329 1041 56 23 tête.

3173 1083 30 5 —
3216 1073 33 21 Le
3275 1075 100 24 cycliste
3400 1075 109 25 Georges
3533 1075 111 25 Werner,
3669 1073 28 20 19

3147 1104 52 19 ans,
3218 1101 145 22 demeurant
3382 1107 43 17 rue
3443 1102 31 20 du
3493 1102 93 23 Miroir,
3604 1101 34 23 72,
3658 1100 28 20 dé-

3147 1127 117 20 bouchait
3285 1128 29 20 de
3335 1129 23 19 la
3378 1134 42 16 rue
3442 1130 42 21 dee
3505 1129 108 20 Foulons
3635 1132 61 21 pour

3147 1154 129 24 s'engager
3299 1154 61 20 dan3
3384 1156 24 19 la
3430 1161 43 15 rue
3497 1158 29 20 de
3549 1154 147 25 Cureghem,

3147 1181 108 24 lorsqu'il
3275 1187 16 15 a
3312 1180 38 21 été
3371 1181 114 21 renversé
3505 1186 25 19 et
3551 1183 78 20 blessé
3650 1186 46 20 par

3147 1208 75 20 l'auto
3239 1207 115 21 conduite
3373 1213 44 19 par
3434 1210 21 21 le
3471 1209 133 21 chauffour
3620 1208 66 21 Char-

3147 1234 36 22 les
3203 1234 204 25 Vandenberghe.
3429 1236 28 19 de
3480 1236 24 20 la
3524 1235 119 21 chaussée
3666 1235 29 20 de

3147 1261 134 25 Bruxelles,
3296 1259 16 22 à
3326 1261 94 22 Forest.

3174 1304 28 4 —
3216 1294 140 21 Boulevard
3378 1295 32 22 du
3432 1295 66 22 Midi.
3520 1296 32 20 M.
3575 1296 48 21 Jan
3646 1295 49 21 Kc-

3147 1321 56 24 vak,
3222 1321 27 20 31
3266 1327 52 21 ans,
3339 1322 146 21 demeurant
3502 1328 43 16 rue
3565 1323 31 20 du
3615 1324 70 19 Maro-

3147 1348 63 24 cain,
3225 1347 16 21 à
3256 1348 152 25 Molenbeek,
3423 1349 98 23 roulant
3535 1348 16 21 à
3565 1349 129 25 bicyclette

3146 1381 16 15 a
3181 1374 39 22 été
3240 1374 115 23 renversé
3374 1380 46 20 par
3438 1376 75 20 l'auto
3531 1376 29 19 de
3579 1376 31 21 M.
3629 1376 54 20 Guil-

3148 1403 81 19 laume
3251 1402 111 25 Dauchy,
3385 1402 114 20 habitant
3522 1407 43 16 rue
3587 1402 108 24 Teniers,

3146 1428 34 24 65,
3198 1427 17 22 à
3231 1429 122 21 Vilvorde.
3372 1429 36 21 La
3424 1429 100 21 victime
3543 1435 15 14 a
3577 1428 38 21 été
3633 1428 51 22 bles-

3147 1454 41 22 sée
3202 1454 16 22 à
3231 1456 25 21 la
3270 1452 50 27 tète
3335 1456 27 21 et
3376 1460 49 18 aux
3438 1456 104 24 jambes.

3172 1499 29 6 —
3214 1489 34 21 Le
3273 1489 101 26 cycliste
3399 1489 120 25 François
3545 1489 85 24 Meert,
3656 1490 29 20 de-

3147 1518 115 20 meurant
3287 1522 44 16 rue
3356 1517 86 23 Albert
3467 1516 227 24 Vanderkinderen,

3147 1543 33 23 13,
3203 1542 16 22 à
3241 1543 152 25 Molenbeek,
3417 1548 16 15 a
3454 1542 39 21 été
3523 1542 115 22 renversé
3669 1546 26 17 et

3146 1569 79 21 blessé
3246 1570 71 25 place
3337 1570 143 25 Fontalnas,
3500 1575 45 19 par
3565 1570 74 20 l'auto
3647 1575 47 18 que

3146 1596 140 22 conduisait
3301 1598 22 19 le
3340 1596 133 22 chauffeur
3488 1596 127 22 Thcodcre
3631 1596 64 20 Van-

3147 1623 132 25 drlessche,
3297 1623 115 20 habitant
3429 1628 44 15 rue
3492 1623 32 19 du
3542 1622 153 20 Marché-au-

3147 1649 122 22 Charbon.
3287 1660 29 5 —
3331 1650 30 20 D.

3142 1684 91 21 Exiirez
3241 1684 22 20 le
3271 1684 76 21 Sucre
3356 1682 103 21 Raffiné
3467 1682 30 20 de
3504 1682 193 21 TIRLEMONT

3168 1715 144 23 Renversée
3332 1721 47 19 par
3399 1722 49 15 une
3468 1715 67 21 auto.
3569 1726 29 4 —
3634 1716 65 19 Mme

3142 1743 79 20 Marie
3242 1743 123 21 Puttaert,
3384 1747 31 15 en
3437 1741 142 20 traversant
3600 1741 22 20 le
3642 1741 48 20 bou-

3142 1769 86 21 levard
3250 1769 32 20 du
3306 1767 67 24 Midi,
3397 1766 57 26 près
3477 1768 29 21 de
3525 1767 25 21 la
3572 1767 75 19 Porte
3672 1766 28 20 de

3143 1796 56 22 Haï,
3216 1801 17 15 a
3249 1794 39 21 été
3307 1792 131 22 renversée
3455 1798 46 19 par
3517 1797 48 16 une
3582 1793 67 20 auto.
3665 1793 36 19 La

3142 1821 108 23 victime,
3276 1819 155 25 grièvement
3464 1817 100 25 blessée,
3604 1824 16 15 a
3661 1817 39 21 été

3144 1845 156 26 transportée
3318 1846 17 21 à
3350 1845 110 24 l'hôpital
3479 1845 109 22 St-Jean,
3606 1843 32 22 où
3656 1844 45 21 elle

3144 1875 38 20 est
3199 1872 82 21 restée
3301 1877 31 16 en
3353 1872 152 21 traitement.
3526 1882 29 4 —
3574 1872 31 19 D.

3170 1906 121 21 Accident
3315 1905 91 22 d'auto.
3431 1916 29 4 —
3493 1905 39 20 En
3558 1905 143 19 traversant

3144 1932 93 20 samedi
3257 1932 50 20 soir
3323 1932 24 21 la
3365 1937 44 16 rue
3428 1932 29 20 de
3473 1931 25 20 la
3514 1931 89 24 Vierge
3618 1930 83 23 Noire,

3143 1959 66 22 Mme
3231 1958 89 23 Louise
3341 1958 42 21 F...
3405 1963 16 15 a
3441 1956 39 22 été
3503 1955 130 22 renversée
3654 1962 47 19 par

3143 1990 34 15 un
3195 1985 60 21 taxi.
3272 1984 54 20 Elle
3342 1990 16 14 a
3372 1983 40 21 été
3427 1982 95 22 blessée
3538 1983 16 21 à
3570 1984 24 21 la
3610 1983 51 20 tête
3677 1983 25 19 et

3144 2017 49 16 aux
3211 2012 103 24 jambes.
3332 2011 55 20 Elle
3405 2017 16 14 a
3440 2015 58 19 reçu
3519 2010 35 20 les
3572 2010 69 20 soins
3661 2008 31 21 né-

3143 2037 121 22 cessaires
3284 2036 17 21 à
3318 2036 111 25 l'hôpital
3450 2036 109 20 St-Jean.
3578 2046 29 4 —
3626 2035 30 20 D.

3170 2070 86 21 Blessé
3275 2074 47 20 par
3340 2069 24 20 le
3381 2069 75 22 tram,
3474 2079 29 4 —
3520 2068 106 24 Samedi,
3645 2072 57 16 vers

3143 2096 27 20 11
3191 2095 89 21 heures
3301 2095 33 20 du
3352 2096 58 22 soir,
3431 2099 34 17 un
3485 2094 99 20 ouvrier
3604 2094 97 24 peintre

3143 2122 103 21 Charles
3266 2122 46 24 M..,
3328 2120 47 26 âgé
3394 2122 29 19 de
3439 2121 28 20 38
3485 2125 53 20 ans,
3556 2127 16 14 a
3591 2119 39 21 été
3647 2125 44 15 ren-

3144 2147 70 22 versé
3236 2152 47 20 par
3302 2153 35 16 un
3355 2148 66 20 tram
3442 2146 66 21 alors
3529 2146 57 25 qu'il
3608 2148 84 19 traver-

3143 2174 50 21 sait
3212 2175 25 22 la
3257 2178 43 16 rue
3320 2174 29 24 de
3370 2173 120 21 Brabant.
3509 2173 21 20 Il
3550 2178 17 15 a
3588 2171 39 22 été
3645 2177 47 16 con-

3144 2200 54 22 duit
3213 2200 17 22 à
3246 2199 118 26 l'hôpital.
3378 2211 30 5 —
3420 2200 31 21 D.

3170 2235 41 20 Un
3235 2233 90 21 enfant
3349 2232 82 22 blessé
3456 2238 48 20 par
3526 2237 36 16 un
3591 2232 100 25 motocy-

3143 2259 78 23 cliste.
3238 2269 4 6 ■
3241 2270 26 4 —
3285 2259 146 24 Dimanche,
3448 2263 58 16 vers
3526 2259 14 19 8
3560 2258 89 21 heures
3669 2259 32 20 du

3143 2285 87 25 matin,
3255 2285 23 22 le
3302 2285 65 25 petit
3390 2285 95 20 Hector
3507 2285 67 23 Dec,
3598 2283 47 26 âgé
3672 2285 29 20 de

3141 2313 15 20 9
3180 2317 54 18 ans,
3260 2311 136 22 traversait
3422 2316 30 16 en
3479 2312 106 19 courant
3607 2311 26 20 la
3657 2316 44 15 rue

3143 2338 142 25 Veeweyde,
3312 2338 84 24 quand
3422 2337 17 20 il
3467 2337 41 21 fut
3531 2338 98 23 surpris
3655 2342 47 19 par

3143 2370 34 15 un
3198 2364 178 25 motocycliste.
3394 2364 22 20 Il
3438 2364 41 23 fut
3497 2362 97 26 projeté
3615 2364 86 19 contre

3144 2392 35 19 les
3203 2389 76 26 pavés
3303 2394 26 18 et
3353 2390 40 21 fut
3417 2388 179 22 sérieusement
3621 2389 80 20 blessé

3143 2416 16 21 à
3173 2417 25 20 la
3211 2416 51 20 tête
3279 2416 25 21 et
3319 2421 49 15 aux
3383 2416 103 25 jambes.
3499 2416 21 19 Il
3537 2420 17 15 a
3568 2414 39 22 été
3624 2414 77 26 pansé

3144 2443 16 21 à
3177 2442 112 25 l'hôpital
3305 2441 148 21 communal.
3470 2452 30 5 —
3515 2442 32 22 D.

3174 2525 18 34 «
3221 2507 204 55 SARDINES
3450 2507 186 54 COCAGNE
3654 2523 18 34 »

3270 2586 112 38 Qualité
3406 2587 171 37 Supérieure.

3172 2662 105 20 Bewaro
3300 2662 28 20 of
3354 2659 169 26 pickpockets.
3549 2671 30 4 —
3604 2660 98 20 Samedi

3143 2687 58 23 soir,
3229 2687 66 20 Mme
3321 2687 79 20 Marie
3426 2687 70 20 Sch...
3531 2691 28 15 se
3591 2687 111 19 trouvait

3145 2713 62 20 dans
3226 2718 34 16 un
3277 2713 114 25 magasin
3410 2713 30 20 de
3458 2713 25 20 la
3501 2717 44 16 rue
3561 2712 141 21 Ste-Cathe-

3146 2740 52 22 rlne
3220 2740 84 23 quand
3326 2739 45 21 elle
3392 2739 103 25 aperçut
3517 2744 48 19 que
3585 2743 30 16 sa
3635 2743 59 15 saco-

3144 2766 46 21 che
3214 2765 62 22 était
3300 2765 102 20 ouverte
3428 2769 25 19 et
3474 2770 48 19 que
3543 2769 47 15 son
3622 2766 80 23 porte-

3145 2793 116 19 monnaie
3285 2792 136 20 contenant
3443 2791 42 21 420
3508 2792 31 20 fr.
3564 2791 69 21 avait
3655 2791 38 19 dis-

3145 2822 70 20 paru.
3234 2828 30 4 —
3282 2818 31 21 D.

3172 2854 30 4 —
3214 2843 116 23 Pendant
3344 2843 23 20 le
3383 2843 78 24 trajet
3477 2848 29 16 en
3524 2843 66 20 tram
3607 2843 30 19 de
3654 2843 40 20 Vil-

3144 2869 75 22 vorde
3238 2870 16 20 à
3270 2870 163 23 Schaerbeek,
3454 2870 31 19 M.
3505 2869 100 20 Henoré
3623 2870 43 19 G...
3686 2876 16 14 a

3145 2895 39 22 été
3206 2895 92 21 délesté
3322 2896 30 21 de
3374 2901 45 16 son
3441 2895 156 26 portefeuille
3621 2895 72 21 conte-

3143 2922 65 21 nant
3225 2922 43 21 700
3285 2922 32 20 fr.
3334 2933 31 5 —
3381 2922 31 20 D.

3170 2957 23 20 A
3207 2956 131 21 DIxmude.
3354 2966 29 6 —
3398 2956 40 20 Un
3455 2953 138 22 charretier
3608 2953 93 22 écrasé.

3145 2981 34 22 Le
3199 2980 99 21 nommé
3317 2981 96 21 Arthur
3429 2981 97 23 Raban,
3544 2981 28 20 40
3590 2986 53 18 ans,
3662 2981 39 20 do-

3139 3006 106 29 .n^Içilié.
3255 3007 19 24 à,
3273 3028 5 7 t
3293 3004 114 27 Ee£éen_
3413 3006 109 25 longeait
3529 3027 7 5 ,
3544 3006 117 20 vendredi
3676 3006 27 21 la.

3144 3029 120 24 chaussée
3273 3028 39 26 'de
3329 3030 123 27 Pérvyse,,
3462 3033 84 24 quand
3564 3032 22 19 le
3603 3031 99 21 camion

3142 3059 58 24 qu'il
3222 3057 139 22 conduisait
3380 3057 93 25 dérapa
3493 3059 25 19 et
3537 3056 77 22 vérda
3636 3057 64 20 dans

3143 3084 23 20 le
3186 3083 73 21 fossé.
3281 3084 34 19 Le
3335 3083 168 24 malheureux,
3523 3084 50 24 pris
3597 3088 58 15 sous
3654 3086 3 7 1
3672 3083 11 11 -1
3687 3088 14 14 e

3143 3110 72 20 lourd
3240 3108 119 25 véhicule,
3381 3115 17 15 a
3423 3114 30 15 eu
3478 3110 25 20 la
3527 3110 106 23 poitrire
3661 3114 30 14 en-

3143 3134 94 23 foncée.
3254 3136 37 22 La
3308 3137 66 20 mort
3390 3135 17 21 à
3422 3134 39 21 été
3477 3134 166 22 instantanée.

3171 3177 23 21 A
3218 3176 173 21 Vive-St-EIoi.
3414 3186 30 6 —
3468 3176 113 20 Autobus
3608 3174 95 21 détruit

3144 3208 47 20 par
3210 3202 24 20 le
3250 3203 52 21 feu.
3319 3212 30 4 —
3366 3201 125 22 Vendredi
3508 3201 53 20 soir
3580 3206 34 15 un
3632 3201 60 20 auto-

3145 3229 46 20 bus
3214 3229 30 20 de
3268 3227 115 21 Courtrai
3404 3228 97 23 passait
3531 3232 33 15 au
3595 3227 106 20 hameau

3145 3260 13 14 «
3166 3254 178 20 Kauwenhoek
3351 3260 20 18 »,
3397 3254 83 24 quand
3503 3257 35 17 un
3562 3253 85 21 retour
3673 3253 29 20 de

3145 3279 115 23 flammés
3274 3286 28 17 se
3316 3280 128 25 produisit,
3460 3279 205 24 comn.uniquant
3680 3284 22 15 ie

3145 3306 44 20 feu
3213 3312 33 15 au
3269 3305 120 21 véhicule.
3413 3306 35 22 Le
3471 3305 152 21 conducteur
3647 3305 55 21 Van

3145 3332 75 23 Belle,
3243 3332 71 21 brûlé
3334 3335 51 17 aux
3408 3331 89 25 mains,
3519 3331 68 21 L'eut
3610 3336 49 20 que
3679 3331 23 20 le

3145 3358 81 24 temps
3246 3359 29 20 de
3294 3358 85 21 sauter
3399 3362 44 17 sur
3461 3359 24 20 la
3504 3358 70 20 route
3593 3363 64 19 pour
3675 3362 27 15 se

3145 3384 90 22 mettre
3251 3389 32 16 en
3300 3383 89 23 sûreté.
3405 3384 142 22 L'autobus.
3554 3384 50 20 alla
3617 3388 85 15 verser

3145 3411 62 20 dans
3225 3416 34 15 un
3275 3409 67 22 fossé
3359 3409 33 22 où
3408 3410 17 21 H
3442 3411 41 20 fut
3499 3409 83 21 réduit
3599 3415 32 16 en
3646 3415 45 15 cen-

3145 3437 62 20 dres.

3170 3478 25 21 A
3214 3478 173 25 Erquellnnes.
3406 3489 30 4 —
3457 3477 41 20 Un
3519 3476 135 21 déserteur.
3674 3485 4 6 ■
3677 3486 27 5 —

3143 3504 38 20 La
3198 3504 171 25 gendarmerie
3384 3510 16 15 a
3416 3502 82 23 arrêté
3513 3504 70 20 Jules
3600 3502 102 25 S:oipîit,

3143 3530 28 20 36
3187 3535 53 18 ans,
3258 3530 31 20 de
3305 3529 146 24 Courcelles,
3467 3528 128 22 déserteur
3610 3529 34 21 du
3660 3529 42 20 ler

3145 3556 165 25 Carabiniers.
3518 3564 21 18 >■

3307 3596 27 32 A
3355 3595 173 34 OSTENDE:

3176 3640 51 34 Les
3241 3641 206 32 Poissonneries
3461 3640 204 33 SAINT-JEAN

3144 3685 160 23 contribuant
3328 3684 18 22 à
3370 3683 26 22 là
3417 3684 182 26 vulgarisation
3622 3684 29 20 de
3675 3684 25 20 la

3143 3711 198 21 consommation
3356 3711 30 20 de
3402 3711 100 24 poissoa
3520 3712 29 20 de
3564 3712 60 22 Mer,
3638 3715 60 16 vous

3143 3737 96 21 offrent
3253 3743 34 15 un
3303 3738 71 20 envoi
3389 3737 191 21 hebdomadaire
3596 3737 30 19 de
3641 3741 58 20 gros

3143 3763 107 25 poisson,
3273 3762 112 26 décapité
3407 3764 26 20 et
3452 3762 64 25 vidé,
3535 3764 87 19 franco
3643 3763 57 24 port

3144 3793 25 20 et
3184 3789 144 26 emballage.
3342 3788 99 26 Qualité
3455 3791 71 19 extra
3539 3794 32 16 au
3586 3789 56 24 prix
3658 3789 30 20 de

3143 3816 68 20 Pour
3222 3816 14 20 2
3249 3815 71 24 kilos,
3336 3816 27 20 12
3377 3816 42 23 fr.;
3435 3820 63 20 pour
3512 3815 15 20 3
3540 3815 71 23 kilos,
3625 3814 27 22 16
3668 3815 33 20 fr.

3169 3842 99 24 Unique
3290 3842 75 20 firme
3388 3847 32 15 en
3441 3841 100 24 minque
3564 3839 137 26 possédant

3144 3872 48 17 une
3216 3867 153 21 installation
3393 3867 158 25 frigorifique
3574 3872 61 17 avec
3658 3872 32 20 ap-

3143 3893 142 26 pareillage,
3322 3894 231 24 SEM-CARRIER,
3589 3898 30 16 ce
3656 3893 43 25 qui

3142 3924 61 18 vous
3225 3919 113 25 garantit
3358 3920 26 19 la
3402 3918 128 22 fraîcheur
3551 3920 26 20 et
3598 3920 25 20 la
3643 3923 44 16 con-

3143 3945 127 22 servation
3283 3947 35 20 du
3332 3945 106 26 poisson.
3454 3945 80 22 (Citez
3545 3945 27 20 la
3587 3951 13 14 c
3606 3944 90 21 Nation

3142 3973 76 25 Belge
3235 3979 13 14 »
3269 3973 62 21 dans
3349 3972 71 21 votre
3437 3970 126 26 réponse).
3597 3971 43 21 (M.
3656 3969 36 22 82)

3145 3998 98 26 cempte
3262 3997 108 25 chèques
3389 3998 109 26 postaux
3515 3997 88 21 178093.

3169 4044 24 21 A
3213 4044 124 22 Vilvorde.
3357 4055 31 7 —
3409 4044 49 21 Vol
3479 4044 33 22 de
3532 4037 113 27 charboïi.
3666 4049 30 7 —

3142 4071 93 25 Depuis
3250 4072 118 25 quelques
3381 4071 78 25 jours,
3473 4072 33 21 M.
3520 4069 86 23 Weete,
3623 4065 64 25 dépo-

3140 4096 88 22 sitaire
3244 4097 31 21 de
3289 4097 118 24 charbon,
3424 4097 116 21 habi'ant
3552 4095 23 20 le
3589 4094 58 23 long
3663 4092 31 20 de

3142 4123 26 21 la
3186 4123 76 25 berge
3281 4122 33 21 du
3334 4123 74 20 canal
3427 4122 17 22 à
3461 4119 118 26 Vilvorde,
3597 4118 87 20 consta-

3142 4148 48 21 tait
3209 4148 45 21 des
3274 4148 163 25 disparitions
3456 4147 30 21 de
3505 4144 113 22 charbon.
3639 4143 55 21 Une

3140 4174 165 20 surveillance
3324 4174 43 21 fut
3385 4170 127 28 organisée
3531 4170 26 20 et
3575 4168 120 22 vendredi

3141 4200 52 21 soir
3206 4201 65 20 deux
3278 4214 4 5 .
3287 4200 89 25 agents
3390 4195 144 30 aperçurent
3548 4194 65 21 deux
3625 4196 60 19 hom-

3142 4230 53 17 mes
3214 4225 143 26 emportant
3375 4226 44 20 des
3438 4227 54 17 sacs
3510 4221 31 21 de
3560 4221 125 20 combusti-

3141 4251 46 21 ble.
3208 4251 35 21 Ils
3262 4251 57 21 leur
3337 4246 162 26 ordonnèrent
3518 4245 31 21 de
3570 4245 125 22 s'arrêter,

3142 4276 64 22 mais
3224 4277 37 22 les
3282 4276 64 21 deux
3362 4275 101 22 voleurs,
3480 4272 83 24 jetant
3580 4272 37 21 les
3636 4276 59 17 sacs

3142 4299 70 24 dans'
3225 4302 37 20 les
3280 4301 96 27 jambes
3394 4299 42 21 des
3455 4296 122 27 policiers,
3597 4298 98 25 prirent

3143 4329 26 22 la
3185 4328 72 23 fuite.

3147 4364 542 47 Illlllllllllllllllllllllllllllllllllllllllllllillll!!

3144 4428 199 56 Conférences
3359 4424 161 54 Cardinal
3542 4424 156 55 Mercier

3397 4496 38 28 et

3143 4533 132 51 Grandes
3295 4533 40 47 Co
3336 4533 144 49 nférence
3481 4546 16 36 s
3523 4535 175 47 Littéraires

3139 4628 116 40 "SALLE
3268 4628 65 40 PAT
3333 4629 78 48 RIA,,
3429 4630 48 47 23,
3496 4640 47 31 r»e
3557 4631 33 39 de
3602 4631 97 39 Marais

3224 4714 166 36 MARDI
3408 4719 41 32 12
3470 4715 142 36 MARS

3307 4767 20 28 à
3345 4768 36 29 17
3396 4768 121 28 heures

3223 4810 383 40 CONFERENCE

3372 4868 61 21 PAR

3138 4908 83 71 M.
3244 4910 153 69 Léon
3430 4910 269 65 POIRIER

3146 4999 124 30 cinéaste,
3281 5002 96 23 auteur
3389 4999 47 25 des
3450 4998 72 25 films
3535 5005 8 19 :
3559 5006 16 16 «
3583 4997 119 30 Verdun,

3146 5038 109 27 Visions
3271 5037 147 27 d'Histoire
3424 5045 16 18 »
3458 5035 33 29 et'
3503 5039 26 25 la
3547 5046 16 16 «
3571 5036 131 28 Croisière

3156 5082 7 7 •
3228 5093 6 7 .
3371 5070 107 27 Noire»
3501 5096 4 4 .

3357 5101 113 41 SUJET
3480 5113 15 24 î'

3206 5158 176 68 Pourquoi
3405 5162 36 50 et
3466 5161 174 51 comment

3291 5238 33 56 je
3338 5239 69 47 vais
3421 5237 131 49 réaliser

3191 5312 144 55 «l'Appel
3358 5311 39 47 du
3413 5312 116 46 Silence
3548 5326 25 39 »,
3592 5310 65 47 film

3143 5386 38 47 de
3195 5386 33 46 la
3240 5385 50 46 vie
3304 5384 38 47 de
3360 5384 125 50 Cbarles
3505 5385 38 46 de
3556 5382 142 49 Foucauld

3162 5477 165 28 Conférence
3344 5477 83 27 suivie
3444 5478 34 26 de
3493 5478 27 25 la
3536 5475 149 34 projection

3166 5520 31 17 en
3217 5510 126 31 première
3361 5509 17 26 à
3394 5510 138 26 Bruxelles
3551 5510 36 25 du
3605 5508 57 25 film
3674 5514 10 21 :

3198 5541 202 27 «LYAUTEY
3420 5540 234 29 L'AFRICAIN»

3748 469 47 21 Lo»
3817 470 127 20 nt:ci<l(-nlri
3969 470 31 21 do
4023 471 26 20 la
4072 470 154 21 circulation,
4248 481 29 11 -m

3720 496 53 21 Une
3795 497 111 20 collision
3944 498 59 20 n'eut
4040 497 120 26 produite,
4182 498 94 21 «arne«H

3720 524 57 25 Hoir,
3800 526 69 20 entre
3890 525 64 20 deux
3988 526 80 23 autos,
4090 524 120 23 chaussée
4247 526 29 21 d-i

3720 551 117 20 Louvain.
3855 552 62 20 Sous
3937 552 24 20 la
3979 553 109 19 violence
4107 553 32 19 du
4156 553 67 23 choc,
4241 554 35 20 le*

3722 577 77 22 vitres
3826 578 29 20 de
3882 578 25 21 la
3933 578 97 21 voiture
4059 578 91 25 pilotée
4178 584 46 19 par
4250 579 23 21 la

3720 604 134 19 chauffeur
3875 606 63 24 Aug.
3958 605 34 22 li„
4015 604 110 22 volèrent
4147 610 29 15 en
4200 604 75 22 éclatd

3720 631 26 18 ct
3765 630 22 20 le
3807 630 151 21 conducteur
3977 632 40 19 fut
4035 630 162 21 contusionné
4218 631 16 21 à
4252 633 24 19 la

3720 655 50 21 tête
3785 658 25 18 et
3824 656 16 20 â
3856 657 24 20 la
3897 657 74 20 main.
3987 657 50 21 Deo
4052 657 67 21 soina
4137 663 47 19 que
4201 657 63 22 récla-

3720 682 63 21 mait
3805 687 47 15 eon
3877 682 52 24 état
3953 683 33 21 lui
4011 688 44 18 ont
4080 683 39 21 été
4145 683 93 21 donnés
4261 691 14 15 h

3721 707 115 26 l'hôpital.
3857 719 29 4 —
3905 709 28 20 E.

3746 752 29 4 —
3794 742 38 20 Un
3854 743 108 24 cycliste,
3982 744 32 19 M.
4034 738 63 27 Jean
4119 745 36 21 De
4176 745 49 22 G...,
4244 750 32 16 en

3721 768 141 21 traversant
3884 769 25 21 la
3929 770 75 19 Perte
4028 770 29 19 de
4081 770 96 21 -Xinove
4200 776 16 14 a
4237 770 38 22 éto

3721 794 115 20 recive:^é
3862 800 45 19 par
3932 801 30 14 u.i
3990 796 175 24 motocycliste.
4189 795 87 23 Désira

3721 821 45 20 M...
3780 821 65 21 Tolls
3859 821 62 20 deux
3937 822 123 21 roulèrent
4074 822 16 20 â
4105 824 73 20 terre.
4193 824 32 21 M.
4240 824 36 21 Da

3720 847 42 19 G...
3784 853 16 15 a
3823 846 38 22 été
3883 847 79 21 relevé
3985 853 61 16 avec
4068 848 43 20 des
4133 850 142 21 contU3Îor.d

3720 872 16 21 à
3752 873 24 19 la
3793 872 50 22 tête
3861 876 25 18 et
3902 872 78 21 blessé
3996 879 47 15 aux
4061 875 102 24 jambes.
4181 875 31 22 M.
4230 876 45 22 M...

3720 905 16 14 a
3755 898 40 20 été
3816 898 78 21 blessé
3913 900 15 20 â
3950 903 24 19 la
3992 901 83 24 jambe
4098 901 85 23 droite.
4202 912 26 4 —
4248 903 27 20 E.

3746 942 29 4 —
3789 933 38 20 En
3846 934 149 22 traversant,
4015 934 94 20 samedi
4130 935 56 23 soir,
4205 935 71 20 l'avo-

3721 964 47 16 nue
3788 959 28 20 d3
3836 958 25 20 la
3880 959 136 24 Couronne,
4035 961 64 20 Mme
4119 961 94 23 Hélène
4230 962 45 25 C...,

3719 985 28 19 47
3764 990 53 18 ans,
3836 991 16 15 a
3872 984 39 21 été
3931 985 129 21 renversée
4079 992 46 20 par
4142 992 47 16 une
4210 990 65 19 auto.

3721 1011 36 20 La
3775 1012 100 19 victime
3895 1018 15 15 a
3930 1011 39 21 été
3989 1012 94 23 relevée
4105 1013 93 21 blessée
4216 1014 17 21 à
4253 1015 23 20 ia

3719 1037 51 21 tête
3789 1040 24 18 et
3830 1043 33 16 au
3879 1038 56 24 pied
3954 1039 71 20 droit.
4042 1050 28 4 —
4088 1040 27 19 E.

3746 1081 29 4 —
3795 1071 38 20 On
3851 1079 15 14 a
3886 1071 141 25 transporté
4048 1072 15 21 à
4085 1073 118 21 l'Institut
4224 1074 51 20 Ste-

3720 1097 135 24 Elisabeth,
3877 1098 65 20 Mme
3966 1098 90 20 Louisa
4077 1099 36 20 De
4137 1100 48 23 B...,
4208 1100 56 20 habi-

3720 1125 56 21 tant
3795 1123 16 21 à
3831 1124 163 24 HuytTiir.^hen
4015 1126 40 19 oui
4077 1125 69 20 avait
4168 1125 38 21 été
4228 1126 37 20 vic-

3720 1149 59 21 time
3795 1150 56 20 d'un
3867 1150 113 21 accident
3995 1150 29 21 de
4040 1156 44 15 rou
4094 1157 46 19 âge
4157 1152 119 22 chaussée

3721 1176 29 19 de
3770 1176 130 21 Waterloo.
3921 1177 34 20 La
3974 1182 92 19 pauvre
4085 1178 91 20 femme
4193 1183 16 16 a
4228 1184 48 16 une

3719 1202 83 24 jambe
3820 1201 131 22 fracturée.
3967 1213 28 4 —
4010 1203 27 20 E.

3752 1242 141 22 Renversée
3911 1249 46 20 par
3973 1249 33 15 un
4022 1244 108 24 cycliste.
4140 1255 26 4 —
4173 1245 91 21 Diman-

3718 1271 46 21 che
3783 1270 87 22 matin,
3889 1271 23 20 la
3933 1271 76 24 petite
4029 1272 68 22 Rosa
4117 1272 52 24 H...,
4189 1272 13 21 9
4222 1278 51 20 ans,

3720 1297 146 20 demeurant
3894 1297 132 20 boulevard
4053 1296 106 26 Léopold
4186 1299 32 23 II,
4245 1304 30 16 ea

3720 1323 142 20 traversait
3877 1322 25 20 la
3917 1324 53 19 voie
3986 1323 114 26 publique
4115 1324 16 20 à
4146 1325 129 24 proximité

3719 1351 30 22 de
3761 1349 24 22 la
3801 1349 96 21 maison
3913 1350 134 24 paternelle
4063 1355 15 15 a
4092 1349 38 21 été
4146 1351 129 21 r;nvern6e

3719 1381 47 20 par
3785 1381 33 15 un
3839 1381 43 19 cyc
3894 1375 53 24 iste,
3968 1376 96 20 Hubert
4084 1377 42 20 G...
4146 1378 35 19 La
4200 1378 75 24 petite

3719 1402 100 23 victime
3840 1408 17 15 a
3880 1400 39 22 été
3943 1400 93 23 blessée
4058 1402 16 21 à
4097 1403 24 21 la
4144 1403 50 20 tête
4216 1404 24 19 ct
4260 1410 16 15 a

3717 1428 103 25 l'épaule
3841 1439 29 4 —
3883 1429 29 20 E.

3729 1485 4 6 .
3746 1470 80 21 Chute
3842 1474 83 21 grave.
3942 1480 29 5 —
3989 1469 98 20 Samedi
4103 1469 59 21 eoir.
4179 1470 31 20 M.
4228 1471 49 20 Bcr

3717 1497 63 19 r.ard
3805 1496 47 21 M...
3876 1502 28 14 en
3926 1495 104 20 sautant
4054 1496 31 19 du
4110 1497 64 19 tram
4199 1499 77 19 avant

3717 1521 90 24 l'arrêt,
3829 1520 120 22 chaussée
3971 1521 30 20 de
4023 1521 78 23 Gand,
4121 1527 16 14 a
4159 1522 47 22 fait
4228 1527 47 16 une

3719 1549 73 22 chute
3811 1548 103 25 pénible.
3928 1548 24 21 71
3972 1553 16 14 a
4006 1546 40 21 été
4066 1552 25 15 re
4102 1547 44 21 evé
4164 1547 78 21 bleseé
4261 1548 15 21 k

3719 1575 23 20 la
3760 1574 50 21 tête
3828 1576 26 19 et
3869 1575 15 20 à
3903 1575 24 20 la
3943 1575 84 24 jambe
4044 1574 86 20 droite.
4146 1574 46 20 Les
4208 1575 67 20 aoina

3718 1605 47 19 que
3784 1599 144 24 nécessitait
3945 1606 45 14 son
4010 1601 85 25 piteux
4111 1600 53 21 état
4180 1602 34 19 lui
4233 1603 44 19 ont

3719 1625 39 22 été
3779 1626 94 22 donnés
3894 1627 17 21 â
3931 1626 118 26 l'hôpital.
4072 1627 47 20 M...
4141 1631 27 15 se
4191 1627 85 24 plaint,

3719 1657 30 15 en
3767 1653 77 23 outre,
3862 1654 29 20 de
3908 1653 116 21 douleurs
4041 1654 117 19 internée.
4175 1664 28 4 —
4221 1654 27 20 E.

3747 1694 21 19 A
3790 1694 133 20 Charleroi.
3945 1705 28 4 —
3993 1695 55 20 Une
4069 1695 94 20 femme
4185 1693 91 26 griève-

3720 1719 68 19 ment
3805 1719 90 20 brûlée.
3912 1730 30 5 —
3959 1721 65 19 Mme
4044 1720 79 21 Marie
4143 1721 134 24 Pastyaux,

3707 1738 4 23 I
3721 1744 49 19 hab
3780 1745 56 20 tant
3848 1750 94 15 avenue
3956 1746 100 24 Eugène
4071 1747 127 23 Mascaux,
4212 1745 63 22 était

3708 1767 4 34 j
3722 1770 67 18 seule
3810 1768 16 21 à
3847 1771 24 19 la
3890 1771 104 23 maison,
4014 1773 83 19 tandis
4118 1778 47 19 quâ
4187 1777 30 16 sa
4236 1772 39 20 fa-

3708 1796 4 18 I
3722 1795 67 19 mille
3808 1794 83 21 s'était
3909 1797 91 19 rendue
4021 1797 16 20 à
4057 1799 22 18 li
4099 1804 88 15 mess*.
4206 1799 68 20 Mme

3709 1831 3 6 ■
3709 1839 6 8 t
3723 1820 133 25 Pastyaux,
3876 1823 42 22 qui
3938 1823 38 18 est
3994 1822 60 24 âgée
4074 1824 29 19 de
4123 1825 26 19 59
4169 1830 52 17 ans,
4242 1829 32 15 ne

3723 1846 63 24 jouit
3803 1847 56 24 plus
3878 1847 29 20 de
3925 1848 82 20 toutes
4026 1853 39 15 ses
4084 1849 106 22 facultés
4208 1855 57 15 men-

3722 1872 70 21 tales.
3810 1873 89 23 Quand
3918 1874 45 19 elle
3979 1874 41 20 fut
4036 1875 74 22 seule,
4127 1874 45 22 elïî
4189 1876 87 21 voulut

3725 1903 114 19 repasser
3863 1899 32 20 du
3918 1899 73 25 linge,
4014 1901 64 20 mais
4102 1900 45 21 elle
4172 1901 105 22 chauffa

3723 1929 46 15 son
3791 1925 41 19 fer
3852 1924 16 21 à
3891 1930 34 15 un
3947 1926 34 19 tel
4003 1926 71 24 point
4095 1931 47 20 que
4166 1927 22 20 ie
4210 1927 65 25 linge

3722 1950 157 21 s'enflamma
3896 1953 24 19 et
3936 1953 176 23 communiqua
4128 1953 22 20 le
4167 1954 43 19 feu
4227 1958 48 18 au*

3724 1975 137 22 vêtements
3884 1977 29 20 de
3936 1978 25 20 la
3982 1979 179 24 malheureuse,
4185 1980 42 24 qui
4249 1985 26 16 se

3725 2007 79 15 sauva
3828 2002 62 21 dans
3914 2003 25 20 la
3963 2008 44 16 rue
4033 2009 30 15 en
4089 2006 122 23 poussant
4234 2006 43 21 des

3724 2028 48 20 cris
3792 2028 106 21 d'effroi.
3917 2029 51 20 Des
3987 2031 117 23 passants
4123 2030 153 24 étouffèrent

3723 2053 35 21 les
3772 2054 123 24 flammes,
3909 2056 65 20 mais
3990 2056 66 20 Mme
4072 2057 127 25 Pastyaux
4214 2057 62 23 était

3723 2079 57 24 déjà
3797 2082 115 20 couverte
3930 2081 30 20 de
3976 2087 89 19 graves
4084 2082 120 23 brûlures.
4222 2084 54 22 Elle

3722 2110 16 16 a
3754 2105 39 21 été
3808 2107 115 20 conduite
3938 2106 17 22 à
3969 2107 111 25 l'hôpital
4095 2109 31 20 de
4142 2109 133 25 Charleroi,

3748 2144 22 20 A
3785 2143 159 26 Cortenbcrg.
3959 2155 29 6 —
4003 2144 100 22 Violent
4117 2145 120 23 incendie.
4251 2157 29 8 —

3722 2168 70 21 Cette
3816 2170 56 20 nuit
3896 2175 48 15 uno
3967 2171 93 21 violent
4083 2171 113 22 incendie
4220 2172 59 22 s'est

3722 2194 97 23 déclaré
3835 2197 62 20 dans
3912 2201 48 16 une
3975 2197 97 20 maison
4087 2198 29 20 dc
4131 2198 25 20 la
4171 2204 44 15 rue
4230 2199 48 20 Ka-

3722 2221 70 24 pelle,
3820 2221 16 21 à
3863 2222 158 25 Cortenberg,
4049 2223 106 25 occupée
4183 2230 47 19 par
4258 2229 21 17 t%

3722 2246 104 26 ménage
3844 2247 134 26 Théophile
3996 2249 162 21 Vanhamme.

3733 2291 4 3 .
3748 2274 24 20 A
3785 2273 113 21 l'arrivée
3914 2274 43 20 des
3973 2275 124 25 pompiers
4115 2276 30 20 de
4162 2276 116 25 Louvain,

3722 2298 25 21 la
3763 2300 96 20 maison
3876 2305 31 15 ne
3924 2301 103 19 formait
4044 2301 55 24 plus
4116 2301 76 25 qu'un
4208 2304 70 19 va«te

3722 2323 102 22 brasier.
3841 2325 47 22 Les
3906 2326 145 21 sauveteurs
4071 2326 90 22 durent
4179 2333 28 15 se
4226 2329 45 20 bor-

3722 2354 46 17 ner
3786 2349 17 21 à
3823 2350 65 23 faire
3907 2352 24 20 la
3952 2355 57 20 part
4031 2353 32 20 du
4084 2354 42 19 feu
4145 2355 25 20 et
4189 2354 16 20 à
4225 2354 43 25 pré-

3722 2381 85 17 server
3825 2378 35 20 les
3877 2378 110 21 maisons
4006 2379 199 22 environnantes.

3747 2403 36 20 Ils
3799 2409 18 20 y
3834 2402 137 22 réussirent
3988 2405 72 25 après
4079 2405 123 25 plusieurs
4222 2407 47 20 heu-

3723 2432 39 17 res
3787 2428 31 21 de
3842 2430 90 20 travail
3965 2430 179 22 extrêmement
4176 2431 103 26 pénible.

3721 2453 159 22 L'immeuble
3903 2456 39 19 fut
3966 2455 191 25 complètement
4179 2458 99 26 détruit.

3722 2479 46 21 Les
3783 2480 88 25 dégâts
3887 2482 56 20 sont
3959 2481 149 25 importants
4125 2484 25 19 et
4166 2488 112 17 couvert*

3723 2510 46 19 par
3786 2506 157 21 l'aeeurance.

3724 2546 86 21 Offrez
3831 2547 17 20 à
3869 2552 45 16 vos
3934 2548 65 20 amis
4021 2545 34 23 uh
4077 2550 166 21 abonnement
4263 2551 17 22 à

3764 2581 46 39 LA
3833 2581 163 41 LEC1URE
4021 2583 238 42 UNIVERSELLE

3754 2631 34 23 86,
3805 2631 69 21 RUE
3891 2632 46 20 DE
3954 2633 41 20 LA
4014 2633 191 25 MONTAGNE,
4221 2636 27 19 86

3736 2656 58 25 près
3812 2658 31 22 de
3860 2657 26 20 la
3903 2663 45 16 rue
3965 2658 123 25 d'Assaut,
4103 2660 17 21 à
4139 2660 126 21 Bruxelles

3749 2682 89 21 350.000
3853 2683 110 22 volumes
3978 2687 24 17 et
4017 2683 156 27 périodiques
4190 2691 30 15 en
4232 2687 36 20 lec-

3722 2709 62 20 ture.
3800 2709 77 20 Choix
3893 2714 62 20 pour
3971 2711 57 20 «tous
4044 2712 36 19 lea
4096 2712 68 25 âges.

3723 2735 27 20 5tl
3768 2735 39 20 Fr.
3823 2735 66 21 PAR
3904 2737 45 19 AN
3965 2742 31 15 ou
4013 2738 28 19 10
4057 2738 42 20 Fr.
4111 2739 68 20 PAR
4194 2739 82 21 MOIS.

3751 2760 38 21 On
3810 2761 29 21 lit
3859 2762 90 20 autant
3969 2762 73 25 qu'on
4060 2764 22 21 le
4105 2762 87 22 désire.

3750 2787 115 20 Bureaux
3878 2789 110 19 ouverts:
4004 2789 13 20 9
4031 2789 16 20 à
4060 2789 62 21 12.50
4137 2791 25 19 et
4173 2791 15 19 2
4200 2790 16 21 à
4228 2791 13 20 6
4252 2792 23 22 h.

3750 2812 50 21 Des
3825 2814 118 20 fauteuils
3967 2814 142 21 numérotés
4135 2821 63 19 pour
4222 2818 53 20 toue

3723 2838 35 20 les
3777 2838 111 22 théâtres
3906 2843 25 17 et
3950 2840 118 21 fauteuils
4088 2840 111 24 réservés
4217 2847 58 20 pour

3723 2865 56 19 tous
3798 2865 35 21 les
3848 2865 111 21 cinémas
3977 2871 60 16 avec
4055 2872 48 15 une
4115 2868 111 23 -sensible
4241 2869 24 20 ré-

3723 2890 100 21 duction
3846 2891 30 20 de
3898 2892 53 24 prix
3973 2896 108 21 peuvent
4104 2895 52 20 stre
4178 2896 94 20 retemu

3723 2922 46 18 par
3793 2916 129 26 téléphone
3950 2918 117 23 (11.13.22)
4093 2920 98 24 jusqua
4215 2921 13 20 7
4236 2936 3 3 .
4248 2924 21 18 û.

3723 2947 33 16 eu
3772 2943 59 20 eoir.
3850 2954 28 4 —
3898 2944 53 22 (c).

3748 2985 23 19 A
3794 2985 104 21 Anvers.
3919 2996 29 5 —
3969 2984 155 26 Disparition
4146 2985 58 22 d'un
4220 2986 52 21 éco-

3716 3009 190 23 iier...^-v.Louis
3921 3011 167 25 Luykens,.14
4102 3017 53 19 ans,
4171 3013 26 19 et
4208 3012 67 22 îiabt-

3720 3034 57 21 tant
3793 3040 48 16 rue
3857 3033 34 23 dû
3910 3036 154 26 Commerce.,,
4072 3038 83 24 .ayant
4174 3032 56 25 fait*
4243 3038 35 17 i?"*

3720 3061 88 23 quatre
3825 3060 70 19 cents
3910 3063 77 22 coups!
3990 3059 54 27 "ep"
4047 3061 87 22 'classe,
4143 3069 2 2 ■
4150 3060 72 21 avait
4240 3058 35 22 été

3722 3084 109 24 prévenu
3848 3089 48 20 par
3912 3085 23 20 le
3953 3082 124 23 directeur
4096 3086 30 19 de
4145 3091 46 13 son
4212 3084 62 22 «écoîa

3721 3110 59 24 qu'il
3800 3107 83 24 aurait'
3900 3109 17 22 à
3938 3111 166 24 comparaître
4125 3115 47 20 par
4192 3107 82 23 devers

3722 3135 35 20 lui
3774 3135 165 26 accompagné
3957 3135 30 20 de
4006 3142 30 14 ea
4053 3135 74 24 mère,
4145 3141 64 20 peur
4225 3135 49 21 être

3723 3161 72 21 tancé
3815 3161 184 25 d'importance.

3749 3202 67 20 Mme
3832 3201 116 26 Luykens
3965 3206 28 17 se
4011 3201 83 21 rendit
4111 3208 17 15 a
4147 3201 65 21 cette
4230 3207 46 21 peu

3722 3226 116 26 agréable
3857 3227 139 25 invitation,
4014 3228 64 21 mais
4098 3228 45 20 elle
4161 3232 32 16 ne
4212 3228 56 20 trou-

3722 3258 33 15 va
3770 3258 46 19 pas
3834 3258 46 15 son
3897 3253 42 21 fils
3955 3253 16 21 à
3987 3251 89 22 l'école.
4094 3253 93 24 Depuis
4204 3253 72 25 jeudi,

3722 3284 34 15 on.
3775 3279 41 20 n'a
3836 3279 55 25 plus
3914 3279 30 20 de
3963 3283 41 18 ses
4025 3279 133 21 nouvelles.
4177 3279 99 21 Comme

3722 3304 104 21 l'enfant
3840 3304 61 22 était
3915 3310 69 15 assez
3997 3305 227 24 impressionnable,
4236 3309 40 16 ses

3723 3331 102 24 parents
3849 3330 129 25 craignent
4002 3335 34 15 un
4059 3330 120 21 malheur.

3750 3371 22 20 A
3796 3370 78 21 Gand.
3896 3380 30 6 —
3948 3369 133 22 Tentative
4105 3371 32 21 de
4161 3371 115 23 meurtre.

3722 3407 29 4 —
3770 3396 70 21 Dans
3859 3397 24 19 la
3902 3395 56 21 nuit
3980 3397 29 20 de
4029 3397 96 21 samedi
4146 3396 17 22 à
4184 3398 82 20 diman-

3724 3422 52 24 che,
3797 3427 56 15 ver3
3874 3422 91 23 minuit
3984 3424 26 19 et
4032 3423 80 23 quart,
4135 3428 35 16 un
4193 3423 75 21 débar-

3724 3449 61 20 deur
3800 3449 97 20 Bonnet
3915 3448 132 25 Alphonse,
4063 3450 28 20 37
4108 3454 53 18 ans,
4180 3450 86 20 demeu-

3721 3476 58 19 rant
3792 3473 68 22 Allée
3873 3475 82 22 Verte,
3969 3474 16 21 à
3997 3475 80 23 Gand,
4090 3480 17 15 a
4120 3475 40 21 été
4173 3475 101 26 attaqué

3723 3500 57 25 près
3806 3501 29 20 de
3861 3506 30 15 sa
3915 3501 114 20 demeure
4055 3506 47 19 par
4128 3502 24 20 le
4177 3501 98 22 nommé

3724 3526 109 21 Maurice
3859 3527 94 24 Claeys,
3978 3527 100 20 ouvrier
4102 3529 30 23 de
4157 3529 118 25 fabrique,

3723 3554 41 23 qui
3785 3554 35 20 lui
3843 3561 16 14 a
3882 3552 70 26 porté
3976 3558 34 16 un
4032 3559 63 20 coup
4120 3555 29 19 de
4171 3556 103 20 couteau

3723 3580 61 19 dans
3805 3581 23 20 le
3849 3579 50 21 dos.
3919 3579 36 21 La
3975 3580 102 20 victime
4098 3587 17 15 a
4136 3579 40 22 été
4197 3582 78 20 trars-

3721 3604 85 27 portée
3826 3605 129 25 d'urgence
3973 3605 17 21 à
4009 3606 118 25 l'hôpital.

3747 3632 50 20 Son
3816 3634 136 28 agresseur,
3971 3632 42 25 qui
4035 3633 84 20 habite
4140 3633 131 21 Mariaker-

3721 3657 40 26 ke,
3784 3664 17 15 a
3824 3656 39 22 été
3885 3657 83 21 arrêté
3993 3658 132 21 dimanche
4148 3660 80 21 matin
4250 3661 23 20 et

3722 3683 102 22 conduit
3840 3688 33 15 au
3890 3683 80 24 palais
3990 3684 30 23 de
4037 3685 90 24 justice
4146 3686 92 21 devant
4251 3687 22 20 le

3720 3710 59 25 juge
3805 3709 169 21 dlnstruction
3998 3712 42 23 «r^ui
4064 3717 17 15 a
4103 3710 94 22 délivré
4217 3717 42 16 con-

3722 3737 40 21 tre
3778 3736 36 21 lui
3829 3740 34 16 un
3881 3736 105 21 mandat
4003 3737 98 23 d'arrêt.

3829 3811 337 38 COMMUNIQUE

3842 3893 114 18 TRAINS
3975 3893 174 19 SUPPRIMES

3739 3921 22 19 A
3780 3922 67 18 dater
3864 3922 32 18 du
3915 3922 26 18 10
3956 3926 73 18 mara,
4049 3923 34 18 les
4102 3923 77 19 trains
4198 3924 21 19 D
4237 3924 38 21 468

3718 3944 169 23 (Bruxelles-Q.
3900 3944 37 20 L.)
3963 3944 53 23 dép.
4028 3945 13 19 9
4051 3945 25 19 h.
4089 3946 31 21 20.
4134 3946 98 24 Namur,
4244 3948 29 20 A.

3714 3967 26 18 10
3753 3967 24 19 h.
3794 3968 33 19 13)
3844 3967 24 18 et
3882 3967 21 18 D
3918 3967 37 19 131
3972 3968 108 21 (Namur,
4097 3968 51 24 dép.
4165 3970 24 18 19
4203 3970 24 19 h.
4240 3970 30 23 46,

3716 3989 159 23 Bruxelles-Q.
3892 3989 35 22 L.,
3944 3991 29 17 A.
3990 3990 25 19 20
4030 3991 23 18 h.
4071 3991 34 20 53)
4124 3992 81 19 seront
4218 3997 45 19 sup-

3715 4012 86 23 primés
3814 4012 16 19 à
3843 4012 86 19 défaut
3943 4013 30 18 de
3987 4013 109 20 clientèle
4110 4014 138 20 suffisante.

3975 4051 51 20 ►S-4

3764 4086 416 44 VOYAGES

3755 4204 479 36 MARKS.TOURISTES

3753 4253 41 14 pour
3800 4246 12 19 l'
3815 4247 108 21 Allemarjne.
3937 4248 26 18 30
3972 4251 11 10 °
3991 4256 10 10 o
4009 4248 51 18 moin»
4068 4248 37 18 cher
4111 4251 18 15 et
4133 4251 50 15 toutes
4187 4254 38 12 mon-

3752 4269 47 19 naies
3811 4275 43 15 pour
3868 4270 81 20 l'Europe
3962 4270 78 18 Centrale
4054 4277 35 12 aux
4102 4270 35 19 plui
4149 4269 29 19 bas
4191 4270 40 20 prix.

3761 4298 145 32 Voyages
3919 4300 126 30 Joseph
4061 4299 161 25 Dumoulin

3798 4334 58 18 77-79.
3864 4333 46 18 BcaL
3918 4333 32 17 Ad.
3957 4332 148 21 M7ii.Bmx.TeL
4112 4334 38 16 17.1
4154 4333 38 17 7.8S
4216 4339 17 16 »

3752 4475 500 43 NECROLOGIE

3288 5604 93 27 Cartes
3397 5605 17 26 à
3431 5612 29 24 15
3475 5605 91 26 francs

3180 5667 93 27 Cartes
3287 5674 35 18 en
3335 5669 88 29 vente,
3437 5667 34 26 de
3485 5667 50 31 gh.
3542 5663 127 34 3oàiah.
3677 5666 27 23 et

3146 5707 34 26 de
3202 5713 30 24 14
3251 5706 28 25 b.
3298 5711 32 24 30
3349 5705 17 26 à
3388 5712 30 25 17
3437 5706 35 30 h.,
3493 5706 17 26 à
3531 5707 26 25 la
3576 5702 124 28 «Nation

3146 5747 82 30 Belge
3235 5753 23 22 »,
3273 5751 38 24 50,
3327 5745 75 31 place
3415 5746 33 26 de
3463 5745 151 26 Brouckère
3631 5742 71 29 (Tél.

3148 5786 288 29 12.21.00-01-02-03-04)
3461 5790 27 22 et
3509 5784 26 29 à.
3546 5785 27 26 la
3593 5782 107 26 Maison

3146 5824 124 28 Fernand
3284 5822 172 35 Lauweryns,
3472 5832 39 24 ao,
3518 5817 184 38 ïreurenberg

3148 5863 70 32 (TéL
3231 5863 136 33 Ï7.97-8JJ,

3748 4606 39 20 On
3803 4610 63 16 nous
3881 4605 55 26 prie
3952 4605 149 20 d'annoncer
4114 4604 24 21 le
4155 4603 72 21 décès
4246 4604 27 20 de

3926 4638 144 22 MADAME

3742 4674 199 48 Alfred
3990 4671 269 49 CLAEYS

3799 4748 50 33 née
3863 4746 172 40 Marguerite
4045 4746 47 32 DE
4102 4746 96 33 SMET

3749 4797 34 21 Le
3804 4795 95 23 service
3920 4793 105 23 funèbre
4046 4799 60 17 sera
4125 4794 97 22 célébré
4245 4799 28 15 en

3722 4821 92 26 l'église
3829 4820 187 25 Ste-KIisabetb,
4031 4820 24 23 le
4071 4821 70 22 lundi
4157 4822 28 20 11
4200 4825 74 20 mari,

3722 4848 17 22 à
3755 4849 28 21 10
3800 4848 24 21 b,
3843 4847 47 23 1/2.

3748 4874 100 22 PRIEZ
3863 4873 90 21 POUR
3970 4872 93 22 ELLE.

3748 4898 115 23 Réunion
3876 4897 17 23 à
3906 4898 26 21 la
3947 4899 145 25 mortuaire,
4106 4898 18 22 à
4137 4900 29 21 10
4180 4900 93 20 heures.

3750 4926 45 20 Les
3818 4924 62 20 amis
3903 4924 27 22 et
3951 4926 192 19 connaissances
4166 4925 43 25 qui
4230 4928 44 22 par

3721 4951 67 22 oubli
3801 4949 140 23 n'auraient
3954 4955 61 21 reçu
4029 4952 30 21 de
4072 4951 74 21 lettre
4158 4951 31 21 de
4202 4951 73 21 faire-

3721 4978 64 25 part,
3804 4977 58 21 sont
3879 4974 68 27 priés
3966 4976 31 21 de
4017 4976 143 23 considérer
4179 4978 23 21 le
4221 4975 45 28 pré-

3721 5005 57 21 sent
3795 5001 54 22 avis
3868 5007 97 18 comme
3986 5008 32 17 en
4038 5005 90 22 tenant
4145 5003 57 21 lieu.

3748 5030 55 22 Rue
3824 5028 34 21 du
3877 5028 98 26 Cumin,
3995 5030 21 24 7,
4037 5028 79 24 Gand.
4211 5028 61 24 («349)

3748 5113 40 21 On
3805 5117 64 18 nous
3883 5113 56 26 prie
3957 5114 150 22 d'annoncer
4122 5113 26 23 la
4162 5114 76 21 mort'
4246 5113 29 22 d*

3782 5147 120 35 Monsieur
3911 5149 101 33 l'avocat
4023 5147 80 35 Désiré
4113 5147 108 34 GODARD

3787 5196 98 23 Ancien
3904 5198 138 21 Bâtonnier
4061 5199 33 22 de
4112 5198 97 21 l'Ordre

3833 5223 47 23 des
3895 5225 110 21 Avocats
4019 5225 18 21 à
4049 5223 118 23 Verviers

3720 5253 124 17 survenue
3866 5249 171 27 inopinément
4068 5252 24 20 le
4122 5249 120 22 vendredi
4261 5249 15 22 S

3720 5278 76 19 mars.
3808 5276 49 21 Les
3868 5276 120 26 obsèques
3997 5277 92 21 auront
4098 5276 52 21 lieu
4162 5279 24 19 le
4195 5274 80 23 mardi

3720 5301 28 20 12
3769 5305 76 21 mars,
3865 5302 16 21 à
3901 5304 27 19 10
3949 5304 23 19 h.
3993 5308 31 15 en
4043 5301 93 26 l'église
4154 5302 121 20 Primaire

3721 5327 31 20 de
3766 5327 206 24 Saint-Remacle.
3986 5327 115 22 Réunion
4114 5328 18 21 à
4143 5328 26 21 la
4181 5329 94 19 maison

3721 5353 145 26 mortuaire,
3887 5360 45 16 rue
3955 5355 43 20 des
4016 5353 84 26 Alliés,
4119 5361 25 16 n.
4164 5354 36 25 20,
4216 5352 54 24 Ver-

3720 5378 74 25 viers,
3808 5379 18 22 à
3841 5380 15 21 9
3872 5381 24 22 h.
3911 5380 49 23 3/4.

3749 5404 47 24 Cet
3809 5406 56 22 avis
3880 5407 65 21 tient
3958 5406 51 22 lieu
4024 5407 30 21 de
4070 5406 74 21 lettre
4160 5408 30 20 de
4205 5406 73 21 faire-

3720 5431 66 25 part.

3753 5494 141 22 Dimanche
3908 5495 88 25 matin,
4011 5497 38 20 est
4062 5496 68 21 mort
4141 5493 18 23 à
4172 5495 101 22 Namur,

3726 5520 33 21 M.
3793 5521 112 22 Maurice
3936 5521 116 26 Xhoffer,
4085 5521 125 21 directeur
4243 5520 32 21 da

3726 5547 101 25 journal
3852 5554 14 15 «
3880 5548 38 22 La
3942 5548 122 21 Province
4091 5548 30 20 de
4145 5548 98 20 Namur
4255 5551 20 16 ».

3727 5573 33 25 M.
3779 5574 112 22 Xhoffer
3915 5575 44 25 qui
3978 5573 64 22 était
4060 5573 46 26 âgé
4127 5574 31 21 de
4177 5573 28 22 60
4222 5577 53 19 ans,

3726 5605 19 16 a
3764 5602 133 20 succombe
3916 5601 16 21 à
3953 5606 50 18 une
4022 5602 91 24 longue
4133 5601 26 21 et
4179 5600 88 20 doulou-

3728 5632 72 16 reuse
3816 5628 116 22 maladie.
3948 5627 141 26 Originaire
4107 5628 30 22 de
4155 5627 119 22 Verviers,

3727 5654 18 21 il
3761 5655 70 22 avait
3845 5653 77 22 fondé
3941 5654 63 21 dans
4020 5654 67 21 cette
4103 5653 58 21 ville
4177 5654 28 21 et
4220 5657 46 17 con-

3727 5680 94 24 tinuait
3845 5681 30 21 de
3898 5680 93 26 diriger
4020 5685 36 16 un
4086 5679 190 21 hebdomadaire

3727 5706 110 22 théâtral
3855 5707 137 22 «Verviers
4007 5706 123 25 Artiste».

3756 5734 33 21 M.
3814 5733 112 22 Maurice
3948 5733 111 22 Xhoffer
4088 5732 124 22 assumait
4240 5731 35 21 lea

3727 5760 128 22 fonctions
3874 5760 30 21 de
3921 5758 225 27 directeur-gérant
4163 5760 34 20 du
4211 5758 64 26 Jour?

3727 5788 45 21 nal
3789 5787 58 22 «La
3864 5786 123 24 Province
4005 5786 31 21 de
4052 5785 120 22 Namur»
4191 5783 83 28 dopuii

3727 5813 63 23 1930.
3811 5811 5 6 '
