4382 6165
349 4 122 26 ■LlHjj-l

1357 16 44 18 "■■
1444 17 50 19 M|
1616 26 3 5 *
1636 26 34 6 —
1792 21 34 27 "9t
1882 22 12 22 7
1893 23 38 5 —

1853 270 130 24 NATION
2001 271 116 27 BELGE,
2137 271 14 22 2
2168 271 92 22 MARS
2280 270 60 22 1933
2373 269 55 24 ■?!

116 355 48 51 La
194 357 217 59 végétation
439 358 191 57 africaine,

163 435 129 41 source
312 426 46 50 de
378 425 215 51 carburants

124 521 37 22 La
183 521 96 23 Société
300 523 115 20 Centrale
448 521 141 22 Forestière
623 523 29 20 de

98 545 121 28 Eelgiquo
240 549 26 21 et
283 548 171 21 l'Association
475 553 63 20 pour
558 549 21 20 le
600 554 44 20 per-

97 575 196 22 fectionnement
310 577 31 20 du
358 575 112 22 matériel
487 576 106 20 colonial
609 578 45 19 ont

97 600 71 22 réuni
191 602 66 21 leurs
278 602 130 24 membres,
427 602 122 21 mercredi
570 602 84 25 après-

97 628 68 23 midi,
186 627 16 22 à
224 629 96 21 l'Union
340 629 126 23 coloniale,
486 627 17 22 à
523 629 130 21 l'occasion

98 655 73 21 d'une
190 654 147 22 conférence
356 655 62 21 faite
436 660 47 20 par
500 655 34 20 M.
552 656 102 21 Charles

98 681 73 20 Roux
184 686 45 17 sur
245 682 25 21 la
285 680 141 27 végétation
443 681 127 24 africaine,
585 688 60 15 sour-

97 713 29 15 ce
145 707 29 21 de
193 708 155 20 carburants.

127 734 38 21 En
177 733 145 26 présentant
337 734 31 20 M.
381 734 102 21 Charles
496 735 72 20 Roux
581 735 16 20 à
608 741 46 15 son

98 760 131 24 auditoire,
254 761 22 21 le
301 762 80 20 comte
407 761 89 21 Goblet
522 762 133 22 d'Alviella,

99 786 127 27 président
245 788 30 20 de
294 788 24 20 la
337 787 115 21 Centrale
473 787 145 25 B'oreetière,
639 794 16 15 a

99 814 139 21 nettement
256 812 58 27 posé
333 814 26 20 la
376 813 113 25 question
509 814 42 21 des
569 815 77 20 carbu-

100 840 78 26 rants,
195 839 51 22 très
265 840 150 24 importante
434 845 62 20 pour
529 846 32 15 un
594 846 61 20 pays

99 871 97 16 comme
212 867 21 20 le
248 865 70 22 nôtre
333 867 42 24 qui
390 865 102 26 possède
508 872 29 15 en
551 867 103 25 Afrique

100 897 35 16 un
160 892 114 22 domaine
295 893 105 20 colonial
423 892 179 22 extrêmement
625 893 20 21 ri-

100 919 54 21 che.

129 945 33 21 M.
179 945 102 21 Charles
298 946 79 23 Roux,
395 944 92 26 chargé
505 946 29 20 de
552 947 102 19 mission

100 977 32 16 en
152 972 105 25 Afrique
276 971 152 26 équatoriale
448 972 131 25 française,
599 971 55 26 près

100 1003 46 16 son
160 998 199 25 gouvernement,
372 1004 16 15 a
403 997 81 22 étudié
498 999 157 25 longuement

101 1024 23 21 le
139 1023 123 26 problème
278 1025 42 20 des
335 1025 153 20 carburante.
504 1025 32 20 Ce
547 1025 58 20 sont
619 1024 35 20 les

101 1050 118 21 résultats
237 1051 28 20 de
281 1057 40 14 ses
339 1051 144 21 recherches
499 1051 57 24 qu'il
574 1055 16 15 a
608 1049 47 21 fait

101 1076 136 24 connaître,
251 1077 127 23 mercredi,
392 1082 33 16 au
439 1077 89 25 public.
542 1077 38 20 Au
595 1076 50 20 Con-

102 1109 32 20 go
152 1103 75 25 b^lge,
245 1104 67 20 aussi
331 1104 56 20 bien
405 1104 73 24 qu'au
496 1103 105 23 Soudan,
620 1102 34 20 les

102 1128 147 26 oléagineux
270 1135 31 15 ne
325 1130 136 24 manquent
484 1135 51 19 pas.
557 1129 38 20 En
620 1128 34 20 les

102 1156 106 21 traitant
221 1155 100 22 suivant
337 1156 42 21 des
394 1154 117 27 procédés
527 1155 41 25 qui
583 1153 62 21 n'exi-

103 1183 60 25 gent
181 1188 45 19 pas
246 1182 42 21 des
307 1183 165 20 installations
490 1181 50 21 très
558 1180 87 21 coûteu-

102 1214 48 18 ses,
164 1208 17 21 il
197 1209 37 20 -cet
248 1208 104 25 possible
368 1209 29 20 de
411 1208 113 25 produire
539 1207 32 20 du
585 1207 60 20 char-

104 1235 48 20 bon
171 1235 29 21 de
219 1235 60 22 bois,
298 1235 29 21 de
346 1235 93 20 l'alcool
456 1233 104 22 colonial
579 1233 25 20 et
622 1232 31 20 du

104 1260 93 26 pétrole
221 1260 97 26 végétal
343 1261 42 25 qui
408 1260 173 20 alimenteront
613 1258 41 20 djs

104 1286 152 25 chaudières,
273 1287 43 20 des
331 1287 108 21 moteurs
455 1286 16 21 à
484 1291 44 20 gaz
543 1289 111 20 pauvres,

104 1313 17 21 à
139 1319 99 15 essence
257 1314 25 20 et
301 1313 16 21 à
336 1313 65 21 huile
421 1312 91 21 lourde.
529 1312 76 21 Ainsi,
622 1316 32 15 on

104 1344 93 21 pourra
212 1338 115 23 résoudre
344 1340 21 21 le
382 1338 122 26 problème
520 1338 41 20 des
577 1338 68 19 trans-

105 1366 76 25 ports,
198 1366 50 20 clef
265 1367 29 20 de
311 1365 73 22 voûte
402 1365 29 21 de
448 1365 25 21 la
489 1364 61 21 miee
568 1368 30 16 en
614 1368 30 15 va-

105 1393 54 20 leur
176 1392 32 21 du
224 1392 91 25 Cor.co.

132 1419 150 20 Assistaient
301 1418 16 21 à
336 1418 64 21 cette
421 1416 144 22 conférence
586 1413 58 27 agré-

104 1444 98 22 mentée
222 1445 28 20 de
270 1445 149 25 projections
437 1444 147 20 lumineuses
606 1446 48 16 -.res

106 1470 186 22 lntéressantps:
312 1471 59 20 MM.
386 1469 141 23 Tschoffen,
544 1468 111 21 ministre

105 1497 44 21 des
169 1497 118 22 Colonies,
307 1496 106 26 Franck,
432 1495 112 21 ministre
566 1494 89 23 d'Etat,

105 1528 156 20 gouverneur
281 1524 28 20 de
328 1523 25 20 la
384 1523 102 23 Banque
517 1520 137 23 Nationale,

105 1549 103 21 Charles
226 1549 133 25 Magnette,
376 1549 112 20 ministre
507 1547 89 22 d'Etat,
613 1550 33 16 an-

107 1576 55 19 cien
179 1573 125 28 président
320 1575 32 20 du
368 1573 84 23 Sénat;
470 1574 35 20 les
521 1571 133 22 liutenants

107 1601 125 26 généraux
257 1602 82 20 Ealtla
364 1602 24 20 et
413 1601 91 24 Henry,
529 1600 21 20 le
576 1598 79 25 major

105 1628 56 21 Van
174 1628 173 25 Cauwenberg,
360 1627 54 21 aide
428 1627 29 21 de
471 1631 70 20 camp
556 1625 31 20 du
601 1624 54 24 Roi,

106 1655 24 21 le
146 1655 92 20 colonel
255 1654 48 23 Six,
319 1654 53 21 aide
391 1654 27 20 de
434 1658 71 19 camp
523 1652 32 20 du
571 1651 84 26 prince

107 1680 114 26 Léopold,
247 1682 21 19 le
294 1680 92 21 colonel
411 1679 147 21 Liebrcchts,
582 1676 64 27 prési-

106 1707 61 20 dent
191 1708 29 20 de
244 1706 169 21 l'Association
436 1710 61 21 pour
518 1705 22 20 le
564 1704 83 24 perfec-

107 1733 154 20 tionnement
283 1733 31 21 du
334 1731 111 21 matériel
467 1730 109 23 colonial,
597 1730 58 20 MM.

107 1759 113 21 Delvaux
232 1759 29 21 de
275 1759 96 22 Fenffe,
384 1757 99 23 Arnold,
497 1758 21 20 le
531 1757 29 20 R.
572 1756 28 20 P.
612 1756 45 20 Lo-

108 1785 48 23 tar,
172 1785 42 20 des
229 1784 148 24 industriels,
394 1784 42 21 des
450 1781 146 26 ingénieurs,
610 1781 45 22 etc.

338 1824 96 22 ■**>z.<>-

111 1864 50 59 LE
199 1864 133 61 GALA
360 1864 66 58 DU
453 1864 38 56 11
518 1860 138 60 MARS

168 1956 38 25 bu
231 1938 97 43 Palais
343 1938 54 42 des
420 1935 179 44 Beaux-Arts

145 2033 37 26 Au
198 2028 68 36 profit
281 2025 30 33 de
327 2025 22 33 la
365 2024 54 34 villa
434 2043 12 14 «
455 2023 60 34 Chez
531 2022 66 34 Nous
606 2042 12 14 »

139 2077 34 20 Le
193 2077 58 25 gala
271 2076 32 20 du
322 2076 26 20 11
368 2080 66 16 mars
455 2079 32 16 au
507 2074 84 20 Palais
613 2073 42 21 des

111 2102 154 21 Beaux-Arts
285 2102 129 20 s'annonce
435 2105 94 16 comme
548 2105 35 15 un
603 2105 43 15 suc-

112 2128 50 21 cès.
177 2129 39 20 On
231 2134 17 19 y
264 2128 145 25 applaudira
425 2132 47 15 une
489 2127 48 20 fois
554 2126 30 21 de
601 2126 56 25 plus

110 2155 65 21 Mme
192 2155 127 24 Clairbert,
336 2154 58 20 MM.
411 2152 82 21 André
512 2152 104 22 d'Arkor
633 2154 26 19 et

112 2181 56 20 Van
184 2181 121 25 Obbergh.
319 2180 79 20 Mmes
412 2179 130 21 Germaine
559 2178 97 21 d'Astrn

112 2208 23 20 et
154 2207 70 20 Bella
242 2207 90 20 Darms
351 2212 26 15 se
396 2205 143 24 produiront
557 2210 59 16 sous
634 2206 24 19 la

113 2233 122 21 direction
251 2233 29 21 de
297 2233 32 20 M.
345 2232 147 23 Ambrosiny
509 2232 25 19 et
550 2231 33 21 M.
600 2231 57 20 Jon-

112 2264 56 19 gen,
182 2259 122 21 directeur
317 2258 33 20 du
361 2257 187 24 conservatoire,
562 2262 26 16 se
602 2257 55 20 fera

114 2285 119 21 entendre
248 2284 16 21 à
279 2285 97 24 l'orgue.

137 2312 84 21 Citons
233 2316 88 16 encore
333 2312 34 20 les
379 2311 108 20 mineurs
498 2310 101 21 borains
609 2311 49 24 qui,

88 2330 131 33 /quittant
237 2337 53 21 leur
307 2337 89 21 travail
415 2336 16 21 à
448 2337 14 20 3
479 2337 96 22 heures,
593 2337 67 20 vien-

69 2358 21 36 /
114 2364 80 23 dront,
214 2369 31 17 en
285 2364 79 22 tenue,
407 2361 114 22 exécuter
541 2362 116 25 quelques

114 2394 133 17 morceaux
266 2389 29 21 de
313 2389 78 21 choix.

141 2416 65 22 Toua
219 2416 36 21 les
270 2416 99 20 artistes
385 2415 84 21 seront
482 2413 127 26 présentés
624 2418 32 16 au

109 2443 82 25 public
206 2448 46 19 par
267 2443 32 20 M.
315 2442 91 20 Marcel
422 2442 113 20 Antoine.
551 2441 34 20 Le
602 2446 45 20 pro-

115 2473 111 21 gramme
252 2468 108 20 s'ornera
385 2467 71 20 d'une
481 2467 122 20 eau-forte
629 2467 29 20 de

115 2495 103 21 Bastien
232 2493 88 26 gravée
334 2499 46 19 par
393 2494 33 20 M.
440 2494 68 24 Apol.

142 2520 78 26 Après
244 2521 25 20 la
292 2521 80 24 partie
396 2520 137 24 artistique,
559 2524 34 16 un
617 2518 41 22 bal

114 2546 101 22 réunira
238 2547 36 20 les
298 2546 88 21 invités
410 2546 62 22 dans
496 2546 25 20 la
544 2546 60 20 salle
629 2545 30 20 de

114 2574 125 25 sculpture
263 2573 89 20 autour
376 2572 33 20 du
433 2572 103 20 fameux
559 2577 13 15 «
597 2572 61 20 Blue

115 2600 82 20 Elithe
216 2599 101 25 Players
335 2599 132 20 Orchestre
486 2604 20 15 ».

142 2626 36 20 La
192 2626 105 20 location
310 2625 38 21 est
359 2625 101 20 ouverte
474 2629 33 15 au
519 2624 83 20 Palais
616 2624 43 20 des

115 2651 159 21 Beaux-Arts.

343 2683 77 22 ^g-**

698 360 37 71 A
778 360 69 73 LA
890 358 325 75 FEDERATION
1260 356 95 71 DES
1398 352 377 75 ASSOCIATIONS

896 464 47 67 et
978 460 79 71 des
1094 456 173 71 Cercles
1304 454 275 83 Catholiques

1161 554 39 5 —
1212 550 43 17 «—
1446 553 44 16 --=-
1559 551 3 24 :

870 597 34 38 N.
931 595 92 40 Carton
1048 602 15 29 a
1086 591 72 49 parlé
1180 592 47 37 des
1249 590 152 40 indemnités
1423 592 32 38 de
1478 589 121 49 chômage

111 2722 34 40 Le
166 2723 91 39 récital
271 2724 32 38 de
318 2723 94 39 danses
426 2722 101 40 Andrée
547 2722 114 39 Lambert

192 2791 32 30 an
246 2782 86 39 Palais
354 2782 47 38 des
423 2781 162 40 Beaux-Arts

140 2869 97 22 Andrée
253 2869 117 21 Lambert
387 2869 76 21 danse
481 2869 182 24 d'instinct;elle

113 2896 41 20 est
171 2896 41 24 de.
217 2895 65 21 cette
301 2894 67 22 école
385 2895 116 21 moderne
518 2895 42 25 qui
577 2895 76 20 s'atta-

112 2922 47 21 che
178 2923 77 19 avant
272 2922 57 21 tout
348 2921 17 21 à
386 2922 89 20 mettre
496 2926 30 16 en
545 2922 71 20 relief
636 2922 26 20 la

112 2948 132 25 souplesse,
259 2950 22 19 le
297 2948 99 20 charme
412 2948 24 20 et
451 2947 14 21 l'
467 2952 85 20 exprès
554 2947 20 20 si
576 2953 31 14 on
609 2947 54 20 A.n-

113 2973 58 22 drée
185 2974 116 21 Lambert
314 2980 16 14 a
345 2974 48 21 fait
407 2974 78 20 valoir
499 2979 40 15 ces
555 2973 107 21 diverses

113 3000 113 26 qualités,
243 3005 35 16 au
294 3000 83 21 Palais
396 3000 41 20 des
453 3000 160 23 Beaux-Arts,
632 3004 31 16 en

114 3031 37 15 ■un
168 3030 155 21 programme
342 3025 51 21 fort
411 3025 56 21 bien
486 3025 113 25 composé
617 3029 44 16 sur

113 3054 32 21 de
162 3053 25 21 la
201 3054 69 20 vraie
286 3053 118 24 musique.

141 3079 85 22 Citons
246 3080 55 20 tout
317 3078 176 27 spécialement
513 3084 13 14 «
536 3097 3 3 .
545 3079 39 20 Au
603 3079 50 20 Par-

113 3111 75 15 nasse
208 3112 12 9 •*•
243 3106 30 21 de
294 3105 30 21 G.
342 3106 170 23 Lauftrereyris,
533 3104 76 21 danse
631 3109 32 15 ou

73 3129 15 30 £»
113 3132 81 26 plutôt
215 3132 168 20 mouvements
420 3131 135 25 plastiques
593 3130 70 20 d'une

112 3158 63 26 pin*
194 3157 89 22 beauté
304 3158 30 20 de
351 3158 64 24 style
436 3156 32 21 où
487 3162 28 15 se
535 3155 129 21 reconnaît

84 3200 3 3 .
114 3184 83 21 l'école
221 3184 105 20 Duncan
353 3189 7 19 ;
385 3189 13 14 «
422 3182 148 21 Tourments
595 3188 14 14 »
635 3181 29 21 de

113 3211 83 25 Grieg.
213 3209 187 26 interprétation
418 3209 156 23 émouvante;
594 3214 13 14 «
622 3208 32 20 Di-

113 3237 108 21 manche
238 3236 81 21 matin
340 3242 13 14 »
375 3236 29 21 de
425 3235 119 24 Debus-sy,
565 3232 99 22 envolée

113 3262 33 22 de
161 3262 80 27 grâce,
258 3263 30 21 de
302 3261 95 25 beauté,
413 3262 29 21 de
457 3262 119 24 jeunesse.
590 3260 64 24 Ajou-

113 3291 58 20 tons
189 3294 47 20 que
253 3290 35 20 les
306 3289 122 20 costumes
448 3286 108 22 dessinés
575 3291 47 20 par
639 3287 24 19 la

113 3317 74 24 jeune
204 3317 27 19 et
250 3315 144 21 charmante
412 3314 87 21 artiste
516 3314 58 20 sont
592 3313 70 20 d'une

113 3343 64 21 belle
198 3340 146 26 originalité.
363 3339 97 22 Andrée
496 3339 117 21 Lambert
647 3343 17 16 a

113 3369 103 25 conquis
238 3366 116 22 d'emblée
372 3372 34 15 un
426 3366 135 21 nombreux
581 3364 82 26 public

114 3395 43 25 qui
170 3395 32 20 l'a
212 3394 104 21 souvent
328 3394 25 21 et
364 3393 158 25 longuement
533 3389 131 23 acclamée.

143 3421 40 21 Au
208 3425 155 21 programme
388 3418 93 22 étaient
508 3417 98 22 inscrits
633 3417 32 20 M.

115 3447 80 26 Wigy,
211 3446 136 24 violoniste,
362 3446 27 21 et
405 3445 26 21 C.
445 3444 111 24 Piérard,
572 3444 42 24 qui
630 3448 26 15 re-

116 3474 94 25 çurent,
226 3478 49 16 eux
291 3472 74 23 aussi,
382 3472 55 20 leur
452 3472 58 24 part
527 3470 30 21 de
572 3468 90 22 succès.

343 3503 105 22 -+>'£+-

157 3535 168 38 Réunions
344 3539 34 31 et
397 3532 226 38 Conférences

142 3616 88 17 Leçons
257 3613 121 24 publiques
404 3612 16 19 à
447 3611 115 19 l'Institut
590 3610 65 20 Saint

116 3639 78 20 Louis,
213 3637 33 21 43,
267 3635 127 20 boulevard
414 3635 32 18 du
466 3634 83 19 Jardin
570 3633 96 19 Botani-

116 3665 53 37 ?ue,
189 3670 27 5 —
234 3658 116 21 Vendredi
370 3658 12 19 3
403 3661 70 17 mars,
493 3657 16 18 à
528 3656 25 19 20
571 3656 31 22 h.,
624 3659 42 20 par

133 3682 66 19 Abbé
218 3682 23 19 J.
262 3681 109 21 Leclercq
396 3684 6 14 :
425 3687 12 13 «
459 3679 33 19 La
513 3679 86 18 femme
620 3678 46 18 est-

117 3705 45 19 elle
184 3704 83 24 l'égale
292 3704 28 18 de
344 3702 120 20 l'homme?
488 3707 12 13 »
523 3712 26 4 —
573 3700 93 20 Samedi

115 3728 15 18 4
143 3731 70 18 mars,
227 3727 16 18 à
258 3726 24 19 17
296 3726 31 20 h.,
344 3730 42 18 par
400 3725 32 18 M.
448 3724 26 19 G.
491 3723 69 22 Colle,
577 3723 78 23 profes-

117 3753 56 16 seur
187 3754 16 18 à,
217 3747 151 21 l'Université
383 3747 28 19 de
428 3747 65 19 Gand
512 3751 7 14 :
536 3752 12 14 «
564 3746 38 19 Un
616 3745 44 24 phi*

116 3772 95 24 losopbe
232 3776 7 14 :
257 3772 86 18 Platon
361 3776 20 13 ».

287 3828 214 35 MUSIQUE

143 3901 76 22 Foyer
241 3899 141 20 intellectuel
407 3898 29 19 de
461 3897 156 19 Salnt-GUles.

117 3923 94 20 Samedi
225 3923 13 19 4
252 3922 105 21 courant,
373 3922 16 19 à
404 3921 25 19 20
442 3921 24 18 h.
482 3920 43 22 1/2,
541 3919 81 20 récital
639 3920 28 19 de

119 3947 132 18 violoncelle
271 3951 42 19 par
332 3946 62 18 Mme
413 3944 122 19 Elisabeth
553 3943 114 24 Sanglier.

103 3975 7 15 \
117 3970 39 19 Au
173 3970 144 24 programme
338 3973 6 14 :
363 3968 101 24 Dvorak,
483 3968 111 22 Goeyens,
612 3966 55 19 Max

119 3993 85 21 Eruch,
229 3993 96 20 Mozart,
350 3991 112 21 Cassado,
488 3990 83 22 Fauré,
597 3990 61 19 Davi

120 4016 59 22 doff,
197 4016 29 20 de
244 4016 172 23 Bourguignon,
434 4014 109 23 Majrrini.
562 4014 38 20 Au
619 4013 39 25 pia

118 4043 32 16 no
168 4044 7 15 :
192 4040 61 19 Mme
268 4039 100 20 Carmen
383 4039 35 19 De
435 4038 97 19 Brandi.

388 4461 190 32 détacbeur

213 4501 427 52 ininflammable

231 4574 47 22 ne
292 4563 63 33 fait
365 4573 62 28 pas
439 4563 180 33 d'auréole

703 661 120 21 Mercredi
845 660 85 22 matin,
953 658 34 21 lea
1010 655 112 25 délègues
1145 653 29 22 de
1196 653 26 20 la

675 686 147 21 Fédération
836 687 41 20 des
892 683 165 22 Associations
1072 682 24 20 et
1110 681 42 20 des
1166 680 46 21 Cer-

676 714 49 20 cles
746 713 150 23 catholiques
917 716 26 15 se
963 710 55 20 sont
1040 707 82 21 réunis
1141 706 17 20 à
1176 707 46 20 Fa-

680 741 49 19 tria
749 745 56 15 sous
826 739 24 19 la
869 736 139 26 présidence
1028 734 29 21 de
1076 734 32 20 M.
1128 733 94 24 Segers,

675 766 112 20 ministre
805 764 89 21 d'Etat.

707 790 76 26 Après
804 795 46 15 une
871 786 162 22 intervention
1054 785 28 20 de
1102 785 32 20 M.
1153 785 71 20 Wau-

676 819 71 22 trich,
773 817 30 20 M.
827 816 87 24 Segers
944 813 79 20 donne
1054 812 93 22 lecture
1178 811 43 20 des

676 849 71 15 vœux
764 842 60 21 émis
842 846 45 20 par
904 836 156 25 l'assemblée,
1078 838 49 20 lors
1145 837 29 21 de
1192 842 29 15 sa

676 868 110 22 dernière
800 867 94 22 séance,
907 870 32 17 au
951 865 66 24 sujet
1032 864 29 21 de
1075 863 25 21 la
1112 864 109 21 semaine

680 896 29 21 de
730 895 27 20 40
780 894 92 19 heures.

707 920 146 25 Répondant
866 918 15 20 à
896 923 46 15 une
956 916 111 26 question
1082 916 30 22 de
1125 917 32 20 M.
1171 917 54 20 Van

680 948 45 20 den
743 946 79 21 Bosch
841 950 42 17 sur
901 945 24 20 la
944 943 146 21 diminution
1108 942 29 21 de
1156 943 26 20 10
1200 943 23 24 %

679 975 29 21 de
723 970 148 24 l'indemnité
887 969 188 26 parlementaire
1091 970 32 20 M.
1138 969 87 25 Segers

679 1000 95 21 déclare
788 1003 46 20 que
849 996 94 26 d'après
956 1001 40 17 ses
1012 995 123 22 dernières
1151 996 65 21 infor-

679 1026 112 22 mations,
814 1024 64 23 cette
902 1022 147 22 diminution
1070 1027 57 16 sera
1150 1022 66 25 appli-

678 1051 61 26 quée
761 1051 66 21 aussi
850 1050 55 20 bien
926 1048 16 22 à
963 1049 24 20 la
1009 1049 121 20 Chambre
1153 1049 72 25 qu'au

678 1078 81 22 Sénat.

706 1103 147 26 Répondant
874 1101 16 21 à
914 1102 106 20 d'autres
1043 1102 125 24 questions
1194 1102 31 19 du

679 1131 78 22 même
781 1130 108 20 membre
914 1129 30 21 de
967 1129 25 20 la
1015 1128 155 23 Fédération,
1194 1128 31 20 M.

678 1158 86 24 Segers
780 1155 95 24 déclare
890 1159 46 20 que
951 1155 35 20 les
1001 1155 174 25 groupement*
1190 1155 27 20 af-

678 1183 64 22 filiés
757 1183 132 25 garderont
903 1182 53 20 leur
970 1181 140 21 autonomie
1126 1186 32 15 au
1171 1181 53 20 sein

679 1212 29 20 de
722 1210 94 21 l'Union
821 1209 199 25 Catholique.que
1033 1208 94 25 chaque
1132 1212 92 21 groupe

679 1243 16 14 a
713 1237 22 20 le
755 1237 65 20 droit
840 1235 29 21 de
888 1235 92 20 choisir
999 1240 40 15 ses
1059 1234 113 25 délégués
1191 1238 33 16 au

678 1261 93 22 Comité
787 1260 99 26 général
903 1260 25 22 et
944 1265 49 15 aux
1009 1260 154 23 assemblées,
1179 1264 45 20 que

678 1290 22 23 le
727 1285 88 24 comité
842 1287 154 25 d'arbitrage,
1030 1286 101 21 institué
1165 1286 60 20 dans

679 1315 95 20 l'Union
798 1313 146 25 catholique,
967 1313 41 20 n'a
1030 1318 62 20 pour
1115 1312 111 20 fonction

678 1346 46 20 que
737 1341 29 20 de
778 1340 71 25 juger
862 1340 35 21 les
910 1340 100 21 conflits
1022 1340 41 24 qui
1075 1339 150 25 surgiraient

679 1369 68 19 entre
764 1367 35 20 les
815 1371 112 20 groupes.

814 1400 47 21 Les
883 1399 149 22 indemnités
1054 1399 31 21 de
1108 1399 117 24 chômage

705 1435 35 20 La
762 1433 83 26 parole
867 1433 37 21 est
926 1433 94 21 ensuite
1043 1431 92 24 donnée
1156 1430 17 22 k
1194 1431 31 21 M.

678 1461 85 24 Henry
779 1460 92 20 Carton
888 1464 62 20 pour
965 1464 45 17 son
1028 1457 87 26 exposé
1131 1463 44 16 sur
1191 1458 34 20 les

679 1486 146 22 indemnités
843 1487 29 20 de
890 1485 125 26 chômage.
1031 1486 126 20 L'orateur
1171 1489 46 19 rap-

679 1514 60 25 pelle
751 1513 16 20 à
779 1512 150 21 l'assemblée
941 1512 83 25 l'objet
1037 1512 29 21 de
1077 1512 148 20 l'assurance

680 1541 25 21 et
726 1538 271 26 assistance-chômage.
1020 1539 21 20 Il
1063 1542 30 16 en
1116 1537 111 25 explique

678 1567 22 20 le
715 1565 148 21 mécanisme
879 1566 80 20 actuel
974 1565 57 25 qu'il
1045 1564 103 25 critique
1163 1564 53 20 vive-

680 1593 74 20 ment.

706 1619 47 20 Lee
775 1618 92 21 caisses
890 1617 162 26 provinciales
1075 1619 25 19 et
1120 1621 98 16 commu-

680 1646 68 20 nales
766 1644 69 23 étant
851 1644 76 24 vides,
945 1645 59 21 c'est
1020 1644 77 21 l'Etat
1113 1643 41 25 qui
1172 1647 45 20 sup-

681 1675 69 22 porte
775 1673 6 20 I
785 1677 25 15 e0
835 1672 103 24 charges
963 1671 42 20 des
1029 1670 143 21 allocations
1199 1670 28 19 de

680 1698 125 25 chômage.
828 1699 83 20 Avant
934 1698 84 20 d'aller
1040 1697 54 25 plus
1117 1696 57 24 loin,
1196 1696 32 20 M.

680 1725 91 21 Carton
787 1725 48 20 cite
851 1724 124 25 l'exemple
993 1724 29 21 de
1036 1724 24 19 la
1076 1723 95 20 France
1186 1723 41 24 qui

680 1752 73 20 laisse
773 1756 49 16 aux
841 1756 141 16 communes
1002 1751 22 21 le
1041 1750 56 20 soin
1117 1749 27 22 de
1164 1749 63 21 faire

680 1778 94 21 l'effort
793 1777 139 22 nécessaire
952 1782 30 15 en
1003 1777 87 20 faveur
1111 1776 42 20 des
1173 1775 46 21 chô-

682 1810 83 16 meurs
783 1805 26 21 et
828 1804 157 22 n'intervient
1003 1802 112 26 qu'après
1133 1803 22 21 le
1173 1807 47 16 con-

683 1831 61 21 trôle
762 1831 42 20 des
821 1831 144 20 allocations
982 1829 130 21 accordées
1129 1834 46 20 par
1193 1829 35 20 les

682 1856 188 26 municipalités.

710 1884 21 20 Il
763 1884 49 20 cite
844 1883 63 21 celui
939 1882 30 21 de
1001 1882 161 25 l'Angleterre
1197 1881 32 21 où

679 1911 35 19 les
741 1909 144 22 cotisations
918 1908 139 26 syndicales
1089 1910 58 19 sent
1175 1913 45 20 pro-

682 1935 229 25 portionnellement
923 1935 54 24 plus
990 1933 92 22 élevées
1095 1935 71 23 qu'en
1176 1934 45 21 Bel-

684 1962 78 25 gique.
786 1962 50 20 Des
860 1960 169 22 commissions
1051 1959 119 26 spéciales
1203 1960 28 21 de

685 1987 108 22 contrôle
821 1988 85 20 furent
932 1985 137 23 Instaurées
1100 1992 5 15 :
1135 1986 42 21 dès
1204 1992 26 14 oe

683 2015 109 20 moment
814 2014 87 24 1S0.0O0
923 2018 133 21 personnes
1083 2012 41 26 qui
1154 2015 67 19 émar-

683 2042 98 24 geaient
798 2046 48 15 aux
861 2041 92 20 caisses
970 2040 28 20 de
1015 2039 119 26 chômage
1149 2044 31 16 ne
1195 2040 36 25 s'y

683 2067 169 26 présentèrent
871 2067 61 25 plus.

710 2095 39 20 En
772 2094 123 25 Belgique,
918 2094 17 20 il
956 2093 63 20 n'est
1040 2093 56 25 plus
1118 2093 112 24 question

684 2121 145 21 d'instaurer
840 2121 23 22 le
873 2119 109 26 système
992 2120 117 24 français,
1120 2120 35 20 les
1167 2124 55 16 com-

684 2152 86 16 munes
795 2144 25 24 et
842 2146 36 22 las
900 2146 128 26 provinces
1052 2146 102 25 n'ayant
1176 2146 55 25 plus

684 2173 117 26 d'argent.

711 2201 126 20 L'orateur
849 2199 81 21 étudie
942 2199 65 21 alors
1019 2200 25 20 la
1055 2199 119 21 situation
1189 2202 41 17 des

684 2227 135 21 chômeurs.
821 2228 26 19 .11
861 2226 96 22 déclare
970 2226 167 21 inadmissible
1152 2226 29 20 de
1194 2224 27 22 ré-

683 2258 84 16 server
787 2253 159 24 uniquement
964 2252 35 22 les
1017 2252 73 20 fonds
1110 2252 29 22 de
1156 2251 76 21 l'Etat

683 2279 17 21 à
713 2284 47 16 une
774 2278 123 26 catégorie
914 2279 28 22 de
956 2278 117 25 citoyens,
1087 2277 17 22 à
1116 2283 62 15 ceux
1190 2276 40 26 qui

684 2306 190 25 appartiennent
891 2304 17 21 à
925 2310 48 16 une
991 2304 168 26 organisation
1176 2308 46 21 syn-

685 2333 84 20 dicale.
787 2332 38 21 On
843 2331 85 24 hésite,
947 2331 162 25 aujourd'hui,
1126 2330 16 21 à
1157 2331 64 20 chan-

683 2364 44 20 ger
742 2359 23 20 le
778 2357 109 26 système
904 2363 30 17 en
949 2358 110 25 vigueur,
1074 2358 117 25 pourtant
1205 2357 25 20 îa

684 2385 196 21 discrimination
897 2385 69 21 entre
985 2384 92 21 affiliés
1096 2386 25 20 et
1136 2384 86 20 non-af-

684 2411 64 22 filiés
766 2416 122 20 provoque
907 2411 41 21 des
963 2411 133 22 situations
1113 2410 117 22 odieuses.

685 2439 38 20 On
747 2439 36 20 dit
805 2438 58 25 qu'il
885 2438 57 20 faut
971 2436 171 26 récompenser
1171 2441 61 16 ceux

685 2466 41 24 qui
744 2465 44 21 ont
804 2465 48 20 fait
869 2469 34 16 un
921 2464 78 22 effort
1016 2464 29 20 de
1061 2462 169 27 prévoyance?

685 2491 63 22 Mais
767 2492 43 19 nul
830 2491 108 25 n'ignore
958 2496 47 19 que
1025 2492 22 20 le
1067 2490 101 20 nombre
1188 2489 43 20 des

683 2516 132 27 syndiqués
829 2523 15 15 a
857 2517 132 25 augmenté
1003 2518 61 20 dans
1079 2517 41 20 des
1133 2521 90 20 propor-

686 2545 64 21 tions
766 2543 180 23 considérables
965 2543 42 21 dès
1024 2548 46 20 que
1086 2543 23 21 le
1126 2541 106 26 système

685 2571 80 21 actuel
782 2576 16 15 a
813 2570 39 21 été
868 2569 121 26 appliqué.
1005 2570 45 20 Les
1065 2569 93 21 affiliés
1173 2573 50 16 nou-

686 2602 79 16 veaux
789 2597 83 21 ont-ils
896 2596 62 25 payé
982 2597 66 20 leurs
1072 2595 159 21 cotisations?

687 2624 30 21 M.
739 2624 92 20 Carton
853 2629 85 15 assure
959 2623 71 25 qu'on
1051 2623 34 20 les
1106 2627 16 16 a
1143 2620 89 27 payéets

686 2656 61 20 pour
764 2655 52 17 eux.
837 2650 83 21 (Rires
938 2650 25 20 et
980 2648 195 24 exclamations).

711 2678 104 19 Parlant
828 2677 65 21 alors
907 2677 32 19 du
951 2676 124 25 paiement
1087 2675 42 21 des
1141 2674 82 21 indem-

686 2703 63 21 nités
767 2704 29 20 de
812 2702 125 26 chômage,
953 2703 115 20 l'orateur
1084 2702 36 20 dit
1135 2706 46 20 que
1197 2702 35 19 les

687 2731 145 20 allocations
861 2729 130 21 accordées
1020 2728 124 21 n'avaient
1179 2728 53 20 rien

689 2757 135 21 d'excessif.
843 2757 21 20 H
884 2756 62 21 était
964 2755 80 21 même
1062 2755 123 25 opportun
1204 2754 30 20 de

688 2784 135 24 permettre
854 2787 50 16 aux
936 2786 142 16 communes
1109 2780 123 21 certaines

687 2810 170 24 majorations.
883 2809 33 20 M;
926 2809 22 20 is
974 2808 64 21 dans
1071 2807 79 26 quelle
1183 2811 41 16 ma-

688 2835 72 21 sure?

714 2867 32 21 Ce
755 2867 39 21 fut
802 2872 48 16 une
858 2872 84 15 erreur
960 2866 15 21 d
977 2877 12 15 e
1007 2866 33 21 M.
1058 2866 121 23 Wauters,
1198 2865 36 20 dit

686 2895 33 21 M.
733 2895 98 23 Carton,
847 2894 92 20 d'avoir
953 2892 76 22 invité
1043 2894 35 20 les
1091 2896 142 16 communes

687 2921 107 20 d'entrer
815 2921 61 20 dans
897 2920 65 23 cette
982 2919 54 21 voie
1057 2923 59 16 sans
1138 2922 96 17 aucune

689 2947 124 23 directive,
837 2952 60 15 sans
924 2951 95 16 aucune
1043 2945 139 21 limitation.
1210 2945 25 20 Si

688 2974 47 21 l'on
759 2974 78 20 donne
859 2974 56 24 trop
936 2977 55 20 peu,
1012 2972 60 21 c'est
1093 2972 25 20 la
1139 2970 96 24 misère,

685 3001 23 20 si
726 3000 47 21 l'on
791 3000 79 23 donne
888 3000 62 25 trop,
968 2999 60 20 c'est
1044 3003 151 20 encourager
1202 3017 3 7 ,
1212 2999 22 19 le

688 3026 126 26 chômage.
837 3025 65 22 C'est
923 3026 62 21 aller
1007 3026 55 20 tout
1087 3025 64 21 droit
1172 3023 17 22 à
1210 3024 25 21 la

686 3051 149 22 surenchère
846 3052 118 26 politique
975 3056 32 16 ou
1018 3050 17 22 à
1045 3050 164 22 l'abstention.

715 3086 128 21 L'orateur
862 3086 98 20 montre
982 3086 125 19 comment
1127 3084 37 20 les
1186 3088 42 15 ma-

689 3114 121 24 jorations
833 3112 163 26 provinciales
1020 3112 26 21 et
1067 3110 168 22 communales

689 3139 85 20 lurent
794 3137 131 21 accordées
947 3137 29 20 de
997 3137 25 20 la
1041 3137 74 23 façon
1136 3136 25 20 la
1182 3136 54 23 plus

690 3166 125 24 disparate
829 3164 55 21 d'où
896 3165 23 19 le
933 3163 86 26 gâchis
1032 3164 25 19 et
1071 3163 25 20 li-
1108 3163 70 20 ruine
1192 3161 43 20 des

689 3191 112 21 finances
818 3190 161 25 provinciales
996 3191 25 19 et
1036 3188 173 21 communales.

717 3217 118 24 Exemple
849 3216 33 21 du
893 3215 86 26 gâchis
995 3221 7 14 :
1017 3215 77 21 l'Etat
1106 3219 62 20 paye
1181 3213 56 25 plus

687 3244 17 20 à
716 3243 121 22 certaines
849 3242 128 26 provinces
988 3240 56 26 qu'à
1056 3241 106 20 d'autres
1175 3240 61 21 dans

691 3276 48 16 une
755 3271 142 25 proportion
914 3270 79 20 allant
1009 3268 30 21 de
1055 3269 14 19 1
1084 3267 17 22 à
1116 3267 21 22 7.

716 3296 33 22 Et
769 3296 35 21 les
825 3294 186 26 exagérations?
1032 3294 69 20 Dans
1121 3293 26 21 la
1165 3291 62 27 géné-

690 3322 71 22 ralité
776 3323 42 20 des
833 3327 51 19 cas,
900 3322 35 20 les
951 3321 144 21 allocations
1110 3321 57 19 sont
1182 3320 54 24 plus

690 3350 77 21 fortes
788 3349 61 20 dans
872 3349 34 20 les
928 3348 27 21 60
976 3348 119 24 premiers
1116 3346 69 25 jours
1207 3345 30 21 de

690 3375 125 25 chômage.
834 3375 42 24 Or,
894 3374 18 21 il
930 3379 18 20 y
965 3379 17 16 a
999 3373 89 24 150,000
1107 3372 129 22 chômeurs

690 3402 165 25 permanents,
879 3403 23 19 et
922 3401 8 20 l
933 3411 13 15 e
967 3399 108 26 système
1103 3399 134 25 s'applique

689 3429 67 21 aussi
773 3433 49 16 aux
838 3427 129 22 chômeurs
983 3425 179 22 intermittents
1177 3425 60 21 dont

690 3456 22 22 le
729 3455 102 21 nombre
847 3452 88 24 s'élève
952 3452 17 22 à
985 3453 95 24 170,000,
1095 3453 63 20 mais
1176 3451 21 22 si
1214 3452 24 20 le

690 3482 101 20 nombre
805 3481 38 21 est
857 3480 115 21 constant
986 3485 28 15 ce
1026 3484 32 17 ne
1072 3479 56 20 sont
1142 3483 45 20 pas
1201 3478 35 20 les

690 3507 92 22 mêmes
804 3506 129 22 chômeurs
955 3506 41 25 qui
1018 3507 23 20 le
1062 3505 115 21 forment.
1199 3505 38 20 On

690 3536 60 24 peut
767 3534 62 21 donc
849 3534 51 20 dire
917 3538 48 20 que
983 3533 36 20 les
1037 3532 89 24 900,000
1144 3530 93 22 affiliés

689 3566 27 16 se
736 3560 143 26 présentent
898 3559 17 21 à
932 3560 25 20 la
976 3559 79 22 caisse
1076 3560 25 20 et
1120 3557 118 22 touchent

690 3588 56 24 plus
764 3591 47 21 que
829 3587 22 23 le
869 3586 115 20 montant
1003 3586 30 20 de
1057 3585 24 20 la
1106 3584 132 21 cotisation

690 3613 92 22 versée.
797 3613 66 21 C'est
878 3612 123 22 contraire
1017 3610 16 22 à
1048 3612 68 20 toute
1132 3611 26 21 la
1172 3610 57 22 tech-

690 3640 73 26 nique
783 3640 98 20 sociale.
902 3639 38 21 On
961 3637 55 23 crée
1036 3638 138 21 l'attirance
1192 3641 47 20 par

691 3668 26 20 la
735 3667 149 25 majoration
904 3666 42 21 des
964 3665 145 21 allocations
1128 3663 109 26 pendant

691 3694 35 20 les
745 3693 27 20 60
789 3692 118 26 premiers
926 3692 69 24 jours
1014 3691 25 20 et
1058 3695 40 20 qui
1117 3695 32 15 en
1167 3688 62 22 béné-

690 3720 74 20 ficie?
789 3719 36 20 ks
849 3718 153 25 organismes
1031 3716 137 25 syndicaux
1198 3715 40 25 qui

691 3746 83 20 voient
793 3745 146 25 augmenter
959 3744 22 20 le
1002 3743 101 21 nombre
1124 3743 30 20 de
1172 3742 66 20 leurs

690 3771 100 22 affiliés.
913 3777 13 14 •

718 3799 32 20 M.
768 3798 92 22 Carton
878 3797 108 25 rappelle
1004 3794 98 23 l'arrêté
1118 3795 69 25 royal
1207 3794 32 21 du

690 3825 14 21 2
724 3825 81 25 Juillet
825 3824 54 21 1930
897 3824 79 25 ayant
995 3823 62 21 trait
1076 3821 17 22 à
1113 3827 27 15 ce
1161 3827 50 15 cas.

718 3863 29 5 —
765 3852 104 24 Jamais,
889 3849 86 23 s'écrie
995 3849 86 22 l'orate
1098 3854 20 19 r,
1137 3849 42 21 cet
1199 3853 29 16 ar-

692 3877 51 22 rêté
757 3877 68 25 royal
840 3877 40 20 n'a
894 3875 38 22 été
946 3874 121 26 appliqué.
1081 3874 40 21 Eh
1133 3874 67 21 bien!
1216 3874 22 21 si

692 3904 122 21 l'autorité
832 3904 39 20 est
886 3902 17 21 k
920 3907 28 16 ca
963 3901 71 26 point
1049 3906 60 16 sans
1126 3902 74 21 force,
1216 3904 22 16 si

692 3931 45 21 elle
755 3935 30 16 ne
803 3929 105 26 reprend
925 3934 45 20 pas
986 3933 40 15 ses
1043 3927 84 24 droits,
1143 3927 25 20 la
1185 3927 44 20 Bel-

691 3957 72 25 gique
783 3957 38 20 est
837 3955 99 26 perdue.
957 3954 92 25 (Appl.)

718 3983 20 21 Il
753 3987 30 16 ne
797 3983 57 20 faut
866 3987 52 20 pas,
931 3980 113 26 poursuit
1056 3980 122 24 l'orateur,
1191 3984 47 20 que

691 4008 150 23 l'indemnité
864 4009 31 22 de
918 4007 119 25 chômage
1061 4006 123 25 approche
1206 4007 32 19 du

691 4036 114 21 montant
818 4036 32 20 du
861 4035 98 21 salaire.
972 4034 39 21 On
1024 4033 36 21 dit
1072 4037 47 21 que
1130 4032 98 21 l'indem-

692 4062 51 21 nité
764 4067 31 15 ne
816 4062 60 24 peut
895 4066 46 20 pas
963 4060 103 21 excéder
1087 4060 35 19 les
1144 4059 40 22 3/4
1206 4059 31 20 du

690 4088 97 22 salaire.
803 4088 63 20 Mais
885 4087 124 21 comment
1026 4085 89 22 établir
1132 4086 22 20 le
1171 4089 58 16 mon-

691 4115 55 21 tant
764 4115 32 20 du
812 4114 107 21 salaire?
937 4114 40 20 En
992 4118 27 17 se
1036 4113 91 20 basant
1143 4116 44 16 sur
1201 4111 36 20 les

690 4141 103 21 salaires
805 4140 116 21 anciens?
933 4140 34 20 Le
979 4138 109 23 contrôle
1101 4139 38 20 est
1150 4137 78 21 inexis-

691 4168 56 20 tant
766 4169 24 21 et
807 4172 28 16 ce
852 4166 79 21 serait
948 4166 65 21 faire
1030 4165 85 21 fausse
1134 4165 76 20 route.

717 4193 95 21 Posant
827 4193 64 20 cette
907 4191 113 26 question
1039 4196 6 16 :
1063 4197 13 15 «
1083 4191 47 20 Les
1147 4190 81 21 indem-

691 4219 64 22 nités
774 4220 30 20 de
820 4218 118 26 chômage
954 4217 172 22 incitent-elles
1143 4218 36 20 les
1197 4221 31 16 ou-

691 4246 78 21 vriers
783 4245 17 21 à
815 4250 31 18 ne
863 4250 44 20 pas
924 4244 132 25 re-prendre
1072 4245 22 21 le
1110 4243 106 21 travail?
1225 4248 13 14 »

692 4273 32 21 M.
746 4272 92 21 Carton
860 4270 94 26 répond
976 4276 7 15 :
1006 4270 41 21 «Il
1069 4270 57 21 faut
1147 4274 47 20 que
1216 4269 22 20 le

690 4298 151 21 mécanisme
862 4298 42 20 des
925 4297 144 21 allocations
1090 4301 31 16 ne
1142 4296 23 20 le
1185 4300 44 20 per-

691 4326 77 21 mette
784 4331 45 19 pas
845 4331 20 15 ».

717 4350 140 22 Résumant
872 4355 45 16 son
935 4349 116 24 discours,
1068 4347 117 22 l'orateur
1203 4347 35 22 dit

691 4377 164 21 notamment:

720 4405 41 21 S'il
787 4403 125 26 s'agissait
937 4402 71 21 d'une
1032 4401 114 26 question
1171 4400 57 20 d'hu-

692 4430 101 25 manité,
810 4430 17 21 il
844 4430 40 24 n'y
901 4429 84 20 aurait
1000 4432 83 16 aucun
1099 4425 139 22 désaccord,

692 4458 25 20 ni
740 4462 33 16 au
794 4456 149 23 Parlement,
965 4455 26 20 ni
1014 4454 63 20 dans
1098 4453 24 20 le
1143 4457 61 21 pays
1229 4456 7 17 :

692 4484 63 20 mais
767 4483 18 21 il
797 4487 17 20 y
826 4487 17 16 a
853 4482 56 21 tout
918 4480 73 22 autre
1002 4480 82 21 chose.
1096 4479 33 21 Ce
1142 4479 43 24 qui
1198 4477 31 21 do-

691 4510 67 20 mine
772 4509 86 24 depuis
872 4508 33 22 M.
919 4507 116 21 Wauters
1050 4506 62 20 dans
1126 4502 104 28 l'organi-

693 4536 81 20 sation
789 4535 30 21 de
833 4535 149 20 l'assurance
997 4533 25 21 et
1036 4532 56 26 puis
1106 4531 29 21 de
1150 4530 80 22 l'assis-

692 4562 73 21 tance
798 4560 126 25 chômage,
956 4559 67 23 c'est,
1057 4557 123 23 disons-le,
1213 4556 25 20 la

692 4587 190 25 préoccupation
896 4586 34 20 du
940 4584 169 22 recrutement
1121 4581 117 27 syndical.

692 4614 47 21 Les
755 4614 93 20 caisses
865 4612 157 21 d'assurance
1039 4611 45 20 ont
1101 4609 39 21 été
1155 4607 83 22 créée*"!

692 4639 17 21 à
730 4639 110 25 l'origine
860 4643 47 20 par
927 4638 37 20 les
985 4636 136 26 syndicats:
1143 4633 95 23 ceux-ci

692 4664 163 22 n'admettent
874 4662 150 22 l'affiliation
1051 4661 16 21 à
1086 4666 41 16 ces
1148 4660 91 21 caisses

693 4697 47 20 que
759 4691 152 25 moyennant
950 4688 152 22 l'affiliation
1121 4686 17 22 à
1157 4686 82 21 toutes

693 4719 35 21 les
749 4717 108 21 sections
877 4715 144 26 syndicales.

719 4743 89 27 JB.jra
826 4743 57 20 bien
901 4742 36 20 les
955 4741 91 21 caisses
1064 4739 131 22 officielles
1213 4737 26 22 et

693 4771 74 20 libres
781 4769 64 21 mais
858 4768 28 21 95
900 4773 23 20 p.
937 4772 21 16 c.
973 4767 43 21 des
1031 4765 93 22 affiliés
1140 4770 26 16 se
1182 4763 57 22 sont

694 4795 91 26 dirigés
807 4800 33 15 ou
863 4795 45 20 ont
931 4792 39 23 été
992 4791 108 23 orientés
1123 4796 56 16 vers
1202 4790 36 21 les

694 4822 132 25 syndicats.

718 4847 41 24 Or,
775 4852 61 16 vous
851 4845 225 26 représentez-vous
1091 4843 14 21 8
1119 4842 17 22 à
1150 4842 88 21 900.000

693 4872 93 22 affiliés
807 4872 32 24 et,
859 4870 101 24 bientôt,
978 4871 127 23 beaucoup
1133 4868 54 25 plus
1210 4872 30 16 en

693 4900 72 20 vertu
773 4899 41 20 des
821 4897 164 26 propositions
1000 4896 29 22 de
1042 4896 33 21 loi
1089 4893 116 27 déposées
1218 4894 22 22 le

1250 657 27 20 22
1299 656 91 21 février
1410 656 55 20 1933
1486 656 25 23 et
1532 656 42 25 qui
1595 654 149 27 organisent,
1767 658 30 16 en

1252 683 53 23 fait,
1328 683 151 20 l'affiliation
1502 682 98 21 forcée?
1625 681 165 25 Représente?,

1251 713 59 17 vous
1324 713 32 17 un
1369 710 93 20 million
1475 710 24 20 et
1512 710 54 23 plus
1579 708 115 21 d'affiliés
1706 707 88 25 payanl

1251 742 47 16 une
1317 737 132 20 cotisation
1470 736 113 21 annuelle
1603 736 75 19 totale
1700 733 98 20 variant

1251 763 30 23 dc
1299 763 40 21 300
1356 763 15 21 à
1388 764 41 19 500
1446 763 31 21 fr.

1278 797 46 25 Qui
1341 803 30 15 ne
1388 797 50 20 voit
1453 801 47 21 que
1516 796 64 20 cette
1597 793 132 22 cotisation
1746 797 42 20 per-

1252 825 51 20 met
1326 825 76 19 avant
1427 824 54 20 tout
1504 822 29 21 de
1557 821 98 21 couvrir
1678 820 34 19 les
1736 819 62 20 frais

1250 850 125 26 généraux
1392 850 70 20 d'une
1478 848 169 25 organisation
1664 846 133 25 puissante.

1251 876 214 27 L'augmentation
1491 876 42 19 des
1560 872 110 22 effectifs
1695 877 15 14 a
1735 871 62 20 donc

1252 909 62 20 pour
1342 903 104 21 résultat
1474 903 22 19 le
1526 899 200 24 développement
1756 897 42 20 des

1251 930 93 24 cadres,
1366 928 142 21 l'extension
1529 928 25 19 et
1574 926 25 19 la
1618 924 180 21 consolidation

1252 957 29 20 de
1300 955 184 25 l'organisation
1501 952 124 26 syndicale
1642 951 31 24 ct,
1691 955 32 15 on
1740 950 59 25 peut

1253 983 114 24 l'ajouter
1384 980 124 26 politique.

1280 1016 25 20 SI
1321 1015 24 24 je
1362 1020 31 15 ne
1410 1013 51 21 suis
1478 1017 45 19 pas
1541 1011 141 20 adversaire
1699 1010 29 21 de
1745 1009 45 22 l'or-

1251 1041 141 26 ganisation
1408 1038 131 26 syndicale,
1556 1038 49 20 loin
1621 1037 30 21 de
1668 1036 30 24 là,
1713 1041 28 16 ce
1757 1040 42 20 qui

1253 1068 97 20 domine
1368 1072 31 15 en
1416 1066 56 24 moi,
1489 1070 28 15 ce
1534 1064 58 20 sont
1608 1064 35 20 les
1661 1062 129 21 considéra-

1252 1095 65 19 tions
1331 1093 29 20 de
1374 1092 96 25 Justice,
1485 1089 151 22 d'humanité
1650 1091 25 20 et
1689 1089 29 20 de
1733 1089 64 20 salut

1253 1120 88 25 public.
1360 1118 92 25 (Appl.)

1356 1159 44 33 Les
1425 1165 104 27 mesures
1551 1157 14 35 à
1590 1156 98 41 prendre

1279 1219 97 24 Quelles
1400 1222 111 16 mesures
1540 1218 127 24 pratiques
1691 1214 107 26 peuvent

1253 1245 52 21 être
1321 1245 94 25 prises?

1278 1272 24 20 1"
1319 1271 107 24 Puisque
1444 1270 78 20 l'Etat
1539 1268 134 22 intervient
1691 1267 42 20 dès
1751 1270 47 21 que

1252 1298 35 20 les
1306 1298 92 20 caisses
1418 1297 57 20 sont
1494 1296 73 23 vides,
1589 1296 15 20 il
1623 1295 56 20 faut
1699 1292 100 22 vérifier

1252 1324 25 20 et
1297 1324 93 20 unifier
1410 1323 35 22 les
1468 1322 158 25 dispositions
1648 1319 150 22 essentielles

1252 1351 42 20 des
1311 1350 100 23 caisses,
1429 1349 64 21 ainsi
1512 1354 31 20 qu
1546 1357 12 15 e
1576 1349 52 19 leur
1647 1346 143 21 fonctionne-

1254 1377 74 21 ment.

1276 1403 24 20 2"
1316 1403 134 24 Appliquer
1466 1400 98 22 l'arrêté
1580 1399 68 25 royal
1665 1399 33 20 du
1713 1398 14 20 2
1744 1397 44 25 juil-

1252 1430 34 20 let
1303 1429 54 20 1930
1375 1430 24 19 et
1418 1434 30 15 en
1466 1429 56 20 tous
1539 1432 43 15 cas
1602 1426 63 21 faire
1683 1429 30 15 en
1731 1425 66 19 sorte

1251 1460 47 21 que
1312 1456 22 20 le
1346 1454 117 21 chômeur
1475 1460 31 15 ne
1519 1454 95 24 reçoive
1627 1457 45 19 pas
1686 1451 41 20 des
1742 1455 47 20 pou-

1252 1482 65 22 voirs
1340 1482 95 25 publics
1458 1482 55 23 plus
1535 1485 33 15 au
1590 1477 75 22 début
1687 1477 57 25 qu'il
1767 1481 31 15 ne

1253 1507 78 26 reçoit
1346 1514 31 14 en
1392 1513 43 15 cas
1452 1508 30 21 de
1498 1505 119 24 chômage
1632 1502 124 27 prolongé.

1279 1541 24 21 3°
1318 1542 106 20 Assurer
1437 1541 26 20 la
1478 1538 158 23 distribution
1652 1537 43 20 des
1711 1537 79 19 alloca-

1252 1568 65 22 tions
1331 1573 30 15 en
1377 1568 88 20 tenant
1477 1566 96 24 compte
1589 1564 42 21 des
1646 1563 152 25 organismes

1253 1595 126 24 existants,
1400 1594 64 20 mais
1484 1598 30 15 en
1534 1590 150 22 intéressant
1703 1588 87 21 effecti-

1253 1623 100 18 vement
1377 1621 35 20 les
1437 1618 114 27 pouvoirs
1576 1618 88 20 locaux
1686 1620 34 16 au
1743 1619 47 16 con-

1253 1646 70 22 trôle.

1280 1674 23 19 4°
1319 1673 98 20 Unifier
1432 1672 61 20 dans
1509 1670 55 22 tout
1578 1670 22 20 le
1617 1673 66 21 pays,
1699 1673 50 15 non
1764 1668 35 19 les

1255 1700 145 20 «'locations
1424 1699 64 19 mais
1513 1698 36 19 les
1574 1695 159 25 dispositions
1758 1693 42 25 qui

1255 1727 35 20 les
1315 1725 127 26 régissent.
1467 1723 74 21 Aider
1565 1722 98 21 surtout
1685 1721 36 20 les
1744 1719 47 21 chô-

1254 1757 82 16 meurs
1352 1752 43 20 des
1411 1748 207 27 agglomérations
1635 1746 164 22 Industrielles

1254 1778 32 21 où
1298 1779 47 20 l'on
1358 1779 85 19 trouve
1456 1775 173 22 difficilement
1641 1774 43 22 des
1696 1774 104 20 travaux

1255 1804 168 22 occasionnels
1444 1803 25 21 et
1490 1800 137 27 supplétifs.

1282 1839 23 20 A
1326 1837 80 21 moins
1431 1836 142 24 d'abdiquer
1596 1834 69 21 toute
1688 1831 112 22 autorité,

1256 1865 21 20 le
1294 1862 192 28 gouvernement
1502 1862 52 20 doit
1571 1860 52 21 dire
1641 1865 49 15 aux
1706 1858 87 26 provin-

1254 1896 41 15 ces
1310 1892 26 20 et
1350 1895 49 15 aux
1413 1893 151 17 communes:
1581 1887 24 25 je
1620 1885 108 22 réduirai
1743 1889 57 16 mon

1256 1916 165 22 intervention
1442 1915 62 20 dans
1524 1914 26 20 la
1570 1918 98 16 mesure
1688 1911 32 21 où
1741 1915 60 17 vous

1256 1943 144 26 dépasserez
1418 1942 36 20 les
1473 1940 91 22 limites
1584 1938 85 22 fixées.

1283 1977 70 21 Cette
1376 1980 97 16 mesure
1505 1973 139 21 diminuera
1674 1970 119 22 indirecte-

1256 2003 68 21 ment
1347 2002 25 21 et
1394 1999 239 25 automatiquement
1655 1998 23 21 le
1701 1998 101 20 nombre

1257 2030 42 20 des
1316 2027 142 27 profiteurs.
1475 2026 65 20 Tant
1557 2025 72 25 qu'on
1646 2029 32 15 ne
1694 2023 106 25 prendra

1256 2061 45 20 pas
1317 2055 64 21 cette
1397 2053 107 21 attitude
1520 2052 60 21 c'est
1596 2050 157 22 l'abdication
1770 2050 32 20 du

1256 2082 107 25 pouvoir.

1284 2108 23 20 5"
1327 2108 38 20 En
1384 2104 147 23 corrélation
1551 2108 60 17 avec
1629 2104 120 20 l'examen
1769 2102 32 21 du

1257 2134 60 21 taux
1339 2133 42 21 des
1405 2130 153 25 indemnités,
1582 2130 81 21 revoir
1685 2130 26 20 la
1733 2134 59 20 ques-

1257 2161 52 20 tion
1328 2160 33 20 du
1378 2159 102 20 nombre
1498 2157 30 21 de
1545 2157 68 25 jours
1632 2156 163 20 d'indemnisa-

1256 2186 59 21 tion.
1330 2187 47 19 Les
1393 2184 145 21 allocations
1554 2184 33 19 du
1603 2182 73 21 fonds
1692 2182 31 21 de
1739 2182 64 20 crise

1257 2214 55 20 sont
1324 2210 90 27 payées
1426 2211 110 25 pendant
1546 2210 41 20 300
1600 2209 68 25 jours
1680 2208 113 20 annuelle-

1255 2239 75 20 ment.
1350 2238 41 22 Or.
1411 2236 80 22 même
1512 2236 62 20 dans
1594 2235 36 21 les
1650 2235 83 21 usines
1753 2234 40 21 fer-

1256 2264 66 23 mées
1334 2265 26 20 et
1372 2262 136 24 chauffées,
1522 2263 18 20 il
1554 2261 38 24 est
1605 2266 55 16 rare
1674 2261 74 25 qu'un
1761 2265 32 15 ou-

1256 2292 65 21 vrier
1338 2291 112 21 travaille
1466 2290 55 25 plus
1539 2289 29 21 de
1584 2288 41 21 285
1641 2288 69 24 jours
1726 2287 25 20 et
1768 2291 33 18 ce,

1255 2317 17 22 à
1286 2323 75 15 cause
1379 2317 42 20 des
1437 2316 69 25 jours
1523 2313 75 23 fériés
1615 2315 26 21 et
1657 2314 42 20 des
1716 2313 76 21 absen-

1257 2349 41 16 ces
1322 2343 182 21 accidentelles:
1530 2341 65 21 cette
1620 2340 66 22 seule
1711 2339 82 21 rectifi-

1257 2371 82 20 cation
1362 2369 120 21 réduirait
1502 2368 26 20 la
1549 2366 105 26 dépense
1675 2366 76 21 totale
1773 2365 29 20 de

1257 2397 27 20 20
1301 2396 107 24 millions
1424 2400 33 16 au
1472 2394 88 21 moins.

1283 2423 24 20 6°
1327 2422 75 21 Tenir
1421 2421 97 25 compte
1537 2420 43 21 des
1599 2423 140 17 ressources
1759 2416 43 22 des

1257 2449 136 21 chômeurs.

1285 2476 24 19 7"
1330 2474 92 21 Revoir
1441 2474 27 20 la
1489 2472 119 22 situation
1630 2471 42 21 des
1693 2469 110 22 ouvriers

1258 2501 157 21 saisonniers.

1283 2528 24 21 8°
1324 2527 111 21 Prendre
1455 2526 42 21 des
1515 2530 111 16 mesuns
1645 2529 63 21 pour
1726 2522 78 22 éviter

1258 2559 46 20 que
1322 2554 43 20 des
1383 2553 116 24 ouvriers,
1518 2557 31 15 en
1566 2556 44 16 cas
1628 2550 29 23 de
1675 2549 119 26 prolonga-

1257 2581 52 20 tion
1325 2580 33 20 du
1374 2578 126 26 chômage,
1515 2577 146 21 conservent
1676 2577 54 20 leur
1744 2579 49 21 qua-

1257 2607 120 20 lification
1395 2606 29 21 de
1439 2604 118 21 chômeur
1570 2604 25 22 et
1608 2603 36 22 les
1659 2601 144 22 allocations

1258 2632 165 23 corrélatives,
1445 2630 79 22 même
1546 2629 72 26 après
1648 2629 70 25 qu'ils
1747 2627 56 21 sont

1257 2659 108 20 devenus
1387 2663 46 20 par
1454 2656 62 26 l'âge
1538 2655 141 25 incapables
1702 2655 29 20 de
1753 2654 40 20 tra-

1260 2685 92 20 vailler.
1369 2684 35 21 Ils
1421 2684 57 20 sont
1497 2683 65 20 alors
1580 2681 160 25 susceptibles
1758 2679 37 21 d'é-

1260 2716 99 20 marger
1376 2715 50 15 aux
1442 2709 116 26 pensions
1575 2709 29 20 de
1621 2708 126 21 vieillesse.

1287 2744 24 20 9°
1333 2742 37 22 Là
1392 2742 33 22 où
1447 2743 60 20 c'est
1534 2741 114 26 possible,
1677 2740 128 26 organiser

1259 2770 71 21 l'aide
1345 2774 45 20 par
1405 2770 23 21 le
1443 2768 97 22 travail.

1287 2796 37 21 10°
1345 2795 79 22 Grâce
1444 2800 49 16 aux
1513 2794 137 21 économies
1670 2792 64 22 ainsi
1753 2791 44 22 réa-

1260 2822 78 25 lisées,
1357 2823 71 20 venir
1447 2827 30 16 en
1497 2821 56 21 aide
1571 2820 17 21 à
1605 2820 82 21 toutes
1706 2820 36 22 les
1760 2819 35 20 mi-

1261 2849 66 21 sères
1346 2854 30 15 en
1393 2848 108 21 mettant
1518 2848 38 20 fin
1575 2846 16 22 à
1607 2852 35 15 un
1659 2845 93 26 régime
1770 2845 26 20 in-

1260 2880 81 16 connu
1352 2875 62 20 dans
1424 2874 55 20 tout
1489 2874 71 20 autre
1570 2878 61 20 pays
1643 2873 25 20 et
1678 2872 42 25 qui
1731 2871 74 21 laisse

1261 2902 61 20 dans
1337 2906 35 15 un
1388 2900 114 21 abandon
1517 2900 107 24 complet
1639 2899 43 20 des
1698 2898 107 21 familles

1261 2927 95 25 parfois
1391 2925 227 27 particulièrement
1653 2924 86 26 dignes
1776 2923 30 21 de

1260 2953 68 26 pitié.

1285 2980 32 21 Le
1335 2980 157 20 mouvement
1510 2979 42 20 des
1567 2977 148 22 affiliations
1732 2977 66 21 conti-

1258 3011 48 16 nue
1329 3006 119 25 toujours.
1472 3004 119 26 Jusqu'où
1614 3004 84 21 ira-t-il
1708 3003 13 21 ?
1750 3003 49 20 Per-

1257 3038 78 15 sonne
1347 3038 31 16 ne
1391 3031 112 27 pourrait
1514 3032 22 21 le
1551 3031 51 21 dire
1616 3031 69 20 d'une
1698 3029 110 21 manière

1258 3059 109 20 certaine

1285 3085 40 20 En
1340 3084 92 20 second
1446 3083 57 25 Heu,
1519 3083 48 21 l'on
1585 3088 76 20 range
1676 3082 80 25 parmi
1772 3082 36 20 les

1259 3115 49 15 non
1323 3110 40 21 aff
1364 3110 93 20 niables
1472 3110 36 20 les
1523 3108 111 21 ouvriers
1648 3108 129 25 agricoles,
1785 3109 23 18 et

1260 3136 34 20 les
1309 3141 59 19 gens
1382 3136 28 19 de
1424 3135 97 20 maison
1536 3134 116 20 Combien
1668 3133 79 24 parmi
1763 3137 46 15 eux

1259 3162 84 19 seront
1357 3160 79 21 tentés
1452 3161 107 19 d'entrer
1572 3159 61 21 dans
1648 3159 23 20 la
1686 3158 122 25 catégorie

1259 3185 141 27 privilégiée
1420 3187 41 20 des
1480 3185 110 21 ouvriers
1609 3185 141 20 affiliables.

1286 3220 83 24 Enfin,
1383 3224 62 16 nous
1458 3224 102 16 verrons
1573 3217 95 22 arriver
1680 3218 23 21 le
1716 3217 84 21 contin-

1260 3247 58 22 rent
1331 3246 41 21 des
1385 3245 140 26 profiteurs,
1539 3243 79 23 même
1631 3249 48 16 non
1692 3243 117 21 ouvriers.

1259 3272 69 21 Nous
1350 3277 17 20 y
1390 3272 145 20 trouverons
1560 3271 42 20 des
1627 3270 115 23 artisans,
1768 3270 15 19 d
1785 3275 10 8 a
1796 3275 13 15 s

1260 3297 179 25 commerçants
1463 3298 26 20 et
1511 3297 94 25 jusque,
1628 3295 116 26 parait-il,
1768 3296 42 20 des

1260 3325 41 20 fils
1323 3325 29 20 de
1371 3324 167 22 cultivateurs,
1559 3322 102 22 atteints
1682 3322 128 21 durement

1260 3356 46 14 eux
1323 3350 67 21 aussi
1409 3355 45 20 par
1470 3350 25 21 la
1512 3349 71 22 crise.

1287 3376 213 26 Rappelona-nous
1534 3380 49 21 que
1615 3375 36 20 les
1683 3374 126 26 syndicats

1260 3402 67 21 n'ont
1346 3407 81 16 aucun
1447 3400 90 22 intérêt
1555 3401 57 21 bien
1629 3406 33 16 au
1680 3400 128 22 contraire,

1260 3428 16 21 à
1291 3428 96 21 refuser
1401 3433 48 17 une
1462 3427 143 22 affiliation.

1287 3454 84 23 Enfin,
1383 3459 62 15 nous
1458 3459 76 15 avons
1546 3458 33 16 vu
1591 3458 46 20 que
1650 3452 36 22 les
1698 3452 103 21 commis-

1259 3481 68 21 sions
1348 3479 158 22 d'assistance
1525 3479 115 26 publique
1661 3479 99 23 faisant,
1781 3479 29 20 de

1260 3507 53 20 leur
1324 3505 62 27 côté,
1400 3511 47 16 une
1460 3505 150 26 application
1624 3505 142 21 Inattendue
1780 3505 29 20 de

1261 3534 25 20 la
1305 3531 152 27 prévoyance
1477 3531 16 21 à
1511 3533 53 19 leur
1584 3531 84 25 profit,
1688 3531 122 21 orientent

1260 3563 55 16 vers
1328 3559 22 20 le
1362 3558 74 21 fonds
1449 3558 29 20 de
1490 3558 63 21 crise
1563 3558 66 20 leurs
1641 3557 88 21 clients
1741 3556 59 22 éven-

1261 3585 63 21 tuels
1339 3585 26 20 et
1380 3584 54 20 leur
1447 3583 102 21 famille.

1288 3611 67 23 Bref,
1381 3610 56 20 tous
1463 3610 35 20 les
1525 3609 102 25 regards
1650 3614 29 16 ee
1705 3609 104 25 dirigent

1262 3642 54 15 vers
1332 3642 28 15 ce
1375 3636 152 20 bienfaisant
1542 3636 72 20 fonds
1631 3640 96 16 comme
1742 3635 31 20 ils
1789 3635 22 20 le

1262 3663 84 20 furent
1369 3667 57 16 vers
1451 3661 185 25 l'organisation
1660 3662 56 25 trop
1741 3660 60 26 géné-

1262 3693 71 16 reuse
1346 3688 42 21 des
1403 3687 114 26 pensions
1532 3688 29 20 de
1575 3687 126 21 vieillesse.

1287 3722 67 20 Pour
1365 3722 22 20 le
1400 3720 116 24 moment,
1528 3725 62 16 nous
1601 3725 107 16 sommes
1722 3720 89 21 devant

1262 3753 34 16 un
1313 3747 92 25 budget
1424 3747 59 20 dont
1501 3747 17 20 il
1538 3747 56 20 faut
1612 3751 99 16 assurer
1730 3746 72 25 l'équi-

1262 3775 60 20 libre
1339 3773 116 21 définitif.
1472 3773 33 20 Le
1523 3772 81 25 projet
1620 3772 29 21 de
1664 3772 90 25 budgit
1771 3778 31 15 ac-

1263 3800 141 21 tuellement
1426 3804 31 16 en
1479 3798 135 21 discussion
1636 3804 16 15 a
1673 3797 76 26 prévu
1771 3798 41 21 530

1263 3826 104 21 millions
1382 3830 63 21 pour
1458 3824 54 21 1933
1529 3823 68 26 (part
1612 3824 28 22 de
1653 3824 96 22 l'Etat).
1764 3824 47 21 Sur

1262 3854 24 19 la
1298 3853 58 20 base
1371 3852 42 20 des
1429 3849 117 27 dépenses
1561 3850 41 21 des
1618 3850 109 21 derniers
1741 3850 69 23 mois,

1263 3878 24 21 et
1307 3880 22 19 si
1351 3878 48 21 l'on
1420 3877 48 21 fait
1489 3876 152 21 abstraction
1662 3875 71 22 d'une
1753 3880 50 21 aug-

1262 3904 135 21 mentation
1420 3902 112 26 possible,
1556 3903 25 20 la
1604 3902 56 25 part
1683 3902 29 21 de
1735 3902 75 21 l'Htat

1260 3936 57 15 sera
1333 3935 62 20 pour
1412 3927 94 23 l'année
1524 3928 54 21 1933
1596 3928 29 21 de
1642 3928 40 21 800
1697 3927 113 22 millions.

1288 3956 129 21 Comment
1434 3954 77 22 l'Etat
1526 3954 131 25 espère-t-il
1674 3953 96 22 réduire
1788 3955 23 19 la

1262 3981 104 26 dépense
1376 3982 12 20 ?
1412 3982 21 20 Il
1456 3986 30 17 ne
1509 3981 50 21 doit
1581 3985 44 20 pas
1647 3980 89 20 fonder
1755 3981 55 24 trop

1262 4008 104 26 d'espoir
1383 4013 43 16 sur
1444 4007 26 21 la
1491 4006 146 21 diminution
1657 4006 32 21 du
1708 4006 102 21 nombre

1262 4035 41 20 des
1322 4033 129 22 chômeurs
1469 4032 16 22 à
1501 4032 105 21 résulter
1623 4032 29 21 de
1670 4031 131 27 l'organisa-

1261 4061 51 20 tion
1328 4061 29 20 de
1371 4059 91 27 grands
1478 4059 105 21 travaux
1597 4057 103 27 publics.

1288 4093 33 21 M.
1342 4092 92 22 Carton
1457 4090 104 23 termine
1584 4096 45 20 par
1650 4096 40 16 ces
1712 4090 65 22 mots
1802 4096 6 15 :

1288 4125 12 15 «
1319 4119 38 21 En
1377 4118 155 22 combattant
1549 4117 22 21 le
1573 4141 7 7 #
1592 4117 140 26 gaspillage,
1751 4117 59 21 c'est

1261 4146 22 20 le
1301 4145 86 26 peuple
1405 4149 47 21 que
1471 4149 62 16 nous
1553 4141 141 23 défendons.
1711 4143 40 21 En
1771 4142 30 22 dé-

1260 4172 108 24 nonçant
1389 4171 35 21 les
1446 4167 150 28 générosités
1617 4168 138 22 consenties
1776 4174 34 16 au

1260 4197 77 25 profit
1353 4196 29 22 de
1396 4196 114 24 certains,
1524 4199 63 17 nous
1602 4193 134 22 défendons
1748 4199 62 16 ceux

1263 4223 42 25 qui
1318 4223 56 21 sont
1386 4222 87 21 laissés
1487 4226 59 17 sans
1559 4220 136 22 assistance
1708 4220 62 21 dans
1783 4220 24 21 la

1261 4250 51 23 pire
1325 4247 95 24 misère.

1287 4275 65 21 C'est
1365 4275 22 21 le
1402 4274 86 26 peuple
1503 4274 42 25 qui
1558 4272 78 22 serait
1649 4273 26 20 la
1690 4272 119 25 première

1260 4301 99 21 victime
1376 4301 29 20 de
1420 4301 26 20 la
1462 4299 69 22 ruine
1547 4300 30 20 de
1592 4303 45 17 nos
1653 4298 121 22 finances:
1792 4299 17 20 il

1261 4327 62 21 n'est
1344 4327 55 24 plus
1421 4325 160 22 d'assistance
1602 4324 105 26 possible
1727 4325 82 24 quand

1261 4354 35 21 les
1313 4353 92 21 caisses
1421 4353 58 20 sont
1493 4351 79 24 vides;
1592 4356 47 20 par
1654 4350 36 21 les
1707 4350 103 25 charges

1262 4379 98 21 fiscales
1379 4379 85 24 qu'elle
1485 4376 112 23 entraîne
1617 4377 26 21 et
1661 4375 150 23 l'instabilité

1261 4403 136 23 monétaire
1418 4404 41 25 qui
1480 4409 31 16 en
1532 4402 106 23 découle,
1657 4402 26 20 la
1704 4401 107 21 détresse

1262 4430 135 21 financière
1412 4431 28 20 de
1455 4430 77 21 l'Etat
1545 4428 113 27 paralyse
1672 4428 69 21 toute
1758 4427 53 21 icti-

1262 4455 49 22 vité
1328 4455 165 26 économique.

1288 4482 33 23 M.
1332 4482 93 21 Carton
1437 4487 16 16 a
1465 4481 38 22 été
1516 4479 159 26 longuement
1689 4479 121 24 applaudi.

1822 354 272 50 Chronique
2112 353 261 50 judiciaire

1874 437 42 21 LE
1938 435 126 21 rilOCES
2086 434 145 21 INTENTE
2253 434 67 20 TAB

1971 461 32 20 M.
2024 460 85 21 PAUL
2129 461 97 21 COLIN

1820 490 22 20 A
1861 488 92 22 DEUX
1973 487 176 21 JOURNAUX
2169 485 205 23 BRUXELLOIS

1848 530 35 20 La
1904 527 126 22 deuxième
2072 528 117 21 chambre
2211 528 32 20 du
2265 527 108 20 tribunal

1820 556 56 20 civil
1898 556 29 19 de
1950 554 131 23 Bruxelles,
2104 554 109 25 présidée
2234 559 45 19 par
2299 553 32 20 M.
2352 553 21 19 le

1821 580 187 25 vice-président
2030 580 53 20 Van
2106 581 43 20 der
2169 580 91 25 Heyde,
2280 585 15 14 a
2317 584 44 20 pro-

1822 608 77 21 noncé
1924 606 119 21 mercredi
2068 612 45 15 son
2137 606 127 26 jugement
2285 611 43 15 sur
2353 605 21 20 le

1825 633 85 26 procès
1935 638 30 15 en
1992 632 259 25 dommages-Intérêts
2279 630 93 22 Intenté

1821 666 46 19 par
1891 660 31 21 M.
1948 659 61 20 Paul
2036 659 76 23 Colin,
2137 660 103 24 critique
2267 658 69 23 d'art,
2360 655 14 22 à

1821 686 63 20 deux
1903 686 122 23 journaux
2047 685 136 22 bruxellois.

1848 718 33 20 Le
1900 718 115 22 tribunal,
2033 723 31 15 ne
2083 719 114 20 retenant
2215 722 47 20 que
2280 717 35 20 les
2332 721 30 15 ar-

1826 745 68 20 ticles
1910 745 29 20 de
1953 745 31 20 M.
2000 745 69 20 Colin
2083 745 41 24 qui
2138 746 99 20 avaient
2252 743 82 21 fourni
2349 743 23 19 la

1825 771 102 21 matière
1945 771 29 20 de
1992 772 22 19 la
2031 776 136 21 campagne
2185 770 85 22 menée
2288 770 84 20 contre

1826 799 33 19 lui
1881 800 24 18 et
1925 803 58 15 sans
2004 798 49 20 ton'
2089 800 97 23 compte
2206 798 30 20 de
2257 795 115 22 l'activité

1826 825 130 24 .irtistique
1978 823 114 25 déployée
2115 830 44 19 par
2180 825 21 19 le
2223 823 150 20 demandeur

1827 851 85 24 depuis
1937 851 116 24 quatorze
2079 856 52 18 ans.
2158 851 30 20 l'a
2213 848 103 22 débouté
2343 848 29 20 de

1826 882 44 16 son
1885 877 89 20 action.
1989 876 32 20 M.
2035 877 60 19 Paul
2111 877 69 20 Colin
2194 882 15 14 a
2223 874 151 22 irimédiatc-

1827 904 68 19 ment
1913 901 114 26 Interjeté
2047 903 78 24 appel.

1844 968 31 38 La
1899 968 67 38 mort
1987 967 172 46 mystérieuse
2182 968 58 39 d'un
2264 966 55 39 itali

1946 1046 17 33 Il
1978 1046 103 40 s'agirait
2096 1046 52 34 d'un
2164 1045 85 35 suicide

1841 1106 48 22 (De
1906 1107 69 19 notre
1992 1107 192 23 correspondant
2201 1104 154 26 particulier)

2111 1139 78 23 Mons,
2209 1139 42 20 1er
2271 1143 74 15 mars.

1852 1164 139 25 L'autopsie
2004 1165 33 19 du
2049 1165 105 21 cadavre
2167 1166 32 20 du
2210 1165 66 24 sujet
2289 1164 83 20 italien

1827 1191 125 21 Krasseck
1971 1192 142 23 Lisbomiro,
2134 1193 41 24 qui
2195 1197 16 15 a
2230 1190 38 21 été
2288 1189 75 21 décou-

1827 1219 52 19 vert
1894 1218 62 19 dans
1972 1222 47 15 une
2035 1218 90 24 prairie
2140 1217 77 22 située
2234 1218 20 19 le
2272 1217 57 24 long
2343 1216 29 20 de

1827 1245 24 19 la
1873 1244 164 26 grand'route,
2060 1243 15 21 à
2098 1244 139 24 Quiévrain,
2260 1249 16 14 a
2298 1242 75 21 établi

1826 1275 46 20 que
1890 1271 21 20 le
1929 1271 160 19 malheureux
2105 1272 68 20 avait
2190 1276 30 16 eu
2239 1275 46 14 une
2304 1269 68 20 veine

1827 1297 33 20 du
1883 1297 100 24 poignet
2007 1297 94 24 gauche
2126 1298 25 19 et
2169 1297 52 20 \ine
2245 1297 71 19 autre
2341 1295 31 20 du

1827 1324 83 19 mollet
1933 1323 70 24 droit,
2027 1323 130 21 tranchées
2181 1324 56 19 d'un
2259 1327 62 19 coup
2345 1322 28 19 dt

1826 1350 105 20 couteau
1948 1350 42 23 qui
2006 1354 16 15 a
2038 1348 39 21 été
2094 1348 119 22 retrouvé.
2231 1348 140 25 Cependam

1826 1375 170 25 l'hémorragie
2013 1375 39 21 fut
2067 1375 49 21 très
2133 1381 47 20 peu
2193 1375 140 21 abondante
2349 1375 24 19 et

1826 1402 24 20 la
1865 1405 65 17 mort
1946 1404 38 20 est
1999 1401 79 25 plutôt
2094 1407 120 15 survenue
2231 1401 70 20 d'une
2317 1405 46 16 con-

1826 1429 97 24 gestion
1939 1427 160 21 occasionnée
2117 1434 44 18 par
2178 1429 21 19 le
2216 1427 72 21 froid.

1854 1454 63 21 Tout
1935 1455 69 24 porte
2022 1454 15 20 à
2054 1454 79 21 croire
2150 1455 57 24 qu'il
2226 1454 73 25 s'agit
2316 1452 55 21 d'un

1828 1480 99 21 suicide.
1946 1480 52 20 Une
2018 1480 112 24 quantité
2150 1481 148 24 Importante
2318 1479 45 21 d'al-

1826 1507 53 20 cool
1899 1512 16 15 a
1935 1505 39 22 été
1995 1505 99 21 trouvée
2116 1507 60 21 dan3
2198 1507 124 20 l'estomac
2344 1506 28 20 d-"*-.

1825 1533 137 20 Lisborimo
1979 1532 56 25 près
2054 1532 28 21 de
2100 1534 41 23 qui
2158 1539 26 15 se
2202 1533 108 20 trouvait
2326 1537 47 15 une

1827 1559 114 20 bouteille
1962 1559 29 21 de
2012 1560 72 19 rhum
2103 1559 16 20 à
2137 1558 84 22 moitié
2241 1558 55 21 vide
2315 1559 57 24 qu'il

1826 1590 62 15 aura
1902 1590 58 18 sans
1976 1585 72 20 doute
2064 1585 45 20 bue
2124 1590 63 19 pour
2202 1591 25 15 se
2243 1584 93 21 donner
2352 1585 20 19 le

1827 1616 107 20 courage
1953 1611 29 21 de
2003 1612 89 20 mettre
2112 1617 45 15 son
2176 1611 63 21 fatal
2258 1611 81 24 projet
2358 1609 16 21 à

1828 1636 135 22 exécution.

1854 1664 63 20 Mais
1931 1664 35 20 les
1980 1663 182 21 circonstances
2178 1664 29 20 de
2221 1664 25 19 la
2260 1663 66 20 mort
2341 1663 32 20 du

1827 1689 128 26 désespéré
1983 1690 95 20 restent
2106 1690 159 25 mystérieuse
2295 1691 26 19 et
2351 1691 21 18 le

1828 1717 104 25 parquet
1949 1716 29 20 de
1995 1716 71 22 Mons
2083 1721 15 15 a
2115 1716 84 21 décidé
2217 1716 30 20 de
2263 1715 102 25 poursui-

1828 1748 41 15 vre
1886 1748 44 15 son
1947 1742 111 25 enquête.
2073 1742 136 21 Lisbomiro
2225 1742 92 20 n'avait
2333 1747 31 15 au-

1827 1774 61 15 cune
1905 1768 82 21 raison
2006 1768 29 20 de
2051 1774 25 15 se
2094 1768 98 22 trouver
2199 1768 26 27 .à
2240 1768 132 24 Quiévrain

1828 1795 30 23 et,
1872 1795 76 20 avant
1962 1795 29 20 de
2004 1800 26 15 se
2045 1794 94 21 donner
2152 1795 25 20 la
2189 1795 72 23 mort,
2276 1795 16 20 il
2306 1795 67 20 avait

1829 1821 91 20 détruit
1939 1820 42 21 des
2000 1820 142 21 documents
2161 1821 59 20 dont
2239 1821 35 20 les
2292 1820 81 21 débris

1828 1847 59 20 vont
1904 1846 51 21 être
1972 1846 146 21 rassemblés
2133 1852 62 20 pour
2211 1847 51 20 être
2279 1852 86 15 recons-

1828 1872 82 21 titués.
1935 1873 39 20 On
2000 1873 117 20 trouvera
2141 1872 120 26 peut-être
2287 1872 26 22 là
2337 1873 36 21 les

1829 1900 95 19 raisons
1941 1899 33 20 du
1991 1898 91 22 drame.

2400 351 177 40 FETES
2609 354 338 40 JUBILAIRES

2479 423 31 30 au
2538 414 101 48 Collège
2662 418 45 37 des
2731 417 129 39 Médecins

2425 493 34 21 Le
2478 494 79 20 comte
2575 494 92 21 Carton
2686 496 28 20 de
2730 494 86 25 Wlart,
2835 493 113 21 minlfitre

2400 519 29 22 de
2444 521 23 20 la
2483 519 156 26 Prévoyance
2653 523 90 20 sociale
2759 523 24 19 et
2799 521 28 20 de
2844 519 94 25 l'Hygiè-

2400 552 37 18 ne,
2452 553 15 14 a
2483 547 88 21 assisté
2585 547 16 21 à
2615 553 47 16 une
2678 548 186 21 manifestation
2879 552 59 18 orga-

2400 573 65 21 nisée
2487 579 44 19 par
2552 576 20 20 le
2594 575 96 25 Collège
2711 576 41 19 des
2773 574 123 20 médecins
2919 572 29 20 de

2399 600 210 25 l'agglomération
2625 602 144 21 bruxelloise
2786 606 17 14 n-
2820 598 128 22 l'occa6ion

2401 627 28 20 de
2454 628 24 20 la
2502 627 149 22 célébration
2682 630 32 19 du
2746 625 202 26 cinquantenaire

2400 654 176 24 professionnel
2595 656 28 20 de
2638 656 64 21 seize
2719 655 29 22 de
2763 659 39 15 seis
2821 652 127 20 membres.

2427 680 20 21 L
2448 690 11 14 e
2479 682 140 24 professeur
2635 683 63 20 Jean
2718 680 143 23 Vorhoogen
2880 678 68 20 adit

2399 712 44 15 son
2459 706 106 22 émotion
2582 709 28 20 de
2626 707 149 24 voir.réiuiU-s
2789 706 64 20 seize
2869 703 69 22 méde-

2399 735 52 19 cins
2466 735 47 24 qui.
2528 736 108 24 pendant
2645 736 53 23 plus
2714 734 28 20 de
2755 732 133 24 cinquante
2896 736 52 17 ans,

2399 766 12 14 s
2414 771 12 14 e
2453 760 147 22 dévouèrent
2625 766 62 20 pour
2712 761 116 23 apporter
2854 758 23 20 la
2900 758 49 24 joie

2400 789 24 19 et
2441 788 24 20 la
2481 788 71 21 santé
2571 789 61 20 dans
2648 789 35 19 les
2701 786 113 21 familles.
2833 785 18 20 11
2869 790 14 14 a
2901 785 47 19 fait

2400 819 141 20 remarquer
2557 817 21 19 le
2597 814 49 21 rôle
2666 813 134 25 important
2820 811 31 20 du
2869 811 69 20 méde-

2399 841 39 20 cin
2455 842 61 20 dans
2532 842 24 20 la
2570 839 99 25 société,
2684 839 49 21 rôle
2750 839 104 21 souvent
2870 836 68 22 désin-

2399 866 99 22 téressé.

2426 894 33 20 Le
2479 894 111 21 ministre
2607 900 15 14 a
2642 893 77 20 rendu
2744 891 131 24 hommage
2899 896 49 15 aux

2399 921 130 21 traditions
2546 922 28 19 de
2589 921 97 20 science
2702 923 24 19 et
2742 919 29 20 de
2787 916 160 22 dévouement

2400 947 31 20 du
2451 953 71 19 corps
2543 947 104 21 médical
2666 946 75 24 belge.
2762 945 19 19 Il
2802 950 15 14 a
2836 943 111 26 souligné

2400 974 67 21 toute
2489 975 168 24 l'importance
2682 972 28 20 de
2733 972 24 19 la
2780 971 88 20 liaison
2892 971 45 20 offi-

2399 1001 68 20 cielle
2488 1001 42 21 des
2549 1001 107 20 services
2677 999 28 20 de
2726 996 126 26 l'Hygiène
2874 998 24 19 et
2919 997 28 20 de

2400 1027 23 20 la
2441 1026 156 26 Prévoyance
2613 1025 91 25 sociale
2722 1029 32 16 au
2769 1024 54 20 sein
2841 1024 32 20 du
2891 1028 48 16 nou-

2399 1059 61 15 veau
2478 1053 170 25 département
2663 1051 56 25 qu'il
2738 1051 83 24 dirige.

2425 1081 21 19 Il
2464 1086 15 14 a
2500 1080 94 20 ensuit?
2614 1079 81 21 remis,
2714 1082 33 16 au
2767 1082 56 15 nom
2843 1077 32 20 du
2893 1076 54 23 Roi,

2399 1107 35 20 les
2469 1107 84 24 bijoux
2583 1105 115 21 d'Ordres
2734 1104 137 20 nationaux
2900 1108 47 15 aux

2399 1133 124 20 médecins
2538 1132 133 25 jubilaires.

2426 1160 31 20 M.
2476 1160 139 24 Gunzburg,
2635 1156 126 27 président
2781 1157 29 21 de
2829 1158 24 19 la
2873 1155 65 21 Fédé-

2401 1186 80 20 ration
2504 1185 119 21 Médicale
2645 1185 82 23 Eolge,
2756 1189 15 14 a
2799 1182 98 26 rappelé
2927 1183 22 19 le

2399 1212 71 24 passé
2487 1212 42 20 des
2544 1212 127 25 jubilaires
2687 1211 25 20 tt
2726 1210 52 20 leur
2793 1215 15 15 a
2825 1210 73 20 remis
2914 1214 33 15 un

2399 1239 198 23 bijou-souvenir.

2425 1265 38 20 Un
2480 1264 108 25 banquet
2605 1271 15 14 a
2637 1263 69 22 réuni
2724 1263 94 21 ensuite
2835 1263 35 20 les
2886 1263 51 25 jubi-

2398 1292 73 19 laires
2490 1292 24 19 et
2531 1292 65 20 leurs
2613 1291 135 21 nombreux
2764 1289 69 21 amis.

2598 1332 3 7 ■
2600 1333 37 5 —
2636 1323 82 22 ♦;§:♦

2398 1357 45 38 Les
2454 1356 150 39 funérilles
2613 1357 31 37 du
2656 1356 142 46 grand-duc
2806 1355 143 38 Alexandre

2536 1416 43 38 ont
2595 1424 30 30 eu
2642 1415 51 38 lieu
2709 1413 13 40 à
2739 1414 60 39 Nice

2706 1492 68 23 Nice,
2793 1492 12 20 l
2807 1494 19 10 or
2846 1496 73 16 mars.

2427 1521 46 21 Les
2491 1519 142 22 funérailles
2652 1519 31 20 du
2692 1519 147 20 Grand-Duc
2847 1519 93 20 Alexan-

2400 1547 42 21 dre
2461 1547 29 21 de
2509 1547 89 23 Russie
2616 1547 43 20 ont
2678 1551 30 15 eu
2727 1546 47 19 lieu
2792 1545 154 25 aujourd'hui

2400 1579 30 15 en
2446 1574 92 25 grande
2556 1578 93 20 pompe.
2666 1572 22 20 Y
2704 1573 142 20 assistaient
2863 1573 22 20 îe
2901 1571 47 21 Roi

2399 1603 25 18 et
2440 1601 23 19 la
2479 1601 77 19 Reine
2573 1600 29 20 de
2619 1599 149 23 Danemark,
2782 1599 24 20 la
2823 1599 124 24 princesse

2399 1627 86 23 Xenia,
2505 1627 24 20 la
2548 1626 110 25 princess
2661 1636 12 15 e
2692 1625 168 24 Youçrioupoff
2880 1626 24 19 et
2924 1625 24 19 la

2400 1653 54 25 plus
2470 1654 93 24 grande
2581 1653 78 24 partie
2677 1653 42 19 des
2737 1651 121 22 membres
2877 1652 29 19 de
2924 1652 23 19 la

2399 1680 94 20 colonie
2508 1685 69 15 russe
2593 1684 29 15 en
2637 1684 27 15 ce
2678 1680 109 19 moment
2799 1684 44 14 sur
2857 1678 24 20 la
2889 1678 58 20 Cote

2401 1707 93 19 d'Azur.

2621 1732 111 22 --<♦«.♦--

1477 4527 111 23 -♦K-*-

1263 4560 35 40 Uo
1320 4561 91 39 mortel
1427 4560 117 39 accident
1559 4568 32 30 au
1610 4559 58 47 port
1686 4558 125 38 d'Anvers

1303 4640 44 27 {Dt
1364 4643 62 20 notrt
1443 4639 168 28 correspondant
1628 4637 139 29 particulier)

1530 4674 102 25 Anvers,
1651 4672 42 22 1er
1710 4676 75 17 mars.

1288 4702 23 21 A
1329 4701 61 21 bord
1411 4701 32 21 du
1459 4701 111 21 steamer
1587 4705 14 15 €
1620 4699 151 25 Queenmore
1792 4704 20 18 >,

1262 4727 97 22 amarré
1380 4732 33 16 au
1435 4727 40 21 119
1497 4727 42 20 des
1561 4725 104 25 bassina,
1686 4725 23 21 le
1730 4725 82 20 marin

1264 4754 107 25 Georges
1392 4753 93 24 Frank,
1506 4752 46 27 âgé
1574 4753 29 21 de
1623 4752 28 20 23
1673 4755 53 19 ans,
1747 4751 68 20 avait

1264 4780 102 21 commis
1387 4779 175 26 l'imprudence
1582 4779 29 20 de
1645 4782 29 16 se
1709 4777 105 20 coucher

1263 4811 60 17 avec
1341 4811 47 16 son
1407 4806 112 21 revolver
1537 4802 90 28 chargé
1645 4802 57 27 près
1722 4803 29 20 de
1772 4803 40 20 lut.

1265 4833 38 21 Un
1322 4837 63 21 coup
1405 4832 77 25 partit
1502 4832 26 21 et
1547 4836 48 16 une
1615 4831 64 21 balle
1699 4829 116 25 atteignit

1264 4859 86 21 Frank
1367 4863 34 16 au
1419 4858 93 21 ventre.
1529 4855 151 27 Transporté
1698 4854 18 22 à
1733 4854 72 26 l'hôpi-

1265 4885 35 21 tal
1313 4884 191 25 Ste-Walburge,
1518 4884 24 22 le
1554 4883 82 21 marin
1648 4888 16 15 a
1677 4880 137 24 succombé.

1858 2921 101 26 L'ancien
1977 2923 87 27 caporal
2081 2922 89 24 Camille
2186 2921 128 29 BREANT,
2331 2927 35 18 am-

1831 2954 53 26 puté
1897 2954 26 22 de
1936 2954 21 22 la
1970 2954 73 26 jambe
2058 2953 78 27 droite,
2149 2953 65 22 blessé
2229 2953 25 22 de
2262 2953 21 22 la
2290 2953 87 27 gauche,

1831 2990 26 16 ne
1873 2986 98 24 pouvant
1985 2990 22 16 se
2023 2983 76 23 rendre
2113 2983 14 22 à
2143 2983 107 26 Cambrai,
2264 2990 15 15 a
2292 2989 50 20 reçu
2355 2983 21 22 la

1831 3013 59 23 croix
1903 3014 26 21 de
1943 3014 107 22 chevalier
2063 3013 26 22 de
2102 3013 22 22 la
2137 3011 79 28 Légion
2231 3012 120 23 d'honneur
2364 3012 13 21 à

1831 3043 188 26 Rucs-les-Vignes
2041 3043 31 25 (y
2073 3042 60 27 ord),
2153 3043 47 26 près
2221 3042 27 22 de
2269 3041 108 28 Cambrai,

1832 3073 76 26 village
1925 3072 28 22 où
1969 3073 14 22 il
1999 3072 74 23 réside.

1858 3102 35 21 On
1910 3102 41 21 sait
1970 3109 42 19 que
2029 3103 20 20 le
2066 3102 33 21 1"
2115 3102 102 27 régiment
2237 3100 138 27 d'Infanterie

1831 3130 27 22 dc
1877 3130 109 25 Cambrai,
2003 3136 27 15 en
2049 3131 72 20 raison
2138 3125 36 28 af
2175 3128 64 23 'l'état
2256 3130 30 21 du
2304 3127 72 26 blessé,

1831 3160 49 21 s'est
1898 3159 68 21 rendu
1984 3159 14 21 à
2017 3158 187 26 Rucs-les-Vignes
2222 3162 55 23 pour
2293 3158 83 21 assister

1832 3189 12 22 à
1865 3189 21 22 la
1907 3189 74 21 remise
2003 3189 25 22 de
2049 3189 21 21 la
2092 3188 125 22 décoration
2239 3194 28 16 au
2289 3185 87 25 vaillant

1834 3218 93 27 caporal.
2037 3215 13 31 (

1833 3260 624 19 ^JV.'VV-.^'Vf^JW^.^VVVVlJVVVVrfV^'VU**'-*-^^

1852 3303 36 47 Le
1907 3303 49 46 bal
1979 3303 36 46 de
2036 3303 20 46 1'
2075 3302 22 20 "
2106 3303 92 47 Union
2218 3303 53 47 des
2287 3302 219 56 Commerçants
2524 3336 22 20 ,,
2570 3301 53 47 des
2646 3312 71 36 rues
2738 3301 37 46 de
2794 3300 133 58 Flandre,

2144 3368 272 49 Sainte-Catherine
2439 3370 31 45 et
2492 3368 140 47 environs

2107 3436 5 11 -,
2373 3436 10 9 «
2440 3436 3 14 ;
2500 3437 14 7 -

1861 3478 85 27 Malgré
1958 3479 22 23 la
1995 3478 59 27 crise,
2067 3478 31 23 les
2112 3479 155 25 commerçants
2280 3476 39 23 des
2332 3483 48 16 rues
2387 3473 5 33 (
2400 3476 56 24 leurs
2474 3477 62 26 vingt
2554 3483 46 20 ans,
2619 3476 132 24 rivalisèrent
2771 3476 107 23 d'entrain
2896 3482 53 17 avec

1832 3507 26 23 de
1871 3508 99 26 Flandre,
1983 3508 199 23 Sainte-Catherine
2193 3511 22 19 et
2227 3508 99 21 environs
2339 3509 39 19 ont
2401 3506 21 22 la
2440 3507 102 26 jeunesse.
2560 3506 68 27 Après
2646 3507 20 21 la
2684 3507 159 22 traditionnelle
2862 3506 87 23 bataille

1834 3538 65 25 gardé
1912 3538 19 22 le
1944 3539 81 22 sourire
2038 3541 22 19 et
2072 3538 22 21 la
2106 3538 70 22 bonne
2190 3537 101 23 humeur!
2306 3536 75 22 Mardi
2402 3537 27 22 de
2444 3537 125 26 serpentins,
2583 3539 38 19 eut
2637 3536 41 23 lieu
2694 3543 29 16 un
2740 3543 104 16 concours
2860 3537 27 22 de
2903 3535 48 24 bal-

2463 1769 77 34 LES
2558 1769 39 33 M
2601 1769 151 33 ERCUR
2757 1768 127 32 IALES

2424 1837 109 22 AUBEL,
2555 1837 25 20 28
2599 1837 94 21 février.
2714 1847 27 5 —
2760 1836 94 21 Beurre,
2876 1836 21 18 le
2918 1835 31 19 lt..

2400 1862 123 19 18.50-19.75
2546 1866 5 16 :
2571 1861 69 23 œufs,
2661 1860 33 19 les
2715 1859 30 20 26,
2767 1860 57 18 10-12
2847 1865 5 15 ;
2872 1858 77 20 caille-

2399 1885 70 22 botte,
2488 1885 45 20 0.75
2555 1889 5 17 ;
2581 1885 61 18 from
2662 1889 11 6 T
2674 1888 19 16 e,
2713 1884 44 17 1.40
2778 1889 5 15 ;
2803 1888 65 19 porcs
2885 1886 64 19 gras,

2398 1909 21 19 le
2436 1909 30 21 k.,
2484 1909 46 18 7.50
2545 1908 15 18 à
2577 1908 45 18 7.75
2643 1912 5 16 ;
2667 1906 84 24 exposé
2768 1906 35 19 183
2820 1911 75 18 porcs.

2423 1932 101 21 CINEY,
2538 1932 24 19 23
2575 1930 93 19 février.
2681 1941 25 4 —
2720 1930 93 21 Beurre,
2828 1930 23 19 22
2863 1930 21 18 le
2898 1929 50 23 kg.;

2397 1955 70 21 œufs,
2485 1955 22 18 13
2525 1955 33 19 les
2575 1954 33 21 26;
2626 1954 83 23 lapins,
2727 1953 11 19 9
2755 1952 72 25 pièce;
2843 1952 106 23 fromage

2398 1981 62 20 gras,
2478 1977 45 19 4.50
2539 1977 21 18 le
2576 1976 38 23 kg.

2424 2000 126 21 VEDRIN,
2574 1999 25 19 28
2622 1998 93 19 février.
2738 2010 25 5 _
2784 1997 95 20 Marché
2903 2001 47 15 aux

2398 2023 116 18 bestiaux.
2534 2033 26 4 —
2578 2021 101 19 Nombre
2698 2021 27 19 de
2745 2021 75 18 bêtes:
2840 2020 43 19 303.
2904 2020 35 18 Va-

2398 2045 56 19 ches
2476 2049 29 14 ou
2528 2044 112 23 génisses,
2664 2044 46 23 199;
2735 2043 83 22 bœufs,
2841 2043 33 21 94;
2898 2043 41 18 tau-

2399 2072 79 17 reaux,
2496 2067 30 19 13.

2425 2090 94 19 Marché
2535 2094 48 15 aux
2600 2093 66 21 porcs
2687 2093 6 16 :
2710 2089 101 19 Nombre
2828 2088 28 19 de
2873 2087 75 20 bêtes:

2400 2113 43 19 140.

2405 2146 8 8 .
2424 2135 105 22 THUIN,
2544 2135 37 19 1er
2595 2139 71 15 mars.
2679 2145 26 6 —
2719 2135 93 20 Beurre,
2827 2134 21 19 le
2862 2133 31 22 k.,
2908 2133 23 19 23
2945 2138 4 16 ;

2399 2158 69 22 œufs,
2488 2158 24 19 13
2536 2162 5 17 ;
2562 2158 112 23 fromage,
2695 2158 45 19 2.50
2762 2163 5 15 ;
2788 2157 108 21 froment,
2916 2156 33 18 les

2400 2180 36 21 1<*0
2449 2181 31 20 k.,
2495 2180 60 20 70-80
2572 2185 6 18 ;
2593 2180 78 24 seigle,
2686 2180 25 20 52
2730 2185 5 17 ;
2752 2183 148 20 escourgeon,
2915 2179 33 21 63;

2400 2203 90 22 avoine,
2513 2204 25 18 75
2562 2209 5 15 ;
2591 2207 102 20 pommes
2717 2203 28 18 de
2768 2203 68 20 terre,
2860 2201 59 21 35-40
2944 2207 5 16 ;

2400 2227 56 23 foin,
2471 2226 33 19 les
2518 2226 49 19 1000
2580 2226 30 22 k.,
2624 2226 38 19 330
2679 2232 4 15 ;
2698 2225 75 24 paille,
2790 2225 83 19 140-150
2890 2230 4 15 :
2908 2228 30 15 va-

2399 2248 62 22 ches,
2480 2249 13 18 4
2513 2253 6 19 ;
2540 2249 82 21 bœufs,
2640 2248 68 21 5-5.50
2729 2253 4 16 ;
2752 2251 82 17 veaux,
2854 2247 67 19 6.50-7
2941 2252 6 17 ;

2400 2272 114 22 moutons,
2529 2272 13 18 4
2561 2276 5 17 ;
2584 2276 66 20 porcs
2666 2275 62 20 gras,
2744 2270 100 20 7.25-7.50
2861 2276 6 16 ;
2883 2274 65 19 porcs

2400 2296 109 21 maigres,
2526 2294 46 19 7.50
2592 2300 6 16 ;
2615 2294 76 23 lapins
2709 2293 28 19 de
2754 2297 108 20 garenne,
2881 2292 66 22 10-12;

2399 2317 87 24 poules,
2505 2317 64 19 15-18.

2426 2339 178 22 MERCHTEM,
2625 2339 37 19 1er
2681 2343 71 15 mars.
2770 2349 27 5 —
2815 2339 87 19 Beurre
2921 2338 28 19 de

2399 2362 81 22 ferme,
2501 2362 21 19 le
2543 2362 30 22 k.,
2595 2362 57 19 18-20
2676 2368 5 15 ;
2703 2362 81 18 beurre
2803 2361 28 19 de
2852 2362 95 19 laiterie,

2399 2385 25 18 21
2446 2390 6 18 ;
2471 2385 68 21 œufs,
2558 2390 30 23 p.,
2608 2384 99 20 0.30-0.35
2728 2390 5 16 ;
2752 2384 89 24 poulets
2858 2384 89 23 jeunes.

2400 2412 28 14 co
2446 2407 41 24 pie,
2509 2408 59 19 4*8-54
2592 2412 6 19 ;
2622 2407 85 24 poules,
2730 2412 29 23 p.,
2780 2407 23 19 25
2828 2413 5 16 ;
2855 2407 93 24 pigeons

2399 2430 89 22 jeunes,
2503 2430 88 24 couple,
2610 2430 58 19 11-13
2689 2434 6 19 ;
2714 2429 94 24 pigeons
2825 2429 75 22 vieux,
2920 2434 28 19 p.,

2400 2452 35 20 5-6
2461 2457 7 17 î
2491 2453 76 24 lapina
2591 2453 88 23 jeunes,
2704 2457 30 19 p.,
2759 2453 58 19 18-22
2843 2458 5 16 ;
2874 2451 75 24 lapins

2400 2476 98 20 adultes,
2509 2481 37 22 _p.,
2565 2475 58 20 28-35
2644 2481 4 16 ;
2668 2476 84 23 gorets,
2770 2480 29 19 p.,
2817 2475 90 19 350-45'J.

2425 2498 153 22 LOKEREN,
2604 2499 37 18 1er
2665 2502 71 14 mars.
2760 2508 26 5 —
2810 2498 87 18 Beurre
2921 2496 29 19 de

2400 2520 80 23 ferme,
2498 2521 20 19 le
2535 2521 30 22 k.,
2584 2521 23 19 17
2622 2521 15 18 à
2653 2521 23 19 19
2695 2526 5 16 ;
2717 2521 81 18 beurre
2814 2521 29 18 de
2860 2520 89 19 laiterie

2402 2544 56 20 (non
2478 2544 68 21 salé),
2565 2543 25 19 22
2613 2548 6 18 ;
2639 2543 69 22 œufs,
2729 2548 29 19 p.,
2778 2543 45 20 0.30
2842 2547 15 18 à
2875 2542 45 19 0.40
2943 2547 5 15 :

2400 2566 83 19 viande
2501 2567 28 18 de
2547 2566 71 21 bœuf,
2637 2566 21 19 le
2675 2566 30 21 k.,
2725 2567 23 18 14
2764 2566 14 19 à
2796 2566 24 20 18
2840 2570 6 17 ;
2865 2564 84 19 viande

2399 2589 28 19 de
2442 2594 61 19 porc,
2520 2589 24 19 14
2559 2589 15 19 à
2590 2589 24 19 18
2634 2593 5 18 ;
2657 2589 83 19 viande
2756 2589 28 19 de
2799 2587 89 22 cheval,
2894 2591 5 8 1
2905 2588 13 19 6
2933 2587 15 19 à

2400 2612 12 18 8
2431 2617 5 17 ;
2454 2615 102 20 pommes
2573 2611 28 19 de
2617 2612 67 21 terre,
2703 2612 21 18 le
2740 2611 30 22 k.,
2787 2610 45 22 0.50
2847 2611 15 18 à
2878 2611 45 19 0.€5
2943 2615 5 17 ;

2400 2634 103 24 oignons,
2524 2634 45 19 1.50
2588 2635 15 18 à
2623 2634 11 18 2
2658 2641 5 14 ;
2685 2634 78 24 poules
2783 2633 115 22 vivantes,
2919 2637 29 19 p.,

2398 2657 14 19 8
2428 2661 5 5 '
2455 2658 24 18 11
2497 2663 5 16 ;
2518 2657 76 24 lapins
2609 2657 101 22 vivants,
2726 2657 21 19 le
2761 2657 31 21 k.,
2807 2657 12 18 6
2834 2656 15 19 à
2864 2656 11 19 7
2894 2661 5 16 ;
2914 2655 23 24 pi-

2400 2684 78 20 geons,
2495 2680 88 23 couple,
2600 2680 13 19 7
2629 2679 15 19 à
2660 2680 12 19 8
2693 2685 6 16 ;
2716 2680 78 23 seigle,
2812 2679 34 19 les
2865 2678 35 19 ICO
2918 2679 30 19 k.,

2399 2702 25 19 o3
2447 2707 6 18 ;
2474 2702 90 22 avoine,
2584 2702 32 20 81.
2636 2702 76 19 BétaU
2736 2707 5 14 :
2763 2702 84 21 bœufs,
2867 2701 49 19 3000
2934 2701 15 18 à

2400 2725 23 19 6C
2434 2726 14 18 0
2467 2730 6 17 ;
2491 2725 92 22 vaches,
2602 2725 48 19 1550
2666 2729 14 19 à
2697 2725 48 20 2500
2764 2731 5 15 :
2786 2724 65 19 bêtes
2869 2725 15 17 à.
2899 2728 41 14 cor-

2399 2752 36 17 ne,
2450 2748 37 20 900
2499 2747 15 20 à
2530 2748 48 19 1800
2595 2753 5 16 ;
2617 2748 118 23 porcelets,
2749 2748 38 19 300
2800 2748 15 18 à
2830 2748 43 18 350.

2423 2771 73 21 HUY,
2512 2771 37 18 1er
2563 2775 71 15 mars.
2649 2781 26 5 —
2687 2770 117 22 Froment,
2820 2770 34 20 les
2869 2769 35 20 100
2918 2769 31 21 k.,

2398 2793 60 19 74-80
2477 2798 6 17 ;
2499 2793 117 24 épeautre,
2633 2793 25 19 61
2677 2799 5 15 ;
2699 2793 77 23 seigle,
2793 2793 25 19 50
2836 2798 5 16 ;
2858 2793 90 20 avoine,

2398 2816 59 19 74-76
2479 2821 5 16 ;
2501 2821 56 18 orge
2574 2816 28 19 de
2620 2816 134 23 printemps.
2771 2816 26 19 64
2818 2821 5 16 ;
2843 2815 30 19 id.
2891 2815 48 19 d'hi-

2399 2843 48 17 ver,
2464 2838 26 19 62
2509 2844 6 16 ;
2534 2839 66 23 paille
2619 2839 28 18 de
2664 2839 108 20 froment,
2792 2838 37 19 130
2850 2844 4 15 ;
2873 2838 30 19 id.
2921 2837 29 19 de

2398 2861 79 24 seigle,
2496 2862 37 19 125
2554 2867 5 16 ;
2578 2862 30 18 id.
2628 2862 112 21 d'avoine,
2760 2861 36 19 130
2816 2867 5 15 ;
2842 2861 29 20 id.
2890 2860 49 19 d'or-

2398 2889 36 18 ge,
2452 2884 37 19 110
2508 2890 5 16 ;
2530 2884 56 22 foin,
2603 2884 24 19 35
2648 2889 6 16 ;
2673 2889 102 19 pommes
2791 2884 28 18 de
2837 2884 61 18 terre
2915 2884 23 18 in-

2399 2907 96 22 dustrie,
2518 2907 23 19 14
2565 2911 6 18 ;
2592 2907 30 19 id.
2643 2907 43 19 Roi
2706 2906 115 21 Edouard,
2842 2906 24 19 30
2891 2911 6 17 ;
2919 2906 30 19 id.

2400 2929 81 24 plates,
2502 2929 24 20 40
2548 2935 5 17 ;
2574 2929 89 22 beurre,
2684 2934 54 19 gros
2758 2929 29 26 19,
2806 2929 72 19 détail
2898 2929 25 20 20
2944 2934 5 16 ;

2398 2953 69 20 œufs,
2485 2957 54 18 gros
2555 2952 19 22 8,
2592 2952 71 19 détail
2679 2953 31 18 10.

2425 2975 146 21 DOLHAIN,
2591 2976 37 18 1er
2646 2979 71 15 mars.
2734 2986 27 6 _
2779 2975 80 21 Céleri,
2879 2974 44 20 1.50
2945 2979 5 16 ;

2399 2999 118 22 poireaux,
2534 2998 12 18 2
2565 3003 5 16 ;
2585 2998 110 21 carottes,
2713 2998 11 18 1
2742 3003 8 17 ;
2767 2998 104 23 oignons,
2888 2997 43 19 1.25
2944 3003 5 16 ;

2399 3020 168 22 choux-fleurs,
2591 3021 44 20 2.50
2663 3026 5 15 ;
2692 3020 76 19 choux
2791 3024 90 19 rouges,
2905 3021 12 18 2
2943 3024 5 17 ;

2397 3043 77 19 choux
2488 3043 29 19 de
2530 3043 91 21 Savoie,
2638 3043 45 19 1.50
2700 3049 5 16 ;
2720 3043 76 18 choux
2811 3043 28 19 de
2853 3042 85 19 Bruxel-

2399 3066 39 19 les,
2456 3065 46 19 3.50
2521 3071 5 15 ;
2544 3065 87 20 salade,
2649 3065 45 18 2.25
2715 3070 5 16 ;
2739 3065 88 20 endive,
2845 3065 12 18 2
2878 3070 5 15 ;
2900 3065 38 18 chi-

2397 3087 67 19 corée
2486 3087 28 18 de
2536 3087 128 20 Bruxelles,
2687 3087 12 17 3
2725 3091 6 17 ;
2753 3086 98 21 salsifis,
2874 3087 46 18 2.50
2943 3092 5 15 ;

2398 3112 106 18 oranges,
2521 3108 45 18 2.20
2586 3112 6 17 ;
2610 3108 110 20 bananes,
2737 3109 12 17 5
2766 3112 8 18 ;
2791 3108 89 21 beurre,
2898 3107 25 19 21
2942 3113 5 15 ;

2399 3129 111 20 fromasre,
2527 3129 50 19 2.60.

2424 3151 137 24 BATYICE,
2583 3151 38 19 1er
2640 3156 71 14 mars.
2732 3164 26 4 —
2778 3152 93 22 Beurre,
2893 3152 56 19 18.50

2399 3179 14 18 à,
2434 3174 55 19 19.75
2512 3180 5 15 ;
2538 3174 68 21 œufs,
2628 3174 56 19 10.50
2702 3174 15 18 à
2737 3174 24 19 12
2783 3179 5 15 ;
2809 3174 138 21 caillebotte,

2398 3197 44 19 1.25
2461 3203 5 15 ;
2482 3196 105 20 fromase
2605 3197 36 19 1/4
2655 3197 83 22 crème,
2756 3197 44 19 1.50
2819 3202 5 16 ;
2843 3197 104 23 fromage

2398 3219 37 22 1/4
2451 3218 96 23 écrémé,
2565 3219 52 19 0.40.

2972 353 115 34 Pour
3121 354 41 34 la
3190 357 329 34 consommation

3041 405 55 33 du
3111 406 162 42 "petit,,
3288 408 166 42 poisson

2999 486 37 20 On
3058 491 140 16 consomme
3218 488 181 21 annuellement
3421 496 27 14 en
3469 491 42 19 Bel-

2971 513 72 24 gique
3056 513 13 19 5
3083 513 40 24 kg.
3135 513 41 19 300
3190 512 29 21 de
3232 514 98 24 poisson
3344 520 44 18 par
3402 516 119 24 habitan-i,

2970 538 49 21 soit
3035 538 39 20 100
3091 543 123 19 grammes
3231 543 45 19 par
3289 540 108 20 semaine
3414 541 19 20 II
3450 543 61 18 suffi-

2973 565 46 20 rait
3044 565 28 19 dc
3096 566 83 22 porter
3200 566 64 19 cette
3286 565 111 24 quantité
3432 566 15 20 â
3484 568 39 19 150

2971 596 124 18 grammes
3112 596 45 19 par
3171 591 110 21 semaine
3299 597 66 19 pour,
3384 597 48 15 non
3447 595 66 18 -seule-

2973 618 64 19 ment
3053 622 91 15 sauver
3158 618 23 19 la
3197 616 75 25 pêche
3287 617 76 25 belge,
3378 618 62 19 mais
3454 624 60 15 enco-

2973 647 25 16 re
3015 648 61 19 pour
3092 644 132 23 permettre
3242 644 20 20 le
3280 646 83 17 retour
3380 643 15 20 à
3412 648 32 15 un
3460 650 53 14 com-

2971 674 79 16 merce
3064 669 28 20 de
3106 669 98 25 poisson
3217 670 54 24 plus
3284 669 59 21 libre
3355 674 60 16 avec
3428 668 86 23 l'étran-

2971 698 50 22 ger.

2999 729 63 20 C'est
3082 734 62 20 pour
3162 729 146 25 augmenter
3328 729 23 20 la
3373 734 142 16 consomma-

2972 755 51 20 tion
3041 755 32 20 du
3091 756 97 24 poisson
3204 756 57 24 qu"a
3279 755 37 20 été
3336 755 68 21 créée
3422 762 30 14 en
3470 756 53 20 1929

2972 786 46 15 une
3033 782 157 20 commission
3208 782 29 20 de
3253 782 156 24 propogande
3425 787 61 20 pour
3503 783 20 19 le

2972 808 97 24 poisson
3091 808 28 20 de
3140 813 53 15 mer
3213 808 74 25 belge.
3308 808 104 24 Ccile-cî,
3433 808 90 21 divUé»

2972 839 30 15 en
3017 835 60 20 trois
3093 834 114 22 sections,
3221 840 15 14 a
3253 839 61 20 pour
3330 835 43 19 but
3388 835 29 20 de
3434 835 80 20 favori-

2970 866 41 16 ser
3034 860 136 22 l'industrie
3193 860 124 21 nationale
3341 861 28 20 de
3395 862 23 19 la
3442 861 82 25 pêche,

2972 887 119 21 d'obtenir
3115 892 62 20 pour
3202 892 44 16 no-s
3270 886 118 26 pêcheurs
3415 893 32 14 un
3471 889 52 23 prix

2972 913 186 21 rénumératcur
3177 913 29 20 de
3225 914 52 20 leur
3296 914 96 22 travail,
3412 915 29 19 de
3460 914 62 21 faire

2972 940 42 20 des
3033 940 145 20 recherches
3195 945 44 15 sur
3258 941 24 19 la
3303 941 83 19 valeur
3406 941 116 20 nutritive

2972 967 31 20 du
3020 967 104 24 poisson,
3140 966 28 21 de
3185 967 99 19 trouver
3299 967 97 19 surtout
3411 967 42 19 des
3468 972 45 14 cen-

2972 995 48 18 tres
3035 993 29 20 de
3078 992 195 21 consommation
3289 997 62 19 pour
3363 993 34 19 les
3412 993 110 24 poissons

2972 1019 15 19 à
3005 1020 45 19 bon
3068 1018 100 22 marché
3186 1019 46 20 tels
3248 1024 55 19 que:
3324 1020 101 22 merlan,
3444 1025 69 16 carre-

2972 1045 38 23 let,
3025 1045 113 24 limande,
3154 1045 112 25 grondin,
3280 1046 52 21 etc.,
3345 1046 49 23 qui,
3410 1046 67 20 faute
3494 1046 27 20 de

2973 1070 142 23 débouchés,
3139 1073 56 19 sont
3218 1070 105 26 envoyés
3347 1072 20 19 le
3392 1072 53 24 plus
3468 1078 45 14 sou-

2972 1100 58 18 vent
3046 1104 48 14 aux
3112 1098 125 25 fabriques
3256 1098 29 20 de
3302 1098 94 20 farines
3415 1098 29 20 de
3461 1099 52 25 pois-

2971 1129 50 14 son.

2999 1157 68 21 Cette
3083 1158 156 21 commission
3256 1163 15 15 a
3288 1156 113 26 organisé
3418 1157 29 21 de
3464 1159 47 19 mul-

2972 1183 70 24 tiples
3058 1185 80 24 leçons
3155 1185 28 20 de
3200 1183 158 26 préparation
3376 1184 32 20 du
3424 1185 97 23 poisson

2973 1209 60 21 dt-ns
3055 1211 34 19 les
3111 1210 79 21 écoles
3213 1209 144 25 ménagères
3379 1213 25 19 et
3427 1210 34 21 les
3484 1216 27 14 ca-

2972 1240 89 19 sernes,
3084 1238 43 20 elle
3149 1243 16 14 a
3186 1236 138 26 également
3345 1236 113 25 organisé
3480 1238 42 19 des

2972 1261 163 26 conférences,
3158 1264 42 20 des
3220 1262 103 21 séances
3345 1262 168 24 cinématogra-

2973 1288 100 24 phiques
3088 1293 24 17 et
3127 1290 46 20 fait
3187 1289 79 21 éditer
3279 1289 87 20 150.C00
3382 1289 141 20 brochur?s-

2973 1316 109 24 recettes,
3107 1316 88 21 300.000
3220 1316 141 21 circulaires
3386 1319 24 17 et
3435 1316 87 20 150000

2972 1340 142 22 affichettes
3137 1344 105 19 vantant
3277 1342 36 21 les
3349 1340 105 27 qualités
3491 1342 30 20 du

2973 1367 105 24 poisson.

2999 1400 82 25 Ayant
3098 1406 86 17 encore
3203 1401 114 27 organisé
3337 1402 60 20 trois
3415 1401 97 25 quinzai-

2973 1432 42 14 nes
3037 1427 29 20 de
3088 1430 161 24 propagande,
3271 1430 23 19 la
3312 1429 158 20 commission
3492 1434 29 14 va

2973 1453 131 25 inaugurer
3120 1459 45 17 une
3178 1456 109 20 semaine
3303 1456 32 20 du
3348 1455 99 25 poisson
3463 1455 58 20 dont

2973 1480 21 20 le
3012 1480 44 20 but
3073 1481 37 20 est
3126 1481 28 20 de
3173 1480 119 26 répandre
3311 1482 21 21 le
3351 1488 12 13 «
3379 1482 62 25 petit
3459 1481 52 25 pois-

2971 1511 46 15 son
3039 1511 19 18 »,
3082 1506 52 20 d'en
3156 1508 135 24 appr»:ndre
3316 1509 24 19 la
3363 1507 157 25 préparation

2972 1537 48 16 aux
3037 1531 149 26 ménagères,
3206 1535 137 20 d"h2bituer
3361 1535 34 19 les
3414 1535 97 24 poisson-

2972 1559 65 20 niers
3050 1557 16 21 à
3079 1559 23 20 la
3116 1562 76 18 vente.
3207 1561 52 21 Une
3275 1562 95 20 routine
3384 1565 88 21 pousse
3486 1561 35 20 les

2972 1586 216 22 consommateurs,
3202 1592 29 14 en
3246 1587 68 23 effet,
3328 1587 16 21 à
3357 1587 100 20 acheter
3468 1589 44 18 tou-

2972 1612 67 23 jours
3056 1611 34 20 les
3106 1611 91 22 mêmes
3214 1614 116 24 poissons,
3345 1614 35 20 les
3395 1614 55 25 plus
3466 1612 46 22 coû-

2973 1641 63 20 teux,
3057 1638 65 20 alors
3144 1643 45 20 que
3211 1640 41 20 des
3274 1640 111 24 poissons
3405 1639 115 26 qualifiés

2973 1664 28 20 de
3025 1665 90 19 second
3138 1664 70 21 ordre
3231 1668 57 18 sont
3309 1670 105 17 souvent
3436 1671 74 15 succu-

2972 1690 63 20 lents
3052 1693 24 18 et
3092 1690 79 21 moin-3
3186 1692 77 20 chers.

2999 1723 64 21 C'est
3077 1729 27 16 ce
3119 1728 46 20 que
3178 1724 142 22 s'efforcera
3336 1726 27 21 de
3378 1726 64 21 faire
3456 1731 54 16 com-

2973 1751 103 24 prendre
3101 1756 31 15 au
3157 1751 80 25 public
3262 1752 23 20 la
3309 1753 155 21 commission
3491 1753 29 20 de

2973 1777 156 24 propagande
3144 1782 60 19 pour
3217 1778 22 20 le
3254 1778 95 25 poisson
3365 1779 27 20 de
3406 1784 53 16 mer
3472 1779 38 21 bel-

2972 1809 30 19 ge
3022 1808 46 20 par
3089 1802 106 22 diverses
3215 1805 205 20 manifestations.

2999 1836 34 21 La
3049 1835 118 27 première
3183 1837 28 21 de
3227 1838 90 20 celle-ci
3334 1839 39 20 fut
3389 1844 33 15 un
3439 1838 70 26 déjeu-

2973 1868 43 16 ner
3033 1863 77 20 offert
3128 1864 117 20 mercredi
3264 1863 16 21 à
3298 1865 23 19 la
3339 1865 87 21 Presse
3445 1867 24 19 et
3485 1871 34 15 au

2972 1894 71 15 cours
3059 1890 86 24 duquel
3162 1890 83 21 furent
3259 1889 125 27 présentés
3399 1892 41 20 des
3454 1892 64 24 plats

2972 1916 29 20 dc
3020 1923 12 12 «
3053 1916 61 24 petit
3135 1917 97 24 poisson
3252 1922 20 15 ».
3292 1917 33 20 Ce
3344 1917 115 24 déjeuner
3480 1919 39 19 fut

2972 1941 96 26 présidé
3090 1947 45 20 par
3156 1943 25 20 M
3202 1943 98 21 Vander
3322 1943 101 24 Vaeren,
3446 1944 74 24 presi-

2973 1969 49 23 dnt,
3037 1969 195 25 qu'entouraient
3246 1970 32 21 M.
3292 1970 37 21 De
3343 1970 85 25 Vuyst,
3445 1970 75 20 direc-

2984 2000 43 15 eur
3044 1994 98 26 général
3159 1996 136 23 honoraire,
3313 1996 31 21 du
3361 1996 113 20 ministre
3492 1996 28 20 de

2973 2021 176 25 l'Agriculture,
3167 2022 32 20 M.
3214 2022 36 21 De
3268 2023 55 23 Vos,
3342 2023 122 20 directeur
3481 2021 29 26 gé-

2972 2046 68 21 néral
3057 2049 27 20 de
3100 2049 23 19 la
3140 2048 100 24 Marine,
3257 2049 58 20 MM.
3332 2049 147 20 Verschelde
3497 2049 23 19 et

2972 2074 53 20 Van
3040 2074 90 21 Caillie.

2998 2109 22 20 A
3040 2107 90 22 l'heure
3152 2109 41 20 des
3215 2108 85 23 toasts,
3322 2107 121 26 plusieurs
3465 2112 46 15 con-

2972 2134 66 20 vives
3056 2134 169 21 souhaitèrent
3245 2136 21 19 le
3285 2133 86 21 succès
3393 2134 28 20 de
3442 2133 23 21 la
3484 2139 28 15 se-

2972 2165 79 16 maine
3075 2161 31 21 du
3129 2161 98 25 poisson
3251 2162 24 19 et
3299 2161 24 20 la
3344 2160 176 20 collaboration

2972 2186 28 21 de
3017 2188 61 19 tous.

3199 2218 83 22 *&%-&

3019 2260 49 35 La
3089 2259 171 40 fournée
3284 2259 50 35 cte
3356 2260 113 39 jeudi

1834 3567 51 26 soir,
1906 3567 31 22 l'«
1945 3568 72 22 Union
2037 3569 38 22 des
2096 3566 181 27 Commerçants»
2298 3566 27 22 de
2347 3572 34 15 ces

1834 3597 122 26 populaires
1972 3598 80 21 artères
2069 3604 13 15 a
2099 3597 78 27 donné,
2193 3598 55 22 dans
2263 3597 30 22 les
2309 3596 70 22 salons

1833 3626 27 23 de
1877 3627 22 22 la
1915 3627 107 23 Brasserie
2038 3626 125 28 Flamande,
2182 3634 29 16 un
2229 3627 37 23 bal
2282 3625 97 24 costumé

2402 3566 85 23 lonnets
2508 3567 39 25 qui
2567 3566 60 22 rallia
2647 3566 27 22 de
2694 3567 120 22 nombreux
2835 3568 115 20 amateurs.

2404 3596 74 27 Enfin,
2498 3602 42 16 une
2560 3595 99 23 tombola
2680 3598 139 25 comportant
2842 3600 39 21 500
2902 3595 49 24 lots,

2402 3625 78 24 offerts
2498 3631 40 21 par
2557 3625 31 23 les
2607 3625 108 23 membres
2732 3626 28 22 de
2779 3626 32 24 l'«
2819 3625 73 23 Union
2913 3625 37 22 des

2994 2354 22 6 —
3031 2345 63 19 Musée
3111 2344 25 19 du
3151 2344 58 22 Livre,
3228 2350 18 16 9,
3261 2350 32 13 me
3309 2344 107 19 Ravensteln
3426 2349 6 14 :
3449 2343 59 23 exposi-

2972 2368 37 19 tion
3021 2368 31 18 des
3066 2372 118 17 programmes
3197 2367 22 19 de
3232 2367 40 19 luxe
3285 2372 30 14 ûtt
3328 2367 80 19 théâtres
3423 2367 92 21 (jusqu'au

2973 2396 19 16 13
3009 2391 63 17 mars).

2993 2421 24 5 —
3029 2413 47 19 Salle
3091 2412 102 21 d'Egmont,
3209 2412 49 22 place
3273 2412 24 18 du
3312 2411 120 19 Petit-Sablon
3442 2416 5 14 :
3464 2416 44 17 expo-

2969 2434 54 19 sition
3037 2434 24 19 du
3078 2435 54 18 Blanc
3144 2438 18 16 et
3175 2434 45 19 Noir
3235 2434 93 22 (jusqu'au
3343 2439 9 12 2
3368 2436 63 19 mars).

2994 2466 25 4 —
3032 2457 57 20 Artès,
3107 2462 30 13 rue
3150 2457 23 18 de
3187 2457 75 20 Namur.
3277 2462 31 12 îi:
3326 2457 98 21 exposition
3440 2456 24 18 du
3481 2460 29 13 cer-

2971 2480 26 18 cle
3012 2485 11 12 «
3040 2480 24 18 Le
3078 2479 44 19 Lien
3137 2485 17 16 »,
3168 2479 25 22 ju-
3198 2480 55 21 qu'au
3268 2480 11 17 6
3293 2484 51 13 mars.

2995 2510 21 5 —
3033 2501 61 19 Cercle
3109 2502 105 21 Artistique,
3229 2507 30 14 rue
3275 2501 22 19 de
3313 2502 17 18 la
3344 2500 38 20 Loi.
3399 2505 9 17 5
3426 2505 7 14 :
3449 2500 61 21 exposi-

2971 2524 38 19 tion
3028 2524 45 19 Mlle
3091 2524 78 22 Bisrm-n,
3189 2524 86 21 Biomme,
3296 2529 12 13 «
3328 2523 25 19 Le
3371 2523 56 19 Sillon
3445 2527 18 17 »,
3481 2523 30 21 jus-

2971 2547 55 21 qu'au
3039 2548 10 16 6
3064 2552 51 13 mars.

2958 2564 5 15 1
2994 2578 25 4 —
3038 2569 63 18 Gros-e
3120 2569 54 20 Tour,
3194 2574 32 13 rue
3242 2568 23 19 de
3284 2568 18 19 U
3322 2567 125 21 Grosse-Tour,
3468 2571 21 13 21
3512 2571 5 13 :

2971 2591 66 19 des:ins
3052 2594 18 16 et
3085 2591 98 22 aquarelles
3202 2591 92 21 (jusqu'au
3312 2596 9 12 2
3340 2590 65 20 mars).

2993 2622 24 5 —
3036 2614 13 17 Ë
3051 2619 52 13 eaux-
3104 2614 47 20 Arts,
3169 2619 30 13 rue
3216 2613 67 21 Royale
3303 2618 6 13 :
3328 2617 68 13 œuvres
3412 2611 98 18 architectu-

2971 2637 44 18 rales
3034 2636 89 20 destinées
3142 2641 22 13 au
3183 2636 38 21 prix
3241 2636 38 18 Van
3300 2635 22 19 de
3343 2635 45 17 Yen.
3409 2634 69 20 Projets
3496 2633 22 18 dc

2972 2662 112 15 monuments
3106 2658 11 18 à
3139 2659 16 18 la
3175 2658 54 22 gloire
3249 2658 23 18 de
3291 2657 110 19 l'infanterie
3425 2656 94 21 (jusqu'au

2972 2686 9 17 S
3004 2681 66 22 mars);
3095 2680 98 22 exposition
3214 2680 24 19 du
3261 2686 12 12 «
3296 2680 71 21 Groupe
3389 2684 12 13 »
3424 2678 94 22 (jusqu'au

2972 2705 10 16 S
2997 2709 52 13 mars.

2995 2734 24 5 —
3033 2725 115 20 Beaux-Arts,
3161 2731 31 13 rue
3204 2725 108 18 Ravenstein
3327 2729 5 13 :
3348 2723 98 22 exposition
3459 2723 61 18 Victor

2972 2748 90 18 Rousseau
3080 2748 93 22 (jusqu'au
3191 2753 21 16 19
3229 2747 64 21 mars).

2995 2779 25 5 —
3036 2771 98 20 Portcnart,
3151 2775 30 13 rue
3197 2770 22 19 de
3235 2770 75 20 Namur,
3327 2773 23 17 47
3367 2773 6 14 :
3389 2767 98 23 exposition
3502 2767 17 22 J.

2971 2793 62 19 Habex
3049 2793 93 22 (juiqu'au
3159 2794 10 16 6
3185 2793 64 19 mars).

2994 2824 25 5 —
3034 2816 69 21 Studio,
3118 2821 31 13 rue
3164 2815 32 19 des
3210 2813 143 21 Petits-Carmes,
3370 2818 9 14 3
3399 2818 6 14 :
3421 2812 98 22 exposition

2972 2837 67 20 Fînnin
3057 2838 45 18 Bacs
3121 2837 28 21 (ju
3159 2837 55 22 qu'au
3233 2842 11 16 9
3263 2838 64 19 mars).

2994 2869 25 5 —
3033 2860 66 18 Toison
3113 2860 50 20 d'Or,
3177 2865 67 13 avenue
3257 2859 23 18 de
3295 2859 17 18 ia
3325 2858 65 18 Toison
3406 2857 50 20 d'Or,
3474 2862 20 17 13
3513 2861 5 13 :

2972 2883 97 22 exposition
3088 2883 58 18 Fieter
3163 2882 96 19 Stcb-aerts
3279 2881 93 22 (jusqu'au
3392 2882 10 17 6
3420 2882 64 18 mars).

2994 2914 23 5 —
3038 2905 76 18 Laiterie
3132 2905 25 18 du
3178 2905 44 18 Parc
3240 2904 107 19 Communal
3364 2902 126 19 d'Anderlecht
3513 2906 6 14 '.

2971 2927 98 23 exposition
3088 2927 49 18 Lode
3155 2927 22 19 de
3195 2927 61 18 Potier
3276 2926 93 21 (jusqu'au
3390 2931 21 15 13
3431 2926 64 18 mars).

2994 2959 25 5 —
3036 2950 69 18 Galerie
3122 2949 52 19 d'Art
3193 2949 73 18 Charles
3285 2949 46 21 Roy,
3348 2949 28 20 66,
3394 2948 85 18 chaasée
3497 2947 22 18 de

2972 2972 92 19 Char.eroi
3087 2977 6 16 ;
3114 2972 105 22 Exposition
3240 2973 23 18 A.
3284 2971 74 20 Stevens
3381 2970 94 22 (jusqu'au
3499 2975 20 12 10

2971 2996 65 20 mars).

2995 3027 24 4 —
3032 3017 87 21 Dietrich,
3137 3017 99 21 Montagne
3252 3016 22 19 de
3291 3016 17 18 la
3324 3015 54 22 Cour,
3396 3020 23 17 37
3429 3020 5 13 :
3452 3019 59 17 exposi-

2971 3040 37 19 tion
3023 3040 54 18 Mclis
3094 3040 94 21 (jusqu'au
3204 3044 21 16 15
3242 3039 64 19 mars).

2993 3070 25 5 —
3030 3062 56 18 Boule
3101 3062 67 20 Rouge,
3183 3066 31 13 rue
3229 3061 31 18 des
3275 3061 73 19 Pierres,
3365 3064 21 16 53
3397 3065 6 13 :
3419 3059 99 22 exposition

2969 3083 49 19 Léon
3035 3083 98 18 Demuider
3150 3083 94 20 (jusqu'au
3263 3087 21 13 :o
3301 3082 63 20 mars).

3004 3113 14 4 -
3029 3104 77 18 Ca^rne
3124 3104 24 18 du
3166 3104 48 18 Petit
3233 3103 89 22 Château,
3343 3108 22 13 ro
3382 3103 19 18 h.
3418 3106 29 18 30,
3465 3102 53 18 visite

2969 3126 22 19 de
3005 3126 28 19 M.
3048 3126 76 18 Devère.

3004 3157 13 4 -
3029 3148 76 18 Institut
3119 3147 92 22 supérieur
3223 3147 99 18 d'Histoire
3335 3147 22 18 de
3372 3146 47 19 l'Art
3433 3148 19 16 et
3466 3146 51 18 d'Ar-

2970 3170 95 21 chéologi?,
3080 3175 10 17 s
3103 3170 26 21 h.,
3142 3176 52 12 cours
3207 3170 22 18 de
3243 3170 28 18 M.
3284 3170 57 17 Hu'.in
3355 3169 22 18 de
3391 3169 38 17 L10
3438 3173 5 13 :
3460 3173 11 12 «
3479 3168 31 17 Hu-

2969 3193 39 18 bert
3021 3198 33 12 van
3070 3192 51 22 Eyck
3134 3196 18 15 et
3166 3193 26 17 les
3205 3192 80 18 héritiers
3298 3192 22 17 de
3334 3197 32 13 son
3380 3194 54 15 art».

2992 3224 26 5 —
3029 3215 79 21 Lyccum
3123 3216 22 16 de
3162 3214 92 21 Belgique,
3271 3214 12 17 à
3300 3214 21 17 16
3338 3213 25 21 h.,
3379 3213 74 18 réunian
3470 3217 41 13 men-

2979 3237 28 18 ue!
3010 3238 15 17 !e
3041 3237 22 18 de
3079 3237 16 18 'a
3112 3236 67 19 section
3197 3236 30 18 des
3243 3236 110 18 Beaux-Arts
3363 3240 5 12 :
3386 3235 11 18 à
3416 3235 21 17 16
3453 3234 19 19 h.
3490 3239 29 16 45,

2970 3264 50 14 cours
3038 3259 23 18 de
3078 3259 45 18 Mlle
3142 3259 92 21 Bougenot
3244 3263 6 13 :
3272 3263 11 12 «
3293 3258 84 20 Djemila,
3395 3257 43 18 ville
3455 3256 63 19 d'or».

2994 3291 25 5 —
3030 3281 58 19 Cours
3107 3281 69 21 publics
3197 3280 81 22 gratuits,
3299 3280 55 18 Ecole
3375 3284 93 16 moyenne,
3489 3284 31 13 rue

2970 3304 65 19 Ernest
3047 3304 61 18 Allard
3118 3309 6 13 :
3141 3309 20 15 17
3174 3303 19 19 h.
3208 3308 27 16 t..
3248 3308 51 13 cours
3310 3302 23 19 de
3346 3302 27 18 M.
3385 3302 39 18 Van
3439 3301 79 18 Ka'.ken:

2973 3333 12 11 «
2993 3327 26 18 Le
3037 3329 139 21 gouvernement
3193 3325 23 18 de
3234 3325 36 19 don
3289 3325 47 21 Juan
3355 3324 104 18 d'Autriche
3466 3329 20 16 »;
3508 3324 12 17 à

2973 3354 20 16 17
3009 3350 19 18 h.
3043 3354 28 17 15,
3086 3353 52 14 cours
3150 3348 23 19 de
3188 3348 28 19 M.
3229 3347 92 19 Teirlinck.
3330 3352 6 14 :
3354 3347 54 20 «Les
3422 3346 61 23 poètes
3498 3346 21 18 de

2970 3372 70 18 demain
3048 3371 18 19 »!

2994 3403 25 5 —
3031 3393 95 20 Extension
3147 3392 134 22 Universitaire,
3301 3392 67 19 section
3389 3391 22 20 de
3429 3391 90 21 St-GiUes,

2971 3416 104 20 conférence
3090 3417 22 18 de
3127 3416 26 19 M.
3169 3416 23 18 G.
3205 3414 101 20 Thiebauld
3316 3420 6 14 :
3339 3420 13 13 «
3360 3414 27 19 De
3402 3414 92 19 Ravaillac
3508 3413 11 18 à

2972 3439 94 22 GorguWf
3073 3444 18 15 ».

2993 3471 27 5 —
3030 3461 111 19 Conférence
3159 3460 41 19 Cro.
3218 3460 49 19 Cour
3282 3459 128 22 d'Angleterre,
3428 3458 12 19 à
3460 3464 22 13 ao
3499 3459 20 17 h.

2993 3493 26 7 —
3030 3483 102 19 Université
3145 3483 92 22 populaire
3248 3482 23 19 de
3286 3482 66 20 Forest,
3366 3487 22 12 îo
3402 3481 19 19 h.
3436 3486 30 17 15;
3478 3486 33 14 con-

2972 3507 69 19 férence
3059 3506 22 19 de
3100 3506 28 20 M.
3147 3506 40 18 Van
3206 3505 100 19 Remoortel
3314 3510 8 13 ;
3344 3509 11 13 «
3364 3504 50 18 Paris
3432 3509 22 13 en
3473 3503 46 19 deux

2971 3575 39 21 gala
3023 3573 194 22 cinématographique.

2995 3605 24 6 —
3030 3597 61 18 Union
3107 3596 98 19 Colonial,
3222 3600 22 13 20
3258 3594 19 19 h.
3292 3599 29 16 30.
3336 3592 104 20 conférence
3453 3592 23 20 de
3491 3592 28 19 M.

2567 3745 4 3 *
2574 3737 2 10 :
2585 3731 9 25 î*
2595 3738 10 9 ■'■
2606 3745 9 6 ■■■
2627 3747 3 3 -
2641 3728 270 25 ^"^??!**SSfe*^*^t^sBw^^ti

1864 3782 323 39 J*-iM*yn»t*o**M^^"
2229 3782 178 39 -~^k**NkSh&
2432 3811 4 4 -
2444 3792 71 29 Jhh-
2526 3796 14 21 ':■
2552 3801 7 13 l

2566 3820 345 155 WkJÊÊÊ

1864 3962 559 153 *^«
2426 3962 137 153 ^j

2577 4005 120 72 \w*%a\
2728 4005 185 69 W*§m2m

2029 4136 59 21 EH&/*-
2100 4125 171 32 viSS?^^*'*^Pw
2272 4125 106 32 ■^■3S£?^
2377 4138 5 12 t
2379 4144 27 13 w
2407 4134 3 10 :
2414 4125 134 32 -'■■È^-'-ifiBl

1867 4251 304 54 VÊÊBrfê^mîlî
2177 4251 59 52 ^P
2323 4251 90 51 mW^\
2450 4275 7 7 >
2490 4268 28 23 \t
2541 4251 18 40 1

2044 4326 218 28 ^'"'Wni'^^-'^y^aWa^Mttï^
2388 4338 2 2 '
2426 4337 62 10 ■■y---'.---.-.-.
2489 4331 6 12 :
2496 4326 20 24 '-\tl
2516 4335 3 9 :
2520 4331 26 17 ^rr
2548 4332 2 9 :
2551 4342 6 6 -.

2624 4285 291 46 ^wi-i8Sû.W^I

2586 4447 4 10 :
2590 4438 326 30 '^^^*_\\_¥^rSt^m\^it\^^'hM

1870 4372 137 26 W^S^""'
2021 4378 11 10 '
2125 4378 32 20 *.**»
2177 4376 29 20 "*•»»

1903 4394 42 9 .■'-■-'.»:-'■■
1953 4393 14 8 *--
1976 4396 3 3 ■
1994 4400 2 2 .
2105 4399 9 2 -■
2122 4391 48 17 'T;'*».*"-
2195 4393 2 9 :
2198 4393 23 13 *-4#»

1870 4410 29 29 '■?'
1938 4409 73 35 "V-*
2022 4420 6 11 *
2039 4402 128 38 *^*^*^
2166 4419 11 15 s
2180 4432 10 5 -
2194 4421 12 11 N
2204 4404 80 40 I*^fe

1876 4443 41 23 •;:
1937 4432 74 35 ■-■*-<
2181 4442 4 3 '
2205 4445 17 23 ':
2250 4432 42 36 J.
2295 4447 38 21 :**;:.

1835 4505 38 26 qui
1888 4507 81 20 connut
1983 4511 41 16 une
2039 4504 80 26 grande
2132 4503 77 30 vbjju'e.
2223 4504 44 22 Dis
2280 4504 21 22 le
2315 4501 67 28 signal

1835 4534 27 23 de
1880 4534 22 23 la
1919 4534 102 27 première
2039 4534 73 26 danse,
2129 4534 22 22 la
2167 4534 55 28 piste
2241 4534 34 22 tut
2291 4531 91 24 envahie

1835 4570 40 20 par
1892 4564 38 22 des
1947 4564 86 25 couples
2050 4557 161 30 enthousiajàes.
2229 4564 32 22 La
2280 4562 57 23 foule
2356 4567 26 16 ne

1836 4599 57 17 cessa
1908 4594 28 21 de
1951 4593 79 26 grossir
2045 4595 22 21 ct
2082 4592 90 23 bientôt
2182 4600 23 15 ce
2222 4593 34 22 fut
2270 4593 22 21 la
2308 4591 75 22 cohue.

1834 4622 19 21 A
1869 4628 24 15 22
1912 4623 81 25 heures,
2009 4628 42 16 une
2068 4622 84 23 fanfare
2168 4622 140 25 tonitruante,
2326 4621 55 21 dont

1837 4652 29 23 les
1889 4652 114 24 musiciens
2026 4652 110 26 portaient
2161 4653 37 22 des
2224 4654 106 20 costumes
2356 4650 27 21 dc

1834 4679 99 29 l'âpoque
1947 4681 28 22 de
1990 4682 60 24 1830,
2063 4680 28 23 fit
2105 4687 42 17 une
2162 4681 71 24 entrée
2246 4678 135 29 triomphale.

1836 4710 34 23 Au
1887 4717 52 17 son.
1945 4711 64 22 d'une
2026 4711 87 22 marche
2128 4712 144 24 entraînante,
2288 4716 30 16 un
2335 4715 38 16 cor-

1837 4740 47 26 tège
1900 4741 38 23 des
1953 4740 87 26 couples
2055 4740 107 23 costumés
2176 4741 66 23 défila
2258 4746 42 16 aux
2315 4738 58 22 accla-

1837 4770 94 23 mations
1949 4770 27 21 de
1994 4769 137 23 l'assistance.
2148 4769 52 26 Piiis
2214 4769 117 23 l'excellent
2347 4773 26 16 or-

1837 4799 88 25 chestre,
1938 4799 116 23 délaissant
2067 4806 33 16 ses
2114 4799 116 26 partitions
2242 4800 28 21 de
2284 4798 100 24 fox-trot,

1838 4828 127 24 charleston,
1983 4830 99 24 one-step
2097 4831 24 19 et
2137 4829 84 27 rumba,
2238 4828 88 23 exécuta
2343 4832 42 16 une

1837 4858 81 24 grande
1934 4858 59 22 valse
2010 4858 27 21 de
2054 4858 30 22 l'«
2092 4858 74 22 ancien
2184 4861 70 23 temps
2262 4863 13 16 >
2290 4859 22 19 ct
2328 4857 56 21 cette

1838 4886 42 23 fois
1893 4881 29 30 les
1938 4888 49 26 plus
1999 4886 50 27 âgés
2063 4887 70 26 parmi
2148 4888 25 23 la.
2184 4888 57 26 salle,
2258 4887 126 22 retrouvant

2405 4501 190 30 Commerçants»,
2618 4506 116 25 augmenta
2755 4504 21 23 le
2805 4504 99 23 bonheur
2925 4502 27 22 de

2404 4532 119 27 beaucoup.
2546 4534 69 27 Après
2637 4536 33 21 cet
2694 4533 124 27 intermède,
2842 4534 21 22 la
2872 4534 80 21 ^danse

2406 4562 66 25 reprit
2487 4563 27 22 de
2530 4564 50 25 plus
2598 4564 54 22 belle
2668 4566 24 20 et
2709 4564 30 22 les
2756 4564 86 26 couples
2859 4563 29 22 les
2894 4562 59 27 'plus

2406 4591 109 24 résistants
2532 4600 28 15 ne
2579 4593 119 27 quittèrent
2716 4593 21 22 la
2755 4593 56 26 piste
2831 4592 51 27 qu'à
2899 4593 42 21 l'au-

2405 4626 69 17 rore...
2488 4622 57 27 Bref,
2560 4629 23 16 ce
2597 4623 35 22 fut
2645 4624 19 21 le
2679 4622 71 23 succès
2764 4623 19 21 le
2798 4623 48 25 plus
2860 4622 93 25 complet

2405 4649 30 23 dû
2450 4654 86 20 surtout
2553 4658 27 16 au
2596 4653 146 22 dévouement
2758 4652 26 22 de
2802 4651 60 22 MM.
2879 4651 63 22 Bouil-

2406 4678 39 23 liez
2462 4682 22 20 et
2498 4681 30 23 H.
2544 4682 106 26 Martens,
2667 4680 109 28 président
2793 4685 21 17 et
2830 4680 113 27 vice-prési

2406 4709 52 22 dent
2480 4710 131 27 d'honneur;
2637 4710 117 27 Ryckaert,
2775 4710 120 26 président;
2920 4710 34 21 De

2408 4738 81 24 Ridder
2501 4743 22 20 et
2539 4741 153 26 Bruynnoghe,
2707 4739 187 28 vice-présidents;
2909 4739 35 22 Da

2407 4768 58 27 niels,
2480 4769 124 27 secrétaire;
2623 4770 35 22 De
2677 4770 52 24 Boc,
2747 4769 110 26 trésorier;
2878 4768 76 24 Smets,

2407 4797 71 27 Rivet,
2499 4799 48 23 Van
2571 4798 181 27 Cauwenberghe,
2774 4798 34 22 De
2829 4799 57 25 Roy,
2907 4798 47 20 Van

2407 4826 139 28 Havemnaet,
2565 4829 84 22 Pirotte
2667 4831 21 19 et
2708 4828 34 22 De
2762 4828 68 25 Blust,
2850 4827 105 22 membres

2407 4856 27 23 de
2459 4857 85 23 l'active
2568 4861 22 19 ct
2616 4857 153 27 sympathique
2796 4863 13 16 «
2819 4857 72 22 Union
2917 4856 38 21 des

2409 4884 161 29 Commerçants
2578 4893 20 17 ».
2879 4889 20 10 ~*

2971 3619 74 22 Fraysse
3055 3625 5 13 ;
3080 3624 11 12 «
3100 3619 71 21 Voyage
3188 3623 22 13 en
3226 3617 86 21 Bretagne
3320 3621 17 14 ».

3020 3692 62 38 Les
3099 3691 151 38 Cinémas
3266 3691 20 36 à
3302 3688 172 39 Bruxelles

3566 353 63 54 Us
3651 353 173 55 Théâtres
3849 353 19 54 à
3893 349 184 58 Bruxelles

3569 447 151 19 MONNAIE.
3741 458 26 5 —
3787 445 155 25 Aujourd'hui
3962 442 63 25 Jeudi
4046 442 18 21 2,
4085 442 16 18 A

3544 470 24 19 20
3582 471 30 20 h.,
3628 477 11 12 «
3653 472 34 18 L,a
3703 471 112 20 Travjata
3830 478 10 11 *
3856 471 23 18 et
3895 476 11 12 «
3922 466 107 23 Ta^lioni
4043 466 57 18 chez

3546 493 100 19 Musette
3665 501 18 12 ».
3702 505 25 5 —
3748 493 112 20 Vendredi
3879 493 19 21 3,
3916 495 15 18 à
3950 491 25 19 20
3992 493 31 16 •"•■
4042 493 59 14 avec

3545 517 20 17 le
3582 521 112 14 coru-ours
3712 517 28 19 de
3758 517 30 19 M.
3808 516 141 20 Vertcneuil,
3970 520 10 13 «
4000 513 98 18 KamHon

3545 541 23 15 ft
3588 540 76 20 DalUa
3683 548 18 11 ».
3721 552 24 4 —
3764 541 91 19 Samedi
3876 542 18 19 4,
3914 540 15 19 à
3948 538 25 19 20
3991 536 31 21 h.,
4042 540 58 14 avec
4163 542 11 12 ■*

3545 561 20 19 le
3580 567 112 14 ci-ncours
3710 565 28 18 de
3756 564 30 18 M.
3804 564 101 19 d'Arkor
3922 569 11 12 *
3952 559 117 25 Rfgoletto
4088 565 11 12 »

3545 586 23 17 et
3585 592 11 11 «
3615 586 110 22 Myosotis
3742 595 20 13 _*>.
3780 598 23 4 —
3822 586 129 20 D:manche
3967 585 19 20 5,
4003 588 29 13 en
4049 586 39 15 ma-

3546 608 68 20 tinée,
3635 609 15 18 à
3672 610 22 17 14
3715 610 30 20 h»,
3768 617 11 10 c
3802 611 30 18 L-e
3855 608 128 21 Marchand
4005 607 28 18 de
4055 606 33 18 Ve-

3546 630 49 18 nise
3613 636 19 16 •*>;
3648 632 20 18 le
3682 633 53 20 soir,
3750 633 15 18 ii
3778 634 25 19 20
3817 634 29 21 h.,
3863 640 12 12 «
3889 630 133 22 Cavallerla
4038 629 60 19 Rus-

3547 653 78 19 t.cana
3642 661 17 13 »,
3678 662 11 10 <•.
3708 656 111 20 Failla.-iSe
3836 664 19 15 »,
3872 662 57 14 avec
3947 657 20 18 le
3983 657 115 17 concours

3546 676 28 18 de
3592 676 29 18 M.
3638 677 131 20 VertenL-ui!
3786 682 23 16 et
3827 687 11 11 «
3855 681 75 19 Rusca
3947 680 113 18 d'Amour
4078 683 19 11 ».

3548 699 73 18 L-undi
3642 700 19 19 <»,
3684 701 15 17 à
3719 702 23 17 'JO
3764 702 29 23 h.,
3814 707 57 15 avec
3893 705 20 17 le
3933 706 114 16 concours
4070 700 28 18 de

3548 722 52 17 Mlle
3615 722 85 21 Ti'agin
3714 725 24 17 et
3751 725 27 18 de
3794 726 30 18 M.
3838 727 99 19 d'Arkor
3953 734 10 11 «
3980 727 34 18 La
4028 723 69 21 FJÛle

3549 744 133 19 Enchantée
3699 757 19 7 „.
3735 756 25 6 -_
3776 747 73 24 Mardi
3864 750 19 21 7,
3899 751 15 17 à
3930 751 24 18 20
3970 750 30 22 h-,
4019 757 11 13 «
4048 748 39 19 Ma-

3547 772 45 14 non
3609 775 19 11 ».

3571 791 87 19 PARC.
3674 802 26 4 —
3713 791 68 20 Jeudi
3799 794 23 17 et
3837 795 115 21 vendredi,
3969 797 60 18 deux
4046 795 41 19 der-

3547 814 75 19 nières
3643 814 22 18 d'
3688 821 10 11 «
3721 814 91 19 Aurélie
3835 822 18 14 ».
3874 817 22 18 la
3919 819 60 22 pièce
4001 819 23 19 la
4045 818 52 24 plus

3547 837 204 19 audacieusement
3765 839 104 22 cumlque
3884 840 28 18 de
3928 841 95 21 l'année,
4038 846 59 15 avec

3548 860 140 23 Marguerite
3703 860 81 23 Plerry
3802 863 23 16 et
3841 863 52 17 toua
3910 863 32 18 les
3960 865 137 23 interprète»

3546 883 27 19 de
3592 883 21 19 la
3631 884 111 18 création.

3571 906 92 21 Samedi
3683 912 10 12 e
3713 907 31 17 La
3764 906 72 19 Dame
3854 906 28 19 de
3898 907 56 19 chez
3971 909 85 21 Maxim
4076 917 19 15 »,

3546 929 20 18 le
3590 929 50 23 plus
3663 929 160 19 étourdissant
3844 930 81 18 succès
3947 931 28 18 de
3996 932 99 24 Georges

3547 952 115 23 Feydcau.
3686 957 57 13 avec
3767 952 19 19 le
3810 953 73 22 grand
3906 953 83 18 art^.te
4012 955 84 20 Marc!

3545 975 79 18 Simon
3643 976 22 17 et
3684 975 22 18 la
3725 975 132 19 ravissante
3875 976 134 18 fantaisiste
4028 977 68 23 Eetty

3547 998 15 19 S
3566 997 50 24 pull,
3644 1003 44 18 que
3714 998 103 18 Londres
3843 1000 23 17 et
3893 999 67 18 Paris
3988 999 109 20 viennent

3546 1021 154 22 d'applaudir.

3571 1043 82 22 Mardi,
3671 1049 28 13 en
3717 1044 107 21 matinée,
3842 1045 184 23 représentation
4043 1046 45 20 offi-

3545 1066 65 19 cielle
3627 1067 27 18 de
3672 1067 22 18 la
3712 1067 244 24 Comédie-Française
3973 1075 11 13 «
4001 1069 32 19 Le
4048 1069 42 22 HjL

3545 1089 64 19 ria-re
3625 1090 28 19 de
3669 1090 85 22 Figaro
3771 1097 19 13 ».

3571 1112 159 20 GALERIES.
3749 1124 26 4 —
3794 1120 10 12 «
3824 1114 34 19 La
3877 1115 96 23 Eanque
3994 1114 73 21 F-fem*
4082 1130 15 12 ta

3544 1135 66 18 créée
3631 1137 14 17 a.
3667 1136 120 19 Bruxelles
3809 1142 42 19 par
3871 1138 78 19 André
3971 1139 70 18 Brûlé
4062 1132 36 25 est

3546 1162 29 14 un
3592 1159 119 23 triomphe.
3727 1160 45 18 Des
3787 1161 226 23 applaudissements
4028 1166 59 14 nour-

3546 1181 32 18 ris
3599 1182 132 22 soulignent
3751 1184 90 23 chaque
3875 1185 45 18 fois
3939 1195 2 9 ,
3954 1185 143 19 l'excellente

3545 1204 175 23 Interprétation
3738 1207 27 18 de
3782 1207 60 19 cette
3856 1208 110 19 comédie.

3570 1227 18 17 II
3607 1228 36 17 est
3661 1229 92 23 rappelé
3771 1234 30 15 au
3820 1231 76 21 public
3914 1236 43 19 que
3976 1231 20 19 le
4015 1232 79 19 rideau

3544 1254 25 14 se
3587 1250 47 18 lève
3649 1251 14 18 k
3679 1252 12 18 5
3706 1252 21 18 h.
3745 1253 23 19 10
3785 1253 107 24 précises.

3570 1273 177 21 ALHAMERA.
3763 1287 24 4 —
3804 1277 62 20 C'est
3883 1278 98 20 demain,
4000 1279 84 19 vendre-

3545 1295 29 21 di,
3597 1301 29 13 ne
3648 1296 6 19 l
3658 1297 94 20 'oubliez
3775 1304 48 18 pas,
3847 1305 43 18 que
3911 1301 109 19 Jeanette
4043 1302 52 18 Mac

3545 1318 89 19 Donald
3654 1320 80 21 donne,
3751 1326 57 15 avec
3827 1323 23 19 la
3867 1324 81 24 troupe
3966 1325 116 18 extraordi-

3545 1342 65 18 naire
3631 1343 38 23 qui
3691 1343 176 26 l'accompagne,
3890 1347 22 18 la
3934 1348 111 22 première
4067 1349 28 16 de

3546 1364 21 18 la
3593 1365 67 19 brève
3682 1367 59 19 série
3764 1368 28 19 de
3815 1369 196 23 représentations
4036 1370 60 17 dans

3545 1387 121 23 lesquelles
3682 1394 30 14 ou
3731 1395 82 18 pourra
3829 1392 23 19 la
3869 1394 50 17 vo;r
3936 1398 27 13 en
3983 1397 113 18 personne

3544 1413 15 17 a
3579 1410 127 20 Eruxelles.
3727 1413 61 19 Pour
3806 1420 124 18 gouverne,
3950 1416 16 18 il
3987 1417 37 16 est
4043 1419 42 19 pru-

3544 1433 55 19 dent
3615 1434 27 19 de
3660 1436 85 18 retenir
3759 1441 39 15 ses
3817 1438 85 23 places.

3570 1457 144 20 MOLIERE.
3732 1470 25 5 —
3775 1468 11 11 r.
3806 1461 23 18 Si
3847 1462 24 17 tu
3890 1465 29 14 ne
3938 1461 65 18 viens
4022 1465 41 18 pas
4081 1461 15 18 i\

3545 1479 138 23 Lagardère,
3702 1482 130 23 Lagardèrc
3851 1484 35 17 ira
3904 1483 15 18 à
3935 1484 33 20 toi
3987 1490 11 12 »
4017 1485 23 18 et
4056 1484 40 19 dix

3544 1503 80 17 autres
3647 1504 113 24 répliques
3783 1506 102 18 célèbres
3909 1508 53 16 sont
3984 1508 112 17 ressusci-

3544 1525 48 18 tées
3609 1530 68 17 grâce
3693 1528 13 17 A
3723 1528 22 18 la
3763 1528 108 19 brillante
3888 1529 87 23 reprise
3991 1530 29 18 du
4036 1530 49 19 célè-

3544 1548 39 18 bre
3600 1548 79 21 drame
3695 1551 28 18 de
3739 1552 59 17 Paul
3815 1552 72 18 Féval
3905 1559 11 11 «
3934 1553 31 18 Le
3983 1553 74 19 Eos.su
4074 1561 19 14 y-,

3544 1573 225 23 remarquablement
3814 1574 53 22 joué
3912 1580 42 18 pur
4000 1576 96 19 Charle<»

3544 1594 116 20 Schauten
3680 1598 23 16 et
3721 1602 29 12 .sa
3771 1597 136 19 nombreuse
3926 1603 144 19 compagnie.

3568 1617 91 22 Samedi
3678 1620 18 22 4,
3714 1620 14 17 à
3747 1620 23 18 14
3787 1620 22 18 h.
3827 1620 31 22 S0,
3878 1622 100 18 matinée
3995 1622 29 19 de
4040 1623 55 22 gala

3544 1644 30 15 au
3598 1641 78 27 profit'
3692 1642 27 18 de
3743 1642 103 20 l'Œuvre
3870 1644 40 18 des
3933 1645 52 22 plus
4008 1646 87 21 grands

3545 1663 93 19 mutilés
3664 1664 27 19 de
3718 1665 117 24 Belgique.
3874 1668 35 17 Au
3950 1672 146 19 programme

3543 1693 11 10 «
3569 1686 94 19 Maman
3680 1694 18 14 »,
3715 1688 12 17 2
3740 1689 72 20 actes,
3829 1689 27 19 de
3872 1690 30 18 M.
3917 1690 41 19 Joé
3974 1691 27 19 de
4016 1692 68 18 Craw-

3542 1709 42 19 hez
3607 1710 123 21 (création)
3752 1718 11 13 «
3783 1712 33 18 La
3834 1712 93 20 Chance
3946 1714 30 18 du
3996 1714 59 20 Mari
4076 1722 18 13 ■».

3543 1732 28 19 de
3593 1732 28 19 d';
3643 1733 66 19 Fiers
3734 1735 21 17 --t
3778 1735 73 19 Cailla
3854 1738 38 17 vet
3915 1737 24 18 et
3961 1737 135 20 Torchestre

3541 1755 52 23 jazz
3610 1756 29 19 du
3658 1763 11 12 «
3687 1757 115 23 Pingouin
3819 1765 19 12 ■».

3568 1778 179 21 CAPUCINES.
3767 1791 26 5 —
3813 1781 63 20 Pour
3895 1783 87 23 rappel,
4001 1784 85 23 aujour-

3541 1801 64 19 d'hui
3622 1802 69 23 jeudi,
3710 1803 112 24 première
3839 1805 31 18 du
3888 1806 129 20 vaudeville
4035 1814 11 11 «
4063 1807 32 19 Le

3543 1824 124 24 Concierge
3686 1827 90 18 revient
3794 1828 29 18 de
3842 1828 61 19 suite
3924 1825 20 24 »,'
3961 1834 57 14 avec
4035 1830 61 19 Jean

3542 1847 76 19 Eadès
3638 1850 24 17 et
3681 1853 38 14 ses
3739 1852 123 17 amusants
3880 1853 146 18 camarades.

3567 1871 206 21 VAUDEVILLE.
3797 1884 26 4 —
3845 1874 133 24 L'imprévu
4002 1876 41 19 des
4065 1877 31 18 si-

3542 1893 111 22 tuation.s,
3676 1895 117 20 l'humour
3827 1899 23 17 et
3873 1898 90 24 l'esprit
3997 1900 63 18 semé
4080 1901 16 18 à

3542 1916 86 23 pleines
3645 1918 77 19 mains
3739 1919 59 20 dans
3813 1924 28 15 ce
3858 1920 114 24 dialogue,
3991 1923 61 21 voilà
4068 1928 26 14 ce

3542 1940 38 21 qui
3598 1941 141 19 caractérise
3759 1949 10 10 f
3789 1943 49 18 Mes
3857 1944 108 20 Femmes
3983 1951 20 13 ».

3567 1962 272 22 FOLIES-BERGERE.
3860 1978 27 4 _
3907 1967 31 20 Ce
3960 1969 54 21 soir,
4035 1969 15 19 à
4071 1968 26 20 20

3542 1984 29 20 h-,
3590 1985 104 19 dernière
3713 1987 27 18 de
3758 1994 11 11 «
3787 1989 125 19 Déserteur
3930 1997 19 14 t>,
3968 1991 80 19 drame
4067 1992 28 18 de

3543 2007 72 18 César
3640 2008 50 18 Van
3717 2009 194 26 Cauwenberghe.
3937 2018 57 15 avec
4019 2015 76 18 Frans

3543 2030 100 20 Courtel,
3681 2034 98 19 premier
3814 2034 47 19 rôle
3896 2036 146 24 dramatique
4065 2038 29 18 du

3544 2052 170 23 Volksgebouw
3739 2055 122 23 d'Anvers,
3888 2059 38 22 qui
3952 2061 144 21 remportera

3543 2078 31 14 un
3592 2076 56 18 beau
3664 2081 81 15 succès
3760 2080 128 22 personnel.
3906 2082 121 22 Vendredi,
4043 2088 40 18 pre-

3543 2102 70 14 mière
3631 2098 28 19 de
3677 2106 11 11 «
3706 2100 51 19 Kon
3775 2106 46 20 nog
3837 2107 29 15 ne
3882 2104 38 20 kie
3937 2105 67 20 lâche
4020 2112 20 15 »,
4057 2111 36 14 re-
4118 2119 4 3 -

3543 2124 43 15 vue
3605 2122 27 18 de
3649 2122 41 19 Jef
3707 2123 85 20 Orban.

3569 2144 48 19 TH.
3639 2146 27 18 R.
3686 2146 156 21 FLAMAND.
3862 2162 26 4 _
3907 2150 21 19 A
3947 2151 25 19 20
3990 2151 30 22 h.,
4041 2152 41 18 der-

3543 2168 62 17 nière
3625 2168 28 18 de
3673 2174 11 13 «
3705 2170 85 19 Robert
3810 2173 23 17 et
3853 2172 115 21 Bertrand
3988 2180 18 15 »,
4028 2175 65 23 pièce

3543 2190 103 22 toujours
3661 2193 104 19 nouvelle
3779 2195 23 18 et
3815 2198 124 17 amusante
3954 2197 67 22 jouée
4035 2201 59 14 avec

3542 2219 11 10 «
3569 2212 21 19 le
3605 2213 76 20 diable
3696 2220 30 14 au
3742 2221 67 19 corps
3827 2227 10 11 »
3855 2220 39 21 qui
3908 2220 110 17 convient
4035 2219 15 18 à
4066 2223 27 15 ce

3541 2235 79 19 drame
3637 2237 92 23 policier
3745 2244 55 14 sans
3818 2240 127 20 détectives
3963 2243 23 16 et
4003 2245 80 15 massa-

3539 2262 59 15 cres.
3615 2260 98 21 Samedi,
3733 2263 111 22 première
3860 2264 27 17 de
3905 2269 11 11 't
3935 2264 33 18 De
3984 2264 47 19 Rat
4048 2271 20 12 ».

3565 2282 247 22 LUNA-THEATER.
3831 2296 25 3 —
3874 2286 89 19 Encore
3981 2287 60 19 deux
4059 2293 24 14 re-

3541 2305 169 23 présentations
3734 2308 27 18 de
3785 2308 22 18 la
3829 2308 138 20 charmante
3990 2310 103 24 opérette

3541 2334 10 12 <r
3569 2328 33 18 De
3620 2329 123 19 Dansende
3761 2330 95 18 Prinses
3874 2338 17 16 »,
3909 2336 57 15 avec
3982 2332 24 20 la
4021 2338 60 15 musi-

3539 2356 44 17 que
3597 2352 28 17 de
3639 2351 35 19 W.
3690 2353 74 19 Kollo,
3780 2355 24 16 et
3818 2353 114 20 défendue
3947 2360 43 19 par
4003 2356 41 19 des
4059 2358 22 18 in-

3541 2374 113 22 terprètes
3676 2375 28 17 do
3724 2379 104 20 marque,
3862 2377 44 19 tels
3940 2383 44 19 que
4015 2379 78 20 Johan

3542 2396 119 21 Meesters,
3688 2397 85 19 Manon
3802 2399 92 21 Latour,
3920 2400 63 20 Frits
4008 2402 85 20 Vaere-

3542 2420 73 21 wyck,
3637 2420 72 21 Adolf
3731 2421 78 20 Denis.
3832 2422 64 19 Rezv
3918 2424 106 22 Norbert.
4048 2427 34 18 Ro-

3542 2442 50 18 bert
3610 2442 82 22 Sonck,
3712 2443 78 20 Victor
3806 2441 100 28 Kieffe*r,
3924 2447 68 20 Orner
4008 2449 75 19 Demi!

3542 2464 56 18 Nico
3615 2464 85 20 Loveu.

3542 2487 42 34 ^h
3582 2492 25 13 ,ot
3604 2492 25 29 i%
3631 2490 9 16 l
3639 2493 23 28 _?
3664 2493 14 13 n
3675 2512 3 9 1
3683 2511 10 10 o
3698 2488 28 20 de
3745 2489 24 20 10
3786 2494 15 19 à
3819 2491 23 19 13
3862 2492 23 19 et
3902 2492 29 20 de
3950 2494 24 19 U
3992 2494 16 19 à
4026 2496 25 18 19
4069 2496 15 18 h
4086 2509 6 6 -

3545 2513 11 14 i.
3561 2513 28 15 el.
3605 2513 63 16 IT.oO.
3672 2513 29 17 13.

3567 2532 109 20 PALAIS
3691 2535 96 20 D*3T3.
3803 2548 24 4 _
3842 2537 20 20 n
3876 2543 16 19 y
3905 2544 58 15 aura
3976 2541 71 22 foule,
4064 2546 29 14 en

3543 2558 100 17 matinée
3661 2561 65 17 aus.si
3746 2559 50 19 r.ien
3814 2561 68 23 qu'en
3901 2562 80 23 soïrée,
3999 2569 27 14 ce
4043 2565 39 21 jeu-

3542 2578 29 20 di,
3588 2583 57 18 ptmr
3659 2581 122 22 appiaudir
3797 2589 11 12 «
3824 2585 44 18 Les
3884 2585 95 20 Cloches
3994 2587 28 19 de
4038 2588 55 18 Cor-

3543 2602 83 18 neville
3647 2609 18 15 »,
3687 2603 23 19 la
3730 2605 51 22 plus
3799 2606 91 21 célèire
3909 2609 41 19 des
3967 2609 125 24 opérettes,

3544 2626 138 21 interprétée
3702 2631 42 19 par
3763 2633 43 15 une
3827 2630 80 24 troupe
3925 2632 29 19 de
3973 2634 52 18 tout
4044 2638 39 16 pre-

3543 2651 57 14 mier
3617 2648 74 19 ordre.
3916 2658 4 5 ■

3568 2670 118 20 SECOND
3708 2673 82 20 GALA
3810 2675 64 20 VAN*
3894 2677 103 21 OXZBX
4016 2679 76 20 TIJD.

3544 2694 86 18 (Johan
3647 2694 28 19 de
3692 2695 119 22 Meester).
3827 2710 26 4 —
3868 2700 73 23 Après
3956 2702 21 19 le
3995 2704 99 20 premier

3542 2716 54 22 gala
3613 2717 28 18 de
3659 2724 11 12 «
3689 2719 27 18 El
3733 2720 98 20 Retablo
3849 2722 27 19 de
3894 2724 76 19 Naese
3987 2725 76 20 Pedro
4081 2733 11 12 »
4128 2721 6 8 '

3545 2743 38 18 qui
3610 2742 40 17 eut
3674 2745 32 15 un
3733 2744 81 18 succès
3841 2747 190 23 extraordinaire,
4072 2750 21 18 ie

3543 2784 24 12 ■™
3569 2767 13 13 c
3584 2767 13 29 2
3597 2763 31 18 nd
3623 2786 24 10 ,„
3660 2765 55 22 gala
3720 2788 15 8 „
3747 2770 59 16 aura
3839 2768 44 20 lieu
3902 2770 21 18 le
3943 2771 12 19 «
3986 2776 72 19 mars,
4078 2774 16 17 A

3542 2786 25 18 il
3584 2786 22 18 h.
3622 2786 30 21 30,
3669 2792 31 14 au
3719 2788 78 20 Palais
3814 2791 40 19 des
3871 2793 155 21 Beaux-Arts.

3568 2809 20 17 A
3607 2809 74 22 partir
3699 2811 171 23 d'aujourd'hui
3894 2816 22 19 Ja
3938 2817 100 20 location
4057 2820 37 18 est

3544 2834 95 16 ouverte
3656 2833 89 24 chaque
3762 2836 60 22 jour,
3839 2838 28 18 de
3884 2839 23 18 11
3924 2839 15 19 à
3956 2841 24 18 17
3995 2841 23 19 h.
4036 2841 58 19 Sera

3543 2853 53 22 joue
3621 2859 6 14 :
3650 2861 12 14 <t
3682 2857 34 18 De
3738 2858 119 21 Médailles
3887 2866 46 14 van
3963 2868 42 14 een
4033 2866 60 18 oude

3544 2877 84 19 Vrouw
3643 2884 19 16 »,
3678 2884 43 18 par
3733 2881 81 20 James
3830 2884 35 19 W.
3882 2885 88 22 Barrie.
3987 2891 56 16 avec
4059 2888 33 19 les

3543 2901 88 20 grands
3647 2903 95 21 artistes
3760 2905 91 21 Willem
3868 2912 47 15 van
3931 2909 41 19 der
3988 2910 60 20 Veer
4065 2916 28 14 en

3543 2922 73 20 Marie
3637 2929 45 14 van
3702 2927 166 22 Westerhoven

3568 2946 38 18 LE
3625 2948 164 22 PHRUCHET
3811 2953 177 22 (Marionnettes
4007 2956 86 23 d'Art),

3544 2971 28 18 lt),
3590 2974 42 15 rue
3650 2971 99 21 Lebeau.
3767 2985 26 5 _
3809 2976 162 24 Aujourd'hui,
3988 2979 16 19 à
4022 2981 23 19 15
4062 2981 23 19 h.

3543 2993 101 19 matmee
3662 2996 128 20 enfantine.
3809 2999 36 18 Au
3866 3004 145 19 programme
4030 3010 11 12 «
4061 2995 31 27 L;i

3543 3015 63 19 Belle
3625 3021 31 14 au
3675 3018 55 19 Bois
3750 3020 114 21 Dormant
3882 3030 12 12 »
3914 3029 44 15 aue
3977 3025 119 20 Monsieur

3544 3038 114 20 Peruchet
3682 3045 106 19 présente
3810 3049 58 15 avec
3892 3043 63 24 toute
3978 3049 23 18 la
4023 3049 72 20 féerie

3543 3064 23 15 et
3586 3064 23 16 la
3630 3064 101 20 richesse
3751 3066 55 19 d*un
3827 3069 51 18 vrai
3898 3072 68 18 conte
3987 3072 29 19 de
4035 3073 59 19 fées.

3542 3084 101 19 Retenez
3660 3090 41 14 vos
3719 3087 78 23 places
3815 3090 29 19 de
3863 3092 24 18 10
3903 3095 15 18 à
3936 3094 24 17 14
3977 3094 24 19 h.

3540 3112 19 16 *
3562 3113 243 25 ****«*#-***•*
3808 3119 38 22 *«
3849 3120 59 21 *-s»
3909 3112 102 34 «éèèé
4013 3123 19 17 »
4033 3115 61 29 '*_*...

3618 3174 285 69 THEATRE
3942 3180 75 65 DE

3622 3270 395 73 L'ÀLHAMBRA

3620 3356 385 49 UIHIIIIIHIUIIIHIIlill

3576 3448 239 61 VENDREDI
3854 3454 29 57 3
3922 3452 141 61 MARS

3577 3535 28 33 ei
3614 3546 68 32 pour
3690 3532 133 47 quelques
3828 3537 73 43 jours
3908 3533 154 41 seulement

2997 3773 111 20 AGORA.
3121 3783 25 5 —
3158 3771 59 19 Jean
3231 3769 84 22 Murât,
3330 3769 96 19 Charles
3439 3768 81 23 Boyer,

2973 3796 96 19 Danièle
3085 3795 84 20 Parola
3189 3794 8 11 a
3200 3798 43 15 ans
3260 3799 11 13 «
3287 3793 18 19 I.
3322 3793 27 19 F.
3366 3794 11 17 1
3392 3797 29 15 ne
3437 3791 84 24 répond

2973 3820 51 24 plus
3042 3826 19 12 ».
3078 3831 24 5 —
3117 3818 102 21 Enfants
3236 3821 46 15 non
3298 3817 85 19 admis.

2997 3843 112 20 CAMEO.
3127 3852 26 5 —
3172 3840 71 20 Greta
3262 3839 84 22 Garbo,
3365 3840 62 19 Joan
3446 3839 73 19 Craw-

2973 3866 11 19 t
3011 3866 21 22 <i,
3047 3866 61 19 John
3124 3865 23 19 et
3163 3864 78 19 Lionel
3257 3863 147 23 Barrymore,
3419 3861 103 20 Wallace

2974 3890 80 22 Beery,
3076 3888 75 19 Lewis
3172 3887 70 19 Stone
3263 3886 59 19 dans
3344 3892 12 13 «
3378 3886 79 19 Grand
3476 3885 36 19 Hô-

2973 3913 33 19 tel
3024 3918 20 13 ».
3062 3922 26 5 —
3107 3911 102 19 Enfants
3228 3914 46 15 non
3295 3910 82 19 admis.

2998 3935 157 20 CAPITOLE.
3175 3945 27 5 —
3234 3934 103 19 Maurice
3358 3932 122 20 Chevalier
3500 3933 23 17 et

2973 3959 108 19 Jeanette
3099 3958 53 19 Yac
3168 3957 91 19 Donald
3277 3957 59 19 dans
3355 3964 11 13 «
3385 3957 50 19 Une
3453 3955 70 19 heure

2974 3982 53 25 près
3040 3982 27 18 de
3081 3982 9 10 *
3105 3984 6 18 l
3127 3987 20 13 ».
3160 3991 26 5 —
3199 3980 103 19 Enfants
3317 3984 46 15 non
3377 3979 84 19 admis.

2998 4004 120 21 CINE^C
3132 4014 25 5 —
3173 4010 12 13 «
3200 4003 34 19 La
3250 4003 106 19 Machine
3370 4003 16 19 à
3399 4002 87 19 refaire
3502 4002 20 18 la

2973 4029 36 19 vie
3024 4034 11 13 »
3050 4028 23 19 et
3087 4027 34 20 les
3136 4027 51 23 plus
3202 4027 105 19 récentes
3320 4026 125 20 actualités
3458 4030 55 15 mon-

2975 4052 79 19 diales.
3075 4061 25 5 —
3120 4050 64 19 Enfa
3200 4051 23 18 ts
3243 4050 83 19 admis.
3356 4065 3 3 .

3000 4074 265 21 CINE-RESIDEr-CE.
3289 4086 26 4 _
3351 4073 129 19 Ouverture
3504 4072 20 19 le

2974 4098 12 19 3
3007 4102 63 15 mars
3093 4097 110 24 prochain
3228 4101 7 15 :
3256 4096 100 25 Brigitte
3376 4096 69 20 Heim
3465 4096 58 19 dans

2975 4128 12 13 c
3003 4121 32 19 Le
3051 4120 98 19 Danube
3166 4120 53 20 bleu
3237 4126 19 13 ».

2997 4144 162 19 COLISEUM.
3160 4154 27 5 —
3202 4149 12 13 «
3230 4143 97 20 Criez-le
3342 4147 41 15 sur
3399 4142 33 19 les
3446 4142 77 19 toits».

3023 4167 148 22 ARIVAUX.
3189 4176 26 6 —
3243 4166 165 24 Aquistapace,
3440 4165 84 18 Bervai

2975 4190 23 20 et
3017 4190 90 19 Jeanne
3128 4190 75 19 Boltel
3235 4189 59 20 dans
3327 4195 11 13 «
3359 4188 93 19 Maurin
3484 4187 40 19 des

2975 4214 93 18 Maures
3089 4219 19 16 »,
3130 4212 92 24 d'après
3241 4213 60 19 Jean
3319 4211 94 20 Alcard.
3434 4222 24 4 —
3478 4210 36 19 En-

2975 4237 65 18 fants
3056 4240 46 15 non
3119 4236 84 19 admis.

3000 4259 191 20 ?IETROPOLE.
3206 4269 26 6 —
3245 4258 70 20 Louis
3329 4258 92 21 Jouvet,
3437 4257 86 22 Pauley

2975 4284 24 18 et
3021 4283 94 23 Edwige
3139 4282 113 19 Feuillère
3274 4282 59 19 dans
3357 4287 11 13 «
3391 4281 90 22 Topaze
3505 4287 19 14 »,

2975 4306 28 19 de
3017 4306 86 19 Marcel
3118 4306 96 24 Pagnol.
3227 4317 26 5 —
3267 4304 101 19 Enfants
3382 4308 45 14 non
3441 4304 83 18 admis.

3000 4328 151 23 MONNAIE;-
3174 4339 27 5 —
3223 4327 102 20 Armand
3362 4327 104 18 Bernard
3503 4327 23 18 et

2974 4352 90 19 Jeanne
3079 4352 76 19 Boitel
3169 4352 59 19 dans
3244 4358 11 13 «
3269 4350 191 22 Conduisez-moi,
3476 4350 38 18 Ma-

2976 4376 67 18 dame
3061 4381 20 13 ».
3099 4386 26 5 —
3142 4375 102 19 Enfants
3262 4374 82 19 admis.

3000 4398 103 20 PATHE
3139 4398 127 19 PAL^E.
3301 4408 25 5 —
3361 4397 164 24 Aquistapace,

2976 4421 84 20 Bervai
3080 4422 24 19 et
3122 4422 89 19 Jeanne
3230 4420 74 20 Boitel
3324 4420 58 19 dans
3403 4427 11 12 «
3434 4420 92 19 Maurin

2976 4445 40 18 des
3038 4445 94 19 Maures
3153 4451 19 15 »,
3193 4443 92 25 d'après
3305 4443 59 20 Jean
3386 4444 94 19 Aicard.
3502 4453 22 4 —

2976 4468 103 19 Enfants
3096 4473 46 14 non
3159 4468 83 19 admis.

3000 4491 106 20 PLAZA.
3122 4503 23 4 —
3157 4491 60 19 Jean
3231 4490 85 23 Murât,
3332 4490 96 19 Charles
3443 4491 82 22 Boyer,

2975 4514 97 20 Danièle
3088 4514 85 19 Parola
3189 4514 58 19 dans
3264 4520 11 13 «
3291 4513 19 19 I.
3326 4514 27 18 F.
3370 4514 11 19 1
3396 4518 29 15 ne
3440 4513 87 25 répond

2975 4538 54 23 plus
3050 4543 19 14 ».
3090 4548 25 5 —
3135 4537 103 19 Enfants
3258 4541 46 14 non
3324 4537 84 19 admis.

3001 4560 128 24 QUFEN'S
3149 4560 90 20 HALL.
3259 4571 26 5 —
3318 4560 100 24 Brigltta
3450 4560 77 21 Heim,

2976 4584 78 19 Pierre
3095 4583 124 22 Blanchar,
3253 4583 60 20 Jean
3347 4583 88 24 Angelo
3469 4584 58 18 dans

2977 4614 11 12 «
3024 4620 6 5 .
3038 4606 120 20 Atlantide
3180 4614 19 15 »,
3223 4606 34 22 de.
3273 4606 82 20 Pabst.
3376 4617 26 6 —
3424 4607 103 19 Enfants

2976 4635 45 14 n--n
3038 4630 83 19 admis.

3001 4653 103 19 SCALA.
3125 4663 26 6 —
3170 4653 110 19 Marcelle
3300 4653 86 19 Romée
3406 4654 24 19 et
3449 4654 78 22 Harry

2976 4677 77 18 Bauer
3069 4676 59 19 dans
3146 4683 11 12 «
3174 4677 32 18 Le
3224 4677 49 24 Cap
3289 4677 70 23 perdu
3377 4683 19 15 »,
3413 4677 114 18 d'Ewald.

2976 4699 78 19 André
3072 4699 101 24 Dupont.
3192 4710 26 5 —
3236 4700 103 19 Enfants
3357 4704 45 15 non
3420 4700 83 19 admis.
3511 4705 9 7 •*

3001 4723 121 19 SELECT.
3138 4733 25 5 —
3175 4723 63 20 Fate
3253 4723 35 19 dr
3297 4723 67 23 Nagy
3381 4724 23 18 et
3419 4723 108 19 Ternand

2977 4745 92 24 Gravey
3088 4746 59 18 r'ars
3167 4753 12 13 <
3198 4747 21 18 A
3238 4747 45 19 moi
3303 4746 20 19 le
3343 4747 58 22 Jour,
3421 4747 14 18 à
3455 4747 33 18 toi
3506 4747 21 18 la

2977 4768 51 20 nuit
3048 4775 19 12 ».
3086 4780 27 5 —
3132 4769 103 22 Enfants
3254 4769 83 19 admis.
3367 4786 9 5 ,

3002 4792 118 20 STUDIO.
3145 4803 26 5 —
3194 4793 32 19 Le
3251 4793 74 22 grand
3350 4792 81 19 succès
3456 4798 12 14 «
3492 4793 36 19 Au

2976 4815 51 19 delà
3042 4816 30 18 du
3088 4816 61 19 Rhin
3164 4822 20 13 ».
3199 4826 26 5 —
3239 4815 103 19 Enfants
3358 4820 46 14 non
3420 4815 75 20 admis

3002 4838 153 20 VICTORIA.
3180 4850 24 4 —
3239 4839 103 19 Armand
3378 4839 104 19 Bernard
3506 4840 23 18 et

2976 4862 90 20 Jeanne
3081 4862 74 19 Boitel
3170 4862 59 19 dans
3245 4868 11 13 «
3263 4858 200 26 'Conduisez-moi,
3480 4862 38 19 Ma-

2977 4885 68 21 dame
3062 4891 20 13 ».
3099 4895 26 6 —
3143 4885 103 19 Enfants
3264 4885 83 19 admis.

3583 3944 25 20 la
3624 3945 54 24 plus
3695 3944 93 22 célèbre
3805 3945 98 20 vedette
3921 3946 29 20 de
3969 3945 97 22 cinéma

3739 3991 29 15 en
3787 3990 119 20 personne

3636 4031 59 16 avec
3708 4030 47 17 une
3768 4026 85 24 troupe
3866 4026 147 21 formidable

3597 4065 161 26 interprétera
3777 4071 41 16 ees
3839 4066 123 21 meilleurs
3984 4067 69 20 films

3546 4096 13 18 B

3546 4122 553 22 »$-V«»V»»»*»fV*TV*»V»VVV-.^>

3550 4151 179 38 TABLEAU
3755 4151 73 38 DES
3850 4151 249 41 SPESï£CLES

3713 4202 92 19 JEUDI
3823 4201 12 19 2
3853 4202 83 18 MARS

3548 4231 115 19 Monnaie.
3680 4242 25 4 —
3723 4232 24 19 20
3764 4231 23 19 h.
3809 4236 6 13 :
3835 4237 11 13 «
3865 4231 34 19 La
3917 4231 112 19 Traviata
4047 4237 11 12 »
4077 4230 25 19 et

3574 4260 11 12 «
3604 4254 105 23 Taglioni
3727 4255 57 18 chez
3802 4254 101 19 Musette
3923 4261 19 12 ».

3549 4277 68 19 Parc.
3634 4287 25 4 —
3676 4277 25 20 20
3716 4277 24 19 h.
3757 4277 26 19 30
3802 4283 5 13 :
3828 4284 11 12 «
3856 4277 93 19 Aurélie
3967 4283 19 13 s.

3550 4301 135 18 Galeries.—
3700 4301 25 19 20
3737 4301 23 18 h.
3775 4301 23 19 15
3815 4305 6 14 :
3836 4301 47 20 «La
3896 4301 97 23 Banque
4007 4300 94 18 Nemo».

3550 4324 135 19 ALhambra.
3702 4335 23 4 —
3741 4324 108 19 Relâche.

3550 4347 101 19 Molière.
3666 4358 24 4 —
3705 4347 24 19 20
3743 4347 23 19 h.
3781 4347 25 19 30
3818 4352 6 14 :
3841 4353 12 13 «
3862 4347 32 19 Le
3908 4347 76 18 Bcssu
3993 4352 20 13 ».

3550 4371 143 18 Vaudeville.
3710 4382 26 5 —
3754 4370 24 19 23
3796 4371 22 18 h.
3837 4371 34 18 30:
3892 4370 62 19 «Mes
3973 4370 124 18 Femmes».

3551 4395 137 21 Capucines.
3704 4404 26 5 —
3745 4394 25 18 20
3787 4394 23 18 h.
3827 4393 26 19 30
3872 4397 6 15 :
3897 4400 12 12 «
3927 4395 32 18 Le
3976 4391 122 20 Concierge

3574 4418 91 19 revient
3686 4417 28 19 de
3735 4416 62 19 suite
3819 4424 19 12 ».

3551 4440 40 18 Fol
3593 4440 91 18 ics-Ber
3685 4444 61 18 gère.
3764 4449 23 5 —
3804 4439 24 19 20
3843 4439 23 19 h.
3887 4443 6 14 :
3911 4445 12 12 «
3941 4437 120 20 Déserteur
4077 4440 21 14 ».

3551 4463 100 19 Tàêâtre
3665 4464 75 21 Royal
3753 4463 123 18 Flamand.
3891 4473 23 5 —
3929 4462 24 19 20
3966 4462 21 17 h.
4004 4463 7 14 :
4025 4464 12 12 «
4052 4457 36 19 Ro-

3576 4486 51 19 bert
3646 4490 29 14 en
3696 4486 113 19 Bertrand
3830 4493 19 11 >•.

3551 4510 186 18 Luna-Theater.
3752 4519 25 5 —
3793 4509 25 19 20
3833 4509 23 18 h.
3877 4513 6 14 :
3900 4514 12 13 «
3928 4504 171 24 De^Dansande

3575 4532 96 19 Prinses
3690 4538 20 13 ».

3552 4556 79 18 Palais
3651 4556 76 18 d'Eté.
3746 4566 25 5 —
3791 4556 24 18 15
3833 4555 23 19 h.
3877 4554 22 19 15
3917 4552 22 18 et
3957 4550 24 19 20
3999 4550 24 19 h.
4044 4551 25 19 30
4092 4556 7 15 :

3577 4584 12 12 «
3609 4578 45 19 Les
3676 4578 95 19 Cloches
3791 4579 28 18 de
3839 4574 124 23 Corïleville
3983 4581 20 13 ».
4086 4584 9 9 >

3552 4601 32 19 Le
3604 4601 122 19 Pérnchct.
3744 4611 25 5 —
3790 4602 24 18 15
3832 4601 21 18 h.
3876 4605 6 14 :
3901 4603 10 12 «
3931 4596 33 19 La
3985 4597 63 19 Beî'.e
4068 4602 32 14 au

3575 4628 32 15 au
3626 4624 55 19 Bois
3700 4624 114 19 Dormant
3832 4630 19 11 »■

3769 4647 105 21 ••<*.£■♦'-

3567 4676 69 39 LA
3664 4676 93 38 VIE
3783 4672 297 41 MILITAIRE

3578 4751 47 20 Les
3643 4752 98 20 ateliers
3760 4750 27 19 de
3804 4746 123 22 broderies
3947 4748 42 21 des
4005 4748 84 27 spécia-

3550 4777 68 21 listes
3636 4778 32 20 du
3685 4778 37 20 bel
3738 4774 125 21 uniforme,
3880 4773 175 27 Heïdenbergh
4070 4775 27 20 et

3550 4803 49 24 Cie,
3625 4803 68 21 19-21.
3717 4806 41 16 rue
3781 4799 156 25 Duqueanoy,
3963 4801 134 23 Bruxelles,

3550 4829 89 21 livrent
3654 4828 48 22 très
3716 4824 152 25 rapidement
3885 4825 34 23 las
3936 4825 115 22 écussor.i3
4067 4827 29 20 da

3551 4850 302 29 capitaine-ccoimandant
3867 4852 24 20 et
3908 4855 54 18 tout
3976 4854 71 19 autre
4062 4853 25 20 in-

3550 4881 68 24 signe
3636 4878 77 22 brodé.
3729 4886 27 4 —
3775 4875 47 22 (C.)

125 4998 32 23 fil
173 5003 15 17 «
202 4998 96 23 Nation
312 4998 78 27 Belge
405 5004 14 15 »
435 4998 35 22 du
485 4998 15 22 2
514 5002 71 18 mars
600 4997 68 22 1933.

121 5060 56 71 Le
223 5059 126 71 Récif
386 5077 85 53 aux
511 5059 158 71 Etoiles

157 5158 54 30 par
227 5149 35 32 H.
277 5149 34 33 de
324 5149 92 33 VERE
430 5148 201 33 STACP00LE

127 5201 88 22 Roman
229 5200 82 23 traduit
327 5200 27 23 de
368 5200 95 26 l'anglais
480 5202 38 24 par
533 5195 26 27 L.
574 5197 95 25 POSTIl

160 5257 22 25 Il
199 5264 30 18 en
245 5256 72 31 palpa
332 5256 25 25 la
373 5263 88 24 paume
478 5255 80 25 ferme
573 5259 25 21 et
615 5262 42 17 sen-

126 5289 33 26 tit
183 5289 37 26 les
244 5288 83 31 doigts
352 5296 26 17 se
404 5288 122 26 refermer
551 5295 44 18 sur
620 5294 45 19 son

128 5330 79 24 pouce
224 5322 63 25 dans
304 5322 25 24 la
346 5322 55 30 plus
418 5321 130 25 délicieuse
567 5320 104 26 étreinte

126 5355 34 26 du
172 5355 96 25 monde.

160 5388 23 24 Il
204 5387 81 25 savait
304 5386 88 32 qu'elle
410 5386 86 25 l'avait
517 5386 65 26 suivi
601 5389 69 22 toute

126 5421 26 24 la
167 5420 112 31 journée,
294 5419 87 32 qu'elle
395 5418 61 26 était
471 5418 84 27 entrée
571 5419 62 26 dans
647 5418 24 25 le

127 5452 142 32 labyrinthe
285 5460 32 17 au
335 5451 82 31 risque
432 5452 31 25 de
481 5459 28 18 sa
524 5459 91 24 propre
630 5451 42 26 vie

129 5493 64 24 pour
212 5492 100 23 essayer
330 5484 30 26 de
379 5485 24 24 le
422 5492 97 22 sauver,
538 5484 88 31 qu'elle
646 5491 26 18 se

128 5518 114 26 trouvait
265 5517 155 25 maintenant
444 5520 55 22 tout
523 5516 68 26 aussi
606 5524 66 27 ,per-

129 5552 48 25 due
197 5558 48 24 que
265 5550 35 25 lui
319 5554 25 21 et
362 5557 48 24 que
427 5549 27 25 la
471 5553 67 22 mort
557 5557 27 17 se
604 5543 68 32 âres-

128 5584 50 25 sait
202 5582 175 26 littéralement
401 5582 131 25 au-dessus
556 5582 83 26 d'eux.

163 5616 74 26 Cette
254 5614 90 32 pensée
360 5622 32 17 ne
407 5614 148 32 l'inquiétait
572 5622 53 24 pas,
640 5620 33 19 ou

128 5648 34 26 du
178 5649 82 25 moins
274 5646 148 32 l'inquiétait
436 5647 68 25 aussi
517 5654 48 25 peu
580 5646 93 32 qu'elle.

128 5682 38 26 La
178 5681 132 32 puissance
322 5680 31 25 de
364 5680 105 24 l'amour
481 5683 38 22 est
530 5679 21 26 si
562 5684 102 21 extraor-

128 5715 98 26 dinaire
238 5722 48 23 que
299 5714 25 24 la
336 5716 74 25 mort,
423 5712 17 25 à
450 5711 80 26 moins
542 5713 87 30 qu'elle
642 5720 31 18 ne

128 5748 102 32 signifie
242 5747 25 26 la
281 5745 149 32 séparation,
444 5744 41 26 n'a
497 5752 96 18 aucune
604 5745 70 26 force

128 5785 88 22 contre
229 5779 43 30 lui,
285 5778 64 27 mais
363 5777 99 26 devient
474 5778 25 25 la
511 5777 75 32 petite
600 5778 74 26 chose

128 5814 89 32 qu'elle
237 5816 38 23 est
296 5819 31 18 en
348 5810 96 30 réalité,
463 5814 56 21 tout
537 5818 95 18 comme
651 5812 23 25 le

128 5845 151 33 mille-pieds
293 5842 100 28 devient
407 5842 79 32 pareil
501 5842 16 25 à
530 5850 49 18 une
591 5843 84 26 feuille

129 5880 75 26 sèche
224 5877 85 34 quand
346 5876 18 25 il
402 5883 17 18 a
439 5883 59 24 reçu
518 5875 25 26 le
562 5883 63 25 coup
645 5876 30 26 de

129 5914 84 31 grâce.
272 5923 18 26 *.,

729 4996 109 26 Tillman
856 4995 41 31 qui
915 4993 69 27 avait
1001 4993 48 26 fini
1066 4992 31 26 de
1115 4992 80 28 diner,
1213 4997 27 19 se

696 5029 45 27 mit
764 5029 16 25 à
803 5028 159 32 questionner
986 5026 94 31 Chaya.
1103 5024 55 27 Elle
1204 5021 37 28 lui

696 5062 105 27 décrivit
821 5069 28 18 sa
867 5068 88 18 course
973 5059 146 31 vagabonde
1138 5058 63 25 dans
1218 5057 22 24 le

696 5096 87 26 dédale
802 5094 114 32 épineux.
935 5092 55 27 Elle
1009 5092 41 31 n'y
1070 5091 60 26 était
1150 5089 91 33 jamais

695 5137 81 17 venue
791 5130 162 29 auparavant,
966 5125 95 25 évitant
1073 5124 116 31 toujours
1202 5127 40 20 cet

697 5161 97 26 endroit
818 5159 154 32 fhystérieux
995 5158 42 31 qui
1061 5157 93 32 passait
1178 5162 63 26 pour

696 5194 83 26 hanté.

731 5228 72 25 Cette
839 5225 142 32 réputation
1017 5223 131 32 provenait
1184 5229 58 18 sans

697 5260 75 26 doute
792 5260 33 25 du
843 5259 48 25 fait
911 5266 47 23 que
978 5257 116 32 quelques
1113 5255 128 31 indigènes

696 5301 17 23 y
727 5293 93 26 étaient
834 5291 83 27 entrés
933 5295 24 21 et
971 5290 58 26 n'en
1044 5288 92 26 étaient
1150 5288 92 32 jamais

698 5334 105 17 revenus
825 5325 44 25 Un
894 5325 30 25 de
948 5331 39 19 ses
1011 5330 72 18 noms
1105 5329 31 18 en
1161 5328 81 25 papou

696 5358 62 26 était
773 5359 25 25 le
814 5358 64 27 Lieu
894 5358 32 25 de
943 5356 149 31 Confusion.

736 5399 14 18 «
767 5391 42 26 Un
824 5399 60 17 nom
898 5390 58 26 bien
972 5389 87 30 choisi,
1075 5388 36 26 dit
1126 5387 116 25 Tillman.

698 5424 67 25 Mais
777 5431 63 18 vous
852 5424 63 25 dites
927 5430 47 24 que
986 5422 114 25 l'homme
1113 5428 33 18 au
1158 5424 73 22 caout-

698 5457 79 25 chouc
792 5465 36 23 y.
825 5461 37 21 est
878 5464 65 18 venu
958 5456 122 32 plusieurs
1096 5454 64 30 fois;
1176 5461 55 18 com-

698 5493 68 21 ment
783 5497 26 18 se
828 5489 78 26 fait-il
922 5489 58 32 qu'il
997 5488 36 26 ait
1049 5495 81 19 connu
1148 5494 29 18 ce
1192 5486 50 25 lieu

699 5529 71 18 assez
790 5521 58 27 bien
869 5530 64 23 pour
954 5529 63 18 nous
1038 5529 17 24 y
1076 5520 120 26 conduire
1218 5523 24 23 et

700 5554 142 32 s'échapper
862 5554 143 26 lui-même?

732 5600 32 5 —
781 5587 128 26 Peut-être
927 5587 67 26 est-il
1013 5595 81 18 connu
1113 5587 42 25 des
1172 5593 57 18 mau-

699 5618 56 27 vais
770 5620 106 29 esprits?
892 5620 108 31 suggéra
1016 5619 94 32 Chaya.

733 5664 33 6 —
787 5647 61 30 Cela
869 5660 31 18 ne
921 5653 173 26 m'étonnerait
1125 5660 51 24 pas,
1206 5652 36 25 dit

700 5682 115 27 Tillman.
830 5685 22 25 Il
867 5689 37 22 est
916 5692 72 22 Assez
1001 5693 81 18 connu
1098 5686 33 25 du
1146 5686 51 31 gin,
1212 5693 30 17 en

701 5720 54 22 tout
773 5724 50 18 cas.
842 5716 48 30 Oh,
908 5718 25 25 le
951 5718 96 31 putois!
1067 5719 24 25 si
1108 5718 91 32 jamais
1216 5718 27 32 je

701 5749 35 25 lui
753 5754 62 20 mets
832 5749 25 26 la
872 5749 68 26 main
957 5751 101 26 dessus!

733 5795 33 6 —
785 5781 36 27 Ce
842 5789 43 18 sur
903 5783 58 30 quoi
980 5783 26 32 je
1025 5792 66 18 veux
1110 5788 88 22 mettre
1218 5785 25 24 la

701 5814 74 30 main,
788 5814 36 27 dit
838 5814 69 30 Hull,
921 5815 41 30 qui
976 5816 84 27 venait
1073 5817 129 26 d'allumer
1216 5825 27 17 sa

701 5847 64 31 pipe,
783 5855 29 17 ce
830 5852 55 20 sont
904 5856 38 16 ses
958 5848 104 27 favoris.
1079 5850 30 31 Je
1124 5850 119 26 voudrais

702 5878 52 27 être
771 5880 63 25 assis
851 5880 223 27 confortablement
1091 5890 43 18 sur
1149 5883 26 25 la
1191 5882 41 32 poi-

702 5911 66 26 trine
792 5912 30 25 de
846 5920 29 18 ce
899 5913 140 30 gaillard-là
1064 5918 25 22 et
1113 5914 131 27 m'amuser

1269 4997 61 18 avec
1348 4997 39 18 ses
1406 4987 104 26 favoris.
1528 4988 30 30 Je
1575 4995 32 17 ne
1639 4993 40 18 me
1696 4983 118 27 servirais

1268 5023 70 31 point
1356 5022 31 25 de
1406 5021 94 25 rasoir:
1520 5028 48 17 une
1587 5019 70 32 paire
1676 5019 30 24 de
1725 5017 88 31 petites

1268 5056 84 31 pinces
1375 5063 40 17 me
1438 5054 121 26 suffirait.
1582 5053 31 31 Je
1638 5052 117 25 vo.*.J.^.s
1779 5050 33 25 lui

1268 5089 81 30 parler
1363 5088 62 25 dans
1438 5087 36 25 les
1490 5086 143 26 intervalles
1647 5092 94 18 comme
1757 5082 54 27 foui

1268 5122 37 25 les
1321 5120 125 26 barbiers:
1465 5120 36 25 lui
1520 5123 112 21 montrer
1650 5118 95 31 chaque
1764 5116 48 32 poil

1269 5154 15 25 à
1302 5161 97 18 mesure
1418 5161 47 23 que
1483 5153 27 31 je
1530 5151 134 30 l'arrache;
1683 5150 131 31 n'importe

1268 5187 50 32 qui,
1338 5186 116 26 désireux
1475 5185 31 26 de
1526 5186 24 24 le
1570 5185 103 30 scalper,
1695 5183 75 25 serait
1790 5183 23 24 le

1268 5220 137 29 bienvenu;
1419 5227 63 23 pour
1494 5218 49 25 moi
1556 5218 26 31 je
1596 5226 38 17 me
1648 5216 166 26 contenterais

1269 5253 30 25 de
1315 5261 39 17 ses
1368 5252 102 26 favoris.

1301 5306 33 6 —
1352 5292 21 25 Il
1393 5300 32 17 ne
1443 5291 36 26 lui
1498 5295 96 22 restera
1613 5290 75 32 guère
1708 5290 30 25 de
1758 5289 44 25 che-

1269 5333 67 17 veux
1358 5325 21 25 si
1392 5325 101 31 "jamais
1515 5332 63 17 nous
1601 5324 154 31 l'attrapons,
1779 5322 36 25 dit

1270 5356 115 28 Tillman.
1410 5358 36 25 Ce
1469 5358 42 31 qui
1534 5365 39 17 me
1596 5357 94 25 révolte
1713 5357 24 24 le
1760 5356 54 31 plus

1270 5392 59 24 c'est
1352 5399 47 23 que
1422 5391 51 24 très
1497 5391 185 30 probablement
1705 5390 30 25 ils
1759 5394 54 20 sont

1270 5432 30 17 en
1316 5431 29 18 ce
1361 5428 109 21 moment
1487 5423 15 26 à
1519 5424 25 24 la
1561 5423 119 28 cachette,
1699 5424 115 23 creusant

1270 5464 95 18 comme
1378 5457 43 25 des
1434 5461 58 21 rats.
1505 5456 70 29 Hull,
1587 5456 27 31 je
1626 5463 33 18 ne
1671 5462 63 19 vous
1747 5462 31 18 en
1790 5454 23 25 ai

1270 5490 91 30 jamais
1376 5490 54 25 rien
1446 5490 37 25 dit
1497 5492 163 29 auparavant,
1675 5488 63 26 mais
1754 5495 62 18 vous

1270 5530 63 18 vous
1354 5522 112 32 rappelez
1488 5530 28 18 ce
1538 5522 77 25 vieux
1635 5521 88 26 navire
1744 5520 70 26 brûlé

1271 5563 47 24 que
1337 5555 138 31 Houghton
1494 5560 24 21 et
1536 5555 50 25 moi
1603 5563 64 17 nous
1685 5561 78 18 avons
1782 5560 33 19 vu

1270 5589 61 25 dans
1346 5588 23 25 le
1383 5588 74 31 lagon
1470 5592 24 22 et
1508 5588 60 25 dont
1582 5596 63 17 nous
1660 5595 62 18 vous
1737 5594 77 18 avons

1270 5621 68 32 parlé
1344 5621 12 26 ?

1303 5668 32 6 —
1347 5653 58 32 Oui,
1419 5653 49 31 oui,
1482 5653 112 31 réppndit
1607 5653 68 26 Hull.
1689 5652 39 27 Eh
1740 5652 57 26 bien
1804 5652 11 25 ?

1303 5700 33 7 —
1356 5687 39 27 Eh
1416 5686 66 30 bien,
1504 5686 27 32 je
1554 5686 66 26 crois
1641 5694 47 24 que
1711 5685 59 26 c'est
1791 5686 23 25 le

1274 5719 176 32 Tcrsclielliug.

1303 5767 32 5 —
1353 5753 35 26 Le
1407 5753 88 25 navire
1513 5761 32 17 au
1564 5752 97 26 trésor?

1303 5799 33 6 —
1349 5786 108 25 Celui-là
1471 5785 87 26 même.

1283 5845 6 7 _
1302 5832 34 6 —
1350 5818 68 26 Mais
1432 5819 23 25 le
1471 5819 86 25 navire
1572 5827 31 17 au
1619 5819 81 25 trésor
1715 5819 41 25 n'a
1771 5826 44 24 pas

1272 5851 38 25 été
1334 5851 78 29 brûlé,
1437 5851 99 32 objecta
1561 5852 70 29 Hull,
1657 5852 59 25 Mac
1741 5852 74 25 disait

1272 5884 57 31 qu'il
1347 5884 69 25 avait
1433 5884 39 25 été
1488 5885 71 24 coulé
1576 5893 31 16 au
1626 5885 140 31 mouillage.

1304 5929 32 7 —
1359 5916 22 26 Il
1405 5916 109 27 mentait.
1539 5917 36 26 Le
1598 5917 95 30 navire,
1739 5921 77 22 avant

1841 4985 76 26 d'être
1932 4986 71 24 coulé
2018 4993 15 17 a
2049 4985 39 25 été
2103 4985 120 32 incendié,
2237 4984 71 27 brûlé
2323 4991 61 18 avec

1842 5021 53 22 tout
1914 5026 44 18 son
1976 5019 127 30 équipage.
2122 5028 14 14 »

1869 5051 67 25 .Hull
1958 5051 112 25 réfléchit
2090 5059 34 18 un
2144 5052 100 30 instant,
2266 5051 54 32 puis
2341 5050 34 25 s'é-

1842 5084 65 25 cria:

1879 5125 14 15 «
1917 5117 66 25 Mais
2005 5122 123 21 comment
2149 5118 81 26 diaWe
2250 5119 46 24 l'or
2318 5117 65 25 a-t-il

1842 5149 39 26 été
1900 5150 76 25 caché
1994 5158 32 18 au
2043 5151 63 25 bord
2124 5152 33 25 du
2176 5152 124 26 fleuve?...

1875 5195 32 7 —
1925 5183 35 26 Ce
1978 5184 63 26 n'est
2059 5192 45 23 pas
2121 5193 32 17 au
2171 5179 62 32 Bord
2252 5184 32 25 du
2303 5182 82 27 fleuA

1841 5217 57 31 qu'il
1916 5225 15 17 a
1948 5217 39 25 été
2004 5218 83 28 caché,
2102 5218 63 25 mais
2171 5218 67 32 'près
2254 5218 32 24 du
2303 5217 82 30 lagon,

1842 5251 102 31 quelque
1965 5255 57 26 part
2043 5259 42 17 sur
2106 5252 25 24 la
2150 5252 82 31 berge.
2253 5251 131 29 Macquart

1842 5290 62 19 nous
1923 5292 16 16 a
1957 5287 56 22 tous
2033 5285 99 24 amenés
2151 5293 31 17 em
2200 5288 84 22 amont
2302 5280 53 28 sut/
2363 5283 23 24 le

1843 5316 84 26 fieuve
1946 5325 63 22 pour
2028 5321 102 21 trouver
2150 5325 33 17 un
2201 5325 89 23 moyen
2310 5316 30 24 de
2359 5323 26 17 se

1841 5349 160 26 débarrasser
2019 5350 30 25 de
2065 5358 70 17 nous.
2155 5350 20 25 Il
2192 5350 112 32 pourrait
2322 5349 65 24 faire

1843 5383 75 24 sortir
1935 5383 23 25 le
1974 5383 163 25 Barracouda
2155 5389 61 20 avec
2233 5383 85 31 Jacky.

1874 5435 25 6 —
1898 5436 14 9 »
1922 5422 48 29 Oh,
1986 5423 24 25 le
2026 5423 89 30 coquin
2124 5423 6 24 !
2148 5423 69 26 »'-*dit
2233 5423 68 25 Hull.

1877 5455 36 26 La
1928 5455 154 25 modération
2098 5456 31 25 de
2145 5456 43 30 sofa
2204 5457 105 30 langage
2325 5454 50 27 indi-

1843 5488 69 31 quait
1929 5488 15 25 à
1963 5489 79 30 quelle
2061 5489 154 30 profondeur
2234 5490 16 25 il
2269 5488 60 26 était
2349 5496 26 17 re-

1843 5521 64 30 mué,
1925 5521 147 25 au-dessous
2106 5522 31 25 de
2170 5525 57 23 tous
2246 5523 35 24 les
2298 5523 88 30 jurons

1843 5554 127 31 possibles.

1880 5594 14 17 «
1909 5587 21 24 Il
1941 5595 17 23 y
1970 5595 15 17 a
1997 5595 48 17 une
2058 5588 161 31 consolation,
2233 5589 35 25 dit
2281 5587 93 32 Hough-

1843 5623 51 25 ton,
1914 5620 103 31 puisque
2035 5628 64 18 nous
2120 5629 79 19 avons
2219 5622 87 31 Chaya
2326 5628 61 18 avec

1843 5660 70 18 nous.
1933 5653 83 26 Wiart
2035 5662 57 17 sera
2112 5655 125 26 sûrement
2257 5654 66 26 occis
2342 5661 46 24 par

1844 5686 133 31 Macquart
1993 5687 51 25 s'ils
2060 5688 148 26 réussissent
2222 5688 15 25 à
2253 5688 65 25 faire
2336 5695 41 17 sor-

1844 5719 33 25 tir
1895 5720 23 24 le
1936 5720 170 26 Barracouda.
2124 5721 48 26 Les
2192 5722 64 25 seuls
2275 5720 41 32 qui
2337 5721 49 25 s'en

1844 5753 104 25 tireront
1973 5753 99 26 vivants
2098 5756 84 24 seront
2207 5754 132 31 Macquart
2364 5758 24 21 et

1844 5786 86 31 Jacky,
1956 5790 24 22 et
1995 5788 3 6 '
2006 5794 90 18 encore
2121 5788 99 24 celui-ci
2245 5795 101 24 passera
2363 5785 23 27 'à

1844 5827 43 17 son
1911 5824 57 20 tour
1991 5827 47 18 une
2063 5820 50 25 fois
2135 5828 45 18 son
2202 5825 96 26 compte
2321 5820 66 32 réglé

1844 5852 15 25 à
1883 5853 107 31 Sydney.
2012 5853 55 31 J'en
2090 5854 51 24 suis
2163 5854 55 25 bien
2242 5854 145 28 convaincu,

1844 5886 132 32 Macquart
1991 5887 63 24 n'est
2070 5894 43 23 pas
2130 5895 34 17 un
2180 5887 95 29 démon,
2291 5886 62 25 c'est
2365 5887 23 24 le

1845 5919 80 25 diable
1944 5927 29 17 en
1991 5927 128 23 personne.

2443 4999 32 6 —
2491 4986 48 29 Oh,
2554 4987 48 24 bon
2619 4987 65 24 Dieu
2693 4987 6 24 !
2714 4986 77 31 gémit
2806 4985 69 30 Hull,
2890 4992 55 17 com-

2411 5026 39 18 me
2467 5020 37 25 s'il
2522 5020 68 25 avait
2608 5027 48 17 une
2674 5027 99 23 crampe
2791 5019 15 24 à
2823 5019 132 26 l'estomac,

2412 5052 53 25 dire
2481 5061 47 23 que
2545 5060 26 18 ce
2588 5053 94 31 type-là
2699 5058 37 20 est
2752 5060 30 17 en
2799 5053 66 24 train
2883 5052 30 25 de
2930 5058 26 19 se

2413 5086 100 30 remplir
2533 5086 36 25 les
2589 5084 98 33 poches'
2699 5086 107 30 pendant
2827 5093 45 23 que
2894 5093 63 17 nous

2413 5121 96 22 restons
2526 5120 24 23 là
2568 5119 139 30 incapables
2724 5119 30 24 de
2771 5119 68 24 lever
2856 5119 22 24 le
2897 5118 59 31 petit

2413 5151 69 31 doigt
2504 5160 63 23 pour
2612 5152 48 25 l'en
2706 5151 136 32 empêcher.
2866 5153 91 23 A-t-on

2412 5184 91 30 jamais
2524 5186 106 24 entendu
2652 5185 74 25 chose
2747 5185 100 31 pareille
2876 5185 5 23 !
2925 5184 32 25 Et

2413 5225 62 17 nous
2491 5226 60 17 avec
2567 5218 36 25 les
2620 5218 72 25 fusils
2708 5223 23 20 et
2747 5218 35 24 les
2798 5218 119 31 pistolets,
2935 5222 22 20 et

2415 5258 49 17 eux
2482 5259 57 17 sans
2557 5259 81 17 armes
2647 5251 6 25 1

2445 5310 33 6 —
2500 5297 60 28 Cela
2583 5306 63 17 nous
2669 5303 97 20 montre
2788 5299 30 24 de
2841 5298 57 32 quoi
2921 5304 36 19 est

2415 5331 101 29 capable
2542 5331 23 25 la
2592 5331 135 30 fourberie,
2753 5331 37 25 dit
2816 5331 139 32 Hcugliton

2414 5362 56 25 d'un
2490 5364 39 24 air
2547 5364 99 29 sévère;
2665 5365 53 24 cela
2736 5372 63 17 nous
2817 5372 93 24 prouve
2930 5372 28 17 ce

2413 5396 73 31 qu'un
2503 5397 51 25 seul
2570 5397 135 31 chenapan,
2721 5406 30 16 en
2767 5398 151 31 complotant
2934 5402 24 19 et

2414 5432 76 21 t;iant
2502 5430 42 24 des
2557 5431 78 30 plans,
2648 5436 57 25 peut
2719 5430 66 25 faire
2799 5438 85 17 concre
2897 5429 61 26 trois

2414 5461 109 27 hommes
2536 5464 41 30 qui
2590 5468 42 20 ont
2645 5464 40 30 agi
2698 5467 139 21 sottement.
2850 5463 35 26 Ce
2897 5464 61 24 n'est

2413 5502 45 22 pas
2473 5499 54 21 tant
2543 5496 15 25 à
2573 5504 70 21 vous,
2660 5497 69 28 Hull,
2747 5497 56 29 qu'à
2818 5496 141 25 moi-même

2414 5532 23 19 et
2450 5527 15 25 à
2477 5527 106 27 Tillman
2597 5538 47 22 que
2657 5537 28 17 ce
2698 5530 119 31 reproche
2831 5530 127 25 s'adresse.

2414 5560 72 25 Nous
2503 5562 182 31 soupçonnions
2702 5570 28 18 ce
2746 5562 92 31 type-là
2856 5567 24 20 et
2896 5570 64 18 nous

2414 5593 102 26 aurions
2537 5595 33 24 dû
2591 5595 128 25 l'attacher
2740 5601 75 19 avant
2839 5596 29 25 de
2889 5596 70 24 ver.ir

2415 5626 43 25 ici.
2477 5626 85 30 Enfin,
2583 5628 25 25 la
2629 5629 72 25 chose
2723 5633 38 21 est
2781 5629 69 29 faite,
2873 5628 86 26 inutile

2416 5659 30 25 de
2462 5660 152 26 récriminer.
2630 5662 20 24 Il
2667 5669 31 17 ne
2713 5669 63 17 nous
2791 5667 64 21 reste
2872 5661 88 32 qu'une

2415 5692 93 26 chance
2530 5695 98 30 unique,
2671 5695 60 25 celle
2753 5695 30 25 dc
2806 5695 74 25 sortir
2903 5692 54 26 d'ici

2416 5731 76 20 avant
2506 5734 46 23 que
2567 5727 58 25 Mac
2641 5727 49 26 s'en
2706 5728 56 25 aille
2777 5735 61 17 avec
2852 5728 22 24 le
2887 5725 73 32 yatvl,

2447 5786 33 6 —
2496 5773 57 28 Oui.
2570 5774 34 26 dit
2621 5773 106 27 Tillman
2745 5783 29 17 en
2792 5777 116 23 secouant
2923 5772 35 24 les

2416 5806 103 26 cendres
2536 5808 30 25 de
2583 5815 27 17 sa
2629 5808 63 31 pipe.
2709 5807 33 26 Et
2759 5814 62 17 nous
2840 5811 30 19 ne
2888 5811 69 23 pour

2416 5848 58 17 rons
2490 5840 53 25 rien
2558 5841 63 25 faire
2637 5841 19 25 si
2672 5848 62 17 nous
2749 5847 31 17 ne
2796 5845 103 18 sommes
2914 5843 43 24 pas

2417 5873 63 25 frais
2496 5879 25 20 et
2538 5874 90 31 dispos.
2646 5881 15 16 »
2779 5892 9 17 ,

2449 5921 21 24 Il
2487 5921 82 30 bâilla,
2586 5920 83 25 s'étira
2686 5923 24 20 et
2726 5917 133 31 s'allongea
2877 5924 42 17 sur
2935 5916 23 25 le

2985 4985 44 29 sol,
3048 4993 32 17 au
3097 4985 61 25 bout
3177 4984 72 25 d'une
3269 4983 94 25 minute
3384 4991 33 17 un
3437 4983 93 26 souffle

2984 5018 109 31 profond
3110 5025 113 23 annonça
3241 5017 57 31 qu'il
3317 5016 114 25 dormait.

3018 5051 60 24 Hull
3096 5058 31 17 ne
3143 5051 72 24 tarda
3231 5050 76 31 guère
3324 5050 15 24 à
3356 5057 30 17 en
3405 5049 65 25 faire
3486 5056 30 16 au-

2984 5088 62 24 tant,
3066 5084 94 24 couché
3179 5091 43 18 sur
3242 5084 23 23 le
3285 5087 88 20 ventre
3393 5088 23 19 et
3437 5083 24 24 la
3480 5081 48 24 tête

2986 5120 115 28 reposant
3119 5124 43 17 sur
3179 5124 45 17 son
3242 5116 85 25 coude.

3020 5150 137 30 Houghton
3185 5157 25 17 se
3236 5153 92 21 tourna
3352 5156 57 17 vers
3435 5147 90 28 Chaya.

2988 5182 50 26 Son
3057 5183 87 30 visage
3162 5182 60 25 était
3241 5187 55 20 tout
3312 5182 57 31 près
3386 5181 32 24 du
3437 5180 48 24 sien
3504 5182 23 18 et

2985 5216 15 25 à
3020 5217 24 24 la
3064 5224 81 21 vague
3164 5215 77 25 clarté
3259 5215 31 25 de
3310 5216 24 24 la
3353 5215 54 24 lune
3426 5210 99 26 tamisée

2986 5256 46 24 par
3050 5249 36 25 les
3104 5249 114 25 buissons
3236 5248 108 31 d'épines
3362 5251 23 20 et
3403 5246 34 22 les
3455 5244 60 23 bran-

2986 5283 58 23 ches
3067 5282 110 24 d'arbres
3200 5290 38 17 ses
3260 5280 92 31 grands
3372 5284 64 24 yeux
3458 5275 68 24 noirs

2986 5316 22 23 le
3024 5315 113 25 fixaient.

3021 5354 64 26 S.-ins
3099 5354 72 25 avoir
3184 5353 90 32 jamais
3290 5348 107 31 échangé
3412 5348 22 23 le
3448 5347 66 24 moin-

2987 5387 44 25 dre
3047 5393 50 18 mot
3114 5387 118 28 d'amour,
3249 5385 29 24 ils
3295 5381 107 26 s'étaKnt
3421 5386 53 19 tout
3491 5379 35 26 dit

2987 5420 49 25 l'un
3055 5421 126 31 àj'nrtre.

3217 5480 76 26 XXV

3199 5544 115 27 MITOU
3321 5530 11 21 :

3011 5571 4 39 j

3020 5615 35 25 Ils
3071 5611 160 28 s'éveillèrent
3249 5610 14 26 à
3279 5610 113 26 l'aurore.

3022 5654 92 29 Chaya,
3133 5651 40 31 qui
3194 5650 80 25 s'était
3294 5650 126 25 endormie
3438 5650 24 25 la
3480 5651 49 26 tête

2985 5687 72 31 posée
3073 5693 41 16 sur
3130 5684 101 30 l'épaule
3238 5684 37 24 -de
3289 5684 146 30 Houghton,
3450 5684 39 25 fut
3505 5687 23 22 la

2986 5718 119 32 première
3127 5717 15 25 à
3165 5717 127 25 s'éveiller.
3316 5717 138 31 Houghton
3476 5718 41 26 n'a-

2985 5751 52 25 vait
3054 5758 44 23 pas
3115 5750 79 28 fermé
3210 5750 65 25 l'oeil.
3292 5750 36 26 La
3345 5755 85 20 tenant
3447 5751 82 26 serrée

2985 5792 46 23 par
3052 5784 23 24 la
3096 5783 74 29 taille,
3192 5783 123 31 respirant
3335 5784 23 24 le
3379 5783 99 31 parfum
3500 5785 30 24 de

2985 5825 39 16 ses
3038 5817 120 28 cheveux,
3172 5816 16 25 il
3202 5824 32 17 ne
3246 5816 107 25 dormait
3365 5824 52 24 pas,
3431 5817 16 25 il
3461 5818 67 25 avait

2985 5850 22 25 le
3016 5852 6 5 '
3029 5849 58 25 rêvé
3107 5850 30 24 de
3157 5857 28 18 sa
3203 5849 47 25 vie.

3019 5882 53 27 Elle
3097 5890 83 18 remua
3207 5883 112 28 soudain,
3343 5883 56 25 leva
3422 5883 24 26 la
3471 5884 57 30 tête,

2986 5920 101 28 aperçut
3106 5916 138 32 Houghton
3264 5921 31 26 ct,
3313 5916 217 32 instinctivement,

3559 4983 21 23 le
3602 4979 67 26 saisit
3689 4985 45 23 par
3756 4977 22 25 !e
3798 4979 58 26 bras
3878 4988 95 17 comme
3994 4987 63 24 pour
4077 4980 24 24 le

3558 5018 127 25 repousser
3707 5011 51 24 loin
3780 5011 94 28 d'elle...
3896 5013 63 25 mais
3981 5021 28 17 ce
4031 5017 69 27 geste

3557 5055 29 15 ne
3606 5045 61 23 dura
3688 5043 74 31 qu'un
3783 5046 101 26 instant.
3905 5047 53 32 Les,
3975 5046 126 25 dernières

3556 5085 79 17 traces
3657 5077 32 24 du
3712 5080 111 24 sommeil
3848 5080 190 28 s'évanouirent,
4061 5086 40 23 se$

3554 5117 64 23 yeux
3635 5110 104 29 perdant
3757 5112 54 25 leur
3829 5114 145 30 expression
3992 5120 109 23 sauvage

3554 5149 23 17 et
3592 5143 97 29 égarée,
3705 5144 214 32 s-'humanisèrent,
3936 5146 166 25 s'adoucirent

3554 5182 24 17 et
3600 5176 166 30 rayonnèrent
3788 5180 119 25 d'amour.

3589 5209 54 25 Elle
3666 5218 32 17 ne
3722 5214 154 24 ressemblait
3906 5213 54 31 plus
3991 5212 15 25 à
4038 5216 64 21 cette

3555 5241 86 32 Chaya
3654 5251 48 22 que
3717 5245 87 26 faisait
3819 5248 49 23 rire
3881 5247 23 24 la
3918 5246 99 24 bataille
4032 5251 70 20 entre

3554 5276 23 23 le
3599 5277 115 31 scorpion
3736 5284 33 20 et'
3783 5282 21 22 le
3825 5280 155 31 mille-pieds,
4001 5280 15 23 à
4038 5284 64 19 cette

3554 5308 87 31 Chaya
3658 5311 43 29 qui
3717 5312 85 25 l'avait
3820 5313 101 25 conduit
3939 5313 88 24 l'autre
4043 5313 58 29 jour

3555 5341 15 24 à
3587 5342 24 24 la
3628 5340 84 30 lisière
3729 5346 31 25 de
3778 5347 26 23 la
3821 5346 65 25 forêt
3903 5353 63 24 pour
3983 5346 119 24 s'amuser

3554 5374 15 24 à
3589 5375 35 24 lui
3646 5377 131 32 échapper,
3797 5380 26 24 ni
3845 5380 78 24 même
3944 5380 15 23 à
3979 5379 60 24 celle
4059 5377 42 31 qui

3555 5408 36 25 les
3613 5409 91 27 suivait
3725 5413 55 24 hier
3810 5420 61 17 avec
3901 5413 64 30 Saji,
3987 5412 115 30 ignorant

3555 5441 62 25 dans
3636 5450 45 18 son
3699 5452 70 18 cceur
3787 5447 24 23 la
3829 5446 69 24 vraie
3918 5453 74 17 cause
4009 5446 30 23 de
4056 5451 46 18 son

3556 5476 135 26 attraction
3713 5486 58 17 vers
3795 5478 145 31 Houghton.

3591 5514 70 27 Celle
3688 5518 188 31 d'aujourd'hui
3902 5519 60 24 était
3987 5525 34 17 un
4048 5517 54 25 être

3555 5554 124 25 nouveau,
3699 5559 48 17 une
3768 5552 91 24 femme
3879 5551 139 28 délicieuse,
4039 5551 65 25 tiède

3557 5586 25 18 et
3602 5582 109 27 vivante.
3733 5584 36 26 La
3789 5592 150 23 sauvagesse
3960 5585 81 25 s'était
4062 5591 31 18 en-

3556 5613 130 28 tièrement
3703 5616 128 30 évanouie,
3848 5618 63 24 mais
3928 5619 24 23 la
3969 5617 88 25 beauté
4074 5618 31 24 de

3556 5647 25 24 la
3605 5651 149 30 sauvagerie
3777 5650 127 26 subsistait
3926 5656 26 19 et
3975 5651 91 30 prêtait
4089 5650 16 25 à

3557 5680 25 24 la
3601 5680 92 28 femme
3711 5691 48 17 une
3778 5683 149 26 fascination
3948 5685 113 30 suprême
4080 5687 25 21 et

3559 5713 196 29 indéfinissable.

3595 5762 14 15 «
3626 5755 94 32 Chaya,
3736 5764 129 18 murmura
3879 5756 139 32 Houghton
4034 5765 31 18 en
4080 5757 25 25 la

3557 5793 114 24 pressant
3694 5794 86 21 contre
3801 5790 43 26 lui.
3865 5794 68 22 toute
3956 5799 40 16 ma
4018 5791 40 25 vie
4079 5790 27 32 je

3557 5827 62 18 vous
3638 5821 25 25 ai
3683 5823 124 25 attendue.
3828 5822 180 32 Ecoutez-moi,
4028 5827 77 22 avant

3557 5860 47 24 que
3627 5854 36 25 les
3685 5859 85 21 autres
3793 5856 149 26 s'éveillent:
3966 5865 63 17 vous
4052 5857 53 26 êtes

3558 5885 15 25 à
3591 5887 51 25 moi
3662 5893 24 20 et
3703 5887 93 33 jamais
3812 5889 29 32 je
3859 5897 32 18 ue
3910 5897 63 18 vous
3991 5889 114 26 laisserai

3556 5920 88 31 partir.
3657 5927 47 18 *-.
3911 5923 37 31 (A
3964 5925 104 28 sutvrt.)

4304 2126 26 21 m

1002 6088 3 3 '

1785 6072 8 18 i

1807 6121 3 12 -,

2575 6123 11 20 v
