4077 5760
45 180 132 52 UNE
195 167 378 63 CÉRÉMONIE

129 244 359 62 FRANCO-BELGE

123 357 44 34 AU
186 353 68 34 MUR
278 349 56 34 DES
357 342 143 40 FUSILLÉS

214 401 23 32 A
256 396 147 35 TOURNAI

89 478 39 33 EN
147 472 181 37 L'HONNEUR
349 471 59 34 DES
428 464 108 43 HÉROS

111 524 42 33 DE
172 523 39 32 LA
231 520 132 33 GRANDE
385 520 130 35 GUERRE

66 582 109 24 Tournai.
190 580 26 23 M
233 579 54 22 niai.
304 589 28 6 —
348 579 33 23 Le
398 580 92 24 Comité
508 582 64 23 Fran-

43 614 48 22 çais
103 610 31 21 du
147 606 110 23 Souvenir
270 609 31 18 en
315 604 125 24 l'honneur
453 607 42 22 dea
509 608 63 22 Fran-

43 641 48 21 çais
110 634 88 23 fusUles
215 631 16 23 k
250 631 113 25 Tournai,
383 637 16 18 a
418 634 110 25 organisé
548 635 25 21 di-

44 661 103 23 manche.
162 663 30 17 *n
209 658 132 22 coiuiexlon
358 662 57 19 aveo
433 658 21 24 la
472 660 114 23 Souvenir

43 684 168 25 Franco-Belge
235 684 25 22 et
283 683 164 25 l'Association
470 686 42 23 des
535 687 40 22 Pri-

41 712 105 21 sonnier,
180 709 134 26 PoUtique»,
336 714 48 19 une
407 712 180 23 manifestation

42 739 137 28 patriotique
198 735 89 23 devant
306 735 22 25 le
348 737 57 22 Mur
422 737 43 23 des
484 739 104 24 Fusillés,

41 760 14 24 i,
70 764 22 21 1*
106 762 102 21 Caserne
223 761 80 23 Baron
317 762 105 24 Général
437 764 107 27 Ruquoy,
557 765 32 23 du

40 788 22 21 V
79 786 115 26 régiment
211 787 30 24 da
257 788 126 24 chasseur*
399 789 16 23 à
431 791 62 27 pied.

66 814 68 21 Cette
151 812 133 25 cérémonie
302 820 15 17 a
334 814 39 24 été
390 816 112 28 précédée
520 817 69 23 d'une

41 839 120 25 réceptlw
175 839 42 23 des
231 841 116 22 autorités
361 841 15 23 à
391 841 80 24 l'hôtel
487 843 28 23 de
531 843 60 23 ville,

40 865 30 21 où
87 865 32 21 M.
135 864 23 23 le
174 865 162 27 bourgmestre
353 868 63 22 Asou
432 873 14 17 a
463 868 46 23 fait
526 869 64 22 l'hls-

40 891 91 26 tortqua
146 891 43 22 des
205 892 58 23 faits
279 893 40 26 qui
335 895 43 21 ont
395 894 83 24 amené
495 895 23 22 la
534 899 44 17 con-

42 916 141 24 damnation
196 919 15 21 tt
225 921 62 20 mort
300 919 42 23 des
353 919 71 23 héros
437 920 76 22 David
526 921 53 22 Mar-

43 944 46 22 tin.
96 943 35 22 De
139 943 258 25 Carvln.Doscattolres
422 946 158 26 Jean-Baptis-

42 968 32 24 te,
92 971 26 21 at
136 969 113 24 WarteUe
268 971 111 26 Georges,
396 972 30 21 de
445 972 147 24 Templeuve.

44 995 67 22 Flore
127 996 106 24 Lacroix,
248 996 86 27 épouse
350 997 126 24 Lafrance;
494 996 85 24 Georgi-

43 1025 34 18 na
98 1022 85 23 Danel.
204 1021 85 27 épouse
311 1023 107 25 Bossuyt)
442 1022 73 22 Henri
537 1021 54 22 Cal-

45 1048 57 23 gnet
115 1048 24 21 et
152 1048 104 25 Georges
269 1049 81 24 Remy,
362 1049 29 21 de
404 1048 107 23 Nomaln,
524 1046 55 22 fusil-

45 1073 35 21 lés
95 1078 30 16 en
143 1074 50 20 1917
210 1075 23 20 ct
249 1074 22 21 le
286 1075 71 24 jeune
373 1074 140 21 Roubaisien
530 1072 61 20 Léon

46 1099 95 21 Marlot.
156 1098 79 21 tombé
251 1099 21 21 le
288 1099 26 21 33
330 1099 75 25 JuUlet
424 1099 50 21 1918
489 1102 54 17 sous
559 1095 32 22 les

46 1123 73 20 b.i'.'.<-s
133 1124 29 20 do
177 1124 169 22 l'envahisseur
359 1124 15 22 tt
388 1124 58 25 l'Age
461 1124 28 21 de
505 1122 23 21 17
543 1125 49 17 ans.

73 1149 64 20 Nous
151 1148 96 24 devons,
261 1154 14 16 a
291 1150 35 21 dlt
341 1151 32 21 M.
387 1151 69 22 Asou,
470 1149 73 20 rester
557 1146 22 20 vi-

45 1173 88 23 gilants
152 1175 26 19 et
198 1178 31 17 ne
249 1174 105 26 négliger
375 1179 90 18 aucune
485 1171 107 23 occasion

45 1201 61 20 pour
120 1198 130 23 maintenir
264 1201 25 21 ct
304 1205 113 16 resserrer
432 1200 33 20 les
480 1198 58 21 liens
553 1195 38 25 qui

44 1227 62 17 nous
123 1224 109 22 unissent
250 1225 82 23 contre
350 1224 109 23 l'ennemi
477 1225 114 19 commun.

72 1249 33 22 M.
121 1249 22 24 le
159 1250 123 22 conseiller
297 1251 80 27 Lusyr,
392 1247 162 28 représentant
570 1246 21 20 le

44 1273 81 25 préfet
138 1274 33 24 du
183 1276 71 23 Nord,
266 1276 70 26 après
347 1275 34 23 les
393 1272 199 26 congratulations

46 1299 95 26 d'usage
155 1306 15 16 a
184 1301 78 22 exalté
276 1302 23 21 la
314 1300 148 23 communion
475 1298 29 21 de
517 1296 61 21 senti-

46 1327 80 20 ments
143 1326 41 22 des
201 1327 62 21 deux
279 1326 106 22 contrées
402 1324 38 25 qui
457 1321 133 25 organisent

46 1350 93 27 chaque
152 1352 77 22 année
243 1357 26 19 ce
283 1351 130 29 pèlerinage
427 1348 31 22 du
472 1347 120 21 Souvenir.

73 1377 23 22 Il
111 1382 17 17 a
142 1378 47 21 mis
204 1383 31 17 en
251 1377 66 22 relief
332 1376 24 22 la
372 1375 66 23 leçon
453 1373 40 25 qui
508 1377 26 16 se
550 1371 29 22 dé-

47 1405 60 22 gage
142 1403 42 22 des
219 1403 59 21 faits
300 1402 28 21 de
351 1403 81 22 guerre
454 1400 25 20 et
502 1397 91 26 d'après

48 1432 83 20 guerre
148 1430 24 20 et
188 1428 121 22 démontre
325 1430 43 21 que
384 1422 96 23 l'amitié
496 1423 96 21 franco-

47 1453 68 26 belge
127 1454 39 25 qui
179 1459 13 16 a
205 1453 48 25 pris
264 1457 37 16 ses
312 1451 91 21 racines
415 1449 60 21 dans
488 1448 22 22 la
523 1452 57 21 guer-

48 1483 26 18 re
91 1479 79 22 devait
186 1482 95 18 amener
297 1477 34 20 les
347 1476 106 20 hommes
470 1474 29 22 de
516 1474 77 21 bonne

48 1503 95 23 volonté
161 1503 15 22 à
196 1501 119 23 travaiUer
333 1504 60 22 pour
411 1500 24 21 la
455 1499 139 22 rénovation

49 1529 128 22 matérielle
199 1528 42 20 des
263 1527 61 21 deux
347 1530 58 21 pays
427 1525 26 22 ct
476 1525 118 27 l'élolgne-

49 1555 65 20 ment
128 1553 32 21 du
174 1554 90 24 spectre
280 1551 28 22 de
322 1551 24 21 la
361 1550 115 22 barbarie.

74 1580 21 19 A
114 1578 76 21 l'issue
209 1577 29 22 de
258 1578 24 21 la
301 1576 127 25 réception,
447 1577 34 21 les
500 1576 81 26 déléga-

47 1603 63 21 tions
124 1603 29 21 de
167 1603 78 21 toutes
259 1602 35 22 les
307 1601 99 23 sociétés
420 1602 29 21 de
463 1602 25 22 la
502 1603 54 22 ville
571 1603 25 22 et

47 1629 34 21 les
97 1628 145 25 délégations
258 1627 152 23 nombreuses
425 1628 43 22 des
483 1628 114 26 Français

47 1655 43 21 ont
105 1653 76 23 formé
195 1658 35 18 un
245 1655 119 24 imposant
379 1653 93 25 cortège
488 1654 47 26 qui.
550 1659 47 17 aux

47 1684 56 17 sons
124 1679 152 23 entraînants
297 1679 29 23 de
347 1679 25 22 la
392 1676 108 30 musique
520 1679 34 24 du
574 1681 22 20 3*

48 1706 131 22 chasseurs,
197 1705 56 22 s'est
271 1705 76 23 rendu
366 1711 15 16 a
399 1705 25 22 la
442 1706 105 21 Caserne
566 1707 32 22 du

49 1731 104 22 Général
171 1732 81 21 Baron
272 1732 107 25 Ruquoy,
399 1731 31 22 où
450 1736 25 18 se
495 1731 104 25 déroula,

49 1756 54 23 face
121 1762 33 18 au
172 1758 56 21 Mur
246 1757 43 22 des
307 1756 106 26 Fusillés,
432 1761 47 18 une
499 1757 87 27 Impres-

50 1783 126 22 sionnante
198 1781 131 24 cérémonie
363 1788 32 17 en
428 1783 110 22 souvenir
559 1783 41 22 des

51 1808 71 22 héros
135 1808 106 26 français
256 1808 92 22 fusillés
363 1808 15 22 à
392 1809 112 21 Tournai.

77 1835 37 23 De
134 1834 153 22 nombreuses
308 1834 75 21 fleurs
404 1835 44 21 ont
468 1834 87 26 Jonché
576 1835 25 22 la

51 1859 57 23 base
122 1860 33 22 du
169 1859 124 23 mémorial
305 1862 25 20 et
344 1860 42 21 des
400 1860 104 22 discours
519 1860 82 22 furent

51 1885 134 25 prononcés
204 1890 34 18 au
269 1890 58 17 nom
361 1885 42 22 des
436 1886 165 25 groupements

52 1911 114 25 français.

79 1937 35 21 M.
129 1937 186 23 Desnret-Potte,
330 1936 87 26 député
431 1936 32 22 du
478 1937 71 23 Nord,
564 1941 25 17 se-

53 1962 100 22 crétaire
171 1962 30 22 de
218 1963 23 21 la
260 1962 119 22 Chambre
397 1962 41 21 des
456 1961 98 26 députés
573 1962 28 21 de

53 1988 98 23 France,
167 1993 14 16 a
196 1987 78 22 exalté
288 1987 132 21 l'héroïsme
435 1987 29 21 de
480 1992 38 16 ces
532 1987 70 21 héros

54 2013 91 25 parfois
159 2012 100 26 ignorés,
275 2013 108 24 toujours
398 2013 109 20 humbles
522 2013 25 21 et
562 2013 39 23 qui

54 2039 108 20 meurent
180 2038 21 21 si
218 2037 163 22 vaillamment
398 2042 60 21 pour
475 2037 52 22 leur
544 2042 58 19 pays

54 2068 25 17 et
94 2062 66 22 salué
176 2063 24 20 la
217 2062 58 21 fière
292 2062 119 25 Belgique,
426 2067 66 16 sœur
508 2060 93 23 cadette

53 2088 29 21 de
98 2088 23 20 la
137 2088 97 20 Frence.

79 2112 87 21 Maitre
186 2112 109 25 Philippe
314 2112 65 23 Kah.
399 2112 33 21 du
451 2112 101 21 barreau
573 2112 28 21 de

52 2137 66 24 LiUe,
135 2136 125 23 secrétaire
279 2136 97 27 général
393 2137 34 21 du
446 2138 92 21 Comité
569 2137 32 21 du

51 2163 123 22 Souvenir,
206 2162 69 25 après
308 2162 66 21 avoir
406 2162 130 22 remémoré
568 2162 34 21 les

53 2188 72 22 hauts
140 2188 58 21 faits
214 2188 42 21 des
270 2188 103 21 martyrs
387 2187 93 22 tombés
495 2187 15 22 tt
525 2187 64 21 Tour-

54 2214 42 22 nai
109 2218 55 18 sous
176 2213 35 22 les
224 2213 74 22 baUes
312 2213 142 21 criminelles
468 2213 29 22 de
511 2212 77 22 l'enne-

52 2240 42 22 mi,
112 2244 15 17 a
145 2238 118 27 proclamé
281 2243 44 21 que
344 2238 24 21 la
386 2239 91 20 France
496 2243 31 18 ne
545 2239 56 25 peut

54 2266 64 21 vivre
134 2270 57 16 sans
206 2264 24 22 la
246 2264 111 25 Belgique
375 2264 69 21 amie.

81 2291 38 21 En
139 2290 137 24 terminant.
296 2290 36 20 M-
353 2289 57 22 Kah
431 2289 56 22 s'est
509 2288 61 23 écrié
595 2294 6 16 :

57 2325 10 10 «
88 2317 40 21 On
144 2318 58 24 peut
218 2316 53 21 tuer
288 2315 42 22 des
348 2315 114 23 hommes,
481 2315 42 21 des
540 2315 50 21 fem-

57 2347 57 17 mes,
127 2342 41 22 des
182 2341 104 24 enfants,
298 2345 33 18 on
342 2345 32 17 ne
388 2342 58 25 peut
459 2340 61 22 faire
534 2345 56 17 mou-

57 2369 34 21 rir
105 2368 34 22 les
153 2367 63 22 idées
231 2375 19 14 ..

83 2394 34 20 M.
140 2394 95 23 Carton,
269 2390 122 28 président
420 2391 33 23 du
489 2392 115 21 Souvenir

57 2418 174 25 Franco-Belge
248 2418 29 21 de
294 2417 113 24 Tournai,
423 2417 66 24 avait
506 2418 98 25 apporté

58 2444 139 25 l'hommage
212 2444 29 21 de
255 2448 45 17 son
313 2444 164 25 groupement,
490 2444 42 25 qui
546 2443 58 22 était

57 2469 149 25 l'expression
227 2469 30 22 de
278 2469 25 21 la
325 2469 141 26 population
487 2469 118 22 Tournai-

58 2495 81 23 sienne
154 2496 53 21 tout
222 2494 97 23 entière.

165 2556 39 29 LE
226 2551 111 35 CHÊNE
362 2556 147 30 BARTHOU

234 2611 20 29 A
272 2610 166 30 BELGRADE

88 2683 124 26 Belgrade,
227 2683 27 21 26
271 2681 57 24 mal.
341 2693 30 7 —
385 2683 111 22 L'amiral
512 2683 97 24 Mouget

61 2710 27 21 et
107 2710 35 21 les
160 2709 107 21 officiers
296 2709 31 21 de
358 2709 111 21 l'escadre
490 2709 118 24 française

61 2736 45 20 ont
122 2734 91 23 assisté,
229 2739 27 17 ce
271 2735 85 22 matin,
372 2739 32 18 au
420 2739 57 20 parc
493 2734 30 21 de
539 2734 68 21 Kali-

62 2761 110 25 megdan,
189 2761 54 21 face
260 2760 15 21 à
292 2761 25 20 la
333 2759 107 23 nouveUe
456 2759 105 25 légation
578 2759 30 21 dc

63 2787 100 22 France,
179 2786 17 21 à
211 2786 25 20 la
254 2785 136 25 plantation
408 2786 57 20 d'un
483 2784 75 21 chêne
577 2789 31 17 en

63 2812 110 21 Eouvenir
186 2812 29 20 de
230 2811 71 20 Louis
314 2811 115 20 Barthou.

90 2838 22 20 A
130 2838 24 20 la
167 2836 131 21 cérémonie
319 2836 137 20 assistaient
475 2834 132 25 également

62 2861 23 22 Je
101 2862 106 20 ministre
223 2861 30 21 de
268 2861 162 21 l'Instruction
445 2857 118 29 publique,
585 2860 22 20 te

61 2887 75 22 maire
148 2887 31 22 de
190 2886 123 25 Belgrade,
326 2886 23 21 le
362 2886 108 21 ministre
483 2886 32 21 de
530 2887 65 20 Fran-

61 2916 29 17 ce
103 2912 25 21 et
149 2912 31 22 de
202 2911 153 21 nombreuses
377 2911 181 25 personnalités.

89 2938 23 20 A
129 2938 25 21 10
171 2938 93 24 heures,
280 2937 102 21 l'amiral
399 2937 99 24 Mouget
513 2937 28 21 et
569 2941 40 17 ses

62 2962 112 25 officiers,
194 2962 172 26 accompagnés
384 2963 35 21 du
437 2962 109 21 ministre
579 2962 29 21 de

63 2989 98 23 France,
179 2990 44 19 ont
238 2988 40 21 été
293 2993 71 20 reçus
380 2992 33 18 en
431 2988 113 21 audience
565 2991 44 22 par

62 3014 25 22 le
100 3015 81 24 prince
194 3013 84 25 régent
292 3013 68 22 Paul.

91 3039 76 25 Après
183 3038 138 25 l'audience,
337 3039 37 22 les
397 3039 92 22 marins
504 3038 107 25 français

66 3068 44 18 ont
127 3064 74 22 défilé
218 3065 63 21 dans
297 3065 36 21 tes
349 3064 144 26 principales
508 3068 55 18 rues
581 3065 30 20 de

65 3090 117 25 Belgrade
200 3091 26 20 et
244 3090 44 21 ont
307 3090 85 26 déposé
410 3090 44 21 des
472 3090 75 21 fleurs
579 3093 32 17 au

65 3116 142 21 monument
227 3115 42 22 des
287 3115 139 22 défenseurs
447 3116 29 21 de
496 3115 115 25 Belgrade

63 3142 27 20 et
106 3146 32 16 au
150 3141 120 22 cimetière
285 3141 112 21 militaire
412 3141 114 25 français.

94 3168 24 20 A
135 3167 25 21 13
178 3167 25 22 h.
219 3167 33 23 30.
269 3171 35 18 un
319 3166 116 26 déjeuner
451 3173 16 16 a
484 3166 39 21 été
539 3166 75 22 offert

67 3192 18 21 à.
98 3192 103 21 l'amiral
214 3193 97 24 Mouget
326 3193 24 20 et
365 3192 15 22 à
393 3197 39 17 ses
446 3191 111 25 officiers,
570 3196 44 22 par

67 3218 24 21 te
106 3218 82 25 prince
203 3217 84 26 régent
301 3217 67 22 Paul.
382 3228 30 6 —
426 3218 88 21 Havas.

600 172 134 54 UN
776 175 367 59 JUBILÉ

669 248 91 54 PEU
795 252 193 55 ORDINA
991 257 79 49 IRE

601 351 36 35 LE
662 352 204 38 CENTENAIRE
889 358 97 33 D'UNE
1008 356 137 34 FAMILLE

721 404 23 33 A
764 403 42 35 LA
827 398 81 40 TÊTE
933 406 97 32 D'UNE

622 449 286 36 ADMINISTRATION
923 450 206 35 COMMUNALE

631 509 96 26 Namur,
739 511 27 22 28
778 511 55 22 mal.
846 522 26 6 —
884 512 33 22 La
930 514 122 18 commune
1065 508 28 21 de
1106 508 39 20 St-

604 534 95 23 Servals
715 541 15 18 a
746 536 55 25 fête,
817 537 133 23 dimanche,
967 541 31 17 un
1015 533 71 27 Jubilé
1104 536 43 22 peu

604 561 119 23 ordinaire
738 567 6 18 :
760 563 60 22 celui
835 564 32 21 du
882 564 133 20 centenaire
1029 560 28 21 do
1072 558 22 21 la
1110 558 36 20 (o-

606 586 64 23 mllla
685 588 106 27 Hlcguet.
807 590 14 20 à
836 589 22 22 la
875 588 47 21 tète
938 587 28 21 de
982 584 152 24 l'administra-

607 613 51 22 tion
679 615 148 22 communale
849 614 28 22 do
900 611 140 23 St-Servals.

633 640 64 22 C'est
712 640 61 22 dans
788 645 32 17 un
835 642 110 18 commun
959 635 83 22 accord
1057 638 43 22 que
1117 635 32 18 les

608 664 130 26 habitants,
753 670 52 18 mus
823 670 42 21 pur
896 664 28 21 do
956 661 102 22 louables
1075 658 61 22 senti-

608 693 79 21 ments
704 694 43 20 ont
766 691 69 22 voulu
853 689 100 22 célébrer
971 689 60 19 cette
1050 684 99 21 carrière

609 717 188 22 administrative
832 714 118 24 rarement
983 711 62 21 aussi
1067 710 83 23 longue

611 747 43 22 par
676 742 175 27 l'organisation
876 740 28 21 du
931 738 59 21 (êtes
1014 734 124 26 exception-

611 769 73 22 nelles
704 769 46 25 qui.
778 767 106 21 ouvertes
911 762 123 23 dimanche
1070 759 80 25 «prés-

612 795 63 23 midi,
696 799 24 18 se
741 791 165 23 contlnueiont
927 787 106 26 pendant
1050 787 51 19 tout
1129 784 21 22 le

612 821 59 21 mois
689 820 27 20 do
734 820 58 23 Juin.

638 848 20 20 A
676 846 23 20 15
716 844 89 23 heures,
821 846 33 16 un
869 838 91 24 cortège
978 842 23 16 se
1019 837 75 21 forma
1112 836 39 25 qui

612 877 24 16 se
656 870 77 22 rendit
753 868 64 26 place
835 863 117 26 ChapeUe,
972 863 29 20 oil
1022 861 63 21 avait
1106 861 46 21 lleu

614 895 135 24 l'exécution
768 893 69 22 d'uno
868 890 95 21 cantate
995 891 43 21 par
1058 887 33 21 los
1109 889 31 19 en-

613 922 66 22 fants
695 921 41 20 des
751 917 80 23 écoles.

640 948 37 20 Ou
694 949 24 18 se
733 943 76 22 rendit
826 941 15 21 il
858 940 23 22 la
898 939 91 21 maison
1007 937 146 22 communale

613 972 29 21 où
664 970 78 22 devait
762 973 25 16 so
822 964 107 23 dérouler
964 964 23 20 la
1023 963 130 21 cérémonie

614 994 132 27 principale.
754 994 46 20 Des
816 996 52 16 mes
883 991 28 20 de
927 989 116 25 triomphe
1059 989 95 22 «valent

613 1022 38 21 été
670 1019 92 27 plantés
780 1022 31 16 eu
831 1016 77 21 divers
939 1015 107 21 endroits
1081 1015 29 22 dc
1132 1014 23 22 la

613 1048 128 21 commune,
760 1043 96 26 portant
874 1041 40 21 des
933 1039 150 26 inscriptions
1103 1040 52 21 «VI-

614 1077 25 18 v,
655 1071 20 22 le
689 1069 157 24 bourgmestre
857 1067 19 20 |.
894 1065 68 22 «Vive
977 1070 43 17 nos
1034 1066 120 24 mayeur!»

629 1088 29 29 *A
674 1095 78 21 l'hôtel
768 1093 28 21 de
813 1091 59 24 ville,
885 1091 18 21 11
931 1096 14 21 y
974 1090 65 23 avait
1055 1095 46 17 un*
1116 1091 39 22 af-

614 1121 90 23 fluence
721 1117 193 22 extraordinaire.

639 1147 45 20 Sur
702 1145 23 20 la
742 1143 76 25 .scène,
836 1143 91 25 prirent
944 1141 66 27 place
1028 1143 27 22 M
1073 1142 27 22 .la
1118 1142 25 22 sé-

613 1173 83 20 nateur
711 1170 25 20 et
750 1170 50 19 M'""
818 1167 97 22 Gabriel
932 1167 99 25 Hlcguet
1047 1169 110 21 entourés

612 1197 40 21 des
668 1194 115 22 membres
797 1193 28 22 de
841 1194 51 21 leur
907 1193 97 22 famille,
1019 1194 77 25 parmi
1111 1194 34 21 les-

612 1221 65 26 quels
697 1221 33 20 M.
753 1218 20 24 le
796 1218 86 26 député
904 1221 141 24 permanent
1068 1219 90 22 Firmin

613 1247 99 23 Hlcguet
727 1246 25 20 et
769 1250 37 16 ses
820 1244 47 25 fils,
883 1245 60 21 dont
959 1246 31 20 M.
1005 1245 79 22 Pierre
1101 1246 43 21 Hlc-

612 1274 61 23 guet,
693 1270 120 26 président
833 1270 28 22 dc
881 1270 163 22 l'Association
1063 1270 95 23 libérale

612 1298 29 21 de
658 1296 143 22 St-Servals.

639 1323 108 21 Diverses
762 1321 115 23 autorités
891 1322 95 22 avalent
1000 1322 57 22 tenu
1072 1322 15 22 il
1101 1323 58 21 s'os-

612 1348 74 22 socler
700 1346 17 23 it
731 1347 23 22 la
769 1346 144 24 célébration
927 1348 29 22 de
972 1351 25 18 cc
1006 1348 60 22 beau
1081 1348 79 26 Jubilé.

641 1373 83 21 Citons
737 1374 150 21 notamment
900 1374 59 22 MM.
973 1374 21 22 le
1007 1373 86 27 député
1107 1379 42 21 per-

614 1401 99 20 manent
730 1398 145 24 Walravens.
892 1400 115 24 Materne,
1026 1400 130 24 bourgmes.

615 1425 35 21 tre
671 1424 29 22 de
720 1425 106 24 Jambes;
850 1425 81 25 Abras,
952 1425 160 27 bourgmestre
1133 1426 28 22 de

613 1450 125 25 Belgrade:
757 1450 115 26 Guilmln,
889 1451 122 22 conseiller
1027 1452 134 22 communal

614 1476 30 22 de
662 1477 100 24 Namur;
781 1476 23 23 le
821 1477 79 25 major
916 1477 70 25 Petit,
1003 1477 22 22 le
1043 1478 119 24 capitaine

615 1502 116 25 Roglster,

643 1529 32 21 Le
691 1528 108 23 ministre
815 1529 107 25 Bovesse,
938 1529 23 22 le
976 1528 88 27 député
1080 1529 84 25 Huart,

618 1554 160 25 bourgmestre
795 1555 28 21 de
839 1555 90 21 Namur
943 1556 26 21 et
984 1555 21 21 le
1020 1555 75 22 baron
1109 1555 55 22 Fal-

617 1579 47 23 lon.
686 1580 160 21 commissaire
869 1581 229 25 d'arrondissement,
1120 1581 31 22 s'é-

619 1606 77 22 taient
708 1606 47 22 fait
769 1611 103 18 excuser,

643 1632 35 22 La
695 1631 131 23 cérémonie
845 1637 137 21 commença
1000 1637 45 21 par
1063 1637 32 17 un
1115 1633 37 22 dis-

617 1662 69 17 cours
702 1657 110 26 éloquent
829 1658 28 21 de
875 1659 32 21 M.
925 1658 146 26 Herblgnalt,
1088 1658 63 22 direc-

619 1685 53 20 teur
687 1684 126 22 honoraire
830 1684 42 23 des
888 1684 75 22 écoles
978 1684 29 22 de
1024 1684 141 23 St-Servals,

618 1709 122 28 président
764 1710 34 23 du
824 1710 86 22 comité
935 1710 164 25 organisateur
1124 1710 41 22 des

620 1735 68 22 têtes.
705 1736 9 6 *

647 1762 21 21 Il
681 1761 89 27 évoqua
782 1762 23 22 le
817 1762 110 21 souvenir
939 1761 32 23 du
985 1761 143 26 grand-père
1142 1761 24 22 et

621 1787 33 23 du
671 1787 55 26 père
743 1788 30 21 de
791 1787 94 22 l'actuel
902 1788 159 25 bourgmestre
1080 1787 25 22 ct
1122 1787 45 22 mit

620 1817 31 17 en
665 1813 68 22 relief
748 1814 62 21 leurs
823 1813 101 21 mérites.

649 1839 32 21 M.
698 1839 131 26 Herbignat
847 1839 79 22 rendit
943 1839 62 21 alors
1022 1843 34 16 un
1072 1838 94 21 vibrant

622 1863 125 27 hommage
762 1864 15 22 à
793 1865 32 21 M.
842 1865 96 21 Gabriel
954 1864 106 25 Hlcguet,
1077 1863 57 21 dont
1151 1863 16 21 il

622 1891 93 24 retraça
738 1890 133 25 également
892 1890 24 21 la
937 1889 101 22 carrière
1060 1888 49 23 très
1129 1889 25 21 fé-

623 1916 80 21 conde.
719 1916 21 20 H
755 1915 34 22 lui
805 1915 101 22 adressa,
923 1921 30 16 au
968 1919 57 17 nom
1040 1915 30 21 de
1085 1914 24 21 la
1125 1919 30 20 po-

623 1941 114 26 pulation,
753 1945 38 17 ses
807 1941 62 21 vives
885 1940 160 24 félicitations,
1061 1940 107 21 formant

623 1967 21 21 le
659 1971 54 16 vœu
725 1966 56 25 qu'il
795 1967 61 20 reste
870 1967 134 24 longtemps
1016 1969 85 18 encore
1115 1970 15 17 a
1144 1965 24 21 la

624 1992 47 21 tête
684 1992 28 21 de
725 1992 25 20 la
761 1996 131 17 commune.

649 2017 20 21 Il
684 2017 71 21 remit
770 2017 92 21 ensuite
877 2021 32 17 au
923 2016 166 25 bourgmestre,
1105 2015 16 22 à
1136 2016 18 21 t!

623 2042 36 21 tre
679 2041 30 22 de
729 2042 117 23 souvenir,
867 2046 34 17 un
921 2042 146 23 magnifique
1088 2041 80 22 album

623 2068 130 20 contenant
778 2068 68 20 outre
873 2067 34 21 les
933 2067 58 21 trois
1017 2066 85 26 photos
1127 2067 42 21 des

623 2092 172 25 bourgmestres
812 2091 67 24 fêtés,
898 2093 34 20 les
948 2096 69 17 noms
1033 2093 43 21 des
1093 2092 63 21 mem-

623 2117 52 21 bres
689 2118 32 20 du
735 2117 86 21 comité
834 2118 25 20 ct
873 2117 29 21 de
917 2117 54 25 près
984 2118 29 21 de
1029 2118 58 23 1,700
1101 2122 55 17 sous-

623 2143 116 24 cripteurs
761 2143 61 21 ainsi
844 2147 45 22 que
912 2143 22 21 le
957 2147 148 21 programme
1128 2143 41 21 des

623 2168 61 21 fêtes
699 2169 25 20 et
741 2169 21 21 le
779 2169 64 21 texte
860 2168 29 22 de
905 2168 25 22 la
946 2169 96 21 cantate
1059 2168 109 22 exécutée

623 2198 44 21 par
681 2194 33 21 les
727 2194 105 22 enfants.

649 2219 33 21 M.
695 2219 141 25 Herbigniat
849 2219 72 22 remit
933 2220 92 21 ensuite
1037 2221 16 22 tt
1067 2219 23 23 la
1104 2225 52 17 com-

623 2249 79 19 mune,
714 2244 16 22 tt
742 2245 57 21 titre
812 2246 30 21 de
854 2246 181 21 remerciement
1047 2246 29 22 de
1089 2246 25 22 la
1127 2251 31 20 po-

623 2271 115 25 pulation,
754 2271 22 21 lc
792 2271 102 26 portrait
911 2276 32 17 en
959 2272 76 25 grand
1052 2272 42 22 des
1109 2272 61 22 deux

624 2297 113 25 premiers
751 2301 111 20 mayeurs
877 2298 25 20 et
916 2297 23 22 te
955 2297 68 22 buste
1039 2302 30 17 en
1085 2297 86 22 bronze

624 2323 32 21 du
672 2322 161 25 bourgmestre
848 2322 86 26 actuel,
950 2327 80 18 œuvre
1047 2323 29 22 de
1091 2324 81 22 Victor

624 2348 125 22 Demanet.

652 2375 45 21 Ces
721 2379 94 18 œuvres
838 2375 82 21 seront
943 2374 95 26 placées
1062 2376 61 20 dans
1147 2375 24 22 la

625 2400 57 21 salle
695 2401 43 21 des
752 2401 123 25 mariages.

652 2427 47 20 Des
715 2426 74 22 fleurs
804 2426 82 22 furent
900 2426 101 22 offertes
1016 2426 15 22 &
1047 2428 52 20 M""
1115 2427 44 21 Hlc-

627 2453 56 24 guet
702 2457 17 16 a,
738 2453 41 24 qui
800 2452 32 21 M.
854 2452 140 26 Herbigniat
1015 2453 96 21 adressa
1132 2453 41 21 des

626 2477 94 26 paroles
737 2477 207 23 reconnaissantes
961 2478 141 25 également.

655 2504 32 21 M.
709 2504 98 22 Gabriel
828 2504 108 24 Hlcguet,
958 2503 69 27 après
1049 2505 66 20 avoir
1135 2509 26 17 re-

629 2529 86 22 mercié
742 2532 34 19 les
801 2530 117 21 autorités
943 2533 27 19 et
995 2534 39 18 ses
1060 2529 115 26 collègues

629 2556 173 24 bourgmestres
822 2560 75 17 venus
918 2555 34 22 lul
973 2555 131 24 témoigner
1125 2557 51 21 leur

630 2581 140 25 sj-mpathie.
786 2581 107 26 exprima
909 2586 27 16 sa
952 2581 118 25 gratitude
1088 2586 31 17 au
1136 2587 27 16 co-

631 2608 57 21 mité
703 2609 25 20 et
741 2608 16 21 à
771 2607 24 21 la
809 2607 139 26 population
963 2608 53 20 tout
1030 2606 90 22 entière
1135 2607 41 21 des

632 2637 108 21 marques
757 2633 30 21 de
804 2632 132 25 sympathie
955 2632 67 26 qu'Us
1038 2633 36 21 lul
1091 2632 72 22 témol

632 2659 104 25 gnaient.

657 2684 22 20 Il
703 2683 95 22 déclara
823 2684 56 25 qu'U
903 2683 90 22 n'avait
1018 2683 88 25 Jamais
1130 2683 47 22 fait

630 2710 166 24 qu'accomplir
819 2714 43 16 son
885 2709 80 21 devoir
988 2714 31 16 en
1042 2714 25 16 se
1091 2713 71 17 consa

630 2737 70 19 crant
713 2740 46 16 aux
772 2734 99 22 intérêts
884 2735 28 21 de
926 2740 27 16 sa
966 2739 131 17 commune.

657 2761 48 20 Des
756 2760 228 25 applaudissements
1034 2760 142 20 chaleureux

631 2786 157 24 ponctuèrent
805 2790 26 17 ce
848 2786 112 21 discours.
977 2786 40 20 Un
1033 2785 41 21 vin
1092 2785 71 21 d'hon-

631 2816 60 16 neur
711 2811 39 21 fut
771 2812 61 20 servi
852 2811 26 21 et
898 2811 139 21 s'ouvrirent
1059 2810 62 21 alors
1142 2810 34 21 les

629 2836 171 25 réjouissances
814 2836 29 21 de
859 2836 122 26 quartiers.

1167 181 88 51 LE
1295 182 412 55 CONCOURS

1287 253 302 64 HIPPIQUE

1243 324 86 50 DE
1365 326 269 55 GENVAL

647 2891 39 30 LE
715 2892 41 30 l«r
781 2891 194 30 CHASSEURS
1005 2891 19 28 A
1054 2889 123 30 CHEVAL

819 2944 19 28 A
857 2943 134 30 LOUVAIN

85 3291 181 29 ELECTIONS
287 3292 81 30 DANS
389 3292 36 28 LA
445 3291 160 30 BANLIEUE

242 3333 199 28 PARISIENNE

182 3398 44 23 (De
241 3398 69 22 notre
325 3398 202 26 correspondant)

95 3430 75 25 Paris.
184 3431 27 21 26
229 3430 56 24 mal.
302 3442 29 5 —
351 3432 57 21 (Par
424 3431 146 25 téléphone).
587 3443 28 6 —

65 3456 36 21 lai
118 3461 57 17 zone
192 3457 142 22 suburbaine
351 3457 32 22 du
400 3457 165 26 département
583 3458 28 22 de

66 3480 26 23 la
111 3482 76 23 Seine,
206 3483 127 24 comprend
348 3483 141 25 vingt-deux
505 3483 107 25 cantons,

65 3507 59 21 neuf
133 3507 106 21 formant
249 3508 216 21 l'arrondissement
475 3502 29 28 aïe
515 3509 97 22 Sceaux.

67 3531 73 23 treize
156 3532 61 21 celui
232 3533 30 22 de
279 3533 163 25 Saint-Denis,
459 3539 13 16 a
491 3537 78 19 connu
586 3538 27 17 ce

72 3558 96 20 mois-ci
179 3558 62 21 deux
253 3557 107 25 périodes
374 3559 136 21 électorales
525 3563 78 18 succes-

70 3582 62 22 sives
153 3587 6 16 :
180 3583 33 21 tes
228 3583 12 20 5
255 3584 26 22 et
300 3583 25 20 12
344 3584 55 23 mai,
415 3584 200 22 renouvellement

70 3608 43 21 des
140 3608 106 22 Conseils
272 3609 152 25 municipaux
451 3610 42 21 des
519 3610 95 25 quatre-

68 3633 81 26 vingts
162 3638 142 17 communes,
317 3634 151 25 aujourd'hui
481 3636 24 20 et
520 3635 80 21 diman-

70 3659 44 21 che
130 3659 120 25 prochain,
265 3658 148 26 désignation
428 3660 40 21 des
482 3660 134 22 conseiUers

70 3683 120 26 généraux
199 3685 41 25 qui
251 3685 74 24 joints
337 3690 32 16 au
381 3686 27 20 90
418 3685 133 22 conseillers
562 3691 40 16 mu-

72 3709 113 25 nicipaux
195 3710 29 21 de
234 3710 73 22 Paris,
319 3711 132 21 formeront
461 3711 24 21 la
495 3710 110 26 représen-

72 3734 79 23 tation
165 3735 209 25 départementale.

98 3761 34 20 La
150 3760 107 21 création
273 3765 46 21 par
336 3762 23 21 la
375 3761 31 22 loi
423 3761 82 22 d'avril
524 3762 93 21 dernier

71 3785 30 22 de
116 3785 41 21 dix
170 3785 205 25 circonscriptions
387 3786 119 22 nouvelles
521 3792 14 16 a
551 3788 67 24 porté

72 3811 16 21 tt
106 3811 128 25 cinquante
254 3811 22 23 le
295 3812 97 21 nombre
412 3812 29 22 de
461 3816 39 17 ces
519 3812 50 22 élus
588 3812 29 21 de

68 3835 116 22 banUeue.

97 3862 45 21 Les
156 3861 112 22 élections
282 3862 172 26 d'aujourd'hui
466 3868 26 16 se
504 3864 55 20 sont
574 3863 29 22 dé-

71 3885 91 23 roulées
174 3887 63 22 dans
250 3888 22 21 le
288 3888 75 22 calme
378 3889 26 21 et
417 3888 47 21 l'on
480 3893 31 17 ne
526 3888 91 26 signale

71 3916 44 21 que
130 3912 44 22 des
188 3913 120 21 incidents
324 3913 171 25 insignifiant»,

97 3938 44 22 I^s
162 3938 114 25 premiers
297 3938 113 22 résultats
432 3943 91 17 connus
544 3944 59 16 accu-

70 3964 53 20 sent
134 3967 47 19 une
192 3963 76 25 légère
280 3965 97 24 poussée
385 3964 163 24 communiste,
555 3963 62 23 mals

71 3989 56 21 c'est
138 3994 31 16 au
180 3989 129 26 ballottage
321 3990 29 21 de
362 3990 126 21 dimanohe
500 3990 115 25 prochain

73 4018 43 20 que
132 4018 24 17 se
170 4014 116 25 précisera
301 4015 24 21 la
338 4015 154 26 composition
506 4015 33 22 du
554 4019 50 17 nou-

73 4043 60 17 veau
146 4040 92 21 ConseU
252 4040 94 26 général
361 4041 29 21 de
403 4041 25 22 la
443 4041 77 21 SetDe.

215 4071 53 22 LES
289 4071 174 22 RESULTATS

102 4101 20 20 A
133 4101 85 22 minuit
229 4104 113 23 quarante
354 4104 22 22 te
386 4103 119 23 ministère
516 4104 28 22 de
556 4103 44 23 l'In-

75 4126 88 21 térieur
186 4128 181 25 communiquait
390 4129 34 22 les
446 4129 112 23 résultats
582 4132 31 19 du

76 4152 102 25 premier
191 4153 61 19 tour.

102 4178 49 20 Sur
172 4177 35 21 les
227 4177 124 24 cinquante
374 4178 72 26 sièges
466 4180 14 22 tt
500 4181 115 25 pourvoir.

76 4202 133 26 vingt-sept
223 4201 111 22 résultats
348 4203 107 23 définltfs
469 4206 95 21 avaient
578 4205 37 23 été

77 4228 81 25 acquis
171 4231 26 17 et
209 4226 18 22 il
240 4232 15 20 y
267 4231 16 17 a
297 4227 135 25 vingt-trois
444 4230 145 26 ballottage».

103 4254 45 21 Les
161 4253 74 25 sièges
249 4252 80 25 acquis
342 4258 23 16 se
380 4253 161 26 décomposent
552 4260 51 17 com-

76 4284 38 17 me
127 4279 49 21 suit
192 4285 8 17 :

104 4302 175 24 Communistes
306 4301 25 23 et
358 4304 164 21 communistes
549 4305 55 22 dissi-

77 4330 71 22 dents
162 4328 124 26 (pupistes)
304 4333 7 16 :
322 4328 26 21 15
360 4327 49 22 élus
423 4328 77 23 (gains
509 4330 33 21 8).

104 4354 137 22 Socialistes
254 4354 24 22 S.
289 4354 27 21 F.
329 4354 20 20 I.
362 4354 28 22 O.
403 4354 14 19 2
430 4353 49 21 élus
494 4355 125 24 (pertesî).

105 4379 136 22 Sosialistes
251 4379 29 21 de
293 4379 91 20 France
398 4382 6 17 :
419 4378 12 20 2
445 4378 49 22 élus
511 4378 64 28 (gain
589 4381 20 20 1)

105 4404 135 22 Socialistes
255 4403 176 24 indépendants
449 4408 6 16 :
475 4405 10 20 1
500 4404 38 22 élu
556 4406 62 20 (Dcr-

79 4431 25 22 te
117 4431 54 21 un).

106 4452 265 25 Radicaux-socialistes
392 4458 7 17 :
418 4458 44 19 pas
477 4453 61 22 d'élu
559 4455 50 22 (per-

78 4482 25 21 te
116 4482 54 20 un).

106 4504 168 27 Républicains
289 4504 28 21 de
332 4503 90 26 gauche
441 4508 6 17 :
464 4504 12 21 3
492 4503 50 22 élus
559 4505 51 21 (per-

79 4532 25 22 te
118 4532 54 21 un).

108 4556 124 22 Radicaux
269 4553 175 26 indépendants
480 4558 7 17 :
526 4554 14 21 2
575 4554 49 21 élus

84 4582 68 25 (gain
167 4580 33 23 1).

108 4604 299 26 Dérnocrates-pppulalres
429 4608 7 17 :
457 4604 13 21 2
489 4603 51 22 élus
560 4604 65 23 (gain

80 4633 55 21 un).

109 4659 44 19 L^s
167 4656 102 22 douteux
282 4655 101 27 perdent
396 4655 36 23 six
446 4654 73 26 sièges
532 4654 25 22 et
571 4654 53 21 n'en

82 4683 102 26 gagnent
198 4686 85 18 aucun.

138 4713 204 22 NOMBREUSES
360 4711 211 22 ABSTENTIONS

106 4746 53 22 Une
186 4745 42 22 des
248 4744 205 25 caractéristiques
477 4743 32 22 du
533 4742 92 23 scrutin

81 4771 147 26 d'aujourdTi
243 4771 84 22 uiaura
344 4769 37 23 été
397 4770 22 21 le
434 4769 98 22 nombre
548 4768 64 22 consi-

82 4798 92 21 dérable
195 4796 176 23 d'abstentions,
391 4795 40 26 qui
452 4800 14 17 a
486 4795 88 21 atteint
594 4797 31 17 en

82 4826 113 21 moyenne
206 4822 21 21 le
237 4822 69 24 quart
318 4821 32 21 du
360 4821 98 21 nombre
470 4820 41 22 des
523 4818 102 26 inscrits,

83 4851 30 17 en
125 4847 84 22 second
221 4847 53 24 lieu,
286 4845 89 27 malgré
388 4846 22 22 le
423 4845 98 23 nombre
535 4845 77 25 impor-

85 4873 54 21 tant
150 4873 28 22 de
189 4872 145 26 ballottages,
347 4872 105 21 l'avance
465 4871 41 21 des
519 4874 93 18 commu-

84 4897 74 22 nistes
176 4898 28 21 de
221 4898 65 22 toute
305 4900 93 19 nuance
418 4895 111 27 apparaît
548 4895 64 22 indis-

86 4922 98 23 cutable.

112 4948 22 21 Il
151 4947 83 22 semble
251 4947 79 27 qu'elle
348 4953 24 17 se
390 4947 46 22 soit
453 4947 59 22 faite
530 4945 94 23 surtout

86 4978 32 18 au
130 4971 124 23 détriment
265 4974 40 21 des
317 4973 128 22 socialistes
456 4973 24 22 S.
492 4973 25 22 F.
529 4973 19 21 I.
559 4972 28 22 O.
599 4973 24 20 et

88 4999 41 21 des
146 4998 74 25 partis
236 4998 71 22 situés
323 4998 202 22 immédiatement
540 4997 15 22 tt
574 4997 50 21 leur

89 5021 95 49 fauche.
194 5023 127 24 D'aiUeurs.
334 5024 23 21 la
370 5023 110 27 majorité
494 5023 42 22 des
549 5022 75 26 slèpss

120 5047 106 27 pourvoir
240 5048 145 26 appartenait
400 5049 15 23 à
428 5047 119 24 l'extrême
564 5052 47 21 gau-

91 5074 49 21 che.

116 5100 43 20 Les
178 5098 109 23 élections
305 5099 159 23 Intéressaient
484 5099 94 23 surtout
596 5103 27 17 ce

90 5125 67 24 qu'on
171 5124 88 26 appelle
273 5124 23 22 la
308 5125 102 23 ceinture
423 5129 70 22 rouge
507 5126 28 23 de
550 5124 73 23 Paris.

90 5149 60 23 C'est
162 5150 58 22 ainsi
233 5150 66 26 qu'en
312 5150 87 22 maints
408 5150 104 23 endroits
525 5150 24 22 la
562 5149 61 23 lutte

90 5176 127 25 n'opposait
236 5180 43 21 que
299 5175 41 22 des
359 5176 121 22 candidats
500 5176 28 23 de
549 5174 74 27 partis

90 5200 209 24 révolutionnaires.

117 5226 44 21 Sur
174 5226 21 22 te
208 5225 56 27 plan
277 5225 135 32 particulier
426 5227 16 23 11
458 5228 53 22 faut
527 5227 68 22 noter
608 5227 14 22 à

94 5249 85 27 NeuUly
197 5251 24 22 la
240 5251 94 24 victoire
354 5252 28 22 de
402 5253 31 22 M.
452 5252 96 26 Lebecq.
568 5251 41 27 pré-

98 5274 71 23 sident
186 5277 26 22 de
230 5276 42 23 IU.
287 5278 28 21 N.
334 5278 32 24 C,
385 5278 110 21 candidat
514 5276 97 24 malheu-

99 5301 53 19 reux
163 5301 14 21 tt
186 5302 69 23 Paris,
268 5307 46 17 aux
327 5303 104 22 récentes
444 5303 111 22 élections
569 5307 41 17 mu-

99 5323 110 26 nicipales.

658 3002 112 25 Louvain,
787 3002 27 21 26
831 3002 55 21 mai.
902 3012 29 6 —
946 3002 33 21 Le
997 3001 102 26 premier
1115 3000 49 25 régi-

633 3029 67 20 ment
719 3028 28 22 de
768 3028 130 22 Chasseurs
917 3027 16 21 à
952 3027 90 22 cheval,
1058 3032 32 17 en
1109 3028 68 20 route

634 3058 60 21 pour
706 3053 22 22 te
742 3057 70 21 camp
824 3053 28 22 de
872 3052 119 24 Beverloo,
1004 3052 32 22 où
1047 3053 63 21 cette
1123 3052 43 21 uni-

636 3079 25 22 té
676 3080 38 21 est
731 3078 108 25 désignée
856 3083 60 20 pour
932 3078 121 21 renforcer
1070 3078 24 21 la
1109 3077 71 26 garde

636 3105 30 21 de
679 3105 24 21 la
721 3104 120 24 frontière,
854 3109 15 15 a
887 3104 45 20 fait
950 3103 68 26 étape
1036 3103 16 21 tt
1069 3104 112 20 Louvain.

662 3130 133 21 Dimanche
813 3129 16 21 à
846 3129 65 25 midi,
929 3129 22 21 te
969 3129 91 21 colonel
1077 3128 104 25 Briquet,

637 3155 98 22 entouré
750 3155 42 22 des
804 3154 107 22 officiers
924 3156 30 21 de
970 3159 44 16 son
1027 3154 123 25 régiment,
1166 3159 15 16 a

637 3181 85 25 déposé
735 3186 32 16 au
780 3181 56 25 pied
847 3180 33 22 du
893 3181 139 20 monument
1047 3183 50 18 aux
1107 3180 75 21 morts

638 3207 29 21 de
679 3207 25 20 la
727 3206 88 25 grande
840 3210 89 21 guerre,
965 3209 47 18 une
1036 3205 145 25 magnifique

638 3233 69 25 gerbe
725 3232 29 21 de
768 3231 61 22 lilas.

663 3258 33 20 M.
715 3258 81 22 Doms.
814 3257 30 22 ff.
862 3257 30 21 de
911 3256 168 26 bourgmestre,
1097 3256 84 21 assista

637 3284 14 21 à
671 3283 23 22 la
712 3282 132 22 cérémonie
862 3282 47 26 qui,
940 3282 90 25 malgré
1048 3287 27 16 sa
1094 3281 88 27 grande

636 3308 134 25 simplicité,
783 3308 48 21 alla
846 3308 62 21 droit
926 3314 31 16 au
974 3312 66 17 cœur
1056 3308 42 21 des
1114 3312 55 16 nom-

637 3335 73 20 breux
727 3334 161 21 Louvanlstes.
901 3334 41 24 qui
959 3334 67 21 n'ont
1044 3337 44 22 pas
1106 3332 77 21 oublié

638 3360 34 21 ies
690 3359 111 25 journées
833 3359 120 25 tragiques
972 3359 32 22 du
1024 3359 59 21 mois
1103 3358 80 21 d'août

639 3386 58 20 1914.

640 3446 38 29 LE
703 3440 145 35 CORTÈGE
868 3446 39 28 DE
926 3446 38 28 LA
981 3445 201 29 LOCOMOTION

665 3505 21 20 A
704 3503 134 22 l'initiative
858 3504 32 21 du
907 3502 92 23 Comité
1018 3503 104 22 exécutif
1155 3503 29 21 de

639 3530 157 25 l'Exposition,
813 3533 56 17 sous
885 3529 25 21 la
927 3529 116 21 direction
1061 3529 123 25 artistique

640 3556 28 21 de
684 3557 33 20 M.
733 3556 82 21 James
830 3555 97 21 Thiriar
949 3554 50 25 régi
1015 3557 45 23 par
1075 3556 32 19 M.
1124 3554 47 21 Lae-

639 3585 54 18 nen.
709 3585 35 17 un
761 3581 95 20 curieux
873 3581 93 24 cortège
984 3585 16 16 a
1017 3584 116 22 parcouru
1150 3579 34 22 les

640 3606 141 26 principales
799 3606 90 21 artères
906 3607 30 21 de
955 3605 24 21 la
997 3606 89 25 grande
1105 3606 66 20 mani-

641 3632 113 21 festation
774 3631 184 22 internationale
978 3632 34 21 du
1032 3631 91 24 Heysel.
1141 3631 9 6 *

665 3657 95 21 Devant
776 3662 33 17 un
828 3657 79 30 public
925 3656 171 22 extrêmement
1115 3661 56 17 nom-

640 3682 79 24 breux,
734 3683 35 20 tes
782 3682 141 22 différentes
937 3683 87 25 phases
1037 3682 29 21 de
1083 3682 23 21 la
1122 3682 51 21 loco-

640 3709 91 20 motion
745 3709 27 21 de
789 3708 51 21 1830
854 3708 15 21 à
883 3713 44 16 nos
940 3708 66 25 jours
1020 3709 43 20 ont
1076 3707 38 22 été
1129 3707 43 21 évo-

641 3733 76 27 quées.
742 3734 57 24 Sept
825 3733 89 25 parties
940 3733 124 21 distinctes
1088 3737 83 21 compo-

640 3759 78 21 saient
732 3759 22 21 le
769 3759 77 21 défUé.

667 3785 66 21 Nous
752 3785 148 21 n'entrerons
921 3789 44 20 pas
987 3784 60 21 dans
1067 3784 22 23 le
1112 3784 72 21 détail

641 3810 129 25 historique
792 3810 42 21 des
854 3810 79 21 divers
951 3809 114 22 éléments
1087 3810 85 25 présen-

640 3835 43 22 tés.

666 3862 62 20 Leur
744 3861 145 25 description
909 3860 146 26 dépasserait
1073 3860 22 23 le
1114 3861 70 21 cadre

640 3887 57 21 d'un
713 3886 81 22 article
806 3888 30 20 de
851 3887 169 24 physionomie.

659 3912 126 25 Signalons
800 3912 151 25 simplement
967 3912 24 21 la
1007 3911 111 26 présence
1124 3914 61 19 dans

640 3937 24 21 la
682 3937 116 26 première
816 3938 93 21 section
927 3937 124 22 consacrée
1071 3938 15 20 à
1105 3937 25 22 la
1149 3937 22 21 lo-

639 3964 119 20 comotion
778 3963 116 25 publique,
913 3963 29 21 de
962 3963 63 21 deux
1044 3962 76 26 pièces
1140 3967 43 17 au-

639 3988 192 26 thentiquement
851 3988 135 21 nationales
1004 3989 26 20 ct
1052 3990 40 24 qui
1113 3988 59 22 méri-

638 4015 53 20 tent
704 4019 49 17 une
766 4014 108 21 mention
886 4014 109 23 spéciale.

665 4040 72 21 L'une
756 4040 37 21 est
812 4044 35 16 un
865 4039 93 22 chariot
978 4040 29 20 de
1026 4039 158 25 messageries,

638 4065 87 21 datant
740 4065 44 21 des
799 4065 111 21 environs
926 4065 29 21 de
969 4065 50 22 l'an
1036 4065 51 21 1850
1103 4067 25 19 ct
1145 4065 39 25 qui

638 4091 39 21 fut
694 4090 89 22 affecté
801 4095 32 17 au
850 4091 88 21 service
956 4090 226 25 Bruxelles-Nancy;

638 4116 90 24 l'autre,
746 4120 47 18 une
812 4115 114 22 véritable
942 4115 116 26 diligence
1077 4117 58 20 dont
1154 4121 30 15 on

638 4145 57 21 peut
712 4142 75 21 situer
816 4141 35 21 les
882 4142 102 24 origines
1013 4142 99 20 environ
1128 4141 15 21 à
1162 4141 22 21 la

638 4167 76 21 même
734 4166 96 26 époque.
851 4167 39 21 On
908 4167 25 21 la
952 4166 123 22 découvrit
1094 4166 78 22 récem-

638 4194 67 20 ment
722 4193 17 21 à
758 4192 98 25 Melsen,
875 4192 55 26 près
948 4192 30 21 de
999 4192 78 23 Gand.

665 4219 101 20 Passons
777 4218 151 25 rapidement
940 4223 32 16 en
985 4222 71 19 revue
1070 4218 24 21 la
1108 4217 76 22 demi-

640 4244 112 21 douzaine
769 4249 28 17 ae
817 4253 9 8 «
835 4245 74 19 suites
925 4252 10 10 >
955 4246 189 23 accompagnant
1161 4244 23 20 la

641 4269 88 21 théorie
749 4269 41 21 des
808 4270 115 25 pataches
940 4268 110 23 désuètes
1068 4273 47 18 aux
1134 4274 38 16 res-

638 4296 62 19 sorts
718 4294 102 25 fatigués
838 4296 24 20 et
880 4299 47 17 aux
945 4294 92 22 essieux
1056 4295 128 25 grinçants.

666 4320 119 22 L'énorme
807 4320 129 22 assistance
955 4320 91 23 massée
1068 4325 41 16 sur
1132 4321 52 20 tout

642 4344 21 21 le
682 4350 111 20 parcours
813 4345 69 26 prêta
903 4346 63 21 aussi
987 4346 55 21 bien
1064 4346 120 21 attention

642 4369 15 21 à
670 4370 23 21 la
711 4372 90 20 section
818 4372 43 20 des
880 4371 107 21 chemins
1019 4371 29 21 de
1068 4372 44 21 fer.
1130 4371 54 26 qu'à

643 4395 56 21 ceUe
718 4396 42 21 des
780 4396 152 21 locomotions
952 4396 87 26 privée,
1072 4397 111 21 militaire

643 4425 30 16 ou
687 4421 145 24 populaire...

668 4446 63 21 Tour
747 4446 15 20 à
779 4448 60 22 tour,
851 4444 128 28 lassèrent
996 4452 47 17 une
1060 4448 123 21 réduction

644 4470 28 21 de
687 4470 24 21 la
726 4472 108 21 machine
850 4473 28 21 de
894 4473 156 24 Stephenson.
1065 4474 24 21 la
1103 4478 68 21 somp-

646 4496 79 20 tueuse
744 4495 110 23 bannière
873 4498 29 21 de
923 4498 23 22 la
966 4499 96 20 Grande
1082 4500 89 20 Harmo-

646 4520 47 23 nie;
712 4525 47 16 une
778 4522 114 21 escouade
913 4523 28 21 de
962 4524 117 24 troupiers
1107 4533 9 10 ■
1138 4529 34 17 an-

646 4545 52 20 cien
713 4546 88 21 modèle
819 4557 8 7 ■•
834 4552 5 17 :
858 4548 65 20 toute
939 4550 23 19 la
978 4553 91 20 gamme
1086 4550 42 21 des
1144 4550 27 21 vé-

646 4570 89 20 hicules
756 4571 126 25 bourgeois,
904 4573 82 25 depuis
1008 4574 24 21 la
1053 4575 79 21 chaise
1155 4577 29 20 de

648 4597 64 22 poste
733 4595 105 25 jusqu'au
858 4598 57 20 mail
935 4599 82 24 coach;
1040 4600 61 20 deux
1118 4601 67 24 types

649 4620 170 22 d'ambulances
839 4622 29 21 de
889 4623 102 25 l'armée;
1015 4628 46 17 une
1083 4625 88 21 mitrail-

648 4645 62 21 leuse
728 4645 15 21 tt
759 4647 102 21 traction
877 4648 90 24 canine,
983 4650 87 23 orgueil
1088 4651 41 20 des
1145 4655 27 16 ca-

650 4670 114 21 rabiniers
788 4671 29 21 de
857 4672 60 24 1914;
955 4673 24 21 la
1005 4676 178 21 reconstitution

649 4695 212 25 particulièrement
881 4702 91 18 cocasse
993 4699 67 22 d'une
1081 4701 104 25 musique

648 4721 29 21 de
697 4720 23 21 la
741 4721 70 24 garde
831 4722 88 25 civique
938 4724 26 20 et
980 4723 21 21 le
1020 4724 89 23 landau
1135 4727 37 20 tra-

648 4746 115 21 ditionnel
781 4747 26 20 et
838 4747 171 25 Indispensable
1043 4750 41 21 des
1117 4755 69 17 noces

649 4771 89 28 d'orbe
751 4771 57 21 chez
820 4776 66 17 nous.

675 4796 99 22 Vinrent
796 4796 61 21 alors
891 4797 33 21 les
946 4799 60 21 deux
1027 4800 93 21 ultimes
1141 4806 33 16 an-

648 4827 77 16 neaux
744 4823 28 21 de
791 4822 61 21 cette
871 4831 9 9 »
890 4823 83 20 chaîne
993 4831 8 12 .
1021 4825 137 22 inattendue
1179 4831 6 16 :

647 4848 30 21 Us
694 4847 151 26 englobaient
863 4847 69 23 vélos,
950 4850 76 20 motos
1043 4851 26 20 et
1088 4852 73 20 autos.

674 4873 80 25 Enfin,
768 4877 25 18 ce
810 4872 38 21 fut
863 4872 22 21 te
901 4873 58 21 char
973 4873 68 22 dédié
1057 4876 14 21 à
1086 4875 24 21 la
1125 4876 52 21 loco-

648 4899 91 21 motion
758 4898 29 21 de
806 4898 98 21 l'avenir
927 4903 7 16 :
956 4899 126 23 l'aviation.

673 4925 68 21 Deux
771 4923 133 24 douzaines,
928 4924 29 21 de
988 4924 200 23 simili-aviateurs

647 4949 175 22 brandissaient
837 4949 41 21 des
891 4949 81 22 lances
986 4951 97 23 portant
1097 4950 21 22 le
1133 4955 55 18 nom

648 4976 41 21 des
708 4974 102 26 grandes
829 4974 74 26 ligues
919 4975 30 21 de
969 4974 84 22 liaison
1073 4975 116 25 aérienne,

648 5001 128 24 précédant
797 5000 30 22 dfi
862 5004 46 22 peu
942 5004 34 17 un
1011 5000 50 22 bloc
1083 5003 107 23 compact

647 5028 130 21 d'hommes
795 5025 73 23 suant
884 5026 26 21 et
928 5025 117 22 soufflant
1063 5030 59 21 pour
1139 5027 38 21 his-

646 5057 39 17 ser
703 5051 93 27 jusqu'il
815 5051 142 26 l'esplanade
979 5051 21 21 le
1020 5050 66 25 globe
1104 5052 73 21 terres-

647 5079 35 21 tre
705 5076 118 23 couronné
844 5077 57 21 d'un
937 5078 128 22 monoplan
1087 5077 103 26 argenté.

646 5105 34 21 La
692 5103 63 27 pluie
769 5102 65 23 avait
847 5101 95 23 retardé
955 5102 21 21 le
989 5101 84 27 départ
1087 5103 28 21 de
1128 5103 61 21 cette

646 5129 91 22 théorie
756 5128 120 27 disparate
905 5127 108 27 pendant
1044 5132 47 17 une
1110 5127 79 23 heure.

645 5166 29 6 —
686 5155 22 22 J.

1253 426 39 31 LA
1313 427 145 35 SECONDE
1478 424 149 40 JOURNÉE

1262 474 22 30 A
1306 468 59 38 ÉTÉ
1385 475 73 33 BIEN
1479 478 140 33 REMPLIE

1190 546 74 33 ELLE
1284 547 36 32 SE
1339 548 145 34 TERMINE
1504 551 40 32 EN
1568 544 129 40 BEAUTÉ

1199 611 32 21 Lu
1247 611 99 23 seconde
1363 613 97 25 Journéo
1477 615 31 22 du
1527 617 118 21 Concours
1662 617 42 26 hip-

1172 637 68 25 pique
1255 637 28 22 do
1298 639 91 22 Qenval
1405 645 14 16 a
1433 641 37 21 été
1485 646 33 17 un
1532 642 80 21 succès
1626 647 90 17 comme

1174 664 21 20 la
1210 663 145 25 précédente.
1369 666 31 21 Lo
1415 666 43 22 ciel
1472 671 32 17 un
1519 672 44 21 peu
1579 671 51 22 plus
1643 673 60 20 enga-

1173 691 72 21 geant
1265 690 89 24 qu'hier
1375 692 65 21 avnlt
1460 693 116 25 provoqué
1599 694 119 26 beaucoup

1174 714 52 23 plus
1240 715 150 24 d'nlflucuce.

1199 740 31 21 Lo
1250 742 51 21 tout
1321 742 119 22 Bruxelles
1459 743 106 26 équestre
1584 744 60 22 était
1662 743 29 24 là,

1201 765 32 22 Lu
1255 767 114 23 première
1391 768 99 25 éprouve
1511 769 60 22 était
1592 770 21 21 le
1635 770 83 21 Grand

1175 791 53 22 Prix
1247 792 28 21 do
1294 793 92 21 Genval
1404 795 39 23 qui
1461 799 25 16 ae
1503 795 115 26 disputait
1635 800 40 17 sur
1695 796 24 20 15

1173 817 123 25 obstacles,
1312 819 76 21 allant
1404 819 28 22 de
1449 820 54 21 l'"20
1519 820 14 22 à
1551 821 61 21 l'"80.

1202 843 20 21 Il
1238 848 14 20 y
1270 844 64 21 avait
1351 845 25 21 45
1393 845 100 24 Inscrits,
1509 851 26 16 ce
1551 846 40 25 qui
1608 847 36 21 est
1661 846 58 22 beau

1176 872 58 21 pour
1249 874 33 16 un
1296 874 113 17 concours
1423 872 63 20 aussi
1502 871 50 24 dur,
1566 876 41 17 sur
1622 872 41 21 dos
1679 872 29 21 ob-

1176 894 85 22 stacles
1275 896 61 20 aussi
1351 896 97 21 sérieux.
1462 897 44 21 Les
1520 897 80 21 barres
1612 897 29 21 de
1655 898 65 21 Oen-

1177 920 37 21 vul
1227 922 54 20 sont
1295 921 124 24 fumeuse?,
1432 923 25 20 ct
1470 921 55 22 elles
1539 922 109 21 tiennent
1662 923 60 22 bien.

1203 946 31 22 Lo
1251 946 119 26 capitaine
1386 948 118 23 G<uisho(,
1519 952 40 17 sur
1578 956 8 9 «
1605 949 105 20 St-Geor-

1178 976 40 20 ges
1234 980 8 10 »
1261 973 31 20 lit
1308 977 33 17 un
1357 977 111 20 parcours
1483 974 90 21 correct
1589 974 24 20 ct
1631 978 78 21 magni-

1178 997 69 26 fique.
1282 998 31 20 Le
1348 996 132 24 lieutenant
1513 998 135 22 Delcllcnne
1683 1004 40 17 sur

1180 1032 9 10 >»
1206 1023 88 26 DJlngo
1311 1031 8 12 .
1337 1025 25 20 ot
1378 1024 20 21 lc
1415 1024 119 24 enpltalno
1550 1025 117 25 Leurquin
1683 1029 41 17 sur

1180 1058 9 9 •
1205 1049 84 25 Funny
1303 1050 49 25 Boy
1368 1059 9 9 »
1393 1047 144 25 l'imitèrent.

1205 1075 21 21 Il
1242 1080 13 20 y
1270 1076 41 20 eut
1326 1075 110 25 quelques
1452 1076 64 21 refus
1531 1076 24 21 et
1570 1075 20 22 lc
1606 1076 118 25 capitaine

1179 1100 30 22 de
1224 1102 20 21 lo
1260 1101 73 21 Court
1349 1101 30 21 fit
1395 1101 60 21 doux
1470 1101 90 23 chutes.

1206 1127 43 21 Les
1265 1126 112 28 premier,
1392 1127 129 22 barrèrent.

1209 1162 9 9 ..
1241 1152 145 27 St-Georges
1409 1162 9 10 »
1441 1153 30 22 fit
1492 1158 34 17 un
1546 1157 107 17 nouveau
1674 1158 39 16 cor-

1181 1179 56 25 rect,
1254 1178 80 22 tandis
1350 1183 44 21 que
1412 1187 9 10 «
1439 1178 88 26 DJlngo
1545 1187 9 10 ».
1573 1180 25 20 et
1615 1187 9 11 «
1641 1179 85 25 Funny

1181 1205 50 25 Boy
1250 1214 9 10 »
1280 1205 139 21 touchaient
1437 1205 52 21 tous
1508 1204 60 22 deux
1587 1208 46 18 une
1652 1205 75 21 barre.

1209 1231 31 21 Le
1260 1230 100 22 résultat
1378 1230 69 26 après
1464 1235 26 18 ce
1508 1230 99 24 barrage
1625 1229 103 24 s'établit

1181 1261 90 17 comme
1286 1257 49 21 suit
1345 1261 6 17 :

1209 1283 18 21 1.
1239 1283 64 22 CAP.
1316 1282 146 22 GANSHOF
1472 1286 42 18 sur
1527 1290 9 10 «
1550 1282 146 24 St-Georges
1708 1291 18 16 »,

1183 1309 14 22 0
1213 1311 22 22 +
1252 1309 12 21 0
1279 1309 85 21 fautes.

1208 1334 21 21 2.
1243 1334 73 21 Lieut.
1343 1333 136 22 Delellenne
1503 1338 42 17 sur
1571 1342 9 10 ■
1600 1334 88 25 DJlngo
1709 1342 18 17 »,

1184 1360 13 22 0
1213 1361 21 23 +
1251 1361 13 20 4
1279 1360 84 22 fautes.

1210 1386 20 22 3.
1244 1386 77 25 Caplt.
1335 1386 118 26 Leurquin
1466 1389 41 19 sur
1523 1393 9 11 «
1548 1386 85 22 Funny
1646 1386 50 23 Boy
1711 1393 18 16 »,

1185 1412 13 23 0
1215 1413 22 23 +
1253 1412 13 20 4
1281 1411 85 22 fautes.

1209 1437 21 21 4.
1243 1438 115 25 Ex-asquo
1369 1442 5 16 :
1404 1438 77 24 Caplt.
1508 1437 29 22 de
1563 1437 100 21 Menten
1689 1440 41 17 sur

1192 1473 3 7 .
1212 1463 113 22 Musaflkl
1340 1473 19 14 <»,
1370 1464 12 20 3
1397 1463 79 21 fautes
1488 1463 25 21 et
1526 1462 70 25 caplt.
1610 1466 47 17 van
1670 1462 48 21 Der-

1186 1489 43 22 ton
1243 1494 41 17 sur
1299 1497 10 10 ■
1324 1489 51 21 The
1391 1490 90 20 Poison
1496 1497 18 12 ».

1211 1515 131 24 Partagent
1354 1515 93 21 ensuite
1461 1515 21 20 le
1495 1514 22 21 6"
1532 1514 52 26 prix
1596 1514 25 21 ct
1633 1513 34 21 les
1680 1512 37 22 sui-

1186 1541 77 22 vants,
1277 1544 57 18 «voe
1347 1540 13 21 4
1375 1540 79 21 fautes
1464 1544 6 17 :
1487 1540 57 24 Cap.
1558 1538 118 25 Leurquin
1691 1542 40 17 sur

1188 1574 9 11 «
1217 1566 95 22 Guidon
1342 1565 64 22 Viles
1424 1570 21 20 »;
1480 1565 63 21 Hout.
1569 1565 88 21 Cornet
1691 1568 40 16 sur

1189 1600 9 10 ■
1217 1592 89 25 Plucky
1325 1591 52 22 Glrl
1398 1594 21 22 »!
1441 1595 50 21 cap.
1511 1590 30 21 de
1560 1590 21 21 le
1600 1589 74 21 Court
1692 1593 40 17 sur

1189 1625 9 11 .
1213 1617 84 25 Queba
1310 1621 22 21 »;
1346 1616 71 26 caplt.
1432 1621 46 16 van
1492 1616 89 21 Derton
1594 1619 42 17 sur
1651 1622 8 9 >
1675 1614 58 22 Nuit

1188 1643 28 22 de
1233 1642 75 22 Chine
1326 1647 21 20 »>;
1365 1644 33 20 M.
1415 1642 60 21 Vaes
1491 1646 42 16 sur
1551 1648 9 11 «
1578 1640 91 21 Master
1684 1640 36 21 Ro-

1187 1668 51 22 bert
1253 1673 21 19 »;
1291 1668 64 21 Hout.
1369 1667 135 22 Delellenne
1518 1671 41 16 sur
1574 1665 155 25 .Bagatelle»!

1188 1694 70 24 caplt.
1271 1694 101 21 Nossent
1386 1698 41 16 sur
1442 1701 9 10 »
1467 1692 117 25 Marqui::c
1600 1699 9 10 ..
1615 1696 6 20 ;
1637 1695 51 19 cop.
1703 1690 29 22 de

1189 1720 98 22 Menten
1302 1724 41 17 sur
1360 1728 9 9 ■
1385 1717 134 23 Trouvaille
1535 1726 19 13 ».

1270 1758 53 21 LES
1341 1755 146 22 CHEVAUX
1502 1755 41 21 DE
1561 1754 90 21 SELLE

1214 1797 31 21 Le
1261 1799 113 17 concours
1389 1794 29 21 de
1435 1793 106 22 chevaux
1556 1793 30 21 de
1600 1791 64 25 selle,
1693 1792 40 25 qui

1189 1822 70 21 •ulvit
1279 1821 37 21 fut
1348 1819 54 26 Jugé
1434 1823 44 21 par
1509 1819 59 20 MM.
1586 1817 147 21 Pollet-Ter-

1189 1851 69 21 nyne,
1268 1847 35 20 De
1317 1846 74 24 Gryse
1404 1844 26 22 ct
1442 1844 41 21 Ed.
1496 1844 101 24 Lagasse
1610 1843 30 22 de
1653 1843 81 22 Locht.

1215 1873 32 20 Le
1260 1870 69 22 choix
1344 1870 29 22 de
1387 1874 26 16 cc
1428 1869 55 25 Jury
1498 1869 39 21 fut
1551 1867 49 23 très
1615 1868 119 26 applaudi.

1189 1897 20 23 U
1225 1897 37 22 fut
1277 1896 21 22 le
1314 1896 95 21 sulvnnt
1427 1899 6 17 :

1217 1923 38 20 ler
1277 1930 9 9 «
1295 1919 212 23 SPRING8TEAL
1527 1928 19 17 »,
1563 1923 32 17 au
1616 1919 117 25 capitaine

1189 1946 117 25 Ganshof,
1323 1944 109 27 présenté
1448 1949 45 22 par
1509 1945 29 23 H.
1553 1945 92 23 Braun:

1216 1973 23 21 2*
1256 1972 37 22 Sir
1307 1971 103 22 William
1427 1979 18 15 .»,
1460 1970 16 22 à
1490 1970 33 21 M.
1538 1971 50 21 Em.
1603 1971 35 21 De
1654 1971 78 24 Keyn;

1215 1999 24 20 3*
1256 2006 10 10 •
1275 1997 84 22 Orand
1376 1997 94 21 Veneur
1489 2004 19 18 .,
1525 1995 16 23 tt
1558 1996 33 21 M.
1607 1997 22 22 J.
1646 1995 76 23 Acker-

1190 2027 76 19 mans.

1215 2049 24 20 4*
1259 2057 8 9 ■»
1276 2048 57 24 May
1350 2046 90 25 Flower
1457 2055 20 18 »,
1493 2046 16 22 tt
1524 2047 33 21 M.
1574 2046 114 30 Phllipot;

1217 2074 23 21 5*
1258 2074 76 21 .East
1348 2072 122 24 Wlelow».
1484 2072 15 22 tt
1514 2072 51 21 M'"
1582 2070 98 24 Kauter.

1216 2099 33 21 Le
1266 2102 53 21 prix
1337 2098 87 27 spécial
1455 2102 32 18 au
1517 2097 83 23 cheval
1631 2097 65 27 belge
1714 2097 22 22 te

1190 2124 78 22 mieux
1285 2122 81 26 classé,
1383 2123 79 22 échoit
1478 2125 15 21 tt
1513 2124 131 25 «Wooper»,
1660 2123 16 22 à
1683 2124 51 21 M™*

1191 2150 118 22 Ganshof.

1287 2188 40 22 LA
1343 2188 101 22 COUPE
1461 2187 58 22 DES
1536 2188 104 21 DAMES

1217 2227 33 22 Le
1270 2231 113 17 concours
1403 2226 139 22 d'obstacles
1561 2226 97 21 suivant
1678 2226 60 22 était

1191 2252 92 24 réservé
1301 2257 46 17 aux
1365 2252 89 25 dames,
1471 2252 40 25 qui
1530 2251 88 22 mirent
1635 2256 47 17 une
1698 2256 28 16 ar-

1192 2279 59 21 deur
1264 2278 145 25 magnifique
1422 2278 16 22 tt
1450 2277 114 23 défendre
1578 2277 51 22 leur
1642 2279 96 20 chance.

1224 2304 44 22 Les
1292 2304 102 21 femmes
1411 2304 43 20 ont
1472 2303 53 26 plus
1544 2303 109 21 d'ardeur
1670 2306 56 22 spor-

1192 2330 48 21 tive
1259 2334 84 17 encore
1360 2334 45 22 que
1425 2329 35 22 les
1479 2329 132 21 hommes...

1218 2356 53 21 M™*
1288 2355 81 25 Denis,
1383 2359 41 17 sur
1441 2363 9 10 «
1460 2354 148 25 Campeador
1625 2362 19 16 »,
1658 2354 32 21 fit
1705 2358 34 17 un

1192 2382 62 21 beau
1267 2381 97 23 correct,
1378 2380 54 30 puis
1445 2385 26 17 ce
1486 2380 39 21 fut
1538 2380 23 20 le
1574 2381 55 19 tour
1640 2379 30 21 de
1686 2379 52 21 M"'«

1194 2407 118 23 Ganshof,
1325 2406 40 26 qui
1378 2406 30 21 fit
1422 2406 13 21 0
1449 2406 75 22 faute,
1536 2409 32 18 en
1584 2406 10 20 1
1610 2409 31 17 m.
1656 2405 24 21 19
1694 2408 45 17 sec.

1220 2432 23 22 Il
1259 2437 16 21 y
1290 2433 43 21 eut
1349 2431 92 23 bientôt
1458 2432 13 19 8
1488 2435 58 17 sans
1563 2430 75 25 faute,
1655 2434 44 21 que
1718 2429 20 21 le

1194 2457 165 22 chronomètre
1375 2456 106 24 classait;
1501 2456 61 21 mals
1578 2456 51 21 M"*
1647 2455 94 21 Kanter

1195 2484 51 21 vint
1260 2483 95 23 enlever
1370 2482 25 23 la
1410 2482 95 21 victoire
1520 2485 56 18 avec
1593 2490 9 9 •
1611 2480 129 25 Kalafltaa,

1195 2509 16 22 tt
1227 2514 34 17 un
1276 2509 66 21 train
1357 2508 29 23 de
1403 2507 97 26 steeple.

1222 2536 32 21 Le
1269 2534 101 22 résultat
1384 2533 61 21 final
1461 2533 39 21 fut
1514 2533 22 21 te
1550 2532 95 21 suivant
1664 2535 7 17 :

1224 2562 39 19 ler
1277 2560 56 21 Mlle
1351 2559 133 22 KANTFR,
1501 2562 42 17 sur
1562 2566 9 9 »
1590 2557 115 25 Kalaplta
1723 2565 18 15 »,

1196 2587 14 20 0
1227 2587 23 23 f.,
1266 2590 32 16 en
1316 2586 11 20 1
1345 2590 30 16 m.
1394 2584 25 20 16
1435 2588 55 19 sec;

1222 2612 23 20 2*
1260 2612 52 21 M""
1329 2609 116 24 Ganshof,
1456 2613 43 16 sur
1515 2617 9 10 »
1532 2608 116 22 Tetrarka
1657 2616 18 17 »,
1689 2609 14 20 0
1717 2608 25 24 f.,

1198 2638 11 20 1
1225 2642 31 15 m.
1274 2637 24 20 19
1311 2640 55 20 sec;

1224 2663 22 20 3"
1263 2663 53 20 M"-
1334 2660 118 24 Ganshof,
1468 2663 42 18 sur
1527 2659 146 25 "Woopee»,
1689 2659 14 22 0
1718 2658 24 24 f.,

1199 2689 11 20 1
1228 2692 30 16 m.
1276 2687 26 21 26
1318 2691 46 16 sec,
1383 2686 48 23 1/5;

1223 2713 23 20 4*
1259 2713 52 20 M™"
1327 2711 80 24 Denis,
1421 2715 43 17 sur
1479 2718 9 9 »
1497 2709 102 22 Domino
1608 2717 18 16 »,
1641 2710 13 21 0
1669 2709 74 25 faute,

1199 2739 11 20 1
1228 2743 31 17 m.
1276 2738 26 20 27
1319 2741 56 20 sec.;

1224 2764 23 20 5*
1261 2763 51 21 M"-
1326 2760 114 26 Léonard,
1453 2765 42 17 sur
1509 2769 9 9 ■
1527 2759 127 22 Austeriltz
1662 2768 19 16 »,
1694 2760 13 21 0
1719 2760 12 21 f
1733 2774 10 10 .,

1200 2789 10 21 1
1230 2793 31 16 m.
1280 2788 27 20 30
1322 2791 56 20 sec;

1223 2814 24 21 «•
1262 2814 53 20 M™-
1331 2812 80 25 Denis,
1426 2815 42 17 sur
1483 2818 9 10 «
1502 2809 148 26 Campeador
1658 2817 19 17 ».
1691 2810 14 21 C
1720 2809 25 25 f.,

1200 2839 10 21 1
1229 2843 31 17 m.
1276 2838 26 21 33
1319 2842 56 19 sec;

1225 2864 24 21 7»
1266 2864 52 21 M"*
1340 2863 30 22 de
1391 2860 150 26 Steenhault,
1560 2864 43 18 sur
1625 2860 121 24 «CortU»,

1198 2890 15 21 0
1231 2889 24 25 f.,
1275 2889 10 20 1
1305 2893 33 17 m.
1353 2887 28 21 34
1397 2891 47 17 sec.
1462 2886 50 25 2/5;

1226 2915 23 21 ga
1267 2915 53 20 m»..
1338 2912 181 24 Vandenbosch,
1537 2916 40 18 sur
1598 2919 9 10 «
1615 2912 55 21 Don
1687 2911 47 22 Gio-

1200 2940 73 22 vanni
1282 2949 18 14 -,
1315 2939 14 21 0
1343 2939 25 25 f.,
1382 2939 10 20 1
1408 2943 32 17 m.
1455 2937 26 22 36
1497 2942 46 17 sec.
1556 2937 51 25 2/5;

1227 2966 23 21 9*
1265 2966 53 21 M"-
1334 2964 30 22 de
1379 2964 170 25 Borchgraeve,
1562 2967 43 17 sur
1622 2971 9 9 »
1640 2962 98 22 HollaU»
1744 2978 5 7 .

1201 2992 13 21 0
1231 2991 24 23 f..
1273 2992 11 20 1
1302 2995 31 17 m.
1346 2990 28 21 40
1390 2994 55 20 sec;

1230 3018 34 20 10*
1286 3017 37 21 M"
1322 3019 6 9 1
1330 3018 8 10 *
1362 3015 94 26 Colson,
1476 3018 42 18 sur
1553 3022 11 10 «
1573 3013 148 25 Montalglon
1730 3023 18 15 »»,

1203 3044 12 21 3
1233 3042 86 22 fautes.

1284 3080 55 22 LES
1355 3079 95 22 SAUTS
1467 3079 61 22 PAR
1543 3078 123 26 QUAThrf

1229 3120 32 21 Le
1283 3122 114 18 concours
1432 3117 29 22 de
1497 3117 67 21 sauts
1599 3121 44 21 par
1665 3116 82 26 quatre

1204 3145 59 21 était
1277 3143 106 23 difficile.
1398 3144 39 21 On
1452 3144 20 20 le
1486 3143 35 21 vit
1534 3143 62 21 bien.
1610 3142 68 22 Faire
1694 3142 41 21 évo-

1204 3171 51 21 luer
1275 3171 83 28 quatre
1379 3169 113 25 chevaux,
1514 3168 52 21 leur
1587 3168 60 22 faire
1667 3169 82 20 sauter

1204 3197 42 21 des
1269 3195 122 24 obstacles,
1415 3194 52 22 leur
1489 3193 61 22 faire
1574 3193 111 22 exécuter
1707 3193 43 21 des

1205 3222 74 21 voltes
1298 3226 45 21 par
1362 3221 84 25 quatre
1466 3219 115 22 nécessite
1601 3224 35 17 un
1655 3219 80 22 entraî-

1205 3247 103 22 nement.

1230 3280 34 20 Le
1278 3282 62 21 jury,
1356 3278 108 25 composé
1479 3278 33 21 du
1530 3277 94 25 général
1640 3277 30 21 de
1686 3277 50 20 Lon-

1206 3304 98 26 gueville
1317 3305 27 20 et
1359 3304 33 21 du
1409 3303 91 21 colonel
1515 3302 127 25 Landraln,
1660 3302 90 26 Jugeait

1206 3335 41 17 sur
1263 3330 24 22 la
1304 3329 130 22 correction
1450 3329 33 22 du
1500 3333 112 22 parcours
1628 3329 26 20 et
1671 3333 40 16 sur
1728 3328 22 21 le

1205 3356 68 25 style.

1232 3389 32 20 Le
1281 3387 108 22 meilleur
1406 3391 87 21 groupe
1508 3386 28 22 de
1554 3387 83 24 quatre
1655 3385 39 22 fut
1710 3386 27 20 in-

1206 3413 197 22 discutablement
1419 3412 61 21 celui
1497 3412 42 22 des
1554 3412 84 25 quatre
1656 3416 82 17 amazo-

1207 3444 43 16 nes
1260 3444 6 16 :
1286 3439 50 21 M"-
1354 3438 100 23 Kanter,
1472 3439 52 19 M"'
1542 3437 130 25 Beauduin,
1690 3437 60 21 M""

1207 3466 52 21 Van
1276 3465 98 21 Dievoet
1390 3466 27 19 et
1433 3463 145 26 PhiUppson.

1233 3497 33 21 Le
1282 3496 141 21 classement
1441 3495 103 21 s'étabUt
1564 3499 90 17 comme
1672 3496 48 20 suit
1743 3499 6 17 :

1234 3524 38 19 ler
1286 3523 52 20 M"*
1353 3522 166 23 BEAUDUIN,
1533 3521 61 20 M«"
1609 3521 62 21 VAN
1685 3521 54 21 DIE-

1207 3549 87 22 VOET,
1315 3548 127 21 KANTER
1461 3549 26 19 et
1507 3547 182 21 PHILIPPSON
1715 3547 36 22 (44

1207 3574 100 25 points).

1234 3606 22 20 2*
1276 3605 77 25 Caplt.
1368 3605 53 20 Van
1451 3605 97 22 Derton,
1579 3604 56 22 MUe
1653 3604 99 24 Kauter,

1207 3632 65 21 Mme
1287 3631 73 21 Denis
1374 3633 25 19 et
1413 3630 33 22 M.
1460 3630 125 21 Beauduin
1603 3630 35 21 (34
1654 3630 98 25 points).

1233 3657 23 20 3*
1274 3657 77 24 Caplt.
1381 3656 118 24 Leurquin
1528 3657 26 20 et
1584 3656 54 21 Van
1654 3656 96 24 Derton,

1207 3682 69 22 Mlles
1293 3683 54 20 Van
1363 3682 99 21 Dievoet
1478 3682 26 21 et
1521 3682 100 20 Kanter.

1232 3715 40 20 On
1290 3713 123 25 applaudit
1429 3714 121 24 beaucoup
1566 3713 8 21 1
1582 3712 81 26 équipe
1681 3713 56 22 fémi-

1208 3740 56 21 nine
1279 3740 145 24 victorieuse,
1430 3740 26 21 et
1461 3739 32 21 «le
1501 3743 113 17 concours
1629 3744 25 17 se
1670 3740 70 21 termi-

1208 3770 33 17 na
1254 3769 32 17 en
1306 3764 92 23 beauté.

1235 3790 21 22 Il
1272 3791 39 21 fut
1327 3790 49 21 très
1392 3789 80 25 réussi,
1484 3790 27 21 et
1526 3789 17 22 ll
1559 3790 54 21 faut
1628 3795 32 17 en
1676 3790 64 22 félici-

1208 3817 37 21 ter
1264 3817 33 20 M.
1315 3817 27 20 A.
1361 3816 108 25 Lagrang
1486 3817 26 19 et
1531 3820 28 16 sa
1578 3815 71 22 fidèle
1669 3815 82 27 équipe

1207 3842 33 22 du
1257 3841 80 23 Cercle
1353 3842 112 25 Equestre
1481 3842 30 22 de
1528 3841 99 22 Genval.
1643 3852 28 6 —
1687 3842 24 22 S.

1880 111 97 25 Lund.
1998 111 40 24 37
2058 113 67 24 mal

1731 194 122 63 UNE
1879 179 393 78 CONFÉRENCE

1768 281 420 53 INTERNATIONALE
2214 285 20 49 ?

1798 393 87 32 POUR
1907 391 38 31 IA
1967 388 242 36 STABILISATION

1900 437 59 33 DES
1980 435 133 35 DEVISES

1812 514 37 32 ET
1870 509 252 36 L'ABAISSEMENT
2142 512 58 33 DES

1796 556 411 48 BARR1ERES_D0UANIERES

1766 624 138 23 New-York.
1924 622 26 21 2!)
1970 620 54 22 mal.
2045 631 26 6 —
2092 622 30 22 Le
2143 628 135 22 correspon-

1764 652 67 21 Oette
1852 649 121 22 Initiative,
1993 645 35 22 dlt
2049 647 20 21 lo
2089 648 130 23 New-York
2239 650 27 21 Ti-

1740 681 49 17 mes
1804 685 9 10 ».
1830 676 34 22 dlt
1878 673 76 23 savoir
1968 671 29 21 do
2011 676 80 18 source
2106 674 114 22 autorisée
2235 680 41 20 qui-

1742 702 32 21 les
1791 700 139 23 Etats-Unis
1949 697 173 25 proposeraient
2141 700 125 25 prochaine-

1741 731 66 18 ment
1828 728 28 20 do
1879 722 97 30 prendra
2000 722 129 24 l'initiative
2151 726 29 21 do
2202 726 78 21 réunir

1743 753 32 20 les
1790 750 139 30 principales
1944 747 94 22 nations
2053 753 29 17 on
2098 753 45 18 une
2157 752 111 21 conféren-

1740 783 26 16 ce
1788 776 116 24 mondiale
1926 777 58 23 pour
2003 772 61 24 Jeter
2085 774 32 22 les
2138 776 67 22 bases
2225 777 55 21 d'un

1744 803 83 22 «ccord
1846 797 168 28 IntormiUonnl
2033 798 29 22 do
2079 800 156 23 stabilisation
2243 802 40 21 des

1744 829 89 21 devises
1853 829 24 20 et
1896 827 28 22 do
1944 823 121 23 réduction
2097 825 41 22 dos
2170 827 114 22 burrlèrcu

1744 854 144 23 douiuilères.

1770 887 67 20 Cetto
1853 882 121 24 Initiative,
1988 880 36 21 dlt
2038 880 21 24 lo
2075 888 9 11 «
2099 882 127 24 Now-Vord
2240 884 28 21 Ti-

1746 916 50 17 mes
1813 920 19 15 »,
1847 912 36 20 ost
1899 909 44 21 duo
1959 906 94 22 surtout
2068 911 46 17 aux
2129 909 86 21 efforts
2231 914 41 21 per-

1744 937 99 21 sistants
1861 936 28 21 do
1908 934 30 21 M.
1957 931 62 25 Hull,
2036 932 39 24 qui
2093 937 15 17 a
2125 934 82 25 poussé
2225 935 59 21 l'od-

1746 962 159 22 mlnlstrotlon
1919 964 14 16 a
1948 956 59 23 faire
2022 957 110 25 procéder
2145 959 15 22 il
2174 960 41 21 des
2228 965 56 16 son-

1745 988 71 24 dnges
1834 985 83 26 auprès
1935 983 40 21 des
1992 985 194 23 gouvernements
2203 985 68 22 étran-

1746 1017 58 20 gers,
1819 1012 115 23 sondages
1949 1007 59 22 dont
2024 1007 33 21 les
2073 1008 110 23 résultats
2198 1012 42 21 ont
2247 1010 38 23 été

1746 1037 132 23 considérés
1894 1038 89 19 comme
1999 1036 191 24 encourageants.

1774 1070 32 22 Le
1823 1078 10 10 •
1849 1064 131 26 New-York
1993 1063 80 24 Times
2088 1073 9 11 »
2114 1066 80 26 «Jouto
2209 1072 43 21 quo
2267 1068 20 21 sl

1746 1095 66 22 l'idée
1833 1093 73 27 prend
1926 1094 73 21 corps,
2032 1089 24 21 la
2087 1091 137 23 conférence
2258 1098 30 16 cn

1748 1121 108 25 question
1874 1124 29 16 nc
1922 1115 95 23 réunira
2035 1115 71 25 qu'un
2123 1118 97 21 nombre
2238 1123 37 17 res-

1750 1147 73 21 treint
1838 1146 28 21 de
1883 1140 113 27 délégués,
2010 1144 42 17 enr
2066 1140 34 23 les
2115 1144 92 25 experts
2223 1143 52 22 amé-

1749 1172 86 21 ricains
1856 1166 130 26 attribuent
2008 1164 174 26 généralement
2202 1169 86 22 l'échec

1749 1197 28 22 de
1794 1198 22 20 la
1832 1194 137 23 conférence
1984 1190 29 22 de
2028 1191 102 23 Londres
2144 1194 29 21 do
2190 1195 51 21 1033
2257 1200 31 16 nu

1750 1222 95 22 nombre
1866 1217 97 27 exagéré
1995 1216 42 21 des
2068 1216 107 28 délégués
2207 1220 81 26 qu'elle

1751 1246 131 24 réunissait.
1897 1255 27 7 —
1938 1242 94 23 Reuter.

1822 1320 67 29 UNE
1911 1315 134 31 MESURE
2067 1316 55 32 QUI
2148 1318 70 29 FAIT

1839 1359 100 30 SENSA
1939 1356 77 28 TION
2038 1356 19 27 A
2078 1357 45 28 MO
2127 1358 83 30 SCOU

1779 1413 87 23 Berlin,
1886 1412 26 20 26
1932 1407 54 23 mai.
2012 1417 29 6 —
2065 1408 32 21 Le
2124 1417 10 11 «
2163 1411 130 21 Deutsches

1753 1435 248 26 Nachrlchtenbureau
2021 1441 9 10 »
2052 1433 76 25 public
2147 1435 25 23 la
2190 1436 102 26 dépêche

1752 1464 109 22 suivante
1880 1467 6 16 :

1779 1490 103 21 Moscou.
1897 1497 27 6 —
1939 1486 46 21 Par
2000 1483 68 22 ordre
2084 1485 31 22 du
2131 1487 90 22 Comité
2237 1491 44 17 cen-

1753 1515 46 22 tral
1815 1515 32 22 du
1862 1512 62 29 parti
1939 1509 161 27 communiste,
2115 1512 23 22 la
2153 1512 86 22 société
2253 1514 41 21 des

1753 1540 96 22 anciens
1861 1535 159 25 bolchevistes,
2032 1535 39 25 qui
2084 1537 63 21 avait
2159 1537 38 22 été
2208 1538 85 21 fondée

1753 1571 30 17 en
1798 1566 50 21 1917
1859 1565 25 21 ct
1896 1564 15 21 à
1923 1559 96 28 loquclle
2033 1561 205 25 n'appartenaient
2249 1568 44 21 que

1754 1592 42 21 des
1811 1589 128 23 socialistes
1957 1586 25 22 cl
2002 1585 42 21 des
2062 1589 166 21 communistes
2247 1591 47 24 qui,

1754 1616 41 22 des
1808 1615 88 23 années
1912 1614 49 21 1903
1975 1612 14 21 il
2006 1611 57 25 1017,
2077 1613 94 22 avalent
2185 1614 37 23 été
2236 1620 45 17 con-

1755 1641 98 23 damnés
1865 1644 44 23 par
1920 1639 33 21 les
1965 1636 133 27 tribunaux,
2110 1643 14 17 a
2135 1639 38 22 été
2185 1640 109 23 dissoute.

1782 1668 67 20 Cette
1865 1669 90 18 mesure
1971 1662 46 22 falt
2031 1663 120 23 sensation
2164 1665 15 22 à
2193 1667 103 20 Moscou.

1756 1693 98 24 8tallne,
1871 1690 94 22 Lénine.
1981 1688 155 24 Voroschllow
2151 1692 26 20 et
2192 1692 104 21 d'autres

1756 1716 170 28 personnalités
1945 1713 141 23 dirigeantes
2109 1716 32 21 du
2167 1720 115 21 gouverne-

1756 1745 66 20 ment
1836 1744 25 20 ct
1875 1743 40 21 des
1929 1738 134 24 komintern
2076 1738 89 25 étalent
2180 1741 116 22 membres

1756 1770 28 21 de
1802 1769 61 22 cette
1877 1765 92 24 société.

1782 1795 35 21 La
1832 1803 9 10 «
1856 1792 92 23 Pravda
1962 1800 8 9 »
1987 1789 86 26 publie,
2085 1795 30 18 en
2129 1792 76 22 même
2220 1793 77 26 temp»

1757 1824 44 21 que
1814 1821 24 20 la
1852 1817 105 23 nouvelle
1970 1816 29 21 de
2014 1814 24 24 la
2050 1815 145 28 dissolution,
2208 1823 34 17 un
2257 1824 28 16 ar-

1758 1845 53 23 ticle
1828 1845 61 22 dons
1903 1841 74 27 lequel
1994 1841 16 22 11
2026 1841 37 21 est
2078 1841 36 22 dit
2130 1848 44 21 que
2192 1843 42 22 des
2248 1844 35 21 élé-

1758 1870 77 23 ments
1848 1875 26 16 se
1890 1866 109 24 trouvent
2014 1866 16 21 tt
2045 1865 126 25 l'Intérieur
2185 1869 33 22 du
2233 1870 63 24 parti

1759 1896 39 26 qui
1816 1895 110 23 auraient
1943 1890 88 27 essayé,
2049 1897 31 17 au
2096 1898 85 21 moyen
2199 1896 29 21 de
2248 1894 51 22 teur

1758 1921 113 23 situation
1884 1924 31 19 ou
1929 1919 28 21 de
1971 1917 62 21 leurs
2044 1917 112 23 relations
2176 1920 28 22 do
2219 1921 79 25 porter

1758 1946 119 27 préjudice
1889 1950 30 17 ou
1931 1942 100 28 prestige
2043 1942 32 23 du
2086 1945 62 25 parti
2157 1946 26 21 et
2195 1945 32 23 du
2239 1949 45 22 gou-

1760 1971 142 24 vernement.
1917 1981 27 5 —
1958 1968 79 25 Belga.

1855 2035 202 33 L'AGRESSION
2081 2037 124 31 CONTRE

1863 2093 38 28 LE
1926 2090 97 30 MAIRE
2050 2090 38 29 DE
2113 2091 82 31 SENS

2300 174 536 80 L'AUTORITÉ

2330 280 86 49 DE
2451 280 84 48 LA
2572 278 46 50 S.
2656 279 57 49 D.
2748 280 57 47 N.

2357 354 99 40 S'ES
2457 353 32 39 T
2514 354 152 39 AFFIR
2671 346 109 48 MÉE

2415 430 147 38 DÉCLARE
2586 434 35 31 M.
2643 434 81 32 EDEN

2338 485 23 32 A
2382 483 59 32 SON
2465 480 192 51 RETOURNE
2677 474 127 39 GENÈVE

2399 549 43 22 (De
2460 547 66 21 notre
2544 545 198 26 correspondant.)

2325 581 109 24 Londres,
2453 581 27 21 28
2500 578 53 24 mal.
2574 589 26 6 —
2623 579 55 21 iPar
2698 578 143 25 téléphone).

2301 620 24 5 —
2338 609 18 20 A
2370 612 82 21 propos
2464 606 30 20 du
2507 606 78 20 retour
2598 605 13 22 (i
2623 604 109 23 Londres,
2746 605 83 24 aujour-

2300 635 62 21 d'hui
2378 634 28 21 dc
2421 633 31 21 M.
2466 630 72 25 Eden,
2552 630 20 21 lo
2588 638 9 8 ••
2613 630 66 20 New»
2692 629 123 22 Chronicle
2832 638 8 9 .

2301 659 63 27 parle
2387 662 55 18 avec
2464 656 175 23 cnthotiHlnsme
2662 655 31 21 du
2716 653 126 25 diplomate

2301 685 148 23 britannique
2467 683 45 24 qui,
2529 679 72 26 dll-ll,
2616 681 36 20 ont
2669 677 78 24 rentré
2761 679 81 22 trlom-

2302 710 136 27 phalement
2452 709 14 20 à
2485 707 102 21 l/indres
2605 710 30 17 au
2653 706 104 20 moment
2773 709 30 17 ou
2821 705 22 21 la

2302 741 76 21 presse
2395 735 30 21 du
2443 733 83 23 monde
2541 731 77 22 entier
2634 736 24 15 se
2675 730 81 22 faisait
2772 729 72 22 l'écho

2303 763 39 20 des
2356 761 75 24 éloges
2445 757 105 23 adressé»
2564 761 43 21 par
2618 756 20 21 le
2652 756 72 21 baron
2737 755 71 21 Alolsl
2820 757 25 20 et

2303 792 42 20 par
2364 788 30 19 M.
2414 784 113 22 Litvlnoff
2545 787 30 17 au
2594 782 56 23 tact,
2669 781 14 21 tt
2701 780 115 23 l'adresse,
2831 780 14 22 tt

2304 803 21 31 lu
2343 813 99 22 largesse
2459 808 95 26 d'esprit
2569 809 25 20 et
2609 807 28 21 de
2654 805 22 21 la
2692 805 142 25 compréhen-

2304 839 49 20 sion
2369 838 57 21 dont
2440 836 15 21 U
2470 835 29 21 "l
2512 837 84 23 preuve
2612 832 14 21 il
2640 830 101 22 Genève

2331 864 20 21 Il
2366 869 14 16 u
2396 861 44 22 falt
2456 861 125 23 beaucoup,
2596 857 106 26 poursuit
2718 857 20 20 lc
2755 864 9 9 •
2781 856 66 20 News

2305 888 123 23 Ohroniclc
2447 898 19 14 ...
2482 886 120 23 beaucoup
2620 882 51 26 plu»
2688 881 54 25 qu'il
2761 880 87 22 n'avait

2305 913 86 23 semblé
2412 911 116 28 probable,
2552 910 25 20 ni
2601 907 76 23 même
2701 906 98 25 possible
2820 906 28 22 de

2332 965 20 21 Il
2370 970 14 16 a
2403 963 86 26 liquidé
2507 959 190 23 définitivement
2713 956 24 22 la
2755 957 81 20 contro-

2307 995 64 17 verse
2385 990 28 21 do
2425 989 24 20 la
2462 985 153 26 Yougoslavie
2631 988 54 17 avec
2701 983 23 20 la
2736 981 111 25 Hongrie;

2307 1017 16 21 11
2338 1021 15 16 a
2368 1020 26 16 su
2409 1005 74 35 rijgler
2498 1012 33 21 les
2547 1010 102 22 troubles
2664 1009 28 22 de
2708 1007 110 25 Dantzig;
2834 1005 16 22 11

2307 1047 16 16 a
2339 1040 140 22 finalement
2497 1035 110 27 dispersé,
2623 1035 25 21 ct
2666 1034 56 22 c'est
2738 1036 43 18 son
2799 1031 52 26 plus

2308 1067 59 21 haut
2381 1066 51 24 fnit,
2448 1064 21 23 lc
2485 1064 89 23 danger
2589 1061 39 25 qui
2642 1058 118 25 menaçait
2775 1057 8 21 1
2790 1057 49 21 exis-

2309 1093 66 20 tence
2392 1091 28 21 dc
2439 1090 24 22 la
2479 1090 24 22 S.
2522 1089 28 21 D.
2568 1087 28 21 N.
2614 1090 43 21 par
2674 1084 60 21 suite
2754 1083 30 21 du
2804 1082 47 21 défi

2309 1117 117 27 apparent
2447 1115 68 21 lancé
2539 1118 42 20 por
2603 1109 124 23 Mussolini
2749 1112 31 18 au
2801 1110 39 21 sys-

2310 1142 61 23 tème
2386 1140 102 23 collectif
2501 1140 52 20 tout
2567 1136 84 23 entier.

2336 1167 62 22 Mois
2414 1172 25 16 cc
2456 1165 72 23 serait
2543 1162 84 23 rendre
2645 1160 106 22 mouvais
2767 1157 86 22 service

2310 1194 14 22 tt
2340 1194 26 20 M
2389 1192 65 22 Eden
2467 1192 25 20 et
2508 1190 15 21 tt
2538 1189 25 21 la
2579 1192 69 17 cause
2664 1185 55 25 qu'il
2736 1189 15 16 a
2766 1184 21 20 sl
2800 1184 53 21 bien

2310 1219 80 23 servie,
2403 1222 44 21 quo
2460 1214 133 26 d'exagérer
2606 1218 26 17 cc
2642 1211 55 25 qu'il
2710 1216 15 16 a
2738 1209 52 22 fait.

2337 1244 21 21 U
2383 1249 14 16 a
2420 1243 89 22 obtenu
2531 1245 44 20 que
2598 1239 22 21 le
2641 1235 120 24 différend
2785 1232 69 37 ltalç-

2312 1269 94 25 aby.istn
2426 1268 46 21 soit
2492 1266 89 22 soumis
2602 1264 15 22 tt
2637 1262 141 24 l'arbitrage,
2796 1260 60 21 mais

2313 1296 37 20 n'a
2365 1299 42 21 pas
2422 1293 75 21 résolu
2511 1291 22 22 lc
2546 1288 127 29 problème.

2339 1321 32 21 Cc
2383 1319 84 22 conflit
2477 1318 60 21 n'est
2549 1316 52 26 plus
2612 1320 45 17 une
2670 1315 96 20 menace
2778 1312 65 21 Immi-

2314 1345 71 22 nente
2407 1344 14 22 tt
2444 1344 25 23 la
2494 1343 54 25 paix
2577 1337 191 26 internationale,
2798 1337 59 20 mais

2313 1370 92 21 celle-ci
2416 1369 60 22 n'est
2488 1373 43 21 po»
2542 1370 84 19 encore
2635 1365 108 24 exempte
2756 1363 27 21 de
2797 1362 48 21 dan-

2313 1400 40 23 ger

2861 184 115 51 UN
3018 181 231 52 ACTE
3294 182 108 50 DE

2987 244 260 61 DÉSESPOIR
3267 253 20 50 ?

2874 358 43 34 ON
2931 358 128 34 TROUVE
3074 358 42 32 UN
3130 356 104 33 CORPS
3248 347 139 42 INANIMÉ

2980 405 63 32 SUR
3065 404 43 32 UN
3129 403 166 34 TROTTOIR

2883 480 40 32 LA
2944 478 133 34 VICTIME
3100 479 37 32 SE
3158 476 116 34 SERAIT
3293 468 97 42 JETÉE

3020 526 46 31 DU
3087 528 37 29 6e
3145 520 104 37 ÉTAGE

3446 196 184 30 VOYAGLS
3654 196 47 30 EN
3726 196 189 30 AUTOCAR
3927 192 3 39 |

3500 237 24 14 lil
3533 237 72 14 Cl,,,
3628 238 46 13 a..»
3685 238 25 14 «r
3718 240 8 11 «
3745 235 32 19 EM
3795 238 17 14 ;a
3824 238 21 13 i>
3867 241 7 13 ,

3456 256 116 19 Aliflrl.rrr,
3591 257 18 18 |J
3628 257 54 20 Jaaar»
3802 268 50 8 „,._
3875 257 7 16 4

3456 276 92 20 Kaf.fHt,
3568 277 20 16 11
3606 278 53 19 )*aai|
3790 288 63 8 —.«...
3875 278 7 16 I

3457 298 100 19 lt»»pl,l„i
3571 300 72 16 ».,»!..
3661 299 20 17 I»
3697 301 53 16 )».,.

3456 317 46 17 l'Ai»
3521 319 73 17 ..,.,»,
3614 319 18 17 ||
3653 321 52 16 y,.,,
3876 319 6 14 l

3459 339 97 17 a.,,.at»,a.
3574 340 19 17 |t
3610 339 53 20 Jaaaafa

3458 360 58 15 I.iiaa.1
3535 361 73 17 gfslult
3626 361 34 16 ,,.
3678 364 130 17 ,,»,,....,
3826 360 56 16 aUl.H

3504 387 39 28 Le
3560 386 152 29 Tourisme
3732 388 134 33 Français

3552 422 27 15 t*.
3598 420 27 18 »i
3644 422 58 15 l.aaall.
3721 420 107 20 J.<ia».laa,

3517 442 27 14 .11.
3551 442 4 12 I
3569 442 21 14 M
3600 442 4 13 I
3615 442 4 13 I
3629 443 5 12 I
3689 443 5 14 |
3702 443 13 11 -I
3745 442 18 16 |7
3773 442 18 15 '.I
3803 442 27 14 11»
3876 442 3 4 '

118 5402 64 30 UNE
196 5403 111 33 ALERTE
325 5409 38 29 DE
385 5409 224 30 MOBILISATION

128 5472 75 25 Liège,
217 5473 24 21 26
256 5475 50 22 mal.
319 5489 26 5 -
358 5480 128 22 Dimanche
503 5485 15 17 a
534 5485 29 18 eu
579 5480 47 22 lieu

102 5499 16 22 i
134 5499 74 24 Liège,
224 5503 42 18 une
281 5501 67 25 alerte
364 5505 27 23 de
408 5507 155 22 mobilisation
581 5512 31 16 an-

103 5524 89 21 noncée
209 5528 41 21 P«
266 5526 36 22 dix
319 5533 66 23 coups
402 5532 27 22 de
448 5537 26 17 ca
556 5533 11 21 t
585 5533 42 21 deg

104 5549 77 22 fusées
195 5549 152 27 multicolores.

130 5575 43 21 Les
186 5575 135 28 soldatsqui
334 5580 111 25 flânaient
459 5589 29 17 en
503 5584 53 23 ville
571 5585 55 22 sont

104 5601 91 21 rentrés
211 5605 29 17 en
254 5602 45 23 bon
312 5606 63 23 ordre
389 5608 57 24 dans
462 5611 39 22 les*
512 5615 113 18 casernes.

1874 2158 43 23 (De
1933 2155 67 21 notre
2016 2156 197 25 correspondant.)

1786 2189 73 24 Paris,
1876 2190 25 20 26
1918 2187 54 22 mal.
1988 2196 27 5 —
2035 2186 55 22 (Par
2105 2187 29 22 fil
2149 2188 103 26 spécial.)
2272 2198 25 7 —

1760 2217 44 20 Les
1829 2213 118 23 nouvelles
1971 2210 103 23 données
2096 2213 157 25 aujourd'hui,
2284 2213 16 22 tt

1761 2242 25 20 14
1800 2242 91 22 heures,
1901 2243 42 18 sur
1956 2237 65 22 l'état
2033 2237 30 22 de
2075 2239 69 21 santé
2157 2240 33 21 du
2204 2239 96 22 docteur

1760 2267 131 25 Dupechez,
1909 2264 73 22 maire
2001 2263 29 20 de
2049 2263 66 26 Sens,
2132 2264 91 23 étalent
2240 2265 47 26 plei-

1760 2293 98 20 nement
1872 2288 180 24 satisfaisantes.
2074 2295 5 4 •
2099 2295 4 5 ■
2167 2293 14 20 t

1787 2318 58 20 Hier
1861 2317 47 21 soir
1926 2314 60 26 déjà,
2002 2313 22 22 le
2042 2313 73 23 blessé
2129 2315 65 23 avait
2210 2316 38 22 été
2265 2316 22 21 lé-

1762 2342 120 27 gèrement
1904 2338 111 24 alimenté
2037 2338 37 25 et;
2090 2344 31 18 au
2143 2341 106 21 irioment
2271 2342 29 20 de

1760 2367 145 24 s'endormir,
1918 2366 18 21 11
1957 2364 65 22 avait
2042 2364 115 26 plaisanté
2179 2371 57 18 avec
2257 2372 44 16 son

1761 2395 135 23 entourage.

1788 2424 151 24 Néanmoins,
1962 2421 35 22 les
2034 2421 106 24 visiteurs
2164 2424 137 22 demeurent

1762 2450 109 25 éloignés,
1888 2452 26 19 et
1931 2449 65 21 toute
2015 2449 161 22 conversation
2194 2451 37 20 est
2262 2450 27 21 in-

1762 2477 85 21 terdite
1871 2480 30 17 au
1924 2472 80 23 blessé.

1788 2503 49 21 Des
1855 2500 103 22 troubles
1975 2499 29 22 dc
2023 2498 25 21 la
2064 2498 75 23 vision
2156 2501 96 22 avalent
2269 2504 33 21 pu

1763 2527 82 22 laisser
1861 2526 107 22 craindre
1985 2529 33 17 un
2034 2526 103 20 moment
2152 2531 33 17 un
2202 2524 87 23 décolle-

1764 2553 66 21 ment
1844 2553 29 20 de
1891 2552 23 20 la
1930 2550 75 22 rétine
2022 2550 30 21 de
2068 2550 55 21 l'œil
2140 2552 68 25 droit,
2224 2551 66 21 décol-

1764 2579 89 20 lement
1868 2576 117 22 résultant
2001 2575 29 22 de
2047 2574 24 22 la
2086 2575 101 23 violence
2205 2577 32 21 du
2244 2581 60 21 coup

1763 2604 40 25 qui
1820 2609 15 16 a
1848 2603 88 21 atteint
1951 2602 21 21 le
1989 2599 74 23 blessé
2077 2600 17 24 tt
2103 2602 27 23 la
2144 2602 82 26 région
2242 2604 48 20 tem-

1764 2629 80 26 porale
1859 2628 83 22 droite.

1791 2656 53 19 Aux
1867 2653 119 22 dernières
2007 2651 123 25 nouvelles,
2153 2653 62 22 cette
2240 2658 51 17 com-

1766 2680 113 25 plication
1900 2680 60 20 n'est
1981 2677 53 26 plus
2054 2676 16 22 tt
2081 2677 115 25 redouter.

1791 2705 92 24 Malgré
1900 2705 36 20 les
1954 2699 143 29 injonctions
2110 2704 28 21 de
2156 2709 38 17 ses
2210 2704 82 21 confrè-

1766 2735 44 19 res,
1825 2732 22 21 le
1860 2731 98 20 docteur
1971 2728 124 25 Dupechei
2105 2729 56 22 s'est
2173 2730 90 21 efforcé
2278 2730 28 21 de

1765 2756 140 20 rassembler
1924 2754 112 27 quelques
2054 2755 118 21 souvenirs
2192 2756 101 25 suscepti-

1766 2781 50 21 bles
1837 2782 29 20 de
1878 2781 93 21 donner
1991 2784 48 17 aux
2057 2780 138 26 enquêteurs
2215 2786 33 16 un
2268 2781 26 21 In-

1767 2807 51 20 dice
1835 2807 30 20 de
1884 2806 92 25 départ.

1794 2837 22 21 Il
1836 2843 14 15 a
1871 2841 32 21 pu
1917 2837 102 25 préciser
2037 2837 70 27 qu'un
2125 2837 98 27 barrage
2244 2838 65 21 avait

1767 2862 39 22 été
1821 2862 79 22 dressé
1915 2863 89 21 devant
2017 2865 45 20 son
2068 2861 155 24 'automobile.
2238 2865 23 20 Il
2275 2864 34 21 lul

1767 2888 38 21 est
1825 2887 168 21 actuellement
2012 2888 132 25 impossible
2163 2889 29 21 de
2211 2890 51 21 dire
2282 2894 27 16 cc

1768 2913 40 26 qui
1822 2918 15 16 a
1850 2913 68 21 suivi.
1933 2914 40 20 Un
1988 2914 55 21 trou
2057 2915 36 19 est
2109 2913 31 24 là,
2155 2918 41 17 car
2209 2915 34 21 M.
2259 2915 37 21 Du-

1769 2939 87 26 pechez
1874 2943 26 17 se
1918 2938 110 23 souvient
2045 2938 130 23 seulement
2194 2940 28 23 de
2241 2940 69 22 l'aide

1769 2969 44 21 que
1833 2964 34 22 lui
1874 2963 152 26 apportèrent
2046 2965 58 21 MM
2112 2965 91 22 Moreat
2221 2966 26 21 et
2263 2966 47 21 Lu-

1770 2995 35 19 ca,
1818 2989 35 21 les
1868 2990 63 21 deux
1948 2990 140 21 charretiers
2105 2991 46 24 qui,
2167 2989 15 23 tt
2199 2991 12 21 S
2227 2991 85 21 heures

1771 3016 32 21 du
1816 3016 84 22 matin,
1922 3015 58 26 hier,
2003 3015 112 23 devaient
2139 3015 22 22 te
2184 3015 127 25 découvrir,

1770 3040 112 24 Inanimé,
1895 3041 25 21 et
1941 3040 23 22 le
1982 3038 104 25 aecdUrlr
2107 3042 29 20 de
2157 3041 51 22 leur
2227 3042 85 21 mieux.

1796 3074 39 21 Du
1853 3072 53 23 côté
1924 3072 31 22 de
1971 3072 123 26 l'enquête,
2113 3073 52 21 rien
2183 3078 31 17 ne
2232 3073 67 22 trans-

1770 3099 57 25 pire.
1845 3099 21 21 Il
1880 3099 38 21 est
1936 3099 50 21 vrai
2002 3103 45 22 que
2066 3099 35 21 les
2117 3093 140 31 enquêteurs
2272 3104 27 16 ve-

1771 3129 45 16 nus
1832 3124 29 22 de
1878 3124 79 25 Dijon,
1974 3124 95 21 ceux-là
2085 3124 77 21 même
2177 3125 39 25 qui
2232 3124 81 21 furent

1770 3149 73 23 mêlés
1859 3149 15 22 à
1891 3149 103 23 l'affaire
2010 3150 91 24 Prince,
2116 3150 117 21 semblent
2249 3151 65 20 avoir

1771 3181 56 20 reçu
1846 3180 48 17 une
1913 3175 111 26 consigne
2043 3176 59 21 dont
2122 3175 30 22 lls
2170 3180 31 18 ne
2220 3175 93 22 veulent

1772 3206 43 21 pas
1832 3206 26 16 se
1876 3200 106 26 départir
1998 3201 16 22 tt
2032 3205 78 17 aucun
2128 3201 59 26 pjix.

1798 3235 37 19 Au
1853 3238 69 16 cours
1939 3233 30 22 de
1986 3233 26 21 la
2025 3233 62 25 nuit,
2106 3233 40 21 des
2165 3232 151 26 Inscriptions

1772 3260 98 24 portant
1892 3258 35 22 les
1948 3259 64 21 mots
2032 3259 29 21 de
2086 3267 9 9 »
2103 3258 112 25 bandit»,
2237 3263 66 16 assas-

1771 3285 65 24 sin»,
1850 3284 43 21 ont
1911 3283 38 22 été
1967 3283 77 22 tracés
2061 3289 29 16 en
2108 3284 83 22 lettres
2209 3284 107 21 énormes

1772 3315 42 16 sur
1831 3309 25 23 la
1874 3310 93 22 maison
1984 3310 28 22 de
2027 3310 33 21 M.
2079 3311 93 20 Gaston
2190 3309 127 24 Gaudaire,

1773 3336 118 21 sénateur,
1909 3335 23 21 le
1951 3334 164 27 prédécesseur
2133 3336 30 21 de
2182 3336 34 20 M.
2236 3336 67 25 Dupe-

1774 3362 57 21 chez
1847 3360 16 23 tt
1876 3361 24 21 la
1918 3361 83 22 mairie
2017 3361 29 22 de
2064 3361 67 22 Sens.

2340 1419 123 23 Mussolini
2482 1418 91 24 déclare
2589 1418 107 24 toujours
2714 1418 55 18 avec
2787 1411 59 23 Insis-

2315 1446 69 22 tance
2397 1450 44 21 que
2454 1446 37 20 cet
2502 1444 118 25 arbitrage
2634 1443 14 21 à
2661 1440 66 23 venir
2739 1440 36 22 est
2788 1439 57 21 stric-

2315 1472 89 23 tement
2418 1469 74 23 limité
2505 1470 15 21 à
2533 1469 121 22 l'Incident
2665 1463 168 26 d'Oual-Oual.

2341 1497 21 21 Il
2382 1497 111 21 continue
2513 1495 15 22 &
2550 1499 88 17 masser
2659 1493 41 21 des
2721 1493 94 23 troupes
2834 1490 25 20 et

2315 1521 117 28 proclame
2449 1525 44 21 que
2507 1520 24 22 la
2548 1523 97 18 menace
2662 1518 107 25 abyssine
2785 1515 74 22 existe

2315 1551 90 18 encore.

2342 1573 21 21 II
2381 1577 26 17 se
2426 1571 57 26 peut
2502 1575 44 21 que
2566 1570 61 22 cette
2647 1569 71 25 façon
2737 1568 74 24 d'agir
2829 1568 31 18 ne

2316 1599 45 21 soit
2383 1598 85 26 qu'une
2491 1595 82 27 simple
2596 1594 102 23 attitude
2718 1590 104 25 destinée
2845 1591 15 22 tt

2316 1624 85 22 cacher
2412 1623 15 21 à
2439 1627 37 17 ses
2486 1621 166 26 compatriotes
2663 1621 22 21 lc
2697 1619 46 22 falt
2753 1622 44 21 que
2809 1616 51 22 leur

2317 1649 54 21 chef
2385 1654 15 15 a
2413 1649 38 23 agi
2464 1653 55 16 sous
2532 1652 46 16 une
2593 1645 105 26 pression
2711 1643 149 26 quelconque,

2317 1673 88 23 activée
2423 1677 84 19 encore
2525 1677 44 21 par
2587 1670 110 26 l'opinion
2713 1668 116 27 publique,
2847 1667 13 21 à

2318 1704 113 17 renoncer
2447 1698 14 22 à
2476 1698 79 25 exiger
2571 1697 41 22 des
2625 1697 82 21 choses
2722 1694 55 27 qu'il
2793 1693 56 22 n'au-

2319 1725 45 22 rait
2376 1724 87 26 Jamais
2476 1723 32 22 dû
2521 1721 85 27 exiger.

2344 1750 62 21 Mais
2417 1751 21 20 le
2450 1748 116 27 problème
2577 1748 29 21 de
2617 1746 24 23 la
2652 1744 157 24 délimitation
2821 1744 41 21 des

2319 1775 125 23 frontières
2464 1774 62 22 reste
2546 1772 74 31 pareil
2636 1773 26 21 ct
2682 1771 54 22 tant
2756 1769 56 26 qu'il
2831 1771 30 19 ne

2319 1804 52 18 sera
2391 1805 43 21 pos
2452 1799 76 22 résolu
2548 1801 21 19 le
2590 1798 89 23 danger
2698 1801 31 17 ne
2747 1799 53 18 sera
2819 1798 42 21 pas

2320 1825 73 27 passé.

2346 1852 34 20 La
2399 1851 62 21 suite
2479 1850 29 23 de
2528 1849 53 22 tout
2603 1848 56 23 cela,
2680 1851 61 18 nous
2760 1846 103 21 l'aurons

2319 1877 61 22 dans
2395 1877 61 21 deux
2471 1880 30 18 ou
2517 1875 57 22 trois
2588 1873 67 25 mois,
2669 1873 91 25 lorsque
2775 1871 24 21 la
2814 1870 36 22 sai-

2320 1906 42 17 son
2379 1902 41 21 des
2434 1901 76 26 pluies
2523 1904 52 18 sera
2592 1898 80 27 passée
2688 1903 31 18 en
2735 1895 127 27 Abyssin».

2320 1929 19 20 A
2356 1927 61 21 cette
2436 1926 88 25 époque
2543 1924 130 22 seulement
2692 1922 24 22 la
2735 1926 81 22 gucrTC
2833 1925 30 16 ne

2320 1953 70 21 Eoralt
2402 1952 59 25 plus,
2471 1955 90 18 comme
2571 1948 167 24 actuellement
2749 1952 46 18 une
2806 1946 44 22 sim-

2321 1978 35 26 ple
2378 1982 95 17 menace
2500 1976 60 22 mais
2579 1980 47 17 une
2644 1973 136 27 possibilité.

2346 2004 35 21 La
2402 2002 63 22 seule
2483 2001 96 22 victoire
2601 1999 135 23 Immédiate
2759 2001 102 22 rempor-

2322 2028 35 21 tée
2375 2033 43 20 par
2437 2029 32 21 M.
2488 2027 67 21 Eden
2574 2028 37 20 est
2629 2025 24 22 la
2670 2024 193 22 reconnaissance

2321 2054 28 22 de
2365 2053 118 22 l'autorité
2499 2053 28 21 dc
2544 2053 24 20 la
2585 2052 23 21 S.
2624 2052 28 20 D.
2668 2050 35 24 N.,
2719 2054 31 17 en
2766 2048 97 22 évitant,

2321 2084 25 16 ce
2368 2079 39 25 qui
2427 2079 42 22 eut
2488 2077 38 22 été
2547 2075 150 25 lamentable,
2714 2079 44 20 que
2779 2073 84 22 l'Italie

2321 2105 48 21 s'en
2381 2103 119 22 détachttt.

2348 2130 31 21 Ce
2397 2129 75 25 grand
2489 2128 90 24 danger
2595 2125 125 27 supprimé,
2737 2124 17 22 U
2771 2124 93 22 devient

2322 2153 150 23 maintenant
2493 2153 99 26 possible
2615 2155 46 18 aux
2678 2151 137 26 puissances
2836 2149 28 21 de

2320 2180 87 24 diriger
2427 2180 51 21 leur
2499 2178 119 22 attention
2640 2181 40 17 sur
2700 2176 34 21 les
2754 2174 97 26 négocia-

2322 2205 62 21 tions
2398 2209 44 20 que
2460 2203 38 22 Sir
2515 2203 52 21 Eric
2585 2201 95 26 Phlpps,
2697 2199 166 23 ambassadeur

2321 2230 150 25 britannique
2485 2230 14 21 à
2516 2228 87 23 Berlin,
2620 2233 15 16 a
2651 2226 141 26 entreprise»
2808 2228 55 19 avec

2322 2256 20 21 le
2355 2256 74 21 baron
2443 2259 45 17 von
2499 2254 114 22 Neuratn.

2347 2282 46 21 Ces
2410 2279 160 26 négociation»
2588 2277 122 23 devraient
2725 2276 89 21 former
2830 2275 34 21 le»

2322 2306 170 27 préliminaires
2514 2304 120 26 pratiques
2655 2308 52 16 vers
2725 2306 33 17 un
2781 2302 83 20 nouvel

2322 2331 166 25 arrangement
2503 2330 118 25 pacifique
2637 2328 29 22 de
2679 2329 114 23 l'Europe,
2807 2326 57 21 don»

2322 2357 21 23 le
2369 2356 80 22 récent
2480 2355 106 21 discours
2617 2354 29 22 de
2669 2352 77 22 Hitler
2777 2351 87 23 semble

2322 2383 70 21 offrir
2402 2383 52 20 tout
2468 2386 30 17 au
2512 2380 77 21 moins
2602 2379 22 22 la
2638 2378 134 25 possibilité.

2347 2409 45 20 Les
2407 2406 153 23 événements
2576 2405 29 21 de
2623 2403 95 22 Genève
2735 2406 60 17 nous
2812 2401 54 22 fonl

2322 2438 88 21 gagner
2433 2433 32 21 du
2485 2433 77 23 temps
2583 2433 25 19 et
2631 2434 61 16 nous
2714 2429 105 22 donnent
2842 2426 23 21 la

2322 2460 97 22 chance,
2440 2462 48 17 non
2508 2456 131 22 seulement
2661 2455 28 21 de
2709 2458 61 17 nous
2786 2453 80 22 lancer

2324 2485 60 21 dans
2410 2488 46 18 une
2478 2481 106 22 nouvelle
2610 2480 114 23 tentative
2750 2479 29 21 de
2805 2478 62 25 paix,

2323 2510 61 21 mais
2401 2509 29 22 de
2449 2512 60 18 nous
2525 2512 15 20 y
2558 2505 80 24 lancés
2656 2509 55 18 avec
2730 2502 137 27 tranquillte

2324 2535 103 25 d'esprit.

2400 2566 32 21 M.
2455 2564 81 22 EDEN
2559 2563 55 22 EST
2639 2561 157 23 SATISFAIT

2350 2600 33 21 Le
2399 2596 184 27 correspondant
2600 2594 110 27 politique
2726 2594 31 21 du
2775 2602 9 9 •
2800 2593 68 21 News

2326 2624 123 22 Chronicle
2468 2633 9 8 »
2496 2623 36 21 dlt
2547 2621 54 26 qu'tt
2617 2624 44 18 son
2677 2618 88 23 arrivée
2780 2623 25 16 ce
2822 2618 46 20 soir

2326 2651 15 21 à
2353 2649 111 23 Londres,
2478 2648 33 21 M.
2526 2646 113 25 Anthony
2652 2645 65 22 Eden
2732 2649 16 17 a
2763 2644 36 22 dit
2814 2642 55 27 qu'il

2326 2681 14 19 y
2355 2675 64 22 avait
2434 2674 78 22 toutes
2527 2673 91 21 raisons
2631 2671 72 22 d'être
2718 2669 104 22 satisfait
2838 2668 31 21 du

2327 2701 85 21 travail
2428 2700 45 20 fait
2486 2700 62 20 oette
2562 2697 104 22 semaine
2681 2700 44 21 par
2740 2695 22 21 le
2777 2693 93 23 Conseil

2327 2727 29 21 de
2370 2726 24 22 la
2410 2726 24 21 S.
2448 2726 29 21 D.
2491 2725 29 21 N.

2966 585 43 23 (Da
3026 585 67 21 notre
3109 583 200 26 correspondant.)

2888 616 73 24 Paris,
2977 617 26 21 26
3021 616 55 22 mal.
3094 627 27 7 —
3140 616 56 21 (Par
3213 616 27 21 fil
3257 614 108 27 spécial).
3381 624 24 6 —

2864 642 31 21 Cc
2910 642 82 23 matin,
3007 646 51 16 vers
3072 642 12 20 5
3099 641 22 22 h.
3138 641 31 23 15,
3183 645 30 17 au
3228 641 52 21 coin
3295 640 29 22 de
3339 640 69 22 l'ave-

2864 671 45 17 nuo
2929 667 30 22 du
2979 668 59 21 Parc
3071 667 144 22 Montsourls
3234 668 24 20 ct
3277 666 29 23 de
3326 665 23 23 la
3369 670 41 17 rue

2867 693 105 24 d'Aléilo,
2988 693 41 21 des
3052 693 109 25 passants
3177 692 139 26 aperçurent
3331 691 79 24 gisant

2865 717 104 22 lnunlmé
2987 723 40 17 sur
3046 718 21 22 le
3087 718 100 24 trottoir,
3206 718 20 21 lc
3245 717 70 22 crâne
3335 714 77 27 broyé,

2867 747 30 17 un
2915 744 93 21 homme
3025 743 54 23 vêtu
3095 744 56 21 d'un
3167 743 103 26 pyjama.

2892 769 43 21 Le»
2950 771 83 23 agent»
3048 774 29 16 ne
3094 771 86 23 purent
3195 773 44 21 quo
3255 768 119 21 constater
3390 768 21 21 le

2866 793 67 23 décè»
2952 796 24 20 ct
2995 794 197 23 reconstituèrent
3210 794 149 25 rapidement
3390 793 22 21 le

2867 818 80 23 drame

2893 845 128 22 L'Inconnu
3056 845 79 24 s'était
3170 844 243 22 vraisemblablement

2868 869 47 25 Jeté
2934 875 42 19 par
2995 875 46 17 une
3060 871 91 22 fenêtre
3169 871 29 21 de
3216 870 147 22 l'Immeuble.
3381 870 32 21 Il»

2869 895 145 23 réveillèrent
3034 896 99 22 ausflltôt
3153 896 23 22 la
3196 896 121 24 concierge
3337 895 31 22 du
3390 895 24 23 M

2869 920 28 23 de
2915 921 23 21 la
2956 926 41 17 rue
3015 923 62 20 d'AI»-
3079 925 34 17 ..in
3131 922 24 22 et
3172 922 62 21 cette
3252 921 106 22 dernière
3376 925 25 17 re-

2870 947 89 20 connut
2972 951 33 17 un
3031 947 28 21 de
3073 952 37 16 «c»
3124 947 130 23 locataires,
3268 947 88 22 Robert
3369 946 45 25 Ly-

2870 975 53 21 nen,
2944 972 82 23 artiste
3048 973 98 25 peintre,
3166 972 44 25 tgé
3230 972 69 22 d'une
3320 972 82 21 soixan-

2871 997 63 21 taine
2956 997 117 25 d'année»,
3093 998 112 22 habitant
3238 1002 33 18 un
3304 998 99 31 apparte-

2871 1023 65 21 ment
2954 1027 30 17 au
3001 1023 95 23 sixième
3113 1028 31 17 en
3161 1023 138 27 compagnie
3329 1022 29 22 de
3390 1027 26 17 ta

2872 1047 94 25 femme,
2983 1049 82 21 artiste
3083 1049 96 25 lyrique,
3195 1048 25 23 et
3237 1048 28 22 de
3283 1053 44 17 son
3344 1048 47 22 111».

2894 1068 174 29 Accompagné»
3101 1074 30 22 de
3165 1074 24 21 la
3223 1074 128 24 concierge,
3385 1073 33 22 les

2873 1099 83 23 agents
2978 1098 134 23 montèrent
3133 1098 100 23 aussitôt
3254 1099 16 22 tt
3291 1099 115 26 l'apparte-

2874 1123 66 22 ment
2956 1124 29 21 de
3002 1125 32 21 M.
3051 1125 87 24 Lynen.

2900 1149 21 21 Il
2941 1149 71 22 fallut
3032 1149 105 23 réveiller
3157 1151 52 21 M""
3230 1150 81 25 Lynen
3331 1151 25 21 et
3375 1154 44 18 son

2878 1174 39 21 fil»
2943 1175 46 24 qui,
3015 1174 111 23 dormant
3164 1175 189 25 profondément,
3390 1180 30 17 ne

2878 1199 108 22 s'étalent
3003 1205 86 20 aperçu
3105 1201 30 21 de
3151 1195 58 28 rien.

2903 1226 38 20 On
2958 1226 43 24 put
3019 1225 85 22 établir
3120 1230 44 22 que
3182 1226 22 22 le
3221 1226 128 26 désespéré,
3366 1230 43 23 pro-

2877 1250 74 22 fitant
2966 1251 33 21 du
3014 1251 106 22 sommeil
3136 1251 41 24 des
3192 1252 70 26 siens,
3277 1252 79 22 s'était
3373 1252 49 22 levé

2878 1280 57 21 pour
2950 1277 85 21 mettre
3050 1281 43 17 son
3108 1277 93 23 funeste
3216 1277 78 26 projet
3308 1277 15 22 tt
3338 1277 71 22 exécu-

2879 1301 49 21 tion
2945 1303 31 20 ct.
2994 1303 74 23 ayant
3084 1302 110 25 enjambé
3211 1305 22 19 Je
3249 1303 85 22 baloon
3351 1303 33 22 du
3401 1303 21 22 6«

2878 1326 75 25 étnge,
2965 1326 78 24 «'était
3056 1327 111 26 précipité
3180 1328 60 22 dans
3252 1328 21 22 le
3286 1328 59 22 vide.

2903 1352 31 21 Le
2951 1357 67 21 corps
3034 1354 73 23 ayant
3123 1353 37 21 été
3176 1353 125 23 découvert
3316 1354 107 24 aussitôt,

2879 1378 87 22 l'heure
2990 1378 32 21 du
3045 1378 88 23 suicide
3157 1379 56 25 peut
3237 1379 49 22 être
3310 1379 75 22 située
3409 1378 15 23 tt

2879 1403 12 21 5
2913 1403 23 22 h.
2959 1404 32 21 10.
3012 1404 38 21 On
3071 1403 125 26 s'explique
3217 1405 48 21 mal
3286 1409 84 18 encore
3391 1405 34 22 les

2879 1433 81 17 cau»e»
2977 1429 29 21 de
3023 1429 38 21 cet
3077 1430 52 21 acte
3146 1429 29 21 de
3192 1429 124 28 désespoir.

2906 1455 34 20 La
2953 1453 50 24 fille
3017 1454 28 23 de
3059 1455 32 21 M.
3104 1454 87 26 Lynen,
3204 1456 52 20 M»"
3270 1455 155 26 Henneguler,

2881 1479 59 23 dont
2956 1479 21 22 le
2994 1480 61 21 mori
3071 1480 47 22 folt
3134 1480 166 23 actuellement
3316 1486 44 17 son
3376 1486 38 17 ser-

2880 1505 48 21 vice
2950 1505 110 21 militaire
3081 1505 16 21 tt
3117 1505 81 22 Melun
3218 1506 26 21 et
3263 1506 40 26 qui
3324 1507 102 21 habitait

2881 1535 40 17 rue
2946 1529 108 24 d'Alésia,
3079 1530 54 26 près
3157 1530 29 23 de
3210 1531 57 21 chez
3291 1536 54 21 eux;
3371 1533 55 21 s'est

2882 1556 88 22 rendue
2985 1555 203 23 immédiatement
3201 1561 41 17 sur
3257 1557 34 22 les
3304 1557 70 22 lieux.

2906 1581 32 22 Le
2952 1585 67 21 corps
3032 1581 29 22 de
3074 1582 33 21 M
3119 1582 82 25 Lynen
3214 1587 15 17 a
3242 1581 37 23 été
3293 1582 133 26 transporté

2882 1607 15 22 tt
2911 1606 114 26 l'hôpital.

2906 1633 32 23 Le
2955 1632 158 24 commissaire
3130 1636 15 18 a
3161 1634 83 21 ouvert
3258 1637 47 18 une
3321 1633 102 26 enquête,

2977 1665 38 21 CE
3030 1664 61 25 QUE
3106 1664 54 21 DIT
3176 1665 35 20 SA
3224 1664 108 22 FEMME

2911 1695 74 25 Paris,
2998 1696 26 20 211
3038 1695 55 22 mai.
3106 1705 28 5 —
3147 1695 51 21 M'"*
3212 1695 83 26 Lynen
3308 1703 15 15 a
3336 1696 47 22 fait
3395 1696 35 22 les

2886 1721 157 21 déclarations
3058 1721 121 21 suivantes
3195 1725 41 18 sur
3252 1721 35 22 les
3302 1726 82 18 causes
3400 1723 29 21 de

2885 1747 68 22 l'acte
2969 1747 28 21 do
3011 1745 118 27 désespoir
3143 1746 29 22 de
3184 1751 45 18 son
3244 1747 59 21 mari
3314 1751 7 18 :

2911 1782 28 6 —
2951 1772 29 22 Je
3010 1773 22 21 le
3062 1772 150 25 pressentais,
3242 1777 60 17 nous
3331 1773 99 22 dit-elle.

2886 1798 58 22 Hier
2958 1798 54 24 soir,
3028 1802 55 17 mon
3100 1798 61 21 mari
3176 1799 36 20 est
3226 1798 79 21 rentré
3321 1799 53 25 plus
3389 1804 29 16 ac-

2886 1823 65 23 cablé
2965 1828 83 18 encore
3061 1828 44 21 que
3119 1824 29 21 de
3161 1824 116 24 coutume,
3290 1824 34 22 les
3336 1824 82 23 démar-

2886 1849 57 23 ches
2959 1850 54 25 qu'il
3031 1849 64 22 avait
3111 1849 73 22 faites
3200 1853 59 21 pour
3275 1850 95 22 trouver
3385 1855 46 17 une

2887 1875 66 26 place
2973 1875 68 22 étant
3061 1874 88 22 restées
3168 1874 82 22 vaines
3269 1880 48 17 une
3336 1876 46 22 fois
3403 1876 29 22 de

2887 1901 59 25 plu».
2967 1902 39 21 On
3028 1901 80 25 Ignore
3129 1905 57 17 sans
3208 1901 77 23 doute,
3306 1906 45 20 que
3371 1906 61 17 nous

2886 1931 101 17 sommes
3003 1927 60 22 dans
3079 1927 23 21 la
3118 1927 53 25 plus
3185 1926 66 22 noire
3268 1927 91 24 misère.
3373 1928 59 21 Mon

2887 1952 47 25 fils,
2946 1953 83 25 depuis
3040 1952 117 25 plusieurs
3168 1952 67 24 mois,
3247 1952 39 21 n'a
3298 1957 79 18 aucun
3389 1957 30 17 en-

2887 1979 132 25 gagement.
3033 1979 64 21 Ceux
3111 1978 69 25 qu'on
3195 1978 33 22 lul
3240 1978 63 23 offre
3316 1983 31 17 en
3362 1978 57 22 Amé-

2887 2004 65 24 rique
2971 2004 32 22 lul
3022 2005 56 20 sont
3095 2004 112 21 Interdits
3224 2008 45 21 par
3286 2008 34 18 un
3337 2005 96 22 contrat

2887 2029 69 25 passé
2972 2034 55 18 avec
3045 2034 47 18 une
3108 2028 138 26 compagnie
3264 2030 124 24 française.

2914 2055 48 21 Son
2976 2055 94 21 dernier
3083 2055 53 21 film
3149 2059 31 17 ne
3193 2055 32 21 lui
3239 2060 14 16 a
3267 2060 43 20 pas
3321 2055 113 26 rapporté

2888 2085 33 17 un
2935 2085 50 17 sou.
3001 2082 58 21 Mon
3075 2081 59 21 mari
3150 2082 25 20 et
3191 2081 54 25 moi,
3260 2085 102 17 sommes
3378 2086 56 16 sans

2888 2106 92 22 travail.
2987 2108 77 20 '-«Nous
3083 2107 76 22 allons
3177 2106 50 22 être
3247 2106 108 26 expulsés
3374 2108 60 24 d'Ici,

2888 2132 67 22 faute
2976 2132 30 22 de
3027 2132 98 26 pouvoir
3145 2136 74 22 payer
3238 2132 23 22 te
3284 2134 81 21 terme.
3386 2133 48 21 Nos

2888 2157 103 22 meubles
3006 2160 58 20 vont
3079 2158 50 21 être
3145 2158 90 22 vendus
3250 2162 60 21 pour
3324 2163 72 21 payer
3412 2159 22 21 le

2888 2184 51 22 fisc.
2955 2185 65 21 Nous
3034 2185 99 21 n'avons
3149 2183 169 22 littéralement
3334 2185 55 30 plus
3405 2185 29 21 de

2888 2209 64 25 pain.
2979 2210 58 20 Mon
3064 2210 67 24 mari,
3157 2209 57 25 déjà
3240 2209 45 26 âgé
3314 2210 27 20 Ml
3369 2211 65 21 avait

2888 2236 25 19 63
2928 2237 53 20 ans)
2998 2236 40 21 n'a
3051 2240 44 21 pas
3108 2240 30 18 eu
3152 2236 24 21 la
3189 2236 64 21 force
3269 2236 28 21 de
3310 2235 96 23 résister
3418 2236 16 22 à

2888 2262 55 20 tant
2956 2261 30 21 de
3002 2261 146 23 malchance.

2914 2286 29 21 Je
2961 2286 38 22 l'ai
3017 2286 68 23 veillé
3103 2288 66 21 toute
3187 2287 24 22 la
3230 2287 61 24 nuit,
3309 2288 125 25 craignant

2889 2316 33 16 un
2938 2312 115 24 malheur,
3069 2313 60 21 mais
3145 2313 15 21 à
3176 2313 83 25 l'aube,
3275 2312 90 27 malgré
3380 2315 55 22 moi.

2889 2337 24 25 Je
2935 2343 37 16 me
2993 2338 50 22 suis
3065 2338 126 23 endormie.
3214 2339 21 21 Il
3257 2344 31 17 cn
3310 2345 15 16 a
3347 2340 87 25 profité

2890 2367 59 20 pour
2961 2368 26 17 se
3002 2365 54 20 tuer
3070 2375 18 10 ...
3101 2375 28 6 —
3142 2365 87 21 Havas.

3530 548 337 81 EVIAN

3463 679 168 34 HOTEL
3653 675 285 36 SPLENDIDE

3591 725 65 25 E»T
3673 724 138 25 OUVERT

3466 785 292 26 ETABLISSEMENT
3772 783 168 26 THERMAL

3658 819 89 25 OOLF

3466 860 135 22 Condition»
3608 862 112 24 spéciale,
3728 866 29 14 an
3765 857 62 23 MAI
3836 860 23 20 «f
3869 856 72 23 JUlht

3554 904 85 18 Hapn.
3650 902 73 17 direct.
3735 899 127 19 r.rl.-Eïl».»

3497 943 173 20 R.n.»l»n.mrr»u
3684 946 7 15 :
3703 942 13 17 t
3728 940 79 21 ZVIAM,
3819 941 21 17 «t
3851 940 13 17 à
3876 936 78 27 Tirit-.'_

3476 964 78 17 Bureau
3573 967 32 13 t.:.
3609 968 31 14 av.,
3661 963 39 19 11*,
3721 960 178 22 Vham,s-ti,U»a.

3466 1724 287 67 PASTELLISEI

3468 1814 95 57 votre
3590 1804 169 65 BEAUTE

2891 2418 37 28 LE
2940 2418 48 29 80e
2997 2419 235 30 ANNIVERSAIRE
3242 2420 59 29 DES
3312 2421 122 29 BARDES

2916 2477 97 23 Namur,
3032 2477 27 21 26
3079 2478 55 21 mal.
3150 2488 29 6 —
3196 2478 34 21 La
3251 2478 86 22 société
3359 2487 10 10 «
3389 2479 45 21 Les

2890 2502 90 21 Bardes
2995 2503 29 20 de
3039 2503 23 21 la
3079 2504 80 20 Meuse
3176 2512 10 10 .
3204 2508 15 17 a
3235 2503 49 22 fêté
3299 2504 22 22 te
3337 2504 36 22 80*
3388 2509 34 17 an-

2890 2527 126 22 niversaire
3031 2529 29 21 de
3073 2533 29 16 sa
3115 2529 134 23 fondation.

2917 2554 22 20 A
2958 2553 61 21 cette
3040 2554 116 24 occasion,
3188 2558 34 18 un
3243 2555 76 24 grand
3340 2556 95 20 concert

2891 2578 65 22 avait
2975 2578 38 22 été
3031 2579 108 25 organisé
3157 2584 32 17 au
3207 2580 103 22 Théâtre
3329 2585 93 17 commu-

2892 2603 48 24 nal,
2963 2604 85 25 auquel
3068 2605 138 22 assistèrent
3229 2606 30 21 de
3284 2606 152 21 nombreuses

2892 2629 120 24 autorités,
3029 2631 78 25 parmi
3124 2630 122 25 lesquelles
3261 2632 60 21 MM.
3338 2632 23 21 le
3377 2636 46 21 gou-

2893 2659 100 16 verneur
3009 2655 28 21 de
3055 2656 23 20 la
3094 2656 117 25 province,
3228 2657 74 20 baron
3318 2657 30 21 de
3365 2658 70 21 Gaif-

2893 2680 190 26 fler-d'Hestroy;
3131 2682 84 24 Huart,
3265 2682 169 25 bourgmestre;

2893 2705 143 23 Walravens.
3058 2706 87 25 députe
3167 2708 150 24 permanent;
3341 2709 97 24 Paquet,

2351 2732 5 16 :
2370 2728 24 20 la
2410 2728 24 19 s.
2448 2728 29 19 u.
2492 2728 28 18 w.
2688 2744 130 15 ^j,,^,
2844 2744 27 15 .,
2894 2731 107 24 échevin;
3023 2732 75 20 Emile
3116 2732 97 25 Paquet,
3231 2733 123 21 conseiller
3372 2739 65 16 com-

2354 2752 101 37 ^1*
2474 2747 203 42 ïïtL^JnVrr
2688 2745 144 44 ^'SErte
2842 2744 30 45 tt
2881 2742 64 47 h**"
2944 2761 8 15 1
2953 2768 14 9 **
2969 2756 7 20 1
2981 2773 5 7 '
3006 2756 115 26 Philippe.
3139 2742 81 37 cSnsul
3237 2758 29 21 de
3284 2758 97 24 Prance.

2351 2776 107 21 antzia.le
2474 2774 120 22 différend
2609 2774 68 21 entre
2693 2774 23 19 la
2730 2774 102 20 Hongrie
2847 2774 25 15 ei
2921 2783 35 14 r>„
2960 2787 28 10 nc
3002 2782 21 15 ,,
3039 2782 50 15 i™.
3106 2784 30 13 r„
3153 2787 145 10 -„.,,,„„,„„,
3313 2784 63 13 .„.„
3391 2785 48 12 „-,..

2330 2776 128 25 DantzigJe
2474 2773 120 23 différend
2609 2773 68 22 entre
2693 2772 23 21 la
2729 2772 86 22 Hongri

2330 2803 23 21 la
2371 2800 154 26 Yougoslavie
2543 2801 26 21 et
2584 2798 69 22 enfin
2670 2797 25 22 la
2713 2794 101 28 querelle
2828 2797 37 19 en.

2330 2830 36 19 tre
2379 2827 85 21 l'Italie
2477 2828 25 20 et
2516 2824 138 26 l'Abyssinie
2668 2823 17 21 il
2698 2827 16 16 a
2728 2822 35 21 dit
2777 2825 45 21 que
2836 2823 38 18 ces

2330 2852 117 25 exemples
2465 2851 116 26 prouvent
2601 2854 44 20 que
2662 2846 118 24 l'autorité
2801 2850 29 17 oe
2850 2846 23 20 la

2331 2880 23 20 S.
2366 2879 29 21 D.
2404 2878 28 20 N.
2443 2878 55 21 s'est
2510 2874 109 24 affirmée
2631 2876 25 20 et
2666 2878 45 18 que
2723 2876 44 17 son
2778 2875 96 22 pouvoir

2333 2905 28 21 de
2378 2902 128 23 maintenir
2523 2901 24 21 la
2562 2900 56 26 paix
2634 2905 15 17 a
2666 2899 37 22 ete
2720 2902 46 17 une
2784 2897 46 22 fois
2847 2895 28 22 de

2332 2929 52 26 plus
2397 2928 80 22 établi.

2358 3001 59 30 LES
2444 2998 202 31 ENTRETIENS
2673 2995 189 34 POLITIQUES

2509 3047 39 28 EN
2576 3045 125 29 FRANCE

1803 3442 148 30 L'ACCORD
1977 3443 309 29 GERMANO-ROUMAIN

1294 3929 264 29 L'INAUGURATION
1580 3929 93 29 DUNE

1267 3983 149 29 NURSERY
1437 3983 18 28 A
1481 3983 213 30 L'EXPOSITION

1233 4055 40 21 On
1289 4059 14 16 a
1317 4053 72 26 songé
1405 4053 15 21 à
1436 4054 67 21 doter
1516 4053 151 26 l'Exposition
1683 4055 68 21 d'une

1208 4080 139 21 charmante
1364 4083 105 21 nursery,
1483 4079 31 21 où
1530 4080 35 20 les
1579 4081 98 24 parents
1693 4085 45 21 peu-

1207 4106 57 20 vent
1281 4114 9 9 ».
1299 4104 98 26 déposer
1406 4114 8 9 »
1432 4105 51 21 leur
1499 4104 57 22 bébé
1571 4105 106 26 pendant
1684 4106 68 25 qu'Us

1209 4132 123 21 visiteront
1355 4130 35 21 les
1414 4130 122 22 curiosités
1561 4131 28 22 de
1611 4131 24 21 la
1660 4131 91 22 Worlds

1207 4157 55 23 fair.

1233 4188 86 21 C'était
1335 4192 47 17 une
1400 4188 51 21 Idée
1468 4188 147 21 assurément
1632 4188 119 25 originale,

1207 4214 62 21 mals
1287 4215 71 20 d'une
1374 4213 138 21 réalisation
1530 4213 50 21 fort
1599 4213 107 23 délicate.

1234 4246 63 21 C'est
1316 4246 53 20 M""
1391 4246 99 20 Charles
1510 4245 87 24 Fonck,
1618 4246 26 21 la
1664 4246 86 22 femme

1207 4271 32 22 du
1257 4272 116 20 directeur
1390 4270 95 26 général
1502 4271 29 21 de
1549 4270 157 26 l'Exposition,
1713 4272 39 25 qui

1206 4298 56 20 s'est
1276 4296 125 22 consacrée
1415 4297 16 21 tt
1445 4296 62 22 cette
1523 4296 124 25 initiative,
1658 4298 26 20 et
1699 4298 40 20 ain-

1206 4323 21 20 si
1242 4322 22 21 le
1281 4331 9 9 »
1299 4327 112 20 royaume
1426 4322 42 21 des
1482 4322 100 22 enfants
1597 4331 10 9 »
1625 4327 15 16 a
1655 4326 33 21 pu
1702 4323 49 21 être

1206 4347 121 27 inauguré,
1349 4348 132 25 dimanche,
1502 4352 31 16 en
1554 4352 47 17 une
1621 4347 130 22 cérémonie

1207 4376 52 19 tout
1274 4374 92 22 intime,
1383 4373 16 21 tt
1417 4373 99 25 laquelle
1535 4373 137 22 assistaient
1693 4378 6 16 :
1719 4375 33 20 M.

1205 4401 64 22 Max,
1287 4399 170 24 bourgmestre;
1479 4399 126 24 Raymond
1622 4399 130 24 Vaxelaire,

1207 4425 99 22 Charles
1325 4424 88 24 Fonck,
1433 4425 126 23 Goossens,
1579 4424 117 22 directeur
1722 4425 30 21 de

1205 4451 145 21 l'assistance
1372 4449 119 26 publique;
1528 4450 22 20 le
1571 4449 97 22 docteur
1689 4450 63 24 Lust,

1206 4476 118 22 directeur
1342 4476 44 21 des
1405 4476 94 21 centres
1524 4475 79 25 belges
1622 4476 29 21 de
1672 4475 67 27 puéri-

1206 4502 98 21 culture.

1233 4532 106 23 L'entrée
1358 4534 30 22 dc
1406 4532 25 23 la
1450 4537 100 21 nursery
1586 4532 37 22 est
1642 4532 110 26 marquée

1206 4564 44 20 par
1266 4564 33 16 un
1315 4558 48 22 très
1380 4559 75 25 grand
1472 4559 107 25 portique
1594 4558 112 21 rehaussé
1722 4559 29 21 de

1206 4585 167 24 compositions
1390 4584 128 25 picturales
1534 4585 144 23 amusantes,
1696 4588 44 21 rap-

1206 4610 82 25 pelant
1304 4611 42 21 des
1360 4611 113 20 animaux
1490 4614 30 17 ou
1537 4610 42 21 des
1595 4613 158 21 personnages

1207 4636 74 21 aimés
1299 4636 42 21 des
1359 4635 106 25 enfants;
1486 4636 57 20 c'est
1560 4640 47 16 une
1625 4639 80 17 œuvre
1723 4634 29 22 de

1208 4661 88 21 Marcel
1315 4662 102 20 Antoine
1437 4661 39 25 qui
1496 4666 16 20 y
1532 4666 15 16 a
1566 4660 46 22 mb
1632 4661 122 25 beaucoup

1209 4687 123 21 d'humour
1350 4688 25 20 et
1394 4687 30 21 de
1442 4690 91 18 saveur.

1235 4719 20 20 A
1273 4717 129 22 l'Intérieur
1420 4718 77 23 même
1517 4718 28 22 de
1565 4717 24 22 la
1608 4722 99 20 nursery
1725 4729 28 5 —

1209 4744 39 45 3ui
1269 4748 52 16 sera
1342 4742 121 22 surveillée
1484 4748 43 21 par
1548 4744 42 21 des
1610 4743 143 22 infirmières

1225 4773 12 16 e
1251 4773 44 16 nos
1317 4770 92 20 centres
1432 4769 28 21 de
1480 4769 158 25 puériculture
1661 4770 25 21 et
1708 4774 45 21 par

1209 4797 33 17 un
1264 4793 113 23 médecin,
1391 4794 34 21 les
1447 4794 70 22 bébés
1539 4795 137 22 trouveront
1700 4795 53 21 tout

1209 4823 24 17 ce
1250 4819 102 24 qu'exige
1367 4819 63 21 leurs
1444 4820 158 25 commodités,
1618 4821 50 21 leur
1684 4825 55 17 amu-

1209 4844 92 20 sement
1318 4846 25 19 et
1363 4844 62 21 leurs
1444 4846 152 21 distractions
1620 4851 6 16 :
1648 4846 42 21 des
1706 4846 46 23 lits,

1210 4868 41 21 des
1266 4869 84 24 Jouets,
1365 4874 45 17 une
1427 4870 67 26 plage
1510 4871 30 21 de
1556 4871 71 24 sable,
1642 4876 34 16 un
1693 4872 59 25 petit

1209 4891 86 27 bassin,
1311 4899 33 16 un
1359 4894 94 23 théâtre
1470 4896 28 21 de
1516 4897 177 25 marionnettes,
1706 4897 45 21 etc.

1236 4925 32 21 M.
1282 4925 105 25 Adolphe
1402 4927 56 21 Max
1472 4932 15 16 a
1500 4928 75 21 rendu
1588 4933 33 17 un
1635 4928 34 22 vif
1683 4929 56 21 hom-

1211 4954 66 20 mage
1294 4955 46 16 aux
1355 4950 149 24 réalisateurs
1518 4953 34 22 du
1567 4962 9 10 ».
1586 4957 111 21 royaume
1712 4955 41 20 des

1211 4974 97 22 enfants
1323 4985 18 16 »,
1358 4980 47 17 aux
1421 4977 146 27 architectes,
1582 4979 111 25 peintres,
1709 4979 30 22 dé-

1212 5001 119 20 corateurs
1362 5002 25 20 et
1420 5003 92 21 surtout
1544 5004 17 21 à
1580 5005 52 20 M""
1654 5005 99 21 Charles

1212 5025 85 23 Fonck,
1316 5026 39 24 qui
1387 5026 103 26 dépensa
1522 5028 121 28 beaucoup
1662 5030 28 22 de
1710 5030 29 22 dé-

1213 5054 123 18 vouement
1355 5051 17 21 à
1384 5052 61 21 cette
1466 5052 111 25 création.
1595 5065 28 5 —
1637 5055 29 22 G.

762 5210 72 28 RAID
857 5208 143 29 INTERRO
1005 5208 69 28 MPU

748 5269 45 22 (De
808 5268 68 22 notre
892 5267 200 25 correspondant.)

672 5301 111 25 Londres,
803 5301 27 21 26
849 5299 55 24 mai.
923 5310 28 6 —
974 5300 56 22 (Par
1047 5298 144 27 téléphone).

646 5340 27 5 —
688 5330 31 20 Le
734 5326 185 26 correspondant
935 5326 32 21 du
982 5334 9 10 «
1006 5326 68 20 News
1089 5324 102 23 Ohronl-

646 5355 34 21 cls
696 5364 9 9 »
720 5353 65 22 câble
800 5353 28 22 de
841 5352 46 22 Rio
899 5351 29 23 de
942 5351 98 22 Janeiro
1052 5355 44 21 que
1108 5350 70 22 l'avia-

647 5382 53 20 teur
720 5379 88 22 Pombo
833 5378 40 25 qui
895 5377 73 26 partit
990 5377 28 21 de
1040 5375 151 22 l'aérodrome

646 5406 29 23 de
688 5404 138 25 Hanworth,
840 5408 31 18 en
881 5401 144 28 Angleterre,
1036 5401 15 22 à
1064 5401 57 22 bord
1136 5401 55 22 d'un

647 5431 125 26 aéroplane
803 5430 29 22 de
861 5427 144 24 fabrication
1035 5425 157 27 britannique,

647 5462 58 21 pour
723 5462 26 17 re
766 5455 85 23 rendre
869 5455 15 22 à
902 5453 97 25 Mexico,
1017 5457 59 22 pour
1094 5452 97 26 épouser

647 5483 58 22 Miss
717 5482 91 24 Rivero,
821 5486 15 17 a
850 5484 30 18 vu
891 5483 44 18 son
947 5478 52 23 raid
1012 5477 152 26 Interrompu.

673 5510 32 20 Ce
722 5507 77 23 matin
814 5511 32 17 en
864 5505 67 27 effet,
950 5509 31 17 au
1001 5504 105 22 moment
1124 5502 30 23 où
1174 5502 17 23 11

647 5533 88 23 voulait
752 5532 77 26 partir
846 5532 29 22 de
893 5529 78 25 Natal,
988 5534 43 18 son
1049 5528 70 23 avion
1136 5528 55 22 s'est

646 5558 79 23 écrasé
739 5563 32 18 au
784 5557 41 23 sol.
838 5553 40 27 La'
885 5555 108 24 machine
1009 5560 14 17 a
1037 5554 37 23 été
1088 5553 89 26 complè-

646 5586 91 22 tement
749 5583 108 25 détruite,
869 5582 61 23 mais
942 5581 122 23 l'aviateur
1075 5579 49 23 fort
1130 5580 46 21 heu-

646 5611 140 25 reusement,
800 5611 36 21 est
847 5608 119 24 Indemne.

1374 5138 37 28 LA
1426 5139 103 29 TACHE
1556 5141 39 29 DU

1311 5190 357 34 NATIONAL-SOCIALISME

1238 5259 61 26 Kiel,
1316 5261 26 21 26
1360 5261 54 21 mai.
1432 5272 28 5 —
1476 5263 21 20 A
1513 5262 122 23 l'occasion
1654 5266 30 21 du
1703 5267 49 21 X"<-

1214 5286 159 22 anniversaire
1392 5287 30 21 de
1441 5287 24 21 la
1484 5287 105 23 création
1608 5290 32 22 du
1659 5297 82 18 mouve-

1213 5313 67 21 ment
1295 5312 237 23 national-socialiste
1549 5315 59 21 dans
1624 5317 21 20 le
1662 5317 92 23 Schles-

1214 5337 171 27 wig-Holsteln,
1406 5343 47 16 une
1474 5340 75 23 grand
1569 5340 99 23 réunion
1690 5349 15 15 a
1726 5350 28 17 eu

1215 5364 47 22 lieu
1282 5368 56 17 avec
1359 5364 24 20 la
1404 5364 167 26 participation
1592 5367 42 21 des
1654 5368 101 24 diverse»

1214 5389 173 26 organisations
1403 5390 32 21 du
1452 5390 69 25 parti.

1240 5421 33 23 M.
1288 5421 78 24 Lutze,
1381 5421 55 21 chef
1452 5420 162 27 d'état-major
1629 5423 41 22 des
1685 5425 23 22 S.
1723 5427 26 21 A.

1213 5452 16 17 a
1241 5447 151 22 notamment
1404 5446 92 22 déclaré
1507 5452 5 16 :
1530 5455 9 10 ».
1554 5448 37 21 On
1605 5450 87 21 entend
1706 5451 49 21 dire

1214 5477 44 22 que
1272 5473 67 21 notre
1354 5471 70 22 t&che
1438 5473 37 21 est
1489 5472 120 25 terminée,
1623 5475 60 22 mais
1697 5480 59 18 nous

1214 5503 85 17 savons
1321 5502 44 21 que
1390 5498 22 21 le
1435 5497 116 26 principal
1575 5500 37 20 est
1635 5504 82 18 encore
1740 5504 16 20 a

1213 5525 68 22 faire.
1293 5524 92 22 Jamais
1397 5528 33 17 un
1443 5527 77 18 canon
1533 5524 40 22 n'a
1586 5524 61 26 érigé
1660 5526 26 21 ni
1698 5531 45 18 con-

1213 5551 66 22 servé
1296 5555 34 17 un
1347 5549 65 25 Etat;
1432 5554 27 17 ce
1477 5550 54 22 sont
1548 5549 34 22 les
1599 5550 63 23 idées
1680 5552 25 22 et
1723 5552 33 23 les

1213 5576 75 22 ldéals
1308 5579 124 18 nouveaux
1454 5575 47 26 qui,
1524 5579 45 17 eux
1591 5577 43 20 ont
1657 5577 51 22 créé
1731 5583 24 17 ei

1213 5602 110 23 conservé
1337 5601 35 23 tes
1384 5601 69 22 Etats
1468 5605 30 18 en
1512 5600 43 23 vie.
1568 5611 29 6 —
1610 5601 79 26 Belga,

1800 3513 122 24 Bucarest,
1935 3514 27 21 26
1976 3513 54 22 mai.
2043 3524 29 5 —
2084 3514 33 20 La
2132 3514 142 21 convention
2289 3518 29 17 ae

1774 3539 138 25 paiements,
1929 3539 80 25 signée
2028 3539 144 25 avant-hier,
2190 3540 128 25 comprend

1775 3570 33 17 un
1825 3566 84 21 accord
1927 3565 114 26 principal
2058 3565 79 25 public
2154 3567 25 20 et
2196 3570 34 16 un
2247 3574 10 9 »
2277 3571 8 16 t

1773 3591 57 21 cord
1848 3592 76 20 secret
1945 3600 9 10 »
1974 3595 55 17 avec
2050 3592 25 19 10
2094 3591 82 21 lettres
2195 3591 123 30 bipartites

1775 3618 25 20 et
1820 3618 25 20 11
1865 3617 83 22 lettres
1966 3616 151 22 unUaterales
2137 3617 119 21 adressées
2274 3622 45 20 par

1775 3642 21 22 le
1814 3643 184 24 gouvernement
2013 3644 109 20 roumain
2140 3647 31 18 au
2189 3647 116 20 gouverne-

1776 3670 66 20 ment
1854 3668 127 22 allemand.

1803 3709 9 9 »
1827 3701 32 20 Le
1874 3704 54 17 sens
1941 3700 48 21 réel
2003 3699 28 22 de
2045 3700 24 22 la
2085 3700 141 21 convention
2239 3700 66 26 publi

1775 3729 44 21 que
1832 3725 78 22 même
1925 3726 36 22 est
1975 3726 148 22 subordonné
2137 3726 16 22 tt
2166 3727 100 20 l'accord
2280 3732 25 15 se

1775 3752 57 21 cret.
1848 3760 11 11 •

1802 3783 45 22 Ces
1863 3783 86 22 détails
1964 3788 41 17 sur
2020 3783 100 22 l'accord
2137 3787 167 21 germano-rou-

1777 3809 67 21 main
1860 3811 55 20 sont
1930 3808 90 22 donnés
2035 3813 44 21 par
2095 3809 21 21 le
2132 3810 94 24 journal
2244 3818 9 8 ■»
2272 3811 35 20 Cu

1775 3835 80 22 rentul
1879 3844 9 9 »
1910 3835 62 21 dans
1993 3840 26 17 sa
2041 3835 78 22 feuille
2142 3834 131 24 financière
2295 3840 24 17 et

1776 3860 158 26 économique.
1948 3871 28 6 —
1988 3861 86 21 Havas.

1778 3944 37 29 LA
1843 3937 212 35 CONFÉRENCE
2089 3942 230 30 COMMERCIALE

1912 3990 270 35 PAN-AMÉRICAINE

1800 4067 187 25 Buenos-Ayres,
2001 4067 26 20 26
2044 4067 55 20 mai.
2113 4077 29 5 —
2156 4068 36 20 En
2207 4067 111 26 présence

1775 4092 28 21 de
1821 4094 59 21 MM.
1898 4094 75 23 Juste,
1990 4092 120 26 président
2127 4093 29 21 de
2174 4094 23 20 ia
2215 4094 90 24 républi-

1775 4123 44 20 que
1835 4120 136 24 Argentine,
1986 4119 25 21 et
2028 4119 96 23 Vargas,
2140 4118 120 25 président
2277 4120 42 21 des

1774 4145 141 21 Etats-Unis
1929 4145 32 21 du
1975 4143 81 25 Brésil,
2071 4144 30 20 du
2119 4149 68 20 corps
2202 4145 102 25 diploma-

1775 4170 71 25 tique,
1870 4171 42 21 des
1937 4170 126 24 ministres,
2087 4169 42 22 des
2153 4171 115 21 autorités
2293 4173 24 19 et

1774 4196 69 21 d'une
1858 4196 139 21 nombreuse
2013 4195 135 23 assistance,
2163 4202 15 16 a
2194 4196 37 21 été
2247 4197 57 22 inau-

1775 4222 69 23 gurée
1867 4221 156 26 aujourd'hui,
2045 4221 23 21 la
2092 4220 139 23 conférence
2253 4227 53 17 com-

1773 4247 111 22 merciale
1904 4246 208 26 pan-américaine,
2132 4252 45 20 que
2198 4248 120 24 présidera

1774 4273 32 21 M.
1821 4274 119 20 Saavedra
1955 4275 91 22 Lamas,
2059 4272 108 22 ministre
2181 4273 43 22 des
2238 4273 66 22 Affai-

1775 4303 37 16 res
1829 4298 135 24 étrangères
1979 4298 157 25 d'Argentine.

1801 4325 32 21 M.
1854 4325 101 21 Mocedo
1974 4325 89 23 Soares,
2085 4324 106 21 ministre
2212 4325 42 21 des
2273 4325 32 21 Af-

1776 4349 72 22 faires
1866 4349 135 27 étrangères
2018 4350 31 22 du
2067 4350 82 23 Brésil,
2168 4355 13 15 s
2200 4352 119 23 prononcé

1775 4379 33 17 un
1824 4376 111 24 discours,
1950 4376 84 22 auquel
2049 4376 33 21 M.
2098 4375 120 22 Saavedra
2232 4376 86 21 Lamas

1775 4407 14 15 a
1802 4401 113 25 répondu.
1926 4413 29 4 —
1966 4402 85 21 Havas.

1857 4476 139 29 GOERING
2020 4475 18 29 A
2064 4475 168 29 BUDAPEST

1799 4545 128 26 Budapest,
1942 4546 27 22 26
1982 4545 54 23 mal.
2051 4555 28 6 —
2093 4546 31 21 Le
2141 4545 95 27 général
2252 4548 50 20 Goe-

1774 4570 53 26 ring
1844 4577 15 16 a
1876 4572 75 25 quitté
1968 4571 126 25 Budapest,
2112 4576 26 16 ce
2155 4572 84 25 matin,
2257 4577 59 21 pour

1773 4597 74 24 Sofia,
1862 4597 60 22 dans
1937 4602 44 17 son
1994 4596 70 23 avion
2078 4597 131 24 personnel,
2222 4602 81 17 accom-

1775 4622 75 24 pagné
1869 4622 28 22 de
1916 4623 62 21 deux
1995 4623 79 21 autres
2091 4622 118 24 appareils
2226 4627 76 17 emme-

1774 4648 60 20 nant
1849 4647 34 21 les
1899 4651 126 22 personnes
2038 4647 28 21 de
2081 4651 27 16 sa
2124 4647 67 22 suite.

1799 4673 32 22 Le
1847 4671 96 27 général
1959 4672 109 25 Goering,
2081 4672 39 24 qui
2137 4677 14 16 a
2169 4677 28 17 eu
2215 4673 52 21 hier
2283 4677 32 18 un

1773 4697 117 22 entretien
1912 4702 55 18 avec
1987 4698 21 21 le
2029 4694 94 29 général
2143 4698 137 24 Goemboes,
2300 4703 15 16 a

1774 4722 80 22 décidé
1869 4723 120 26 d'abréger
2004 4726 44 18 son
2063 4721 78 25 séjour
2158 4724 15 21 à
2189 4723 126 26 Budapest,

1774 4749 39 24 qui
1827 4748 79 22 devait
1928 4747 183 26 primitivement
2139 4750 24 19 se
2193 4747 122 27 prolonger

1773 4773 91 26 Jusqu'à
1880 4773 95 22 demain
1990 4771 82 23 matin.

1799 4798 139 22 L'officieux
1959 4807 10 10 «
1989 4797 80 22 Pester
2088 4794 73 27 Lloyd
2183 4805 9 11 .
2214 4798 55 21 note
2290 4804 25 15 ce

1774 4824 76 21 matin
1866 4822 107 28 qu'après
1988 4822 65 22 avoir
2069 4822 74 24 quitté
2158 4822 21 22 le
2196 4823 120 25 président

1773 4849 32 21 du
1818 4848 94 26 conseil,
1925 4849 22 21 le
1957 4847 94 27 général
2063 4847 104 26 Goering
2179 4849 25 20 et
2215 4848 34 21 les
2261 4852 54 22 per.

1774 4874 129 22 sonnalités
1920 4874 40 25 qui
1980 4873 200 24 l'accompagnent
2200 4874 43 21 ont
2270 4873 46 21 falt

1774 4904 45 18 une
1840 4899 142 26 promenade
2001 4902 31 18 en
2051 4896 141 23 automobile
2212 4898 61 22 dans
2292 4898 24 22 la

1774 4924 107 23 banlieue
1896 4924 29 22 de
1942 4922 126 26 Budapest,
2084 4923 39 24 qui
2140 4922 34 21 les
2191 4927 14 17 a
2220 4923 97 22 amenés

1775 4950 122 25 tusqu'aux
1912 4948 96 24 villages
2022 4947 28 22 de
2062 4947 107 21 Budaors
2183 4948 25 23 et
2223 4949 28 20 de
2266 4949 50 20 Bu-

1773 4975 100 24 dakeszi,
1895 4973 96 27 peuples
2012 4971 183 23 exclusivement
2224 4973 79 21 d'habi-

1774 5001 66 21 tants
1859 4999 161 27 appartenant
2045 4997 15 22 à
2085 4996 24 22 la
2128 4997 110 22 minorité
2257 4999 45 21 alle-

1773 5025 94 23 mande.

1799 5052 32 21 Le
1844 5049 96 27 général
1953 5048 104 25 Goering
2082 5047 54 21 s'est
2164 5048 152 25 longuement

1775 5076 124 21 entretenu
1919 5078 56 18 avec
1994 5074 34 21 les
2047 5072 85 21 maires
2151 5073 28 22 de
2199 5078 38 17 ces
2256 5074 61 21 deux

1774 5100 101 26 villages,
1891 5099 54 26 qu'il
1961 5104 15 17 a
1991 5097 149 26 questionnés
2155 5102 40 17 sur
2210 5099 34 22 les
2258 5103 45 17 con-

1774 5126 88 22 ditions
1882 5125 29 22 de
1928 5125 36 22 vie
1985 5124 42 22 des
2045 5122 137 23 AUemands
2201 5128 32 17 en
2249 5124 54 21 Hon-

1774 5152 55 25 grie.
1842 5161 28 6 —
1881 5150 87 22 Havas.

1800 5195 43 21 AU
1857 5191 176 24 MONUMENT
2048 5191 65 21 AUX
2127 5191 107 22 MORTS
2249 5192 40 21 DE

1928 5219 41 21 DE
1985 5218 39 21 LA
2039 5216 125 22 GUERRE

1801 5251 73 24 Sofia,
1889 5251 27 21 26
1932 5249 54 23 mai.
2001 5259 28 6 —
2054 5247 32 23 Le
2103 5247 94 26 général
2214 5249 103 25 Goering

1775 5276 55 23 s'est
1846 5277 76 22 rendu
1938 5280 31 17 au
1985 5273 117 23 cimetière
2119 5273 117 26 mUitaire,
2253 5274 30 22 où
2300 5275 18 21 il

1775 5307 15 15 a
1803 5302 84 25 déposé
1903 5306 46 18 une
1964 5303 116 18 couronne
2096 5303 46 17 aux
2158 5299 106 23 couleurs
2280 5300 23 21 al-

1776 5327 121 22 lemandes
1918 5331 42 16 sur
1972 5325 22 23 le
2016 5324 138 22 monument
2175 5329 46 17 aux
2244 5326 73 21 morts

1774 5353 31 21 de
1819 5353 23 22 la
1860 5356 89 22 guerre.

1802 5379 37 20 En
1856 5377 99 27 réponse
1975 5376 14 22 tt
2009 5380 46 17 une
2075 5374 127 23 allocution
2221 5376 31 22 du
2271 5376 33 21 mi-

1775 5403 74 22 nistre
1868 5404 29 21 de
1912 5403 24 21 la
1955 5403 96 22 Guerre,
2067 5400 95 26 général
2180 5401 108 24 Tzoneff,
2295 5401 22 22 le

1776 5428 95 25 général
1889 5428 103 25 Goering
2010 5431 15 17 a
2039 5425 91 22 déclaré
2146 5431 45 21 que
2210 5434 9 13 •
2239 5426 78 22 c'était

1776 5458 56 16 avec
1847 5459 45 17 uns
1908 5453 88 25 grande
2010 5451 104 22 émotion
2129 5452 54 25 qu'il
2198 5452 120 25 reprenait

1776 5479 151 21 contactavec
1952 5479 24 20 la
2001 5477 134 22 valeureuse
2160 5480 78 19 arniwe
2276 5477 40 26 qui

1777 5504 64 21 avait
1853 5504 121 22 combattu
1989 5506 58 23 pour
2062 5502 21 21 le
2098 5506 58 21 pays
2170 5503 25 21 et
2209 5502 27 25 la,
2248 5506 69 18 cause

1777 5529 139 22 allemande.
1934 5538 9 10 »

1804 5555 31 21 Le
1852 5554 95 27 général
1964 5553 103 24 Goering
2084 5552 54 22 s'est
2154 5553 92 22 ensuite
2262 5557 43 18 ren-

1777 5580 32 21 du
1825 5584 32 18 au
1872 5580 82 26 pnlnls,
1971 5579 30 23 où
2017 5579 17 22 il
2048 5577 49 23 doit
2113 5578 49 22 être
2179 5583 42 18 reu
2236 5583 44 21 par
2295 5579 21 21 le

1776 5604 42 23 roi.
1831 5615 29 7 —
1873 5605 79 26 Belga.

2424 3112 54 24 '(De
2495 3113 68 20 notre
2579 3109 201 26 correspondant.)

2361 3139 73 24 Paris,
2450 3139 26 21 28
2492 3137 55 22 mal.
2566 3137 56 20 (Par
2637 3135 145 24 téléphone».
2798 3144 28 6 —
2841 3134 38 21 On

2336 3165 110 21 continue
2464 3164 16 21 à
2496 3163 93 27 prévoir
2604 3167 47 17 une
2669 3161 49 22 très
2734 3161 51 21 vive
2801 3160 64 26 agita-

2337 3190 51 22 tion
2404 3190 111 25 politique
2533 3191 62 20 cette
2611 3188 112 21 semaine.

2363 3216 61 21 Rien
2438 3216 29 21 de
2482 3219 108 17 nouveau
2604 3218 60 21 pour
2679 3213 88 21 l'heure
2782 3212 60 21 dans
2857 3211 24 21 la

2337 3242 114 21 situation
2471 3241 119 25 poUtique,
2609 3240 71 20 sinon
2701 3243 44 20 que
2766 3238 115 25 plusieurs

2339 3266 170 25 personnalités
2535 3268 44 19 ont
2607 3263 96 23 conféré
2730 3264 153 24 longuement

2339 3293 56 22 d'un
2408 3292 53 22 côté
2476 3292 16 22 tt
2507 3292 25 21 la
2545 3291 136 26 présidence
2696 3289 32 22 du
2744 3289 94 24 conseil,
2853 3289 28 21 de

2339 3319 83 21 l'autre
2437 3318 51 22 côte
2502 3318 16 21 tt
2533 3317 103 23 l'Elysée.

2365 3345 33 21 M
2412 3344 80 21 Albert
2506 3343 100 22 Lebrun,
2620 3341 120 27 président
2753 3341 30 21 de
2796 3340 26 22 la
2834 3340 48 21 Ré-

2339 3370 108 25 pubUque
2465 3372 66 22 reçut
2549 3373 26 16 ce
2593 3368 78 21 matin
2688 3367 194 21 successivement

2339 3396 58 21 MM.
2412 3396 78 20 Pierre
2506 3393 78 25 Laval,
2600 3394 107 21 ministre
2723 3393 42 21 des
2779 3392 104 21 Affaires

2339 3422 144 24 étrangères;
2499 3421 86 22 Rollin,
2600 3420 107 20 ministre
2721 3419 41 21 des
2775 3418 108 21 Colonies

2340 3450 24 19 et
2376 3447 85 25 Malvy,
2473 3446 119 26 président
2604 3446 29 20 de
2645 3445 23 21 la
2680 3444 150 22 commission
2841 3444 41 21 des

2341 3473 107 21 finances
2466 3473 29 20 de
2513 3472 23 21 la
2556 3471 125 23 Chambre,
2699 3474 57 17 avec
2773 3469 76 26 lequel
2866 3469 16 21 il

2340 3500 60 22 s'est,
2410 3500 126 20 entretenu
2552 3498 29 21 de
2599 3497 23 21 la
2640 3496 115 21 situation
2771 3495 111 26 politique

2339 3524 106 22 actueUe.

2367 3551 33 20 M
2417 3549 103 21 Flandln
2539 3553 15 16 a
2573 3552 55 20 reçu
2647 3549 38 19 cet
2704 3546 146 26 après-midi,
2868 3546 16 21 tt

2341 3577 26 20 16
2378 3576 25 21 h.
2418 3576 31 25 15,
2462 3577 32 20 M.
2506 3575 87 24 Malvy,
2605 3573 120 26 président
2739 3573 29 21 de
2781 3572 24 21 la
2819 3577 51 17 com-

2340 3602 97 21 mission
2452 3601 43 21 des
2510 3601 109 21 finances
2633 3600 30 21 de
2679 3601 23 20 la
2719 3599 125 22 Chambre,
2859 3599 23 20 et

2340 3629 33 20 M.
2400 3628 95 21 Pernot,
2521 3625 184 26 vice-président
2732 3625 32 21 du
2792 3624 85 22 conseU

2340 3653 71 25 garde
2427 3653 42 21 des
2484 3656 92 17 sceaux.

2367 3679 76 21 L'état
2457 3679 28 21 de
2498 3677 69 23 santé
2581 3677 29 22 de
2622 3677 33 21 M.
2667 3676 102 21 Flandin
2782 3677 36 20 est
2831 3677 39 20 tou-

2342 3705 65 25 jours
2419 3704 164 22 statlonnaire.

2367 3731 39 20 On
2424 3734 109 17 annonce
2551 3729 53 25 qu'à
2624 3733 43 16 son
2686 3729 60 23 tour,
2763 3728 34 20 M.
2815 3727 69 21 Louis

2341 3757 86 23 Marin,
2443 3756 107 20 ministre
2566 3755 86 22 d'Etat,
2669 3754 65 21 vient
2749 3754 29 21 de
2794 3753 90 21 tomber

2342 3782 100 22 molade.
2459 3782 87 20 atteint
2563 3781 29 20 de
2609 3780 111 25 phlébite.
2736 3779 21 21 Il
2775 3779 70 24 garde
2861 3779 24 21 U

2341 3808 119 23 chambre,
2472 3807 59 21 mais
2544 3811 15 16 a
2571 3807 46 21 fait
2628 3805 123 22 connaître
2762 3804 110 28 publique-

2342 3834 66 20 ment
2428 3838 44 16 son
2491 3832 114 21 adhésion
2626 3836 47 16 aux
2693 3831 90 25 projets
2803 3830 69 21 finan-

2342 3859 60 22 ciers
2415 3859 30 21 de
2461 3859 58 21 MM.
2535 3857 102 22 Flandin
2652 3858 25 21 et
2692 3856 181 22 Germain-Mar-

2342 3885 43 21 tin.

2369 3910 83 23 Lundi,
2468 3914 30 17 en
2514 3910 86 21 conseil
2616 3909 28 21 de
2659 3908 95 22 cabinet
2769 3907 24 22 et
2809 3907 76 21 mardi

2343 3941 30 17 en
2389 3936 87 21 conseil
2490 3936 41 21 des
2547 3936 114 22 finances,
2675 3939 32 16 on
2721 3932 126 27 préparera
2861 3933 23 21 la

2342 3962 145 22 déclaration
2500 3962 16 21 tt
2531 3961 60 22 faire
2606 3966 31 16 au
2651 3960 138 26 parlement.

2370 4037 65 29 UNE
2451 4030 141 35 RÉUNION
2613 4035 59 28 DES
2691 4027 166 35 DÉLÉGUÉS

2541 4088 145 30 MINEURS

2367 4155 75 24 Mons,
2467 4155 26 20 26
2518 4153 55 22 mal.
2597 4163 28 6 —
2648 4152 34 21 La
2706 4151 110 22 Centrale
2840 4151 42 21 des

2339 4183 105 21 mineurs
2470 4180 129 24 socialistes
2626 4178 32 22 du
2683 4179 124 24 Borinage,
2827 4178 54 21 s'est

2341 4207 87 24 réunie,
2448 4206 90 20 samedi
2558 4204 53 22 soir,
2632 4203 15 21 tt
2667 4203 90 21 Hornu.

2367 4232 61 21 Cent
2444 4230 132 26 vingt-cinq
2595 4228 106 26 délégués
2718 4227 164 26 représentant

2340 4258 143 24 trente-sept
2514 4255 165 25 groupements
2710 4254 29 21 de
2770 4254 111 23 mineurs,

2339 4284 90 21 étaient
2449 4281 152 26 représentés.

2366 4310 39 20 On
2421 4314 15 16 a
2452 4308 104 21 entendu
2572 4312 32 16 un
2619 4305 85 26 exposé
2721 4305 29 21 de
2766 4305 23 21 la
2805 4305 62 21 situa-

2339 4336 50 21 tion
2402 4340 43 21 par
2458 4335 21 21 le
2491 4333 151 22 syndicaliste
2654 4332 93 23 Mester,
2760 4331 40 25 qui
2813 4336 16 16 a
2841 4334 25 17 re-

2340 4359 138 22 commandé
2502 4354 21 25 îe
2547 4357 74 22 calme
2645 4358 24 19 et
2694 4361 16 17 a
2732 4355 101 25 regretté
2859 4355 21 21 le

2341 4390 100 21 manque
2454 4385 29 22 de
2495 4383 121 26 discipline
2628 4383 60 21 dans
2698 4382 22 21 le
2733 4381 148 22 mouvement

2340 4411 84 21 actuel.

2367 4436 74 25 Après
2459 4435 64 23 avoir
2540 4434 46 21 fait
2604 4433 122 22 connaître
2743 4432 35 22 les
2795 4437 74 21 propo-

2338 4462 84 21 sitions
2435 4460 125 23 formulée»,
2573 4464 44 21 par
2630 4459 22 21 la
2667 4458 155 22 Commission
2835 4462 31 17 na-

2341 4488 88 21 tionale
2444 4487 73 21 mixte
2538 4484 142 23 i'as?emblée
2696 4489 15 17 a
2726 4483 53 22 voté
2794 4488 34 17 un
2842 4488 28 17 or-

2338 4514 41 21 dre
2393 4514 33 21 du
2441 4513 53 25 Jour
2509 4512 148 26 approuvant
2673 4510 103 21 celles-ci
2792 4511 25 20 et
2832 4509 34 21 fai-

2340 4540 56 20 sant
2412 4538 122 22 confiance
2551 4542 46 16 aux
2614 4535 118 22 ministres
2747 4534 133 25 socialistes,

2338 4565 150 20 notamment
2504 4568 30 17 au
2551 4562 107 22 ministre
2675 4562 32 21 du
2722 4561 102 21 Travail.

2340 4602 42 23 ON
2398 4602 104 22 ORDRE
2518 4601 42 20 DU
2575 4600 81 21 JOUR
2670 4599 58 22 DES
2743 4599 137 21 MINEURS

2513 4627 40 20 DE
2568 4625 135 21 TAMINES

2365 4660 96 22 Namur,
2484 4658 26 21 26
2533 4657 54 22 mai.
2608 4668 29 5 —
2657 4657 44 21 Les
2723 4656 104 22 ouvriers
2848 4656 31 21 du

2339 4685 64 25 puits
2421 4683 163 25 Ste-Eugénie.
2603 4683 15 21 tt
2636 4682 112 21 Tamines
2766 4683 43 20 ont
2828 4681 53 22 voté

2339 4711 82 21 l'ordre
2437 4710 31 21 du
2483 4711 53 23 Jour
2551 4708 94 22 suivant
2655 4713 6 16 :

2341 4746 8 8 ,.
2370 4737 43 20 Les
2431 4735 104 21 ouvriers
2553 4735 31 20 du
2603 4734 64 25 puits
2684 4732 163 26 Ste-Eugénie,
2866 4732 15 22 à

2339 4762 112 21 Tomines
2466 4761 73 24 ayant
2555 4760 46 21 fait
2616 4759 123 22 confiance
2756 4763 46 17 aux
2818 4758 51 21 délé-

2339 4788 56 24 gués
2411 4787 28 22 de
2455 4787 23 21 la
2493 4785 149 23 commission
2658 4785 72 21 mixte
2747 4786 24 20 et
2785 4785 82 20 consta-

2340 4815 54 19 tant
2408 4811 118 23 l'inutilité
2542 4812 28 20 de
2586 4812 61 20 leurs
2663 4810 93 24 efforts;

2364 4837 151 23 Demandent
2543 4841 31 17 ou
2601 4835 86 23 comité
2715 4836 107 21 national
2851 4836 29 21 de

2341 4865 59 20 faire
2432 4864 65 22 voter
2527 4862 25 22 la
2583 4862 68 25 grève
2683 4861 108 26 générale
2823 4866 60 21 pour

2339 4890 73 22 lundi.
2426 4898 10 11 »

2354 4958 82 29 TAUX
2462 4950 184 35 D'INTÉRÊTS
2674 4956 39 28 EN
2741 4955 124 29 FRANCE

2365 5028 74 25 Paris,
2456 5028 27 21 26
2501 5027 55 21 mal.
2573 5037 28 6 —
2617 5027 32 22 Le
2669 5034 10 11 ■
2698 5026 99 21 Journal
2816 5027 52 21 Offi-

2340 5054 43 22 ciel
2403 5062 9 11 »
2432 5053 86 26 public,
2537 5057 26 17 ce
2582 5052 84 24 matin,
2683 5056 35 17 un
2736 5051 80 22 décret
2834 5057 46 16 aux

2340 5079 85 22 termes
2444 5078 86 25 duquel
2548 5078 22 21 le
2589 5078 58 21 taux
2666 5078 87 21 annuel
2771 5077 110 23 d'intérêt

2339 5105 41 22 des
2391 5105 60 22 bons
2462 5104 28 21 de
2503 5104 23 21 la
2537 5102 103 24 Défense
2652 5103 120 21 nationale
2784 5102 16 22 à
2811 5104 13 20 2
2837 5108 43 17 ans

2340 5131 35 21 est
2388 5130 48 22 fixé
2450 5130 14 21 à
2478 5130 46 20 4.50
2536 5133 59 21 pour
2608 5128 61 22 cent.

2365 5156 21 21 Il
2406 5155 77 26 publie
2503 5153 132 26 également
2653 5158 34 17 un
2706 5153 77 22 arrêté
2802 5154 78 22 fixant

2339 5181 21 22 le
2380 5182 57 20 taux
2457 5180 87 22 annuel
2563 5179 41 22 des
2622 5179 59 21 bons
2700 5179 129 22 ordinaires
2848 5180 32 21 du

2339 5206 83 22 Trésor
2438 5206 28 21 de
2481 5205 53 26 plus
2549 5205 28 21 de
2593 5205 57 21 trois
2665 5205 60 21 mois
2740 5204 15 22 à
2770 5209 33 17 un
2819 5209 32 17 an
2866 5206 14 21 à

2340 5233 12 20 i
2368 5237 58 21 pour
2442 5232 60 21 cent.
2519 5241 28 5 —
2561 5231 87 20 Havns.

2426 5298 65 29 UNE
2509 5298 126 33 BARQUE
2663 5297 131 30 SOMBRE

2366 5364 103 23 Moscou,
2487 5362 27 21 26
2533 5361 55 23 mai.
2607 5372 28 5 —
2660 5361 53 22 Une
2745 5361 88 26 barque
2867 5367 14 17 a

2340 5388 91 22 sombré
2447 5392 40 17 sur
2503 5388 21 21 le
2541 5387 76 21 fleuve
2634 5388 101 24 Angara,
2752 5387 15 22 tt
2780 5387 24 22 la
2820 5388 61 22 suite

2341 5414 68 22 d'une
2428 5412 109 26 tempête.
2550 5413 44 20 Les
2612 5413 40 21 dix
2671 5413 129 25 occupants
2824 5414 58 21 dont

2339 5439 82 27 quatre
2436 5438 104 25 enfants,
2552 5443 26 16 se
2593 5439 56 20 sont
2664 5437 78 26 noyés.
2758 5449 28 5 —
2801 5439 79 25 Belga.

2341 5506 67 17 Dlv.r.

2361 5550 26 16 Le
2405 5548 63 19 tirage
2486 5551 25 13 au
2530 5547 41 17 sort
2590 5547 33 17 des
2642 5546 116 22 obllf&llan.
2783 5547 34 18 des
2842 5551 35 15 em.

2341 5569 70 21 prurits
2425 5568 24 18 de
2463 5568 43 17 11102
2522 5567 24 18 de
2560 5567 19 18 U
2594 5567 48 18 Ville
2658 5568 23 17 de
2696 5568 104 19 Bruxelles,
2816 5569 32 18 1er
2863 5570 19 17 et

2340 5584 24 24 Sd
2379 5589 92 20 districts,
2488 5591 49 14 aura
2552 5588 38 18 lleu
2605 5588 18 17 le
2638 5589 75 18 samedi
2728 5589 31 18 ler
2773 5589 43 21 Juin
2834 5589 41 18 103S

2341 5611 12 18 Il
2367 5610 20 18 11
2401 5609 20 18 h.
2435 5609 38 21 1/2,
2487 5608 12 18 il
2513 5608 67 18 l'hôtel
2593 5608 24 19 de
2630 5609 44 18 MUe
2691 5609 59 22 (Salle
2763 5610 24 18 de
2800 5610 72 20 Milice)

3466 1895 98 21 Donnez
3578 1894 16 22 tt
3608 1894 67 22 votre
3690 1893 79 25 visage
3783 1892 26 22 la
3825 1890 69 27 grice
3909 1892 63 23 vapo-

3466 1930 68 18 reuse
3546 1926 56 22 d'un
3613 1925 77 27 pastel
3702 1924 89 25 vivant,
3800 1928 29 18 sa
3840 1923 95 23 finesse,
3946 1925 38 18 ses

3466 1958 88 21 teintes
3570 1957 90 22 variées
3675 1958 28 21 et
3720 1956 111 22 délicates
3849 1954 69 27 grice
3936 1957 49 18 aux

3465 1989 102 21 FARDS
3573 1989 129 22 PASTELS
3710 1987 28 21 de
3745 1986 159 23 BOURJOIS.
3911 1984 75 23 Etant

3467 2021 60 22 faits
3542 2022 15 21 tt
3570 2020 26 23 la
3610 2021 74 25 main.
3697 2021 31 22 Ils
3741 2021 56 21 sont
3809 2019 105 24 friables,
3929 2019 43 21 ten-

3467 2053 55 22 dres
3536 2053 109 26 jusqu'au
3661 2053 59 22 bout
3733 2053 26 22 et
3776 2057 32 17 ne
3826 2057 26 17 se
3870 2049 116 25 CIRENT

3591 2089 45 22 pas
3650 2089 56 18 sous
3721 2085 25 22 la
3761 2085 102 24 houppe.

3551 2124 68 21 Deux
3635 2126 105 19 nuances
3756 2122 120 22 nouvelles
3891 2126 9 17 :

3468 2160 181 23 ROSE-THE
3659 2164 23 18 H
3690 2158 301 24 ROSE.CYCLAMEN

3571 2201 85 25 PRIX
3671 2208 8 18 :
3695 2201 41 24 10
3752 2200 135 25 FRANCS

3474 2242 514 50 BOURJOIS

3553 2308 191 23 PARFUMEUR
3759 2318 30 7 —
3803 2308 90 22 P.ABIS
3915 2308 86 21 (H23Ô9

3535 2422 166 42 Dégustez
3721 2421 30 32 le
3770 2420 157 34 délicieux

3534 2470 395 89 Deymann-Bitter

3527 2568 103 27 (Marque
3648 2565 286 28 DEYMANN-DRUART)

3501 2610 35 32 Lt
3555 2610 62 39 plut
3638 2611 97 29 ancien
3750 2624 10 8 ■
3778 2608 35 31 Le
3833 2607 123 32 meilleur

3497 2655 71 18 Arents
3583 2653 76 17 sériera
3681 2654 45 15 sent
3748 2652 104 18 Semante*
3873 2655 50 17 t—ta
3943 2652 21 17 m

3512 2674 98 20 Saraaarlnce.
3620 2682 11 6 -
3641 2675 50 16 Ponr
3702 2674 19 17 le
3731 2677 44 17 tr.»
3788 2676 6 13 '.
3805 2673 61 19 Dépôt
3879 2672 89 19 Général,

3513 2696 17 18 4,
3551 2698 35 15 na
3606 2695 57 17 Hôtel
3682 2695 35 17 Ses
3737 2693 106 19 M.nnaiea.
3865 2693 103 17 Broielles.

3906 2711 79 19 fDMISI

2921 2783 67 20 Dans
3002 2782 22 22 la
3039 2782 50 25 loge
3106 2784 31 20 du
3152 2787 146 21 gouverneur
3312 2784 65 21 avait
3391 2785 49 25 pris

2897 2806 65 26 place
2984 2807 133 25 également
3140 2808 23 22 te
3187 2808 134 23 lieutenant
3345 2809 96 26 général

2898 2833 137 21 Verhavert.

2923 2859 33 21 M.
2975 2858 117 25 Marquet,
3122 2858 94 26 députe,
3248 2859 113 26 présidait
3381 2862 61 20 cette

2897 2883 75 22 soirée
2984 2884 30 21 de
3028 2884 60 25 gala,
3102 2883 16 23 tt
3131 2884 99 26 laquelle
3243 2890 27 16 se
3284 2887 100 24 pressait
3396 2891 46 17 une

2899 2910 129 21 assistance
3046 2910 64 21 aussi
3127 2910 109 25 élégante
3253 2916 45 21 que
3316 2912 114 22 nombreu-

2899 2940 33 18 se,
2944 2935 40 24 qui
3006 2936 31 20 fit
3058 2939 33 17 un
3113 2937 145 25 magnifique
3280 2937 82 21 succès
3382 2938 17 21 à
3420 2938 24 21 la

2899 2956 87 25 société
3005 2961 110 24 Jubilaire
3130 2963 26 20 et
3175 2966 50 17 aux
3243 2963 96 20 artistes
3358 2963 29 21 de
3421 2963 23 21 la

2900 2986 119 24 Monnaie,
3035 2987 63 21 ainsi
3114 2987 55 25 qu'tt
3186 2989 54 19 tous
3257 2991 58 18 ceux
3333 2989 39 24 qui
3389 2989 43 25 prê-

2901 3012 77 21 taient
2998 3011 51 22 leur
3068 3017 115 16 concours
3203 3013 16 21 tt
3239 3013 140 22 l'exécution
3412 3015 34 21 du

2902 3041 154 20 programme.
3076 3039 79 20 Avant
3176 3039 22 21 le
3218 3041 103 21 concert,
3342 3044 46 17 une
3405 3040 28 21 ré-

2902 3063 93 24 ception
3013 3063 65 21 avait
3095 3068 31 17 eu
3156 3063 48 22 lieu
3222 3064 15 21 tt
3268 3064 24 21 la
3309 3066 89 21 Bourse
3415 3065 30 21 cîè

2901 3093 136 20 commerce,
3054 3089 121 24 organisée
3192 3094 45 21 per
3253 3089 120 22 l'Amicale
3404 3090 42 21 des

2901 3113 99 22 sociétés
3020 3115 148 21 namuroises
3187 3124 19 16 »,
3220 3115 104 26 présidée
3346 3121 46 21 par
3413 3118 33 19 M.

2902 3140 107 23 Trousse.

2929 3165 119 22 Plusieurs
3068 3165 105 22 discours
3207 3166 82 22 furent
3310 3167 137 26 prononcés,

2903 3190 84 25 auquel
3005 3191 110 25 répondit
3134 3193 32 20 M.
3185 3192 116 25 Marquet.

2950 3252 183 30 BIENVENUE
3151 3254 19 28 A
3184 3254 217 29 COPENHAGUE

2928 3310 164 25 Copenhague,
3103 3312 27 21 26
3141 3312 55 22 mai.
3206 3323 27 5 —
3243 3313 32 21 Le
3288 3313 80 25 prince
3380 3313 51 21 héri-

2903 3336 44 21 tier
2963 3336 149 23 Fredériket
3128 3342 43 16 son
3187 3337 85 26 épouse
3287 3339 24 21 la
3328 3339 117 24 princesse

2903 3361 80 25 Ingrid
2996 3364 54 19 sont
3067 3362 76 22 arivés
3157 3364 38 20 cet
3212 3363 140 25 après-midi
3367 3366 15 20 à
3398 3365 34 20 Co-

2903 3387 129 25 penhague,
3043 3388 14 22 à
3071 3388 57 21 bord
3143 3388 31 22 du
3187 3389 73 24 yacht
3273 3389 66 21 royal
3353 3398 8 9 .
3377 3390 67 20 Dan-

2903 3413 86 25 nebrog
3011 3421 16 12 •.
3045 3414 76 21 Toute
3141 3413 24 22 la
3184 3414 54 21 ville
3258 3414 58 21 était
3337 3415 108 24 pavoisée

2903 3442 45 19 aux
2967 3438 106 21 couleurs
3091 3438 109 22 danoises
3217 3441 24 19 et
3259 3439 124 22 suédoises.
3401 3441 44 20 Les

2906 3467 53 17 rues
2973 3463 89 22 étaient
3075 3464 89 25 pleines
3178 3465 30 21 de
3221 3464 93 22 monde.
3329 3466 32 21 Le
3375 3465 72 25 yacht

2902 3487 59 23 était
2972 3489 91 21 escorte
3076 3493 44 22 par
3130 3489 26 21 27
3170 3489 89 24 avions.

2928 3514 45 21 Les
2986 3517 122 18 nouveaux
3122 3514 77 26 époux
3212 3517 44 21 ont
3269 3515 37 22 été
3320 3520 68 21 reçus
3402 3520 43 22 par

2906 3539 20 22 le
2944 3539 35 22 roi
2994 3541 24 20 et
3036 3539 23 22 la
3074 3540 71 23 reine.
3162 3541 36 21 Au
3213 3541 81 21 milieu
3311 3541 41 22 des
3370 3541 65 22 accla-

2906 3564 101 22 mations
3018 3565 29 21 de
3059 3565 23 21 la
3094 3566 71 23 foute,
3174 3565 30 21 lls
3215 3571 25 17 se
3252 3567 53 20 sont
3318 3567 88 21 rendus
3416 3572 31 16 au

2905 3589 101 22 château
3022 3590 194 26 d'Amalienborg.
3234 3596 30 16 au
3281 3595 80 19 centre
3378 3592 29 21 de
3424 3592 23 21 la

2907 3615 60 24 ville,
2978 3615 60 22 dans
3048 3620 47 17 une
3107 3616 94 22 calèche
3212 3616 138 23 découverte
3362 3617 87 22 attelée

2908 3641 13 21 à
2932 3641 25 21 la
2967 3641 127 22 Daumont.

2931 3666 34 21 Ils
2978 3671 32 17 on
3026 3667 56 21 tfait
3095 3667 92 22 ensuite
3201 3667 61 21 dans
3277 3667 23 21 la
3316 3667 75 22 même
3407 3672 27 18 ca-

2907 3690 64 23 lèche
2986 3691 137 22 découverte
3140 3692 22 23 le
3177 3693 54 20 tour
3248 3693 29 21 de
3293 3692 24 22 la
3335 3692 60 25 ville,
3409 3693 39 26 qui

2908 3717 50 20 leur
2969 3722 14 16 a
2994 3717 109 22 souhaité
3116 3718 22 20 la
3151 3718 128 21 bienvenue
3291 3723 46 21 par
3349 3719 28 21 de
3390 3719 45 21 cha-

2906 3742 116 21 leureuses
3039 3742 114 22 ovations.

2930 3768 32 20 Le
2973 3768 35 20 roi
3021 3772 15 16 a
3051 3768 74 21 offert
3138 3773 26 16 ce
3177 3768 47 21 soir
3237 3772 47 18 une
3296 3769 88 25 grande
3399 3770 34 21 soi-

2909 3791 36 22 rée
2965 3793 29 21 de
3013 3793 53 25 gala
3085 3798 31 16 au
3135 3793 101 24 château
3256 3794 28 23 de
3304 3795 145 21 Christians-

2908 3818 62 24 borg.
2983 3828 28 5 —
3023 3818 80 25 Belga.

2923 3885 43 28 UN
2992 3885 150 29 COUREUR
3171 3886 261 30 AUTOMOBILISTE

2973 3938 103 30 FONCE
3109 3939 80 29 DANS
3217 3940 37 28 LA
3280 3940 103 29 FOULE

2932 4009 107 25 Orléans,
3053 4010 27 21 26
3095 4010 55 23 mai.
3162 4021 30 5 —
3205 4011 75 21 Toute
3295 4011 24 21 la
3335 4012 115 24 première

2906 4036 76 25 partie
2998 4036 32 21 du
3045 4036 84 21 circuit
3145 4036 141 22 automobUe
3303 4038 41 24 qui
3358 4042 25 16 se
3400 4037 37 21 dis-

2906 4061 78 25 putait
3004 4062 157 24 aujourd'hui,
3195 4062 15 21 tt
3243 4061 108 25 Orléans,
3372 4063 78 21 s'était

2906 4086 94 22 déroulé
3032 4092 57 16 sans
3124 4086 112 24 incident,
3270 4087 99 26 lorsque,
3403 4093 45 21 peu

2906 4115 73 18 avant
2995 4112 23 22 la
3036 4112 107 22 dernière
3162 4112 106 26 épreuve,
3287 4113 24 21 la
3329 4114 62 25 pluie
3424 4119 25 16 se

2906 4138 43 21 mit
2964 4138 16 21 &
2993 4138 98 21 tomber.

2932 4163 42 21 Six
2998 4164 103 20 voitures
3138 4164 92 25 prirent
3254 4165 135 24 cependant
3426 4165 22 21 le

2905 4188 90 25 départ.
3018 4190 36 20 Au
3078 4190 35 19 12*
3135 4191 61 22 tour,
3218 4190 21 21 le
3263 4195 98 16 coureur
3380 4191 68 21 Buffi

2904 4214 87 25 dérapa
3010 4219 40 16 sur
3067 4214 21 22 le
3106 4215 106 25 goudron
3228 4216 102 25 mouUié,
3347 4216 61 22 dans
3424 4216 24 21 la

2905 4239 61 25 ligne
2983 4240 82 21 droite.

2931 4265 33 21 Sa
2983 4266 91 21 voiture
3093 4266 86 21 heurta
3200 4271 34 16 un
3254 4266 75 25 arbre,
3349 4267 53 21 vint
3421 4272 26 17 se

2903 4290 61 25 Jeter
2983 4292 81 20 contre
3084 4291 23 21 la
3127 4291 102 22 barrière
3249 4297 31 17 en
3300 4293 69 22 entra
3386 4294 61 21 dans

2903 4316 122 21 l'enceinte
3043 4317 41 20 des
3101 4318 152 23 spectateurs.
3271 4319 56 20 Fort
3344 4319 90 21 heureu-

2902 4343 99 22 sement,
3014 4342 18 20 il
3046 4343 40 24 n'y
3116 4343 65 21 avait
3194 4347 45 22 que
3255 4348 47 20 peu
3316 4344 29 21 de
3361 4345 85 20 monde

2903 4366 16 22 tt
2931 4369 38 19 cet
2984 4367 100 22 endroit.

2929 4393 39 20 On
2981 4392 78 22 releva
3074 4393 134 25 cependant
3223 4399 47 17 une
3286 4395 115 22 douzaine
3418 4396 28 21 de

2903 4417 92 22 blessés.
3010 4419 58 20 Huit
3083 4420 42 20 ont
3141 4419 39 22 été
3193 4420 148 25 transportés
3355 4420 16 22 tt
3386 4421 48 22 l'hô-

2903 4443 65 25 pital.
2981 4444 32 20 Le
3027 4449 99 17 coureur
3138 4446 39 21 n'a
3191 4450 45 17 aue
3249 4446 42 21 des
3304 4446 142 22 contusions.

2903 4479 27 5 —
2943 4469 85 21 Havas.

3039 4532 87 28 MORT
3144 4533 71 28 D'UN
3229 4533 78 29 JUGE

3003 4603 44 22 (De
3064 4603 68 21 notre
3147 4605 199 24 correspondant.)

2928 4634 110 24 Londres,
3055 4635 27 21 26
3103 4636 55 23 mal.
3177 4647 29 5 —
3228 4637 57 21 (Par
3302 4638 144 25 téléphone).

2902 4670 27 5 —
2940 4661 38 20 On
2990 4664 108 18 annonce
3110 4666 25 17 ce
3146 4662 48 21 soir
3205 4663 53 24 qu'à
3270 4663 23 20 la
3305 4664 61 21 suite
3377 4664 69 23 d'une

2901 4684 129 26 opération,
3046 4687 21 20 le
3083 4687 54 25 juge
3154 4688 89 21 Arthur
3258 4687 51 22 Bell
3323 4691 37 19 est
3377 4689 55 22 décé-

2902 4710 28 21 dé
2943 4711 61 20 dans
3015 4716 46 16 une
3074 4711 109 25 clinique.

2928 4736 31 21 Le
2980 4737 55 24 juge
3054 4736 52 22 Bell
3125 4738 64 21 avait
3209 4738 131 23 condamné
3360 4739 18 22 il
3396 4745 16 21 y
3432 4745 13 16 a

2902 4764 33 17 un
2950 4761 66 24 mois,
3030 4761 15 22 tt
3060 4762 61 21 mort
3137 4767 47 19 une
3199 4763 94 24 femme,
3308 4764 26 21 M
3335 4767 15 10 M
3351 4768 8 9 *
3374 4766 35 20 De
3421 4766 24 22 la

2902 4787 59 23 Mar,
2977 4788 39 24 qui
3031 4788 64 21 avait
3111 4792 111 21 comparu
3235 4790 87 21 devant
3336 4791 35 22 tes
3386 4791 47 21 assi-

2902 4815 37 18 ses
2954 4812 28 22 de
2999 4813 142 25 Guernesey,
3157 4814 55 25 qu'il
3227 4814 120 26 présidait.

2928 4838 97 21 Comme
3035 4843 31 16 on
3075 4838 22 22 le
3109 4838 52 25 sait,
3172 4840 52 20 M"'*
3236 4841 35 20 De
3282 4840 23 22 la
3316 4842 54 20 Mar
3382 4841 65 22 avait

2902 4862 14 22 à
2927 4862 115 25 répondre
3055 4864 31 21 du
3096 4866 102 20 meurtre
3211 4865 28 21 de
3250 4870 44 18 son
3305 4867 135 25 employeur

2902 4892 32 17 un
2947 4888 69 21 vieux
3028 4889 96 21 fermier
3135 4890 94 21 nommé
3241 4891 113 22 Brouard.

2919 4914 40 23 «Le
2977 4914 106 22 ministre
3101 4915 29 22 de
3147 4915 133 22 l'Intérieur
3296 4918 73 24 ayant
3387 4916 59 22 émis

2901 4942 33 17 un
2952 4939 50 21 avis
3016 4939 127 25 favorable,
3157 4940 22 22 te
3196 4941 36 21 roi
3248 4941 65 21 avait
3330 4942 78 25 gracié
3421 4943 24 21 la

2901 4964 152 24 condamnée,
3071 4965 25 21 la
3114 4965 69 26 peine
3201 4965 68 23 étant
3288 4967 157 23 transformée

2900 4993 32 17 en
2948 4994 35 17 un
2997 4993 218 22 emprisonnement
3232 4993 15 20 tt
3265 4992 137 26 perpétuité.

3521 3445 233 67 ^homrae
3770 3450 152 58 jeune
3929 3448 31 67 !j

3952 3528 25 63 !<

3487 3541 90 25 Depuis
3595 3540 98 27 quelque
3712 3541 85 25 temps,
3815 3545 28 20 ça
3858 3541 50 21 n'al-

3481 3567 43 20 lait
3543 3566 59 25 plus.
3634 3567 64 21 Petit
3716 3567 16 21 tt
3750 3567 69 25 petit,
3836 3567 25 25 je
3880 3571 40 16 me

3480 3592 91 21 sentais
3586 3592 98 21 devenir
3701 3592 118 25 impotent
3835 3594 26 19 et
3879 3593 43 20 des

3483 3618 66 21 idées
3564 3618 80 21 noires
3661 3623 38 17 me
3716 3618 137 21 tournaient
3860 3618 63 21 dans

3484 3643 25 21 la
3527 3643 56 21 tête.
3601 3644 60 21 L'un
3679 3645 31 20 de
3728 3649 51 16 mes
3798 3643 61 21 amis
3883 3647 39 18 me

3484 3669 112 21 conseilla
3614 3669 63 21 alors
3705 3669 24 21 te
3758 3670 47 20 Vin
3821 3670 30 21 de
3867 3670 42 20 Fri-

3485 3695 71 21 leuse.
3575 3696 37 20 En
3631 3696 60 20 trois
3707 3700 124 18 semaures.
3850 3695 74 21 durée

3484 3721 30 20 de
3528 3720 26 21 la
3567 3725 63 18 cure,
3645 3725 27 16 ce
3687 3720 40 21 fut
3741 3725 48 17 une
3802 3725 106 17 résurrec-

3484 3746 59 20 tion.
3563 3746 88 21 J'avais
3670 3746 28 21 20
3719 3750 45 17 ans
3790 3747 28 21 de
3837 3746 79 21 moins

3484 3772 32 21 Le
3532 3772 46 20 Vin
3591 3773 32 20 de
3636 3771 105 22 Frileuse
3752 3773 38 21 est
3804 3772 119 21 vraiment

3484 3796 24 22 te
3528 3797 56 25 plus
3605 3797 51 22 fort
3677 3798 43 20 des
3741 3797 141 21 fortifiants.
3887 3798 35 20 Ce

3485 3827 109 17 nouveau
3614 3823 96 25 produit
3729 3827 31 18 ne
3779 3823 79 21 donne
3877 3827 54 23 pas.

3485 3848 30 21 de
3534 3853 61 20 coup
3614 3849 29 21 de
3661 3849 74 23 fouet,
3754 3849 62 20 mais
3833 3849 34 21 les
3883 3848 26 21 ré-

3484 3873 89 21 sultats
3593 3875 56 20 sont
3671 3875 104 20 certains
3801 3875 26 20 et
3849 3875 59 20 dura-

3484 3899 57 24 bles,
3558 3900 68 24 grâce
3642 3899 15 22 à
3673 3900 104 21 lTYaria
3791 3900 30 21 de
3835 3900 73 21 Mada-

3485 3929 90 20 gascar.
3592 3926 63 20 C'est
3671 3925 85 26 simple
3769 3926 26 20 et
3812 3925 110 26 agréable

3485 3950 16 21 à
3518 3950 108 26 prendre.
3642 3952 80 20 Avent
3739 3951 91 25 chaque
3845 3956 77 20 repas,

3485 3980 59 16 vous
3561 3981 87 20 prenez
3663 3981 35 17 un
3718 3981 63 17 verre
3799 3977 14 21 à
3830 3976 93 26 liqueur

3484 4001 30 20 de
3528 4006 27 16 ce
3570 4002 40 21 vin
3623 4002 128 21 fortifiant.
3764 4003 64 21 Pour
3840 4003 70 24 rajeu-

3484 4027 40 20 nir
3535 4027 30 23 de
3579 4028 27 21 20
3620 4032 51 20 ans,
3690 4028 52 21 vive
3756 4028 25 22 la
3794 4033 56 17 cure
3864 4028 30 21 de

3670 4088 331 75 .ga-Vt-tde

3560 4150 445 75 mieuse

3490 4237 29 33 le
3533 4236 76 43 plus
3628 4234 69 38 fort
3717 4238 66 34 des
3796 4234 196 40 fortifiants

3495 4298 126 24 Monopole
3638 4297 43 21 Ch.
3696 4296 105 24 Delacre,
3817 4295 128 22 BruxeUes.

3471 4431 146 51 UNE
3644 4429 370 52 OCCASION

3473 4530 177 51 VOUS
3693 4529 321 51 CHERCHE

3589 4666 82 29 Vous
3697 4666 102 28 n'avez
3824 4665 71 34 qu'à

3588 4707 54 28 lire
3673 4708 221 26 attentivement

3633 4757 54 18 nos
3702 4757 147 17 annonce»

3524 4820 119 39 POUR
3666 4818 53 41 EN
3742 4818 219 41 PROFITER

3470 4880 77 69 ^

2948 5072 245 129 SPA

3260 5069 40 22 NE
3324 5070 183 22 CONFONDEZ
3530 5072 57 20 PAS
3613 5071 165 21 SPA-ORAN-

3235 5101 77 22 GINA
3330 5107 56 16 avec
3406 5103 103 21 d'autres
3526 5103 106 22 boissons
3651 5104 32 20 du
3702 5103 77 21 même

3233 5137 82 21 genre;
3331 5134 44 21 elle
3388 5139 32 16 ne
3433 5135 128 24 comprend
3575 5140 45 19 que
3634 5135 32 21 du
3680 5141 46 20 pur
3739 5136 40 24 jus

3235 5165 109 25 d'orange
3361 5166 25 21 et
3403 5167 29 21 de
3448 5167 61 21 l'eau
3526 5167 29 21 de
3573 5167 54 26 Spa,
3644 5167 57 22 c'est
3717 5168 61 22 donc

3232 5203 46 16 nne
3290 5198 93 21 boisson
3393 5197 125 24 naturelle.

3322 5274 149 34 l'Enduit
3492 5275 176 34 Dentaire
3689 5277 218 39 Malpropre

3302 5343 87 27 gênant
3410 5348 59 23 pour
3491 5346 50 19 tout
3565 5342 22 24 le
3608 5343 85 23 monde
3716 5345 100 22 s'enlève
3836 5346 47 22 vite
3902 5348 26 21 et

3301 5369 185 27 complètement.
3496 5369 86 23 Prenez
3593 5377 45 16 une
3649 5371 83 23 brosse
3742 5372 15 22 à
3769 5371 68 24 dents
3848 5373 80 26 sèche;

3302 5399 108 26 mettez-y
3420 5403 29 16 un
3460 5403 46 28 peu
3514 5397 32 22 de
3556 5399 57 26 pâte
3621 5397 122 24 dentifrice
3750 5398 179 25 "Chlorodont".

3302 5423 94 23 Brossez
3406 5423 34 23 les
3451 5419 67 27 dents
3530 5424 31 23 de
3572 5428 51 19 tous
3633 5425 65 24 câtéi
3708 5426 76 23 mime
3795 5427 15 22 à
3822 5426 106 24 l'endroit

3302 5449 44 24 des
3359 5450 134 24 mâchoires.
3506 5451 80 23 L'éclat
3599 5452 89 23 naturel
3702 5452 45 23 des
3761 5453 68 23 dents
3840 5454 89 23 revient

3554 5481 26 20 et
3601 5485 58 17 vous
3682 5479 118 30 éprouvez
3823 5480 61 24 dans
3905 5481 23 23 la

3555 5505 90 24 bouche
3658 5512 46 18 une
3718 5508 75 22 douce
3808 5508 122 25 sensation

3556 5533 31 23 de
3600 5532 113 25 fraîcheur
3725 5537 26 20 et
3764 5534 32 24 de
3810 5536 118 27 propreté.

3556 5559 73 24 Tubes
3635 5561 89 23 Fr.4.50
3732 5564 25 20 et
3764 5562 72 24 Fr.8.-.
3844 5566 85 21 Fibrine

3557 5593 32 14 p.r
3602 5588 83 17 Coûtai»..
3699 5589 64 18 FrtrM
3776 5589 72 17 S.A..T
