4075 5926
82 286 93 71 LA
220 282 381 65 LOTERIE

162 372 343 65 COLONIALE

93 493 29 36 LE
142 486 119 35 TiRAGE
287 487 43 31 DE
350 487 43 32 LA
413 482 172 39 TREIZIÈME

95 533 137 41 TRANCHE
255 533 23 31 A
303 534 40 31 EU
364 534 72 32 LIEU
460 536 124 31 SAMEDI

175 581 32 32 A
238 580 248 33 BRUXELLES

96 653 25 22 le
129 648 70 22 tirage
209 645 29 20 de
248 645 24 20 la
283 645 35 20 13"
329 645 100 22 tranche
439 646 30 21 de
479 646 24 22 la
513 646 91 22 Loterie

80 682 25 20 co
104 672 75 26 loniale
190 676 15 16 a
217 674 29 17 eu
257 669 48 22 lieu
316 671 90 21 samedi
418 672 53 22 soir,
482 676 32 17 au
525 671 78 21 Théà-

80 709 26 18 0*.
120 695 133 26 Communal
270 695 30 21 de
317 696 23 20 la
358 701 42 16 rue
418 697 28 21 de
464 697 100 23 Laeken,
582 697 21 20 le

79 729 68 23 Cirque
157 723 28 20 de
197 721 23 20 la
232 725 41 16 rue
285 721 30 20 de
327 721 197 25 l'Enseignement
536 722 68 21 étant

78 746 145 32 actuellement
233 745 75 21 rendu
318 745 15 21 à
344 751 43 16 son
398 747 139 24 occupation
548 751 56 16 nor-

98 791 35 34 La'
147 795 126 25 cérémonie
297 795 39 21 fut
361 796 148 25 agrémentée
534 796 69 21 d'une

79 826 61 29 partie
154 821 107 23 musicale
278 825 65 16 assez
359 821 85 25 longue
460 823 25 20 et
501 822 48 21 fort
565 822 25 20 in-

79 849 117 27 téressante.

98 879 32 20 Un
144 872 74 26 public
233 871 129 21 nombreux
378 872 51 21 vint
446 871 95 21 assister
557 875 46 17 aux

78 900 116 27 opérations
211 895 187 22 traditionnelles
415 897 33 20 du
466 897 80 24 tirage.

99 929 32 21 On
143 926 130 20 commença
288 925 56 16 avec
359 926 33 15 un
407 921 90 21 sérieux
512 921 89 25 retard;

79 956 19 20 y
115 950 108 23 Rubbens,
238 946 106 21 ministre
360 946 41 21 des
416 947 114 23 Colonies,
545 946 59 21 était

78 970 86 32 irisent,
176 974 27 20 de
216 971 74 22 même
304 975 44 21 que
362 972 32 20 M.
408 971 105 24 Charles,
527 970 63 22 admi-

78 1002 112 25 nistrateur
204 996 93 26 général
312 996 41 21 des
368 996 114 21 Colonies.

98 1027 51 23 MM.
167 1022 97 25 Coppois
284 1022 24 20 et
328 1021 21 21 le
369 1021 235 21 lieutenant-colonel

78 1055 76 22 pieren.
173 1052 56 22 pour
250 1047 23 20 la
294 1046 67 25 salle;
385 1047 89 20 Marcel
496 1046 108 24 Antoine,

78 1083 48 22 pour
137 1073 131 24 l'extérieur,
280 1071 146 21 assumaient
438 1072 34 20 les
485 1071 119 22 fonctions

78 1107 23 21 de
114 1101 96 26 speaker.

127 1141 51 34 LES
196 1132 153 39 NUMÉROS
372 1136 175 33 GAGNANTS

79 1220 43 28 Les
136 1214 82 30 billets
235 1222 29 17 se
281 1212 143 25 terminant
442 1221 48 22 par
508 1222 8 16 :

525 1250 81 23 Francs

149 1293 17 31 9

234 1290 131 32 gagnent

550 1288 55 33 100

131 1340 35 33 85

298 1359 16 14 !>

547 1335 60 32 250

113 1387 49 34 461

297 1406 17 14 „

541 1381 65 33 500

115 1434 49 34 591

300 1453 17 15 „

544 1427 62 32 500

115 1480 55 34 488

299 1499 17 15 »

522 1473 84 33 1.000

123 1527 50 35 190

303 1546 16 15 »

518 1520 90 32 2.500

101 1575 76 34 9602

300 1592 17 16 J'

518 1567 90 32 5.000

103 1621 72 36 ■7736

300 1640 15 15 !'

500 1613 109 34 10.000

90 1668 89 36 04120

303 1688 7 14 )

496 1660 113 34 25.000

89 1714 92 35 62064

306 1735 15 14 !!

497 1707 112 34 25.000

85 1762 95 32 59392

307 1781 15 14 II

491 1754 117 33 35.000

83 1807 94 34 26665

304 1828 16 13 II

488 1801 121 33 50.000

82 1853 92 34 78168

303 1874 15 14 II

498 1848 112 33 75.000

80 1899 92 34 89846

303 1921 15 15 H

478 1895 131 33 100.000

100 1956 64 39 LES
186 1954 96 40 LOTS
306 1953 52 39 DE
378 1955 19 37 1
423 1953 163 39 MILLION

216 2033 172 47 48689

426 2031 37 48 L

220 2103 171 50 95512
426 2103 36 48 P

215 2177 172 47 67874

422 2175 42 48 D

214 2248 171 49 65638
420 2247 38 49 L

218 2319 169 50 14110

424 2319 38 48 B

98 2393 43 21 Les
156 2392 87 22 mêmes
260 2392 110 22 numéros
388 2392 41 22 des
446 2392 80 22 autres
543 2392 70 22 séries

74 2420 100 23 gagnent
191 2419 71 23 10,000
278 2419 87 20 francs.

129 2466 46 38 LE
199 2465 78 40 LOT
300 2466 52 38 DE
377 2466 175 38 2.500.000

190 2549 222 59 22178
455 2545 52 63 C

99 2630 32 21 Le
154 2630 78 21 même
256 2628 99 22 numéro
379 2629 42 22 des
444 2629 80 22 autres
547 2629 71 21 séries

74 2657 104 23 gagnent
195 2656 73 22 50,000
285 2655 87 21 francs.

124 2723 38 28 LA
180 2723 89 28 MORT
293 2722 39 28 DE
359 2723 34 28 M.
412 2722 159 34 FRANCQUI

177 2793 84 24 (Voyez
278 2791 71 22 début
365 2798 31 15 en
413 2798 60 19 page
490 2793 28 23 1.)

102 2826 34 20 M.
147 2826 53 21 Van
211 2823 106 24 Zeeland,
328 2824 101 24 premier
439 2824 114 24 ministre,
564 2824 54 21 s'est

77 2851 82 21 rendu,
174 2850 89 22 samedi
277 2848 144 25 après-midi,
436 2849 15 21 à
468 2850 150 23 Overyssche,

77 2880 59 17 nour
151 2875 76 21 saluer
241 2875 23 20 la
280 2873 113 25 dépouille
409 2874 29 20 de
453 2875 33 19 M.
501 2874 116 24 Francqui

77 2902 24 19 et
123 2900 119 22 présenter
262 2898 16 22 à
299 2899 23 20 la
343 2898 91 22 famille
456 2899 32 21 du
510 2899 106 20 ministre

76 2926 78 20 d'Etat
163 2925 34 20 les
207 2923 166 22 condoléances
384 2924 33 21 du
427 2926 186 22 gouvernement

73 2960 28 5 —
114 2950 31 20 X.

187 2986 54 21 LES
260 2986 239 22 CONDOLEANCES

138 3012 41 20 DE
192 3012 207 21 L'UNIVERSITE
411 3012 41 20 DE
466 3011 84 21 GAND

100 3043 33 20 M.
152 3044 145 22 Bessemans,
314 3043 91 20 recteur
423 3043 30 20 de
469 3041 147 22 l'Université

75 3067 29 22 de
124 3068 77 22 Gand,
219 3073 15 16 a
253 3067 86 26 envoyé
359 3068 21 20 le
399 3067 150 25 télégramme
568 3066 41 22 sui*

75 3094 58 20 vant
148 3093 15 21 à
178 3094 27 20 JM
206 3096 14 9 m
222 3096 8 10 *
245 3093 118 24 .Francciui
380 3097 8 17 :

99 3132 29 16 En
145 3135 36 13 son
196 3135 46 12 nom
258 3131 103 20 personnel
377 3130 20 17 et
413 3133 26 14 au
454 3133 47 14 nom
516 3130 24 17 de
556 3130 52 17 l'Uni-

76 3156 72 17 versité
161 3157 23 17 de
196 3157 61 17 l'Etat
269 3158 12 17 à
294 3156 58 17 Gand
364 3156 44 17 tout
420 3156 80 19 entière,
512 3156 18 16 le
543 3156 76 16 recteur

75 3183 116 16 Eessemans
213 3182 42 19 prie
278 3182 189 19 respectueusement
489 3181 21 16 M
511 3183 5 9 1
516 3183 20 11 -'*
559 3181 60 17 Emile

75 3208 98 19 Francqui
187 3207 25 17 de
226 3207 75 17 vouloir
315 3207 45 17 bien
375 3206 67 21 agréer
457 3210 31 13 ses
502 3206 107 18 condoléan-

76 3236 31 13 ces
119 3232 150 21 profondément
282 3232 65 17 émues
359 3236 25 13 en
396 3236 21 13 ce
429 3232 45 20 Jour
486 3232 24 17 de
522 3231 52 17 deuil
586 3232 33 19 qui

75 3258 21 17 la
113 3258 70 20 frappe
200 3258 18 16 si
236 3258 132 19 cruellement,
386 3257 52 17 ainsi
455 3260 36 17 que
509 3257 65 17 toutes
590 3257 29 17 les

75 3284 124 17 institutions
211 3283 135 19 scientifiques
357 3282 122 20 supérieures
491 3282 27 18 du
529 3286 56 16 pays.
596 3290 23 5 —

75 3309 65 18 Belea.

625 284 77 63 LE
737 283 432 67 MICROCOSME

731 372 331 53 GENEVOIS

644 474 162 33 COMMENT
816 475 45 32 ON
875 475 21 32 Y
916 472 159 39 APPRÉCIE
1094 480 55 32 LES

714 515 175 39 ÉLECTIONS
899 523 178 35 ANGLAISES

624 595 39 32 CE
676 594 103 37 QU'ON
793 590 144 39 PRÉVOIT
947 598 47 32 AU
1005 599 98 33 SUJET
1123 601 46 31 DU

755 641 134 34 CONSFIL
901 644 151 33 FASCISTE

733 707 44 20 (De
791 708 68 20 notre
872 711 200 23 correspondant.)

651 737 102 23 Genève,
774 739 25 20 15
819 741 132 21 novembre.
972 753 27 5 —
1019 743 32 21 Le
1072 743 97 21 résulta*"

624 763 41 20 des
685 762 112 23 élections
817 765 117 25 anglaises
953 768 37 20 est
1009 768 127 24 considéré,
1156 768 14 21 à

624 787 102 24 Genève,
741 793 90 18 comme
846 790 69 22 étant
929 792 29 21 de
973 793 85 21 nature
1074 793 15 21 à
1103 799 55 15 assu-

624 817 38 16 rer
682 818 32 16 au
735 818 183 20 gouvernement
939 819 165 20 conservateur
1125 823 45 16 une

624 838 85 23 longue
729 839 94 25 période
843 841 29 21 de
893 842 145 25 tranquillité
1059 843 14 21 à
1093 843 65 21 l'inté-

624 863 63 21 rieur
701 864 24 20 et
739 869 30 16 en
783 865 76 22 même
874 867 76 25 temps
964 868 29 20 de
1007 868 21 20 le
1043 868 59 21 faire
1117 873 41 20 per-

624 888 91 21 sévérer
731 890 60 21 dans
807 890 23 22 la
846 891 62 25 ligne
924 893 29 20 de
969 892 111 26 politique
1097 894 61 19 inter-

625 914 121 21 nationale
762 916 54 24 qu'il
832 922 14 15 a
862 917 93 24 choisie,
971 918 15 21 à
1001 917 122 22 l'occasion
1140 919 31 20 du

624 939 85 21 conflit
726 940 198 26 italo-éthlopien.

651 965 36 20 En
705 965 66 25 effet,
789 966 147 25 l'opposition
954 968 32 20 du
1004 968 81 20 labour
1103 968 69 25 party

625 989 121 22 renforcée
765 995 30 17 ne
813 996 86 20 pourra
918 994 131 23 qu'exercer
1069 998 45 16 une
1134 997 25 17 in-

625 1014 93 22 fluence
743 1016 53 24 plus
821 1018 88 23 grande
934 1018 61 21 dans
1019 1018 21 20 le
1064 1023 54 16 sens
1143 1018 28 21 de

625 1039 161 25 l'application
804 1042 32 20 du
854 1042 74 25 pacte.

625 1065 34 20 La
683 1066 111 25 politique
818 1067 183 21 internationale
1024 1068 29 20 de
1078 1068 94 20 Samuel

652 1091 78 20 Hoare
754 1092 42 22 est,
819 1092 124 22 d'ailleurs,
967 1092 74 21 dictée
1066 1098 43 18 par
1132 1093 40 20 des

652 1116 122 23 exigences
793 1117 126 23 objectives
938 1118 28 19 dc
986 1118 23 19 la
1028 1117 96 21 défense
1144 1118 28 20 dc

653 1141 24 20 la
690 1142 67 20 route
771 1142 40 20 des
826 1142 76 22 Indes,
916 1143 24 19 et
953 1142 33 20 les
1000 1142 105 21 derniers
1119 1142 40 21 évé-

652 1167 109 20 nements
773 1172 30 15 cn
815 1167 88 23 Egypte
915 1177 28 4 —
954 1167 111 23 auxquels
1078 1168 94 20 l'œuvre

653 1192 106 22 d'agents
783 1192 94 20 italiens
901 1192 59 19 n'est
984 1197 43 19 pas
1050 1192 123 23 étrangère

652 1227 28 5 —
698 1222 30 15 ne
747 1217 53 19 font
819 1221 43 19 que
881 1217 118 23 souligner
1017 1217 23 20 la
1060 1217 112 21 nécessité

653 1247 59 18 pour
736 1242 152 23 l'Angleterre
913 1242 70 19 d'une
1007 1242 112 24 politique
1144 1243 28 19 dc

653 1267 89 22 grande
759 1266 98 20 fermeté
874 1272 44 19 par
934 1267 97 24 rapport
1047 1266 15 21 à
1078 1267 82 24 l'agres-

653 1292 51 20 sion
718 1291 121 20 italienne.

681 1323 61 22 QUE
761 1323 155 20 DECIDERA
935 1323 37 20 LE
992 1323 129 21 CONSEIL

817 1348 145 21 FASCISTE
971 1348 12 20 ?

653 1379 44 21 Les
711 1378 114 22 électeurs
839 1378 92 25 anglais
945 1380 73 24 ayant
1033 1379 72 28 parlé,
1120 1379 41 21 l'at-

628 1404 92 21 tention
748 1408 41 17 aes
815 1406 87 19 cercles
928 1404 194 21 internationaux
1150 1409 24 16 se

628 1429 84 20 tourne
733 1429 152 21 maintenant
905 1434 52 15 vers
978 1429 24 21 la
1022 1429 99 21 réunion
1143 1431 31 19 du

630 1463 8 8 «
657 1454 83 20 Grand
756 1454 94 21 Conseil
866 1454 96 20 fasciste
979 1463 18 12 ».

654 1479 21 20 Il
691 1479 36 20 est
743 1479 56 21 hors
815 1479 29 20 de
860 1479 70 21 doute
947 1484 44 20 que
1007 1479 58 21 ledit
1082 1481 93 20 Conseil

628 1504 162 22 manifestera,
803 1504 70 21 d'une
888 1505 71 23 façon
973 1509 30 16 ou
1017 1505 69 20 d'une
1101 1504 74 24 autre,

628 1528 180 22 l'exaspération
824 1529 39 25 qui
878 1530 55 19 s'est
949 1529 108 25 emparée
1073 1529 41 21 des
1130 1529 32 21 mi-

629 1554 61 20 lieux
709 1553 108 22 fascistes
834 1554 16 20 à
868 1554 23 21 la
910 1554 61 21 suite
990 1555 41 20 des
1049 1555 126 21 sanctions,

629 1579 163 23 exaspération
824 1579 39 24 qui
893 1580 37 20 est
960 1579 215 25 particulièrement

629 1604 112 21 ressentie
762 1609 45 19 par
826 1604 131 24 Mussolini,
979 1605 24 21 et
1024 1605 40 24 qui
1085 1610 15 16 a
1121 1604 55 25 déjà

629 1629 81 21 trouvé
725 1634 43 16 son
783 1630 135 24 expression
933 1630 168 25 diplomatique
1117 1631 60 20 dans

629 1655 24 21 la
675 1654 56 21 note
753 1655 114 21 italienne
890 1659 46 17 aux
959 1655 127 25 cinquante
1109 1657 67 19 Etats

631 1689 10 9 «
657 1680 184 21 sanctionnâtes
858 1689 18 12 ».

655 1705 63 21 Mais
737 1705 62 21 cette
818 1704 120 22 irritation
958 1705 102 21 arrivera
1063 1706 79 20 -t-elle
1162 1709 14 17 â

630 1735 95 18 pousser
747 1730 124 21 Mussolini
893 1730 16 22 à
930 1731 88 25 quitter
1040 1731 23 21 la
1086 1730 90 22 Société

630 1756 41 20 des
687 1755 113 21 Nations?

656 1782 33 21 Ce
700 1786 30 16 ne
741 1781 73 21 serait
824 1785 51 20 pas.
885 1786 31 16 en
926 1781 53 21 tout
991 1786 46 19 cas,
1049 1781 125 24 étonnant;

630 1811 27 16 ce
676 1806 73 21 serait
768 1811 30 16 en
817 1806 104 25 parfaite
941 1807 160 20 concordance
1121 1811 56 16 avec

630 1831 23 21 la
674 1836 130 20 campagne
826 1832 28 20 de
875 1831 162 22 chauvinisme
1058 1832 40 25 qui
1118 1832 58 20 sévit

631 1857 167 20 actuellement
813 1861 31 16 en
860 1856 76 23 Italie,
953 1862 54 16 sous
1023 1857 23 21 la
1063 1857 113 21 direction

631 1882 49 21 et...
698 1887 44 17 par
758 1882 68 20 ordre
844 1882 32 20 du
894 1882 121 21 ministère
1032 1883 29 20 de
1079 1883 23 20 la
1119 1883 45 20 Pro-

630 1907 116 24 pagande.

657 1934 44 19 Les
716 1932 106 21 illusions
837 1937 45 20 que
897 1932 124 21 Mussolini
1037 1933 78 21 s'était
1130 1933 34 20 fai-

631 1959 36 20 tes
680 1962 40 16 sur
732 1957 69 21 l'aide
814 1958 29 20 de
856 1958 33 21 M.
902 1958 72 21 Laval
988 1958 61 23 sont,
1062 1963 30 15 en
1106 1962 59 20 gran-

631 1984 29 20 de
675 1983 83 23 partie,
773 1982 112 25 dissipées
899 1982 16 22 à
929 1983 23 21 la
968 1983 61 21 suite
1044 1984 29 20 de
1088 1984 77 24 l'adop-

632 2008 50 21 tion
704 2008 41 21 des
767 2008 121 21 sanctions
910 2013 44 20 par
975 2008 23 21 la
1021 2009 96 20 France.
1140 2009 38 20 On

631 2034 106 21 n'isnore
753 2033 118 21 d'ailleurs
887 2038 50 20 pas,
954 2038 31 16 en
1001 2033 76 23 Italie,
1094 2038 44 20 que
1155 2033 22 21 la

632 2060 89 19 France
740 2059 36 20 est
793 2063 34 16 un
844 2058 42 21 des
903 2063 59 20 pays
979 2059 40 24 qui
1036 2058 142 25 profiteront

632 2084 22 21 le
666 2084 53 24 plus
732 2084 28 21 de
774 2084 24 21 la
811 2084 139 25 suspension
963 2084 41 21 des
1018 2084 160 25 exportations

633 2109 131 21 italiennes.

658 2135 68 20 Deux
750 2134 92 21 raisons
867 2134 43 21 ont
935 2133 108 26 jusqu'ici
1067 2132 111 27 empêche

633 2159 123 22 Mussolini
767 2160 29 20 de
808 2159 87 24 quitter
907 2159 23 21 la
943 2161 23 20 S.
978 2161 29 20 D.
1018 2161 28 19 N.
1062 2164 6 16 :
1082 2159 21 21 le
1115 2159 62 21 souci

633 2185 29 21 de
679 2190 31 15 ne
727 2190 44 17 pas
788 2189 86 20 couper
892 2185 53 21 tous
963 2185 34 20 les
1014 2185 72 24 ponts
1104 2185 24 20 et
1146 2184 32 21 les

633 2210 167 23 engagements
824 2209 48 25 pris
896 2215 44 20 par
963 2210 34 20 lui
1020 2209 146 25 personnelle-

633 2236 67 20 ment
710 2240 56 16 avec
777 2236 33 20 M.
821 2235 79 22 Laval,
912 2240 30 15 en
954 2234 105 25 échange
1071 2235 29 21 de
1111 2234 68 22 l'aide

634 2260 166 24 diplomatique
817 2259 101 26 promise
934 2265 44 20 par
994 2259 102 22 celui-ci.

660 2286 68 21 Cette
769 2285 121 21 deuxième
931 2285 80 21 raison
1052 2284 128 22 désormais

634 2311 96 20 n'existe
745 2310 60 25 plus.
821 2311 26 20 Si
861 2310 124 21 Mussolini
1000 2315 30 16 ne
1046 2309 75 26 quitte
1137 2314 43 21 pas

634 2336 101 22 Genève,
748 2341 26 16 ce
787 2341 53 16 sera
851 2340 60 20 pour
923 2335 41 21 des
977 2335 91 21 raisons
1081 2336 29 20 de
1123 2340 44 20 pru-

633 2362 80 21 dence,
724 2361 88 21 dictées
822 2366 44 20 par
877 2361 34 20 les
922 2360 194 25 préoccupations
1127 2360 40 21 éco-

634 2387 122 23 nomiques
771 2387 25 20 et
811 2391 43 20 par
871 2386 156 20 l'incertitude
1044 2390 41 16 sur
1100 2386 22 20 le
1138 2385 29 21 dé-

634 2412 163 24 veloppement
808 2411 112 21 ultérieur
932 2411 29 21 de
973 2411 23 21 la
1008 2411 115 21 situation
1134 2410 33 21 mi-

634 2437 84 21 litaire.

661 2469 54 21 LES
730 2468 175 22 INCONNUES
920 2468 41 20 DE
976 2468 39 20 LA
1030 2468 124 20 GUERRE

662 2501 43 20 Les
726 2499 134 25 opérations
881 2504 30 16 en
933 2498 121 26 Abyssinie
1076 2504 30 16 en
1127 2499 53 21 sont

637 2525 14 21 à
665 2530 33 15 un
711 2526 67 23 point
793 2530 31 16 au
838 2524 53 22 delà
905 2524 85 25 duquel
1004 2524 34 21 les
1052 2524 129 21 inconnues

637 2550 168 21 commencent.
826 2549 165 26 L'occupation
1013 2550 31 20 du
1066 2549 69 24 Tigré
1157 2550 23 20 et

637 2576 29 20 de
685 2575 114 24 l'Ogaden
818 2575 89 21 étaient
926 2575 53 25 plus
998 2579 31 16 ou
1047 2573 77 22 moins
1144 2579 24 15 es-

638 2600 123 24 comptées.

638 2626 34 20 La
693 2625 127 21 résistance
843 2624 150 25 éthiopienne
1015 2630 31 15 ne
1069 2624 46 20 fait
1138 2629 43 19 que

665 2655 152 16 commencer.
839 2650 150 23 .*\mba-Alaji
1011 2649 116 21 constitue
1149 2655 32 14 un

665 2675 71 21 défilé
755 2675 135 24 obligatoire
908 2675 15 20 à
941 2675 115 19 l'altitude
1075 2675 29 19 de
1123 2674 58 22 3,600

665 2701 92 22 metres,
774 2705 44 19 par
834 2700 75 23 lequel
924 2700 17 20 il
958 2700 53 20 faut
1027 2705 81 19 passer
1124 2704 58 19 pour

665 2725 109 25 pénétrer
790 2726 32 20 du
837 2724 68 25 Tigré
922 2725 59 20 dans
997 2725 33 20 les
1046 2724 92 25 régions
1154 2725 27 19 de

665 2750 134 21 l'intérieur.

666 2776 90 20 Autour
769 2776 29 20 de
811 2776 97 23 Harrar,
921 2775 39 24 qui
974 2774 116 22 constitue
1103 2774 22 21 le
1139 2774 41 21 fie*

639 2800 124 25 personnel
777 2800 33 21 du
823 2800 80 24 négus,
918 2800 33 21 les
965 2800 77 21 forces
1056 2800 34 21 les
1105 2799 77 21 mieux

639 2825 133 24 organisées
792 2825 29 21 de
842 2824 94 22 l'armée
957 2825 150 24 éthiopienne
1129 2824 51 21 sont

639 2850 112 24 groupées
765 2855 31 16 en
810 2850 97 20 nombre
922 2849 165 21 considérable.

639 2874 116 23 Jusqu'ici,
770 2875 17 19 il
802 2880 15 18 y
831 2880 16 15 a
861 2880 29 14 eu
906 2874 138 24 occupation
1060 2874 120 23 militaire;

664 2899 157 23 maintenant,
840 2899 56 20 c*est
915 2899 24 20 la
957 2904 82 19 guerre
1059 2899 39 24 qui
1117 2904 51 14 com-

663 2929 89 15 mence.

662 2950 37 19 Vu
717 2948 61 21 cette
796 2947 120 26 situation,
934 2952 31 16 on
983 2947 59 22 croit
1060 2947 107 25 générale-

636 2974 66 20 ment
716 2978 44 19 que
774 2973 124 21 Mussolini
911 2972 95 25 évitera,
1020 2977 59 21 pour
1093 2973 22 21 le
1129 2977 38 16 mo-

636 2998 73 22 ment,
729 3003 34 15 un
783 2998 64 24 geste
868 2998 29 21 de
917 2998 97 24 rupture
1036 3002 55 17 avec
1112 2998 24 20 la
1158 2999 22 20 S.

637 3025 28 19 D.
681 3024 27 20 N.
725 3024 25 20 et
765 3028 44 19 que
826 3023 21 21 le
864 3022 93 22 Conseil
973 3022 96 22 fasciste
1086 3028 24 16 se
1126 3023 42 21 bor-

637 3053 59 15 nera
715 3048 15 21 à
749 3052 47 17 une
815 3048 106 20 nouvelle
942 3048 25 20 et
984 3047 54 24 plus
1057 3047 122 25 énergique

638 3072 163 24 protestation,
821 3072 105 22 destinée
946 3073 93 20 surtout
1059 3072 15 21 à
1094 3073 85 24 l'usage

639 3097 118 21 intérieur.
772 3108 28 5 —
814 3098 27 20 A.
856 3098 25 20 Z.

1190 286 417 51 PROTESTATION
1657 291 75 48 DU

1243 358 144 49 WAFD
1404 361 35 47 A
1461 360 62 48 LA
1539 360 140 50 S.D.N.

1210 459 129 33 CONTRE
1352 462 42 31 LA
1407 456 154 38 SÉVÉRITÉ
1573 462 90 32 DONT
1675 463 39 32 LE

1269 507 268 33 GOUVERNEMENT
1550 509 24 31 A
1594 504 60 37 USÉ

1250 587 86 32 DANS
1349 588 42 31 LA
1406 581 196 41 RÉPRESSION
1616 590 58 32 DES

1210 632 283 34 MANIFESTATIONS
1513 636 200 33 POPULAIRES

121 3370 39 29 LE
171 3370 49 28 35e
231 3369 236 29 ANNIVERSAIRE
481 3369 39 29 DE
534 3369 37 29 LA

98 3423 177 29 FONDATION
295 3423 40 28 DE
361 3423 38 28 LA
422 3423 21 28 J.
463 3422 28 30 G.
507 3423 27 29 L.
554 3423 40 28 DE

288 3476 116 29 RENAIX

100 3520 98 25 Renaix,
215 3521 26 21 16
255 3520 133 22 novembre.
403 3531 28 5 —
446 3520 44 21 Les
506 3520 26 21 23
548 3520 25 22 et
589 3520 26 21 24

73 3547 132 23 novembre,
228 3546 24 21 la
274 3547 76 20 Jeune
373 3545 73 25 garde
468 3545 96 22 libérale
587 3546 29 21 de

74 3572 97 24 Renaix,
185 3576 45 21 que
244 3572 92 25 préside
348 3572 33 20 M.
396 3571 106 21 Armand
517 3571 97 24 Ameels,

75 3597 77 21 fêtera
167 3597 23 21 le
206 3598 36 20 35»
260 3596 159 22 anniversaire
437 3597 29 20 de
483 3601 28 16 sa
528 3596 74 21 fonda-

76 3623 56 22 tion.

101 3648 117 21 Plusieurs
233 3647 192 22 manifestations
441 3647 56 22 sont
510 3647 105 26 prévues,

75 3673 58 21 dont
145 3674 59 21 voici
215 3673 23 22 le
250 3678 148 20 programme
408 3678 6 16 :

96 3711 77 17 Samedi
187 3712 23 16 33
223 3712 109 19 novembre,
348 3711 11 17 k
374 3712 11 16 8
399 3711 76 20 heures,
490 3714 27 14 en
530 3710 21 18 la
565 3711 49 18 salle

74 3737 34 16 des
122 3737 50 17 lêtes
186 3737 23 17 de
223 3737 125 18 l'Harmonie.
362 3737 108 19 Assemblée
485 3736 90 21 générale
589 3737 24 17 de

74 3762 20 17 la
112 3763 42 17 J.G.
173 3763 20 17 et
211 3763 70 16 remise
299 3763 24 17 de
341 3763 100 17 souvenirs
460 3766 39 14 aux
517 3763 95 17 membres

74 3788 120 17 .fondateurs.

96 3813 109 18 Allocution
218 3817 35 18 par
267 3814 17 18 le
297 3813 99 22 président
409 3815 28 17 M.
450 3814 81 17 Ameels.

96 3839 91 17 Discours
206 3843 36 16 par
260 3840 27 17 M.
306 3840 86 17 Maurice
410 3840 78 17 Vander
507 3840 104 19 Schueren,

75 3864 69 20 député
154 3864 109 21 suppléant,
275 3865 98 20 président
385 3865 23 17 de
419 3865 134 18 l'Association
564 3865 38 17 libé-

75 3890 40 16 rale
129 3890 24 16 de
165 3890 80 20 Renaix,
260 3894 36 16 par
309 3891 26 16 M.
348 3891 58 17 Louis
419 3891 43 17 Van
475 3891 136 20 Grootcnbrul,

76 3915 100 17 conseiller
193 3915 115 20 communal,
326 3917 20 16 et
363 3920 36 16 par
416 3917 27 17 M.
460 3917 87 17 Maurice
563 3917 49 17 Des-

77 3941 65 18 tenay,
155 3940 98 20 président
266 3941 23 16 de
302 3941 20 17 la
334 3941 116 17 Fédération
462 3942 102 17 Nationale
578 3942 34 17 des

78 3964 62 17 J.G.L.
152 3965 23 16 de
187 3965 95 20 Belgique.

99 3989 118 18 Intermèdes
229 3991 99 16 musicaux
340 3995 36 16 par
388 3992 123 18 l'Harmonie.

101 4014 15 16 A
132 4015 10 15 9
159 4014 74 20 heures,
250 4016 62 18 grand
328 4016 31 17 bal
375 4016 49 21 bleu,
441 4018 60 17 offert
517 4018 85 20 gratuite-

79 4040 54 17 ment
147 4039 12 17 à
173 4040 44 17 tous
230 4039 28 18 les
272 4041 93 18 membres
379 4042 26 17 du
418 4043 53 19 parti
484 4043 69 18 libéral
567 4044 20 17 et
601 4044 12 17 k

78 4064 52 18 leurs
142 4064 77 18 Invités.

100 4090 107 17 Dimanche
220 4090 22 17 2i
255 4095 101 13 novemore
371 4096 6 13 :
390 4092 16 17 A
419 4092 21 17 11
452 4093 69 17 heures
534 4095 26 16 du
571 4098 33 13 ma-

76 4115 37 19 tin,
127 4116 99 20 réception
240 4116 11 17 k
265 4116 19 18 la
298 4120 45 16 gare
357 4117 33 17 des
403 4117 70 18 invités
486 4118 105 21 étrangers.

98 4141 62 20 Dépôt
176 4141 23 18 de
214 4141 66 20 gerbes
296 4145 25 14 au
336 4144 112 15 monument
463 4147 38 13 aux
515 4145 61 17 morts
591 4145 22 18 do

74 4166 21 17 la
106 4167 73 19 grande
190 4170 69 17 guerre
271 4167 103 17 1914-1918.
384 4168 16 16 A
411 4168 47 17 midi
471 4173 5 13 :
488 4169 47 18 Vins
546 4170 58 17 d'hon-

74 4195 49 14 neur
138 4192 71 17 offerts
223 4192 12 17 k
249 4192 19 18 la
283 4196 72 17 presse,
369 4196 38 14 aux
421 4193 87 21 délégués
521 4194 91 22 français,

74 4218 82 19 anglais,
171 4217 111 19 hollandais
296 4219 21 16 et
330 4219 171 20 luxembourgeois.

96 4244 16 16 A
130 4243 19 17 13
167 4243 76 19 heures.
261 4244 70 17 Grand
347 4244 86 20 banquet
449 4244 96 21 Jubilaire,
564 4246 50 17 ainsi

74 4271 35 17 que
123 4269 86 20 banquet
221 4269 72 18 annuel
306 4269 23 18 de
342 4269 127 18 l'Harmonie.

95 4295 29 17 Au
135 4298 56 14 cours
202 4294 26 17 du
238 4295 92 20 banquet,
341 4296 69 16 remise
422 4295 26 18 du
459 4301 10 11 «
479 4295 56 18 Livre
546 4296 47 18 d'Or
604 4302 10 12 »

73 4319 64 20 publié
162 4320 12 17 k
197 4320 105 18 l'occasion
327 4320 23 18 de
374 4321 149 17 l'anniversaire
547 4322 24 17 de
595 4322 20 17 la

72 4345 78 17 société.

94 4371 26 16 Le
137 4371 69 17 comité
223 4371 23 18 de
263 4372 108 20 patronage
387 4372 31 17 est
434 4372 90 21 composé
540 4376 75 14 comme

72 4396 41 17 suit
127 4398 6 15 :
159 4405 3 6 .

94 4421 27 18 M.
142 4421 19 17 le
182 4422 88 18 ministre
291 4423 93 20 François
404 4424 89 20 Bovesse,
515 4424 48 17 MM.
585 4424 28 18 les

72 4446 102 18 sénateurs
189 4448 72 17 Gomar
276 4449 66 17 Vande
358 4449 59 18 Wlele
433 4451 20 16 et
468 4450 85 20 Auguste
570 4451 43 17 Cri-

73 4472 42 20 quel
117 4473 39 16 ion.

93 4497 36 18 Les
144 4498 80 20 députes
237 4499 38 17 Léo
288 4500 118 21 Mundeleer,
421 4501 41 17 vice
464 4500 110 21 -président
588 4502 24 17 de

71 4523 20 17 la
112 4523 102 20 Chambre;
235 4524 60 18 Emile
313 4526 109 20 Jennissen,
442 4527 68 17 Alfred
529 4527 81 20 Amelot,

71 4548 144 18 Marcel-Henri
229 4550 70 20 Jaspar
313 4553 19 16 et
347 4552 101 20 Raymond
462 4553 90 19 Foucart.
568 4553 44 20 puis

72 4577 68 14 encore
155 4578 5 13 :
174 4575 27 16 M.
214 4575 89 18 Fernand
314 4577 62 19 Blum,
390 4577 99 20 président
502 4578 109 17 d'honneur

71 4598 24 19 de
110 4599 20 17 la
145 4600 45 17 F.N.
204 4600 33 18 des
251 4601 63 18 J.G.L.
329 4602 24 17 de
367 4603 97 20 Belgique;
480 4604 28 17 M.
523 4605 86 16 Maurlca

72 4624 104 20 Destenay,
191 4625 98 20 président
302 4626 81 20 fédéral;
398 4629 63 18 Frans
474 4629 59 20 Ollyf,
549 4629 52 21 prési-

71 4649 47 18 dent
133 4650 24 17 de
172 4650 133 19 l'Association
320 4653 33 17 des
368 4654 129 18 Journalistes
513 4655 95 18 libéraux:

70 4674 21 18 la
103 4675 86 18 baronne
201 4676 34 17 Pol
247 4677 50 19 Boë.,
311 4678 107 20 présidente
431 4680 24 17 de
466 4681 20 17 la
498 4680 112 18 fédération

72 4700 33 17 des
119 4701 80 18 femmes
213 4701 95 19 libérales;
323 4704 47 18 Miss
383 4705 21 17 F.
418 4706 20 16 L.
453 4706 91 21 Joscphy,
558 4708 51 17 Hon.

71 4725 101 22 Secretary
192 4727 93 18 National
304 4728 58 21 Ligue
382 4730 21 17 of
423 4731 69 21 Young
512 4732 95 21 Libérale;

70 4751 47 17 MM.
142 4752 75 17 Roland
242 4753 109 21 Maneseau,
375 4756 22 16 et
420 4757 73 17 Marcel
517 4758 91 20 Sableau,

70 4776 104 18 secrétaire
195 4777 77 20 général
292 4780 20 16 et
333 4780 97 20 président
451 4783 33 17 des
504 4784 104 17 Jeunesses

70 4802 212 19 radicales-socialistes
297 4805 23 17 de
334 4806 80 18 France;
431 4808 66 17 Albert
512 4809 94 20 Wilhelm,

70 4826 99 20 président
193 4829 33 17 des
249 4830 43 17 J.G.
316 4831 138 20 Progressistes
478 4834 25 16 du
528 4835 79 17 Orand-

70 4851 73 18 Duché:
158 4854 23 16 H.
193 4854 21 16 L.
227 4854 42 17 Van
283 4856 80 19 Zant<-n.
377 4857 99 19 président
488 4859 34 18 des
535 4861 71 17 cercles

71 4876 24 17 de
109 4877 19 17 la
142 4878 91 19 Jeunesse
247 4880 78 18 libérale
339 4881 127 19 hollandaise.

93 4902 29 16 Au
134 4906 55 14 cours
201 4904 25 17 du
238 4905 90 20 banquet,
342 4907 94 19 plusieurs
449 4909 87 18 orateurs
547 4914 48 17 pren-

72 4925 58 18 dront
143 4927 19 17 la
175 4929 71 19 parole.

187 4992 133 32 VIOLENT
344 4997 150 30 INCENDIE

104 5058 93 26 Anvers,
208 5061 24 21 16
242 5064 130 21 novembre.
382 5076 27 5 —
420 5068 32 19 Ce
462 5069 75 21 matin
554 5076 52 17 vers

78 5083 13 19 4
109 5083 89 24 heures,
215 5090 33 17 un
264 5088 86 22 violent
368 5090 107 23 incendie
493 5095 54 21 s'est
564 5097 29 21 dé-

77 5107 62 21 clare
149 5108 59 22 dans
217 5115 33 16 un
259 5113 51 21 calé
321 5115 28 20 de
358 5115 24 20 la
392 5120 41 17 rue
443 5117 51 21 Van
501 5120 105 23 Ertboin.

77 5132 15 21 à
107 5134 95 20 Anvers.
543 5131 36 11 "va
582 5131 24 12 ai.

103 5158 43 21 Les
167 5160 115 24 pompiers
302 5165 98 20 aussitôt
419 5166 84 23 alertés
522 5170 85 23 durent

76 5183 120 21 travailler
214 5184 52 25 plus
282 5186 68 22 d'une
368 5189 71 22 heure
456 5196 58 20 pour
531 5195 75 22 étein-

74 5209 27 34 ?i-
104 5213 12 16 e
123 5209 34 34 J,i
150 5214 12 15 s
174 5209 11 20 f
182 5214 74 29 ~n,!"
258 5215 24 15 es
283 5226 5 4 -
300 5212 30 20 Le
343 5215 149 23 Propriétaire
505 5219 30 21 du
548 5222 52 19 café

74 5234 33 20 M.
122 5234 43 21 Ch.
181 5234 122 26 Philipart,
318 5242 26 15 sa
359 5238 85 24 femme
459 5242 23 21 et
497 5248 26 16 sa
537 5238 70 29 sœur"

74 5259 39 24 qui
133 5259 116 24 logeaient
268 5265 30 16 au
316 5264 99 22 premier
432 5265 65 25 étage
523 5269 84 21 durent

73 5289 26 15 se
112 5289 84 17 sauver
210 5290 30 16 en
255 5285 90 22 toilette
359 5289 29 20 de
403 5291 51 20 nuit

100 5310 62 21 Tout
179 5310 22 21 le
219 5310 53 22 café
290 5312 25 20 et
333 5312 34 21 les
384 5315 78 21 autres
480 5317 77 24 places
574 5322 33 20 du

73 5335 205 22 rez-de-chaussée
300 5338 55 20 sont
375 5339 98 22 détruits
500 5343 43 22 Les
565 5346 28 19 dé-

72 5360 53 24 gâts
139 5360 110 22 s'élèvent
263 5367 15 15 a
290 5362 86 22 200.000
389 5366 80 20 irancs

1218 704 32 20 Le
1265 705 76 22 Caire.
1358 705 24 21 16
1398 706 131 21 novembre.
1544 718 27 4 —
1586 707 31 21 Le
1632 708 71 21 Wafd
1719 713 15 16 a

1192 729 93 21 adressé
1304 729 15 21 à
1338 730 23 20 la
1387 731 91 21 Société
1503 732 40 20 des
1562 732 106 24 Nations,
1687 738 46 16 une

1192 755 156 24 protestation
1367 757 81 19 contre
1481 760 26 17 ce
1540 758 55 24 qu'il
1614 758 119 21 considère

1193 784 89 16 comme
1305 785 46 16 une
1373 782 118 23 agression
1520 783 110 20 commise
1652 788 82 16 envers

1193 805 103 24 l'Egypte
1313 807 24 19 et
1353 808 81 19 contre
1450 807 24 20 la
1491 807 97 21 sévérité
1605 808 64 24 dont,
1686 809 47 20 dit-

1193 830 22 22 il.
1228 830 22 20 le
1262 833 182 21 gouvernement
1456 837 15 15 a
1483 832 41 21 usé
1536 833 60 21 dans
1608 833 23 20 la
1643 833 78 24 répres-

1192 856 52 19 sion
1258 856 40 20 des
1327 857 191 21 manifestations
1547 858 132 25 populaires
1694 859 41 21 des

1193 881 65 24 jours
1269 881 111 21 derniers.
1393 893 27 4 —
1433 883 94 21 Reuter.

1285 920 102 20 GKEVE
1400 921 57 20 DES
1471 921 172 21 ETUDIANTS

1220 957 30 20 Le
1267 958 75 23 Caire,
1359 959 25 19 16
1398 959 132 21 novembre.
1544 970 28 4 —
1585 960 33 20 La
1633 959 103 22 décision

1194 983 31 20 du
1239 983 70 20 Wafd
1322 983 135 25 d'adresser,
1470 984 15 20 à
1498 984 24 21 la
1536 984 90 21 Société
1639 986 40 20 des
1687 986 35 20 Na-

1195 1008 61 20 tions
1269 1013 45 15 une
1328 1009 162 24 protestation,
1502 1010 65 21 vient
1579 1010 15 20 à
1606 1010 87 24 l'appui
1704 1011 32 21 du

1194 1037 104 20 message
1311 1034 93 20 adressé
1416 1034 15 21 à
1445 1034 23 20 la
1481 1034 90 22 Société
1585 1035 41 21 des
1637 1036 99 21 Nations

1195 1063 42 19 par
1258 1058 34 21 les
1312 1058 120 22 étudiants
1453 1060 29 20 de
1502 1060 142 21 l'université
1664 1061 59 25 égyp-

1195 1084 86 23 tienne,
1294 1085 138 23 annonçant
1447 1090 46 15 une
1507 1085 103 21 décision
1625 1086 28 21 de
1669 1087 67 23 grève

1195 1108 108 24 générale
1321 1114 43 19 par
1395 1114 92 16 mesure
1519 1111 29 20 de
1581 1112 156 23 protestation

1195 1135 80 19 contre
1293 1134 24 21 la
1335 1134 145 22 déclaration
1512 1136 28 20 de
1572 1136 38 20 Sir
1642 1137 95 21 Samuel

1196 1159 82 20 Horrre.

1222 1191 34 20 De
1272 1195 44 16 son
1334 1191 58 24 côté,
1410 1192 21 21 le
1448 1192 87 21 conseil
1553 1193 40 20 des
1611 1193 127 26 étudiants,

1196 1215 66 21 réuni
1279 1216 139 25 également,
1435 1222 15 16 a
1466 1217 81 21 décidé
1564 1219 28 20 de
1609 1219 129 21 demander

1195 1241 23 20 la
1234 1241 129 21 formation
1379 1242 68 21 d'une
1463 1243 133 25 délégation
1612 1244 39 24 qui
1666 1249 59 20 expo-

1196 1266 72 20 serait
1287 1266 15 21 à
1320 1267 24 20 la
1362 1267 91 21 Société
1473 1268 41 21 des
1533 1268 100 21 Nations
1651 1269 21 21 le
1698 1275 40 16 cas

1196 1291 28 20 de
1240 1291 110 25 l'Egypte.
1366 1303 27 4 —
1407 1293 95 21 Reuter.

1262 1336 39 20 LA
1316 1337 193 21 RESOLUTION
1525 1339 43 20 DU
1582 1340 88 21 WAFD

1223 1375 110 23 Londres,
1348 1376 25 20 16
1387 1376 132 21 novembre.
1547 1388 27 4 —
1601 1378 38 20 On
1653 1379 85 21 mande

1197 1400 32 20 du
1244 1400 68 20 Caire
1327 1400 14 20 à
1357 1400 103 24 l'agence
1476 1402 88 20 Reuter
1583 1407 5 15 :

1224 1425 30 20 Le
1270 1425 85 21 comité
1369 1426 102 21 exécutif
1485 1427 32 21 du
1532 1428 71 20 Wafd
1618 1433 15 16 a
1647 1429 93 25 adopté,

1198 1455 30 15 au
1246 1455 67 16 cours
1329 1451 29 20 de
1374 1456 26 16 sa
1417 1451 99 22 réunion
1533 1453 74 21 d'hier
1623 1454 54 24 soir,
1693 1459 47 16 une

1199 1475 126 21 résolution
1346 1481 5 15 :

1226 1508 21 19 1"
1260 1508 138 21 Protestant
1412 1509 85 24 auprès
1512 1510 29 21 de
1556 1510 23 21 la
1595 1511 90 21 Société
1700 1512 41 21 des

1198 1532 100 21 Nations
1310 1534 25 20 ct
1348 1533 41 21 des
1402 1534 135 24 puissances
1549 1535 142 26 étrangères,
1698 1541 43 20 par

1199 1558 140 20 l'entremise
1359 1559 41 20 des
1419 1559 122 25 légations,
1560 1562 81 20 contre
1659 1562 24 21 la
1702 1562 26 21 ré-

1199 1585 67 18 cente
1282 1583 146 22 déclaration
1444 1585 29 21 de
1490 1586 38 20 Sir
1545 1586 95 21 Samuel
1657 1588 84 24 Hoare,

1200 1609 98 23 laquelle
1315 1610 67 20 est-il
1398 1610 96 25 allégué,
1512 1612 35 20 est
1564 1612 177 24 incomptatible

1199 1639 55 15 avec
1268 1634 34 21 les
1315 1635 74 21 droits
1403 1640 115 17 normaux
1531 1637 28 21 de
1587 1637 104 25 l'Egypte
1717 1639 25 20 et

1199 1659 39 25 qui
1251 1659 38 21 fut
1302 1660 105 24 l'origine
1420 1662 41 20 des
1474 1662 102 21 troubles
1589 1663 31 20 du
1634 1664 78 23 Caire;

1226 1692 22 19 2°
1267 1692 141 24 S'opposant
1425 1684 55 34 que'
1486 1694 21 20 le
1525 1694 107 22 ministre
1650 1695 92 21 Nesslm

1200 1717 78 20 Pacha
1298 1718 62 20 reste
1378 1723 31 16 au
1430 1721 192 23 gouvernement;

1225 1743 23 20 3*
1261 1742 130 22 Déclarant
1402 1744 21 21 le
1437 1746 182 22 gouvernement
1633 1745 109 26 égyptien

1200 1768 149 24 responsable
1365 1774 43 19 par
1422 1774 44 17 son
1481 1770 79 21 action
1578 1780 8 7 „
1595 1771 29 20 de
1638 1771 23 20 la
1676 1771 66 25 perte

1200 1794 29 20 de
1242 1794 48 21 vies
1304 1794 139 22 innocentes
1457 1804 19 12 ».
1490 1806 26 5 —
1529 1795 79 25 Belga.

1297 1833 169 21 NOUVEAUX
1484 1834 160 21 TROUBLES

1226 1872 110 22 Londres,
1357 1872 25 20 16
1401 1872 131 21 novembre.
1552 1884 27 4 —
1598 1873 38 20 On
1656 1873 86 21 mande

1200 1897 32 21 du
1247 1897 69 21 Caire
1331 1897 15 20 à
1360 1897 103 25 l'agence
1477 1899 88 20 Reuter
1580 1903 44 20 que
1639 1899 28 20 de
1682 1903 48 17 nou-

1201 1927 74 16 veaux
1296 1923 103 20 troubles
1433 1923 107 24 produits
1573 1928 43 20 par
1636 1924 34 21 les
1690 1924 40 20 étu-

1201 1948 79 20 diants
1297 1953 25 16 se
1338 1949 55 20 sont
1411 1948 112 25 produits,
1539 1953 27 16 ce
1583 1949 83 24 matin,
1683 1950 61 20 dans

1201 1974 76 20 divers
1296 1974 117 24 quartiers
1432 1974 32 21 du
1483 1974 76 21 Caire.

1214 2000 66 19 Dans
1292 1999 22 21 le
1325 1999 104 25 quartier
1442 2000 29 20 de
1484 2000 80 24 Bulac,
1577 1999 33 22 les
1624 2000 120 22 étudiants

1201 2026 43 19 ont
1259 2024 97 24 attaqué
1384 2024 24 21 la
1437 2024 74 25 police
1541 2024 46 25 qui,
1616 2030 31 16 en
1678 2026 65 24 signe

1200 2050 209 23 d'avertissement,
1425 2050 47 21 tira
1488 2050 109 25 quelques
1614 2055 71 21 coups
1714 2052 30 21 de

1202 2075 104 21 revolver
1322 2080 30 16 en
1369 2075 59 21 l'air.

1227 2101 44 20 Les
1289 2101 170 21 manifestants
1489 2106 24 16 se
1544 2102 55 21 sont
1616 2102 85 21 enfuis.
1717 2113 17 5 -

1202 2126 78 24 Belga.

1367 2159 86 20 DEUX
1470 2159 107 21 MORTS

1228 2198 32 20 Le
1277 2197 76 24 Caire,
1371 2198 25 20 16
1413 2197 132 22 novembre.
1562 2209 28 4 —
1606 2199 67 20 Deux
1691 2198 40 22 étu

1202 2223 80 21 diants
1309 2223 40 25 qui
1384 2223 97 21 avaient
1509 2223 37 21 été
1575 2223 86 22 blessés
1684 2225 60 20 dans

1201 2248 183 22 l'échauffourée
1398 2249 32 21 du
1437 2249 152 21 Pont-Abbas
1596 2250 55 21 sont
1664 2251 79 20 morts.

1202 2284 27 6 —
1242 2274 94 21 Reuter.

1802 215 183 22 Dimanche
2006 215 11 21 1
2028 215 17 21 7
2065 219 182 22 novembre

1755 291 97 49 LA
1907 279 386 63 RÉFORME

1790 352 142 60 MONÉ
1932 360 146 49 TAIRE
2109 363 148 49 RUSSE

1753 463 53 31 SES
1819 457 256 38 RÉPERCUSSIONS
2088 462 64 32 SUR
2161 463 38 32 LE
2218 464 77 32 PRIX

1913 508 59 32 DES
1992 504 141 36 DENRÉES

1755 583 37 31 LE
1804 582 88 32 COUT
1913 581 41 32 DE
1974 580 42 32 LA
2036 579 54 32 VIE
2109 577 186 38 DÉPASSERA

1813 628 93 33 CELUI
1916 627 58 32 DES
1988 626 82 32 PAYS
2082 627 55 33 LES
2157 629 79 32 PLUS

1941 667 168 38 ÉPROUVÉS

1782 741 103 22 Moscou,
1905 740 24 20 15
1948 736 131 23 novembre.
2096 749 27 5 —
2142 740 32 20 La
2193 740 101 20 réforme

1757 766 41 20 des
1814 766 89 24 torgsin
1920 765 25 20 et
1974 763 33 21 les
2037 766 67 18 cours
2134 765 41 20 des
2205 766 89 20 devises

1757 791 134 24 étrangères
1909 789 53 21 font
1979 787 80 24 l'objet
2075 788 28 21 de
2121 791 174 20 conversations

1757 816 104 21 animées
1879 816 59 20 dans
1956 814 33 20 les
2007 812 95 22 milieux
2120 814 120 26 étrangers
2265 816 29 21 de

1757 842 101 22 Moscou,
1872 845 43 20 que
1928 840 61 20 cette
2002 837 100 23 réforme
2116 840 114 22 affectera
2243 842 52 20 tout

1758 864 220 27 particulièrement.

1784 898 98 21 Ceux-ci
1902 897 54 21 sont
1975 894 123 22 unanimes
2116 896 15 21 à
2149 902 83 19 penser
2251 902 44 20 que

1758 923 23 21 la
1796 923 101 21 réforme
1912 921 87 22 servira
2014 919 156 24 évidemment
2183 923 34 21 les
2233 923 49 21 inté-

1758 948 48 21 rêts
1826 948 117 25 généraux
1964 947 29 20 de
2014 945 23 20 la
2057 946 110 25 politique
2188 948 107 24 générale

1759 974 24 21 et
1796 973 130 21 financière
1939 973 29 20 de
1980 971 43 21 l'U.
2036 971 27 20 R.
2077 972 23 20 S.
2114 972 23 21 S.

1785 999 32 21 Ils
1838 996 181 23 reconnaissent,
2053 996 122 25 d'ailleurs,
2209 1003 43 20 que
2272 999 24 20 la

1758 1025 163 20 modification
1936 1023 40 20 des
1991 1025 67 17 cours
2071 1023 56 23 peut
2142 1023 114 22 aisément
2271 1029 25 16 se

1759 1049 103 25 justifier
1880 1054 43 20 par
1940 1048 41 21 des
1998 1046 91 22 raisons
2106 1048 29 21 de
2152 1053 58 20 pure
2228 1050 55 20 tech-

1759 1075 70 24 nique
1849 1074 129 21 monétaire
2010 1072 23 20 et
2053 1072 40 21 des
2112 1074 184 21 considérations

1759 1100 162 24 économiques
1935 1096 125 27 générales.

1786 1126 32 20 Ils
1837 1125 111 21 estiment
1967 1122 131 25 cependant
2117 1128 43 20 que
2179 1125 24 20 la
2222 1125 62 20 situa-

1760 1151 50 20 tion
1829 1151 39 24 qui
1887 1155 52 16 sera
1957 1148 59 21 faite
2035 1152 46 16 aux
2098 1148 121 25 étrangers
2238 1150 46 20 rési-

1760 1176 60 21 dant
1835 1181 29 16 en
1879 1176 27 20 U.
1921 1176 28 20 R.
1965 1175 23 20 S.
2003 1173 30 23 S.,
2049 1172 40 22 dès
2103 1174 22 21 le
2140 1175 59 21 mois
2215 1176 29 20 de
2259 1175 25 21 fé-

1760 1201 67 24 vrier,
1840 1206 52 16 sera
1914 1199 86 22 rendue
2019 1198 119 26 beaucoup
2158 1200 52 24 plus
2229 1201 56 20 diffi-

1761 1226 49 21 cile.

1787 1259 32 20 Le
1835 1258 55 21 coût
1906 1258 29 20 de
1951 1257 22 20 la
1987 1255 35 20 vie
2040 1254 123 25 dépassera
2180 1257 28 21 de
2225 1257 60 21 beau-

1761 1288 59 20 coup
1834 1283 59 21 celui
1909 1283 41 20 des
1964 1284 56 22 pay:;
2035 1280 34 21 les
2083 1281 52 24 plus
2149 1282 74 25 chers,
2238 1283 60 20 dans

1761 1308 105 25 lesquels,
1885 1308 122 21 d'ailleurs,
2026 1305 23 20 la
2069 1306 86 24 qualité
2174 1308 41 20 des
2233 1313 52 15 mar-

1761 1334 125 21 chandises
1905 1335 24 19 et
1947 1333 40 20 des
2006 1331 98 21 services
2123 1333 36 20 est
2178 1333 107 21 indubita-

1761 1359 104 21 blement
1882 1358 131 25 supérieure
2031 1355 15 21 à
2062 1360 26 17 ce
2104 1361 44 20 que
2165 1357 133 22 l'économie

1762 1384 126 25 soviétique
1907 1384 36 21 est
1974 1381 95 24 capable
2102 1383 148 24 aujourd'hui
2270 1383 28 21 de

1762 1414 116 19 procurer.
1894 1420 27 5 —
1936 1409 85 20 Havas.

205 5423 42 28 UN
261 5423 92 28 AVION
365 5424 109 30 TOMBE

98 5491 225 26 Château-Thierry,
341 5494 25 20 16
381 5496 131 22 novembre.
527 5509 28 5 —
568 5501 38 21 Un

71 5516 69 21 avion
156 5519 87 20 venant
260 5519 28 20 de
306 5518 106 22 Sézanne
428 5521 55 21 s'est
498 5524 108 23 retourné

71 5541 59 21 dans
142 5542 24 21 la
178 5543 51 22 côte
242 5544 29 21 de
283 5544 87 25 Nesles,
382 5545 53 24 près
447 5546 29 21 de
488 5548 118 23 Château-

71 5565 104 27 Thierry.

97 5592 32 20 M.
144 5593 91 22 Gaston
249 5595 105 24 Mattier,
369 5596 27 21 31
412 5600 51 21 ans,
479 5598 63 24 sujet
557 5600 37 21 bel-

72 5619 34 21 ge,
124 5622 15 15 a
156 5617 36 22 été
210 5619 73 22 blessé
301 5621 24 21 et
343 5621 98 22 conduit
460 5622 16 21 à
493 5622 107 27 l'hôpital

71 5644 59 19 oans
144 5647 33 17 un
191 5643 50 23 état
254 5650 65 17 assez
332 5651 78 21 grave.
423 5658 30 5 —
466 5648 86 22 Havas.

651 3155 33 21 M.
702 3155 190 21 MACDONALD
913 3155 34 21 SE
966 3155 203 21 RECONFORTE

748 3187 44 20 (De
804 3186 68 21 notre
885 3186 199 25 correspondant.)

665 3224 109 24 Londres,
796 3225 26 20 16
842 3225 133 20 novembre.
995 3235 28 5 —
1047 3226 55 20 (Par
1123 3225 46 22 télé-

638 3250 95 24 phone.)
748 3261 27 4 —
786 3251 33 20 M.
831 3251 104 23 Ramsay
947 3250 148 21 MacDonald
1107 3255 25 16 se
1144 3254 25 17 re-

638 3276 50 21 met
699 3275 149 25 rapidement
860 3275 33 21 du
905 3280 139 19 surmenase
1057 3275 69 22 causé
1139 3281 44 20 par

638 3305 28 16 sa
689 3305 129 19 campagne
843 3300 130 25 électorale,
997 3301 61 20 ainsi
1082 3306 44 20 que
1151 3301 32 21 du

638 3326 58 20 choc
708 3330 55 20 reçu
774 3330 44 20 par
830 3325 61 22 suite
904 3326 28 20 de
945 3330 43 16 son
1001 3325 77 21 échee.

664 3351 22 20 Il
704 3352 54 19 s'est
776 3350 50 21 levé
845 3351 121 24 beaucoup
985 3351 53 25 plus
1056 3351 55 21 tard
1130 3350 53 26 qu'à

637 3375 140 24 l'ordinaire,
793 3375 68 26 après
876 3381 47 16 une
938 3376 77 21 bonne
1030 3375 55 22 nuit
1100 3376 29 21 de
1144 3381 25 15 re-

637 3405 42 19 pos
696 3401 54 20 bien
767 3400 82 25 gagné.

663 3426 22 21 Il
704 3431 16 16 a
739 3426 69 24 passé
828 3426 65 22 toute
913 3426 24 21 la
957 3426 98 26 journée
1075 3427 61 21 dans
1156 3432 26 16 sa

636 3450 93 22 maison
746 3451 30 21 de
792 3452 111 23 Londres,
920 3451 74 22 située
1011 3456 41 17 sur
1069 3452 34 21 les
1120 3452 49 20 hau-

637 3477 64 20 teurs
712 3477 30 20 de
752 3477 160 24 Hampsteade
924 3477 31 25 et,
966 3477 41 22 dès
1018 3476 65 25 midi,
1094 3477 18 20 il
1123 3478 59 20 s'ec-

637 3501 80 21 cunait
731 3501 29 21 de
774 3506 43 17 son
832 3501 108 22 courrier.

662 3526 56 22 Plus
738 3526 61 24 tard,
818 3526 116 25 plusieurs
954 3526 60 22 amis
1033 3526 96 22 vinrent
1148 3527 34 21 lui

633 3551 84 21 rendre
728 3551 68 22 visite
806 3553 25 20 et
841 3556 47 17 une
898 3552 108 26 quantité
1016 3553 29 20 de
1056 3552 113 25 télégram-

636 3581 50 17 mes
705 3577 30 21 de
754 3577 134 25 sympathie
908 3577 129 22 arrivaient
1056 3577 15 21 à
1091 3578 90 24 chaque

636 3602 93 21 instant
742 3602 29 21 de
785 3603 54 20 tous
853 3602 34 21 les
900 3602 65 22 coins
980 3603 28 21 de
1023 3603 158 25 l'Angleterre,

636 3627 41 21 des
688 3627 146 25 Dominions,
846 3628 29 20 de
886 3627 139 22 l'Amériaue
1038 3629 25 20 et
1074 3629 32 20 du
1118 3629 50 20 Con-

635 3652 85 21 tinent.

660 3678 33 20 M.
709 3677 149 22 MacDonald
875 3677 92 22 déclare
982 3678 90 21 n'avoir
1089 3683 91 16 aucune

635 3702 119 22 intention
766 3703 29 22 de
808 3708 24 16 se
845 3703 83 21 retirer
942 3704 28 21 de
983 3704 25 21 la
1019 3703 37 22 vie
1068 3703 112 25 politique

634 3727 83 22 active.

661 3753 22 21 Il
697 3758 15 16 a
726 3753 61 22 lutté
803 3753 24 22 et
841 3754 76 25 perdu
931 3754 24 21 la
969 3754 104 24 bataille,
1087 3754 61 21 mais
1163 3753 17 22 il

634 3778 37 20 est
685 3778 152 22 maintenant
853 3779 58 21 libre
927 3779 143 21 d'examiner
1086 3779 35 21 les
1136 3783 32 17 au-

634 3804 48 20 tres
694 3808 98 20 moyens
804 3803 15 21 à
832 3809 27 16 sa
872 3804 145 26 disposition,
1030 3805 34 20 lui
1076 3804 91 25 permet-

634 3828 55 21 tant
701 3829 29 21 de
743 3829 124 21 continuer
880 3834 44 16 son
935 3830 48 20 rôle
997 3829 15 21 à
1025 3830 24 20 la
1062 3830 117 20 Chambre

634 3854 41 20 des
688 3855 143 20 Communes
844 3854 25 21 et
882 3854 84 25 auprès
980 3855 33 20 du
1026 3854 100 21 cabinet.

660 3879 21 21 Il
701 3879 43 23 est,
764 3884 44 19 par
829 3879 150 25 conséquent,
1000 3880 49 20 fort
1070 3879 109 25 probable

633 3905 69 21 qu'on
724 3904 33 21 lui
778 3905 110 20 trouvera
909 3909 34 16 un
963 3904 62 24 siège
1046 3905 68 20 autre
1135 3909 44 21 que

633 3929 61 21 celui
706 3929 29 21 de
747 3929 25 21 la
783 3929 193 26 circonscription
988 3930 29 20 de
1030 3930 110 22 Seaham.

660 3955 82 22 Quant
752 3954 16 21 à
779 3959 44 16 son
833 3955 47 24 fils,
891 3955 50 20 seul
953 3955 67 21 autre
1032 3956 104 20 membre
1148 3955 32 21 du

634 3979 94 21 cabinet
740 3979 40 24 qui
793 3980 78 24 perdit
884 3984 43 17 son
940 3979 69 24 siège,
1022 3980 17 20 il
1053 3980 35 20 est
1101 3980 65 24 égale-

633 4006 67 19 ment
716 4004 177 21 vraisemblable
910 4005 70 23 qu'on
997 4004 73 21 finira
1087 4010 43 19 par
1146 4005 32 21 lui

634 4030 60 21 faire
712 4030 127 25 reprendre
857 4035 28 16 sa
903 4028 67 26 place
989 4034 31 16 au
1038 4029 140 23 Parlement.

826 4068 44 21 UN
888 4068 97 20 GESTE

661 4098 37 21 Sir
719 4099 104 22 Thomas
844 4099 147 21 Rosbotham
1014 4099 165 24 d'Ormskirke,

635 4123 59 22 dans
712 4124 21 22 le
751 4124 150 24 Lancashire,
920 4129 21 19 a,
961 4124 156 25 aujourd'hui,
1137 4124 28 21 dé-

635 4148 61 21 claré
714 4150 55 23 qu'il
787 4149 59 22 était
863 4149 54 25 prêt
935 4149 15 21 à
968 4149 68 21 céder
1055 4154 43 16 son
1116 4149 62 25 siège

635 4177 31 16 en
679 4174 82 21 faveur
776 4175 28 21 de
818 4176 33 20 M.
866 4174 149 22 MacDonald
1029 4175 104 24 Ramsay
1148 4180 30 16 ou

635 4198 29 20 de
679 4203 42 16 son
737 4199 45 22 fils.

662 4222 37 22 Sir
711 4224 109 25 Thomas,
833 4225 104 21 membre
950 4224 145 24 travailliste,
1108 4229 15 16 a
1136 4225 29 20 ob-

636 4246 57 22 tenu
710 4249 72 22 27,624
800 4250 53 21 voix
871 4255 47 17 aux
937 4250 111 21 élections
1066 4249 29 21 de
1113 4250 64 24 jeudi

636 4272 98 23 dernier,
749 4279 25 16 ce
789 4276 40 23 qui
843 4276 34 20 lul
891 4275 100 22 donnait
1007 4279 46 17 une
1068 4274 109 25 majorité

636 4297 29 20 de
680 4298 58 21 8.045
754 4299 53 21 voix
821 4305 41 16 sur
876 4305 44 17 son
935 4299 66 22 rival.

664 4330 9 10 «
687 4324 28 19 Je
727 4328 37 16 me
776 4325 70 21 rends
858 4325 99 26 compte,
970 4324 72 25 dit-il,
1055 4324 55 25 qu'il
1122 4324 43 21 fau-

636 4346 63 21 drait
720 4348 93 21 trouver
835 4350 40 21 des
897 4350 74 25 sièges
993 4355 60 20 pour
1075 4354 51 16 eux.
1149 4351 28 20 Je

635 4372 49 20 suis
699 4372 52 21 tout
765 4373 90 24 disposé
870 4375 15 21 à
899 4375 108 21 sacrifier
1021 4375 22 21 le
1058 4373 70 22 mien.
1144 4375 34 19 La

635 4396 63 22 Efcule
711 4398 116 22 difficulté
841 4400 55 21 c'est
908 4405 44 20 que
965 4401 35 20 les
1012 4400 114 21 électeurs
1138 4400 39 24 qui

635 4422 43 21 ont
693 4422 54 21 voté
762 4428 58 18 pour
835 4425 48 20 moi
898 4426 54 20 sont
967 4430 59 20 pour
1042 4425 24 21 la
1082 4424 96 24 plupart

635 4447 41 21 des
694 4447 177 24 agriculteurs...
890 4450 22 20 Il
929 4451 87 21 faudra
1033 4448 111 23 réfléchir
1162 4449 15 21 à

634 4476 70 17 cause
717 4472 29 21 de
759 4473 74 21 cela...

660 4497 144 22 L'influence
818 4499 29 21 de
861 4500 31 20 M.
906 4500 149 21 MacDonald
1069 4500 61 21 dans
1144 4499 33 21 les

634 4526 58 19 pays
708 4522 120 25 étrangers
845 4525 35 19 est
897 4525 120 22 tellement
1033 4524 143 26 importante

633 4547 56 22 qu'il
704 4547 54 21 faut
774 4548 55 24 qu'il
845 4553 108 17 conserve
971 4555 46 16 une
1033 4550 66 25 place
1117 4550 59 20 dans

633 4572 21 21 le
670 4573 189 22 gouvernement.
876 4582 9 10 »

659 4599 20 19 A
695 4602 85 20 propos
795 4598 29 20 de
841 4598 23 21 la
879 4603 122 21 remarque
1017 4601 29 20 de
1063 4600 32 21 sir
1111 4600 52 20 Tho-

632 4627 58 17 mas,
707 4623 17 20 il
741 4623 36 21 est
794 4623 142 22 intéressant
952 4625 29 21 de
998 4625 117 25 souligner
1132 4628 44 21 que

632 4648 32 20 M.
686 4648 155 24 MacDonald,
863 4648 31 22 né
917 4649 15 21 à
954 4650 169 23 Lossiemouth,
1145 4654 30 16 en

631 4674 90 21 Ecosse,
738 4678 77 19 gagna
832 4678 38 16 ses
888 4682 9 10 «
916 4674 111 25 premiers
1045 4679 54 17 sous
1116 4683 10 10 »
1145 4679 30 16 en

631 4698 130 21 arrachant
773 4699 42 21 des
827 4703 105 20 pommes
945 4700 29 21 de
988 4701 68 20 terre.

656 4723 113 24 Lorsqu'il
787 4724 68 21 entra
873 4729 32 16 au
922 4724 135 22 Parlement
1075 4729 59 21 pour
1151 4724 23 21 la

631 4748 113 22 première
762 4748 53 24 fois,
834 4754 30 16 en
884 4750 58 23 1906,
961 4750 21 21 le
1002 4751 63 24 sujet
1083 4750 29 20 de
1132 4753 42 16 son

630 4774 100 22 premier
742 4774 104 21 discours
858 4774 14 21 à
885 4775 23 20 la
920 4775 118 21 Chambre
1051 4775 41 20 des
1103 4775 58 20 Com-

629 4803 84 17 munes
724 4799 87 22 roulait
822 4804 40 16 sur
874 4800 164 25 l'agriculture,
1051 4800 39 24 qui
1102 4798 72 22 serait

628 4824 22 21 le
672 4829 85 18 moyen
778 4825 29 21 de
829 4824 109 22 résoudre
960 4825 22 21 le
1003 4824 118 26 problème
1142 4823 32 21 du

628 4850 113 24 chômage
756 4850 41 25 qui
811 4849 107 22 sévissait
932 4850 16 21 à
962 4850 62 21 cette
1039 4849 95 25 époque.

640 4888 55 21 LES
711 4888 242 21 REMANIEMENTS
969 4888 44 20 DU
1028 4886 133 22 CABINET

654 4920 39 20 Un
716 4918 91 22 certain
830 4919 97 20 nombre
951 4919 29 20 de
1004 4917 170 24 changements

627 4945 87 20 auront
724 4944 48 21 lieu
782 4944 61 20 dans
853 4944 23 20 la
888 4943 130 21 formation
1030 4943 32 19 du
1073 4942 100 21 cabinet.

653 4970 63 20 C'est
733 4969 61 21 ainsi
811 4973 45 20 que
872 4969 32 19 M.
922 4968 86 20 Bolton
1024 4966 107 25 Monsell,
1148 4973 25 16 se

627 4995 101 21 retirant
741 4994 29 21 de
783 4994 24 20 la
820 4993 36 21 vie
869 4993 112 25 politique
995 4992 82 23 active,
1090 4992 17 20 il
1120 4996 52 17 sera

627 5019 46 22 fait
688 5020 70 23 appel
773 5019 16 21 à
804 5019 32 20 M.
852 5017 109 22 Winston
977 5016 122 23 Churchill
1114 5022 59 19 pour

627 5043 33 22 lui
675 5045 116 21 succéder.

654 5070 38 20 On
704 5069 102 21 s'attend
818 5068 16 21 à
846 5073 26 16 ce
885 5072 44 21 que
941 5068 33 20 M.
986 5066 107 25 Philippe
1106 5068 65 20 Cun-

627 5093 53 22 liffe
691 5095 82 22 Lister,
784 5093 107 22 ministre
904 5093 29 20 de
945 5091 63 23 l'Air,
1020 5092 39 24 qui
1072 5096 30 16 ne
1114 5096 58 20 posa

627 5123 44 17 pas
690 5125 28 16 sa
739 5119 154 22 candidature
915 5122 47 17 aux
983 5117 106 21 récentes
1110 5117 48 20 élec-

627 5143 69 22 tions,
710 5145 67 21 entre
792 5144 16 21 à
823 5144 23 21 la
861 5142 118 23 Chambre
994 5142 42 20 des
1051 5142 79 23 Lords,
1145 5146 26 16 ce

628 5169 38 21 qui
681 5170 32 20 lui
727 5169 129 25 permettra
871 5169 29 20 de
916 5167 83 25 garder
1014 5171 44 17 son
1072 5167 72 24 poste.

656 5195 32 19 M.
703 5195 107 20 Baldwin
826 5193 79 22 étudie
921 5193 24 20 la
960 5191 107 25 question
1084 5192 23 20 et
1123 5196 47 16 une

630 5217 96 23 réunion
740 5220 32 20 du
786 5219 94 21 cabinet
894 5218 59 21 dont
966 5217 23 21 la
1004 5217 56 21 date
1073 5217 38 20 n'a
1127 5221 42 19 pas

629 5247 82 18 encore
724 5245 36 21 été
773 5244 62 22 fixée
848 5243 190 22 définitivement
1051 5246 59 16 aura
1123 5242 46 21 lieu

630 5268 58 21 dans
699 5269 21 21 le
732 5271 100 19 courant
842 5270 29 20 de
884 5269 23 21 la
918 5268 105 21 semaine
1034 5267 135 24 prochaine.

655 5294 76 21 Mardi
745 5295 120 24 prochain,
878 5294 21 21 le
914 5297 107 17 nouveau
1034 5292 135 21 Parlement

630 5322 24 16 se
668 5319 94 21 réunira
777 5325 59 20 pour
851 5320 56 21 élire
922 5319 22 21 le
959 5317 99 26 speaker
1072 5318 25 20 et
1110 5322 60 20 pour

630 5346 153 19 assermenter
798 5345 33 21 les
846 5344 105 26 députés.

656 5368 146 23 L'ouverture
826 5370 111 21 officielle
961 5369 29 21 de
1014 5369 24 21 la
1062 5368 106 21 nouvelle

630 5392 115 23 Chambre
761 5400 53 16 sera
831 5396 59 20 faite
906 5400 44 20 par
966 5395 22 20 le
1005 5395 35 20 roi
1057 5393 22 21 le
1096 5394 12 20 3
1126 5393 29 21 dé-

630 5418 90 21 cembre
736 5421 120 23 prochain.

675 5450 38 20 ET
734 5452 50 20 SIR
805 5452 143 21 HERBERT
971 5451 122 21 SAMUEL
1107 5451 13 21 ?

655 5480 80 23 Quant
753 5481 15 21 à
785 5482 97 21 l'avenir
900 5484 29 20 de
948 5483 38 21 Sir
1004 5483 101 20 Herbert
1122 5482 32 21 Sa-

629 5505 68 24 muel,
711 5506 55 21 chef
779 5508 28 20 de
822 5508 148 25 l'opposition
984 5508 102 24 libérale,
1100 5508 18 20 il
1131 5508 37 21 est

630 5530 61 22 sujet
706 5530 15 21 à
736 5532 152 24 spéculation.

656 5555 41 21 Ses
715 5556 100 22 chances
832 5559 72 21 d'être
923 5559 38 21 élu
980 5559 60 21 dans
1059 5563 33 16 un
1111 5561 43 18 ave-

629 5579 37 20 nir
679 5582 113 22 prochain
805 5584 55 20 sont
873 5584 171 21 extrêmement
1057 5583 110 22 réduites.

630 5604 20 19 A
668 5605 75 21 moins
762 5608 55 24 qu'il
836 5613 31 17 ne
886 5614 26 16 se
931 5609 110 25 produise
1060 5614 35 17 un
1114 5610 53 20 acte

628 5629 15 19 d
651 5629 118 23 altruisme
779 5633 120 24 splendide
909 5635 30 20 de
948 5634 24 21 la
982 5636 56 23 part
1047 5634 57 22 d'un
1110 5639 44 20 par-

629 5653 63 21 tisan
708 5655 29 21 de
753 5657 110 23 l'homme
877 5659 119 25 politique.

1249 2343 39 28 LE
1313 2342 203 30 CENTENAIRE
1548 2344 39 28 DE
1613 2344 84 28 LIBIN

1228 2414 79 22 Arlon.
1318 2414 26 20 16
1355 2414 132 21 novembre.
1498 2426 28 5 —
1536 2415 34 21 La
1582 2415 107 25 coquette
1701 2415 45 22 cité

1201 2439 29 22 de
1245 2439 75 23 Libin,
1334 2444 31 16 en
1379 2439 128 24 Ardennes,
1522 2440 65 21 vient
1601 2440 29 21 de
1645 2440 101 21 célébrer

1201 2464 21 21 le
1237 2464 115 22 centième
1367 2464 160 22 anniversaire
1541 2465 29 21 de
1585 2465 24 21 la
1623 2465 123 22 naissance

1201 2490 32 20 du
1250 2489 55 23 père
1321 2490 114 24 Conrard,
1452 2489 220 27 Grégoire-Joseph,
1689 2491 58 21 dont

1201 2520 60 16 nous
1275 2520 73 17 avons
1362 2515 77 25 publié
1453 2516 24 21 la
1491 2516 73 25 photo
1579 2521 30 16 en
1623 2516 57 22 août
1693 2516 41 21 der

1201 2540 58 22 nier.

1228 2572 63 21 Tout
1305 2572 68 21 Libin
1388 2572 60 22 était
1462 2577 31 17 en
1507 2572 56 24 fête,
1578 2573 25 21 et
1617 2572 24 22 la
1657 2572 90 23 Société

1202 2597 121 21 nationale
1337 2598 41 20 des
1392 2597 106 22 chemins
1512 2598 29 21 de
1554 2598 38 20 fer
1605 2598 65 21 avait
1684 2597 50 22 délé

1202 2622 43 25 gué
1256 2623 32 20 M.
1299 2623 106 24 Levaque
1415 2628 60 20 pour
1485 2623 66 20 venir
1562 2623 100 21 féliciter
1672 2623 63 21 l'heu

1200 2652 57 16 reux
1268 2648 141 23 centenaire,
1420 2653 30 16 en
1460 2648 76 21 même
1547 2648 76 24 temps
1634 2652 44 21 que
1688 2648 47 21 l'ad

1203 2672 160 21 ministratlon
1381 2673 155 21 communale.

1229 2706 35 19 De
1278 2705 53 23 jolis
1345 2705 105 21 cadeaux
1463 2705 34 21 lui
1510 2705 81 21 furent
1604 2705 91 21 offerts.
1709 2706 39 20 Un

1203 2730 142 23 plantureux
1358 2730 104 25 banquet
1474 2730 80 22 réunit
1567 2730 91 23 ensuite
1672 2731 24 20 la
1708 2731 26 20 fa

1203 2755 63 20 mille
1290 2756 24 20 et
1336 2755 33 21 les
1392 2755 114 21 autorités
1527 2755 169 25 représentées;
1722 2759 25 17 ce

1203 2780 104 24 banquet
1324 2780 39 21 fut
1381 2780 91 25 présidé
1490 2785 45 20 par
1552 2783 22 19 le
1593 2781 70 21 brave
1681 2780 58 21 vieil

1203 2805 51 21 lard
1271 2805 46 24 qui,
1334 2805 60 21 dans
1411 2810 33 16 un
1461 2805 100 25 langage
1576 2806 75 21 ferme
1669 2806 24 21 et
1709 2806 25 20 in

1203 2830 114 24 telligent,
1328 2830 106 25 exprima
1445 2831 53 20 tous
1510 2835 37 17 ses
1559 2831 188 21 remerciements

1203 2855 15 21 à
1232 2855 149 21 l'assemblée.

1229 2887 32 19 Le
1281 2886 135 21 centenaire
1437 2891 24 15 se
1481 2886 67 25 porte
1569 2886 16 22 k
1604 2886 63 21 ravir
1687 2887 25 21 et
1732 2892 15 15 a

1203 2911 106 22 toujours
1323 2911 46 20 bon
1383 2910 98 25 appétit.

1204 2984 37 28 LA
1256 2984 35 29 Xe
1311 2984 187 30 EXPOSITION
1518 2984 228 30 D'AVICULTURE

1264 3037 227 30 D'UCCLE-VERT
1508 3038 169 29 CHASSEUR

1231 3108 102 25 Samedi,
1350 3109 56 21 s'est
1422 3108 102 25 ouverte,
1542 3108 16 22 k
1574 3108 78 25 Uccle,
1668 3108 24 22 la
1711 3109 29 21 10'

1204 3134 136 24 Exposition
1356 3133 121 26 organisée
1492 3139 44 19 par
1551 3134 24 21 la
1592 3134 91 21 Société
1699 3135 34 21 Ca-

1204 3159 67 24 prine
1285 3160 25 20 et
1323 3159 93 21 Avicole
1443 3160 25 20 et
1496 3159 21 21 le
1545 3159 60 21 Club
1620 3160 32 21 du
1666 3160 80 21 Barbu

1204 3184 99 21 d'Uccle.
1319 3184 49 21 Elle
1385 3184 36 21 est
1436 3184 109 21 installée
1560 3185 61 20 dans
1636 3190 34 16 un
1686 3185 60 21 local

1205 3210 32 20 sis
1249 3214 31 16 au
1292 3210 46 24 964,
1350 3209 112 22 chaussée
1474 3210 29 21 de
1516 3210 117 21 Waterloo
1645 3211 25 20 et
1681 3215 16 17 a
1709 3210 37 22 été

1204 3234 128 25 inaugurée
1346 3240 30 16 en
1390 3235 111 25 présence
1516 3235 28 21 de
1559 3236 33 20 M.
1606 3236 22 20 J.
1642 3235 103 26 Divoort,

1205 3260 160 24 bourgmestre
1379 3261 30 20 de
1424 3260 24 21 la
1462 3265 131 17 commune.

1232 3292 68 20 Cette
1314 3292 131 24 exposition
1459 3292 121 22 nationale
1595 3293 36 21 est
1645 3293 49 21 fort
1708 3293 25 21 at-

1204 3316 110 25 trayante
1327 3318 25 20 et
1364 3317 80 22 réunit
1457 3322 47 17 une
1518 3318 134 22 abondante
1665 3318 79 22 basse-

1205 3347 56 16 cour
1274 3342 109 25 sportive.

1233 3374 62 20 C'est
1308 3374 61 20 ainsi
1385 3379 44 20 que
1444 3374 24 21 la
1483 3374 90 21 section
1587 3375 41 21 des
1643 3376 103 21 volailles

1205 3399 83 21 naines
1306 3399 127 25 comprend
1464 3400 42 21 des
1537 3400 150 26 nangasakis,
1705 3402 41 21 des

1205 3424 86 21 barbus
1306 3424 92 21 d'Uccle
1414 3425 88 24 blancs,
1518 3425 64 22 mille
1597 3426 74 21 fleurs
1687 3427 45 20 cail-

1205 3449 82 24 loutés,
1302 3450 42 20 des
1366 3450 86 21 barbus
1468 3451 112 21 d'Anvers
1595 3451 74 25 caille,
1676 3452 63 21 noirs

1204 3475 40 24 qui
1257 3475 56 21 sont
1326 3475 41 21 des
1381 3475 87 25 joyaux
1482 3476 100 21 vivants.

1231 3507 44 20 Les
1290 3506 179 25 brabançonnes
1484 3507 75 26 caille,
1573 3508 35 21 les
1624 3509 121 24 wyandot-

1205 3532 36 20 tes
1256 3531 87 25 blancs,
1357 3532 34 20 les
1419 3533 164 21 rhode-island
1598 3534 49 25 red,
1662 3534 33 21 les
1710 3535 35 21 le-

1204 3557 88 24 ghorns
1310 3557 112 21 blanches
1441 3558 24 21 et
1482 3558 34 21 les
1534 3558 99 22 malines
1651 3564 94 21 coucou,

1204 3582 91 21 offrent
1311 3587 34 16 un
1360 3587 87 21 aperçu
1462 3584 115 25 suggestif
1593 3584 29 21 de
1639 3586 92 24 pondeu-

1204 3613 37 16 ses
1255 3608 25 21 et
1294 3608 29 21 de
1337 3608 81 24 poules
1430 3609 30 20 de
1473 3609 70 21 table.

1230 3639 44 21 Les
1286 3639 105 21 volailles
1404 3640 29 20 de
1445 3640 54 21 luxe
1512 3640 54 22 sont
1578 3641 49 21 fort
1639 3641 54 22 bien
1706 3647 25 16 re-

1203 3664 141 25 présentées,
1359 3665 55 21 elles
1428 3665 70 21 aussi.
1511 3666 21 20 Il
1546 3671 15 20 y
1573 3671 15 16 a
1602 3671 35 16 un
1650 3667 34 21 lot
1698 3668 33 20 im-

1203 3690 98 24 portant
1321 3690 30 21 de
1370 3690 103 24 padoues
1493 3691 144 22 chamoisées
1657 3693 24 20 et
1701 3693 30 21 do-

1203 3715 51 21 rées
1268 3715 24 21 et
1307 3715 29 21 de
1350 3715 50 21 fort
1413 3716 77 20 beaux
1503 3716 95 21 oiseaux
1611 3717 29 21 de
1654 3722 63 20 parc.

1229 3741 44 20 Les
1291 3740 48 21 oies
1356 3741 29 20 de
1404 3741 114 20 Toulouse
1550 3742 24 20 et
1591 3742 34 21 les
1643 3743 100 22 dindons

1202 3765 84 25 géants
1297 3765 56 21 sont
1365 3766 57 21 d'un
1434 3766 92 21 volume
1538 3767 206 27 impressionnant,

1203 3791 25 21 et
1241 3791 18 20 il
1272 3796 15 19 y
1300 3796 15 15 a
1330 3791 41 20 des
1385 3791 101 21 canards
1499 3792 163 25 magnifiques.

1229 3816 80 24 Enfin,
1327 3816 35 21 les
1378 3816 110 24 pintades
1505 3822 47 16 aux
1568 3818 116 22 curieuses
1702 3819 28 21 sil-

1202 3842 110 20 houettes
1327 3841 103 21 mettent
1445 3842 61 20 dans
1522 3843 38 20 cet
1576 3844 118 22 ensemble
1710 3849 34 17 un

1203 3867 80 24 aspect
1296 3867 107 24 exotique
1417 3867 25 20 et
1453 3867 96 22 bizarre.

1229 3892 21 21 Il
1266 3897 15 20 y
1298 3897 15 16 a
1330 3892 42 20 des
1402 3892 134 21 collections
1566 3893 118 22 d'oiseaux
1714 3895 29 21 de

1202 3922 63 19 cage,
1280 3917 119 21 d'ailleurs
1414 3922 30 16 ou
1459 3918 32 20 du
1504 3922 65 20 pays,
1584 3919 159 24 appartenant

1202 3943 15 20 à
1232 3943 78 21 toutes
1325 3942 34 21 les
1374 3942 109 22 familles.

1228 3974 34 21 La
1279 3974 146 21 cuniculture
1442 3979 15 16 a
1474 3974 95 25 délégué
1586 3975 34 22 les
1636 3976 106 22 énormes

1202 3999 83 25 géants
1297 4000 41 20 des
1350 4000 121 23 Flandres,
1483 4000 34 21 les
1530 4001 82 20 fauves
1624 4001 29 21 de
1666 4003 64 20 Bour-

1202 4030 81 19 gogne,
1303 4025 35 21 les
1359 4025 83 21 lièvres
1462 4025 83 24 belges,
1566 4026 34 21 les
1620 4028 122 21 rex-chin-

1202 4051 84 20 chillas
1301 4051 25 21 et
1340 4050 72 21 bleus.

1227 4083 34 20 La
1275 4082 178 24 colombophilie
1478 4086 60 16 nous
1565 4083 46 20 fait
1638 4084 50 21 voir
1701 4085 41 21 des

1201 4107 157 21 échantillons
1375 4107 130 21 nombreux
1521 4108 25 21 et
1561 4108 83 22 divers.

1227 4139 31 20 Le
1277 4139 85 21 comité
1381 4139 41 21 des
1440 4138 98 22 sociétés
1556 4141 185 25 organisatrices,

1201 4164 58 21 dont
1274 4169 32 16 on
1320 4164 49 21 fête
1384 4164 22 20 le
1420 4164 33 20 X"
1467 4164 160 22 anniversaire
1642 4166 29 21 de
1686 4167 42 21 fon-

1201 4190 88 22 dation,
1304 4190 37 20 est
1356 4194 106 20 parvenu
1476 4189 16 21 à
1506 4189 67 21 doter
1588 4191 70 21 Uccle
1672 4192 68 21 d'une

1200 4215 131 24 exposition
1345 4215 77 25 pleine
1437 4214 116 22 d'intérêt.

1226 4247 79 20 Parmi
1318 4251 58 17 ceux
1389 4246 111 24 auxquels
1513 4251 32 16 on
1557 4247 50 21 doit
1621 4248 51 21 tout
1685 4249 53 25 cela,

1200 4271 76 21 citons
1291 4272 60 21 MM.
1369 4272 97 21 Gabriel
1483 4271 110 26 Thibaut,
1610 4273 128 27 président;

1200 4297 93 24 Burgue
1310 4298 25 20 et
1350 4297 52 21 M""
1419 4297 97 24 Tandel,
1541 4297 199 25 vice-présidents.

1199 4322 58 21 MM.
1277 4322 171 25 Schandevyld,
1466 4321 134 26 secrétaire;
1635 4324 105 26 Moreels,

1199 4347 124 21 secrétaire
1336 4348 102 24 adjoint;
1453 4348 21 20 J.
1487 4348 35 20 De
1534 4348 85 24 Lange,
1631 4351 96 21 commis-

1199 4372 60 21 saire
1272 4372 103 25 général;
1391 4374 37 19 M"
1427 4375 16 10 10
1446 4376 7 8 "
1466 4373 138 21 Penneman
1616 4375 24 20 et
1651 4375 76 21 Delan-

1200 4402 36 19 ge;
1254 4398 59 21 MM.
1328 4398 70 21 Louis
1412 4399 145 24 Penneman,
1572 4399 102 25 Sartillo,
1687 4401 53 21 Van

1199 4422 41 21 der
1258 4423 77 24 Slyen.
1354 4424 99 21 Vanden
1471 4424 75 24 Baud,
1564 4425 175 23 commissaires.

1199 4458 28 4 —
1239 4448 23 20 S.

1296 4517 107 28 DRAME
1429 4517 39 28 DE
1492 4517 149 28 JALOUSIE

1224 4586 76 23 Gand,
1319 4587 25 20 16
1362 4587 131 20 novembre.
1510 4597 29 5 —
1555 4588 39 19 Un
1612 4587 80 23 drame
1710 4590 29 21 de

1196 4610 98 23 jalousie
1310 4613 55 20 s'est
1381 4612 94 21 déroulé
1492 4611 52 21 hier
1560 4612 53 25 soir,
1630 4612 15 22 à
1662 4615 77 25 Gand,

1196 4636 60 21 dans
1269 4637 23 20 la
1304 4641 42 17 rue
1359 4637 33 21 du
1404 4637 191 25 Pays-de-Waes.

1222 4662 36 19 Au
1274 4665 27 16 n»
1318 4663 19 21 4,
1354 4662 24 21 la
1394 4661 108 21 nommée
1518 4661 110 22 Julienne
1645 4664 81 21 Schels-

1197 4685 81 24 traete,
1291 4686 56 25 âgée
1361 4688 28 20 de
1403 4688 26 20 30
1443 4691 51 20 ans,
1507 4686 82 22 vivant
1602 4687 94 25 séparée
1709 4690 29 21 de

1196 4715 42 16 son
1252 4712 67 22 mari,
1334 4712 100 25 exploite
1449 4717 47 16 une
1511 4712 107 25 auberge.

1221 4742 88 23 Depuis
1325 4742 96 26 quelque
1438 4743 83 24 temps,
1536 4743 44 20 elle
1596 4743 141 23 entretenait

1195 4767 41 20 des
1250 4767 112 22 relations
1377 4773 56 16 avec
1447 4768 22 20 le
1483 4767 94 21 nommé
1592 4769 73 20 Henri
1680 4769 45 22 wil-

1195 4791 64 22 lems.
1274 4793 86 22 patron
1374 4793 99 25 peintre,
1488 4792 43 25 âgé
1546 4793 29 20 de
1589 4794 27 20 50
1631 4798 50 20 ans,
1696 4795 28 20 de-

1195 4818 109 20 meurant
1326 4823 42 16 rue
1390 4818 42 20 des
1453 4817 150 24 Filles-Dieu,
1624 4819 23 22 2;
1671 4819 65 25 mais,

1194 4846 39 16 ces
1248 4842 104 21 derniers
1367 4843 72 23 jours,
1455 4842 110 22 Julienne
1581 4843 155 22 Schelstraete

1194 4867 65 20 avait
1274 4868 126 20 manifesté
1416 4867 134 21 l'intention
1567 4867 29 21 de
1612 4873 98 20 rompre.

1220 4891 57 21 Hier
1297 4892 53 23 soir,
1371 4898 33 15 au
1423 4897 68 16 cours
1512 4893 69 20 d'une
1602 4892 134 27 discussion,

1194 4916 109 24 Willems,
1324 4917 69 24 après
1414 4917 65 21 avoir
1499 4917 136 22 vainement
1655 4918 80 23 insisté

1193 4946 59 17 pour
1263 4947 25 15 se
1299 4942 141 25 réconcilier,
1453 4947 112 20 aspergea
1576 4947 28 16 sa
1615 4943 121 23 maitresse

1193 4967 29 20 de
1239 4966 84 22 vitriol.

1219 4998 34 20 La
1273 4998 163 22 malheureuse
1456 4998 40 21 fut
1516 4997 143 25 grièvement
1679 4999 43 22 brû-

1193 5022 35 21 lée
1239 5023 15 21 k
1265 5023 23 21 la
1300 5023 60 24 face,
1371 5028 32 17 au
1415 5028 44 16 cou
1470 5024 25 20 et
1506 5022 15 22 à
1533 5023 24 21 la
1567 5023 108 25 poitrine.
1687 5026 48 20 Son

1193 5047 50 21 état
1258 5049 35 20 est
1309 5048 126 22 alarmant.

1218 5080 67 20 Deux
1310 5079 207 24 consommateurs,
1542 5083 59 17 assis
1625 5080 97 24 paisible-

1192 5104 67 21 ment
1272 5105 60 20 dans
1345 5105 123 24 l'auberge,
1481 5105 109 24 reçurent
1604 5104 131 25 également

1192 5129 41 20 des
1248 5129 105 22 brûlures
1369 5129 94 25 légères.

1218 5161 82 22 Quant
1315 5165 31 16 au
1362 5160 119 25 coupable,
1497 5160 17 20 il
1530 5160 39 20 fut
1585 5161 148 24 appréhendé

1191 5189 46 19 peu
1253 5185 68 24 après
1337 5186 65 20 avoir
1418 5185 97 21 commis
1530 5190 44 16 son
1590 5186 59 20 acte.

1218 5211 94 20 Samedi
1327 5210 83 24 matin,
1424 5211 18 20 il
1455 5216 15 15 a
1484 5214 112 20 comparu
1611 5211 87 21 devant
1712 5213 21 20 le

1190 5235 55 23 juge
1269 5235 171 24 d'instruction,
1462 5236 33 20 M.
1518 5236 53 20 Van
1594 5236 139 26 Eeckhoute,

1191 5261 39 23 qui
1244 5260 31 21 l'a
1289 5261 47 20 fait
1349 5260 95 21 écrouer
1458 5265 54 16 sous
1526 5260 101 22 mandat
1641 5261 91 22 d'arrêt.

1764 1479 38 27 LE
1821 1473 120 33 RÉGIME
1960 1475 110 29 FISCAL
2091 1476 59 29 DES
2174 1477 126 29 SUCRES

1790 1543 32 20 Le
1847 1551 9 9 «
1880 1541 118 21 Moniteur
2021 1547 9 9 »
2055 1539 77 24 publie
2161 1545 34 16 un
2223 1541 77 20 arrêté

1765 1567 64 25 royal
1842 1567 80 21 relatif
1935 1570 31 17 au
1980 1563 85 25 régime
2079 1564 68 21 fiscal
2162 1566 40 21 des
2216 1571 84 16 sucres.

1792 1594 45 20 Les
1862 1591 149 26 dispositions
2035 1589 29 21 de
2089 1590 97 22 l'article
2212 1592 32 19 1"
2270 1591 30 21 de

1765 1618 91 21 l'arrêté
1870 1618 32 21 du
1913 1618 26 20 27
1951 1615 91 22 octobre
2057 1615 51 21 1934
2119 1616 80 21 disant
2215 1621 6 16 :

1794 1652 8 9 „
1816 1644 44 20 Les
1872 1644 57 20 taux
1941 1642 31 21 du
1984 1640 61 21 droit
2056 1640 97 22 d'accise
2164 1646 39 16 sur
2214 1642 34 20 les
2261 1647 27 15 su-

1765 1673 51 16 cres
1830 1670 25 19 et
1869 1668 34 21 les
1918 1668 73 23 sirops
2006 1665 29 20 de
2050 1666 118 24 raffinage
2183 1667 119 24 fabriqués

1765 1694 60 20 dans
1837 1694 22 20 le
1872 1698 57 19 pays
1942 1697 30 16 au
1983 1695 83 19 moyen
2077 1691 29 21 de
2119 1692 131 21 betteraves
2263 1693 25 20 in-

1765 1719 95 24 digènes
1877 1718 105 25 pendant
1997 1716 23 20 la
2038 1720 127 21 campagne
2184 1718 117 20 1934-1935

1765 1745 55 20 sont
1835 1743 90 22 réduits
1940 1741 191 26 respectivement
2146 1743 29 20 de
2191 1743 26 20 40
2233 1744 24 20 et
2273 1743 28 21 de

1766 1770 26 20 20
1810 1770 81 20 francs
1909 1774 43 19 par
1972 1768 37 20 100
2027 1766 164 25 kilogrammes
2210 1776 19 16 »,
2248 1768 55 21 sont

1766 1795 149 20 maintenues
1934 1799 30 16 en
1982 1793 95 22 vigueur
2095 1797 59 19 pour
2172 1793 33 21 les
2224 1797 78 17 sucres

1766 1820 28 21 de
1809 1820 24 20 la
1847 1824 129 20 campagne
1992 1817 121 21 1935-1936.

1792 1846 33 20 La
1841 1845 103 20 fixation
1959 1844 55 21 d'un
2029 1842 62 22 droit
2105 1843 197 25 supplémentaire

1767 1871 29 20 de
1816 1871 92 21 douane
1929 1870 29 21 de
1977 1869 25 20 20
2022 1868 80 21 francs
2120 1873 44 20 par
2184 1869 38 21 100
2242 1869 48 21 kilo-

1767 1901 116 20 grammes
1897 1896 29 21 de
1940 1898 83 19 sucres,
2037 1893 112 25 importés
2162 1895 29 20 de
2205 1894 85 21 l'étran-

1767 1926 40 20 ger
1825 1922 25 21 et
1868 1921 25 21 la
1911 1919 133 27 perception
2061 1919 55 21 d'un
2134 1919 63 22 droit
2214 1920 29 21 de
2264 1920 38 21 130

1768 1948 80 20 francs
1861 1951 44 20 par
1919 1947 82 20 tonnes
2015 1944 29 20 de
2057 1943 130 23 betteraves
2201 1945 15 21 à
2230 1949 73 21 sucre,

1767 1972 119 25 importée,
1900 1972 55 21 sont
1968 1969 129 25 également
2108 1970 156 21 maintenues.
2275 1981 29 5 —

1768 1999 25 20 Z.

2318 305 99 62 LE
2448 303 263 64 CRIME
2745 305 107 62 DE

2399 393 95 60 QU
2498 383 205 59 IÉVRA
2706 392 63 49 IN

2444 495 129 32 SOMERS
2596 493 130 33 ASSISTE

2392 542 24 31 A
2436 541 43 32 LA
2498 539 280 34 RECONSTITUTION

2452 588 42 31 DE
2507 588 63 31 SON
2583 586 141 33 FORFAIT

2364 660 30 32 IL
2413 660 42 32 NE
2475 659 182 33 MANIFESTE
2676 658 135 33 AUCUNE

2511 701 149 38 ÉMOTION

2344 770 75 24 Mons,
2436 771 25 20 16
2476 771 132 21 novembre.
2623 781 28 4 —
2665 770 31 20 Le
2712 769 99 25 parquet
2828 769 29 20 de

2317 796 70 20 Mons
2403 800 15 16 a
2435 796 46 21 fait
2498 795 117 25 procéder,
2633 794 90 22 samedi
2740 794 84 24 matin,
2842 793 15 21 à

2317 820 24 20 la
2355 821 180 21 reconstitution
2550 822 32 20 du
2596 821 81 21 drame
2693 819 110 25 conjugal
2818 819 39 25 qui

2318 850 24 16 se
2361 845 95 21 déroula
2473 847 61 21 dans
2550 846 24 21 la
2592 846 74 21 soirée
2683 846 33 20 du
2732 846 14 19 4
2764 844 93 21 octobre

2318 871 100 23 dernier,
2428 871 60 21 dans
2499 872 24 20 la
2534 877 41 16 rue
2587 872 41 20 des
2640 872 108 23 Wagons,
2759 870 15 20 à
2785 869 60 25 Quié-

2318 896 74 23 vrain,
2409 901 32 16 au
2457 897 107 21 domicile
2582 897 29 20 de
2628 895 112 25 François
2758 896 100 22 Somers,

2319 921 39 24 qui
2370 927 15 19 y
2398 922 117 20 assassina
2528 927 26 16 sa
2567 922 94 23 femme,
2675 920 116 22 Mathilde
2805 920 40 21 Gil-

2319 947 75 20 mant.

2346 972 93 20 Somers
2451 973 36 20 est
2499 973 75 20 arrivé
2586 977 31 16 au
2629 972 64 21 train
2705 972 29 20 de
2746 972 40 20 dix
2798 971 48 20 heu-

2319 1001 44 19 res,
2381 997 29 20 de
2428 997 24 21 la
2469 997 81 25 prison
2568 998 29 20 de
2614 998 77 24 Mons,
2708 996 151 22 étroitement

2320 1021 122 21 enchainé.

2346 1047 31 20 Le
2393 1048 99 23 parquet
2507 1052 21 19 a,
2545 1048 94 20 d'abord
2655 1047 46 22 fait
2716 1046 111 26 procéder
2844 1046 15 21 à

2320 1072 24 20 la
2359 1073 91 23 remise,
2465 1073 60 20 dans
2541 1073 21 21 le
2578 1073 76 20 même
2671 1073 50 20 état
2738 1077 44 20 que
2799 1071 60 21 celui

2320 1097 32 21 du
2372 1098 14 20 4
2405 1098 100 24 octobre,
2524 1098 29 21 de
2572 1098 24 21 la
2616 1098 66 25 place
2702 1098 29 21 de
2751 1097 108 24 derrière,

2321 1123 108 20 donnant
2445 1123 59 21 dans
2520 1123 24 20 la
2559 1123 72 25 petite
2648 1128 56 16 cour
2720 1123 30 21 où
2765 1123 82 20 l'assas-

2320 1148 64 20 sinat
2398 1153 14 15 a
2427 1147 38 22 été
2479 1148 113 25 perpétré.

2347 1173 39 20 On
2404 1173 73 25 place,
2496 1178 40 16 sur
2554 1174 24 20 la
2595 1173 99 22 tablette
2713 1174 28 20 de
2761 1173 23 21 la
2803 1173 43 20 che-

2321 1198 84 24 minée,
2423 1203 46 16 une
2488 1199 85 21 douille
2591 1199 80 21 d'obus
2690 1199 38 25 qui
2748 1199 38 20 fut
2805 1199 46 20 tou'

2321 1223 57 21 chée
2394 1228 44 20 par
2453 1224 62 20 l'une
2532 1224 41 21 des
2588 1224 36 21 six
2640 1224 73 21 balles
2730 1223 70 22 tirées
2816 1228 44 21 par

2322 1250 99 19 Somers.
2438 1249 45 20 Sur
2500 1249 23 20 la
2540 1249 107 21 muraille
2664 1250 28 20 de
2709 1249 23 21 la
2749 1253 63 20 cour,
2829 1253 31 16 on

2322 1275 106 19 retrouve
2449 1274 22 20 le
2491 1274 104 21 ricochet
2615 1275 69 20 d'une
2704 1274 68 21 autre
2793 1273 68 25 balle,

2322 1299 53 24 puis
2388 1299 18 20 il
2421 1304 14 19 y
2451 1304 15 15 a
2481 1299 41 21 des
2537 1300 76 20 traces
2629 1300 29 20 de
2673 1299 133 25 projectiles
2821 1304 39 16 sur

2323 1324 33 20 les
2376 1329 65 16 murs
2462 1325 29 20 de
2512 1324 24 21 la
2555 1324 71 25 pièce.
2647 1325 44 20 Les
2712 1325 74 20 stores
2807 1324 54 21 sont

2323 1349 87 21 baissés
2424 1350 29 20 de
2467 1350 71 23 façon
2553 1350 15 21 à
2583 1355 25 16 se
2623 1350 84 20 rendre
2722 1350 92 24 compte
2829 1350 32 20 du

2323 1374 69 25 degré
2406 1375 29 20 de
2449 1374 96 21 lumière
2560 1375 29 21 de
2604 1375 24 20 la
2642 1375 70 25 pièce.

2348 1401 32 19 Le
2394 1400 125 24 magistrat
2533 1400 143 21 instructeur
2689 1400 50 21 met
2753 1400 60 21 dans
2828 1399 34 21 les

2323 1425 77 21 mains
2414 1425 29 20 de
2459 1426 93 20 Somers
2567 1430 33 16 un
2616 1425 67 21 lourd
2698 1425 120 24 browning
2833 1425 29 20 de

2323 1450 167 25 gendarmerie,
2509 1450 52 21 afin
2579 1450 55 25 qu'il
2652 1450 88 21 refasse
2758 1450 21 21 le
2798 1450 63 24 geste

2324 1476 100 20 sinistre.

2349 1502 32 19 Le
2397 1501 107 20 criminel
2518 1505 70 17 ouvre
2604 1501 24 20 la
2644 1501 73 24 porte,
2733 1501 92 23 allonge
2840 1500 22 20 le

2324 1526 54 21 bras
2394 1527 25 19 et
2434 1526 48 20 fait
2496 1526 22 21 le
2535 1527 63 23 geste
2615 1526 30 21 de
2661 1526 64 24 tirer,
2741 1530 31 17 en
2788 1530 60 16 avan-

2324 1552 57 24 çant
2397 1552 25 20 et
2437 1556 31 16 en
2483 1551 115 21 reculant.

2350 1577 32 20 Le
2395 1577 55 24 juge
2462 1577 34 20 lui
2508 1578 92 19 montre
2614 1576 24 21 la
2651 1576 170 25 photographie
2834 1576 29 21 de

2325 1607 27 16 sa
2370 1602 94 23 femme,
2483 1601 53 21 tuée
2555 1606 43 20 par
2616 1606 46 16 une
2681 1601 61 21 balle
2760 1601 61 21 dans
2839 1601 24 20 la

2325 1627 95 24 bouche,
2436 1627 100 21 étendue
2553 1632 39 15 sur
2608 1627 21 20 le
2644 1626 52 21 côté
2712 1626 97 25 gauche.

2351 1653 93 20 Somers
2472 1652 107 21 examine
2606 1655 55 17 avec
2688 1651 88 21 intérêt
2802 1652 61 20 cette

2325 1678 83 24 image,
2418 1678 61 20 mais
2489 1677 18 21 il
2518 1682 31 16 ne
2561 1677 102 21 bronche
2675 1682 49 19 pas.
2736 1677 21 20 Il
2768 1676 96 23 discute,

2325 1704 104 19 conteste
2441 1707 59 20 pour
2511 1708 25 16 se
2548 1702 138 22 contredire.

2351 1729 56 20 Puis
2428 1729 94 20 Somers
2542 1729 36 20 est
2599 1727 106 21 emmené
2732 1727 16 21 k
2774 1727 90 20 travers

2326 1753 103 25 champs.

2352 1779 21 20 Il
2387 1779 96 25 indique
2497 1778 24 21 la
2537 1780 102 22 baraque
2655 1778 30 21 où
2700 1778 18 20 il
2733 1782 69 18 passa
2818 1782 45 16 une

2326 1804 60 21 nuit.

2352 1830 22 20 Il
2392 1830 104 20 traverse
2516 1829 34 21 les
2569 1829 114 23 labourés,
2703 1828 112 21 encadrés
2835 1828 30 21 de

2326 1855 145 23 gendarmes.
2486 1854 43 21 Les
2544 1854 100 21 femmes
2658 1854 34 20 lui
2707 1854 122 20 montrent
2842 1853 23 20 le

2326 1880 78 25 poing.

2352 1905 74 25 Après
2444 1905 148 21 vérification
2610 1905 29 21 de
2657 1904 110 25 quelques
2786 1904 79 20 autres

2326 1931 79 24 points
2421 1931 30 20 de
2468 1930 79 24 détail,
2564 1930 24 21 la
2605 1929 120 22 formalité
2743 1929 122 24 judiciaire

2326 1961 25 16 se
2362 1956 107 20 termine.
2480 1956 94 20 Somers
2585 1956 36 20 est
2633 1954 122 22 reconduit
2766 1959 31 16 en
2809 1954 56 21 auto

2326 1981 16 21 à
2350 1981 25 20 la
2386 1981 160 24 gendarmerie
2557 1981 29 21 de
2597 1980 135 24 Quiévrain,
2743 1984 31 17 en
2785 1980 68 20 atten-

2326 2007 61 20 dant
2396 2006 88 21 l'heure
2494 2006 33 22 du
2537 2006 65 21 train
2613 2006 40 22 oui
2663 2005 50 22 doit
2724 2005 22 21 le
2757 2009 108 17 ramener

2327 2031 16 21 à
2355 2032 77 20 Mons.

1783 2065 58 30 LES
1868 2063 211 31 INONDATIONS
2102 2064 39 28 EN
2165 2064 124 29 FRANCE

1793 2136 88 24 Nimes,
1902 2136 25 21 16
1946 2133 129 23 novembre.
2093 2144 29 5 —
2137 2134 36 21 La*
2190 2134 115 21 situation

1768 2161 64 21 créée
1850 2166 44 20 par
1912 2161 34 21 les
1963 2158 150 23 inondations
2130 2159 109 22 semblait
2257 2160 34 21 s'a-

1767 2187 115 24 méliorer,
1902 2186 60 21 mais
1979 2185 24 20 la
2021 2183 69 26 pluie,
2109 2184 79 22 tombe
2209 2186 15 20 â
2242 2189 49 17 nou-

1767 2217 60 17 veau
1840 2217 26 16 ce
1880 2212 83 21 matin.
1976 2211 45 20 Des
2034 2214 88 20 nuages
2135 2210 170 21 obscurcissent

1768 2238 22 20 le
1803 2238 51 23 ciel,
1868 2239 25 20 et
1908 2237 22 21 le
1945 2238 108 20 tonnerre
2068 2236 87 24 gronde
2169 2240 44 21 par
2228 2236 64 21 inter-

1768 2263 120 22 mittence.

1794 2296 33 20 Le
1844 2294 107 25 syndicat
1967 2293 40 21 des
2022 2292 81 25 digues
2119 2293 32 21 du
2167 2293 91 23 Rhône,
2274 2293 30 21 de

1768 2314 128 27 Beaucàire
1907 2320 15 21 à
1933 2320 23 21 la
1967 2322 55 20 mer,
2034 2318 47 21 fait
2091 2318 122 21 connaître
2220 2319 84 24 qu'une

1768 2346 153 21 surveillance
1938 2343 181 25 exceptionnelle
2135 2345 37 20 est
2188 2349 31 16 en
2236 2348 69 17 cours

1769 2372 24 21 et
1809 2376 45 20 que
1871 2371 47 21 l'on
1934 2369 78 25 espère
2028 2373 50 20 que,
2095 2369 54 21 sauf
2166 2369 139 22 événement

1769 2396 155 25 imprévisible
1939 2396 32 21 du
1984 2394 51 21 côté
2050 2394 32 22 du
2096 2394 84 25 fleuve,
2195 2395 25 21 la
2235 2395 69 24 digue

1769 2422 110 21 résistera
1895 2421 16 22 à
1927 2421 23 21 la
1966 2425 60 16 crue.

1795 2455 34 20 La
1845 2453 93 22 localité
1954 2453 30 21 de
1998 2451 183 26 Valla-Brègues
2197 2452 36 22 est
2249 2452 55 22 tou-

1770 2480 66 21 tours
1852 2479 78 22 isolée.
1946 2488 28 7 —
1990 2478 86 21 Havas.

1793 2562 39 29 LE
1849 2561 49 30 ROI
1918 2561 38 29 DE
1974 2554 101 35 GRÈCE
2099 2560 19 28 A
2135 2553 149 36 L'ELYSÉE

1795 2634 73 24 Paris,
1881 2633 25 21 16
1919 2631 128 23 novembre.
2058 2641 28 6 —
2097 2631 32 21 Le
2140 2631 37 21 roi
2188 2631 31 21 de
2231 2630 74 22 Grèce

1771 2665 13 16 a
1800 2660 46 21 fait
1862 2659 74 24 visite,
1952 2662 25 17 ce
1993 2656 83 26 matin,
2091 2662 33 16 au
2139 2656 121 26 président
2276 2657 30 21 de

1769 2685 24 22 la
1806 2684 149 26 République,
1967 2683 39 25 qui
2018 2682 32 22 l'a
2061 2682 84 22 retenu
2158 2682 15 22 k
2186 2683 119 24 déjeuner.

1773 2710 27 22 Le
1818 2711 81 25 prince
1914 2709 58 21 Paul
1988 2708 30 22 de
2035 2707 75 22 Grèce
2126 2708 180 25 accompagnait

1768 2737 22 20 le
1802 2736 42 22 roi.

1795 2767 140 23 Assistaient
1949 2766 129 26 également
2094 2766 15 22 k
2123 2771 28 17 ce
2166 2766 114 25 déjeuner
2297 2769 7 18 :

1769 2795 58 20 MM.
1846 2794 49 21 Poli
1897 2794 36 23 tis,
1951 2792 106 22 ministre
2074 2792 30 21 de
2122 2791 85 25 Grèce;
2227 2792 79 21 Pierre

1769 2819 77 24 Laval,
1863 2818 119 27 président
1996 2818 32 21 du
2044 2817 102 24 Conseil;
2165 2817 78 23 Piétri,
2259 2817 34 21 mi

1769 2845 73 21 nistre
1858 2846 29 20 de
1902 2846 25 20 la
1942 2844 99 23 Marine;
2058 2843 23 22 le
2097 2842 95 26 général
2206 2842 100 25 Denain,

1770 2870 106 21 ministre
1890 2871 29 20 de
1931 2869 62 22 l'Air.

1794 2902 44 20 Les
1851 2902 120 20 honneurs
1983 2900 119 22 militaires
2114 2901 44 21 ont
2169 2900 38 21 été
2220 2902 87 18 rendus

1770 2932 30 17 au
1820 2927 37 20 roi
1876 2927 42 21 des
1939 2926 106 21 Hellènes
2066 2926 15 21 à
2101 2931 44 16 son
2165 2925 90 21 arrivée
2276 2930 31 16 au

1769 2952 76 24 palais
1864 2952 29 21 de
1912 2952 103 25 l'Elysée,
2031 2952 32 22 etr
2074 2951 16 22 à
2108 2956 44 17 son
2171 2950 90 26 départ.

1769 2977 86 22 Havas.

1813 3038 452 51 MONITEUR

1918 3113 26 18 du
1959 3114 20 17 15
1993 3113 101 18 novembre
2109 3113 49 18 1935.

1218 5331 43 20 Les
1276 5331 105 20 libéraux
1396 5331 99 20 devront
1510 5330 87 20 choisir
1611 5331 50 21 leur
1676 5333 55 21 chef

1192 5357 66 20 entre
1273 5357 33 19 M.
1320 5356 72 25 Lloyd
1407 5357 91 23 George
1514 5356 25 20 et
1553 5356 38 20 Sir
1605 5357 126 23 .Archibald

1192 5381 107 21 Sinclair.

1217 5420 121 20 ENCORE
1355 5419 159 25 QUELQUES
1530 5419 174 23 RESULTATS

1217 5457 31 21 Le
1262 5457 101 21 résultat
1376 5457 40 21 des
1431 5457 112 21 élections
1556 5457 61 21 n'est
1630 5463 43 19 pas
1687 5465 30 15 en-

1191 5487 53 16 core
1256 5482 108 24 complet.
1376 5483 62 20 Mais
1450 5487 31 15 on
1494 5483 60 20 n'est
1566 5487 44 19 pas
1620 5483 49 21 loin
1681 5485 36 21 d'é-

1190 5508 92 20 laborer
1298 5508 23 20 la
1338 5508 133 24 statistique
1487 5507 123 21 définitive
1627 5510 103 24 puisque,

1190 5533 16 21 à
1216 5533 88 20 l'heure
1317 5533 106 23 actuelle,
1434 5533 19 20 il
1464 5537 31 16 ne
1507 5537 102 20 manque
1621 5533 52 24 plus
1686 5539 44 20 que

1190 5559 34 20 les
1237 5558 100 20 chiffres
1351 5558 29 21 de
1395 5558 58 21 trois
1466 5558 209 24 circonscriptions.

1215 5584 44 20 Les
1284 5583 76 24 partis
1383 5583 230 24 gouvernementaux
1637 5584 79 22 obtien-

1189 5609 60 21 nent
1261 5608 40 20 429
1314 5607 75 25 sièges
1400 5608 25 21 et
1438 5608 35 21 les
1485 5612 100 21 groupes
1597 5609 30 20 de
1640 5609 76 26 l'oppo-

1189 5634 72 21 sition
1273 5637 32 17 en
1317 5634 43 19 ont
1374 5633 45 20 183.
1432 5633 34 20 La
1477 5633 110 24 majorité
1600 5638 115 20 gouverne-

1189 5658 104 22 mentale
1303 5658 82 21 s'élève
1396 5658 61 21 donc
1468 5658 17 21 à
1494 5659 40 20 246
1545 5658 80 25 sièges.

1790 3182 133 17 MINISTERE
1938 3181 32 17 DE
1984 3181 31 16 LA
2029 3181 106 17 DEFENSE
2149 3180 137 18 NATIONALE

1913 3208 62 17 Ordre
1990 3208 24 17 de
2029 3208 20 17 la
2063 3208 102 17 Couronne

1792 3236 49 17 Sont
1852 3235 88 17 nommés
1952 3235 106 17 chevaliers
2070 3236 23 17 de
2103 3234 76 18 l'Ordre
2191 3235 24 17 de
2226 3234 21 18 la
2257 3235 41 17 Cou-

1769 3261 66 15 ronne,
1850 3257 29 16 les
1894 3256 102 17 militaires
2011 3256 48 17 dont
2073 3256 28 17 les
2115 3259 56 14 noms
2186 3255 77 17 suivent

1789 3278 26 16 Le
1826 3277 60 20 capit.
1899 3277 76 16 Dufour
1986 3277 32 20 B.;
2031 3276 28 17 les
2070 3276 79 17 lleuten.
2162 3275 106 18 Thonnard
2280 3276 26 17 J.;

1768 3299 42 15 Van
1825 3299 39 16 Loo
1880 3298 32 17 G.;
1929 3298 18 16 le
1963 3300 43 16 cap.
2022 3297 43 16 Van
2080 3297 40 17 Roy
2137 3297 30 17 A.;
2184 3297 28 16 les
2227 3296 77 17 lieuten,

1768 3319 91 16 Fremaut
1875 3319 31 19 A.;
1923 3317 89 20 Legrand
2028 3317 34 19 M.;
2080 3318 28 16 les
2125 3317 59 20 capit.
2200 3317 63 16 David
2280 3317 24 19 J.;

1768 3340 77 15 D'Hâve
1859 3339 26 20 J.;
1901 3339 76 16 Patoux
1991 3338 32 18 G.;
2039 3338 87 20 Lagouge
2140 3339 30 18 A.;
2186 3338 28 16 les
2227 3337 74 17 lieuten

1768 3360 71 16 Dubois
1854 3360 30 18 P.;
1900 3359 74 20 Kruyts
1988 3358 32 18 R.;
2036 3358 18 17 le
2068 3359 59 19 capit.
2142 3359 78 18 Hontoy
2233 3358 30 19 F.;
2279 3358 29 16 les

1767 3380 79 17 lieuten.
1861 3380 82 17 Collette
1957 3380 29 17 C;
2001 3379 83 17 Ruscart
2098 3380 29 17 C;
2143 3379 90 20 Henquln
2246 3379 29 17 Z.:
2290 3378 18 17 le

1768 3401 59 19 capit.
1842 3400 88 17 Rendors
1944 3400 29 18 P.;
1991 3399 28 17 les
2034 3399 78 17 lieuten.
2128 3400 82 16 Bouhon
2225 3399 26 20 J.;
2268 3399 33 16 Va>

1767 3424 37 13 nus
1816 3421 32 20 G.;
1862 3421 18 17 le
1893 3420 60 20 capit.
1965 3419 58 18 Thlse
2035 3420 26 18 J.;
2075 3420 28 17 les
2115 3420 120 17 lieutenants
2246 3420 51 16 Bout

1768 3442 29 16 tet
1814 3442 35 19 M.;
1869 3442 63 16 Coucz
1949 3441 36 19 M.;
2004 3441 28 15 De
2050 3441 65 16 Rnche
2133 3441 30 18 P.;
2183 3441 74 18 George
2275 3440 22 16 A.

1767 3462 57 17 Jossa
1841 3462 32 19 G.;
1891 3462 50 16 Looz
1956 3461 29 18 P.;
2002 3461 108 17 Rlbauville
2127 3461 28 18 L.;
2173 3461 84 19 Verjans
2273 3461 24 16 G.

1767 3483 27 16 De
1810 3483 63 19 Paepe
1889 3482 30 19 O.;
1936 3481 114 19 Desmadryl
2065 3482 29 17 P.:
2111 3482 54 19 Dury
2180 3481 26 20 J.;
2223 3481 84 17 Lnndrie

1767 3503 31 19 G.;
1816 3503 89 19 Matthys
1921 3503 30 18 A.;
1969 3502 80 17 Vanden
2065 3502 103 17 Drlessche
2183 3502 31 19 A.;
2231 3501 77 17 Verblst

1766 3524 30 19 R.;
1809 3524 92 16 Verhulst
1912 3524 29 19 P.;
1954 3523 18 16 le
1984 3523 32 16 1er
2026 3523 124 19 serg.-major
2161 3522 101 18 Vanacker
2273 3522 32 17 G.;

1766 3544 18 16 le
1797 3544 58 19 capit.
1869 3544 58 16 Gorls
1939 3543 26 18 J.;
1979 3543 28 16 les
2019 3543 79 16 lieuten.
2110 3544 29 16 De
2151 3542 116 17 Westelinck
2279 3542 27 20 J.;

1767 3564 62 17 Minet
1846 3565 29 18 F.;
1895 3564 60 16 T'Sas
1972 3563 28 19 L.;
2019 3563 124 17 Vernlmmen
2161 3564 30 18 U.;
2211 3563 17 16 le
2247 3563 59 19 capit.

1766 3585 115 17 Vermandel
1893 3585 32 19 G.;
1938 3584 28 16 les
1977 3583 78 17 lieuten.
2068 3584 58 19 Creyf
2138 3584 30 17 A.;
2181 3584 86 16 Govaert
2279 3584 26 18 J.;

1766 3606 97 16 Marbaise
1875 3605 34 18 M.;
1923 3605 34 16 Six
1968 3605 32 19 H.;
2013 3604 33 16 Sol
2057 3605 28 18 P.;
2099 3606 99 15 Venesoen
2210 3605 29 18 P.;
2252 3604 54 19 Drij-

1766 3626 98 19 koningen
1879 3626 29 17 L.;
1926 3625 79 20 Dupont
2021 3625 29 18 E.;
2067 3625 60 17 Gillet
2143 3626 26 17 J.;
2187 3624 73 18 Harsin
2275 3625 30 18 E.;

1766 3646 61 17 Lochs
1842 3647 31 18 D.;
1890 3646 18 16 le
1923 3645 68 18 music.
2005 3645 94 17 Wclffens
2113 3646 28 17 L.;
2158 3646 18 16 lo
2191 3645 60 20 capit.
2266 3648 40 13 van

1766 3667 53 16 Delft
1831 3667 35 18 M.:
1880 3666 28 17 les
1920 3666 79 17 lieuten.
2011 3665 54 16 Fiers
2077 3666 35 20 M.;
2125 3666 56 16 Koch
2193 3666 26 18 J.;
2232 3665 75 17 Poncin

1765 3687 36 20 W.;
1814 3687 111 16 Vannerom
1936 3687 26 17 J.;
1975 3685 85 17 Arckens
2072 3686 29 19 A.;
2115 3686 80 17 Calders
2207 3686 25 18 J.;
2246 3686 60 16 Goole

1765 3708 32 18 G.;
1814 3707 116 20 Grandjean
1946 3707 32 18 G.;
1995 3706 75 19 Slegers
2086 3707 31 18 H.;
2135 3707 18 16 le
2171 3707 31 16 ler
2218 3706 83 21 sergent-

1768 3727 74 17 clairon
1855 3728 70 16 Moons
1938 3728 32 18 H.;
1984 3726 28 17 les
2025 3727 78 17 lieuten.
2117 3727 78 17 Callens
2207 3727 30 19 A.;
2249 3727 57 16 Isaac

1765 3748 26 20 J.;
1806 3748 77 18 Krctels
1896 3749 26 19 J.;
1937 3747 79 17 Marlicr
2029 3747 34 19 M.;
2078 3748 77 16 Renkin
2167 3747 29 20 E.;
2211 3747 50 19 Riga
2274 3748 21 15 A.

1765 3770 73 16 Delime
1853 3769 29 19 A.:
1898 3769 105 19 Doppagne
2017 3767 31 18 R.;
2063 3768 68 16 Moens
2144 3768 32 18 G»!
2192 3767 115 18 Wautrecht

1765 3789 30 19 R.;
1814 3790 112 19 l'adjudant
1942 3788 97 17 Constant
2055 3788 29 20 A.;
2102 3789 29 16 ies
2147 3788 80 17 lieuten.
2244 3788 62 19 Buys-

1765 3810 78 16 schaert
1857 3810 30 20 A.;
1903 3809 70 17 Delens
1986 3808 26 17 J.:
2027 3808 99 17 Derivière
2139 3809 31 19 A.;
2185 3808 74 17 Fanuel
2273 3809 31 18 R.;

1764 3830 79 17 Grlsart
1854 3831 31 20 A.;
1897 3830 55 19 Meys
1963 3829 26 20 J.;
2001 3829 146 17 Preud'homme
2158 3830 30 17 A.;
2202 3829 61 16 Decot
2274 3829 30 17 A.;

1765 3851 73 16 Michet
1852 3851 29 19 L.;
1898 3850 82 19 l'adjud.
1994 3849 79 19 Speters
2088 3850 30 18 N.:
2136 3850 18 16 le
2171 3850 31 16 ler
2218 3849 88 20 sergent-

1765 3871 63 19 major
1843 3871 67 17 Zamia
1925 3871 31 19 H.;
1972 3870 28 16 les
2014 3869 78 17 lleuten.
2108 3870 78 16 Holoffe
2200 3870 29 18 L.;
2245 3870 61 16 Llxon

1765 3891 34 19 M.;
1819 3892 68 16 Minne
1903 3891 34 17 H.:
1957 3890 43 17 Van
2018 3890 99 17 Sevenant
2135 3891 29 18 F.;
2184 3891 74 16 Verne!!
2277 3890 26 18 J.;

1764 3912 111 17 Coeurnelie
1887 3912 27 18 S.;
1927 3910 75 17 Dufour
2012 3910 30 19 F.;
2054 3910 126 20 Marquegnie
2190 3911 31 19 V.;
2233 3911 73 16 Mester

1764 3932 32 19 H.;
1812 3932 18 16 le
1845 3932 59 20 capit.
1919 3932 52 16 Elias
1985 3930 34 19 M.:
2035 3930 28 17 les
2078 3931 79 17 lieuten.
2172 3931 88 17 Goffaux
2274 3931 29 18 E.;

1764 3952 86 17 Mahuux
1864 3954 29 17 P.:
1908 3952 28 17 les
1949 3951 58 19 capit.
2021 3951 151 17 Kaeckenbeeck
2185 3952 31 17 R.;
2230 3951 76 17 Pottiez

1764 3973 34 19 M.;
1816 3973 28 16 les
1860 3973 80 16 lieuten.
1956 3971 130 17 Charloteaux
2102 3972 26 17 J.;
2146 3972 110 16 Courteaux
2272 3972 32 19 R.;

1764 3994 28 16 De
1806 3993 68 17 Cierck
1888 3994 31 19 A.;
1934 3992 70 19 Leloup
2018 3991 30 20 F'.;
2063 3992 82 19 Nemery
2159 3993 31 17 R.;
2206 3992 99 19 Petitjean

1764 4014 28 18 P.;
1806 4014 84 16 Severen
1902 4014 28 19 L.;
1944 4012 59 18 Smlts
2015 4012 30 19 R.;
2059 4012 93 19 Borgniet
2163 4013 26 18 J.;
2204 4013 28 16 les
2245 4012 57 19 capit,

1763 4034 78 17 Breulct
1852 4035 29 18 C;
1894 4035 63 16 Ponce
1968 4033 25 19 J.;
2006 4032 28 17 les
2045 4032 79 17 lieuten.
2137 4033 123 16 Schouveller
2271 4033 31 17 R.:

1763 4055 43 15 Van
1818 4055 38 16 den
1867 4054 106 20 Noortgate
1984 4053 30 18 A.;
2028 4052 28 16 les
2069 4053 66 19 adjud.
2148 4053 114 20 Jacquemln
2274 4053 28 17 L.:

1763 4075 101 16 Remience
1876 4075 26 17 J.;
1915 4075 28 16 les
1955 4074 78 16 lieuten.
2046 4073 88 17 Cardoen
2145 4074 32 19 D.;
2190 4074 72 18 Fraeys
2274 4073 28 20 E.;

1763 4095 74 17 Closset
1851 4096 26 18 J.;
1893 4094 85 18 Dumont
1993 4093 23 17 de
2031 4093 94 17 Chassart
2140 4094 31 18 G.;
2188 4093 65 17 Libert
2267 4094 35 19 M.;

1763 4116 102 19 Populaire
1881 4116 29 19 L.;
1929 4114 95 19 Rodrlque
2041 4114 30 17 A.;
2089 4114 113 17 Rousseaux
2218 4114 29 19 L.;
2265 4115 28 16 Bo-

1763 4137 56 18 gaert
1839 4137 30 19 A.;
1892 4135 80 17 Boulvir
1994 4134 26 20 J.;
2042 4134 87 17 Pauwels
2150 4135 31 18 R.;
2204 4134 17 16 le
2243 4134 59 19 capit.

1763 4157 62 16 Streel
1844 4157 26 19 J.;
1891 4157 28 16 les
1938 4155 78 18 lleuten.
2035 4155 68 16 Boidts
2122 4155 26 18 J.;
2168 4155 85 16 Deravct
2271 4155 30 19 A.;

1763 4177 60 16 Dozln
1841 4178 29 18 F.;
1891 4176 97 21 Opalvens
2005 4175 28 16 E.;
2053 4175 46 16 Boel
2118 4175 31 19 R.;
2169 4175 84 17 Drubbel
2272 4175 28 17 P.;

1762 4197 73 17 Gobert
1848 4198 30 18 P.;
1893 4197 66 17 Terlln
1972 4196 30 18 A.;
2016 4195 175 19 Vanderschaeghe
2204 4196 31 18 A.;
2250 4195 52 16 Van-

1762 4217 96 18 kerkhove
1869 4218 31 19 R.;
1914 4216 107 20 Eyckmans
2033 4215 26 19 J.;
2072 4215 18 17 le
2102 4216 59 19 capit.
2174 4216 87 16 Simonet
2272 4215 28 18 L.;

1762 4238 28 16 les
1802 4238 79 17 lleuten.
1894 4239 58 16 Verse
1964 4237 29 19 A.;
2006 4235 96 17 Pourbalx
2114 4237 30 17 A.;
2157 4236 18 16 le
2188 4236 58 19 capit.
2259 4236 33 16 Mo-

1762 4262 47 13 reau
1824 4259 29 19 F.;
1870 4259 28 16 les
1913 4257 79 18 lieuten.
2007 4256 100 16 Hanssens
2121 4257 29 16 P.:
2167 4256 89 17 Lecomte
2271 4256 29 18 P.;

1762 4279 109 19 Nouwynck
1884 4279 31 19 H.;
1930 4277 107 18 Verbrugge
2051 4276 28 20 C;
2094 4276 28 17 les
2135 4276 60 20 capit.
2208 4276 94 17 Germain

1762 4299 32 19 G.;
1808 4300 88 16 Mathieu
1910 4299 34 17 M.;
1959 4298 28 16 les
1999 4296 79 17 lieuten.
2092 4297 100 16 Dechesne
2205 4297 31 18 N.;
2250 4297 42 16 Pau-

1761 4320 45 16 wels
1818 4320 30 16 A.-
1862 4319 113 17 Vanschoor
1986 4317 28 17 P.;
2028 4316 82 20 l'adjud.
2122 4317 94 19 Verleyen
2228 4317 31 18 H.;
2274 4317 27 16 les

1761 4340 59 19 capit.
1833 4340 88 17 Bernard
1933 4339 31 17 H.:
1977 4337 86 17 Brennet
2074 4337 30 18 A.;
2118 4337 86 19 Quevrin
2215 4337 29 19 F.;
2257 4337 44 16 Vel-

1761 4360 37 19 ghe
1812 4361 28 19 L.;
1856 4361 18 16 le
1888 4360 79 17 lleuten.
1980 4358 28 16 De
2022 4357 76 19 Cuypcr
2111 4357 27 20 LJ.;
2153 4357 18 17 le
2186 4357 59 19 capit.
2259 4358 31 16 Du-

1761 4380 41 16 bois
1815 4381 34 19 M.;
1863 4381 29 16 les
1905 4380 91 17 lleutean.
2009 4377 80 17 Praikln
2102 4378 25 17 J.;
2142 4377 52 17 Petlt
2206 4378 33 19 H.;
2253 4378 48 16 Cas-

1761 4401 48 16 teels
1822 4401 30 19 A.;
1867 4401 19 17 le
1900 4400 60 20 capit.
1973 4399 93 16 Janssens
2080 4398 26 17 J.;
2121 4398 29 16 les
2164 4398 79 16 lleuten.
2257 4398 33 16 Clé-

1761 4422 53 15 ment
1834 4422 30 19 V.;
1885 4419 113 21 Jacquemln
2017 4418 31 19 A.;
2069 4418 28 16 les
2118 4418 59 19 capit.
2198 4418 51 16 Roze
2269 4419 29 17 V.;

1760 4441 145 20 Stinglhamber
1917 4442 26 17 J.;
1958 4438 166 19 Vanderhaeghen
2137 4438 29 19 L.;
2180 4438 28 17 les
2221 4438 79 18 lieuten.

1760 4462 77 16 Clobert
1853 4463 31 18 R.;
1903 4460 108 18 d'Ardenne
2027 4459 32 19 O.;
2076 4459 69 18 Haugy
2162 4459 34 16 M.:
2215 4459 86 17 Laurent

1759 4482 31 19 R.;
1802 4482 89 17 Marchai
1902 4483 29 16 P.:
1944 4480 69 17 Nahon
2023 4479 29 18 F.;
2065 4478 28 17 les
2105 4478 59 20 capit.
2176 4479 82 19 Hicguet
2269 4480 29 17 A.;

1760 4502 87 17 Lesuisse
1859 4503 32 18 G.;
1906 4499 155 21 Meynsbrughen
2073 4499 29 20 A.;
2117 4499 18 17 le
2148 4499 79 17 lieuten.
2240 4500 50 16 Duvi-

1760 4522 41 17 vier
1818 4523 27 19 J.;
1864 4523 28 16 les
1910 4522 59 20 capit.
1987 4521 50 18 Desy
2066 4520 30 17 O.;
2127 4520 107 17 Godefroid
2262 4521 36 17 W.;

1759 4543 115 19 Grandjean
1888 4543 35 18 M.;
1937 4542 28 16 les
1978 4541 78 16 lleuten.
2070 4539 73 17 Dubois
2156 4540 34 19 M.;
2205 4541 95 19 Knaepen

1759 4563 27 17 L.;
1803 4563 81 20 l'adjud.
1899 4564 66 15 Buron
1978 4561 35 18 M.;
2028 4560 29 16 les
2071 4560 59 20 capit.
2145 4560 122 18 Chantraine
2281 4562 19 16 J.

1759 4584 73 16 Misson
1849 4585 28 16 E.;
1896 4584 84 16 Roovers
1996 4581 26 19 J.;
2040 4580 18 17 le
2075 4581 79 16 lleuten.
2171 4581 82 17 Boisont
2269 4582 29 20 P.;

1759 4603 28 17 les
1802 4604 60 19 capit.
1878 4604 28 16 Dc
1922 4603 42 19 Nijs
1979 4602 30 18 R.;
2026 4601 87 16 Massart
2128 4602 31 17 R.;
2176 4602 28 16 les
2219 4602 79 17 lieuten.

1759 4624 131 20 Vandeweghc
1906 4624 28 20 L.;
1952 4623 98 16 Vanuxem
2066 4621 29 19 L.;
2112 4621 28 17 les
2156 4622 59 19 capit.
2232 4622 67 20 Collng

1758 4644 31 18 G.;
1803 4644 91 17 Lothaire
1906 4644 25 18 J.;
1945 4642 97 19 Marcotty
2053 4641 35 17 M.:
2101 4642 81 19 l'adjud.
2194 4643 103 16 Francotte

1758 4664 25 19 J.;
1798 4665 27 16 les
1838 4664 131 20 capit.-aviat.
1981 4663 62 16 Devos
2056 4662 32 18 G.;
2101 4662 53 19 Rops
2166 4663 29 19 P.;
2209 4663 29 16 les
2250 4663 39 17 lieu-

1760 4685 79 16 tenants
1857 4685 69 17 Frères
1943 4684 30 19 L.;
1992 4681 108 18 Moulckers
2119 4683 28 17 E.;
2168 4683 82 17 Vlatour
2268 4684 29 19 C;

1759 4704 80 20 l'adjud.
1859 4705 75 17 Macoir
1951 4704 31 18 A.;
2001 4702 18 16 le
2038 4702 54 17 lieut.
2112 4703 24 16 de
2155 4703 95 17 Moffarts
2268 4704 29 20 P.;

1758 4724 17 16 le
1792 4725 109 17 sous-lieut.
1918 4724 60 17 avlat.
1993 4722 84 17 Genotie
2093 4723 25 17 J.;
2135 4723 29 17 les
2179 4724 120 17 lieutenants

1758 4745 89 19 Steyaert
1859 4746 29 17 F.;
1903 4744 95 17 Messlaen
2012 4743 28 15 A.:
2055 4742 28 17 les
2096 4743 61 19 adjud
2176 4744 82 17 Ballleul
2271 4745 26 19 J.;

1760 4765 100 17 Grauwels
1874 4766 30 19 P.;
1919 4765 18 16 le
1952 4763 56 18 lieut:
2024 4762 60 20 Thiry
2099 4763 35 19 M.;
2151 4764 81 20 l'adjud.
2248 4763 40 19 Gee-

1758 4788 53 14 raert
1824 4786 32 18 H.;
1871 4786 28 16 les
1912 4785 54 17 lieut.
1979 4782 104 18 Bechtholt
2096 4784 30 17 A.;
2141 4784 28 16 De
2183 4785 74 16 Roover
2271 4786 26 19 J.;

1757 4805 28 17 les
1802 4806 66 19 adjud.
1885 4806 57 16 Aretz
1957 4804 28 19 F.;
2003 4803 119 17 Beauvillers
2137 4804 30 20 E.;
2183 4805 29 16 les
2228 4805 66 20 capit.-

1757 4826 75 16 lntend.
1847 4826 92 16 Lefebvre
1954 4824 26 17 J.;
1996 4823 91 19 Perpette
2102 4824 18 17 J.

1780 4845 49 17 Sont
1851 4845 86 17 nommés
1960 4842 146 20 commandeurs
2129 4844 24 18 de
2175 4845 77 18 l'Ordre
2273 4846 24 17 de

1758 4865 82 20 Léopold
1855 4867 20 15 n
1892 4870 6 11 ;

1779 4886 35 17 Les
1839 4884 182 20 majors-aviateurs
2046 4883 96 18 Damblon
2166 4886 29 18 A.,
2220 4886 77 17 Vander

1757 4905 179 20 Stichelen-Rogler
1948 4905 33 18 M..
1994 4904 89 17 Marchai
2097 4905 34 19 M.;
2146 4905 18 17 le
2177 4906 120 17 lieutenant-

1758 4926 74 17 colonel
1847 4926 104 17 honoraire
1965 4924 93 19 Blsschop
2073 4925 34 18 M.;
2124 4925 18 17 le
2157 4926 63 18 malor
2234 4927 53 17 hono-

1758 4946 52 17 raire
1827 4947 67 16 Dubar
1910 4946 25 16 G.

1779 4966 49 17 Sont
1849 4966 87 17 nommés
1956 4964 87 17 officiers
2065 4965 23 16 de
2109 4965 76 18 l'Ordre
2206 4967 24 17 de
2249 4967 37 17 Léo-

1758 4986 44 19 pold
1819 4988 20 15 n
1857 4991 6 13 :
1881 4987 28 17 les
1927 4984 217 21 capitaines-aviateurs
2160 4987 88 17 Medaets
2265 4988 31 18 G..

1757 5005 102 20 Vuylstcke
1874 5008 26 18 J.;
1917 5007 18 16 le
1948 5004 163 20 major-aviateur
2129 5007 163 17 (commissionné'

1756 5026 93 18 Leboutte
1860 5028 29 19 L.;
1903 5027 17 17 le
1931 5027 122 18 cap.-comm.
2065 5025 24 17 de
2101 5025 77 19 réserve
2189 5028 107 19 pensionné

1757 5046 42 18 Van
1814 5048 35 16 der
1864 5048 75 16 Dussen
1954 5046 24 16 de
1992 5045 105 20 Kestergat
2112 5047 35 19 M.;
2163 5047 18 17 le
2197 5048 98 19 capitaine

1756 5066 104 19 honoraire
1872 5065 147 21 Nagelmackers
2030 5066 30 18 A.;
2073 5066 19 17 le
2102 5066 55 18 lieut.
2169 5067 126 20 pharmacien

1757 5086 23 18 de
1794 5087 75 18 réserve
1883 5086 115 19 Renneboog
2010 5085 26 19 J.;
2051 5085 27 17 les
2092 5087 74 17 soldats
2178 5088 76 17 Jeanne
2266 5089 28 18 P..

1756 5106 54 18 Maes
1826 5108 27 19 E.,
1871 5107 81 17 Marckx
1968 5106 25 19 J-,
2009 5104 135 19 Temmerman
2161 5108 29 19 A.,
2207 5109 87 17 Clément

1756 5127 28 19 A..
1800 5128 61 16 Battu
1874 5128 25 19 J..
1914 5127 104 15 Hanneuse
2032 5125 28 20 A.,
2075 5126 28 18 De
2117 5127 66 18 Blieck
2198 5129 28 18 C.
2241 5130 53 16 Tall-

1756 5146 39 18 lieu
1813 5148 28 19 C,
1859 5148 43 17 Van
1920 5148 35 16 der
1972 5146 79 18 Haegen
2069 5146 29 20 P.;
2118 5147 111 20 l'adjudant
2247 5150 47 16 Ver-

1756 5170 77 16 cruysse
1847 5168 29 19 L.;
1892 5168 18 17 le
1923 5166 79 20 caporal
2016 5166 42 16 Van
2071 5167 36 16 der
2120 5168 86 17 Kindere
2219 5170 32 18 R.;
2266 5170 27 16 les

1756 5187 73 17 soldats
1849 5187 130 17 Berrewaerts
1999 5185 31 20 G.,
2051 5185 54 19 Clees
2125 5189 24 18 J..
2170 5189 78 20 Mousty
2268 5191 25 18 J„

1756 5207 96 18 Gulchart
1869 5209 24 18 J*.
1910 5206 81 18 Multael
2007 5206 29 19 A.,
2052 5207 102 18 Henriette
2170 5209 29 19 C;
2217 5210 18 17 le
2251 5214 32 12 ma-

1756 5227 65 18 réchal
1837 5229 33 16 des
1886 5228 48 19 logis
1948 5226 98 19 Altzlnger
2061 5226 30 20 N.;
2109 5228 26 16 les
2152 5229 73 17 soldats
2241 5230 49 17 Vau*

1755 5248 131 20 vaerenbergh
1903 5248 28 18 A..
1948 5247 72 16 Louvet
2036 5246 30 20 H.,
2084 5248 85 17 Thibaut
2186 5250 28 19 P.,
2229 5250 64 19 Ferny

1754 5267 25 19 J.,
1796 5269 69 16 Mairie
1881 5269 30 18 A.;
1928 5267 28 17 les
1972 5269 97 16 caporaux
2085 5268 76 18 Milaire
2177 5270 24 19 J..
2218 5271 74 16 Smeul-

1755 5287 44 18 ders
1814 5289 18 16 j.

1775 5308 27 16 La
1815 5309 52 16 croix
1879 5309 24 16 de
1915 5306 96 19 chevalier
2023 5307 23 16 de
2058 5307 75 18 l'Ordre
2145 5309 23 17 de
2179 5310 83 20 Léopold
2273 5311 20 16 n

1755 5328 18 16 et
1790 5329 19 16 la
1825 5329 53 16 croix
1893 5329 24 16 de
1932 5330 67 17 guerre
2015 5329 46 15 avec
2077 5328 73 19 palmes
2166 5332 44 15 sont
2225 5331 57 16 décer-

1755 5347 50 20 nées,
1821 5349 12 16 à
1848 5350 47 16 titre
1910 5347 108 21 posthume,
2033 5351 38 13 aux
2086 5349 102 18 militaires
2202 5351 49 16 dont
2264 5351 28 17 les

1755 5371 54 14 noms
1822 5369 77 16 suivent
1915 5372 5 4 *

1775 5388 36 17 Les
1824 5389 75 17 soldats
1912 5387 83 18 Roeiant
2009 5387 24 20 J.,
2047 5388 28 17 De
2089 5389 51 17 Cock
2154 5391 28 19 A.,
2196 5391 96 17 Cobbaert

1755 5408 29 19 H..
1798 5409 68 19 Houdy
1880 5410 19 16 J.

1775 5429 25 16 Le
1818 5429 64 16 soldat
1898 5429 56 16 Aerts
1970 5428 27 16 M.
2015 5428 30 15 est
2061 5430 76 16 nommé
2155 5431 97 17 chevalier
2268 5431 24 17 de

1754 5448 75 18 l'Ordre
1840 5450 24 16 de
1876 5449 83 20 Léopold
1970 5448 20 16 II
2002 5449 19 15 et
2033 5448 57 17 Croix
2103 5450 23 16 de
2138 5454 74 16 guerre.

1774 5468 25 17 Le
1814 5469 63 17 soldat
1892 5468 81 19 Gijssels
1987 5468 22 16 A.
2024 5470 28 14 est
2067 5471 75 16 nommé
2157 5471 97 18 chevalier
2268 5472 23 17 de

1753 5487 76 18 l'Ordre
1845 5489 23 16 de
1884 5488 82 20 Léopold
1982 5488 19 16 U
2018 5489 19 15 et
2054 5488 57 18 Croix
2127 5492 24 15 ûe
2167 5495 74 16 guerre.

1774 5508 49 17 Sont
1841 5509 86 16 nommés
1945 5507 106 18 chevaliers
2069 5510 24 16 de
2110 5510 75 18 l'Ordre
2203 5512 24 17 de
2243 5512 38 17 Léo-

1753 5528 45 19 pold
1812 5529 20 16 n
1846 5531 19 15 et
1880 5529 57 16 Croix
1952 5529 23 16 de
1990 5531 68 15 guerre
2074 5533 5 12 :

1774 5548 25 17 Le
1816 5549 64 17 soldat
1895 5549 114 16 Dambreme
2025 5549 29 19 A.;
2072 5549 17 17 le
2106 5552 77 18 sergent
2198 5552 92 17 Vanhou-

1752 5567 101 18 denhoven
1869 5569 33 19 H.;
1920 5569 28 17 les
1965 5567 73 18 soldats
2054 5568 112 20 Stlévenart
2182 5572 29 19 A..
2228 5573 62 19 Spen-

1752 5587 44 18 ders
1810 5589 29 17 A..
1855 5589 84 16 Brisfert
1953 5588 27 19 L..
1996 5588 121 19 Caucheteur
2131 5592 29 18 A.,
2175 5592 115 18 Schelfhout

1751 5607 28 20 C,
1797 5608 67 18 Gallez
1881 5609 30 19 A.;
1930 5609 19 17 le
1966 5610 77 17 sergent
2060 5609 80 19 Lefèvre
2156 5612 31 19 V.;
2205 5613 28 17 les
2250 5613 30 17 sol-

1751 5627 45 18 dats
1813 5629 109 17 Haustrate
1938 5629 31 19 H-,
1987 5628 43 17 Van
2047 5628 155 23 Cauwenberghe
2220 5633 18 17 G
2247 5636 5 5 *
2272 5633 18 17 le

1751 5650 78 17 sergent
1844 5649 83 19 Jacques
1942 5649 33 19 G.;
1991 5647 28 18 les
2034 5649 74 18 soldats
2123 5652 66 17 Esters
2203 5653 18 16 A
2227 5664 6 8 ,
2248 5653 31 17 Du-

1751 5669 55 16 mont
1817 5669 23 17 A.

2878 300 103 63 LE
3042 300 435 63 GENERAL
3538 300 115 61 DE
3716 300 261 65 BONO

3132 382 163 51 EST
3336 382 387 53 RAPPELE

3161 464 132 10 »a,^»a»^»»aa^»*a,.*»»»».t*»».--^
3294 465 127 10 ^»^»i*^»:^»-»^»-*»a—
3422 465 42 9 mt**.^*»
3465 465 21 9 m*»
3487 465 21 9 mf*
3509 467 5 6 ■

2945 501 36 39 IL
3004 502 72 39 EST
3099 494 210 47 REMPLACÉ
3332 502 82 38 PAR
3437 502 47 38 LE
3507 501 405 42 HAUT-COMMISSAIRE

3324 562 208 39 BADOGLIO

3230 621 96 10 ***.*»...**.***.**•
3327 621 21 9 -at**»
3349 621 21 9 m»*»
3370 621 20 9 -^
3392 621 42 9 .^a*»»»»
3435 621 20 8 .*■—
3457 621 19 9 M»*
3478 623 10 7 M
3488 623 8 5 »
3493 621 10 9 **
3502 621 18 8 »*
3519 624 8 4 »
3525 623 5 7 ,
3531 621 85 9 S*».**»..**.**».
3617 621 9 7 **

2901 657 73 39 DES
2997 659 155 39 MASSES
3175 652 186 45 ÉNORMES
3385 658 176 39 D'ARMES
3592 658 50 39 ET
3665 659 52 39 DE
3739 660 220 40 MUNITIONS

3131 720 103 38 SONT
3254 711 206 47 ENVOYÉES
3483 719 50 38 EN
3556 712 184 47 ETHIOPIE

2372 2092 168 29 SITUATION
2568 2093 40 28 DE
2633 2093 38 28 LA
2693 2091 127 34 BANQUE

2512 2139 176 29 NATIONALE

2353 2197 35 21 La
2405 2197 115 22 situation
2537 2197 29 21 de
2584 2196 25 21 la
2625 2197 98 24 Banque
2742 2195 124 21 Nationale

2328 2227 89 19 accuse,
2429 2223 62 20 cette
2504 2222 111 24 semaine,
2629 2226 46 16 une
2689 2221 80 21 entrée
2782 2221 49 21 d'or
2838 2221 29 21 de

2329 2248 117 24 14,500,000
2461 2248 87 24 francs,
2562 2248 98 24 portant
2673 2247 34 21 les
2721 2246 116 22 avoirs-or
2851 2246 16 21 à

2329 2274 163 24 17,187,820,105
2506 2273 31 20 fr.
2551 2273 34 20 28.

2347 2299 53 20 Aux
2411 2299 167 23 engagements
2589 2297 16 22 à
2615 2302 51 19 vue,
2677 2297 34 21 les
2723 2297 77 21 billets
2813 2298 54 19 sont

2328 2329 30 15 en
2372 2323 123 22 réduction
2509 2324 29 20 de
2553 2323 131 23 124,000,000
2699 2323 29 21 de
2743 2323 87 23 francs,
2845 2322 22 20 le

2328 2349 92 25 compte
2436 2349 33 21 du
2483 2348 85 22 Trésor
2583 2349 29 20 de
2641 2348 119 24 68,100,000
2774 2347 90 23 francs;

2328 2375 60 20 mais
2402 2374 34 21 les
2450 2374 104 24 comptes
2568 2373 147 26 particuliers
2730 2373 42 20 ont
2787 2372 80 21 monté

2328 2400 29 21 de
2372 2400 139 23 2,21,600,000
2525 2399 88 21 francs.
2627 2399 36 20 Au
2683 2398 67 24 total,
2764 2398 22 20 le
2801 2399 66 24 poste

2328 2426 37 20 est
2377 2426 30 20 de
2419 2424 165 24 25,756,339,707
2597 2424 30 21 fr.
2640 2424 33 20 06.
2686 2424 34 20 La
2731 2422 136 26 proportion

2328 2451 29 20 de
2369 2450 176 21 couverture-or
2557 2450 36 21 est
2603 2450 30 20 de
2646 2449 58 21 66.73
2719 2449 32 22 %.

2354 2476 49 20 Peu
2418 2476 30 20 de
2463 2475 130 21 variations
2609 2479 31 17 au
2656 2473 147 26 portefeuille
2827 2474 41 21 des

2328 2501 73 21 effets
2416 2505 41 17 sur
2473 2500 24 21 la
2512 2500 111 25 Belgique
2639 2500 24 21 et
2679 2499 132 21 valeurs-or
2827 2503 40 16 sur

2327 2526 132 24 l'étranger,
2472 2526 40 24 qui
2531 2527 36 20 est
2584 2525 17 21 à
2618 2525 151 24 6,722,853,667
2787 2524 30 21 fr.
2834 2524 34 25 22,

2328 2552 82 21 contre
2426 2551 151 24 6,714,083,555
2594 2550 29 21 fr.
2642 2550 32 23 12,
2689 2550 25 21 et
2730 2554 47 16 aux
2793 2554 62 16 avan-

2328 2581 39 17 ces
2381 2581 41 16 sur
2435 2576 71 22 fonds
2519 2576 90 25 publics
2624 2575 84 25 belges,
2723 2575 39 24 qui
2776 2575 55 20 sont
2853 2574 15 21 à

2328 2602 132 24 571,795,741
2473 2602 30 21 fr.
2518 2602 32 25 17,
2564 2601 81 22 contre
2659 2600 132 25 577,534,694
2805 2599 60 22 fr.67,

2328 2638 28 5 —
2367 2628 31 20 X.

2359 2682 38 29 LA
2414 2676 101 35 GRÈVE
2541 2682 59 29 DES
2626 2680 213 35 BRIQUETIERS

2391 2730 287 34 ËCLATERA-T-ELLE
2697 2733 120 30 LUNDI?

2356 2800 21 20 A
2390 2799 24 21 la
2429 2799 116 22 demande
2560 2799 32 21 du
2606 2798 107 21 ministre
2729 2798 32 22 du
2775 2797 95 22 Travail

2330 2826 24 21 et
2370 2826 30 20 de
2414 2825 25 21 la
2452 2825 148 23 Prévoyance
2616 2823 91 24 sociale,
2723 2823 34 21 les
2772 2824 98 24 patrons

2331 2851 24 21 et
2366 2850 103 21 ouvriers
2481 2850 138 24 briquetiers
2630 2854 25 16 se
2667 2849 54 21 sont
2732 2848 86 24 réunis,
2831 2853 26 15 sa

2330 2876 62 21 medi
2408 2876 83 23 matin,
2509 2875 17 21 à
2545 2875 25 21 10
2589 2874 91 24 heures,
2699 2878 32 17 au
2749 2874 121 21 ministère

2331 2901 32 21 du
2384 2900 101 25 Travail,
2507 2905 54 16 sous
2582 2900 25 20 la
2629 2899 135 26 présidence
2786 2899 30 20 de
2837 2899 32 20 M.

2331 2927 65 23 Caes,
2410 2926 55 21 chef
2479 2926 32 20 du
2525 2925 100 25 cabinet,
2639 2924 16 21 à
2668 2924 76 21 l'effet
2758 2924 100 21 d'exami-

2331 2956 43 16 ner
2395 2956 47 16 une
2463 2951 145 25 proposition
2630 2950 32 21 du
2683 2949 108 21 ministre
2811 2949 59 21 faite

2331 2977 61 21 dans
2411 2977 22 20 le
2450 2976 43 23 but
2513 2975 96 21 d'éviter
2628 2975 24 21 la
2672 2974 69 25 gTève
2761 2974 41 26 qui
2822 2974 47 22 doit

2331 3002 87 21 éclater
2430 3001 67 21 lundi
2511 3001 121 25 prochain.

2356 3028 34 20 La
2405 3026 144 26 proposition
2565 3026 32 21 du
2612 3025 108 21 ministre
2736 3025 59 21 était
2810 3025 61 21 ainsi

2331 3056 87 21 conçue
2428 3057 6 16 :

2357 3077 184 25 Augmentation
2555 3077 28 21 de
2597 3077 12 21 7
2624 3077 38 22 1/2
2675 3080 22 21 p.
2711 3080 20 17 c.
2744 3076 41 20 des
2799 3075 58 21 salai

2330 3108 37 17 res
2384 3108 59 20 pour
2458 3103 78 21 toutes
2552 3102 34 21 les
2602 3101 128 24 catégories
2745 3101 125 21 d'ouvriers

2331 3130 14 21 à
2360 3129 87 21 l'index
2464 3128 102 23 700-735;
2587 3127 179 24 augmentation
2784 3131 31 16 ou
2833 3126 24 21 dl

2330 3154 118 21 minution
2460 3154 41 21 des
2513 3153 97 21 salaires
2622 3157 59 20 pour
2693 3152 78 21 toutes
2783 3152 34 20 les
2829 3156 28 17 ca

2330 3180 100 24 tégories
2463 3178 126 22 d'ouvriers
2622 3182 44 21 par
2700 3177 100 22 tranche
2841 3177 28 21 de

2330 3206 26 21 35
2373 3205 79 25 points
2468 3204 29 21 de
2513 3204 93 20 l'index.

2356 3230 101 21 Patrons
2475 3230 25 20 et
2518 3229 104 21 ouvriers
2640 3228 68 25 après
2726 3228 69 21 s'être
2813 3232 44 16 con-

2330 3256 73 21 sultés
2416 3254 149 26 séparément
2578 3259 26 16 se
2617 3255 55 20 sont
2686 3253 80 21 réunis
2780 3253 15 20 à
2809 3257 48 17 nou

2330 3286 59 17 veau
2400 3281 25 21 et
2437 3281 43 21 ont
2492 3280 47 21 fait
2551 3280 55 25 part
2619 3279 56 25 qu'il
2687 3279 51 21 leur
2751 3278 60 22 était
2823 3278 34 21 im

2330 3306 99 26 possible
2442 3306 130 24 d'accepter
2584 3304 180 25 intégralement
2777 3304 25 21 la
2815 3308 42 21 pro

2330 3332 102 25 position
2446 3331 32 21 du
2493 3330 114 21 ministre.

2356 3358 34 20 La
2410 3356 145 26 proposition
2574 3355 124 26 patronale
2719 3355 37 21 est
2775 3354 25 22 la
2820 3354 36 21 sui

2330 3383 72 21 vante

2356 3407 184 25 Augmentation
2554 3406 29 21 de
2595 3408 12 20 5
2621 3410 22 21 p.
2657 3410 19 16 c.
2690 3405 15 22 à
2718 3405 86 22 l'index
2817 3405 51 21 700-

2329 3434 40 20 735
2384 3438 59 20 pour
2458 3433 34 20 les
2508 3432 104 21 ouvriers
2627 3431 137 21 travaillant
2780 3430 16 21 à
2811 3431 46 21 l'en-

2330 3459 107 24 treprise;
2456 3457 179 25 augmentation
2652 3457 29 21 de
2697 3456 13 21 7
2725 3456 38 21 1/2
2779 3460 23 21 p.
2818 3461 20 16 c.
2855 3455 14 22 à

2329 3485 86 20 l'index
2434 3483 91 22 700-735
2545 3487 60 20 pour
2623 3482 35 21 les
2676 3481 104 21 ouvriers
2798 3480 70 25 payés

2330 3510 15 20 à
2361 3509 94 22 l'heure.
2472 3509 21 20 A
2509 3508 87 21 l'index
2612 3507 99 24 700-735,
2729 3507 127 24 augmenta-

2330 3535 51 21 tion
2396 3539 60 20 pour
2471 3534 78 21 toutes
2563 3533 35 21 les
2613 3532 128 25 catégories
2757 3532 29 21 de
2801 3533 12 19 2
2831 3531 37 22 1/2

2329 3565 23 20 p.
2371 3565 19 16 c.
2409 3560 25 21 et
2452 3559 62 22 ainsi
2531 3559 30 21 de
2579 3558 61 22 suite
2658 3562 44 21 par
2721 3557 100 21 tranche
2840 3557 29 21 de

2330 3586 25 21 17
2370 3585 85 25 points.

2355 3611 35 20 La
2402 3609 144 26 proposition
2560 3609 104 21 ouvrière
2674 3612 6 17 :

2354 3635 155 25 Acceptation
2522 3635 30 20 de
2564 3635 25 20 la
2602 3633 144 26 proposition
2761 3633 99 22 mlnisté'

2328 3662 65 20 rielle
2408 3661 161 24 d'augmenter
2583 3660 34 21 les
2632 3659 97 21 salaires
2740 3663 59 20 pour
2814 3659 42 20 tou-

2329 3688 36 20 tes
2391 3687 34 20 les
2452 3685 128 25 catégories
2607 3685 29 20 de
2663 3684 148 21 travailleurs
2840 3683 28 21 de

2329 3713 13 20 7
2361 3712 38 23 1/2
2417 3716 22 20 p.
2457 3716 20 17 c.
2495 3711 15 21 à
2527 3711 86 21 l'Index
2630 3709 91 22 700-717
2741 3709 48 24 1/2;
2810 3713 46 19 aug-

2329 3737 133 22 mentation
2482 3736 30 21 de
2531 3737 13 20 2
2566 3736 38 22 1/2
2624 3739 23 21 p.
2667 3740 20 16 c.
2708 3735 15 21 à
2743 3734 76 26 partir
2839 3735 29 20 de

2329 3763 39 21 717
2384 3763 38 22 1/2
2436 3767 44 21 par
2494 3761 99 22 tranche
2608 3761 29 21 de
2650 3760 25 21 17
2690 3760 39 22 1/2
2744 3760 85 25 points.

2354 3788 40 21 Un
2415 3787 84 22 accord
2519 3786 99 25 n'ayant
2639 3790 32 21 pu
2694 3785 135 23 intervenir,
2851 3784 17 21 il

2329 3814 36 21 est
2377 3813 61 21 donc
2450 3813 16 21 à.
2477 3812 108 21 craindre
2597 3815 44 21 que
2652 3811 24 21 la
2688 3810 69 25 grève
2768 3810 99 21 n'éclate

2329 3838 73 22 lundi.
2414 3848 29 6 —
2454 3838 79 24 Belga.

2356 3905 218 36 L'ASSEMBLÉE
2600 3903 168 36 GÉNÉRALE
2794 3909 39 29 DE

2523 3962 152 30 L'U.F.A.C.

2352 4035 44 21 Les
2414 4033 107 25 délégués
2539 4032 42 22 des
2599 4032 101 21 diverses
2718 4032 150 21 fraternelles

2324 4061 29 21 de
2369 4058 95 23 l'armée
2481 4059 30 21 de
2527 4062 130 21 campagne
2675 4063 24 16 se
2717 4058 55 21 sont
2788 4057 80 22 réunis

2326 4091 30 16 en
2367 4083 126 23 assemblée
2505 4083 115 25 générale,
2631 4082 97 24 samedi,
2739 4082 15 21 à
2766 4083 25 20 14
2802 4083 24 20 h.
2833 4082 34 26 30,

2326 4111 60 21 dans
2398 4114 34 17 un
2444 4109 60 21 local
2517 4109 29 20 de
2558 4108 24 21 la
2594 4113 42 16 rue
2650 4108 103 24 Auguste
2766 4108 63 21 Orts.

2356 4134 153 22 L'assemblée
2527 4133 59 22 était
2602 4133 105 25 présidée
2725 4138 44 20 par
2786 4133 22 21 le
2826 4138 27 16 co-

2324 4160 64 21 lonel
2404 4161 116 22 Louveau,
2550 4158 127 25 président,
2709 4158 97 22 entouré
2825 4158 42 21 des

2325 4185 116 21 membres
2462 4185 30 21 de
2514 4189 44 16 son
2580 4184 87 21 conseil
2690 4184 163 21 d'administra-

2324 4211 58 21 tion.

2350 4236 22 21 Il
2384 4235 116 25 s'agissait
2512 4239 60 21 pour
2586 4235 34 20 les
2634 4234 149 22 fraternelles
2797 4235 30 21 de
2841 4239 25 17 se

2323 4265 131 20 prononcer
2471 4265 44 20 par
2533 4265 33 16 un
2584 4260 54 21 vote
2656 4264 60 21 pour
2735 4265 30 16 ou
2784 4260 81 21 contre

2324 4291 47 16 une
2388 4286 91 21 motion
2497 4286 148 24 approuvant
2663 4285 95 21 l'action
2775 4285 77 25 patrio-

2321 4311 64 22 tique
2408 4311 29 21 de
2458 4311 130 24 l'U.F.A.C,
2610 4309 62 23 ainsi
2693 4315 45 20 que
2760 4315 41 17 sur
2823 4315 43 17 son

2323 4337 80 20 action
2417 4341 31 16 en
2462 4336 83 20 faveur
2558 4336 29 21 de
2601 4336 24 20 la
2640 4335 96 21 défense
2750 4335 115 25 intégrale

2323 4362 34 21 du
2373 4361 124 21 territoire.

2349 4387 34 20 La
2396 4387 90 20 motion
2498 4391 16 16 a
2526 4386 37 22 été
2575 4386 67 21 votée
2655 4391 44 20 par
2710 4386 26 20 82
2749 4385 46 25 oui,
2807 4390 45 16 con-

2323 4413 36 20 tre
2378 4412 27 21 40
2423 4416 49 17 non
2490 4414 25 19 et
2533 4417 34 16 un
2585 4411 101 21 bulletin
2703 4411 76 21 blanc.

2348 4438 33 20 Le
2400 4437 88 21 conseil
2508 4436 215 22 d'administration
2744 4436 29 21 de
2794 4436 69 20 1*U.P.

2322 4463 27 20 A.
2364 4464 26 20 C.
2405 4468 15 15 a
2435 4462 92 21 ensuite
2541 4462 78 21 donné
2634 4467 27 16 sa
2676 4461 133 21 démission.

2348 4488 22 21 Il
2387 4493 26 16 se
2444 4487 162 25 représentera
2637 4487 88 21 devant
2742 4491 47 16 une
2807 4490 43 20 pro-

2322 4513 85 21 chaine
2420 4513 134 25 assemblée,
2566 4513 40 25 qui
2618 4517 59 16 aura
2689 4512 47 21 lieu
2748 4511 22 21 le
2784 4511 26 20 14
2821 4510 29 22 dé-

2322 4539 93 20 cembre
2430 4539 122 24 prochain.
2567 4549 29 5 —
2611 4538 24 20 S.

2322 4606 231 28 FRANCISCAINS
2567 4605 123 29 DEVANT
2699 4604 57 28 LES
2764 4598 99 34 JURÉS

2345 4669 88 23 Berlin.
2447 4670 25 20 16
2485 4669 132 21 novembre.
2630 4680 27 4 —
2669 4668 94 21 Devant
2776 4668 34 20 les
2823 4668 27 24 Ju-

2319 4694 38 22 rés
2369 4695 28 20 de
2410 4694 81 21 Berlin
2504 4699 15 16 a
2531 4692 134 22 commencé
2678 4693 150 25 aujourd'hui
2841 4693 20 21 la

2317 4719 82 26 procès
2409 4720 81 20 contre
2500 4719 58 21 trois
2568 4717 155 22 franciscains
2733 4718 29 21 de
2773 4717 24 21 la
2807 4722 43 20 pro-

2319 4745 66 21 vince
2399 4745 29 20 de
2440 4744 84 21 l'ordre
2537 4744 29 20 de
2578 4742 126 25 Thuringe.

2345 4770 33 21 Ils
2394 4770 55 21 sont
2465 4768 95 22 accusés
2576 4768 88 21 d'avoir
2681 4767 133 25 transporté
2832 4772 30 16 en

2319 4795 84 21 faveur
2422 4795 24 20 et
2466 4798 33 17 au
2516 4792 74 26 profit
2610 4793 29 20 de
2660 4793 51 20 leur
2730 4791 97 22 mission
2847 4792 16 21 k

2318 4819 108 21 Hokaldo
2449 4819 69 21 (nord
2538 4818 33 21 du
2590 4818 98 24 Japon),
2707 4817 25 21 et
2751 4817 29 21 de
2800 4817 63 20 leurs

2318 4844 75 22 écoles
2413 4844 16 21 à
2449 4841 259 27 Watersleyde-Slttart
2728 4842 25 20 la
2773 4846 89 17 somme

2318 4870 29 20 de
2363 4870 73 21 80.000
2452 4868 80 21 marks
2547 4872 32 17 au
2594 4867 53 22 delà
2663 4867 29 21 de
2708 4867 25 21 la
2748 4867 113 21 frontière

2318 4894 139 21 allemande.
2471 4904 28 4 —
2512 4892 79 25 Belga.

2355 4960 54 40 EN
2433 4958 55 49 QU
2489 4957 155 49 ELQUES
2668 4957 24 40 L
2692 4956 125 41 IGNES

2320 5036 43 13 ::-::
2376 5033 28 16 De
2416 5032 56 17 Paris
2485 5036 6 12 :
2504 5032 35 16 Les
2552 5030 146 21 représentants
2710 5031 34 17 des
2757 5032 91 19 organisa-

2317 5053 53 17 tions
2381 5052 93 20 agricoles
2486 5051 109 21 polonaises
2607 5052 20 16 et
2638 5051 109 19 françaises
2758 5053 35 16 ont
2804 5052 54 20 signé

2318 5077 27 13 un
2360 5073 71 16 accord
2446 5072 34 19 qui
2496 5071 88 17 contient
2599 5071 21 17 la
2635 5071 107 20 possibilité
2759 5072 25 17 du
2800 5073 48 17 déve-

2317 5093 110 19 loppement
2444 5093 34 16 des
2495 5092 97 19 échanges
2608 5092 33 16 des
2658 5092 89 20 produits
2764 5093 94 20 agricoles

2318 5114 55 16 entre
2386 5113 19 16 la
2418 5112 82 19 Pologne
2514 5113 19 16 et
2546 5112 19 16 la
2578 5112 81 18 Prance.
2671 5120 24 5 —
2706 5112 71 18 Havas.

2318 5137 43 13 ::-::
2373 5133 28 16 De
2413 5132 134 19 Guadalajara
2561 5136 6 12 :
2578 5133 36 16 Les
2626 5133 78 19 troupes
2715 5132 96 18 lédérales
2822 5137 35 14 ont

2316 5152 103 18 rencontré
2430 5155 39 14 une
2480 5152 63 17 bande
2555 5152 70 17 rebelle
2635 5152 45 20 près
2691 5153 24 17 de
2726 5153 96 18 San-José
2834 5155 23 17 de

2316 5174 73 16 Gracia
2401 5174 19 16 et
2432 5174 35 15 ont
2480 5173 32 16 tué
2525 5173 28 15 six
2566 5173 24 16 de
2601 5176 31 13 ses
2643 5173 100 17 membres.
2744 5182 23 4 —
2778 5175 78 17 Reuter.

2318 5197 43 13 ::-::
2378 5194 28 15 De
2420 5192 128 20 Washington
2565 5196 6 13 :
2587 5193 48 16 MM.
2649 5193 46 17 Hull
2710 5195 20 15 et
2745 5195 112 18 Mackenzie

2326 5213 51 18 King
2384 5213 35 15 ont
2427 5212 54 19 signé
2488 5212 18 16 le
2514 5212 60 16 traité
2581 5213 123 17 commercial
2711 5214 23 17 de
2741 5214 115 21 réciprocité

2316 5235 55 15 entre
2385 5233 28 17 les
2427 5232 115 17 Etats-Unis
2557 5234 19 15 et
2590 5233 19 17 le
2623 5233 85 21 Canada,
2726 5238 23 13 en
2764 5236 92 19 présence

2316 5253 23 18 de
2353 5253 26 17 M.
2393 5253 101 17 Roosevelt
2508 5255 20 15 et
2540 5253 35 17 des
2589 5253 94 18 membres
2697 5254 26 18 du
2736 5256 84 17 cabinet.
2833 5265 23 4 —

2315 5273 79 17 Reuter.

2317 5297 43 13 ::-::
2377 5292 108 17 D'Athènes
2502 5297 7 12 :
2524 5293 30 17 TJn
2570 5293 65 17 décret
2650 5294 82 18 restitue
2746 5299 26 14 au
2788 5297 30 17 roi
2833 5301 23 13 sa

2315 5313 98 19 propriété
2432 5314 25 16 de
2474 5313 59 17 Tatoi
2563 5315 20 16 et
2613 5317 31 14 ses
2673 5314 141 21 dépendances.
2833 5326 24 4 —

2314 5334 72 16 Havas.

2316 5357 43 13 ::-::
2374 5354 28 16 De
2416 5353 54 17 Sofia
2485 5357 7 13 :
2506 5354 27 16 La
2548 5353 25 18 loi
2588 5356 119 16 concernant
2722 5356 134 21 l'application

2313 5374 34 16 des
2361 5374 100 16 sanctions
2475 5373 133 20 économiques
2623 5376 19 15 et
2656 5375 118 19 financières
2788 5380 68 15 contre

2314 5393 72 18 l'Italie
2402 5397 12 13 a
2429 5397 50 16 paru
2494 5394 126 19 aujourd'hui
2636 5399 26 14 au
2678 5401 11 12 <
2704 5397 82 18 Journal
2802 5399 43 17 Offi-

2314 5413 38 18 ciel
2365 5418 19 12 >.
2397 5422 24 4 —
2433 5414 73 17 Havas.

2317 5437 43 13 ::-::
2375 5434 29 16 De
2419 5433 54 17 Sofia
2490 5439 6 11 :
2512 5434 29 16 Au
2556 5438 57 13 cours
2628 5435 23 18 de
2666 5436 19 17 la
2701 5438 43 17 nuit
2760 5439 88 17 dernière

2314 5453 96 20 plusieurs
2422 5454 96 17 inconnus
2530 5455 37 16 ont
2578 5455 82 20 attaqué
2673 5457 18 17 le
2704 5457 57 21 dépôt
2774 5459 24 16 de
2812 5463 32 13 mu-

2313 5474 74 16 nitions
2404 5474 23 16 de
2444 5474 192 20 Gorna-DJoumaya.
2654 5477 97 18 Plusieurs
2768 5481 76 15 arresta-

2314 5494 52 16 tions
2381 5495 34 16 ont
2430 5493 30 17 été
2474 5493 84 20 opérées.
2572 5503 23 4 —
2608 5495 72 20 Havcs.

2315 5517 44 14 ::-::
2374 5514 29 16 De
2416 5514 128 20 Washington
2560 5525 6 7 .
2580 5516 27 17 ï£
2622 5517 102 18 Roosevelt
2738 5523 13 12 a
2765 5520 89 16 annoncé

2312 5536 42 17 que.
2368 5533 128 19 dorénavant,
2521 5534 19 17 le
2565 5538 151 17 gouvernement
2741 5540 113 17 n'achètera

2313 5557 36 16 que
2363 5555 34 15 des
2411 5554 110 17 matériaux
2535 5555 116 19 américains
2665 5561 50 16 pour
2728 5559 28 17 les
2770 5560 84 17 travaux

2312 5573 74 20 publics
2397 5573 90 18 financés
2499 5578 37 17 par
2547 5575 17 18 le
2577 5579 150 17 gouvernement
2738 5579 75 18 fédéral

2311 5594 80 17 Reuter.

2314 5614 85 30 '■'■'L't.?°
2413 5617 82 27 -,*"**.,•.
2500 5615 27 29 *f
2538 5615 17 17 L
2554 5623 15 21 *a
2567 5620 12 12 ï
2579 5620 26 18 ">>
2617 5618 101 20 Pr-»>l<lent
2729 5620 27 17 du
2769 5621 82 19 Conseil,

2311 5633 90 18 ministre
2413 5634 35 17 des
2459 5634 87 19 Affaires
2558 5636 120 23 étrangère.,
2690 5643 14 13 a.
2716 5644 45 16 reçu
2774 5645 23 13 ce
2809 5645 32 13 ma-

2311 5654 37 19 tin,
2365 5654 26 16 M.
2409 5654 83 21 Cerruti,
2509 5655 140 21 ambassa4*»jx
2665 5659 77 18 d'Italie
2760 5660 12 17 à
2789 5662 56 17 Parla

2310 5682 25 5 —
2346 5674 72 17 Havas.

2878 810 81 23 Rome,
2980 810 25 20 16
3025 812 130 20 novembre.
3177 823 25 5 —
3223 813 31 20 Le
3275 812 94 24 général
3390 812 29 20 de

2905 835 67 20 Bono
2987 836 36 19 est
3038 836 101 24 rappelé.
3155 837 20 20 Il
3191 838 36 20 est
3243 837 116 25 remplacé
3376 842 43 20 par

2905 859 22 21 le
2943 860 60 20 haut
3019 861 156 21 commissaire
3192 862 118 25 Badoglio.
3325 872 29 6 —
3369 863 38 20 Ha-

2880 889 47 17 vas.

3066 924 166 21 MARECHAL

2906 956 80 23 Rome,
3006 955 25 20 16
3049 956 131 20 novembre.
3197 967 28 4 —
3242 957 31 21 Le
3291 957 116 25 remplace-

2880 981 66 20 ment
2960 980 32 20 du
3006 979 94 25 général
3115 980 83 22 Emilio
3212 982 35 20 De
3261 983 66 20 Bono
3341 987 44 20 par
3398 982 22 21 le

2880 1005 120 21 maréchal
3022 1005 78 21 Pietro
3123 1006 111 24 Badoglio
3256 1008 36 20 est
3313 1007 108 21 annoncé

2880 1031 60 21 dans
2955 1031 33 20 les
3002 1031 86 20 termes
3102 1030 106 22 suivants
3222 1036 43 19 par
3279 1032 22 21 le
3316 1037 92 16 commu-

2880 1055 70 25 niqué
2966 1055 89 21 officiel
3074 1060 6 16 :

2904 1096 39 16 Par
2956 1095 19 16 la
2989 1095 53 19 prise
3055 1095 23 16 de
3092 1094 91 20 Maltallé,
3197 1095 18 17 le
3229 1095 49 17 haut
3292 1097 130 17 commissaire

2883 1124 49 17 pour
2951 1120 93 19 l'Afrique
3064 1120 107 19 Orientale,
3190 1120 79 19 général
3288 1121 23 17 de
3330 1122 60 19 Bono,
3410 1126 13 13 a

2883 1145 72 18 achevé
2968 1146 20 16 la
3002 1145 81 17 mission
3096 1145 33 19 qui
3142 1145 28 16 lul
3184 1146 54 16 avait
3251 1145 31 18 été
3296 1146 81 18 confiée.

2905 1172 25 17 Lc
2948 1172 48 16 duce
3014 1171 28 16 lul
3060 1174 13 13 a
3090 1170 38 17 fait
3146 1171 92 19 parvenir
3255 1174 27 13 un
3300 1171 123 19 télégramme

2883 1198 50 16 dans
2948 1196 68 19 lequel,
3033 1200 25 12 cn
3074 1196 125 17 considérant
3214 1199 37 17 que
3267 1196 19 17 la
3302 1197 80 17 mission
3398 1198 26 16 du

2884 1222 78 21 général
2981 1222 24 17 dc
3023 1222 55 16 Bono
3097 1221 31 17 est
3146 1221 99 20 terminée,
3264 1222 15 16 11
3298 1222 63 17 donne
3381 1224 43 16 acte

2884 1252 25 13 au
2925 1247 79 21 général
3020 1247 24 17 de
3060 1247 58 16 s'être
3135 1247 86 19 acquitté
3237 1247 24 17 de
3277 1248 51 16 cette
3345 1248 80 17 mission

2883 1275 50 16 dans
2946 1273 34 17 des
2992 1273 144 16 circonstances
3149 1272 140 17 extrêmement
3300 1273 93 17 difficiles
3405 1274 20 16 et

2884 1299 74 17 d'avoir
2973 1298 72 17 obtenu
3061 1298 34 16 des
3110 1297 94 17 résultats
3219 1298 33 19 qui
3267 1298 18 17 le
3300 1298 98 19 signalent
3413 1299 11 16 à

2884 1325 19 16 la
2917 1324 99 20 gratitude
3030 1324 23 16 de
3067 1323 20 17 la
3100 1323 76 17 nation.

2906 1350 19 17 S.
2944 1350 27 16 M.
2990 1349 18 17 le
3026 1349 35 19 roi,
3080 1348 95 17 accédant
3193 1349 13 16 à
3224 1349 19 16 la
3262 1349 120 19 proposition
3400 1350 25 16 du

2885 1376 54 19 duce,
2958 1379 13 12 a
2988 1374 77 17 nommé
3083 1374 18 17 lo
3118 1374 79 20 général
3215 1374 23 17 de
3256 1375 54 16 Bono
3327 1374 99 18 maréchal

2885 1401 82 18 d'Italie,
2981 1404 25 13 cn
3019 1400 162 17 reconnaissance
3194 1400 24 16 de
3230 1399 79 18 l'œuvre
3323 1400 104 20 accomplie

2885 1430 24 13 en
2923 1426 121 19 conquérant
3057 1426 21 16 et
3091 1429 25 13 en
3129 1425 98 20 pacifiant
3239 1425 19 16 le
3271 1425 63 19 Tigré.

2908 1452 24 16 Le
2952 1450 100 18 maréchal
3071 1451 77 17 d'Italie
3167 1451 65 16 Pietro
3252 1451 93 19 Badoglio
3365 1455 12 11 a
3396 1450 31 18 été

2886 1477 76 17 nommé
2976 1477 50 16 haut
3040 1476 132 17 commissaire
3187 1479 49 16 pour
3250 1476 94 19 l'Afrique
3358 1476 59 17 Orien-

2886 1503 45 18 tale,
2945 1506 25 13 en
2982 1502 152 20 remplacement
3146 1501 26 17 du
3185 1501 99 17 maréchal
3297 1502 23 16 de
3333 1502 60 16 Bono.
3406 1510 19 4 —

2886 1528 65 18 Belga.

3026 1560 36 19 LE
3081 1559 205 25 REMPLAÇANT

2911 1592 80 23 Rome,
3012 1592 25 20 16
3057 1591 132 21 novembre.
3210 1602 27 5 —
3256 1591 32 21 Le
3308 1590 121 22 maréchal

2885 1615 112 25 Badoglio
3014 1617 37 21 est
3068 1616 31 21 né
3118 1616 15 21 à
3152 1617 277 23 Grazano-Monferrato,

2885 1641 22 21 le
2924 1642 27 20 28
2968 1641 131 25 septembre
3118 1642 58 20 1871.
3195 1642 21 20 Il
3234 1642 47 24 prit
3299 1643 55 24 part
3371 1641 16 21 à
3405 1641 24 21 la

2885 1671 129 20 campagne
3032 1666 119 26 d'Afrique
3169 1667 28 21 de
3217 1668 124 24 1896-1897,
3359 1671 69 21 passa

2885 1692 15 20 à
2917 1692 156 25 l'état-major
3090 1692 41 21 dès
3148 1697 43 16 son
3208 1692 80 21 retour
3305 1697 30 16 en
3353 1692 76 25 Italie,

2886 1717 24 20 et
2926 1717 111 21 retourna
3054 1722 31 16 en
3102 1717 96 25 Afrique
3215 1722 59 20 pour
3290 1717 25 21 la
3332 1722 84 20 campa-

2885 1747 45 18 gne
2942 1742 29 21 de
2982 1742 71 25 Libye
3064 1748 31 16 en
3108 1744 58 23 1912,
3179 1743 29 21 où
3221 1743 17 20 il
3250 1742 116 26 participa
3378 1743 15 21 à
3405 1743 23 21 la

2886 1767 95 22 victoire
2993 1768 29 21 de
3034 1769 97 20 Zansur.

2911 1793 110 21 Pendant
3036 1793 24 21 la
3076 1793 89 25 grande
3181 1797 89 20 guerre,
3286 1793 17 21 il
3319 1793 39 21 fut
3374 1793 55 21 chef

2886 1817 162 24 d'état-major
3069 1823 31 16 au
3120 1819 36 20 27"
3177 1823 67 20 corps
3265 1818 110 25 d'armée;
3399 1823 30 15 en

2887 1843 58 23 1917,
2967 1843 18 21 il
3007 1844 39 20 fut
3068 1844 122 20 sous-chef
3214 1843 164 25 d'état-major
3400 1843 29 21 de

2886 1868 100 21 l'armée.

2911 1893 21 21 Il
2941 1893 39 21 fut
2990 1894 56 20 chef
3055 1894 163 24 d'état-major
3229 1895 28 20 de
3269 1894 93 21 l'armée
3374 1899 44 16 aus-

2886 1918 57 21 sitôt
2957 1918 68 24 après
3039 1918 24 22 la
3077 1923 88 20 guerre.
3180 1919 93 25 Envoyé
3288 1924 31 16 en
3332 1918 98 22 mission

2886 1943 100 23 spéciale
3006 1948 48 17 aux
3074 1944 146 25 Etats-Unis,
3241 1945 17 20 il
3279 1944 39 22 fut
3338 1944 92 21 ensuite

2887 1968 166 21 ambassadeur
3069 1974 32 16 au
3117 1969 75 21 Brésil
3208 1975 31 15 en
3256 1970 53 21 1924
3324 1970 25 21 et
3366 1970 61 24 1925;

2886 1993 16 21 à
2915 1994 75 23 partir
3005 1995 29 20 de
3049 1995 58 24 1926,
3121 1995 19 20 il
3153 1996 36 19 est
3203 1994 121 22 maréchal
3338 1994 92 22 d'Italie

2887 2019 24 21 et
2924 2019 55 20 chef
2993 2019 163 25 d'état-major
3169 2019 101 25 générai

2913 2045 36 19 En
2963 2044 58 23 1929,
3034 2045 18 20 il
3065 2045 36 21 est
3115 2049 144 20 gouverneur
3272 2045 30 21 de
3315 2045 24 21 la
3353 2044 77 25 Libye,

2887 2069 55 23 qu'il
2956 2069 87 21 achève
3059 2070 29 20 de
3104 2070 122 25 conquérir
3241 2071 25 20 et
3280 2070 30 21 de
3325 2069 105 26 pacifier.

2912 2095 33 20 Le
2961 2094 120 21 maréchal
3097 2095 113 25 Badoglio
3227 2096 36 20 est
3280 2095 104 25 marquis
3401 2095 29 21 de

2887 2119 120 22 Sabotino.

2913 2145 22 20 Il
2955 2145 39 20 fut
3014 2145 106 21 consulté
3140 2150 44 24 par
3204 2145 22 21 le
3247 2149 183 21 gouvernement

2887 2170 79 22 quand
2983 2169 95 22 celui-ci
3095 2171 124 24 envisagea
3236 2175 46 16 une
3300 2175 130 21 campagne

2887 2199 31 16 en
2936 2194 127 23 Abyssinie.
3082 2196 34 20 La
3133 2200 96 16 rumeur
3247 2196 108 25 publique
3375 2196 55 20 veut

2888 2220 55 22 qu'il
2955 2220 35 21 ait
3002 2220 62 21 alors
3077 2220 83 25 exposé
3174 2226 56 16 avec
3242 2221 90 21 netteté
3346 2222 84 24 qu'une

2888 2245 54 21 telle
2954 2250 129 19 campagne
3095 2246 112 24 exigerait
3218 2251 33 16 un
3263 2247 73 20 effort
3348 2246 69 21 finan-

2888 2270 47 21 cier
2950 2271 24 20 et
2987 2270 111 22 militaire
3113 2271 164 22 considérable.
3292 2272 63 21 C'est
3369 2272 61 20 donc

2888 2295 188 22 conformément
3089 2295 16 22 à
3118 2301 38 16 ses
3171 2296 50 21 avis
3235 2301 44 20 que
3295 2297 24 20 la
3333 2301 84 20 campa-

2888 2326 45 19 gne
2952 2321 38 21 fut
3008 2321 111 25 préparée
3139 2326 56 17 avec
3214 2321 51 22 soin
3284 2323 24 20 et
3326 2326 44 21 que
3390 2322 41 20 des

2888 2346 105 21 effectifs
3012 2346 132 25 supérieurs
3163 2346 16 22 à
3198 2352 58 16 ceux
3276 2347 40 25 qui
3335 2346 96 22 avaient

2888 2371 37 21 été
2942 2371 138 24 Jusqu'alors
3097 2371 117 26 employés
3230 2372 61 21 dans
3307 2371 123 26 n'importe

2889 2396 74 22 Quelle
2980 2396 87 22 affaire
3085 2397 113 21 coloniale
3215 2397 80 21 furent
3312 2397 45 21 mis
3374 2397 16 21 à
3407 2397 23 21 la

2889 2421 137 22 disposition
3043 2422 33 21 du
3093 2422 210 21 commandement.

2915 2448 38 20 On
2973 2447 47 21 sait
3041 2451 44 21 que
3105 2447 21 21 le
3147 2447 94 25 général
3261 2446 119 26 Badoglio,
3401 2452 30 16 en

2890 2473 58 21 1928.
2959 2478 15 15 a
2985 2472 115 21 collaboré
3112 2477 56 17 avec
3179 2472 22 22 le
3213 2472 95 25 général
3319 2473 112 21 Graziani

2889 2498 60 20 dans
2962 2498 23 20 la
2997 2497 77 25 Libye.
3088 2498 68 21 Cette
3169 2497 168 21 collaboration
3350 2502 30 16 va
3392 2501 26 17 re-

2888 2522 100 22 prendre
3004 2528 30 15 en
3049 2522 96 25 Afrique
3161 2522 128 22 Orientale.
3303 2534 28 4 —
3345 2523 86 20 Havas.

2948 2561 37 20 LE
3005 2561 137 20 DERNIER
3162 2560 209 24 COMMUNIQUE

2983 2586 43 21 DU
3042 2586 140 21 GENERAL
3197 2586 40 20 DE
3253 2586 84 21 BONO

2915 2626 80 22 Rome,
3015 2625 26 21 16
3059 2624 132 21 novembre.
3211 2623 168 25 Communiqué
3398 2624 33 20 47.

2889 2662 27 5 —
2929 2651 32 20 Le
2977 2649 94 25 général
3087 2650 29 21 de
3131 2651 66 19 Bono
3212 2648 144 26 télégraphie
3375 2653 6 17 :
3398 2649 33 20 La

2889 2675 98 22 colonne
3003 2676 29 21 de
3048 2674 116 22 Dankalie
3180 2675 25 20 et
3221 2674 34 21 les
3271 2673 113 22 éléments
3400 2674 32 20 du

2890 2702 31 19 1"
2937 2705 68 19 corps
3018 2699 102 22 d'armée
3134 2699 140 22 continuent
3287 2699 51 21 leur
3352 2699 79 21 action

2889 2726 29 21 de
2933 2725 104 22 contrôle
3052 2725 60 21 dans
3126 2725 22 21 le
3163 2724 116 22 territoire
3294 2724 67 21 entre
3375 2723 57 22 .Azbi

2889 2752 25 20 et
2935 2752 80 20 Dessa.

2915 2777 32 21 Le
2959 2781 68 19 corps
3038 2775 101 22 d'armée
3151 2774 109 26 indigène
3272 2773 111 23 continue
3395 2779 37 16 ses

2890 2801 134 24 opérations
3037 2801 29 21 de
3080 2800 125 25 nettoyage
3220 2800 60 21 dans
3293 2800 22 21 le
3330 2798 102 23 Gheral-

2890 2827 32 20 ta.
2937 2827 32 20 Le
2985 2826 86 21 second
3087 2830 68 20 corps
3170 2824 101 22 d'armée
3287 2830 15 16 a
3318 2824 113 25 complété

2890 2851 155 24 l'occupation
3064 2851 29 20 de
3112 2851 24 20 la
3155 2850 81 25 région
3254 2850 30 21 de
3302 2849 130 23 Tzembela,

2890 2877 103 22 prenant
3012 2876 131 25 possession
3164 2876 41 21 des
3226 2875 56 25 gués
3302 2875 33 21 du
3355 2874 77 22 fleuve

2890 2903 133 20 Tacazzem.

2913 2926 74 22 Chefs
2997 2926 25 21 et
3031 2926 108 21 notables
3148 2926 28 21 de
3187 2925 24 21 la
3220 2924 80 26 région
3310 2925 30 21 de
3350 2925 70 20 Tzem-

2890 2951 54 21 bela
2963 2956 25 16 se
3008 2952 55 20 sont
3082 2950 120 25 présentés
3222 2950 16 21 à
3256 2955 44 16 nos
3321 2949 112 22 autorités

2890 2976 123 21 militaires
3028 2980 60 20 pour
3103 2975 60 21 faire
3180 2975 50 21 leur
3245 2974 146 22 soumission.

2917 3001 130 21 L'aviation
3073 3006 16 16 a
3115 3000 126 22 bombardé
3267 3000 42 21 des
3335 3003 98 21 groupes

2891 3026 144 21 adversaires
3056 3026 60 21 dans
3138 3026 24 20 la
3183 3030 57 16 zone
3262 3025 29 22 de
3313 3025 67 24 Buia,
3402 3029 31 17 au

2890 3052 45 20 sud
2949 3050 116 23 d'Antalo.
3080 3062 27 5 —
3122 3050 79 25 Belga.

2903 3089 194 21 ALLOCUTION
3114 3088 43 21 DU
3174 3088 67 21 FILS
3258 3088 43 20 DU
3317 3087 102 21 NEGUS

2914 3126 171 25 Addis-Abeba,
3096 3126 25 21 16
3131 3126 132 21 novembre.
3273 3136 28 5 —
3310 3126 31 21 Le
3352 3125 81 25 prince

2890 3152 96 21 héritier
3004 3153 63 22 Aspa
3084 3152 91 20 Oussen
3193 3156 15 15 a
3224 3155 56 21 reçu
3296 3150 59 25 hier,
3372 3150 61 21 dans

2889 3182 44 16 son
2947 3176 83 25 palais,
3044 3177 22 21 le
3081 3181 68 20 corps
3163 3175 174 26 diplomatique.

2916 3204 20 19 A
2957 3202 62 21 cette
3039 3201 114 25 occasion,
3173 3201 18 20 il
3211 3206 16 16 a
3247 3202 117 24 prononcé
3386 3205 46 16 une

2890 3227 127 22 allocution
3029 3232 30 16 en
3071 3226 109 26 répétant
3193 3231 43 26 que
3248 3225 124 26 l'Ethiopie
3383 3226 50 21 s'en

2889 3252 111 24 rapporte
3021 3251 155 22 entièrement
3197 3256 15 16 a
3234 3251 24 22 la
3279 3250 91 23 Société
3392 3251 40 20 des

2889 3278 100 21 Nations
3011 3278 25 20 et
3057 3277 18 20 il
3097 3282 15 16 a
3134 3276 104 25 exprimé
3260 3281 27 16 sa
3309 3275 123 22 confiance

2890 3302 60 22 dans
2965 3302 23 22 le
3004 3301 80 23 succès
3100 3302 41 21 des
3157 3301 91 22 armées
3264 3300 168 26 éthiopiennes,

2889 3328 132 24 soutenues,
3033 3326 69 23 a-t-il
3115 3326 42 25 dit,
3169 3331 44 21 par
3225 3327 87 25 l'appui
3325 3327 29 20 de
3366 3325 62 22 Dieu

2889 3363 27 6 —
2928 3354 86 20 Havas.

2944 3391 36 20 LE
3001 3390 107 22 GRAND
3129 3390 129 21 CONSEIL
3278 3389 101 21 ENTRE

3076 3415 39 21 EN
3130 3415 115 21 SEANCE

2917 3449 81 22 Rome,
3013 3448 26 20 16
3054 3447 132 21 novembre.
3200 3457 29 5 —
3244 3447 59 21 Sous
3318 3446 25 21 la
3357 3446 62 25 prési-

2891 3473 74 21 dence
2983 3473 29 21 de
3030 3473 33 20 M.
3083 3471 130 25 Mussolini,
3232 3472 55 21 s'est
3305 3472 83 20 ouvert
3405 3475 26 17 ce

2891 3499 47 21 soir
2956 3503 32 16 au
3003 3498 76 25 palais
3097 3498 29 21 de
3143 3497 92 24 Venise,
3252 3497 24 21 la
3293 3496 90 22 session
3400 3497 31 21 du

2892 3524 75 25 grand
2982 3523 88 21 conseil
3086 3523 33 20 du
3135 3523 64 24 parti
3216 3522 103 21 fasciste.

2917 3549 118 21 Plusieurs
3057 3548 98 21 milliers
3177 3548 29 21 de
3230 3552 128 21 personnes
3381 3547 38 21 sta-

2892 3574 133 21 tionnaient
3042 3578 41 17 sur
3099 3573 24 21 la
3139 3573 67 21 vaste
3223 3573 74 25 place,
3313 3573 81 25 quand
3410 3573 22 21 le

2891 3599 91 25 cortège
2997 3599 111 21 militaire
3123 3599 36 21 est
3173 3603 92 20 apparu
3279 3603 40 16 sur
3334 3597 97 22 celle-ci.

2917 3626 31 20 Le
2965 3624 92 25 cortège
3074 3629 16 16 a
3106 3623 38 22 été
3160 3623 65 22 salué
3241 3623 191 22 d'acclamations

2890 3650 179 21 enthousiastes.
3082 3650 87 23 Quand
3182 3649 35 22 les
3228 3648 141 22 formations
3381 3649 38 21 fas-

2891 3675 69 22 cistes
2977 3675 84 21 eurent
3078 3675 50 25 pris
3145 3675 67 25 place
3229 3675 54 21 face
3301 3679 32 17 au
3349 3674 83 25 palais,

2891 3706 46 16 une
2949 3700 127 25 trompette
3087 3705 77 16 sonna
3174 3700 22 21 le
3209 3708 9 10 »
3231 3700 71 24 garde
3313 3699 16 21 à
3339 3704 57 16 vous
3408 3707 9 11 »
3424 3704 5 19 ;

2891 3726 53 25 puis
2962 3726 22 21 le
3003 3726 86 20 silence
3108 3725 87 21 s'étant
3212 3725 53 25 fait,
3284 3725 24 21 la
3326 3725 105 25 musique

2891 3751 97 21 exécuta
3007 3751 24 21 la
3049 3751 96 21 marche
3170 3750 79 25 royale
3275 3751 25 20 et
3320 3759 10 10 «
3350 3750 81 21 Giovi-

2891 3781 71 17 nezza
2980 3785 18 12 ».

2917 3801 71 22 Salué
3009 3807 44 20 par
3075 3806 47 17 une
3143 3801 112 22 véritable
3277 3801 111 24 clameur,
3409 3800 22 21 le

2891 3828 105 24 drapeau
3019 3827 33 21 du
3074 3827 63 24 parti
3160 3826 103 25 apparut
3286 3826 91 21 ensuite
3401 3831 31 16 au

2891 3853 84 21 balcon
2986 3853 33 21 du
3030 3852 82 25 palais.
3123 3853 35 20 La
3169 3852 71 23 foule,
3251 3852 22 21 le
3284 3851 55 22 bras
3351 3851 80 24 tendu,

2891 3878 67 21 salua
2973 3877 16 22 à
3004 3878 24 21 la
3043 3878 113 21 romaine.

2917 3904 36 20 Au
2964 3903 102 25 premier
3078 3903 68 25 étage
3158 3903 33 21 du
3202 3902 82 25 palais,
3297 3902 60 21 dans
3370 3902 48 20 l'im-

2890 3934 80 16 mense
2988 3929 66 20 salon
3071 3929 41 20 des
3129 3928 119 24 Batailles,
3265 3927 34 21 les
3315 3927 116 21 membres

2890 3955 32 20 du
2938 3954 75 24 grand
3028 3953 93 25 conseil,
3136 3954 53 20 tous
3204 3958 30 16 en
3248 3953 71 21 tenue
3333 3952 97 21 fasciste

2890 3979 185 24 réglementaire,
3089 3978 139 22 accueillent
3241 3983 30 16 cn
3285 3983 26 16 ce
3325 3979 107 19 moment

2890 4010 44 19 par
2949 4006 41 20 des
3004 4004 174 23 acclamations,
3193 4004 22 21 le
3230 4004 64 20 Duce
3309 4003 39 25 qui
3364 4004 66 20 entre

2891 4035 30 17 en
2933 4031 71 20 tenue
3017 4030 29 21 de
3058 4029 95 25 caporal
3165 4029 132 21 d'honneur
3309 4029 28 20 de
3349 4029 23 20 la
3384 4028 33 21 mi-

2891 4056 49 21 lice.
2952 4066 28 5 —
2991 4056 86 21 Havas.

2890 4088 120 21 ENCORE
3027 4087 58 21 DES
3109 4086 128 22 CLASSES
3261 4086 168 21 RAPPELÉES

2917 4121 81 23 Rome,
3015 4120 25 20 16
3055 4118 132 21 novembre.
3201 4128 29 5 —
3244 4118 44 21 Les
3304 4118 113 21 sous-offi-

2890 4145 59 21 ciers
2964 4145 24 20 et
3004 4145 106 20 hommes
3125 4144 30 20 de
3170 4144 95 24 troupes
3280 4143 42 21 des
3337 4143 80 21 carabi-

2890 4171 64 20 niers
2970 4170 41 21 des
3027 4169 85 21 classes
3130 4169 51 21 1907
3199 4168 15 22 à
3232 4169 57 23 1910,
3306 4168 62 21 ainsi
3385 4173 44 21 que

2889 4200 59 17 ceux
2959 4196 29 20 de
3000 4195 24 21 la
3036 4194 73 21 classe
3122 4195 58 23 1912,
3191 4194 55 21 sont
3256 4194 107 25 rappelés
3376 4199 54 17 sous

2889 4221 34 21 les
2935 4221 125 24 drapeaux,
3073 4220 29 21 de
3113 4219 76 21 même
3201 4224 45 20 que
3258 4219 34 21 les
3304 4219 112 22 sous-offi-

2889 4247 60 20 ciers
2961 4246 42 21 des
3016 4245 86 21 classes
3115 4246 52 20 1900
3181 4244 15 21 à
3211 4245 51 21 1912
3276 4245 25 21 et
3314 4245 34 21 les
3362 4250 67 16 sous-

2889 4271 105 21 officiers
3010 4271 24 21 et
3051 4271 107 21 hommes
3173 4270 30 21 de
3218 4270 96 25 troupes
3330 4270 32 21 du
3379 4275 37 17 ser-

2889 4297 49 20 vice
2959 4296 185 25 topographique
3167 4296 42 20 des
3230 4295 86 22 classes
3339 4296 53 21 1904
3414 4296 15 21 à

2890 4322 57 20 1912.
2960 4332 29 5 —
3002 4321 79 24 Belga.

2914 4367 84 21 POUR
3013 4367 140 20 ETENDRE
3169 4366 37 21 LE
3223 4366 107 21 CHAMP
3346 4367 58 20 DES

3057 4391 201 22 DISCUSSIONS

2913 4423 109 24 Londres,
3039 4423 25 21 16
3080 4424 132 20 novembre.
3227 4434 28 5 —
3269 4423 45 21 Les
3329 4424 88 21 tentati-

2887 4453 40 16 ves
2942 4448 71 21 faites
3028 4452 44 21 par
3084 4449 33 20 M.
3133 4448 124 21 Mussolini
3273 4449 120 22 d'étendre
3408 4450 22 21 le

2887 4474 85 24 champ
2988 4474 42 20 des
3045 4474 142 20 discussions
3203 4474 145 25 poursuivies
3363 4476 67 20 entre

2887 4500 33 20 lui
2933 4500 24 20 et
2969 4499 183 21 l'ambassadeur
3165 4499 160 25 d'Angleterre
3338 4501 25 21 et
3377 4501 53 21 d'en

2886 4524 61 21 faire
2965 4525 24 20 la
3008 4525 56 20 base
3083 4525 57 20 d'un
3158 4525 158 24 rajustement
3335 4530 81 20 perma-

2886 4551 59 19 nent
2969 4550 41 20 des
3033 4550 113 21 relations
3166 4551 210 24 anglo-italiennes
3399 4556 29 17 en

2886 4575 172 21 Méditerranée
3075 4576 67 20 n'ont
3160 4576 70 25 guère
3247 4577 82 21 trouvé
3348 4577 79 21 d'écho

2885 4600 85 25 auprès
2985 4601 33 21 du
3033 4602 184 23 gouvernement
3232 4602 30 22 de
3276 4603 111 21 Londres.

2912 4632 22 20 Il
2954 4633 37 20 est
3011 4634 122 23 remarqué
3155 4638 31 16 au
3208 4635 100 24 surplus,
3329 4639 45 20 que
3395 4635 32 20 les

2886 4658 193 24 préoccupations
3091 4659 30 20 de
3132 4659 112 25 politique
3256 4659 127 21 intérieure
3396 4660 32 21 du

2886 4685 182 22 gouvernement
3082 4684 106 24 français
3202 4685 55 21 sont
3270 4685 30 21 de
3313 4686 85 20 nature
3413 4685 14 21 à

2885 4708 106 21 retarder
3005 4709 70 21 d'une
3090 4714 31 16 ou
3137 4710 28 20 de
3181 4711 60 20 deux
3256 4711 122 24 semaines,
3394 4710 33 21 les

2885 4734 95 24 progrès
2994 4735 41 20 des
3048 4735 167 24 négociations.

2911 4765 32 21 Le
2960 4774 10 11 «
2989 4766 71 25 Daily
3077 4767 89 21 Herald
3186 4776 9 10 »
3215 4768 61 20 tient
3294 4772 60 20 pour
3372 4772 42 20 pro-

2884 4790 75 25 bable,
2973 4795 47 17 une
3034 4791 100 22 réunion
3148 4797 51 16 vers
3214 4793 25 20 la
3253 4792 173 26 mi-décembre,

2884 4815 33 22 du
2937 4817 85 21 comité
3043 4817 29 21 de
3093 4818 162 21 coordination
3276 4818 29 21 de
3326 4818 100 25 Genève,

2884 4841 59 21 dont
2957 4842 80 25 l'objet
3051 4843 73 21 serait
3138 4843 29 21 de
3182 4843 68 24 Juger
3264 4843 28 22 de
3307 4843 76 22 l'effet
3397 4844 29 21 de

2884 4867 160 25 l'application
3057 4869 41 20 des
3109 4869 120 20 sanctions
3243 4869 25 21 et
3281 4869 53 21 d'en
3347 4869 66 21 discu

2883 4892 37 21 ter
2941 4893 22 20 le
2984 4893 175 22 renforcement
3180 4894 24 21 et
3226 4894 138 21 l'extension
3386 4899 40 17 sur

2883 4922 47 17 une
2943 4918 53 25 plus
3009 4919 64 24 large
3086 4919 62 21 base.
3161 4930 28 5 —
3200 4919 79 24 Belga.

2936 4956 54 22 LES
3007 4957 169 21 SANCTIONS
3193 4957 40 21 EN
3249 4958 119 22 FRANCE

2908 4987 73 24 Paris,
3002 4989 24 20 16
3046 4989 132 20 novembre.
3196 4999 28 5 —
3242 4989 32 21 Le
3295 4998 9 10 «
3325 4991 100 20 Journal

2882 5013 96 21 Officiel
2997 5023 8 9 »
3025 5014 85 24 publie,
3128 5018 26 17 ce
3171 5014 84 25 matin,
3272 5019 34 17 un
3324 5016 50 21 avis
3392 5016 32 21 du

2881 5038 122 21 ministère
3027 5039 40 21 des
3092 5039 104 21 Affaires
3220 5040 135 24 étrangères
3377 5046 47 16 aux

2881 5065 162 23 exportateurs
3063 5064 126 25 indiquant
3209 5065 150 22 notamment
3379 5071 44 20 que

2880 5089 22 20 le
2919 5090 87 20 transit
3023 5090 24 20 et
3063 5090 22 20 le
3103 5090 205 22 transbordement
3324 5092 41 20 des
3383 5097 27 16 ar-

2880 5118 57 20 mes,
2952 5115 130 20 munitions
3098 5116 25 20 et
3139 5115 107 21 matériel
3263 5116 29 21 de
3308 5121 83 20 guerre
3408 5122 14 16 a

2880 5139 144 21 destination
3038 5140 29 21 de
3081 5140 84 21 l'Italie
3179 5146 30 16 ou
3224 5141 41 21 des
3279 5142 143 25 possessions

2879 5165 125 20 italiennes
3016 5166 55 20 sont
3086 5166 129 24 prohibées.

2906 5190 43 21 Les
2963 5190 186 25 réexportations
3163 5196 30 16 en
3208 5192 61 21 suite
3283 5193 138 25 d'entrepôt,

2879 5215 29 21 de
2920 5215 77 25 dépôt,
3010 5216 29 20 de
3052 5216 211 25 transbordement,
3270 5218 151 22 d'admission

2879 5241 140 24 temporaire
3039 5246 31 16 ou
3091 5241 29 21 de
3141 5243 87 20 transit
3249 5243 30 21 de
3296 5248 39 16 ces
3355 5249 53 17 mar-

2879 5266 124 21 chandises
3025 5266 128 22 effectuées
3175 5268 15 20 à
3213 5268 143 22 destination
3379 5271 41 20 des

3429 778 118 9 '■*^-»*»»»-»»»»»»»»-»»»»-\»»»-a»
3545 782 2 5 l

3442 812 79 21 autres
3538 817 59 26 pays
3613 813 133 24 donneront
3762 814 54 24 lieu,
3832 814 16 22 k
3864 815 25 21 la
3905 816 77 24 sortie,

3442 837 15 21 à
3475 838 24 20 la
3518 838 132 21 délivrance
3669 839 57 21 d'un
3744 840 79 25 acquit
3839 840 30 21 de
3887 841 95 21 caution

3442 863 161 24 garantissant
3619 864 105 22 l'arrivée
3741 869 32 17 au
3788 869 59 21 pays
3863 866 30 20 de
3910 867 60 20 desti-

3442 889 84 20 nation
3539 890 24 20 et
3576 890 25 20 la
3613 890 237 25 non-réexportation
3864 891 41 21 des
3918 896 52 17 mar-

3443 914 124 21 chandises
3589 915 15 20 à
3628 915 144 22 destination
3795 916 29 21 de
3846 917 91 21 l'Italie.
3956 928 25 5 —

3442 939 85 21 Havas.

3468 965 38 21 LA
3519 966 248 23 NOMENCLATURE
3779 967 177 23 DOUANIÈRE

3468 997 101 25 Genève,
3596 998 25 20 16
3648 999 130 22 novembre.
3805 1012 27 5 —
3857 1002 33 21 Le
3915 1008 65 16 sous-

3442 1023 84 20 comité
3541 1023 115 25 d'experts
3670 1030 60 20 pour
3743 1026 157 23 l'unification
3914 1029 30 21 de
3957 1030 24 21 la

3442 1049 175 21 nomenclature
3640 1050 125 23 douanière
3787 1057 15 16 a
3823 1053 101 22 terminé
3944 1059 37 17 ses

3444 1074 98 21 travaux
3555 1075 155 24 aujourd'hui.

3469 1099 66 21 Dans
3545 1105 43 16 son
3600 1101 91 25 travail,
3703 1102 21 21 le
3736 1104 151 22 sous-comité
3898 1110 16 17 a
3924 1107 57 20 tenu

3443 1126 92 23 compte
3553 1126 40 20 des
3611 1127 159 22 observations
3788 1129 134 25 présentées
3938 1136 43 20 par

3443 1149 34 21 les
3496 1151 76 21 divers
3592 1154 194 22 gouvernements
3805 1155 25 21 et
3849 1160 16 17 a
3884 1157 97 24 apporté

3444 1175 60 22 ainsi
3525 1180 33 17 un
3578 1178 91 21 certain
3690 1180 98 21 nombre
3807 1181 30 21 de
3858 1182 111 22 modifica-

3445 1200 61 22 tions
3519 1201 15 21 à
3546 1206 44 17 son
3602 1203 84 25 projet.
3698 1215 28 5 —
3738 1205 86 22 Havas.

3530 1268 38 28 LE
3594 1269 126 30 BUDGET
3749 1271 153 38 FRANÇAIS

3544 1326 43 22 (De
3602 1327 69 21 notre
3686 1330 199 25 correspondant.)

3474 1356 73 25 Paris,
3566 1358 26 20 16
3609 1360 131 21 novembre.
3757 1372 29 4 —
3806 1362 56 21 (Par
3878 1362 94 26 télépho-

3448 1382 50 21 ne).
3515 1392 27 5 —
3557 1383 34 20 La
3607 1385 149 22 commission
3771 1386 43 22 des
3831 1387 108 22 finances
3955 1389 30 20 de

3448 1406 24 21 la
3492 1407 117 22 Chambre
3629 1411 127 23 reprendra
3777 1412 67 21 lundi
3864 1413 78 21 matin
3961 1414 24 21 la

3449 1432 129 21 discussion
3594 1434 32 20 du
3642 1434 87 25 budget
3742 1437 30 20 de
3789 1437 51 21 1936
3855 1442 44 20 par
3914 1438 59 22 l'exa-

3449 1461 56 16 men
3521 1458 41 20 des
3578 1459 86 21 crédits
3681 1461 32 20 du
3730 1462 120 21 ministère
3867 1463 42 21 des
3925 1465 47 20 Tra-

3449 1486 62 17 vaux
3522 1483 89 24 publics
3623 1486 24 19 et
3659 1485 32 21 du
3702 1486 101 22 Travail.
3814 1488 79 21 Mardi
3905 1489 81 24 après-

3449 1507 65 24 midi,
3526 1508 44 21 elle
3582 1509 132 26 s'occupera
3726 1511 30 22 de
3767 1512 25 21 la
3804 1513 122 22 deuxième
3938 1514 35 21 lec-

3450 1533 59 20 ture.

3476 1558 44 21 Les
3531 1559 116 22 membres
3659 1561 30 21 de
3702 1561 24 22 la
3738 1563 149 22 commission
3900 1568 75 22 appar-

3451 1584 84 20 tenant
3553 1589 48 16 aux
3619 1589 98 21 groupes
3734 1587 124 26 politiques
3876 1590 39 24 qui
3933 1590 55 21 font

3450 1609 76 24 partie
3544 1610 29 20 de
3591 1610 24 21 la
3633 1610 132 26 délégation
3782 1613 42 21 des
3843 1614 102 25 gauches
3962 1620 25 16 se

3450 1635 163 21 concerteront
3626 1638 74 20 avant
3713 1637 24 21 la
3749 1638 105 22 réunion.

3477 1660 97 20 D'autre
3590 1662 62 24 part,
3669 1662 33 21 M.
3719 1663 86 25 Malvy,
3822 1664 120 25 président
3958 1666 30 21 de

3450 1684 25 21 la
3492 1685 148 22 commission
3656 1687 42 20 des
3715 1687 114 26 finances,
3847 1690 32 20 M.
3897 1691 85 21 Delbos

3451 1709 120 24 président
3582 1711 32 21 du
3626 1716 86 21 groupe
3723 1713 90 22 radical
3824 1714 29 22 de
3864 1715 24 21 la
3899 1716 77 21 Cham-

3452 1735 47 24 bre,
3517 1736 33 20 M.
3568 1736 108 25 Catalan,
3694 1739 140 24 rapporteur
3852 1740 33 22 du
3902 1741 87 26 budget

3451 1760 42 21 des
3508 1761 114 24 finances,
3638 1763 55 20 sont
3709 1767 73 18 venus
3797 1765 38 21 cet
3851 1766 138 24 après-midi

3451 1790 60 19 pour
3524 1786 107 21 conférer
3645 1792 57 17 avec
3714 1788 33 21 M.
3761 1789 107 26 Régnier,
3882 1791 108 22 ministre

3452 1811 41 21 des
3508 1811 122 22 Finances.

3478 1836 22 21 Il
3521 1837 69 24 s'agit
3610 1838 30 20 de
3662 1838 138 22 rechercher
3821 1840 30 21 de
3872 1842 118 21 nouvelles

3451 1861 68 21 bases
3531 1862 56 21 d'un
3600 1864 84 20 accord
3696 1864 25 21 et
3732 1864 160 23 d'humaniser
3903 1867 34 21 les
3948 1867 29 22 dé-

3451 1888 62 20 crets
3525 1888 53 21 tout
3591 1893 30 16 en
3633 1889 174 25 sauvegardant
3819 1891 126 26 l'équilibre
3958 1893 32 21 du

3452 1912 94 25 budget.

3480 1974 209 29 PROPAGANDE
3713 1971 248 41 AÉRONAUTIQUE

3648 2023 20 27 A
3691 2022 103 30 YPRES

3479 2078 81 25 Ypres,
3581 2079 25 21 16
3624 2080 133 22 novembre.
3774 2092 29 5 —
3820 2082 21 21 A
3859 2082 133 22 l'initiative

3452 2103 42 21 des
3512 2114 9 7 »
3539 2104 67 21 Amis
3622 2105 98 24 d'Ypres
3737 2114 19 16 »,
3771 2111 35 17 un
3821 2107 54 25 jour
3891 2108 30 21 de
3936 2113 43 20 pro-

3452 2129 108 24 pagande
3572 2129 168 26 aéronautique
3752 2136 15 17 a
3779 2131 38 23 été
3828 2133 107 25 organisé
3948 2139 31 16 au-

3452 2151 125 28 jourd'hui.

3479 2180 58 20 Vers
3551 2180 26 20 14
3590 2180 92 26 heuies,
3695 2182 41 21 des
3749 2182 82 22 avions
3845 2184 43 21 ont
3901 2185 92 21 survolé

3452 2204 25 21 la
3498 2205 54 21 ville
3573 2206 25 21 et
3619 2207 44 21 ont
3682 2207 47 21 fait
3750 2208 41 21 des
3812 2209 130 22 acrobaties
3963 2210 30 22 de

3452 2230 61 21 haut
3527 2230 45 21 vol.

3478 2256 21 20 A
3512 2256 25 20 15
3550 2256 92 25 heures,
3654 2262 47 17 une
3713 2259 131 24 exposition
3857 2259 123 22 aéronauti-

3453 2285 44 20 que
3512 2285 16 17 a
3543 2281 38 22 été
3596 2282 128 25 inaugurée
3739 2289 32 16 au
3786 2284 80 22 musée
3883 2286 110 25 Merghe-

3452 2306 70 24 lynck
3542 2306 30 21 où
3591 2307 48 21 l'on
3659 2309 57 23 peut
3735 2309 103 22 admirer
3857 2315 47 17 une
3924 2316 57 17 nom-

3452 2331 82 21 breuse
3547 2332 192 23 documentation
3753 2336 145 21 concernant
3911 2336 71 21 l'avia-

3453 2357 58 20 tion.

3478 2382 44 21 Les
3533 2384 157 24 participants
3701 2388 43 18 ont
3756 2387 91 20 ensuite
3859 2386 92 26 déposé,
3962 2392 32 16 au

3452 2407 54 24 pied
3521 2408 32 21 du
3567 2408 93 25 beffroi,
3674 2415 47 16 une
3736 2415 118 18 couronne
3868 2412 89 22 devant
3969 2413 24 21 la

3453 2433 78 21 statue
3542 2433 32 22 du
3585 2434 35 21 roi
3631 2434 88 26 Albert,
3731 2436 53 25 puis
3796 2437 42 21 ont
3851 2437 37 21 été
3900 2442 68 19 reçus
3978 2438 16 22 k

3453 2458 81 21 l'hôtel
3552 2459 29 21 de
3599 2459 60 22 ville.

3582 2521 99 29 GRAVE
3705 2523 159 30 ACCIDENT

3480 2577 96 25 Anvers,
3604 2579 26 21 16
3656 2581 133 21 novembre.
3816 2592 27 6 —
3869 2582 34 21 M.
3929 2583 65 21 Léon

3454 2602 94 25 Schiltz,
3567 2603 43 24 âgé
3630 2604 30 21 de
3679 2606 26 20 56
3724 2610 51 20 ans,
3792 2607 140 22 demeurant
3951 2613 42 16 rue

3454 2628 28 21 de
3496 2628 24 21 la
3532 2625 73 28 Lune,
3617 2634 16 16 a
3646 2630 37 21 été
3696 2632 109 21 renversé
3819 2637 44 20 par
3875 2638 47 16 une
3936 2634 58 21 auto

3454 2652 16 21 à
3484 2653 105 22 l'avenue
3604 2655 98 21 d'Italie.
3717 2656 32 21 Le
3764 2657 153 22 malheureux
3933 2664 15 16 a
3963 2664 30 16 eu

3454 2678 34 21 les
3501 2679 61 21 deux
3576 2680 54 21 bras
3645 2681 24 20 et
3684 2681 33 21 les
3733 2682 91 24 jambes
3838 2683 116 22 fracturés
3968 2685 26 21 et

3453 2704 90 21 souffre
3556 2709 30 16 en
3600 2706 66 21 outre
3680 2707 29 20 de
3722 2707 86 22 lésions
3819 2708 111 22 internes,
3944 2709 21 21 n
3978 2714 16 17 a

3454 2728 37 22 été
3511 2730 134 23 transporté
3665 2731 16 20 à
3700 2732 108 25 l'hôpital
3827 2734 29 21 de
3876 2735 104 24 Stuyven-

3454 2754 62 24 berg.

3478 2823 36 28 LA
3533 2823 104 30 ROCHE
3655 2826 158 33 TRAGIQUE
3827 2829 17 27 A
3864 2828 106 30 ROUEN

3479 2881 89 24 Rouen,
3574 2882 31 21 -16
3616 2884 132 21 novembre.
3759 2896 28 4 —
3797 2886 52 21 Une
3859 2886 71 21 roche
3941 2887 42 25 pré-

3453 2905 63 22 levée
3526 2911 41 17 sur
3577 2907 22 21 le
3609 2908 83 21 rocher
3703 2909 30 22 où
3743 2910 23 20 le
3776 2911 35 20 roi
3822 2910 81 23 Albert
3912 2912 85 21 trouva

3453 2931 24 20 la
3491 2932 63 20 mort
3567 2931 16 22 à
3596 2933 245 24 Marche-les-Dames
3855 2935 65 23 vient
3934 2937 50 21 d'ar-

3453 2955 61 21 river
3528 2956 16 21 à
3558 2958 89 21 Rouen.

3481 2981 68 22 Cette
3563 2982 78 25 roche,
3655 2984 120 22 encastrée
3790 2985 61 22 dans
3865 2986 22 21 le
3902 2986 51 21 bloc
3968 2987 29 20 de

3453 3005 73 22 béton
3539 3007 97 22 imitant
3649 3008 21 21 le
3683 3009 90 24 rocher,
3787 3014 58 21 sera,
3860 3011 14 20 à
3888 3012 96 21 Bon-Se-

3453 3035 74 19 cours,
3543 3032 53 24 près
3611 3033 29 21 de
3656 3034 89 24 Rouen,
3761 3035 21 20 le
3798 3035 128 23 mémorial,
3935 3036 60 25 érigé

3453 3061 32 16 au
3499 3057 35 20 roi
3548 3057 81 22 Albert
3643 3063 43 20 par
3700 3059 22 21 le
3736 3059 85 22 comité
3835 3061 162 25 franco-belge

3453 3081 41 21 des
3514 3082 97 21 anciens
3631 3084 160 22 combattants
3811 3085 30 22 de
3860 3087 90 21 Rouen.

3479 3108 33 19 Ce
3528 3109 138 20 monument
3682 3111 153 24 comportera,
3851 3116 31 16 en
3897 3116 28 17 sa
3940 3116 43 21 par-

3453 3131 32 21 tie
3505 3132 110 25 centrale,
3635 3138 32 16 un
3687 3134 127 22 médaillon
3832 3136 164 25 représentant

3453 3158 22 20 le
3491 3157 35 20 roi
3543 3157 90 25 casqué.
3651 3169 27 5 —
3694 3159 80 25 Belga.

3477 3225 63 29 SUR
3567 3226 37 28 LA
3630 3226 92 30 PISTE
3749 3228 39 28 DE
3817 3228 156 30 ROGISTER

3481 3303 64 21 Nous
3558 3308 98 20 croyons
3668 3305 77 21 savoir
3757 3310 44 20 que
3815 3305 47 22 l'on
3875 3311 26 16 se
3914 3306 81 22 trouve

3456 3332 30 17 en
3501 3332 27 17 ce
3544 3330 107 20 moment
3665 3334 40 17 sur
3720 3330 24 21 la
3760 3331 60 24 piste
3837 3331 29 22 de
3881 3332 115 25 Rogister,

3455 3353 100 21 l'auteur
3569 3354 31 21 du
3615 3355 104 22 meurtre
3733 3356 29 20 de
3777 3356 24 20 la
3815 3361 42 16 rue
3873 3357 41 21 des
3929 3358 54 21 Croi-

3455 3379 68 21 sades
3543 3380 25 21 et
3587 3384 44 20 que
3651 3385 43 17 son
3713 3381 143 22 arrestation
3874 3387 31 16 ne
3924 3383 73 22 serait

3455 3404 53 25 plus
3524 3405 85 24 qu'une
3626 3406 108 24 question
3750 3407 114 22 d'heures.
3880 3418 28 6 —
3924 3408 30 22 G.

3491 3472 134 39 BOURS
3627 3473 22 38 E
3672 3474 51 38 DE
3746 3474 89 39 NEW
3835 3475 127 39 -YORK

3542 3544 92 21 Extrait
3649 3545 30 21 de
3693 3545 24 21 la
3731 3546 52 21 cote
3798 3546 111 21 officielle

3506 3576 164 26 communiqué
3683 3582 43 20 par
3738 3577 107 25 l'Agence
3857 3579 87 21 Reuter

3699 3635 113 21 New-YorK,
3829 3636 21 17 16
3865 3636 110 18 novembre.

3476 3661 85 17 Clôture.
3581 3669 23 5 —
3623 3662 62 18 Allled
3707 3662 104 21 Chemical,
3833 3663 39 19 165;
3894 3664 102 16 American

3454 3682 48 19 Can,
3518 3682 31 17 143
3563 3682 41 20 5/8;
3618 3683 104 17 American
3734 3683 102 21 Radlator,
3850 3684 22 17 20
3885 3685 40 19 5/8;
3939 3685 48 17 Ame-

3454 3703 56 17 rican
3524 3703 94 20 Smeltlng
3633 3704 40 17 and
3687 3704 99 21 Reflning,
3802 3705 20 16 50
3839 3705 39 20 1/2;
3893 3705 104 18 American

3454 3723 110 20 Téléphone
3584 3724 40 17 and
3644 3724 114 21 Telegraph,
3780 3726 31 16 149
3832 3725 40 20 1/2;
3893 3727 103 17 American

3454 3744 134 20 Watcrworks,
3604 3745 21 16 20
3641 3745 40 20 3/4;
3697 3746 107 17 Anaconda
3819 3747 81 20 Copper.
3916 3747 22 17 22
3955 3747 40 20 3/8;

3454 3765 108 17 Atchlnson
3576 3765 79 20 Topelca
3670 3766 12 17 à
3698 3767 62 17 Santa
3775 3766 32 21 Fé,
3823 3768 21 16 53
3859 3768 41 20 3/8;

3475 3785 107 18 Baltimore
3596 3787 39 16 and
3650 3786 55 20 Ohio.
3721 3787 19 17 15
3756 3788 39 19 1/2;
3810 3788 113 18 Bethlehem
3938 3789 57 21 Steel.

3454 3807 21 16 50
3496 3806 39 20 1/2;
3556 3807 100 17 Brazillan
3675 3808 93 17 Traction
3787 3808 59 20 Light
3864 3810 42 17 and
3925 3811 71 19 Power,

3454 3827 10 16 9
3485 3826 40 20 5/8;
3547 3828 103 17 Canadian
3669 3828 81 21 Pacific,
3771 3830 21 16 11
3812 3830 41 20 7/8;
3873 3831 124 21 Checepeake

3454 3850 39 16 and
3507 3848 55 19 Ohlo,
3576 3848 21 16 52
3612 3849 39 18 1/4:
3665 3849 92 20 Chrysler
3769 3851 136 20 Corporation,
3919 3852 22 18 88
3954 3852 41 20 3/4*

3454 3868 54 20 Coty,
3523 3868 10 16 5
3547 3869 40 19 5/8;
3602 3869 30 17 Du
3646 3869 51 18 Pont
3710 3870 24 18 de
3747 3871 99 21 Nemours,
3863 3873 31 17 144
3909 3873 39 21 1/2;

3475 3889 93 18 Eastman
3581 3890 76 20 Kodak,
3671 3891 39 19 170;
3724 3892 85 17 General
3820 3893 89 21 Electric,
3921 3894 22 17 39
3955 3895 40 19 7/8-

3453 3910 84 16 General
3550 3910 79 20 Motors,
3644 3911 21 17 58
3679 3912 40 19 7/8;
3732 3913 81 17 Hudson
3826 3914 81 20 Motors,
3921 3915 21 17 15
3954 3916 42 19 fi/8;

3453 3930 65 19 Hydro
3536 3930 82 18 Electric
3635 3932 111 20 Sécurities,
3764 3934 11 16 4
3793 3934 40 20 5/8;
3851 3935 145 18 International

3453 3951 111 20 Harvester,
3585 3952 21 17 64
3627 3953 39 20 1/4;
3687 3953 55 18 Inter
3761 3954 235 22 Tclephone-Telegrach.

3474 3992 111 17 Kennccott
3610 3994 82 20 Copper.
3717 3995 22 17 27
3765 3996 40 19 7/8;
3833 3997 57 17 Mack
3916 3999 80 19 Trucits.

3452 4012 22 18 24
3488 4013 39 18 7/8;
3542 4013 93 17 National
3648 4015 44 20 City
3704 4016 63 20 Bank,
3781 4017 30 19 32;
3825 4017 107 19 New-York
3946 4020 40 17 Cen-

3454 4033 44 18 tral,
3519 4033 21 16 2a
3561 4034 40 18 3/4;
3623 4035 81 18 Norfolk
3725 4038 40 17 and
3786 4038 93 21 Western,
3902 4040 32 16 19B
3956 4041 39 18 1/2-

3452 4053 98 18 Northern
3572 4055 80 19 Pacific.
3673 4057 22 17 20
3717 4058 40 19 1/2;
3780 4059 121 19 Paramount
3921 4061 74 20 Publlx.

3474 4095 130 20 Pensyivanla
3621 4098 99 21 Raliroad,
3739 4100 22 17 29
3779 4101 39 19 1/2;
3836 4102 67 18 Public
3919 4103 78 19 Servie»

3452 4115 20 16 of
3491 4116 128 22 New-Jersey,
3649 4119 22 17 44
3700 4120 41 19 3/4;
3770 4121 91 18 Pullman
3890 4124 105 20 Company,

3452 4135 21 18 35
3490 4137 39 20 1/5;
3545 4138 49 17 Pure
3609 4139 37 20 Oil,
3663 4140 19 16 11
3698 4141 40 21 7/8;
3754 4142 63 18 Radio
3831 4143 129 21 Corporation
3974 4147 22 15 of

3451 4157 95 21 America,
3563 4159 10 16 9
3589 4159 40 20 3/4;
3646 4161 94 21 Reading,
3758 4162 29 21 37;
3804 4164 62 20 Royal
3879 4165 66 18 Dutch
3960 4167 35 17 Pe-

3452 4198 21 16 12
3488 4182 53 34 1/2™'
3602 4189 8 8 '
3611 4181 30 19 /2:
3661 4183 76 18 Saconï
3756 4184 60 17 Va,:ui
3815 4188 27 14 ™
3860 4186 135 21 Corporation.

3474 4219 98 19 Southern
3591 4222 93 21 Rallway,
3706 4225 20 16 10
3745 4225 40 20 3/8;
3804 4226 63 19 Texas
3885 4228 49 17 Oulf
3951 4230 44 17 Sul-

3452 4238 56 33 R5E'
3525 4241 20 30 i
3538 4242 8 16 1
3564 4241 39 30 VA'*
3620 4243 50 18 Unl0
3672 4253 13 8 **
3701 4244 32 19 °"
3748 4248 21 16 °-
3785 4247 114 21 Calltornla,
3915 4249 22 17 20
3954 4250 40 20 7/8:

3452 4260 65 18 "h'™
3530 4262 80 20 Pacific,
3626 4264 39 20 101;
3680 4265 23 18 V.
3717 4266 19 19 a.
3750 4267 83 21 Rubber,
3848 4269 21 17 14
3882 4270 40 20 3/4;
3938 4271 51 17 US

3451 4281 52 17 Steel
3517 4282 136 22 Corporation,
3668 4286 21 17 50
3703 4287 40 19 3/8;
3758 4288 116 19 Woolworth
3888 4291 106 21 Company,

3696 4328 113 23 New-York,
3827 4332 21 16 16
3863 4333 109 18 novembre.

3472 4351 105 19 Tendance
3594 4353 67 18 ferme.
3677 4363 23 5 —
3716 4356 141 19 Transactions
3875 4362 6 14 :
3899 4360 89 18 1.640.000

3453 4370 158 34 ,!i*.'"-n
3619 4374 14 30 Ç
3635 4374 17 17 14
3654 4376 7 16 '
3663 4378 12 14 11
3676 4379 28 14 "-
3717 4384 23 5 -
3753 4377 92 19 Derniers
3859 4383 57 15 cours
3930 4381 63 17 faits:

3450 4393 74 19 Argent
3545 4397 5 13 :
3571 4394 112 22 Acheteurs,
3704 4397 72 21 Incoté;
3796 4399 26 17 id.
3842 4401 100 20 vendeurs,
3962 4403 32 17 In-

3451 4417 9 12 C
3462 4414 31 29 SL,
3496 4417 5 15 ;
3519 4414 10 16 I
3528 4417 21 26 f.
3546 4418 13 13 n
3552 4423 21 20 .'*
3574 4418 9 14 r
3578 4436 10 7 .
3585 4419 20 13 es
3601 4436 9 7 .
3621 4416 43 18 càbl
3665 4421 20 13 "
3702 4419 113 21 transie"»,
3831 4421 33 17 403
3881 4423 40 19 1/4;
3938 4423 56 18 Parla

3451 4437 9 13 C
3462 4433 24 31 ÎS
3495 4438 16 17 °*
3525 4435 22 29 a?»
3540 4435 21 17 58
3578 4436 40 20 V8;
3636 4438 38 16 Bru
3676 4438 59 18 «Ue»
3751 4440 60 20 câble,
3830 4442 50 20 1690;
3898 4443 96 19 Hollande

3450 4454 54 18 câble
3525 4455 51 21 6791;
3592 4457 66 18 Berlin
3672 4459 60 20 câble,
3748 4461 43 17 4024
3806 4462 40 20 1/2;
3860 4463 58 19 Italie
3932 4449 62 36 câble!

3450 4475 40 20 811;
3507 4476 94 21 Espagne,
3619 4479 48 17 1366.
3932 4473 61 12 -a-"*.

3450 4546 43 50 au
3505 4546 46 50 Mii
3554 4549 14 27 e
3575 4547 100 50 saion
3687 4548 42 51 de
3741 4548 252 57 rAiimeniation

3504 4608 50 16 AUX
3572 4609 83 18 PALAIS
3673 4610 34 17 DU
3724 4611 213 21 CINQUANTENAIRE

3470 4663 121 17 L'attention
3613 4663 34 17 des
3669 4664 107 18 nombreux
3798 4666 92 19 visiteurs
3911 4669 26 17 du
3961 4670 32 18 12e

3448 4683 60 17 Salon
3524 4684 24 17 de
3563 4684 154 18 l'Alimentation
3733 4690 21 13 se
3770 4688 56 18 porte
3841 4690 151 18 naturellement

3447 4708 34 13 sur
3492 4704 17 17 le
3520 4705 60 17 stand
3592 4706 34 17 des
3637 4705 147 20 PAPETERIES
3796 4708 124 19 DELCROIX
3932 4712 19 17 S.
3963 4712 22 17 A.

3448 4725 12 16 à.
3479 4725 89 19 Nivelles,
3589 4727 32 19 qui
3640 4727 84 17 mettent
3744 4732 25 13 en
3788 4731 63 18 vente,
3870 4730 12 17 à
3902 4732 48 18 titre
3968 4723 24 27 dé

3449 4746 141 19 vulgarisation
3609 4747 106 20 populaire,
3735 4749 34 17 des
3787 4750 101 20 pochettes
3907 4752 24 18 de
3949 4752 43 18 leur

3448 4766 94 18 véritable
3561 4768 115 19 parchemin
3696 4768 75 21 végétal
3791 4770 12 17 à
3823 4771 21 18 50
3865 4772 19 19 %
3904 4773 26 17 du
3948 4774 44 19 prix

3447 4787 88 18 coûtant.
3547 4788 26 17 Ce
3585 4789 114 20 parchemin
3711 4791 30 16 est
3752 4794 38 17 pur
3801 4792 20 17 et
3832 4793 76 20 neutre.
3920 4794 62 20 Imper-

3447 4808 75 18 méable
3538 4808 12 18 à
3568 4811 64 16 toutes
3649 4810 27 17 les
3693 4811 93 18 matières
3801 4816 77 16 grasses
3894 4814 20 17 et
3929 4818 25 14 ne
3970 4819 21 13 se

3447 4829 104 20 désagrège
3567 4833 35 17 pas
3619 4830 61 18 mtCme
3697 4832 50 17 dans
3763 4832 51 17 l'eau
3830 4833 81 18 chaude.
3928 4835 18 17 U
3961 4837 31 15 est

3447 4850 51 17 idéal
3512 4854 48 16 pour
3573 4851 121 20 l'emballage
3706 4853 24 17 de
3744 4854 64 17 toutes
3821 4854 28 17 les
3861 4855 81 18 denrées
3954 4856 28 17 ali-

3446 4871 106 17 mentaires
3568 4871 93 21 (beurres,
3675 4874 128 20 margarines,
3816 4875 104 21 Iromages,
3934 4876 46 18 vian-

3446 4892 39 20 des,
3506 4892 94 20 poissons,
3621 4893 139 21 charcuteries,
3781 4896 45 18 etc.)
3849 4900 74 14 comme
3942 4901 49 16 pour

3446 4912 19 17 la
3486 4913 81 20 cuisine,
3588 4913 51 17 ainsi
3660 4918 36 16 que
3716 4915 102 21 l'explique
3836 4920 39 14 une
3895 4917 95 18 brochure

3446 4933 106 17 distribuée
3569 4933 114 21 largement.
3701 4936 45 17 Fait
3763 4936 12 17 à
3792 4938 57 16 noter
3866 4938 54 17 aussi
3939 4943 6 13 :
3962 4939 28 17 les

3446 4953 145 18 PAPETERIES
3610 4955 124 19 DELCROIX
3753 4957 104 19 lanceront
3873 4959 107 20 prochaine-

3445 4975 54 16 ment
3515 4978 34 13 sur
3564 4975 18 17 le
3597 4976 80 17 marché
3693 4981 28 13 un
3735 4979 115 18 parchemin
3865 4979 65 18 étudié
3944 4980 35 19 spé-

3445 4995 104 17 cialement
3568 5000 50 16 pour
3638 4997 80 18 résister
3736 4996 12 19 à
3768 4999 81 18 l'action
3868 5000 68 18 nocive
3956 5001 34 17 dei

3445 5019 71 16 rayons
3529 5016 133 19 ultra-violets
3676 5021 20 15 et
3710 5022 117 16 conservant
3841 5021 49 17 donc
3905 5021 85 18 Intactes

3444 5036 27 16 les
3487 5037 81 16 denrées
3584 5037 140 19 alimentaires.
3920 5042 68 16 (D4911

3471 5073 490 64 PastillesVîcks

3595 5138 119 26 contre
3725 5137 27 28 la
3760 5138 82 27 -toux

3479 5169 36 23 La
3525 5171 107 27 pastille
3640 5171 87 25 Idéale
3736 5179 53 24 que
3796 5179 69 16 vou»
3874 5174 63 22 cher-

3478 5198 80 22 chiez.
3566 5199 151 24 Contenant
3724 5201 49 24 des
3780 5201 166 30 ingrédients

3478 5226 201 26 médicinaux
3697 5229 38 24 de

3460 5268 152 30 dtUtitusts
3626 5278 27 20 et
3666 5274 113 31 efficaces

3798 5270 26 28 *f
3831 5280 31 18 Va
3866 5285 27 14 po
3897 5281 46 17 Run
3974 5284 14 19 x

3284 5343 67 39 De
3365 5342 147 42 Belges
3526 5346 142 39 Dents
3682 5345 222 43 Blanches

3281 5419 124 28 enjolivent
3421 5425 25 19 et
3462 5422 115 23 charment
3594 5425 49 20 tout
3657 5423 22 23 le
3693 5424 93 23 monde.
3800 5425 58 23 Pour
3870 5424 34 24 les

3281 5447 99 28 obtenir,
3390 5448 14 22 il
3415 5448 63 23 suffit
3489 5450 32 21 de
3531 5457 27 15 se
3569 5452 106 26 nettoyer
3684 5450 34 24 les
3729 5451 75 27 dents,
3815 5453 88 27 chaque

3282 5475 69 21 matin
3365 5477 26 20 et
3402 5475 91 28 chaque
3506 5477 52 24 soir,
3568 5483 31 16 au
3609 5483 83 22 moyen
3702 5478 32 22 de
3745 5478 23 22 ta
3778 5479 125 22 délicieuse

3282 5501 56 26 pâte
3357 5501 122 24 dentifrice
3497 5502 176 28 "Chlorodont",
3691 5505 116 27 agréable
3825 5508 25 20 et
3868 5512 25 15 ra-

3282 5526 156 25 fraîchissante
3449 5530 15 22 à
3476 5528 22 24 la
3509 5529 52 23 fois.
3569 5530 65 28 Déjà,
3641 5531 71 28 après
3722 5532 65 22 avoir
3796 5531 107 29 employé

3534 5556 99 24 celle-ci
3663 5558 107 27 pendant
3796 5565 47 22 peu
3871 5558 32 23 de

3533 5586 82 26 temps,
3647 5583 34 24 les
3713 5585 68 22 dents
3814 5584 89 24 brillent

3597 5616 89 17 comme
3699 5611 33 23 de
3750 5611 90 24 l'ivoire.
3916 5621 17 22 g

3532 5635 73 24 Tubes
3611 5637 30 23 Fr.
3645 5637 56 24 4.50
3708 5641 25 19 et
3740 5638 29 23 Fr.
3773 5638 38 22 8.-.
3818 5642 84 20 Fabriqué
3917 5633 16 24 ?

3534 5669 31 14 pu*
3578 5665 83 17 Coutillir
3675 5665 64 18 Frtru
3751 5665 45 18 S.A.
3808 5665 93 17 Bruxtlle*
3916 5668 17 20 *f

3989 5866 15 7 -
