3859 5643
56 183 223 84 LES
317 184 662 98 DERNIERS
1019 213 620 78 MOMENTS

235 292 142 60 DU
427 294 73 61 M
507 297 83 97 "^
589 292 143 105 M
735 309 288 70 CHAL
1065 321 114 63 JO
1187 324 260 61 FFRE

278 413 56 47 LE
365 414 166 50 GRAND
564 422 185 54 SOLDAT
782 433 122 49 S'EST
936 431 163 57 ÉTEINT
1130 444 275 49 LENTEMENT

187 519 112 40 LES
334 514 230 49 ALLIÉS
604 530 242 72 DEJL914
884 542 140 40 AUX
1061 542 439 48 FUNÉRAILLES

155 617 86 38 UN
283 616 323 45 HOMMAGE
643 627 300 48 UNANIME
977 640 79 38 DE
1094 644 444 41 L'ALLEMAGNE

1693 147 18 19 3
1749 146 38 19 La
1808 144 149 20 Dornlûrc
1977 145 102 20 Houro
2120 145 17 19 3

1665 212 87 47 LES
1783 199 397 60 OPÉRATIONS

1714 279 62 48 DU
1800 277 332 51 RECENSEMENT

3497 147 106 14 .r-mm.t
3607 150 23 16 m

146 710 79 24 (Voyrs
245 709 68 19 ûcbut
336 713 57 19 page
416 709 26 24 1.)

75 744 64 22 Paris.
152 742 11 19 S
173 739 92 25 janvier.
276 748 26 4 —
314 739 59 19 C'est
386 739 13 20 k
410 740 12 19 1
435 740 88 24 heures,
535 747 26 15 ce

53 770 64 23 matin
131 760 14 30 À
146 770 9 15 1
153 770 19 15 *
182 770 21 14 *°
212 762 92 21 docteur
314 763 119 21 Fontaine,
444 769 29 16 en
482 768 67 22 comp-

55 797 42 21 tant
118 792 29 20 les
167 786 123 27 pulsations
312 786 27 20 cle
359 791 42 17 »»
423 789 97 22 malade,
536 795 25 16 se

54 818 65 21 -endit
135 814 87 22 compte
242 815 42 19 que
306 810 22 20 la
347 811 36 20 fin
406 812 81 21 n'était
509 815 51 22 plus

53 844 71 22 au'uue
133 837 99 25 question
242 835 27 19 de
281 835 106 20 minutes.
396 836 46 20 Des
451 842 70 19 coups
531 839 29 20 de

53 866 114 24 •é'.épno.ie.
181 862 50 18 tout
246 857 102 24 aussitôt,
364 859 124 22 alertèrent
504 866 56 17 «ux

54 894 34 20 des
103 886 104 23 familiers
224 885 23 18 et
263 883 40 19 des
320 883 58 20 amis
395 884 39 23 qui
451 885 108 21 n'étalent

54 923 12 19 p
75 940 18 20 a
105 937 11 20 1
128 936 21 19 h.
162 933 31 22 30,
204 931 57 21 dans
274 930 22 20 la
311 931 86 23 grande
408 932 109 22 chambre
532 934 28 20 de

54 967 20 19 la
83 960 96 23 c'inlque.
189 958 82 18 autour
283 955 28 20 de
322 956 62 20 Mme
397 957 22 19 la
431 957 130 22 maréchale

54 987 72 23 Joffre.
137 983 47 21 tout
198 979 86 21 abîmée
296 979 28 21 de
340 979 95 21 douleur
449 982 24 18 et
486 983 38 21 qui
536 987 24 15 se

54 1010 65 22 tenait
133 1007 54 20 dans
204 1009 31 15 un
253 1003 104 23 fauteuil,
373 1004 53 24 près
443 1005 30 20 du
489 1006 27 19 lit
533 1006 28 20 de

55 1040 35 16 <«n
102 1031 61 23 mari,
176 1028 85 21 étaient
274 1028 77 19 reunis
365 1028 22 20 le
402 1028 84 24 gendre
503 1030 23 20 et
539 1030 22 20 la

55 1056 105 25 hel'e-ftlle
172 1054 29 19 du
213 1051 122 21 maréchal.
349 1052 32 20 M.
392 1055 24 17 et
430 1053 63 20 Mme
505 1053 55 21 Laf-

54 1075 41 30 fiji
120 1084 47 16 tous
186 1078 31 19 les
237 1075 100 20 officiers
353 1076 30 20 de
403 1076 159 25 l'état-major,

56 1107 61 22 arant
133 1108 13 16 a
162 1103 46 19 leur
224 1099 46 21 tête
289 1100 21 19 le
329 1100 88 20 colonel
434 1101 128 23 Desmazcs.

55 1131 74 23 debout
153 1126 54 20 dans
222 1127 30 17 un
265 1123 51 21 coin
331 1124 28 20 de
374 1124 23 20 la
409 1123 69 24 pièce,
492 1127 24 18 et
530 1126 32 20 les

56 1161 30 16 e-o
86 1156 5 11 1
93 1161 10 11 ?
121 1149 109 24 médecins
248 1147 46 24 qui.
315 1147 21 20 le
356 1148 52 23 plus
425 1148 124 22 habituelle-

55 1180 54 21 ment
134 1172 119 24 donnaient
274 1172 61 19 leurs
355 1172 62 20 soins
438 1177 30 16 au
485 1174 64 20 maré-

55 1204 46 22 chal
118 1205 7 16 t
141 1200 20 20 le
174 1196 125 26 professeur
316 1195 100 23 Leriche,
431 1196 20 20 le
469 1197 94 21 docteur

56 1226 104 25 Fontaine,
171 1224 19 19 le
203 1221 93 20 docteur
307 1219 90 21 Boulin.

48 4559 7 6 •

153 2198 32 21 Lii
199 2194 159 22 MARECHAL
373 2193 112 20 JOFFRE

83 2237 40 18 Irrs
134 2234 26 20 de
173 2238 25 15 sa
213 2230 100 21 dernière
326 2229 65 21 Tisite
408 2235 30 14 en
453 2229 115 24 Belgique,

200 2262 28 14 cn
242 2255 120 21 novembre
379 2254 56 19 1925.

95 2311 17 18 A
123 2310 11 19 8
146 2309 81 19 heures.
240 2306 19 19 le
272 2306 27 19 R.
312 2305 25 19 P.
348 2304 132 22 Beliesœur.
494 2304 81 20 aumA-

72 2335 43 19 niî.-
124 2333 25 20 de
161 2332 21 20 la
194 2329 99 24 clinique,
303 2327 80 26 appelé
396 2333 30 15 en
437 2329 64 20 toute
515 2328 61 22 hâte.

72 2359 42 19 t;'*i
125 2356 56 20 rent
193 2355 83 20 donner
289 2357 44 16 une
344 2352 103 20 dernière
462 2352 44 20 fois
519 2352 56 19 i'ab-

72 2381 87 21 toluton
171 2384 26 15 su
208 2377 122 22 maréchal:
344 2376 16 21 11
370 2380 25 16 sa
406 2376 45 21 mit
462 2376 89 20 ensuite
561 2375 16 20 k

74 2409 76 20 gjnoux
161 2407 27 17 c:.
198 2403 138 20 doucement,
344 2404 119 16 murmura
473 2400 33 20 les
517 2399 48 23 priè-

74 2434 32 16 res
116 2429 34 20 dts
164 2429 131 22 a2on'esan:s.

96 2454 28 20 Li
133 2453 33 20 î°n
175 2452 46 19 vint
232 2451 69 19 douce
311 2449 23 20 et
345 2449 62 20 lente
420 2449 12 20 à
444 2449 13 19 8
466 2448 23 20 h.
501 2448 32 20 23.
546 2449 31 19 Le

75 2478 113 24 profESseur
205 2474 89 21 Lsr.che
308 2473 74 20 tenait
399 2473 58 21 dans
472 2477 25 15 sa
514 2472 64 20 mesin

76 2507 27 15 un
111 2505 35 16 ces
157 2499 97 24 pointer
266 2498 29 20 du
305 2497 117 20 maréchal
432 2498 24 19 et
467 2496 113 23 comptait

76 2526 28 20 les
115 2523 120 26 pulsations,
247 2522 19 20 n
278 2522 84 20 sentait
375 2525 43 19 que
430 2521 21 20 le
464 2524 64 16 cœur
539 2524 39 16 ac-

75 2549 80 21 cîlérait
175 2552 34 16 sts
226 2545 146 22 battements:
398 2545 30 22 et.
451 2545 51 20 tout
524 2544 55 20 d'un

76 2578 55 19 coup,
140 2572 47 24 plus
198 2571 70 20 rien...
283 2575 25 15 ce
319 2569 81 20 n'était
411 2574 42 19 pas
466 2573 45 16 une
523 2572 42 18 syn-

76 2602 55 19 copé?:
143 2595 70 22 c'était
225 2596 21 19 la
257 2595 66 20 mort.

98 2627 100 23 Quelque;
210 2625 96 20 instants
320 2624 50 24 plus
384 2623 59 21 tard,
457 2623 15 20 à
484 2623 13 20 8
509 2622 23 21 h.
547 2623 32 21 50,

78 2653 26 19 M.
118 2650 108 21 Théodore
242 2650 72 22 S:eej.
332 2647 118 25 président
469 2647 30 21 du
517 2647 62 20 Con-

80 2675 38 21 stii.
130 2674 35 24 qui
179 2673 117 25 paraissait
312 2672 46 20 très
375 2671 93 22 affecté,
485 2670 96 21 arrivait

81 2704 45 19 pour
133 2698 109 24 présenter
251 2702 36 16 ses
298 2696 164 21 condoléances
473 2695 14 20 à
499 2696 22 19 la
529 2699 38 16 ma-

81 2723 83 21 réchale:
186 2722 16 20 il
213 2722 83 20 voulait
309 2721 47 20 être
367 2719 113 21 introduit
492 2719 22 20 le
527 2724 41 18 pre-

81 2748 45 19 mier
143 2747 54 20 dans
213 2746 23 20 la
254 2744 106 22 chambre
379 2743 125 21 mortuaire
523 2747 58 19 pour

81 2772 62 19 salcér
157 2771 20 20 lo
191 2775 62 18 corps
267 2770 27 19 de
312 2769 102 20 l'illustre
431 2768 82 20 soldat.

100 2796 26 19 Le
137 2795 69 23 vlsaje
222 2795 30 19 du
267 2792 122 22 maréchal,
401 2792 59 21 dans
475 2791 22 21 la
514 2792 67 20 mort,

82 2824 12 15 a
103 2819 94 20 recouvré
208 2823 43 15 une
262 2818 73 23 partie
347 2817 28 20 de
386 2821 28 16 sa
424 2815 100 21 sérénité
537 2816 33 20 ha-

80 2843 87 22 bituelle:
182 2843 17 20 il
214 2843 33 20 est
264 2843 50 20 tout
332 2841 68 20 blanc
417 2845 40 16 sur
471 2840 110 20 l'oreiller,

82 2872 44 15 avec
140 2868 26 20 de
180 2867 117 24 profondes
310 2866 59 20 rides
386 2865 38 24 qui
439 2865 96 20 cernent
541 2867 41 17 -les

82 2892 58 22 joues.
149 2891 26 15 *—
183 2892 81 19 Havas.

136 2928 33 19 LE
179 2927 125 20 DERNIER
316 2925 204 24 COMMUNIQUE

101 2964 66 20 Paris.
182 2964 11 19 3
207 2963 89 24 janvier.
313 2973 27 4 —
356 2963 43 20 Les
415 2962 83 20 abords
515 2961 28 20 de
560 2961 23 20 la

79 2987 88 24 clinique
182 2988 36 20 des
236 2987 75 20 Frères
331 2986 251 21 Saint-Jean-de-Dleu

81 3012 141 23 présentaient
236 3016 25 15 co
277 3012 73 20 matin
366 3015 45 19 p?u
427 3010 157 20 d'animation.

80 3037 33 19 On
127 3041 14 14 a
157 3040 27 15 vu
200 3035 80 21 arriver
296 3035 189 21 successivement
503 3035 22 19 le
543 3034 27 22 gé-

78 3060 58 21 néral
144 3060 91 20 Pettelat
245 3061 22 19 et
277 3060 20 20 le
306 3060 129 23 professeur
445 3058 139 21 Jean-Louis

81 3084 71 20 Faiire.
165 3084 39 21 Les
218 3084 142 24 journalistes
377 3083 146 21 attendaient
540 3086 32 16 an-

81 3108 126 21 xieusement
222 3108 30 20 les
267 3107 113 21 demitôres
397 3107 115 21 nouvelles

104 3132 50 20 Vers
167 3133 12 19 8
192 3132 22 20 h.
226 3132 31 21 45.
271 3136 29 17 on
316 3132 128 24 apercevait
459 3132 22 19 le
497 3130 88 21 colonel

82 3156 114 23 Desni2ze3,
206 3161 30 16 un
247 3157 77 23 papier
335 3156 15 20 à
361 3157 24 20 la
394 3156 73 22 main;
482 3155 16 20 il
511 3159 24 16 se
549 3155 24 19 di-

82 3180 72 23 rigeait
165 3185 47 17 vers
225 3181 21 20 la
259 3181 78 20 cabine
350 3180 160 24 téléphonique
523 3179 28 20 de
562 3178 24 20 ïa

82 3204 95 24 clinique;
194 3205 15 20 il
223 3204 54 21 était
292 3205 57 20 suivi
366 3204 14 21 à
395 3209 45 18 peu
453 3203 30 21 tie
496 3203 76 20 distan-

82 3231 23 16 ce
119 3233 38 18 par
172 3230 19 19 le
205 3229 87 22 général
305 3229 72 24 Issaly
394 3230 23 19 et
434 3228 20 20 le
471 3227 115 24 capitaine

82 3256 25 15 ce
121 3253 156 20 Saint-Semin.

105 3276 85 21 Bientôt
201 3277 19 21 le
230 3276 112 25 capitaine
353 3276 83 22 sortait
447 3281 40 15 sur
498 3276 23 20 la
533 3280 41 19 por-

83 3301 20 19 te
118 3300 24 20 de
155 3301 21 19 la
192 3301 92 24 clinique
299 3303 25 19 et
341 3301 98 21 donnait
456 3301 85 20 lecture
556 3300 30 20 du

83 3324 80 20 dernier
176 3325 158 24 communiqué,
351 3326 60 20 ainsi
428 3324 75 21 libellé
523 3328 7 16 :

106 3348 11 19 3
131 3348 81 24 janvier
227 3349 54 21 1931.
295 3360 26 5 —
336 3351 30 20 Le
379 3349 117 21 maréchal
512 3348 75 20 Joffre

83 3374 32 18 est
126 3374 55 19 mort
192 3373 13 20 à
217 3374 13 19 8
240 3374 22 19 h.
272 3374 32 20 23.

109 3397 31 19 (s.*
153 3397 134 21 Professeurs
300 3398 100 23 Leriche.
411 3398 81 20 Faure.
507 3396 82 22 Labbe,

210 3422 106 20 Docteurs
334 3422 120 21 Fontaine.
473 3420 89 21 Boulin.

107 3450 18 19 A
140 3450 12 20 7
167 3451 21 19 h.
205 3452 30 21 59.
248 3452 21 21 le
283 3452 86 20 colonel
387 3453 122 19 Desmazes
526 3450 63 20 avait

84 3472 39 22 fait
134 3474 20 20 la
165 3475 132 21 déclaration
305 3476 105 21 suivante
422 3477 13 19 à
444 3476 24 19 la
477 3478 77 21 presse
568 3478 7 16 :

107 3497 19 20 li
140 3499 34 23 n'y
189 3503 54 16 aura
257 3504 42 20 pas
316 3500 28 20 de
358 3498 159 24 communiqué
532 3502 58 20 pour

85 3520 98 25 l'instant,
198 3523 60 21 l'état
273 3524 30 22 du
320 3524 117 20 maréchal
453 3523 66 20 étant
535 3527 42 19 par-

86 3544 149 24 ticulièrement
246 3552 72 20 grave.
330 3549 30 20 Le
372 3548 65 24 pouls
449 3548 35 19 est
497 3551 14 15 a
523 3550 67 19 peme

86 3570 85 20 sensible
185 3573 22 19 et
221 3571 44 21 l'on
280 3577 29 16 ne
323 3572 87 24 perçoit
422 3576 44 19 que
482 3570 95 21 difficile-

86 3594 57 20 ment
153 3594 30 21 les
193 3595 135 21 battements
341 3597 28 20 de
380 3596 90 20 l'artère
483 3595 107 20 carotide.

88 3615 53 22 Pour
152 3618 103 24 l'instant,
269 3620 16 20 il
299 3621 38 23 n'y
353 3625 15 15 a
380 3619 51 25 plus
447 3619 28 20 de
488 3618 102 21 réaction

89 3642 124 21 musculaire.
228 3654 26 4 —
267 3645 83 19 Havas.

210 3686 84 21 PARIS
311 3687 39 20 EN
366 3687 91 20 DEtm.

111 3719 61 26 Paris,
188 3722 12 20 3
217 3723 93 24 janvier.
326 3734 27 5 —
367 3725 21 19 A
404 3724 25 20 la
446 3722 104 21 nouvelle
567 3722 28 20 de

90 3743 20 22 1»
120 3748 54 20 mort
183 3748 30 20 du
226 3748 114 21 maréchal
353 3749 83 22 Joffre,
448 3749 34 19 M.
496 3748 29 20 de
539 3748 58 20 Cas-

91 3769 76 22 tellane.
183 3772 112 24 président
314 3774 30 21 du
363 3773 84 21 conseil
465 3772 131 21 munlcloa".

90 3795 21 21 et
119 3795 28 21 M.
156 3797 93 24 Renard,
258 3798 75 25 préfet
345 3799 28 21 de
385 3799 23 20 la
421 3798 74 23 Seine,
507 3803 25 15 se
544 3798 54 21 sont

78 3834 4 3 .
89 3819 73 22 rendus
179 3822 78 24 auprès
277 3824 28 20 tie
325 3823 24 21 la
369 3823 131 20 maréchale
517 3822 76 20 Joifre

89 3845 49 20 Pour
148 3844 31 21 lui
190 3847 109 24 exprimer
311 3847 34 21 les
356 3847 138 21 sentiments
508 3846 28 20 de
550 3845 47 21 très

91 3866 132 26 douloureuse
245 3872 129 24 sympathie
399 3873 28 20 de
449 3873 24 19 la
493 3870 53 21 vllle
568 3872 29 18 ae

89 3890 62 25 Paris.

112 3922 28 22 I*
152 3925 94 25 drapeau
261 3929 38 23 qui
313 3928 90 21 flottait
415 3933 41 16 sur
469 3927 22 20 le
504 3930 94 20 compa-

89 3947 41 36 Jfle
146 3950 27 21 de
191 3951 75 22 l'hôtel
286 3953 29 21 de
334 3953 53 21 ville
408 3957 16 16 a
444 3951 37 22 été
502 3953 45 19 mis
567 3955 30 16 en

89 3976 68 31 jerne,
166 3976 55 22 ainsi
232 3982 42 19 que
285 3979 32 20 les
328 3979 116 23 drapeaux
455 3978 41 20 des
507 3977 93 19 mairies

89 3997 36 22 des
141 3999 59 26 vingt
218 4003 203 20 arrondissements
440 4002 29 21 de
489 4001 65 21 i'arls
574 4001 24 20 et

89 4024 50 20 ceux
152 4025 36 22 des
200 4028 144 21 monuments
357 4028 105 21 officiels.
474 4037 27 5 —
515 4027 83 19 Havas.

149 4061 34 22 LE
199 4063 91 22 SALUT
306 4066 42 20 DU
364 4064 167 21 PRESIDENT

190 4094 37 20 DE
242 4096 36 18 LA
295 4095 189 24 REPUBLIQUE

111 4127 66 26 Paris,
189 4130 13 20 3
214 4131 93 24 janvier.
320 4143 27 5 —
359 4133 32 20 Le
404 4131 118 26 président
536 4132 28 19 de
577 4131 23 20 la

88 4151 128 28 République
239 4157 55 21 s'est
318 4158 75 20 rendu
419 4162 26 16 ce
473 4156 83 23 matin,
584 4155 15 19 k

89 4175 22 21 10
127 4177 81 27 heures,
224 4180 15 21 à
253 4182 23 21 la
292 4182 90 21 maison
400 4182 29 21 de
444 4181 67 21 santé
530 4181 28 20 de
576 4179 23 20 la

88 4204 37 18 rue
145 4204 96 24 Oudlnot
262 4211 58 20 pour
341 4208 77 20 saluer
440 4206 25 21 la
488 4204 111 26 dépouille

89 4228 93 21 mortelle
194 4230 29 22 du
235 4232 115 21 maréchal
362 4232 76 21 Joffre
450 4232 25 20 et
488 4230 113 25 exprimer

88 4255 33 17 ses
132 4254 154 24 condoléances
296 4257 154 24 personnelles
463 4257 14 19 à
490 4256 23 20 la
524 4254 64 21 maré-

89 4275 65 24 chales.

111 4318 12 14 «
140 4313 68 24 PLUS
228 4318 102 21 GRAND
350 4318 119 22 ENCORE
489 4317 87 21 MORT

230 4349 59 24 QUE
303 4350 111 21 VIVANT
428 4356 12 13 >.

66 4402 6 5 •
88 4403 21 11 j.
110 4379 59 24 Parta
170 4398 6 9 '
192 4384 13 20 3
222 4385 93 24 Janvier.
329 4396 28 6 —
372 4387 32 20 Le
421 4385 103 21 cardinal
543 4385 45 20 Ver-

88 4405 49 25 dier,
153 4409 133 26 archevêque
300 4411 29 22 de
344 4411 72 24 Paris,
431 4411 36 20 est
483 4410 118 23 Introduit,

88 4432 14 17 t
114 4430 22 21 U
148 4432 83 26 heures,
245 4437 57 20 dans
313 4436 24 20 la
348 4436 109 20 chambre
470 4437 131 19 mortuaire.

110 4457 86 22 Durant
215 4460 63 21 toute
297 4460 24 21 la
340 4460 108 23 matinée,
467 4463 44 17 une
532 4459 69 24 foule,

89 4482 49 19 '"ns
150 4486 58 19 cesse
220 4489 80 17 accrue
313 4486 25 20 et
352 4485 103 24 toujours
469 4485 46 21 très
530 4487 72 20 émue,

89 4507 15 16 u
109 4509 14 16 a
137 4508 57 21 cessé
208 4508 28 21 de
249 4509 128 22 stationner
394 4515 40 15 sur
450 4510 33 21 les
498 4509 104 21 trottoirs

90 4529 25 20 de
128 4531 22 20 la
160 4536 39 17 rue
212 4534 107 25 Oudlnot,
333 4534 86 21 devant
433 4534 33 21 les
482 4534 76 20 portes
573 4534 28 19 de

91 4552 21 21 la
123 4555 97 26 clinique.

110 4578 29 22 Le
158 4583 99 21 carcUnal
280 4584 99 23 Verdier,
401 4587 29 17 en
454 4584 102 23 quittant
578 4584 24 19 la

91 4603 93 35 53™iue,
199 4612 15 16 a
229 4608 88 21 déclaré
334 4613 6 16 :
360 4616 10 10 «
385 4609 31 20 Le
434 4608 116 21 maréchal
568 4607 34 20 est

92 4631 41 18 >*«
147 4633 69 21 grand
233 4634 57 21 dans
306 4634 24 20 la
346 4633 67 21 mort.
430 4633 21 21 Il
467 4636 80 20 repose
563 4636 41 16 sur

92 4655 35 31 jen
144 4655 26 21 Ht
186 4656 53 23 vêtu
256 4658 67 21 d'une
342 4658 99 21 chemise
460 4657 105 23 blanche,
581 4656 22 21 le

93 4678 55 22 Wste
162 4680 57 23 haut
231 4691 18 12 •.
262 4693 27 5 —
303 4682 83 21 Havas.

124 4715 121 24 L'ORDRE
260 4719 41 20 DU
313 4719 78 20 JOUR
405 4720 19 19 A
438 4719 126 20 L'ARMEE

115 4748 66 28 Paris,
195 4754 13 19 3
225 4753 95 24 janvier.
335 4763 27 5 —
377 4755 20 19 A
409 4755 75 20 l'issue
501 4756 30 19 du
548 4759 43 16 con-

93 4774 35 20 seil
148 4777 26 20 de
193 4779 103 23 Cabinet,
314 4778 31 20 M.
367 4779 110 22 Barthou,
499 4779 104 20 ministre

94 4798 24 21 tt
130 4799 21 21 la
165 4802 93 24 Guerre,
270 4807 16 16 a
302 4802 76 21 donné
396 4804 162 20 connaissance
576 4804 28 20 de

95 4822 6 18 1
106 4824 60 22 ordre
198 4828 31 20 du
261 4827 53 24 jour
330 4827 92 24 général
433 4828 100 23 suivant,
551 4828 54 24 qu'il

94 4846 83 25 adresse
196 4851 15 20 à
223 4852 92 20 l'armée
340 4856 5 16 :

118 4879 9 9 ■
141 4873 29 21 Le
181 4876 102 21 ministre
295 4877 29 20 de
338 4876 23 20 la
376 4876 88 21 Guerre
476 4878 65 23 porte
555 4877 15 20 à
582 4877 23 20 la

96 4898 153 23 connaissance
272 4901 29 20 de
314 4900 91 21 l'armée
425 4900 22 21 le
471 4901 60 21 deuil
567 4902 39 24 qui

95 4922 57 20 v«nt
167 4923 28 22 de
212 4924 22 21 la
252 4925 94 25 frapper
372 4929 7 16 :
407 4924 22 22 le
446 4925 116 21 maréchal
578 4927 28 19 de

94 4944 81 31 Jrance
204 4949 74 21 Joffre
311 4951 36 20 est
380 4950 61 20 mort
460 4949 16 20 à
496 4950 56 23 Pris,
585 4951 21 20 le

95 4969 11 23 ?
117 4970 85 22 Janvier
215 4973 55 21 1931.

115 4992 30 22 le
156 4996 114 23 maréchal
287 4999 75 21 Joffre
379 5003 15 16 a
406 4998 70 21 sauvé
493 4999 22 20 la
532 4999 71 20 Fran-

95 5018 70 21 cesur
180 5021 23 20 la
218 5022 87 22 Marne.
318 5023 21 21 Il
351 5029 15 15 a
380 5023 59 21 brisé
454 5024 52 20 tous
521 5022 33 21 les
569 5024 25 19 ef-

96 5042 54 20 forts
166 5044 26 21 de
205 5046 111 22 l'ennemi.
336 5049 32 20 Sa
386 5048 63 21 force
469 5047 80 23 d'ime,
566 5052 42 16 son

96 5066 147 27 mdpmptable
263 5071 96 25 énergie,
379 5077 37 16 ses
435 5072 96 21 services
552 5076 43 16 con-

96 5091 58 21 tinus
171 5094 40 20 ont
223 5096 73 21 rendu
314 5097 96 24 possible
428 5097 24 20 ia
468 5096 93 21 victoire
576 5097 20 19 fi-

96 5113 55 22 nale.

117 5137 30 22 **
161 5142 101 23 ministre
276 5145 28 21 de
318 5146 24 20 la
355 5146 87 22 Guerre
457 5146 96 23 prescrit
565 5149 42 19 ejue

96 5165 55 18 cette
163 5168 59 20 mort
233 5173 51 16 sera
298 5170 170 24 communiquée
484 5174 45 17 aux
544 5174 64 16 irou-

59 5198 4 27 |
97 5188 36 20 Pes
144 5192 40 20 par
197 5191 22 20 la
232 5193 48 22 vole
293 5195 28 21 de
335 5194 87 21 l'ordre.
435 5203 9 9 »
461 5205 25 5 —
501 5195 83 20 Havas.

149 5223 196 28 FUNERAILLES
365 5230 184 22 NATIONALES

59 5270 5 24 I
96 5286 21 8 _
118 5258 18 20 P
136 5264 14 30 î
150 5261 29 20 rto
179 5277 6 8 -
202 5263 12 20 3
230 5265 93 23 Janvieer.
341 5277 26 6 —
385 5269 19 19 A
422 5268 23 20 la
461 5268 59 21 suite
538 5268 28 20 dc
586 5268 22 20 la

61 5298 14 6 -
97 5286 55 19 mort
165 5287 28 20 du
207 5290 112 22 maréchal
331 5292 82 24 Joffre,
425 5293 32 20 M.
470 5293 74 24 Steeg,
557 5291 52 25 pré-

72 5318 9 3 "
95 5310 71 34 ÏSS"
182 5312 31 22 du
230 5314 95 25 Conseil,
343 5321 15 16 a
376 5316 65 22 réuni
459 5317 97 21 aussitôt
572 5322 37 16 ses

95 5335 105 21 «menées
216 5343 29 15 en
261 5341 83 20 conseil
361 5340 28 21 de
402 5342 98 22 cabinet

590 718 104 40 l'i^mm.
738 727 16 31 S
756 724 19 19 cl
777 729 11 29 ?
790 730 11 14 r
835 726 21 20 ,c
887 733 176 20 gouvernement
1095 735 16 19 à

590 741 6 19 1
604 742 120 27 hommage
738 748 28 20 de
780 749 23 21 la
817 751 85 22 France
918 758 78 18 envers
1011 758 20 19 ie
1045 759 52 20 vain-

589 771 70 19 queur
675 771 28 20 de
719 772 21 20 la
757 773 80 23 Marne
851 777 56 21 dont
924 779 22 20 la
963 781 107 23 modestie
1087 785 24 19 et

597 796 15 17 a
626 794 91 23 loyauté
728 798 86 25 civique
829 804 41 18 ont
882 808 66 16 accru
963 805 111 23 l'autorité
1088 811 23 18 ct

590 817 21 20 la
628 820 133 25 popularité,
777 827 21 18 le
812 830 176 21 gouvernement
1003 835 15 16 a
1034 833 76 21 déridé

602 848 29 15 "
644 845 40 21 dc3
697 847 108 25 obsèques
815 852 127 22 nationales
954 856 99 21 seraient
1065 857 45 22 fai.

590 868 172 43 l"*
763 874 30 19 ta
794 875 7 19 '
818 876 74 35 Joffre
908 878 56 21 datés
981 880 32 21 les
1027 882 84 21 mêmes

590 895 127 21 conditions
731 902 43 20 que
788 904 56 19 pour
858 901 20 21 le
891 904 115 22 maréchal
1020 907 60 20 Pncn

590 921 66 36 ,?y.y
666 925 16 32 1
698 925 13 16 °
720 927 11 15 s
733 937 4 7 '
759 924 61 20 Mme
842 925 22 21 ,a
885 928 127 23 """•'Schale
1031 932 80 21 Joffre.

590 948 105 36 ™f,i.S?
715 952 41 19 p:ls
773 953 57 31 r.l»
831 955 10 14 5
842 955 25 16 "
886 952 33 20 '"
936 954 91 25 troupes
1045 960 24 17 ot
1089 958 21 19 la

600 997 12 11 n
613 970 63 38 mï,s,
692 976 14 32 ?
705 976 17 16 n
734 976 8 21 '
741 976 15 17 M
755 985 10 9 *
763 972 33 22 rte
795 974 21 34 ï
816 979 34 17 nn
849 979 13 18 e
876 980 43 18 ******
934 978 100 25 rigueurs
1048 982 27 21 de
1089 983 22 19 la

590 994 159 26 température,
765 1003 13 15 a
795 1000 111 22 demandé
922 1007 41 19 que
980 1004 21 21 le
1017 1007 94 20 rercucll

590 1023 29 16 ne
633 1021 45 19 soit
690 1025 42 19 pas
747 1024 81 23 exposé
841 1030 52 17 sous
908 1027 58 22 l'Arc
980 1030 27 20 de
1022 1031 76 21 Triom-

590 1043 50 23 phe.
656 1045 61 22 Tout
734 1052 29 15 en
779 1049 131 23 s'inellnant
928 1053 82 22 devant
1029 1060 24 17 ce
1071 1056 28 20 dé-

590 1073 38 17 sir,
655 1071 21 19 le
703 1075 176 21 gouvernement
905 1081 14 16 a
944 1078 77 22 rt'e-iejé
1047 1085 29 15 eu
1084 1085 29 16 au

590 1096 102 19 moment
707 1097 30 20 du
751 1098 117 25 transport
882 1102 27 20 dc
923 1102 80 22 l'Ecole
1018 1105 83 21 Militai-

590 1123 24 15 re
627 1124 15 15 a
656 1120 8 20 1
671 1121 68 23 église
750 1123 161 25 Notre-Dame,
925 1127 20 20 le
957 1132 65 20 corps
1036 1134 76 19 passe-

591 1145 45 21 nu
648 1149 53 16 sens
716 1147 58 21 l'Arc
790 1149 28 21 de
834 1150 121 25 Triomphe
970 1154 24 19 ct
1008 1154 92 21 s'arrête-

592 1170 45 20 rait
651 1170 85 22 devant
749 1173 21 20 le
784 1174 79 22 Soldat
876 1176 109 22 Inconnu.

615 1194 31 20 Le
665 1196 115 22 maréchal
798 1199 75 21 Joffre
890 1205 51 16 sera
958 1203 81 23 exposé
1056 1203 57 20 dans

592 1220 22 19 la
630 1220 102 24 chapelle
748 1223 28 20 de
793 1224 80 21 l'Ecole
889 1226 107 22 Militaire
1013 1228 63 20 ''indi
1091 1232 23 17 et

592 1245 74 20 mardi
683 1246 28 20 de
729 1247 13 19 9
758 1247 81 23 heures
856 1249 30 22 du
904 1251 73 21 matin
994 1252 14 21 k
1026 1252 12 20 9
1057 1253 44 20 heu-

592 1274 36 15 res
639 1270 30 20 du
680 1271 52 21 soir.
745 1272 42 21 Les
797 1273 108 25 obsèques
916 1277 79 19 seront,
1017 1277 98 22 élébrées

595 1296 19 18 le
626 1297 111 20 mercredi
747 1297 20 22 7.
778 1298 14 20 à
805 1299 12 19 9
829 1299 87 22 heures.

617 1319 31 20 Le
667 1320 69 22 défilé
756 1323 39 20 des
815 1324 91 24 troupes
925 1327 24 19 et
967 1326 39 21 des
1023 1329 92 18 anciens

593 1344 154 23 combattants
768 1352 56 16 aura
846 1349 43 20 lleu
906 1349 85 23 devant
1009 1350 23 21 la
1051 1351 63 24 grille

593 1369 39 20 des
659 1370 119 22 Invalides.
804 1373 37 19 Un
866 1374 48 20 seul
939 1375 100 21 discours
1064 1381 51 16 sera

594 1396 113 20 prononcé
728 1401 5 15 :
751 1397 31 20 M.
798 1397 111 23 Barthou.
926 1400 103 21 ministre
1048 1402 26 20 de
1093 1402 23 20 la

594 1419 93 23 Guerre,
707 1422 99 22 prendra
826 1422 22 20 la
869 1424 76 23 parole
964 1429 29 16 au
1013 1430 53 15 nom
1085 1426 31 20 du

594 1448 176 19 gouvernement
792 1448 24 19 et
839 1448 27 19 de
889 1448 134 22 l'Académie
1043 1450 61 20 Fran-

594 1470 66 23 çaise.
674 1481 26 4 —
715 1471 84 21 Havas.

706 1508 52 20 LES
775 1508 231 22 CONDOLEANCES

649 1538 40 20 DU
707 1538 244 22 GOUVERNEMENT
967 1541 96 21 BELGE

621 1568 32 20 M.
680 1568 110 24 Hymans.
817 1570 104 21 ministre
950 1572 40 20 des
1020 1573 100 20 Affaires

596 1592 137 24 étrangères,
745 1599 14 15 a
773 1594 90 21 adressé
876 1595 15 21 à
904 1597 175 21 l'ambassadeur
1092 1599 29 20 de

596 1618 107 23 Belgique
719 1618 14 20 k
761 1619 71 22 Paris,
860 1620 71 21 baron
962 1622 27 20 de
1020 1623 100 20 Gaiffier

596 1643 126 23 d'Hestroy,
739 1643 22 21 le
779 1644 146 23 télégramme
942 1646 92 22 suivant
1055 1651 7 16 :

624 1675 9 8 »
648 1667 33 20 La
695 1669 62 19 mort
769 1669 30 21 du
815 1669 115 22 maréchal
945 1671 75 21 Joffre
1035 1672 85 21 affecte

599 1701 9 8 •.
623 1693 177 23 profondément
813 1694 23 20 la
849 1696 87 19 nation.

623 1724 10 10 ■
648 1718 62 20 Nous
724 1723 59 16 nous
799 1719 127 24 rappelons,
943 1725 54 16 avec
1015 1721 105 21 émotion.

599 1750 8 9 ?
623 1742 33 21 les
676 1744 151 23 magnifioues
848 1745 95 21 services
961 1750 44 20 que
1024 1751 25 16 ce
1068 1747 53 20 chef

599 1775 9 8 »
624 1767 87 21 Illustre
732 1768 76 21 rendit
826 1769 15 20 à
860 1769 23 21 la
904 1775 67 16 cause
991 1770 40 22 des
1052 1771 70 24 alliés,

600 1799 8 11 ■
624 1792 58 21 dans
697 1793 22 20 la
736 1793 111 23 première
864 1795 71 23 phase
953 1796 28 19 de
998 1796 22 20 la
1036 1801 85 17 .Tuerrc.

599 1825 9 8 -
624 1817 47 20 Son
688 1822 55 16 nom
751 1818 131 21 demeurera
895 1820 93 21 attaché
1004 1820 15 20 à
1032 1821 23 20 la
1073 1821 49 24 glo-

601 1851 8 8 ?
625 1842 73 21 rieuse
711 1843 93 21 bataille
817 1844 28 20 de
859 1845 22 20 la
892 1845 88 23 Marne,
993 1846 38 23 qui
1043 1851 15 15 a
1070 1851 52 19 pre-

601 1875 8 8 ■■
625 1867 55 24 paré
694 1868 23 20 la
731 1868 93 21 victoire
838 1869 78 20 finale.

626 1901 9 8 ?
650 1892 31 21 Lc
696 1895 177 20 gouvernement
887 1893 63 25 belge
964 1900 55 16 vous
1033 1895 48 24 prie
1095 1897 27 20 de

602 1925 9 8 •
627 1917 117 24 présenter
766 1923 37 15 ses
823 1919 61 21 vives
907 1920 162 21 condoléances
1093 1926 30 15 eu

601 1951 9 6 ■•
626 1944 176 22 gouvernement
819 1944 27 20 de
862 1944 23 20 la
901 1944 139 25 République
1058 1946 65 19 fran-

602 1976 9 7 -
626 1968 60 22 ç.iise
702 1969 25 19 et
744 1968 15 19 à
778 1968 22 20 la
820 1968 86 21 famille
923 1969 30 21 du
972 1970 122 20 maréchnL
1112 1979 10 8 •

602 2003 25 4 -
640 1993 29 20 X.

601 2029 37 20 LA
663 2030 149 23 BELGIQUE
839 2031 61 20 AUX
926 2031 199 22 FUNERAILLES

628 2067 19 19 A
664 2066 120 21 l'annonce
802 2067 28 21 de
847 2068 23 20 la
885 2069 60 20 mort
962 2068 31 21 du
1010 2068 115 21 maréchal

603 2092 81 21 Joffre.
697 2092 21 20 le
733 2094 176 21 gouvernement
922 2093 63 23 belge
996 2098 15 15 a
1024 2094 46 20 nris
1083 2095 30 19 Im-

604 2116 165 22 médiatement
791 2117 40 20 des
852 2117 147 22 dispositions
1022 2123 56 19 pour
1102 2119 22 20 la

602 2141 181 21 représentation
796 2142 30 21 de
840 2142 23 21 la
877 2142 107 24 Belgique
998 2148 45 15 aux
1058 2144 55 19 funé-

604 2167 81 20 railles.

628 2198 31 19 Le
680 2198 177 23 gouvernement
875 2202 15 19 y
909 2202 52 16 sera
980 2198 134 21 vraisembla-

604 2223 100 21 blement
716 2222 129 24 représenté
856 2228 43 19 par
911 2223 21 21 le
944 2224 73 19 comte
1030 2224 28 20 de
1070 2224 46 20 Bro-

604 2247 102 24 queville.
725 2247 104 21 ministre
847 2248 28 21 de
890 2247 23 21 la
932 2247 98 21 Défense
1048 2248 70 20 Natio-

605 2273 59 21 nale,
677 2273 39 23 qui
729 2277 51 16 sera
795 2272 151 24 accompagné
960 2273 30 20 du
1002 2272 128 21 lieutenant

604 2297 92 24 général
716 2298 28 20 de
763 2297 73 20 Pcsch
854 2298 24 20 et
898 2297 27 21 de
944 2297 112 24 plusieurs
1072 2297 43 21 offi-

605 2323 57 20 ciers
675 2322 28 21 de
716 2322 158 24 l'état-major.

630 2353 50 20 Une
695 2353 133 24 compagnie
843 2353 152 23 d'infanterie,
1010 2356 54 17 avec
1078 2357 39 16 mu-

605 2379 69 23 sique,
685 2383 15 19 y
712 2378 157 24 représentera
881 2377 90 22 l'armée
983 2377 70 25 belge.
1067 2387 24 6 —
1103 2377 27 21 T.

657 2416 36 19 LE
713 2415 53 20 ROI
786 2415 19 20 A
824 2414 37 21 LA
878 2415 179 20 MARECHALE

630 2453 31 19 Le
674 2452 33 20 roi
723 2456 14 15 a
750 2456 81 16 encore
843 2451 90 21 adressé
948 2451 21 21 le
981 2450 146 25 télégramme

606 2476 92 21 suivant
712 2476 14 20 à
738 2476 23 20 la
772 2480 70 16 veuve
856 2476 30 20 du
899 2475 116 21 maréchal
1029 2476 74 20 Joffre
1119 2479 6 16 :

607 2509 9 8 ?
631 2500 107 20 Madame
751 2500 24 20 la
786 2498 130 22 maréchale
927 2500 81 20 Joffre.
1021 2510 27 5 —
1057 2499 70 20 Paris.

624 2521 40 23 'La
677 2524 63 20 reine
752 2525 23 20 et
786 2524 46 20 mol
842 2528 100 18 prenons
953 2528 45 15 une
1010 2523 53 24 part
1074 2527 41 20 pro-

607 2549 69 20 fonde
690 2548 15 20 à
718 2548 64 21 votre
798 2547 100 21 douleur.
911 2547 63 21 Nous
989 2552 59 16 nous
1062 2546 53 21 incli-

607 2577 58 16 nons
680 2577 54 15 avec
749 2572 100 20 émotion
865 2572 84 21 devant
962 2572 103 20 l'illustre
1078 2570 37 22 mé-

607 2597 70 21 moire
691 2597 31 21 du
735 2596 122 21 maréchal.

937 2620 35 21 (s.l
990 2620 79 20 Albert
1085 2627 17 13 -.

692 2658 42 19 DU
754 2657 53 20 ROI
828 2656 39 21 AU
884 2656 164 21 PRESIDENT

715 2688 39 20 DE
771 2688 37 20 LA
822 2687 187 24 REPUBLIQUE

634 2725 31 20 Le
678 2726 34 19 roi
724 2730 15 15 a
751 2724 90 21 adressé
853 2724 14 20 k
877 2725 32 19 M.
921 2725 89 19 Gaston
1021 2724 98 20 Doumer-

609 2755 49 19 gue,
671 2750 21 20 le
708 2749 147 24 télégramme
868 2749 98 21 suivant,
983 2748 14 20 â
1013 2748 118 21 l'occasion

610 2775 30 20 du
654 2775 65 20 décès
734 2775 32 20 du
780 2774 117 21 maréchal
912 2774 76 20 Joffre
1004 2778 6 15 :

638 2814 8 9 ?
661 2806 120 20 Président
791 2805 28 20 de
830 2805 23 19 la
865 2804 147 24 République.
1023 2804 70 20 Paris.

637 2840 9 7 -
665 2831 28 20 Je
710 2831 116 19 m'associe
845 2834 31 16 au
888 2829 61 20 deuil
964 2829 28 20 de
1010 2829 24 19 la
1051 2829 81 20 nation

611 2855 122 24 française.
749 2855 60 20 Avec
822 2854 22 21 le
860 2854 118 20 maréchal
995 2853 75 21 Joffre
1086 2854 35 19 dis-

611 2875 76 29 parait
705 2884 45 16 une
768 2879 86 21 illustre
870 2879 74 24 figure
962 2879 29 20 de
1006 2879 25 20 la
1048 2883 85 19 guerre.

611 2905 96 20 Pénétré
721 2905 29 19 de
761 2904 23 20 la
797 2905 53 22 part
864 2904 114 21 éminente
992 2903 52 24 qu'il
1058 2908 15 15 a
1085 2903 36 24 pri-

611 2935 24 15 se
653 2929 15 20 à
681 2929 24 20 la
722 2929 99 23 victoire,
835 2929 23 23 je
872 2929 46 20 suis
935 2927 140 25 l'interprète
1105 2928 28 20 de

612 2959 54 15 mon
678 2958 64 20 pays,
757 2958 30 16 en
804 2954 100 20 rendant
918 2957 33 17 un
967 2953 120 23 hommage
1106 2952 27 21 de

612 2979 111 24 profonde
745 2978 116 25 gratitude
882 2978 15 20 à
909 2982 28 16 sa
959 2977 113 21 mémoire.

811 3003 122 20 ALB13RT.
949 3010 10 10 »
975 3013 27 4 —
1016 3002 77 24 Belga.

624 3042 38 19 LA
680 3041 133 20 REPONSE
831 3040 40 20 DE
887 3040 32 20 M.
934 3039 188 21 DOUMERGUE

638 3079 31 20 Le
689 3078 117 21 président
822 3077 29 20 de
864 3077 23 20 la
908 3076 140 25 République
1069 3076 53 21 fran-

613 3104 61 23 çaise
690 3108 15 15 a
721 3102 91 21 adressé
842 3106 31 17 au
900 3102 34 20 roi
952 3102 20 20 le
990 3101 145 24 télégramme

613 3129 93 20 suivant
726 3132 6 16 :

718 3160 9 9 »
752 3153 31 20 Sa
802 3152 98 23 Majesté
921 3149 78 23 Albett
1020 3152 44 23 1er,

772 3178 35 20 roi
820 3178 40 20 des
875 3176 86 24 Eelges,

642 3218 8 8 »
667 3210 42 19 Les
722 3209 84 19 termes
818 3207 73 21 élevés
907 3208 58 20 dans
981 3206 95 25 lesquels
1091 3206 33 21 Vo-

615 3235 35 20 tre
666 3233 98 24 Majesté
778 3235 54 19 veut
849 3233 53 20 bien
918 3232 81 20 rendre
1016 3232 120 23 hommage

615 3259 14 19 à
643 3259 23 20 la
680 3258 107 20 mémoire
802 3258 31 20 du
845 3257 116 21 maréchal
975 3257 75 20 Joffre
1063 3257 24 19 ct
1114 3259 23 17 la

616 3284 147 20 douloureuse
779 3282 130 24 sympathie
927 3286 42 20 que
984 3286 58 16 nous
1056 3281 68 21 témoi-

615 3313 43 19 gne
675 3308 23 20 la
711 3307 106 24 Belgique
835 3307 58 20 dans
909 3307 21 19 le
945 3307 60 20 deuil
1022 3307 38 23 qui
1075 3306 61 20 vient

617 3333 28 21 de
657 3337 60 16 nous
739 3333 100 23 frapper,
851 3333 79 19 seront
953 3331 114 20 vivement
1089 3335 36 16 res-

616 3358 72 20 sentis
707 3357 58 22 dans
783 3357 62 20 toute
866 3357 23 20 la
902 3357 93 19 France.

643 3397 9 9 ee
669 3389 36 19 En
718 3393 42 16 son
774 3392 61 19 nom,
848 3388 23 23 je
886 3387 33 20 lui
934 3387 99 23 exprime
1048 3391 39 16 ma
1101 3391 23 16 re-

616 3414 164 21 connaissance
798 3412 72 21 émue.

686 3439 90 19 Gaston
790 3436 194 22 DOUMERGUE.
993 3445 8 8 ?
1021 3446 26 5 —
1062 3436 75 25 Belga.

687 3476 112 20 JOFFRB
816 3475 20 20 A
853 3474 219 21 LOUVECIENNES

715 3512 43 21 (De
775 3511 66 21 notre
857 3510 186 25 correspondant)

643 3543 71 22 Paris,
726 3543 12 20 3
748 3542 96 24 javnier.
854 3552 28 5 —
896 3542 54 20 (Par
961 3541 27 20 fil
999 3540 100 25 spécial.)
1114 3550 26 5 —

619 3567 30 20 Le
675 3567 72 20 maire
774 3567 28 20 de
828 3566 172 23 Louveciennes,
1012 3566 30 21 M.
1056 3565 84 20 Hector

618 3592 104 22 Brlcoud,
733 3596 14 16 a
760 3591 89 21 déclaré
864 3596 5 15 :

646 3624 10 9 •
672 3617 94 20 Comme
777 3615 71 21 maire
874 3615 28 22 de
931 3614 171 23 Louveciennes,
1118 3614 22 23 je

619 3645 36 16 me
671 3641 46 20 fais
730 3640 140 24 l'interprète
883 3640 28 21 de
927 3640 23 20 la
965 3639 131 25 population
1113 3639 27 20 de

619 3666 66 19 notre
704 3665 70 24 petite
794 3668 119 17 commune
932 3668 58 20 pour
1009 3664 47 20 dire
1075 3664 65 19 notre

620 3690 109 20 immenre
744 3689 107 21 tristesse.
865 3689 60 19 Tous
939 3688 32 21 les
983 3688 117 21 habitants
1113 3688 27 20 de

619 3714 167 19 Louveciennes
804 3713 169 20 connaissaient
993 3712 52 20 bien
1063 3714 25 20 et
1106 3712 23 20 ai-

620 3738 87 20 maient
720 3737 22 21 le
759 3736 122 21 maréchal.
896 3737 85 24 Depuis
997 3737 51 20 huit
1065 3740 43 17 ans
1125 3736 15 20 11

621 3762 86 24 passait
720 3762 30 20 Ici
762 3762 33 20 les
806 3762 57 20 mois
875 3762 27 20 de
914 3761 23 21 la
950 3761 57 22 belle
1020 3761 82 21 saison.

647 3795 9 8 »
670 3786 69 20 Notre
750 3786 157 23 municipalité
919 3786 114 20 demanda
1044 3785 15 21 à
1071 3785 57 20 diffé-

621 3812 75 18 rentes
711 3810 96 24 reprises
819 3815 30 16 au
864 3810 116 20 maréchal
993 3810 28 21 de
1035 3809 106 25 procéder

620 3835 15 20 k
649 3835 40 20 des
702 3834 94 21 remises
808 3834 28 21 de
849 3834 130 21 décoration
990 3835 25 20 et
1029 3834 17 20 il
1060 3838 29 17 ne
1104 3838 24 16 re-

621 3859 71 20 fusait
706 3859 89 24 jamais.
807 3860 20 19 A
841 3860 53 23 part
907 3863 37 16 ces
958 3858 136 21 cérémonies
1105 3858 25 20 of-

621 3883 100 24 ficielles,
740 3883 75 21 toutes
831 3883 82 24 petites
929 3885 25 20 et
973 3882 128 26 auxquelles
1119 3882 22 20 la

622 3908 106 24 présence
747 3907 28 21 de
790 3907 103 21 l'illustre
909 3907 75 21 soldat
1000 3907 97 21 donnait
1114 3907 28 20 de

622 3932 80 22 l'éclat,
715 3931 75 21 Joffre
801 3931 70 21 vivait
884 3935 63 17 assez
958 3931 78 24 retiré;
1052 3931 16 21 11
1080 3935 50 17 rece-

622 3956 48 21 vait
685 3956 49 20 fort
750 3960 51 19 peu.
818 3956 30 20 Le
865 3956 80 23 matin,
959 3960 51 17 vers
1026 3957 14 19 9
1055 3956 87 23 heures,

622 3980 16 20 11
653 3980 88 24 partait
755 3980 15 20 à
784 3979 80 21 l'Ecole
883 3981 28 20 de
928 3984 79 20 guerre
1025 3981 58 21 dans
1100 3985 42 16 son

622 4006 61 21 auto,
697 4004 33 21 les
742 4004 72 21 stores
829 4004 85 21 baissés
927 4009 57 19 pour
999 4006 66 23 qu'on
1078 4009 29 16 ne
1123 4007 20 18 le

623 4028 142 21 reconnaisse
778 4033 42 19 pas
832 4033 29 16 en
874 4029 70 23 route.
957 4029 19 20 Il
989 4030 103 20 revenait
1103 4029 27 21 dé-

622 4055 81 21 jeuner
721 4055 24 18 et
758 4053 16 20 11
791 4053 80 20 n'était
886 4057 41 20 pas
945 4058 51 18 rare
1011 4054 28 22 de
1057 4054 21 21 le
1094 4054 48 20 voir

623 4077 97 24 repartir
734 4077 59 20 dans
805 4076 155 25 l'après-mldl.

649 4109 9 9 »
675 4101 99 24 J'ajoute
789 4105 43 20 que
847 4101 21 20 le
882 4101 115 22 maréchal
1011 4103 45 21 m'a
1069 4103 74 21 confie

623 4125 53 21 bien
693 4126 40 20 des
749 4125 44 21 fois
808 4125 53 25 qu'il
876 4131 24 15 se
919 4126 91 24 plaisait
1029 4127 114 24 beaucoup

623 4150 14 20 k
652 4149 172 21 Louveciennes.

649 4182 9 9 .
676 4174 32 20 Sa
723 4174 89 20 maison
827 4173 93 25 possède
935 4180 45 17 une
995 4171 60 29 ligne
1067 4178 64 19 archi-

624 4198 109 20 tecturale
746 4197 87 25 simple,
847 4202 86 18 comme
949 4200 16 20 11
980 4200 58 21 était
1050 4195 81 26 lui-mê-

624 4226 42 16 me.
681 4222 49 20 Elle
743 4222 90 21 domine
848 4222 21 21 le
884 4227 126 20 panorama
1025 4225 118 24 grandiose

624 4246 28 20 de
664 4246 70 23 Paris,
744 4251 25 16 ce
781 4246 65 21 Paris
857 4251 43 20 que
912 4247 22 21 le
947 4249 123 24 vainqueur
1082 4249 28 21 de
1120 4249 24 21 la

624 4271 81 20 Marne
716 4271 63 20 avait
790 4271 92 24 protégé
891 4275 42 19 par
942 4276 26 17 sa
979 4273 98 24 victoire,
1088 4274 56 21 dont

624 4294 16 20 11
655 4299 29 16 ne
698 4294 84 24 parlait
798 4295 89 24 jamais.
901 4304 9 9 »

752 4331 37 22 CE
803 4331 77 25 QU'IL
894 4333 123 22 PENSAIT

755 4362 39 20 DE
810 4363 37 19 LA
861 4363 149 25 BELGIQUE

649 4398 71 25 Paris,
731 4399 12 20 3
758 4398 95 25 Janvier.
865 4409 27 5 —
904 4400 31 21 Le
948 4401 157 24 représentant
1117 4405 28 21 de

622 4424 99 24 l'agence
737 4424 71 24 Belga
825 4424 15 20 k
856 4425 64 20 Paris
936 4426 100 23 rappelle
1053 4428 51 23 qu'à
1121 4429 22 21 la

624 4450 64 21 veille
703 4450 30 20 du
750 4453 84 20 voyage
851 4449 31 21 du
895 4449 115 22 maréchal
1026 4451 74 24 Joffre
1115 4458 29 16 en

623 4475 113 24 Belgique,
748 4479 30 16 en
790 4474 91 21 octobre
894 4475 55 24 1925,
963 4475 16 20 il
990 4476 37 20 fut
1038 4481 52 19 /eçu
1103 4482 42 20 par

623 4499 92 21 celui-ci
728 4500 38 24 qui
781 4499 32 21 lul
827 4499 68 21 remit
908 4499 24 21 la
944 4499 137 22 déclaration
1096 4504 34 19 sui-

624 4526 68 19 vante
707 4529 6 16 :

651 4562 9 10 •
675 4555 84 24 Depuis
777 4555 132 25 longtemps,
926 4555 79 24 J'avais
1021 4557 20 20 le
1057 4557 32 20 vif
1105 4558 28 20 dé-

623 4579 32 21 sir
673 4580 29 21 de
720 4585 37 16 me
775 4581 81 20 rendre
874 4585 29 16 en
921 4580 113 25 Belgique.
1051 4581 28 21 Je
1097 4582 47 21 suis

624 4604 100 21 heureux
748 4606 28 20 de
798 4605 118 21 l'occasion
939 4606 38 24 qui
1000 4610 37 16 me
1057 4608 88 22 permet

624 4629 129 24 d'apporter
768 4630 135 25 l'hommage
932 4631 27 20 de
988 4635 54 16 mon
1071 4631 62 21 affec-

625 4655 78 20 tueuse
718 4655 129 24 sympathie
863 4660 30 17 au
908 4655 80 25 peuple
1004 4655 70 25 belge,
1089 4656 57 21 dont

625 4679 40 23 j'ai
680 4679 94 24 admiré,
791 4680 103 24 pendant
910 4680 23 21 la
947 4684 85 20 guerre,
1050 4681 97 20 l'ardent

626 4704 140 23 patriotisme
784 4706 24 19 et
825 4706 21 20 le
862 4705 125 22 sentiment
1003 4705 21 21 si
1041 4704 61 22 élevé
1119 4706 27 20 de

625 4733 42 16 son
686 4729 104 21 honneur
808 4730 24 20 et
850 4730 45 24 qui,
913 4729 84 25 groupé
1016 4731 82 20 autour
1118 4731 28 20 de

626 4753 41 20 LL.
683 4753 57 21 MM.
752 4754 22 21 le
789 4755 34 20 roi
837 4756 25 19 et
877 4754 22 21 la
912 4755 69 24 reine,
996 4759 15 17 a
1026 4754 75 22 donné
1115 4759 31 17 nu

625 4778 83 21 monde
728 4783 32 16 un
782 4779 20 21 sl
825 4779 35 21 bel
883 4779 101 24 exemple
1004 4779 92 25 d'esprit
1117 4780 29 20 de

626 4803 110 21 sacrifice.
750 4813 27 6 —
794 4804 42 21 (S.)
854 4804 82 21 Joffre.
952 4812 9 10 »

652 4833 31 21 l.e
707 4834 178 24 correspondant
904 4834 29 21 de
955 4835 100 24 l'agence
1077 4836 70 24 Belga

626 4858 104 21 entendit
746 4858 128 24 également
891 4859 22 21 le
931 4860 115 22 maréchal
1065 4865 69 20 rappe-

627 4883 34 20 ler
673 4890 10 10 ?
696 4883 23 21 la
731 4884 119 20 confiance
860 4884 129 24 réciproque
1002 4885 37 24 qui
1052 4886 51 21 unit
1115 4886 33 21 les

627 4907 87 21 armées
731 4909 73 23 belges
821 4910 23 19 et
861 4909 125 24 françaises
1004 4909 39 22 dès
1057 4909 21 22 le
1095 4914 38 20 pre-

628 4932 57 20 mier
698 4933 52 23 Jour
764 4933 28 21 de
806 4933 23 21 la
841 4937 80 20 guerre
936 4942 17 11 ».

652 4957 31 20 le
700 4957 124 24 vainqueur
840 4959 28 20 de
885 4959 23 20 la
922 4959 81 21 Marne
1021 4959 32 21 lul
1071 4960 77 20 confia

628 4981 127 24 également
772 4982 53 24 qu'il
844 4983 63 22 avait
924 4983 48 24 pris
986 4983 51 21 soin
1056 4984 92 22 d'écrire

627 5010 36 17 ses
678 5005 125 25 mémoires,
819 5008 57 20 mals
891 5008 52 24 qu'il
959 5012 30 17 ne
1005 5008 85 22 voulait
1106 5013 42 20 pas

628 5030 65 24 qu'ils
707 5031 89 22 fussent
823 5031 87 26 publiés
934 5034 72 19 avant
1031 5038 27 16 sa
1081 5035 67 20 mort.

629 5055 64 22 Dans
706 5055 23 21 la
742 5055 66 24 suite,
820 5056 21 21 le
855 5057 115 21 maréchal
984 5057 75 22 Joffre
1072 5058 47 22 tint
1132 5058 15 21 à

629 5079 32 21 les
679 5080 101 21 traduire
798 5080 117 22 lui-même
932 5086 29 16 en
980 5082 93 24 anglais,
1091 5087 56 20 pour

629 5108 43 19 que
682 5109 27 15 sa
719 5105 82 23 pensée
813 5104 36 22 fût
861 5107 142 21 exactement
1016 5111 88 18 connue
1116 5112 32 16 un

631 5128 50 21 lour
695 5133 29 16 en
740 5129 219 25 Grande-Bretcgne
973 5132 24 20 et
1010 5135 45 17 aux
1071 5133 74 19 Etats-

630 5153 59 20 Unis.
704 5163 27 6 —
742 5154 77 24 Belga.

694 5189 136 22 EMOTION
844 5191 19 20 A
877 5191 199 22 WASHINGTON

653 5224 156 25 Washington,
822 5226 13 20 3
849 5227 94 23 Janvier.
956 5238 27 5 —
995 5228 33 20 La
1042 5229 101 21 nouvelle

629 5248 28 20 de
669 5248 23 20 la
703 5250 61 19 mort
775 5250 29 20 du
817 5250 115 21 maréchal
942 5251 75 21 Joffre
1030 5256 14 16 a
1056 5252 36 21 été
1104 5257 27 16 ac-

629 5271 86 21 cueillie
725 5276 53 17 avec
787 5278 45 16 une
842 5275 48 20 vive
900 5275 105 21 émotion.
1016 5277 55 19 MM.
1082 5277 49 20 Hoo-

630 5300 44 16 ver.
689 5296 100 21 Stlmson
803 5298 24 20 et
840 5298 21 20 le
876 5298 91 23 général
982 5299 109 22 Pershing
1103 5300 40 20 ont

629 5321 84 21 envoyé
726 5319 39 21 des
777 5325 111 20 messages
901 5322 27 21 de
940 5322 166 22 condoléances.
1118 5334 25 5 —

629 5343 91 22 Reuter.

1216 738 31 19 NI
1265 739 98 19 PHOTO
1381 740 31 19 NI
1431 740 142 19 MOULAGE

1316 769 32 22 NI
1363 770 104 19 DESSIN

1164 799 69 22 Paris.
1253 800 12 19 3
1290 800 94 22 janvier.
1406 810 26 5 —
1455 801 68 21 Selon
1543 801 109 24 plusieurs

1137 828 120 17 personnes
1271 825 27 20 de
1312 825 135 23 l'entourage
1461 826 30 20 du
1505 826 120 21 maréchal,
1637 825 15 20 il

1135 852 28 16 ne
1183 853 52 16 sera
1256 848 93 26 procédé
1371 849 14 20 à
1405 855 74 15 aucun
1497 851 102 22 moulage
1620 851 30 19 du

1136 873 74 23 visage
1223 874 30 20 du
1269 874 87 20 défunt.
1370 875 40 19 Les
1424 875 112 20 dernières
1552 875 99 20 volontés

1137 897 29 20 du
1181 898 123 22 vainqueur
1321 898 28 21 de
1366 899 22 20 la
1405 900 80 20 Marne
1502 901 105 19 seraient,
1623 905 28 15 en

1135 922 64 21 effet,
1219 923 111 22 qu'aucun
1353 923 160 24 photographe,
1538 925 113 23 sculpteur

1137 951 29 15 eu
1187 946 141 21 dessinateur
1348 952 28 16 ne
1397 949 44 19 soit
1460 949 97 20 autorisé
1579 949 14 20 à
1611 954 30 19 pu-

1136 970 55 20 blier
1202 975 44 16 une
1259 973 72 22 Image
1345 973 27 19 dc
1386 973 22 19 la
1421 973 109 24 dépouille
1544 974 107 20 mortelle.

1162 1002 30 19 Le
1207 1001 85 21 colonel
1310 1003 113 22 Demazcs,
1446 1004 27 20 de
1504 1004 148 24 l'état-major

1137 1025 30 20 du
1183 1026 121 22 maréchal,
1321 1027 110 20 confirme
1445 1033 42 19 que
1504 1029 22 19 la
1544 1029 59 21 levée
1622 1030 29 19 du

1137 1054 64 20 corps
1228 1051 79 20 n'aura
1335 1056 40 19 pas
1397 1052 44 21 lieu
1468 1055 71 18 avant
1562 1054 90 20 demain

1137 1074 11 18 3
1162 1074 86 21 heures.
1259 1086 25 4 —
1296 1076 82 20 Havas.

1166 1112 189 21 INHUMATION
1376 1115 19 18 A
1412 1114 218 21 LOUVECIENNES

1164 1148 167 24 Marly-le-Rol,
1346 1150 12 19 3
1375 1150 92 23 janvier.
1481 1162 26 4 —
1521 1152 41 19 Cet
1578 1152 77 23 après-

1138 1172 61 21 midi,
1217 1173 20 20 le
1257 1174 70 20 maire
1347 1175 27 20 de
1392 1176 164 20 Louveciennes
1572 1181 14 14 a
1603 1181 52 18 reçu

1140 1196 160 22 confirmation
1315 1199 27 19 de
1356 1200 21 18 la
1391 1199 85 21 famille
1491 1205 41 18 que
1547 1201 21 19 le
1583 1201 62 19 maré-

1140 1221 50 19 chal
1201 1221 74 21 Jof.re
1285 1228 51 15 sera
1349 1223 91 21 inhumé
1453 1225 56 19 dans
1520 1229 26 16 sa
1556 1225 88 24 proprié-

1139 1245 21 19 té
1177 1246 28 20 de
1222 1246 169 21 Louveciennes.

1167 1276 30 20 Le
1217 1281 65 20 corps
1302 1277 30 22 du
1353 1279 71 22 grand
1444 1280 53 19 chef
1517 1280 85 19 restera
1618 1285 28 14 ex-

1141 1301 53 22 posé
1214 1302 94 20 environ
1331 1307 31 16 tm
1385 1304 57 19 mois
1468 1309 45 15 aux
1539 1304 118 21 Invalides.

1140 1324 75 23 Après,
1232 1325 15 20 II
1266 1331 50 15 sera
1336 1327 91 20 Inhumé
1445 1329 58 20 dans
1518 1329 21 20 le
1557 1334 53 18 parc
1628 1330 28 19 de

1141 1348 21 21 la
1183 1351 112 23 propriété
1316 1352 31 20 tlu
1366 1353 115 19 maréchal
1502 1354 81 24 auprès
1604 1354 52 20 d'un

1142 1374 58 23 petit
1235 1375 92 24 bosquet
1342 1376 29 20 où
1392 1377 15 19 il
1425 1378 80 20 aimait
1523 1378 14 20 k
1553 1379 63 19 venir
1634 1384 24 14 se

1145 1403 90 19 reposer
1259 1400 66 24 après
1345 1402 62 19 avoir
1432 1402 44 20 fait
1500 1403 39 20 des
1564 1403 95 20 travaux

1140 1422 176 23 d'horticulture.
1334 1436 25 4 —
1377 1426 81 21 Havas.

1238 1461 37 20 LA
1295 1462 118 20 VEILLÉE
1433 1463 133 21 FUNÈBRE

1169 1498 70 21 Paris.
1259 1499 13 19 3
1294 1499 94 23 janvier.
1407 1510 27 5 —
1455 1500 205 22 L'embaumement

1144 1521 30 21 du
1193 1527 64 17 corps
1275 1524 30 19 du
1321 1524 115 20 maréchal
1453 1526 74 20 Joffre
1545 1526 54 20 s'est
1613 1527 35 19 ter-

1144 1546 61 21 miné
1220 1552 50 15 vers
1285 1549 23 19 17
1321 1549 23 19 h.
1360 1549 32 20 45.

1168 1571 33 20 La
1216 1574 124 19 cérémonie
1355 1573 114 24 religieuse
1485 1580 51 15 sera
1552 1575 21 20 la
1587 1575 72 20 même

1143 1599 43 19 que
1201 1596 55 21 celle
1271 1598 38 23 qui
1324 1603 14 15 a
1353 1597 35 21 été
1405 1599 56 20 faite
1477 1604 56 18 pour
1549 1600 21 20 le
1586 1599 61 21 maré-

1143 1620 53 20 chal
1208 1621 67 20 Foch.

1171 1652 30 21 Lc
1213 1657 65 18 corps
1290 1658 49 15 sera
1355 1654 70 23 veillé,
1440 1656 59 18 cette
1514 1656 57 22 nuit,
1583 1657 51 19 tour
1648 1656 14 20 à

1147 1676 50 20 tour
1218 1681 41 19 par
1280 1678 31 20 les
1329 1678 100 22 officiers
1450 1680 165 20 d'ordonnance
1635 1682 27 19 de

1146 1700 149 24 l'état-major
1309 1703 31 19 du
1357 1703 121 21 maréchal.

1169 1725 33 20 La
1219 1726 128 22 maréchale
1364 1732 14 15 a
1397 1729 121 19 manilcsté
1536 1729 126 23 également

1147 1749 127 22 l'intention
1292 1752 27 20 de
1336 1756 77 18 presser
1430 1753 22 19 la
1470 1754 50 20 nuit
1535 1754 80 24 auprès
1632 1755 30 20 du

1148 1774 121 21 maréchal.
1283 1786 26 4 —
1324 1777 82 20 Havas.

1203 1812 34 19 LE
1251 1813 135 20 MESSAGE
1403 1815 38 19 DE
1458 1815 120 21 GEORGE
1594 1817 16 19 V

1174 1843 104 22 Londres.
1294 1844 13 19 3
1323 1844 93 23 janvier.
1431 1855 26 4 —
1472 1846 19 19 A
1507 1846 117 21 l'occasion
1638 1848 27 20 de

1149 1866 21 21 la
1184 1870 60 19 mort
1256 1869 30 19 du
1298 1869 114 20 maréchal
1425 1870 81 21 Joffre.
1519 1871 20 20 le
1551 1872 32 19 rbi
1596 1873 68 19 d'An-

1147 1891 95 23 Sltterrc
1255 1898 14 14 a
1280 1894 90 20 adressé
1383 1894 14 20 à
1408 1895 30 19 M.
1453 1895 88 20 Gaston
1554 1896 110 21 Doumer-

1147 1920 48 19 G,ue.
1215 1917 115 22 président
1349 1919 28 21 de
1397 1918 21 21 la
1437 1919 138 25 République
1591 1922 60 19 Fran-

1147 1941 65 23 çaise,
1235 1946 32 16 un
1290 1942 144 24 télégramme
1459 1944 28 20 dc
1516 1946 148 20 condoléance

1149 1966 58 20 dans
1221 1966 71 24 lequel
1307 1967 16 20 il
1338 1968 34 20 dit
1385 1970 142 20 notamment
1545 1975 5 14 :

1176 2004 8 8 »
1199 1997 33 20 La
1246 1998 133 23 disparition
1392 1999 30 20 du
1436 2000 166 23 généralissime
1617 2007 37 15 sus-

1148 2021 71 21 citera
1233 2022 40 22 des
1285 2023 134 21 sentiments
1432 2024 28 20 de
1472 2025 93 20 douleur
1577 2027 90 19 surtout

1151 2046 57 20 dens
1222 2046 31 21 les
1266 2052 54 19 pays
1336 2048 69 21 alliés,
1415 2053 30 15 cn
1462 2050 55 20 1914.
1530 2050 14 22 à
1559 2051 21 19 la
1595 2051 60 19 Fran-

1149 2074 32 16 ce.
1199 2079 9 9 •

1177 2102 29 21 Le
1224 2104 119 20 souverain
1360 2103 83 25 évoque
1461 2105 87 21 ensuite
1566 2110 35 16 ses
1616 2111 39 15 ren-

1151 2128 90 20 contres
1261 2132 54 16 avec
1332 2128 20 21 le
1372 2129 115 20 maréchal
1508 2135 29 15 au
1557 2134 65 17 cours
1641 2131 27 20 de

1153 2151 110 23 plusieurs
1278 2153 77 20 visites
1373 2154 53 23 qu'il
1444 2159 14 15 a
1475 2154 68 21 faites
1560 2160 30 15 au
1607 2155 60 20 front

1153 2177 23 18 ct
1197 2177 91 21 conclut
1309 2182 29 15 en
1367 2179 76 22 priant
1471 2180 31 19 M.
1529 2181 139 22 Doumergue

1152 2200 124 21 d'adresser
1287 2201 15 21 à
1314 2202 22 20 la
1349 2203 127 20 maréchale
1486 2205 23 19 et
1522 2203 14 20 à
1545 2208 27 16 sa
1583 2204 86 20 fnmi'le

1151 2237 5 5 •
1153 2229 8 7 r
1164 2229 13 15 a
1193 2225 50 23 plus
1260 2227 98 20 cordiale
1375 2228 135 24 sympathie.
1524 2238 27 5 —
1567 2229 76 23 Belga.

1238 2262 36 20 LA
1298 2263 290 22 GRANDE-BRETAGNE

1296 2293 62 21 AUX
1375 2294 148 24 OBSÈQUES

1179 2323 71 22 Paris.
1261 2323 12 20 3
1288 2325 84 20 anvler.
1385 2335 26 5 —
1421 2325 33 20 La
1467 2326 127 21 délégation
1607 2326 28 20 de
1649 2326 22 20 la

1153 2347 218 24 Grande-Bretagne
1390 2350 38 22 qui
1444 2351 105 19 assistera
1569 2354 45 16 aux
1633 2350 26 21 fu-

1154 2371 105 22 nérailles
1280 2374 31 20 du
1332 2374 114 20 maréchal
1467 2375 74 20 Joffre
1562 2377 35 18 est
1614 2376 58 19 ainsi

1154 2397 117 23 composée
1288 2402 7 16 :

1179 2426 58 22 Lord
1258 2428 93 24 TyTrell.
1372 2430 166 22 ambassadeur,
1556 2430 104 23 représen-

1156 2451 52 22 tant
1219 2452 22 20 le
1251 2453 43 21 roi:

1180 2482 31 21 Le
1223 2483 116 21 maréchal
1355 2485 48 20 lord
1417 2485 94 23 Allenby
1526 2488 23 18 et
1562 2486 21 20 le
1598 2491 63 15 maré-

1156 2507 52 21 chal
1220 2509 32 20 sir
1263 2508 88 23 GeeorEe
1364 2510 76 22 Mllne.
1450 2510 158 22 représentant
1620 2511 41 20 l'ar-

1155 2532 58 23 mée;

1181 2563 105 22 L'amiral
1301 2566 49 20 lord
1362 2566 86 20 Wester
1462 2566 107 24 Wemyss,
1580 2566 21 20 le
1615 2567 60 20 vice-

1155 2588 81 20 amiral
1255 2590 72 22 Dryer
1344 2591 25 19 ct
1386 2595 32 16 un
1436 2591 90 20 officier
1541 2591 120 21 d'état-ma-

1155 2612 36 22 jor
1209 2613 29 21 de
1255 2614 24 20 la
1293 2615 95 21 marine,
1406 2615 157 24 représentant
1582 2616 22 20 la
1623 2621 38 16 ma-

1156 2637 58 23 rine;

1181 2669 31 21 Le
1228 2669 116 21 maréchal
1360 2671 27 20 de
1404 2670 54 21 l'Air
1473 2671 49 21 lord
1538 2672 137 22 Trenchard.

1155 2693 21 21 le
1189 2694 116 20 maréchal
1321 2695 28 20 de
1367 2695 54 21 l'Air
1436 2696 32 20 sir
1484 2697 61 19 John
1559 2697 115 21 Salmond.

1156 2718 20 20 le
1207 2718 177 22 vlcc-maréchal
1406 2720 28 20 de
1459 2721 54 20 l'Air
1528 2722 32 19 sir
1590 2721 85 21 Robert

1156 2743 209 24 Broolte-Popham,
1389 2745 58 20 ainsi
1471 2750 42 18 que
1538 2746 59 20 deux
1619 2747 45 19 offi-

1156 2767 57 21 ciers
1229 2768 28 20 de
1271 2768 150 24 l'état-major
1437 2770 28 20 de
1481 2770 60 22 l'Air,
1557 2771 105 22 représen-

1157 2794 52 18 tant
1225 2793 125 23 l'aviation;

1182 2824 37 20 Un
1245 2824 160 21 détachement
1432 2825 27 20 de
1480 2826 25 19 50
1530 2825 103 21 hommes
1654 2829 23 17 ct

1156 2847 13 21 3
1187 2848 101 21 officiers
1307 2849 28 20 dc
1351 2849 23 20 la
1393 2849 93 24 brigade
1504 2850 40 22 des
1559 2851 89 23 gardes;

1182 2879 51 22 Une
1251 2880 102 23 musique
1369 2880 28 20 de
1417 2880 22 20 la
1455 2881 91 23 brigade
1564 2882 40 20 des
1624 2886 40 19 gar-

1157 2903 48 23 des;

1181 2934 39 21 Un
1238 2936 84 20 second
1341 2935 160 22 détachement
1522 2937 27 20 de
1568 2937 26 20 40
1610 2937 54 21 hom-

1157 2963 49 17 mes
1218 2961 25 20 et
1253 2966 32 15 un
1299 2960 98 24 officier;

1183 2991 38 20 Un
1235 2991 113 22 troisième
1362 2992 159 21 détachement
1534 2992 28 21 de
1573 2993 26 19 20
1612 2993 53 20 hom-

1158 3019 48 16 mes
1224 3017 25 20 et
1264 3016 13 19 2
1294 3016 101 21 officiers
1411 3017 31 20 du
1457 3018 71 22 Royal
1545 3018 40 20 Air
1602 3018 75 20 Force.

1157 3049 27 5 —
1197 3040 76 25 Belga.

1327 3079 36 21 LE
1379 3078 133 22 DÉLÈGUE

1239 3110 39 20 DE
1296 3109 123 21 L'ARMÉE
1437 3110 162 20 POLONAISE

1184 3147 112 24 Varsovie,
1315 3147 12 20 3
1343 3147 94 23 janvier.
1452 3157 28 5 —
1497 3147 99 20 L'armée
1615 3147 50 24 polo-

1159 3172 65 20 naise
1245 3176 51 16 sera
1318 3172 142 24 représentée
1480 3176 46 16 aux
1547 3172 131 21 funérailles

1159 3197 30 20 du
1207 3197 115 20 maréchal
1338 3197 75 20 Joffre
1431 3202 41 18 par
1487 3197 20 20 le
1525 3196 90 24 générai
1634 3197 43 19 Or-

1160 3221 42 20 lloz
1220 3222 94 19 Dreszer
1332 3222 44 23 qui,
1395 3222 57 20 dans
1468 3226 25 15 ce
1508 3222 47 23 but,
1573 3227 25 15 se
1616 3222 61 22 rend,

1160 3250 25 16 ce
1196 3246 52 23 soir,
1262 3247 14 20 à
1289 3247 70 19 Paris.
1374 3257 24 4 —
1412 3247 76 23 Belga.

1240 3282 201 21 L'ALLEMAGNE
1460 3283 141 20 S'INCLINE

1257 3313 116 21 DEVANT
1394 3315 35 19 SA
1445 3314 138 20 MÉMOIRE

1185 3351 85 23 Berlin,
1280 3351 12 19 3
1305 3351 94 23 janvier.
1409 3361 25 4 —
1445 3351 72 20 Toute
1529 3351 23 20 la
1562 3355 75 20 presse
1650 3351 29 20 du

1160 3376 46 19 soir
1220 3376 126 20 commente
1358 3375 23 20 la
1395 3377 60 20 mort
1469 3376 30 20 du
1513 3375 102 20 marchai
1629 3375 38 20 Jof-

1161 3399 34 21 fre
1209 3401 23 19 et
1248 3399 74 25 publie
1337 3399 39 21 des
1392 3399 141 25 biographies
1549 3400 30 20 du
1593 3400 86 20 défunt.

1187 3431 42 20 Les
1245 3431 172 20 commentaires
1433 3431 38 19 des
1485 3431 112 23 journaux
1613 3430 55 20 berli-

1161 3455 50 20 nois
1224 3456 54 19 sont
1292 3456 103 19 corrects.
1408 3455 31 20 Ils
1451 3455 100 20 relèvent
1565 3454 32 21 les
1611 3459 57 19 gran-

1162 3480 40 20 des
1220 3479 95 24 qualités
1331 3480 30 19 du
1379 3480 115 19 maréchal
1512 3480 24 20 et
1554 3479 127 24 soulignent

1161 3504 143 20 notamment
1324 3508 42 15 son
1384 3503 72 22 calme
1489 3501 134 26 légendaire,
1639 3507 41 17 son

1162 3528 135 23 sang-froid,
1315 3533 42 15 son
1376 3527 88 24 énergie
1481 3529 23 19 et
1522 3533 26 15 sa
1566 3528 113 20 modestie.

1161 3552 32 20 Ils
1215 3552 106 20 Insistent
1340 3552 176 22 naturellement
1532 3557 41 16 sur
1592 3552 22 20 le
1634 3552 46 20 rôle

1161 3576 53 23 Joué
1235 3581 42 19 par
1294 3576 21 21 le
1336 3576 115 20 maréchal
1469 3577 74 20 Joffre
1564 3577 14 20 à
1597 3576 83 21 l'heure

1162 3600 95 21 décisive
1271 3601 28 21 de
1313 3600 23 21 la
1350 3602 87 19 Marne.

1187 3631 64 20 Dans
1266 3630 23 21 la
1304 3639 9 9 .<
1324 3631 102 20 J3azstte
1443 3631 103 23 générale
1560 3632 108 20 d'Allema-

1163 3659 44 20 gne
1218 3663 19 14 »,
1246 3656 21 20 le
1280 3656 90 23 général
1380 3660 45 15 von
1436 3656 161 24 Frankenberg
1607 3655 57 21 écrit
1673 3660 6 15 :

1189 3687 10 10 ?
1217 3681 92 20 Comme
1326 3680 81 20 ancien
1422 3680 134 23 adversaire,
1571 3684 58 17 nous
1651 3685 29 15 ne

1162 3707 101 20 pouvons
1279 3708 41 20 pas
1332 3704 33 20 lui
1380 3704 87 20 refuser
1481 3705 65 21 notre
1559 3704 71 24 loyale
1644 3709 25 16 es-

1163 3728 61 20 time.
1243 3728 73 21 Gr&ce
1334 3729 15 20 à
1364 3734 35 14 ses
1418 3729 101 23 qualités,
1533 3733 42 16 son
1594 3733 54 20 pays
1666 3733 14 16 a

1163 3757 31 19 pu
1208 3753 128 20 surmonter
1347 3753 28 20 de
1389 3757 79 19 graves
1481 3753 74 23 périls.
1569 3761 9 10 ?

1188 3783 30 21 Le
1233 3788 10 13 *
1255 3783 70 20 Lokal
1338 3783 108 23 Anzeiger
1461 3792 9 9 .e
1486 3783 35 21 dit
1533 3788 7 16 :

1191 3816 8 8 «
1218 3808 41 20 eSss
1272 3807 138 21 adversaires
1427 3807 125 21 allemands
1568 3808 113 21 abaissent

1164 3831 103 22 d'autant
1277 3831 51 25 plus
1337 3831 120 21 volontiers
1467 3831 68 25 l'épée
1546 3832 84 21 devant
1639 3837 42 15 son

1165 3856 94 20 cercueil
1273 3861 42 19 que
1329 3855 21 21 le
1365 3855 115 21 maréchal
1494 3856 81 21 défunt
1590 3861 28 16 ne
1630 3857 53 20 s'est

1164 3880 83 23 jamais
1275 3880 66 21 laissé
1373 3880 115 20 entraîner
1507 3881 14 20 à
1540 3881 39 20 des
1594 3881 88 24 paroles

1163 3905 127 22 haineuses,
1309 3905 25 20 ni
1367 3904 102 24 pendant
1501 3904 23 21 la
1555 3909 85 19 guerre,
1657 3905 24 20 ni

1165 3929 72 24 après.
1253 3934 112 22 •;.■,.

1190 3960 37 19 On
1237 3959 27 21 lit
1275 3959 57 21 dans
1344 3959 21 20 la
1379 3967 9 9 ?
1400 3959 95 22 Gazette
1505 3959 27 22 de
1543 3960 56 20 Voss
1611 3968 9 10 ..
1637 3964 6 16 :

1191 3991 9 10 «
1214 3984 59 20 Avec
1285 3984 67 20 Foch.
1359 3983 21 21 le
1391 3983 114 22 maréchal
1512 3984 74 20 Joffre
1593 3985 35 19 est
1634 3988 36 16 cer-

1165 4008 127 20 tainement
1306 4008 22 21 le
1340 4007 52 25 plus
1405 4008 72 23 eîrand
1491 4007 113 25 capitaine
1617 4008 52 20 fran-

1165 4032 47 24 çais
1230 4032 28 20 de
1279 4032 23 21 la
1323 4037 79 18 guerre
1423 4032 120 23 mondiale.
1561 4033 47 20 Son
1629 4036 53 17 nom

1165 4057 86 20 restera
1260 4056 80 22 estimé
1349 4061 31 16 en
1390 4056 130 24 Allemagne
1529 4061 86 17 comme
1626 4057 56 20 celui

1165 4081 54 20 d'un
1231 4081 128 20 adversaire
1372 4080 60 21 avisé
1446 4082 25 20 et
1485 4081 91 20 correct.
1593 4089 9 11 »

1190 4111 31 21 Le
1235 4119 9 10 «
1257 4111 102 20 Berllner
1371 4111 121 23 Tageblatt
1506 4120 9 9 .e
1530 4112 99 25 rappelle
1641 4117 42 19 que

1165 4140 44 16 von
1222 4136 86 24 Tirpltz
1319 4136 34 21 dit
1366 4139 31 16 un
1411 4136 58 23 jour,
1483 4135 92 25 parlant
1588 4137 30 20 du
1632 4140 39 17 ma-

1166 4159 77 22 réchal
1253 4160 75 21 Joffre
1342 4165 6 15 :
1361 4168 9 9 «
1381 4160 60 22 C'est
1450 4161 113 20 vraiment
1574 4165 31 16 un
1616 4160 54 21 hom-

1165 4188 37 16 me
1212 4185 5 19 I
1235 4192 9 10 »
1257 4184 25 21 et
1295 4184 77 24 ajoute
1390 4189 5 15 :

1193 4222 9 10 »
1219 4214 86 21 Tandis
1324 4219 43 20 que
1387 4215 97 21 d'autres
1504 4220 24 17 se
1545 4215 138 25 disputaient

1167 4239 32 20 les
1216 4239 86 24 palmes
1319 4239 121 24 conquises,
1459 4239 17 20 11
1495 4244 24 17 se
1539 4238 46 23 tint
1604 4240 66 24 digne-

1166 4264 64 20 ment
1246 4268 31 16 en
1294 4264 82 19 dehors
1393 4263 27 21 de
1437 4264 63 20 toute
1515 4263 132 25 polémique;
1666 4264 18 20 il

1166 4287 68 21 laissa
1248 4288 15 20 k
1279 4288 51 20 tous
1345 4288 33 20 les
1394 4288 76 20 autres
1483 4288 118 22 l'honneur
1617 4289 27 20 de
1661 4289 22 20 la

1167 4312 68 24 gloire
1253 4312 23 21 et
1292 4317 24 16 se
1331 4311 107 22 contenta
1454 4312 27 21 de
1499 4313 114 20 travailler
1627 4318 56 19 pour

1166 4340 42 16 son
1222 4340 55 20 pays
1291 4335 88 25 jusqu'à
1393 4340 25 16 ce
1433 4340 42 19 que
1487 4335 23 21 la
1523 4337 97 21 maladie
1635 4337 49 20 vint

1167 4360 110 21 l'abattre.
1300 4360 29 21 Le
1352 4360 60 20 deuil
1435 4360 30 20 du
1486 4361 79 24 peuple
1584 4361 99 24 français

1167 4385 58 21 n'est
1239 4384 86 21 troublé
1336 4388 42 21 par
1389 4388 87 18 aucune
1490 4384 87 25 dispute
1591 4386 28 20 de
1630 4390 42 20 par-

1167 4409 17 19 ti
1205 4409 111 23 politique.
1337 4417 9 9 »

1192 4439 32 21 La
1239 4447 9 9 »
1261 4439 113 21 Deutsche
1386 4439 96 24 Zeltung
1496 4447 9 10 »
1522 4440 74 23 publie
1610 4445 25 17 ce
1646 4441 25 23 Ju-

1168 4465 90 20 gement
1277 4464 30 20 du
1334 4463 90 24 général
1442 4468 44 16 von
1504 4464 63 21 Kuhl
1590 4469 6 16 :
1620 4473 10 9 »
1651 4465 33 21 La

1167 4488 86 20 France
1273 4487 47 21 doit
1339 4488 33 20 lui
1390 4487 48 22 être
1454 4488 132 21 infiniment
1604 4493 68 17 recon-

1167 4512 123 21 naissante.
1306 4513 18 19 A
1342 4512 72 22 partir
1428 4512 28 20 de
1470 4512 22 20 la
1508 4513 92 21 bataille
1617 4514 27 21 de
1661 4514 22 19 la

1168 4536 86 23 Marne,
1275 4536 23 21 la
1316 4536 86 20 France
1420 4537 70 23 reprit
1510 4537 118 22 confiance
1655 4542 29 17 en

1167 4560 134 23 elle-même,
1319 4561 23 20 et
1355 4561 59 20 cette
1431 4561 118 21 confiance
1565 4566 25 16 se
1608 4562 63 21 trans-

1168 4583 74 21 forma
1253 4589 29 16 en
1294 4584 89 21 volonté
1394 4585 26 22 de
1431 4585 99 24 vaincre;
1542 4585 64 23 mals,
1617 4587 67 22 aussi,

1168 4607 30 20 du
1214 4608 64 23 point
1293 4609 28 21 de
1335 4613 42 17 vue
1391 4609 28 22 de
1431 4610 23 20 la
1470 4610 86 20 science
1571 4610 112 24 militaire,

1168 4631 33 20 les
1216 4632 95 23 exploits
1327 4634 28 20 de
1368 4634 74 20 Joffre
1460 4635 96 23 peuvent
1572 4634 47 21 très
1633 4634 51 21 bien

1169 4655 100 21 soutenir
1285 4657 23 20 la
1328 4658 155 24 comparaison
1503 4663 54 16 avec
1578 4663 55 16 ceux
1654 4659 29 21 du

1169 4678 114 22 maréchal
1299 4681 67 21 Foch.
1382 4690 9 10 .
1407 4692 23 5 —
1447 4683 76 24 Belga.

1664 378 88 31 ELLES
1768 374 116 32 SERONT
1903 377 279 32 RIGOUREUSEMENT

1826 418 195 35 CONTROLEES

1717 491 57 31 PAS
1788 489 38 30 DE
1839 484 174 38 RÉSULTATS
2027 493 108 30 AVANT

1796 534 163 32 PLUSIEURS
1979 538 76 30 MOIS

1695 599 36 20 On
1750 598 45 20 sait
1820 595 96 23 l'Intérêt
1941 599 38 23 qui
2003 599 111 20 s'attache
2139 604 44 15 aux

1671 624 105 20 actuelles
1787 620 122 24 formalités
1923 624 27 20 de
1962 625 160 22 recensement,
2133 629 39 15 sur-

1673 650 49 19 tout
1744 649 29 19 du
1795 646 62 24 point
1877 646 27 22 de
1924 652 42 17 vue
1987 649 39 20 des
2048 649 138 24 statistiques

1672 673 159 24 linguistiques.

1698 706 91 19 Comme
1809 707 56 15 nous
1884 703 82 23 l'avons
1984 707 43 19 fait
2047 705 92 24 prévoir,
2156 707 31 18 les

1674 728 192 22 administrations
1889 731 150 20 communales
2063 731 30 20 du
2115 731 72 23 grand

1674 755 113 20 Bruxelles
1806 753 41 20 ont
1867 752 91 23 institué
1979 760 31 16 un
2029 755 98 21 contrôle
2148 756 39 19 des

1674 780 133 24 opérations.

1701 819 9 9 «
1724 811 20 20 Il
1765 809 71 24 s'agit,
1859 814 28 15 en
1906 812 65 20 ordre
1993 812 116 24 principal,
2131 815 57 17 nous

1675 836 82 21 dit-on,
1778 834 91 21 d'éviter
1887 839 41 21 que
1951 837 38 21 des
2011 839 79 21 agents
2111 841 63 15 recen-

1675 866 62 16 seurs
1750 870 24 5 —
1791 859 85 20 faisant
1888 864 80 20 preuve
1985 862 51 20 d'un
2053 862 135 24 quelconque

1676 886 145 25 prosélltisme
1835 894 24 5 —
1874 886 98 22 puissent
1987 887 131 23 Influencer,
2134 890 56 17 dans

1677 913 44 19 l'un
1739 915 28 16 ou
1786 909 78 21 l'autre
1881 914 57 20 sens,
1955 912 19 20 le
1994 912 94 21 résultat
2106 912 29 21 du
2152 916 24 16 re-

1678 939 132 18 censement.

1703 969 19 19 A
1745 966 120 22 Bruxelles,
1889 967 14 19 à
1925 968 139 21 Schaerbeek
2085 969 23 20 et
2132 969 57 19 dans

1678 993 91 20 nombre
1789 992 27 20 de
1835 991 125 25 faubourgs,
1979 994 39 20 des
2040 993 138 20 fonctionnai-

1679 1024 34 15 res
1726 1018 30 20 du
1769 1017 64 23 corpj
1849 1016 27 21 cte
1890 1016 22 20 la
1926 1018 70 23 poKce
2012 1023 28 15 eu
2056 1019 26 19 de
2100 1019 7 19 1
2115 1019 59 19 admi-

1678 1041 126 21 nistration,
1819 1043 40 17 ont
1871 1039 34 24 été
1918 1041 100 24 désignés
2030 1046 55 19 pour
2100 1046 87 16 exercer

1679 1072 24 15 ce
1716 1065 105 21 contrôle.

1704 1107 26 5 —
1742 1097 45 18 Pou
1789 1096 74 19 rront-:
1865 1095 33 24 ils,
1910 1101 43 16 eux
1965 1099 66 22 aussi,
2046 1102 24 15 se
2085 1098 79 19 rendre
2179 1098 15 18 &

1681 1122 100 20 dcmlcile
1789 1122 11 18 ?

1703 1163 26 5 —
1741 1153 49 19 Non
1801 1152 6 19 !
1829 1151 64 21 Seuls
1911 1153 31 21 les
1963 1156 79 21 agents
2064 1158 127 15 recenseurs

1680 1178 146 21 assermentés
1848 1178 24 18 et
1891 1178 73 21 munis
1986 1179 53 20 d'un
2060 1179 82 19 extrait
2164 1180 28 18 de

1681 1202 87 21 l'arrêté
1781 1202 33 21 les
1828 1201 124 25 désignant,
1965 1204 41 19 ont
2019 1204 20 19 le
2055 1204 58 19 droit
2127 1205 27 18 de
2169 1208 24 15 se

1682 1230 56 19 faire
1751 1228 74 20 ouvrir
1838 1226 33 20 les
1883 1228 73 22 portes
1968 1230 24 19 et
2005 1228 72 20 même
2091 1228 27 20 de
2130 1230 51 18 dres-

1681 1259 35 15 ser
1739 1251 163 26 procès-verbal
1922 1253 20 20 si
1964 1258 29 15 cn
2016 1253 74 20 refuse
2111 1254 27 20 dc
2162 1253 32 19 les

1682 1280 102 18 recevoir.

1707 1319 25 5 —
1744 1308 118 20 Comment
1878 1307 54 21 donc
1945 1313 25 16 se
1985 1310 49 18 fera
2049 1310 20 19 le
2082 1308 112 20 contrôle?

1708 1344 24 4 —
1745 1334 44 19 Par
1803 1336 61 19 coup.
1860 1336 5 9 1
1863 1336 7 15 ?
1884 1328 26 25 de
1923 1333 76 20 sonde.

1708 1360 33 19 En
1755 1363 38 15 cas
1807 1358 27 19 de
1849 1357 72 23 doute,
1935 1359 31 20 les
1979 1358 126 20 déclarants
2119 1359 76 19 seront

1682 1383 123 23 convoqués
1819 1382 14 20 à
1849 1381 200 23 l'administration.

1706 1418 25 5 —
1744 1408 118 20 Ccmmcnt
1882 1404 20 23 le
1920 1408 67 20 doute
2008 1408 128 19 naîtra-t-U
2145 1408 11 18 ?

1707 1450 25 4 —
1745 1439 25 20 Sl
1785 1439 44 19 l'on
1844 1438 100 21 constate
1960 1439 39 21 des
2013 1438 123 21 anomalies
2150 1438 45 20 fla-

1683 1465 99 23 .grantes;
1804 1467 42 19 par
1865 1463 98 24 exemple
1986 1468 6 15 :
2013 1468 31 16 un
2064 1468 83 19 groupe
2168 1465 28 17 de

1683 1493 120 20 personnes
1821 1487 53 21 nées
1890 1487 15 21 à
1920 1488 143 24 Maldeghem
2081 1490 24 19 et
2121 1487 63 21 décla-

1683 1519 53 15 rant
1757 1519 29 15 ne
1804 1512 117 21 connaître
1939 1518 42 19 que
2003 1514 21 20 le
2046 1515 101 20 français
2166 1517 30 15 ou

1683 1544 79 15 encore
1781 1542 44 16 une
1843 1537 84 21 famille
1944 1539 119 23 originaire
2081 1539 27 19 de
2127 1538 70 23 Ciney

1684 1567 24 17 et
1727 1564 37 24 qui
1782 1562 94 24 prétend
1895 1564 135 23 n'employer
2048 1565 25 18 et
2092 1567 30 16 ne
2142 1567 41 15 con-

1685 1590 75 19 naître
1772 1592 42 20 que
1826 1588 21 19 le
1859 1587 110 24 flamand;
1982 1593 28 16 ou
2022 1592 87 18 encore,
2120 1589 20 19 si
2153 1588 44 19 l'on

1684 1613 117 24 s'aperçoit
1822 1617 42 19 que
1885 1611 22 22 la
1929 1618 93 19 presque
2045 1613 89 20 totalité
2158 1615 39 17 des

1684 1639 111 21 bulletins,
1815 1637 89 23 remplis
1922 1643 42 19 par
1984 1643 32 17 un
2034 1640 69 21 agent
2122 1637 63 20 déter-

1685 1664 67 21 miné,
1766 1663 90 23 portent
1871 1662 23 21 la
1905 1663 71 21 même
1990 1663 129 20 indication.

1709 1694 76 22 Enfin,
1819 1694 23 19 et
1874 1695 92 22 surtcut,
2001 1693 196 21 l'administration

1686 1724 81 19 pourra
1791 1718 59 20 tenir
1873 1720 85 22 compte
1980 1720 39 20 des
2041 1718 158 21 réclamations

1686 1745 37 23 qui
1744 1744 31 20 lui
1796 1743 76 20 serent
1893 1744 120 23 adressées;
2036 1744 20 20 si
2079 1748 30 15 un
2131 1743 69 23 agent

1686 1774 76 18 essaye
1790 1768 145 20 d'influencer
1962 1774 31 15 un
2025 1768 123 20 déclarant,
2177 1770 23 17 la

1687 1795 66 19 chose
1765 1793 54 24 peut
1830 1797 57 16 no-js
1897 1792 46 21 être
1955 1794 121 21 dénoncée;
2089 1794 22 19 la
2123 1792 64 20 vérifi-

1687 1820 75 19 cation
1784 1823 51 15 sera
1857 1818 58 21 alors
1937 1818 46 21 très
2006 1818 148 24 approfondie
2177 1817 24 19 et

1688 1845 89 23 portera
1792 1848 38 15 sur
1847 1843 23 20 la
1885 1843 89 24 plupart
1991 1844 38 20 des
2043 1843 105 20 bulletins
2163 1841 38 24 qui

1689 1871 39 18 ont
1739 1868 36 20 été
1786 1867 85 22 confiés
1883 1868 12 19 à
1907 1872 24 16 c?.
1941 1872 118 16 racsnseur
2071 1883 5 4 .

1713 1899 61 19 Nous
1797 1897 113 23 disposons
1932 1898 57 20 donc
2012 1898 27 20 de
2062 1901 91 19 moyens
2173 1897 28 19 de

1689 1923 99 20 contrôle
1801 1922 38 24 qui
1854 1923 135 23 permettent
2005 1923 27 20 de
2048 1922 87 21 réduire
2150 1926 39 15 sen-

1689 1948 117 20 siblement
1822 1947 33 20 les
1872 1947 130 24 possibilités
2017 1948 28 20 de
2061 1947 87 20 fraude.

1767 1985 39 20 UN
1821 1984 124 20 TRAVAIL
1958 1984 170 23 COMPLIQUE

1716 2032 23 5 —
1752 2021 82 23 Quand
1848 2022 76 19 seront
1938 2025 84 17 cennus
2036 2021 32 20 les
2085 2020 117 20 résultats?

1715 2057 26 5 —
1753 2048 21 20 Il
1793 2046 82 20 faudra
1894 2046 101 21 attendre
2014 2045 109 25 plusieurs
2142 2047 62 18 mois.

1717 2082 25 4 —
1755 2072 24 19 Si
1793 2071 124 22 longtemps
1925 2071 11 19 ?

1715 2106 26 5 —
1752 2097 34 19 En
1802 2096 64 22 effet,
1881 2100 39 16 sur
1936 2097 20 20 le
1973 2096 154 20 recensement
2144 2095 47 19 indi-

1692 2122 73 19 viduel
1785 2121 62 20 vient
1866 2124 24 16 se
1909 2121 82 23 greffer
2011 2121 21 20 le
2052 2123 154 17 recensement

1693 2147 38 19 des
1745 2150 134 16 commerces
1893 2147 24 20 et
1929 2146 38 20 des
1981 2145 129 23 industries;
2126 2145 67 23 opéra-

1693 2172 48 19 tion
1760 2171 38 23 qui
1816 2170 114 20 retardera
1948 2170 215 21 considérablement
2184 2169 22 20 la

1693 2196 87 21 ventrée
1796 2196 39 20 des
1848 2195 109 21 bulletins.

1718 2228 33 18 De
1768 2226 56 23 plys.
1838 2226 32 20 les
1884 2226 121 21 fara&tités
2022 2227 28 18 dn
2064 2226 99 19 cr^'r-V.-*
2180 2229 20 15 »;

1693 2251 32 20 les
1739 2250 114 24 multiples
1867 2249 134 23 démarches,
2015 2249 127 24 auxquelles
2154 2249 53 20 eUes

1695 2276 127 20 donneront
1834 2275 45 20 lieu
1891 2285 26 5 —
1927 2280 38 15 car
1977 2276 16 19 il
2006 2276 37 23 n'y
2054 2279 14 16 a
2079 2279 41 19 pas
2132 2278 42 19 que
2187 2274 21 19 le

1693 2300 100 21 contrôle
1814 2299 140 25 linguistique
1974 2310 25 5 —
2019 2300 75 20 feront
2114 2299 52 24 qu'il
2183 2302 24 16 se

1693 2330 91 16 passera
1800 2325 54 20 trois
1869 2330 30 15 ou
1914 2326 77 23 quatre
2008 2324 56 21 mois
2080 2325 71 19 avant
2164 2328 43 19 que

1693 2351 32 20 les
1755 2350 96 22 .Erandas
1883 2350 191 20 administrations
2107 2349 100 22 puissent

1694 2380 140 15 commencer
1852 2375 21 20 le
1892 2372 176 27 dépouillement,
2086 2373 108 24 dépouille-

1694 2403 64 17 ment
1770 2400 89 24 qu'elles
1877 2404 29 14 n»
1932 2402 57 20 sont,
2018 2399 117 20 d'ailleurs,
2163 2402 42 19 pas

1694 2424 96 23 obligées
1808 2423 136 23 d'effectuer,
1963 2427 39 16 car
2021 2423 16 20 H
2058 2422 100 21 incombe
2179 2426 29 16 au

1696 2449 155 24 département
1863 2449 28 20 de
1903 2448 129 21 l'Intérieur.

1720 2481 61 19 C'est
1797 2480 57 20 donc
1870 2484 28 15 en
1914 2479 44 20 mai
1975 2483 28 16 ou
2020 2478 49 23 juin
2086 2477 123 21 seulement

1696 2510 42 18 que
1754 2506 23 19 la
1794 2505 51 20 ville
1864 2504 28 20 de
1909 2503 118 22 Bruxelles,
2045 2507 42 20 par
2104 2502 105 24 exemple,

1695 2535 51 15 sera
1764 2530 14 20 à
1795 2529 73 20 même
1888 2529 29 20 de
1933 2529 117 20 connaître
2067 2527 142 21 exactement

1696 2560 26 15 sa
1740 2554 115 22 situation,
1874 2554 83 23 d'après
1975 2554 33 20 les
2027 2553 135 20 indications
2180 2552 30 19 du

1698 2580 159 20 recensement.
1872 2587 9 9 »
1895 2588 26 5 —
1931 2578 28 21 G.

2204 216 109 60 UN
2373 217 344 60 EXPRESS

2308 302 41 46 D
2354 293 223 56 ÉRAILL
2580 303 36 46 E

2229 399 37 30 EN
2286 398 145 31 BRULANT
2450 399 42 31 UN
2512 399 184 31 AIGUILLAGE

2253 469 42 30 ON
2316 468 126 31 COMPTE
2459 469 90 30 TROIS
2569 469 106 31 MORTS

2243 514 37 30 ET
2301 513 99 30 DOUZE
2420 513 123 31 GRANDS
2563 509 122 35 BLESSÉS

2305 576 41 21 (De
2363 575 64 20 notre
2443 576 182 23 correspondant)

2235 607 104 22 Londres,
2351 606 13 20 3
2377 606 94 24 janvier.
2481 615 26 5 —
2523 606 53 19 (Par
2587 606 133 24 téléphone.»

2210 641 25 4 —
2247 632 49 19 Une
2308 631 144 23 catastrophe
2465 631 27 20 dc
2503 631 89 19 chemin
2604 631 27 20 de
2643 631 35 19 fer
2688 632 34 19 est

2210 660 116 18 survenue,
2337 656 92 22 samedi,
2440 659 49 17 vers
2501 656 12 19 2
2525 655 22 20 h.
2560 656 23 19 15
2594 655 27 20 de
2633 655 91 24 l'après-

2212 681 60 22 midi,
2287 686 46 15 non
2347 681 45 20 loin
2404 681 27 20 de
2445 681 22 20 la
2480 685 53 19 gare
2545 680 27 20 de
2587 680 99 23 Carllsle,
2700 681 23 19 et

2211 705 40 20 elle
2266 711 14 15 a
2292 705 65 20 coûté
2373 705 22 20 la
2407 706 34 20 vie
2456 705 15 19 à
2485 706 34 19 six
2533 709 121 20 personnes
2669 706 40 19 tan-

2211 730 32 21 dis
2264 731 81 22 qu'une
2363 730 107 20 douzaine
2491 730 97 20 d'autres
2608 731 51 19 sont
2676 730 46 19 très

2211 755 200 25 ;ian/.îcusemcnt
2429 754 101 24 blessées,
2550 758 54 16 sans
2624 754 99 25 compter

2213 780 29 19 ies
2256 779 122 20 nombreux
2392 784 121 18 voyageurs
2526 779 158 20 contusionnés
2695 783 28 16 ou

2214 804 79 23 ^o;ipés
2310 808 41 17 par
2364 804 39 20 des
2419 804 69 20 éclats
2502 804 28 20 de
2545 804 74 20 vitres.

2740 212 89 47 LES
2859 210 397 49 AGRESSEURS

2803 280 62 47 DE
2895 279 302 48 CHAUFFEURS

2740 377 82 31 DEUX
2841 376 129 31 D'ENTRE
2992 375 60 31 EUX
3075 375 34 30 SE
3127 374 133 31 JETTENT

2779 422 81 31 DANS
2880 422 39 29 LA
2939 420 119 32 GUEULE
3080 419 42 31 DU
3142 419 80 31 LOUP

2781 493 35 31 LE
2839 485 166 37 TROISIÈME
3027 489 53 31 EST
3103 481 122 39 ARRÊTÉ

2769 538 20 30 A
2810 532 426 35 MONT-ST-AMAND-LEZGAND

2771 600 74 21 Gand,
2861 599 12 19 3
2889 597 94 24 janvier.
3013 606 25 5 —
3068 595 53 20 Hier
3137 594 79 22 matin,
3231 594 28 19 de

2747 625 45 20 très
2811 625 72 19 bonne
2899 623 75 22 heure,
2990 621 57 20 deux
3067 620 79 23 jeunes
3164 623 53 19 gens
3236 622 24 16 se

2746 648 155 25 présentèrent
2913 647 14 20 à
2941 647 21 19 la
2978 648 147 22 permanence
3140 643 28 20 de
3184 642 75 24 police,

2748 672 92 21 Marché
2851 676 44 16 aux
2906 670 95 22 Poulets,
3013 670 14 19 à
3039 668 74 22 Gand,
3125 668 24 20 et
3161 666 86 21 déclarè-

2747 699 51 19 rent
2811 699 14 18 tx
2838 696 102 20 l'officier
2953 696 28 19 de
2991 694 83 20 service
3084 692 64 25 qu'ils
3160 697 24 15 se
3198 694 49 19 trou-

2748 722 76 20 vaient
2836 725 54 16 sans
2903 723 92 20 moyens
3007 718 138 20 d'existence.

2774 745 109 21 C'étaient
2911 744 32 20 les
2972 742 100 21 nommés
3086 741 127 20 Guillaume
3227 741 33 18 De

2748 772 83 21 Bruyn,
2843 769 41 23 âgé
2897 769 27 20 de
2942 768 23 19 18
2981 772 47 17 ans,
3044 766 129 22 débardeur,
3189 764 60 20 domi-

2749 795 49 20 cilié
2831 798 40 16 rue
2901 793 28 20 de
2959 792 90 21 l'Etuve,
3066 791 19 21 8,
3102 790 14 20 à
3132 790 91 21 Anvers,
3238 788 23 20 et

2709 834 14 10 .,
2749 819 106 23 François
2881 818 129 20 Dhaemers,
3036 815 41 24 âgé
3104 815 28 19 de
3162 814 23 19 19
3214 817 42 16 ans

2238 835 17 19 L
2262 839 89 20 express
2383 835 133 23 Edimbourg
2518 835 110 20 -Londres
2643 834 82 20 roulait
2749 849 12 15 c
2762 843 106 20 hauffcur
2889 842 81 21 d'auto,
2987 840 132 20 demeurant
3137 837 125 25 également

2713 862 11 7 *
2750 869 13 19 à
2777 869 90 19 Anvers,
2882 866 92 20 Grande
2989 869 40 16 rue
3044 864 75 20 Pierre
3133 862 59 22 Pott,
3206 862 32 20 38.

2775 891 112 21 L'officier
2916 890 27 20 de
2976 889 69 24 police
3062 888 31 20 les
3110 887 29 20 fit
3153 886 107 24 colloque:

2750 915 183 26 provisoirement
2945 918 29 16 au
2990 913 67 23 dépôt
3086 910 126 22 communal
3240 911 23 20 et

2751 940 112 21 demanda
2879 937 229 25 télégraphlquement
3124 936 39 20 des
3179 935 72 20 rensei-

2751 965 117 24 gnements
2879 964 14 19 à
2904 964 91 21 Anvers,
3009 962 14 20 â
3035 961 48 20 leur
3095 960 66 23 sujet.

2776 990 32 19 La
2818 988 69 24 police
2898 988 28 19 de
2938 987 23 20 la
2973 985 120 24 métropole
3107 984 103 24 répondit
3222 988 41 19 que

2752 1014 31 20 les
2808 1014 58 19 deux
2894 1011 93 21 détenus
3015 1010 85 20 étalent
3126 1008 138 24 soupçonnés

2752 1039 65 20 d'une
2833 1036 113 24 agression
2959 1035 109 20 nocturne
3080 1034 24 19 et
3119 1033 27 21 de
3162 1032 35 20 vol
3211 1032 52 20 d'un

2752 1064 55 18 auto
2820 1062 14 19 à
2845 1062 91 20 Anvers.

2777 1085 106 21 Aussitôt.
2910 1085 31 19 M.
2969 1084 20 21 le
3015 1081 250 23 commissaire-adjoint

2753 1112 109 22 Wynants
2877 1109 129 22 -cuisina",
3019 1108 46 20 fort
3077 1106 144 22 habilement,
3234 1105 35 21 let>

2753 1136 57 19 deux
2821 1135 78 23 jeunes
2912 1133 149 24 garnements,
3071 1132 37 23 qui
3118 1130 148 21 s'accusèrent

2754 1159 170 20 mutuellement
2947 1158 23 19 et
2982 1156 163 25 prononcèrent
3167 1154 21 20 le
3213 1158 51 15 nom

2754 1184 52 19 d'un
2820 1182 112 25 complice,
2947 1186 31 16 un
2992 1180 86 21 certain
3092 1180 100 19 Peeraer.

2778 1208 49 20 Une
2839 1206 101 24 enquête,
2953 1205 190 20 immédiatement
3171 1204 96 20 ouverte,

2755 1233 28 19 fit
2796 1232 115 20 découvrir
2923 1235 42 20 que
2977 1234 24 16 ce
3015 1229 88 20 dernier
3115 1227 125 24 séjournait
3253 1227 14 19 à

2755 1253 337 23 Mont-St-Amand-lez-Gand,
3107 1252 29 20 où
3166 1252 16 20 11
3211 1252 56 20 était

2755 1285 28 16 cn
2796 1281 83 19 service
2892 1281 54 19 chez
2959 1280 19 19 12
2993 1279 74 19 forain
3078 1277 146 20 Meircsonne.

2781 1305 53 19 Hier
2852 1305 50 21 soir,
2920 1309 29 15 on
2968 1302 95 25 procéda
3078 1302 14 19 à
3109 1306 42 15 son
3169 1301 86 19 arresta-

2757 1330 53 19 tion.
2825 1329 81 20 C'était
2921 1328 20 20 le
2955 1327 89 20 nommé
3075 1326 65 19 Louis
3168 1325 100 21 Peeraer,

2756 1354 41 23 âgé
2810 1354 28 19 de
2850 1353 25 19 20
2888 1357 47 17 ans,
2949 1351 143 23 domestique,
3105 1348 110 22 domicilié
3229 1352 39 16 rue

2756 1378 103 22 Schoyte,
2873 1377 29 20 17.
2917 1376 15 21 h,
2946 1377 91 19 Anvers.

2782 1402 30 21 Le
2827 1401 49 22 trio,
2890 1400 110 23 interrogé
3015 1399 148 24 séparément,
3177 1402 29 16 ne
3222 1399 35 18 tar-

2758 1427 30 19 da
2802 1430 42 19 pas
2858 1426 14 18 à
2888 1429 88 16 avouer,
2989 1425 48 19 tout
3052 1428 27 16 en
3095 1422 126 21 s'accusant
3233 1421 23 21 ré-

2758 1449 173 25 ciproquement,
2950 1448 69 21 d'être
3040 1448 32 20 les
3093 1449 91 19 auteurs
3204 1446 66 20 d'une

2757 1475 56 20 série
2828 1473 145 23 d'agressions
2989 1473 76 19 contre
3083 1472 39 20 des
3138 1471 132 20 chauffeurs

2757 1499 28 19 de
2799 1499 65 19 taxis.

2247 861 61 18 toute
2326 860 79 19 vitesse
2427 864 55 19 pour
2502 860 91 23 pouvoir
2613 859 111 23 rejoindre

2215 885 100 19 .'horaire
2328 884 85 20 officiel
2427 884 106 20 vis-à-vis
2546 884 81 24 duquel
2639 884 16 19 il
2669 884 56 19 était

2214 914 28 15 en
2255 909 81 19 retard.
2352 909 29 20 Le
2396 909 134 20 machiniste
2545 909 82 23 forçait
2641 908 85 20 l'allure

2214 934 74 23 liuand
2302 934 21 19 le
2337 933 61 20 train
2411 933 106 24 atteignit
2528 933 132 24 l'aiguillage
2673 937 40 19 pro-

2215 958 40 20 che
2272 959 27 19 de
2314 958 22 20 la
2351 962 53 19 gare
2420 958 90 20 susdite.
2524 959 37 19 On
2578 963 28 15 ne
2623 959 46 19 sait
2685 962 28 15 en-

2215 988 50 15 core
2294 987 56 19 pour
2382 983 71 23 quelle
2488 983 75 19 raison
2594 982 133 24 l'aiguillage

2216 1007 82 21 n'obéit
2310 1012 47 19 pas,
2370 1008 44 20 soit
2425 1007 15 19 â
2453 1011 65 16 cause
2532 1007 28 20 de
2573 1007 23 20 la
2606 1007 80 20 vitesse
2699 1007 27 19 dd

2216 1034 104 22 l'express
2334 1036 29 16 ou
2376 1036 42 19 par
2434 1032 23 19 la
2470 1032 64 19 faute
2549 1031 28 21 de
2591 1031 137 24 l'aiguilleur,

2216 1057 57 20 mais
2290 1057 23 20 la
2329 1057 104 19 machine
2448 1055 99 23 dérailla,
2565 1056 131 20 entraînant
2714 1061 14 14 a

2216 1087 25 15 ba
2257 1081 58 22 suite
2331 1082 33 19 les
2380 1080 119 24 premières
2515 1081 97 20 voitures
2626 1082 29 21 ct,
2671 1081 57 19 dans

2217 1112 31 15 un
2263 1106 55 20 choc
2336 1105 130 23 effroyable,
2481 1106 20 20 le
2519 1106 77 19 convoi
2614 1106 73 19 entier
2704 1110 24 15 s-j

2219 1139 6 12 i
2229 1135 99 17 enversa,
2345 1130 32 20 les
2396 1129 185 25 compartiments
2600 1135 23 14 se
2643 1130 10 19 f
2654 1134 75 15 racas-

2218 1158 51 18 ;?:int
2285 1156 32 20 les
2336 1160 43 15 uns
2397 1160 38 15 sur
2454 1154 32 20 les
2504 1155 81 21 autres,
2604 1154 33 20 les
2656 1154 73 20 débris

2220 1183 24 18 .le
2263 1181 53 21 bois,
2331 1179 82 21 d'acier
2430 1179 24 20 et
2469 1180 27 19 de
2514 1183 74 16 verres
2606 1179 77 20 volant
2700 1184 29 14 cn

2218 1206 53 22 :'air,
2297 1205 74 20 tandis
2399 1208 42 20 que
2467 1203 128 21 s'élevaient
2621 1204 39 19 des
2686 1204 43 19 cria

2219 1229 173 25 épouvantables
2411 1230 109 19 couvrant
2541 1228 20 20 le
2578 1228 60 20 bruit
2658 1227 72 21 même

2218 1255 27 20 de
2259 1257 36 18 cet
2307 1254 139 20 écrasement
2457 1253 149 23 gigantesque.

2244 1280 36 19 On
2291 1284 24 15 se
2327 1279 108 23 précipita
2447 1277 95 20 aussitôt
2554 1282 30 15 au
2596 1281 87 16 secours
2693 1277 39 20 des

2218 1303 99 21 victimes
2333 1302 166 24 emprisonnées
2513 1302 57 19 dans
2587 1301 31 21 les
2634 1302 97 20 voitures

2219 1327 155 21 enchevêtrées
2392 1332 29 15 ou
2443 1326 132 23 renversées,
2594 1327 75 19 tandis
2690 1331 41 19 que

2220 1352 31 20 les
2267 1352 107 24 rescapés,
2389 1352 94 23 passant
2498 1351 14 20 à
2528 1352 86 18 travers
2631 1351 32 20 les
2682 1354 39 20 por-

2221 1376 66 21 tières
2299 1376 119 21 arrachées
2432 1381 29 15 ou
2475 1381 42 19 par
2529 1377 32 19 les
2574 1374 99 22 fenêtres
2686 1376 34 19 bri-

2219 1401 55 22 sées,
2287 1401 157 23 s'enfuyaient,
2460 1400 88 22 affolés,
2565 1401 95 19 courant
2676 1400 58 20 droit

2220 1427 83 19 t'.cvant
2313 1430 49 18 eux,
2375 1430 53 15 sans
2441 1426 64 19 autre
2516 1425 40 19 but
2568 1428 42 20 que
2621 1425 28 20 de
2659 1425 61 19 s'éloi

2221 1455 54 18 ■jner
2289 1451 30 20 du
2336 1451 43 20 lieu
2396 1451 28 19 de
2439 1450 22 19 la
2478 1449 149 24 catastrophe.

2247 1474 19 20 Il
2280 1480 28 15 ne
2324 1475 69 20 fallut
2407 1475 68 22 qu'un
2491 1478 57 19 coup
2561 1473 61 20 d'œil
2639 1478 55 19 pour
2710 1478 24 16 se

2221 1500 78 20 rendre
2314 1500 88 23 compte
2416 1504 42 18 que
2471 1499 20 20 le
2505 1499 62 20 bilan
2580 1498 40 21 des
2633 1498 100 21 victimes

2222 1525 74 19 aevait
2310 1524 47 20 être
2370 1523 67 21 élevé.
2452 1524 37 19 On
2505 1524 51 22 sait,
2568 1527 30 16 en
2613 1523 64 23 effet,
2691 1527 42 20 que

2222 1550 36 18 cet
2274 1552 90 20 express
2378 1549 35 19 est
2429 1548 102 23 toujours
2547 1547 60 24 plein
2624 1547 28 21 de
2666 1552 56 19 voya-

2222 1577 64 19 geurs
2299 1574 23 19 ct
2336 1574 20 20 le
2369 1574 91 19 concert
2474 1573 116 23 effrayant
2600 1572 40 21 des
2654 1573 43 19 cris
2711 1573 24 19 et

2222 1597 39 20 des
2283 1598 97 23 plaintes
2405 1597 68 21 disait
2494 1602 43 19 que
2568 1597 125 21 là-dessous
2711 1602 24 15 se

2224 1623 126 19 trouvaient
2367 1622 115 24 beaucoup
2496 1622 28 20 de
2541 1622 152 20 malheureux.

2247 1647 44 20 Des
2308 1647 84 20 soldats
2406 1649 147 18 accoururent
2569 1646 62 20 aider
2646 1647 21 20 le
2683 1651 51 19 per-

2223 1671 79 20 .'.onnel
2316 1672 39 19 d?.s
2369 1672 101 20 chemins
2484 1671 28 21 de
2525 1671 34 20 fer
2574 1673 24 19 et
2609 1671 32 20 les
2656 1675 68 16 sauve-

2224 1696 60 20 teurs
2303 1696 134 21 volontaires
2452 1697 24 19 et
2494 1695 95 21 aussitôt
2607 1700 129 19 commença

2224 1720 20 19 le
2267 1720 88 22 pénible
2380 1721 126 23 sauvetage.
2528 1721 33 21 De
2580 1721 23 19 la
2627 1720 108 24 première

2223 1744 91 22 voiture,
2333 1745 23 19 la
2374 1745 50 23 plus
2442 1744 94 22 abîmée,
2557 1745 180 22 naturellement,

2225 1768 15 20 Il
2258 1773 29 15 ne
2305 1769 80 20 restait
2402 1774 42 19 que
2463 1769 38 20 des
2518 1769 73 20 débris
2606 1769 73 24 parmi
2695 1769 30 20 les-

2224 1793 61 23 quels
2304 1793 143 23 gémissaient
2465 1798 44 15 une
2540 1794 140 19 soixantaine
2711 1794 28 20 de

2224 1821 126 19 personnes.
2383 1818 182 21 Heureusement,
2597 1817 23 20 la
2649 1817 91 24 plupart

2225 1842 90 20 avaient
2330 1842 210 20 miraculeusement
2556 1842 99 24 échappé
2671 1842 14 20 à
2700 1842 27 20 l'é-

2225 1867 125 19 crasement
2364 1868 24 19 et
2405 1871 30 15 on
2452 1871 29 15 ne
2499 1867 90 23 compta
2607 1867 57 20 dans
2681 1868 58 19 cette

2225 1891 85 20 voiture
2328 1895 42 19 que
2388 1891 54 20 trois
2472 1891 77 22 morts,
2578 1891 163 20 affreusement

2226 1914 200 21 méconnaissables
2450 1915 30 20 du
2505 1915 65 23 reste,
2592 1916 23 19 et
2637 1915 103 24 quelques

2225 1940 81 20 blesses
2322 1940 55 19 dont
2391 1939 63 20 l'état
2470 1940 95 23 exigeait
2582 1944 32 16 un
2631 1940 110 20 transfert

2227 1965 80 22 urgent
2322 1963 15 21 à
2352 1964 108 23 l'hôpital.

2252 1989 118 19 L'examen
2393 1989 39 19 des
2454 1989 97 20 voitures
2574 1989 114 20 suivantes
2712 1989 29 20 fit

2228 2013 114 20 découvrir
2357 2014 56 19 trois
2427 2014 77 20 autres
2519 2014 106 19 cadavres
2641 2016 23 18 et
2679 2014 49 23 quel-

2228 2042 52 19 ques
2295 2038 75 19 autres
2382 2038 83 23 grands
2477 2038 88 20 blessés.

2252 2062 42 20 Les
2312 2062 158 20 contusionnés
2487 2064 41 19 ont
2545 2063 36 20 été
2597 2063 88 23 soignés
2702 2068 39 15 sur

2229 2086 62 24 place
2312 2091 41 19 par
2375 2087 39 20 des
2434 2086 134 22 infirmières
2588 2087 107 21 mandées
2712 2093 30 15 en

2237 2111 52 20 rite.
2306 2111 32 20 La
2360 2112 90 23 plupart
2468 2112 84 20 d'entre
2570 2116 43 16 eux
2634 2113 108 20 restaient

2230 2136 102 21 hasards,
2354 2136 102 23 inquiets,
2475 2136 32 20 les
2527 2141 57 18 yeux
2605 2137 71 23 pleins
2696 2137 34 20 d'é-

2229 2161 118 23 pouvante.
2360 2161 31 20 Ils
2405 2161 74 20 disent
2494 2166 41 19 que
2551 2162 21 20 le
2586 2162 55 19 choc
2656 2162 38 20 fut
2706 2162 23 20 in-

2233 2185 142 24 descriptible
2396 2186 24 19 et
2443 2185 64 24 qu'ils
2527 2190 29 15 ne
2581 2188 163 21 comprennent,

2231 2214 40 19 pas
2283 2210 113 20 comment
2407 2210 28 20 ils
2446 2210 76 21 vivent
2533 2215 87 15 encore.

2256 2234 29 20 Lc
2302 2234 138 20 mécanicien
2458 2235 27 21 de
2502 2235 104 24 l'express
2623 2236 35 20 est
2672 2236 72 22 parmi

2232 2258 31 21 les
2278 2259 83 23 .grands
2373 2259 82 21 blessés
2470 2260 23 20 et
2505 2259 17 20 il
2537 2261 37 19 n'a
2587 2264 41 19 pas
2643 2260 35 20 été
2692 2265 40 19 pos-

2232 2283 53 20 sible
2291 2283 39 20 -de
2348 2283 137 24 l'interroger
2500 2283 87 24 jusqu'à
2605 2284 96 24 présent.

2257 2308 77 22 Quant
2356 2308 15 19 à
2393 2308 108 20 l'examen
2522 2309 28 20 de
2572 2309 139 24 l'aiguillage,
2730 2310 16 19 il

2232 2332 36 20 n'a
2287 2337 30 19 pu
2339 2332 86 21 donner
2449 2337 88 17 aucuns
2563 2334 131 22 indication,
2713 2334 32 20 les

2232 2357 54 20 rails
2308 2358 70 21 ayant
2399 2357 38 20 été
2456 2357 161 22 littéralement
2640 2358 105 21 arrachés

2232 2385 41 19 par
2286 2381 23 20 la
2322 2381 135 21 locomotive.

3280 208 249 48 ENCORE
3543 208 85 48 UN
3644 208 145 48 RAID

3372 278 83 47 TR
3457 278 157 56 AGIQ
3615 277 83 48 UE

3304 377 42 30 UN
3366 375 99 31 AVION
3488 375 132 31 ANGeLAIS
3637 374 132 32 TENTAIT

3379 421 42 30 UN
3441 420 125 31 VOYAGE
3585 419 114 32 RAPIDE

3370 466 38 30 DE
3427 465 138 48 LONDjtK
3585 465 44 31 AU
3648 464 61 32 CAT

3314 537 28 30 IL
3360 535 107 32 TOMBE
3485 530 76 37 PRÈS
3580 535 40 31 DE
3639 536 120 31 TRIPOLI

3308 601 76 23 Tunis,
3401 602 12 18 3
3434 600 121 22 décembre.
3575 609 26 5 —
3619 599 41 21 Les
3684 599 111 21 aviateurs

3284 625 150 23 britanniques
3448 626 71 22 major
3535 624 102 20 Barnard
3652 625 23 19 et
3688 624 47 20 lord
3750 624 42 19 Lo-

3284 650 80 22 vclace,
3380 651 38 22 qui
3431 650 90 19 avalent
3537 648 71 24 quitté
3622 648 70 20 Tunis
3707 648 56 23 hier,
3779 647 15 21 à

3285 675 22 19 11
3325 674 22 20 h.
3362 675 31 21 30,
3409 679 56 19 pour
3481 673 89 24 Tripoli,
3586 673 147 24 poursuivant
3745 672 50 21 leur

3284 698 108 20 tentative
3412 699 27 20 de
3455 702 83 19 voyage
3557 698 77 23 rapide
3654 696 140 21 Londfes-Le

3285 724 48 23 Cap
3347 724 14 19 à
3378 723 53 21 bord
3449 723 26 20 de
3493 723 48 20 leur
3557 723 123 22 trimoteur,
3693 725 41 19 ont
3749 722 46 20 fait

3285 753 43 15 une
3340 748 67 20 chute
3421 748 57 19 dans
3491 747 22 20 la
3527 747 76 22 soirée,
3614 747 16 20 à
3643 746 103 25 quelques
3759 746 23 20 ki-

3286 773 103 19 lomètres
3406 772 28 20 de
3449 771 142 21 l'aérodrome
3608 771 27 21 de
3653 771 90 24 Tripoli.

3311 797 30 21 Le
3360 797 73 23 major
3453 796 109 22 Barnard,
3581 795 49 21 lord
3650 796 106 20 Lovelace
3771 796 26 20 «t

3287 821 47 20 leur
3359 821 143 21 mécanicien,
3522 820 105 24 d'origine
3657 820 138 20 américaine,

3286 846 51 19 sont
3357 845 136 24 grièvement
3513 844 81 21 blessés
3613 845 25 20 et
3655 844 28 21 ils
3699 846 42 21 ont
3761 844 35 21 été

3288 869 138 24 transportés
3443 869 15 20 à
3471 868 90 25 Tripoli.
3577 879 26 4 —
3617 869 81 20 Havas.

3419 927 117 26 FRANCO
3555 928 16 25 A
3590 928 85 27 PARIS

3310 990 68 22 Paris,
3400 990 12 19 3
3434 989 93 23 janvier.
3543 999 27 5 —
3587 990 30 20 Le
3635 989 160 20 commandant

3286 1015 86 19 Franco
3382 1015 35 18 est
3426 1013 15 20 à
3450 1014 68 19 Paris.
3527 1013 20 20 H
3558 1018 14 15 a
3582 1013 86 20 déclaxé
3678 1017 30 17 au
3721 1021 9 9 «
3743 1013 40 20 Ma-

3287 1038 34 20 tin
3337 1048 8 7 >.
3361 1037 53 24 qu'il
3424 1038 89 23 pensait
3524 1038 114 19 demeurer
3649 1036 15 20 à
3676 1036 64 21 Paris
3753 1041 29 16 en-

3287 1062 62 19 viron
3371 1066 31 15 un
3421 1062 62 22 mois,
3503 1061 100 24 pendant
3620 1061 72 23 lequel
3710 1061 17 20 il
3743 1060 52 21 irait

3288 1086 108 23 plusieurs
3406 1086 44 19 fois
3462 1090 27 16 en
3502 1085 104 24 Belgique
3618 1086 71 19 avant
3699 1085 84 20 d'entre-

3288 1110 101 23 prendre,
3399 1113 53 16 avec
3462 1113 42 17 son
3514 1109 143 22 mécanicien,
3670 1113 32 16 un
3713 1112 83 20 voyage

3288 1133 136 24 d'agrément
3435 1138 27 16 en
3475 1133 117 23 Amérique
3602 1133 31 20 du
3645 1132 52 21 Sud.
3710 1142 27 5 —
3748 1132 36 21 Ha-

3288 1162 45 16 vas.

3318 1221 35 26 LE
3373 1221 68 25 RAID
3459 1220 39 26 DU
3517 1220 14 16 «
3548 1219 195 26 TRADE-WIND
3762 1218 15 18 »

2840 1534 184 20 TRANSFERES
3041 1534 19 19 A
3079 1533 111 20 ANVERS

2784 1573 41 19 Les
2838 1572 55 20 trois
2910 1575 126 20 agresseurs
3056 1572 40 19 ont
3115 1570 35 20 été
3171 1569 87 21 transfé-

2759 1597 41 22 rés,
2814 1597 36 20 cet
2866 1595 138 24 après-midi,
3019 1600 41 19 par
3076 1595 141 21 commission
3233 1599 37 16 ro-

2759 1622 84 23 gatoire
2859 1626 29 15 au
2904 1621 97 23 Parquet
3016 1621 112 19 d'Anvers.

2823 1679 98 26 GREVE
2951 1678 258 28 D'INSTITUTEURS

2858 1741 41 19 (De
2916 1741 64 19 notre
2996 1740 182 23 correspondant)

2784 1771 69 24 Paris.
2871 1771 13 19 3
2904 1770 93 24 Janvier.
3016 1780 27 5 —
3061 1770 53 20 (Par
3133 1769 133 24 téléphone.)

2760 1805 24 5 —
2799 1789 54 26 Une'
2861 1795 119 23 singulière
2994 1793 64 24 grève
3072 1798 14 16 a
3099 1793 71 20 éclaté
3182 1798 25 15 ce
3219 1798 38 15 ma-

2760 1819 41 22 tin,
2820 1819 36 23 qui
2875 1822 81 19 groupe
2972 1819 50 19 tous
3038 1818 31 20 les
3087 1817 141 20 instituteurs
3242 1817 28 19 de

2760 1842 116 21 Marssille.
2891 1841 176 22 Dernièrement,
3082 1841 24 20 la
3118 1840 152 24 municipalité

2761 1866 47 20 leur
2829 1866 110 23 octroyait
2957 1870 44 15 une
3023 1865 123 20 Indemnité
3167 1865 28 21 de
3216 1865 55 19 trois

2761 1891 64 19 cents
2840 1890 76 20 francs
2933 1894 41 19 par
2987 1889 62 22 mois,
3064 1893 56 19 pour
3133 1888 32 20 les
3178 1888 80 20 surveil-

2761 1915 75 19 lances
2847 1913 64 24 après
2922 1914 33 19 les
2967 1918 70 17 cduts,
3048 1913 59 19 alors
3115 1917 43 19 que
3169 1913 32 19 les
3213 1912 47 20 inté-

2762 1937 69 21 ressés
2852 1937 146 21 réclamaient
3028 1941 44 15 une
3105 1936 122 22 indemnité
3244 1936 27 19 de

2761 1963 50 22 sept
2821 1962 53 19 cent
2887 1961 153 24 quatre-vingt
3050 1960 51 24 cinq
3115 1960 82 20 francs.

2788 1986 49 20 Une
2852 1985 94 20 réunion
2962 1990 13 15 a
2991 1985 35 20 été
3042 1986 67 19 tenue
3123 1984 15 20 à
3152 1984 24 20 la
3189 1984 83 19 Bourse

2763 2010 29 20 du
2804 2009 90 20 Travail
2906 2010 30 20 et.
2948 2009 14 19 à
2977 2007 145 23 l'unanimité,
3135 2008 31 20 les
3181 2007 79 20 institu-

2764 2035 59 19 teurs
2832 2035 41 18 ont
2884 2032 75 21 décidé
2968 2033 28 19 de
3006 2037 28 15 ne
3046 2032 49 23 plus
3105 2031 57 20 faire
3173 2031 32 20 les
3216 2031 56 20 dites

2762 2057 157 20 surveillances
2931 2057 70 19 avant
3012 2060 42 19 que
3066 2056 22 20 le
3099 2055 87 20 Conseil
3198 2055 63 19 muni-

2763 2081 58 24 cipal
2834 2081 47 20 leur
2894 2081 33 19 ait
2938 2080 74 20 donné
3025 2081 62 19 toute
3101 2079 141 20 satisfact'on

3407 1283 79 23 (Voyez
3502 1282 68 21 début
3587 1286 55 20 page
3661 1281 27 20 L)

3318 1314 130 22 New-York,
3463 1314 12 19 3
3493 1313 92 23 janvier.
3602 1322 27 5 —
3645 1312 30 21 Le
3692 1319 9 10 «
3718 1312 84 20 Trade-

3293 1339 66 20 Wlnd
3375 1346 18 17 a,
3406 1338 14 20 à
3435 1338 55 20 bord
3506 1337 80 24 duquel
3602 1336 119 21 raviatrieje
3736 1336 66 24 Béryl

3292 1364 58 19 Hart
3365 1364 24 19 et
3404 1363 21 20 le
3442 1363 124 20 lieutenant
3581 1362 52 19 Mac
3646 1362 72 19 Laren
3731 1360 59 22 effec-

3293 1388 64 20 tuent
3371 1388 49 20 leur
3433 1387 37 20 vol
3483 1386 193 23 transatlantique,
3689 1390 14 15 a
3717 1385 85 21 survolé

3292 1413 14 19 à
3323 1414 23 18 10
3360 1413 22 19 h.
3398 1412 25 19 30
3442 1412 77 19 (heure
3536 1410 76 20 locale)
3640 1410 21 20 le
3688 1409 110 24 paquebot

3318 1437 111 19 Bermuda
3445 1444 17 11 ».
3476 1435 90 20 L'avion
3579 1435 69 20 volait
3661 1434 15 20 à
3689 1434 68 20 faible
3768 1434 23 20 al-

3293 1461 71 20 titude
3382 1461 24 20 et
3424 1465 24 17 se
3469 1460 102 23 dirigeait
3587 1459 140 24 rapidement
3746 1458 57 21 dans

3295 1486 20 19 la
3329 1486 106 19 dlrcotlon
3450 1485 28 19 du
3494 1485 121 19 sud-ouest.

3319 1511 20 18 A
3354 1510 23 19 10
3390 1510 23 20 h.
3427 1510 25 19 45
3470 1509 77 20 (heure
3562 1509 87 21 locale),
3660 1508 21 20 le
3694 1507 111 25 paquebot

3296 1542 9 8 «
3324 1533 162 21 Ptin-America
3507 1542 9 7 -
3537 1537 15 16 a
3570 1532 124 24 également
3723 1536 82 20 apeerçu

3295 1558 81 20 l'avion
3396 1559 38 23 qui
3455 1557 128 22 bénéficiait
3602 1557 59 21 alors
3678 1557 54 20 d'un
3751 1558 54 19 vent

3295 1582 119 21 favorable.
3428 1593 26 4 —
3471 1583 89 19 Reuter.

3369 1640 124 26 AUTOUR
3511 1639 91 27 D'UNE
3616 1638 115 28 STATUE

3438 1686 17 25 A
3469 1684 204 27 CLEMENCEAU

2793 2139 178 44 MARCHÉS
2994 2146 49 36 DE
3068 2146 182 42 BELGIQUE

2787 2231 139 20 DBUXELLES.
2945 2232 10 15 3
2972 2231 79 19 Janvier.
3069 2239 20 4 —
3109 2230 75 16 Marche
3201 2230 78 16 malin»!

2767 2251 124 16 Grsnd'PUce
2901 2251 19 16 et
2932 2251 75 15 Bonne.
3007 2258 22 4 —
3038 2251 83 15 Potnmfs
3132 2251 22 15 de
3164 2252 54 15 terre.
3230 2250 51 16 70-8.)

2766 2270 26 18 les
2810 2271 30 15 100
2858 2271 25 17 k.;
2901 2270 135 19 choux-Heurs.
3050 2269 72 16 425-450
3138 2269 27 16 les
3183 2269 34 17 100.
3232 2269 47 16 4.50-

2767 2290 38 17 4.75
2820 2290 17 17 le
2853 2290 55 17 chou;
2924 2290 23 16 [d.
2964 2290 70 18 blancs.
3051 2288 72 18 125/UO
3142 2288 26 16 les
3183 2288 36 18 100.
3235 2288 45 16 1.50-

2768 2309 36 16 1.75
2815 2309 16 16 le
2843 2309 54 17 chou;
2909 2309 25 16 id.
2946 2312 71 16 rouges.
3031 2309 70 16 125-150
3112 2309 27 15 les
3150 2309 36 17 100.
3197 2307 84 17 1.53-1.75

2768 2329 17 16 le
2801 2329 55 18 chou;
2872 2329 25 17 id.
2912 2330 51 15 verts
2983 2328 63 18 150-3;
3062 2328 25 17 ld.
3102 2328 23 16 de
3138 2327 99 18 Bruxelles.
3251 2327 30 16 3-5

2768 2349 18 17 le
2798 2348 27 17 fc.:
2839 2351 81 13 carottes
2940 2348 21 16 50
2973 2348 25 16 1rs
3013 2348 29 16 100
3054 2348 24 18 k.,
3090 2348 37 16 0.80
3139 2347 17 16 1-
3169 2347 25 19 k.:
3209 2346 73 16 salades

2768 2368 23 16 de
2804 2368 33 17 blé.
2854 2368 50 16 14-18
2918 2368 17 16 le
2951 2368 26 17 k.:
2993 2368 24 17 ld.
3032 2367 68 16 laitues
3119 2366 84 17 1.75-2.25
3216 2366 17 16 la
3248 2366 19 19 pl
3275 2368 5 13 ;

2769 2387 25 16 Id.
2807 2389 67 18 petites
2885 2388 73 17 laitue».
2974 2387 49 16 17-22
3036 2388 18 15 le
3066 2387 26 17 t.;
3106 2387 24 16 ld.
3142 2386 72 19 frisées,
3225 2385 57 16 2-2.75

2258 2406 65 20 Cette
2353 2406 144 25 catastrophe
2518 2408 35 19 est
2570 2412 44 16 une
2636 2408 40 20 des
2697 2407 50 24 plus
2757 2402 30 26 h»
2803 2408 32 18 pi-:
2852 2408 84 18 ornons.
2954 2407 21 17 70
2990 2407 27 16 les
3034 2407 29 16 199
3077 2407 24 17 t..
3117 2406 36 16 125
3168 2405 16 17 le
3199 2405 26 18 k.:
3242 2405 40 19 poi-

2232 2434 77 19 ?raves
2320 2431 38 23 qui
2370 2436 25 15 se
2408 2432 72 20 scient
2493 2432 114 24 produites
2620 2437 29 15 en
2663 2433 82 23 Angle-
2758 2422 3 25 I
2769 2430 31 13 "*
2802 2430 24 13 ux
2827 2441 5 5 *
2846 2427 29 16 10
2888 2427 18 16 lm
2917 2427 58 17 botte:
2988 2426 64 16 célérls
3054 2442 4 3 -
3071 2426 20 16 10
3092 2433 7 5 *
3100 2426 21 16 35
3133 2426 18 16 la
3162 2426 12 16 b
3175 2439 21 8 *--
3199 2424 40 17 c£rr
3239 2428 11 19 ?
3249 2428 12 12 u
3262 2445 5 2 -
3263 2425 12 15 n

2234 2456 58 19 terre
2307 2455 79 24 depuis
2402 2455 52 21 bien
2468 2456 125 25 longtemps
2609 2457 58 24 déjà.

1230 4749 40 26 UN
1286 4750 141 30 ASSASSIN
1445 4753 59 27 EST
1517 4753 103 28 PENDU

1736 2650 151 27 L'AFFAIRE
1912 2649 35 30 PE
1968 2648 110 28 GAMME
2079 2646 96 29 RAGES

1819 2712 80 22 (Voyez
1913 2710 66 21 début
1995 2714 56 20 page
2065 2709 24 22 1)

1723 2744 62 19 Nous
1795 2742 76 20 disons
1882 2731 83 38 d'acre
1977 2743 52 21 part
2042 2745 41 19 que
2097 2740 22 19 la
2132 2739 66 20 cham-

1698 2768 38 19 bre
1756 2768 31 19 du
1807 2765 82 22 conseil
1907 2765 145 22 ahconfirmé,
2067 2764 93 21 .samedi,
2179 2763 32 19 l^s

1698 2792 107 19 mandats
1825 2789 84 22 d'arrêt
1918 2789 101 20 -délivrés
2039 2789 18 19 à'
2071 2789 82 22 charge
2173 2788 38 19 des

1699 2816 51 23 cinq
1769 2814 112 21 individus
1902 2808 88 34 arfîtés.

1724 2846 34 19 En
1776 2845 85 22 réalité,
1883 2843 55 22 cette
1969 2843 113 20 formalité
2104 2848 14 14 a
2138 2842 73 20 donné

1698 2870 44 20 lieu
1760 2870 15 20 à
1793 2874 31 16 un
1841 2869 98 22 incide©
1957 2873 5 15 :
1983 2869 23 20 la
2021 2868 30 19 loi
2067 2867 86 24 prévoit
2171 2871 41 19 que

1699 2895 21 19 le
1740 2894 95 20 mandat
1855 2891 82 23 d'arrêt
1957 2892 48 21 doit
2024 2892 47 20 être
2103 2891 109 20 confirmé

1699 2919 58 20 dans
1770 2918 32 20 les
1813 2919 51 22 cinq
1878 2918 59 23 jours
1949 2917 38 23 qui
1999 2916 88 21 suivent
2101 2915 99 20 l'interro-

1699 2943 86 23 gatoire
1804 2942 31 21 du
1854 2941 102 25 prévenu.
1973 2942 38 22 Or,
2030 2941 23 19 la
2072 2940 92 24 journée
2184 2939 28 20 de

1699 2967 86 21 samedi
1800 2966 57 21 était
1872 2966 22 20 la
1911 2965 96 22 sixième.
2024 2965 41 20 Les
2083 2964 129 20 défenseurs

1700 2992 39 20 des
1758 2991 90 20 accusés
1863 2991 25 20 et
1903 2990 20 21 le
1942 2990 115 20 ministère
2073 2989 74 24 public
2173 2988 39 20 ont

1699 3016 92 20 entamé
1810 3021 33 15 un
1861 3015 66 20 débat
1946 3015 14 19 à
1977 3019 25 15 ce
2022 3014 66 23 sujet,
2107 3014 15 19 à
2141 3012 72 21 l'effet

1700 3041 103 20 d'établir
1818 3044 25 16 ce
1858 3040 64 23 point
1936 3039 28 20 de
1978 3038 60 21 droit
2056 3044 5 14 :
2077 3038 15 20 à
2107 3038 73 20 savoir
2193 3038 20 19 si

1699 3065 22 20 le
1732 3065 52 23 jour
1797 3065 27 20 de
1838 3063 182 24 l'interrogatoire
2035 3062 109 24 comptait
2158 3066 56 20 pour

1700 3089 21 21 le
1732 3089 80 24 départ
1823 3089 30 20 du
1864 3088 70 20 calcul
1947 3088 38 20 des
1996 3087 51 24 cinq
2059 3087 61 23 jours
2130 3086 83 20 francs.

1722 3120 36 23 £a
1774 3119 106 21 chambre
1894 3118 29 21 du
1939 3117 82 21 conseil
2038 3122 14 15 a
2069 3117 65 24 passé
2150 3117 62 19 outre

1700 3148 46 16 aux
1761 3143 139 21 conclusions
1914 3142 104 24 déposées
2034 3146 42 20 par
2089 3142 32 20 les
2134 3141 68 20 défen-

1700 3173 63 15 seurs
1786 3169 23 19 et
1827 3167 41 22 elle
1891 3171 14 16 a
1926 3166 109 21 confirmé
2057 3166 32 20 les
2107 3164 106 25 mandats

1701 3193 89 19 d'arrêt.
1809 3192 40 20 Les
1868 3190 128 21 défenseurs
2015 3191 40 20 ont
2073 3190 128 20 immédiate-

1701 3218 63 18 ment
1776 3216 104 24 interjeté
1893 3215 71 24 appel.

1727 3241 61 20 Voici
1804 3241 61 24 quels
1878 3241 49 19 sont
1942 3240 31 20 les
1989 3240 90 20 avocats
2096 3240 38 19 des
2147 3243 55 16 accu-

1701 3265 36 22 sés
1755 3270 5 15 :

1727 3290 58 19 Pour
1797 3290 33 19 De
1842 3289 122 20 Mecheleer
1983 3294 4 15 :
2003 3289 42 20 M"
2059 3288 155 20 Schietecatte,

1703 3314 169 20 Vanderveeren
1894 3313 22 21 et
1937 3313 137 23 Verheyden.

1727 3339 59 19 Pour
1799 3338 56 23 Suys
1871 3342 5 15 :
1890 3338 41 20 M"
1945 3337 66 20 Devis
2022 3340 24 18 et
2059 3337 155 20 Schietecatte.

1727 3363 59 20 Pour
1800 3363 89 19 Somers
1904 3366 6 15 :
1924 3362 24 20 M
1949 3366 8 8 r
1972 3362 102 21 Dierckx.

1727 3387 60 20 Pour
1799 3387 66 20 Lison
1882 3391 4 15 :
1903 3386 32 20 M'
1951 3386 119 20 Morichar.

1728 3411 59 23 Seul,
1803 3411 121 24 Ryggaerts
1942 3411 36 19 n'a
1996 3415 40 19 pas
2052 3414 80 16 encore
2149 3410 65 20 voulu

1704 3435 138 24 d'adjoindre
1856 3440 32 15 uu
1904 3434 124 21 défenseur.
2042 3444 27 5 —
2082 3434 24 20 Z.

1718 3507 32 26 LA
1767 3499 98 34 GRÈVE
1881 3505 146 29 GALLOISE
2046 3504 160 28 CONTINUE

1726 3569 105 23 Londres,
1851 3568 12 19 3
1881 3567 91 24 janvier.
1991 3577 27 5 —
2036 3567 30 20 Le
2086 3566 82 21 conseil
2185 3566 27 20 de

1701 3592 142 21 conciliati<jn
1863 3592 39 20 des
1930 3591 92 20 conflits
2053 3591 91 21 miniers
2160 3591 53 19 s'est

1701 3617 65 20 réuni
1779 3621 26 15 ce
1815 3616 72 20 matin
1899 3615 23 20 et
1935 3615 57 20 dans
2004 3614 146 24 l'après-midi
2165 3614 23 19 et
2198 3618 14 15 a

1702 3640 98 21 entendu
1816 3641 32 19 les
1862 3638 166 25 représentants
2043 3638 116 23 respectifs
2174 3638 39 19 des

1701 3664 100 20 mineurs
1812 3664 24 20 et
1845 3663 39 20 des
1894 3662 156 24 propriétaires
2061 3662 27 20 de
2100 3661 72 22 mines
2183 3661 29 20 du

1702 3688 47 21 Sud
1765 3688 30 21 du
1810 3688 58 23 Pays
1882 3687 27 20 de
1925 3686 76 20 Galles
2013 3691 39 15 sur
2067 3686 34 20 les
2114 3689 98 16 mesures

1702 3716 92 20 propres
1807 3712 15 20 à
1836 3711 57 20 faire
1906 3714 72 16 cesser
1990 3711 24 19 la
2028 3709 70 24 grève.

1727 3736 42 20 Les
1781 3733 155 27 propriétaires
1953 3735 40 20 ont
2007 3734 84 20 soumis
2108 3734 39 20 des
2160 3737 40 20 pro-

1703 3760 106 24 positions
1828 3758 134 25 légèrement
1980 3757 119 21 amendées
2117 3757 37 23 qui
2173 3756 41 20 ont

1703 3784 35 21 été
1754 3783 143 24 longuement
1910 3781 108 21 discutées
2034 3786 42 19 par
2089 3782 32 19 les
2137 3780 76 24 repré-

1702 3808 104 20 ssnteints
1822 3807 39 20 des
1876 3805 97 21 mineurs
1988 3806 23 20 et
2027 3805 134 20 finalement
2177 3809 35 15 re-

1703 3825 69 31 jêtées
1784 3834 43 21 par
1836 3835 49 16 eux.

1728 3856 34 20 En
1781 3854 155 24 conséquence,
1952 3854 23 19 la
1994 3851 64 26 ep-ève
2076 3853 38 21 des
2133 3852 80 22 120,000

1703 3879 99 20 mineurs
1821 3878 29 22 du
1870 3878 56 22 Pays
1955 3877 28 20 de
2014 3876 76 21 Galles
2108 3875 106 21 continue

1706 3903 85 24 malgré
1805 3903 32 20 les
1848 3900 83 26 espoirs
1945 3903 65 22 qu'on
2023 3901 61 21 avait
2095 3900 80 21 fondés
2181 3905 39 16 sur

1703 3928 58 20 cettee
1780 3926 136 21 conférence.

1728 3952 63 19 Dans
1808 3955 31 15 un
1857 3949 153 24 communiqué
2026 3949 130 23 annonçant
2175 3948 26 20 l'é-

1706 3975 54 20 chec
1782 3975 39 21 des
1839 3973 157 25 négociations,
2016 3974 20 20 le
2057 3973 102 21 ministre
2181 3973 38 20 des

1703 3999 73 22 Mines
1798 4002 103 17 annonce
1921 3998 58 20 dans
2000 3998 24 20 la
2042 3997 70 21 soirée
2134 3995 80 26 qu'une

1704 4022 130 25 députation
1854 4022 39 21 des
1911 4021 98 21 mineurs
2030 4026 52 16 sera
2098 4025 65 19 reçue
2185 4025 29 15 au

1703 4047 69 21 début
1790 4047 28 20 de
1837 4047 23 20 la
1879 4046 98 21 semaine
1992 4045 121 24 prochaine
2132 4049 43 19 par
2194 4046 20 18 le

1703 4071 96 24 premier
1818 4069 106 22 ministre,
1940 4069 22 21 le
1981 4069 102 20 ministre
2102 4068 30 21 du
2152 4072 50 16 com-

1704 4100 73 15 merce
1790 4095 24 20 et
1825 4095 21 20 le
1861 4093 98 22 ministre
1972 4094 39 19 des
2023 4093 79 20 Mines.
2115 4103 25 4 —
2153 4093 48 19 Reu-

1704 4120 40 20 ter.

1744 4180 75 40 LE
1850 4178 327 41 MONITEUR

1862 4231 25 16 du
1900 4229 10 17 4
1921 4230 73 18 Janvier
2010 4230 46 17 1931.

1762 4281 100 18 CABINET
1877 4281 30 15 DU
1921 4280 103 16 PREMIER
2037 4280 112 16 MINISTRE

1726 4306 73 17 ConseU
1817 4306 121 18 économique.
1952 4313 22 5 —
1989 4306 45 16 MM.
2051 4306 20 15 C.
2089 4305 93 19 Colpaert,
2199 4305 17 16 J.

1706 4327 94 18 Delbaere,
1817 4326 20 16 P.
1852 4325 65 17 Ooblét
1932 4325 101 17 d'AIvlella.
2050 4325 21 16 R.
2089 4324 93 19 Lefèbvre,
2198 4325 19 16 P.

1705 4347 75 16 Masson
1797 4345 92 18 (ministre
1900 4344 78 18 d'Etat),
1990 4345 23 16 O.
2026 4343 63 18 MulUe
2106 4344 111 18 (sénateur»,

1705 4366 20 16 P.
1736 4366 41 16 Van
1790 4364 68 18 Ackere
1872 4362 80 21 (député)
1965 4364 20 16 et
1994 4365 17 15 J.
2023 4367 37 13 van
2071 4362 69 20 Zuylen
2155 4362 52 18 (séna-

1706 4385 49 16 teur)
1772 4384 34 17 ont
1818 4383 30 17 été
1859 4382 81 18 nommés
1953 4383 90 17 membres
2056 4382 25 18 du
2095 4382 68 17 conseil
2176 4382 32 17 éco-

1707 4405 90 18 nomique.

1762 4428 52 24 AVIS
1828 4429 96 30 RELATIF
1935 4435 15 15 A
1964 4434 198 16 L'ENSEIGNEMENT

1727 4469 39 16 Une
1779 4468 52 19 place
1843 4466 128 18 d'institutrice
1984 4466 101 19 gardienne
2098 4465 30 17 est
2139 4466 79 16 vacante

1706 4490 11 15 t
1729 4484 238 22 Montignies-sur-eSambre
1981 4485 108 18 (Hainaut).
2102 4485 116 16 Traitement

1706 4507 52 19 légal,
1772 4507 87 16 Adresser
1874 4506 26 17 lei
1913 4504 100 18 demandes
2026 4505 11 17 à
2051 4504 165 18 l'administration

1706 4528 59 14 connu
1767 4529 23 13 im
1792 4525 28 17 aie
1833 4523 84 20 avantlle
1931 4524 19 16 13
1964 4525 79 18 Janvier.

1262 4811 42 21 (De
1317 4811 64 20 notre
1393 4814 184 24 correspondant)

1192 4841 105 22 Londres,
1309 4841 12 19 3
1335 4841 93 24 janvier.
1441 4852 27 6 —
1481 4844 54 20 (Par
1544 4845 118 24 téléphone
1670 4846 8 20 )

1169 4874 25 5 —
1207 4866 37 19 On
1255 4869 15 16 a
1282 4865 75 23 pendu
1370 4869 26 16 ce
1408 4866 80 23 matin,
1501 4867 14 20 à
1528 4867 23 21 la
1563 4869 77 23 prison
1653 4869 28 20 te

1169 4888 163 24 Birmingham,
1353 4893 32 16 un
1408 4889 67 23 jeune
1496 4890 90 21 homme
1606 4892 28 20 de
1657 4893 24 19 21

1168 4917 48 18 ans,
1229 4913 20 20 le
1260 4912 91 21 nommé
1362 4913 111 23 Simpson,
1484 4914 38 23 qui
1533 4916 63 20 avait
1607 4920 62 16 assas-

1167 4936 48 21 siné
1226 4941 31 17 un
1267 4936 91 23 rentier,
1368 4941 56 19 pour
1432 4937 61 20 voler
1503 4943 45 15 une
1559 4943 85 17 somme
1653 4940 28 20 de

1168 4961 58 20 deux
1238 4961 60 20 mille
1312 4960 66 20 livres
1388 4960 101 24 sterling.

1193 4990 105 24 Simpson
1319 4990 63 20 avait
1404 4995 33 15 un
1460 4991 113 25 complice,
1591 4994 90 20 nommé

1170 5015 82 22 Rid'.ey,
1265 5014 31 20 du
1307 5013 73 21 même
1389 5014 42 23 âge
1441 5019 42 19 que
1493 5015 39 21 lui.
1543 5017 60 20 C'est
1612 5018 70 20 l'auto

1168 5038 28 21 de
1217 5038 80 24 Rtdley
1318 5038 38 23 qui
1373 5038 70 20 servit
1464 5043 56 19 pour
1539 5040 141 24 l'expédition

1168 5062 100 24 tragique
1284 5063 24 20 et
1328 5061 54 21 c'est
1402 5062 125 23 également
1546 5064 79 25 Ridley
1642 5065 38 25 qui

1168 5086 28 21 fit
1208 5086 20 21 le
1240 5086 53 23 guet
1303 5085 102 24 pendant
1413 5091 42 18 que
1467 5087 105 24 Simpson
1583 5093 25 16 se
1617 5090 51 20 trou-

1168 5109 47 23 vait
1236 5110 57 21 dans
1311 5109 22 21 la
1354 5109 87 21 maison
1463 5110 31 21 du
1513 5111 75 22 crime.
1609 5113 71 22 Aussi.

1168 5133 65 21 fut-il
1245 5134 126 20 condamné
1385 5133 14 20 à
1410 5135 60 19 mort
1480 5140 29 15 en
1523 5136 72 20 même
1608 5137 73 24 temps

1168 5162 42 19 que
1221 5158 119 20 l'assassin.
1353 5157 59 20 Mais
1425 5157 28 22 de
1465 5159 144 22 nombreuses
1622 5161 46 23 péti-

1168 5182 60 20 tions
1241 5181 78 21 furent
1332 5180 114 21 adressées
1458 5186 30 16 au
1500 5183 103 22 ministre
1616 5185 28 20 de
1659 5185 21 20 la

1168 5205 91 23 Justice,
1276 5204 139 21 demandant
1429 5210 31 15 un
1472 5207 70 20 sursis
1557 5212 30 16 en
1602 5209 79 21 faveur

1169 5229 28 21 de
1213 5229 85 23 Ridley,
1312 5229 56 20 dont
1384 5228 23 20 la
1423 5229 128 24 culpabilité
1566 5232 57 21 n'est
1639 5237 42 20 pas

1168 5253 169 20 suffisamment
1352 5252 100 23 prouvée.

1192 5276 32 20 Le
1234 5276 102 21 ministre
1345 5274 54 22 finit
1408 5280 42 20 pax
1460 5281 114 18 commuer
1583 5279 24 21 la
1616 5281 65 23 peine

1169 5300 29 21 du
1217 5300 107 24 complice
1341 5304 29 16 en
1389 5300 204 24 emprisonnement
1610 5303 15 21 à
1640 5305 41 22 vie,

1169 5324 75 20 tandis
1275 5328 43 19 que
1349 5324 23 19 la
1400 5325 176 21 condamnation
1604 5328 77 21 contre

1169 5347 103 24 Simpson
1296 5346 57 22 était
1374 5347 136 22 maintenue.

1735 4584 148 37 BOURSE
1897 4580 53 45 DE
1973 4584 214 38 BRUXELLES

1856 4652 73 16 COURS
1941 4653 32 15 DU
1986 4653 80 16 TERME

1706 4703 88 20 Aljustrel
2080 4704 58 16 210.—
2160 4704 58 17 213.50

1706 4723 76 19 Banque
1801 4722 85 17 Colonies
1897 4728 3 3 ■
2091 4723 26 16 83.
2118 4731 22 5 —
2171 4724 24 15 Bi.

1706 4744 24 15 B"
1741 4742 53 17 Paris
1807 4742 94 18 Pays-Bai
1911 4740 68 16 2990.—
1990 4742 68 15 2975.—
2070 4742 69 17 3050.—
2149 4743 42 16 3040

1706 4761 103 17 Barcelona
1894 4757 6 21 I
1921 4760 58 16 770.—
2000 4761 59 16 767.50
2080 4762 59 16 775.—
2160 4762 35 17 780,

1706 4781 62 16 Brazil
1783 4780 87 17 Traction
1893 4776 6 27 J
2000 4780 59 17 792.50
2081 4781 58 17 797.50
2160 4782 59 16 805.—

1706 4801 73 15 Buenos
1794 4803 41 16 cap.
1893 4796 6 19 I
1921 4798 58 16 217.50
2000 4800 59 16 215.—
2080 4801 60 15 220.—
2160 4802 59 15 217.50

1707 4820 72 16 Buenos
1793 4820 37 16 div.
1893 4820 6 15 (
1922 4818 57 17 181-23
2001 4819 58 16 180.—
2081 4820 58 16 183.75
2161 4821 57 16 181.25

1707 4838 103 17 Concordla.
2170 4840 27 16 90.
2198 4847 21 5 —

1707 4858 63 18 Congo
1785 4858 28 17 (C.
1828 4858 23 16 G.
1869 4858 30 17 tiu)
2013 4858 19 15 68
2039 4859 20 15 25
2091 4859 49 16 66.—
2171 4860 48 16 66.50

1707 4877 40 16 Pin.
1760 4877 88 16 Caoutch.
2160 4879 37 16 109.
2197 4887 21 4 —

1707 4896 39 16 Oaa
1760 4896 50 16 Nord
1911 4895 68 17 1238.75
1991 4896 68 16 1330.—
2071 4897 67 17 1260.—
2150 4899 67 15 1255.—

1707 4915 100 19 Héllopolls
1991 4916 68 16 1695.—
2070 4917 69 16 1685.—
2150 4918 68 16 1395.—

1707 4934 41 16 Ind.
1766 4935 59 16 Chim.
1895 4931 14 19 t-
2080 4937 59 16 327.50
2159 4937 59 16 333.50

1707 4953 81 20 Kalpinc
2159 4957 59 16 257.50

1706 4973 59 16 Kasaï
1843 4973 59 17 282.50
1921 4972 58 18 283.75
2000 4974 58 17 278.75
2080 4975 59 17 386.35
2159 4976 37 16 385.

1707 4992 43 17 Lots
1762 4993 62 18 Congo

1707 5011 71 17 Mexico
1795 5013 62 16 Tram.

1707 5050 73 17 Nitrate
1794 5051 62 16 Railw.

1706 5069 97 17 Petrofina

1707 5089 65 17 Prince
1784 5090 58 16 Henri

1707 5108 54 17 Rand
1774 5109 60 16 Mines

1707 5126 58 20 Royal
1776 5128 62 16 Dutch

1706 5146 100 18 Sécuritles
1824 5146 62 20 (Hy*d.)

1706 5166 54 16 Seine
1774 5166 83 18 (Electr.)

1706 5185 76 17 Sennah
1797 5186 74 16 Rubber

1706 5204 54 17 Sidro
1774 5205 47 19 priv.

1706 5223 55 17 Sidro
1778 5224 39 18 (1/5
1829 5225 48 18 ord.)

1706 5243 77 18 Soeagel
1796 5243 65 19 Lipoet

1706 5262 82 17 Swedlsh
1803 5263 64 17 Match

1707 5281 120 19 Tanganyika

1706 5300 95 18 Thessalle

1706 5319 31 17 Tr.
1750 5320 48 16 Elec.
1811 5324 34 15 gaz
1859 5325 39 16 cap.

1706 5339 31 16 Tr.
1749 5339 48 17 Elec?
1811 5343 34 16 gai
1858 5341 37 16 dir.

2160 4995 57 16 134—

1920 5011 58 17 291.35
1999 5012 59 18 393.60
2079 5014 59 16 386—
2159 5015 56 16 300—

2079 5033 59 17 296.35
2159 5034 46 16 298'i
2210 5039 5 4 *

2159 5053 59 16 440.—

1921 5069 58 18 607.50
2000 5071 58 16 610.—
2080 5072 58 16 600.—
2159 5073 58 16 611.75

1989 5090 69 17 2660.—
2069 5091 69 16 2670.—
2148 5091 54 17 2660.-
2209 5101 7 3 -

2079 5111 59 16 448.—
2158 5111 59 16 447—

2068 5130 70 16 4235.—
2148 5131 66 15 4210—

2000 5148 57 17 855—
2080 5150 59 15 850.—
2159 5150 59 16 867.50

1921 5166 57 17 980—
2000 5168 59 16 975.—
2070 5169 68 15 1100.—
2149 5169 68 16 1090—

2001 5188 57 15 147.—
2080 5188 58 16 148.75
2160 5189 58 16 148.50

1912 5205 67 16 1095.—
1991 5207 68 16 1087.50
2070 5207 68 17 1105.—
2149 5208 69 16 1107.50

2070 5226 68 17 1085.—
2149 5227 52 17 1095-

2080 5246 58 17 707.60
2159 5247 37 16 715.

2148 5266 48 17 2300.

2000 5283 58 17 238.50
2079 5284 58 17 337—
2158 5286 42 16 339,

2159 5305 38 17 435.

2080 5323 57 17 690—
2160 5324 41 17 700,

2080 5343 58 16 500—
2159 5343 59 18 507.50

1706 5358 67 17 Tublte
1783 5360 46 17 priv.
1844 5360 57 16 233.75
1922 5360 57 17 231.23
2001 5361 57 17 330—
2080 5362 59 17 336.35
2160 5356 58 24 227^0

2260 2528 35 26 LE
2314 2528 72 27 GALA
2405 2530 38 25 DE
2460 2530 15 26 L
2478 2530 22 16 ,(<
2520 2523 170 33 ÉTINCELLE
2709 2531 14 16 »

2256 2590 58 19 Pour
2325 2591 159 20 commémorer
2493 2597 42 15 son
2543 2593 23 19 X
2568 2596 7 8 r
2586 2595 158 21 anniversaire,

2268 2614 71 20 cercle
2356 2615 58 20 d'art
2431 2616 98 21 théâtral
2548 2624 9 8 «
2576 2617 131 21 L'Etincelle
2726 2628 17 13 -,

2233 2637 27 21 de
2274 2638 120 21 Bruxelles,
2408 2643 14 15 a
2434 2640 80 22 donné,
2524 2641 92 23 samedi,
2627 2646 30 16 au
2671 2643 74 19 Palais

2233 2661 39 20 des
2291 2662 147 23 Beaux-Arts,
2462 2668 32 16 un
2516 2667 89 18 concert
2629 2665 116 24 artistique

2232 2689 38 19 qui
2285 2685 37 21 fut
2338 2686 96 21 favorisé
2450 2688 30 20 du
2495 2688 76 21 succès
2584 2689 24 24 ;e
2622 2689 50 23 plus
2688 2690 42 21 flat-

2232 2710 55 19 teur.

2257 2740 30 19 M.
2305 2740 84 20 Marcel
2420 2741 98 23 Lefèvre.
2533 2742 22 20 le
2585 2743 101 23 spirituel
2704 2748 40 15 ex-

2232 2763 151 21 chansonnier
2396 2765 30 20 du
2441 2765 60 21 Chat
2515 2766 60 21 Noir,
2589 2766 30 20 fit
2632 2772 44 15 une
2690 2772 42 15 cau-

2231 2787 171 21 serie-audition
2417 2793 38 15 sur
2487 2788 32 22 tas
2546 2790 112 20 chansons
2675 2791 72 20 d'hier

2246 2811 9 19 t
2272 2812 165 22 d'aujourd'hui
2456 2817 53 16 avec
2541 2813 21 20 le
2591 2819 107 16 concours
2717 2815 28 20 de

2233 2835 61 20 Mme
2311 2836 57 19 Lins,
2385 2836 98 21 Lefèvre.

2258 2859 31 19 La
2305 2860 59 19 suite
2380 2860 29 20 du
2424 2865 140 19 pregramme
2582 2862 57 20 était
2657 2862 88 21 assrrèe

2233 2883 28 19 de
2271 2883 105 20 brillante
2385 2884 67 22 façon
2464 2889 41 19 par
2515 2885 53 20 Mile
2578 2886 102 20 Derviîle.
2689 2890 11 13 r
2706 2891 5 3 -
2718 2891 26 15 n-

2233 2906 89 22 ratrice:
2344 2907 30 19 M.
2393 2907 90 24 Lorenz.
2503 2908 27 20 d?
2550 2908 21 20 la
2590 2909 106 20 Monnaie
2722 2910 23 19 et

2233 2931 40 19 Ml:
2275 2935 11 15 s
2302 2931 133 21 Marchand,
2448 2932 103 23 pianiste.

2259 2955 60 19 Nous
2334 2959 69 15 avons
2419 2952 98 24 reconnu
2534 2961 29 15 au
2577 2957 96 23 premier
2688 2962 58 17 rani

2256 2983 5 15 ;
2282 2978 23 20 la
2326 2978 44 21 très
2392 2979 132 21 nombreuse
2546 2980 122 21 assistance
2690 2982 55 19 MM.

2234 3002 121 23 Speckasrt
2385 3007 24 17 et
2440 3004 146 22 Vandevelde,
2619 3005 126 20 conseillers

2234 3029 158 21 communaux;
2434 3027 49 20 Van
2516 3028 76 23 Hyfte.
2630 3029 116 20 conseiller

2233 3051 126 19 communal
2382 3051 165 22 d'Anderlecht:
2572 3052 92 22 Libr.tte.
2686 3053 47 19 délé-

2235 3074 41 23 gué
2297 3074 30 20 du
2349 3074 114 21 ministère
2484 3076 39 19 des
2543 3076 103 20 Sciences
2662 3079 24 18 ct
2706 3077 40 19 des

2236 3099 58 20 Arts;
2311 3099 100 20 Modeste
2429 3099 98 23 Colruyt,
2542 3100 82 20 auteur
2637 3100 97 20 dramati-

2236 3126 47 19 que,
2295 3122 41 20 etc.

2260 3146 30 20 Le
2300 3146 80 20 comité
2392 3147 27 20 de
2431 3146 24 21 Y-
2470 3147 107 21 Etincelle
2592 3155 8 10 ■
2612 3153 24 15 se
2649 3148 97 20 trouvait

2234 3174 27 16 au
2274 3170 70 23 grand
2353 3171 102 23 complet,
2465 3171 72 21 citons
2548 3172 55 19 MM.
2613 3172 74 20 Pierre
2697 3173 49 19 Van

2235 3194 111 20 Benaden.
2365 3194 121 24 président:
2521 3195 89 23 Eugène
2639 3196 66 20 PJkal
2725 3198 21 18 et

2237 3219 70 18 Franz
2316 3218 109 21 Dezwasf.
2439 3218 192 24 vice-présidents;
2647 3220 100 19 Gustave

2235 3242 165 22 Vandermot*e.
2415 3242 127 21 secrétaire:
2560 3243 64 20 Louis
2637 3244 110 20 Jo3c'nim,

2237 3266 110 23 trésorier;
2370 3267 84 20 Marcel
2475 3267 103 22 Antoine,
2599 3267 70 20 Emile
2690 3268 57 19 Rcs-

2236 3290 50 20 sier.
2299 3290 42 20 etc.

2261 3314 37 20 Un
2318 3314 36 19 bal
2374 3314 38 20 des
2428 3314 49 22 plus
2493 3314 73 20 animé
2585 3315 85 20 clôtura
2689 3315 59 20 cette

2237 3338 131 20 attachante
2383 3338 75 20 soirée.
2473 3348 26 5 —
2513 3338 28 20 G.

2318 3401 168 27 DEMISSION
2503 3403 15 24 A
2535 3402 141 26 LONDRES

2331 3464 42 19 (De
2386 3464 64 20 notre
2462 3463 183 23 correspondant)

2261 3494 104 21 Londres,
2379 3494 12 19 3
2403 3493 91 24 janvier.
2505 3503 28 6 —
2547 3494 53 19 (Par
2611 3493 134 24 téléphone.)

2236 3527 26 5 —
2281 3518 54 19 Lors
2351 3517 27 21 de
2398 3518 22 19 la
2436 3517 122 20 discussion
2577 3517 28 20 de
2624 3517 22 20 la
2662 3517 30 20 loi
2710 3522 39 15 sur

2237 3541 31 20 les
2281 3541 118 23 colorants,
2411 3542 30 19 M.
2454 3541 98 21 Church.
2564 3540 80 24 député
2655 3541 80 20 travail-

2237 3565 50 20 liste
2298 3565 25 20 et
2335 3570 29 15 en
2376 3565 72 21 même
2461 3565 71 23 temps
2545 3564 118 21 secrétaire
2677 3565 59 23 parti-

2238 3589 68 20 culier
2319 3589 30 20 du
2362 3589 101 20 ministre
2476 3589 27 20 de
2516 3589 22 19 la
2550 3589 91 23 Guerre,
2652 3588 54 21 émit
2718 3593 30 15 un

2237 3613 51 20 vote
2305 3613 77 20 contre
2399 3613 21 19 le
2435 3613 178 22 gouvernement.

2263 3636 145 24 L'obligation
2428 3637 28 20 de
2476 3641 25 16 ce
2521 3636 51 21 vote
2591 3636 37 20 fut
2645 3641 56 19 pour
2718 3636 32 20 lui

2239 3659 134 25 l'obligation
2388 3660 83 20 morale
2488 3660 27 20 ds
2532 3660 82 23 quitter
2629 3664 42 17 son
2687 3660 63 23 poste

2238 3684 28 21 de
2276 3684 118 21 secrétaire
2408 3689 5 15 :
2426 3685 53 20 c'est
2490 3689 24 15 ce
2524 3684 52 23 qu'il
2586 3688 14 15 a
2609 3684 45 20 fait
2664 3684 85 20 samedi

2239 3712 28 16 en
2284 3708 123 20 remettant
2422 3712 27 16 sa
2464 3707 125 21 démission.

2242 3774 58 19 Pour
2316 3773 124 21 combattre
2458 3773 33 20 les
2510 3773 109 23 parasites

2268 3820 49 20 Une
2336 3819 52 20 note
2406 3819 30 21 du
2455 3818 115 21 ministère
2588 3819 39 20 des
2645 3819 24 20 P.
2686 3819 24 20 T.
2730 3819 25 20 T.

2241 3844 34 22 dit
2295 3848 6 16 :

2269 3876 8 9 «
2298 3869 36 20 On
2371 3868 44 21 sait
2447 3873 41 19 que
2524 3867 78 24 depuis
2624 3873 31 15 un
2668 3869 86 19 certain

2242 3894 78 23 temps,
2336 3893 31 20 les
2380 3893 94 20 services
2487 3892 105 24 spéciaux
2606 3892 31 21 du
2652 3892 89 21 ministè-

2242 3922 24 16 re
2277 3918 40 20 des
2332 3918 24 20 P.
2370 3918 25 19 T.
2408 3918 25 20 T.
2448 3917 146 20 recherchent
2609 3917 32 21 les
2656 3922 98 15 mesures

2242 3942 139 24 législatives,
2405 3942 190 20 administratives
2620 3946 29 16 ou
2673 3942 82 23 autres,

2243 3971 90 19 propres
2343 3966 15 20 ix
2370 3966 88 21 réduire
2472 3971 29 15 au
2513 3966 118 20 minimum
2643 3966 33 20 les
2687 3971 68 20 para-

2241 3991 50 22 sies,
2311 3991 56 20 dont
2386 3995 25 17 se
2430 3990 117 25 plaignent
2573 3995 53 15 avec
2652 3991 52 20 tant
2727 3991 27 20 de

2243 4014 75 23 raison
2334 4016 32 20 les
2381 4017 113 19 amateurs
2512 4016 27 19 de
2553 4015 25 20 T.
2596 4015 22 20 S.
2634 4016 24 19 F.

2269 4048 8 9 ..
2296 4040 76 20 Avant
2385 4040 28 20 de
2428 4039 93 24 déposer
2536 4044 32 15 un
2584 4040 74 23 projet
2674 4040 28 20 de
2718 4040 35 24 loi,

2241 4065 31 19 M.
2286 4064 20 20 le
2324 4064 102 21 ministre
2443 4064 143 20 Forthomme
2603 4064 59 21 tient
2680 4064 62 21 toute-

2241 4089 44 20 fois
2298 4089 15 20 à
2329 4090 95 22 prendre
2437 4089 63 20 l'avis
2515 4089 39 19 des
2570 4089 131 24 principaux
2718 4090 24 19 in-

2242 4113 99 24 téressés,
2361 4114 51 20 tant
2431 4114 30 20 du
2479 4112 49 21 côté
2544 4114 39 19 des
2602 4118 90 19 usagers
2712 4119 42 19 que

2241 4138 30 20 du
2285 4138 49 20 côté
2346 4138 27 21 de
2387 4142 55 16 oeux
2454 4138 56 20 dont
2522 4138 124 20 l'industrie
2659 4143 29 16 ou
2701 4138 41 21 l'ex-

2242 4162 120 24 ploitation
2382 4162 86 21 étaient
2491 4161 15 21 à
2519 4162 46 20 tort
2585 4167 30 16 ou
2639 4162 15 21 à,
2677 4163 76 20 raison

2241 4187 82 20 rcpr'vs
2338 4187 152 23 responsables
2507 4187 27 20 de
2551 4186 64 22 l'état
2631 4187 28 20 de
2676 4188 78 20 choses

2242 4211 105 21 existant

2267 4244 9 9 »
2295 4237 20 19 il
2328 4236 67 23 vient,
2416 4235 14 21 &
2446 4236 36 20 cet
2501 4235 63 23 effet,
2583 4236 29 21 de
2631 4237 122 20 constituer

2241 4265 43 16 une
2298 4261 147 23 commission,
2463 4260 148 24 notamment,
2627 4261 32 21 les
2677 4262 64 23 repré-

2239 4285 104 21 sentants
2360 4286 28 20 de
2400 4285 165 20 constructeurs
2580 4286 139 24 d'appareils,
2726 4287 27 19 de

2241 4310 95 23 grandes
2352 4310 145 20 associations
2512 4311 29 19 de
2556 4310 153 24 sans-filistes,
2725 4311 28 20 de

2241 4335 142 22 compagnies
2396 4335 28 21 de
2437 4334 120 23 tramways
2568 4335 26 20 et
2604 4334 28 21 de
2646 4335 95 21 distribu-

2241 4358 48 21 tion
2303 4359 115 23 d'énergie,
2435 4359 27 21 de
2475 4359 103 23 pouvoirs
2593 4359 91 24 publics,
2699 4365 54 15 sans

2241 4383 85 20 oublier
2349 4384 39 20 des
2410 4382 98 22 savants,
2521 4383 38 24 qui
2581 4389 24 15 se
2628 4385 52 20 sont
2702 4384 38 25 spé-

2241 4407 87 20 cialisés
2344 4409 58 19 dans
2415 4407 23 21 la
2453 4408 25 19 T.
2495 4407 22 20 S.
2533 4408 24 19 F.
2572 4418 26 4 —
2613 4408 75 24 Belga.

2241 4445 88 20 Conseil
2340 4445 28 20 de
2382 4444 94 21 Cabinet

2266 4490 38 21 Un
2318 4490 87 21 Conseil
2420 4490 28 20 de
2462 4490 95 21 Cabinet
2571 4496 56 16 aura
2640 4491 44 21 lieu
2697 4492 56 20 dans

2242 4514 20 21 le
2287 4516 95 20 courant
2405 4514 28 21 de
2455 4514 23 21 la
2500 4515 99 20 semaine
2625 4516 127 24 prochaine.

2240 4548 27 5 —
2275 4538 30 21 X.

2241 4576 41 19 Les
2294 4576 92 20 salaires
2400 4576 56 20 dans
2471 4575 31 21 les
2514 4576 71 21 mines

2266 4621 32 20 La
2327 4621 145 20 Commission
2502 4622 114 22 nationale
2631 4624 69 21 mixte
2715 4625 38 20 des

2241 4645 72 20 mines
2329 4650 25 16 se
2371 4644 97 24 réunira,
2483 4645 70 23 lundi,
2568 4651 56 20 pour
2642 4649 112 24 s'occuper

2241 4669 28 21 de
2284 4669 24 21 la
2322 4669 101 24 question
2436 4670 39 20 des
2490 4669 98 22 salaires.
2604 4682 25 4 —
2643 4672 28 21 X.

2243 4707 102 19 Curieuse
2359 4705 95 25 pétition

2266 4752 50 21 Une
2330 4752 102 24 pétition,
2450 4753 102 22 adressée
2568 4755 14 19 à
2600 4756 23 20 la
2642 4757 111 21 Chambre

2241 4781 42 20 par
2299 4777 21 21 le
2337 4777 59 20 sieur
2412 4778 102 23 Ermans,
2531 4779 28 21 de
2574 4780 122 25 Bruxelles,
2713 4782 28 20 de-

2241 4802 82 20 mande
2334 4802 23 19 la
2369 4801 101 22 création
2481 4802 15 21 à
2506 4803 23 20 la
2542 4804 112 22 Chambre
2668 4806 39 21 des
2716 4812 25 15 re-

2241 4825 148 24 présentants,
2408 4827 54 20 d'un
2476 4828 96 21 mandat
2589 4834 57 19 pour
2663 4835 32 16 un
2713 4831 27 21 dé-

2242 4850 62 23 légué
2319 4850 28 20 de
2360 4851 24 20 la
2398 4851 134 22 Fédération
2548 4855 172 24 européenne.—
2725 4857 28 19 X.

2241 4893 40 20 Les
2296 4893 73 23 pièces
2384 4895 27 20 de
2427 4895 26 19 20
2468 4896 77 20 francs

2264 4939 31 20 La
2312 4939 148 23 Commission
2476 4942 124 22 monétaire
2618 4949 25 15 se
2659 4944 91 22 réunira

2238 4962 64 21 lundi
2334 4968 57 19 pour
2417 4965 113 24 s'occuper
2555 4968 142 21 notamment
2722 4970 28 20 de

2238 4986 119 22 l'émission
2369 4988 28 20 de
2408 4988 72 24 pièces
2490 4990 28 21 de
2528 4991 26 20 20
2566 4991 82 21 francs.
2659 5002 26 6 —
2695 4993 29 21 X.

2240 5017 41 20 Les
2292 5016 93 25 budgets
2395 5018 145 24 provinciaux

2260 5069 42 20 Les
2313 5069 93 24 budgets
2417 5072 144 23 provinciaux
2569 5075 41 19 ont
2619 5075 45 21 fait
2673 5075 76 24 l'objet

2239 5092 52 21 d'un
2312 5093 99 24 échange
2428 5095 28 21 de
2475 5100 53 18 vues
2548 5097 45 21 lors
2613 5098 30 21 du
2662 5100 87 20 dernieT

2239 5117 88 20 ConseU
2343 5119 28 19 de
2388 5119 100 21 Cabinet.
2506 5121 31 19 M.
2555 5122 73 23 Baels.
2647 5123 101 21 ministre

2238 5141 28 20 de
2278 5140 126 23 l'Intérieur
2415 5147 14 16 a
2440 5143 36 23 été
2487 5144 82 24 chargé
2582 5145 28 21 de
2620 5146 32 21 les
2664 5148 72 20 exami-

2237 5168 42 17 ner
2296 5169 30 16 en
2344 5166 160 22 collaboration
2520 5172 53 17 avec
2591 5173 42 18 son
2651 5171 98 24 collègue

2238 5189 31 20 M.
2287 5189 21 20 le
2325 5189 102 22 ministre
2443 5191 114 22 Vauthier.
2573 5203 26 5 —
2616 5194 28 20 X.

2238 5224 25 17 Dt
2261 5227 21 15 M
2281 5227 22 16 W

2258 5268 125 19 Conleoltnre.
2396 5276 22 6 —
2436 5269 113 20 Conférence
2562 5272 86 20 pnbllqne
2663 5274 12 16 à
2691 5275 59 15 Bolt«-

2238 5287 44 19 fort.
2301 5295 21 5 —
2338 5288 102 17 Dimanche
2458 5289 11 16 4
2487 5289 79 21 Janvier,
2582 5295 24 14 en
2625 5292 20 17 la
2663 5294 45 15 salle
2726 5294 25 16 du

2237 5307 94 19 Gymnase
2348 5308 32 18 des
2397 5308 69 19 Ecoîes.
2481 5308 13 17 k
2515 5310 92 18 Boitsfort
2622 5319 20 5 —
2661 5312 91 18 termlniu

2239 5330 59 13 trams
2310 5327 26 18 16.
2348 5327 27 19 30,
2385 5327 20 17 31
2417 5328 20 16 et
2448 5328 21 16 33
2479 5336 20 5 —
2512 5329 12 17 à
2535 5330 10 16 3
2556 5330 72 20 heures,
2642 5332 110 17 conférence

2238 5345 85 20 publique
2338 5349 35 16 par
2390 5346 25 17 U.
2432 5348 90 19 Prençol»
2542 5350 40 16 V*n
2597 5350 51 17 Hout
2671 5351 54 19 Sujet
2744 5356 6 12 :

2240 5370 9 11 t
2258 5366 91 18 L'élevage
2364 5367 91 16 rationnel
2468 5368 26 16 du
2506 5368 59 20 lapin.
2572 5373 10 12 >

2769 2447 50 15 18-24
2835 2446 17 16 le
2870 2446 26 18 k.;
2915 2446 61 19 persil.
3000 2446 49 16 12-14
3067 2446 17 17 !a
3102 2445 18 16 k.
3123 2451 5 13 ;
3145 2444 68 19 oscille.
3231 2439 51 21 12-1-f

2769 2466 16 16 le
2797 2466 25 16 k.:
2834 2466 94 19 épinards,
2940 2465 30 17 7-9
2980 2465 16 17 le
3009 2465 25 18 k.:
3046 2466 67 15 navets
3129 2465 10 16 0
3146 2465 68 16 40-0.75
3224 2464 18 17 la
3255 2464 26 17 b.:

2769 2486 75 16 endives
2867 2485 56 16 1-1.50
2940 2485 19 16 la
2974 2485 26 18 b.;
3016 2485 86 18 t=matcs,
3116 2484 40 16 7-16
3171 2484 17 16 le
3202 2483 26 18 k.;
3242 2483 30 15 chi-

2769 2505 63 16 corées
2853 2505 85 18 2.75-4.25
2953 2505 17 16 le
2982 2504 26 16 k.:
3024 2504 69 16 salsifis
3113 2504 30 16 2-3
3158 2504 17 16 le
3188 2504 25 18 k..
3226 2503 57 16 2-3.25

2805 2525 58 17 boitr;
2883 2524 66 16 beurre
2967 2524 24 16 du
3008 2527 51 16 pays.
3080 2523 52 16 20-23
3151 2523 16 16 le
3184 2523 26 18 k;
3227 2523 55 16 eufs.

2769 2545 64 17 0.90-!.
2835 2545 19 16 10
2869 2543 55 20 p!5re.

2791 2569 78 17 ALOST.
2886 2569 11 15 3
2914 2569 73 16 février.
3004 2577 21 4 —
3042 2569 74 16 Beurre.
3134 2568 28 17 27;
3179 2568 23 16 id.
3218 2568 65 18 crème.

2770 2589 27 16 28:
2813 2589 55 17 œufs.
2882 2589 44 17 0.35;
2946 2589 29 15 120
2990 2588 95 19 porcelets.
3101 2589 30 15 400
3147 2588 12 16 à
3175 2588 31 16 550
3223 2588 26 16 les
3265 2588 18 17 2;

2771 2609 78 18 poulets.
2859 2609 21 15 36
2890 2609 11 15 à
2912 2609 21 15 40
2944 2608 33 17 ld.:
2989 2608 67 19 lapins,
3067 2608 20 16 10
3098 2608 12 16 k
3122 2608 20 16 12
3151 2608 19 16 le
3179 2608 25 17 k.;
3218 2608 66 16 viande

2770 2629 23 16 de
2809 2632 50 16 porc.
2873 2629 22 15 20
2908 2628 11 16 à
2935 2628 21 16 23
2966 2628 17 16 le
2994 2628 18 16 t.

2791 2654 105 18 BATTICE,
2910 2654 10 16 3
2934 2654 78 18 Janvier.
3030 2662 21 4 —
3067 2654 21 16 50
3106 2653 86 19 génisses.
3209 2654 48 16 2.000
3272 2657 10 12 a

2771 2674 55 18 2.500;
2849 2674 30 15 îoo
2899 2672 68 18 raeb»
2984 2672 85 21 matera,
3090 2673 55 18 2.500.
3155 2673 12 16 à
3187 2673 56 17 3.500:
3263 2673 20 15 bo

2771 2696 65 14 veaux,
2850 2693 47 16 1.300
2910 2693 11 16 à
2935 2693 53 16 1.610:
3002 2693 20 15 50
3034 2696 59 13 veaux
3108 2693 22 15 de
3143 2692 78 17 l'année.
3237 2692 46 17 1.2C0

2772 2713 11 15 à
2794 2712 54 18 1.5C0;
2860 2712 21 16 23
2892 2712 67 16 vaches
2971 2712 76 19 pleines.
3058 2712 47 17 4.500
3117 2712 11 16 k
3139 2712 55 17 5.500:
3209 2712 19 16 15
3241 2713 32 15 tau-

2772 2735 63 14 reaux,
2848 2732 10 15 3
2871 2732 11 15 i
2896 2732 11 15 9
2919 2731 17 16 le
2947 2732 26 18 k.;
2987 2732 30 15 1C0
3030 2731 51 16 bétes
3093 2732 22 15 de
3129 2732 103 16 boucherie.
3246 2731 37 16 6.50

2771 2750 13 18 fc
2795 2751 10 16 8
2819 2750 16 17 le
2846 2750 20 17 k.

2796 2776 110 16 ENGHIEN.
2919 2776 9 16 3
2943 2776 78 19 Janvier.
3035 2784 21 4 —
3069 2777 91 15 Froment.
3175 2776 27 16 80:
3217 2775 67 17 méteil.

2776 2795 28 16 70:
2820 2796 62 18 seigle,
2901 2796 27 15 72;
2945 2796 71 17 avoine.
3031 2796 28 15 £0;
3078 2799 48 14 orse.
3145 2795 27 16 78;
3191 2794 94 17 fcvercîas.

2777 2815 37 15 133;
2827 2815 64 18 grain:
2905 2815 22 15 de
2937 2814 33 17 lin.
2982 2815 37 15 325:
3034 2815 24 15 id.
3071 2815 22 15 ds
3104 2814 56 16 colza.
3174 2814 38 16 400:
3225 2813 61 21 pafllr,

2777 2834 37 16 i"iO:
2831 2834 39 16 foin
2891 2834 38 17 450;
2946 2837 80 16 porr.-rïîj
3039 2834 22 15 de
3074 2835 54 15 terre.
3144 2833 58 18 45-55;
3215 2832 70 18 facture.

2776 2854 58 15 24-26:
2849 2853 55 17 csufs.
2919 2853 91 16 0.90-1.05.

2793 2877 80 17 EUPEN.
2885 2878 10 15 3
2907 2879 78 17 Janvier.
2998 2886 19 4 —
3028 2879 75 16 B?.irre.
3116 2878 28 16 23:
3156 2879 53 16 n*v.Is,
3222 2878 42 16 1.30.

2793 2898 70 18 GAND.
2873 2898 10 15 3
2893 2898 79 18 Janvier.
2983 2906 21 4 —
3016 2898 88 23 Oipnons.
3114 2899 10 15 0
3131 2898 20 16 60
3162 2898 17 15 le
3189 2897 25 17 k.;
3227 2897 59 17 choux

2771 2917 63 19 fleurs.
2853 2918 11 15 4
2870 2917 75 17 25-4.50;
2965 2917 60 16 choux
3039 2917 63 18 «abus.
3121 2917 63 18 1-1.25;
3202 2917 83 16 cerfeui".

2773 2938 21 15 10
2806 2937 17 16 le
2837 2937 25 17 k.:
2877 2937 55 18 persil
2954 2938 18 16 15
2984 2938 17 15 ie
3016 2937 26 18 k.;
3056 2936 94 25 pOlreiUJÇ,
3161 2936 57 16 0.75-1
3231 2938 16 15 !e
3260 2939 25 15 p.:

2773 2958 72 16 navets.
2858 2957 38 16 0.35
2908 2956 17 16 le
2940 2960 26 15 p.;
2982 2957 59 15 choux
3055 2960 71 15 rouges.
3140 2956 63 17 1-150:
3218 2955 68 18 salade,

2774 2976 36 16 1.50
2822 2976 18 16 la
2854 2980 25 15 p.;
2891 2976 60 16 choux
2963 2976 21 16 dr-
2996 2977 71 17 Savoie.
3080 2976 68 16 7.50-10
3160 2976 26 15 les
3198 2976 26 17 13;
3236 2978 50 13 scor-

2773 2995 80 17 Bcnères.
2866 2996 10 15 4
2890 2996 17 17 le
2921 2999 11 15 p
2941 2999 5 12 :
2958 2995 70 19 céleris.
3042 2996 10 16 6
3063 2996 17 16 le
3092 2999 26 16 p.;
3132 2995 59 16 choux
3204 2995 23 16 de
3239 2995 38 15 Bru-

2773 3015 61 19 xelles.
2847 3015 38 16 3.50
2896 3015 17 17 le
2928 3015 26 18 k.;
2968 3015 99 18 cnlcoreïs.
3080 3015 62 15 3.25-3.
3144 3016 20 16 ;o
3178 3015 17 16 le
3208 3015 26 17 k.;
3247 3014 29 16 chi-

2772 3035 63 16 corées
2844 3038 23 13 cn
2879 3035 78 17 racines,
2967 3035 37 16 0.75
3017 3035 16 16 le
3046 3035 11 15 k
3065 3038 5 13 :
3083 3036 88 18 carottes.
3181 3035 37 15 0.50
3229 3034 17 17 *c
3258 3034 26 17 k.;

2774 3058 86 15 pom:ncs.
2872 3054 31 16 3-5
2915 3055 17 16 1«
2946 3054 25 16 k.:
2984 3057 79 16 crânes
3080 3055 37 17 0,50
3131 3056 16 15 le
3159 3054 26 18 k.;
3198 3054 87 15 bananes.

2772 3074 55 16 0.75-1
2846 3074 57 19 pltce;
2922 3074 77 17 citrons.
3016 3074 38 16 0.50
3068 3075 18 15 la
3103 3077 12 16 p
3123 3079 5 12 ;
3146 3074 73 18 raisins.
3236 3073 49 16 15-25

2774 3093 17 17 le
2802 3094 25 15 k.:
2843 3094 66 18 poires.
2921 3094 30 15 3-5
2963 3094 16 17 le
2993 3093 26 18 k.;
3032 3094 71 18 beurre.
3116 3094 21 15 2"î
3148 3093 17 16 le
3176 3093 26 19 k,;
3216 3093 71 19 poulets

2773 3113 11 15 à
2793 3113 53 18 rôtir,
2856 3114 52 15 30-50
2919 3113 66 19 pièce;:
2996 3113 63 19 poules
3068 3113 12 16 â
3089 3113 70 18 étuver,
3169 3113 51 16 15.35
3230 3113 18 16 1a
3259 3116 25 15 p.:

2773 3133 61 19 lapins
2861 3133 20 16 18
2896 3132 17 17 le
2930 3133 25 16 k.:
2973 3134 91 15 crevettes
3089 3133 20 15 10
3125 3132 16 16 1:
3160 3132 26 18 k.;
3202 3131 84 17 barbues.

2774 3153 49 16 15-20
2839 3152 16 16 !e
2872 3152 26 17 k.:
2916 3152 97 17 cabillaud.
3034 3152 50 18 13-20
3102 3152 17 16 le
3133 3152 26 16 1:.;
3176 3151 52 19 plies.
3245 3152 39 15 8-11

2774 3174 16 15 le
2801 3172 26 18 k.;
2840 3172 90 19 anguilles
2948 3172 51 16 22-30
3010 3171 17 18 le
3037 3172 25 15 k.:
3077 3171 83 20 nlglcfin.
3172 3172 50 15 10-15
3233 3172 17 15 le
3260 3170 11 16 k
3280 3175 4 12 :

2775 3192 48 15 raies
2840 3192 30 15 6-3
2885 3191 17 17 le
2914 3191 12 16 k
2935 3195 5 11 :
2955 3191 68 19 turbot,
3036 3191 51 18 20-25
3101 3192 17 15 le
3129 3191 12 15 k
3150 3195 4 13 ;
3170 3190 52 19 solts.
3236 3190 51 16 45-50

2774 3210 16 18 N
2802 3211 25 18 k.;
2840 3210 78 20 marisn.
2931 3211 30 15 4-5
2974 3211 16 16 le
3002 3211 19 18 v».

2795 3230 76 16 Marché
2886 3234 24 12 au
2925 3230 66 17 Btr.p.i!.
3003 3238 22 4 —
3038 3230 63 16 Bœufs
3122 3230 38 16 206;
3179 3230 40 18 prix
3235 3233 5 13 :
3254 3230 10 16 7
3276 3229 11 14 û

2773 3251 16 15 9.
2791 3249 25 20 B.
2829 3250 93 19 Génlsces.
2934 3250 36 16 162:
2987 3250 40 18 prix
3040 3254 5 11 :
3058 3251 10 15 7
3081 3250 11 16 k
3103 3250 15 16 9.
3120 3249 26 16 75.
3159 3249 70 16 Vaches
3248 3249 37 16 143:

2775 3270 40 18 prix
2832 3273 4 12 :
2851 3270 10 15 5
2867 3270 21 16 50
2900 3270 11 15 il
2924 3270 44 15 8.50.
2981 3270 103 18 Taureaux.
3102 3269 36 17 127:
3153 3269 41 19 prix
3208 3272 5 13 :
3226 3269 10 16 7
3247 3269 12 15 â
3271 3268 15 16 9.

2774 3290 68 17 Veaux,
2852 3289 38 18 352;
2904 3290 40 18 prix
2957 3293 4 11 :
2972 3289 11 16 9
2992 3289 12 16 à
3016 3289 24 18 15.
3052 3289 61 19 Pcrcs,
3126 3289 38 18 775;
3178 3289 40 19 prix
3232 3293 5 12 :
3249 3289 37 18 7.60

2774 3308 14 18 k
2799 3309 16 16 8.
2831 3309 92 17 Moutons.
2936 3309 38 17 219;
2989 3309 41 18 prix
3047 3312 5 12 :
3069 3309 10 16 5
3096 3308 11 16 à
3122 3309 16 15 6.
3154 3309 90 18 Agneaux,
3259 3308 26 18 12;

2775 3329 40 19 prix
2830 3332 6 12 :
2850 3329 15 16 7.
2879 3327 86 20 Chèvres.
2977 3327 26 19 25.
3108 3338 9 8 „

2794 3348 54 17 Bétes
2863 3347 75 16 bovhies
2952 3347 79 20 malfr-tl
3051 3347 35 17 103.
3103 3348 67 16 Jeunes
3186 3350 52 17 porcs
3260 3347 25 16 35.

2774 3367 97 17 Porcelets.
2886 3367 38 16 265:
2938 3369 41 17 prix
2992 3370 5 12 :
3010 3367 29 16 175
3051 3367 11 16 à
3075 3367 31 16 300
3117 3366 24 17 fr.

2796 3391 128 18 GOSSELIES,
2941 3391 10 16 3
2965 3391 78 19 Janvier.
3058 3400 21 3 —
3095 3392 74 17 B:urre.
3188 3392 27 17 26;
3232 3393 54 17 œufs,

2774 3411 21 16 27
2809 3411 23 16 fr.
2849 3411 27 16 les
2891 3411 28 17 26;
2936 3414 82 15 pommes
3034 3411 22 16 de
3071 3412 55 17 terre,
3142 3412 44 17 0.60;
3205 3411 80 18 chlcons.

2774 3430 45 19 3.75;
2833 3430 70 18 céleris,
2917 3430 44 18 0.50;
2975 3430 92 19 poireaux.
3082 3431 16 17 1;
3114 3431 82 18 oignons,
3210 3432 9 15 1
3231 3431 17 16 le
3260 3431 25 18 k.;

2775 3449 59 16 choux
2851 3449 64 17 blancs
2934 3450 19 16 ct
2971 3453 71 16 rouges,
3059 3449 43 20 IM',
3122 3450 60 16 choux
3199 3450 22 16 de
3239 3451 37 15 Bru-

2775 3468 61 18 xelles.
2849 3469 37 16 4.50
2897 3468 16 17 le
2924 3469 25 18 k.;
2961 3470 72 16 ncvc£s.
3044 3471 8 15 l
3066 3469 32 18 ld.;
3111 3469 63 16 salade
3185 3470 22 15 de
3218 3469 35 18 blé,
3267 3470 19 15 10

2776 3488 31 17 id.;
2823 3491 87 16 pommas,
2925 3489 10 15 4
2951 3489 32 18 id.;
2998 3492 83 15 oranges,
3097 3489 37 15 2.50
3150 3489 32 18 id.;
3198 3489 88 17 banane;,

2775 3507 37 16 6.50
2828 3507 24 16 id.

2796 3534 88 16 lierre,
2899 3533 11 16 3
2927 3533 78 19 Janvier.
3022 3541 21 5 —
3061 3534 92 19 Proment,
3172 3534 36 18 130;
3226 3534 61 18 seigle,

2775 3553 27 17 60;
2820 3553 71 17 avoine,
2911 3553 36 19 120;
2967 3556 81 16 pommes
3063 3554 23 16 de
3102 3555 49 14 terre
3173 3554 27 17 55;
3217 3554 69 18 b:urre,

2775 3572 28 16 25:
2819 3573 54 16 œufs.
2887 3573 21 16 25
2922 3573 24 16 fr.
2961 3573 27 16 les
3002 3574 26 15 25.

2796 3593 107 18 MALINES,
2924 3593 11 16 3
2955 3593 78 18 janvier.
3054 3601 21 4 —
3094 3593 74 16 Beurre.
3187 3593 21 16 23
3226 3592 12 16 A
3259 3593 27 16 24;

2776 3612 54 17 œufs.
2848 3612 38 16 0.90
2905 3616 10 12 a
2936 3612 42 18 1.15;
2999 3612 68 19 poules,
3079 3612 20 16 50
3115 3612 12 16 à
3145 3613 20 15 75
3180 3613 27 16 les
3222 3613 18 17 2;
3260 3613 19 19 pi-

2776 3635 62 15 geons,
2849 3632 10 16 9
2874 3631 11 17 k
2899 3632 20 16 13
2933 3632 31 17 id.:
2980 3632 85 18 canards,
3076 3632 21 16 40
3111 3632 12 16 à
3137 3632 21 16 50
3173 3632 31 18 ld.;
3220 3632 67 18 laiins,

2776 3651 21 16 30
2809 3651 11 16 A
2833 3652 27 17 40;
2876 3651 31 16 254
2920 3655 59 15 porcs.
2995 3652 30 16 135
3039 3652 11 16 ft
3065 3652 37 17 300:
3118 3653 10 15 4
3143 3652 97 18 taureaux,
3251 3652 37 16 7.50

2775 3674 32 13 sur
2825 3671 41 19 pied
2882 3672 19 15 et
2918 3671 47 17 13.75
2980 3672 82 15 abattus:
3079 3672 10 15 6
3103 3671 65 19 bœufs.
3179 3672 11 15 9
3205 3672 20 16 et
3242 3672 46 16 16.50

2776 3690 32 19 id.;
2828 3691 20 16 53
2866 3690 73 18 vaches,
2950 3691 10 15 ft
2978 3692 19 15 rt
3016 3691 46 16 14.75
3078 3691 32 18 ld.;
3128 3691 10 16 3
3153 3691 84 19 génisses,

2776 3712 19 15 et
2810 3710 20 16 15
2845 3710 32 16 id.:
2894 3711 21 16 45
2929 3714 64 14 veaux,
3009 3711 19 16 13
3043 3712 19 15 et
3078 3711 20 16 18
3113 3711 32 18 id.;
3163 3711 32 16 227
3208 3714 58 16 porcs.
3277 3712 11 15 8

2776 3731 19 15 ct
2808 3730 46 16 12.75
2865 3730 32 17 ld.;
2912 3730 133 18 choux-fleurs,
3058 3732 16 16 1;
3087 3730 59 17 céleri.
3143 3734 5 7 1
3146 3734 11 14 ;,
3170 3731 37 15 0.55
3219 3730 11 17 ft
3242 3731 44 16 0.65;

2777 3749 93 19 poireaux,
2885 3750 10 15 2
2909 3749 11 17 ft
2934 3750 45 18 2.75;
2993 3750 68 18 salade,
3075 3750 20 16 20
3110 3750 12 16 k
3135 3751 55 15 21.50:
3204 3750 83 19 oignons,

2777 3770 43 17 1.60;
2838 3769 60 16 choux
2912 3770 55 17 verts.
2984 3770 38 16 0.35
3039 3770 11 16 ft
3066 3770 44 16 0.50;
3128 3770 80 18 endives.
3222 3770 38 16 0.45
3276 3770 12 16 ft

2775 3789 44 16 0.50:
2838 3789 60 16 choux
2917 3789 69 18 blancs,
2999 3790 9 15 1
3027 3789 13 16 à
3057 3790 42 16 1.75:
3119 3790 59 15 choux
3196 3793 70 16 rouges,
3279 3791 8 14 1

2776 3809 11 15 ft
2805 3808 43 17 1.50;
2867 3808 61 20 persil,
2945 3809 37 16 4.75
2997 3809 12 16 ft
3026 3810 17 17 5;
3061 3809 85 18 tomates,
3157 3809 10 16 5
3184 3809 11 16 à
3214 3810 26 17 12;
3256 3813 22 13 ca-

2776 3829 64 17 rottes,
2859 3828 37 16 0.50
2912 3829 11 15 ft
2938 3829 44 17 0.65;
2999 3829 58 15 choux
3075 3830 21 14 dc
3113 3828 88 17 Bruxelle.
3199 3833 4 7 1
3202 3833 11 13 ;,
3224 3829 37 16 6.50
3276 3829 12 16 ft

2776 3848 43 17 3.75;
2838 3847 93 20 épinards,
2941 3848 38 16 3.75
2999 3847 11 17 k
3029 3848 44 18 4.50;
3095 3849 71 17 navets,
3185 3848 44 18 0.45;
3248 3849 30 16 chi-

2776 3867 68 19 corées,
2855 3868 10 15 3
2881 3867 12 17 IV
2909 3867 44 17 3.50:
2971 3868 91 19 doucette.
3072 3868 11 16 6
3096 3868 12 16 ft
3124 3868 18 18 8;
3159 3869 71 19 panais,
3242 3869 45 18 0.75;

2776 3887 76 19 salsifis,
2868 3887 36 16 1.35
2919 3887 12 16 ft
2947 3887 43 18 1.75;
3009 3887 73 19 raifort,
3096 3888 43 17 0.50.

2797 3906 120 19 MALMEDY,
2936 3907 10 16 3
2964 3906 79 20 Janvier.
3059 3915 21 5 —
3095 3907 75 19 Beurre,
3188 3908 22 15 22
3227 3907 10 17 ft
3258 3908 27 18 23;

2776 3925 53 18 œufs,
2845 3926 41 16 1.10.

2797 3945 88 19 NAMUR,
2902 3945 10 16 3
2929 3944 78 20 Janvier.
3025 3953 21 5 —
3063 3946 94 20 Froment.
3174 3947 27 16 71;
3220 3946 69 19 méteil,

2776 3965 27 16 72;
2817 3965 93 19 ép°autre,
2923 3964 101 20 72;«tee'gle,
3037 3965 27 17 66;
3077 3966 71 17 avoine,
3159 3967 28 17 eo;
3199 3970 49 15 orge,
3259 3967 28 16 70:

2776 3984 94 19 féveroles,
2885 3985 36 16 125;
2937 3988 80 15 rommc3
3031 3985 23 16 dc
3069 3986 54 18 terre,
3139 3986 27 17 65;
3184 3986 61 19 paille,
3260 3987 27 16 12;

2777 4004 45 18 foin,
2837 4005 28 17 40;
2880 4008 39 15 son,
2934 4004 28 19 83;
2977 4005 70 18 beurre,
3061 4005 21 17 28
3098 4005 11 16 ft
3126 4006 27 17 29;
3170 4006 54 19 œufs,
3240 4007 22 16 28
3277 4007 12 15 ft

2776 4024 20 16 27
2812 4024 24 16 fr.
2853 4024 27 16 les
2895 4025 26 15 26.

2797 4044 114 20 NIVELLES.
2926 4044 11 16 3
2952 4044 78 19 Janvier.
3047 4052 22 5 —
3085 4045 93 18 Froment.
3195 4045 20 17 84
3232 4045 11 17 ft
3260 4046 27 19 88;

2776 4063 61 20 seigle,
2853 4064 20 16 68
2887 4063 12 16 ft
2912 4064 27 17 70;
2954 4064 71 18 avoine,
3038 4064 21 16 76
3071 4063 12 17 ft
3097 4064 28 18 02;
3139 4068 48 16 orge,
3199 4066 21 15 66
3234 4065 11 17 ft
3259 4066 27 16 80:

2775 4086 117 16 escourgeon,
2903 4083 21 16 66
2936 4083 11 16 ft
2959 4083 29 18 80;
3001 4084 95 19 porcelets,
3108 4084 38 16 120'
3151 4084 11 17 ft
3175 4086 36 14 MO:
3224 4085 64 17 beurre

2776 4102 64 20 crème,
2859 4104 21 15 2G
2895 4103 11 16 ft
2922 4103 28 17 27;
2967 4104 25 16 ld.
3009 4104 22 16 de
3049 4104 64 19 ferme,
3124 4104 21 17 26
3164 4105 12 16 ft
3186 4105 27 17 27;
3233 4105 54 18 œufs,

2775 4123 21 16 26
2811 4123 23 16 fr.
2850 4122 27 17 les
2887 4122 27 17 26.

2796 4141 162 19 SAINT-TROND.
2973 4142 10 16 3
2999 4142 78 19 Janvier.
3095 4151 21 5 —
3131 4144 93 18 Froment,
3239 4144 20 16 85
3275 4144 12 16 &

2775 4160 28 19 90;
2821 4160 61 20 seigle,
2901 4161 27 19 65;
2946 4164 49 16 orge,
3011 4162 28 18 75;
3058 4162 71 19 avoine,
3148 4163 28 19 80;
3192 4163 94 19 féveroles,

2775 4180 39 19 250;
2830 4183 39 15 son.
2883 4180 28 18 92;
2929 4183 81 16 pommes
3025 4182 22 16 de
3064 4182 55 18 terre.
3132 4183 21 16 40
3168 4183 11 16 ft
3196 4183 28 18 45;
3240 4182 46 19 foin,

2775 4199 38 19 525;
2825 4199 60 19 pallie,
2897 4200 38 18 300;
2949 4200 71 18 beurre,
3033 4201 21 16 33
3065 4201 11 17 k
3089 4202 28 18 25;
3131 4201 54 20 œufs,
3197 4202 37 16 0.90
3246 4202 12 17 ft
3271 4203 15 16 1.

2777 4226 19 5 —
2806 4219 56 16 Mises
2871 4222 24 13 en
2906 4220 54 16 vente
2974 4224 5 12 :
2992 4220 32 16 255
3035 4220 69 17 tfttcsde
3116 4221 63 19 bétail,
3191 4221 31 17 279
3234 4225 52 16 porcs

2776 4240 42 16 gras
2831 4239 20 15 et
2866 4238 64 19 truies,
2945 4239 31 16 464
2989 4240 105 18 nourrains,
3111 4241 46 17 1,675
3172 4240 80 18 cochons
3264 4241 23 16 de

2775 4257 40 18 lait,
2825 4257 31 16 689
2867 4257 68 19 poules,
2948 4258 30 16 520
2989 4259 78 19 poulets,
3078 4259 31 17 740
3120 4260 81 19 pigeons,
3214 4261 30 16 105
3255 4264 22 13 ca-

2775 4277 47 15 nard
2834 4281 9 13 s
2853 4277 64 19 etoles,
2928 4277 31 17 767
2972 4278 67 19 lapins»

2799 4296 110 19 TOURNAI,
2929 4297 10 16 3
2958 4297 78 18 Janvier.
3053 4306 22 4 —
3093 4298 84 17 Pommes
3193 4299 22 16 de
3232 4300 54 16 terre.

2778 4315 57 17 58-62;
2854 4315 72 19 beurre.
2943 4316 113 17 27.50-29.50;
3074 4317 55 19 œufs,
3142 4317 58 17 28-30:
3220 4317 67 20 poules.

2778 4334 58 17 21-25;
2851 4334 76 19 poulets.
2941 4335 57 17 28-35:
3013 4335 66 20 lapins,
3092 4336 17 17 le
3120 4336 43 17 kilo.
3176 4337 110 16 10.50-10.75;

2778 4353 80 18 pigeons,
2878 4354 57 16 19-20;
2959 4354 94 19 porc?leU.
3094 4356 78 16 310-330;
3200 4356 87 17 chevaux.

2779 4373 92 16 3100-3600
2885 4373 69 17 francs.

2795 4390 159 20 TROIS-PONTS,
2970 4393 10 16 3
2992 4393 78 19 Janvlor.
3084 4402 21 4 —
3120 4394 21 16 72
3153 4394 73 19 vaches.
3239 4395 47 17 4.000

2775 4410 11 16 ft
2804 4410 56 19 5.100;
2876 4411 20 16 33
2913 4412 87 18 génisses,
3019 4412 48 18 2.490
3083 4413 12 16 ft
3111 4413 56 19 3,850;
3185 4414 21 16 33
3222 4418 64 12 veaux.

2776 4429 46 16 1.400
2839 4430 11 16 ft
2863 4430 56 19 3,000;
2930 4431 26 17 -70
2969 4432 95 19 porcelets,
3078 4432 20 17 75
3114 4432 11 17 ft
3141 4433 28 19 95;
3184 4434 30 15 150
3230 4437 47 13 nour-

2775 4448 58 18 rains.
2846 4450 30 15 160
2889 4450 11 16 ft
2913 4451 39 18 250;
2965 4451 21 16 85
3001 4454 52 17 porcs
3066 4455 48 15 gras.
3126 4452 31 16 330
3171 4452 11 17 ft
3197 4453 36 16 500.

2799 4468 154 20 WAEREGnEM,
2979 4470 10 17 3
3014 4471 78 19 Janvier.
3117 4480 21 4 —
3161 4472 84 17 Pommes
3265 4473 23 17 de

2775 4487 55 20 terre,
2842 4489 20 16 63
2876 4489 12 16 ft
2901 4490 27 16 83:
2944 4490 71 18 beurre.
3026 4490 47 17 23.50
3089 4491 11 16 ft
3115 4492 28 16 26:
3159 4492 54 19 œufs,
3228 4492 38 17 0.75
3277 4493 12 16 ft

2774 4508 45 16 0.90:
2836 4510 68 17 gorets,
2918 4510 10 16 9
2945 4510 11 16 ft
2974 4511 19 15 11
3008 4511 17 16 lo
3041 4510 25 19 k.;
3084 4512 67 19 lapins,
3161 4513 11 15 9
3189 4512 12 16 ft
3219 4513 20 15 10
3255 4512 18 16 ld

2776 4527 74 19 pigeons
2868 4528 71 19 Jeunes,
2951 4529 19 17 13
2981 4529 12 17 ft
3005 4530 19 16 14
3035 4530 27 17 les
3072 4531 16 15 3.

2796 4547 79 19 ÏTRES,
2887 4548 10 16 3
2907 4548 79 19 Janvier.
2996 4558 21 4 —
3027 4549 124 20 Fromcnt.'SO
3161 4551 12 16 ft
3184 4552 28 17 83;
3224 4552 64 18 graine

2775 4566 22 17 de
2812 4567 57 19 colza,
2880 4568 31 16 310
2930 4568 11 16 à
2960 4569 37 17 218;
3018 4570 64 18 graine
3099 4570 23 17 de
3139 4570 61 19 trèfle,
3212 4572 47 17 1,600
3276 4572 7 15 i

2778 4587 54 18 1,600;
2858 4587 61 20 seigle.
2931 4588 20 16 74
2975 4588 11 16 ft
3011 4589 27 17 76;
3060 4591 89 17 sarrasin.
3163 4591 29 16 176
3215 4591 11 16 ft
3249 4592 36 17 190,

2775 4607 71 18 avoine.
2857 4607 21 16 80
2891 4607 12 16 k
2915 4608 28 17 82;
2959 4612 43 16 orge
3017 4609 91 19 brasseur,
3120 4610 30 17 106
3164 4610 12 17 ft
3192 4611 36 16 110:
3244 4615 44 15 orge

2776 4626 91 20 fourrage,
2879 4627 20 16 78
2917 4627 11 16 k
2946 4628 26 16 78;
2990 4629 45 18 pois.
3050 4629 31 16 208
3096 4629 12 17 A
3122 4630 39 17 210;
3179 4630 67 19 farine,
3257 4632 30 15 145

2776 4649 10 12 n
2802 4646 35 17 148;
2853 4647 53 17 maïs.
2921 4647 20 16 75
2955 4648 11 15 ft
2980 4648 27 17 78;
3023 4648 94 18 fivcrcles.
3130 4650 30 16 128
3173 4650 11 16 ft
3198 4651 36 16 132;
3247 4654 40 14 eon.

2775 4665 20 16 75
2813 4665 12 16 A
2840 4666 27 17 78:
2886 4667 110 19 remoulage,
3008 4668 30 16 106
3053 4668 12 16 A
3081 4669 37 17 108:
3138 4669 61 17 farine
3217 4670 23 16 de
3255 4670 26 17 Un

2776 4685 30 16 140
2821 4685 12 16 A
2851 4686 37 18 143;
2907 4687 105 21 tourteaux.
3024 4688 29 16 131
3071 4688 12 16 A
3101 4689 37 16 134:
3158 4693 81 15 pommes
3265 4691 22 16 de

2776 4705 54 17 terre.
2845 4705 21 16 45
2878 4706 11 16 à
2905 4706 27 18 55;
2949 4706 71 18 beurre.
3031 4707 21 17 26
3065 4708 11 16 A
3089 4708 27 18 27;
3131 4709 54 18 œufs,
3198 4710 20 16 88
3233 4710 11 15 A
3259 4711 27 15 95*

2777 4724 94 19 porcelets.
2884 4726 30 15 125
2928 4726 12 15 A
2954 4726 36 18 200.
3005 4727 37 16 6.50
3056 4727 17 17 le
3086 4726 25 20 k.;
3126 4728 61 19 paille.
3200 4730 22 15 25
3235 4729 12 16 A
3259 4731 27 15 30*

2776 4744 46 18 foin.
2833 4744 21 16 30
2865 4744 11 16 à
2887 4745 29 18 35;
2927 4745 27 17 lin
2967 4746 48 18 brut,
3027 4747 20 16 40
3059 4747 12 16 A
3082 4747 27 17 65;
3122 4748 104 18 betteraves
3236 4750 42 16 four-

2776 4764 78 19 ragères,
2866 4764 21 16 30
2903 4764 11 17 ft
2930 4765 26 16 35.

3388 1749 41 20 (De
3447 1750 63 18 notre
3526 1746 180 23 correspondant)

3323 1780 69 20 Paris.
3404 1779 12 19 3
3429 1778 92 24 janvier.
3531 1788 27 4 —
3571 1778 53 19 (Par
3634 1777 133 23 téléphone.)
3782 1785 26 6 —

3297 1804 153 24 Aujourd'hui,
3465 1802 131 20 l'Académie
3615 1802 38 20 des
3668 1801 141 20 BsauxrArts

3298 1829 27 20 d3
3340 1829 22 19 la
3378 1828 56 20 Ville
3450 1828 26 19 de
3492 1827 63 20 Paris
3572 1831 14 15 a
3602 1828 55 19 tenu
3670 1831 44 15 une
3728 1825 81 20 séanoe

3298 1852 182 23 extraordinaire,
3493 1852 14 19 à
3521 1852 23 19 16
3555 1851 23 22 h.
3590 1851 31 20 30.
3635 1851 46 21 Elle
3691 1850 58 22 était
3759 1854 39 16 mo-

3299 1878 56 19 tivée
3372 1881 41 20 par
3431 1881 32 15 un
3479 1875 112 21 différend
3610 1879 53 16 avec
3681 1875 21 20 le
3721 1874 88 21 Conseil

3299 1901 121 24 municipal
3440 1901 37 23 qui
3497 1906 15 15 a
3528 1900 73 20 résolu
3621 1900 26 21 de
3665 1900 62 19 doter
3746 1899 64 19 Paris

3300 1927 65 19 d'une
3379 1926 75 20 statue
3467 1925 28 20 de
3508 1925 146 20 Clemenceau
3668 1924 24 20 et
3705 1923 40 24 qui
3758 1923 52 21 s'est

3300 1950 88 21 adressé
3403 1951 15 19 à
3430 1951 36 19 cet
3479 1949 57 20 effet
3549 1954 29 15 au
3592 1948 113 24 sculpteur
3716 1947 82 24 Cogné.

3326 1976 59 19 C'est
3397 1974 21 20 le
3430 1974 65 20 choix
3508 1974 28 19 de
3548 1973 93 20 l'artiste
3654 1973 37 23 qui
3705 1976 14 16 a
3732 1972 78 20 amené

3300 2000 90 20 d'abord
3409 2003 44 15 uns
3470 1998 148 23 protestation
3639 1998 26 19 de
3682 1997 24 20 la
3726 1996 85 21 famille
3844 1994 13 15 A

3300 2024 27 20 de
3343 2024 153 20 Clemenceau,
3514 2022 49 24 puis
3578 2023 28 19 d2
3625 2021 131 21 l'Académie
3773 2022 38 19 des

3300 2048 147 20 Eeaux-Arts.

3326 2073 31 19 M.
3375 2072 82 20 Vvidor.
3487 2071 148 23 compositeur
3653 2071 23 19 et
3695 2070 118 24 organiste,

3301 2097 118 20 secrétaire
3438 2095 113 25 perpétuel
3575 2096 27 20 de
3621 2094 133 21 l'Académie
3774 2094 39 20 des

3302 2121 140 20 B3aux-Arts
3443 2136 5 6 T
3461 2125 14 15 a
3488 2119 80 24 exposé
3579 2120 20 19 !»
3612 2118 112 21 différend
3734 2119 15 20 à
3761 2118 41 21 l'as-

3302 2145 94 20 sembla
3415 2145 43 23 qui.
3477 2145 138 19 finalement,
3634 2149 15 15 a
3666 2142 76 22 décidé
3758 2143 44 20 l'en-

3303 2170 35 19 vol
3355 2174 29 16 au
3400 2169 89 20 Conseil
3504 2168 121 24 municipal
3655 2168 66 20 d'une
3747 2168 67 20 lettre

3303 2194 102 20 donnant
3421 2194 31 20 les
3466 2193 86 20 raisons
3568 2193 28 20 de
3609 2193 23 20 la
3648 2193 154 23 protestation,

3328 2219 64 19 Cett3
3410 2218 66 20 lettr»
3493 2218 34 19 dit
3544 2218 141 19 notamment
3703 2221 42 19 que
3763 2217 40 20 Cle-

3304 2247 106 15 menceau
3432 2241 88 20 n'étant
3537 2246 41 18 pas
3599 2246 44 15 une
3662 2241 72 23 figure
3753 2240 62 25 pari-

3303 2266 83 22 rienne,
3399 2267 57 19 mais
3470 2270 44 16 uns
3526 2266 72 23 figure
3611 2266 118 23 française,
3740 2265 75 21 c'était
3846 2280 12 11 -,

3305 2295 28 15 au
3346 2291 179 23 gouvernement,
3537 2295 47 15 non
3597 2290 13 21 â
3623 2290 21 20 la
3656 2288 160 26 municipalité,

3304 2315 50 22 qu'il
3375 2315 142 23 apDartenalt
3535 2315 27 19 de
3579 2319 105 19 proposer
3703 2314 113 21 l'érection

3304 2339 28 20 d*
3346 2339 23 20 la
3386 2340 82 19 statue.

3328 2363 121 21 Toutefois.
3478 2363 132 21 l'Académie
3638 2367 30 16 ne
3695 2363 53 21 veut
3775 2367 41 20 pas
3850 2358 6 26 I

3305 2387 61 21 créer
3380 2392 31 15 un
3425 2387 79 21 conflit
3519 2391 23 19 et
3557 2388 41 20 el'e
3611 2388 73 20 donne
3697 2388 119 20 volontiers

3306 2416 39 15 son
3368 2412 78 20 accord
3465 2416 30 17 au
3516 2412 74 23 nrojet
3608 2413 24 19 et
3655 2417 28 17 au
3702 2412 66 20 cheix
3788 2412 29 21 de

3306 2436 108 21 l':ndroIt,
3428 2437 57 19 mais
3500 2437 42 19 elle
3559 2441 29 15 ne
3603 2439 52 21 peut
3670 2438 110 19 admettre
3795 2436 21 22 le

3306 2460 65 20 choix
3383 2460 29 20 du
3424 2460 118 21 fCUÎDteur.
3554 2465 47 16 non
3613 2466 40 19 pas
3662 2462 83 23 qu'elle,
3753 2462 64 20 dénie
3831 2463 25 19 M

3306 2485 30 19 du
3352 2485 72 20 talent
3442 2485 14 19 à
3472 2486 30 19 M.
3521 2485 81 23 C?gné,
3620 2486 57 20 mais
3692 2490 67 19 parce
3775 2490 42 20 pue
3834 2496 5 4 ■
3848 2498 6 5 •

3306 2509 96 20 d'autres
3425 2509 84 20 éUIcnt
3531 2509 50 22 plus
3601 2510 103 21 qualifiés
3726 2515 42 19 que
3786 2511 32 21 M
3828 2513 6 4 '

3306 2537 56 19 pour
3376 2533 97 21 mod?ler
3487 2534 59 19 cettt
3559 2534 77 20 statue
3647 2535 25 19 et
3683 2535 51 21 tout
3746 2536 50 20 Dart
3797 2536 7 9 :
3807 2546 10 4 -

3307 2557 144 21 cullèrenifnt
3463 2558 21 20 ls
3497 2558 114 22 sccfotear
3622 2559 78 20 Sicard
3713 2560 38 23 qui
3762 2559 57 21 ét-""-
3838 2552 19 29 I

3308 2586 30 16 un
3350 2582 45 20 ami
3409 2583 77 19 :nrtn=
3500 2583 26 19 de
3540 2583 152 20 Clemenceau.

3370 2641 35 27 LE
3424 2641 67 26 RAID
3509 2641 87 26 DVMY
3612 2641 149 27 JCHNSO»

3330 2703 82 19 Berlln.
3433 2702 12 20 3
3463 2702 94 24 janvier,
3576 2713 29 9 —r.
3621 2700 129 23 L'aviatrleë
3752 2701 74 22 .-an-'

3306 2726 68 24 glaiîs
3392 2727 56 23 Amy
3466 2727 109 22 Johnson,
3589 2731 29 16 en
3632 2728 63 19 route
3712 2731 57 19 pour
3783 2731 33 15 un

3306 2751 35 20 vol
3356 2751 186 21 Londres-Pékin,
3557 2756 15 14 a
3588 2751 84 22 atterri,
3683 2753 40 18 cet
3739 2750 76 20 anrès-

3306 2774 61 21 mldi.
3381 2775 12 20 â
3407 2775 24 19 17
3444 2775 22 19 h.
3477 2775 31 23 50,
3521 2779 38 15 sur
3570 2774 20 20 le
3603 2775 82 22 champ
3695 2774 121 21 d'aviation

3307 2799 27 21 de
3351 2798 138 26 Tempslhaf,
3510 2800 84 21 venant
3617 2798 28 20 de
3667 2798 102 24 Cologne.
3790 2807 27 5 —

3306 2822 75 24 Belga.

3390 2881 55 26 LES
3463 2880 138 27 CHANGES
3620 2881 16 25 A
3656 2880 82 26 PAR."

3329 2942 102 16 Ouverture
3440 2942 24 15 du
3474 2942 10 15 3
3494 2942 73 18 Janvier
3576 2941 68 16 1931.—
3655 2941 86 17 Londres.
3753 2941 64 18 123.71;

3308 2961 107 18 New-York.
3430 2960 76 19 2546.50;
3522 2961 110 18 Alleriagne,
3646 2961 66 17 605.59;
3728 2960 91 19 Belgique,

3308 2980 65 18 355.50;
3384 2980 83 17 Canada.
3476 2988 20 4 —
3499 2984 6 15 ;
3516 2980 112 18 Daa=-r.ark,
3638 2980 39 18 661;
3686 2980 92 19 -Espagne.
3790 2987 20 4 —
3812 2983 6 15 ;

3308 3000 95 18 Finlande.
3414 3008 20 4 —
3437 3003 5 15 ;
3456 2999 64 18 Grèce.
3533 3008 19 3 —
3556 3003 5 15 ;
3574 2999 95 18 Hollande,
3682 2999 74 18 1025.50;
3768 2999 50 16 Hoo-

3308 3019 44 19 Crle,
3366 3027 20 5 —
3389 3023 5 14 ;
3411 3019 59 17 Italie.
3487 3019 64 18 133.35;
3567 3018 87 20 Norvège.
3669 3019 67 18 681.25;
3751 3019 68 16 Var,sa-

3308 3039 34 17 vic.
3357 3046 21 4 —
3381 3043 5 14 ;
3401 3039 92 18 Portugal,
3509 3047 21 4 —
3532 3042 5 15 ;
3552 3039 75 18 Prague,
3641 3038 56 18 75.50;
3711 3038 107 18 Roumanie,

3309 3058 54 18 15.15:
3383 3058 68 17 Serbie.
3472 3066 19 4 —
3495 3062 5 14 ;
3522 3057 65 19 Suède.
3608 3058 38 18 682;
3663 3058 68 18 Suisse,
3752 3058 31 15 493
3790 3057 28 18 79,

3308 3078 75 16 Vienne.
3403 3078 64 15 358.50.

3323 3096 79 18 ^Clôture
3423 3097 24 16 du
3465 3097 10 16 3
3495 3097 79 18 Janvier.
3596 3104 19 5 —
3636 3097 87 17 Londres,
3742 3096 75 19 123.735;

3309 3117 105 18 New-York,
3427 3116 48 18 2548;
3488 3116 112 18 Allema-ne,
3610 3124 20 4 —
3633 3119 5 15 ;
3649 3116 92 19 Belgique.
3752 3116 65 18 355.75;

3308 3136 83 20 Canada,
3400 3144 18 3 —
3423 3140 4 14 ;
3437 3136 112 18 Danemark,
3561 3144 19 4 —
3583 3139 5 14 ;
3600 3136 88 19 Espagne,
3699 3136 65 18 236.50;
3775 3136 33 16 Fin-

3309 3155 60 19 lande,
3385 3162 21 5 —
3409 3159 5 14 ;
3433 3155 64 17 Grèce.
3515 3163 21 4 —
3538 3158 5 15 ;
3561 3155 95 18 Hollcnde.
3674 3155 76 19 1025.75;
3767 3155 42 16 Hon-

3309 3176 44 17 grie.
3368 3183 21 4 —
3391 3178 5 14 :
3414 3174 59 19 Italie,
3490 3175 65 18 133.40;
3574 3174 85 19 Norvège.
3679 3182 19 4 —
3701 3178 5 14 ;
3726 3175 91 18 Varsovie,

3308 3194 39 18 236;
3362 3194 92 19 Portugal.
3469 3202 20 4 —
3492 3197 5 15 ;
3513 3195 76 18 Pr.iguc,
3601 3194 55 17 75.S0:
3668 3194 109 19 Roumanie,
3790 3202 19 4 —
3811 3197 6 16 ;

3309 3214 67 17 Serbie.
3392 3222 19 3 —
3415 3218 5 13 ;
3436 3213 64 18 Suède.
3518 3222 20 4 —
3541 3217 4 13 :
3563 3214 67 18 Suisse,
3645 3214 39 17 494;
3700 3214 32 16 Vie
3733 3217 13 13 n
3745 3217 31 15 ne,
3791 3221 21 4 —

3333 3264 105 17 ORGANES
3455 3265 118 16 GENITAUX
3588 3265 29 16 ET
3632 3265 121 16 URINAIRES
3772 3265 26 16 ET

3359 3292 191 36 MAL/VD1FS
3572 3292 48 36 DE
3642 3291 129 37 VESSIE

3355 3335 52 16 Ooul.
3429 3336 19 15 ct
3466 3335 62 16 envies
3548 3334 45 20 fréq.
3613 3335 88 17 d'uriner.
3722 3334 70 17 Inconti-

3333 3358 57 12 nence
3402 3355 16 15 la
3432 3355 41 15 nuit
3485 3354 45 16 chez
3542 3354 26 16 les
3580 3354 77 16 enfants
3669 3354 21 16 et
3702 3354 99 16 vieillards,

3334 3374 62 16 urines
3416 3373 85 19 troubles,
3523 3373 111 19 purulentes,
3653 3373 145 19 sgnguinoleniï'
3796 3377 4 7 1

3334 3393 11 16 ft
3358 3396 61 13 roauv.
3430 3393 63 18 odeur,
3503 3394 35 15 etc.

3355 3412 111 16 BLENNOR.
3482 3412 70 16 AIGUË
3569 3414 18 14 et
3603 3412 91 17 CHRON..
3710 3412 93 16 GOUTTE

3334 3431 28 16 LE
3378 3431 80 18 MATIN,
3475 3431 135 18 FILAMENTS,
3629 3431 105 19 prostatlte,
3750 3431 42 16 diffi-

3331 3450 48 16 culté
3398 3450 88 19 d'uriner.
3505 3451 27 17 Jet
3551 3450 56 16 faible
3623 3450 74 18 forçant
3713 3450 58 16 même
3789 3454 9 12 a

3334 3470 72 17 sonder,
3422 3471 60 18 pertes
3498 3470 18 15 la
3529 3470 48 16 nuit-

3411 3495 310 31 IltëPKÏSSAKCE

3334 3534 32 15 des
3381 3534 48 15 deux
3443 3536 52 13 sexes
3507 3534 19 15 et
3542 3533 10 16 A
3567 3533 42 16 tout
3623 3533 39 19 Age,

3332 3558 207 32 MATRICE
3550 3561 43 29 et
3604 3559 198 31 OI/AIRES

3353 3597 64 16 Pertes
3431 3596 94 18 blancbcs,
3542 3596 86 17 douleurs
3646 3597 24 16 du
3688 3596 113 17 bas-ventre,

3334 3616 121 19 hémorragie,
3474 3616 58 16 suites
3553 3616 22 16 de
3596 3616 83 17 couches,
3698 3616 104 16 inflamnia-

3335 3636 38 15 ilon
3388 3636 25 15 du
3430 3635 54 19 vagin
3500 3637 20 15 et
3534 3635 71 19 parties
3619 3636 91 16 externes,
3727 3635 66 16 déman-

3334 3655 90 18 geaisons,
3437 3655 36 16 etc.

3355 3674 90 16 Guérison
3459 3673 64 20 rapide
3537 3676 18 14 ct
3572 3674 89 19 complète
3677 3676 45 15 sans
3736 3677 20 13 se
3771 3674 23 16 dé-

3335 3693 66 19 placer,
3416 3696 44 13 sans
3472 3693 65 19 perdre
3551 3693 24 16 du
3590 3694 60 18 temps
3662 3693 47 16 dans
3723 3693 33 16 de»
3770 3693 23 16 cli-

3334 3713 69 17 niques,
3424 3716 34 15 par
3475 3712 27 16 les
3517 3712 82 16 remèdes
3617 3715 95 13 nouveaux
3731 3712 10 16 A
3760 3714 43 14 base

3334 3732 98 16 d'extraits
3447 3732 23 15 de
3485 3731 79 19 plantes,
3581 3732 12 16 k
3608 3731 92 19 employer
3712 3731 44 17 chez
3770 3731 27 16 Ml

3334 3750 104 17 Demander
3451 3750 89 17 brochure
3553 3751 81 19 gratlute
3645 3753 44 14 avec
3702 3753 67 16 preuve
3781 3750 22 16 de

3334 3770 85 18 guérison
3434 3773 24 12 au
3474 3769 81 16 GRAND
3571 3770 108 16 INSTITUT
3696 3770 100 15 MEDICAL

3333 3788 71 17 scctïon
3421 3789 18 16 S.
3455 3790 17 14 E.
3490 3789 26 18 21,
3534 3791 32 14 rue
3580 3788 25 17 du
3618 3788 66 18 Trâne.
3702 3789 27 16 76.
3747 3788 45 17 BRU-

3335 3809 89 15 XELLES.
3784 3817 7 9 ,

3354 3827 62 16 Prière
3429 3827 22 16 de
3464 3827 41 16 bien
3518 3827 85 20 Indiquer
3615 3830 44 16 pour
3671 3828 58 18 quelle
3743 3830 49 13 mala-

3335 3846 35 18 die,
3385 3850 32 12 car
3431 3846 11 16 11
3456 3849 11 16 y
3484 3850 10 12 a
3510 3849 35 14 une
3558 3846 90 19 brochure
3663 3846 78 19 spéciale
3756 3849 44 16 pour

3333 3866 88 15 chneune.
3746 3865 56 17 (H1I5

3309 3918 188 37 ADRIATIC
3526 3918 161 37 PALACE-
3708 3918 113 37 PÀ«IS

3309 3961 10 16 6
3325 3961 34 18 bis,
3373 3964 32 13 rue
3417 3961 23 16 de
3454 3961 56 19 Lyon,
3524 3961 50 16 Gare
3589 3960 64 17 P.L.M.
3660 3968 20 5 —
3694 3960 124 17 Entièrement

3309 3980 117 16 transformé.
3441 3980 42 17 Adr.
3500 3979 46 18 Tél.:
3561 3980 35 15 Adr
3598 3981 17 14 la
3617 3980 24 16 tic
3657 3979 58 18 Paris.
3733 3980 86 17 (H62/5S6

3763 3997 51 26 iHUg

3310 4018 26 16 les
3348 4019 129 19 pharmaciens
3492 4022 6 13 :
3513 4019 21 16 12
3547 4019 25 16 fr.
3585 4019 26 15 50.
3625 4019 18 15 la
3657 4019 49 15 bout.
3763 4018 23 16 (H
3788 4017 31 17 MB

3356 4056 34 30 LA
3409 4056 139 29 PREMIERE
3566 4055 105 30 AGENCE
3691 4055 100 31 BELSE.
3813 4076 3 10 ,

3351 4092 23 16 de
3390 4092 204 16 RENSEIGNEMENTS
3602 4092 126 15 -COMMERCI
3730 4092 44 15 AU*

3383 4117 95 32 VAN
3501 4117 119 31 BETS
3640 4117 30 31 &
3690 4116 56 31 C*

3409 4161 26 18 93,
3452 4166 31 11 me
3502 4162 65 18 Neave,
3584 4162 19 14 9';
3630 4161 91 16 Braxelle»

3420 4181 25 15 Sa
3462 4180 150 16 documentation
3633 4180 73 19 preelM.

3441 4199 33 16 Set*
3494 4199 41 15 nrlx
3556 4199 116 16 avintageux
3753 4198 60 16 )H224<
3811 4199 7 10 k

3444 4331 169 22 ^çttettocrums
3618 4329 104 24 fretnao
3730 4333 68 17 cV5c»

3326 4350 477 41 GEMEN'aBeUPO

3329 4393 233 18 lUXeMBOURQ
3566 4392 106 18 -VILLE
3686 4392 34 18 Nf
3746 4388 38 20 207
3805 4409 4 3 .

3336 4409 62 17 im*ttx9
3405 4415 10 10 x

3351 4460 48 46 Si
3427 4476 112 30 vous
3568 4456 201 48 souffrez

3309 4524 27 20 de
3353 4523 117 23 névralgie,
3486 4522 28 20 de
3529 4525 70 17 maux
3610 4521 28 21 de
3653 4520 62 24 tête,,
3721 4525 30 16 ne
3765 4523 54 17 vous
3824 4521 10 21 5

3310 4547 116 20 contentez
3440 4551 40 16 nas
3494 4547 27 19 de
3533 4545 99 21 remèdes
3646 4545 37 24 qui
3697 4548 54 17 vous
3764 4543 70 25 pro-".

3310 4572 79 20 curent
3402 4571 103 20 l'illusion
3522 4571 26 20 de
3564 4570 22 20 la
3603 4569 102 26 guérison
3719 4573 28 17 en
3763 4567 71 23 vous;.'

3310 4596 102 21 donnant
3432 4600 32 16 un
3490 4595 152 23 soulagement
3671 4592 145 22 momentané.

3310 4621 74 20 Faites
3390 4625 44 15 une
3441 4624 51 16 cure
3500 4620 96 19 radicale
3619 4623 52 16 avec
3677 4618 63 21 notre
3747 4621 57 20 appa-

3309 4645 40 20 reil
3366 4644 70 21 haute
3451 4643 125 25 fréquence-
3587 4643 28 21 et-
3624 4645 54 18 vous
3687 4646 67 17 -aerei
3766 4643 39 19 sur-

3309 4669 46 23 pris
3370 4669 30 20 du
3413 4668 101 21 résultat.
3539 4681 23 5 —
3563 4677 11 9 *

3335 4692 182 21 Démonstration
3538 4693 22 20 et
3583 4691 119 21 brochures
3721 4690 83 24 explica-

3311 4718 54 20 tives
3378 4722 39 16 sur
3427 4717 115 20 demande.
3720 4733 6 6 .

3408 4741 181 21 Etabèiîsements
3599 4740 121 21 PITTINQ

3360 4766 20 23 1,
3394 4770 40 17 rue
3450 4765 183 23 Saint-Quentin,
3648 4763 119 22 Bruxelles.

3434 4791 50 15 Bons
3502 4790 66 19 agents
3583 4789 103 16 demandés.
3756 4788 70 17 (H3147-

2814 4852 263 79 COMPTOIR
3132 4856 233 79 GENERAL
3420 4858 363 75 D'HORLOGERIE

3097 4945 95 27 DÉPÔT
3204 4952 39 22 DE
3254 4953 143 25 FABRIQUE
3409 4952 95 22 SUISSE
3546 4962 7 5 -

2870 4981 193 30 Fourniueurs
3078 4995 56 18 aux
3149 4987 126 29 chemins
3290 4989 36 27 de
3341 4990 51 32 fer,
3410 4994 90 27 poste»
3517 4994 28 22 et
3560 4988 171 33 télégraphe*

2814 5023 54 31 Tél.
2883 5024 113 32 12.07.41
3026 5041 24 9 -
3088 5028 62 35 203.
3166 5030 30 29 B°
3210 5031 97 31 Mauric
3308 5040 15 22 e
3336 5031 148 31 Lemonnier
3507 5045 22 8 «
3552 5027 233 34 BRUULLËS-MIdl

2814 5088 84 46 Vente
2913 5097 35 37 au
2964 5090 146 52 Comptant
3125 5094 28 45 et
3171 5094 16 46 à
3204 5094 95 48 Crédit

2866 5168 70 22 Tonte
2945 5170 142 25 l'Horlogerie
3096 5177 23 17 et
3126 5174 116 25 Bijonteria

2813 5200 147 40 Depuis
2976 5201 43 33 IO
3033 5204 17 30 f
3053 5214 33 21 r.
3101 5214 79 31 par
3194 5217 97 22 motr

2868 5250 128 22 Demanaex
3018 5253 120 27 Catatogur.
3155 5260 84 22 gratuit

2814 5287 76 23 Toutes
2905 5297 40 14 nos
2960 5297 93 17 montm
3071 5299 50 16 sont
3137 5295 93 22 fournies
3247 5305 51 14 avec

2812 5320 88 22 bulletin
2915 5321 29 22 de
2959 5322 155 25 GARANTIE
3132 5325 40 23 DE
3189 5327 31 22 IO
3236 5328 61 22 ANS

3700 5375 91 24 «

3752 5463 19 7 "
