3845 5501
79 203 58 56 Lï
148 192 208 60 Dernière
371 190 146 53 Heure

54 289 14 27 I
94 295 132 29 n'usTceotc,
254 292 159 26 moyennant
440 296 76 21 paye-

52 343 16 13 ■
94 334 63 24 ment
176 327 79 26 direct
275 334 34 17 ou
330 325 116 29 indirect,
467 334 50 21 que

92 373 22 24 la
134 365 119 33 publicité
287 363 181 25 commerciale
492 368 25 20 et

91 405 134 31 financière
260 401 120 30 indiquée
415 410 103 16 comme

92 446 56 26 telle
163 451 32 17 au
212 441 103 27 lecteur,
332 449 47 21 par
397 449 33 15 un
447 440 72 30 «igné

93 480 125 31 distinctif,
236 478 108 26 numéro
362 478 106 26 d'ordre
485 488 34 16 ou

97 519 108 29 mention
220 527 11 14 a
250 516 183 30 communiqué
448 527 25 15 ».

497 140 59 58 "N

692 136 285 257 La
1056 140 1009 269 Dernière

868 426 78 38 LE.
982 428 150 39 PLUS
1170 431 212 39 GRAND
1414 434 291 37 JOURNAL
1739 432 203 43 BELGE,
1979 436 74 36 LE
2092 438 195 37 MIEUX
2323 431 342 45 RENSEIGNÉ

1433 490 205 27 BRUXELLES
1653 502 30 6 -
1699 491 47 29 52,
1763 490 72 27 RUE
1851 488 51 27 DU
1919 489 199 31 PONT-NEUP

2945 237 251 58 SIXIÈME

2943 310 251 90 ÉDITION

2967 436 202 50 MATIN

911 520 47 35 dL

643 570 83 31 28™
742 567 153 37 ANNÉE
918 589 37 13 t-
974 575 43 30 N°
1044 576 64 30 123

1665 580 107 40 JEUDI
1794 581 17 28 4
1834 578 72 31 MAI
1928 578 70 32 1933

2545 588 52 30 LE
2621 584 191 36 NUMÉRO
2833 590 48 31 30
2900 590 226 31 CENTIMES

3247 344 57 37 "l'O
3316 343 60 36 UT
3388 356 90 33 /asm

3287 391 43 24 CE

3258 424 87 37 OUE
3376 430 154 37 i-^mfii,

3376 451 151 37 V,}-*/'-!'''

3246 493 104 37 VOUS
3361 490 138 39 DE8.1.EZ
3506 488 139 39 VENDRE
3657 486 75 39 DANS

3251 535 480 63 NOSPETITESANNONŒS

3332 598 17 27 C
3357 596 117 29 lassées
3484 603 49 23 par
3541 593 139 33 rubripiies

132 690 33 27 LE
182 686 78 28 JOUR
277 685 41 25 DU
339 685 140 26 MEDECIN

64 758 46 38 U
128 748 138 43 VERRUE
282 748 49 36 DE
352 748 49 36 LA
417 749 146 37 PLANTE

208 798 65 39 DES
297 798 84 36 PIED
385 799 19 36 S

98 881 56 26 «.Les
165 879 56 23 ânes
234 881 116 19 meurent
363 884 47 20 par
421 874 37 26 les
471 875 89 30 pieds»

69 915 32 26 dit
116 912 22 25 le
153 905 131 34 proverbe.
303 905 17 25 S
332 905 16 26 il
367 906 43 30 n'y
426 914 70 18 avait
515 917 49 20 que

67 947 32 24 Jes
111 945 56 22 ânes
181 956 40 7 ....
238 936 30 31 Je
286 946 67 16 veux
368 937 54 26 dire
439 938 40 26 s'il
493 938 61 26 suffi-

64 977 43 24 sait
127 970 94 27 d'avoir
243 978 49 16 son
314 969 127 27 certificat
464 969 101 27 d'école

63 1005 109 31 primaire
186 1010 64 21 pour
264 1001 54 24 être
333 1002 15 23 à
362 1002 93 28 jamais
467 1002 88 25 indem-

62 1047 29 16 ne
108 1035 30 25 de
158 1043 56 15 cors
231 1041 33 15 au
286 1032 70 30 pied,
378 1032 58 26 œils
456 1033 32 26 de
510 1043 45 20 per-

62 1069 58 25 drix,
140 1063 130 28 durillons,
292 1063 91 31 ongles
404 1066 117 24 incarnés
542 1071 24 19 et

61 1106 77 18 autres
149 1097 75 29 petits
236 1095 131 30 supplices
379 1096 35 25 du
426 1096 68 31 pied,
508 1097 59 30 quel

59 1130 82 26 succès
156 1129 179 27 remporterait
351 1127 111 26 l'école?

87 1166 71 27 Mais,
179 1175 32 15 en
237 1164 98 30 réalité,
356 1165 64 26 c'est
445 1167 51 24 très
520 1165 38 27 fré-

59 1203 144 26 quemment
223 1206 50 18 que
294 1207 65 16 nous
379 1197 146 26 entendons
542 1207 27 15 se

59 1228 112 32 plaindre
185 1227 33 26 de
235 1227 93 31 bobos,
345 1231 91 23 ennuis
452 1239 34 15 ou
502 1229 56 26 cala-

59 1262 70 24 mités
141 1259 32 26 de
187 1269 49 15 nos
247 1261 149 25 extrémités
411 1260 158 29 inférieures,

59 1292 189 29 désagréments
261 1299 79 22 ayant
350 1294 54 23 ceci
415 1292 33 25 de
461 1299 99 24 particu-

59 1325 42 25 lier
114 1333 48 20 que
175 1322 25 26 la
213 1322 136 27 médecine
363 1325 83 29 paraît
459 1324 54 25 s'en
527 1324 33 25 dé-

59 1356 144 27 sintéresser
226 1362 26 19 et
271 1355 80 30 qu'on
375 1355 75 26 laisse
473 1355 98 30 parfois

60 1396 30 16 au
113 1385 123 30 pédicure
261 1385 38 26 les
320 1396 70 16 soins
412 1386 159 26 d'accidents

60 1419 38 29 qui
119 1425 114 22 peuvent
252 1419 53 24 être
325 1428 91 19 graves
435 1418 64 26 dans
517 1417 54 26 leur

60 1451 213 25 retentissement.

88 1486 58 30 Que
168 1486 33 26 de
222 1486 119 26 diabètes
362 1493 45 18 ont
429 1488 51 28 pris
502 1495 59 15 mau-

60 1519 68 24 vaise
141 1525 121 18 tournure
276 1520 15 22 à
305 1517 24 26 la
342 1519 64 24 suite
420 1518 61 24 d'un
496 1516 65 26 duril-

60 1549 43 25 lon
120 1549 52 25 mal
187 1551 126 28 soigné...

89 1587 43 24 On
147 1596 33 15 ne
195 1592 61 24 peut
274 1596 104 14 accuser
394 1585 32 26 de
445 1585 24 25 la
488 1586 82 23 même

61 1617 169 26 indifférence
249 1616 22 25 le
289 1616 142 29 chirurgien
449 1615 32 26 A.
498 1615 74 25 Séza-

61 1659 28 20 ry
103 1651 43 28 qui
159 1659 65 15 nous
236 1646 84 26 révèle
335 1647 24 24 la
372 1657 76 15 cause
462 1646 33 25 de
510 1646 52 25 dou-

61 1681 67 25 leurs
141 1682 32 23 de
188 1681 24 24 la
224 1679 86 30 plante
323 1678 34 24 du
371 1678 60 28 pied
445 1678 79 28 qu'on
539 1687 32 15 ne

61 1722 81 20 pense
164 1721 46 20 pas
230 1710 114 27 toujours
364 1710 16 23 à
402 1714 133 24 rapporter
556 1709 15 23 à

63 1744 53 24 leur
133 1744 103 28 origine.

94 1780 63 25 Bien
171 1787 96 18 connue
280 1776 46 27 des
339 1776 231 30 dermatologistes,

64 1812 26 25 la
110 1821 90 16 verrue
217 1808 122 31 plantaire
361 1807 118 29 échappe
501 1816 71 16 assez

66 1850 108 18 souvent
188 1843 14 23 à
217 1840 23 25 la
253 1839 112 29 sagacité
379 1838 47 26 des
441 1838 131 25 médecins

67 1885 52 15 non
138 1871 148 32 spécialisés,
306 1880 44 15 car
369 1879 48 15 son
434 1876 89 23 aspect
539 1879 33 15 ne

67 1904 111 30 rappelle
198 1903 74 28 guère
294 1900 66 26 celui
383 1901 33 25 de
435 1900 25 26 la
483 1910 89 16 verrue

66 1936 116 27 vulgaire.

92 1970 53 25 Elle
168 1980 27 14 se
215 1968 137 27 manifeste
373 1969 130 25 d'emblée
527 1979 46 20 par

62 2012 48 14 une
125 2000 107 26 douleur
247 2002 59 24 vive
321 2002 16 23 à
350 2000 24 25 la
389 2002 125 28 pression,
530 2002 43 29 qui

62 2033 62 25 rend
142 2032 100 25 bientôt
262 2031 25 26 la
308 2032 104 25 marche
432 2034 50 23 très
503 2034 60 28 péni-

61 2063 50 26 ble.

91 2100 35 27 Le
147 2100 103 26 malade
268 2111 32 15 en
321 2101 110 25 cherche
452 2103 25 23 la
498 2111 75 15 cause

61 2139 26 18 et
103 2133 61 27 voit,
181 2142 41 15 sur
239 2131 25 26 la
281 2131 89 30 plante
385 2132 33 25 de
435 2142 40 16 ses
491 2132 82 30 pieds,

61 2173 49 15 une
140 2173 34 15 ou
203 2162 127 31 plusieurs
351 2162 130 27 callosités
513 2162 62 31 qu'il

61 2194 81 29 prend
157 2204 65 20 pour
238 2194 46 25 des
297 2193 133 27 durillons.

90 2230 141 26 L'examen
248 2237 110 21 montre,
376 2241 50 15 aux
443 2232 86 28 points
543 2235 32 20 de

60 2264 116 28 pression
188 2262 34 25 de
234 2262 25 25 la
271 2261 90 31 plante
373 2262 47 25 des
431 2262 82 30 pieds,
526 2272 50 15 une

60 2303 34 15 ou
118 2292 126 31 plusieurs
264 2292 109 31 plaques
396 2294 116 26 cornées,
534 2294 42 28 qui

61 2324 178 28 ressemblent,
258 2334 33 15 en
307 2324 74 29 effet,
400 2326 16 22 à
436 2324 46 25 des
501 2323 65 26 duril

60 2355 66 26 Ions.
151 2355 165 30 Cependant,
341 2365 33 15 en
398 2365 17 19 y
440 2355 137 30 regardant

61 2387 17 25 d
89 2397 34 15 un
137 2397 50 19 peu
201 2386 58 30 plus
272 2388 67 28 près,
352 2396 34 15 on
397 2392 117 20 constate
528 2396 49 19 que

61 2428 42 16 ces
121 2418 137 25 soi-disant
276 2417 125 27 durillons
419 2424 58 18 sont
492 2418 75 29 perfo-

61 2450 41 26 rés
120 2459 34 15 en
176 2450 55 24 leur
254 2453 88 21 centre
361 2459 47 19 par
431 2458 34 15 un
488 2448 90 26 orifice

61 2481 66 25 dont
142 2480 37 26 les
195 2480 161 25 dimensions
372 2481 99 24 varient
487 2479 91 30 depuis

61 2512 65 25 celle
147 2512 79 24 d'une
248 2513 52 23 tête
324 2510 130 30 d'épingle
477 2511 100 30 jusqu'à

61 2543 65 26 celle
141 2543 79 25 d'une
235 2544 74 28 pièce
323 2542 33 25 de
368 2543 137 29 cinquante
520 2552 50 15 eea

62 2577 84 23 times.

93 2612 49 24 Cet
160 2611 99 29 orifice,
279 2610 83 26 bordé
444 2620 33 15 un
494 2611 83 24 ourlet

63 2643 88 28 corné,
180 2642 108 26 conduit
319 2642 34 25 da
412 2652 49 14 une
493 2642 83 24 cavité

62 2675 106 25 creusée
188 2673 65 26 dans
277 2673 151 29 l'épidémie
450 2674 92 27 épaissi
569 2681 6 15 :

63 2706 64 25 c'est
140 2705 24 24 la
179 2704 57 30 loge
251 2704 33 25 de
299 2703 23 24 la
338 2713 88 14 verrue
441 2702 133 30 plantaire.

63 2736 36 25 La
111 2745 88 15 verrue
211 2734 146 26 elle-même
369 2741 38 17 est
418 2733 98 25 formée
529 2743 46 19 par

62 2775 33 14 un
120 2774 71 16 amas
215 2765 33 23 de
273 2764 124 24 colonnes
418 2763 160 30 papillaires,'

59 2796 43 28 qui
125 2801 127 23 prennent
285 2795 134 25 naissance
451 2804 42 16 sur
524 2804 50 16 une

59 2827 80 28 petite
163 2834 67 16 zone
255 2825 193 30 dhyperplasie
473 2826 102 25 dermo-

60 2856 186 30 épidermîque.
264 2856 37 25 La
322 2857 117 25 moindre
459 2858 115 28 pression

58 2898 16 20 y
88 2897 135 21 provoqua
237 2897 51 16 une
301 2887 108 26 douleur
428 2890 146 28 ..exquise»,

59 2929 29 16 ce
104 2920 43 29 qui
165 2919 53 25 fixe
234 2918 24 28 le
276 2919 151 30 diagnostic.

89 2955 38 26 En
140 2966 110 17 somme,
265 2955 25 25 la
304 2966 98 17 verrue,
415 2966 32 15 ne
459 2963 116 23 pouvant

59 2998 107 20 pousser
189 2997 34 15 au
246 2987 104 30 dehors,
372 2997 47 20 par
441 2989 64 23 suite
530 2987 46 25 des

59 3020 130 29 pressions
206 3025 150 19 constantes
373 3028 43 20 qui
433 3018 143 26 s'exercent

59 3061 41 15 sur
121 3049 58 29 elle,
201 3060 28 14 se
250 3048 150 30 développe
418 3049 65 26 dans
504 3049 61 30 l'épi-

60 3082 87 25 démie
161 3080 142 25 lui-même.
318 3080 71 26 C'est
401 3090 30 16 ce
443 3082 42 28 qui
497 3080 68 30 expli-

60 3123 48 20 que
121 3122 47 15 son
180 3118 90 23 aspect
282 3111 97 29 spécial
392 3119 26 19 et
430 3111 25 25 la
468 3111 106 26 douleur

61 3143 91 31 qu'elle
166 3152 146 21 provoque.

91 3180 65 25 Pour
175 3180 84 29 guérir
278 3178 25 25 la
326 3189 90 16 verrue
439 3179 135 30 plantaire,

64 3212 30 25 de
109 3210 129 30 multiples
255 3210 129 30 procédés
400 3219 46 19 ont
462 3212 41 24 été
519 3213 46 28 pré-

64 3244 103 26 conisés,
191 3243 65 23 mais
281 3241 26 25 la
332 3241 104 30 plupart
460 3252 33 16 ne
517 3248 59 19 sont

66 3285 43 19 pas
120 3276 14 23 à
146 3273 25 26 la
184 3273 91 30 portée
288 3272 33 26 de
333 3279 66 19 tous.
415 3273 71 26 C'est
500 3278 65 32 pour-

67 3307 56 28 quoi
138 3304 34 26 M.
187 3304 95 29 Sézary
297 3303 49 26 fait
359 3314 91 16 ceuvre
465 3304 69 26 utile"
542 3315 32 15 en

68 3336 118 31 signalant
200 3335 25 25 la
238 3335 125 25 méthode
379 3337 51 24 très
444 3335 93 31 simple
550 3343 25 19 et

69 3370 47 23 très
128 3367 103 26 efficace
247 3376 51 20 que
315 3366 66 25 MM.
397 3366 177 26 Ducourtioux

71 3407 25 18 et
110 3398 107 25 Barbara
231 3405 44 19 ont
291 3399 63 25 mise
370 3407 33 15 au
420 3399 74 28 point
510 3398 65 25 dans

72 3440 45 15 son
127 3430 91 24 service
229 3428 30 26 de
273 3428 119 30 l'hôpital
404 3428 170 29 Saint-Louis,

74 3463 16 23 à
104 3460 73 25 Paris.

104 3497 81 26 Avant
199 3503 50 20 tout
265 3498 157 27 traitement,
440 3496 66 28 MM.
523 3496 41 26 Du-

78 3530 118 24 courtioux
216 3537 24 19 et
264 3529 115 25 Barbara
402 3528 172 26 ramollissent

77 3559 22 25 Ja
116 3569 85 20 verrue,
219 3560 32 25 de
266 3560 80 30 façon
361 3560 79 30 qu'au
458 3560 65 25 bout
541 3560 33 25 de

76 3590 109 31 quelques
197 3592 69 29 jours
285 3592 16 24 il
320 3591 44 30 n'y
382 3593 37 23 ait
437 3590 58 31 plus
514 3591 60 30 qu'à

76 3621 21 25 la
107 3621 86 27 cueillir
207 3633 44 20 par
267 3623 148 27 lambeaux,
430 3624 58 28 puis
502 3624 16 23 à
530 3622 33 26 dé-

82 3654 58 25 duire
150 3663 43 17 son
207 3656 73 28 point
294 3653 221 31 d'implantation,
530 3655 43 29 qui

86 3690 25 19 trt
123 3687 58 24 aussi
198 3695 32 16 un
247 3685 83 31 foyer.

109 3721 26 26 Ct
144 3723 209 28 ramollissement
367 3730 38 19 est
419 3723 106 29 obtenu,
541 3733 32 15 en

92 3760 41 22 cinq
142 3763 25 16 ou
181 3756 37 24 six
233 3756 79 29 jours,
330 3765 47 20 par
391 3755 47 25 des
452 3755 74 25 bains
540 3755 33 25 de

93 3783 51 28 pieds
155 3786 92 28 chauds
265 3786 149 31 quotidiens
434 3786 139 31 prolongés

93 3819 20 31 *-\
121 3824 30 20 par
162 3816 174 32 l'application
351 3829 32 16 en
399 3828 174 20 permanence

94 3845 53 27 dune
162 3850 137 28 pommade
320 3849 152 31 salicylique
493 3849 80 30 qu'on

93 3884 14 15 n
116 3885 11 15 a
127 3878 79 32 Pplique
219 3891 50 20 que
284 3891 42 15 sur
341 3881 25 25 la
381 3881 83 25 lésion
479 3883 93 23 même.

93 3908 36 41 JJn
138 3910 47 27 taille
199 3912 65 27 dans
280 3922 34 15 un
330 3914 72 24 carré
419 3912 33 25 de
469 3912 104 30 diachy-

93 3940 37 23 lon
140 3949 31 19 une
179 3950 136 19 ouverture
328 3950 80 24 ayant
423 3943 37 26 les
475 3944 87 25 dimen-

94 3978 54 18 sions
155 3973 22 27 de
190 3975 25 25 la
229 3975 126 28 callosité,
371 3985 34 15 on
423 3975 24 25 la
463 3975 53 26 fixe
531 3985 42 15 sur

96 4004 21 38 |*
125 4010 41 20 peau
173 4006 29 26 de
213 4006 79 31 façon
302 4008 16 23 à
330 4006 88 26 laisser
428 4006 24 25 le
462 4006 110 30 pseudo-

97 4035 75 26 "uriUon
191 4039 15 24 à
229 4039 152 27 découvert.
406 4037 42 25 On
474 4039 99 29 dépose

98 4071 32 16 8Ur
137 4077 14 13 «
163 4067 74 28 lésion
257 4071 64 24 ainsi
341 4070 166 25 circonscrite
523 4079 50 15 une

99 4098 62 25 couche
173 4101 97 29 épaisse
290 4101 33 25 de
342 4100 24 25 la
386 4100 143 29 pommade
548 4107 25 18 et

101 4133 17 15 ot
119 4146 4 4 -
136 4138 101 20 recouvre
263 4132 63 26 d'un
350 4131 145 30 sparadrap
520 4142 52 15 non

101 4159 64 27 Perforé
184 4166 40 28 qui
246 4163 92 27 réalise
361 4172 34 16 un
419 4170 154 22 pansement

101 4190 53 27 tome.
171 4193 114 28 Pendant
302 4201 56 19 tout
376 4204 30 15 ce
426 4200 93 23 temps,
538 4204 34 15 on

99 4226 10 16 11
115 4229 15 16 M
131 4244 6 4 -
146 4233 25 17 en
181 4227 51 25 rien
247 4228 66 29 gêné
327 4226 66 25 dans
407 4235 41 15 ses
462 4235 111 20 occupa-

98 4253 45 26 bons.

103 4290 72 33 .Après
186 4295 56 31 cinq
256 4305 34 16 ou
301 4295 38 26 six
352 4294 79 31 jours,
446 4293 24 26 le
486 4294 87 25 méde-

92 4325 26 39 J>
131 4324 77 29 enlève
228 4329 52 26 très
297 4326 151 26 facilement
468 4324 24 26 le
512 4326 61 24 tissu

92 4351 21 24 de
128 4352 19 27 la
165 4366 85 19 verrue
273 4369 51 21 que
343 4357 25 26 la
391 4356 143 31 pommade
557 4365 16 16 a

90 4385 72 27 ramolli
173 4396 24 19 et
211 4401 34 15 on
258 4391 96 25 détruit
370 4389 24 25 le
409 4389 74 30 point
499 4387 73 26 d'im-

88 4417 113 29 P'antation
214 4422 33 26 de
260 4422 25 25 la
299 4430 100 17 verrue.

109 4451 27 27 L*
143 4465 83 19 .verrue
243 4461 64 24 mise
324 4460 15 24 à
357 4468 34 15 nu
407 4467 28 16 se
452 4457 120 30 présente

90 4488 73 25 comme
177 4499 32 16 un
223 4490 117 31 bouquet
356 4489 34 26 de
405 4489 94 30 petites
515 4487 55 26 sail-

87 4513 34 26 l'es
133 4520 112 30 grisâtres,
266 4524 151 28 émergeant
432 4519 80 26 d'une
531 4528 40 16 ca-

85 4550 38 20 v,le
123 4566 5 5 *
150 4549 32 27 Le
208 4553 118 26 médecin
353 4551 126 27 introduit
507 4549 66 26 dans

81 4582 51 21 cette
144 4585 79 25 cavité
241 4595 50 16 une
309 4590 98 20 curette
427 4592 103 15 mousse
546 4587 26 19 et

79 4610 65 26 arrête
169 4613 23 26 le
219 4623 120 23 curetage
365 4614 146 27 seulement
539 4622 33 15 au

79 4645 19 17 m
100 4648 75 23 °rnent
199 4648 33 24 où
257 4647 23 26 le
307 4648 68 28 sujet
402 4655 93 16 accuse
521 4653 51 16 une

77 4673 64 25 Petite
155 4675 103 29 douleur
271 4687 26 19 et
312 4680 34 24 où
360 4677 125 31 quelques
500 4681 62 25 gout-

76 4704 30 22 tes
116 4704 28 27 de
156 4717 60 22 sang
227 4712 188 28 apparaissent.

74 4766 6 13 i
104 4770 6 8 i
116 4773 7 7 ,
131 4752 6 14 I
137 4752 8 27 ?
146 4753 14 15 e
177 4755 25 16 re
204 4753 37 19 ste
261 4749 99 24 ensuite
379 4746 61 31 qu'à
459 4745 112 26 détruire

74 4777 20 17 *
104 4772 72 29 lésion
187 4777 32 26 de
231 4778 25 25 la
267 4789 67 20 peau
347 4780 43 29 qui
404 4778 88 26 donne
505 4778 56 24 nais-

73 4809 66 20 sance
152 4816 31 16 au
200 4808 115 32 bouquet
330 4810 33 26 de
382 4809 95 26 saillies
495 4809 67 29 grisâ-

73 4836 50 23 tres.
142 4836 66 28 Chez
228 4840 37 26 les
284 4842 80 28 sujets
385 4840 186 31 pusillanimes,

73 4870 43 19 une
140 4871 139 27 anesthésie
308 4872 84 26 locale
420 4871 63 26 rend
513 4870 58 31 plus

72 4897 67 26 racile
152 4899 23 26 la
191 4905 78 26 petite
285 4905 174 24 intervention
477 4904 43 29 qui
539 4911 32 15 va

71 4933 82 22 suivre.

98 4968 36 23 *-n
156 4978 150 22 pansement
330 4973 135 29 aseptique
486 4971 75 31 proté-

72 5001 52 20 gera
140 4997 23 27 la
180 5005 76 25 petite
276 5003 69 31 plaie
365 5003 116 30 pendant
501 5001 59 31 quel-

72 5033 55 39 ques
140 5030 73 30 jours.
228 5033 35 27 Le
280 5035 57 29 plus
350 5042 111 18 souvent
478 5034 23 25 le
518 5044 43 14 ma-

73 5061 50 22 lade
145 5070 58 20 peut
222 5067 151 28 poursuivre
396 5076 42 15 ses
461 5075 100 20 occupa-

72 5090 65 26 tions.

98 5127 51 28 L'ne
167 5131 170 28 intervention
357 5133 61 25 bien
438 5132 63 26 faite
518 5138 53 20 met

72 5162 13 16 1
97 5158 7 23 1
113 5158 51 27 abri
176 5162 76 30 d'une
267 5164 122 27 récidive.
405 5164 71 26 C'est
490 5163 70 26 seule-

73 5192 61 40 ment
144 5192 20 24 si
178 5192 24 26 la
216 5195 157 26 destruction
388 5204 15 15 a
418 5195 42 24 été
474 5196 86 23 incom-

73 5218 59 27 plète
151 5231 48 18 aue
216 5224 23 27 le
260 5225 104 27 malade
385 5232 98 19 ressent
503 5224 69 30 alors

74 5257 27 16 *****
113 5250 23 26 la
151 5250 114 35 douleur.

246 5304 39 30 Dr
301 5305 78 26 Louîi
397 5303 124 25 Delattre.

588 690 546 65 L'IMBROGLIO
1179 697 448 71 POLITIQUE

891 791 433 60 PERSISTE...

655 913 66 47 Les
749 918 175 53 pouvoirs
952 920 179 52 spéciaux
1159 915 194 46 seront-ils
1383 916 180 46 accordés

911 997 50 27 au
989 987 289 48 gouvernement
1293 978 20 46 ?

807 1095 64 35 LES
895 1088 197 47 LIBÉRAUX,
1116 1095 48 36 DE
1190 1095 95 36 LEUR
1309 1087 108 48 COTÉ,

589 1151 46 36 ET
658 1151 65 37 LES
747 1145 339 49 DÉMO-CHRÉTIENS,
1110 1152 52 36 DU
1186 1152 106 41 LEUR,
1318 1145 223 44 RÉCLAMENT
1565 1154 68 36 DES

589 1209 277 36 ASSURANCES...
890 1210 65 41 QUI
978 1210 283 35 APPARAISSENT
1284 1210 350 38 CONTRADICTOIRES

617 1300 70 18 D'une
704 1299 76 23 rapide
805 1299 94 23 enquête
928 1299 55 19 faite
1001 1298 56 20 dans
1073 1299 31 19 les

591 1324 90 19 milieux
702 1324 182 22 parlementaires
906 1323 104 22 libéraux,
1030 1323 17 19 il
1067 1323 25 19 ré-

592 1348 57 19 sulte
667 1352 41 19 que
724 1347 23 19 la
764 1348 109 19 situation
892 1347 104 23 politique
1015 1351 28 15 ne
1061 1347 43 19 s'é-

591 1372 86 19 claircit
695 1372 71 22 guère.
784 1372 60 19 Voici
864 1371 116 19 l'essentiel
997 1370 27 20 de
1042 1370 49 23 quel-

592 1399 53 19 ques
663 1396 103 23 opinions
783 1399 41 19 que
845 1399 56 15 nous
922 1399 69 15 avons
1011 1394 81 20 recueil-

592 1420 40 20 lies
649 1424 6 15 :

618 1453 9 7 -
647 1444 30 19 Le
696 1444 173 23 gouvernement
889 1448 13 14 a
921 1447 27 15 eu
969 1442 70 24 grand
1060 1443 44 18 tort

592 1467 27 19 de
631 1468 122 22 proclamer
767 1469 49 18 tout
829 1467 27 19 de
871 1471 27 19 go
911 1467 52 23 qu'il
976 1467 83 19 voulait
1073 1466 31 19 les

593 1499 9 8 «
623 1492 101 23 pouvoirs
754 1491 104 23 spéciaux
879 1499 8 10 ■
907 1495 55 15 sans
993 1490 57 20 délai
1082 1492 23 18 et

593 1519 91 19 presque
700 1520 54 14 sans
772 1515 127 20 discussion.
917 1516 34 18 En
967 1514 64 22 effet,
1049 1514 15 19 il
1081 1518 24 15 se

592 1541 77 17 trouve
695 1539 140 23 aujourd'hui
864 1539 57 19 dans
951 1543 42 14 une
1010 1539 94 22 impasse

592 1563 55 19 dont
661 1563 15 19 il
689 1567 27 14 ne
732 1567 80 18 pourra
827 1562 65 23 guère
907 1563 67 19 sortir
990 1566 51 16 avec
1057 1563 47 18 tout

592 1591 41 15 son
649 1587 95 22 prestige

618 1609 20 21 U
650 1613 17 20 y
677 1614 16 15 a
705 1619 26 5 —
747 1610 65 19 duns
828 1613 50 20 part
894 1620 25 4 —
934 1610 32 19 les
979 1610 126 20 eriailleries

593 1634 26 19 de
636 1634 104 23 quelques
759 1634 102 20 droitiers
878 1634 123 23 agrariens;
1022 1638 30 16 on
1070 1638 24 16 es-

593 1658 50 23 père
659 1658 31 19 les
704 1658 99 19 étouffer
818 1658 146 23 rapidement.

617 1681 20 20 Il
655 1686 15 18 y
689 1686 13 15 a
722 1681 93 20 l'accord
835 1681 96 24 complet
949 1682 27 19 de
994 1681 21 20 la
1035 1682 70 20 droite

592 1706 160 19 conservatrice
766 1709 40 15 sur
822 1705 21 20 la
859 1705 106 21 nécessité
982 1705 39 21 des
1035 1706 71 24 pleins

593 1729 108 23 pouvoirs.

618 1754 35 18 Du
675 1753 48 20 coté
745 1753 183 21 démo-chrétien,
949 1754 16 19 il
986 1758 14 19 y
1020 1759 14 14 a
1055 1758 40 19 pro-

593 1781 69 15 misse
677 1777 106 21 d'accord,
798 1777 15 20 à
828 1778 113 19 condition
956 1778 51 22 qu'il
1021 1784 28 14 ne
1064 1780 41 18 soit

593 1801 80 20 touché
690 1807 28 13 en
737 1802 47 18 rien
802 1807 30 14 au
849 1801 82 24 répime
949 1803 30 19 du
994 1803 112 23 chômage,

592 1825 38 18 des
645 1826 105 22 pensions
764 1826 27 20 de
806 1826 107 20 vieillesse
928 1828 22 18 et
966 1827 39 19 des
1020 1827 74 19 indem-

593 1849 58 20 nités
665 1850 125 20 familiales.

618 1874 35 18 Du
670 1873 50 20 côté
737 1873 84 21 libéral,
838 1874 16 19 il
871 1878 15 19 y
903 1878 14 15 a
933 1884 27 5 —
975 1875 64 20 outre
1057 1875 37 23 plu-

593 1897 70 20 sieurs
679 1897 100 20 volontés
796 1898 203 21 irréductiblement
1016 1899 92 19 hostiles

593 1925 29 15 au
639 1922 99 22 principe
757 1921 72 20 méme
849 1921 39 20 des
909 1931 8 7 -
939 1923 102 22 pouvoirs
1055 1926 40 19 spé-

593 1946 65 19 ciaux
678 1955 4 5 ■
699 1956 26 4 —
738 1950 44 14 une
799 1946 103 22 majorité
918 1946 128 20 d'éléments
1062 1947 34 19 dis-

594 1969 63 24 posés
673 1969 15 20 à
717 1969 104 20 accorder
838 1974 28 15 au
896 1971 172 22 gouvernement
1085 1970 22 19 la

1125 1300 119 23 possibilité
1265 1300 70 24 d'agir
1353 1301 45 21 vite
1418 1301 24 20 et
1464 1301 58 22 bien,
1544 1306 29 15 en
1594 1306 41 15 vue

1124 1324 29 20 du
1170 1324 161 20 redressement
1349 1325 117 22 financier,
1484 1326 15 20 à
1517 1326 22 19 la
1558 1327 64 18 condi-

1124 1348 47 19 tion
1189 1348 28 20 de
1235 1353 28 15 ne
1281 1348 50 24 pius
1347 1353 25 15 se
1390 1349 80 20 borner
1487 1350 15 20 à
1520 1350 60 19 créer
1597 1350 38 18 des

1125 1372 137 23 impositions
1294 1373 112 19 nouvelles
1423 1378 29 15 ou
1469 1374 14 19 à
1512 1375 123 18 contracter

1125 1396 38 19 des
1179 1396 116 23 emprunts
1313 1401 122 18 nouveaux,
1453 1398 63 22 mais,
1534 1402 29 15 au
1582 1402 42 16 con-

1125 1421 73 20 traire,
1217 1421 26 18 de
1265 1420 107 20 reformer
1393 1420 190 21 immédiatement
1605 1427 30 14 un

1125 1444 80 22 régime
1221 1445 37 23 qui
1274 1445 73 19 donne
1363 1445 116 19 naissance
1494 1446 15 19 à
1525 1446 51 19 tant
1589 1446 44 19 d'a-

1133 1473 32 14 >U'-
1181 1469 56 18 dins
1254 1470 49 18 tous
1321 1469 31 19 les
1369 1469 120 23 domaines,
1505 1475 15 18 y
1536 1470 100 23 compris,

1125 1492 145 22 notamment,
1285 1493 20 21 le
1319 1493 112 23 chômage,
1446 1494 31 19 les
1492 1494 103 23 pensions
1609 1495 26 19 de

1126 1516 104 20 vieillesse
1243 1517 23 19 et
1278 1517 31 19 les
1324 1517 133 20 Indemnités
1473 1518 124 20 familiales.

1150 1545 41 20 Les
1211 1545 64 20 démo
1277 1546 128 20 -chrétiens,
1425 1546 27 20 de
1472 1546 48 20 leur
1539 1547 55 20 côté,
1614 1548 22 19 et

1126 1569 30 19 les
1186 1569 98 20 libéraux
1313 1570 30 19 du
1372 1570 53 22 leur,
1452 1570 90 20 veulent
1570 1570 66 21 avoir,

1127 1594 68 19 avant
1214 1593 27 21 de
1258 1598 24 15 se
1301 1598 129 19 prononcer,
1450 1594 39 20 des
1508 1598 129 16 assurances

1127 1617 110 20 formelles
1252 1617 48 20 leur
1312 1618 153 22 garantissant
1477 1622 42 20 que
1536 1618 47 20 leur
1598 1623 27 15 vo

1128 1641 59 19 lonté
1201 1646 51 15 sera
1266 1642 119 23 respectée.

1151 1671 37 21 Or,
1208 1671 57 19 cette
1285 1671 88 20 volonté
1390 1672 35 19 est
1443 1671 184 21 contradictoire».

1151 1701 29 19 Le
1210 1702 172 22 gouvernement
1397 1702 36 19 est
1461 1701 56 19 donc
1531 1701 79 23 exposé
1624 1701 13 18 à

1127 1725 77 22 perdre
1221 1734 26 5 —
1264 1725 51 23 quoi
1333 1725 52 23 qu'il
1401 1725 60 19 fasse
1478 1726 24 18 et
1517 1725 51 23 quoi
1585 1724 52 24 qu'il

1135 1749 99 19 ^omette
1249 1749 27 20 de
1291 1749 56 19 faire
1360 1759 26 4 —
1399 1753 43 15 une
1457 1749 42 20 aile
1513 1749 27 19 de
1551 1753 26 15 sa
1588 1753 37 15 ma-

1127 1772 71 23 jorité.

1150 1797 42 20 Tel
1207 1797 34 20 est
1257 1796 21 22 le
1295 1797 118 24 problème.

1152 1827 19 19 Il
1187 1827 103 23 apparait
1305 1831 85 16 comme
1406 1827 45 19 très
1466 1826 93 20 difficile
1572 1827 15 19 à
1603 1826 23 19 ré-

1126 1851 79 20 soudre
1219 1852 23 18 et
1257 1852 53 19 c'est
1324 1855 24 15 ce
1363 1851 37 23 qui
1414 1850 100 24 explique
1529 1855 42 19 que
1585 1850 41 19 l'ex-

1128 1874 167 23 trême-gauché
1311 1875 110 22 envisage,
1451 1874 38 20 dès
1509 1874 14 19 à
1544 1873 95 24 présent,

1127 1898 149 20 l'éventualité
1293 1898 65 20 d'une
1376 1898 55 20 crise
1449 1898 151 20 ministérielle
1616 1899 23 18 et

1127 1922 22 20 la
1179 1922 126 24 possibilité,
1335 1926 55 20 pour
1417 1926 37 16 ses
1482 1921 157 20 mandataires,

1127 1946 68 20 d'être
1210 1946 89 23 appelés
1314 1946 14 19 à
1345 1945 100 24 prendre,
1461 1950 43 15 eux
1520 1945 65 22 aussi,
1601 1944 37 20 des

1129 1970 184 24 responsabilités.
1328 1978 8 8 •
1351 1980 26 5 —
1388 1971 27 18 G.

690 2048 153 47 SOUS
892 2049 73 45 LE
1007 2049 165 46 JOUG
1215 2040 334 54 HITLÉRIEN

778 2155 76 29 DES
875 2154 188 30 SAVANTS
1084 2161 15 11 -
1121 2154 73 30 MIS
1215 2154 51 29 EN
1287 2148 139 36 CONGÉ

622 2241 83 21 Berlin.
724 2241 13 19 S
756 2241 52 20 mal.
828 2251 26 5 —
873 2241 31 19 M.
923 2240 63 21 Rust.
1006 2240 101 20 ministre

598 2265 27 19 de
645 2265 151 20 l'Instruction
817 2264 103 25 publique
940 2265 27 19 de
988 2264 86 21 Prusse,
1094 2267 14 15 a

598 2289 43 19 mis
654 2289 27 19 de
696 2293 101 16 nouveau
810 2293 30 15 en
854 2287 69 24 congé
937 2292 44 16 une
996 2287 112 20 trentaine

599 2312 27 20 de
641 2313 135 23 professeurs
789 2312 39 20 des
842 2312 136 20 Universités
993 2312 26 20 de
1033 2310 76 21 Berlin

598 2339 23 16 et
638 2336 26 20 de
681 2337 102 23 Cologne.

624 2366 74 19 Parmi
719 2365 87 20 ceux-ci
828 2370 23 16 se
871 2366 105 19 trouvent
995 2365 101 20 l'orienta-

599 2389 50 20 liste
670 2390 122 20 Mittwoch.
813 2389 20 20 le
854 2390 127 24 professeur
1002 2389 107 22 Pokorny.

598 2413 125 20 SDéclaliste
755 2414 39 19 des
827 2413 113 24 questions
973 2413 134 19 concernant

599 2437 113 22 l'Irlande;
733 2437 22 19 le
774 2437 126 24 professeur
919 2437 98 20 Richter.
1037 2437 59 20 direc-

599 2462 51 18 teur
677 2462 27 20 de
731 2461 182 23 l'enseignement
939 2460 115 24 supérieur
1081 2461 27 19 de

599 2486 85 21 Prusse,
699 2486 24 18 et
738 2486 30 19 M.
783 2486 85 19 Mânes,
883 2485 45 19 l'un
943 2485 39 19 des
997 2484 112 21 créateurs

599 2509 27 19 de
645 2510 21 19 la
683 2509 86 19 science
786 2509 105 20 moderne
910 2509 39 19 des
967 2512 139 17 assurances;

599 2532 20 20 le
632 2533 125 23 professeur
770 2532 182 21 Schmalenback.
965 2532 28 20 de
1007 2532 102 23 Cologne,

600 2560 73 16 connu
692 2561 85 14 comme
797 2555 143 23 économiste;
962 2557 30 19 M.
1012 2557 97 22 Spotzer.

600 2580 26 20 de
643 2580 21 20 la
680 2580 72 20 même
769 2579 131 22 Université,
916 2581 37 23 qui
970 2581 57 23 jouit
1044 2580 65 20 d'une

694 2647 38 29 LA
752 2647 76 29 MINE
847 2648 174 29 SOURIANTE

731 3955 244 21 CHARLOT-ADOLF

707 3986 89 20 curieux
815 3991 55 17 ranp
872 3985 65 20 roche
939 3984 62 20 ment

740 4015 42 19 par
799 4011 23 19 A.
841 4009 126 24 Sparmont.

657 4042 55 19 MM,
725 4041 129 20 DESTREE
868 4041 35 19 ET
916 4039 129 20 TOULLET

738 4076 41 18 par
791 4071 77 19 Albert
882 4069 85 21 Lenolr.

596 4101 33 19 LE
648 4101 73 20 REVE
740 4102 37 18 DE
797 4109 9 8 ••
825 4101 64 19 MOU
892 4101 23 18 M
934 4108 17 14 »,
968 4100 34 19 LE
1021 4099 87 21 CHIEN

713 4132 41 19 DU
772 4131 219 20 BOURGMESTRE

723 4166 42 19 par
780 4161 83 19 Marcel
879 4160 103 20 Antoine.

768 4185 84 20 Photos
863 4185 71 24 prises

662 4208 16 22 à
692 4209 138 24 l'exposition
846 4210 39 19 des
902 4208 140 21 humoristes.

1131 2241 83 23 grande
1226 2241 127 24 réputation
1367 2245 85 16 comme
1464 2240 124 24 spécialiste
1602 2240 38 21 des

1132 2265 91 23 langues
1240 2264 120 23 romaines;
1380 2264 71 21 enfin,
1469 2265 30 19 M.
1517 2264 123 22 Honlghen,

1131 2290 37 22 qui
1191 2294 14 14 a
1229 2288 73 23 publié
1325 2289 28 20 de
1376 2288 164 24 remarquables
1564 2288 76 21 études

1131 2313 162 24 sociologiques.
1310 2323 27 5 —
1353 2312 75 24 Belga.

1130 2351 40 19 ON
1183 2351 37 19 NE
1234 2350 104 21 LIBERE
1351 2350 57 23 QUE
1422 2350 50 20 LES
1487 2349 152 20 NON-JUIFS

1155 2387 82 21 Berlin.
1251 2387 12 19 3
1277 2386 52 22 mal.
1343 2397 26 4 —
1383 2387 57 19 Cent
1454 2386 78 24 quinze
1547 2385 93 20 détenus

1130 2411 117 24 politiques
1272 2411 29 20 du
1328 2415 65 20 camp
1418 2410 28 20 de
1471 2410 168 19 concentration

1131 2435 138 20 d'Osthofen.
1286 2434 50 25 près
1353 2435 27 20 de
1396 2434 138 21 Darmstadt,
1550 2434 40 20 ont
1605 2433 35 20 été

1131 2459 78 20 libérés
1223 2459 14 19 à
1250 2459 116 20 l'occasion
1382 2459 29 19 du
1427 2459 36 19 1er
1477 2459 51 19 mai.
1542 2459 20 19 H
1575 2457 64 24 s'agit

1130 2483 172 20 exclusivement
1326 2482 128 20 d'éléments
1480 2487 44 15 non
1527 2482 66 23 -Juifs
1617 2482 23 20 ct

1131 2512 92 19 presque
1238 2507 144 24 uniquement
1397 2508 27 19 de
1438 2506 139 21 travailleurs
1591 2510 37 16 ma-

1133 2531 68 20 nuels.

1155 2563 19 18 A
1197 2562 135 22 Augsbourg.
1354 2562 172 23 quarante-huit
1548 2567 80 19 person-

1131 2590 45 18 nes,
1199 2586 55 20 dont
1278 2586 94 20 l'ancien
1395 2587 151 21 bourgmestre
1569 2587 58 19 socia
1631 2596 9 5 -

1132 2609 49 20 liste
1200 2610 147 22 Ackermann,
1366 2611 40 19 ont
1425 2611 35 20 été
1480 2610 66 20 remis
1566 2615 28 16 en
1613 2609 17 20 li-

1131 2633 67 20 berté.
1213 2643 26 5 —
1254 2634 76 23 Belga.

1143 2676 60 19 Mme
1217 2675 82 20 KURT
1314 2676 102 19 EISNER
1432 2677 51 19 EST
1498 2677 131 19 ARRETEE

1156 2705 126 20 Carlsruhe.
1300 2706 11 18 3
1329 2705 52 20 mal.
1397 2716 26 4 —
1440 2707 59 19 Mme
1516 2707 60 18 Kurt
1593 2706 48 19 Els-

1130 2733 46 18 ner,
1188 2732 68 16 veuve
1270 2729 29 20 du
1313 2729 114 24 président
1441 2729 124 20 dtfconseil
1580 2735 48 14 com-

1130 2752 97 21 muniste
1246 2753 27 19 de
1291 2753 100 22 Bavière,
1409 2753 111 20 assassiné
1539 2758 28 15 en
1587 2754 54 20 1919,

1131 2781 12 14 a
1164 2776 36 21 été
1218 2776 86 21 arrêtée
1323 2777 57 19 dans
1398 2777 23 20 la
1440 2777 67 20 Forêt
1525 2777 73 20 Noire.
1616 2788 26 5 —

1132 2800 74 25 Belga.

1264 2838 58 20 PAR
1338 2839 34 19 LE
1389 2838 120 20 POISON?

1155 2867 83 22 Berlin,
1252 2868 12 19 3
1279 2868 52 20 mai.
1345 2879 26 4 —
1385 2869 31 19 La
1431 2868 70 25 police
1517 2868 73 20 aurait
1604 2873 26 16 ar-

1131 2891 46 21 rêté
1194 2896 36 15 ces
1247 2892 94 23 Jours-ci
1359 2892 109 25 plusieurs
1484 2893 158 20 communistes

1131 2917 37 19 oui
1184 2921 23 15 se
1222 2916 97 20 seraient
1336 2916 104 25 proposés
1454 2917 121 20 d'attenter
1590 2917 14 20 à
1620 2917 21 20 la

1132 2940 33 20 vie
1182 2940 158 20 d'adversaires
1356 2941 123 24 politiques.

1157 2965 103 19 Certains
1280 2964 64 21 d'eux
1366 2966 103 19 auraient
1490 2965 62 20 tenté
1573 2966 56 19 d'em-

1132 2989 118 22 poisonner
1262 2994 53 15 avec
1328 2990 29 20 du
1370 2994 97 17 cyanure
1480 2990 27 20 de
1519 2990 121 21 potassium

1131 3013 20 19 le
1178 3013 151 23 bourgmestre
1358 3014 224 21 national-socialiste
1610 3016 30 19 M.

1132 3037 91 22 Dobeln,
1237 3042 28 15 en
1279 3038 64 21 Saxe.
1358 3048 26 4 —
1397 3038 75 24 Belga.

1144 3080 168 20 REDUCTION
1326 3081 41 20 DU
1382 3081 81 20 TAUX
1478 3082 152 19 D'INTERET

1156 3111 82 21 Berlin.
1255 3111 12 19 3
1283 3111 52 20 mal.
1351 3122 26 3 —
1391 3112 30 19 Le
1437 3112 102 23 syndicat
1556 3111 85 21 central

1132 3134 38 20 des
1188 3135 119 23 banquiers
1326 3135 130 21 allemands,
1474 3135 64 20 réuni
1557 3141 29 15 en
1605 3141 25 15 as-

1132 3158 95 22 sembla*
1244 3159 108 24 générale,
1368 3165 13 14 a
1397 3159 99 20 soulit*né
1513 3160 117 24 énergique-

1132 3183 62 19 ment
1213 3183 109 22 l'urgence
1341 3184 27 19 de
1387 3184 105 24 procéder
1511 3185 13 19 à
1544 3188 43 17 une
1606 3184 24 19 ré-

1132 3206 90 21 duction
1240 3207 29 20 du
1287 3207 54 20 taux
1358 3208 26 19 de
1402 3207 96 21 l'intérêt
1516 3208 38 20 des
1570 3208 72 21 dettes

1132 3230 84 24 privées
1231 3231 143 20 allemandes.
1388 3242 25 4 —
1426 3232 75 23 Belga.

1220 3274 79 19 POUR
1313 3275 239 20 MALVERSATIONS

1157 3311 103 22 Cologne.
1277 3312 12 19 3
1305 3312 53 20 mai.
1374 3322 27 5 —
1416 3313 37 19 Un
1471 3312 94 20 mandat
1583 3313 47 19 d'ar-

1132 3334 34 20 rêt
1179 3340 13 14 a
1206 3335 36 20 été
1256 3335 93 21 décerné
1363 3337 76 19 contre
1451 3336 20 20 le
1484 3336 76 21 consul
1574 3336 56 23 géné-

1132 3359 33 19 ral
1180 3360 66 19 Maus
1260 3360 24 19 et
1298 3361 21 19 le
1334 3360 76 20 consul
1426 3360 92 22 Sthoky,
1534 3361 108 19 membres

1132 3383 29 20 du
1176 3383 82 20 conseil
1273 3384 27 19 de
1314 3384 127 24 présidence
1457 3384 27 20 de
1498 3384 22 20 la
1536 3386 106 18 Goerres-

1132 3407 225 23 haus-Gesellschaft.
1373 3408 14 20 à
1405 3408 103 23 Cologne,
1525 3409 57 19 ainsi
1600 3413 42 20 que

1131 3432 76 18 contre
1222 3432 30 19 M.
1267 3432 99 23 Monnig,
1380 3433 94 19 l'ancien
1490 3433 110 19 directeur
1614 3434 27 19 de

1131 3454 87 24 banque
1241 3456 115 23 Bruening
1378 3456 64 24 après
1465 3457 22 19 la
1510 3457 81 20 faillite
1615 3458 26 19 de

1132 3479 57 19 cette
1207 3478 87 21 société.

1156 3509 59 19 Tous
1238 3509 90 20 avaient
1349 3509 34 20 été
1406 3510 84 20 arrêtés
1511 3511 118 24 provisoire-

1132 3533 62 19 ment
1212 3537 52 15 sous
1282 3533 23 19 la
1324 3534 129 23 prévention
1473 3535 27 20 de
1519 3535 110 20 malversa-

1132 3556 65 20 tions.
1209 3566 27 5 —
1248 3557 74 22 Belga.

1133 3598 34 20 LA
1185 3605 10 11 «
1211 3599 145 20 BANNIERE
1372 3601 135 19 D'EMPIRE
1524 3608 10 10 y
1552 3602 90 19 RESTE

1320 3630 135 19 L'ENNEMI

1157 3665 156 23 Magdebourg.
1330 3666 11 18 3
1360 3666 52 21 mal.
1429 3677 25 3 —
1471 3668 44 17 Des
1533 3667 109 19 miliciens

1132 3689 91 19 racistes
1243 3690 41 19 ont
1305 3689 71 20 arrêté
1397 3690 22 20 la
1439 3690 118 20 secrétaire
1578 3692 23 19 et
1620 3690 21 20 le

1132 3713 120 20 chauffeur
1268 3714 27 19 de
1313 3714 30 19 M.
1361 3714 166 22 Hoeltermann.
1545 3715 52 19 chef
1614 3716 27 19 de

1131 3735 152 21 l'Association
1312 3736 148 25 républicaine
1491 3747 8 8 <■
1529 3739 111 20 Bannière

1131 3759 110 25 d'Empire
1259 3769 17 16 »,
1294 3765 28 16 au
1338 3763 99 18 moment
1454 3762 28 20 où
1499 3763 27 19 ils
1543 3763 86 24 s'apprê-

1132 3784 71 20 taient
1218 3785 13 19 à
1246 3789 83 19 gagner
1343 3785 81 21 Berlin.

1156 3816 36 19 On
1212 3816 75 19 aurait
1306 3815 118 22 découvert
1443 3822 30 15 au
1493 3817 100 20 domicile
1614 3818 26 20 de

1131 3838 22 20 la
1180 3838 118 21 secrétaire
1327 3840 38 20 des
1392 3840 130 21 documents
1549 3841 79 21 établis-

1131 3863 52 20 sant
1195 3868 41 18 que
1251 3864 151 20 l'Association
1418 3871 8 11 ■
1442 3865 110 20 Bannière
1566 3866 62 20 d'Em-

1131 3887 46 23 pire
1195 3896 7 7 ■>
1220 3888 125 19 continuait
1360 3887 14 20 à
1389 3888 114 20 travailler
1517 3889 76 20 contre
1608 3890 32 19 les

1131 3910 92 21 Intérêts
1236 3912 22 19 et
1270 3912 21 20 la
1301 3911 95 20 sécurité
1407 3912 27 20 de
1446 3913 73 21 l'Etat.
1530 3924 26 4 —
1566 3914 74 24 Belga.

1244 3948 74 19 CHEF
1330 3948 38 19 EN
1380 3949 150 20 PERSONNE

1155 3984 82 22 Berlin,
1253 3984 12 19 3
1281 3984 52 20 mai.
1348 3994 26 4 —
1389 3985 29 19 Le
1434 3985 126 19 chancelier
1576 3985 65 20 Adolf

1131 4008 72 20 Hitler
1223 4012 113 16 assumera
1356 4008 115 21 lui-même
1491 4010 23 19 la
1533 4009 109 20 direction

1131 4034 30 19 du
1174 4037 101 15 nouveau
1289 4032 61 20 front
1363 4032 27 20 de
1405 4032 79 20 travail
1498 4033 118 20 allemand.

1155 4063 20 20 Il
1187 4068 15 14 a
1215 4067 88 16 nomme
1317 4063 30 18 M.
1360 4062 84 19 Walter
1457 4062 131 20 Schumann
1602 4063 27 20 dé-

1131 4086 54 25 puté
1209 4086 226 20 national-socialiste
1460 4091 29 15 au
1514 4087 126 23 Reichstag,

1131 4111 53 19 chef
1208 4111 27 19 de
1261 4109 72 23 toutes
1357 4110 32 20 les
1413 4110 164 23 organisations
1599 4116 29 15 ou-

1131 4134 80 20 vrières
1225 4134 141 21 allemandes,
1378 4134 24 19 et
1414 4135 30 18 M.
1458 4134 75 20 Albert
1546 4135 95 23 Forster,

1131 4158 80 24 député
1226 4158 103 20 national
1331 4158 70 19 -socia
1403 4158 26 19 lis
1431 4159 21 18 te
1468 4164 30 14 au
1515 4159 126 24 Reichstag,

1130 4184 52 18 chef
1198 4183 39 20 des
1253 4182 150 20 Associations
1420 4181 135 22 allemandes
1572 4183 56 20 d'em-

1131 4206 80 25 ployés.
1225 4216 27 5 —
1266 4206 77 23 Belga.

1651 696 88 46 UN
1787 693 369 51 AUDACIEUX

1736 761 332 49 CAMBRIOLAGE

1651 858 37 29 EN
1708 858 86 30 PLEIN
1821 855 180 37 BRUXELLES,
2024 859 39 29 LA
2085 860 73 29 NUIT

1651 928 82 29 DANS
1752 927 59 30 UNE
1830 924 120 31 AGENCE
1968 926 38 30 DE
2017 928 142 30 VOYAGES

1688 971 90 29 TROIS
1791 968 243 33 COFFRES-FORTS
2044 971 79 30 SONT

1701 1008 88 37 VIDÉS
1808 1014 39 30 DE
1866 1011 78 31 LEUR
1962 1007 150 38 PRÉCIEUX

1837 1056 139 31 CONTENU

1680 1127 108 20 Mercredi
1805 1125 78 22 matin,
1901 1129 50 16 vers
1968 1126 12 19 6
1997 1127 85 21 heures,
2100 1128 60 19 Mme

1656 1152 77 19 Louise
1753 1153 32 18 De
1804 1150 67 21 Tiele,
1890 1149 81 20 femme
1990 1150 122 25 d'ouvrage,
2132 1156 28 15 en

1655 1177 83 18 venant
1751 1175 94 24 prendre
1857 1177 42 16 son
1911 1173 80 20 travail
2003 1175 57 20 dans
2073 1176 32 19 les
2118 1176 29 19 bu-

1656 1204 68 15 reaux
1739 1199 64 20 d'une
1818 1201 80 21 agence
1912 1196 28 20 de
1953 1201 99 21 voyages.
2066 1200 41 21 156,
2121 1203 39 16 rue

1655 1224 81 21 Neuve,
1748 1228 46 15 non
1807 1223 45 20 loin
1866 1221 30 19 du
1906 1220 118 22 boulevard
2037 1224 30 19 du
2081 1224 78 19 Jardin

1656 1247 129 24 Botanique,
1799 1253 15 14 a
1828 1243 99 24 constaté
1941 1249 42 19 que
1997 1247 39 19 des
2050 1248 98 19 cambrio-

1657 1271 58 20 leurs
1734 1276 15 19 y
1768 1271 92 20 avaient
1878 1271 122 21 largement
2019 1271 65 24 opéré
2105 1276 43 19 pen-

1656 1295 56 20 dant
1728 1296 22 20 la
1767 1295 58 20 nuit.

1680 1327 32 19 La
1726 1326 69 24 police
1810 1326 36 19 fut
1859 1322 114 26 prévenue,
1987 1326 31 19 M.
2030 1326 130 24 Magerotte,

1656 1348 248 23 commissaire-adjoint
1919 1348 15 19 à
1950 1348 22 20 la
1987 1353 39 16 rue
2042 1350 28 19 de
2086 1351 75 23 Ligne,

1657 1374 47 20 vint
1718 1374 94 21 aussitôt
1825 1377 39 15 sur
1877 1372 32 19 les
1921 1371 58 21 lieux
1993 1374 55 19 faire
2063 1374 32 20 les
2109 1379 39 19 pre-

1657 1398 79 21 mières
1751 1396 167 22 constatations,
1933 1396 36 23 qui
1984 1397 77 20 furent
2075 1398 86 20 bientôt

1657 1423 128 19 continuées
1799 1426 42 20 par
1855 1423 42 18 une
1910 1419 90 24 brigade
2014 1422 27 20 de
2054 1421 24 20 la
2092 1422 69 24 police

1657 1447 30 20 du
1704 1446 100 25 parquet.

1682 1477 42 20 Les
1742 1477 98 19 bureaux
1857 1474 26 19 de
1901 1472 96 25 l'agence
2015 1476 109 23 occupent
2141 1476 21 19 le

1658 1501 95 23 premier
1766 1500 64 22 étage
1844 1499 52 19 d'un
1909 1497 117 22 Immeuble
2041 1499 27 20 où
2083 1500 32 19 les
2128 1499 23 20 lo-

1659 1525 94 19 cataires
1774 1524 52 20 sont
1847 1521 126 21 nombreux.

1683 1555 36 19 On
1742 1553 78 20 accède
1842 1551 56 20 dans
1918 1552 24 19 la
1960 1552 88 20 maison
2069 1557 41 20 par
2131 1557 31 15 un

1658 1579 88 23 porche,
1764 1577 54 21 dont
1835 1576 22 19 la
1874 1575 63 24 porte
1954 1576 102 20 demeure
2073 1577 89 19 ouverte

1658 1602 86 24 Jusqu'à
1760 1602 24 19 10
1798 1602 79 19 heures
1892 1598 31 21 du
1935 1600 50 20 soir.

1684 1633 29 18 Le
1730 1631 109 20 directeur
1855 1629 27 19 de
1897 1628 103 23 l'agence,
2015 1630 55 20 dont
2086 1630 20 20 le
2123 1630 29 19 do-

1659 1656 73 19 micile
1749 1653 128 26 particulier
1894 1656 24 16 se
1935 1653 76 20 trouve
2029 1658 39 16 rue
2086 1655 66 19 Tiber-

1659 1680 73 22 ghien.
1750 1679 14 20 à
1782 1678 145 20 Salnt-Josse,
1941 1678 24 19 et
1981 1682 41 15 son
2040 1678 124 24 personnel,

1659 1703 91 20 avaient
1765 1701 70 25 quitté
1852 1702 32 19 les
1899 1700 98 22 bureaux
2013 1706 49 15 vers
2078 1703 12 18 8
2107 1703 45 19 heu-

1660 1732 34 15 res
1708 1728 24 19 et
1748 1726 70 20 demie
1834 1725 31 20 du
1878 1724 51 20 soir.

1684 1756 93 21 Ceux-ci
1789 1754 110 22 s'ouvrent
1912 1758 39 16 sur
1964 1759 32 16 un
2009 1755 143 20 couloir-anti-

1660 1781 104 20 chambre
1775 1779 70 21 fermé
1856 1782 41 20 par
1908 1782 43 16 une
1962 1779 60 20 seule
2033 1781 62 23 porte
2108 1780 44 20 don-

1659 1806 57 19 nant
1729 1809 40 16 sur
1781 1804 21 20 le
1815 1802 75 25 palier.

1684 1835 42 19 Les
1744 1834 92 20 voleurs,
1852 1832 37 24 qui
1906 1832 52 20 sont
1974 1833 39 20 des
2030 1835 123 23 profession-

1661 1859 48 19 nels
1722 1858 45 20 très
1780 1857 91 22 habiles,
1884 1856 63 20 n'ont
1959 1862 29 15 eu
2001 1862 86 16 aucune
2101 1859 65 23 peine

1660 1883 14 19 à
1685 1882 75 20 ouvrir
1769 1880 87 21 celle-ci
1867 1880 23 20 et
1901 1879 14 20 à
1926 1879 102 26 pénétrer
2040 1883 58 19 ainsi
2109 1882 56 21 dans

1660 1907 24 19 ta
1697 1906 70 24 place.

1686 1937 50 19 Une
1751 1936 44 20 fois
1808 1934 29 21 là.
1853 1934 26 20 Ils
1894 1935 41 20 ont
1949 1940 31 19 pu
1996 1936 77 24 opérer
2087 1937 51 19 tout
2152 1937 14 20 à

1661 1960 48 20 leur
1722 1960 51 19 aise.
1787 1959 30 20 Us
1830 1962 41 17 ont
1883 1957 77 22 ouvert
1972 1965 44 15 une
2030 1961 62 23 porte
2106 1960 48 20 inté-

1661 1984 72 20 rieure
1745 1983 76 21 vitrée,
1834 1987 29 15 en
1875 1981 105 23 enlevant
1992 1985 23 19 la
2029 1985 57 19 vitre
2099 1986 24 18 et
2137 1989 28 15 en

1661 2008 85 20 faisant
1763 2008 63 23 jouer
1840 2007 24 20 la
1880 2005 40 24 clé,
1935 2007 37 24 qui
1989 2007 56 21 était
2061 2009 18 23 à»
2092 2009 62 20 l'inté-

1661 2032 65 20 rieur.

1687 2061 31 20 Ils
1730 2061 84 20 étaient
1826 2060 58 20 alors
1895 2060 56 21 dans
1962 2061 32 20 les
2005 2062 99 20 bureaux
2115 2067 41 19 pro-

1663 2086 101 22 prement
1783 2085 51 20 dits,
1853 2083 28 21 où
1898 2083 55 21 trois
1973 2086 82 22 grands
2074 2087 93 19 coffres-

1663 2109 62 21 forts,
1741 2113 29 16 en
1784 2107 84 24 réalité,
1882 2107 47 21 fort
1942 2108 86 25 solides,
2042 2110 125 20 s'offraient

1663 2132 14 20 à
1690 2137 49 16 eux.

1686 2162 32 20 Ils
1736 2163 41 20 ont
1794 2166 30 20 pu
1843 2160 89 21 fouiller
1946 2162 171 24 complètement
2135 2164 33 20 les

1663 2186 53 20 trois
1736 2186 97 20 meubles
1852 2189 29 16 en
1899 2185 123 24 enfonçant
2041 2188 33 19 les
2093 2188 75 23 parois

1663 2209 103 21 latérales
1784 2214 31 16 au
1831 2213 80 18 moyen
1928 2210 53 20 d'un
2000 2212 99 22 appareil
2116 2211 40 24 spé-

1662 2233 50 22 cial,
1727 2234 66 23 qu'on
1810 2232 85 25 appelle
1911 2237 43 16 une
1972 2241 8 9 <•
1998 2235 158 20 couronne-tré-

1663 2261 46 19 pan
1726 2265 9 6 *
1751 2258 25 19 et
1791 2257 37 24 qui
1845 2257 84 23 permet
1944 2257 27 20 de
1987 2257 109 25 découper
2111 2260 57 19 dane

1663 2281 21 19 la
1702 2281 78 24 plaque
1797 2279 86 22 blindée
1899 2285 32 16 un
1947 2281 76 24 disque
2040 2283 65 19 d'une
2122 2284 35 19 lar-

1663 2309 54 18 geur
1729 2305 120 20 suffisante
1864 2308 56 21 pour
1934 2305 100 24 explorer
2047 2306 121 21 l'intérieur

1664 2328 39 20 des
1718 2329 89 20 coffres.

1687 2358 93 20 Ceux-ci
1790 2358 41 20 ont
1840 2357 37 22 été
1889 2358 170 24 complètement
2072 2360 61 20 ■vidés
2146 2360 23 20 et

1662 2381 49 20 tout
1725 2382 20 19 le
1759 2382 96 20 contenu
1870 2382 105 23 éparpillé
1987 2387 40 15 sur
2039 2383 21 20 le
2074 2384 95 23 parquet

1662 2405 14 20 à
1693 2405 131 23 l'exception
1840 2406 28 19 de
1885 2405 137 24 l'important
2038 2407 66 20 butin
2121 2412 36 15 em-

1662 2430 63 23 porté
1737 2431 24 19 et
1772 2430 37 24 qui
1818 2434 24 15 se
1856 2429 118 21 dénombre
1988 2435 84 16 comme
2086 2431 46 20 suit
2149 2436 5 15 :

1689 2460 57 24 Cinq
1768 2461 63 19 cents
1854 2460 74 23 pièces
1951 2461 48 20 d'or
2021 2462 67 19 d'une
2112 2462 55 20 livre

1662 2484 98 23 sterling,
1776 2489 30 15 un
1820 2485 62 19 billet
1895 2485 28 19 de
1938 2485 38 20 500
1990 2486 77 19 francs
2081 2487 87 21 suisses,

1664 2508 57 20 deux
1739 2508 72 20 billets
1831 2509 27 19 de
1879 2509 36 19 100
1935 2509 77 20 francs
2031 2510 87 21 suisses,
2138 2515 31 16 un

1664 2532 61 19 billet
1741 2532 28 20 de
1784 2533 25 18 20
1824 2533 76 19 francs
1914 2533 88 23 suisses,
2018 2539 31 15 un
2064 2535 63 19 billet
2142 2535 28 20 de

1666 2556 8 19 1
1678 2557 42 18 .000
1745 2556 75 20 francs
1843 2556 103 23 français,
1969 2558 27 19 de
2020 2558 23 19 la
2065 2559 105 19 monnaie

1665 2579 110 24 française
1790 2581 22 19 et
1826 2580 112 23 italienne.
1953 2582 68 21 18,000
2035 2583 76 19 francs
2124 2582 34 20 bel-

1664 2608 43 18 ges,
1723 2609 44 15 une
1783 2604 85 24 épingle
1884 2605 27 19 de
1926 2607 89 18 cravate
2032 2611 29 14 en
2077 2611 25 16 or
2117 2611 53 15 avec

1664 2628 91 19 brillant
1773 2629 74 22 jaune,
1864 2633 44 15 une
1924 2629 71 23 bague
2012 2631 111 23 marquise
2142 2635 28 16 en

1664 2655 24 15 or
1702 2656 51 15 avec
1768 2652 108 23 brillants,
1889 2657 32 16 un
1935 2654 150 23 porte-plume
2099 2655 60 20 réser

1665 2675 46 19 voir
1725 2680 30 15 en
1770 2680 30 16 or.

1689 2705 91 23 Jusqu'à
1798 2705 94 25 présent,
1911 2711 29 16 on
1958 2708 38 19 n'a
2013 2707 97 20 recueilli
2129 2713 30 15 au-

1664 2732 56 15 cune
1746 2726 283 34 indicatiogjpgrrnettant
2054 2733 27 20 ds
2108 2732 61 20 fixer,

1664 2751 65 20 d'une
1751 2753 100 20 manière
1863 2750 97 28 -pEcise,
1983 2756 82 19 l'heure
2089 2756 28 20 où
2139 2756 32 20 les

1664 2775 156 21 cambrioleurs
1838 2778 52 19 sont
1905 2778 75 20 entrés
1999 2779 57 21 dans
2073 2780 23 19 la
2114 2781 45 19 mai-

1664 2803 46 18 son,
1725 2800 23 19 ni
1765 2800 52 20 celle
1834 2800 12 21 à
1862 2802 92 23 laquelle
1970 2803 27 19 ils
2012 2809 29 15 en
2056 2805 52 19 sont
2122 2809 38 15 sor-

1665 2823 33 19 tis.
1723 2824 34 19 On
1781 2825 36 19 n'a
1840 2829 44 16 non
1907 2826 49 24 plus
1979 2832 74 16 aucun
2076 2827 95 21 élément

1664 2848 137 22 permettant
1817 2848 27 20 de
1860 2850 32 20 les
1908 2850 118 21 identifier.

1689 2877 30 20 Ce
1738 2878 36 23 qui
1793 2878 74 24 parait
1885 2881 90 19 certain,
1993 2882 54 20 c'est
2064 2883 65 23 qu'on
2146 2887 24 15 se

1664 2900 76 20 trouve
1757 2906 29 15 en
1804 2902 102 23 présence
1924 2904 26 19 de
1965 2905 91 21 l'œuvre
2073 2907 27 20 de
2117 2912 53 15 nra-

1664 2924 79 20 tlciens
1761 2925 125 24 spécialisés
1906 2928 55 20 dans
1981 2934 24 15 ce
2025 2935 66 16 genre
2111 2931 48 19 d'ex

1664 2949 55 23 plolt
1737 2950 23 20 et
1778 2950 158 24 parfaitement
1954 2954 94 20 outillés.
2066 2965 26 4 —
2110 2956 24 19 C.

2182 703 227 59 POUR
2468 708 104 57 LA
2630 708 281 59 COUPE
2970 708 243 58 DAVIS

2349 788 102 46 DE
2487 790 561 48 LAWN=TENNIS

2232 895 296 45 L'ÉLIMINATOIRE
2555 905 388 42 BELGIQUE-AUTRICHE
2970 898 197 43 DÉBUTERA

2467 961 186 37 VENDREDI
2675 964 27 34 A
2725 963 211 36 BRUXELLES

2751 1017 131 9 r****************!*

1767 3024 63 30 CAD
1830 3025 84 30 AVRE
1932 3027 71 30 INCO
2004 3028 65 30 NNU

1687 3086 32 18 La
1735 3085 80 23 justice
1831 3086 101 22 s'efforce
1947 3089 137 20 d'identifier
2099 3090 20 20 le
2133 3095 26 15 ca

1663 3109 67 19 davre
1749 3110 54 19 d'un
1822 3111 88 19 homme
1930 3113 78 19 trouvé
2026 3118 40 14 sur
2084 3115 24 19 la
2124 3114 47 20 voie

1664 3132 69 21 ferrée
1747 3134 22 19 et
1781 3134 77 20 mutilé
1869 3139 41 19 par
1922 3139 30 16 un
1963 3136 66 22 train,
2041 3138 20 19 le
2072 3138 25 19 30
2109 3138 63 21 avril,

1663 3156 14 20 à
1691 3158 12 18 8
1715 3158 80 19 heures
1809 3158 29 19 du
1852 3159 51 19 soir,
1916 3159 51 23 près
1981 3161 54 19 d'un
2050 3165 92 20 passage
2158 3162 14 19 à

1663 3181 80 20 niveau
1758 3186 40 15 sur
1813 3182 20 21 le
1847 3183 109 20 territoire
1975 3185 27 19 de
2020 3185 71 22 Nimy.

1688 3211 19 19 Il
1723 3211 66 23 s'agit
1806 3212 52 20 d'un
1874 3213 89 20 homme
1981 3214 65 20 d'une
2063 3215 97 24 cinquan-

1664 3235 60 21 taine
1743 3235 110 22 d'années,
1872 3240 61 16 r-ssez
1947 3238 122 24 corpulent,
2090 3244 29 15 au
2138 3244 26 15 vi

1662 3263 52 18 saçe
1731 3260 56 22 rasé,
1803 3264 44 15 aux
1859 3260 97 20 cheveux
1972 3262 22 19 et
2008 3263 93 19 sourcils
2116 3263 44 19 cha

1664 3282 121 22 tain-clair,
1803 3283 37 24 qui
1859 3284 54 20 était
1932 3285 52 20 vêtu
2003 3286 53 19 d'un
2074 3287 96 20 costume

1662 3306 129 23 frris-foncé.
1807 3307 67 20 coiffé
1886 3308 52 19 d'un
1953 3309 100 23 chapeau
2072 3319 9 8 »
2089 3310 63 20 boule
2161 3319 8 8 »

1663 3331 49 19 noir
1726 3331 22 19 et
1760 3331 92 21 chaussé
1865 3331 26 20 de
1902 3332 92 20 souliers
2007 3334 75 19 bruns.

1688 3361 37 19 On
1741 3365 15 15 a
1782 3361 77 19 trouvé
1873 3361 56 20 dans
1943 3366 36 15 ses
1994 3363 82 22 poches
2093 3365 35 18 109
2145 3364 25 19 fr.

1663 3384 80 23 belges,
1759 3385 57 20 deux
1833 3384 71 24 pièces
1923 3385 122 24 françaises
2064 3388 27 19 de
2112 3388 9 19 1
2138 3389 34 20 fr..

1664 3412 31 15 un
1714 3408 147 24 porte-plume
1879 3408 57 24 stylo
1956 3411 23 18 et
1999 3415 42 15 une
2061 3411 62 23 paire
2145 3412 26 19 de

1663 3431 103 21 lunettes.
1781 3443 27 4 —
1820 3433 24 20 C.

1709 3501 38 29 LA
1767 3495 59 36 GRÈ
1827 3501 40 30 VE
1885 3501 126 30 CHARBO
2012 3497 112 36 NNIÈRE

1689 3562 71 22 Mons,
1771 3562 12 19 3
1794 3562 51 20 mai.
1857 3572 26 4 —
1894 3562 41 21 Les
1947 3563 98 21 ouvriers
2056 3564 115 23 congédiés

1664 3590 29 15 au
1705 3586 60 23 puits
1776 3587 26 20 de
1813 3586 114 22 l'Héribus,
1939 3587 13 19 à
1964 3588 110 22 Cuesmes,
2085 3594 24 15 se
2120 3590 52 18 sont

1664 3610 118 23 présentés,
1798 3610 110 20 mercredi,
1921 3612 158 22 accompagnés
2091 3613 30 19 du
2135 3616 24 15 se-

1663 3634 93 21 crétaire
1779 3634 29 21 du
1829 3634 107 23 syndicat,
1953 3636 58 19 mais
2029 3636 90 20 l'entrée
2142 3636 29 20 du

1663 3659 155 23 charbonnage
1833 3658 47 20 leur
1894 3664 14 14 a
1921 3659 37 19 été
1972 3660 110 19 interdite.

1689 3689 30 20 Ce
1733 3694 42 18 que
1788 3689 86 23 voyant,
1887 3688 31 20 les
1934 3689 75 20 autres
2019 3691 98 19 ouvriers
2131 3691 40 19 ont

1663 3712 86 21 déclaré
1762 3713 63 23 qu'ils
1835 3718 23 15 se
1872 3712 118 21 rendaient
2004 3714 14 19 à
2033 3714 22 20 la
2070 3714 100 23 besogne,

1663 3737 56 20 mais
1732 3738 63 22 qu'ils
1807 3737 145 20 donneraient
1964 3737 48 20 leur
2024 3737 86 24 préavis
2121 3738 14 19 à
2148 3738 22 21 la

1663 3762 105 19 remonte.

1688 3792 32 20 De
1732 3796 42 15 son
1786 3790 55 22 côté,
1852 3791 30 19 M.
1894 3790 20 20 le
1925 3794 136 19 gouverneur
2072 3792 29 20 du
2114 3791 43 20 Hai-

1662 3817 56 19 naut
1729 3821 14 14 a
1755 3815 83 21 annulé
1850 3820 33 15 ses
1895 3815 152 21 ordonnances
2061 3817 26 19 de
2100 3816 68 23 police

1663 3839 134 22 interdisant
1812 3840 32 21 les
1859 3839 190 21 rassemblements
2068 3839 56 21 dans
2138 3840 31 19 les

1663 3863 86 23 régions
1760 3864 26 20 de
1801 3864 64 19 Mons
1876 3864 23 19 et
1912 3863 27 20 de
1952 3864 92 19 Boussu.

1754 3925 81 37 APRÈ
1836 3932 16 30 S
1873 3931 38 30 LA
1931 3931 63 30 BAG
1996 3931 82 30 ARRE

1687 3994 90 22 Anvers,
1792 3994 12 19 3
1820 3993 50 20 mai.
1883 4001 26 5 —
1922 3992 30 19 Le
1968 3992 146 21 communiste
2131 3992 37 19 Jef

1662 4018 50 19 Van
1732 4018 121 22 Extergem,
1882 4015 72 21 arrêté
1986 4016 118 20 dimanche
2124 4016 45 19 soir

1662 4045 29 16 au
1702 4045 63 16 cours
1778 4041 65 20 d'une
1854 4041 90 21 bagarre
1958 4040 62 18 entre
2034 4040 122 19 communis-

1662 4065 33 20 tes
1713 4065 23 20 et
1754 4064 157 21 nationalistes,
1929 4068 14 14 a
1960 4063 37 20 été
2014 4063 111 23 interrogé
2143 4068 24 15 ce

1662 4089 53 20 midi
1730 4093 41 20 par
1784 4090 30 19 M.
1825 4089 19 19 le
1859 4088 49 23 juge
1923 4086 155 20 d'instruction
2091 4086 77 20 Heim-

1661 4112 85 24 burger.
1763 4114 20 19 Il
1800 4117 14 15 a
1830 4112 34 21 été
1878 4110 117 21 confronté
2011 4115 53 15 avec
2077 4110 39 20 des
2133 4111 22 19 té-

1662 4137 72 19 moins
1749 4137 54 20 dont
1818 4135 93 22 certains
1925 4138 29 15 ne
1969 4134 21 19 le
2000 4134 168 20 reconnaissent

1662 4164 46 19 pas.
1725 4162 90 19 Comme
1831 4160 16 19 il
1863 4163 27 15 ne
1906 4158 52 19 veut
1974 4161 40 19 pas
2031 4162 106 15 renoncer
2154 4157 14 20 à

1662 4185 109 19 certaines
1784 4181 120 23 formalités
1920 4181 16 20 il
1949 4186 15 14 a
1980 4181 56 20 fallu
2052 4181 20 20 lc
2089 4186 67 15 recon

1661 4208 61 20 cluire
1737 4213 30 15 en
1780 4208 81 24 prison.

945 5032 36 19 LA
992 5031 204 19 DESTRUCTION
1207 5032 53 18 DES
1270 5032 75 19 OBUS

601 5071 33 19 La
649 5068 92 20 retraite
759 5063 121 27 précipitée
893 5062 38 20 des
942 5062 89 22 troupes
1044 5060 136 20 allemandes
1191 5065 29 14 en
1233 5060 110 22 Belgique,

602 5100 28 14 en
643 5094 48 19 1918
707 5092 43 19 'ait
761 5095 41 19 que
814 5090 38 19 des
860 5091 79 15 enf-uis
950 5086 27 19 de
987 5089 76 18 snerre
1076 5090 13 17 y
1100 5086 40 17 ont
1152 5084 35 19 été
1196 5084 145 19 abandonnés

601 5124 29 14 en
647 5115 113 24 quantités
775 5112 169 22 considérables.
956 5109 82 23 Depuis
1048 5108 132 20 l'armistice,
1191 5108 19 18 le
1221 5108 81 19 service
1313 5109 27 18 de

601 5142 135 20 recolcment
746 5141 24 18 et
783 5139 28 19 de
825 5134 138 23 destruction
982 5133 38 20 des
1039 5132 121 19 munitions
1178 5131 26 20 de
1220 5131 87 20 'année
1326 5137 14 13 a

602 5167 44 20 fait
663 5165 89 21 enlever
769 5163 116 20 beaucoup
906 5159 27 19 de
955 5163 35 14 ces
1011 5156 111 23 explosifs,
1140 5157 23 17 et
1184 5155 156 19 actueUcment

601 5196 86 14 encore,
701 5189 15 18 il
730 5189 34 19 est
776 5185 76 21 enlevé
867 5184 85 21 chaque
971 5180 98 21 semaine
1085 5179 92 20 environ
1198 5179 67 21 10,000
1285 5178 55 19 kilo,

600 5194 100 43 \fSSL
720 5203 132 30 dinj-ereux.
868 5205 93 22 Ceux-ci
981 5205 53 18 sont
1054 5203 100 21 détruit..
1176 5202 56 19 maU
1251 5201 89 19 doivent

601 5228 137 30 êtntnTHfe
748 5230 175 25 différemment,
941 5228 62 20 «Ion
1018 5226 51 24 qu'U
1088 5226 64 20 .'as-lt
1169 5226 27 20 de
1215 5224 125 25 P«J«-U«

602 5245 100 34 toSauT,
721 5261 37 18 (ou
770 5257 125 22 ilsllnl
905 5253 52 21 bien
965 5251 99 22 d'enfin,
1076 5249 144 23 uniquement
1229 5248 110 23 explosifs.

602 5284 60 22 Om*
663 5262 67 42 Tïïni
744 5286 43 16 une
800 5261 74 46 _m\*tsi
888 5278 26 20 de
926 5278 23 19 U
961 5274 59 21 forêt
1031 5272 149 22 d'Hoathutet,
1192 5261 78 33 SUS
1283 5271 57 20 «Un.

601 5314 42 16 »n
654 5308 88 21 éUtde
756 5309 84 21 rnert-t.
854 5303 67 25 t*'-»
932 5299 28 22 ch
959 5304 17 16 *
975 5303 24 16 m
998 5303 16 21 ->
1023 5299 26 21 *
1060 5296 99 23 a"*™-
1156 5296 18 20 41
1173 5300 24 17 »
1207 5301 15 16 »
1232 5295 36 22 ***
1278 5295 61 22 •*-**

1357 5033 75 18 DANS
1447 5033 36 18 LA
1498 5033 93 18 FORET
1607 5031 200 20 D'HOUTHULST

1405 5061 63 22 nagé.
1487 5063 43 18 Des
1548 5061 130 20 entonnoirs
1691 5061 107 23 profonds
1812 5060 87 19 servent
1912 5057 15 19 à
1942 5062 35 13 ces
1992 5057 146 23 dangereuses

1406 5085 131 22 opérations.
1552 5086 18 18 A
1582 5087 34 18 cet
1630 5086 65 21 efret,
1705 5090 30 15 on
1746 5085 78 23 dépose
1835 5089 29 14 au
1873 5081 54 21 fond
1938 5081 27 18 de
1976 5085 36 14 ces
2023 5083 61 17 trous
2094 5086 43 14 une

1405 5109 100 21 quantité
1518 5109 98 22 d'engins
1627 5109 14 18 à
1655 5109 103 20 détruire,
1769 5114 40 18 que
1819 5108 43 19 l'on
1871 5109 101 16 recouvre
1981 5105 27 18 de
2019 5105 57 19 terre
2086 5105 51 18 bien

1405 5132 77 19 tassée.
1496 5133 33 18 Au
1543 5133 98 19 moment
1655 5135 27 16 de
1693 5132 24 20 la
1725 5133 54 18 mise
1790 5133 15 19 à
1816 5132 37 19 feu
1860 5128 115 23 électrique
1982 5127 38 19 des
2027 5128 110 18 fournaux

1404 5155 59 19 «ainsi
1478 5155 65 21 créés,
1559 5156 31 19 les
1603 5156 136 23 projections
1757 5156 27 20 de
1799 5157 69 18 terres
1886 5153 29 19 du
1934 5152 105 22 bourrage
2057 5152 24 18 et
2097 5151 40 19 des

1405 5178 67 19 éclats
1486 5178 137 23 métalliques
1638 5179 39 20 de,
1689 5180 54 19 obus
1754 5184 28 15 ne
1792 5185 23 14 se
1828 5179 50 19 font
1887 5180 38 19 pas
1938 5174 158 22 latéralement,
2107 5180 29 14 vu

1494 5201 23 20 la
1527 5202 135 22 profondeur
1672 5202 39 19 des
1721 5205 72 18 trous,
1806 5202 55 19 mais
1872 5198 170 21 verticalement.

1404 5225 44 20 Noa
1462 5229 103 18 gravures
1578 5226 116 19 montrent
1712 5230 7 15 :
1742 5225 135 23 L'explosion
1893 5222 99 23 d'engin,
2011 5222 28 19 de
2059 5226 76 18 guerTe

1404 5248 57 20 dan.
1475 5249 22 19 la
1510 5248 59 19 forêt
1581 5248 150 21 d'BouUsulst,
1739 5250 23 18 et
1773 5249 38 19 de.
1822 5247 100 20 ouvriers,
1932 5245 98 23 porteur,
2040 5246 26 19 de
2077 5245 59 19 leur,

1402 5271 126 23 dangereux
1538 5271 114 21 fardeaux,
1666 5271 144 20 déambulant
1824 5275 52 15 avec
1891 5268 128 25 précaution
2033 5268 55 21 dans
2105 5269 30 19 les

1403 5296 69 20 tent.
1486 5295 126 23 chaotique,
1629 5294 114 21 UbotmVs
1759 5299 40 19 par
1814 5295 32 20 le.
1861 5292 123 25 explosion,
1998 5292 137 20 .oceenlve*.

3236 703 121 45 LES
3409 701 332 47 ELIACINS

3303 769 89 46 S'IM
3395 769 194 45 PATIENT
3591 768 86 46 ENT

3254 852 51 29 LES
3318 852 126 29 VIEUX...
3456 851 179 30 PERSISTENT
3649 850 76 31 SANS

3327 894 81 30 TACT
3427 895 37 29 ET
3482 894 76 30 SANS
3577 887 79 36 PITIÉ

3267 957 222 30 NOSSEIGNEURS
3513 957 50 29 LES
3582 948 135 42 ÉVÊQUES

3319 1000 145 30 DEVRONT
3483 999 182 30 INTERVENIR

3375 1072 41 19 Les
3432 1071 77 23 jeunes
3524 1075 29 15 ne
3569 1069 50 21 sont
3635 1074 40 19 pas
3690 1072 54 16 con-

2429 1873 18 18 G
2451 1873 71 18 HEEL
2524 1873 63 20 AND,
2601 1872 130 20 LACROIX
2743 1874 22 19 et
2777 1873 37 19 DE
2826 1873 123 19 BORMAN'

2508 1903 133 20 défendront
2654 1903 32 19 les
2702 1903 99 20 couleurs
2814 1904 79 22 belges.

2259 2761 100 24 L'équipe
2373 2761 153 20 autrichienne
2542 2766 8 14 :
2564 2760 142 22 MATEJKA,
2723 2760 196 19 RADEMACKI3U
2926 2768 27 6 —
2957 2759 111 23 capitaine
3082 2761 23 19 et
3119 2759 73 20 entraî-

2260 2799 61 16 neur,
2334 2794 56 19 mais
2403 2794 36 23 qui
2452 2800 28 14 ne
2494 2794 76 23 jouera
2581 2799 40 18 pas
2633 2802 26 5 —
2669 2793 119 22 ARTENS,
2801 2793 105 19 KINZEL
2916 2794 24 19 el
2952 2791 205 22 R.VÏVARO'VVSKI.

2242 2874 26 29 SI
2287 2873 36 30 LE
2340 2874 99 29 JAPON
2459 2873 33 29 SE
2510 2873 135 29 FACHE...

2217 2941 103 20 Londres.
2337 2941 11 19 3
2362 2941 51 19 mai.
2429 2951 25 4 —
2469 2942 36 18 On
2522 2941 79 20 mande
2615 2942 28 19 de
2656 2942 42 19 To-

2193 2968 36 16 mu
2241 2965 13 19 à
2267 2965 95 23 l'agence
2375 2966 83 18 Reuter
2472 2970 6 14 :

2218 2995 23 19 Si
2255 2999 55 15 nous
2321 2999 120 19 reprenons
2452 2999 40 15 nos
2502 2994 126 24 opérations
2641 2995 47 20 mili-

2193 3021 67 17 taires
2275 3023 28 15 au
2317 3019 42 20 sud
2374 3019 27 19 de
2415 3019 22 19 la
2452 3019 212 21 Grande-Muraille,
2687 3024 12 15 a

2193 3043 86 20 déclaré
2296 3043 139 22 aujourd'hui
2453 3043 19 19 le
2491 3043 149 23 porte-parole
2670 3044 29 19 du

2193 3067 113 19 ministère
2326 3067 40 19 des
2381 3067 98 19 Affaires
2496 3067 132 23 étrangères,
2647 3067 53 20 elles

2192 3091 76 19 seront
2285 3090 44 20 très
2347 3090 165 23 probablement
2528 3091 28 19 de
2572 3091 48 24 plus
2638 3092 49 20 d'en-

2193 3119 90 19 vergure
2297 3119 40 19 que
2364 3114 182 23 précédemment,
2571 3120 40 15 car
2636 3116 64 19 notre

2193 3138 73 20 armée
2286 3138 54 24 perd
2360 3138 100 24 patience
2479 3139 24 19 et
2514 3142 35 18 est
2568 3139 132 20 fermement

2193 3162 88 20 décidée
2296 3162 14 20 à
2326 3163 79 19 mettre
2437 3162 34 19 fin
2502 3167 44 15 aux
2577 3163 123 19 incursions

2193 3186 144 20 continuelles
2352 3186 39 19 des
2408 3186 96 19 Chinois.
2520 3196 26 5 —
2560 3186 74 23 Belga.

2794 2872 38 29 LA
2851 2871 124 30 FRAUDE
2994 2872 43 28 DU
3056 2872 103 28 TABAC

2745 2945 61 20 Lille,
2820 2945 12 19 3
2846 2944 50 20 mai.
2911 2954 25 4 —
2950 2945 44 19 Des
3009 2944 117 19 douaniers
3137 2948 29 16 en
3181 2949 35 14 em-

2722 2974 99 22 buscade,
2838 2974 22 19 la
2879 2974 49 19 nuit
2948 2973 105 21 dernière,
3071 2974 50 22 près
3139 2974 26 19 de
3186 2974 31 18 Co-

2722 3005 76 20 mines,
2817 3006 41 17 ont
2876 3004 84 23 surpris
2980 3004 38 19 des
3050 3004 179 19 contrebandiers

2721 3038 29 15 en
2769 3033 138 22 automobile,
2925 3034 38 22 -qui
2981 3034 40 18 ont
3040 3037 30 19 pu
3089 3033 92 19 s'enfuir
3200 3038 28 15 en

2723 3064 125 18 traversant
2866 3063 23 19 la
2904 3062 84 22 rivière,
3007 3063 55 19 dans
3080 3067 43 16 une
3143 3063 87 23 barque,

2721 3097 29 15 en
2765 3092 160 20 abandonnant
2940 3092 47 20 leur
3000 3093 59 20 auto.

2747 3129 31 19 La
2792 3129 84 19 voiture
2890 3128 113 20 contenait
3015 3129 37 20 390
3066 3129 39 23 kgs
3119 3129 26 20 de
3159 3129 71 21 tabac,

2721 3162 56 19 pour
2795 3162 44 15 une
2868 3157 76 20 valeur
2962 3158 27 19 de
3017 3158 68 21 30,000
3105 3159 80 19 francs.
3204 3168 26 5 —

2723 3188 80 19 Havas.

3240 1087 108 49 DyïJ
3401 1090 66 27 terits,
3480 1095 56 19 dans
3551 1098 72 15 aucun
3636 1093 64 24 parti.
3713 1093 32 19 La

3292 1112 56 27 i-l-l
3360 1133 4 6 .
3400 1123 65 15 cause
3481 1117 120 25 principale
3616 1117 26 20 de
3658 1121 24 15 ce
3698 1115 46 20 mé-

3293 1143 6 20 I
3400 1144 166 18 contentement
3577 1142 34 19 est
3622 1140 123 20 l'existence

3241 1169 64 20 d'une
3321 1169 60 19 caste
3399 1166 67 20 d'élus
3482 1166 14 19 à
3514 1168 49 17 tous
3581 1169 66 19 coups
3663 1168 42 19 que
3722 1164 23 18 la

3240 1194 156 19 bienheureuse
3414 1195 50 15 case
3481 1190 27 19 de
3526 1189 44 20 tête
3588 1191 46 17 met
3651 1187 14 20 à
3682 1187 62 19 l'abri

3241 1217 38 19 des
3293 1216 108 22 surprises
3415 1215 30 19 du
3460 1213 92 20 scrutin.

3265 1242 42 18 Ces
3328 1238 149 21 inamovibles,
3498 1235 177 22 naturellement,
3694 1235 52 19 .sont

3240 1269 55 17 pour
3309 1263 122 21 l'inaction;
3448 1266 29 15 en
3490 1260 96 24 général,
3600 1260 27 20 ils
3642 1259 104 20 estiment

3239 1293 41 18 que
3302 1291 48 17 tout
3371 1288 34 17 est
3425 1290 56 20 pour
3501 1285 20 19 le
3541 1285 74 19 mieux
3636 1284 56 19 dans
3713 1283 32 19 les

3239 1311 110 20 meilleurs
3363 1310 39 19 des
3414 1309 76 24 partis,
3503 1308 24 20 et
3542 1311 67 19 vogue
3624 1307 23 19 la
3662 1305 81 23 galère!

3264 1336 58 20 C'est
3342 1333 105 21 toutefois
3466 1333 56 19 dans
3541 1333 20 18 le
3580 1332 58 23 parti
3657 1329 87 21 clérical

3240 1365 41 16 que
3302 1359 21 19 la
3344 1359 92 22 bagarre
3457 1358 62 18 entre
3541 1357 76 22 jeunes
3637 1355 24 19 et
3682 1353 63 20 vieux

3241 1383 54 20 sévit
3310 1386 53 16 avec
3377 1381 19 20 le
3410 1381 49 24 plus
3471 1380 26 20 de
3511 1379 90 24 vigueur
3614 1379 22 19 et
3651 1378 26 19 de
3692 1382 41 16 con-

3242 1406 85 20 tinuité.

3265 1432 41 19 Les
3318 1430 67 22 Rriefs
3398 1433 41 19 que
3451 1433 36 15 ces
3499 1427 88 23 équipes
3602 1427 75 19 ieunes
3688 1426 46 20 met-

3242 1455 48 19 tent
3304 1459 29 14 en
3348 1454 69 19 avant
3431 1452 52 20 sont
3498 1452 31 19 les
3544 1451 158 22 conséquences
3717 1450 29 19 du

3243 1478 45 19 vice
3311 1476 103 21 essentiel
3438 1480 41 19 que
3504 1479 55 15 nous
3582 1474 112 23 signalons
3718 1477 29 15 au

3242 1501 67 21 début
3322 1501 27 19 de
3361 1505 37 15 ces
3410 1500 76 23 lignes.

3265 1525 36 19 TJn
3316 1523 125 24 périodique
3455 1521 159 24 bien-pensant
3630 1525 13 15 a
3658 1520 90 19 entame

3241 1553 43 15 une
3295 1547 93 24 enquête
3399 1551 39 15 sur
3449 1546 61 19 l'état
3522 1545 72 20 actuel
3606 1545 27 20 de
3644 1544 91 22 l'organi-

3240 1572 75 20 sation
3331 1572 30 20 du
3377 1570 58 23 parti
3450 1569 94 22 clérical,
3558 1570 23 18 et
3598 1568 31 19 les
3645 1567 103 23 réponses

3242 1596 51 23 qu'il
3313 1595 120 22 enregistre
3453 1598 29 16 ne
3498 1593 52 19 sont
3570 1593 24 18 ni
3614 1591 89 20 tendres
3724 1591 24 19 ni

3242 1619 70 20 même
3324 1618 133 23 empreintes
3469 1615 124 21 d'aménité.

3367 1647 107 25 Injuste
3487 1646 132 25 jeunesse
3629 1645 7 21 !

3268 1681 19 18 A
3304 1679 106 20 entendre
3429 1683 37 15 ces
3483 1677 110 23 réponses,
3611 1677 15 19 il
3645 1675 90 20 n'existe-

3244 1704 43 19 rait
3302 1707 84 16 aucune
3401 1701 150 24 organisation
3566 1700 104 25 politique
3684 1699 52 20 cléri-

3245 1727 52 20 cale.

3271 1758 7 10 ■
3296 1752 44 18 Des
3354 1751 79 19 locaux
3446 1749 74 20 tristes
3533 1749 22 19 et
3570 1748 64 21 sales,
3648 1747 46 20 mal
3709 1751 27 15 ou-

3245 1775 57 19 tillés
3314 1779 29 15 en
3355 1774 113 20 machines
3481 1773 14 19 à
3507 1772 75 22 écrire,
3593 1776 30 15 en
3635 1771 115 20 machines

3244 1798 14 19 à
3277 1798 105 20 adresses,
3401 1797 123 23 dépourvus
3543 1797 27 19 de
3590 1800 91 18 moyens
3700 1799 37 15 mo-

3245 1822 78 20 dernes
3343 1822 26 19 de
3389 1820 140 24 propagande
3553 1824 5 15 :
3581 1819 92 23 disques,
3691 1823 46 19 pan-

3245 1850 79 16 neaux,
3351 1844 106 20 réclames
3485 1843 138 22 lumineuses,
3653 1842 96 21 cinémas

3246 1869 133 21 ambulants,
3390 1868 42 20 etc.
3446 1876 8 8 »

3270 1893 33 19 La
3325 1893 102 22 Jeunesse
3450 1891 35 19 est
3508 1891 89 23 Injuste.
3620 1890 59 20 Tout
3702 1893 48 16 cela

3247 1917 67 19 existe
3339 1915 165 24 parfaitement,
3528 1914 56 20 mais
3609 1916 33 17 est
3665 1912 86 21 destiné

3243 1939 15 20 à
3269 1940 22 18 la
3303 1938 140 24 propagande
3457 1937 120 20 soi-disant
3592 1936 113 23 religieuse

3269 1963 24 19 Si
3310 1963 33 19 les
3359 1962 135 22 organismes
3511 1960 116 24 politiques
3642 1962 52 17 sont
3712 1959 26 20 dé-

3245 1986 101 24 possédés
3357 1987 27 19 de
3397 1986 61 18 toute
3472 1985 75 19 action
3560 1985 25 18 et
3598 1984 27 19 de
3639 1984 61 19 toute
3715 1983 24 19 in-

3245 2011 93 19 fluence,
3350 2011 53 18 c'est
3414 2013 41 20 que
3469 2009 21 19 le
3502 2008 77 23 clergé,
3591 2012 51 15 sous
3656 2007 82 22 l'impul-

3244 2035 50 19 sion
3327 2034 39 19 des
3382 2033 98 22 évêques,
3498 2037 14 14 a
3530 2032 74 19 fourni
3635 2035 30 15 un
3682 2030 70 20 effort

3245 2059 88 19 énorme
3345 2061 55 19 pour
3412 2055 81 20 réunir,
3508 2056 55 19 dans
3576 2055 38 19 des
3628 2058 86 16 œuvres
3725 2054 27 19 de

3246 2082 37 21 foi,
3297 2081 14 19 à
3322 2080 118 23 étiquettes
3453 2079 131 23 religieuses,
3597 2078 33 19 les
3644 2077 109 20 cléricaux

3246 2109 41 19 que
3300 2106 23 19 la
3337 2103 104 25 politique
3454 2104 23 19 et
3491 2103 32 19 les
3533 2102 80 20 classes
3631 2101 119 20 (Standen)

3247 2128 123 20 divisaient.

3272 2153 70 19 Toute
3357 2150 165 24 l'organisation
3537 2150 109 24 politique,
3662 2154 14 19 y
3692 2153 47 15 com-

3248 2176 45 22 pris
3305 2176 20 19 le
3337 2174 107 22 matériel,
3457 2178 14 15 a
3483 2173 35 21 été
3531 2174 56 19 ainsi
3601 2172 95 21 attribué
3709 2176 44 16 aux

3247 2203 86 15 ceuvres
3346 2197 199 21 confessionnelles,
3559 2200 40 20 que
3612 2196 45 20 l'on
3668 2200 13 15 a
3696 2195 45 21 mul-

3248 2221 85 25 tipliées
3349 2221 14 20 à
3376 2221 83 24 plaisir.

3273 2246 71 20 Grâce
3359 2244 14 20 à
3388 2250 23 15 ce
3426 2243 101 24 système,
3539 2248 25 16 ce
3578 2243 51 20 sont
3642 2243 32 20 les
3689 2243 53 19 auto-

3248 2269 53 20 rités
3318 2269 125 22 religieuses
3461 2268 38 27 qui
3513 2268 51 19 sont
3582 2267 125 20 maîtresses
3726 2267 27 18 de

3249 2294 22 19 la
3285 2292 141 24 propagande
3443 2291 99 21 cléricale
3558 2292 24 18 et
3598 2291 38 23 qui
3652 2290 103 20 tiennent

3249 2321 41 19 par
3305 2316 133 23 conséquent
3455 2315 31 19 les
3502 2314 165 24 représentants
3684 2314 27 19 de
3729 2318 24 16 ce

3249 2341 58 23 parti
3321 2344 52 15 sous
3388 2339 48 20 leur
3450 2343 75 19 coupe,
3537 2342 53 16 sans
3605 2337 149 21 conte-station

3249 2364 99 24 possible.

3276 2388 71 21 Aussi,
3363 2392 28 15 ne
3407 2386 161 23 comprend-on
3586 2390 40 19 pas
3640 2385 21 19 le
3678 2389 65 19 repro-

3248 2412 40 20 che
3304 2411 159 23 d'indiscipline
3478 2410 86 20 adressé
3580 2414 40 20 par
3635 2409 31 19 les
3677 2409 78 23 jeunes

3249 2436 108 19 cléricaux
3374 2435 14 20 à
3403 2435 57 19 leurs
3477 2435 84 20 bonzes,
3579 2438 39 19 pas
3647 2432 49 24 plus
3713 2436 41 20 que

3250 2460 56 19 celui
3324 2459 125 21 d'inaction.

3273 2484 42 19 Ces
3335 2483 76 23 jeunes
3431 2487 53 19 gens
3516 2482 61 19 n'ont
3616 2485 40 20 pas
3675 2484 79 16 encore

3249 2507 94 23 compris
3357 2511 41 19 que
3413 2506 31 19 les
3457 2506 134 22 organismes
3606 2504 115 24 politiques
3728 2503 26 20 de

3250 2531 47 19 leur
3307 2531 59 22 parti
3380 2535 27 14 ne
3420 2531 53 18 sont
3486 2529 21 19 là
3522 2533 41 19 que
3576 2533 55 20 pour
3645 2528 110 20 mémoire,

3249 2559 55 19 pour
3316 2554 113 23 présenter
3441 2558 43 15 une
3498 2552 84 23 façade.

3273 2579 59 18 Vous
3353 2578 78 19 n'allez
3443 2578 49 18 tout
3505 2577 27 19 de
3546 2576 70 19 méme
3629 2580 41 20 pas
3681 2575 74 23 exiger

3250 2606 39 19 que
3303 2602 84 22 l'Eglise
3399 2602 23 18 et
3433 2601 31 19 les
3475 2599 168 24 congrégations
3656 2599 98 21 confient

3250 2625 145 20 entièrement
3412 2627 23 17 la
3453 2624 89 20 défense:
3574 2625 26 18 de
3619 2623 47 20 leur
3683 2623 71 20 demi-

3251 2649 95 20 milliard
3361 2649 26 19 de
3404 2648 99 20 subsides
3515 2647 103 20 scolaires
3634 2647 13 20 à
3655 2647 35 23 .de
3707 2646 35 20 vul-

3251 2674 70 20 gaires
3334 2673 77 23 péltins
3420 2674 5 18 !

3263 2703 54 22 Des
3330 2702 116 27 pantins
3460 2703 31 21 et
3504 2707 55 17 non
3577 2701 51 23 des
3647 2700 82 23 chefs
3737 2700 8 22 !

3275 2733 57 20 Tout
3345 2733 58 19 aussi
3414 2733 94 22 injustes
3522 2736 55 16 nous
3589 2732 123 23 paraissent
3724 2731 31 20 les

3251 2757 185 19 récriminations'
3443 2756 14 19 à
3473 2760 80 20 propos
3569 2756 38 19 des
3623 2755 70 19 chefs.

3277 2789 10 8 «
3302 2781 59 19 Nous
3376 2781 92 19 n'avons
3479 2783 41 21 pas
3534 2784 31 15 un
3578 2779 57 21 chef,
3649 2779 56 19 mais
3719 2778 38 20 d"S

3251 2805 68 20 chefs,
3331 2809 43 14 une
3386 2804 58 23 pluie
3455 2803 27 20 de
3495 2803 68 21 chefs,
3572 2801 74 21 s'écrie
3659 2802 20 19 le
3691 2801 65 25 Jeune

3251 2828 124 23 périodique
3386 2827 93 21 clérical.
3490 2827 41 20 Ces
3541 2827 62 20 chefs
3612 2825 86 21 font~de
3709 2825 34 20 bel-

3251 2852 31 19 les
3293 2852 98 23 phrases.
3410 2860 4 7 •

3277 2884 8 8 -
3298 2876 57 19 Mals
3366 2875 27 19 ils
3405 2875 61 19 n'ont
3477 2879 41 20 pas
3529 2875 56 20 cette
3597 2874 90 23 trempe,
3699 2873 57 20 cette

3251 2900 66 20 force,
3329 2904 24 15 ce
3365 2904 51 15 sens
3428 2899 27 19 de
3467 2899 95 21 l'action,
3574 2903 24 15 ce
3611 2902 92 18 courage
3716 2898 27 19 de-

3251 2924 54 19 vant
3331 2922 118 21 l'obstacle,
3476 2922 58 20 cette
3563 2921 86 21 volonté
3678 2921 67 19 draco-

3250 2951 80 15 nienne
3342 2947 26 19 de
3383 2946 49 20 tous
3447 2947 30 19 les
3491 2946 67 22 jours,
3570 2949 53 15 sans
3637 2944 92 23 lesquels
3741 2944 14 19 il

3251 2971 37 23 n'y
3299 2976 12 14 a
3326 2971 78 19 iamais
3416 2970 26 20 de
3455 2969 144 20 conducteurs
3611 2970 126 19 d'hemmes.
3746 2978 8 5 -

3274 2994 153 19 Evidemment
3437 2994 4 18 !
3462 2993 115 19 Pourtant,
3608 2997 83 16 comme
3709 2991 47 21 cela

3250 3017 116 24 s'explique
3379 3017 128 20 facilement
3517 3018 5 18 !
3535 3017 41 19 Ces
3589 3017 64 19 chefs
3665 3020 27 15 ne
3705 3016 51 19 sont

3249 3036 86 29 pas'les
3342 3041 58 19 vrais
3414 3041 71 20 chefs;
3494 3039 137 20 eux-m'Jmes
3636 3041 51 18 sont
3702 3044 42 15 con-

3250 3065 67 20 duits;
3335 3065 27 19 ils
3377 3065 61 19 n'ont
3453 3068 39 20 pas
3508 3063 13 20 à
3537 3063 147 22 commander,
3699 3063 57 19 mais

3250 3089 13 20 à
3278 3089 61 19 obéir
3356 3093 43 15 aux
3413 3088 62 19 chefs
3491 3087 95 21 occultes
3601 3087 30 19 du
3645 3087 58 23 parti
3718 3086 37 23 qui

3250 3113 74 23 logent
3340 3117 43 14 aux
3398 3112 55 19 frais
3468 3111 30 20 du
3514 3111 169 24 gouvernement
3700 3111 56 19 dans

3249 3137 32 19 les
3296 3135 98 21 evêciiés.

3274 3160 31 20 Us
3321 3160 79 19 savent
3414 3160 58 20 bien,
3490 3163 40 15 nos
3547 3159 56 19 bons
3633 3158 123 25 politiciens

3249 3183 115 21 cléricaux,
3378 3183 62 23 qu'ils
3454 3188 26 14 ne
3492 3184 50 18 sent
3556 3187 40 19 pas
3609 3182 37 19 des
3659 3181 84 20 conduc-

3250 3212 59 15 teurs
3322 3207 126 21 d'hommes,
3455 3211 38 15 car
3504 3206 26 21 ils
3535 3206 143 20 connaissent
3683 3205 73 20 mieux

3250 3236 41 19 qu2
3302 3235 107 19 personne
3423 3231 37 23 qui
3473 3230 31 20 les
3516 3230 91 20 conduit
3616 3231 23 18 et
3652 3230 30 19 les
3696 3233 47 16 com-

3251 3256 87 19 mande.

2274 3818 39 19 ON
2325 3818 37 19 VA
2374 3817 147 21 CELEBRER
2531 3819 34 19 LE
2577 3819 182 20 CENTENAIRE
2770 3820 39 19 DU
2820 3820 118 19 FAMEUX
2948 3820 196 20 DESSINATEUR

2479 3843 219 22 AQUAFORTISTE
2714 3844 131 19 FELICIEN
2859 3845 80 19 ROPS.

2223 3875 61 20 Voici
2297 3881 43 15 une
2350 3876 155 23 reproduction
2519 3878 26 18 de
2557 3876 23 20 la
2591 3877 78 23 plaque
2683 3876 192 22 commémorative
2892 3879 36 23 qui
2942 3884 28 15 va
2986 3879 45 21 être
3048 3881 92 23 apposée
3154 3887 39 15 sur

2425 3900 22 20 la
2459 3901 78 22 façade
2550 3901 27 19 de
2589 3907 25 13 sa
2626 3901 85 19 maison
2726 3902 82 22 natale,
2818 3902 14 20 à
2844 3903 88 19 Namur.

2209 3980 41 29 UN
2270 3980 90 30 DRAM
2363 3981 16 28 E
2397 3981 22 28 A
2438 3981 94 30 PONT-
2533 3981 52 29 DE-
2590 3981 79 30 LOUP

2216 4040 119 21 Charleroi.
2350 4041 12 19 3
2379 4041 52 20 mal.
2446 4051 27 5 —
2487 4042 49 19 Une
2549 4041 65 20 scène
2630 4041 57 24 tragi-

2190 4069 41 19 que
2250 4065 52 19 s'est
2323 4064 107 25 déroulée,
2450 4066 71 19 mardi
2541 4066 51 23 soir,
2613 4070 38 16 nie
2669 4066 29 19 du

2190 4089 148 23 Campinalre.
2352 4088 14 19 à
2381 4089 177 23 Pont-dc-Loup.

2214 4119 29 19 Le
2259 4119 87 19 mineur
2364 4119 122 23 pensionné
2506 4119 83 19 Achille
2609 4119 90 22 Collart,

2190 4143 24 19 49
2228 4147 47 17 ans,
2293 4142 132 21 demeurant
2439 4147 38 15 rue
2497 4143 26 19 de
2542 4144 22 19 la
2581 4143 85 23 Limite,
2684 4143 16 19 à

2189 4166 109 20 Chatelet.
2315 4166 94 23 prétend
2425 4168 61 18 avoir
2503 4166 61 23 prêté
2580 4170 42 15 une
2639 4171 47 14 som-

2189 4195 35 15 me
2237 4191 26 20 de
2278 4191 48 19 1000
2337 4191 77 19 francs
2424 4190 13 19 à
2450 4195 31 15 un
2491 4190 67 24 garde
2571 4190 27 20 de
2609 4190 50 19 nuit
2669 4190 29 20 du

2188 4214 161 23 Charbonnage
2366 4214 135 22 Carabinier,
2516 4214 123 19 Alexandre
2647 4213 51 20 Cla-

2188 4238 53 23 mot,
2254 4239 24 18 43
2293 4243 47 16 ans,
2354 4238 132 19 demeurant
2499 4242 39 15 rue
2552 4238 105 22 Quartier
2667 4237 31 19 du

2188 4262 48 22 Roi,
2252 4261 14 20 à
2282 4262 177 23 Pont-de-Loup.

2213 4293 31 19 Ce
2256 4292 95 21 dernier,
2365 4291 108 24 paralt-ll,
2485 4291 93 24 prétend
2592 4296 44 14 non
2646 4295 39 15 .seu-

2189 4315 83 22 lement
2291 4320 28 15 ne
2337 4316 49 20 rien
2404 4315 76 20 devoir
2498 4315 14 20 à
2531 4315 91 21 Collart.
2641 4315 56 19 mals

2188 4340 72 19 même
2272 4340 85 19 n'avoir
2371 4340 81 22 jamais
2466 4339 48 19 rien
2529 4343 52 18 reçu
2595 4339 27 19 de
2635 4339 37 19 lul.

2213 4369 41 20 Les
2271 4370 56 20 deux
2344 4370 100 19 hommes
2460 4373 24 15 se
2501 4369 52 19 sont
2570 4368 127 20 rencontrés

2188 4397 39 16 rue
2244 4393 29 20 du
2292 4393 142 23 Campinaire
2451 4393 15 19 à
2483 4392 176 23 Pont-dc-Loup.
2673 4393 23 18 et

2188 4421 43 16 une
2243 4417 121 19 discussion
2377 4421 13 15 a
2401 4416 70 21 éclaté
2483 4416 15 20 à
2508 4419 78 21 propos
2599 4415 27 20 de
2638 4415 58 20 cette

2187 4445 83 16 somme
2285 4441 27 20 de
2327 4441 49 19 1000
2390 4441 82 19 francs.

2217 4470 92 24 D'après
2326 4470 90 22 Collart,
2447 4470 87 20 Clamot
2560 4469 31 20 lul
2622 4469 74 20 aurait

2188 4495 63 24 porté
2264 4499 31 15 un
2308 4498 57 20 coup
2380 4494 26 19 de
2420 4494 67 23 poing
2500 4494 79 22 auquel
2594 4492 16 20 il
2623 4494 73 18 aurait

2188 4518 99 24 répondu
2321 4522 41 20 par
2394 4517 56 20 deux
2485 4518 75 19 autres
2582 4520 67 19 coups
2667 4517 28 19 de

2188 4543 67 23 poing
2274 4542 38 24 qui
2323 4542 55 19 l'ont
2396 4542 83 22 envoyé
2499 4540 72 21 rouler
2587 4540 57 20 dans
2663 4545 32 15 un

2187 4566 66 20 fossé.

2211 4596 91 20 D'autre
2320 4595 58 24 part,
2395 4595 87 19 Clamot
2500 4599 13 15 a
2544 4594 36 20 été
2611 4594 83 21 trouvé,

2187 4621 110 19 mourant,
2309 4620 91 22 portant
2413 4619 14 19 à
2439 4619 21 19 la
2471 4621 72 20 tempe
2554 4617 83 24 gauche
2650 4622 44 15 une

2187 4644 58 23 plaie
2259 4643 89 20 hideuse
2363 4642 120 24 provoquée
2498 4646 41 19 par
2554 4646 30 15 un
2596 4646 56 19 coup
2666 4641 27 19 de

2187 4668 100 20 couteau.

2211 4698 94 22 Presque
2326 4700 117 19 exsangue,
2465 4696 21 19 le
2508 4695 69 20 blessé
2612 4699 14 16 a
2657 4694 36 20 été

2187 4721 125 23 transporté
2326 4720 14 19 à
2352 4719 100 24 l'hôpital
2466 4719 27 20 de
2507 4718 102 21 Chatelet
2620 4718 29 20 où
2662 4719 31 18 les

2186 4745 110 19 médecins
2313 4745 63 19 n'ont
2393 4747 41 20 pas
2451 4743 64 19 voulu
2532 4747 23 15 se
2571 4746 121 20 prononcer

2186 4772 39 15 sur
2235 4772 42 15 son
2291 4768 55 19 -ttat.

2209 4798 31 20 Le
2256 4797 95 23 Parquet
2368 4797 26 20 de
2412 4796 113 21 Charleroi
2543 4800 14 15 a
2570 4795 49 22 fait,
2633 4799 48 15 mer-

2186 4821 58 20 credi
2261 4821 77 19 matin,
2354 4825 42 14 une
2412 4820 103 19 descente
2530 4824 39 15 sur
2582 4820 31 18 les
2628 4819 64 19 lieux.

2188 4845 79 22 .Quant
2284 4844 15 19 à
2315 4844 91 20 Collart,
2422 4843 16 20 il
2455 4848 14 14 a
2481 4843 36 21 été
2534 4842 78 22 arrêté,
2628 4843 63 19 mais,

2185 4868 115 22 interrogé,
2311 4868 67 22 jeudi,
2388 4871 41 19 par
2439 4868 30 18 M.
2479 4866 19 19 le
2510 4867 51 22 juge
2573 4866 105 19 d'instruc-

2185 4892 47 19 tion
2244 4892 94 19 Mineur.
2353 4891 14 18 11
2382 4890 115 20 reconnaît
2511 4890 60 18 avoir
2582 4890 62 22 porté
2660 4893 30 15 un

2185 4919 55 18 coup
2258 4915 26 19 de
2303 4915 72 23 poing,
2393 4914 57 19 mais
2468 4914 36 18 nie
2533 4913 61 19 avoir
2612 4912 78 23 frappé

2184 4943 53 15 avec
2253 4942 31 15 un
2302 4938 99 19 couteau.
2419 4937 35 19 En
2472 4936 125 21 attendant,
2612 4936 22 19 la
2655 4936 34 19 fin

2184 4962 27 20 de
2223 4961 114 23 l'enquête.
2355 4960 84 20 Collart
2457 4964 14 15 a
2489 4960 34 19 été
2543 4960 76 20 éeroué
2638 4963 51 15 sous

2183 4985 93 21 mandat
2290 4984 88 20 d'arrêt.

2775 3983 42 30 UN
2835 3983 51 31 CRI
2887 3985 44 29 ME
2953 3986 39 30 DE
3010 3988 48 30 L'A
3060 3988 111 31 VARICE

2745 4044 94 24 Rennes,
2855 4046 12 19 3
2884 4047 50 19 mai.
2949 4057 26 5 —
2991 4049 176 21 Contrairement
3183 4055 42 16 aux

2721 4072 104 22 premiers
2855 4074 191 23 renseignements,
3079 4077 18 19 le
3117 4078 65 19 crime
3199 4079 26 18 dc

2722 4099 73 19 Pertre
2810 4104 27 16 ne
2852 4101 67 20 serait
2934 4105 39 19 pas
2988 4102 29 20 dû
3032 4103 14 20 à
3061 4102 21 21 la
3096 4104 76 20 misère
3188 4105 37 19 des

2720 4125 70 23 époux
2812 4127 91 20 Courue.
2924 4128 98 22 Ceux-ci.
3045 4130 136 20 travailleurs
3204 4132 22 19 ct

2719 4153 121 24 économes,
2873 4155 88 19 avaient
2995 4155 77 20 acheté
3089 4156 48 21 leur
3157 4158 67 23 petite

2720 4180 75 22 Terme,
2813 4185 38 15 sur
2882 4181 91 24 laquelle
2993 4182 25 19 ils
3047 4183 127 20 redevaient
3191 4185 34 18 six

2720 4206 58 20 mille
2798 4208 81 19 Irancs.
2899 4209 28 20 Lc
2961 4209 55 19 mari
3049 4211 91 22 gagnait
3158 4211 66 19 dou;K

2719 4234 75 19 francs
2812 4238 40 20 par
2882 4234 50 23 Jour
2960 4235 128 22 seulement.
3106 4237 20 19 Il
3143 4238 81 19 semble

2718 4265 42 19 que
2770 4262 53 19 c'est
2833 4262 100 19 l'avarice
2945 4263 24 19 et
2981 4263 20 19 la
3012 4264 133 23 perspective
3157 4264 66 20 d'être

2719 4288 73 19 obérés
2808 4292 56 19 pour
2879 4289 122 23 longtemps
3016 4290 37 23 qui
3070 4290 60 20 aient
3147 4292 77 21 poussé

2719 4314 21 19 la
2754 4315 80 20 femme
2847 4316 14 20 à
2873 4316 124 22 supprimer
3010 4316 56 20 deux
3079 4317 26 20 dc
3118 4321 36 16 ses
3166 4317 58 20 filles

2717 4345 39 15 sur
2773 4341 59 20 trois.

2743 4371 45 19 Elle
2805 4371 45 23 prit
2866 4371 20 20 la
2903 4372 97 21 ceinture
3016 4373 27 19 de
3058 4377 26 16 sa
3100 4373 80 22 blouse,
3195 4378 28 15 en

2718 4397 28 20 fit
2766 4402 31 15 un
2816 4398 68 20 nœud
2906 4399 97 22 coulant;
3025 4400 41 19 elle
3086 4400 65 20 saisit
3167 4401 45 18 Ger-

2718 4424 79 22 maine,
2818 4429 30 15 en
2870 4425 59 20 train
2952 4426 27 19 de
2997 4417 68 32 jouer,
3088 4426 22 20 la
3130 4427 93 21 balança

2718 4448 56 19 dans
2788 4449 19 19 le
2820 4449 49 20 vide
2882 4450 23 19 et
2918 4449 22 20 la
2952 4450 53 23 Jeta,
3019 4451 76 22 morte,
3105 4454 39 17 sur
3156 4451 21 19 le
3191 4451 31 19 lit.

2717 4472 45 20 Elle
2775 4473 45 22 prit
2831 4473 86 20 ensuite
2930 4474 176 19 Marie-Thérèse
3118 4476 23 18 et
3153 4475 30 19 lul
3195 4475 28 19 flt

2718 4499 59 19 subir
2794 4499 21 20 le
2834 4499 70 20 même
2921 4501 53 20 sort.
2993 4501 32 18 Au
3042 4504 65 16 cours
3123 4500 26 20 de
3168 4501 42 19 l'en-

2716 4522 71 24 quête,
2802 4523 42 19 elb
2861 4524 37 19 n'a
2914 4528 40 19 pas
2971 4524 61 19 versé
3051 4529 42 15 une
3107 4524 76 22 larme,
3200 4526 22 18 et

2716 4547 75 22 quand
2803 4547 30 19 les
2845 4547 129 23 gendarmes
2986 4548 53 19 l'ont
3051 4548 118 21 emmenée,
3181 4548 40 21 elle

2715 4571 52 19 s'est
2782 4570 143 24 uniquement
2945 4571 130 24 préoccupée
3095 4572 81 20 d'avoir
3195 4572 26 20 dc

2716 4594 92 23 l'argent
2822 4598 56 20 pour
2892 4599 97 19 manger.
3002 4605 26 5 —
3039 4596 80 20 Havas.

3331 4527 34 18 LA
3379 4526 87 18 BELLE
3480 4526 34 18 ET
3528 4526 34 18 LA
3575 4525 88 19 BALLE

3268 4550 37 19 Vn
3323 4554 77 18 moyen
3420 4549 99 23 pratique
3538 4550 26 18 de
3584 4549 55 19 faire
3655 4549 26 19 de

3267 4572 84 22 culture
3367 4573 104 23 physique
3487 4573 14 19 â
3514 4573 21 18 la
3548 4572 69 23 plage,
3631 4572 48 20 tout
3693 4580 3 10 i

3431 4598 127 18 s'amu5ant.

2183 5060 35 29 LE
2230 5058 132 30 «DISCOV
2362 5057 59 29 ERY
2434 5057 36 29 II"
2486 5057 21 29 A
2520 5056 169 30 FALMOUTH

2207 5120 103 19 Londres.
2324 5118 12 19 3
2352 5118 50 19 mal.
2416 5127 26 4 —
2456 5118 29 19 Lo
2496 5118 75 19 navire
2591 5124 5 5 ■
2610 5117 76 19 Disco-

2182 5150 52 19 very
2246 5146 23 19 n
2281 5153 8 8 •
2304 5144 27 20 de
2344 5143 139 24 l'expédition
2496 5143 137 23 antarctique
2645 5148 30 15 an-

2182 5172 66 24 glaise
2260 5173 35 19 est
2306 5170 76 21 arrivé,
2391 5175 25 15 ce
2427 5170 77 22 matin,
2513 5170 15 19 à
2539 5169 123 22 Falmouth.

2206 5199 91 19 Aucune
2314 5197 106 23 précii.on
2435 5197 38 20 n'a
2488 5201 30 19 pu
2530 5196 47 21 être
2592 5196 94 21 obtenue

2180 5226 40 17 sur
2239 5221 22 21 la,
2282 5221 129 23 disparition
2428 5221 31 20 du
2478 5220 159 21 commandant
2658 5221 29 20 du

2181 5245 83 23 navire,
2279 5246 20 20 le
2317 5244 110 24 capitaine
2446 5243 27 22 de
2492 5244 100 21 vaisseau
2611 5245 76 23 Carey.

2181 5269 74 20 tombé
2268 5268 16 19 à
2295 5267 23 22 U
2331 5272 48 16 mer
2392 5272 30 16 au
2437 5267 59 25 larçe
2512 5268 54 20 d'Où
2568 5272 33 16 ess
2604 5273 27 16 in
2633 5269 15 20 t.
2662 5277 25 7 —

2180 5293 89 22 Beuter.

2736 5245 33 20 En
2782 5246 104 22 Toscane,
2897 5252 39 15 rar
2948 5252 31 16 un
2990 5247 57 21 haut
3059 5248 35 24 pic
3108 5247 39 22 det
3157 5249 63 23 Apen
3228 5250 57 21 nins,
3301 5254 30 16 on
3350 5255 16 15 a
3384 5250 116 21 découvert
3519 5250 32 20 lei
3571 5251 70 20 débris
3659 5250 53 21 d'un

2740 5270 64 19 avion
2816 5272 22 20 et
2849 5269 19 21 le
2880 5276 62 19 corps
2953 5276 28 15 en
2990 5271 70 24 partie
3071 5272 113 20 cirbonfoé
3195 5274 29 19 dn
3240 5273 90 20 fameux
3343 5273 100 21 aviateur
3457 5274 121 21 australien
3590 5275 53 21 Bert
3655 5275 56 19 Hm-

2862 5293 52 23 kler,
2932 5294 90 24 diiparu
3038 5299 30 17 m
3085 5300 62 16 coun
3166 5296 52 21 d'un
3233 5296 50 22 nid
3300 5297 131 24 Angleterre
3435 5297 125 21 -Australie
