3905 5590
1511 25 4 4 .

1719 209 40 21 La
1776 208 152 22 Dernière
1943 208 105 21 Heure
2090 207 19 22 3

46 286 90 66 LES
189 282 148 61 SANS
350 319 19 10 -
383 283 247 61 FILISTES
679 281 375 61 PROTESTENT

201 419 184 48 CONTRE
417 421 61 46 LA
509 418 282 49 FERMETURE
823 417 63 47 DE

306 487 478 49 RADIO-SCHAERBEEK

190 612 71 38 UN
290 612 231 37 MEETING
547 612 35 36 A
610 610 289 38 BRUXELLES

1097 278 85 46 LE
1231 276 384 49 MASSACRE

1117 347 86 46 DES
1233 345 364 48 GARDES-CIVILS

1152 444 129 35 CHAQUE
1299 444 150 30 CADAVRE
1467 444 103 31 PORTE

1162 490 40 29 DE
1221 489 43 30 35
1284 490 22 28 A
1325 489 44 29 40
1389 489 169 30 BLESSURES

112 1516 31 20 M.
157 1514 119 20 VANDEN
287 1513 133 20 BOSSCHE

127 1540 38 24 qui
179 1538 108 25 présidait
302 1538 22 20 le
338 1537 102 24 meeting

57 1606 7 4 -
76 1597 30 20 La
117 1594 106 21 Dernière
235 1594 74 20 Heure
324 1600 9 12 ■
350 1598 15 15 a
377 1592 107 25 rapporté
497 1596 42 20 que

33 1623 28 20 M.
70 1622 96 20 Bovesse,
177 1618 103 20 ministre
293 1618 39 20 des
343 1618 24 19 P.
379 1618 25 19 T.
415 1618 25 19 T.
462 1617 78 20 venait

34 1646 122 21 d'ordonner
169 1643 22 19 la
206 1643 122 19 fermeture
345 1642 30 20 du
391 1642 63 24 poste
471 1641 27 20 de
515 1641 25 20 T.

32 1671 21 21 S.
63 1671 21 19 F.
94 1669 26 21 de
131 1668 84 20 Radio-
217 1666 147 21 Schaerbeek.

55 1694 59 21 Cette
123 1692 97 20 décision
231 1695 14 15 a
255 1690 112 25 provoqué
377 1695 33 15 un
419 1694 52 19 gros
481 1690 59 21 émoi

33 1719 50 20 dans
97 1717 19 20 le
129 1716 81 20 monde
223 1716 40 19 des
276 1715 155 20 sans-filistes.
445 1714 95 20 Ceux-ci

34 1746 35 17 ont
77 1740 107 22 constitué
197 1744 32 15 un
239 1744 75 18 noyau
327 1739 27 20 de
365 1738 83 21 comité
459 1738 28 20 de
500 1737 27 21 dé-

33 1768 56 19 fense
102 1765 37 24 qui
150 1775 26 4 —
190 1763 63 26 placé
265 1768 53 15 sous
333 1763 22 19 la
367 1762 130 24 présidence
511 1762 28 19 de

34 1792 27 20 M.
69 1789 84 24 Eugène
164 1788 96 20 Vanden
270 1788 98 19 Bossche
379 1797 27 4 —
416 1791 14 15 a
440 1787 54 19 tenu
505 1786 23 19 di-

33 1814 86 22 manche
133 1813 74 20 matin
218 1813 58 19 dans
289 1816 32 15 un
332 1811 57 20 local
402 1811 28 19 de
442 1811 22 19 la
476 1810 63 23 place

34 1838 133 22 Saint-Jean,
179 1841 44 16 une
237 1835 109 25 première
358 1835 95 20 réunion
465 1834 62 24 publi-

33 1868 36 20 que
78 1863 25 20 de
112 1861 157 24 protestation.

54 1887 106 21 Plusieurs
170 1885 115 21 centaines
295 1885 27 19 de
331 1888 122 19 personnes
463 1887 15 19 y
485 1887 43 19 par-

35 1911 117 24 ticipèrent;
171 1910 23 19 la
207 1908 108 24 première
331 1908 56 20 salle
402 1906 87 21 s'avéra
504 1907 24 19 in-

34 1936 118 21 suffisante,
164 1934 16 20 il
190 1934 68 19 fallut
269 1932 121 21 dédoubler
401 1931 21 20 le
435 1931 105 22 meeting.

35 1960 85 22 Celui-ci
130 1959 36 19 fut
175 1958 14 20 à
200 1958 21 19 la
230 1957 44 20 fois
284 1956 103 21 houleux,
396 1955 132 20 enthousias-

37 1987 19 19 te
64 1985 19 20 et
93 1985 84 23 joyeux.
186 1983 31 19 M.
227 1982 95 19 Bovesse
333 1981 37 19 fut
378 1979 98 23 conspué
486 1983 54 16 avec

36 2014 37 15 une
92 2006 121 26 générosité
231 2010 93 19 presque
343 2004 145 20 débordante.
503 2004 37 19 On

35 2033 55 20 siffh
107 2036 51 16 avec
172 2029 133 23 conviction,
322 2033 30 16 on
366 2029 47 19 hua
430 2032 53 15 avec
499 2032 30 15 en-

34 2057 83 23 semble,
129 2060 30 15 on
173 2054 118 25 applaudit
303 2057 53 16 avec
371 2052 102 21 chaleur:
490 2052 51 19 tous

36 2082 28 20 les
73 2082 107 23 journaux
192 2089 26 4 —
228 2079 52 19 sauf
291 2083 32 15 un
334 2088 27 4 —
372 2077 79 20 furent
465 2075 76 23 l'objet

35 2106 25 21 de
70 2106 20 20 la
101 2104 140 24 réprobation
251 2102 114 20 collective
378 2100 103 24 jusqu'au
492 2105 37 14 mo-

36 2132 57 18 ment
105 2129 28 20 où
145 2133 31 15 un
188 2128 66 23 jeune
269 2127 90 19 homme
372 2125 31 20 du
417 2124 82 21 comité
513 2124 28 20 de

36 2154 89 22 défense,
137 2153 92 24 jugeant
240 2152 59 19 cette
309 2150 99 22 tactique
419 2148 110 21 maladroi-

37 2180 20 19 te
68 2183 22 16 se
101 2178 46 20 leva
158 2181 79 19 pour...
252 2176 58 19 faire
321 2174 118 20 confiance
452 2173 15 19 à
480 2173 61 19 toute

37 2203 20 20 la
67 2207 71 19 presse
149 2202 23 19 et
183 2201 59 20 cette
253 2198 152 21 intervention
418 2198 37 19 fut
467 2196 62 23 égale-

36 2228 57 20 ment
103 2225 115 24 apnlaudie
229 2229 54 15 avec
294 2224 93 22 vigueur
397 2222 23 19 et
430 2220 110 21 docilité!!

58 2251 54 20 Mais
122 2253 119 20 reprenons
251 2248 21 20 le
280 2247 100 22 meeting
389 2246 14 20 à
411 2251 36 14 ses
457 2245 86 20 débuts.

136 2286 58 20 UNE
210 2292 11 11 «
240 2282 166 22 GAMINERIE
422 2289 11 11 »

60 2322 29 21 M.
116 2322 93 20 Vanden
225 2320 99 20 Bossche
338 2322 136 17 commence,
490 2321 54 16 avec

38 2346 212 25 d'impressionnants
261 2344 69 21 éclats
342 2344 28 20 de
380 2343 58 23 voix,
447 2346 42 19 par
498 2341 34 20 fai-

39 2377 21 15 re
72 2371 109 24 l'apologie
194 2369 65 21 de-la
271 2367 85 21 liberté.

62 2397 56 19 Nous
130 2394 108 24 espérons,
252 2393 69 21 dit-il,
333 2396 42 19 que
390 2391 22 20 la
425 2390 57 21 belle
493 2394 39 16 ma-

40 2420 123 21 nifestation
179 2417 165 24 d'aujourd'hui
361 2416 102 19 donnera
481 2415 15 19 à
513 2415 30 19 M.

40 2445 85 20 Bovesse
135 2443 115 20 l'occasion
259 2442 27 19 de
297 2440 106 21 réfléchir
411 2444 39 15 sur
459 2439 23 19 la
491 2442 42 19 por-

40 2468 30 21 tée
83 2469 26 19 de
122 2472 26 15 sa
164 2466 129 24 gaminerie!
316 2464 60 21 (Cris
394 2468 6 15 :
423 2471 9 9 «
449 2463 83 20 Absolu-

39 2493 66 20 ment!
123 2501 7 8 ■>
147 2500 8 8 «
167 2490 135 21 Démission!
318 2489 21 21 »)

53 2518 32 19 Ou
97 2517 50 19 bien
162 2512 224 23 Radio-Schaerbeek
400 2517 51 15 sera
464 2511 81 20 rétabli

39 2541 53 20 dans
101 2545 26 15 sa
135 2540 108 20 situation
252 2537 108 24 première
370 2541 30 16 ou
410 2537 31 19 M.
450 2536 95 20 Bovesse

38 2566 44 19 s'en
95 2565 41 20 ira!
152 2564 121 20 (Tonnerre
287 2560 259 25 d'applaudissements).

63 2589 30 19 La
109 2589 112 22 harangue
240 2591 24 15 sa
282 2585 108 25 poursuit,
406 2585 29 20 de
450 2584 50 23 plus
516 2588 30 15 en

39 2613 48 23 plus
102 2611 130 21 enflammée
245 2612 25 19 et
286 2610 27 20 de
327 2610 52 23 plus
393 2613 30 16 en
439 2609 51 23 plus
504 2612 30 19 ap-

40 2637 91 24 plaudie.
140 2637 30 19 Le
180 2636 100 20 ministre
292 2635 39 19 des
342 2635 24 18 P.
374 2634 26 19 T.
410 2633 26 19 T.
444 2633 36 19 est
489 2632 45 22 bap-

39 2662 41 20 tisé
91 2661 64 19 -Tsar
161 2664 29 16 au
194 2660 58 23 petit
258 2659 52 23 pied
322 2667 17 11 ».
349 2658 57 19 (sic.)
421 2657 20 20 H
451 2658 37 19 n'a
498 2657 50 19 rien

41 2685 73 21 trouvé
126 2685 25 19 de
161 2685 73 19 mieux
243 2688 41 18 que
297 2683 20 19 le
327 2681 180 21 rétablissement
519 2680 28 20 de

41 2710 22 19 la
78 2709 62 20 lettre
155 2709 26 19 de
195 2708 78 20 cachet
285 2711 57 19 pour
357 2706 84 19 fermer
454 2705 22 19 la
490 2704 45 20 bou-

42 2734 39 19 che
92 2733 14 20 à
114 2738 35 14 ses
160 2732 139 22 adversaires,
311 2730 59 20 mais
381 2730 23 19 la
415 2728 133 24 population

43 2762 27 15 ne
80 2757 116 24 permettra
205 2761 40 19 pas
253 2760 42 19 que
305 2755 45 20 l'on
359 2754 119 23 poursuive
489 2752 59 20 ainsi

43 2781 14 21 r
72 2789 8 8 "
93 2781 170 20 avachissement
273 2780 40 20 des
324 2778 83 23 esprits
420 2784 18 14 ».

71 2813 7 8 "
93 2806 58 19 Nous
166 2805 79 19 devons
260 2814 27 4 —
301 2803 91 20 conclut
405 2802 32 19 M.
453 2801 95 20 Vanden

42 2829 92 20 Bossche
143 2839 25 4 —
177 2833 54 15 nous
240 2828 74 24 placer
322 2831 39 16 sur
368 2827 20 19 le
398 2825 86 21 terrain
493 2829 42 16 con-

44 2853 135 20 stitutionnel
187 2854 23 19 et
221 2857 56 15 nous
288 2852 86 19 dresser
385 2855 29 15 en
424 2850 50 19 face
486 2849 27 20 de
522 2853 25 15 ce

43 2877 122 20 Parlement
180 2887 26 5 —
224 2877 106 22 croupion
351 2875 38 23 qui
407 2875 53 19 veut
479 2873 69 20 violer

41 2903 62 18 notre
113 2902 76 19 charte
200 2900 175 21 fondamentale.

64 2926 29 19 Et
101 2926 50 24 q)ioi
160 2925 52 24 qu'il
219 2929 30 15 cn
257 2925 50 19 soit,
315 2924 32 19 les
355 2922 147 20 sans-filistes
512 2926 24 15 re-

42 2949 102 20 fuseront
156 2949 27 19 de
192 2952 68 19 payer
273 2952 44 16 une
330 2949 51 17 taxe
396 2947 27 19 de
436 2947 25 18 60
473 2946 77 19 francs

41 2975 25 18 et
79 2973 28 20 de
120 2977 73 14 verser
205 2972 57 19 ainsi
277 2970 166 20 annuellement
456 2969 52 22 près
522 2969 28 19 de

42 2997 64 23 vingt
119 2996 96 20 millions
230 3000 55 18 pour
298 2995 56 19 faire
368 2994 60 19 vivre
443 2998 33 14 un
488 2993 63 22 poste

42 3018 139 23 indésirable'
191 3020 38 22 qui
246 3018 82 21 diffuse
344 3018 39 19 des
398 3017 99 19 discours
509 3020 42 18 que

42 3049 110 20 personne
163 3048 28 15 ne
202 3044 52 18 veut
264 3042 106 20 entendre
381 3042 23 18 et
413 3041 27 19 de
450 3040 22 20 la
481 3040 59 19 musi-

43 3074 42 19 que
99 3068 38 24 qui
152 3072 56 15 nous
222 3066 81 20 endort
318 3073 17 13 ».

68 3094 64 19 Dans
144 3093 22 19 la
179 3091 61 20 salle,
254 3090 29 20 où
295 3090 22 19 la
329 3089 59 20 foule
399 3089 34 19 est
445 3087 96 20 littérale-

43 3118 63 20 ment
121 3115 108 22 entassée,
244 3119 29 15 on
288 3113 44 20 crie
347 3113 14 19 à
373 3116 102 16 nouveau
489 3115 6 16 :
513 3118 9 9 <•
535 3111 20 19 A

42 3142 42 20 bas
93 3142 32 19 IT.
135 3141 26 19 N.
170 3141 27 18 R.
209 3149 16 12 ■■,
236 3145 8 11 ■
255 3139 54 20 Vive
319 3135 233 22 Radio-Schaerbeek-.

45 3173 9 11 ■
68 3167 20 19 A
101 3166 41 19 bas
154 3165 95 19 Bovesse
261 3171 17 7 ••-
291 3162 42 20 etc.

67 3190 30 20 Le
106 3189 87 21 chahut
200 3189 35 21 est
245 3187 14 19 à
268 3191 33 15 un
310 3186 108 22 diapason
426 3184 65 20 élevé-
498 3183 58 20 mais

43 3214 32 20 les
93 3214 102 19 orateurs
213 3210 133 21 obtiennent
362 3208 133 20 néanmoins
509 3206 47 20 très

43 3237 130 22 facilement
183 3236 21 20 le
215 3235 90 20 silence.

108 3274 43 20 UN
165 3271 138 22 ORATEUR
319 3268 158 21 ABONDANT

68 3310 62 20 Voici
151 3309 15 20 à
188 3308 22 20 la
231 3307 90 20 tribune
343 3306 31 19 M.
396 3304 70 20 Henri
487 3303 68 20 Faust

48 3334 114 20 (Faustus)
189 3332 22 20 le
222 3331 95 24 speaker
338 3330 28 21 de
376 3328 168 21 Radio-Schaer-

44 3359 62 20 beek.

70 3383 19 20 Il
103 3382 62 24 parle
180 3385 52 15 avec
246 3384 44 15 une
304 3376 115 22 volubilité
433 3376 111 20 extraordi-

45 3407 69 22 naire,
130 3405 118 21 émaillant
263 3408 42 15 son
324 3403 100 19 discours
442 3400 27 20 de
489 3399 56 21 réfle-

45 3432 70 21 xions,
126 3428 134 22 d'incidents
269 3429 24 18 et
303 3427 27 21 de
341 3424 172 22 commentaires
521 3424 24 19 in-

45 3454 146 21 nombrables.
205 3453 30 19 Le
247 3451 81 24 public,
343 3450 102 21 toujours
458 3448 99 21 attentif,

44 3480 95 19 s'amuse
151 3479 24 19 et
185 3480 111 20 approuve
308 3479 53 16 avec
371 3478 45 16 une
428 3472 81 20 ardeur
521 3473 24 19 in-

45 3503 101 21 lassable.
440 3521 7 2 _

71 3529 115 19 L'orateur
202 3525 98 24 rappolle
318 3524 99 22 l'origine
433 3522 28 19 de
474 3522 83 19 Radio-

47 3551 139 21 Schaerbeek
203 3551 38 23 qui
261 3550 43 22 fut,
323 3553 53 16 avec
407 3547 38 19 feu
475 3546 82 20 Radio-

44 3577 113 23 Belgique,
168 3576 47 19 l'un
226 3575 40 19 des
279 3574 115 24 pionniers
405 3572 27 19 de
446 3571 21 19 la
482 3571 63 20 radio-

46 3602 110 20 diffusion
169 3600 58 20 dans
239 3600 64 19 notre
316 3602 62 20 pays.
391 3598 20 19 Tl
425 3596 78 20 estime
516 3600 42 19 que

45 3626 24 20 la
89 3624 106 25 publicité
215 3622 154 21 commerciale
387 3623 34 19 est
442 3621 102 23 indispen-

45 3650 63 20 sable
125 3649 15 20 à
157 3648 161 24 l'exploitation
337 3647 54 19 d'un
412 3646 63 24 poste
496 3645 61 24 privé

47 3675 28 21 de
92 3674 25 19 T.
134 3674 22 19 S.
174 3674 30 22 F.,
222 3678 40 15 car
277 3673 53 19 c'est
347 3672 27 19 de
393 3671 23 20 là
435 3670 123 20 seulement

46 3699 54 23 qu'il
113 3699 54 23 peut
179 3698 55 19 tirer
245 3697 32 19 les
287 3700 124 17 ressources
424 3695 135 20 nécessaires

46 3723 16 21 à
76 3728 42 16 son
131 3722 201 20 fonctionnement.

74 3756 9 8 *■
102 3747 124 21 D'ailleurs,
246 3746 69 24 dit-il,
331 3745 39 20 des
386 3745 114 20 ministres
516 3744 43 20 tels

46 3777 42 19 que
109 3772 56 20 MM.
182 3772 98 23 Lippens
299 3772 23 18 et
342 3770 149 22 Forthomme,
507 3774 40 19 per-

46 3796 124 22 sonnalités
190 3796 129 20 autrement
342 3795 134 20 reluisantes
499 3795 57 21 (sic),

45 3826 43 19 que
105 3822 31 20 M.
153 3822 101 22 Bovesse,
275 3820 64 20 n'ont
357 3820 83 23 jamais
456 3818 68 25 songé
544 3817 15 21 à

46 3847 96 23 prendre
157 3846 39 20 des
210 3850 100 16 mesures
325 3845 61 20 aussi
400 3844 131 20 vexatoires.
547 3850 10 12 ■

72 3871 169 20 Incidemment,
255 3871 31 19 M.
302 3870 97 21 Faustus
411 3869 45 20 fait
470 3869 19 20 le
505 3873 41 20 pro-

46 3895 37 20 cès
98 3896 28 19 de
142 3896 32 19 IT.
193 3896 26 19 N.
237 3895 26 20 R.
283 3895 39 23 qui
338 3894 93 20 absorbe
450 3894 33 19 les
502 3894 56 20 neuf

48 3919 105 22 dixièmes
171 3920 40 20 des
235 3921 63 18 taxes
319 3922 92 21 perçues
448 3919 54 19 ello*/.
525 3919 33 20 ]<s

48 3945 147 19 sans-filistes
218 3945 23 19 et
261 3944 45 23 qui.
330 3948 52 16 sous
403 3943 102 25 prétexte
529 3943 29 21 de

46 3969 86 20 donner
147 3970 39 19 des
200 3969 116 20 émissions
335 3968 128 22 éducatives
482 3969 23 20 et
520 3968 25 20 ré-

47 3993 107 20 créatives
171 3994 64 19 (rires
248 3994 121 20 iioniaues)
384 3997 46 19 sert
444 3998 45 16 aux
499 3994 46 19 mal-

47 4017 99 21 heureux
167 4019 114 19 auditeurs
304 4019 39 20 des
363 4018 93 25 prêches
480 4019 64 23 politi-

48 4046 59 20 ques,
118 4048 28 15 ou
156 4043 106 24 religieux
272 4044 23 19 et
308 4049 28 15 ne
349 4044 73 20 recule
433 4043 72 20 même
516 4048 40 20 pas

559 705 82 19 devant
655 704 111 20 certaines
782 704 134 22 hardiesses,
932 708 86 16 comme
1034 709 41 19 par

558 729 100 23 exemple
678 733 5 15 :
702 729 65 23 jouer
781 728 15 20 1'
814 737 8 8 <■
839 729 181 20 Internationale
1035 737 8 10 ■
1059 729 15 20 à

559 754 89 21 minuit,
666 754 20 19 le
704 754 52 23 jour
769 754 27 19 de
813 753 107 21 réveillon
934 759 30 15 ou
980 754 94 20 insulter

560 779 19 20 le
599 778 102 21 cardinal
720 779 101 21 Mercier,
843 783 86 16 comme
948 784 25 15 ce
995 779 38 20 fut
1054 779 22 20 le

559 808 39 17 cas
610 804 16 19 il
637 808 15 18 y
663 808 15 15 a
689 803 105 24 quelques
808 803 69 24 jours.
895 804 84 24 (Appl.)

684 840 245 21 L'INSURRECTION
938 840 8 20 !

586 878 29 19 Le
634 877 104 20 ministre
759 877 96 20 Bovesse
869 881 63 22 41011s
952 882 15 15 a
989 876 87 21 déclaré

560 902 138 20 récemment
719 902 24 19 et
776 906 31 16 en
842 903 83 19 termes
954 901 94 20 formels
1069 915 6 6 .

562 934 8 10 ■
585 927 83 22 Quand
683 926 73 20 même
775 927 81 22 100,000
874 930 123 20 personnes
1013 926 51 20 vien-

560 952 91 23 draient
664 956 65 19 __-..er
745 956 53 16 sous
812 956 48 15 mes
874 951 105 23 fenêtres,
994 951 23 23 je
1030 951 47 19 suis

561 977 103 19 ministre
675 977 23 19 et
708 977 47 19 fais
766 981 26 17 ce
805 981 42 19 que
860 977 22 22 je
896 980 57 16 veux
967 983 9 11 ■
995 975 83 20 (Huéea

559 1001 139 24 prolongées;
719 1005 30 15 on
767 1001 45 20 crie
832 1008 8 10 ■
858 1000 137 20 Démission!
1015 1000 22 21 »)

587 1027 31 19 M.
632 1026 96 20 Charles
739 1026 124 23 Magnette,
876 1025 92 24 parlant
982 1029 32 15 un
1028 1025 51 22 jour

562 1051 58 20 dans
636 1055 32 16 un
683 1051 106 23 meeting,
796 1051 24 19 'a
831 1055 31 19 pu
874 1050 48 20 dire
941 1054 5 15 :
963 1057 9 8 <•
988 1050 91 19 Devant

561 1075 128 25 l'illégalité,
699 1076 165 21 l'insurrection
874 1076 35 18 est
919 1075 20 19 le
951 1074 51 24 plus
1014 1077 63 17 sacre

562 1100 40 20 des
620 1101 88 20 devoirs
725 1108 17 13 »,
762 1101 42 19 Les
821 1099 147 21 sans-filistes
985 1103 81 20 repren-

562 1126 68 19 dront
645 1127 59 19 cette
718 1125 93 20 théorie.

587 1151 32 19 M.
638 1151 97 19 Faustus
752 1151 75 19 donne
841 1149 85 20 lecture
942 1149 28 20 de
986 1150 24 19 la
1028 1153 38 16 cor-

563 1176 153 24 respondance
751 1174 113 24 échangée
895 1174 65 20 entre
993 1174 85 19 Radio-

562 1200 141 20 Schaerbeek
718 1201 24 20 et
756 1200 21 19 le
792 1200 109 21 ministre.
915 1199 20 19 Il
947 1199 80 19 insiste
1039 1202 39 18 sur

563 1225 20 20 le
602 1225 44 20 fait
665 1229 43 20 que
726 1229 25 16 ce
768 1225 89 19 dernier
874 1224 62 24 poste
955 1228 24 15 se
999 1224 79 19 trouve

563 1249 46 20 très
628 1249 172 24 régulièrement
816 1254 53 16 sous
887 1248 21 20 le
923 1248 100 20 contrôle
1039 1248 39 20 d*_s

562 1275 148 19 conventions
724 1274 194 20 internationales.

588 1301 35 19 Au
644 1300 96 23 surplus,
758 1303 36 15 ses
823 1298 124 22 émissions,
976 1297 103 26 pendant

563 1324 55 20 trois
636 1329 49 17 ans,
706 1324 64 23 n'ont
802 1323 82 23 jamais
914 1322 111 26 provoqué
1055 1323 24 20 la

563 1349 102 23 moindre
679 1348 148 21 réclamation
839 1349 27 19 de
880 1348 23 20 la
917 1349 53 23 part
983 1348 40 22 des
1037 1352 29 16 au-

563 1374 92 20 diteurs.

589 1399 41 20 Les
644 1399 105 23 attaques
763 1398 77 20 contre
854 1398 32 19 M.
901 1398 118 22 Guerni.r,
1034 1397 31 20 mi-

563 1424 70 19 nistre
653 1423 101 23 français
774 1423 39 19 des
829 1423 24 19 P.
873 1423 25 19 T.
916 1423 26 19 T.
962 1423 121 19 n'existent

563 1452 42 20 que
625 1448 57 20 dans
701 1447 165 23 l'imagination
885 1447 27 20 de
931 1447 31 19 M.
981 1448 102 18 Bovesse.

566 1473 59 20 (Cris
638 1477 5 15 :
656 1480 9 9 <*
676 1473 60 19 C'est
743 1472 55 19 vrai.
809 1472 61 20 Nous
879 1476 97 15 sommes
988 1472 28 19 ici
1026 1475 57 20 pour

565 1502 29 15 en
611 1497 131 23 témoigner.
761 1497 21 19 *>)
802 1503 9 11 ■
831 1496 66 20 Aussi
915 1496 22 23 je
955 1496 97 23 réponds
1070 1496 13 19 à

565 1523 30 19 M.
608 1522 95 19 Bovesse
721 1526 5 15 :
743 1525 10 11 «
766 1520 113 24 François,
894 1521 26 20 tu
932 1525 26 16 as
971 1521 73 20 menti
1053 1521 5 19 !
1073 1528 9 11 ■

567 1547 71 23 (Long
652 1546 80 24 appl.).
972 1548 10 9 '

589 1571 139 20 Examinant
747 1570 136 24 l'argument
900 1569 92 21 suivant
1012 1569 71 24 lequel

564 1596 22 20 le
604 1596 103 20 ministre
723 1595 76 20 aurait
817 1600 30 15 en
866 1595 103 19 instance
990 1594 36 20 115
1046 1594 28 20 de-

565 1620 94 20 mandes
672 1619 191 21 d'établissement
875 1619 28 20 de
917 1619 75 23 postes
1004 1618 80 24 privés,

564 1645 106 20 l'orateur
683 1644 86 24 répond
780 1648 43 20 que
836 1648 36 15 ces
885 1644 36 19 115
933 1643 149 20 demandeurs

1098 560 42 30 UN
1159 560 101 30 MAIRE
1279 558 37 30 ET
1336 559 43 29 UN
1392 559 78 30 JUGE
1488 559 41 30 DE
1547 558 72 31 PAIX

1129 597 139 38 ARRÊTÉS
1287 603 19 30 C
1306 604 94 30 OMME
1419 603 171 31 COMPLICES

1126 654 106 23 Badajoz,
1245 654 13 19 2
1270 654 95 23 janvier.
1376 664 26 5 —
1414 654 37 20 On
1464 654 102 23 apprend
1578 657 42 18 que

1100 679 32 20 les
1146 678 155 24 gardes-civils
1314 679 24 19 et
1350 678 21 20 le
1383 678 91 21 caporal
1489 678 38 23 qui
1543 677 77 20 furent

1101 703 50 20 tués
1166 707 30 15 au
1211 707 65 15 cours
1288 703 28 19 de
1329 702 104 20 l'émeute
1447 702 31 20 du
1492 703 25 18 31
1531 701 77 20 décem-

1101 728 45 21 bre,
1158 727 92 19 avaient
1265 726 36 21 été
1314 727 105 23 attaqués
1431 730 42 19 par
1486 726 38 19 500
1536 725 72 23 grévis-

1101 752 40 19 tes.
1159 751 101 22 Ceux-ci,
1281 751 49 20 leur
1351 751 68 20 crime
1440 750 116 22 accompli,
1575 750 33 19 s'a-

1102 775 136 21 charnèrent
1252 779 41 16 sur
1307 775 33 20 les
1352 775 117 21 cadavres;
1487 774 90 20 chacun
1593 774 28 20 de

1101 805 37 15 ces
1146 801 101 20 derniers
1258 800 64 21 porte
1332 800 27 19 de
1371 800 25 19 35
1408 798 15 20 à
1433 799 25 19 40
1469 799 117 20 blessures.

1126 824 148 24 Trente-cinq
1285 828 122 18 personnes
1418 824 41 19 ont
1468 822 36 21 été
1517 822 105 23 arrêtées,

1102 849 73 23 parmi
1196 848 115 23 lesquelles
1328 848 21 20 le
1368 849 52 22 juge
1440 848 28 19 de
1487 847 54 22 paix
1559 847 24 19 et
1600 846 21 20 le

1103 873 70 20 maire
1187 873 28 19 de
1229 872 159 22 Castilblanco,
1399 876 42 17 que
1455 871 45 20 l'on
1510 875 99 19 soupçon-

1102 902 29 15 ne
1150 897 85 21 d'avoir
1249 896 37 21 été
1302 897 34 19 les
1353 896 120 22 complices
1488 896 40 20 des
1545 896 76 20 émeu-

1103 922 60 20 tiers.

1127 946 32 19 La
1174 945 91 22 plupart
1279 945 27 20 de
1318 947 24 19 la
1355 944 139 23 population,
1507 944 103 21 épouvan-

1103 970 42 23 tée,
1159 974 15 16 a
1191 970 35 21 fui
1243 970 158 20 Castilblanco.
1415 979 27 4 —
1458 969 84 21 Havas.

1189 1022 62 26 UNE
1271 1021 111 27 FEMME
1402 1021 136 26 ECRASEE

1129 1072 98 22 Samedi,
1240 1076 50 16 vers
1305 1072 24 19 17
1344 1072 87 21 heures,
1447 1072 62 19 Mme
1525 1070 97 24 Eugénie

1104 1097 113 21 Declerck,
1228 1096 55 23 âgée
1293 1097 28 19 de
1335 1096 25 19 65
1374 1099 49 18 ans,
1435 1095 134 20 demeurant
1584 1099 39 16 rue

1104 1121 224 23 N.-D.-des-Gràces,
1340 1119 133 25 s'apprêtait
1485 1121 14 19 à
1513 1121 107 18 traverse!

1104 1145 22 20 la
1144 1146 65 22 porte
1226 1145 87 21 Louise,
1332 1149 57 18 pour
1407 1149 85 18 gagner
1509 1144 21 20 le
1546 1143 65 20 boule-

1104 1171 56 20 vard
1173 1170 28 20 de
1217 1169 121 22 Waterloo,
1353 1169 123 23 lorsqu'elle
1493 1173 14 15 a
1524 1168 36 21 été
1573 1172 39 16 sur-

1104 1194 59 24 prise
1180 1194 24 21 et
1222 1193 117 21 renversée
1358 1198 43 18 par
1419 1197 32 15 un
1467 1192 156 20 auto-camion

1104 1219 93 20 conduit
1210 1222 42 20 par
1265 1218 21 20 le
1300 1217 91 20 nommé
1404 1218 106 23 Gaspard
1523 1217 50 22 F...,
1584 1216 27 20 de-

1104 1244 106 19 meurant
1224 1242 15 20 à
1250 1242 86 21 Forest.

1130 1268 32 19 La
1177 1267 157 20 malheureuse
1346 1265 38 25 qui
1396 1266 40 20 eut
1450 1266 21 20 le
1486 1265 83 20 thorax
1584 1264 28 21 dé-

1105 1291 73 24 foncé,
1193 1296 15 15 a
1223 1295 57 19 pour
1295 1291 59 19 ainsi
1370 1290 47 21 dire
1431 1289 36 22 été
1481 1289 52 21 tuée
1549 1294 40 15 sur
1603 1289 21 19 le

1106 1320 64 19 coup.

1130 1341 38 19 On
1189 1344 29 16 ne
1242 1340 46 19 sait
1307 1344 80 15 encore
1407 1338 20 20 si
1449 1338 118 20 l'accident
1590 1337 34 20 est

1106 1364 30 21 dû
1153 1364 15 20 à
1185 1364 159 24 l'imprudence
1362 1363 27 21 de
1405 1364 22 19 la
1441 1362 90 20 victime
1549 1366 29 15 ou
1595 1366 30 15 au

1106 1389 122 20 chauffeur
1244 1389 31 20 du
1291 1388 96 20 camion.
1403 1387 116 20 Toutefois
1534 1385 90 21 celui-ci

1106 1418 15 15 a
1132 1413 36 21 été
1178 1412 75 21 arrêté
1263 1413 23 20 et
1299 1412 69 20 l'auto
1379 1411 73 20 saisie.

1130 1438 30 19 Le
1170 1441 65 19 corps
1246 1437 28 20 de
1285 1437 62 19 Mme
1357 1435 107 20 Declerck
1474 1439 15 15 a
1499 1433 37 27 é^é
1548 1434 64 20 trans-

1107 1461 63 25 porté
1186 1461 15 20 à
1213 1461 103 23 l'hôpital
1332 1460 104 20 St-Jean,
1451 1468 27 5 —
1491 1459 29 20 D-

1108 1531 126 27 DOUBLE
1250 1530 22 26 T
1274 1529 150 27 ENTATIVE
1442 1529 17 25 D
1464 1528 17 26 E
1499 1527 126 27 SUICIDE

1132 1580 97 23 Samedi,
1248 1580 15 20 à
1280 1580 25 19 20
1321 1580 88 21 heures,
1426 1583 33 15 un
1478 1578 79 20 drame
1574 1577 52 21 s'est

1107 1604 89 22 déroulé
1217 1609 40 16 rue
1274 1605 27 19 de
1319 1604 23 19 la
1362 1603 145 22 Grande-Ile,
1529 1603 58 21 dans
1604 1602 21 19 la

1106 1629 106 21 chambre
1237 1629 119 23 qu'occupe
1379 1627 24 20 la
1424 1626 104 21 nommée
1550 1625 76 22 Renée

1107 1654 41 19 P...

1132 1677 94 21 Celle-ci
1236 1681 15 15 a
1260 1676 36 21 été
1308 1675 91 21 trouvée
1410 1676 84 21 blessée
1504 1675 54 20 d'un
1569 1679 56 19 coup

1107 1703 28 20 de
1150 1701 106 23 revolver,
1272 1701 60 19 ainsi
1348 1705 42 20 que
1403 1705 42 15 son
1462 1703 129 18 amoureux,
1606 1699 20 20 le

1107 1727 74 19 soldat
1196 1726 101 20 Gustave
1313 1726 53 21 R...,
1383 1725 32 20 du
1431 1725 25 19 5e
1473 1723 111 24 régiment
1598 1723 28 20 de

1107 1751 66 23 ligne.

1134 1776 37 19 On
1185 1780 23 15 se
1221 1774 78 20 trouve
1313 1778 30 15 en
1356 1772 107 23 présence
1479 1773 54 20 d'un
1547 1772 80 22 double

1108 1799 84 20 suicide
1212 1804 5 15 :
1236 1798 33 20 les
1286 1798 94 21 parents
1394 1798 40 20 des
1451 1797 59 20 deux
1526 1797 102 19 victimes

1106 1823 84 21 s'étant
1203 1822 94 24 opposés
1310 1822 15 20 à
1340 1822 50 20 leur
1404 1820 107 24 mariage,
1526 1820 32 20 les
1576 1822 38 22 jeu-

1107 1852 41 16 nes
1165 1852 55 19 gens
1237 1846 93 21 avaient
1345 1846 77 21 décidé
1440 1845 27 21 de
1484 1845 85 20 mourir
1586 1850 29 14 en-

1107 1873 91 21 semble.

1133 1898 60 19 Tous
1206 1897 58 20 deux
1278 1896 41 20 ont
1334 1895 36 21 été
1385 1894 141 23 transportés
1541 1893 16 21 à
1568 1893 47 21 l'hô-

1108 1922 56 24 pital
1177 1922 105 20 St-Jean.
1293 1931 28 5 —
1332 1921 28 20 D.

1110 1986 36 26 LE
1160 1985 116 27 CHATEA
1280 1985 17 26 U
1314 1985 75 26 SERA
1406 1984 59 26 REC
1467 1982 162 27 ONSTRUIT

1134 2041 121 25 Stuttgart,
1271 2042 13 18 2
1301 2041 95 23 janvier.
1412 2051 27 4 —
1455 2041 31 19 Le
1504 2044 111 19 gouverne-

1109 2068 64 19 ment
1194 2066 183 23 wurtembergois
1397 2069 13 15 a
1428 2064 78 21 décidé
1523 2065 27 20 de
1571 2064 57 20 faire

1109 2091 156 21 reconstruire,
1277 2094 30 15 au
1321 2089 74 22 moins
1407 2094 29 15 en
1448 2089 81 22 partie,
1539 2089 21 19 le
1572 2088 43 20 châ-

1111 2116 53 19 teau
1179 2116 29 20 de
1223 2115 122 22 Stuttgart,
1360 2114 38 22 qui
1414 2118 14 15 a
1444 2113 35 21 été
1493 2113 86 20 détruit
1592 2112 24 20 ré-

1109 2143 113 19 cemment
1236 2143 41 18 par
1292 2143 33 15 un
1337 2138 110 20 incendie.
1459 2148 27 4 —
1496 2138 82 19 Havas.

759 2550 32 19 M.
809 2550 94 19 FAUST

733 2581 33 19 dit
780 2586 10 13 ■
804 2580 97 20 Faustus
913 2587 11 11 *■>

614 2606 94 24 speaker
725 2605 28 20 de
771 2612 10 11 «
796 2604 226 20 Radio-Schaerbeek
1039 2611 11 12 »

572 2642 63 20 n'ont
658 2641 85 24 engagé
763 2645 86 16 comme
873 2640 95 24 dépense
992 2645 42 19 que
1058 2640 32 20 les

572 2667 25 19 75
614 2666 109 20 centimes
741 2666 28 20 de
784 2665 49 20 leur
849 2666 67 19 lettre
933 2670 30 15 au
980 2665 111 22 ministre,

573 2691 76 20 tandis
667 2695 41 19 que
727 2690 226 20 Radio-Schaerbeek
969 2694 14 15 a
1001 2690 43 20 mis
1060 2694 30 15 en

572 2716 45 23 jeu,
633 2716 79 23 depuis
731 2715 55 23 1927,
804 2715 40 20 des
860 2714 110 24 dépenses
988 2714 90 20 considé-

572 2740 79 20 rables.

597 2765 72 20 Chose
687 2764 86 20 bizarre
790 2763 119 23 d'ailleurs,
926 2763 33 20 les
976 2763 113 20 nouvelles

572 2789 143 24 dispositions
726 2788 123 21 défendent
859 2789 29 19 de
900 2788 58 20 faire
971 2788 27 20 de
1010 2788 23 19 la
1046 2792 31 19 pu-

572 2813 74 21 blicité
661 2818 56 19 pour
730 2813 39 20 des
781 2813 60 21 tiers,
854 2812 59 20 mais
925 2812 54 20 elles
992 2817 30 15 ne
1036 2816 41 20 pro-

572 2838 79 21 hibent
668 2842 41 20 pas
729 2838 23 19 la
771 2837 108 24 publicité
899 2841 57 19 pour
977 2837 24 20 la
1022 2837 67 20 firme

572 2863 71 20 même
662 2863 38 24 qui
719 2862 143 24 exploiterait
895 2862 105 20 l'affaire.
1035 2861 54 20 Cela

572 2892 57 15 nous
643 2887 74 20 donne
731 2886 14 20 à
759 2887 70 19 croire
842 2886 53 24 qu'il
906 2891 15 18 y
935 2891 15 15 a
963 2886 74 24 parmi
1052 2891 37 15 ces

573 2913 36 18 115
631 2912 122 19 demandes
772 2911 110 24 plusieurs
904 2915 86 19 grosses
1011 2911 79 20 firmes

574 2936 37 23 qui
635 2936 99 20 désirent
753 2936 86 23 polluer
863 2935 79 20 l'éther
965 2939 54 15 avec
1041 2935 49 20 leur

573 2959 60 22 seule
642 2959 105 24 publicité
757 2961 5 18 !
774 2960 78 19 Est-ce
862 2960 47 19 cela
919 2963 42 19 que
970 2960 45 19 l'on
1024 2960 66 20 veut?

600 2985 68 19 Entre
680 2984 34 20 les
725 2984 139 21 desideratas
877 2984 40 19 des
929 2984 82 23 400,000
1024 2984 53 20 audi-

576 3009 61 19 teurs
653 3009 27 19 de
698 3008 225 20 Radio-Schaerbeek
938 3009 24 19 et
979 3008 33 20 les
1031 3015 9 11 ■
1056 3009 25 19 af-

577 3033 68 19 faires
665 3041 9 8 »
695 3033 66 23 qu'on
776 3033 31 20 lui
826 3037 101 19 propose,
945 3033 32 19 M.
996 3033 94 20 Bovesse

577 3057 94 20 n'hésite
685 3061 48 19 pas.
750 3057 30 19 Ls
797 3057 116 19 ministère
931 3057 39 20 des
986 3057 25 20 P.
1026 3057 26 20 T.
1065 3058 27 20 T.

578 3082 34 18 est
630 3081 87 20 devenu
735 3085 44 15 une
798 3081 89 20 maison
904 3081 29 20 de
963 3086 127 16 commerce.

582 3105 82 24 (Appl.)

603 3130 35 20 En
652 3130 130 21 terminant,
794 3130 31 19 M.
838 3130 97 20 Faustus
948 3130 44 20 fait
1005 3136 75 15 remar-

579 3159 54 18 quer
648 3159 42 19 que
706 3155 32 18 M.
751 3155 94 19 Bovesse
861 3159 15 15 a
892 3154 76 23 choisi,
983 3159 57 19 pour
1055 3161 25 15 or-

579 3179 87 20 donner
684 3179 24 19 la
728 3178 121 20 fermeture
865 3179 28 20 de
912 3180 169 21 Radio-Schaer-

579 3203 61 23 beek,
655 3203 21 19 le
691 3204 100 18 moment
805 3202 73 21 même
892 3203 29 20 où
933 3204 34 19 les
979 3205 114 20 auditeurs

580 3227 113 20 n'avaient
707 3227 50 24 plus
771 3228 84 19 devant
866 3232 45 15 eux
925 3228 33 20 les
971 3228 70 20 délais
1052 3229 29 20 né-

580 3252 106 20 cessaires
706 3256 56 19 pour
781 3256 109 16 renoncer
909 3252 15 20 à
941 3252 59 20 leurs
1020 3255 74 22 postes

579 3276 127 24 récepteurs
722 3276 23 20 et
757 3276 88 20 refuser
857 3277 22 19 le
893 3278 120 22 payement
1028 3278 28 21 de
1071 3278 22 19 la

581 3301 57 19 taxe.

607 3333 9 8 »
636 3325 118 20 Comment
770 3325 151 24 appelle-t-on
935 3329 33 16 un
985 3331 97 16 commer-

581 3350 54 23 çant
649 3350 38 23 qui
701 3350 71 23 prend
788 3350 96 23 l'argent
898 3351 24 19 et
936 3351 38 23 qui
988 3355 30 15 ne
1031 3352 52 19 four-

581 3374 35 19 nit
632 3378 41 19 pas
689 3375 11 19 ?
717 3383 9 8 »
747 3375 58 20 (Cris
820 3375 120 19 unanimes
955 3379 6 16 :
981 3382 8 11 ■
1005 3376 37 19 Un
1054 3380 28 16 vo-

581 3398 49 20 leur
639 3399 5 19 !
660 3399 20 21 »)

686 3423 41 20 UN
742 3424 98 20 ORDRE
857 3424 42 20 DU
912 3424 77 20 JOUR

606 3459 31 21 M.
657 3460 94 20 Vanden
771 3460 98 19 Bossche
890 3460 97 23 reprend
1008 3460 23 19 la
1053 3464 30 20 pa-

581 3484 46 19 role
646 3488 56 19 pour
719 3484 106 20 solliciter
855 3485 85 23 l'appui
969 3485 72 20 moral
1073 3486 22 19 et

581 3508 111 20 financier
712 3509 39 19 des
772 3509 153 22 sans-filistes,
945 3509 51 23 puis
1014 3509 16 20 il
1051 3510 43 20 fait

581 3533 63 19 voter
659 3537 31 16 un
703 3534 63 19 ordre
782 3534 30 19 du
830 3533 51 23 jour
895 3534 28 19 de
940 3534 154 23 protestation.

608 3557 41 20 Cet
669 3558 65 20 ordre
758 3558 30 20 du
811 3558 51 23 jour
881 3558 102 20 contient
1005 3559 79 19 notam-

583 3582 63 19 ment
658 3586 35 15 ces
706 3582 58 20 mots
780 3587 6 15 :
801 3590 8 8 »
823 3582 98 23 proteste
935 3584 77 19 contre
1024 3583 60 20 l'obli-

584 3606 76 23 gation
678 3606 26 20 de
721 3611 69 19 payer
806 3611 45 15 une
869 3607 51 20 taxe
935 3608 27 19 de
978 3608 26 19 60
1020 3608 76 20 franc.

584 3634 55 19 pour
657 3631 100 19 soutenir
779 3635 31 16 un
832 3632 64 22 poste
917 3632 76 20 d'Etat
1014 3633 25 19 et
1061 3637 36 15 ses

583 3654 114 20 émissions
711 3655 231 24 politico-religieuses.
955 3664 10 10 »

608 3689 27 5 —
648 3680 50 20 Cris
712 3680 94 20 violents
822 3685 5 15 :
846 3687 8 11 «
868 3681 131 24 Supprimez
1012 3681 21 20 le
1046 3683 48 19 mot

585 3711 9 9 «
612 3703 126 23 religieuses
755 3712 17 11 >*.

608 3728 30 19 M.
649 3729 93 19 Vanden
753 3729 96 20 Bossche
864 3733 6 16 :
885 3736 8 11 »
906 3730 124 23 Pourquoi?
1045 3739 10 9 »

609 3762 27 4 —
646 3753 57 20 Non.
717 3757 53 18 non,
783 3753 126 22 supprimez
922 3758 25 16 ce
960 3754 58 20 mot!

608 3786 27 4 —
651 3777 83 19 Mettez
754 3784 9 8 •<
782 3777 124 24 antibelges
923 3783 29 15 ou
972 3779 113 20 antinatio-

584 3800 63 20 nales
662 3807 8 11 ■
684 3801 57 19 mais
753 3801 125 23 supprimez
891 3810 8 8 «
912 3803 128 22 religieuses
1054 3812 18 12 ».

609 3825 31 19 M.
654 3825 95 19 Vanden
766 3826 103 19 Bossche.
884 3837 27 4 —
927 3828 48 19 Soit
985 3828 6 19 !
1011 3829 82 23 (Appl.)

609 3849 88 20 L'ordre
710 3849 31 20 du
755 3849 51 24 jour
820 3851 34 19 est
867 3850 58 21 alors
939 3852 51 20 voté
1003 3857 42 19 par
1057 3858 27 15 ac-

585 3873 138 20 clamations.

608 3897 51 20 Une
673 3897 101 21 dernière
791 3898 151 21 intervention
959 3901 54 20 d'un
1030 3902 66 23 jeune

583 3921 90 20 homme
686 3927 28 15 en
728 3922 79 20 faveur
821 3923 27 19 de
863 3923 22 19 la
898 3927 74 19 presse
986 3929 29 16 en
1030 3926 54 23 géné-

584 3946 41 22 ral,
640 3946 52 23 puis
708 3946 21 20 le
745 3947 98 23 meeting
859 3948 34 19 est
906 3948 54 22 levé,
977 3953 28 15 au
1022 3951 74 20 milieu

583 3971 66 20 d'une
673 3971 113 23 agitation
809 3971 23 19 et
855 3972 55 20 d'un
929 3973 165 22 enthousiasme

583 3995 140 23 contagieux.

608 4020 37 19 Un
654 4024 104 16 nouveau
766 4020 99 24 meeting
875 4025 57 16 aura
940 4021 46 21 lieu
994 4023 92 23 prochai-

584 4044 98 20 nement.
696 4054 27 5 —
737 4045 28 19 G.

1193 2203 86 26 ROME
1297 2203 66 26 S'EN
1380 2201 172 27 TIENDRAIT

1244 2243 17 25 A
1274 2241 59 28 SON
1350 2234 142 34 SYSTÈME

1135 2299 77 22 Rome,
1226 2298 13 19 2
1252 2298 95 24 janvier.
1360 2308 27 4 —
1398 2297 65 20 Alors
1477 2301 42 19 que
1534 2297 96 19 diverses

1110 2324 123 20 tendances
1245 2329 25 15 se
1283 2324 53 19 sont
1348 2322 146 21 manifestées
1507 2327 37 15 ces
1557 2322 73 23 temps

1110 2350 101 20 derniers
1221 2354 30 15 au
1261 2349 65 24 point
1334 2348 28 19 de
1372 2353 42 15 vue
1424 2348 31 20 du
1465 2348 84 23 régime
1560 2348 58 19 doua-

1110 2375 56 22 nier,
1178 2374 44 20 soit
1236 2379 30 15 au
1279 2373 107 24 pointrde
1400 2378 43 16 vue
1457 2373 162 23 protectionnis-

1111 2401 23 19 te
1149 2400 44 20 soit
1208 2404 29 15 en
1253 2400 80 19 faveur
1349 2398 30 20 du
1395 2397 84 24 régime
1494 2398 30 20 du
1540 2398 78 20 contin-

1111 2425 136 23 gentement,
1258 2425 33 19 les
1304 2423 164 25 personnalités
1481 2424 33 19 les
1526 2423 51 23 plus
1589 2428 30 15 no-

1111 2451 69 21 toires
1194 2449 138 21 s'attachent
1345 2449 14 21 à
1373 2449 23 20 la
1408 2448 92 21 défense
1515 2449 30 19 du
1559 2447 60 25 systè-

1111 2481 36 17 me
1165 2476 31 20 du
1214 2474 69 21 traité
1301 2475 28 20 de
1346 2478 123 16 commerce
1488 2474 141 23 comportant

1111 2501 23 20 la
1148 2501 76 19 clause
1239 2500 28 20 de
1281 2500 25 20 la
1319 2499 81 21 nation
1411 2499 24 20 la
1448 2499 52 21 plus
1514 2498 116 20 favorisée.

1111 2536 26 6 —
1150 2526 83 20 Havas.

1180 2589 103 28 CONCO
1288 2590 60 26 URS
1368 2589 81 27 DRAM
1454 2589 113 30 ATIQUE

1139 2648 92 21 Namur.
1246 2646 13 19 2
1274 2646 95 23 janvier.
1383 2655 28 5 —
1426 2646 62 19 Voici
1505 2646 32 19 les
1556 2645 60 20 résul-

1113 2672 47 20 tats
1175 2672 32 20 du
1221 2675 109 17 concours
1344 2671 59 20 d'art
1417 2671 141 23 dramatique
1574 2671 42 19 wal-

1113 2697 39 20 lon
1168 2695 104 24 organisé
1290 2700 43 19 par
1348 2695 23 20 la
1386 2695 134 24 députation
1538 2700 78 19 perma-

1113 2722 69 19 nente
1195 2721 28 21 de
1236 2721 93 22 Namur,
1340 2725 53 15 sous
1404 2720 33 19 les
1449 2720 102 24 auspices
1565 2720 28 20 de
1606 2720 22 20 la

1113 2746 149 20 Commission
1280 2745 137 22 provinciale
1437 2745 40 20 des
1496 2745 83 20 Loisirs
1598 2745 30 19 du

1113 2770 131 20 travailleur
1255 2771 23 19 et
1291 2770 28 20 de
1334 2770 22 20 la
1371 2769 135 20 Fédération
1518 2770 111 20 wallonne

1112 2794 110 21 littéraire
1243 2795 24 20 et
1284 2795 142 23 dramal.que
1444 2794 27 20 de
1489 2795 23 20 la
1531 2799 96 20 provnce

1112 2820 28 20 de
1154 2820 88 19 Namur
1261 2823 6 16 :

1138 2844 112 21 Première
1265 2844 118 24 catégorie,
1397 2843 62 24 pièce
1472 2849 30 15 en
1518 2844 56 20 trois
1590 2850 26 15 ac-

1112 2869 42 20 tes.
1166 2879 28 5 —
1208 2868 19 23 L
1240 2876 10 11 •
1263 2869 124 20 Mam'zelle
1401 2869 23 19 X
1439 2877 17 14 »,
1468 2869 28 20 de
1509 2869 32 21 M.
1555 2870 79 29 Cha^

1115 2893 32 21 les
1167 2893 116 24 Dombret,
1305 2895 28 19 de
1355 2894 94 20 Namur,
1471 2894 37 20 ler
1526 2894 60 24 prix;
1609 2888 24 26 zT

1114 2926 9 9 i
1145 2919 37 20 On
1201 2919 99 20 Zer'vint
1317 2927 19 13 »,
1355 2919 27 20 de
1402 2919 56 19 MM.
1474 2919 108 22 Arnould,
1601 2919 27 19 de

1111 2943 123 24 Bruxelles,
1255 2943 24 21 et
1300 2943 122 24 Wartique,
1440 2943 28 20 de
1484 2944 101 22 Marche,
1603 2944 24 20 2e

1112 2968 56 24 prix.

1138 2992 122 24 Deuxième
1274 2992 119 24 catégorie,
1407 2992 74 24 pièces
1494 2998 30 16 en
1535 2994 13 19 2
1560 2995 66 19 actes.

1113 3028 26 4 —
1153 3019 18 19 l.
1187 3026 8 8 -
1209 3018 46 19 Leu
1268 3019 69 22 paurt
1351 3018 23 20 di
1385 3018 103 20 bonheur
1502 3027 18 13 »,
1532 3018 28 20 de
1572 3019 51 19 MM

1113 3042 70 22 Fivet,
1197 3043 31 22 E.,
1241 3042 28 20 de
1281 3043 93 24 Namur,
1387 3043 23 20 et
1425 3042 117 21 Maréchal
1556 3044 31 23 L.,
1601 3043 25 21 dc

1114 3066 71 24 Liège,
1198 3067 26 20 2e
1237 3067 57 23 prix.

1139 3091 123 21 Troisième
1277 3092 119 23 catégorie,
1410 3092 74 24 pièces
1499 3098 29 16 en
1544 3098 32 15 un
1590 3098 26 15 ac-

1116 3116 29 20 te.
1161 3126 27 5 —
1206 3116 18 20 1.
1244 3123 11 10 «
1277 3117 76 23 Rodge
1373 3117 23 20 ct
1416 3117 75 23 Djane
1514 3126 18 15 »,
1549 3118 28 20 de
1598 3119 31 19 M.

1115 3141 99 23 Georges
1224 3141 103 23 Jacques,
1338 3142 37 19 ler
1387 3142 55 23 prix.
1454 3143 19 18 2.
1486 3149 8 11 a
1509 3144 50 21 One
1571 3143 56 20 bonc

1115 3164 48 22 idée
1180 3174 18 14 »,
1216 3166 28 20 de
1262 3166 32 20 M.
1311 3167 106 19 François
1436 3167 66 24 Léon,
1519 3168 28 19 de
1563 3169 64 19 Bois-

1118 3190 129 23 de-Villers;
1271 3197 9 11 ■
1305 3191 36 19 En
1363 3191 131 24 bistoquant
1514 3193 73 21 Marie
1612 3201 18 15 »,

1114 3214 121 24 d'Auguste
1249 3215 90 24 Wallez,
1350 3215 15 20 à
1378 3217 61 19 Oret.
1451 3218 42 19 Ces
1506 3218 58 19 deux
1579 3217 36 24 piè-

1115 3243 37 15 ces
1165 3240 52 19 sont
1231 3239 96 21 classées
1337 3239 109 25 éx-eequo
1458 3242 24 20 et
1496 3243 132 20 obtiennent

1116 3263 21 20 le
1148 3263 26 20 2e
1187 3264 57 23 prix.

90 4127 39 27 UN
145 4127 101 27 DRAME
261 4128 37 26 DE
316 4127 200 28 BRACONNAGE

73 4194 72 22 Mons.
156 4195 11 19 3
179 4195 92 23 janvier.
284 4205 26 5 —
323 4196 37 19 Un
373 4196 77 20 drame
463 4196 28 20 de
503 4196 41 20 bra-

50 4221 97 21 connage
162 4220 51 20 s'ost
226 4219 89 20 déroulé
341 4222 58 19 dans
414 4221 24 20 la
449 4222 52 22 nuit
529 4222 27 19 de

48 4244 84 19 samedi
150 4244 15 19 à
177 4244 125 21 dimanche,
323 4245 57 20 dans
401 4246 23 20 la
444 4246 112 24 propriété

49 4267 27 20 de
88 4269 30 19 M.
130 4269 101 22 Donnay.
244 4269 14 19 à
271 4270 103 19 Casteau.

67 4297 42 20 Les
125 4298 66 23 garde
193 4303 21 14 s-
216 4299 89 19 chasses
311 4299 84 20 Achille
402 4301 114 19 Rousseau
532 4301 25 20 et

50 4321 126 21 Florimond
195 4323 67 19 Claus
281 4323 86 20 faisant
396 4328 44 17 une
457 4325 98 23 tournée,

49 4347 142 19 entendirent
209 4347 109 23 plusieurs
341 4348 146 25 détonations,
506 4356 49 15 vers

50 4370 13 19 3
75 4371 79 19 heures
165 4372 30 19 du
207 4372 80 20 matin.

75 4400 70 23 Après
172 4401 40 19 des
237 4402 131 19 recherches
395 4403 56 20 dans
467 4405 20 20 le
502 4405 53 23 bois,

50 4424 114 20 Rousseau
177 4427 91 21 aperçut
283 4430 32 15 un
327 4427 88 20 homme
428 4431 22 17 et
461 4429 20 20 le
494 4435 49 15 som-

50 4453 38 16 ma
101 4449 28 19 de
143 4454 23 14 se
179 4450 86 19 rendre.

76 4478 123 20 L'inconnu
216 4479 44 22 prit
275 4479 23 20 la
313 4480 63 23 fuite,
388 4483 114 21 poursuivi
515 4489 41 18 par

53 4501 22 20 le
88 4503 73 22 garde.

80 4531 95 20 Celui-ci
188 4532 93 23 prétend
294 4534 51 23 qu'U
359 4535 62 21 allait
433 4536 124 23 l'atteindre

54 4555 87 23 lorsaue
157 4556 102 20 l'homme
288 4563 23 14 se
331 4560 105 20 retourna
453 4561 92 23 brusque-

55 4581 70 19 ment.

79 4610 49 23 Que
141 4615 23 15 se
180 4611 117 23 passa-t-il
312 4613 85 21 ensuite
406 4614 11 19 ?

80 4640 114 20 Rousseau
209 4640 86 21 déclare
309 4643 65 22 qu'au
389 4645 98 19 moment
499 4645 29 21 où
545 4647 15 20 il

53 4669 24 16 se
88 4666 97 19 trouvait
198 4670 29 15 en
238 4666 50 19 face
299 4666 30 20 du
342 4667 137 24 braconnier,
492 4671 36 22 qui
540 4670 19 22 te

54 4690 118 23 menaçait,
190 4690 17 20 il
225 4691 84 23 braqua
326 4695 41 16 son
395 4693 53 19 fusil
466 4695 57 19 dans
535 4701 25 14 sa

55 4714 114 24 direction,
180 4719 54 16 sans
246 4716 62 19 avoir
323 4716 127 21 l'intention
463 4718 27 21 de
505 4719 55 20 faire

54 4738 46 21 feu.
129 4740 59 20 Mais
218 4740 16 22 il
267 4741 79 22 tenait,
367 4741 134 23 ajoute-t-il.
520 4748 41 16 son

53 4763 67 20 chien
131 4769 29 15 en
174 4764 71 21 laisse.
259 4765 38 23 Or,
312 4770 85 15 comme
411 4767 23 19 la
445 4766 49 20 béte
508 4772 41 16 vou-

53 4787 42 21 lait
112 4788 106 20 s'élancer
238 4794 38 15 sur
292 4790 120 23 l'inconnu,
430 4791 16 19 il
463 4792 43 19 tira
525 4797 35 15 sur

53 4812 22 20 la
87 4813 66 20 laisse
166 4814 55 19 dont
235 4814 20 20 le
269 4815 67 23 garde
351 4816 61 19 avait
425 4816 91 20 enroulé
542 4817 18 21 le

53 4836 54 21 bout
118 4837 14 20 à
145 4842 41 15 son
197 4838 90 24 poignet
301 4840 65 19 droit.
379 4841 30 20 Ce
420 4844 141 18 mouvement

53 4861 30 20 du
96 4862 66 20 chien
175 4864 39 18 eut
226 4868 55 18 pour
297 4864 151 24 conséquence
461 4865 28 20 de
505 4866 55 20 faire

53 4887 72 23 partir
139 4887 20 19 le
174 4892 57 18 coup
245 4888 28 20 de
288 4888 45 21 fou.

78 4911 30 20 Le
121 4911 138 24 braconnier,
270 4914 83 20 atteint
363 4914 14 20 à
390 4915 73 23 l'aine,
475 4915 36 20 fut
525 4916 37 20 tué

53 4938 39 16 «sur
104 4936 20 20 le
136 4941 63 19 coup.

80 4960 58 20 C'est
155 4965 32 16 un
202 4961 87 21 homme
307 4963 41 24 âgé
365 4964 27 20 de
408 4965 25 19 30
448 4964 14 20 à
475 4965 25 20 35
515 4970 47 17 ans.

54 4984 36 20 On
95 4986 47 19 -n'a
157 4986 77 19 trouvé
249 4992 86 17 aucune
359 4989 62 23 pièce
446 4990 116 20 d'identité

54 5008 56 21 dans
123 5014 35 16 ses
170 5011 89 23 poches.

79 5034 124 21 Dimanche
218 5037 78 21 matin,
310 5037 19 20 le
345 5038 95 24 Parquet
454 5039 28 20 de
497 5040 65 20 Mons

54 5057 51 21 s'est
118 5060 72 19 rendu
203 5059 14 20 à
234 5061 96 20 Casteau
347 5063 23 19 et
386 5069 13 15 a
414 5064 111 24 interrogé
542 5065 18 20 le

55 5083 65 21 garde
138 5084 121 22 Rousseau.

700 4128 154 27 TRAGEDIE
872 4128 108 27 EVITEE

606 4183 72 25 Liège,
695 4184 12 19 2
724 4184 94 22 janvier.
830 4195 28 4 —
873 4185 64 20 Dans
953 4186 23 20 la
991 4186 102 22 descente

581 4208 30 21 du
625 4209 163 22 Plan-Incîiné,
803 4209 14 20 à
831 4209 72 24 Liège,
918 4215 32 15 un
967 4215 44 20 peu
1025 4214 69 18 avant

581 4233 99 21 l'arrivée
697 4239 45 15 aux
759 4234 135 21 Guillemins
909 4235 54 20 d'un
978 4236 61 20 train
1055 4241 27 16 ve-

580 4260 58 19 nant
654 4259 28 19 de
695 4259 122 21 Bruxelles,
833 4264 45 17 une
895 4260 83 20 femme
991 4261 90 23 polonai-

580 4287 30 18 se,
625 4283 162 24 accompagnée
801 4284 28 20 de
841 4288 35 16 ses
888 4285 58 19 deux
958 4285 94 21 fillettes
1066 4287 27 20 de

580 4307 13 19 3
607 4307 23 20 et
644 4308 13 19 4
674 4312 48 20 ans,
739 4309 23 19 et
775 4309 27 20 de
819 4313 41 16 son
876 4309 55 20 bébé
945 4310 28 19 de
989 4311 105 24 quelques

580 4333 63 21 mois,
661 4332 65 21 tenta
741 4334 97 19 d'ouvrir
854 4334 23 19 la
892 4334 96 23 portière
1006 4335 27 21 de
1052 4341 41 15 son

580 4357 174 22 compartiment
775 4359 24 19 et
817 4358 27 20 de
866 4363 24 16 se
912 4359 59 23 jeter
987 4360 54 20 hors
1063 4361 30 20 du

580 4381 60 20 train
656 4386 53 16 avec
722 4387 35 15 ses
770 4383 56 19 trois
841 4383 100 20 enfants.

605 4406 104 20 D'autres
717 4411 122 19 voyageurs
849 4408 44 20 l'en
904 4408 159 24 empêchèrent
1073 4413 17 9 -*

580 4430 112 21 avisèrent
713 4431 21 22 le
755 4433 119 23 personnel
892 4433 27 20 de
942 4434 22 19 la
982 4439 54 19 gare
1054 4435 39 21 dès

579 4454 100 21 l'arrivée
695 4456 30 20 du
743 4458 85 19 convcl.

605 4479 32 19 La
656 4479 82 21 femme
758 4481 136 23 désespérée,
910 4483 126 22 interrogée

580 4502 23 21 la
620 4504 76 22 police,
715 4505 38 20 n'a
768 4510 41 18 pas
827 4506 68 21 voulu
914 4507 117 25 répondre.
1046 4509 47 20 E.le

581 4531 14 15 a
608 4527 35 21 été
655 4529 103 20 copduite
768 4535 30 15 au
811 4532 95 23 parquet
918 4538 53 15 ""«c
981 4538 41 16 son
1033 4533 60 22 bébé.

607 4552 41 20 Les
667 4553 58 20 deux
745 4554 93 21 fillettes
854 4557 40 19 ont
915 4557 36 20 été
970 4558 124 21 recueillies

582 4580 41 18 par
634 4581 43 16 une
691 4578 85 21 famille
788 4580 27 19 de
826 4580 23 20 la
860 4585 40 16 rue
912 4582 30 19 du
956 4583 63 24 Pery.

617 4639 39 27 UN
682 4640 144 29 INCENDIE
850 4644 18 26 A
891 4644 173 29 0RSINFANG

611 4704 74 24 Arlon.
699 4707 12 19 3
729 4708 93 23 janvier.
838 4720 26 5 —
880 4711 20 19 A
915 4712 181 23 Orsinfan^-lez-

586 4731 129 23 Marbenan,
725 4736 31 16 un
767 4738 65 17 grave
844 4735 102 21 incendie
956 4737 53 20 s'est
1020 4737 63 20 décla-

587 4756 23 15 re
626 4753 56 20 dans
699 4759 30 16 un
743 4757 93 24 ménage
851 4759 28 19 de
896 4760 55 19 trois
968 4765 127 17 personnes,

587 4778 100 20 cel.es-ci
697 4779 82 23 devant
789 4781 22 19 la
823 4783 95 23 rapidité
929 4784 24 21 et
965 4784 130 22 l'extension

588 4802 29 17 clu
628 4804 88 18 sinistre
730 4804 80 21 durent
822 4811 24 15 se
859 4811 81 16 sauver
953 4807 14 20 à
980 4810 66 21 pein-
1057 4810 27 20 vê-

588 4825 54 18 tues.
657 4826 19 19 II
689 4831 27 15 ne
731 4830 57 18 reste
802 4830 26 20 de
842 4831 142 21 l'habitation
999 4837 42 19 que
1056 4834 39 20 de-

589 4851 60 17 murs
659 4850 101 21 calcinés.

57 5147 27 22 *-e
95 5151 35 19 10e
142 5152 27 19 de
181 5152 59 23 ligne
251 5153 13 20 à
277 5153 68 20 Arlon

79 5196 28 20 ï£
127 5198 35 19 10e
180 5198 27 19 de
223 5198 58 23 ligne
301 5199 123 22 effectuera
441 5201 122 22 désormais

57 5221 24 17 Ba
93 5220 88 23 période
195 5222 27 20 de
234 5227 67 19 camp
314 5227 29 16 au
358 5224 81 24 champ
454 5226 27 20 de
494 5227 30 19 tir
536 5227 26 20 de

58 5242 101 25 Lagland.
169 5246 50 23 prés
230 5247 96 20 d'Arlon.
338 5248 63 21 Cette
413 5249 97 21 décision
519 5251 32 20 mi-

57 5267 115 23 nistérielle
183 5271 84 20 comble
279 5271 27 20 de
317 5271 43 22 joie
372 5272 31 19 les
414 5274 117 21 intéressés
540 5276 23 19 et

58 5292 84 21 surtout
165 5294 61 20 toute
253 5295 22 20 la
303 5295 130 24 population
446 5299 117 20 arlonaise.

59 5315 68 21 Avant
136 5318 21 19 la
168 5323 81 18 guerre.
260 5320 69 19 Arlon
338 5321 95 20 recevait
443 5322 44 20 bon
498 5328 52 15 nom-

60 5341 34 18 bre
112 5341 26 20 de
159 5342 119 23 régiments
294 5344 37 23 qui
352 5345 162 21 cantonnaient
534 5352 29 15 cn

61 5364 45 20 ville
114 5366 23 19 et
148 5366 57 22 dans
216 5367 31 20 les
258 5368 90 21 villages
359 5369 167 23 environnants,
538 5376 25 15 ce

60 5387 34 21 Qui
109 5389 92 22 donnait
220 5396 44 16 une
284 5392 125 21 animation
438 5395 112 21 extraordi-

61 5412 64 21 naire.

631 4903 45 35 EN
699 4904 192 43 QUELQUES
915 4909 129 35 LIGNES

586 5014 56 33 B-i__
791 5017 72 20 «Ixtlne.
884 5024 11 12 °
916 5021 29 16 été
965 5024 91 16 rouverte.
1076 5032 21 5 -

589 5070 85 34 m%™\
680 5073 11 11 a
692 5091 11 15 p
705 5092 8 11 r
710 5070 11 33 '.
724 5093 8 11 s
735 5090 4 15 ,
741 5091 10 15 d
745 5075 11 14 P
758 5076 19 12 ™
778 5077 9 12 c
789 5074 54 37 5;->*
838 5096 19 15 M
862 5078 109 17 ""'*"nce
989 5081 24 15 du
1033 5081 62 17 désar-

588 5105 11 16 h
613 5105 45 17 bord
672 5106 22 16 de
708 5108 11 15 I'
735 5113 10 12 .
757 5095 82 35 AtlKtlc
852 5106 18 26 ,'.
878 5096 219 40 ^■^_^°"*"qu«r«

704 5149 281 63 faIllIte

605 5327 182 18 J-se-c-mmlssnlre
805 5331 24 15 M.
847 5333 81 17 Contzen
952 5337 33 13 Cn.
991 5339 48 11 ...,,.
1068 5340 28 10 ...

585 5347 18 15 F.
617 5346 86 19 Levéquc.
718 5347 75 16 Clc-ture
807 5349 24 16 d»
845 5339 136 32 procS-verbal
995 5357 23 15 de
1032 5350 46 23 v'rlt

584 5366 73 37 î.r_
669 5364 141 38 ftjsrr
815 5368 194 42 jl-.-sï'ji
1023 5358 71 54 sri*

1119 3333 36 26 LE
1175 3334 84 27 COUP
1281 3335 39 26 DE
1339 3335 121 27 COUTEA
1463 3336 17 26 U
1505 3336 127 26 MORTEL

1144 3389 92 22 Anvers.
1246 3389 13 19 2
1272 3389 94 23 janvier.
1377 3400 27 5 —
1415 3391 31 19 Ce
1456 3392 73 20 matin
1542 3397 14 15 a
1568 3397 50 16 com-

1118 3417 57 19 paru
1190 3414 85 20 devant
1292 3415 31 20 M.
1340 3415 76 21 Eyben
1436 3416 52 23 juge
1503 3417 89 24 unique,
1607 3420 23 18 la

1118 3438 102 20 tailleuse
1236 3439 104 23 Caroline
1353 3440 99 24 Delooze.
1468 3441 24 20 33
1509 3446 48 18 ans.
1569 3442 60 21 mère

1118 3462 27 20 de
1163 3463 58 19 deux
1238 3463 99 23 enfants,
1355 3464 111 23 prévenue
1481 3466 29 20 de
1524 3472 69 18 coups
1608 3469 21 18 ct

1119 3486 109 21 blessures
1242 3488 92 20 mortels
1350 3489 15 20 à.
1382 3493 42 16 son
1439 3491 52 20 ami.
1504 3492 59 19 Jean
1580 3492 49 21 Van

1119 3511 107 24 Péborgh.
1243 3517 53 15 avec
1311 3514 38 23 qui
1366 3514 42 21 elle
1422 3515 104 24 habitait,
1540 3517 89 20 Longue

1118 3540 40 16 rue
1172 3537 28 21 de
1215 3537 107 20 Tournai.

1143 3561 34 21 De
1196 3562 123 20 nombreux
1335 3562 97 21 témoins
1446 3565 52 20 sont
1513 3566 115 21 entendus

1118 3585 20 19 n
1155 3587 83 19 ressort
1258 3587 28 19 de
1303 3588 60 21 leurs
1382 3588 151 22 déclarations
1550 3595 42 19 que
1609 3592 20 20 la

1118 3610 89 20 victime
1225 3611 63 20 avait
1305 3612 51 21 nlus
1373 3613 66 20 d'une
1457 3614 44 20 fois
1517 3616 113 20 maltraité

1118 3639 42 16 son
1171 3635 66 22 amie,
1247 3636 58 22 mais
1317 3641 48 19 que,
1378 3638 87 20 d'autre
1475 3640 59 22 part,
1544 3640 24 20 la
1580 3641 39 23 pré-

1118 3664 71 15 venue
1206 3661 85 19 n'avait
1311 3666 41 18 pas
1368 3666 45 16 une
1431 3664 104 22 conduite
1555 3670 63 15 exem-

1118 3684 77 23 plaire.
1211 3685 33 19 La
1260 3685 126 22 déposition
1402 3688 66 19 d'une
1485 3689 39 20 des
1539 3690 93 20 enfants

1118 3709 28 22 de
1157 3709 22 20 la
1194 3709 111 24 prévenue
1318 3711 35 20 est
1364 3711 46 20 fort
1422 3713 95 20 pénible.

1144 3734 31 19 M.
1194 3734 139 26 Verheugen.
1355 3736 116 21 ministère
1491 3739 80 23 public,
1592 3740 27 20 dé-

1119 3758 59 20 clare
1190 3759 52 23 qu'il
1255 3764 29 17 ne
1296 3760 53 20 veut
1359 3765 41 19 pas
1411 3762 106 23 exagérer
1528 3764 32 20 les
1571 3765 60 21 faits,

1119 3782 58 20 mais
1192 3784 52 22 qu'il
1262 3784 60 20 t_snt
1341 3784 15 20 à
1371 3786 94 20 dissiper
1482 3788 23 19 la
1520 3788 110 21 tendance

1118 3808 76 20 qu'ont
1208 3813 41 16 eue
1260 3808 32 20 les
1305 3809 96 21 témoins
1408 3810 14 20 à
1428 3811 110 25 décharge
1545 3813 28 20 de
1579 3814 40 20 pré-

1119 3833 76 19 senter
1211 3832 23 20 la
1251 3833 111 24 prévenue
1376 3839 86 16 comme
1478 3841 44 16 une
1536 3838 96 21 victime.

1144 3857 35 19 M'
1193 3858 71 22 Oyen,
1276 3858 126 24 défenseur,
1414 3860 109 24 s'attache
1537 3862 15 20 â
1564 3867 56 19 prou-

1119 3885 40 16 ver
1172 3886 41 19 que
1230 3882 20 20 le
1264 3887 57 20 coup
1334 3884 59 20 fatal
1409 3890 15 15 a
1436 3885 35 20 été
1485 3886 145 23 directement

1121 3907 110 23 provoqué
1241 3911 43 19 par
1295 3907 33 22 les
1341 3909 111 22 violences
1462 3910 28 20 de
1504 3911 22 20 la
1537 3912 94 21 victime.

1145 3931 30 19 Le
1188 3931 98 20 tribunal
1300 3933 76 20 admet
1387 3935 93 22 l'excuse
1490 3936 23 19 et
1525 3937 96 21 condam-

1120 3958 28 18 ne
1159 3955 22 20 la
1194 3956 84 22 femme
1292 3956 14 20 à
1319 3958 56 19 neuf
1386 3959 57 20 mois
1456 3960 175 24 d'emprisomv--

1120 3980 70 19 ment.

1145 4004 35 20 En
1197 4005 70 22 outre.
1287 4006 104 21 Caroline
1409 4008 35 20 est
1464 4010 138 22 condamnée
1618 4017 14 15 a

1121 4028 51 21 huit
1184 4029 62 22 jours
1259 4031 29 19 de
1299 4032 77 22 prison
1387 4033 23 20 et
1424 4034 36 19 182
1473 4035 28 19 fr.
1515 4035 117 22 d'amende

1121 4052 31 20 du
1166 4053 52 20 chef
1231 4055 28 19 de
1275 4056 36 19 vol
1324 4056 54 21 d'un
1392 4058 54 23 pain
1461 4059 95 23 d'épices
1579 4061 53 21 d'un

1122 4077 100 23 couteau,
1236 4079 67 20 d'une
1319 4080 75 22 brosse
1410 4083 23 20 et
1449 4083 67 20 d'une
1529 4084 60 23 boite
1605 4086 27 20 de

1122 4104 72 20 cirage
1214 4108 29 15 au
1262 4104 113 23 préjudice
1395 4107 53 20 d'un
1465 4109 72 23 grand
1553 4114 78 16 maea-

1121 4128 36 17 sin
1168 4130 27 15 ae
1209 4127 23 21 la
1243 4128 62 22 place
1318 4131 72 20 Verte.

1639 274 132 49 UNE
1824 273 333 58 QUERELLE

1735 342 332 58 TRAGIQUE

1639 434 98 39 APRÈS
1758 441 43 30 UN
1820 440 94 32 DINER
1934 442 40 30 DE
1990 436 169 36 RÉVEILLON

1658 513 36 30 LE
1713 511 182 31 MEURTRIER
1911 510 233 33 INVOLONTAIRE

1735 558 56 35 QUI
1811 558 98 31 AVAIT
1929 558 135 31 DISPARU

1660 605 80 31 S'EST
1763 599 173 35 CONSTITUÉ
1958 601 186 32 PRISONNIER

1740 668 42 22 (De
1797 665 65 20 notre
1874 665 192 24 correspondant.)

1669 700 70 21 Paris.
1758 699 12 18 2
1785 697 95 24 janvier.
1896 707 27 4 —
1938 698 54 19 (Par
2011 697 28 22 fil
2057 694 99 26 spécial.)

1644 736 26 4 —
1684 726 30 19 Le
1728 723 97 21 courtier
1841 726 30 17 en
1886 722 77 23 bijoux
1978 722 71 19 Bosco
2062 725 29 15 ne
2107 720 52 19 s'est

1643 755 42 19 pas
1697 753 80 17 encore
1810 747 112 20 constitué
1952 746 133 25 prisonnier.
2101 745 59 19 Sans

1645 775 74 21 doute,
1738 771 71 23 affolé
1839 771 16 20 à
1879 771 65 21 l'idée
1959 772 53 24 qu'il
2029 776 15 15 a
2062 770 39 20 tué
2119 774 42 15 son

1644 800 53 21 ami,
1703 799 31 20 M.
1741 797 97 24 Quirico,
1845 797 89 19 n'a-t-il
1948 801 32 19 pu
1994 800 80 18 encore
2088 799 23 17 se
2123 794 25 20 ré-

1645 824 82 23 soudre
1739 823 15 20 à
1766 827 24 17 se
1801 822 108 20 remettre
1923 826 46 15 aux
1995 821 75 20 mains
2083 820 29 20 de
2138 819 24 20 la

1644 850 78 24 police.

1657 882 37 19 On
1701 880 45 20 sait
1761 883 42 19 que
1817 878 33 20 les
1856 877 59 20 deux
1929 877 109 24 hommes,
2053 881 30 16 au
2095 880 66 16 cours

1646 906 31 20 du
1694 904 107 21 réveillon
1816 903 58 19 dans
1890 907 33 16 un
1938 902 73 25 grand
2025 901 136 21 restaurant,

1646 935 24 16 se
1682 930 89 24 prirent
1783 928 28 22 de
1825 927 97 24 querelle
1935 928 23 20 et
1969 932 30 16 en
2013 927 91 20 vinrent
2117 928 44 18 aux

1646 956 82 19 mains.

1672 985 66 20 Serré
1755 983 125 21 fortement
1889 982 24 21 -à
1925 983 24 21 la
1968 987 66 20 gorge
2063 987 43 19 par
2121 986 41 15 son

1646 1010 53 23 ami,
1712 1010 32 20 M.
1757 1008 92 24 Quirico
1862 1008 42 24 put
1914 1012 110 20 regagner
2036 1012 42 15 son
2089 1006 61 21 domi-

1646 1035 51 22 cile;
1713 1034 59 22 mais
1785 1033 17 20 il
1817 1037 15 19 y
1861 1033 139 20 succombait
2029 1037 45 20 peu
2090 1031 70 25 après,

1646 1064 55 15 sans
1713 1060 75 20 doute,
1800 1058 40 20 des
1855 1058 71 20 suites
1943 1058 66 20 d'une
2025 1057 100 20 fracture
2132 1056 30 19 du

1646 1085 90 23 larynx;
1751 1083 59 20 mais
1828 1087 25 16 ce
1872 1087 42 19 que
1933 1083 46 21 l'on
1996 1082 105 24 ignorait,
2118 1080 32 21 c'é-

1647 1111 73 20 taient
1738 1112 32 19 les
1785 1108 60 20 vrais
1859 1108 78 20 motifs
1951 1109 28 19 de
1993 1107 23 20 la
2032 1107 130 20 discussion.

1673 1136 31 19 Ce
1716 1134 80 20 matin.
1810 1133 54 19 Mlle
1877 1132 124 22 Bertholet,
2016 1132 59 21 amie
2090 1131 28 20 de
2132 1131 31 19 M.

1647 1162 77 20 Bosco,
1737 1164 15 15 a
1763 1159 44 19 fait
1819 1162 30 15 au
1859 1157 53 24 juge
1924 1157 25 20 la
1962 1156 140 21 déclaration
2115 1156 36 19 sui-

1647 1185 68 20 vante
1742 1188 6 15 :
1768 1190 9 11 ■
1786 1183 55 20 Mon
1857 1182 53 22 ami,
1923 1182 96 22 dit-elle,
2051 1182 71 20 avant
2136 1180 27 20 de

1648 1210 63 20 venir
1733 1213 30 16 au
1782 1208 137 22 restaurant,
1932 1207 57 20 était
2007 1206 66 25 passé
2090 1206 15 19 à
2122 1210 42 15 son

1647 1235 72 20 cercle
1732 1234 23 20 et
1768 1233 62 20 avait
1844 1232 72 24 perdu
1930 1232 51 20 tout
1995 1236 41 17 son
2052 1231 87 23 argent.

1673 1266 21 19 Il
1706 1269 58 16 nous
1782 1264 21 21 le
1818 1263 95 20 raconta
1927 1267 30 16 en
1972 1262 109 23 arrivant,
2094 1261 23 20 et
2132 1261 32 19 M.

1648 1290 92 23 Quirico
1753 1293 24 16 se
1791 1292 84 19 moqua
1886 1288 28 19 de
1928 1288 39 21 lui.
1981 1288 19 19 A
2011 1292 32 15 un
2056 1286 108 21 moment,

1649 1316 32 19 les
1693 1314 122 20 musiciens
1828 1313 72 20 firent
1910 1312 25 21 la
1946 1312 66 24 quête
2024 1312 24 20 et
2063 1312 31 20 M.
2108 1310 44 23 Qui-

1648 1340 53 22 rico,
1717 1343 57 19 pour
1793 1338 131 24 plaisanter,
1937 1337 48 24 jeta
2003 1342 40 15 sur
2062 1336 23 20 la
2104 1335 60 20 table

1649 1369 31 15 un
1693 1364 64 20 billet
1769 1363 28 20 de
1809 1363 62 19 mille
1884 1363 78 19 francs
1972 1361 85 21 devant
2066 1361 31 20 M.
2108 1361 44 19 Bos-

1649 1394 33 15 co.
1695 1388 97 21 Celui-ci
1803 1387 37 20 fut
1852 1386 47 21 très
1909 1386 94 21 humilié
2015 1391 42 19 par
2068 1390 26 16 cc
2105 1385 61 23 geste

1649 1414 105 20 d'autant
1767 1413 51 23 plus
1831 1416 42 19 que
1886 1413 32 20 M.
1934 1412 92 23 Quirico
2040 1411 33 20 lui
2090 1410 76 20 devait

1648 1443 45 15 une
1709 1442 62 16 assez
1789 1437 60 20 forte
1867 1441 92 16 somme.
1977 1436 61 21 C'est
2057 1441 24 15 ce
2097 1435 67 20 motif

1649 1463 67 20 futile
1736 1462 38 24 qui
1787 1462 35 20 est
1840 1461 15 20 à
1875 1462 101 23 l'origine
1993 1461 29 20 de
2037 1461 24 20 la
2078 1460 75 20 discus-

1648 1488 51 20 sion
1712 1488 38 24 qui
1766 1487 137 20 s'envenima
1918 1486 14 20 à
1948 1491 31 15 un
1994 1486 33 20 tel
2039 1485 71 25 point,
2123 1489 41 19 que

1648 1513 33 20 les
1694 1513 59 20 deux
1767 1512 104 20 hommes
1885 1516 23 15 se
1927 1512 88 23 prirent
2044 1515 30 16 au
2092 1510 72 20 collet.

1650 1539 31 18 M.
1694 1538 77 21 Bosco,
1785 1536 101 24 emporté
1899 1541 42 19 par
1957 1536 23 20 la
2009 1535 80 22 colère,
2104 1539 16 16 a
2135 1533 30 21 dû

1649 1567 72 15 serrer
1734 1563 51 22 trop
1800 1561 55 23 fort;
1868 1562 65 21 mais,
1940 1560 85 25 quand,'
2035 1565 39 16 sur
2088 1565 25 15 sa
2125 1560 28 19 de-

1650 1587 89 23 mande,
1753 1586 66 24 après
1830 1586 62 20 avoir
1903 1586 37 20 été
1950 1586 96 24 prendre
2059 1586 40 20 des
2108 1588 46 16 nou-

1650 1612 68 20 velles
1749 1612 28 19 de
1795 1612 32 19 M.
1840 1611 97 23 Quirico,
1951 1611 22 23 je
1987 1610 33 20 lui
2037 1610 24 20 ai
2090 1609 76 24 appris

1650 1637 52 24 qu'il
1730 1636 62 21 avait
1822 1635 123 23 succombé,
1973 1636 17 19 il
2007 1635 53 21 s'est
2076 1633 89 22 montré

1651 1661 174 25 complètement
1838 1660 137 25 désemparé.

1720 1698 96 21 BOSCO
1839 1697 75 20 S'EST
1933 1696 165 22 CONSTITUE

1819 1728 180 20 PRISONNIER

1676 1760 70 22 Paris,
1765 1760 13 19 2
1794 1759 95 23 janvier.
1906 1769 27 5 —
1953 1759 54 20 (Par
2027 1758 136 24 téléphone.)

1650 1796 27 4 —
1693 1785 65 20 Ainsi
1772 1785 66 23 qu'on
1857 1784 20 20 le
1895 1783 122 25 prévoyait,
2031 1784 21 19 le
2069 1783 98 20 courtier

1650 1815 29 15 en
1694 1810 83 23 bijoux,
1789 1809 99 20 l'Italien
1902 1809 78 24 Bosco,
1994 1809 53 19 s'est
2062 1807 104 25 présenté

1651 1835 86 20 samedi
1755 1834 134 24 après-midi
1907 1833 15 21 à
1938 1833 23 21 la
1979 1834 72 24 police
2069 1837 57 20 pour
2143 1837 24 15 se

1651 1860 125 20 constituer
1789 1858 133 25 prisonnier.

1675 1890 51 21 Une
1741 1889 140 21 déclaration
1894 1889 28 20 de
1937 1894 27 16 sa
1975 1888 124 22 maltresse,
2112 1888 55 20 Mlle

1651 1915 132 22 Berthollet,
1801 1915 79 19 faisait
1897 1915 30 20 du
1945 1914 59 20 reste
2021 1913 89 25 prévoir
2131 1913 35 20 cet

1651 1940 101 24 épilogue
1770 1944 31 16 au
1818 1939 78 20 drame
1911 1939 39 22 qui
1967 1940 53 22 s'est
2037 1938 91 23 produit
2144 1938 22 20 la

1651 1966 51 20 nuit
1713 1966 31 19 du
1756 1964 114 23 réveillon,
1881 1965 58 19 dans
1952 1969 32 15 un
1998 1963 168 21 établissement

1651 1990 28 22 de
1690 1991 52 19 nuit
1754 1990 28 21 de
1792 1990 101 21 l'avenue
1906 1990 40 21 des
1959 1987 202 26 Champs-Elysées

1676 2022 33 19 M.
1722 2022 25 19 E.
1762 2021 72 20 Bosco
1846 2026 15 15 a
1875 2020 37 20 été
1926 2020 94 20 conduit
2036 2019 84 21 devant
2135 2023 31 16 un

1651 2046 53 23 juge
1735 2045 157 20 d'instruction
1925 2045 95 20 commis
2049 2045 117 23 d'urgence

1652 2076 56 19 pour
1722 2071 56 20 tirer
1790 2070 60 20 cette
1866 2070 83 20 affaire
1966 2075 31 15 au
2013 2070 62 20 clair.

1677 2102 30 20 Le
1724 2102 121 19 meurtrier
1865 2107 15 15 a
1899 2102 45 22 fait
1961 2102 40 19 des
2016 2100 152 21 déclarations

1652 2128 38 23 qui
1703 2127 145 20 corroborent
1861 2126 66 20 celles
1939 2126 27 20 de
1979 2131 26 15 sa
2018 2126 124 23 maîtresse.

1678 2158 75 23 Ayant
1776 2158 71 23 perdu
1870 2162 31 16 au
1923 2157 44 23 jeu.
1987 2157 16 20 11
2023 2157 86 20 n'avait
2127 2161 40 20 pas

1652 2183 109 24 d'argent,
1773 2183 21 19 le
1808 2182 46 20 soir
1869 2182 31 20 du
1911 2181 115 22 réveillon.

1677 2215 36 19 Au
1734 2218 65 16 cours
1820 2214 31 19 du
1872 2218 68 19 repas
1957 2213 53 23 qu'il
2030 2213 90 22 prenait
2139 2217 28 15 en

1653 2239 132 24 compagnie
1800 2239 28 19 de
1844 2243 26 15 sa
1885 2238 124 22 maîtresse,
2024 2238 27 20 de
2066 2242 42 15 son
2122 2238 45 19 ami

1654 2265 95 23 Quirino
1770 2264 23 22 et
1812 2263 29 20 de
1857 2268 27 15 sa
1900 2263 55 23 fille,
1972 2264 17 19 il
2005 2263 91 21 déclara
2116 2262 52 24 qu'il

1653 2290 57 20 était
1724 2289 14 20 à
1751 2293 43 19 peu
1807 2287 52 24 près
1873 2293 54 15 sans
1941 2293 32 15 un
1988 2292 47 16 sou.

1679 2322 20 20 Il
1709 2320 94 24 rappela
1813 2319 15 20 à
1835 2324 42 17 son
1887 2319 46 21 ami
1942 2319 96 23 Quirino
2046 2319 53 22 qu'il
2108 2319 61 20 avait

1653 2346 57 20 omis
1725 2346 28 19 de
1770 2345 32 20 lui
1820 2344 141 20 rembourser
1978 2343 112 21 certaines
2107 2348 49 15 som-

1653 2376 48 16 mes
1716 2370 108 22 d'argent,
1840 2369 88 24 prêtées
1943 2369 188 21 précédemment,
2146 2368 22 20 et

1654 2396 52 23 qu'il
1731 2394 97 24 espérait
1852 2394 52 20 bien
1926 2395 66 23 qu'au
1993 2393 113 25 jourd.'hui
2127 2398 42 15 son

1654 2421 47 20 ami
1712 2419 21 21 le
1744 2419 89 20 tirerait
1842 2419 143 20 d'embarras.

1680 2452 35 19 En
1725 2450 85 21 réalité.
1823 2451 71 19 Bosco
1906 2450 63 21 avait
1982 2449 37 21 été
2031 2450 43 20 mis
2085 2449 27 21 de
2123 2449 47 20 fort

1654 2476 115 20 mauvaise
1790 2475 97 20 humeur
1908 2479 43 20 par
1970 2475 33 20 les
2023 2475 75 24 pertes
2117 2474 52 24 qu'il

1655 2501 61 20 avait
1733 2501 69 21 faites
1821 2505 30 16 au
1871 2500 71 20 cercle
1960 2500 53 22 qu'il
2030 2499 140 24 fréquentait

1654 2530 29 16 en
1697 2525 72 21 même
1784 2528 74 21 temps
1872 2530 42 18 que
1928 2524 103 24 Quirino.

1679 2557 21 20 Il
1716 2561 16 19 y
1748 2556 45 22 eut.
1813 2561 30 16 au
1862 2561 65 15 cours
1943 2556 28 22 de
1987 2555 24 20 la
2029 2555 77 23 soirée,
2124 2559 45 16 une

1655 2581 64 25 quête
1733 2581 111 21 effectuée
1858 2586 43 20 par
1913 2581 34 20 les
1963 2581 128 20 musiciens.
2108 2581 19 19 A
2144 2585 26 15 ce

1655 2607 107 20 moment,
1773 2611 86 15 comme
1870 2610 57 19 pour
1938 2610 24 15 se
1971 2610 92 19 moquer
2073 2606 27 20 de
2111 2605 58 19 l'im-

1654 2631 138 20 oéeuniosité
1813 2631 28 20 de
1859 2635 42 16 son
1920 2635 142 17 compaimon
2083 2630 28 20 de
2132 2630 25 20 ta-

1655 2656 41 22 ble,
1712 2656 95 22 Quirino
1820 2656 33 20 lui
1867 2657 67 21 lança
1946 2660 32 15 un
1994 2655 63 20 billet
2071 2655 28 20 de
2113 2655 56 22 1,000

1655 2681 83 22 francs,
1754 2681 62 20 roulé
1831 2685 30 15 en
1877 2680 71 22 boule,
1966 2685 28 15 en
2012 2679 105 22 s'écriant
2136 2684 5 15 :

1679 2722 27 5 —
1720 2712 92 19 Prends.
1828 2712 36 19 Tu
1878 2716 29 15 ns
1921 2716 63 15 seras
1999 2715 42 20 pas
2055 2711 114 20 poursuivi

1655 2741 56 20 pour
1724 2736 159 24 vagabondage
1885 2739 8 16 î

1680 2768 65 20 Cette
1761 2768 70 21 ironie
1845 2767 74 21 blessa
1934 2767 146 21 cruellement
2092 2767 77 20 Bosco.

1679 2799 21 19 Il
1718 2798 75 23 quitta
1808 2798 23 20 la
1845 2798 56 21 salle
1920 2798 24 20 et
1961 2798 113 20 demanda
2094 2797 14 20 à
2128 2802 41 16 son

1656 2824 46 19 ami
1718 2824 28 20 de
1763 2824 65 20 venir
1842 2823 32 20 lui
1889 2823 96 21 fournir,
1998 2827 40 15 sur
2055 2827 42 15 son
2114 2823 43 20 atti-

1654 2848 55 20 tude
1726 2848 53 23 qu'il
1795 2847 86 27 jugeait
1898 2848 160 22 inadmissible,
2073 2847 40 20 des
2129 2852 28 15 ex-

1654 2873 121 23 plications
1788 2878 30 15 en
1831 2873 82 20 dehors
1929 2873 31 20 du
1975 2872 71 21 cercle
2063 2872 40 20 des
2116 2877 53 16 sou-

1655 2902 73 20 peurs.
1829 2897 28 21 ..'.-

1680 2929 60 19 C'est
1751 2929 62 19 alors
1825 2921 52 31 qu'il
1891 2928 34 20 lut
1937 2928 75 20 aurait
2025 2927 92 24 rappelé
2129 2933 41 15 son

1656 2954 61 24 geste
1729 2954 107 19 inamical
1848 2955 24 19 et
1882 2953 53 23 qu'il
1945 2953 76 22 aurait
2033 2953 61 20 aussi
2105 2952 53 23 ajou-

1655 2978 23 20 té
1691 2983 43 19 que
1748 2978 76 20 c'était
1835 2979 31 18 M.
1877 2978 97 21 Quirino
1985 2978 38 24 qui
2036 2977 57 21 était
2106 2977 51 20 débi-

1655 3002 51 21 teur
1719 3003 24 20 et
1754 3007 47 16 non
1812 3007 42 19 pas
1867 3003 39 20 lui.

1681 3034 31 20 M.
1725 3034 96 22 Quirino
1832 3034 33 20 lui
1877 3035 72 19 aur**-"
1963 3040 16 7 •-*
1978 3034 8 13 i;
1987 3034 77 20 *-^*>ndu
2077 3033 51 24 -.u'il
2141 3038 29 16 ne

1655 3058 33 20 lui
1703 3059 76 19 devait
1792 3059 57 21 rien.

1681 3090 60 20 C'est
1755 3090 61 23 cette
1833 3089 140 21 déclaration
1990 3089 39 24 qui
2044 3089 29 21 fit
2088 3089 83 21 éclater

1656 3114 23 20 la
1697 3114 72 21 colère
1786 3116 31 19 du
1836 3115 97 20 courtier
1948 3119 30 16 en
1996 3114 84 24 bijoux.

1681 3146 20 21 Il
1714 3146 96 24 prétend
1825 3146 52 23 qu'il
1891 3147 37 22 n'y
1943 3146 76 20 aurait
2032 3150 41 19 pas
2085 3150 28 15 eu
2128 3145 30 20 ba-

1656 3171 62 20 taille
1731 3171 23 20 et
1764 3170 53 24 qu'il
1826 3175 29 16 ne
1867 3171 66 23 porta
1943 3172 68 22 qu'un
2023 3170 80 24 simple
2114 3175 58 18 coup

1655 3195 29 21 rie
1706 3196 69 23 noing
1798 3195 15 20 à
1831 3200 42 16 son
1892 3196 128 21 adversaire
2043 3195 38 23 qui
2101 3195 70 20 serait

1656 3220 81 21 tombé.

1683 3259 9 9 «
1707 3252 28 20 Je
1745 3251 47 21 suis
1803 3250 61 25 parti
1877 3250 103 21 aussitôt.
1992 3250 79 20 J'étais
2084 3250 48 21 loin
2143 3250 28 20 de

1656 3281 36 15 me
1711 3276 81 21 douter
1814 3280 42 20 que
1878 3275 79 24 j'avais
1975 3275 65 24 porté
2062 3280 33 15 un
2114 3280 57 19 coup

1656 3301 88 20 mortel.
1758 3309 9 9 »

1681 3332 31 20 Le
1732 3332 53 23 juge
1803 3331 158 22 d'instruction
1981 3331 79 20 estime
2078 3331 81 20 Insuffi-

1655 3357 114 19 samment
1790 3356 80 21 claires
1891 3356 113 20 certaines
2021 3356 151 20 déclarations

1656 3381 28 20 de
1698 3382 78 19 Bosco.
1791 3381 86 20 Tandis
1895 3381 52 23 qu'il
1964 3381 125 23 l'inculpait
2107 3380 52 20 d'ho-

1655 3406 81 20 micide
1760 3406 156 22 involontaire,
1938 3405 17 20 il
1978 3405 141 20 commettait*
2143 3409 33 15 un

1657 3431 103 21 médecin
1771 3432 38 23 qui
1819 3435 57 16 aura
1886 3430 15 20 à
1911 3431 81 20 établir
2002 3432 20 19 si
2032 3430 95 23 Quirino
2138 3430 35 20 est

1657 3457 60 19 mort
1730 3456 54 20 d'un
1799 3461 58 19 coup
1871 3456 28 19 de
1915 3456 70 24 poing
1996 3460 30 15 ou
2041 3456 35 19 s'il
2090 3460 15 15 a
2119 3459 40 16 suc-

1656 3480 78 21 combé
1750 3485 43 20 par
1806 3480 174 24 strangulation.

1682 3512 37 20 On
1730 3512 46 20 sait
1787 3516 42 19 que
1840 3511 21 20 le
1872 3511 103 20 médecin
1987 3511 38 24 qui
2035 3516 15 15 a
2061 3510 77 24 soigné
2149 3511 22 20 îa

1656 3536 90 21 victime
1767 3542 15 16 a
1798 3536 103 21 constaté
1918 3540 45 16 une
1978 3536 94 23 rupture
2089 3536 31 20 du
2137 3536 22 20 la-

1656 3565 64 19 rynx.

2182 273 86 46 EN
2307 273 394 48 REVENANT

2287 341 149 48 D'UN
2471 341 122 48 BAL

2238 439 62 30 UNE
2319 438 88 31 AUTO
2427 439 35 30 SE
2481 439 160 32 RENVERSE

2181 484 38 31 ET
2235 484 208 36 S'ENFLAMME,
2459 484 245 32 EMPRISONNANT

2265 530 51 30 SES
2336 530 83 30 DEUX
2439 529 186 31 OCCUPANTS

2213 595 40 30 LA
2273 594 98 31 JEUNE
2390 594 85 30 FILLE
2493 593 55 31 EST
2568 593 111 31 MORTE

1253 4190 83 34 DÉLAI
1354 4193 145 34 PROROGÉ

1145 4256 83 23 Berlin.
1243 4257 12 19 2
1269 4257 92 24 janvier.
1377 4271 27 5 —
1418 4262 30 20 Le
1464 4263 59 21 délai
1539 4264 27 20 de
1582 4270 41 16 sou-

1119 4283 107 22 scription
1247 4287 15 15 a
1283 4283 119 24 l'emprunt
1422 4289 90 19 exempt
1530 4290 104 24 d'impôts

1119 4308 56 18 émis
1188 4312 42 18 par
1246 4307 22 20 la
1284 4308 86 22 Société
1385 4311 39 19 des
1438 4313 101 21 chemins
1555 4315 28 20 de
1598 4316 35 20 fer

1119 4331 117 24 d'Empire,
1253 4333 38 23 qui
1308 4335 77 19 venait
1402 4336 14 19 à
1430 4338 126 22 expiration
1572 4341 21 19 le
1608 4341 23 19 31

1118 4356 122 24 décembre,
1260 4363 15 14 a
1294 4357 35 21 été
1349 4359 104 25 prolongé
1473 4363 103 24 jusqu'au
1597 4366 36 19 ler

1119 4382 87 20 février.
1220 4393 27 4 —
1261 4383 76 23 Belga.

1141 4453 139 38 MARCH
1279 4447 44 44 ÉS
1346 4455 48 36 DE
1417 4456 46 36 BE
1465 4458 135 41 LGIQUE

1139 4526 30 15 BA
1171 4526 51 15 LES*-
1224 4526 15 15 N
1241 4526 65 18 ETHE,
1317 4526 10 16 3
1338 4526 79 19 Janvier.
1428 4535 22 4 —
1460 4528 74 18 Buerre.
1547 4531 50 16 15-16
1604 4532 26 15 50*

1118 4545 54 18 eufs,
1190 4545 91 16 0.60-0.30.

1139 4571 123 17 ST-TROND.
1276 4571 10 15 2
1298 4571 79 19 Janvier.
1389 4579 23 4 —
1423 4572 93 18 Froment.
1529 4574 28 17 85;
1572 4576 56 18 seigle

1118 4590 58 16 80-83:
1193 4594 49 15 orge,
1257 4591 28 17 90;
1302 4591 72 17 avoine,
1387 4591 28 18 95;
1429 4591 95 20 féveroles,
1540 4595 37 16 200:
1594 4592 40 22 son!

1119 4610 27 16 78;
1163 4614 82 15 pommes
1258 4611 23 15 de
1294 4611 56 18 terre,
1363 4612 28 16 40;
1406 4612 40 15 loin
1466 4613 38 17 350;
1518 4615 56 17 pallie
1594 4617 40 15 235-

1119 4630 37 17 240;
1172 4630 72 18 beurre.
1258 4631 59 15 20-22:
1330 4631 55 17 œufs.
1398 4631 44 16 0.70.
1448 4627 64 22 'Mises
1523 4637 24 13 en
1558 4637 55 14 vent'*
1629 4642 5 4 ■

1119 4650 62 17 bétail,
1196 4650 36 17 187;
1248 4654 53 15 porcs
1313 4654 43 15 gras
1369 4651 19 15 et
1400 4652 65 16 truies.
1478 4653 37 17 105;
1529 4656 99 16 nourrains

1119 4669 37 16 396:
1171 4670 81 16 cochons
1266 4670 22 16 de
1303 4670 41 17 lait.
1360 4671 47 15 1255:
1422 4672 68 18 poules.
1502 4674 39 17 497;
1557 4675 72 18 poulets

1119 4690 37 15 405:
1170 4690 81 18 pigeons,
1261 4690 38 18 525;
1312 4690 81 17 canards
1404 4692 19 14 et
1433 4692 44 17 oies,
1487 4692 28 17 95;
1527 4693 61 20 lapins
1598 4691 37 20 615!

1140 4716 110 16 TOURNAI.
1262 4716 10 15 2
1283 4716 80 18 Janvier.
1375 4724 22 4 —
1409 4717 84 16 Pommes
1503 4719 22 15 de
1538 4720 56 18 terre,
1606 4722 29 15 60-

1120 4735 27 17 65;
1162 4735 66 16 beurre
1241 4735 53 18 frais.
1307 4736 59 17 21-23;
1380 4736 53 17 *e.uïs.
1448 4737 105 17 17.50-18.50
1566 4739 27 16 les
1606 4741 28 16 26"

1119 4755 69 18 poules.
1203 4755 57 16 19-21;
1274 4755 79 21 poulets,
1364 4755 57 16 18-28:
1434 4756 67 19 lapins,
1513 4758 17 15 le
1543 4758 35 19 kg.,
1589 4760 10 15 8
1607 4761 26 15 50-

1119 4775 45 18 8.70;
1181 4775 82 19 pigeons.
1280 4776 58 15 11-12;
1355 4776 91 19 porcelets
1462 4778 82 18 exposés,
1559 4779 16 17 9.
1591 4783 35 13 ven-

1119 4795 40 17 dus,
1173 4796 17 16 4.
1205 4795 79 18 170-190;
1299 4795 83 17 chevaux
1396 4796 81 19 exposés,
1494 4798 27 17 10;
1535 4799 70 17 vendus
1619 4801 10 15 3

1118 4815 99 17 3200-3700.

1142 4840 119 18 VERVIERS.
1275 4841 11 15 2
1300 4840 101 17 décembre.
1415 4849 23 4 —
1451 4842 69 16 Beurre
1534 4843 23 16 de
1572 4844 57 17 ferme

1122 4859 26 18 19;
1166 4860 24 16 ld.
1207 4860 23 16 de
1245 4860 94 18 crémerie,
1357 4861 55 17 21.50;
1429 4861 54 18 œufs,
1500 4862 28 17 20;
1547 4858 88 25 fromage!

1121 4878 37 19 3-4;
1173 4879 65 18 sirops,
1252 4880 39 17 4-6;
1306 4880 68 16 viande
1388 4880 11 16 â
1414 4881 48 15 rôtir
1476 4885 45 12 sans
1536 4885 25 14 os.
1578 4884 47 15 12-1"

1122 4898 23 16 id.
1163 4898 12 16 à
1192 4898 48 17 rôtir
1256 4902 45 13 avec
1318 4903 26 14 os.
1362 4900 48 17 8-10;
1429 4900 24 16 id.
1470 4900 12 16 à
1500 4901 79 19 bouillir,
1597 4904 37 15 6-3-

1121 4920 46 13 veau
1183 4921 45 12 sans
1244 4921 27 15 os,
1289 4919 57 18 16-24;
1365 4919 24 16 ld.
1407 4923 44 12 avec
1468 4923 26 15 os,
1513 4921 58 17 10-17;
1589 4916 46 23 lard'

1121 4937 36 17 7-8;
1171 4937 70 17 graisse
1254 4938 69 16 fondue
1338 4941 4 12 :
1357 4939 55 17 bœuf,
1426 4940 17 16 5:
1457 4940 24 15 id.
1495 4943 49 15 porc.
1558 4941 18 17 8;
1590 4944 35 15 pou-

1121 4955 31 18 les.
1170 4956 58 18 20-25;
1247 4957 66 18 lapins.
1333 4958 57 17 13-15;
1408 4959 66 18 poires.
1493 4959 37 17 1-3;
1548 4963 77 15 pomme.'

1121 4975 36 18 1-3;
1172 4979 85 15 oranges.
1271 4976 65 18 2.50-3;
1351 4978 78 17 poulets.
1445 4979 57 17 15-20;
1517 4979 74 16 raisins.
1607 4981 17 15 12

1121 4994 26 19 18;
1163 4995 48 18 noiv,
1226 4996 27 17 10;
1268 4996 95 18 noisettes,
1379 4997 26 17 10;
1420 4997 77 18 citrons,
1513 4999 16 16 I;
1544 5002 81 13 marron*

1120 5013 17 17 6;
1152 5014 61 16 choux
1226 5014 70 19 blancs,
1312 5016 44 18 1.50;
1371 5016 60 17 choux
1445 5017 23 16 de
1482 5018 99 18 Bruxelles,
1597 5019 30 15 2-3
1630 5012 4 14 :

1120 5032 134 19 choux-fleurs.
1268 5035 17 16 3;
1300 5034 60 16 choux
1374 5039 71 15 rouges.
1461 5037 63 16 1-1.50:
1540 5037 60 16 choux
1613 5039 20 15 de

1120 5052 71 17 Savoie.
1207 5053 17 16 2:
1240 5053 61 16 choux
1316 5055 55 15 verts.
1387 5055 17 17 2;
1420 5055 60 17 céleri.
1497 5056 38 17 2-3:
1552 5057 77 16 verdure

1120 5070 17 18 6;
1157 5071 83 16 chicorée
1258 5073 23 15 de
1298 5073 100 18 Bruxelles,
1418 5075 37 16 2-3:
1476 5075 24 16 id.
1519 5076 22 15 do
1559 5080 66 15 campa-

1120 5092 47 16 gne..
1186 5091 18 18 2;
1224 5092 71 17 navets.
1317 5093 43 17 1.50;
1380 5094 94 18 poireaux,
1496 5095 16 17 1;
1532 5095 59 16 laitue
1620 5102 3 5 ■
1629 5100 4 5 ■

1121 5110 80 18 endives,
1219 5110 36 18 1-2;
1272 5111 75 19 salsifis,
1367 5113 36 16 1-2;
1420 5114 76 16 salsifis.
1515 5114 43 17 1.50;
1576 5115 50 16 bette-

1120 5131 59 15 raves,
1200 5130 44 17 1.50;
1265 5131 83 18 oignons.
1370 5132 44 17 1.75;
1434 5136 83 15 pommes
1536 5134 23 15 de
1579 5135 49 16 terre

1120 5148 72 17 rondes.
1212 5149 44 18 0.60;
1277 5150 23 15 id.
1320 5151 85 18 mylords.
1425 5152 45 18 0.70;
1490 5152 25 16 id.
1534 5148 100 22 Edouards'

1121 5166 44 18 0.80;
1182 5167 67 19 plates,
1266 5169 42 16 1.15.

1139 5192 150 19 WAEREGHEM,
1301 5195 10 15 2
1324 5195 79 18 janvier.
1417 5204 22 4 —
1451 5197 84 16 Pommes
1546 5198 22 16 de
1579 5199 49 17 terre

1123 5211 58 16 60-6_;
1198 5213 70 18 b_urrc,
1287 5215 84 15 18.50-21:
1390 5216 53 17 œufs.
1458 5217 92 15 0.60-0.61:
1569 5222 61 14 gorets

1120 5230 15 16 le
1153 5230 36 19 kg.,
1206 5232 37 18 6-7;
1263 5233 67 19 lapins.
1349 5234 17 16 le
1383 5234 37 19 kg.,
1435 5236 65 17 7-7.25;
1520 5237 75 18 pigeons
1616 5240 18 16 la

1119 5251 69 18 couple,
1202 5252 10 15 6
1219 5252 48 19 50-7;
1285 5254 75 18 pigeons
1376 5254 71 19 Jeunes,
1463 5256 47 16 9-10.

1140 5276 79 19 YPRES,
1234 5279 10 14 2
1256 5278 79 18 janvier.
1351 5287 22 4 —
1386 5280 93 18 Froment.
1496 5282 58 17 75-80;
1570 5285 64 17 graine

1119 5295 22 16 de
1159 5297 57 17 colza,
1233 5298 79 16 225-260:
1331 5300 65 18 graine
1414 5301 22 15 de
1454 5301 60 18 trèfle,
1535 5303 91 17 1600-1750

1118 5316 62 18 seigle.
1193 5317 58 18 65-70;
1264 5319 71 16 avoine.
1348 5319 58 17 78-80:
1420 5323 43 16 orge
1480 5321 102 18 «brasseur»
1604 5325 26 15 85-

1119 5336 27 14 !)*>:
1163 5336 23 15 id.
1201 5336 93 20 fourrage.
1308 5339 58 15 80-83;
1384 5340 45 18 pois,
1442 5341 78 16 100-110:
1536 5338 56 20 maïs'
1604 5345 26 14 67-

1119 5355 27 15 69;
1165 5355 95 20 féveroles,
1277 5358 69 17 95-100;
1365 5362 81 16 pommes
1463 5361 22 15 de
1503 5361 49 16 terre
1574 5363 57 16 40-50'

1119 5374 70 18 beurre,
1206 5376 86 19 20.50-22;
1308 5378 48 15 œufs
1375 5379 92 17 0.60-0.65;
1483 5381 90 18 porcelets
1595 5384 39 15 110-

1121 5394 36 16 170;
1176 5395 23 16 id.
1216 5395 16 16 le
1246 5396 36 19 kg..
1298 5397 44 16 5.50;
1360 5398 60 18 paille.
1438 5400 58 17 18-20;
1513 5400 46 19 foin,
1574 5403 51 16 35-40

1119 5414 26 25 Ijn
1166 5414 48 18 brut.
1234 5415 58 17 30-50;
1313 5418 90 16 cossettes
1423 5419 23 15 de
1465 5420 89 19 chlrorée,
1574 5423 51 16 83-90
1628 5416 4 15 :

1120 5434 104 17 betteraves
1235 5435 124 21 fourragères,
1371 5438 37 18 fi-7.
1476 5435 7 8 *

1696 3631 56 27 LES
1765 3631 192 42 TRAVAUX_DE
1972 3631 34 26 LA
2019 3631 25 26 S.
2062 3631 27 26 D.
2106 3631 29 30 N,

1683 3687 97 23 Genève,
1794 3688 13 18 2
1818 3687 94 24 janvier.
1923 3697 27 4 —
1963 3687 30 19 Le
2006 3687 58 19 mois
2077 3687 27 20 de
2119 3687 41 23 jan-

1658 3712 46 20 vier
1725 3717 51 15 sera
1793 3712 93 23 marqué
1902 3716 43 20 par
1961 3712 24 20 la
2002 3712 84 23 reprise
2103 3712 57 24 géné-

1658 3737 47 22 rale
1721 3737 40 20 des
1774 3737 96 20 travaux
1886 3737 27 21 de
1929 3737 23 20 la
1968 3736 87 21 Société
2071 3737 40 21 des
2125 3738 36 19 Na-

1658 3761 66 20 tions.

1683 3787 70 19 Outre
1767 3787 21 20 le
1802 3786 96 23 Conseil,
1912 3786 37 24 qui
1964 3786 90 20 tiendra
2069 3786 15 20 à
2096 3787 64 20 Genè-

1657 3815 26 16 ve
1696 3816 27 15 sa
1736 3812 38 20 66e
1786 3812 91 21 session,
1888 3811 21 20 le
1919 3812 26 19 25
1957 3811 89 23 janvier
2056 3812 116 23 prochain,

1657 3840 52 15 sous
1724 3837 22 20 ia
1758 3836 129 23 présidence
1901 3836 28 20 de
1944 3836 31 19 M.
1990 3836 94 24 Briand.
2098 3836 63 21 diver-

1659 3864 37 18 ses
1719 3861 78 21 autres
1816 3861 156 21 commissions
1992 3861 23 19 et
2036 3861 93 21 comités
2149 3866 24 16 se

1658 3885 118 21 réuniront
1788 3887 58 20 dans
1859 3886 21 19 le
1895 3886 96 19 courant
2006 3885 31 20 du
2051 3886 58 20 mois
2123 3887 37 23 jus-

1659 3909 50 23 qu'à
1728 3911 24 20 la
1768 3911 65 20 veille
1849 3910 28 22 de
1896 3910 24 20 la
1935 3910 133 20 conférence
2086 3911 30 20 du
2132 3911 28 21 dé-

1658 3936 138 19 sarmement
1809 3934 59 21 fixée
1883 3939 30 16 au
1926 3935 13 19 2
1953 3934 89 22 février.

1684 3960 31 19 Ce
1732 3961 51 19 sont
1803 3965 4 15 :
1825 3962 22 19 le
1862 3961 12 18 G
1889 3960 95 23 janvier,
2002 3959 128 25 délégation
2144 3962 28 19 de

1658 3983 48 23 l'or;
1725 3986 21 19 le
1765 3985 30 21 11,
1812 3984 83 21 comité
1912 3985 40 20 des
1968 3985 91 22 experts
2076 3990 29 17 en
2122 3991 38 15 ma-

1658 4008 55 21 tière
1730 4009 28 20 de
1773 4010 88 23 change
1880 4010 23 20 et
1919 4009 81 20 comité
2017 4010 119 24 financier,
2152 4011 19 20 li

1659 4034 81 20 comité
1750 4034 153 23 économique;
1916 4034 21 19 le
1951 4034 30 22 18,
1993 4034 21 19 le
2024 4035 83 20 comité
2118 4040 43 16 cen-

1659 4058 43 19 tral
1718 4059 135 23 permanent
1867 4059 28 20 de
1907 4058 100 24 l'opium;
2023 4059 20 20 le
2057 4060 31 22 19,
2099 4061 21 20 le
2134 4065 28 16 co-

1657 4082 56 21 mité
1728 4084 112 23 d'experts
1857 4088 56 19 pour
1932 4083 151 21 l'unification
2102 4086 28 19 de
2150 4086 21 20 la

1658 4108 170 20 nomenclature
1849 4107 131 23 douanière;
2003 4108 20 22 le
2042 4109 32 23 20,
2095 4109 22 22 le
2135 4115 26 16 co-

1657 4132 55 20 mité
1727 4133 85 23 spécial
1825 4133 83 23 chargé
1924 4133 138 20 d'examiner
2079 4134 21 20 le
2118 4140 42 19 pro-

1657 4156 34 23 jet
1705 4157 28 20 de
1749 4158 65 23 pacte
1830 4159 28 20 de
1871 4158 174 22 non-agression
2058 4161 102 19 économi-

1657 4185 42 19 que
1710 4182 105 23 présenté
1827 4186 42 20 par
1878 4182 43 20 l'U.
1931 4183 21 18 R
1965 4182 28 19 S.
2007 4183 22 19 S.
2042 4184 23 19 et
2077 4184 23 19 la
2110 4189 50 16 com-

1657 4206 93 20 mission
1771 4207 28 20 de
1817 4206 100 21 contrôle
1938 4207 28 19 de
1985 4209 23 19 la
2026 4207 87 22 Société
2132 4210 39 20 des

1658 4231 102 20 Nations.
1780 4232 33 19 La
1834 4231 143 21 commission
2001 4231 88 22 d'étude
2114 4238 55 19 pour

1656 4254 7 19 !
1670 4256 71 20 union
1755 4256 148 23 européenne,
1915 4256 39 23 qui
1966 4256 76 21 devait
2056 4262 24 16 se
2094 4259 75 21 réunir

1655 4278 21 21 le
1693 4280 31 23 22,
1740 4285 51 17 sera
1808 4280 234 22 vraisemblablement
2062 4283 107 21 ajournéa

1656 4305 93 23 quelque
1759 4310 52 18 peu.

1680 4330 20 19 A
1714 4330 79 19 l'ordre
1807 4331 31 19 du
1850 4330 52 23 jour
1913 4330 31 20 du
1959 4331 89 20 Conseil
2063 4332 105 25 figurent,

1656 4357 29 16 en
1701 4354 82 20 dehors
1797 4354 28 21 de
1841 4355 99 20 l'affaire
1955 4355 28 21 de
2000 4356 170 25 Mandchourie,

1655 4382 32 16 un
1702 4379 88 20 certain
1805 4379 93 20 nombre
1914 4379 117 21 d'affaires
2044 4383 120 20 courantes

1655 4412 27 5 —
1693 4403 77 21 Belga.

1670 4433 9 12 ■
1691 4428 233 20 L'INSUFFISANCE
1936 4429 39 20 DE
1988 4429 36 20 LA
2038 4430 21 20 S.
2070 4431 27 20 D.
2109 4432 27 19 N.
2149 4439 11 11 »

1681 4463 84 23 Berlin,
1784 4465 13 19 2
1814 4464 94 25 janvier.
1924 4475 27 4 —
1970 4465 158 24 L'occupation
2146 4468 28 20 de

1657 4487 150 22 Kin-Tchéou
1825 4493 43 17 par
1886 4488 32 20 les
1934 4489 92 22 troupes
2045 4491 129 22 japonaise*-

1657 4511 87 21 fournit
1756 4513 14 20 à
1782 4513 23 19 ïa
1816 4517 76 20 presse
1903 4512 147 22 nationaliste
2063 4515 98 21 alleman-

1657 4536 27 19 de
1695 4535 117 21 l'occasion
1822 4537 29 20 de
1860 4536 113 22 souligner
1985 4541 80 17 encore
2075 4543 44 16 une
2131 4541 43 19 fois

1657 4563 24 15 ce
1699 4560 78 23 qu'elle
1794 4561 88 23 appelle
1896 4567 10 11 ■
1925 4561 163 22 l'insuffisance
2105 4565 28 19 de
2151 4565 22 19 la

1658 4583 87 21 Société
1762 4586 40 19 des
1818 4585 96 20 Nations
1932 4592 9 10 ■
1961 4585 58 20 dans
2033 4586 24 20 la
2071 4588 102 20 question

1658 4609 147 19 mandchoue.
1821 4617 10 8 »
1844 4610 59 19 Avec
1913 4609 157 23 Kin-Tchéou.
2083 4612 57 20 écrit
2153 4613 19 20 le

1660 4637 8 10 ■
1685 4632 69 20 Lokal
1769 4633 109 22 Anzeiger
1892 4641 17 13 -,
1924 4632 34 22 les
1973 4633 93 21 Chinois
2080 4636 93 20 perdent

1657 4654 22 19 la
1692 4655 102 21 dernière
1807 4657 53 20 ville
1873 4657 137 22 importante
2036 4658 28 20 de
2091 4660 72 20 Mand-

1658 4679 96 20 chourie.
1773 4681 33 19 La
1823 4680 108 24 conquête
1946 4681 117 23 japonaise
2079 4688 29 15 va
2127 4684 47 20 être

1658 4703 95 21 achevée
1763 4707 24 19 et
1798 4704 124 20 consolidée
1934 4709 42 17 par
1985 4705 23 20 la
2019 4706 100 21 création
2131 4708 31 20 im-

1658 4727 100 21 minente
1777 4730 54 19 d'un
1847 4729 54 19 Etat
1919 4729 128 21 mandchou
2065 4731 98 24 indépen-

1658 4751 62 20 dant.
1731 4753 29 19 Le
1774 4754 75 22 Japon
1859 4757 14 15 a
1883 4752 149 21 entièrement
2043 4755 85 21 atteint
2139 4761 35 16 ses

1658 4775 58 20 buts.
1730 4784 8 8 »
1753 4777 107 22 L'organe
1871 4777 146 21 nationaliste
2030 4779 90 22 conclut
2133 4785 42 19 que

1658 4799 53 19 c'est
1727 4799 23 21 là
1769 4805 32 15 un
1819 4800 73 21 blâme
1910 4804 58 18 pour
1986 4801 23 19 la
2030 4802 87 22 Société
2135 4805 39 20 des

1659 4823 101 21 Nations.
1768 4835 27 4 —
1805 4825 75 22 Belga.

1661 4880 82 27 POUR
1765 4882 33 25 LA
1816 4882 126 26 GUERRE
1960 4883 17 25 A
1997 4883 34 26 LA
2048 4884 126 28 GUERRE

1682 4942 104 24 Londres,
1796 4944 12 19 2
1820 4944 94 23 janvier.
1924 4954 27 5 —
1962 4944 30 20 Le
2004 4945 89 21 Conseil
2104 4948 60 20 inter-

1658 4967 102 21 national
1779 4969 39 20 des
1841 4969 139 19 adversaires
2002 4969 28 20 de
2052 4970 23 20 la
2097 4977 78 18 guerre

1658 4991 51 20 s'est
1721 4993 63 20 réuni
1797 4994 142 23 aujourd'hui
1952 4994 58 20 dans
2021 4999 32 16 un
2065 4996 110 24 faubourg

1659 5015 27 20 de
1698 5017 105 21 Londres.

1682 5041 32 20 La
1759 5043 224 23 Grande-Bretagne,
2025 5044 149 27 l'Allemagne,

1658 5065 127 25 l'Autriche,
1797 5069 23 19 la
1834 5068 81 24 Suisse,
1929 5069 23 19 la
1965 5069 86 22 Russie,
2066 5071 23 20 la
2102 5072 72 20 Tché-

1658 5091 137 24 ccslovaquie
1834 5096 24 18 et
1897 5093 24 20 la
1959 5092 216 26 Nouvelle-Zélande

1657 5115 86 21 étaient
1757 5118 158 23 représentées.

1683 5141 112 21 Plusieurs
1817 5142 133 21 résolutions
1973 5143 41 20 ont
2036 5144 36 21 été
2094 5147 80 23 votées,

1657 5165 59 21 l'une
1730 5167 75 20 d'elles
1818 5168 171 20 reconnaissant
2001 5170 143 22 notamment
2154 5173 21 20 le

1657 5190 133 23 bien-fondé
1802 5193 40 19 des
1854 5193 178 20 revendications
2044 5195 119 25 d'indépen-

1657 5215 72 21 dance
1744 5217 31 20 du
1791 5216 80 24 peuple
1888 5217 84 23 indien,
1989 5222 45 16 une
2051 5221 65 21 autre
2134 5222 28 20 de-

1658 5240 111 21 mandant
1797 5246 45 15 aux
1871 5242 125 20 nationaux
2026 5244 117 24 japonaise
2159 5247 16 20 d

1657 5265 87 20 chinois
1755 5266 28 21 de
1795 5267 87 19 refuser
1893 5267 28 19 de
1932 5268 121 24 participer
2064 5274 44 16 aux
2120 5271 42 21 hos-

1657 5289 69 21 tilités
1744 5292 24 19 et
1785 5296 45 15 aux
1848 5292 76 19 autres
1940 5296 57 19 pays
2013 5293 28 21 de
2056 5295 117 21 s'abstenir

1657 5314 27 20 de
1701 5315 88 20 fournir
1809 5316 38 19 des
1867 5321 74 15 armes
1960 5322 45 15 aux
2024 5318 147 25 belligérants.

1657 5339 29 20 Le
1699 5340 88 20 Conseil
1800 5346 20 18 a,
1833 5340 86 21 d'autre
1932 5343 57 22 part,
2002 5344 98 23 exprimé
2111 5346 61 20 l'avis

1656 5369 42 18 que
1711 5364 23 20 la
1746 5365 122 20 limitation
1881 5366 23 19 et
1916 5366 24 19 la
1951 5366 117 22 réduction
2081 5370 40 20 des
2134 5376 27 15 ar-

1656 5390 111 19 mements
1782 5395 29 15 ne
1826 5391 115 21 sauraient
1954 5391 102 21 éliminer
2069 5393 32 21 les
2115 5395 45 20 dan-

1656 5418 50 18 gers
1720 5414 28 19 de
1763 5419 85 18 guerre.
1861 5415 19 19 Il
1894 5415 114 22 préconise
2024 5417 20 20 le
2058 5418 101 22 désarme-

1656 5439 64 19 ment
1732 5439 63 20 total,
1807 5449 27 5 —
1845 5439 91 21 Reuter.

2209 665 59 31 SON
2288 664 198 32 COMPAGNON
2506 663 55 31 EST
2581 657 102 37 BRÛLÉ

2302 708 293 32 DANGEREUSEMENT

2284 773 43 21 (De
2341 772 66 20 notre
2419 771 193 24 correspondant.)

2197 794 12 12 *
2211 803 106 22 Londres,
2330 803 12 19 2
2355 803 95 23 janvier.
2462 812 27 4 —
2504 802 54 20 (Par
2568 801 140 24 téléphone).

2194 839 18 5 —
2224 829 50 20 Une
2287 829 67 23 jeune
2367 828 48 20 fille
2429 828 34 20 est
2475 829 74 18 morte
2561 828 24 19 et
2594 831 34 16 un
2641 827 67 23 jeune

2187 855 90 20 homme
2290 853 138 24 grièvement
2440 852 71 21 blessé
2523 852 15 20 à
2549 853 23 19 la
2583 853 59 19 suite
2655 852 53 20 d'un

2187 880 104 20 accident
2306 879 77 20 d'auto
2395 879 38 23 qui
2448 879 52 19 s'est
2513 877 91 25 produit
2618 882 26 15 ce
2658 881 39 16 ma-

2187 906 41 21 tin,
2243 905 28 20 de
2286 904 46 20 très
2346 904 74 20 bonne
2436 903 76 20 heure.

2213 931 42 19 Les
2274 930 59 20 deux
2354 930 79 23 jeunes
2453 933 62 19 gens,
2534 928 52 20 tous
2604 928 59 20 deux
2680 932 29 16 en

2187 956 101 20 costume
2302 955 27 20 de
2341 955 44 23 bal,
2400 954 148 23 voyageaient
2561 958 30 16 en
2605 954 92 19 automo-

2188 980 44 21 bile
2249 985 51 16 vers
2316 980 24 20 la
2355 980 52 20 ville
2424 980 28 20 de
2470 979 129 23 Wakeford,
2613 979 59 20 dans
2688 978 21 21 le

2188 1005 74 21 comté
2272 1006 97 19 d'Esscx.

2213 1031 80 20 L'auto
2308 1031 90 23 dérapa,
2415 1031 66 19 entra
2494 1035 30 15 en
2540 1030 102 20 collision
2656 1034 53 15 avec

2189 1062 31 15 un
2234 1057 83 23 poteau
2330 1056 127 24 électrique,
2469 1060 24 16 se
2506 1060 107 15 renversa
2626 1056 24 19 et
2664 1055 46 23 prit

2189 1082 45 20 feu.

2214 1108 42 19 Les
2270 1107 58 20 deux
2344 1107 124 23 occupants
2482 1106 86 20 étaient
2585 1106 114 23 emprison-

2190 1132 40 21 nés
2244 1137 53 15 sous
2311 1132 24 20 la
2346 1132 87 20 voiture
2448 1136 30 15 en
2493 1131 112 20 flammes.

2214 1158 65 19 Deux
2296 1157 110 24 policiers,
2424 1156 98 21 témoins
2540 1156 28 21 de
2587 1156 124 23 l'accident,

2190 1188 23 15 se
2230 1182 161 25 précipitèrent
2408 1183 24 20 et
2448 1186 24 16 se
2489 1182 85 20 mirent
2588 1186 31 16 en
2633 1182 77 19 devoir

2190 1209 27 19 de
2229 1208 97 23 dégager
2337 1209 32 19 les
2380 1207 153 23 malheureux,
2543 1212 30 15 au
2584 1207 73 24 grand
2668 1207 31 21 ris-

2190 1238 42 19 que
2244 1233 70 21 d'être
2328 1232 74 21 brûlés
2415 1232 146 21 eux-mêmes.

2215 1259 149 23 Finalement,
2385 1258 32 20 les
2436 1257 179 21 automobilistes
2634 1257 78 20 furent

2192 1284 53 20 tirés
2261 1284 28 20 de
2306 1284 49 20 leur
2371 1283 99 24 position
2483 1283 95 24 critique
2595 1284 23 19 et
2635 1284 64 19 trans-

2192 1309 80 23 portés,
2289 1309 59 19 dans
2362 1313 44 16 une
2422 1308 141 22 ambulance,
2578 1308 15 20 à
2609 1308 102 24 l'hôpital

2191 1334 28 20 où
2236 1335 39 19 des
2290 1334 62 20 soins
2368 1334 93 23 urgents
2476 1334 49 20 leur
2541 1334 79 20 furent
2634 1334 65 23 prodi-

2191 1359 59 24 gués.

2216 1385 59 20 Leur
2292 1384 95 21 identité
2404 1385 37 19 fut
2456 1384 88 20 établie.
2563 1384 20 20 Il
2601 1384 110 24 s'agissait

2191 1410 31 20 du
2241 1410 39 20 fils
2301 1410 94 20 héritier
2415 1410 30 20 du
2467 1410 112 19 baronnet
2598 1410 114 19 Warnan-

2191 1436 69 19 count
2271 1435 24 20 et
2306 1436 28 20 de
2346 1435 55 20 Miss
2411 1434 85 24 Angèle
2507 1435 71 23 Scott,
2590 1435 52 20 tous
2654 1435 57 20 deux

2193 1460 52 23 âgés
2259 1460 28 20 de
2299 1460 25 19 21
2338 1465 49 15 ans.

2216 1486 38 19 On
2270 1485 84 20 avertit
2371 1484 233 25 télégraphiquement
2621 1485 33 20 les
2670 1490 30 19 pa-

2192 1511 62 20 rents
2267 1511 39 20 des
2319 1511 59 20 deux
2392 1510 83 21 blessés
2488 1515 40 16 car
2542 1512 49 20 leur
2604 1510 49 21 état
2667 1511 33 20 cri-

2193 1536 67 23 tique.

2217 1562 31 19 M.
2263 1561 24 20 et
2301 1562 48 19 Mrs
2363 1561 64 20 Scott
2442 1560 125 21 arrivèrent
2581 1561 14 20 à
2610 1561 102 24 l'hôpital

2192 1586 105 24 quelques
2311 1586 100 20 minutes
2426 1587 70 20 avant
2511 1587 23 19 la
2546 1587 60 20 mort
2621 1587 28 22 de
2664 1587 48 20 leur

2192 1611 87 21 enfant.

2218 1636 93 24 D'après
2331 1637 33 20 les
2383 1636 151 21 déclarations
2554 1637 28 21 de
2602 1637 23 20 la
2645 1637 67 23 mère,

2193 1662 55 20 Miss
2264 1662 64 20 Scott
2342 1666 29 16 ne
2387 1662 139 21 connaissait
2542 1667 42 19 pas
2599 1663 32 20 M.
2647 1663 64 20 War-

2193 1687 122 20 r.ancount.
2330 1687 59 20 Mais
2403 1692 30 15 on
2447 1692 95 19 suppose
2555 1692 42 19 que
2609 1688 33 20 les
2656 1688 57 20 deux

2193 1712 78 23 jeunes
2286 1716 55 19 gens
2355 1717 23 15 se
2392 1712 172 22 rencontrèrent
2578 1712 15 20 à
2605 1713 23 20 la
2642 1713 71 20 soirée

2192 1738 112 20 dansante
2325 1737 14 20 à
2359 1737 95 24 laquelle
2471 1738 52 20 tous
2543 1738 58 20 deux
2622 1739 91 19 avaient

2193 1763 35 20 été
2242 1762 88 21 invités.

2218 1787 71 24 Après
2302 1788 60 20 cette
2376 1788 73 23 partie
2463 1788 27 20 de
2504 1788 38 20 bal
2555 1793 31 16 on
2601 1793 23 16 se
2637 1789 76 21 rendit

2192 1813 14 19 à
2222 1817 45 17 une
2285 1814 65 21 autre
2369 1813 98 20 sauterie
2485 1813 58 21 dans
2562 1819 44 15 une
2624 1815 88 19 maison

2193 1838 27 20 de
2237 1842 125 19 campagne
2378 1838 58 20 dans
2450 1838 21 20 le
2488 1838 73 21 comté
2578 1839 29 20 de
2625 1839 88 24 Surrey,

2193 1863 28 20 où
2234 1868 30 15 on
2276 1864 72 19 dansa
2362 1863 87 24 jusqu'à
2461 1864 52 23 cinq
2526 1864 81 20 heures
2620 1865 31 20 du
2663 1870 38 15 ma-

2194 1889 40 21 tin,
2249 1889 51 23 puis
2315 1889 49 19 tout
2377 1890 21 19 le
2414 1889 82 20 monde
2512 1890 85 20 rentra.

2217 1914 20 19 Il
2249 1916 34 19 est
2295 1913 192 24 compréhensible
2500 1919 43 19 que
2555 1915 32 19 M.
2600 1915 113 20 Warnan-

2193 1939 64 20 court
2280 1939 34 19 ait
2335 1939 95 24 proposé
2453 1940 28 20 de
2503 1940 132 21 reconduire
2658 1941 56 19 Miss

2193 1965 65 19 Scott
2272 1964 58 20 dans
2345 1969 26 15 sa
2383 1965 93 22 voiture,
2490 1969 39 16 car
2543 1966 33 19 les
2591 1966 58 20 deux
2663 1966 38 24 jeu-

2193 1994 40 15 nes
2246 1993 55 19 gens
2314 1989 157 21 demeuraient
2481 1990 15 20 à
2509 1990 129 21 Wakeford.

2218 2015 31 20 Ce
2261 2015 51 22 soir,
2325 2015 20 20 le
2357 2020 93 15 coroner
2462 2020 14 15 a
2487 2016 56 20 tenu
2555 2021 45 15 une
2612 2016 102 25 enquête,

2193 2040 58 20 mais
2265 2040 16 20 il
2294 2045 14 15 a
2324 2040 96 23 renvoyé
2436 2040 123 22 l'audience
2574 2040 14 21 à
2603 2046 45 15 une
2661 2042 53 21 date

2194 2065 125 23 ultérieure,
2339 2065 58 20 dans
2417 2065 95 32 l'espoir,
2533 2067 181 24 qu'entretemps,

2193 2089 63 22 l'état
2275 2091 31 19 du
2324 2091 68 23 jeune
2412 2091 91 20 homme
2521 2092 150 20 s'améliorera
2692 2094 22 19 et

2193 2116 52 23 qu'il
2265 2120 89 18 pourra,
2371 2116 39 20 dès
2430 2116 51 23 lors,
2500 2117 89 20 fournir
2609 2118 105 23 quelques

2195 2141 192 23 renseignements
2411 2146 31 16 au
2461 2141 62 25 sujet
2545 2142 28 21 de
2596 2143 118 21 l'accident

2195 2166 106 24 tragique.

2722 277 83 60 LA
2858 276 383 61 REDUCTION

2755 356 118 48 DES
2910 356 163 47 SALA
3077 356 137 47 IRES

2742 448 73 31 ELLE
2841 447 157 32 ENTRAINE
3023 448 58 30 DES
3109 441 119 37 GRÈVES

2828 493 83 31 DANS
2930 492 113 32 DIVERS
3062 492 79 31 PAYS

2782 565 56 31 DES
2860 563 162 32 INCIDENTS
3041 562 151 32 VIOLENTS

2782 610 36 31 SE
2836 609 82 31 SONT
2937 603 78 36 DÉJA
3036 607 156 32 PRODUITS

2863 655 40 30 EN
2925 652 189 33 ALLEMAGNE

2754 719 77 22 Essen,
2847 719 13 19 2
2874 718 96 24 Janvier.
2982 728 27 4 —
3024 718 46 19 Des
3084 715 110 21 éléments
3211 719 25 16 ra-

2730 742 82 21 dicaux
2824 743 75 22 parmi
2914 743 33 20 les
2963 742 102 20 mineurs
3080 741 32 20 du
3127 740 78 20 bassin
3222 739 26 21 da

2730 767 23 19 la
2768 763 65 24 _£uhr
2846 769 41 19 ont
2898 766 85 23 essayé,
2996 764 152 25 aujourd'hui,
3161 764 77 23 d'orga-

2730 791 62 20 niser
2804 791 22 20 la
2841 791 65 23 grève
2920 795 58 19 pour
2989 790 112 24 protester
3115 789 78 20 contre
3209 788 29 22 l'a-

2731 815 137 20 baissement
2882 816 41 20 des
2937 815 100 20 salaires.

2757 839 112 24 Quelques
2880 840 112 20 incidents
3001 843 54 16 sans
3065 838 87 24 gravité
3163 842 24 15 se
3199 837 52 20 sont

2732 864 102 23 produits
2851 865 65 19 entre
2936 864 34 20 les
2990 864 114 24 grévistes,
3121 867 45 19 peu
3185 866 55 15 nom-

2731 888 71 20 breux
2817 888 119 23 d'ailleurs,
2948 889 25 20 et
2988 889 33 19 les
3038 888 77 20 autres
3131 887 108 19 mineurs.

2758 912 113 20 Plusieurs
2885 912 149 20 arrestations
3049 913 42 19 ont
3105 911 37 20 été
3156 909 95 23 opérées.

2757 937 20 19 A
2791 936 117 22 Mulheim,
2923 936 33 20 les
2971 937 107 22 grévistes
3091 935 96 21 voulant
3202 939 38 16 em-

2732 961 83 23 pêcher
2829 960 80 21 l'accès
2920 961 39 20 des
2972 961 74 19 mines
3060 965 45 16 aux
3119 960 78 20 autres
3207 958 42 21 mi.

2734 990 74 17 neurs,
2820 985 23 21 la
2854 984 71 22 police
2939 985 41 20 dut
2993 985 130 20 intervenir.
3135 984 50 20 Une
3198 987 43 17 cen-

2735 1010 62 20 taine
2813 1010 29 20 de
2858 1013 123 18 personnes
2998 1012 42 20 ont
3054 1009 36 21 été
3105 1008 105 21 arrêtées,
3228 1016 24 6 —

2733 1035 83 19 Havas.

2826 1058 76 20 CENT
2918 1057 90 20 MILLE
3024 1057 139 21 DOCKERS

2870 1089 19 19 A
2899 1089 37 19 LA
2949 1088 167 20 RESCOUSSE

2760 1120 106 22 Londres,
2877 1120 12 19 2
2900 1118 95 24 janvier.
3005 1129 27 4 —
3043 1118 97 22 Suivant
3147 1117 15 23 T
3175 1126 10 9 »
3196 1119 45 20 Eve-

2735 1145 57 24 ning
2804 1144 116 20 Standard
2932 1151 18 14 »,
2961 1147 32 16 on
3003 1142 74 21 craint
3089 1147 50 18 que,
3150 1143 52 20 bien
3212 1146 43 20 que

2735 1170 32 19 les
2788 1169 94 20 dockers
2900 1168 63 20 aient
2984 1167 91 22 accepté
3096 1167 24 19 la
3137 1166 117 21 réduction

2734 1195 28 19 de
2773 1193 95 20 salaires
2882 1192 38 24 qui
2935 1192 91 19 entrera
3042 1195 30 16 en
3085 1191 93 23 vigueur
3191 1190 63 21 lundi

2735 1218 117 24 prochain,
2868 1219 54 19 cent
2938 1216 61 20 mille
3015 1216 86 20 d'entre
3128 1219 49 18 eux,
3205 1220 37 15 em-

2735 1241 76 26 ployés
2826 1242 59 19 dans
2903 1241 33 19 les
2954 1240 74 21 divers
3043 1240 64 20 ports
3124 1240 28 20 de
3168 1239 23 21 la
3208 1240 34 19 Ta-

2735 1267 63 22 mise,
2810 1271 30 15 ne
2850 1271 24 15 se
2886 1265 105 23 joignent
3003 1269 44 15 aux
3059 1263 143 22 débardeurs,
3214 1263 29 20 ba-

2735 1291 77 20 teliers
2830 1293 25 20 et
2875 1289 121 24 gabariers,
3017 1288 38 23 qui
3074 1289 41 19 ont
3131 1287 78 21 décidé
3227 1288 27 20 de

2737 1316 57 20 faire
2807 1314 72 24 grève.
2893 1324 27 5 —
2933 1313 77 23 Belga.

2812 1343 242 23 MANIFESTATION
3068 1344 19 19 A
3100 1343 82 20 LILLE

2760 1378 62 22 Lille,
2836 1377 13 19 2
2864 1375 95 24 janvier.
2972 1385 27 5 —
3011 1375 46 19 Des
3070 1373 119 22 chômeurs
3201 1377 42 20 por-

2737 1403 52 20 tant
2800 1403 39 19 des
2852 1400 133 21 banderoles
2997 1399 25 20 et
3032 1399 40 19 des
3084 1398 121 22 pancartes
3215 1398 38 21 ont

2737 1430 112 21 parcouru
2864 1425 32 20 les
2912 1428 53 16 rues
2977 1424 32 21 du
3023 1423 78 20 centre
3117 1423 29 20 de
3160 1422 23 20 la
3199 1422 53 20 ville

2736 1452 31 19 La
2785 1449 173 22 manifestation
2976 1448 38 19 n'a
3033 1447 75 21 donné
3122 1446 47 21 lieu
3184 1447 15 20 à
3213 1450 30 17 au-

2737 1480 45 16 cun
2797 1473 109 22 incident.
2921 1483 27 4 —
2960 1472 77 24 Belga.

2881 1517 5 16 i
3078 1505 43 15 ==

2835 1544 111 28 EST-CE
2960 1543 40 27 UN
3016 1540 144 30 SUICIDE?

2274 2237 146 31 COCQUlfr
2433 2239 17 25 A
2463 2238 171 28 TOULOUSE

2220 2291 117 23 Toulouse,
2352 2291 13 19 2
2382 2291 94 23 janvier.
2490 2302 27 4 —
2530 2291 92 20 L'avion
2634 2292 69 19 trime

2196 2317 50 19 teur
2259 2315 69 22 belge,
2342 2315 69 22 piloté
2424 2320 43 17 par
2481 2316 99 23 Cocquyt
2594 2316 24 20 et
2629 2316 38 24 qui
2678 2320 29 15 re^

2194 2340 64 20 vient
2270 2340 14 20 à
2300 2340 63 19 toute
2379 2340 72 20 allure
2467 2341 31 19 du
2511 2341 84 21 Congo,
2609 2345 15 14 a
2637 2340 78 20 fourni

2196 2364 144 23 aujourd'hui
2363 2369 45 15 une
2429 2364 82 24 longue
2529 2365 25 19 et
2572 2364 55 20 dure
2649 2364 67 24 étape

2196 2389 38 23 qui
2252 2389 29 19 l'a
2298 2388 81 21 amené
2397 2388 29 20 ici
2443 2388 58 21 dans
2518 2388 156 24 l'après-midi.

2194 2414 77 24 Belga.

2195 2480 36 27 LE
2257 2479 113 28 PRINCE
2388 2473 175 33 D'ETHIOPIE
2587 2479 17 26 A
2628 2478 88 28 PARIS

2293 2543 42 21 (De
2349 2542 65 19 notre
2428 2540 193 24 correspondant.)

2219 2566 70 23 Paris,
2307 2567 12 18 2
2338 2566 95 23 janvier.
2451 2575 27 5 —
2500 2566 54 19 (Par
2569 2566 27 19 fil
2614 2565 101 24 spécial.)

2194 2601 25 4 —
2234 2591 30 20 Le
2282 2591 77 23 prince
2377 2590 95 20 héritier
2490 2590 125 23 d'Ethiopie
2632 2591 84 18 venant

2194 2616 27 19 de
2236 2615 112 21 Marseille
2364 2616 36 19 est
2414 2615 73 20 arrivé
2504 2615 86 20 samedi
2607 2614 80 22 matin,
2703 2614 14 19 à

2194 2640 70 20 Paris.
2282 2640 83 22 Quand
2389 2640 20 19 le
2433 2639 77 24 prince
2533 2639 71 20 Asfou
2625 2639 93 20 Wessen

2194 2665 34 19 est
2239 2664 113 20 descendu
2365 2664 27 19 de
2406 2668 85 19 wagon,
2504 2664 23 19 la
2538 2663 101 24 musique
2653 2664 28 19 de
2695 2664 22 19 la

2194 2689 76 19 Garde
2301 2688 162 24 Républicaine
2492 2693 15 15 a
2537 2687 54 25 joué
2619 2687 98 23 l'hymne

2195 2713 96 23 abyssin.

2219 2738 30 19 Le
2267 2738 78 23 prince
2365 2742 14 15 a
2401 2736 61 21 serré
2483 2737 39 20 des
2541 2736 81 23 mains,
2641 2736 77 21 tandis

2194 2763 67 22 qu'on
2277 2762 77 23 voyait
2371 2761 130 24 apparaître
2518 2761 97 21 derrière
2633 2761 32 20 lui
2683 2765 36 15 ses

2194 2791 79 17 sœurs,
2291 2786 33 21 les
2347 2786 124 24 princesses
2493 2786 107 23 Tenagne
2622 2787 25 19 et
2668 2786 43 19 Ka*

2194 2811 86 22 betech,
2295 2810 176 24 accompagnées
2484 2811 27 19 de
2527 2811 60 20 leurs
2601 2810 77 20 maris.

2220 2836 30 19 Le
2265 2835 103 20 ministre
2383 2836 28 19 de
2427 2836 22 19 la
2464 2835 90 20 Marine
2569 2836 25 19 et
2609 2835 21 21 le
2643 2834 63 20 maré-

2194 2860 53 20 chal
2260 2860 114 20 Franchet
2388 2859 125 24 d'Espérey,
2525 2860 21 19 le
2559 2858 115 21 saluèrent
2688 2863 30 16 au

2194 2889 54 15 nom
2271 2884 31 20 du
2326 2884 182 24 gouvernement,
2527 2884 51 24 puis
2600 2883 21 20 le
2641 2883 77 24 prince

2195 2913 67 19 passa
2278 2913 29 15 en
2324 2913 67 17 revue
2408 2908 22 21 la
2447 2907 69 25 garde
2532 2908 134 20 d'honneur.

2220 2933 30 19 Le
2265 2932 89 24 cortège
2368 2932 45 24 prit
2427 2932 63 21 place
2506 2932 88 20 ensuite
2609 2933 58 19 dans
2680 2932 39 20 des

2195 2957 154 22 automobiles,
2363 2957 39 23 qui
2420 2956 92 20 filèrent
2527 2961 50 16 vers
2594 2956 77 20 l'hôtel
2690 2956 28 19 où

2195 2982 47 20 doit
2254 2981 117 24 séjourner
2385 2981 20 22 le
2421 2981 77 24 prince
2510 2980 72 21 Asfou
2594 2981 97 20 Wessen.

2372 3012 19 20 A
2411 3012 133 20 L'ELYSEE

2221 3043 71 21 Paris.
2304 3042 13 20 2
2331 3043 95 23 janvier.
2439 3053 28 4 —
2480 3042 30 20 Le
2522 3041 115 24 président
2649 3043 28 19 de
2690 3043 23 20 la

2197 3068 138 24 République
2347 3074 15 15 a
2375 3072 53 19 reçu
2441 3072 29 15 en
2485 3067 108 20 audience
2608 3067 106 22 officielle

2195 3092 21 21 le
2228 3093 78 23 prince
2319 3092 94 20 héritier
2428 3092 132 23 d'Ethiopie.

2221 3118 31 19 Le
2266 3117 115 25 président
2395 3118 28 19 de
2437 3117 24 20 la
2472 3117 140 24 République
2624 3121 34 20 est
2670 3117 42 21 allé

2197 3143 89 19 ensuite
2317 3142 82 22 rendre
2431 3147 27 15 sa
2486 3142 66 20 visite
2578 3147 31 15 au
2636 3142 77 24 prince

2198 3167 131 24 d'Ethiopie.
2341 3177 28 5 —
2381 3167 84 20 Havas.

2292 3198 40 20 AU
2354 3198 113 20 SOLDAT
2487 3197 136 21 INCONNU

2222 3230 70 22 Paris,
2304 3230 12 18 2
2331 3229 94 23 janvier.
2439 3239 28 5 —
2479 3229 20 19 A
2513 3229 74 20 l'issue
2601 3229 28 20 de
2642 3234 26 15 sa
2682 3229 23 20 vi-

2196 3255 44 21 site
2255 3255 15 20 à
2284 3254 98 24 l'Elysée,
2398 3254 22 21 le
2435 3254 77 24 prince
2529 3254 132 24 d'Ethiopie,
2677 3259 28 15 ac-

2197 3280 123 22 compagné
2338 3280 40 19 des
2394 3284 153 19 personnages
2565 3279 28 21 de
2610 3284 25 15 sa
2653 3280 62 22 suite,

2196 3306 35 20 est
2242 3305 44 21 allé
2297 3305 79 20 fleurir
2387 3305 23 20 la
2421 3305 76 20 tombe
2506 3305 31 20 du
2548 3305 80 20 Soldat
2638 3305 67 19 incon-

2197 3336 37 16 nu.
2246 3341 27 4 —
2283 3330 83 20 Havas.

2249 3395 34 27 LA
2300 3395 98 27 SANTE
2417 3396 39 25 DE
2475 3396 32 26 M.
2527 3395 70 27 MAG.
2604 3395 63 26 NOT

2223 3452 70 23 Paris,
2311 3452 13 19 2
2341 3452 94 24 janvier.
2452 3462 27 5 —
2496 3453 20 19 A
2533 3451 24 21 la
2571 3452 59 20 suite
2648 3452 27 20 de
2694 3452 22 20 la

2198 3477 152 20 consultation
2364 3477 40 20 des
2416 3476 120 22 médecins,
2547 3477 21 20 lo
2582 3476 96 20 bulletin
2689 3477 28 20 de

2197 3501 66 20 santé
2279 3501 92 20 suivant
2383 3506 15 15 a
2415 3500 36 21 été
2467 3501 76 24 rédigé
2558 3506 39 15 sur
2610 3501 64 20 l'état
2689 3501 27 20 de

2198 3526 31 19 M.
2242 3525 104 24 Maginot
2362 3530 6 15 :

2224 3556 9 11 ■
2248 3550 114 20 Situation
2382 3550 156 22 stationnaire,
2561 3549 15 21 à
2598 3550 53 23 part
2673 3554 45 16 une

2198 3574 101 21 réaction
2310 3575 177 20 inflammatoire
2500 3575 28 20 dc
2542 3575 22 19 la
2577 3575 95 20 vésicule
2683 3575 23 20 bi-

2196 3599 71 22 liaire.
2282 3599 139 20 L'évolution
2433 3599 28 20 de
2476 3600 24 19 la
2513 3599 97 20 maladie
2625 3599 47 20 suit
2684 3604 33 15 un

2197 3628 64 15 cours
2274 3623 89 20 normal
2365 3623 114 24 .Tempéra
2481 3624 50 19 ture
2546 3623 122 20 33"9.Pouls
2675 3624 43 19 100.

2198 3649 72 20 L'état
2289 3648 91 25 îénéral
2402 3648 59 21 reste
2483 3648 157 21 stationnaire.
2663 3657 9 9 »

2198 3674 83 19 Havas.

2241 3743 81 27 DEUX
2345 3743 135 27 BATEAUX
2502 3742 174 32 MANQUENT

2223 3808 90 23 Sydney
2327 3806 226 22 (Nouvelle-Ecosse),
2562 3806 13 19 2
2587 3805 94 25 janvier.
2691 3814 26 6 —

2199 3833 36 19 On
2252 3833 96 21 éprouve
2363 3836 44 15 une
2423 3831 101 20 certaine
2539 3829 130 24 inquiétude
2687 3834 30 15 au

2198 3857 60 22 sujet
2269 3857 27 19 de
2306 3857 58 19 deux
2376 3856 127 21 schooners,
2513 3854 21 20 le
2548 3863 8 8 «
2568 3854 124 20 Mantha-E
2705 3862 9 8 »

2198 3881 24 20 et
2241 3880 21 21 le
2284 3888 10 9 <■
2315 3880 154 20 Jack-Millett
2491 3887 17 14 »,
2528 3879 39 22 qui
2585 3878 41 19 ont
2645 3877 71 25 quitté

2199 3905 175 23 North-Sydney
2389 3903 139 21 récemment
2545 3902 15 20 à
2578 3902 138 20 destination

2198 3930 28 19 de
2235 3930 157 19 Terre-Neuve
2402 3928 24 20 et
2436 3927 28 20 où
2476 3927 27 20 ils
2513 3927 86 20 étaient
2609 3926 108 20 attendus

2198 3953 79 23 depuis
2288 3953 51 22 plus
2349 3953 28 19 de
2389 3952 52 20 huit
2452 3952 69 22 jours.
2530 3950 115 21 Pluricurs
2657 3951 47 20 tem-

2198 3977 63 24 pêtes
2273 3982 24 16 se
2310 3978 53 19 sont
2375 3976 105 20 abattues
2490 3976 65 19 entre
2567 3975 20 20 le
2599 3975 48 22 Cap
2659 3975 44 20 Bre-

2198 4003 40 19 ton
2254 4002 23 20 et
2294 4001 156 20 Terre-Neuve
2466 3999 79 23 depuis
2564 3999 49 20 leur
2630 3998 84 24 départ,

2200 4036 25 5 —
2238 4026 92 20 Reuter.

2245 4077 55 27 LES
2324 4078 50 25 FIN
2380 4077 126 26 LANDAIS
2531 4076 17 25 B
2551 4074 120 27 OIRONT

2223 4127 147 24 Helsingfors,
2382 4127 12 19 2
2408 4126 94 24 janvier.
2513 4136 12 5 -
2537 4125 92 24 Jusqu'à
2641 4126 64 20 main-

2198 4153 87 22 tenant,
2296 4153 22 20 le
2328 4152 145 21 référendum
2486 4157 14 15 a
2513 4150 75 21 donné
2599 4151 33 20 les
2644 4151 61 20 résul-

2198 4179 45 19 tats
2256 4178 103 20 suivants
2375 4182 6 15 :

2221 4203 60 20 Pour
2292 4204 23 19 la
2325 4202 138 24 prohibition
2478 4206 6 15 :
2497 4201 70 20 35.000
2579 4200 60 23 voix;

2221 4228 60 20 Pour
2293 4227 133 24 l'exception
2436 4232 29 16 cn
2477 4227 80 19 faveur
2569 4226 39 20 des
2620 4226 50 20 vins
2682 4226 21 20 lé

2196 4257 50 19 gers
2261 4257 5 15 :
2280 4253 58 19 7.000
2350 4253 60 21 voix;

2221 4278 84 20 Contre
2315 4278 23 19 la
2347 4277 138 24 prohibition
2499 4281 5 15 :
2517 4276 83 20 380.000
2609 4277 57 19 voix.

2221 4303 68 20 Selon
2308 4303 33 19 les
2358 4302 119 24 journaux,
2497 4301 22 20 le
2540 4302 174 22 gouvernement

2196 4332 27 16 va
2242 4327 107 24 préparer
2368 4332 30 15 en
2418 4326 85 24 grande
2523 4326 55 19 hâte
2597 4325 22 20 le
2639 4326 75 20 décret

2195 4353 130 20 d'abolition
2338 4352 28 20 de
2378 4352 24 20 la
2415 4352 138 23 prohibition
2565 4351 24 19 et
2599 4351 22 20 le
2634 4351 68 20 défen-

2195 4378 39 20 dre
2250 4382 30 15 au
2295 4382 66 15 cours
2373 4377 66 20 d'une
2454 4376 81 20 séance
2549 4376 153 20 extraordinai-

2196 4408 23 15 re
2234 4403 38 23 qui
2287 4407 56 15 aura
2358 4402 45 20 lieu
2417 4402 21 20 le
2453 4402 24 19 19
2492 4401 94 23 janvier.
2598 4411 27 4 —
2637 4401 76 24 Belga.

2333 4461 87 26 PARIS
2446 4461 35 25 LA
2507 4459 73 27 NUIT

2293 4523 43 21 (De
2351 4522 65 19 notre
2428 4520 191 23 correspondant.)

2220 4551 71 23 Paris,
2309 4552 13 18 2
2338 4551 95 23 janvier.
2448 4560 28 5 —
2497 4550 55 20 (Par
2569 4549 28 21 fil
2614 4549 100 25 spécial.)

2196 4586 26 4 —
2243 4576 92 20 Comme
2355 4575 42 20 elle
2416 4574 92 25 passait,
2529 4573 86 21 samedi
2637 4575 78 21 matin,

2196 4604 50 15 vers
2258 4600 12 19 2
2282 4600 87 22 heures,
2380 4599 15 21 à
2407 4598 80 25 l'angle
2501 4598 27 20 de
2541 4598 101 21 l'avenue
2654 4599 51 20 Hen-

2196 4624 20 19 ri
2236 4624 86 20 Martin
2340 4625 23 19 et
2380 4623 27 21 de
2427 4624 23 19 la
2469 4627 40 16 rue
2529 4623 118 23 Decamps,
2663 4623 54 20 Mlle

2196 4648 139 23 Sainghardt
2351 4652 24 16 se
2394 4648 34 19 vit
2446 4646 95 21 soudain
2559 4647 97 20 assaillie
2676 4652 43 20 par

2196 4672 59 20 deux
2276 4672 113 20 individus
2409 4671 124 20 descendus
2555 4671 54 20 d'un
2631 4671 75 21 cabrio-

2197 4696 31 19 let
2247 4696 57 23 noir,
2327 4700 67 19 genre
2417 4697 70 22 sport,
2509 4699 25 18 et
2553 4695 44 24 qui,
2619 4699 52 18 sous
2695 4697 23 19 la

2196 4724 92 17 menace
2304 4720 53 20 d'un
2371 4720 105 21 revolver,
2489 4719 140 24 l'obligèrent
2643 4720 14 21 à
2670 4721 48 20 leur

2197 4745 105 20 remettre
2317 4748 42 16 son
2374 4749 38 15 sac
2426 4744 14 20 à
2455 4743 70 20 main.

2221 4768 59 20 Leur
2296 4773 59 18 coup
2376 4768 50 22 fait,
2447 4768 33 20 les
2500 4768 59 20 deux
2575 4767 142 22 malfaiteurs

2197 4791 154 21 remontèrent
2365 4793 59 20 dans
2441 4792 69 20 l'auto
2527 4793 25 19 et
2568 4793 149 23 disparurent.

2196 4816 54 20 Mlle
2272 4816 140 24 Sainghardt
2430 4816 73 20 alerta
2525 4816 193 21 immédiatement

2197 4839 39 21 des
2258 4841 89 22 agents;
2370 4840 59 21 mais
2451 4845 44 16 une
2517 4840 70 20 ronde
2606 4841 112 21 effectuée

2197 4864 95 20 aussitôt
2315 4869 29 16 ne
2368 4864 76 20 donna
2468 4869 74 15 aucun
2562 4864 102 22 résultat.
2686 4867 31 19 La

2198 4888 66 22 jeune
2284 4888 48 21 fille
2353 4890 41 21 put
2412 4888 107 21 toutefois
2539 4889 88 21 donner
2644 4891 21 20 le
2686 4891 19 20 si

2197 4912 130 23 gnalement
2344 4913 28 19 de
2392 4916 37 15 ses
2449 4916 135 19 agresseurs.

2274 4969 220 28 CAMBRIOLEUR
2518 4967 120 32 ARRÊTÉ

2294 5037 42 21 (De
2351 5036 65 20 notre
2428 5038 192 23 correspondant.)

2221 5065 70 22 Paris,
2309 5066 13 19 2
2340 5065 94 23 janvier.
2452 5076 26 5 —
2501 5068 53 20 (Par
2570 5068 27 20 fil
2615 5069 99 23 spécial.)

2196 5099 25 5 —
2236 5090 30 19 Le
2283 5090 36 19 17e
2335 5090 191 21 arrondissement
2540 5092 28 20 de
2583 5093 64 20 Paris
2660 5094 57 21 était

2196 5113 79 23 depuis
2289 5114 110 23 plusieurs
2417 5114 57 20 mois
2491 5116 43 19 mis
2548 5121 30 15 en
2596 5121 69 20 coupe

2196 5137 46 23 glée
2259 5142 42 19 par
2314 5138 41 20 des
2369 5138 159 21 cambrioleurs
2543 5141 133 21 travaillant
2690 5150 26 13 as

2196 5161 129 23 préférence
2345 5162 57 19 dans
2421 5162 32 21 les
2473 5163 118 22 chambres
2612 5166 27 21 de
2660 5167 44 19 bon-

2196 5189 46 19 nes,
2258 5190 45 15 aux
2322 5186 80 21 heures
2419 5186 39 20 des
2477 5192 72 20 repas,
2569 5190 24 19 et
2609 5190 59 20 dans
2685 5192 31 7 ■—

2196 5210 119 22 magasins,
2329 5209 23 20 la
2365 5210 59 22 nuit;
2441 5211 57 21 mais
2512 5212 15 20 à
2542 5213 22 20 la
2577 5214 59 21 suite
2650 5215 20 20 d'

2195 5232 81 24 longue
2297 5233 146 21 surveillance
2468 5236 39 21 des
2527 5237 140 23 inspecteurs

2195 5256 77 24 police,
2295 5258 162 22 apercevaient,
2480 5264 40 16 rue
2539 5262 122 24 Brochant,
2684 5270 15 14 u

2195 5281 101 20 individu
2326 5281 64 24 qu'ils
2424 5285 178 21 soupçonnaient
2637 5288 79 23 depuis

2195 5304 126 24 longtemps
2338 5305 154 24 d'appartenir
2509 5309 15 20 à
2541 5309 23 20 la
2580 5310 80 21 bande.

2220 5328 99 21 Conduit
2332 5329 84 21 devant
2431 5331 20 20 le
2468 5334 152 20 commissaire
2642 5336 16 20 il

2194 5352 60 20 clina
2267 5357 41 16 son
2324 5352 95 23 identité
2438 5359 6 15 :
2462 5356 107 22 Salomon
2585 5359 70 20 Bloch

2194 5375 34 24 Jet
2240 5380 68 19 russe,
2320 5376 41 24 âgé
2373 5378 28 20 de
2414 5378 25 20 35
2453 5384 48 18 ans,
2514 5384 23 19 et
2549 5382 30 20 fit
2592 5383 39 20 des
2643 5388 25 15 av

2195 5400 114 23 complets.
2331 5401 56 21 Huit
2407 5402 44 21 fois
2475 5405 126 21 condamné
2625 5408 25 20 et

2194 5423 62 23 puise
2274 5424 29 20 de
2318 5425 92 22 France,
2427 5427 71 21 Bloch
2517 5433 15 15 a
2549 5430 48 23 pris
2615 5436 57 18 pour
2691 5438 21 15 ia

2194 5448 114 20 neuvième
2324 5448 45 21 fois
2384 5449 19 21 le
2419 5451 89 21 chemin
2524 5453 27 22 de
2566 5453 24 21 la
2604 5455 84 24 prison.

2685 5192 32 19 les

2657 5215 59 20 i'une

2688 5240 17 19 d

2684 5269 30 15 lin

2675 5337 39 20 dê-

2658 5375 4 7 .
2675 5365 39 16 su-

2658 5388 56 17 veux

2672 5413 41 15 ex-

2692 5434 20 18 la

3265 276 188 73 CINQ
3470 266 318 72 MÈTRES

3331 361 107 49 DE
3475 361 251 51 NEIGE

3316 460 24 31 A
3358 459 41 32 U
3418 460 90 31 SUITE
3526 460 94 32 D'UNE
3637 459 106 32 CHUTE
3764 452 6 10 '

3277 504 296 31 D'EXCEPTIONNELLE
3591 504 194 32 ABONDANCE
3799 532 5 6 .

3294 554 93 23 Urbino,
3407 554 13 20 2
3441 554 95 24 Janvier.
3556 565 27 5 —
3603 555 51 21 Une
3674 554 69 21 chute
3763 551 29 25 dé

3270 579 65 24 neige
3347 579 67 21 d'une
3429 580 177 24 exceptionnelle
3621 579 133 22 abondance
3768 579 25 21 et

3270 605 38 23 qui
3323 609 15 16 a
3352 605 91 22 atteint,
3455 609 30 16 en
3499 605 107 24 quelques
3620 605 108 25 endroits,
3742 604 38 25 Jus-

3270 629 52 24 qu'à
3333 630 52 24 cinq
3397 629 84 21 mètres
3494 630 28 21 de
3535 630 105 23 hauteur,
3653 635 14 15 a
3680 628 112 26 provoqué

3272 656 6 18 1
3281 656 156 22 interruption
3460 655 39 20 des
3523 655 72 24 lignes
3618 655 133 24 électriques
3768 654 25 21 et

3271 680 79 24 bloqué
3361 680 106 24 quelques
3479 681 79 20 trains.

3296 706 46 20 Des
3372 705 144 21 locomotives
3546 706 129 24 puissantes
3705 705 88 21 munies

3273 731 55 20 d'un
3339 731 107 23 outillage
3456 730 84 24 spécial
3552 732 42 20 ont
3605 731 73 21 réussi
3690 731 15 21 à
3716 730 77 25 frayer

3272 760 32 15 un
3316 759 94 19 passage
3423 759 45 16 aux
3480 755 80 21 trains.
3570 766 26 4 —
3608 756 83 20 Havas.

2841 1602 42 22 (De
2895 1601 65 20 notre
2972 1598 186 25 correspondant)

2762 1634 105 21 Londres,
2878 1633 12 19 2
2901 1632 96 24 janvier.
3007 1641 27 4 —
3048 1631 54 19 (Par
3115 1628 136 25 téléphone.)

2736 1669 27 5 —
2777 1659 33 20 La
2823 1659 84 20 femme
2920 1657 54 20 d'un
2989 1656 110 20 musicien
3112 1655 53 20 bien
3178 1658 77 17 connu

2737 1688 30 16 en
2782 1683 138 24 Angleterre,
2936 1683 49 18 Mrs
3000 1682 80 21 Kerry,
3092 1680 35 20 est
3143 1680 73 20 morte
3229 1683 25 16 ce

2736 1709 80 22 matin,
2830 1708 58 20 dans
2902 1707 40 20 des
2956 1705 128 21 conditions
3098 1704 120 24 tragiques.

2761 1734 48 20 Elle
2822 1733 99 20 habitait
2935 1737 44 15 une
2992 1731 53 24 jolie
3058 1731 89 20 maison
3161 1730 58 20 dans
3231 1729 24 20 la

2737 1759 44 20 cité
2793 1758 116 20 d'Oxford.
2918 1757 85 24 Depuis
3015 1756 105 24 quelques
3132 1755 69 23 jours,
3214 1759 41 16 son

2737 1784 58 20 mari
2810 1783 57 20 était
2880 1783 87 21 absent,
2981 1786 57 19 pour
3052 1780 102 21 affaires.
3168 1780 31 20 Le
3215 1779 39 20 fils

2736 1809 24 20 ct
2781 1813 33 16 un
2831 1808 29 20 de
2881 1812 36 15 ses
2936 1807 59 20 amis
3017 1806 113 23 logeaient
3151 1805 58 21 dans
3231 1804 23 20 la

2737 1833 95 20 maison.

2763 1865 55 20 Hier
2833 1864 52 22 soir,
2901 1864 49 19 Mrs
2968 1863 74 23 Kerry
3060 1866 25 16 se
3103 1860 77 21 rendit
3196 1860 58 20 dans

2737 1889 23 21 la
2781 1889 85 20 cuisine
2884 1888 15 20 à
2919 1888 84 20 l'heure
3021 1886 36 23 où,
3075 1885 138 24 d'habitude,
3232 1885 22 20 la

2737 1914 139 23 domestique
2890 1913 65 20 allait
2968 1917 24 16 se
3003 1911 103 22 coucher.
3119 1912 49 19 Mrs
3181 1911 74 22 Kerry

2737 1939 78 20 donna
2834 1943 33 15 un
2888 1937 85 24 chèque
2992 1937 15 20 à
3023 1941 27 16 sa
3067 1936 112 22 servante,
3197 1940 58 19 pour

2737 1969 36 15 ses
2783 1968 74 20 gages,
2867 1963 53 20 bien
2931 1967 42 19 que
2986 1962 90 20 ceux-ci
3088 1966 29 15 ne
3129 1961 74 20 soient
3213 1964 42 20 pas

2737 1989 76 20 échus.
2829 1988 54 20 Puis
2900 1987 42 20 elle
2957 1987 67 20 remit
3039 1986 128 24 également
3181 1985 74 20 divers

2737 2013 97 24 chèques
2849 2017 57 20 pour
2923 2013 40 19 des
2979 2012 166 22 commerçants
3158 2011 40 20 des
3213 2014 29 16 en-

2738 2039 82 24 virons,
2832 2038 78 24 priant
2921 2038 24 20 la
2953 2037 139 23 domestique
3103 2036 28 20 de
3141 2035 72 25 régler
3222 2037 33 20 les

2737 2064 107 23 comptes.

2763 2089 32 19 La
2810 2088 105 20 servante
2935 2087 46 21 alla
3001 2092 24 16 se
3043 2086 103 21 coucher.

2763 2114 31 19 Ce
2812 2113 80 23 matin,
2907 2112 78 24 quand
3003 2112 42 20 elle
3063 2110 117 22 descendit
3197 2110 58 21 dans

2737 2138 23 21 la
2777 2138 93 23 cuisine,
2887 2137 43 20 elle
2946 2138 37 19 fut
2998 2136 100 25 frappée,
3113 2141 29 15 en
3157 2136 97 20 ouvrant

2739 2163 22 19 la
2773 2163 70 24 porte,
2856 2167 43 19 par
2911 2167 44 15 une
2966 2162 70 21 edeur
3047 2162 28 20 de
3089 2166 47 20 gaz.
3148 2158 54 30 ï^ui-
3212 2161 43 20 elle

2738 2188 32 20 vit
2781 2193 26 15 sa
2817 2187 117 20 maîtresse
2945 2187 71 21 assise
3026 2186 52 24 près
3088 2187 54 20 d'un
3154 2186 100 20 réchaud

2738 2212 56 21 dont
2810 2213 21 19 le
2845 2217 41 18 gaz
2901 2212 76 20 s'était
2994 2211 101 25 échappé
3109 2211 54 20 d'un
3177 2211 78 24 tuyau.

2763 2238 48 19 Mrs
2828 2238 74 22 Kerry
2919 2236 58 21 était
2992 2237 80 19 morte.
3089 2236 47 20 Son
3151 2236 46 22 fils,
3212 2240 30 20 ap-

2738 2262 49 23 pelé
2802 2261 196 21 immédiatement
3012 2266 43 19 par
3071 2264 24 19 la
3110 2261 145 24 domestique,

2739 2287 28 20 fit
2781 2287 96 20 mander
2892 2291 33 15 un
2939 2286 109 23 médecin,
3060 2286 40 24 qui
3115 2291 29 15 ne
3157 2286 42 25 put
3212 2291 42 15 oue

2738 2312 116 20 constater
2867 2313 21 19 le
2901 2311 72 20 décès.

2764 2337 37 20 On
2814 2341 24 16 se
2850 2336 112 21 demande
2975 2336 35 21 s'il
3023 2336 66 24 s'agit
3104 2336 54 20 d'un
3171 2335 84 21 suicide

2738 2365 29 17 ou
2781 2362 54 19 d'un
2850 2361 110 23 accident,
2972 2361 21 20 le
3006 2366 42 19 gaz
3058 2360 83 21 s'étant
3154 2360 100 25 échappé

2739 2390 42 20 par
2796 2391 33 15 un
2842 2387 53 20 trou
2910 2387 44 19 fait
2967 2386 58 20 dans
3040 2386 21 20 le
3075 2386 78 23 tuyau.

2764 2411 30 20 Le
2806 2416 95 15 coroner
2911 2411 91 20 ouvrira
3015 2415 46 16 une
3072 2410 96 24 enquête
3181 2411 74 20 mardi

2739 2436 117 23 prochain,
2868 2441 57 18 pour
2939 2436 75 22 tenter
3028 2436 123 21 r<'r-^l_ircir
3161 2437 21 20 le
3195 2440 49 20 mys-

2740 2461 48 20 tère
2801 2461 29 23 de
2840 2461 59 21 cette
2912 2461 61 21 mort
2985 2461 109 24 tragique.

2741 2538 36 26 LE
2792 2530 122 34 MYSTÈR
2919 2537 16 27 E
2950 2537 39 26 DE
3005 2536 34 27 LA
3051 2536 38 27 VO
3093 2536 29 27 IE
3137 2528 122 35 FERRÉE

2846 2588 43 21 (De
2905 2587 66 20 notre
2984 2587 193 24 correspondant.)

2763 2618 72 23 Paris,
2856 2619 12 18 2
2887 2617 94 24 janvier.
2998 2628 27 5 —
3044 2618 55 19 (Par
3116 2616 136 25 téléphone.)

2740 2653 25 5 —
2772 2643 128 24 L'autopsie
2911 2643 31 20 du
2952 2643 96 20 cadavre
3059 2643 29 20 de
3097 2643 104 22 l'ouvrier
3211 2643 33 20 ita-

2739 2669 46 20 lien
2794 2668 68 20 Carlo
2872 2668 106 21 Rusconi,
2987 2667 79 20 trouvé
3077 2666 132 24 déchiqueté
3218 2672 38 16 sur

2738 2693 23 20 la
2777 2693 49 22 voie
2839 2692 73 21 ferrée
2928 2692 28 20 de
2969 2693 92 19 Mantes
3076 2691 15 21 â
3105 2692 71 23 Paris,
3191 2691 15 20 à
3221 2692 39 19 400

2739 2718 84 20 mètres
2828 2718 39 20 >de
2881 2718 24 20 la
2918 2722 54 19 gare
2987 2717 29 20 de
3031 2718 33 19 La
3080 2717 169 20 Prette-Monti*

2739 2747 52 20 gny,
2803 2748 14 15 a
2830 2743 36 20 été
2880 2742 116 24 pratiquée
3009 2742 60 20 dans
3081 2742 21 20 le
3116 2742 58 24 petit
3186 2742 57 21 cime-

2740 2768 55 20 tière
2808 2768 28 20 de
2848 2768 34 19 La
2897 2767 84 20 Frette.

2764 2793 72 20 Etant
2846 2792 76 20 donné
2931 2792 63 21 l'état
3005 2792 31 20 du
3047 2792 102 22 cadavre,
3158 2792 33 20 les
3202 2797 42 15 con-

2739 2817 99 20 clusions
2852 2817 40 20 des
2904 2816 115 21 médecins
3031 2816 91 24 légistes
3134 2817 66 20 n'ont
3215 2822 41 19 pas

2741 2841 95 25 apporté
2859 2846 46 16 aux
2928 2841 136 24 enquêteurs
3081 2841 34 21 les
3134 2841 122 25 précisions

2740 2871 43 19 que
2800 2867 90 20 ceux-ci
2905 2866 150 21 attendaient.

2766 2892 38 19 Un
2814 2891 50 21 seul
2875 2892 66 24 point
2950 2896 16 16 a
2974 2896 32 19 pu
3016 2891 48 20 être
3075 2891 131 22 déterminé.
3216 2892 40 21 Les

2741 2916 110 20 blessures
2860 2919 67 21 qu'on
2939 2916 63 20 avait
3012 2916 47 23 pris
3069 2920 57 19 pour
3138 2916 39 20 des
3188 2921 67 19 coups

2740 2940 28 22 de
2779 2941 96 19 couteau
2886 2941 42 19 ont
2938 2940 36 21 été
2985 2940 69 20 faites
3063 2945 43 20 par
3115 2940 33 20 les
3158 2940 56 21 silex
3226 2941 30 20 du

2740 2965 90 25 ballast,
2844 2965 22 20 le
2881 2969 65 20 corps
2962 2966 71 23 ayant
3047 2962 36 24 été
3097 2965 105 21 entraîné
3217 2970 38 16 sui

2740 2989 51 25 près
2801 2990 28 20 de
2842 2990 39 19 500
2892 2989 90 21 mètres.

2765 3014 53 20 Ceci
2832 3015 99 20 n'exclut
2947 3019 42 19 pas
3003 3014 24 21 la
3041 3014 65 24 thèse
3122 3014 27 21 de
3166 3015 78 21 l'assas-

2739 3039 69 23 sinat,
2824 3039 22 20 le
2864 3038 69 21 crâne
2947 3040 28 20 de
2991 3040 106 21 l'homme
3112 3044 15 16 a
3141 3039 37 21 été
3193 3040 51 21 frac-

2740 3063 57 23 turé,
2813 3064 143 22 semble-t-iî,
2976 3064 15 20 à
3011 3069 70 19 coups
3100 3064 29 21 de
3146 3066 108 20 marteau

2765 3088 38 21 On
2815 3089 56 23 peut
2885 3088 112 23 admettre
3010 3094 42 19 que
3065 3089 21 20 le
3097 3094 66 20 corps
3174 3090 34 20 ait
3221 3090 35 21 été

2740 3113 129 24 transporté
2880 3118 39 15 sur
2932 3113 24 20 îa
2968 3114 50 19 voi*_*
3029 3113 67 25 après
3108 3114 21 20 le
3143 3115 76 20 crime.

2766 3138 129 20 L'accident
2913 3139 35 19 est
2962 3138 145 21 improbable.
3124 3139 37 20 On
3177 3144 24 16 se
3216 3140 28 20 de-

2740 3162 90 23 mande,
2841 3167 30 15 en
2882 3162 78 24 vérité,
2974 3159 28 24 ce"
3012 3168 43 19 que
3068 3164 99 20 Rusconi
3181 3165 76 20 aurait

2741 3186 44 21 fait
2801 3186 16 21 à
2835 3187 36 20 cet
2890 3187 96 23 endroit,
3002 3193 30 15 en
3047 3189 124 20 chaussons
3186 3189 24 21 et
3227 3194 29 17 en

2740 3211 126 21 vêlements
2877 3212 29 20 de
2921 3212 89 21 travail.

2765 3236 93 21 D'autre
2874 3238 60 23 part,
2947 3237 22 20 le
2981 3237 84 21 suicide
3079 3238 35 20 est
3126 3238 119 21 inadmissi-

2740 3260 42 20 ble.

2766 3285 69 23 Reste
2850 3286 58 21 donc
2923 3286 22 20 le
2960 3286 69 21 crime
3042 3292 49 19 que,
3103 3291 42 21 par
3159 3288 97 24 ailleurs,

2741 3314 45 17 une
2804 3310 57 21 série
2880 3311 28 20 de
2930 3312 166 20 constatations
3116 3312 141 22 troublantes

2740 3334 62 21 vient
2819 3334 84 23 étayer.
2921 3335 31 21 Le
2972 3337 142 23 portefeuille
3130 3342 43 19 que
3189 3338 66 21 Carlo

2741 3359 99 20 Rusconi
2855 3360 86 24 portait
2953 3365 41 16 sur
3006 3361 33 20 lui
3056 3366 15 16 a
3086 3361 99 25 disparu.

2764 3384 35 19 De
2826 3385 148 20 minutieuses
2998 3386 133 20 recherches
3154 3387 43 20 ont
3220 3387 35 22 été

2740 3408 70 20 faites
2820 3408 21 21 le
2854 3409 54 24 long
2921 3409 28 21 de
2961 3409 24 21 la
2997 3410 49 21 voie
3059 3411 79 24 ferrée,
3152 3416 54 16 sans
3220 3413 24 21 ré-

2741 3433 77 20 sultat.

2861 3506 282 45 PREMIÈRES

2762 3560 130 39 REPR
2894 3555 191 46 ÉSENTA
3085 3564 149 39 TIONS

2740 3621 136 21 THEATRE
2888 3623 42 19 DU
2942 3623 83 21 PARC.
3039 3634 27 5 —
3080 3624 85 21 Maitre
3179 3625 82 21 Bolbcc

2765 3647 24 19 et
2807 3651 42 16 son
2867 3648 68 23 mari;
2955 3648 100 23 comédie
3074 3654 30 16 en
3121 3650 13 20 3
3152 3651 62 20 actes
3233 3651 28 20 de

2766 3672 57 20 MM.
2837 3673 58 20 Berr
2910 3674 24 19 et
2947 3673 113 21 Verneuil.

2763 3697 57 20 Afin
2830 3702 42 19 que
2883 3703 58 15 nous
2953 3700 166 23 commencions
3131 3700 88 22 l'année
3231 3706 29 16 en

2740 3722 79 22 gaieté,
2832 3723 22 20 le
2866 3723 99 21 Théâtre
2978 3724 30 21 du
3021 3725 57 20 Parc
3091 3730 58 16 nous
3161 3731 16 15 a
3190 3727 71 20 offert

2740 3751 45 17 une
2802 3748 122 21 excellente
2940 3749 84 21 reprise
3042 3750 28 20 de
3088 3758 9 9 «
3106 3751 84 21 Maitre
3206 3752 41 19 Bol

2739 3772 40 20 bec
2788 3781 8 8 »
2816 3777 55 16 avec
2888 3774 182 24 l'incomparable
3085 3776 62 20 Mme
3162 3777 99 21 Dorzlat.

2740 3802 42 18 que
2794 3798 33 20 les
2838 3799 125 20 Bruxellois
2976 3804 29 16 ne
3017 3802 114 19 cesseront
3142 3801 106 24 d'applau-

2740 3822 41 22 dir.

2765 3849 37 19 On
2815 3853 24 17 se
2850 3850 100 22 rappelle
2960 3850 124 21 l'aventure
3096 3851 31 21 du
3140 3852 119 21 charmant

2739 3872 96 24 ménage
2852 3875 104 23 composé
2973 3875 131 24 d'Edmond,
3123 3877 68 23 jeune
3209 3877 40 21 dés-

2740 3899 83 22 œuvré,
2845 3900 24 20 et
2889 3900 28 20 de
2940 3900 94 23 Colette:,
3055 3903 93 19 avocate
3168 3902 91 21 célèbre.

2739 3924 60 21 Tout
2816 3924 98 22 d'abord,
2932 3930 57 16 nous
3005 3927 110 20 assistons
3132 3932 44 15 aux
3191 3928 69 20 effets

2739 3949 119 23 comiques,
2876 3950 58 20 mais
2956 3955 63 16 assez
3040 3952 87 23 prévus,
3149 3953 31 20 du
3202 3954 58 20 mari

2739 3974 88 20 faisant
2848 3975 33 20 les
2902 3975 108 23 besognes
3033 3977 28 20 de
3083 3977 24 20 la
3129 3978 84 21 femme
3237 3980 22 19 ct

2739 3999 96 23 l'épouse
2852 4000 88 20 faisant
2955 4001 21 20 le
2990 4002 82 20 travail
3089 4003 30 20 du
3137 4004 65 19 mari.
3218 4004 42 20 Les

2739 4024 95 20 affaires
2847 4030 26 15 se
2887 4025 79 23 gâtent
2980 4027 176 22 naturellement
3168 4033 54 15 avec
3237 4029 23 20 la

2739 4050 126 23 complicité
2881 4051 31 20 du
2925 4051 120 21 secrétaire
3061 4052 28 20 de
3105 4053 84 20 Maitre
3205 4054 41 20 Bol-

2739 4074 46 24 bcc,
2800 4075 113 24 Valentin,
2929 4080 32 16 un
2976 4076 107 24 stagiaire
3095 4077 91 24 ingénu.
3201 4079 59 20 Mais

2739 4099 14 20 à
2765 4100 23 19 la
2801 4100 59 22 suite
2871 4101 28 19 de
2912 4101 73 20 divers
2998 4101 135 24 quiproquos
3145 4103 25 20 et
3181 4105 78 20 autres

2738 4129 93 18 moyens
2854 4125 117 24 scéniques
2995 4126 103 21 Edmond
3124 4128 25 20 et
3172 4129 87 21 Colette

2739 4150 103 20 tombent
2855 4150 58 20 dans
2924 4151 33 20 les
2971 4151 52 20 bras
3038 4152 47 20 l'un
3098 4153 29 20 de
3141 4153 80 21 l'autre
3235 4156 23 19 et

2738 4174 86 24 l'esprit
2848 4175 112 22 juridique
2985 4176 21 21 le
3029 4176 81 23 cédera
3135 4177 15 21 à
3175 4178 84 25 l'esprit

2738 4204 129 16 amoureux.
2891 4213 4 10 ,

2762 4225 30 19 Et
2811 4225 114 21 comment
2944 4226 52 20 n'en
3016 4228 100 20 serait-il
3135 4233 42 19 pas
3194 4230 64 22 ainsi,

2737 4250 93 23 puisque
2846 4251 62 19 Mme
2924 4251 94 21 Dorziat
3034 4257 57 16 nous
3106 4255 107 22 apparait
3229 4261 30 18 en

2737 4274 83 21 maitre
2838 4275 89 23 Bolbee,
2946 4277 24 20 et
2986 4281 55 16 avec
3059 4278 73 23 quelle
3151 4280 66 23 grâce
3235 4282 22 20 et

2737 4304 53 15 avec
2799 4300 50 23 quel
2860 4301 72 20 talent
2943 4302 5 19 !
2962 4302 47 21 Elle
3019 4305 35 19 est
3064 4305 21 20 le
3096 4305 72 22 grand
3177 4306 80 21 attrait

2737 4324 27 21 de
2783 4325 24 19 la
2824 4325 68 23 pièce.
2908 4327 68 20 Aussi
2992 4327 92 22 fut-elle
3103 4330 121 23 applaudie
3242 4331 14 21 à

2736 4351 50 19 tout
2797 4354 90 20 rompere
2899 4352 24 19 et
2934 4352 104 24 rappelée
3050 4358 54 16 sans
3116 4355 42 20 fin.

2761 4374 20 20 H
2795 4375 38 23 n'y
2845 4380 15 15 a
2871 4380 41 19 pas
2925 4378 82 22 qu'une
3020 4380 94 19 avocate
3127 4380 58 21 dans
3197 4382 58 20 cette

2737 4403 76 19 œuvre
2823 4400 83 24 légère;
2919 4402 17 19 il
2947 4407 14 18 y
2972 4407 14 15 a
2997 4404 61 19 aussi
3068 4409 45 16 une
3124 4405 132 25 doctoresse,

2736 4425 24 20 et
2771 4425 59 21 cette
2842 4426 125 21 doctoresse
2978 4429 36 19 est
3024 4429 62 20 Mme
3098 4430 28 20 de
3138 4430 71 25 Vally,
3219 4432 37 24 qui

2737 4454 14 15 a
2767 4450 103 23 toujours
2887 4451 158 25 l'intelligence
3062 4454 28 20 de
3104 4459 36 16 ses
3157 4456 64 20 rôles.
3238 4458 19 19 I]

2737 4479 14 18 y
2763 4479 15 16 a
2790 4476 61 20 aussi
2863 4477 62 20 Mme
2935 4477 98 24 Pointel;
3047 4480 24 19 et
3084 4479 28 21 de
3124 4480 51 24 plus
3186 4481 22 20 le
3220 4486 25 16 re-

2738 4501 130 23 marquable
2884 4502 31 20 M.
2930 4502 109 24 Pesterat,
3054 4508 30 16 en
3097 4506 62 19 train
3175 4506 27 20 de
3219 4506 28 21 de-

2737 4525 65 20 venir
2816 4530 30 16 en
2860 4531 104 16 nouveau
2979 4528 96 24 Jacques
3090 4531 24 19 et
3129 4531 32 21 M.
3176 4531 83 24 Bossls,

2738 4550 38 23 qui
2791 4551 35 20 est
2843 4551 21 20 le
2882 4552 59 20 mari
2958 4553 24 20 et
3000 4553 31 20 M.
3050 4554 102 25 Gautier,
3167 4557 39 23 qui
3223 4559 35 18 est

2741 4575 110 21 Valentin.

2763 4601 30 19 Et
2805 4601 48 20 cela
2866 4601 73 22 forme
2952 4607 33 15 un
2995 4604 113 21 ensemble
3122 4605 51 21 tout
3187 4606 15 21 à
3215 4607 43 21 fait

2738 4625 52 20 bien
2804 4627 25 19 et
2842 4627 38 23 qui
2891 4631 14 16 a
2919 4627 44 20 fait
2975 4627 22 21 le
3011 4629 77 21 succès
3102 4630 28 21 de
3144 4631 24 20 la
3180 4632 72 21 soirée

2738 4660 27 5 —
2777 4651 55 20 V.G.

2740 4706 110 24 CIRQUE
2868 4708 106 21 ROYAL.
2993 4719 27 6 —
3038 4710 30 21 Le
3088 4716 101 15 nouveau
3206 4718 41 19 pro

2764 4736 107 18 gramme.

2764 4755 31 20 M
2805 4756 80 20 Fermo
2897 4761 14 16 a
2922 4760 97 20 renoncé
3030 4763 45 17 aux
3085 4761 135 21 exhibitions
3230 4763 28 20 de

2739 4779 55 20 boxe
2808 4781 38 23 qui
2859 4781 147 22 terminaient
3018 4788 42 16 son
3071 4786 119 22 spectacle,
3201 4787 58 20 mais

2739 4804 16 19 il
2770 4808 58 16 nous
2842 4805 104 24 présente
2961 4808 106 24 quelques
3081 4814 117 17 nouveaux
3214 4816 32 16 nu-

2739 4828 73 20 méros
2825 4830 28 20 de
2866 4831 91 23 qualité.

2766 4853 79 21 Citons
2870 4855 92 21 d'abord
2984 4856 34 21 les
3041 4858 117 24 Percellys,
3178 4861 79 23 quatre

2739 4877 147 23 equilibristes
2897 4884 30 16 au
2938 4881 66 23 tapis,
3015 4882 38 24 qui
3064 4882 119 22 exécutent
3195 4885 50 23 quel-

2739 4905 54 20 ques
2806 4902 72 21 beaux
2893 4904 46 21 tête
2953 4905 15 20 à
2982 4906 53 23 tête,
3049 4911 54 16 avec
3116 4912 45 16 une
3175 4909 83 21 femme

2739 4930 86 17 comme
2839 4928 98 23 porteur,
2951 4930 24 19 et
2989 4930 80 24 Jouent
3085 4932 28 20 de
3130 4932 24 20 la
3170 4934 88 23 guitare

2739 4950 57 20 dans
2815 4952 40 20 des
2874 4953 110 23 positions
3003 4955 52 21 bien
3075 4956 157 23 incommodes.

2764 4975 86 21 Notons
2865 4978 61 19 aussi
2941 4978 39 20 des
2995 4981 130 21 gymnastes
3139 4986 39 16 sur
3194 4983 52 21 tour-

2738 5001 78 22 niquet
2833 5000 77 21 aérien
2927 5004 133 20 commandé
3077 5009 42 19 par
3136 5011 45 16 une
3197 5009 60 19 sorte

2739 5023 27 20 de
2789 5025 58 22 petit
2867 5026 67 20 avion
2953 5029 123 23 suspendu;
3099 5030 20 20 le
3144 5032 113 23 capitaine

2738 5048 81 24 Bunte,
2833 5050 39 22 qui
2884 5050 53 23 joue
2952 5056 53 16 avec
3019 5053 40 19 des
3071 5054 62 23 obus,
3145 5060 55 16 avec
3212 5061 44 16 une

2738 5072 88 23 torpille
2838 5073 29 21 de
2881 5074 50 23 plus
2944 5076 28 20 de
2985 5076 58 20 deux
3056 5079 64 21 cents
3133 5079 72 24 livres,
3219 5081 36 24 qui

2737 5097 96 20 enfonce
2853 5098 40 20 des
2913 5099 62 21 clous
2995 5100 58 21 dans
3082 5107 44 16 une
3159 5105 96 23 planche

2738 5120 92 24 épaisse,
2844 5121 15 21 à
2873 5122 22 21 la
2909 5123 62 21 force
2985 5125 30 20 du
3028 5126 75 24 poing.

2762 5145 29 20 Et
2809 5146 16 19 U
2844 5151 15 19 y
2877 5151 15 15 a
2910 5149 61 19 aussi
2987 5150 40 20 des
3043 5151 93 22 Indiens
3152 5153 103 24 Jonglant

2737 5173 54 16 avec
2813 5170 39 20 des
2874 5171 92 23 haches,
2989 5174 58 20 deux
3067 5177 156 24 excentriques
3248 5184 6 15 :

2737 5194 98 24 Cnarley
2852 5196 47 20 and
2919 5197 90 23 Robert,
3027 5199 57 21 bons
3101 5201 109 21 danseurs
3225 5203 29 20 de

2736 5221 65 20 gigue
2820 5220 24 19 et
2858 5220 124 21 chanteurs
2997 5225 118 20 amusants

2761 5242 31 20 Le
2810 5243 45 20 trio
2874 5245 69 20 Dario
2969 5246 44 21 fait
3044 5248 103 24 toujours
3179 5255 76 19 passer

2735 5267 64 23 vingt
2815 5268 99 21 minutes
2931 5269 124 24 plaisantes
3071 5277 45 16 aux
3132 5276 84 22 grands
3230 5276 23 20 et

2735 5295 45 16 aux
2795 5292 74 23 petits
2878 5294 24 19 et
2917 5293 22 21 le
2953 5295 128 22 professeur
3093 5298 51 21 Arls
3157 5299 96 25 intrigue

2735 5315 161 22 sérieusement
2905 5317 21 21 le
2937 5318 75 23 public
3023 5324 42 20 par
3075 5326 36 16 ses
3121 5324 120 22 mystérieu-

2735 5343 41 18 ses»
2785 5339 142 25 expériences
2940 5346 54 17 avec
3007 5348 42 17 son
3063 5346 62 24 sujet
3138 5348 56 21 Mlss
3208 5350 44 19 Pa-

2759 5388 32 19 La
2806 5388 134 25 ménagerie,
2953 5391 24 20 la
2992 5393 110 22 cavalerie
3116 5396 136 24 complètent

2734 5411 173 22 heureusement
2926 5419 25 16 ce
2971 5416 58 21 beau
3049 5422 148 22 programme,
3213 5423 38 22 qui

2733 5440 25 15 se
2778 5436 96 21 termine
2894 5438 15 20 à
2928 5439 75 25 temps
3022 5446 57 20 pour
3097 5444 78 22 sauter
3194 5446 57 22 dans

2733 5459 33 21 les
2787 5460 101 22 derniers
2906 5462 79 23 trams.
3002 5475 28 6 —
3050 5466 53 22 Ri.

3311 1676 73 35 W%

3324 1838 451 81 SPÂ-MONOPOLE

3314 1946 267 50 ©SOURCE
3591 1947 133 39 REINE

3332 2020 160 80 Spa
3508 2022 269 66 -Reine

3332 2123 107 27 POUR
3469 2124 74 26 LES
3575 2124 202 28 FAMILLES

3332 2214 83 26 L'eau
3446 2218 36 22 de
3514 2217 25 23 la
3558 2214 148 28 SOURCE
3730 2216 46 26 OE

3331 2249 42 25 LA
3394 2249 109 25 REINE
3521 2257 34 18 se
3577 2253 201 24 recommanda

3330 2291 53 18 aux
3396 2286 135 23 familles.
3557 2284 51 26 Les
3629 2285 149 26 Médecins

3330 2321 45 25 qui
3390 2326 35 17 en
3440 2321 50 22 ont
3510 2320 97 24 étudié
3626 2322 42 23 les
3692 2322 85 24 effrita

3330 2355 143 22 affirment
3490 2355 103 26 qu'elle
3620 2357 47 22 est
3693 2357 26 22 le
3738 2355 29 25 ré-

3331 2389 128 28 gulateur
3493 2390 37 23 de
3566 2390 26 23 la
3635 2391 140 23 nutrition,

3332 2422 91 25 D'une
3434 2423 97 27 pureté
3544 2425 195 27 remarquable
3749 2426 29 23 et

3331 2463 53 18 non
3409 2457 154 28 pétillante,
3584 2460 54 22 elle
3656 2460 46 23 est
3719 2459 58 24 trèa

3329 2493 138 27 digestive
3486 2494 30 22 et
3534 2494 68 26 peut
3627 2495 75 22 avoir
3724 2499 54 20 une

3330 2528 93 22 action
3443 2528 121 23 efficace
3583 2534 48 18 sur
3650 2529 26 23 le
3693 2529 67 24 foie.

3331 2559 42 26 On
3399 2563 57 21 sait
3479 2567 56 21 que
3565 2568 67 21 pour
3663 2563 114 24 l'arthrl-

3330 2597 95 26 tisme,
3440 2597 53 23 elle
3507 2598 46 21 est
3569 2598 209 26 Incomparable

3331 2631 29 22 et
3375 2631 84 26 qu'en
3480 2631 71 27 plus,
3572 2632 55 23 elle
3649 2633 46 22 est
3719 2631 60 26 trèa

3330 2664 166 28 diurétique.

3333 2697 51 25 Les
3410 2700 148 23 bouteilles
3589 2699 190 28 SPA-REINE

3331 2735 110 25 portent
3454 2735 25 22 le
3493 2735 101 26 disque
3611 2741 86 22 rouge

3331 2802 144 27 Consommez
3497 2818 11 7 -
3532 2802 24 28 la

3330 2836 55 27 chez
3407 2845 55 18 vous
3482 2841 22 22 et
3524 2847 31 17 au

3331 2876 133 21 restaurant.
3514 2872 42 26 Au

3330 2906 57 30 café
3394 2909 76 29 exigez
3479 2905 21 27 le
3512 2905 44 33 l\4

3330 2945 89 26 SPA-
3434 2946 119 26 REINE.

3331 3015 31 20 La
3373 3021 85 15 source
3469 3018 30 18 de
3510 3019 21 17 la
3545 3017 74 19 Reine
3629 3018 41 18 ost
3679 3019 22 18 la
3711 3020 67 18 saule

3329 3049 31 14 en
3382 3044 114 23 Belgique
3517 3046 57 18 dont
3593 3044 73 20 l'Etat
3684 3050 29 15 sa
3732 3047 47 18 soit

3329 3072 100 22 occupé.
3439 3071 50 20 Son
3506 3071 127 23 périmètre
3644 3073 30 18 de
3685 3075 81 20 protec-

3329 3101 49 17 tion
3387 3105 14 13 a
3409 3100 39 18 été
3457 3100 94 19 déclaré
3560 3100 99 19 d'utilité
3668 3101 111 22 publique

3331 3132 43 17 par
3378 3126 81 20 Arrêté
3468 3127 72 23 Royal
3548 3129 30 18 du
3588 3128 14 19 2
3608 3127 16 20 8
3631 3128 58 19 févr.
3696 3128 83 20 1927.

3735 3156 67 16 (D.lOl

3319 3195 34 28 U
3374 3195 141 29 PREMIERE
3535 3195 107 30 AGENCE
3663 3194 89 31 BELOE

3319 3231 23 16 de
3359 3231 210 17 RENSEIGNEMENTS
3588 3232 173 15 COMMERCIAUX

3357 3256 96 32 VAN
3476 3257 123 32 BETS
3619 3257 32 31 &
3671 3257 58 31 C»

3382 3295 25 14 '.)"..
3426 3298 33 13 rue
3475 3296 68 17 Nenre,
3560 3295 27 18 02,
3605 3290 95 21 Brax'ellu

3398 3314 26 16 8a
3437 3314 153 17 documentation
3604 3314 78 19 préclst.

3426 3334 35 15 Ses
3471 3334 41 19 prix
3523 3335 126 18 avantageux.
3658 3337 4 4 •
3736 3334 40 17 _H2i

3413 3371 262 31 MONPLAISIR

3283 3406 20 17 la
3317 3407 71 18 crande
3402 3407 135 17 blanchisserie
3551 3408 25 16 du
3591 3408 96 16 deml-flnl
3701 3407 38 18 fait
3753 3409 51 16 ausal

3284 3427 16 16 le
3316 3427 130 19 blanchissage
3461 3428 24 16 du
3501 3428 50 18 linge
3566 3428 23 16 de
3604 3428 72 16 famille
3691 3432 24 12 en
3729 3428 76 17 Service

3487 3457 11 12 «
3512 3453 63 17 LUXE
3590 3457 10 12 »

3281 3478 69 16 Toutes
3365 3478 27 17 les
3407 3478 61 20 pièces
3483 3479 62 16 lavées
3561 3479 19 16 et
3595 3482 101 16 repasEi.es,
3711 3479 63 20 prêtes
3789 3479 13 17 k

3283 3497 63 17 servir.
3368 3498 43 16 Prix
3433 3498 12 16 k
3467 3498 19 17 la
3507 3498 58 20 plfrce.
3585 3499 76 16 Travail
3684 3499 117 20 impeccable-

3282 3517 51 16 Prise
3347 3517 20 16 et
3382 3518 65 16 remifie
3461 3518 12 16 à
3487 3518 86 17 domicile
3587 3518 12 16 à
3614 3518 43 20 Jour
3671 3518 44 19 fixe,
3730 3519 73 20 chaque

3282 3537 88 16 Eemaine.
3385 3545 21 5 —
3420 3538 38 17 178,
3472 3538 118 16 CHAUSSEE
3605 3539 30 16 DE
3650 3539 100 17 IIKLMET.
3765 3539 37 19 178,

3284 3556 140 17 RRUXEM.ES.
3440 3557 39 17 Tél.
3494 3557 83 17 1-..S6.16.
3736 3558 67 17 (D3378

3409 4270 9 8 k
3486 4258 117 16 concernant

3304 4283 26 45 la
3348 4283 132 49 Méthode
3497 4287 35 47 de
3549 4289 97 47 l'Abbé
3663 4291 122 46 Heuman

3304 4346 16 16 n
3334 4350 12 16 y
3361 4352 11 12 *
3387 4350 136 17 certainement
3537 4355 35 16 peu
3587 4353 24 16 de
3626 4353 80 18 lecteur,
3721 4355 24 17 de
3759 4359 22 14 ec

3304 4368 75 16 Journal
3395 4370 32 18 qui
3442 4371 89 16 n'auront
3546 4373 83 17 entendu
3644 4374 63 19 parler
3722 4375 24 17 de
3760 4375 20 17 la

3304 4386 87 18 méthode
3404 4389 23 16 de
3441 4389 64 17 l'Abbé
3518 4392 92 16 Heuman.

3304 4405 25 16 La
3349 4407 108 19 réputation
3477 4410 23 16 de
3519 4412 49 15 cette
3587 4411 86 18 méthode
3692 4414 30 16 est
3740 4414 40 18 trèa

3304 4427 84 15 étendue.
3406 4428 51 16 Nous
3474 4433 59 12 avons
3550 4434 43 16 reçu
3610 4432 43 19 plus
3670 4432 23 17 de
3710 4434 31 16 210
3748 4435 32 16 000

3305 4445 124 18 attestations
3452 4448 33 16 des
3509 4449 47 17 bons
3581 4450 90 18 résultats
3696 4453 85 17 obtenus.

3305 4464 49 16 Nous
3370 4467 82 16 mettons
3468 4468 12 16 a
3495 4468 20 16 la
3530 4469 112 20 disposition
3656 4471 24 17 de
3695 4472 43 17 tous
3754 4473 27 17 les

3305 4484 80 16 lecteurs
3402 4486 23 16 de
3441 4490 21 13 ce
3478 4487 75 19 Journal
3571 4490 32 18 qui
3619 4493 25 13 ne
3660 4494 34 13 con
3697 4493 85 17 naissent

3307 4523 59 9 _n__-
3367 4508 23 12 nc
3384 4525 7 7 .
3391 4508 11 12 0
3398 4525 7 7 .
3403 4508 9 12 r
3406 4506 50 26 .'J"
3472 4507 87 17 ""'"ode
3575 4509 23 16 de
3613 4510 63 17 l'Abbé
3691 4511 92 21 Heuman,

3306 4523 60 18 30,000
3383 4525 81 17 LIVRES
3483 4527 118 18 GEATl'lTS
3619 4529 31 20 qui
3668 4532 64 15 seront
3749 4535 24 13 en-

3307 4543 56 18 voyés
3383 4544 66 17 franco
3468 4549 34 13 sur
3522 4547 97 17 demande,
3640 4549 77 20 chaque
3737 4551 48 17 livre

3307 4563 85 16 contient
3406 4564 32 16 M.
3453 4568 57 15 paies
3524 4568 20 14 et
3558 4567 43 19 plua
3614 4568 25 16 de
3653 4569 31 16 iso
3699 4570 84 17 IMu.tr».

3307 4583 56 15 tlons.
3378 4583 65 17 Aucun
3459 4584 33 16 des
3507 4585 86 20 lecteurs,
3609 4588 74 16 malade
3700 4593 24 13 ou
3741 4590 42 17 bien

3308 4602 82 18 portant,
3416 4606 23 13 ne
3464 4604 40 16 doit
3528 4609 92 16 manquer
3643 4607 23 17 de
3689 4612 21 12 se
3735 4609 49 17 faire

3307 4621 86 16 adresser
3408 4625 21 13 ce
3444 4622 46 17 livre
3506 4624 72 19 franco,
3595 4626 42 16 afin
3652 4626 73 18 d'avoir
3741 4629 32 17 tou-

3306 4640 53 17 jours
3371 4641 45 16 chez
3429 4642 28 16 sol
3471 4646 26 13 un
3510 4645 98 16 conseiller
3621 4646 132 19 expérimenté.
3767 4649 16 16 II

3307 4679 64 16 s_fftl
3394 4664 15 32 É
3430 4665 65 31 £"""
3513 4666 35 14 '""
3568 4665 76 17 <""•«««
3665 4667 46 17 l"n«
3730 4668 53 17 cart-

3309 4729 24 30 L.
3344 4730 116 30 HEUMAN
3471 4731 20 30 &
3501 4732 34 30 Co

3308 4769 88 31 société
3414 4774 119 31 anonyme,

3307 4816 45 31 RUE
3366 4817 46 31 VAR
3426 4819 71 34 DVGK.
3508 4820 28 31 34

3307 4863 103 35 Anyer»,
3425 4865 17 30 A
3456 4866 44 30 77.

3305 4938 63 30 _ï.,._
3367 4942 29 26 ,5
3416 4943 35 13 con
3453 4941 38 16 "<'"
3493 4942 8 15 t
3502 4954 4 5 .
3527 4946 18 15 P-
3566 4947 23 16 e.,
3610 4948 37 13 une
3666 4946 114 20 description

3305 4958 65 16 exacte
3385 4959 32 16 des
3432 4964 32 12 cas
3478 4962 86 16 suivants
3581 4967 5 13 :
3601 4965 132 17 Calcification
3748 4967 32 16 des

3305 4977 68 18 reine..
3392 4979 82 18 A.tlune.
3493 4981 92 18 Maladie,
3602 4984 23 16 de
3642 4985 20 16 la
3680 4986 63 16 Vessie
3760 4987 20 16 et

3305 4997 31 14 des
3357 4997 62 18 Reins.
3440 4999 76 17 Anémie
3535 5003 19 15 et
3574 5003 94 19 Chlorose,
3688 5005 92 17 Catarrhe

3304 5017 32 14 des
3354 5017 100 18 Bronches.
3472 5020 84 19 Hernies,
3574 5022 87 19 Rhumes,
3679 5024 101 18 Eruption,

3303 5035 23 15 de
3338 5035 19 16 la
3370 5040 53 14 peau.
3436 5038 92 17 Maladies
3541 5041 24 16 du
3579 5042 44 16 Foie
3634 5043 19 16 et
3666 5043 23 16 de
3701 5044 19 15 la
3733 5045 45 17 Bile.

3305 5055 75 18 Ooulte,
3398 5057 144 20 Rhumatisme,
3560 5060 149 21 Hémorrh.ïdes.
3723 5063 57 19 Tom,

3304 5075 56 15 Maux
3374 5076 22 15 de
3408 5077 44 17 tête.
3465 5078 91 17 Maladies
3569 5080 23 16 de
3604 5081 99 17 l'Estomac
3716 5083 19 15 et
3747 5083 33 16 des

3304 5094 95 18 Intestins.
3413 5096 105 17 Afrectlons
3533 5099 32 16 des
3578 5100 61 19 Nerfs.
3654 5101 61 17 Plaies
3729 5103 51 16 varl-

3304 5116 77 14 queu-es
3393 5115 19 15 et
3425 5117 114 19 purulentes,
3551 5120 126 18 ArthriUsme,
3689 5121 53 17 Vices
3754 5122 24 17 du

3303 5135 53 16 sanj,
3368 5134 137 21 Constipation,
3517 5138 116 20 Hydroplsle,
3645 5140 37 16 cte.

3301 5193 86 39 BON

3303 5241 22 15 Je
3338 5241 60 17 désire
3411 5244 82 17 recevoir
3506 5245 135 19 gratuitement
3653 5248 21 17 et
3685 5252 47 14 sans
3744 5253 32 14 en-

3303 5262 99 17 gagement
3413 5263 23 16 de
3447 5267 31 13 ma
3489 5267 49 17 pan,
3550 5265 18 17 le
3579 5266 46 18 livre
3637 5267 23 18 de
3671 5268 32 17 352
3714 5273 62 16 pages,

3300 5298 46 17 Nom

3300 5336 107 20 Profession
3565 5353 18 8 „,

3299 5375 77 18 Adresse
3521 5395 12 3 _____

3300 5414 73 17 Bureau
3387 5416 24 16 de
3424 5417 64 18 Postes
3558 5431 3 6 ,

3830 4599 63 94 A

3676 5444 112 31 (ii/Di7_7i
