3985 5713
2214 1 68 31 -■mn
2283 1 23 25 w
2307 1 92 37 j.Afc.^
2405 1 9 23 i
2409 0 117 33 maw^g.
2537 17 6 15 ,
2555 0 15 24 ■>
2571 22 6 4 _
2590 0 5 21 ■
2600 0 33 26 iip
2632 0 40 32 ,i,i
2673 0 5 27 i
2678 0 36 35 ii^
2714 0 28 28 .|i
2743 0 56 30 wu,
2798 15 5 9 .
2798 0 38 36 ^
2833 0 29 39 pi
2859 18 9 15 ,
2868 0 21 33 ii
2884 0 36 34 W

1751 199 138 23 ■NATION
1898 201 102 22 BELGE
2010 201 28 22 11
2049 200 176 22 NOVEMBRE
2235 199 73 23 1931?

140 276 43 22 ont
219 274 37 24 été
293 275 178 24 transformées
506 282 31 17 en
571 275 87 28 garde-

140 302 122 23 nieubles!
285 303 20 23 Il
326 304 54 24 faut
401 310 48 22 que
470 310 42 17 ces
534 303 124 24 choses-là

140 331 82 24 soient
244 331 67 23 dites
341 335 24 20 et
388 333 81 22 soient
501 338 111 18 connues
644 332 14 23 à

138 359 95 23 l'heure
256 360 32 22 où
312 360 50 23 Ton
387 361 109 24 cherche
519 361 15 23 à
556 361 102 23 obtenir

139 393 33 17 un
195 387 97 24 million
314 388 32 23 de
365 388 65 29 plus,
450 389 98 29 chaque
569 389 88 26 année,

139 415 34 23 du
198 416 182 23 contribuable.

171 452 18 22 II
220 451 51 24 faut
301 458 55 22 que,
379 452 42 24 dès
444 452 167 29 aujourd'hui,
633 453 24 23 le

136 480 131 27 problème
286 481 32 22 du
339 481 82 23 Palais
442 482 43 23 des
505 482 151 23 Beaux-Arts

137 509 49 22 soit
214 509 100 22 ramené
339 516 44 16 sur
408 515 45 18 son
479 511 54 22 vrai
552 511 103 23 terrain.

137 535 67 28 Payé
219 543 46 21 par
278 538 80 25 l'Etat,
372 538 18 23 il
404 538 51 25 faut
470 544 48 22 que
531 545 28 17 ce
574 539 86 22 Palais-

139 565 49 23 soit
213 566 115 23 contrôlé
352 573 47 21 par
424 566 81 28 l'Etat,
531 568 122 23 surveillé

137 599 48 22 par
202 594 34 22 lui
256 596 23 21 et
298 601 48 21 que
365 596 34 23 les
419 594 99 25 artistes
537 596 83 27 belges
638 603 17 22 y

137 624 115 22 trouvent
272 621 112 26 l'accueil
403 624 67 27 large
489 626 23 21 et
531 624 123 26 généreux

137 650 52 28 qui,
214 650 62 27 seul,
299 651 146 28 justifierait
470 652 37 24 les
529 653 116 23 subsides

168 686 62 24 Mais
258 687 17 22 il
305 689 36 21 est
369 687 175 24 inadmissible
564 694 48 23 que
632 688 23 23 le

136 713 92 24 Trésor
246 715 119 25 continue
385 716 14 23 à
418 715 126 26 subsldier
562 717 15 23 à
596 723 47 17 con-

134 749 125 17 currence
282 743 31 23 de
336 744 63 23 trois
421 745 110 23 millions
554 752 47 21 par
623 750 31 17 an

136 771 46 23 des
201 771 74 23 sa'Ies
297 772 30 23 de
345 774 83 25 vente,
447 780 32 16 un
501 774 143 27 garde-meu

135 798 49 27 ble,
202 800 43 23 des
263 800 105 28 galeries
387 801 117 27 désertes,
523 802 44 23 des
585 803 69 23 films

136 828 151 28 soviétiques
306 831 23 22 et
349 830 44 22 des
413 830 141 24 orchestres
574 830 70 25 étran

136 861 64 23 gers.
216 868 33 6 —
265 856 66 24 alors
350 864 47 21 que
414 858 39 23 six
472 859 69 24 mille
558 859 31 24 de
609 866 45 17 nos

136 884 137 24 musiciens
292 889 113 21 meurent
425 887 176 25 littéralement
622 888 31 23 de

136 912 70 24 faim.
544 916 85 21 AJAX

161 974 58 21 F.-S.
234 985 28 5 —
276 976 21 20 A
312 976 23 20 la
352 977 61 19 suite
429 977 40 20 des
485 983 12 13 c
505 976 88 22 échos»
609 983 45 19 que

136 1008 58 14 nous
211 1008 73 16 avons
301 1004 89 24 publiés
408 1005 170 21 dernièrement
585 1012 41 14 sur
632 1007 22 19 le

135 1030 76 21 même
223 1032 68 24 sujet,
304 1033 21 20 le
338 1033 91 20 Conseil
443 1034 210 21 d'administration

135 1059 32 20 du
180 1059 80 21 Palais
275 1061 40 20 des
327 1061 144 21 Beaux-Arts
485 1068 59 15 nous
559 1064 94 19 adresse

134 1091 47 16 une
195 1088 69 21 lettre
277 1094 45 19 que
335 1094 58 16 nous
406 1091 133 23 publierons
554 1092 97 19 demain,

343 1130 103 22 -«>»•*-

148 1165 51 45 Les
219 1168 126 45 troubles
364 1169 71 45 dans
454 1170 28 44 la
497 1170 145 54 réception

157 1233 52 45 des
223 1233 151 45 émissions
388 1233 237 54 radiopiioniques

160 1316 44 32 Une
216 1315 92 32 réunion
322 1322 27 25 au
362 1315 73 32 Palais
450 1315 37 31 des
501 1314 126 32 Académies

157 1372 35 20 La
215 1371 154 21 Commission
393 1371 154 20 consu'*atîve
571 1370 75 19 consti-

131 1396 54 21 tuée
199 1402 30 15 en.
243 1401 44 16 vue
302 1397 29 19 de
345 1396 91 20 réduire
453 1396 33 19 les
502 1396 103 20 troubles
620 1396 27 19 af-

130 1423 92 20 fectant
239 1423 24 19 la
282 1422 117 24 réception
418 1422 41 19 des
479 1421 121 20 émissions
618 1426 32 14 ra-

136 1448 167 24 dlophonlques
318 1448 55 19 s'est
387 1446 80 21 réunie
482 1446 75 20 mardi
572 1446 81 22 matin,

135 1477 31 15 au
196 1473 75 23 palais
302 1473 38 19 des
371 1471 143 23 Académies,
543 1476 55 15 sous
629 1471 24 19 la

130 1497 136 25 présidence
287 1498 29 19 de
336 1497 31 20 M.
387 1497 52 20 Van
460 1495 193 24 Cauwenberghe,

130 1524 135 23 professeur
282 1521 16 21 à
316 1521 145 21 l'Université
481 1521 28 20 de
527 1521 127 19 Bruxelles.

132 1548 31 21 M.
180 1548 108 23 Bovesse,
306 1548 107 19 ministre
429 1547 41 19 des
487 1547 25 19 P.
529 1547 26 19 T.
571 1546 33 24 T.,
619 1550 28 16 as-

129 1574 78 19 sistait
222 1573 16 20 à
251 1574 24 20 la
288 1573 90 20 séance.

156 1606 32 19 M.
203 1605 52 20 Van
271 1605 188 23 Cauwenberghe
474 1604 75 19 donne
566 1603 88 20 lecture

132 1631 54 20 d'un
210 1631 96 24 rapport
335 1629 48 21 très
413 1628 99 24 détaillé,
536 1628 119 23 retraçant

128 1656 112 22 ^activité
252 1656 29 20 de
293 1657 24 19 la
330 1655 153 21 Commission
496 1659 31 15 au
540 1659 68 15 cours
622 1654 31 19 du

130 1682 113 20 semestre
260 1680 84 21 écoulé.

155 1713 99 21 Suivant
277 1718 26 15 ce
327 1713 101 23 rapport,
452 1712 24 19 la
499 1711 153 20 Commission

129 1739 84 20 estime
232 1744 45 19 que
298 1739 22 18 la
341 1737 171 24 promulgation
533 1737 67 19 d'une
622 1736 31 19 loi

128 1765 82 19 contre
223 1764 34 19 les
271 1763 173 25 perturbations
459 1762 64 20 radio
525 1762 127 24 phoniques

129 1790 58 20 n'est
201 1794 42 19 pas
257 1787 107 25 indiquée
377 1793 58 19 pour
447 1787 20 21 U
482 1786 170 23 moment.mais

128 1819 51 20 que,
197 1819 59 20 pour
272 1813 114 25 répondre
404 1818 46 15 aux
466 1811 126 21 nécessités
611 1812 32 19 im-

128 1840 119 21 médiat-::,
264 1840 15 18 il
294 1839 109 20 convient
416 1838 29 20 de
460 1837 65 21 -r-^sr
539 1842 32 14 un
587 1842 56 18 orga-

128 1866 77 19 nisme
224 1866 40 23 qui
285 1864 178 20 interviendrait
482 1868 44 19 par
545 1862 53 19 voie
625 1862 28 18 de

130 1891 98 19 conseils
242 1895 58 19 pour
313 1890 109 23 apporter
436 1893 44 16 ur.2
494 1888 100 20 solution
607 1892 46 14 aux

128 1916 101 25 plaintes
243 1915 41 20 des
298 1915 155 20 sans-fillst;s.

157 1948 30 19 M.
202 1948 101 19 Bovesse
318 1947 89 19 fournit
423 1947 39 19 des
476 1945 127 24 précisions
618 1948 30 15 au

132 1973 63 23 sujet
212 1973 28 19 de
257 1977 27 15 ce
301 1972 82 20 nouvel
401 1972 138 23 organisme.

158 2009 12 13 «
190 2004 45 19 J'ai
256 2002 85 23 décidé,
362 2003 65 21 dit-il.
446 2007 41 15 sur
506 2000 143 26 proposition

131 2028 28 19 de
175 2028 23 21 la
212 2028 153 20 Commission
380 2027 189 20 consultative.de
584 2031 55 15 cons-

130 2053 73 20 tituer
215 2058 28 15 en
256 2058 42 14 son
310 2053 50 19 sein
372 2057 32 15 un
415 2051 85 21 comité
511 2050 138 25 permanent

131 2078 40 23 qui
188 2082 58 15 aura
263 2082 59 19 pour
337 2078 97 18 mission
451 2077 27 19 de
496 2076 92 20 fournir
603 2080 46 14 aux

131 2103 150 19 sans-filistes
302 2103 64 18 toute
388 2101 67 21 l'aide
476 2100 129 20 matérielle
626 2100 23 19 et

130 2127 87 20 morale
238 2127 53 19 d'un
313 2127 132 23 organisme
466 2124 122 21 constitué.

157 2158 11 12 ■>
188 2152 48 19 Par
256 2153 39 18 cet
316 2151 129 24 expédient,
472 2150 106 25 j'augure
604 2154 44 19 que

129 2176 118 20 s'établira
263 2181 44 19 peu
322 2175 16 20 à
355 2181 45 19 peu
416 2181 32 14 un
465 2175 87 24 régime
569 2179 71 18 accep-

131 2201 62 20 table
210 2206 59 18 pour
285 2202 53 18 tous
356 2202 23 18 et
396 2201 40 19 des
454 2205 84 20 usages
558 2200 27 19 de
603 2200 46 19 bon

130 2225 41 25 gré
192 2226 39 24 qui
253 2226 143 19 faciliteront
416 2226 94 19 l'œuvre
531 2225 31 19 du
582 2224 58 25 légis-

130 2251 77 19 lateur
221 2251 79 23 quand
314 2255 42 15 son
373 2251 71 19 heure
459 2255 53 14 sera
528 2255 81 14 venue.

155 2280 12 13 »
184 2274 65 22 Voici
268 2276 117 19 comment
402 2275 23 23 je
444 2275 92 23 conçois
554 2275 93 19 l'œuvre

130 2299 31 20 du
182 2299 89 20 Comité
292 2300 144 23 permanent.
457 2299 19 20 Il
498 2303 95 16 recevra
614 2299 34 19 les

130 2324 101 24 plaintes
250 2323 110 21 émanent
379 2324 40 19 des
440 2324 156 22 sans-filistes,
614 2325 34 19 les

131 2349 134 20 examinera
280 2350 30 21 et,
325 2349 20 20 si
360 2349 107 24 possible,
482 2349 34 20 lea
531 2348 118 21 résoudra,

131 2374 46 19 soit
195 2379 35 18 en,
243 2374 148 19 intervenant
409 2378 43 20 par
469 2374 23 19 la
510 2374 50 19 voie
579 2374 27 19 de
625 2373 24 19 la

131 2398 138 23 persuasion
293 2397 84 25 auprès
411 2398 40 19 des
482 2397 166 25 propriétaires

130 2423 178 19 d'installations
328 2422 131 21 émettrices
480 2423 27 19 de
526 2423 121 23 parasites,

129 2448 47 19 soit
194 2453 28 14 en
240 2448 191 19 recommandant
449 2449 53 18 tous
521 2448 33 19 les
573 2448 66 22 dispo-

128 2472 63 20 sitifs
207 2472 135 24 techniqurs
358 2473 39 23 q'ji
413 2473 86 19 auront
515 2472 36 20 été
568 2477 69 14 recon-

130 2493 58 23 nus'
197 2497 162 23 d'application
380 2498 108 22 pratique
516 2502 29 14 en
573 2496 76 20 même

129 2521 76 24 temps
228 2521 187 24 qu'économique
440 2527 59 17 pour
523 2521 123 24 empêeher

129 2546 24 19 la
166 2546 137 23 production
319 2547 28 19 de
360 2547 122 22 parasites.
496 2547 21 19 A
530 2548 37 18 cet
582 2546 65 22 effet,

128 2570 16 20 il
165 2575 87 20 pourra
271 2571 134 23 condenser,
425 2571 146 20 notamment
591 2575 54 15 sous

130 2595 75 19 forme
222 2595 28 20 de
267 2596 80 21 traits,
363 2596 34 19 les
413 2596 114 20 solutions
545 2595 102 21 étudiées

131 2620 24 19 et
176 2619 145 25 préconisées
342 2625 44 19 par
405 2621 33 19 les
461 2621 101 19 diverses
585 2625 64 15 sous-

129 2645 168 19 commiîsions.

108 2691 8 7 »
154 2681 13 13 »
183 2675 31 24 II.
222 2675 112 23 fournira,
353 2682 29 14 en
399 2677 73 21 outre,
490 2677 54 20 tous
562 2676 75 21 rensei-

128 2702 122 21 gnements
267 2702 23 18 et
306 2701 139 20 indications
462 2702 75 20 utiles!
552 2702 46 20 soit
615 2701 22 19 di-

127 2725 135 22 rectement,
281 2726 46 19 soit
345 2731 44 18 par
406 2726 188 20 l'intermédiaire
614 2727 31 19 du

117 2746 7 9 *
128 2750 107 20 ministre
258 2750 28 19 de
308 2750 136 24 l'Intérieur,
467 2756 47 14 aux
536 2751 110 20 admlnis-

105 2795 4 7 _
130 2773 101 21 traitons
262 2776 158 19 communales
451 2775 130 21 désireuses
613 2775 34 21 de*

125 2797 111 25 protéger
255 2798 62 22 leurs
338 2800 149 20 administrés
514 2802 80 19 contre
621 2801 24 19 la

123 2823 143 25 .production
288 2825 40 19 des
348 2826 116 22 parasites
485 2826 118 20 affectant
623 2826 23 18 la

127 2848 119 24 réception
264 2849 189 24 radlophonique.

137 2875 29 22 ï>
185 2879 82 21 Aucun
288 2880 98 23 pouvoir
405 2881 27 19 de
453 2880 193 25 réglementation

129 2902 136 33 onik^toire
281 2909 30 14 ou
327 2905 28 19 de
369 2906 126 19 coercition
510 2905 89 21 n'étant
614 2911 34 15 re-

122 2926 93 21 'iftdnaù'
230 2930 31 17 au
269 2927 98 21 "comité
390 2931 143 22 permanent,
557 2930 91 20 celui-ci

130 2951 72 21 devra
224 2956 94 16 exercer
341 2954 180 20 exclusivement
544 2959 27 14 sa
595 2955 44 19 mis-

128 2976 53 20 sion
197 2982 44 18 par
257 2978 108 19 l'entente
382 2979 23 19 tt
422 2979 23 19 la
462 2979 155 21 conciliation.
635 2985 12 13 »

337 3016 107 25 tO-bV*-

174 3052 44 38 Lgs
239 3053 34 37 50
293 3061 45 30 ans
359 3055 30 36 de
409 3055 40 36 vie
470 3055 132 44 religîense

126 3107 107 38 (ta'R.P.
247 3109 84 45 Forget
345 3112 41 34 ont
400 3109 39 38 été
452 3110 51 38 fêté
516 3111 14 37 à
544 3111 105 38 Tournai

139 3190 47 20 (De
202 3192 67 18 notre
284 3192 184 23 correspondant
484 3193 147 23 particulier}

333 3230 109 24 Tournai,
454 3230 27 20 10
493 3232 131 20 novembre.

150 3260 32 20 Le
196 3261 28 19 R.
238 3262 26 19 P.
278 3262 92 24 Forg:t,
385 3267 32 15 un
432 3262 40 20 d?s
486 3264 52 22 plus
550 3262 60 21 zélés
625 3264 24 19 et

124 3285 40 20 des
178 3287 51 23 plus
243 3288 175 25 sympathique?
431 3288 112 26 religieux
555 3289 31 19 du
599 3289 40 20 Col-

125 3311 51 25 lège
194 3312 40 19 des
251 3311 102 22 Jésu:te3
370 3312 15 21 à
401 3313 109 25 Tournai,
528 3320 16 14 a
559 3314 91 20 cdlébré

123 3338 76 18 mardi
219 3343 42 14 son
280 3338 72 23 jubilé
370 3340 28 19 de
416 3340 126 23 cinquante
561 3340 87 20 années

123 3362 29 20 de
164 3363 37 19 vie
214 3364 128 23 religieuse.

150 3388 32 19 Le
199 3389 108 22 jubilaire
323 3395 15 14 a
356 3390 85 21 chante
459 3395 46 15 une
521 3395 76 16 messe
615 3396 26 14 so-

121 3414 99 20 lennelle
235 3411 112 25 d'acÛom
362 3416 29 19 de
406 3415 82 25 giâces
506 3421 29 15 en
550 3417 24 19 la
589 3417 50 20 Cha-

121 3434 60 30 pelle
201 3440 31 19 du
253 3439 91 27 Collège
365 3441 163 20 Notre-Dame.
549 3443 20 18 Il
590 3442 58 20 était

121 3465 85 20 assisté
219 3464 15 20 à
248 3465 76 21 l'autel
339 3467 31 19 du
383 3467 28 19 R.
424 3467 26 20 P.
463 3468 103 19 Recteur
579 3469 24 18 et
615 3468 32 19 du

121 3490 29 20 R.
161 3491 26 19 P.
199 3491 81 24 Piiirj-
293 3496 37 15 sas
342 3492 125 23 confrères,
478 3493 41 19 des
530 3494 116 19 membres

123 3516 32 20 du
168 3516 76 24 cl:rgé
257 3518 75 22 parmi
345 3518 98 23 lesquels
456 3519 31 19 M.
499 3519 22 18 le
534 3519 114 20 chanoine

120 3542 169 24 Doutelungne,
297 3543 75 24 doyen
382 3544 31 19 du
424 3544 116 23 Chapitre.
551 3545 45 19 Les
604 3543 34 21 élè-

120 3571 42 15 ves
173 3568 30 18 du
214 3567 91 25 Collé";-!
313 3569 94 19 avaient
414 3569 55 19 tenu
476 3569 16 20 à
498 3571 111 23 apporter
616 3575 30 15 au

121 3593 29 20 R.
161 3593 26 20 P.
199 3593 85 24 Forget
295 3594 21 19 le
326 3593 148 27 témoignage
485 3595 29 19 de
525 3596 51 19 leur
586 3600 52 19 sym-

122 3619 90 23 pathie;
226 3620 33 18 lea
271 3620 116 19 membres
399 3620 28 20 de
439 3621 24 19 la
475 3620 172 25 Congrégation

123 3644 28 19 de
171 3644 154 20 l'Immacuiée
344 3646 148 23 Conception,
512 3646 84 20 établie
616 3651 31 15 au

121 3669 92 25 Collège
227 3671 163 23 Notre-Dame,
405 3672 57 19 dont
474 3672 21 19 le
510 3672 22 19 R
551 3672 26 20 P.
591 3672 56 19 For-

121 3695 41 23 got
182 3695 37 20 fut
240 3696 22 19 le
283 3696 122 23 directeur,
427 3697 135 20 assistaient
582 3702 56 15 nom-

120 3720 73 20 breux
205 3720 16 20 à
233 3722 61 19 cette
307 3721 135 21 cérémonie.
455 3723 22 19 A
488 3723 77 19 l'issue
580 3723 27 19 de
622 3723 24 19 la

122 3750 83 18 messe,
220 3747 21 19 le
259 3746 111 26 religieux
384 3748 108 23 jubilaire
508 3749 103 19 entonna
626 3749 21 19 le

122 3777 12 12 c
149 3771 32 20 Te
195 3772 76 19 Deu:n
285 3779 13 12 »
313 3773 84 20 chanté
412 3778 43 19 par
471 3774 23 19 la
508 3779 12 14 «
535 3774 84 20 Schola
634 3780 12 13 »

121 3796 32 20 du
166 3797 98 25 Collège.

147 3823 33 19 Le
191 3823 28 19 R.
231 3824 25 18 P.
268 3824 101 19 Aristide
382 3824 86 24 Fcrget
480 3825 35 19 est
526 3824 30 20 né
568 3824 16 20 à
595 3825 52 20 Chi-

121 3852 39 19 ity,
178 3849 22 19 le
216 3848 26 20 13
259 3850 124 19 novembre
400 3850 60 22 1S01;
480 3850 16 19 il
513 3851 134 23 appartient

120 3871 17 21 à
147 3874 61 19 cette
219 3875 61 19 forte
292 3880 53 14 race
357 3875 139 20 ard:nnaise
508 3876 40 24 qui
559 3876 87 20 semble

121 3898 76 21 défier
217 3900 33 19 les
270 3900 91 20 années.
381 3900 75 24 Aprè3
476 3901 29 20 de
525 3902 121 19 brillantes

122 3923 80 21 études
216 3930 30 14 au
260 3926 63 19 Petit
338 3925 128 21 Séminaire
480 3927 28 19 de
521 3927 125 24 Bastogne,

122 3949 16 19 11
154 3950 67 19 entra
235 3955 30 15 au
279 3951 108 20 Noviciat
403 3952 100 23 d'Arlcn,
518 3953 22 19 le
554 3953 26 19 23
597 3957 41 19 sep-

121 3975 90 20 tembre
223 3976 58 20 1831.
293 3977 56 19 Puis
364 3977 37 19 fut
414 3977 95 24 désigne
521 3982 60 19 pour
593 3978 44 19 l'en-

123 4000 144 24 seignement
289 4002 24 20 et
334 4003 93 23 remplit
448 4002 17 20 à
483 4003 93 20 Namur
612 4004 34 19 les

121 4026 117 20 fonctions
248 4027 28 19 de
286 4026 77 25 préfet
373 4022 41 26 d'as
425 4028 86 20 études.

150 4051 19 19 II
183 4053 77 18 arriva
272 4051 16 20 à
299 4053 72 20 Arlon
384 4059 28 14 en
424 4054 58 23 1912,
495 4059 90 16 comme
597 4054 42 25 pré-

121 4076 112 21 dicateur.

148 4102 86 23 DepuÎ3
247 4102 35 21 six
295 4108 49 19 ans,
356 4104 17 23 Jl
386 4104 75 21 rôside
473 4103 16 21 à
500 4105 102 21 Tournai
614 4104 31 21 où

125 4126 16 21 II
162 4128 36 19 est
218 4128 85 24 chargé
323 4129 29 20 de
371 4130 24 19 la
414 4129 172 26 Congrégation
607 4131 41 20 des

123 4153 126 19 Messieurs
261 4154 24 19 et
297 4154 28 19 ds
335 4155 24 19 la
371 4155 96 20 retraite
478 4157 126 19 mensuelle
616 4156 31 20 du

122 4178 88 25 Clergé.
221 4178 114 24 Toujours
347 4181 97 20 attentif
455 4180 16 20 à
483 4181 23 20 la
517 4182 127 20 formation

122 4205 25 18 et
161 4203 16 20 â
193 4204 24 19 la
232 4204 112 20 direction
360 4205 28 21 de
406 4205 23 21 la
444 4206 114 24 jeunesse,
575 4207 16 20 il
607 4208 38 19 fut

123 4229 137 20 l'initiateur
273 4228 32 21 du
317 4229 124 22 secutismé
453 4237 31 15 au
497 4232 92 25 Collège
601 4233 37 19 No-

125 4254 120 20 tre-Dame
264 4253 30 21 où
313 4255 16 20 il
347 4255 89 25 dirigea
455 4257 24 20 la
498 4258 83 24 troupe
612 4258 37 20 St-

124 4279 131 21 Eleuthers.

149 4305 33 20 Le
195 4305 29 20 R.
239 4306 26 19 P.
278 4305 86 25 Forget
376 4307 37 20 est
425 4308 22 19 le
460 4307 63 21 frère
536 4309 30 20 de
580 4309 30 20 M.
624 4310 22 19 le

121 4330 116 20 chanoine
249 4331 92 24 Forget,
353 4331 22 20 le
386 4332 115 25 distingué
512 4335 134 23 professeur

122 4356 30 19 de
168 4355 147 21 l'Université
333 4357 28 20 de
380 4357 109 22 Louvain.

138 5454 33 22 M.
186 5457 20 18 et
220 5454 60 22 Mme
293 5452 136 25 BRACBOT
435 5466 10 5 -
451 5453 185 25 SCBOLLAERT

126 5483 37 26 gui
182 5483 97 23 viennent
299 5479 26 26 de
343 5483 55 26 fêler
416 5483 54 22 leurs
489 5490 61 16 noces
569 5485 47 21 d'or
635 5481 13 24 â

125 5512 67 21 Lier?,
209 5511 40 24 tes
263 5511 105 26 jubilaires
383 5514 37 19 ont
436 5518 26 15 eu
478 5511 65 23 douze
559 5513 89 25 enfants.

124 5540 103 25 Lé'matl,
239 5540 73 21 ancien
325 5539 121 27 Potiekr'de
460 5540 83 26 Bruges,
556 5547 14 15 a
583 5541 65 25 perdu

124 5568 21 21 la
157 5574 39 16 vue
207 5568 13 22 à
230 5567 21 22 la
262 5569 52 21 suite
320 5569 26 21 de
354 5569 97 21 blessures
458 5575 68 20 reçues
533 5575 25 15 t*
563 5570 85 22 service.

686 280 359 80 Petite
1089 277 657 100 Chronique

681 424 101 19 Bulletin
793 422 194 24 météorologique
999 422 31 20 du
1041 422 26 19 10
1076 421 126 21 novembre

905 447 23 21 (2
929 449 25 10 m#
971 446 107 22 bulletin)

708 473 34 20 Un
766 472 87 25 profond
876 472 105 20 minimum
1004 470 150 25 barométrique
1177 470 25 20 de

683 499 70 22 730™™
771 504 23 14 se
812 501 71 16 trouve
900 498 14 20 à
931 497 20 20 la
969 497 46 20 côte
1034 496 123 21 occidentale
1176 496 25 20 de

682 522 100 21 l'Irlande.

709 548 42 19 Des
782 548 67 20 fronts
879 546 126 24 cycloniques
1036 548 114 18 traversent
1181 545 20 20 la

682 573 95 24 Belgique
794 573 25 19 de
834 573 71 19 l'ouest
922 578 45 14 vers
983 572 51 22 l'est,
1050 572 18 19 II
1085 577 23 14 en
1126 571 75 20 résulte

681 603 36 14 sur
736 604 36 14 nos
792 597 80 23 régions
892 597 36 20 des
949 600 57 16 vents
1026 603 56 14 assez
1103 596 53 20 forts
1177 596 24 19 de

681 623 110 23 sud-ouest,
811 628 27 14 un
858 622 37 20 ciel
914 625 91 20 couvert,
1025 622 25 19 de
1069 622 19 18 la
1107 621 54 23 pluie
1181 625 19 15 et

680 648 37 20 des
734 648 144 23 températures
895 647 25 20 de
938 648 33 18 io°
988 646 90 20 environ.

707 673 74 23 Temps
801 671 94 26 présumé
920 678 6 14 :
947 672 65 19 Vents
1031 676 57 14 assez
1108 670 53 20 forts
1181 673 20 17 et

680 698 65 19 même
764 698 53 19 forts
835 697 26 19 du
879 696 112 22 sud-ouest,
1009 702 94 18 nuageux
1121 696 14 20 à
1152 701 39 14 cou-

683 726 50 19 vert,
755 722 65 25 pluies
842 721 154 20 intermittentes
1021 723 93 20 (averses
1136 721 66 18 même

679 748 128 22 orageuses).
823 747 154 23 Températures
993 746 111 20 modérées.

706 772 155 24 Températures
877 775 32 17 cet
923 771 120 24 après-midi
1056 777 6 14 :
1079 777 11 17 5
1092 773 9 9 0
1116 771 13 20 à
1145 770 55 22 Oslo,

681 798 22 19 6'
726 798 14 19 à
764 797 148 21 Saint-Hubert
936 800 20 16 et
979 795 138 24 Helsingfors,
1142 801 11 18 7
1155 797 9 10 0
1188 795 12 19 à

681 822 121 23 Stockholm,
819 823 22 18 8"
857 822 13 20 à
887 822 51 23 Riga
954 824 20 17 et
991 821 140 23 Copenhague,
1148 822 22 21 g"
1187 821 12 19 i

681 847 92 24 Chimay,
786 847 68 20 Berlin
866 850 20 16 et
898 845 106 25 Varsovie,
1018 848 33 18 io°
1062 846 13 20 à
1088 846 112 20 Bruxelles,

681 872 89 20 Londres
788 875 20 17 et
826 871 96 23 Ostende,
943 873 33 18 n"
994 872 13 20 à
1023 871 92 22 Utrecht,
1137 872 32 18 is°
1187 870 13 20 à

681 897 65 22 Paris,
763 897 83 23 Prague
865 899 20 17 et
903 896 84 22 Vienne,
1008 902 23 16 14
1032 898 9 10 0
1059 896 13 20 à
1091 895 109 24 Budapest,

683 924 33 21 17*
734 923 13 20 à
766 922 101 21 Lisbonne
886 922 65 19 Rome
969 925 20 16 et
1009 920 106 25 Belgrade,
1133 926 24 18 25
1159 922 9 10 0
1187 921 13 19 à

680 947 69 24 Alger.

868 971 145 21 Observations
1017 977 7 14 :

680 996 118 21 Baromètre
950 997 59 23 987.4
1025 996 40 20 mb,
1084 995 69 25 (740.6
1155 997 30 10 mm
1190 998 6 17 i

680 1022 146 24 Température
842 1021 110 21 maximum
1146 1023 54 17 io°o.

680 1047 145 24 Température
839 1046 106 21 minimum
1159 1047 41 22 7°o.

680 1072 106 20 Humidité
1105 1072 25 18 86
1147 1077 17 17 p.
1182 1076 17 14 c.

680 1096 45 23 Eau
741 1096 101 21 recueillie
1135 1102 11 17 7
1148 1097 9 9 u
1157 1097 12 10 "
1168 1097 10 10 a
1179 1101 20 17 4.

681 1122 103 20 Direction
803 1122 27 20 du
851 1124 47 17 vent
1076 1121 122 21 Sud-Ouest.

680 1147 81 20 Vitesse
775 1147 27 20 du
817 1151 48 15 vent
1117 1147 13 19 8
1144 1152 27 14 m.
1187 1152 11 18 5

679 1172 70 20 Heure
763 1172 25 20 de
802 1172 58 19 soleil
1115 1177 12 13 o
1144 1172 19 19 h.
1180 1177 18 14 0.

680 1197 131 19 Déclinaison
827 1196 126 25 magnétique
1049 1202 12 17 9
1062 1198 9 9 0
1086 1197 32 23 43'
1135 1201 63 15 ouest.

680 1222 81 20 Marées
783 1228 7 15 :
807 1222 97 24 Oitende,
920 1228 12 13 o
949 1223 20 19 h.
984 1227 25 18 24
1026 1225 20 16 et
1065 1228 23 13 is
1103 1222 20 20 h.
1140 1227 32 17 50.

731 1256 27 6 —
809 1247 87 22 Anvers,
914 1253 12 18 3
944 1246 20 24 h,
982 1252 22 18 31
1025 1250 20 16 et
1064 1252 22 18 15
1104 1247 19 19 h.
1143 1252 30 17 55.

680 1271 61 21 Soleil
760 1278 7 14 :
781 1271 61 24 lever,
857 1273 12 18 6
883 1273 20 20 h.
918 1277 37 19 50;
970 1272 94 23 coucher,
1080 1272 24 19 16
1117 1272 21 20 b.
1152 1277 20 18 3.

1103 1318 33 20 Le
1153 1318 45 20 Roi

679 1342 55 21 vient
752 1342 117 21 d'accorder
888 1349 36 13 son
943 1343 49 19 haut
1010 1346 111 20 patronage
1139 1343 13 19 à
1172 1349 25 13 un

678 1368 74 20 comité
775 1368 74 24 chargé
873 1368 25 20 de
921 1368 92 23 glorifier
1036 1369 13 19 à
1074 1368 80 20 Namur
1178 1368 19 19 i-i

678 1393 96 20 mémoire
786 1393 27 20 du
827 1393 111 20 lieutenant
949 1393 83 24 général
1045 1393 63 20 baron
1122 1393 74 21 Michel

677 1418 27 21 du
718 1418 65 23 Faing
795 1418 145 23 d'Aigrement,
954 1418 109 20 défenseur
1076 1418 24 20 de
1113 1419 19 19 la
1145 1424 42 17 posi-

678 1443 44 20 tion
743 1443 92 20 fortifiée
856 1444 26 19 de
905 1449 49 17 1914
975 1447 20 16 et
1015 1443 142 20 commandant
1177 1444 19 18 la

677 1470 23 21 4*
718 1468 86 20 division
822 1467 90 22 d'armée
928 1468 88 24 pendant
1033 1472 55 16 toute
1105 1469 20 20 la
1143 1474 43 14 cam-

677 1499 66 18 pagne
763 1494 116 23 1914-1918.

704 1519 29 20 Le
754 1519 73 19 comité
850 1518 91 21 executif
963 1521 31 17 est
1015 1518 81 25 présidé
1119 1524 38 19 par
1179 1518 6 14 !
1186 1525 12 13 e

678 1543 111 21 lieutenant
809 1543 82 25 général
913 1544 72 19 Flebus
1005 1544 71 19 ancien
1097 1549 92 14 cominan

678 1569 49 19 dant
744 1569 25 20 de
785 1569 20 19 lu
824 1570 33 18 10*
874 1568 88 20 division
979 1568 136 21 d'infanterie.

1020 1615 34 20 Le
1070 1615 127 20 Souverain

677 1640 56 20 vient
753 1640 26 20 de
800 1640 53 20 faire
872 1640 69 20 savoir
961 1646 26 14 au
1008 1640 103 24 président
1131 1640 26 20 de
1177 1646 19 14 ia

677 1665 80 21 Société
773 1666 25 20 de
813 1665 123 22 Littérature
951 1665 100 20 wallonne
1064 1665 48 24 qu'il
1127 1670 60 18 accep-

676 1691 38 20 tait
732 1691 121 19 l'invitation
871 1691 14 20 à
903 1690 83 21 assister
1005 1691 13 20 à
1037 1691 19 19 la
1075 1690 74 21 séance
1169 1691 26 19 du

677 1721 25 18 24
731 1715 114 23 novembre,
874 1715 105 24 organisée
1001 1716 13 20 à
1035 1715 106 20 l'occasion
1169 1716 27 19 du

676 1743 36 21 75"
727 1741 139 20 anniversaire
882 1741 24 20 de
922 1742 19 19 la
957 1741 105 20 fondation
1079 1742 24 19 de
1118 1742 19 18 la
1155 1741 41 20 dits*

676 1765 81 24 société,
776 1766 34 23 qui
828 1772 23 14 se
869 1766 87 23 tiendra,
974 1767 13 19 à
1004 1772 13 17 9
1036 1767 79 22 heures,
1133 1772 25 14 en
1176 1766 19 19 la

676 1791 49 20 salie
743 1791 131 24 académique
891 1791 25 20 de
934 1790 132 22 L'Université
1085 1791 25 21 de
1128 1791 67 23 Liégt.

745 1844 52 20 Une
815 1843 133 25 délégation
965 1844 30 20 de
1013 1844 24 19 la
1055 1843 140 20 Fédération

838 1869 41 19 des
896 1869 116 19 Invalides
1028 1869 32 19 du
1075 1869 95 19 Travail

677 1897 20 16 et
715 1894 26 20 de
760 1893 53 20 Paix
833 1899 12 14 a
866 1894 32 20 été
918 1900 60 17 reçue
997 1900 24 13 en
1042 1894 98 19 audience
1160 1899 36 18 par

676 1917 31 23 M.
732 1920 32 19 De
789 1919 84 24 Becker,
898 1918 137 25 chef-adjoint
1059 1919 28 20 du
1112 1919 84 20 Cabine:

675 1945 28 19 du
723 1944 92 20 ministre
836 1944 25 19 de
882 1943 116 22 ['Industrie
1018 1949 20 15 et
1058 1945 27 19 du
1106 1944 82 19 Travail

700 1969 45 20 Elle
763 1976 13 14 a
795 1969 98 20 demandé
912 1970 20 19 la
952 1969 91 20 création
1063 1969 60 20 d'une
1142 1975 44 14 com-

675 1994 83 20 mission
778 1994 106 24 technique
903 1994 34 25 qui
956 1994 110 20 évaluerait
1084 1995 20 18 la
1121 1995 75 22 charge

676 2020 100 19 résultant
799 2019 28 21 du
864 2019 168 20 renouvellement
1069 2019 36 19 des
1135 2025 52 17 appa-

675 2045 48 19 reils
744 2045 26 19 de
790 2044 94 24 prothèse
905 2044 124 20 nécessaires
1050 2050 41 13 aux
1113 2044 82 20 anciens

674 2070 81 19 mutilés
772 2069 27 20 du
817 2069 79 21 travail.

701 2091 29 25 Si,
746 2095 31 19 De
793 2095 77 19 Eeeksr
884 2101 12 13 a
910 2094 71 20 assuré
995 2094 21 21 la
1031 2094 113 24 délégation
1160 2094 34 20 des

674 2120 76 21 bonnes
765 2119 130 24 dispositions
909 2120 28 20 du
952 2119 98 20 ministre.

1049 2166 38 20 Un
1106 2166 89 20 chauve

674 2198 22 13 se
710 2191 73 20 rend-il
797 2193 78 21 compte
889 2191 48 24 qu'il
951 2191 55 20 n'eût
1019 2197 37 17 pas
1070 2191 32 20 été
1117 2192 77 18 chauve

678 2223 9 13 s
696 2217 14 19 il
734 2216 56 20 avait
815 2217 95 23 toujours
936 2215 56 22 fumé
1025 2216 29 20 le3
1086 2216 108 20 excellents

675 2242 77 23 cigares
773 2241 78 22 VIEIL
870 2241 115 22 ANVERS
1003 2246 22 15 et
1044 2241 124 20 MELIOR?

703 2298 116 25 Toujours
842 2298 36 20 les
901 2298 140 20 allocations
1066 2298 127 20 familiales

701 2323 46 20 Une
761 2323 60 20 firme
834 2323 122 20 bruxelloise
970 2329 50 14 nous
1034 2323 77 24 signale
1123 2323 72 25 qu'elle

674 2355 12 13 a
702 2348 50 24 payé
768 2355 51 17 peur
833 2349 19 19 le
868 2351 22 21 3"
905 2349 102 20 trimestre
1022 2349 25 20 de
1062 2352 53 16 cette
1130 2349 65 19 année

677 2375 49 21 1S89
741 2375 27 19 fr.
782 2379 24 18 77
821 2374 25 19 de
858 2373 118 20 cotisations
989 2374 13 20 à
1015 2374 13 20 L
1047 2374 65 19 caisse
1125 2374 61 19 d'allo-

674 2399 78 19 cations
765 2398 115 27 familiales.
892 2400 41 20 Sur
944 2405 24 13 ce
979 2399 50 19 total
1041 2405 36 14 son
1090 2400 103 22 personnel

674 2429 13 13 a
707 2430 60 17 perçu
785 2430 25 14 en
827 2428 46 15 tout
889 2425 39 22 408
945 2424 27 21 fr.
990 2424 148 24 d'indemnités,
1155 2429 40 15 soit

675 2455 64 13 moins
760 2449 28 20 du
807 2453 67 20 quart.

702 2474 48 20 Une
768 2474 61 20 firme
847 2475 25 19 de
891 2474 95 21 Comines
1004 2480 51 14 nous
1073 2474 63 20 écrit:

703 2505 12 13 «
730 2497 59 23 Nous
811 2505 102 17 occupons
936 2500 24 23 85
983 2499 92 20 ouvriers
1098 2500 49 19 dont
1170 2500 25 22 56

675 2524 89 20 hommes
782 2527 20 16 et
820 2530 25 17 2g
863 2524 92 24 femmes,
972 2524 29 20 les
1019 2528 123 16 versements
1159 2528 35 16 ont

675 2549 51 20 donc
748 2549 115 20 commencé
885 2551 49 18 chez
955 2556 52 13 nous
1029 2550 19 19 le
1071 2552 20 17 i"
1092 2551 9 10 r
1121 2550 73 22 juillet.

675 2575 57 19 .Nous
746 2580 63 14 avons
823 2576 57 19 versé
893 2574 71 24 depuis
976 2578 52 17 cette
1041 2575 46 20 date
1098 2575 96 23 jusqu'au

675 2605 24 18 30
718 2600 112 22 septembre
845 2601 53 22 4642
915 2600 28 20 fr.
959 2605 32 18 52.

701 2630 12 14 9
730 2625 29 21 Le
783 2625 50 19 total
859 2625 35 19 des
924 2625 119 20 allocations
1075 2625 81 20 versées
1181 2625 12 19 à

673 2653 59 17 notre
750 2650 105 25 personnel
874 2650 74 20 s'élève
966 2657 13 14 a
1000 2651 49 23 1566
1069 2650 27 21 fr.
1114 2656 33 18 95.
1166 2650 29 21 Le

675 2675 86 24 reliquat
777 2678 32 17 est
826 2675 51 20 donc
895 2675 26 20 de
938 2680 51 19 3075
1008 2681 32 18 57,
1056 2675 41 21 soit
1114 2676 38 23 2/3
1169 2682 25 14 en

674 2700 46 24 plus
738 2706 39 17 que
794 2707 24 13 ce
835 2700 34 24 qui
886 2706 13 13 a
919 2700 32 21 été
968 2701 59 23 payé.

700 2732 13 12 »
728 2725 39 20 Les
788 2728 68 17 autres
878 2725 67 20 usines
967 2727 25 19 de
1012 2729 58 17 notre
1090 2732 105 13 commune

674 2757 22 13 se
718 2750 105 24 plaignent
844 2754 67 16 toutes
938 2751 124 20 amèrement
1090 2751 25 20 de
1143 2754 52 17 cette

675 2776 61 23 façon
758 2776 71 24 d'agir.
852 2776 60 20 Voici
933 2776 104 20 d'ailleurs
1065 2782 26 13 un
1121 2777 74 19 second

674 2801 91 23 exemple
783 2801 62 20 d'nne
863 2801 59 20 usine
940 2801 99 20 similaire
1058 2802 13 20 à
1090 2802 21 19 la
1130 2802 64 23 nôtre,

674 2826 38 20 elle
727 2832 12 14 a
755 2826 52 24 payé
824 2832 52 17 3947
891 2830 29 18 tr.
935 2830 20 16 et
970 2827 30 19 les
1016 2827 120 19 allocations
1150 2832 35 14 ver-

673 2851 46 19 sées
735 2851 97 19 s'élèvent
846 2852 14 19 à
877 2856 47 18 1591
942 2851 27 20 fr.
984 2851 39 19 soit
1039 2851 51 20 donc
1106 2858 27 12 un
1149 2852 36 19 reli-

674 2878 50 21 quat
739 2876 25 19 de
780 2878 50 21 2356
846 2876 27 20 it.

701 2906 13 14 »
729 2901 19 21 A
766 2906 59 14 notre
842 2900 44 22 avis
904 2900 17 20 si
939 2901 29 19 les
986 2901 116 21 cotisations
1120 2900 75 20 étaient

675 2925 26 20 de
723 2924 69 21 moitié
813 2925 65 20 moins
901 2926 78 19 élevées
1007 2926 48 19 elles
1076 2925 119 19 suffiraient

675 2951 121 23 amplement
822 2950 12 20 à
862 2956 62 17 payer
949 2956 42 13 aux
1010 2950 136 23 ayants-droit
1166 2950 29 20 les

674 2975 119 21 allocations
810 2976 80 22 exigées
908 2981 38 18 par
961 2976 20 19 la
997 2975 33 20 loi.
1043 2980 14 15 9

701 3000 32 20 De
750 3001 47 22 plus
816 3006 25 14 en
859 3000 45 23 plus
922 3000 15 20 il
955 3000 94 23 apparait
1066 3006 39 18 que
1123 3000 41 20 l'on
1182 3006 12 13 a

675 3024 87 26 exagéré
785 3025 19 20 le
827 3030 50 15 taux
900 3025 36 20 des
957 3025 124 20 cotisations.
1105 3025 90 21 Mettons

673 3057 39 17 que
728 3051 40 19 l'on
783 3057 13 14 a
811 3051 62 23 péché
890 3056 37 19 par
943 3050 60 21 excès
1019 3051 25 20 de
1059 3050 135 24 précautions.

675 3076 54 20 Mais
749 3076 56 19 alors
824 3079 102 16 comment
946 3076 85 20 n'a-t-on
1051 3082 37 17 pas
1107 3075 87 24 compris

673 3101 49 24 qu'il
742 3101 49 20 était
809 3101 25 20 de
851 3101 70 20 stricte
940 3101 74 23 justice
1032 3101 25 20 de
1075 3101 80 24 prévoir
1174 3101 19 19 la

674 3126 100 20 ristourne
790 3132 41 14 aux
846 3126 134 24 employeurs,
994 3132 27 14 au
1035 3129 81 21 prorata
1132 3127 25 19 de
1173 3132 21 14 se

673 3151 60 24 qu'ils
751 3154 75 17 auront
845 3151 64 23 versé,
928 3152 35 19 des
982 3151 117 21 cotisations
1118 3152 76 19 restées

674 3176 134 24 inemployées
826 3176 61 24 après
904 3183 28 13 un
949 3183 27 13 an
994 3176 117 21 d'exercice.

700 3202 105 19 Dira-t-on
823 3202 48 24 qu'il
890 3205 30 17 est
938 3201 86 25 prudent
1041 3202 25 20 de
1084 3202 109 19 constituer

673 3233 40 14 une
732 3227 81 19 réserve
833 3233 52 18 pour
903 3232 60 18 parer
982 3227 13 20 à
1015 3230 55 17 toute
1090 3227 103 23 surprise?

673 3253 52 20 Sott
743 3252 53 20 Mais
813 3258 23 14 ce
853 3258 38 18 que
908 3252 29 20 les
954 3252 126 24 employeurs
1096 3252 88 20 n'admet-

673 3280 43 17 tent
736 3283 43 18 pas,
800 3278 49 19 c'est
869 3283 39 18 que
928 3277 86 23 l'argent
1034 3277 59 25 qu'ils
1114 3280 80 17 versent

673 3308 25 14 en
718 3305 45 21 trop
784 3308 51 18 pour
854 3302 29 21 les
902 3302 119 20 allocations
1041 3302 39 20 soit
1100 3302 92 24 dépensé,

674 3333 50 18 pour
748 3328 88 19 d'autres
861 3333 86 17 œuvres,
977 3327 18 20 si
1020 3327 60 20 utiles
1111 3328 82 23 qu'elles

672 3352 70 20 soient

702 3378 58 19 Nous
785 3377 20 20 le
829 3377 100 24 répétons.
955 3377 29 21 M.
1011 3378 94 23 Heyman
1137 3378 54 20 est-il

673 3402 80 23 disposé
770 3403 14 19 à
801 3403 76 19 reviser
894 3409 23 14 sa
935 3403 26 20 loi
978 3409 26 14 ou
1023 3403 114 20 faudra-t-il
1153 3409 39 18 que

673 3427 113 20 l'initiative
801 3428 154 24 parlementaire
969 3429 42 20 s'en
1025 3428 89 23 charge?

893 3481 151 20 Mouvement
1060 3481 132 20 consulaire

698 3505 29 21 M.
745 3506 27 20 H.
789 3506 88 20 Vackier
893 3512 13 13 a
922 3506 32 20 été
970 3505 80 21 nommé
1066 3506 124 20 vice-consul

671 3530 25 20 de
712 3531 95 24 Belgique
822 3532 13 19 à
851 3530 58 21 Tulle
926 3531 100 22 (France)
1043 3537 49 15 avec
1106 3531 76 24 juridic-

671 3556 42 20 tion
729 3562 35 14 sur
780 3556 19 20 le
814 3555 139 25 département
966 3556 25 20 de
1006 3557 20 19 la
1042 3555 92 22 Corrèze.

698 3581 28 22 M.
748 3581 72 20 Po'.etti
841 3588 12 14 a
872 3581 80 23 obtenu,
972 3582 13 19 à
1004 3588 23 14 sa
1047 3582 103 22 demande,
1171 3582 19 19 la

670 3606 109 20 démission
792 3606 109 20 honorable
913 3607 26 19 de
950 3613 32 14 ses
995 3606 101 21 fonctions
1103 3607 87 23 "d'agent

670 3631 115 21 consulaire
798 3632 26 19 de
837 3631 96 24 Belgique
946 3632 13 20 à
972 3632 114 20 Carloforte
1102 3632 89 23 (Italie).

671 3656 99 24 L'agence
787 3657 114 20 consulaire
919 3659 32 17 est
969 3657 120 24 supprimée.

698 3682 28 21 M.
740 3682 19 24 J.
774 3682 107 24 Bowering
894 3688 12 13 a
921 3688 47 18 reçu
983 3682 125 24 l'exequatur
1122 3682 59 20 néces-

670 3707 54 20 saire
737 3713 52 18 pour
801 3713 83 14 exercer
896 3707 30 21 les
940 3707 100 20 fonctions
1053 3708 25 19 de
1091 3707 90 21 vice-con-

669 3732 32 19 sul
718 3732 24 20 de
759 3732 192 24 Grande-Bretagne
966 3733 13 20 à
996 3733 112 20 Bruxelles.

697 3757 29 21 M.
744 3757 23 21 E.
784 3758 20 23 J.
820 3758 63 20 Gorst
898 3764 13 13 a
928 3764 48 17 reçu
993 3758 145 20 l'autorisation
1155 3758 26 19 né-

669 3782 87 20 cessaire
772 3785 50 21 pou't
837 3788 83 15 exercer
935 3783 30 20 les
980 3783 101 20 fonctions
1097 3784 25 19 de
1138 3783 51 20 vice-

669 3808 71 20 consul
755 3808 25 19 de
796 3807 191 25 Grande-Bretagne
1002 3808 14 20 à
1031 3808 64 26 Gand_

697 3832 29 21 M.
745 3833 24 20 R.
790 3833 70 20 Fester
878 3839 13 14 a
910 3839 48 17 reçu
977 3833 125 24 l'exequatur
1121 3833 60 21 néces-

670 3857 54 20 saire
741 3864 51 18 pour
810 3864 82 14 exercer
911 3858 29 20 les
958 3858 101 20 fonctions
1076 3858 26 21 de
1120 3860 68 19 consul

669 3882 27 20 de
712 3882 92 24 Hongrie
820 3883 13 20 à
849 3884 86 22 Anvers,
952 3889 49 15 avec
1018 3883 118 24 juridiction
1154 3890 35 14 sur

670 3908 28 21 les
718 3908 105 24 provinces
841 3908 106 25 d'Anvers,
965 3909 36 20 des
1019 3909 52 20 deux
1090 3909 99 20 Flandres

669 3936 21 16 et
705 3933 26 20 de
748 3933 114 24 Limbourg.

696 3958 30 20 M.
745 3958 23 21 P.
785 3958 56 22 Guns
859 3964 13 14 a
890 3965 47 17 reçu
955 3959 149 21 l'autorisation
1121 3960 60 19 néces-

670 3983 54 20 saire
745 3989 51 18 pour
817 3990 82 14 exercer
920 3984 29 20 les
970 3984 102 21 fonctions
1091 3985 26 20 de
1137 3984 52 21 vice-

669 4008 70 20 consul
755 4008 26 20 de
797 4009 99 23 Portugal
911 4009 14 21 i
940 4009 97 23 Louvain.

698 4033 29 20 M.
742 4033 27 22 H.
784 4034 23 20 G.
822 4034 68 20 Willis
903 4041 14 14 a
931 4040 47 17 reçu
994 4034 147 21 l'autorisation
1154 4035 26 20 né-

670 4058 87 21 cessaire
773 4064 51 19 pour
839 4065 83 14 exercer
935 4059 29 20 les
981 4059 100 21 fonctions
1097 4061 25 19 de
1137 4060 53 20 vice-

669 4084 70 20 consul
756 4084 25 20 de
797 4084 192 24 Grande-Bretagne
1003 4085 14 20 à
1033 4084 102 24 Elisabeth
1136 4085 27 20 vil
1165 4086 24 20 le.

682 4108 44 23 JJ,
741 4109 25 22 R.
781 4109 71 24 Dovey
866 4116 12 14 a
895 4116 48 17 reçu
957 4110 149 22 l'autorisation
1122 4110 58 20 néces-

669 4133 55 21 saire
745 4140 51 18 pour
817 4140 83 15 exercer
920 4135 29 20 les
971 4134 100 22 fonctions
1092 4135 25 21 de
1137 4135 53 20 vic-;-

670 4159 70 20 consul
762 4159 25 21 de
807 4159 193 25 Grande-Bretagne
1018 4161 14 20 à
1053 4161 136 23 Stanleyville,

721 4212 130 20 L'Amicale
867 4212 42 21 des
925 4213 101 19 Anciens
1042 4212 148 21 Prisonniers

808 4237 68 21 civils
890 4238 30 20 de
934 4237 25 21 la
974 4237 89 21 Guerre
1079 4238 87 21 1914*13

669 4261 37 22 des
722 4267 68 18 campi
809 4262 25 20 de
851 4262 129 25 Sennelagtr,
997 4262 155 22 d'Holzmînden
1170 4267 20 17 et

669 4287 27 20 de
710 4287 58 20 Diest
780 4287 95 23 organise
888 4293 51 18 pour
952 4288 19 20 le
980 4294 26 18 .11
1021 4289 108 20 novembre
1144 4289 36 23 (an-

669 4312 112 20 niversaire
800 4313 26 20 de
843 4312 144 24 l'Armistice),
1017 4319 32 18 29,
1080 4313 110 21 boulevard

670 4337 102 24 Anspach,
789 4338 12 19 à
819 4337 112 23 Bruxelles,
947 4344 41 14 une
1003 4338 66 21 adirée
1085 4339 105 24 artistique

670 4362 65 21 suivie
750 4363 25 20 de
789 4362 40 23 bal,
844 4369 27 14 au
886 4363 65 23 profit
964 4362 25 21 de
1003 4370 23 14 sa
1040 4370 65 14 caisse
1119 4364 26 21 de
1160 4371 22 14 se-

669 4393 67 18 cours,
754 4393 50 15 avec
821 4387 20 20 le
858 4394 98 14 concours
974 4389 25 20 de
1015 4389 23 19 la
1054 4389 92 24 musique
1163 4390 27 20 du

670 4412 99 24 régiment
790 4413 36 20 des
847 4413 129 20 Carabiniers
995 4414 27 21 du
1043 4414 74 21 Prince
1137 4415 45 20 Bau-

671 4437 69 23 douin,
762 4437 57 21 Mme
840 4438 51 21 Gina
913 4438 65 23 Falvi,
999 4439 117 25 cantatrice,
1138 4439 52 21 Miss

671 4461 84 22 Thelma
773 4462 107 24 Edwards,
897 4464 28 20 du
943 4463 88 21 Théâtre
1049 4464 99 24 Mogador
1166 4465 25 20 de

672 4486 65 25 Paris,
759 4487 53 22 MM.
835 4488 98 24 Goeyens,
955 4488 236 25 pianiste-compositeur,

671 4512 117 23 professeur
804 4519 26 14 au
848 4513 154 22 Conservatoire
1017 4514 66 24 Royal
1100 4515 24 20 de
1139 4516 43 20 Bru-

671 4537 69 23 xelles,
755 4538 73 20 Alfred
845 4538 84 25 Dubois,
946 4539 112 23 violoniste,
1073 4540 118 24 professeur

672 4568 26 13 au
718 4562 154 22 Conservatoire
890 4564 65 24 Royal
975 4565 26 20 de
1020 4565 113 23 Bruxelles,
1153 4565 37 21 Ed.

672 4586 77 24 Lîévin,
765 4587 149 24 violoncelliste,
929 4589 119 24 professeur
1061 4596 27 15 au
1104 4590 78 21 Conser-

672 4611 77 21 vatoire
763 4613 26 20 de
803 4613 66 24 Mens,
883 4614 89 24 Georges
986 4615 65 24 Goda,
1064 4616 92 25 baryton,
1171 4619 20 17 et

673 4636 29 20 les
722 4642 12 14 «
742 4636 159 23 Ambrosinéttes
908 4645 13 14 »
943 4646 48 14 sous
1010 4640 20 20 la
1049 4640 97 21 direction
1165 4641 26 21 de

673 4661 60 20 Mlles
751 4662 129 25 Ambrosiny,
899 4664 34 24 qui
954 4665 129 20 exécuteront
1101 4671 52 19 pour
1173 4673 17 14 -a

673 4686 99 23 première
785 4688 39 21 fois
838 4689 13 20 à
864 4689 105 21 Bruxelles
985 4696 12 14 «
1005 4691 29 20 La
1048 4690 71 21 Féerie
1133 4691 49 21 Colo-

673 4710 53 21 niale
734 4717 20 16 D,

799 4769 185 24 L'anniversaire
1005 4771 30 21 de
1057 4772 134 22 l'armistice

857 4800 47 15 aux
924 4796 107 21 chemins
1051 4798 31 20 de
1102 4798 38 20 fer

700 4816 29 21 La
748 4817 22 23 S,
788 4817 26 27 N,
831 4819 37 20 des
886 4820 95 21 Chemins
998 4822 25 20 de
1041 4822 33 21 fer
1091 4823 69 24 belges
1177 4829 13 14 s

673 4841 73 20 décidé
765 4843 116 22 d'accorder
900 4846 50 20 dans
970 4847 20 20 ia
1010 4847 45 24 plus
1075 4847 56 25 large
1150 4854 41 15 me-

673 4872 48 14 suk
743 4867 93 24 possible,
858 4871 62 23 congé
943 4877 49 15 avec
1012 4872 63 24 solde,
1097 4873 20 20 le
1138 4879 44 15 mer-

672 4891 56 20 credi
746 4898 21 14 u
785 4894 113 24 novembre,
912 4896 138 22 anniversaire
1065 4897 25 21 de
1104 4898 77 21 l'armis-

673 4916 46 23 tice,
735 4917 13 20 à
764 4920 45 18 tous
826 4918 29 20 les
872 4919 162 26 fonctionnaires,
1052 4923 101 24 employés
1170 4927 20 17 tt

673 4941 93 20 ouvriers
790 4942 34 24 qui
849 4945 145 21 normalement
1019 4947 103 22 devraient
1147 4948 42 22 être

673 4972 25 14 en
714 4966 78 21 service
807 4970 20 17 et
843 4968 34 24 qui
893 4973 35 16 ont
944 4971 20 19 la
979 4972 141 24 qualification
1135 4974 54 20 d'ex-

672 4991 134 21 combattants
826 4992 23 22 (à
858 5017 6 6 (
867 4994 116 22 l'exclusion
1000 4997 35 20 du
1054 5001 70 20 agents
1142 4999 39 20 alle-

672 5016 73 20 mands
761 5023 25 14 en
803 5017 88 21 fonction
906 5025 35 15 sur
956 5020 20 21 la
991 5021 53 24 ligne
1058 5023 26 20 de
1098 5022 91 27 Rootgen

672 5042 14 19 à
706 5041 176 25 Kalterherberg),
903 5044 176 24 d'ex-prisonniers
1100 5048 89 25 pollues

672 5072 28 14 ou
718 5067 156 26 d'ex-déportés_

698 5092 86 20 Aucune
803 5092 117 22 distinction
940 5094 52 21 n'est
1013 5095 51 22 faite
1083 5101 57 17 entre
1160 5099 29 20 les

672 5120 72 20 agents
764 5116 34 25 qui
818 5121 36 17 ont
874 5118 32 20 été
926 5119 94 24 déportés
1039 5127 24 14 en
1082 5125 68 19 niasse
1169 5127 20 17 et

671 5148 53 14 ceux
739 5142 34 24 qui
790 5145 35 17 ont
841 5143 32 20 été
889 5143 93 23 déportés
999 5145 189 24 individuellement.

697 5166 114 24 Toutefois,
827 5167 19 20 le
861 5167 93 22 bénéfice
969 5170 25 20 de
1008 5170 21 20 la
1043 5177 80 16 mesure
1138 5173 51 21 n'est

671 5198 38 18 pas
729 5192 87 20 accordé
836 5199 41 13 aux
897 5196 70 21 agents
987 5194 33 24 qui
1041 5199 35 17 ont
1095 5198 94 21 travaillé

673 5223 50 18 pour
746 5223 27 14 un
797 5217 74 20 salaire
892 5219 78 19 normal
993 5226 26 13 au
1042 5226 59 15 cours
1123 5222 26 20 de
1170 5223 19 20 la

672 5242 134 24 déportation.
827 5243 17 19 U
866 5248 24 14 en
911 5246 31 17 est
961 5243 25 21 de
1004 5245 66 20 même
1089 5252 51 18 pour
1160 5247 29 21 les

671 5270 71 21 agents
764 5267 35 24 qui
822 5270 35 17 ont
878 5268 45 20 subi
953 5274 27 14 un
1009 5270 180 23 emprisonnement

672 5298 52 18 pour
742 5292 36 20 des
799 5292 49 21 faits
867 5292 79 21 d'ordre
965 5293 57 24 privé
1041 5297 20 17 et
1080 5302 34 17 qm
1133 5298 56 20 n'ont

672 5324 27 17 pu
716 5318 47 20 être
783 5317 100 21 assimilés
903 5324 42 14 aux
964 5324 34 14 ex-
1000 5318 123 25 prisonniers
1141 5322 39 23 poli-

671 5342 73 25 tiques.

698 5368 40 20 Les
752 5371 71 19 agent?
839 5370 61 21 ayant
914 5371 124 22 appartenue
1053 5369 13 21 à
1080 5370 20 20 la
1115 5371 73 21 sertioc

672 5394 27 20 du
716 5393 80 21 chemin
812 5394 25 19 de
853 5393 31 20 fer
901 5393 26 20 de
941 5399 110 18 campagne
1066 5398 45 17 sont
1126 5397 54 19 consi-

672 5418 59 21 dérés
753 5425 78 14 comme
852 5418 168 21 ex-combattants
1041 5425 27 14 au
1088 5420 56 23 point
1165 5421 25 21 de

672 5450 39 14 vue
724 5443 26 21 de
765 5443 76 21 l'octroi
855 5443 27 20 du
895 5444 48 24 jour
957 5443 26 20 de
995 5444 66 23 congé
1072 5450 49 15 avec
1134 5446 56 20 solde

671 5469 20 20 le
710 5475 21 14 n
752 5468 113 21 novembre.

699 5494 56 20 Ceux
773 5494 36 20 des
828 5496 71 22 agents
916 5493 34 25 qui
970 5499 26 14 ne
1014 5494 116 24 pourraient
1148 5495 42 21 être

672 5520 105 24 dispensés
800 5519 26 20 de
848 5518 78 22 service
947 5521 73 18 auront
1041 5519 55 21 droit
1115 5519 15 21 à
1152 5526 39 15 -ine

671 5547 153 22 compensation
848 5543 57 25 égale
928 5550 27 13 un
979 5546 58 18 autre
1065 5544 48 24 jour
1141 5551 49 14 avec

672 5569 97 21 maintien
788 5569 25 21 de
831 5569 21 20 la
872 5569 125 22 rétribuùoa,

1368 423 51 20 Une
1435 422 178 21 manifestation
1628 427 32 15 au
1677 421 73 21 Sénat

1252 446 33 21 On
1306 446 40 21 sait
1366 454 39 18 que
1426 449 29 20 M.
1475 447 69 23 Gilles,
1565 447 107 22 directeur,
1693 447 51 19 ainsi

1226 478 38 19 que
1278 472 52 21 MM.
1345 472 98 21 Delioulîe
1456 476 20 17 et
1489 473 125 22 Sulzberger,
1629 472 116 20 rédacteur;

1229 503 27 13 au
1284 497 164 24 Compte-Rendu
1475 497 122 24 Analytique
1625 497 27 20 du
1680 497 68 21 Sénat,

1229 526 98 19 prennent
1343 523 43 19 leur
1402 522 88 21 retraite.
1505 523 20 19 A
1539 526 53 16 cette
1607 522 100 22 occasion,
1723 523 24 19 ils

1226 546 75 22 furent,
1321 547 72 24 mardi,
1414 548 60 23 après
1494 547 20 19 la
1534 548 79 21 séance,
1634 548 53 19 fêtés
1707 553 37 17 pir

1227 572 17 19 !e
1265 572 75 20 bureau
1361 573 27 20 du
1410 573 63 21 Sénat
1492 575 21 17 et
1533 573 28 19 ies
1582 572 116 21 rédacteurs
1718 573 27 19 du

1227 596 170 24 Compte-Rendu.

1254 621 29 20 M.
1313 622 127 22 Lafontaîne,
1470 621 161 24 vice-président,
1666 622 72 23 compli-

1227 650 66 16 menta
1312 647 53 20 MM.
1385 648 68 22 Gilles,
1471 648 99 19 Dehoulïe
1588 651 20 16 et
1627 648 119 22 Sulzberger

1225 675 21 16 et
1261 672 28 20 les
1305 672 98 20 remercia
1419 673 35 20 des
1470 672 88 21 services
1574 672 59 24 qu'ils
1649 676 36 16 ont
1701 679 34 13 ren-

1226 696 38 20 dus
1282 697 87 23 pendant
1387 698 43 19 leur
1448 698 71 23 longue
1536 698 95 21 carrière.

1251 721 18 20 II
1285 722 59 19 remit
1360 723 76 19 ensuite
1452 728 41 14 aux
1507 722 60 20 héros
1583 723 24 19 de
1623 723 19 19 la
1659 722 42 20 fête
1717 725 27 17 'es

1225 746 72 20 hautes
1312 747 126 19 distinctions
1454 754 38 17 que
1507 747 18 20 le
1540 748 38 19 Roi
1594 749 54 18 vient
1663 748 24 19 de
1703 748 42 19 leur

1226 771 97 20 accorder
1335 777 6 14 :
1370 773 13 19 à
1412 772 29 21 M.
1463 772 69 23 Gilles,
1562 773 19 19 la
1609 776 84 16 cravate
1721 773 24 19 de

1224 796 144 22 commandeur
1389 797 25 20 de
1435 797 81 20 l'Ordre
1537 798 25 19 de
1583 798 19 19 la
1624 797 119 22 Couronne;

1224 822 13 19 â
1255 822 29 20 M.
1303 820 104 24 Dehoulïe,
1425 822 19 20 la
1462 827 80 15 cravate
1559 823 25 19 de
1601 824 142 18 commandeur

1225 847 25 19 de
1264 847 82 20 l'Ordre
1360 848 25 19 de
1399 848 87 23 Léopold
1499 848 34 22 II;
1548 847 12 20 à
1574 848 29 21 M.
1618 848 126 24 Sulzberger,

1226 873 19 18 la
1265 872 57 21 croix
1340 872 104 20 d'officier
1462 873 25 20 de
1506 873 82 20 l'Ordre
1607 873 24 19 de
1650 873 94 24 Léopo'd.

1253 897 28 19 M.
1300 897 62 20 Gilles
1380 897 96 20 remercia
1494 903 26 15 au
1537 904 47 13 nom
1601 898 25 20 de
1643 904 31 14 ses
1692 904 42 14 com-

1224 927 90 18 pagnons
1335 926 19 15 et
1375 922 19 20 le
1413 923 34 19 thé
1469 923 33 19 fut
1521 923 78 19 ensuite
1618 923 54 19 servi
1692 924 51 19 dans

1227 947 28 19 les
1271 948 69 19 salons
1357 947 26 20 du
1402 948 62 20 Sénat
1480 961 7 6 .

1460 993 154 20 L'assemblée
1635 993 109 25 générale

1252 1017 135 21 L'assemblée
1405 1018 94 24 générale
1517 1019 92 20 annuelle
1627 1020 25 19 de
1671 1019 75 20 l'Ecole

1225 1042 109 24 Française
1348 1044 25 19 de
1389 1043 103 21 Bruxelles
1504 1050 12 14 a
1530 1050 24 13 eu
1568 1044 45 23 lieu,
1627 1044 56 19 lundi
1697 1045 47 22 soir,

1223 1074 47 14 sous
1290 1068 20 19 la
1330 1069 117 22 présidence
1467 1069 24 19 de
1511 1069 28 20 M.
1560 1069 82 20 Charles
1662 1069 81 23 Corbin,

1222 1093 144 20 ambassadeur
1382 1093 25 20 de
1424 1094 84 20 France.

1249 1118 66 23 Après
1337 1119 74 19 lecture
1433 1119 26 19 du
1482 1122 83 21 rapport
1586 1119 27 20 du
1634 1120 109 19 secrétaire

1223 1143 82 24 général
1327 1143 86 24 adjoint,
1436 1144 28 20 M.
1487 1144 62 20 Louis
1571 1143 92 24 Lecherf,
1685 1149 19 15 et
1726 1146 17 18 ie

1223 1171 82 21 rapport
1326 1168 27 20 du
1374 1168 101 22 trésorier,
1497 1169 29 20 M.
1546 1169 82 20 Charle.-i
1650 1169 92 22 Gr.-i.nier,

1225 1194 18 18 le
1261 1194 103 23 président
1382 1194 158 20 Dcni?-Bc*iden
1557 1200 13 13 a
1588 1195 100 24 prononcé
1706 1201 38 13 une

1222 1218 130 20 chaleureuse
1367 1219 109 19 allocution
1493 1219 115 23 soulignant
1625 1220 18 19 le
1660 1221 42 19 rôle
1718 1221 25 18 de

1224 1243 126 20 l'institution
1366 1243 59 20 créée
1440 1250 25 14 en
1482 1244 94 24 Belgique
1592 1245 43 20 afin
1651 1251 39 17 que
1705 1250 39 14 so.t

1225 1269 92 21 toujours
1346 1268 66 20 donné
1434 1275 41 14 aux
1498 1275 72 18 jeunes
1599 1269 97 23 Français
1725 1275 19 15 et

1224 1293 119 24 Françaises
1361 1294 25 19 de
1404 1294 102 24 Belgique,
1525 1296 17 18 le
1560 1295 65 19 même
1642 1295 93 22 enseigne-

1223 1322 56 16 ment
1299 1324 39 18 que
1357 1319 53 20 celui
1430 1325 39 18 que
1488 1319 102 24 reçoivent
1610 1321 53 19 leurs
1683 1321 60 24 petirs

1222 1343 143 23 compatriotes
1381 1344 25 20 de
1422 1344 85 20 France.

1248 1368 67 23 Après
1344 1375 27 13 un
1399 1369 70 23 rapide
1497 1370 74 23 exposé
1592 1370 25 20 de
1637 1369 30 22 M.
1688 1369 54 21 Lén.i

1222 1393 80 22 Guiîiet,
1321 1393 107 25 directeur,
1448 1395 29 19 M.
1497 1395 84 20 Charles
1601 1395 81 21 Corbin.
1700 1400 32 15 am-

1222 1419 114 21 bassadeur,
1358 1420 50 19 dans
1430 1426 39 13 une
1491 1419 41 20 très
1553 1420 51 20 belle
1625 1420 108 24 improvisa-

1221 1443 49 24 tion,
1289 1443 77 20 félicita
1386 1445 28 20 les
1433 1445 118 23 dirigeants.

1377 1490 152 21 L'Académie
1550 1492 32 20 du
1602 1492 62 20 Chat
1684 1491 59 21 Noir

1220 1514 27 21 de
1265 1514 110 24 Bruxelles,
1394 1516 89 20 donnera
1502 1517 19 19 le
1539 1517 106 20 dimanche
1665 1523 20 17 15
1705 1522 27 15 no-

1222 1540 86 22 vembre,
1322 1540 11 20 â
1348 1546 24 14 20
1387 1541 79 23 heures,
1479 1547 25 14 en
1516 1548 37 13 son
1567 1542 52 19 local
1633 1548 19 18 7,
1665 1541 76 21 Grand'

1222 1565 67 22 Place,
1305 1572 39 14 une
1360 1565 65 21 soirée
1441 1566 25 20 de
1481 1566 139 21 bienfaisance
1635 1573 27 14 au
1679 1567 62 24 profit

1222 1590 24 19 de
1267 1590 18 20 la
1305 1591 75 20 société
1406 1592 69 22 royale
1503 1598 10 12 n
1523 1592 29 20 La
1572 1592 81 20 Charité
1661 1598 21 14 ».
1710 1593 31 19 Au

1222 1620 127 20 programme
1360 1621 8 14 :
1397 1617 53 19 Alex
1480 1617 104 22 Mondose,
1614 1618 23 20 L.
1667 1617 74 23 Harzé,

1220 1641 53 18 Aïdo
1289 1641 78 23 P.égoli,
1385 1641 24 22 G.
1427 1642 79 23 Straek,
1523 1642 79 24 Bastin,
1619 1642 22 21 L.
1660 1643 80 20 Duriux

1220 1669 19 16 et
1258 1666 77 19 Marcel
1353 1666 94 20 Antoine.

1248 1691 39 22 Les
1311 1691 88 20 vedettes
1422 1692 27 20 du
1475 1698 12 13 o
1496 1692 53 20 Chat
1579 1692 51 20 Noir
1638 1699 11 13 »
1681 1693 52 20 inter-

1220 1714 104 24 prêteront
1340 1722 26 14 un
1384 1716 69 21 sketch
1467 1717 87 21 musical
1571 1724 24 14 en
1612 1724 27 14 un
1655 1722 45 16 acte
1716 1719 25 19 d?

1222 1741 52 21 MM.
1292 1741 85 22 Francis
1395 1741 66 21 Clarel
1479 1746 20 16 et
1518 1743 74 19 Michel
1610 1743 66 23 Floro,
1695 1743 36 20 inti-

1220 1766 42 20 tulé
1280 1772 11 13 «
1301 1766 99 25 Pompetti
1416 1770 20 17 et
1453 1767 54 20 C°n.

1248 1791 67 23 Après
1339 1791 20 20 la
1383 1792 64 23 partie
1470 1792 105 24 artistique
1599 1799 26 14 on
1649 1793 69 22 danse*
1721 1799 19 14 a.

1248 1816 49 19 Prix
1319 1816 35 20 des
1376 1817 65 24 place;
1455 1823 5 14 :
1483 1817 107 24 Rérervée,
1611 1824 25 13 20
1659 1819 69 19 frrsncï
1735 1826 5 15 ;

1221 1840 109 23 Première,
1350 1848 24 13 10
1392 1842 26 21 fr.
1436 1847 20 15 et
1474 1843 75 21 Entrée
1565 1844 100 23 générale,
1683 1849 11 18 5
1714 1844 25 19 fr.

1220 1865 96 21 Location
1334 1873 27 14 au
1379 1867 57 20 local.

1247 1891 27 21 Le
1294 1897 23 17 23
1339 1893 114 21 novembre,
1473 1892 65 20 soirée
1557 1893 26 20 de
1601 1893 138 21 bienfaisance

1222 1922 25 14 au
1272 1917 64 23 profit
1359 1917 36 20 des
1418 1923 80 15 Œuvres
1520 1919 120 21 patronnées
1664 1925 36 17 par
1723 1919 18 19 le

1221 1941 70 20 Cercle
1318 1942 104 23 Brugeois.
1449 1943 33 20 Au
1509 1949 127 18 programme
1648 1949 6 14 :
1685 1950 11 12 a
1712 1944 27 20 Le

1221 1966 88 21 Théâtre
1326 1968 106 19 d'Ombres
1441 1974 20 13 ».
1478 1968 76 21 Entrée
1571 1969 101 24 générale,
1690 1974 50 19 2.50.

1529 2014 88 21 Claude
1641 2015 100 20 Farrèrc

1221 2037 88 20 donnera
1324 2037 102 23 vendredi,
1439 2039 11 19 à
1465 2040 12 18 8
1490 2039 20 22 h.
1524 2045 32 18 30,
1570 2046 38 13 une
1621 2040 119 20 conférence

1219 2063 13 19 à
1254 2062 80 21 l'Union
1357 2063 110 21 Coloniale.

1246 2087 17 19 Il
1285 2094 12 12 a
1319 2088 42 24 pris
1382 2094 51 18 pour
1455 2089 54 22 sujet
1535 2095 6 13 :
1566 2095 11 13 a
1586 2089 29 21 Le
1636 2089 102 24 Portugal,

1221 2118 49 18 pays
1292 2112 35 20 des
1348 2113 54 19 vrais
1423 2114 129 23 navigateurs
1561 2120 21 17 ».

1248 2137 32 21 On
1293 2141 46 20 peut
1352 2138 75 20 retenir
1438 2139 35 19 des
1485 2140 65 22 places
1562 2146 26 14 au
1600 2140 65 23 Royal
1677 2141 54 19 Auto-

1220 2162 73 20 mobile
1310 2163 56 23 Club,
1383 2165 25 22 5S
1425 2170 77 14 avenue
1519 2164 35 21 des
1571 2165 49 21 Arts
1639 2165 22 23 (s
1678 2169 21 16 et
1717 2171 23 14 10

1220 2186 88 22 francs).

1421 2235 35 20 La
1475 2236 77 19 Messe
1571 2236 32 20 du
1623 2236 116 25 St-Esprlt

1246 2257 123 22 Continuant
1386 2259 19 20 la
1422 2260 104 24 tradition,
1543 2261 141 21 l'Association
1702 2262 29 20 Ca-

1220 2283 89 25 tholique
1331 2284 25 20 de
1379 2285 184 21 l'arrondissement
1586 2286 24 20 de
1634 2287 105 20 Bruxelles

1218 2316 13 12 a
1249 2309 38 20 fait
1304 2310 97 24 célébrer,
1418 2310 72 21 mardi,
1508 2312 12 19 à
1540 2317 20 14 11
1581 2312 78 22 heures,
1678 2318 25 14 en
1720 2313 18 19 la

1221 2333 109 24 Collégiale
1353 2335 36 20 des
1414 2336 37 20 SS.
1475 2336 74 20 Michel
1573 2341 20 16 et
1617 2337 79 20 Gudule
1721 2339 18 18 ia

1220 2359 68 20 Messe
1311 2360 28 20 du
1363 2360 110 24 St-Esprit,
1497 2362 13 19 à
1533 2362 106 20 l'occasion
1670 2362 25 20 de
1720 2363 18 19 la

1219 2383 79 21 rentrée
1312 2384 161 23 parlementaire.

1245 2409 75 21 L'abbé
1341 2410 71 22 Gos^'e,
1433 2411 74 20 vicaire
1526 2411 25 20 de
1570 2412 20 20 la
1609 2412 97 24 paroisse,
1726 2418 12 14 a

1218 2433 80 22 célébré
1313 2435 26 20 -la
1361 2435 74 23 Messe,
1457 2436 73 21 assisté
1552 2437 36 20 des
1610 2438 61 21 abbés
1692 2438 46 21 Van

1219 2458 136 25 Catnvenberg
1375 2465 20 15 et
1415 2461 84 20 Batken.

1245 2484 48 24 Mgr
1307 2484 92 23 Marinîs,
1414 2487 64 22 doyen
1493 2487 25 20 de
1531 2487 20 19 la
1565 2488 110 23 collégiale,
1690 2488 47 20 était

1220 2510 80 22 présent
1321 2510 51 20 dans
1393 2511 19 19 le
1432 2512 76 20 chœur.

1246 2535 40 19 Sur
1306 2535 29 20 les
1356 2536 52 23 prie-
1412 2536 50 20 Dieu
1483 2537 91 21 réservés
1595 2538 81 20 avaient
1696 2539 42 22 pris

1222 2559 56 24 place
1308 2566 6 15 :
1340 2561 30 20 M.
1397 2562 85 21 Renkin,
1510 2562 91 20 Premier
1632 2564 100 21 ministre,

1219 2585 53 20 MM.
1294 2585 96 22 Houtart,
1413 2587 46 19 Van
1481 2587 118 24 Caenegsm,
1622 2589 46 20 Van
1692 2589 38 20 Die-

1220 2612 53 20 voet,
1305 2610 46 20 Van
1384 2611 83 21 Isacher
1500 2613 103 22 Crokaert,
1635 2614 102 20 ministre:

1219 2635 80 23 Segers,
1316 2636 85 23 PouEet,
1419 2637 102 20 ministres
1539 2638 80 22 d'Etat;
1639 2639 99 22 Ponceîtt,

1218 2660 103 23 président
1340 2661 25 20 de
1384 2662 19 19 îa
1423 2663 101 19 Chambre
1530 2670 5 16 ;
1557 2664 34 19 Du
1610 2664 56 21 Bost
1686 2664 52 21 vice-

1218 2685 104 23 président
1341 2687 27 19 du
1390 2687 70 22 Sénat,
1480 2688 25 20 de
1524 2689 111 20 nombreux
1654 2689 84 25 députés

1218 2713 20 17 et
1258 2711 107 21 sénateurs
1385 2713 130 22 cetholiques.

1247 2735 30 20 La
1296 2736 91 20 maitri=e
1406 2738 25 19 de
1450 2738 124 21 Ste-Gudule
1599 2746 12 13 a
1630 2740 109 24 interprété

1219 2766 49 14 avec
1289 2767 37 14 son
1340 2762 68 21 .talent
1426 2763 96 24 habituel,
1542 2764 29 21 les
1590 2765 72 20 chants
1682 2766 47 19 litur-

1218 2785 77 25 giques.

1268 2833 53 20 Aux
1334 2834 98 20 Amitiés
1444 2835 141 23 Françaises
1597 2836 30 20 de
1640 2837 99 19 Malines

1245 2856 59 23 Jeudi
1326 2864 22 14 r?
1369 2859 113 22 novembre,
1500 2860 15 19 à
1533 2860 13 19 S
1565 2860 19 19 h.
1607 2861 43 21 1/2,
1662 2857 80 25 .réenaf

1220 2880 104 21 Massenét
1338 2889 49 13 avec
1400 2883 19 19 le
1432 2889 97 14 concours
1543 2884 25 20 de
1582 2884 49 20 Mlle
1646 2885 31 20 BL
1690 2884 18 21 T
1714 2890 17 14 li-

1219 2911 50 17 mer,
1289 2907 116 22 cantatrice,
1425 2908 25 19 de
1470 2908 55 20 Mme
1546 2909 132 23 Gommaerts,
1697 2909 33 23 pia-

1220 2931 52 19 niste
1288 2934 19 16 et
1324 2932 25 19 de
1367 2932 28 20 M.
1412 2931 13 20 1
1430 2936 66 19 onnet,
1512 2933 145 21 conférencier.

1297 2977 95 20 L'Ecole
1416 2978 133 20 d'Officiers
1570 2979 42 20 des
1634 2979 105 20 Services

1504 3003 184 22 administratifs

1218 3035 13 17 à
1265 3033 32 20 été
1330 3033 67 21 mardi
1430 3034 64 20 matin
1514 3035 83 23 déposer
1617 3036 36 19 des
1674 3036 64 20 fleurs

1219 3064 36 14 sur
1271 3059 20 19 la
1310 3059 66 20 tombe
1394 3060 27 19 du
1440 3060 71 20 Soldat
1529 3061 98 22 Inconnu,
1645 3067 47 14 sous
1710 3061 28 20 les

1219 3083 69 20 ordres
1308 3084 27 20 du
1355 3084 101 24 capitaine
1475 3085 126 24 Walravens,
1620 3086 28 19 du
1669 3087 61 19 Minis-

1218 3108 43 20 tère
1277 3109 26 20 de
1319 3109 20 19 la
1356 3109 91 21 Défense
1464 3110 112 24 Nationale,
1593 3111 116 24 professeur
1726 3112 12 20 â

1219 3134 169 21 l'établissement

1342 3181 67 20 Bans
1426 3181 34 21 les
1477 3182 137 21 Mutualités
1630 3182 108 22 libérales

1244 3204 29 21 Le
1286 3211 92 15 nouveau
1392 3206 79 20 Conseil
1485 3207 183 21 d'administration
1682 3209 24 19 de
1719 3209 18 20 la

1218 3229 63 24 Ligue
1294 3230 109 21 Nationale
1416 3232 35 20 des
1464 3231 132 22 Fédérations
1609 3233 128 20 Mutualistes

1218 3255 93 20 libérales
1329 3256 26 20 de
1376 3256 94 24 Belgique
1487 3258 48 19 s'est
1553 3258 59 20 réuni
1631 3258 106 21 dimanche

1218 3280 86 24 dernier,
1328 3287 48 14 sous
1399 3282 19 20 la
1442 3282 117 24 présidence
1580 3284 26 19 de
1628 3283 29 21 M.
1680 3284 57 24 Jules

1218 3306 84 20 Pécher.
1327 3306 84 20 Celui-ci
1433 3314 12 14 a
1468 3308 62 20 rendu
1554 3308 106 24 hommage
1683 3310 12 19 à
1718 3310 19 19 la

1217 3331 96 20 mémoire
1331 3331 24 20 de
1373 3332 29 20 M.
1420 3332 46 21 Van
1484 3333 121 23 Belleghem,
1622 3334 114 22 secrétaire,

1218 3356 120 20 récemment
1355 3357 82 24 décédé,
1455 3361 20 17 et
1491 3358 19 21 le
1527 3358 80 21 Conseil
1624 3366 13 13 a
1654 3360 83 24 désigné

1216 3387 36 13 son
1272 3387 124 15 successeur.

1243 3406 28 21 Le
1290 3407 75 21 bureau
1384 3414 13 13 a
1417 3408 32 21 été
1468 3409 100 20 constitué
1587 3415 78 15 comme
1683 3410 52 20 suit:

1216 3431 109 24 président,
1343 3433 28 20 M.
1390 3433 82 24 Pécher,
1489 3433 112 24 d'Anvers;
1621 3435 106 24 vice-prési-

1216 3457 64 23 dents,
1295 3457 53 22 MM.
1363 3458 100 24 Leclercq,
1478 3459 24 20 de
1516 3459 118 21 Marcinelle
1647 3465 20 15 et
1680 3461 55 20 Vau-

1219 3482 96 23 deginste,
1340 3483 26 20 de
1391 3483 93 20 Courtrai
1491 3488 6 19 ;
1521 3485 202 23 secrétaire-général
1729 3492 6 14 :

1216 3507 29 21 M.
1259 3507 73 23 Raout,
1346 3508 25 20 de
1387 3508 115 24 Bruxelles;
1516 3509 96 21 trésorier
1631 3516 6 15 :
1653 3511 28 20 M.
1696 3511 39 20 De-

1215 3538 55 17 grez,
1291 3533 26 20 de
1336 3532 118 22 Tirlemont

1242 3557 136 21 L'assemblée
1397 3565 11 13 a
1429 3558 78 21 ensuite
1527 3559 92 22 examiné
1638 3560 20 21 la
1678 3566 49 18 ques-

1215 3582 43 20 tion
1276 3583 35 20 des
1328 3583 246 23 infirmières-visiteuses.

1243 3607 28 21 Ce
1291 3608 78 20 service
1390 3608 140 21 fonctionnera
1551 3610 77 21 bientôt
1646 3617 27 14 au
1693 3611 42 20 sein

1215 3633 36 20 des
1272 3633 126 21 fédérations
1417 3634 96 23 affiliées.

1461 3681 118 21 Audience
1604 3681 131 21 consulaire

1241 3704 29 21 M.
1288 3704 26 21 A.
1333 3705 64 20 Obert
1415 3705 24 21 de
1457 3705 112 23 Thieusies,
1586 3707 70 20 consul
1674 3707 51 23 géné-

1214 3730 29 19 ral
1259 3729 25 20 de
1299 3729 95 25 Belgique
1407 3731 12 20 à
1433 3730 81 24 Tanger
1531 3731 101 24 (Maroc),
1647 3732 86 20 donnera

1214 3754 98 21 audience
1331 3756 13 19 à
1363 3755 87 21 l'Office
1469 3756 131 20 Commercial
1620 3758 26 20 de
1665 3757 69 22 l'Etat,

1217 3785 30 17 15,
1263 3786 36 14 rue
1314 3780 36 20 des
1366 3781 112 23 Augustins
1493 3782 13 20 à
1521 3782 112 23 Bruxelles,
1649 3782 19 20 le
1683 3788 42 14 mer-

1214 3804 56 21 credi
1287 3806 24 19 iS
1326 3806 109 21 novembre
1450 3807 25 20 de
1491 3813 13 17 9
1520 3807 21 23 h,
1558 3807 36 21 ilz
1609 3808 14 21 à
1637 3807 55 22 midi.

1394 3851 141 25 Téléphonie
1554 3852 180 22 Internationale

1243 3876 39 20 Les
1314 3876 98 20 relations
1444 3877 153 24 téléphoniques
1637 3878 95 21 viennent

1213 3901 64 20 d'être
1288 3905 94 17 ouvertes
1395 3905 56 18 entre
1463 3903 20 19 la
1496 3903 96 24 Belgique
1604 3906 20 18 et
1636 3904 19 20 le
1666 3904 58 20 Vene-

1214 3926 58 20 zuela
1279 3933 6 18 ;
1307 3927 36 20 des
1363 3928 150 20 conversations
1535 3932 87 21 peuvent
1642 3929 44 20 être
1705 3929 20 20 in-

1214 3951 100 23 changées
1328 3955 57 18 entre
1398 3956 46 17 tous
1460 3953 28 21 les
1503 3953 85 21 réseaux
1601 3954 67 23 belges
1683 3957 20 17 et
1716 3955 19 19 le

1213 3976 76 20 bureau
1307 3978 67 22 public
1392 3978 81 20 installé
1490 3979 51 20 dans
1559 3979 20 20 le
1594 3979 77 20 bureau
1688 3985 37 14 cen-

1214 4002 39 19 tral
1269 4002 26 20 de
1310 4002 103 24 Maracay.

1238 4027 31 21 La
1283 4030 47 18 taxe
1345 4034 50 18 pour
1409 4034 40 14 une
1463 4028 99 24 première
1576 4029 56 21 unité
1647 4030 25 20 de
1687 4035 37 15 con-

1214 4052 102 20 versation
1334 4053 24 20 de
1375 4059 12 18 3
1404 4054 87 20 minutes
1507 4061 27 14 ou
1549 4061 20 13 n.
1576 4054 13 19 -i
1605 4061 10 13 s
1632 4058 30 16 est
1680 4055 55 21 fixée

1214 4077 160 21 uniformément
1392 4079 13 20 à
1426 4079 27 21 fr.
1474 4084 54 18 1.071
1537 4085 6 18 ;
1562 4079 79 24 chaque
1659 4079 76 20 minute

1214 4102 169 24 supplémentaire
1395 4107 31 17 est
1437 4104 59 20 taxée
1509 4104 12 20 à
1534 4104 68 20 raison
1614 4104 24 20 de
1651 4105 25 19 fr.
1689 4110 45 18 357.

1220 4139 3 4 ■
1241 4127 29 21 Le
1287 4128 77 20 service
1380 4131 31 17 est
1428 4128 169 24 provisoirement
1613 4129 64 20 limité
1694 4135 41 14 aux

1214 4153 58 23 jours
1289 4153 107 21 ouvrables
1414 4154 26 20 de
1458 4160 24 17 19
1498 4155 14 20 à
1527 4160 23 15 ai
1570 4155 73 19 heures
1662 4155 72 23 (heure

1214 4178 27 21 de
1260 4179 137 22 Greenwich).

1439 4205 75 22 •«>■•♦

1212 4243 30 38 Le
1268 4243 106 39 Tournoi
1402 4243 136 49 provincial
1559 4243 64 37 d'art
1653 4243 82 37 choral

1239 4319 32 20 Le
1293 4318 93 21 tournoi
1407 4318 129 24 provincial
1559 4318 61 20 d'art
1647 4316 87 22 choral,

1213 4343 118 21 troisième
1347 4343 106 23 division,
1470 4342 108 25 organisé
1594 4347 44 20 par
1653 4342 23 20 la
1691 4341 34 21 Fé-

1213 4367 105 21 dération
1337 4367 142 26 provinciale
1501 4368 39 19 des
1561 4366 98 21 sociétés
1679 4367 45 19 cho-

1213 4394 67 22 rales,
1296 4397 55 16 sous
1366 4390 34 23 les
1416 4393 107 23 auspices
1540 4392 27 19 de
1583 4393 23 18 la
1622 4392 102 20 Commis-

1211 4418 52 20 sion
1277 4418 142 24 provinciale
1435 4418 39 19 des
1488 4417 88 20 Loisirs
1592 4416 141 20 duTravail-

1212 4447 15 15 a
1243 4447 29 15 eu
1287 4443 46 19 lieu
1348 4443 21 19 le
1383 4442 14 21 8
1412 4442 125 20 novembre
1550 4447 32 15 au
1595 4441 81 21 Palais
1692 4442 40 19 des

1210 4466 147 21 Académies.

1210 4509 3 4 .
1237 4492 68 21 Trois
1318 4491 106 20 chorales
1438 4492 127 20 d'hommes
1579 4491 24 20 et
1615 4491 53 24 sept
1679 4490 45 21 cho-

1213 4516 61 20 rales
1289 4517 85 19 mixtes
1389 4522 25 14 se
1429 4517 55 19 sont
1499 4516 46 21 fait
1561 4516 173 24 entendre.cha-

1212 4546 59 15 cune
1288 4541 58 20 dans
1363 4541 60 20 deux
1438 4541 99 20 chœurs.
1553 4541 31 20 Ce
1600 4542 63 19 sont:

1238 4565 111 20 Chorales
1365 4565 136 20 d'hommes:
1518 4572 12 13 «
1543 4566 44 20 Les
1601 4565 99 20 Sociaux
1713 4571 20 16 »,

1213 4590 28 20 de
1255 4590 121 20 Bruxelles
1394 4590 127 21 {directeur
1536 4591 31 19 M.
1581 4590 66 20 Jules
1663 4590 62 20 Geor-

1213 4614 48 25 ge).
1276 4620 12 14 «
1303 4615 80 20 Cercle
1399 4616 65 23 royal
1479 4615 86 25 Haydn
1581 4620 19 18 »,
1616 4615 27 20 de
1658 4615 75 20 Saint-

1214 4639 207 20 Josse-ten-Noode
1447 4640 129 20 (directeur
1606 4640 31 19 M.
1662 4640 70 19 Louis

1212 4664 131 24 Gengoux).
1356 4665 27 19 L*
1395 4670 13 14 «
1421 4664 66 21 Echo
1502 4665 30 19 du
1545 4664 58 20 Fort
1616 4665 28 19 de
1657 4664 77 20 Saint-

1213 4689 71 20 Gilles
1302 4694 14 15 *
1337 4689 128 21 (directeur
1483 4689 31 20 M.
1532 4689 81 21 Pierre
1631 4689 103 20 Varven-

1212 4714 49 21 ne).

1238 4738 110 20 Chorales
1365 4738 94 21 mixtes:
1475 4738 26 20 L'
1517 4738 78 21 «Echo
1612 4739 28 20 de
1657 4738 76 21 Salnt-

1211 4762 68 21 Josse
1300 4768 12 14 >
1333 4763 28 20 de
1383 4762 281 21 Saint-Josse-ten-Noode
1689 4763 33 20 (di-

1213 4787 93 20 recteur
1321 4787 32 20 M.
1369 4787 60 21 Jean
1446 4787 129 22 D'Hondt).
1591 4793 13 14 <
1620 4788 45 20 Les
1682 4787 42 20 Dis-

1212 4812 71 24 ciples
1300 4812 27 20 de
1342 4812 89 24 Joseph
1445 4812 109 21 Wauters
1569 4818 14 15 »
1597 4813 29 19 de
1639 4813 93 20 Porwez

1214 4837 8 20 (
1226 4837 117 19 directeur
1364 4837 31 19 M.
1418 4837 71 19 Louis
1511 4837 103 21 Evrard)
1618 4851 5 7 .
1647 4838 86 21 «Zang-

1212 4861 71 24 kring
1302 4861 153 21 Jean-Jaurès
1475 4868 13 13 »
1509 4862 28 20 de
1557 4862 109 20 Vilvorde
1689 4861 34 21 (di-

1212 4887 93 19 recteur
1318 4886 31 20 M.
1362 4885 108 21 Léonard
1482 4886 152 24 Delsupche).
1648 4892 13 13 «
1674 4887 49 19 Cho-

1213 4911 48 20 rale
1277 4911 104 20 Gustave
1396 4911 101 20 Hubert!
1513 4917 12 13 »
1543 4912 27 19 de
1585 4911 147 20 Schaerbeek

1215 4936 133 21 (direotrice
1367 4936 63 20 Mme
1450 4936 130 21 Fossaert).
1601 4941 12 14 «
1633 4936 99 20 Chorale

1212 4960 107 20 Matteoti
1336 4966 13 14 *
1367 4961 27 20 de
1410 4961 121 20 Bruxelles
1548 4961 37 20 Ile
1604 4961 128 21 (directeur

1213 4986 29 20 M.
1257 4985 81 20 Pierre
1351 4985 143 21 Varvenne).
1508 4992 12 12 «
1535 4985 98 21 Chorale
1647 4985 84 20 mixte»

1212 5010 29 20 de
1256 5010 120 21 Bruxelles
1394 5011 128 21 (directeur
1536 5010 31 20 M.
1581 5010 65 21 Jules
1663 5011 61 19 Geor-

1212 5035 49 24 ge).

1439 5067 71 21 ♦ao

1271 5103 407 52 NECROLOGIE

1238 5185 118 21 Monsieur
1375 5186 86 21 Tomas
1479 5186 30 22 H.
1530 5186 85 25 Spiers,
1635 5185 97 22 sous-di-

1212 5210 93 20 reotcur
1324 5211 28 19 de
1372 5211 24 20 la
1415 5211 111 21 National
1547 5211 53 25 City
1617 5211 70 20 Bank
1707 5210 25 20 of

1211 5234 138 25 New-York,
1372 5236 32 23 18,
1435 5236 164 23 Grand'Place,
1627 5235 16 21 à
1673 5236 50 20 Bru-

1211 5259 78 23 xelles,
1304 5261 24 19 et
1340 5265 38 16 ses
1393 5261 58 20 trois
1467 5261 95 20 enfants
1576 5261 99 23 Ronald,
1689 5260 43 19 To-

1210 5288 52 15 mas
1276 5285 24 20 et
1312 5285 132 24 Rose-Ann,
1457 5286 42 19 ont
1511 5286 24 19 la
1547 5286 114 24 profonde
1677 5285 44 20 dou-

1212 5309 51 19 leur
1284 5309 29 20 de
1333 5310 60 19 faire
1414 5311 55 23 part
1489 5310 31 20 du
1541 5310 68 21 décès
1631 5310 28 20 de
1681 5310 51 20 leur

1211 5332 85 25 épouse
1316 5334 24 20 et
1358 5333 63 21 mère
1440 5334 147 21 bien-almée:

1272 5370 145 37 Madame
1433 5370 35 37 T.
1485 5372 36 36 H.
1540 5372 129 36 SPIERS

1215 5425 97 22 décédée
1329 5428 22 19 le
1367 5427 26 20 10
1411 5428 124 20 novembre
1552 5429 58 21 1931.

1238 5451 32 20 Le
1283 5452 90 20 service
1385 5451 97 21 funèbre
1494 5457 59 16 aura
1565 5454 46 20 lieu
1623 5453 16 20 à
1651 5454 82 20 l'Ame-

1215 5475 66 21 rican
1305 5476 101 22 Church,
1429 5477 20 22 5,
1473 5481 41 16 rue
1538 5478 30 19 du
1593 5478 138 24 Champ-de-

1213 5499 71 24 Mars,
1290 5500 137 24 .Bruxelles,
1443 5501 65 24 jeudi
1525 5502 25 20 12
1568 5503 132 23 novembre,
1717 5501 15 21 à

1212 5524 26 19 11
1254 5524 90 21 heures.

1239 5546 119 23 Bruxelles
1379 5550 38 23 ,36,
1436 5550 95 21 Avenue
1552 5551 95 25 Eugène
1667 5551 64 20 Plas-

1772 272 297 71 ATRAVERSLES
2092 272 199 71 JOURNAUX

1852 396 23 21 S.
1899 396 21 21 d.
1945 397 29 21 N.
1998 398 41 20 ET
2063 397 153 21 SECURITE

1802 435 33 20 iif.
1850 435 81 21 Victor
1944 435 29 21 de
1985 435 103 26 Laveley
2102 437 37 18 est
2153 441 32 15 un
2198 437 95 24 fervent

1774 463 29 21 de
1817 464 124 24 l'évangile
1955 464 119 25 genevois.
2087 464 21 20 Il
2121 470 16 14 a
2148 465 36 24 foi
2197 465 60 20 dans
2271 467 22 18 la

1774 492 24 21 S.
1817 492 22 21 d.
1857 493 31 20 N.
1905 494 26 19 et
1947 493 18 20 U
1982 494 65 20 vient
2065 493 29 20 de
2113 493 21 20 le
2153 493 140 25 proclamer,

1774 521 60 20 dans
1850 526 33 15 un
1897 521 84 21 article
1997 522 78 27 publié
2091 527 44 20 par
2150 522 29 19 Z'c
2187 522 78 21 Etoile
2274 528 19 14 ».

1774 550 135 20 Seulement
1923 550 17 20 il
1954 551 50 21 s'en
2017 550 75 26 prend
2105 551 15 19 à
2134 556 60 14 ceux
2208 551 40 24 qui
2262 556 30 14 ne

1773 579 129 24 partagent
1917 583 45 21 pas
1977 585 44 15 son
2036 579 144 20 admiration
2196 580 24 19 et
2237 580 55 24 qu'il

1773 607 72 20 traite
1862 607 29 20 de
1909 613 12 14 <
1929 608 125 20 saboteurs
2064 614 19 14 >,

1800 643 60 22 Mais,
1879 650 23 13 ce
1920 643 34 24 qui
1974 644 92 20 demeure
2085 649 51 18 pour
2155 649 50 14 nous
2225 649 58 13 incon-

1772 669 86 22 cevable,
1881 668 80 22 écrit-il,
1984 675 10 13 c
2002 673 30 16 est
2053 674 45 17 que,
2119 668 54 20 dans,
2191 674 27 13 un
2240 673 49 19 pays

1771 699 77 14 comme
1865 693 19 19 la
1903 694 96 23 Belgique
2016 693 40 26 qui,
2074 699 24 14 en
2117 699 34 13 cas
2169 694 24 19 de
2211 700 78 16 guerre,

1771 722 29 15 est
1817 718 77 20 certain
1911 718 63 20 d'être
1990 720 50 19 livré
2056 719 12 20 à
2085 719 19 18 la
2121 718 127 20 dévastation
2276 725 13 13 n

1772 748 70 15 trouve
1863 744 36 19 des
1920 750 49 16 gens
1990 750 51 18 pour
2061 750 22 13 se
2104 744 77 22 réjouir
2202 743 24 20 de
2248 748 41 15 tout

1771 768 91 20 insuccès
1877 769 25 19 de
1916 769 19 19 la
1951 770 20 19 S.
1986 769 18 20 d.
2019 769 27 20 N.
2059 769 36 19 des
2109 769 116 23 publicistes
2241 774 48 18 pour

1772 794 101 22 employer
1890 794 43 19 leur
1948 795 64 22 grand
2029 794 63 19 talent
2108 794 12 19 à
2136 794 64 19 écrire
2216 794 75 23 chaque

1772 818 61 20 matin
1852 819 18 18 la
1888 818 96 23 partition
2000 820 60 19 d'une
2075 822 54 16 sorte
2145 819 24 20 de
2186 819 61 20 danse
2264 819 26 20 du

1771 844 55 23 scalp
1845 847 72 16 autour
1936 845 25 18 de
1980 851 36 13 son
2035 843 91 21 cada\re.

1799 874 22 21 Il
1845 880 17 19 y
1885 880 16 15 a
1924 875 63 25 plus-
2002 874 167 22 inconcevable
2198 880 92 15 encore,

1772 904 58 20 c'est
1849 903 56 25 qu'il
1922 909 27 14 se
1968 905 82 19 trouve
2068 903 41 21 des
2127 903 86 25 Belges
2232 909 59 19 pour

1772 937 29 15 ne
1815 937 44 20 pas
1874 933 154 24 comprendre
2043 932 71 25 qu'un
2129 937 60 20 pays
2204 933 86 24 exposé

1771 966 92 15 comme
1882 961 21 20 le
1923 961 68 21 nôtre
2009 966 16 15 a
2033 980 3 3 .
2044 961 78 21 mieux
2140 961 16 19 à
2173 961 62 24 faire
2253 961 38 20 s'il

1771 991 57 19 veut
1847 995 97 15 assurer
1961 995 29 15 sa
2008 990 103 22 sécurité
2130 995 45 19 que
2194 989 29 21 do
2241 990 48 20 s'en

1771 1020 113 19 remettre
1898 1024 32 15 au
1943 1019 135 20 Parlement
2093 1019 28 19 de
2136 1019 101 22 Genève,
2250 1018 40 25 qui

1772 1053 28 15 ne
1824 1048 94 25 dispose
1940 1048 25 19 ni
1988 1048 65 20 d'un,
2064 1047 80 20 soldat
2165 1047 26 20 ni
2213 1047 77 20 même

1771 1077 55 20 d'un
1849 1076 129 25 gendarme
2001 1081 61 21 pour
2084 1076 63 24 faire
2170 1077 121 24 respecter

1770 1111 39 15 ses
1830 1105 123 21 décisions.
1981 1106 95 20 Danser
2105 1104 23 20 la
2156 1104 74 20 danse
2259 1103 30 21 du

1770 1134 67 25 scalp
1855 1135 87 19 autour
1960 1134 29 21 de
2006 1138 45 16 son
2069 1133 119 21 cctdavi'e?
2208 1133 34 20 M.
2261 1132 29 21 de

1770 1163 103 24 Laveley
1889 1164 57 19 veut
1964 1163 52 20 rire.
2032 1163 68 20 Nous
2116 1166 60 16 nous
2193 1162 86 20 conten-

1770 1193 53 19 tons
1839 1192 28 20 de
1882 1191 167 20 collectionner
2063 1190 34 21 les
2112 1191 80 19 vestes
2207 1190 82 26 qu'elle

1770 1221 119 24 remporte
1907 1220 91 24 chaque
2016 1219 47 25 fois
2083 1219 83 25 qu'elle
2183 1224 27 14 se
2229 1218 60 20 mêle

1769 1248 55 22 d'un
1839 1249 91 24 conflit.
1945 1246 51 23 Elle
2010 1249 66 20 vient
2089 1253 85 15 encore
2188 1247 29 20 de
2232 1247 45 20 don-

1770 1283 43 15 ner
1834 1283 29 15 sa
1886 1282 93 16 mesure
2002 1279 15 18 à
2039 1281 87 22 propos
2149 1276 32 20 du
2204 1275 83 25 conflit

1768 1306 180 26 sino-japona'.s.
2059 1319 13 13 X
2069 1318 13 11 r
2102 1314 36 15 t.»

1775 1349 100 20 ArRES
1891 1349 40 19 LE
1948 1347 142 21 CONGRES
2106 1346 176 21 SOCIALISTE

1797 1387 131 26 Eplnglons
1950 1387 182 25 quelques-unes
2154 1385 41 20 des
2217 1385 60 25 réfle-

1768 1417 68 20 xions
1853 1421 45 20 que
1914 1416 103 24 suggère
2034 1415 18 20 à
2066 1419 43 16 nos
2127 1414 121 24 confrères
2265 1414 22 19 le

1768 1445 100 24 congrès
1889 1444 120 21 socialiste
2029 1444 30 22 de
2077 1443 133 20 dimanche.

1796 1474 104 21 L'Etoile
1918 1474 71 20 traite
2006 1473 33 20 les
2056 1472 142 22 résolutions
2214 1471 30 21 de
2260 1476 26 16 ce

1768 1503 100 25 congrès
1882 1502 29 20 de
1920 1501 206 27 ^pantalonnades
2141 1501 145 25 politiques».

1795 1539 32 20 On
1849 1545 25 14 ne
1895 1544 56 14 cesse
1971 1538 26 20 de
2017 1537 151 23 le-lproclamer
2188 1539 80 20 partout
2281 1541 5 14 :

1768 1564 103 23 écrie-elle,
1888 1564 14 19 ïi
1919 1570 13 17 y
1949 1569 12 14 a
1979 1569 38 14 une
2022 1562 63 22 'crise
2101 1563 28 19 de
2143 1562 113 21 confiance,
2273 1561 13 19 il

1769 1590 45 19 faut
1833 1589 84 20 rétablir
1936 1589 23 24 la,
1972 1588 112 23 confiance.
2104 1588 28 18 Le
2151 1593 77 17 moyen,
2248 1597 8 9 s
2264 1586 23 20 i!-

1766 1614 117 24 vons-plait,
1904 1614 25 20 de
1950 1613 83 20 rétablir
2044 1614 28 23 ,1a
2093 1612 108 23 confiance
2221 1611 64 25 parmi

1768 1641 29 19 les
1820 1645 127 19 possesseurs
1970 1638 33 22 de.
2017 1638 96 23 capitaux
2135 1644 39 17 que
2196 1637 25 20 de
2244 1638 43 19 leur

1765 1671 72 14 corner
1856 1670 47 14 sans
1923 1670 55 14 cesse
1998 1668 41 15 aux
2057 1663 99 20 oreilles.,
2175 1663 61 23 qu'on
2263 1669 21 13 es

1794 1690 34 20 ra!

1794 1716 28 19 Ce
1843 1715 50 23 n'est
1915 1720 36 17 pas
1980 1720 27 15 un
2035 1719 127 19 programme
2190 1712 95 23 politique

1765 1742 60 23 qu'on
1846 1747 13 14 a
1878 1740 81 20 élaboré
1978 1740 14 20 à
2011 1739 20 19 la
2052 1739 79 19 Maison
2151 1738 27 20 du
2199 1738 74 22 Feup.e
2279 1744 5 15 ;

1764 1766 49 19 c'er-t
1830 1765 20 19 la
1867 1768 71 20 traque
1955 1770 41 14 aux
2012 1763 123 24 capitalistes
2152 1764 59 22 qu'on
2228 1764 44 18 chi-

1765 1791 37 19 che
1820 1790 13 21 à
1850 1789 112 24 organiser.
1981 1790 32 19 On
2033 1795 63 14 sonne
2114 1788 83 20 l'hallali
2216 1794 69 13 contre

1766 1816 28 19 les
1814 1815 140 20 coffres-forts
1961 1816 5 18 1
1987 1815 79 19 r.uivre
2067 1821 5 8 5
2071 1826 5 6 .
2097 1813 89 20 insensés
2206 1813 33 24 qui
2261 1819 24 13 ne

1767 1847 21 13 se
1802 1840 84 21 rcmlent
1900 1846 36 17 pas
1950 1845 78 18 compte
2041 1840 46 23 qu'à
2100 1839 67 20 moins
2181 1839 24 19 de
2220 1839 66 23 placer

1765 1872 27 13 un
1807 1866 61 23 garde
1883 1871 62 18 rouge
1959 1865 57 20 armé
2031 1865 72 19 devant
2118 1865 76 23 chaque
2208 1864 75 19 coffre-

1767 1891 47 22 fort,
1833 1891 84 22 l'argent
1934 1896 81 14 menac-;
2033 1890 122 23 disparaîtra
2174 1895 51 18 pour
2243 1888 42 20 être

1765 1916 39 19 mis
1818 1922 24 13 en
1856 1916 67 20 sûreté
1938 1919 19 16 et
1971 1915 44 24 qi*é,
2028 1916 50 18 dans
2093 1921 38 13 une
2144 1914 141 20 communauté

1765 1942 48 18 dont
1831 1945 55 15 toute
1905 1940 95 20 l'activité
2018 1937 128 26 économique
2164 1945 69 14 re-ose
2250 1945 35 14 sur

1767 1972 39 14 une
1827 1965 136 24 organisation
1985 1965 86 20 étendue
2092 1966 26 19 du
2139 1965 72 22 crédit,
2233 1965 53 19 leurs

1766 1997 92 14 menaces
1872 1996 19 15 et
1905 1992 53 18 leurs
1971 1990 132 23 vantardises,
2115 1996 24 14 en
2154 1990 76 19 faisant
2244 1989 41 20 fuir

1773 2023 21 13 es
1811 2016 96 23 capitaux
1925 2016 80 19 timides
2023 2019 20 16 et
2061 2022 23 13 en
2104 2018 80 20 portant
2201 2015 84 20 atteinte

1765 2042 12 19 à
1795 2042 18 19 la
1831 2041 113 20 confiarcr.
1961 2045 71 19 sapent
2049 2041 25 20 de
2090 2041 45 24 plus
2152 2047 25 13 en
2194 2041 45 23 plus
2255 2041 29 19 les
2294 2041 4 29 j

1765 2067 58 19 bases
1843 2067 27 19 du
1889 2066 71 20 crédit.

1792 2092 29 20 Le
1844 2091 120 24 socialisme,
1988 2097 23 14 ce
2035 2091 52 20 n'est
2111 2091 60 24 qu'un
2198 2090 86 20 ferment

1767 2116 145 22 destructeur...

1795 2148 105 20 Prendre
1927 2148 102 24 l'argent
2055 2147 31 20 où.
2111 2147 18 20 il
2155 2147 45 22 est,
2226 2146 27 21 éc
2255 2152 11 10 r
2267 2146 18 21 it
2294 2139 4 37 j

1767 2177 194 26 Mndependar.ce
1972 2181 96 17 :....■

1794 2212 54 21 Mais
1869 2212 106 24 spoliation
1997 2217 26 15 ou
2045 2214 92 20 emprunt
2160 2210 62 21 forcé,
2244 2211 41 19 cela

1765 2237 82 24 signifie
1860 2238 22 19 là
1895 2238 50 19 fuite
1958 2237 74 20 devant
2046 2238 18 19 le
2080 2237 64 22 franc,
2158 2237 19 19 la
2192 2236 92 24 panique,

1768 2264 17 18 la
1803 2263 107 23 défiance;
1928 2262 53 21 bref,
1998 2262 18 20 la
2032 2262 60 20 chute
2109 2262 25 20 de
2150 2262 20 19 la
2186 2261 99 20 monniie.

1772 2288 100 20 'inflation
1888 2291 19 17 et
1922 2288 19 20 la
1957 2288 63 19 ruine.
2036 2288 28 20 Le
2078 2287 113 20 socialisme
2206 2290 57 22 p.-£tu
2265 2287 5 13 :
2272 2293 11 12 e

1763 2317 20 16 et
1800 2313 101 23 implique,
1918 2313 68 20 c'était
2003 2318 65 14 connu
2085 2312 70 23 depuis
2173 2313 110 22 longie-ups

1765 2342 19 16 et
1805 2339 14 20 il
1841 2338 43 20 faut
1905 2336 28 21 lui
1954 2338 68 19 savoir
2042 2337 36 24 gré
2098 2338 24 19 de
2141 2343 51 14 nous
2212 2337 72 20 l'avoir

1765 2363 88 25 rappelé.
1858 2363 28 21 -la
1902 2363 57 20 ruine
1974 2367 19 16 et
2008 2362 164 20 l'effondrement
2188 2362 95 20 natioml.

1766 2389 28 20 Le
1827 2388 113 20 socialisme
1973 2393 84 19 prépare
2090 2388 19 19 la
2142 2388 143 23 banqueroute.

1765 2414 6 19 l
1774 2414 174 19 'anéantissement
1967 2414 26 20 du
2014 2413 119 24 patrimoine
2151 2413 96 22 collectif,
2266 2414 18 19 la

1766 2438 133 24 répudiation,
1920 2439 13 19 à
1954 2438 80 24 l'image
2055 2439 25 19 de
2102 2439 6 19 1
2110 2438 124 24 "Allemagne
2255 2438 21 19 in-

1765 2464 130 21 flationniste,
1926 2463 35 20 des
1991 2467 140 19 engagements
2161 2463 24 20 de
2215 2463 69 22 l'Etat.

1765 2489 97 20 Doctrir.e
1876 2489 25 20 de
1917 2489 71 19 faillite
2002 2494 19 14 et
2036 2489 26 19 de
2076 2490 143 22 ha.iquero.ite.
2235 2490 49 18 c'est

1765 2514 13 19 à
1796 2519 124 18 proprement
1938 2514 67 24 parler
2022 2520 38 14 une
2077 2514 90 19 dictrine
2185 2515 100 19 d'escrocs

1763 2545 27 14 ou
1806 2540 44 22 plus
1865 2542 125 17 exactement
2005 2539 24 20 de
2044 2538 140 21 détrousseurs
2200 2539 82 24 publics.

1794 2571 33 19 Le
1845 2570 96 25 journal
1961 2570 84 20 libéral
2070 2570 96 20 conclut
2192 2575 93 15 comme

1765 2604 59 16 nous
1835 2604 7 15 :

1792 2634 115 24 Bourgeois,
1923 2634 99 21 ouvriers,
2039 2633 122 24 épargnants
2178 2637 20 17 et
2214 2635 61 19 écono-

1764 2666 49 16 mes,
1832 2667 49 13 vous
1899 2661 42 19 êtes
1959 2660 81 21 avertis.
2058 2661 19 19 A
2096 2666 49 14 vous
2163 2660 66 19 d'unir
2247 2665 36 14 vos

1767 2685 67 20 forces
1858 2691 51 18 pour
1932 2691 86 17 opposer
2040 2691 41 13 aux
2104 2685 92 23 cr.ci'tues
2219 2684 25 21 de
2265 2685 19 19 la

1765 2710 112 20 révolution
1892 2716 26 14 un
1934 2710 56 20 front
2004 2710 36 20 uni
2054 2714 20 16 et
2087 2710 143 20 inébranlable.

1793 2742 113 20 Puissent
1927 2741 34 20 le3
1980 2741 221 25 antidémagogues,
2227 2746 58 15 sani

1765 2770 138 21 distinction
1922 2770 29 21 de
1970 2770 101 25 religion
2089 2775 31 15 ou,
2138 2770 30 20 de
2186 2770 88 20 tendan-

1765 2804 48 18 ces,
1833 2798 155 26 comprendre
2015 2800 39 19 cet
2081 2799 71 25 appel
2170 2804 42 18 .au.
2240 2798 44 21 bon

1765 2833 56 14 sens
1843 2828 53 19 .Les
1919 2827 126 28 élections^,
2055 2832 51 16 eom
2110 2825 115 23 munàles,
2255 2826 30 19 eri

1764 2854 128 23 attenàtunt
1899 2858 7 17 ;
1922 2854 35 22 les
1986 2853 114 25 ét&pttons
2130 2854 155 24 législatives',

1766 2883 51 20 leur
1838 2883 132 20 donneront
1990 2882 126 21 l'occasion
2137 2882 29 20 de
2188 2882 97 23 donner,

1766 2911 50 19 s'ils
1840 2911 22 19 le
1885 2910 104 23 veulent,
2012 2906 25 24 là
2049 2927 4 3 .
2060 2914 94 16 mesure
2178 2910 30 20 de
2232 2910 51 20 leur

1764 2944 106 20 sagesse.

1794 2969 36 19 De
1854 2973 45 15 son
1923 2968 61 23 côté,
2002 2968 24 20 la
2043 2968 100 20 Gazette
2162 2967 29 21 de
2209 2968 74 20 Char-

1764 2996 59 21 leroi
1842 2997 66 23 écrit,
1927 2997 16 20 à
1960 3001 87 21 propos
2067 2996 32 20 du
2117 2996 106 20 contrôle
2242 2996 43 20 des

1766 3026 104 25 banques
1880 3030 9 16 ;

1791 3062 29 20 La
1838 3061 72 24 simple
1925 3067 92 15 annonce
2031 3061 26 19 de
2074 3060 130 20 l'imminente
2221 3059 53 23 appli-

1763 3087 66 20 cation
1846 3087 47 21 d'un
1910 3087 63 22 pareil
1990 3086 81 23 régime,
2088 3085 66 21 aurait
2169 3091 50 18 pour
2236 3090 37 15 con-

1763 3112 98 24 séquence
1877 3112 24 20 de
1919 3112 55 20 vider
1990 3111 19 20 la
2028 3111 96 24 Belgique
2140 3111 25 20 de
2181 3110 101 23 capitaux.

1765 3141 19 16 et
1800 3138 25 19 de
1840 3137 93 21 l'acculer
1948 3137 13 20 à
1976 3143 39 14 une
2029 3136 96 21 inflation
2141 3136 33 23 qui
2190 3135 85 21 condam-

1765 3163 64 19 nerait
1842 3163 19 20 le
1873 3162 71 24 peuple
1957 3162 64 20 entier
2032 3162 13 20 à
2058 3162 35 20 des
2107 3161 110 24 privations
2232 3161 52 24 pires

1764 3194 39 13 aue
1828 3188 59 20 celles
1912 3187 35 20 des
1971 3188 76 19 années
2072 3186 139 24 d'occupation
2236 3187 39 19 alle-

1765 3213 77 20 mande.

1791 3238 26 20 Et
1833 3238 53 20 voilà
1901 3244 23 14 ce
1940 3244 38 17 que
1994 3237 109 24 suggèrent
2118 3237 29 20 les
2162 3237 57 20 chefs
2236 3237 47 19 d'un

1762 3263 64 23 grand
1844 3263 52 23 parti
1912 3262 100 24 organisé,
2029 3265 60 21 ayant
2106 3263 13 19 à
2136 3262 103 23 préserver
2257 3261 32 23 de.

1765 3290 19 18 la
1805 3288 81 20 débâcle
1905 3288 35 20 ûts
1959 3294 79 13 oruvres
2058 3287 140 24 économiques
2218 3287 57 24 repré-

1764 3316 80 17 sentant
1862 3314 35 19 des
1914 3313 105 21 milliards.
2036 3313 71 23 Quelle
2125 3313 106 19 misérable
2248 3312 26 20 fri-

1765 3339 66 22 perie!
1853 3339 82 19 Comme
1954 3344 27 15 on
1999 3345 14 17 y
2032 3338 42 20 voit
2092 3341 46 20 trop
2157 3338 128 19 violemment

1764 3363 111 21 l'intention
1896 3363 144 24 systématique
2060 3364 93 20 d'abuser
2173 3364 19 18 la
2212 3363 62 20 crédu-

1762 3388 34 21 lité
1818 3389 35 20 des
1874 3395 76 14 masses
1970 3393 37 19 par
2027 3395 40 13 une
2087 3388 140 24 phraséologie
2247 3389 33 22 qui

1761 3420 114 14 commence
1893 3415 12 19 à
1924 3414 56 20 dater
2000 3416 19 18 et
2038 3414 22 20 à'
2070 3413 64 20 trahir
2152 3420 35 13 son
2207 3414 72 19 usure!

1762 3439 50 20 Kien
1831 3445 39 18 que
1889 3439 25 20 de
1933 3439 112 23 l'idéologie
2064 3439 70 20 moisie
2153 3443 20 15 et
2192 3439 80 23 poussié-

1763 3470 58 14 reuse
1841 3465 51 19 dans
1911 3470 33 14 ces
1963 3464 92 21 discours
2073 3464 27 20 de
2118 3465 110 19 rebouteux
2247 3465 35 22 qui

1763 3489 127 24 s'imaginent
1911 3490 42 19 être
1974 3489 35 21 des
2028 3488 107 24 prophètes
2155 3490 83 19 maitres
2259 3489 24 20 ds

1762 3517 55 17 toute
1836 3514 71 23 vérité,
1925 3518 19 16 et
1962 3515 36 20 des
2014 3514 115 23 démiurges
2146 3515 93 23 capables
2258 3515 24 19 de

1763 3539 52 20 faire
1829 3545 26 15 au
1870 3539 79 22 monde,
1963 3545 26 14 au
2004 3545 74 19 pauvre
2092 3539 72 20 monde
2177 3540 35 19 des
2225 3540 47 19 hom-

1759 3571 49 15 mes,
1822 3564 18 20 le
1853 3564 76 20 cadeau
1944 3564 102 25 mirifique
2059 3565 59 20 d'une
2132 3565 75 20 félicité
2220 3571 50 18 para-

1763 3590 96 23 disiaque.

1791 3621 77 21 Notre
1886 3621 109 25 confrère
2014 3626 15 16 a
2047 3621 81 21 raison
2147 3621 118 25 d'ajouter

1785 3656 150 24 L'Angleterre,
1952 3656 33 25 qui
2002 3663 12 14 a
2031 3657 41 19 tâté
2089 3657 26 19 de
2131 3663 33 16 ces
2182 3657 98 20 formules

1763 3681 110 24 magiques,
1891 3688 24 14 en
1932 3682 66 24 parait
2015 3682 64 25 plutôt
2095 3682 152 21 désenchantée,
2264 3685 20 17 et

1762 3713 37 14 son
1820 3707 190 20 désenchantement
2029 3714 12 14 a
2060 3707 64 20 même
2143 3708 65 23 gagné
2228 3708 53 20 d'e:-;-

1760 3731 111 24 magicïens
1895 3732 89 20 devenus
2009 3733 25 20 de
2059 3733 130 23 méprisables
2214 3735 57 17 trans-

1764 3757 58 23 fuges
1839 3764 51 17 pour
1907 3757 54 21 leurs
1977 3758 83 19 anciens
2076 3757 110 24 compères.

1791 3789 33 21 M.
1842 3789 162 21 Vandervelde
2020 3789 61 25 jure,
2097 3788 60 21 dans
2173 3794 45 15 son
2234 3789 47 20 dis*

1760 3822 78 19 cours,
1857 3818 57 25 qu'il
1932 3818 40 24 n'y
1991 3822 60 16 aura
2069 3818 88 25 jamais
2176 3818 30 20 do
2224 3819 56 20 Mac

1764 3846 93 21 Donald
1874 3846 60 21 dans
1952 3846 22 21 le
1990 3846 64 26 parti
2070 3846 121 21 socialiste
2210 3847 73 24 belge.

1760 3875 21 21 Il
1794 3880 22 21 y
1827 3880 16 16 a
1858 3875 42 21 des
1915 3875 147 24 Henderson,
2077 3874 146 22 &est-à~dire
2238 3875 41 21 des

1763 3909 60 20 geyis
1838 3904 40 25 qui
1894 3904 102 21 mettent
2011 3904 51 21 leur
2077 3903 65 26 parti
2156 3903 126 21 au-dess:cs

1763 3933 29 20 de
1815 3933 52 20 leur
1896 3937 62 21 pays
1988 3933 25 21 et
2026 3951 3 3 .
2041 3932 61 21 c'est
2132 3932 150 21 assurément

1762 3961 78 21 moins
1855 3961 67 21 beau.

2492 282 377 91 FAST

3146 284 629 93 DIVERS

3101 392 54 23 BB

2881 442 43 20 Vol
2943 443 154 23 d'.irsentcrle
3114 442 15 20 à
3145 443 70 20 Jette.
3232 453 28 5 —
3275 444 65 20 Dans
3357 445 35 22 la!
3424 445 21 19 A
3464 444 85 20 Hei-rc.
3569 454 28 5 —
3615 445 64 21 Belle
3698 446 131 20 trouvaille.
3848 456 28 6 —
3895 447 32 20 M.

2855 469 51 19 nuit
2922 469 28 19 de
2966 469 70 22 lundi,
3052 469 41 19 des
3108 469 113 19 inconnus
3237 473 25 15 se
3278 472 52 17 sont
3346 472 34 17 at-
3388 479 3 7 ■
3398 470 281 24 Prépardieu-Chanteux,
3693 473 28 19 de
3733 471 165 25 José-Battlce,
3912 477 17 15 a

2872 494 65 24 iquôs
2955 493 15 21 à
2989 495 22 18 la
3028 494 109 20 demeure
3154 495 29 19 de
3201 494 30 20 M.
3248 494 65 20 René
3331 496 49 19 Ste-
3398 495 82 20 trouvé
3499 500 32 14 un
3550 495 145 25 portefeuille
3712 498 54 20 biv^n
3784 498 69 24 garni
3871 497 56 24 qu'il

2361 527 106 20 dorment
2487 531 54 16 sous
2562 526 40 19 des
2624 526 69 23 draps
2715 526 27 19 de
2762 526 26 19 lit
2844 522 73 21 Ivens,
2934 524 41 15 rue
2991 520 29 18 de
3034 520 24 19 la
3072 519 144 23 Résistance,
3231 519 32 23 28,
3278 519 15 19 à
3308 520 71 20 Jette-
3399 522 55 18 s'CFt
3473 519 118 25 empressé
3608 520 29 19 de
3655 523 110 19 remettre
3782 523 16 20 à
3815 528 44 14 son
3876 528 52 18 pro-

2328 552 22 19 ct
2371 552 150 19 couvertures
2542 553 130 22 provenant
2693 551 67 18 d'une
2782 550 38 19 des
2855 545 122 20 St-Pierre.
2996 545 51 19 Une
3065 545 121 19 collection
3204 544 28 20 de
3250 545 79 22 bijoux
3346 550 35 15 or-
3388 542 3 31 1
3399 546 116 23 primaire,
3535 550 46 15 une
3600 546 122 21 habitante
3741 548 127 24 d'Ensival,
3887 547 41 25 qui

2320 449 248 60 500.000
2617 449 245 64 BELGES;

2360 527 107 20 dorment
2487 531 54 16 sous
2562 526 40 19 des
2624 526 69 23 draps
2715 526 27 19 de
2762 526 26 19 lit

2328 552 22 19 et
2371 552 150 19 couvertures
2542 553 129 22 provenant
2693 551 67 18 d'une
2782 550 38 19 des

2317 586 28 52 8
2386 585 207 53 Maisons
2640 585 194 53 HAY05T

2314 659 31 21 5G,
2365 659 111 19 chaussée
2498 659 26 19 de
2544 658 113 22 Louvain;
2679 658 31 21 43.
2730 657 104 20 Marché-

2340 684 158 21 nux-Poulets;
2517 683 31 21 53,
2565 682 112 20 chaussée
2695 683 27 19 do
2739 683 93 20 Wavra;

2340 708 44 21 110,
2403 707 112 21 chaussée
2534 708 27 19 de
2582 708 125 21 Waterloo;
2729 708 44 21 114,
2793 712 40 14 rue

2341 733 27 19 de
2389 733 105 19 Erabant
2505 738 5 16 ;
2539 732 31 22 35,
2593 737 39 14 rue
2655 732 30 19 du
2706 732 128 19 Conito-de-

2340 757 100 20 Flandre
2451 762 5 17 ;
2488 757 18 19 5.
2537 755 279 21 Vieille-Halie-aux-Blés
2826 761 6 18 ;

2339 782 44 21 193,
2401 780 112 21 chaussée
2532 782 27 19 de
2578 782 73 20 Mons.

2335 806 37 20 En
2384 812 26 14 ce
2423 806 109 22 moment,
2544 807 109 22 quelques
2665 806 44 18 lot?
2722 805 28 20 de
2761 806 75 19 beaux

2312 832 69 23 drapa
2399 832 28 18 de
2446 832 27 18 lit
2489 832 82 19 brodés
2589 830 136 25 dépareillés
2745 832 22 19 et
2785 836 43 14 cou-

2312 859 105 17 vertures
2434 856 139 24 légère-nent
2592 856 139 21 défraîchies
2749 856 88 19 vend'.is

2310 888 57 14 avec
2383 883 71 23 perte.
2470 883 20 18 A
2505 882 87 23 qualité
2608 882 64 24 égale
2689 882 106 23 toujours
2810 881 25 20 £0

2311 914 20 18 p.
2346 914 19 13 c.
2380 909 75 18 moins
2470 909 55 18 cher
2540 913 45 19 que
2601 908 93 24 partout
2709 908 101 19 ailleurs.

2856 596 60 23 Cent,
2937 601 45 14 une
3003 601 49 14 son
3056 600 35 14 me
3112 595 106 19 d'arcrent
3239 595 142 23 importante

2855 622 41 19 ont
2913 621 37 20 été
2965 621 70 20 voles.
3050 621 47 19 Des
3113 625 114 19 soupçons
3243 620 29 23 pè
3286 622 39 18 ent
3340 626 41 14 sur

2856 652 30 14 un
2904 647 103 19 individu
3025 647 169 19 correctement
3211 645 84 20 habilli
3311 647 39 22 qui
3366 651 15 14 a

2856 671 35 20 été
2902 677 30 15 vu
2943 672 84 19 rôdant
3037 677 52 14 vers
3101 671 84 20 minuit
3196 671 86 20 devant
3292 671 23 19 ia
3325 672 47 18 mai

2855 701 42 14 son
2912 697 145 20 cambrloéle.

2875 860 34 58 })
2934 859 390 54 ,lE'r-iEjLLEUR,!^

2428 954 63 21 UNE
2506 955 206 20 REVOLUTION.

2335 980 45 19 Oh!
2396 981 180 19 ra^surcz-vousl
2592 981 19 19 II
2625 980 68 24 s'agit
2706 980 128 19 seulement

2310 1006 67 19 d'une
2393 1005 127 21 révolution
2535 1007 58 19 dans
2607 1006 33 19 les
2655 1005 87 20 rasoirs
2756 1006 28 19 de
2798 1005 28 20 sû-

2310 1031 55 20 reté.
2386 1032 55 18 Plus
2476 1031 28 20 de
2538 1032 82 19 barbes
2654 1031 39 23 qui

2310 1057 100 22 Probak,
2425 1057 22 19 la
2462 1057 60 20 lame
2538 1062 57 19 pour
2610 1057 83 19 barbes
2708 1057 79 22 fortes,
2803 1057 32 18 les
2858 1058 26 18 de
2902 1058 76 18 froma

2310 1082 79 19 enlève
2422 1087 89 15 comme
2542 1088 42 18 par
2614 1082 179 19 enchantement
2812 1083 23 17 et

2309 1108 103 23 s'adapte
2425 1107 15 20 à
2453 1109 50 19 tout
2516 1109 74 19 rasoir
2603 1108 100 19 Gillette.
2715 1108 25 19 15
2754 1108 80 18 francs

2309 1133 21 19 le
2343 1134 90 23 paquet.

2883 934 44 19 Les
2942 934 57 20 bons
3013 934 109 20 associés.
3137 944 26 5 —
3178 934 31 19 M.
3224 934 29 21 J.,
3269 933 107 19 habitant

2856 957 15 20 à
2884 959 75 22 Uccle,
2971 959 32 22 31,
3016 964 89 15 avenue
3119 959 27 20 de
3160 960 22 19 la
3195 958 127 24 Sapinière,
3335 957 32 20 s'é-

2858 984 44 18 tait
2920 983 88 20 associé
3027 989 56 14 avec
3103 984 61 19 Mme
3182 984 31 22 F.,
3233 984 23 19 et
3275 988 42 14 son
3336 983 40 19 fils

2713 1011 28 14 ;rs
2756 1006 28 19 de
2798 1010 37 15 su-
2844 1008 3 30 j
2857 1007 74 25 Willy,
2947 1008 106 21 habitant
3067 1008 15 19 à
3096 1008 114 23 St-Gilles,
3224 1013 40 15 rue
3280 1008 27 19 de
3322 1007 55 19 Hol-

2714 1030 118 20 résistent!
2844 1040 4 17 ;
2857 1032 67 19 lande
2938 1037 58 19 pour
3010 1034 165 23 l'exploitation
3189 1034 66 18 d'une
3269 1032 107 23 fabrique

3036 1058 27 19 de
3079 1058 97 19 Naraur.
3192 1058 32 19 113
3241 1056 136 21 achetèrent

2732 1190 50 15 liL\e

2338 1187 42 19 Les
2397 1187 74 20 bières
2487 1188 28 19 de
2532 1187 97 23 ménage
2646 1189 22 17 et
2686 1188 13 17 d

2332 1212 135 53 "le
2491 1226 317 44 phare.,

2308 1278 30 23 80,
2354 1283 40 15 rue
2409 1280 151 23 Stephenson,
2575 1279 69 19 Brux.
2661 1288 6 5 •
2682 1278 47 20 Tél.
2745 1279 88 19 15.09.55

2857 1082 29 18 du
2898 1081 106 20 matériel
3016 1083 23 18 et
3051 1082 39 19 des
3103 1083 182 18 marchandises.
3297 1082 38 22 Or,
3346 1087 29 14 en

2857 1111 24 14 se
2898 1106 99 19 rendant
3012 1107 75 19 mardi
3103 1108 74 18 matin
3193 1106 14 20 à
3223 1107 109 20 l'adresse
3348 1106 27 19 de

2856 1135 42 15 son
2921 1130 109 23 associée,
3053 1131 31 19 M.
3106 1131 29 22 J.,
3156 1132 108 19 constata
3284 1136 45 19 que
3353 1131 23 19 la

2857 1154 62 20 mère
2934 1156 22 18 et
2971 1155 21 19 le
3005 1155 39 20 fils
3058 1156 93 18 avaient
3166 1156 47 23 pris
3228 1157 23 18 la
3264 1156 65 20 fuite.
3343 1155 32 19 Le

2857 1178 105 20 matériel
2977 1184 59 18 pour
3049 1180 73 23 lequel
3136 1180 30 19 M.
3179 1180 28 22 J.,
3219 1186 14 14 a
3246 1180 59 24 payé
3318 1180 58 20 7.000

2856 1204 81 20 francs
2956 1204 127 24 d'acompte
3101 1205 65 19 avait
3184 1204 130 25 également
3332 1205 35 19 dis-

2857 1233 65 19 paru.

2884 1258 83 20 C'EST
2981 1259 40 19 LE
3036 1259 133 20 MOMENT
3184 1260 27 19 de
3226 1260 51 19 voir
3292 1265 26 15 ce
3333 1265 45 19 que

2859 1282 23 19 la
2906 1283 94 20 Grande
3024 1284 122 25 Fabrique,
3176 1285 32 23 28,
3238 1290 41 15 rue
3304 1286 27 19 de
3355 1286 22 18 la

3429 637 28 19 SI
3469 637 79 21 VOUS
3560 637 133 19 DESIREZ
3706 642 111 16 savourer
3830 645 31 14 un
3874 641 52 23 plat

3405 660 102 24 régional
3543 662 58 19 allez
3636 662 21 18 le
3693 662 126 21 demander
3852 664 16 19 à
3904 666 22 19 'a

3401 694 224 33 Taverne
3653 694 66 33 du
3747 696 178 33 Palace

3403 735 79 20 entrée
3500 737 66 23 place
3586 735 94 25 Rogler,
3699 737 39 23 qui
3757 741 58 16 vous
3833 738 21 19 le
3872 738 54 20 fera

3404 761 99 24 soigner.
3889 763 35 22 (3)

3423 829 45 19 Les
3482 830 50 19 vols
3545 830 60 19 dans
3618 830 22 19 le
3654 829 44 20 sud
3711 829 32 20 du
3756 830 171 25 Luxembourg:,

3398 863 26 4 —
3438 854 36 19 En
3488 855 113 20 l'absence
3616 856 41 18 des
3673 854 75 24 époux
3762 855 81 24 Leroy,
3857 860 61 19 négo-

3399 878 75 20 ciants
3487 878 15 20 à
3515 880 76 23 Muno,
3605 881 41 20 des
3659 881 93 19 voleurs
3766 881 42 19 ont
3821 880 106 21 fracturé

3399 904 33 19 Ie3
3452 904 79 19 tiroirs
3551 906 31 19 du
3602 906 108 24 magasin
3730 906 25 19 et
3775 906 80 20 enlevé
3874 907 43 19 l'ar-

3398 930 56 23 gent
3467 930 38 23 qui
3520 930 33 23 s'y
3566 931 108 21 trouvait.

3423 964 26 4 —
3460 955 21 18 A
3491 955 120 24 Halianzy,
3623 957 60 19 deux
3694 956 176 25 pensionnaires
3883 957 34 19 ita-

3398 980 58 19 liens
3472 980 112 24 héberges
3600 986 43 18 par
3659 987 31 14 un
3706 982 161 24 compatriote,
3884 983 43 19 ont

3398 1005 111 20 remercié
3528 1006 50 19 leur
3593 1007 142 20 bienfaiteur
3751 1013 29 14 en
3796 1008 33 19 lui
3845 1008 82 20 volant

3398 1035 32 15 un
3449 1031 84 19 millier
3550 1032 28 19 de
3596 1032 80 19 francs
3694 1037 25 15 se
3738 1033 112 20 trouvant
3866 1034 61 18 dans

3399 1061 31 14 un
3447 1057 78 19 buffet
3539 1058 24 18 et
3580 1062 29 14 en
3625 1058 105 19 oubliant
3747 1058 28 20 de
3792 1063 72 19 payer
3880 1063 47 15 una

3397 1086 90 15 somme
3499 1082 28 19 de
3540 1082 39 19 600
3591 1083 80 20 francs
3683 1084 68 23 qu'ils
3764 1084 32 19 lui
3809 1084 117 20 devaient-

3422 1114 22 19 A
3458 1114 111 20 Ransart
3584 1124 27 6 —
3626 1115 49 20 VoL
3689 1126 27 5 —
3730 1116 36 20 On
3783 1117 55 19 3'est
3853 1117 64 19 intro-

3397 1139 52 20 duit
3465 1140 58 19 dzna
3539 1140 33 19 les
3589 1140 88 21 écuries
3694 1142 28 19 de
3739 1142 31 19 M.
3786 1142 107 23 Liseaux,
3910 1140 16 21 à

3397 1165 110 23 F.ansart,
3527 1170 40 16 rue
3588 1166 31 19 du
3638 1167 144 22 Carabinier,
3802 1167 24 19 et
3845 1167 45 20 l'on
3909 1172 16 15 a

3397 1189 51 20 volé
3463 1195 58 19 pour
3535 1191 57 19 trois
3607 1192 63 18 mille
3684 1192 81 18 francs
3780 1191 28 20 de
3822 1192 103 20 harnais.

3396 1216 51 19 Une
3464 1215 97 24 enquête
3580 1217 35 18 est
3631 1217 103 19 ouverte.

3438 1254 20 19 A
3474 1254 148 24 Ileppif^nies.
3637 1264 28 6 —
3679 1255 83 24 Coups.
3776 1265 28 6 —
3819 1257 62 19 Cour
3896 1256 30 20 de

3397 1279 87 23 l'Olive,
3506 1279 15 19 à
3544 1280 149 24 Hepp.gni;S,
3716 1286 45 14 une
3785 1282 87 20 femme
3895 1287 31 14 na

2341 1336 174 34 CREDIT
2531 1336 271 34 ANVERSOIS

2353 1384 101 20 DEPOTS
2475 1390 26 14 en
2524 1383 88 20 CAISSE
2635 1384 147 18 D'EPARUfr/'

2343 1420 87 16 aucune
2458 1418 68 18 limite
2551 1418 56 18 n'est
2628 1415 55 20 tiièt
2704 1420 52 18 pour
2778 1416 18 18 lt

2340 1444 97 17 nionLaoi
2459 1442 38 19 de3
2517 1441 78 23 dépôts
2614 1446 21 17 et
2655 1442 31 18 les
2706 1445 57 14 reira
2774 1445 21 15 <s

2341 1470 93 16 oeuvect
2451 1469 46 17 être
2511 1466 109 21 eftoctué-i
2635 1471 53 16 sans
2703 1469 86 17 preaviB

2858 1308 83 23 Vierge
2958 1308 71 20 Koire
3046 1314 15 14 a
3078 1309 82 21 réalisé
3177 1315 89 15 comme
3283 1311 94 24 pardes-
3386 1308 4 25 !
3397 1305 105 20 s'entend
3522 1310 43 19 pas
3586 1310 57 15 avec
3664 1311 38 14 ses
3724 1306 108 21 voisines.
3852 1308 73 19 L'une

2855 1339 38 14 sus
2909 1340 29 14 en
2953 1335 70 19 tissus
3039 1336 70 19 haute
3124 1336 136 21 nouveauté.
3385 1331 88 31 [d'elles
3487 1331 32 19 lui
3534 1333 72 21 ayant
3620 1331 87 23 envoyé
3720 1332 22 19 le
3756 1333 101 19 contenu
3870 1333 56 19 d'ua

3396 1361 69 14 sceau
3479 1356 67 20 d'eau
3559 1356 58 19 dans
3630 1361 33 14 ies
3676 1357 96 23 jambes,
3787 1358 21 19 le
3821 1359 61 18 mari
3896 1358 29 19 de

2882 1376 168 26 Cambriolage.
3081 1388 27 5 —
3141 1379 66 19 Dans
3229 1379 22 20 la
3273 1380 51 19 nuit
3347 1379 28 19 de
3385 1381 34 20 Ma.
3433 1382 102 23 vietîm?,
3551 1380 16 21 à
3582 1382 23 19 la
3622 1382 91 20 rentrée
3729 1382 28 20 de
3773 1388 42 14 son
3832 1383 93 24 travail,

2857 1401 71 23 lundi,
2947 1403 39 18 des
3004 1403 113 19 inconnus
3136 1409 24 14 se
3178 1406 53 17 sont
3250 1404 125 19 introduits
3385 1404 4 23 |
3396 1407 87 19 s'arma
3499 1407 54 19 d'un
3569 1408 99 18 manche
3684 1408 29 19 de
3726 1409 82 18 brosse
3824 1409 24 19 et
3863 1408 63 21 infli-

2856 1426 57 19 dans
2933 1427 23 19 la
2977 1427 107 20 demeura
3106 1428 39 19 de3
3166 1427 74 23 époux
3261 1428 113 23 E^sbcclc,
3385 1427 4 29 {
3395 1437 44 17 ^ea
3454 1433 20 18 le
3490 1432 130 20 châtiment
3635 1433 54 23 qu'il
3705 1434 90 22 croyait
3809 1434 84 20 mérité
3909 1433 16 20 à

2902 1456 41 15 rue
2959 1451 27 20 de
3002 1452 22 20 la
3039 1452 126 23 Brasserie,
3180 1452 16 19 à
3210 1453 88 19 lxelles.
3315 1453 60 19 D'un
3397 1458 142 19 iarroseuse.
3563 1459 61 19 Mais
3646 1459 24 19 la
3693 1459 168 23 gendarmerie,
3885 1459 41 24 qui

3396 1483 84 19 entend
3492 1488 45 18 que
3548 1483 33 19 les
3592 1484 126 20 tribunaux
3729 1486 95 19 servent
3835 1484 15 20 à
3862 1486 63 24 quel¬

3396 1512 43 19 que
3454 1509 76 22 chose,
3544 1514 15 14 a
3572 1509 79 20 dressé
3665 1509 178 25 procès-verbal.

3421 1547 21 18 A
3458 1546 126 21 Charlerol.
3600 1558 28 5 —
3644 1548 120 21 Accident
3779 1560 28 4 —
3823 1550 51 20 Rue
3892 1550 32 20 du

2855 1476 90 19 meuble
2966 1476 81 19 trouvé
3067 1476 104 20 fracturé
3193 1477 20 19 le
3234 1481 30 15 ou
3284 1478 33 18 les
3337 1482 29 14 vo-

2855 1500 62 19 leurs
2932 1502 41 18 ont
2989 1500 79 20 enlevé
3083 1506 45 14 une
3144 1506 88 15 somme
3248 1501 27 20 de
3291 1502 38 19 400
3345 1502 29 19 fr.

2333 1527 152 20 Pharmacies
2502 1528 108 19 ouvertes
2628 1527 20 19 ie
2666 1527 25 18 11
2708 1526 125 20 novembre
2842 1522 4 23 !
2855 1526 23 18 et
2896 1525 38 19 d^s
2950 1525 79 22 bijoux
3046 1526 27 18 de
3090 1526 57 22 prix.

2308 1553 57 20 1981.
2383 1563 27 4 —
2427 1553 128 19 Bruxelles;
2577 1552 31 24 1G,
2627 1552 60 21 boul.
2706 1552 42 19 Ad.
2767 1552 64 21 Max;
2842 1544 3 25 I
2855 1555 5 16 1
2862 1554 46 17 WJ
2910 1553 122 23 —
3031 1553 57 24 —
3087 1554 44 23 —
3130 1554 20 23 g
3149 1554 61 23 —
3209 1554 61 24 BD—
3272 1554 16 23 1
3290 1554 88 24 —

2306 1579 31 22 11,
2354 1584 40 14 rue
2411 1579 31 19 du
2458 1579 170 22 Luxembourg;
2646 1578 44 22 174,
2708 1583 41 14 rue
2765 1577 28 20 de
2810 1578 21 18 la
2842 1577 3 29 j
2858 1586 82 15 encore
2962 1583 23 18 et
3006 1582 105 23 toujours
3134 1583 62 21 .c'est
3215 1584 23 19 la
3258 1584 68 19 vente
3349 1584 27 19 de
3385 1578 4 24 !
3396 1572 62 20 Pont
3481 1573 64 19 Neuf
3544 1587 6 9 -
3574 1573 16 20 à
3613 1574 126 24 Charlerol,
3763 1580 32 15 au
3818 1575 47 20 lieu
3889 1576 35 19 dit

2306 1604 49 20 Loi.
2373 1614 28 5 —
2418 1605 150 18 Anderlecht:
2589 1604 18 20 S,
2627 1609 41 14 rue
2687 1604 46 18 Ro:
2758 1603 30 19 ni.
2808 1612 24 4 —
2841 1602 4 21 I
2856 1608 39 18 LA
2915 1608 81 19 TETS
3015 1609 43 18 DE
3078 1609 41 19 VE
3126 1609 35 19 VU
3187 1609 61 20 cuite
3268 1609 108 20 d"-ossée
3385 1598 23 34 \i
3426 1598 86 19 Luxe:n
3513 1599 75 25 hourg
3606 1605 17 17 »,
3644 1605 31 14 un
3693 1601 182 22 serrent-major
3892 1601 32 19 du

2307 1630 136 19 Etterbeek:
2461 1630 44 22 135,
2522 1634 40 15 nu
2579 1628 100 20 Général
2695 1629 95 18 Léman.
2807 1637 25 5 -—
2920 1634 20 19 a
2959 1635 12 18 G
2987 1634 120 20 FRANCS
3125 1635 39 19 LE
3180 1635 38 19 1/2
3235 1636 74 19 KILO
3414 1648 6 5 .
3441 1624 129 24 charseurs,
3589 1625 40 24 qui
3648 1626 137 19 descendait
3805 1626 23 19 la
3847 1631 41 15 rue
3908 1625 16 20 à

2307 1655 91 20 Forest:
2413 1655 44 23 112,
2471 1660 88 14 avenue
2573 1655 31 19 du
2616 1654 54 22 Roi;
2684 1655 45 23 332,
2743 1658 90 15 avenue
2841 1654 4 30 j
2856 1662 31 15 au
2912 1658 51 19 coin
2987 1658 30 19 du
3041 1658 95 20 marché
3161 1659 214 21 Sainte-Catherine
3394 1653 28 24 Y?
3423 1649 21 19 10
3445 1663 6 9 »
3464 1655 15 14 a
3493 1649 37 21 été
3543 1655 96 15 renvers
3641 1664 12 6 -
3668 1655 43 19 P-W
3725 1650 70 20 l'auto
3809 1651 28 20 de
3851 1652 30 19 M.
3895 1651 27 19 E.

2306 1681 51 19 Van
2368 1682 105 21 Vi..:em;
2489 1681 30 23 61,
2532 1681 65 23 place
2610 1680 113 20 St-Denis.
2737 1690 26 5 —
2774 1679 58 20 Ixel-
2840 1685 5 25 |
2908 1684 20 19 a
2942 1684 39 19 LA
2995 1685 151 19 TRIPERIE
3158 1685 165 20 CENTRALE

2306 1707 41 18 le3:
2364 1707 43 23 110,
2422 1707 35 19 ch.
2471 1707 113 21 dTxelles;
2600 1706 44 23 320,
2658 1706 36 19 ch.
2709 1706 29 19 de
2751 1706 79 19 Vieur-
2840 1711 4 20 j
2855 1707 57 20 c'est
2929 1708 47 20 vite
2995 1709 58 23 prêt,
3071 1710 56 19 c'est
3144 1710 69 20 facile
3232 1710 8 19 i
3264 1710 110 24 préparer

2882 1733 23 20 et
2922 1738 29 15 on
2969 1739 27 14 en
3013 1734 45 19 fait
3075 1735 39 19 des
3132 1735 47 23 plat
3188 1740 3 5 ■
3209 1736 139 19 succulents.

2307 1731 46 23 pat.
2370 1742 25 3 —
2411 1731 145 20 Molenberï":
2575 1732 44 21 322,
2635 1731 35 21 ch.
2688 1731 27 20 de
2731 1731 74 19 Gand.
2807 1741 24 3 —

2306 1756 115 21 St-Gilles:
2436 1757 31 22 11,
2482 1762 40 14 rue
2536 1756 29 21 de
2578 1757 139 23 Roumanie;
2732 1757 32 23 22,
2779 1760 43 17 ave-

2305 1786 45 15 nue
2366 1782 101 23 Fonsny.
2484 1792 24 4 —
2526 1782 112 20 St-Josse:
2656 1782 19 21 2.
2692 1787 89 14 avenue
2800 1782 30 19 du

2305 1808 136 19 Boulevard.
2455 1817 25 4 —
2494 1807 154 20 Schaerbrek:
2664 1807 44 23 1C9,
2723 1812 41 15 rue
2778 1807 52 19 Gai-

2305 1833 51 22 lait;
2376 1833 31 22 49,
2427 1838 40 14 rue
2486 1832 103 20 Richard
2608 1832 156 22 Van^eveïdr;
2785 1833 45 21 3-17.

2305 1864 48 17 rue.
2360 1858 31 20 du
2405 1857 107 25 Progrès.
2525 1868 26 4 —
2564 1857 78 20 Uccle:
2659 1858 44 23 735,
2718 1858 111 19 chaussée

2308 1884 38 20 d'A
2350 1884 121 20 ïecEibe""*.

2881 1795 36 19 Un
2927 1795 96 22 cycliste
3032 1800 109 15 renverse
3151 1800 44 19 par
3205 1801 32 13 un
3247 1795 127 21 Chauffard

2852 1818 15 20 à
2879 1819 154 20 Sahit-GilIcG.
3044 1829 27 6 —
3081 1820 34 20 La
3126 1821 73 23 police
3211 1820 162 24 saint-gilloise

2854 1844 124 20 recherche
3001 1845 32 22 V.,
3057 1844 29 20 né
3109 1850 28 14 en
3160 1845 58 23 19C3,
3240 1845 133 22 chauffeur,

2854 1870 72 21 ayant
2942 1868 79 20 habité
3038 1874 41 15 rue
3097 1870 27 19 de
3141 1870 23 19 la
3181 1870 108 23 Victoire,
3305 1869 16 20 à
3338 1870 36 19 St-

2854 1893 78 21 Gilles,
2952 1894 39 23 qui
3013 1899 28 14 en
3060 1895 53 19 face
3134 1895 30 19 du
3184 1894 97 20 numéro
3300 1895 25 19 59
3346 1895 27 19 de

2840 1919 4 20 !
2855 1918 103 18 l'avenue
2976 1918 83 20 Louise
3078 1924 14 14 a
3111 1918 108 21 renversé
3239 1920 20 19 le
3278 1920 95 23 cycliste

2840 1941 4 31 j
2853 1942 131 20 Guillaume
2998 1943 30 22 C,
3042 1943 108 20 habitant
3162 1949 41 15 rue
3217 1944 40 19 des
3270 1944 103 24 Eperon-

2840 1969 4 24 j
2854 1966 70 23 niers.
2948 1966 16 21 à
2990 1968 126 20 Bruxelles.
3136 1969 32 19 Le
3187 1969 95 23 cj-cliste
3302 1974 15 14 a
3336 1968 36 20 été

2853 1991 74 20 blessé
2943 1997 45 14 aux
3004 1993 122 20 membres.
3140 1994 47 19 Des
3204 1994 62 19 soins
3283 1994 32 19 lui
3331 1994 42 19 ont

2853 2015 35 20 été
2907 2016 124 24 prodigués
3050 2022 43 19 par
3111 2023 32 14 un
3161 2017 113 21 médecin.
3293 2018 79 23 Quant

2853 2045 29 15 au
2898 2041 125 20 chauffeur
3038 2042 15 19 il
3069 2047 15 14 a
3099 2042 48 24 pria
3162 2043 23 18 la
3200 2043 66 19 fuite.
3282 2043 47 19 Son
3343 2042 20 20 si-

2852 2065 134 23 gnalement
3002 2071 14 14 a
3033 2065 36 20 été
3087 2067 111 19 transmis
3215 2068 102 22 partout.

2872 2096 60 32 Voici
2947 2103 92 25 revenus
3053 2098 33 30 les
3100 2099 47 34 prix
3163 2098 101 31 d'avant-
3269 2106 85 30 guerre;

2853 2150 70 18 voyez
2943 2146 33 19 les
2996 2145 103 25 étalages
3119 2147 28 19 de
3166 2147 113 22 DURAY.
3298 2148 65 19 horlo-

2853 2174 69 19 gerie,
2942 2170 132 23 orfèvrerie,
3093 2172 119 23 joaillerie,
3230 2173 32 22 44,
3282 2178 41 15 rue
3343 2173 27 19 de

2853 2194 22 21 la
2892 2195 88 19 Course
2998 2195 112 20 (derrière
3127 2197 22 19 la
3165 2197 108 21 Bourse).

2878 2219 94 20 Grande
2988 2220 57 20 mise
3061 2225 29 15 en
3105 2221 68 20 vente
3189 2221 53 20 d'un
3259 2222 67 20 stock
3343 2222 27 19 de

2853 2244 57 19 trois
2927 2245 100 19 millions
3044 2250 56 15 avec
3118 2246 39 19 des
3174 2246 77 20 rabais
3269 2247 28 19 de
3314 2247 25 19 20
3356 2245 15 20 à

2851 2268 26 19 40
2894 2269 44 19 0/0.

2876 2303 179 25 Cambriolages.
3065 2315 21 4 —
3085 2315 6 4 -
3101 2306 76 19 Lundi
3189 2305 140 24 après-midi,
3343 2310 32 15 un

2851 2328 100 20 inconnu
2971 2330 55 19 s'est
3045 2331 112 19 introduit
3176 2331 59 20 dans
3254 2332 24 18 la
3297 2332 70 18 cham-

2850 2355 41 19 bre
2909 2355 28 19 de
2956 2355 62 20 Mme
3037 2356 142 24 Marguerite
3198 2357 115 22 D'Hcndt,
3333 2361 42 15 rue

2850 2380 113 23 MerCelis,
2979 2381 31 22 63,
3024 2380 15 20 à
3054 2382 89 19 lxelles.
3158 2383 19 18 Il
3192 2387 14 14 a
3221 2381 51 20 volé
3286 2382 39 19 500
3339 2382 36 22 fr.,

2851 2410 30 15 un
2899 2406 69 20 livret
2986 2407 29 19 de
3033 2407 23 19 la
3073 2407 79 20 Caisse
3170 2407 133 24 d'Epargne
3321 2408 54 19 d'un

2850 2431 85 24 import
2951 2432 28 19 de
2994 2432 39 19 300
3049 2433 35 22 fr.,
3101 2437 58 19 pour
3174 2433 59 23 2,000
3249 2433 29 20 fr.
3294 2433 28 19 d>
3338 2433 28 20 vê-

2850 2458 106 21 tement?,
2972 2457 29 19 de
3017 2458 68 23 linge,
3099 2458 29 19 de
3145 2459 145 19 chaussures,
3306 2459 43 19 etc.

2877 2492 24 5 —
2920 2483 77 20 Mardi
3017 2484 80 22 matin,
3117 2484 31 20 M.
3169 2484 76 20 Emile
3264 2484 111 24 Lurquin,

2850 2509 104 23 cafetier,
2976 2514 42 14 rue
3038 2509 28 19 de
3088 2509 107 23 Fiennes,
3217 2510 32 22 36,
3270 2508 16 21 à
3307 2510 69 19 Curs-

2850 2534 75 24 grhem,
2943 2539 15 15 a
2976 2534 106 20 constaté
3100 2540 45 18 que
3164 2535 103 23 pendant
3284 2535 23 20 la
3324 2535 52 20 nuit

2850 2559 40 20 des
2907 2560 113 19 inconnus
3036 2560 95 19 avaient
3146 2560 96 24 pénétré
3258 2561 58 19 dans
3333 2566 43 14 son

2851 2584 179 22 établissement.
3043 2586 33 19 Ils
3090 2587 41 18 ont
3147 2585 80 20 enlevé
3239 2586 22 19 le
3275 2587 101 19 contenu

2838 2613 4 21 j
2850 2611 32 19 du
2894 2612 67 18 tiroir
2973 2611 31 19 du
3016 2612 114 23 comptoir
3144 2612 23 19 et
3179 2612 59 19 celui
3250 2612 67 19 d'une
3330 2611 47 20 boî-

2838 2637 4 18 I
2849 2637 23 19 te
2892 2635 16 21 à
2928 2637 112 24 musique.
3060 2637 33 20 II3
3115 2638 41 18 ont
3178 2637 130 24 également
3329 2642 47 15 em-

2838 2668 4 11 ;
2850 2661 66 24 porté
2928 2662 40 19 des
2980 2663 85 19 caisses
3077 2663 29 19 de
3117 2663 96 23 cigares,
3226 2663 40 19 des
3278 2664 98 23 paquets

2848 2687 28 20 de
2892 2688 132 23 cigarettes,
3040 2693 46 15 une
3102 2688 133 24 pendulette
3252 2693 28 15 en
3295 2689 79 19 cuivre

2851 2714 23 18 et
2887 2714 77 18 divers
2979 2715 79 18 autres
3073 2714 82 23 objets.

2881 2745 33 19 La
2933 2745 92 19 Maison
3043 2745 111 20 WALOX
3172 2745 84 20 Frères
3274 2745 100 19 informe

2853 2769 81 23 qu'elle
2950 2774 14 14 a
2981 2769 15 19 à
3011 2769 74 22 Paris,
3102 2770 31 18 du
3149 2770 25 18 12
3190 2775 31 14 au
3239 2771 25 18 14
3280 2775 83 14 novem-

2853 2793 46 23 bre,
2913 2798 32 15 un
2959 2795 91 18 camion
3064 2795 141 19 automobile
3219 2795 28 19 de
3260 2795 26 19 50
3298 2796 37 19 m3
3349 2796 23 19 et

2854 2822 31 14 un
2904 2818 92 19 camion
3015 2818 140 20 automobile
3175 2820 28 19 de
3221 2820 26 19 40
3265 2820 45 22 m3,
3329 2820 35 19 dis-

2852 2842 103 22 ponibles
2981 2847 58 19 pour
3063 2843 152 23 chargement
3239 2849 29 14 en
3293 2845 80 18 retour

2851 2866 120 20 Erùxellf-3
2984 2868 24 19 et
3020 2868 117 23 Belgique.
3151 2869 219 22 Renseignements:

2852 2892 19 21 2,
2893 2892 36 19 Bd
2951 2892 50 19 Em.
3024 2893 130 22 Jacqmain,
3177 2893 127 19 Bruxelles.
3326 2892 48 20 Tél.

2855 2917 40 18 17.*.
2901 2917 52 21 1.18;
2987 2917 45 22 102,
3065 2922 41 14 rue
3139 2917 129 25 Lafayette,
3299 2918 75 22 Pans,

2854 2940 37 20 tél.
2912 2941 118 20 Provence
3049 2942 66 19 10-02.

2874 2973 163 25 Disparitions,
3055 2985 25 4 —
3097 2975 87 24 Depuis
3201 2975 21 20 le
3239 2975 13 20 7
3269 2975 104 23 courant,

2848 2999 30 19 M.
2891 3000 104 23 Adolphe
3006 3001 52 19 Van
3071 3001 41 19 der
3124 3000 110 25 Reet.âgé
3247 3001 28 20 de
3286 3002 26 19 41
3324 3006 49 19 ans,

2307 3030 95 21 litaircs.
2417 3031 31 18 lui
2464 3030 64 20 avait
2544 3029 36 21 été
2595 3029 57 21 volé.
2678 3026 8 3 "
2837 3026 4 18 I
2848 3025 123 24 aiguilleur
2990 3031 46 14 aux
3054 3026 136 24 Tramways
3209 3027 130 24 bruxellois,
3359 3032 15 14 a

2331 3065 28 4 —
2377 3055 62 20 Mme
2460 3055 50 19 Van
2530 3055 46 23 G...,
2596 3054 108 20 habitant
2724 3060 40 14 rue
2786 3054 40 20 des
2836 3046 108 38 [disparu
2960 3051 30 19 du
3006 3052 106 19 domicile
3128 3052 108 24 conjugal
3252 3057 41 16 rue
3309 3052 28 20 de
3352 3053 24 18 la

2307 3080 114 21 Artisans,
2436 3080 64 19 avait
2516 3080 47 23 pris
2580 3079 65 24 place
2661 3085 40 14 sur
2717 3080 23 19 la
2755 3079 72 24 plate-
2848 3076 48 23 Loi,
2919 3077 45 20 201.
2986 3077 37 19 Au
3045 3078 103 19 moment
3170 3078 29 19 de
3220 3082 43 15 son
3285 3077 89 24 départ,

2308 3104 74 20 forme
2404 3105 29 18 du
2454 3105 61 19 tram
2536 3109 22 15 n.
2578 3104 26 19 13
2623 3103 74 20 barré.
2718 3104 108 20 Pendant
2849 3102 50 19 Van
2916 3103 41 18 der
2974 3103 59 19 Reet
3051 3103 57 19 était
3126 3103 55 20 vêtu
3198 3103 28 19 de
3243 3103 131 20 l'uniforme

2303 3129 21 19 le
2341 3129 72 23 trajet
2430 3129 28 19 de
2476 3130 22 19 la
2516 3129 66 24 place
2600 3129 159 20 Sainte-Croix
2775 3128 16 20 à
2806 3129 23 18 la
2837 3126 4 22 !
2849 3127 40 20 des
2903 3128 25 19 T.
2943 3128 32 22 B.,
2992 3128 53 19 d'un
3060 3129 82 19 veston
3157 3134 28 14 en
3199 3129 51 19 cuir
3266 3130 23 19 et
3303 3129 72 19 coiffé

2306 3155 65 23 place
2390 3155 30 19 du
2437 3154 82 24 Trône,
2538 3155 42 19 elle
2599 3156 92 18 constat
2709 3155 22 19 la
2750 3155 76 23 dispa-
2848 3153 54 20 d'un
2918 3153 54 24 képi
2988 3154 95 23 portant
3098 3154 20 20 le
3134 3159 22 15 n.
3172 3154 58 20 8697.
3245 3154 37 20 On
3298 3155 75 19 craint

2308 3180 18 19 ri
2329 3180 48 19 tion
2401 3180 28 18 de
2451 3184 42 16 son
2515 3185 40 14 sac
2577 3179 15 20 à
2613 3180 63 19 main
2699 3180 128 19 contenant

2307 3209 45 15 une
2373 3209 89 15 somme
2486 3205 106 23 d'argent
2615 3205 147 23 importante,
2787 3205 39 18 des

2306 3228 76 24 pièces
2403 3228 118 21 d'identité
2541 3230 23 19 et
2583 3230 40 19 des
2642 3229 83 24 photos
2745 3229 28 20 de
2791 3229 26 19 fa-

2307 3254 68 19 mille.
2394 3254 36 19 On
2449 3258 132 19 soupçonne
2600 3259 44 14 une
2664 3253 86 21 femme,
2769 3253 56 23 âgée

2308 3278 29 20 de
2352 3278 26 20 35
2395 3284 42 14 ans
2456 3279 102 22 environ,
2577 3279 27 19 de
2622 3278 64 20 taille
2704 3279 24 19 et
2746 3283 71 19 corpu-

2307 3304 64 18 lence
2389 3308 132 19 moyennes.

2334 2339 43 19 Vol
2394 2343 41 15 sur
2453 2339 34 19 les
2504 2340 69 19 autos
2591 2343 30 15 en
2637 2338 190 19 stationnement.

2311 2373 24 5 —
2349 2364 30 19 M.
2395 2363 139 24 Wackomlr,
2550 2364 108 19 habitant
2674 2368 41 14 rue
2732 2363 39 19 des
2787 2362 32 19 Co-

2307 2390 75 20 teaux,
2398 2387 15 20 à
2430 2388 146 20 Schaerbeek
2593 2389 64 18 avait
2673 2387 70 20 laissé
2761 2387 65 20 lundi

2308 2413 48 19 soir
2371 2418 42 14 son
2429 2414 56 18 auto
2500 2417 55 15 sans
2572 2413 152 19 surveillance
2742 2413 85 19 devant

2307 2443 27 14 sa
2351 2437 98 20 maison.
2465 2438 36 19 Un
2518 2438 136 19 malfaiteur
2669 2443 15 13 a
2701 2436 50 20 volé
2768 2442 59 18 pour

2307 2463 114 22 plusieurs
2443 2463 96 18 milliers
2560 2462 27 20 de
2608 2463 30 18 fr.
2661 2462 115 19 d'articles
2798 2462 27 18 de

2308 2487 139 23 bonneterie,
2468 2488 38 22 qui
2527 2490 26 16 se
2573 2487 132 19 trouvaient
2725 2486 58 20 dans
2803 2486 23 19 la

2307 2511 96 19 voiture.

2338 2542 31 19 Le
2380 2541 166 24 IIIGH-LIFE,
2558 2541 128 25 fréquenté,
2697 2547 31 14 au
2740 2541 91 25 Grétry,

2308 2566 32 22 69,
2360 2571 40 14 rue
2421 2566 90 25 Grétry.

2332 2599 156 24 Pickpockets
2505 2605 41 14 sur
2563 2600 33 19 les
2612 2601 81 18 trams.
2708 2609 28 6 —
2751 2600 80 22 Lundi,

2305 2630 52 14 vers
2374 2626 13 19 5
2404 2626 21 19 h.
2443 2626 31 19 du
2490 2626 53 23 soir,
2562 2626 63 19 Mme
2643 2626 115 19 Jeannine
2776 2625 54 20 Wil-

2304 2650 66 24 lame,
2385 2651 137 20 demeurant
2536 2652 65 23 place
2615 2651 87 23 Joseph
2714 2651 115 21 Wauters,

2303 2677 18 22 S,
2334 2676 16 19 à
2363 2676 147 23 Watermael,
2524 2677 64 19 avait
2602 2677 47 23 pri:-
2663 2676 71 24 place,
2748 2675 16 20 à
2777 2676 52 20 Wa-

2305 2703 102 21 termae!,
2428 2707 41 16 sur
2489 2703 23 18 la
2533 2702 138 24 plateforme
2698 2702 73 19 avant
2798 2702 32 19 du

2305 2730 61 17 :.ram
2379 2728 31 19 S6.
2425 2729 51 18 Rue
2489 2728 31 19 du
2533 2727 81 23 Trône,
2627 2727 15 20 à
2654 2728 100 19 hauteur
2766 2727 29 20 de
2808 2728 22 18 la

2305 2758 40 15 rue
2358 2754 31 19 du
2401 2754 95 22 Viaduc,
2509 2753 16 20 à
2537 2753 83 21 Lxeïlcs
2619 2767 10 10 r
2640 2754 43 19 elle
2696 2759 15 14 a
2723 2752 106 21 constaté

2303 2779 81 24 qu'elle
2399 2779 65 20 avait
2479 2779 36 19 été
2529 2779 99 19 délestée
2645 2779 28 19 de
2688 2784 27 14 sa
2730 2779 99 19 sacoche

2305 2805 127 18 contenant
2446 2804 38 19 600
2499 2805 80 18 francs
2594 2805 23 18 et
2631 2803 76 19 divrs
2722 2804 82 22 objets.

2331 2834 172 23 Pickpockets.
2515 2844 11 4 -
2525 2844 17 4 —
2556 2835 33 18 La
2603 2836 51 17 nuit
2670 2833 110 22 dernière.
2795 2833 30 19 M.

2305 2858 79 20 Julien
2402 2858 117 24 Dierickx,
2539 2859 137 19 demeurant
2696 2864 41 14 rue
2755 2859 28 19 de
2802 2858 23 21 la

2306 2883 126 23 Petite-Ile,
2455 2881 16 21 à
2495 2881 147 26 Anderlecht,
2668 2888 26 14 se
2720 2883 102 19 trouvait

2306 2908 58 19 dans
2386 2913 32 15 un
2440 2907 174 21 établissement
2637 2908 27 19 da
2687 2909 23 18 la
2733 2913 40 14 rue
2797 2908 26 18 de

2305 2933 111 21 Brabant,
2432 2931 15 20 à
2462 2932 149 20 Saint-Josse.
2627 2932 19 19 II
2663 2932 36 20 fut
2716 2931 108 20 bousculé

2306 2961 43 19 par
2365 2962 31 14 un
2412 2957 110 21 inconnu;
2542 2962 43 18 peu
2601 2956 68 24 après
2686 2957 16 18 il
2717 2957 108 18 conste.ta

2306 2986 44 18 que
2366 2987 42 13 son
2425 2981 153 23 portefeuille,
2593 2982 127 18 contenant
2735 2980 39 19 300
2791 2980 35 21 fr.,

2307 3006 39 19 des
2361 3005 76 24 pièces
2451 3006 123 19 officielles
2587 3006 23 19 et
2625 3006 39 19 des
2678 3005 92 24 papiers
2784 3005 42 19 mi-

2335 3347 65 19 TEL.
2417 3347 90 20 37.53.43
2522 3353 58 18 pour
2596 3347 88 20 célèbre
2702 3348 127 21 Breakfast
2838 3350 3 12 :

2308 3373 80 19 Bacon
2406 3373 111 23 Osborne,
2535 3375 75 17 toutes
2628 3372 60 24 spéc.
2706 3374 31 18 1"
2754 3374 74 21 choix,
2838 3375 3 18 I

2310 3398 105 19 Osbome
2432 3399 78 19 House
2529 3399 44 19 act
2591 3399 44 22 398,
2653 3399 35 19 ch.
2706 3399 123 20 Waterloo.

2308 3423 40 19 Ma
2371 3423 140 23 Campagne.

2333 3448 88 19 Prenez
2440 3449 54 19 note
2514 3449 27 19 de
2559 3448 24 20 la
2601 3449 105 19 nouvelle
2726 3449 101 19 adresse.

1965 4005 105 22 -*PQT!+~

1777 4044 44 36 M.
1837 4042 107 38 Désiré
1959 4043 127 36 Demest
2106 4044 49 35 est
2178 4045 83 34 mort

1790 4131 31 21 M.
1839 4130 83 21 Désiré
1940 4131 103 24 Demest,
2060 4131 136 24 professeur
2212 4131 62 19 hono-

1761 4157 62 19 raire
1847 4156 28 21 de
1897 4156 74 21 chant
1994 4161 30 15 au
2049 4156 176 19 Conservatoire
2249 4156 29 19 de

1760 4181 128 23 Bruxelles,
1902 4181 65 21 vient
1980 4181 29 20 de
2023 4181 90 21 mourir
2126 4179 15 21 à
2154 4180 127 21 Bruxelles,

1758 4206 40 19 des
1813 4206 73 19 suites
1901 4206 69 19 d'une
1984 4205 128 26 opération.

1782 4230 37 21 Né
1835 4229 16 21 à
1866 4230 136 26 Grivegnée,
2019 4236 29 15 en
2063 4231 59 23 1803,
2139 4231 32 20 M.
2186 4231 97 20 Demest

1764 4256 38 20 fut
1823 4255 82 26 appelé
1926 4261 31 15 au
1977 4256 178 21 Conservatoire
2175 4256 29 20 de
2223 4256 50 20 Bru-

1763 4281 77 24 xelles,
1852 4286 44 19 par
1908 4281 31 20 M.
1951 4281 107 24 Gevaert,
2071 4286 29 15 en
2111 4281 58 20 1894.

1789 4306 33 20 Le
1846 4303 84 24 défunt
1958 4310 16 15 a
2002 4305 76 28 forn^é
2102 4306 28 19 de
2153 4306 129 20 nombreux

1762 4330 134 23 chanteurs,
1919 4329 77 25 parmj
2019 4330 101 24 lesquels
2143 4335 60 15 nous
2226 4335 46 19 pou-

1763 4360 58 15 vons
1836 4356 68 19 citer:
1921 4355 89 22 Hector
2024 4355 114 24 pufrane,
2154 4355 40 24 qui
2210 4360 71 19 passa

1762 4379 16 21 à
1793 4378 214 26 l'Opéra-Coralque
2023 4381 25 22 çt
2062 4379 32 21 fit
2110 4385 30 17 en
2156 4379 124 25 Amérique

1763 4405 28 20 de
1806 4405 123 20 brillantes
1944 4405 119 23 tournées;
2079 4405 68 21 Jules
2163 4405 91 20 Godart
2272 4409 6 17 ;

1759 4430 114 23 Huberty,
1886 4430 29 20 de
1928 4429 92 25 l'Opéra
2034 4430 29 20 cb?
2076 4430 78 23 -Paris;
2170 4430 110 20 Fernand

1761 4455 113 25 Ansscau,
1894 4455 91 23 Swolfs,
2010 4454 105 22 Maurice
2132 4472 3 3 .
2141 4454 138 25 Weynandt,

1763 4476 76 28 Alain,
1850 4480 34 20 les
1896 4479 58 20 trois
1965 4479 105 23 derniers
2081 4478 149 25 professeurs
2249 4484 32 16 au

2329 3503 167 24 Cambriolage.
2524 3513 27 5 —
2580 3504 31 19 M.
2640 3504 50 22 M...,
2719 3504 109 19 habitant

2303 3528 111 20 chaussée
2431 3529 28 19 de
2476 3528 123 25 Waterloo,
2615 3528 14 20 à
2645 3529 153 22 Saint-Gilles,
2814 3534 14 13 a

2303 3554 111 23 constaté,
2430 3555 64 19 lundi
2510 3555 81 23 mp.tin,
2607 3555 69 23 qu'un
2694 3555 135 19 malfaiteur

2303 3579 76 20 s'était
2396 3580 112 19 introduit
2527 3580 58 19 dans
2603 3585 27 14 sa
2649 3580 115 20 demeure.
2781 3580 47 19 Des

2302 3605 136 23 vêtements,
2456 3605 40 20 des
2513 3605 74 20 boîtes
2605 3606 28 19 de
2651 3606 90 24 cigares
2758 3607 24 18 et
2799 3605 30 19 de

2304 3631 131 23 cigarettes,
2455 3631 60 19 ainù
2534 3631 70 23 qu'un
2622 3631 52 19 vélo
2693 3631 94 24 portant
2807 3631 23 19 la

2305 3657 83 23 plaque
2408 3661 22 15 n.
2451 3656 70 23 79008,
2543 3657 157 23 appart'r.ant
2721 3661 30 15 au
2771 3657 51 19 loca-

2303 3682 65 23 taire,
2384 3682 30 19 M.
2430 3682 47 23 D...,
2491 3682 96 20 avaient
2601 3681 37 20 ('té
2653 3682 70 20 velés.

2331 3714 24 19 Si
2373 3719 57 14 vous
2446 3719 84 18 prenez
2547 3714 31 19 du
2595 3714 170 20 YOGHOURT
2782 3719 42 19 par

2307 3738 56 24 goût
2380 3744 30 14 ou
2429 3743 43 19 par
2488 3739 148 19 ordonnance
2654 3738 120 24 médicale,
2793 3744 24 15 es-

2306 3768 67 18 sayez
2387 3764 22 18 la
2421 3768 97 19 marque
2531 3769 11 13 «
2556 3762 124 22 Hollaudia
2694 3770 19 17 *,
2726 3762 97 26 préparé

2306 3793 56 14 avec
2377 3788 30 19 du
2422 3788 41 19 lait
2478 3793 50 18 pur,
2543 3789 65 19 extra
2622 3789 65 20 frais,
2701 3794 57 14 vous
2772 3789 52 19 n'en

2306 3813 99 18 voudrez
2427 3813 51 23 plus
2501 3813 95 20 d'autre.
2619 3813 36 19 En
2676 3813 69 23 dépôt
2767 3814 58 18 dans

2306 3837 51 23 plus
2375 3837 27 19 de
2418 3837 59 22 3,000
2491 3837 120 24 magasins
2627 3837 16 20 à
2658 3838 126 19 Bruxelles.
2801 3838 24 19 Si

2306 3866 57 14 vous
2377 3867 28 14 ne
2419 3862 21 19 le
2453 3862 94 19 trouvez
2560 3867 42 19 pas
2616 3863 55 19 chez
2684 3863 65 19 votre
2762 3863 55 19 four-

2306 3886 97 22 nisseur,
2423 3886 164 20 demandez-en
2607 3888 23 18 la
2650 3888 83 19 remise
2753 3886 15 21 à
2788 3887 29 19 do-

2305 3911 83 20 micile.
2405 3910 90 20 Société
2512 3911 114 20 Générale
2644 3911 107 24 Laitière,
2769 3912 47 19 Lae-

2306 3935 52 19 ken.
2376 3934 131 25 Téléphone
2524 3936 97 20 26.28.31.
2790 3937 32 20 (4)

2327 3966 99 20 Voleurs
2440 3966 30 20 ilo
2486 3967 132 23 pardessus.
2633 3978 27 4 —
2675 3968 88 24 Depuis
2780 3968 38 24 plu-

2302 3992 74 22 sieurs
2392 3992 71 23 jours,
2480 3993 40 18 des
2537 3993 116 19 Individus
2669 3994 102 19 volaient
2787 3993 40 19 des

2302 4017 124 23 pardessus
2450 4018 88 24 pendus
2562 4023 46 14 aux
2634 4019 193 23 portemanteaux

2302 4043 28 19 de
2349 4043 101 19 certains
2468 4042 185 22 établissements
2671 4044 27 19 de
2716 4045 23 18 la
2756 4045 71 22 place.

2302 4068 118 20 Plurieurs
2446 4068 199 22 consommateurs
2671 4069 94 20 avaient
2791 4068 36 20 été

2302 4093 106 20 victimes
2426 4094 29 19 de
2472 4099 39 14 ces
2528 4095 154 19 malfaiteurs.
2701 4095 34 19 La
2754 4095 73 23 police

2302 4119 35 19 est
2347 4124 117 19 parvenue
2474 4118 16 21 à
2500 4120 33 20 les
2543 4119 91 20 arrêter
2643 4124 31 15 au
2684 4121 103 18 moment
2798 4119 29 20 où

2302 4144 28 20 ils
2344 4144 115 22 tentaient
2472 4149 32 15 un
2519 4150 11 13 «
2545 4150 59 19 coup
2619 4150 12 14 »
2645 4145 58 20 dans
2718 4150 32 15 un
2764 4145 63 20 hôtel

2302 4170 30 20 du
2346 4170 126 20 boulevard
2486 4171 104 23 Adelphe
2604 4171 61 19 Me::.
2680 4171 31 19 Ce
2726 4172 53 18 sont
2794 4171 33 19 les

2301 4194 105 22 nommés
2421 4196 60 20 Jean
2497 4196 49 22 M...,
2561 4196 29 19 né
2606 4195 15 20 à
2635 4196 74 23 Paris,
2726 4202 29 14 eu
2769 4197 50 18 1911

2849 3184 30 14 un
2896 3180 113 20 malheur.

2875 3214 25 5 —
2917 3205 34 19 La
2967 3205 74 23 police
3057 3205 64 20 vient
3140 3205 27 20 de
3184 3206 152 19 transmettre
3353 3206 22 19 le

2849 3230 155 24 signalement
3015 3231 29 19 de
3056 3231 56 19 Mlle
3123 3231 83 19 Louise
3218 3231 98 24 Simons,
3329 3236 37 14 ser-

2849 3260 26 14 ve
2880 3261 13 13 n
2896 3256 29 23 te,
2945 3255 42 20 née
3007 3256 16 19 à
3042 3257 106 18 Roubaix
3168 3257 21 19 le
3208 3257 26 19 27
3253 3256 121 20 décembre

2848 3281 57 22 18C3,
2928 3282 39 23 qui
2991 3287 15 14 a
3028 3282 95 24 disparu
3145 3282 29 20 de
3195 3287 43 14 son
3260 3282 113 22 domicile,

2849 3306 111 20 chaussée
2979 3306 118 25 d'Anvers,
3131 3308 31 22 25,
3199 3307 80 25 depuis
3313 3307 61 20 deux

2848 3332 71 23 jours.
2936 3332 20 20 Il
2974 3337 17 19 y
3009 3338 15 14 a
3041 3333 98 24 qu:lque
3157 3334 83 22 temps,
3257 3333 24 19 la
3297 3333 68 23 dispa-

2849 3363 40 14 rue
2904 3358 64 19 avait
2982 3358 65 20 tenté
3061 3359 28 19 de
3104 3364 25 14 se
3144 3359 100 19 suicider
3258 3363 29 15 en
3301 3363 25 15 se
3342 3358 23 24 je-

2848 3384 52 19 tant
2912 3384 59 20 dans
2983 3389 31 14 un
3028 3384 75 24 étang,
3116 3383 15 20 à
3143 3384 94 20 Genval.

2875 3415 121 20 Attention
3014 3420 46 15 aux
3078 3415 159 24 plclrpockcts.
3255 3426 27 5 —
3299 3416 74 20 Lundi

2850 3441 52 23 soir,
2922 3441 30 19 M.
2970 3441 89 20 Arsène

2850 3472 40 14 rue
2902 3467 27 19 de
2941 3467 132 23 l'Enclume,

2848 3493 49 20 vait
2909 3493 58 19 dans
2981 3497 31 15 un
3024 3492 91 20 cinéma
3128 3493 28 19 de
3170 3493 23 19 la
3205 3498 41 14 rue
3258 3493 41 19 des
3311 3493 54 19 Pier

2850 3523 42 17 res,
2913 3518 78 24 quand
3013 3518 15 19 il
3049 3519 108 19 constata
3178 3519 54 23 qu'il
3254 3519 65 19 avait
3339 3517 37 21 été

2850 3543 94 21 victime
2964 3544 54 19 d'un
3038 3544 140 23 piclcpocket
3198 3544 40 23 qui
3259 3544 31 19 lui
3311 3544 65 19 avait

2850 3568 79 21 enlevé
2947 3574 42 14 son
3009 3569 145 24 portefeuille
3173 3570 147 19 renfermant
3337 3569 39 19 200

2849 3595 34 22 fr.,
2902 3599 31 15 un
2950 3595 152 23 porte-plume
3121 3594 115 20 réservoir
3255 3595 29 19 de
3302 3594 25 20 60
3345 3595 29 18 fr.

2849 3621 23 19 et
2886 3625 31 15 un
2931 3620 138 24 porte-mine
3081 3621 80 19 valant
3176 3620 26 20 57
3216 3620 29 20 fr.

2874 3646 75 19 Chute
2963 3651 77 18 gr.'ivc.
3053 3655 27 6 —
3092 3646 76 19 Lundi
3183 3646 52 22 soir,
3250 3646 62 19 Mme
3325 3646 49 19 Vve

2848 3672 51 19 Van
2917 3671 96 24 Haelen,
3029 3672 137 19 demeurant
3182 3676 40 14 rue
3237 3671 76 22 Verte,
3330 3671 44 22 220,

2848 3696 14 20 à
2878 3697 152 23 Schaerbeek,
3046 3697 133 19 descendait
3195 3697 112 19 l'escalier
3322 3701 43 15 con-

2849 3723 94 19 duisant
2956 3728 46 14 nux
3015 3723 94 19 balcons
3124 3723 53 18 d'un
3191 3722 90 19 cr.jma
3295 3722 28 19 de
3337 3722 28 19 l'a-

2848 3753 74 14 venue
2936 3748 28 20 de
2978 3748 22 19 la
3014 3748 93 23 Chasse,
3121 3747 15 19 à
3149 3748 133 22 Etterbeek,
3295 3747 79 24 quand

2849 3774 43 19 elle
2914 3773 77 25 glissa,
3013 3773 79 20 tomba
3112 3774 24 18 et
3156 3778 25 14 se
3202 3773 106 19 fractura
3328 3778 47 14 une

2849 3800 84 22 jambe.
2955 3799 50 19 Elle
3026 3804 14 14 a
3062 3798 36 20 été
3119 3797 145 26 transportée
3285 3797 16 20 à
3321 3797 46 21 l'hô-

2849 3825 57 23 pital
2924 3824 138 23 communal,
3080 3823 31 20 où
3128 3824 44 19 elle
3189 3829 15 14 a
3223 3822 36 21 été
3277 3824 88 20 mainte-

2848 3855 45 14 nue
2907 3855 29 14 en
2951 3850 141 19 traitement.

2886 3906 197 85 ardines
3130 3906 241 85 St-Louis

3007 4007 209 22 TOUJOURS

2927 4042 65 37 les
3008 4043 260 37 meilleures
3284 4044 10 34 î

2302 4221 23 20 et
2343 4221 89 20 Achille
2451 4221 48 22 H...
2518 4222 125 20 chauffeur
2662 4222 83 22 d'auto,
2764 4222 30 20 né
2813 4221 14 20 à
2836 4218 4 35 j
2849 4225 15 20 à
2880 4227 23 18 la
2920 4231 56 19 gare
2993 4226 40 19 des
3050 4223 141 23 Guillemin*,
3207 4228 13 13 a
3239 4220 72 25 perdu
3327 4218 38 20 l'é-

2302 4247 91 19 Namur
2410 4252 28 14 en
2452 4247 57 20 1898.
2524 4247 61 19 Tous
2600 4247 60 19 deux
2674 4248 40 19 ont
2732 4247 37 20 été
2784 4248 44 19 mis
2836 4241 4 34 j
2851 4250 98 26 quillbre
2977 4252 23 18 et
3027 4255 15 15 a
3069 4247 62 22 roulé
3151 4251 53 16 sous
3225 4246 22 19 la
3268 4246 98 18 locomo-

2302 4271 15 20 à
2332 4272 23 20 la
2370 4272 137 24 disposition
2524 4272 28 20 de
2568 4273 31 19 M.
2616 4273 20 19 le
2652 4277 127 19 procureur
2796 4274 31 18 du

2300 4297 52 20 Roi.

2302 4328 85 24 Exigez
2393 4329 21 19 le
2422 4329 71 20 .Sucre
2500 4328 99 21 Raffiné
2606 4329 28 20 de
2641 4331 182 20 TIRLEMONT

2327 4361 52 19 Une
2397 4360 64 21 mère
2478 4362 25 18 et
2519 4366 43 15 son
2578 4362 84 20 enfant
2679 4362 87 19 blessés
2785 4368 43 18 par

2302 4390 46 15 une
2364 4386 147 20 automobile.
2526 4397 26 4 —
2567 4387 63 20 Mme
2645 4388 26 20 V.
2686 4382 153 36 Forstmannj

2301 4411 84 20 roulait
2397 4412 65 19 lundi
2474 4411 134 24 après-midi
2621 4418 28 14 en
2662 4413 55 19 auto
2729 4418 31 14 au
2772 4412 53 21 bon-
2835 4407 4 30 [

2301 4437 80 19 levard
2399 4437 109 24 Anrpach
2525 4439 88 18 venant
2630 4438 28 20 do
2676 4439 23 19 la
2716 4438 65 24 place
2798 4437 27 20 de
2835 4442 2 8 '

2301 4462 139 20 Brouckère.
2464 4463 38 20 En
2525 4464 78 19 virant
2625 4468 58 19 pour
2706 4463 120 25 s'engager
2834 4458 3 31 \

2302 4488 58 20 rlans
2377 4488 24 20 la
2419 4493 41 15 rue
2478 4488 28 20 de
2523 4489 114 23 l'Evoque,
2656 4489 43 18 <"l'e
2717 4493 77 14 r^nvm

1764 4504 178 20 Conservatoire
1963 4504 29 21 de
2011 4505 131 27 Bruxelles,
2160 4510 31 14 ou
2211 4504 70 21 Alain
2299 4513 63 20 Mme
2372 4514 74 19 Marie
2453 4514 114 19 Boulacrt
2579 4515 21 19 et
2612 4519 41 15 s-m
2665 4513 78 20 rnfnnt
2758 4511 68 21 T.'U'a

1762 4529 101 20 succéda
1880 4526 16 23 à
1915 4528 60 20 celui
1995 4529 57 20 dont
2071 4534 32 18 on
2123 4534 105 16 annonce
2248 4529 31 20 ici

1761 4554 23 20 le
1801 4553 77 23 décès;
1897 4553 122 24 Fontaine,
2036 4554 28 20 de
2080 4553 94 25 l'Opéra
2190 4553 29 21 de
2235 4550 36 24 Pa-

1759 4579 43 22 ris;
1819 4577 48 21 Léo
1881 4578 116 25 Deveaux,
2013 4579 114 23 Bracony,
2143 4579 44 20 etc.

1786 4603 33 19 Le
1837 4603 84 20 défunt
1938 4602 59 22 était
2014 4597 100 27 hauteur
2131 4603 55 20 d'un
2204 4603 75 25 grand

1762 4627 94 20 manuel
1874 4625 111 23 d'Etudes
2002 4628 98 20 vocales.

1788 4652 59 19 Sous
1865 4652 25 20 la
1907 4652 114 21 direction
2040 4653 28 19 de
2087 4652 31 20 M.
2137 4653 107 22 Gevaert,
2263 4652 15 20 11

1759 4676 78 20 donna
1847 4676 68 24 jadis,
1926 4681 31 15 au
1969 4676 183 24 Conservatoire,
2163 4678 116 23 plusieurs

1757 4702 133 20 exécutions
1914 4707 90 15 com-ne
2029 4702 67 21 ténor
2120 4702 55 20 solo.
2194 4702 31 20 Ce
2244 4702 37 19 fut

1757 4731 30 15 au
1808 4731 68 15 cours
1896 4727 67 20 d'une
1984 4728 28 20 de
2033 4732 37 16 ces
2090 4727 117 20 auditions
2226 4727 53 24 qu'il

1761 4751 80 24 perdit
1859 4752 142 21 subitement
2019 4753 25 20 la
2063 4752 59 22 voix,
2141 4751 16 20 à
2175 4752 24 19 la
2218 4752 61 20 suite

1764 4776 55 19 d'un
1836 4776 78 23 effort,
1932 4777 105 23 crolt-on,
2054 4777 24 20 et
2094 4776 15 20 il
2126 4776 43 20 dut
2186 4782 24 14 se
2227 4782 45 15 con-

1762 4805 80 15 sacrer
1855 4801 181 21 exclusivement
2047 4806 32 15 au
2091 4801 152 24 professorat.

1963 4838 105 21 -•*>«•*>-

1761 4875 78 45 LA
1868 4875 114 46 23">-
2006 4875 268 47 SESSION

1770 4944 35 46 de
1811 4945 30 45 la
1848 4945 72 45 Cour
1926 4956 18 44 p
1946 4956 131 35 ermanen
2080 4948 29 41 te
2118 4945 34 45 de
2160 4944 105 53 justice

1942 5034 35 21 La
1991 5035 74 25 Haye,
2082 5033 26 21 10
2122 5038 82 16 noveni
2218 5037 36 16 -rt.

1778 5074 35 20 La
1826 5074 62 20 Cour
1900 5075 150 23 permanente
2063 5073 30 20 de
2105 5073 89 20 Justice
2209 5072 61 19 Inter-

1754 5100 119 19 nationale
1889 5104 16 15 a
1923 5100 56 19 tenu
1997 5101 22 19 la
2035 5098 113 26 première
2166 5097 112 20 audience

1755 5125 109 25 publique
1885 5125 29 21 de
1935 5130 28 15 sa
1982 5125 39 20 23e
2042 5124 88 21 aejsiT.i
2153 5122 117 21 extraordi-

1753 5150 73 21 naire.

1779 5176 37 20 En
1831 5176 101 19 ouvrant
1945 5176 133 22 l'audience,
2093 5174 31 20 M.
2139 5173 89 22 Adatcl,
2230 5172 41 25 pré-

1754 5201 80 24 sident,
1852 5207 16 14 a
1885 5201 94 24 rappelé
1995 5207 46 19 que
2057 5202 23 19 la
2096 5201 61 19 Cour
2173 5204 24 15 se
2216 5200 54 18 trou-

1753 5226 51 20 vait
1818 5227 165 20 actuellement
1997 5227 71 20 saisie
2084 5226 41 19 des
2140 5224 53 24 cinq
2209 5224 61 19 affai-

1754 5256 37 15 res
1802 5252 129 19 suivantes:
1943 5256 69 16 zones
2023 5251 109 26 franches
2144 5250 28 20 de
2182 5250 24 19 la
2216 5250 55 19 Hau-

1754 5277 116 20 te-Savoie
1887 5277 25 20 et
1927 5277 31 20 du
1975 5277 62 24 Pays
2054 5277 28 19 de
2099 5276 55 22 Gex,
2174 5275 64 19 entre
2255 5275 24 19 la

1755 5302 92 20 France
1870 5302 23 20 et
1917 5302 24 20 la
1964 5302 88 23 Suisse;
2078 5301 136 20 traitement
2238 5300 41 19 des

1755 5332 125 19 personnes
1897 5328 112 20 d'orieine
2025 5333 30 15 ou
2072 5327 28 20 de
2116 5327 86 23 langue
2217 5325 54 25 polo-

1754 5353 65 20 naise
1832 5353 58 20 dans
1902 5353 21 20 le
1935 5353 117 20 territoire
2064 5353 28 19 de
2103 5351 101 25 Dantzig
2219 5351 60 21 Cavis

1756 5379 158 22 consult-'lf);
1932 5379 76 20 statut
2023 5378 116 24 juridique
2154 5377 29 19 de
2199 5377 73 19 certai-

1755 5408 42 16 nes
1809 5404 88 24 parties
1909 5404 31 19 du
1952 5403 132 21 Groenland
2096 5402 106 24 oriental,
2215 5402 65 21 entre

1755 5429 22 20 le
1795 5429 137 20 Danemark
1951 5430 24 19 et
1992 5430 24 20 la
2033 5428 116 24 Norvège;
2170 5427 67 21 accès
2257 5429 24 19 et

1756 5454 184 20 stationnement
1966 5455 40 19 des
2034 5454 93 20 navires
2148 5453 29 21 de
2197 5458 84 20 guerre

1757 5480 104 24 polonais
1876 5480 60 19 dans
1952 5480 22 19 le
1989 5480 54 25 port
2057 5480 29 19 de
2101 5479 102 24 Dantzig
2220 5479 61 22 (avis

1757 5505 159 21 consultatif):
1926 5520 3 5 ,
1938 5505 178 24 Interprétation
2135 5504 29 21 de
2182 5503 99 22 l'aecord

1757 5530 234 21 Cafandaris-Moloff
2009 5531 31 20 du
2058 5531 13 20 9
2090 5530 121 20 décembre
2229 5530 52 20 1927

1758 5556 65 18 entre
1837 5555 23 20 la
1873 5555 110 25 Bulgarie
1996 5554 27 23 et'
2031 5557 23 19 la
2067 5555 73 22 Grèce
2156 5555 60 23 (avis
2230 5561 43 15 con-

1758 5580 112 23 sultatif).

2850 4276 52 19 tive.
2918 4275 35 19 On
2968 4280 13 14 a
2997 4274 29 20 dû
3042 4273 106 25 amputor
3162 4270 21 21 la
3198 4270 76 24 jambe
3290 4269 74 19 droite

2850 4300 30 19 du
2902 4299 149 20 malheureux
3073 4297 14 20 à
3110 4296 22 19 la
3153 4295 98 19 hauteur
3274 4293 30 19 du
3327 4298 28 19 ge-

2850 4330 55 17 nou;
2920 4325 14 18 11
2948 4329 14 15 u
2975 4328 28 15 rn
3016 4323 66 19 outre
3094 4321 21 20 la
3130 4320 74 20 cuisse
3218 4319 73 19 droite
3304 4318 52 20 frac-

2851 4348 64 20 turée
2936 4349 23 19 et
2980 4344 133 24 l'estrétuito
3140 4344 30 19 du
3196 4343 53 24 pied
3275 4343 90 24 gauche

2848 4371 89 26 broyée.

2873 4403 19 20 A
2907 4400 124 22 Charlerol.
3045 4409 27 6 —
3086 4399 64 23 Coup
3165 4398 29 20 de
3208 4398 121 25 poignard.
3341 4409 29 5 —

2845 4429 69 19 Sen-ro
2932 4424 132 23 Amlrosoff,
3084 4425 98 22 tailleur,
3200 4425 109 19 habitant
3326 4429 41 14 rue

2845 4454 143 21 CtmvAniics,
3005 4449 15 20 à
3038 4449 125 24 Charlerol,
3181 4450 80 23 voyait
3279 4450 89 19 dlman-

2845 4479 41 18 elu*
2903 4477 47 20 soir
2967 4481 25 14 sa
3010 4475 108 19 servante
3134 4475 71 19 sortir
3221 4474 138 25 précipitam-

2846 4502 62 19 ment
2922 4501 28 19 do
2966 4501 56 19 chez
3036 4500 32 21 lut
3085 4506 28 14 en
3128 4501 133 23 emportant
3276 4501 41 20 des
3331 4500 38 21 vê-

2844 4527 8 21 t
2854 4531 65 17 «mon
2921 4526 28 21 ta.
2964 4526 19 20 Il
3000 4526 23 19 la
3037 4526 72 19 suivit
3123 4527 24 18 et
3162 4527 108 19 constata
3286 4527 82 24 qu'elle

2806 4561 10 13 ,-,
2833 4558 3 15 1
2845 4552 123 22 rejoignait
2980 4556 41 14 son
3033 4551 54 23 ami,
3098 4551 103 23 Georgrs
3211 4552 107 22 Pote3cu,
3330 4553 41 19 ha-

2317 4570 15 28 !
2335 4570 24 33 J
2360 4564 202 42 'tfi'rL'Sïïfi
2570 4569 33 37 'il
2623 4595 25 10 ™
2657 4570 133 36 «n,';,,.
2816 4570 9 35 t"
2833 4578 2 21 :
2843 4558 75 40 $•»•
2929 4575 130 26 également
3069 4580 41 17 ™
3121 4566 127 31 Châvanne
3250 4583 9 14 3
3261 4592 6 5 .
3276 4567 93 30 La'sor-

2315 4590 259 48 iïi^t
2593 4619 48 14 ™-
2684 4587 85 46 KES
2784 4585 52 53 îur'i
2843 4601 76 24 vante,
2939 4601 42 20 née
3000 4601 64 21 Julla
3083 4601 90 26 Pi-son,
3194 4603 97 20 s'enfuit
3310 4604 59 19 dans

2300 4640 22 21 le
2336 4645 27 15 co
2377 4646 26 19 ps
2425 4641 61 19 Tom
2495 4620 64 40 Xmx
2574 4640 40 19 ont
2630 4637 23 22 tt
2680 4634 144 28 tMllnport*
2844 4627 43 42 *£
2903 4627 12 35 I
2916 4631 12 16 e
2929 4631 25 16 "
2954 4632 14 14 a
2970 4632 6 14 '
2980 4632 26 14 ns
3003 4632 68 37 ,„T5f
3072 4632 40 37 T
3117 4632 46 37 nT
3183 4629 88 40 'ÏV
3291 4630 79 39 ^

2842 4654 46 18 Son
2903 4654 48 18 ami
2966 4654 23 18 la
3003 4654 66 19 suivi.
3084 4654 95 20 Comme
3193 4654 118 21 Andrcsof
3313 4655 10 20 f
3338 4656 22 19 al-

2843 4678 43 19 lait
2900 4678 34 19 le3
2950 4678 123 24 rejoindre,
3089 4680 101 19 Potescu
3206 4681 32 19 lui
3254 4682 69 23 porta
3339 4686 31 14 un

2843 4708 59 19 coup
2915 4704 27 19 de
2956 4704 113 24 poignard
3082 4704 15 20 à
3108 4705 23 20 la
3143 4705 55 20 tête.
3209 4706 34 20 La
3255 4706 74 25 police
3342 4707 28 19 de

2844 4729 120 21 Charlerol
2978 4735 15 14 a
3006 4731 83 19 ouvert
3103 4736 46 14 une
3163 4731 105 24 enquête.

2866 4755 45 20 Les
2924 4755 95 24 pilleurs
3031 4756 92 20 d'autos
3135 4762 31 15 en
3178 4758 191 20 stationnement.

2844 4790 25 4 —
2882 4781 32 19 Le
2927 4781 73 19 baron
3013 4782 60 19 Jean
3087 4781 72 20 Em—
3165 4783 30 23 !n,
3208 4783 109 20 habitant
3331 4788 41 15 rue

2845 4806 31 20 du
2892 4806 109 24 Congrès,
3017 4807 32 23 33,
3066 4807 65 21 avait
3145 4808 77 24 laissé,
3238 4809 65 19 lundi
3319 4809 53 23 soir,

2842 4837 43 14 son
2898 4832 56 19 auto
2967 4832 87 20 devant
3067 4838 28 15 sa
3107 4833 115 21 demrure.
3235 4835 37 19 Un
3285 4835 58 19 filou
3356 4840 14 14 a

2843 4857 79 20 enlevé
2939 4858 28 19 de
2983 4858 24 20 la
3022 4858 92 21 voiture
3129 4864 32 15 un
3178 4859 47 20 étui
3240 4859 16 20 à
3272 4860 88 24 cigaret-

2842 4883 35 19 tes
2890 4888 28 15 en
2930 4883 133 24 écaille.une
3073 4885 81 20 bros.e
3166 4884 15 20 à
3191 4886 73 23 habit,
3275 4891 32 14 un
3320 4890 41 20 por-

2843 4909 110 24 tefeuille,
2966 4914 31 15 un
3010 4910 123 21 trousseau
3145 4911 28 20 de
3186 4911 58 20 clefs
3257 4911 23 20 et
3294 4911 77 20 divers

2844 4935 82 23 objets.

2869 4967 21 19 A
2904 4966 103 21 Herstal.
3021 4977 28 6 —
3063 4968 152 24 Disparition.
3230 4978 26 6 —
3271 4969 59 20 Sous
3345 4973 26 14 ce

2834 5007 3 5 .
2846 4992 62 24 titre,
2927 4997 59 15 nous
3005 4998 73 15 avons
3097 4994 105 20 annoncé
3221 4999 45 18 que
3284 4994 31 20 M.
3336 4993 36 20 Al-

2302 5008 15 21 à
2332 5010 7 20 I
2348 5008 87 25 hôpital
2454 5008 135 21 Saint-Jean
2607 5014 29 15 ou
2655 5010 16 19 il
2688 5015 15 15 a
2720 5015 55 19 reçu
2792 5010 34 21 lei
2844 5021 16 22 p
2859 5017 74 22 honse
2960 5018 21 21 F
3028 5019 251 24 boulanger-pâtissier,
3306 5019 65 20 avait

2299 4538 60 25 âgée
2374 4539 29 20 de
2418 4540 13 18 2
2447 4544 43 15 ans
2507 4540 23 19 et
2547 4539 67 23 demi,
2630 4543 30 15 nu
2678 4537 102 22 moment
2795 4534 41 22 oui

2365 4645 45 20 rps.

2300 4662 30 23 bn
2343 4666 49 20 taxi
2406 4665 15 21 à
2435 4665 102 24 rhôpItrU
2553 4664 138 20 Rnlnt-Jetin,

2302 4696 147 37 Produits
2460 4696 97 36 Sauté
2584 4692 234 50 &WbÎuV!«.

2367 4752 118 21 Excellent
2503 4751 38 20 vin
2560 4755 69 19 rouge
2647 4751 22 18 (-t
2687 4750 68 19 blanc

2327 4786 38 16 !'■'■
2379 4786 43 16 -iini
2445 4779 73 25 blessa
2537 4786 43 19 par
2597 4785 46 15 une
2661 4781 63 19 auto.
2741 4790 26 5 —
2785 4780 37 20 En

2300 4808 131 21 traversant
2449 4813 27 15 en
2495 4807 103 22 entrant,
2615 4811 53 15 vers
2684 4806 13 19 2
2713 4806 22 19 h.
2751 4806 32 22 30,
2800 4806 23 18 la

2300 4839 40 15 rue
2353 4833 94 25 Royale,
2462 4831 51 26 prèa
2527 4831 27 22 da
2568 4831 23 20 la
2604 4832 65 24 place
2682 4831 40 20 des
2737 4831 85 23 Palais,

2301 4860 30 20 M,
2347 4859 147 24 Systermnns
2511 4857 32 22 V.,
2558 4856 44 25 âgé
2619 4857 28 19 de
2662 4856 26 20 68
2705 4861 50 18 ans,
2771 4862 44 14 avo-

2300 4884 44 23 cat,
2357 4890 14 14 a
2385 4882 36 22 étâ
2435 4881 112 22 renversé,
2555 4887 43 19 par
2611 4882 155 20 l'automobile
2779 4887 45 19 que

2300 4908 129 22 conduisait
2447 4908 21 20 lo
2487 4907 124 20 chauffeur
2627 4908 22 19 J.
2667 4908 39 19 B...
2723 4907 31 20 M.
2772 4908 52 23 Sys-

2299 4935 103 20 tormans
2418 4939 15 14 a
2448 4932 36 21 été
2501 4932 76 22 rclavé
2591 4933 85 19 atteint
2692 4933 28 19 de
2736 4933 78 20 blessu-

2299 4964 36 15 res
2351 4959 112 20 piSrUuses
2478 4955 15 22 &
2507 4959 23 19 la
2545 4958 47 20 tète
2607 4959 23 19 et
2644 4959 29 18 de
2688 4959 134 19 contusions

2299 4984 116 24 multiples
2426 4988 40 15 sur
2477 4984 21 19 le
2509 4984 94 23 c0rp3.Il
2616 4989 14 14 a
2642 4983 36 20 été
2690 4984 133 24 transporté

2301 5035 111 24 premiers
2425 5035 69 22 soins,
2507 5035 52 23 puis
2572 5035 16 19 il
2601 5040 15 14 a
2629 5035 36 20 été
2677 5036 95 20 conduit
2785 5041 40 15 sur

2313 5066 15 14 a
2343 5060 112 20 demande
2469 5060 59 20 dans
2543 5065 46 15 une
2602 5060 105 25 clinique.

2320 5090 227 87 mm

2395 5182 417 35 PROTÈGf'LEL(»<ÏÉA«

3395 1674 111 25 Charller,
3531 1676 29 18 de
3583 1675 127 21 Charlerol
3734 1676 36 20 On
3793 1677 30 19 l'a
3846 1676 78 21 relevé

3395 1701 94 18 couvert
3510 1700 28 19 de
3559 1700 141 20 contusions.
3719 1701 67 20 Deux
3805 1707 26 14 os
3852 1702 28 20 de
3898 1703 24 19 la

3394 1726 64 18 main
3475 1725 90 24 gauche
3581 1726 54 19 sont
3650 1726 80 20 brisés.

3398 1762 481 79 IROMiPÂTREll

3400 1843 104 16 czuiiizn
3526 1840 51 20 août
3591 1843 67 24 &cçuis
3681 1841 50 19 âe'ie
3751 1843 78 17 cov/svr
3851 1844 41 18 don

3422 1877 21 19 A
3458 1877 76 24 Liège.
3547 1887 28 5 —
3588 1878 36 19 Un
3638 1877 113 23 slngnlier
3764 1882 154 19 personnage.

3397 1912 27 5 —
3439 1902 38 20 Un
3493 1903 90 19 certain
3599 1903 60 20 Jean
3676 1903 33 22 E.,
3726 1903 28 19 de
3770 1902 105 24 Seraing,
3892 1906 27 15 so

3399 1927 78 20 disant
3500 1928 130 23 vagabond,
3655 1926 77 20 s'était
3756 1927 75 20 rendu
3855 1931 16 15 a
3894 1927 25 19 la

3397 1957 155 19 permanence
3576 1953 28 18 de
3628 1952 73 23 police
3725 1957 59 18 pour
3807 1956 25 15 se
3855 1951 63 20 faire

3396 1976 97 20 arrêter.
3515 1977 45 19 Les
3582 1976 106 24 policier3
3709 1977 34 23 s'y
3764 1976 114 22 refusant,
3900 1976 18 19 11

3397 2002 70 18 sortit
3481 2002 24 19 et
3519 2002 48 19 alla
3580 2002 60 23 jeter
3653 2007 31 14 un
3699 2002 85 19 caillou
3799 2001 57 19 dans
3870 2005 48 15 une

3398 2026 85 19 vitrine
3507 2026 42 19 .On
3574 2026 31 19 lui
3630 2026 82 19 dressa
3738 2025 178 24 procès-verbaL

3397 2050 20 19 Il
3439 2051 68 19 offrit
3527 2051 98 19 soudain
3648 2056 32 13 un
3701 2050 68 24 belga
3787 2050 16 19 à
3824 2050 94 24 l'agent»

3397 2079 58 19 pour
3474 2076 52 19 n'en
3546 2076 50 19 rien
3616 2075 67 19 faire.
3702 2075 21 19 Il
3741 2080 15 14 a
3775 2074 37 20 été
3833 2074 84 23 arrêté,

3396 2105 89 14 comme
3498 2100 15 19 il
3526 2100 21 19 le
3560 2099 103 23 désirait,
3675 2099 23 20 et
3710 2100 96 19 conduit
3818 2104 31 15 au
3861 2100 48 19 Par-

3396 2125 61 23 quet

3421 2163 21 19 A
3459 2161 76 24 Liège.
3551 2171 28 5 —
3594 2161 37 20 TJn
3646 2162 78 20 soldat
3739 2167 27 15 so
3781 2162 95 21 suicide.
3891 2172 28 7 —

3395 2187 31 19 Le
3447 2187 78 19 soldat
3545 2186 60 20 Jean
3626 2187 32 23 T.,
3680 2188 28 19 de
3729 2187 125 24 Malmédy,
3872 2186 46 25 âgé

3396 2212 28 18 de
3440 2211 26 19 37
3482 2216 43 14 ans
3543 2212 24 19 et
3582 2212 160 23 appartenant
3757 2217 31 14 au
3805 2212 37 20 ne
3859 2212 49 24 régi-

3396 2236 65 19 ment
3482 2236 101 23 cycliste,
3604 2235 31 20 où
3655 2237 16 19 il
3693 2235 59 21 était
3772 2237 145 22 cordonnier,

3396 2260 56 19 s'est
3472 2260 88 20 suicidé
3579 2261 56 24 quai
3657 2261 28 20 de
3706 2261 115 24 Longdoz,
3842 2266 30 15 en
3892 2267 27 15 sa

3397 2285 93 22 logeant
3506 2290 45 14 une
3569 2286 61 19 balle
3649 2286 28 19 de
3695 2287 106 19 revolver
3818 2286 58 20 dans
3894 2287 25 19 la

3396 2308 55 21 tête.

3424 2349 26 5 —
3463 2340 121 20 L'ancêtre
3602 2340 30 21 de
3651 2341 77 20 tontes
3747 2341 35 20 les
3801 2341 120 22 chicorées

3398 2365 37 20 est
3451 2365 23 20 la
3491 2366 110 23 PACHA,
3617 2365 43 20 née
3678 2371 29 15 en
3724 2367 57 19 1825.
3882 2367 35 22 (2)

3421 2399 21 19 A
3455 2398 77 24 Uége.
3545 2408 29 6 *—
3585 2399 38 19 Un
3638 2398 76 20 blessé
3728 2399 149 24 mystérieux.
3890 2409 29 7 —

3395 2423 47 20 Des
3457 2424 111 23 passants
3582 2425 42 19 ont
3640 2423 125 21 découvert
3779 2424 82 24 blessé,
3876 2429 43 16 rue

3396 2448 89 21 Vmave
3502 2449 62 22 d'Ile,
3579 2449 31 19 M.
3625 2449 106 19 Armand
3744 2449 35 23 D.,
3796 2450 28 19 de
3838 2450 24 20 la
3876 2454 43 15 rue

3397 2473 30 19 du
3442 2473 46 20 Pot
3505 2473 60 21 d'Or.
3582 2473 59 20 Sous
3658 2474 21 19 le
3695 2479 60 19 coup
3772 2475 68 19 d'une
3855 2475 63 19 forte

3396 2498 148 23 commotion,
3566 2499 21 19 le
3608 2497 76 21 blessé
3703 2499 40 19 n'a
3762 2504 32 19 pu
3814 2499 50 20 être
3885 2499 24 19 in-

3397 2521 98 25 terrogé.
3511 2523 66 19 A-t-il
3595 2522 37 20 été
3648 2522 110 21 renversé
3774 2529 44 18 par
3834 2529 31 14 un
3881 2522 29 21 vé-

3397 2547 82 22 hicule,
3495 2552 30 15 ou
3539 2548 60 19 a-t-il
3614 2548 46 19 fait
3675 2553 46 15 une
3735 2548 86 20 chute?
3837 2549 37 19 On
3889 2553 30 14 ne

3396 2572 53 19 sait.
3462 2572 32 20 Le
3507 2572 75 20 blessé
3596 2577 16 15 a
3625 2572 37 20 été
3675 2573 97 20 conduit
3785 2572 16 21 à
3813 2573 105 25 l'hôpital

3398 2597 27 19 de
3443 2596 106 20 Fnvière.

3422 2628 21 19 A
3455 2627 77 24 Liège.
3543 2637 27 6 —
3582 2628 38 19 Un
3632 2627 107 21 Incendie
3751 2628 61 20 dans
3824 2634 34 14 un
3870 2630 39 19 ate-

3395 2651 51 21 lier.
3459 2662 27 4 —
3498 2653 38 19 Un
3549 2653 107 19 incendie
3669 2658 16 15 a
3699 2652 89 21 détruit
3801 2659 29 14 en
3842 2654 77 24 partie

3397 2677 98 20 l'atelier
3515 2678 28 19 de
3562 2678 122 24 nickelage
3705 2679 27 19 de
3752 2679 24 19 la
3795 2679 71 19 firme
3884 2679 35 19 Da

3397 2702 199 23 Frau-Fransens,
3618 2708 91 14 avenue
3735 2703 28 20 de
3788 2703 120 20 l'Observa-

3396 2727 65 22 toire,
3477 2725 16 21 à
3510 2726 76 24 Liège,
3602 2727 45 20 Les
3665 2727 82 24 dégâts
3764 2729 56 19 sont
3836 2727 81 21 élevés.

3419 2758 21 18 A
3454 2757 256 24 Corthys-lez-Landen-
3723 2769 28 5 —
3763 2759 114 21 Accident
3888 2760 30 19 de

3395 2781 103 24 roulage.
3514 2792 27 4 —
3558 2783 31 19 M.
3605 2783 22 20 J.
3643 2783 155 25 Kempeneer,
3814 2784 105 20 revenait

3396 2811 28 14 en
3443 2808 63 20 auto,
3526 2807 27 18 de
3572 2808 23 18 la
3614 2808 90 22 chasse,
3722 2810 74 22 ayant
3815 2809 57 19 dans
3890 2814 28 15 sa

3395 2831 91 18 voiture
3502 2831 56 18 MM.
3573 2832 26 19 P.
3615 2832 98 20 Barchis
3730 2834 27 17 dé
3773 2832 103 23 Bertrée,
3893 2834 25 18 et

3395 2855 26 17 E.
3440 2853 59 23 Gros
3517 2855 27 19 de
3562 2856 167 20 Eas-Avernas.
3747 2857 46 19 Sur
3810 2857 22 19 le
3849 2857 58 19 terri-

3395 2878 59 20 toire
3466 2879 27 19 de
3507 2879 23 20 la
3544 2885 122 16 commune
3681 2881 27 20 de
3721 2881 108 23 Corthys,
3841 2881 67 19 l'écla-

3397 2904 87 18 tement
3497 2904 125 20 simultané
3636 2905 27 19 de
3677 2906 60 18 deux
3751 2911 74 18 pneus
3837 2910 72 19 provo-

3396 2932 46 18 qua
3459 2932 31 15 un
3508 2927 161 25 déportement
3686 2931 29 18 de
3730 2931 24 18 la
3771 2931 91 19 voiture
3877 2930 40 24 qui

3395 2952 84 24 capota
3508 2953 96 23 lançant
3633 2959 37 14 ses
3701 2955 129 23 occupants
3860 2960 57 15 aveo

3395 2977 103 20 violence
3513 2983 42 14 sur
3568 2979 22 19 le
3605 2979 41 21 sol.
3662 2979 30 19 M.
3707 2979 148 24 Kempeneer
3870 2981 47 19 s'en

3397 3002 46 19 tira
3467 3002 116 19 indemne.
3608 3003 42 20 Ses
3680 3008 125 20 passagers
3835 3004 80 20 furent

3396 3027 75 19 moin3
3492 3027 112 20 heureux:
3627 3029 31 19 M.
3678 3029 26 19 P.
3724 3030 99 19 Barchis
3845 3034 15 15 a
3879 3029 29 20 l'é-

3396 3052 68 22 paule
3486 3051 87 21 démise
3594 3052 24 20 et
3637 3054 67 23 porte
3723 3052 17 21 à
3759 3054 24 20 la
3803 3054 48 20 tête
3871 3059 44 15 une

3395 3077 61 23 plaie
3478 3077 40 23 qui
3540 3078 70 19 laisse
3634 3078 108 20 craindre
3766 3079 23 19 la
3812 3080 103 19 fracture

3397 3101 30 19 du
3445 3100 80 24 crâne;
3546 3102 26 20 E.
3590 3103 60 19 Gros
3668 3104 67 22 porte
3753 3103 28 20 de
3799 3105 116 23 multiples

3396 3126 134 20 contusions
3549 3127 22 19 et
3588 3131 46 15 une
3650 3127 106 20 fracture
3774 3128 32 20 du
3823 3129 92 24 poignet

3396 3151 96 22 gauche.

3396 3181 59 20 Sans
3467 3182 99 20 réclame
3579 3183 158 24 tapageuse.Ia
3749 3184 112 21 Chicorée
3873 3185 34 20 Da-

3395 3205 38 20 vid
3446 3206 73 23 Cajot,
3533 3208 61 19 reate
3606 3208 23 19 la
3641 3208 107 20 chicorée
3761 3209 40 20 des
3814 3209 100 21 Wallons

3418 3242 20 19 A
3449 3242 97 21 Namur.
3556 3253 28 5 —
3594 3244 33 19 Le
3638 3243 42 20 feu
3692 3244 60 20 dans
3762 3249 33 15 un
3807 3245 76 20 bazar.
3893 3254 25 8 —

3417 3268 75 19 Lundi
3510 3269 82 22 matin,
3610 3269 21 19 le
3649 3270 41 19 feu
3706 3270 56 20 s'e^t
3779 3270 91 21 déclaré
3888 3275 29 15 au

3392 3293 81 19 Grand
3492 3294 77 20 Bazar
3588 3294 114 24 Parisien,
3723 3300 42 15 rue
3784 3296 30 20 de
3834 3297 83 24 l'Ange,

3382 3320 3 7 '
3392 3317 16 20 à
3425 3319 97 20 Namur.
3541 3320 45 19 Les
3606 3321 117 23 pompiers
3742 3322 81 19 furent
3842 3321 67 21 immé-

3392 3344 128 20 diatement
3534 3350 41 15 sur
3586 3346 34 19 le3
3633 3346 68 21 lieux.
3713 3347 33 19 Lis
3760 3348 82 19 eurent
3853 3348 64 23 peine

3392 3368 15 21 à
3418 3369 123 21 découvrir
3554 3371 21 19 le
3588 3372 65 23 foyer
3665 3377 43 19 par
3720 3372 61 20 suite
3793 3373 28 20 de
3832 3372 77 25 l'épais-

3392 3400 25 14 se
3433 3395 77 21 fumée
3527 3397 39 24 qui
3583 3397 129 24 emplissait
3726 3398 22 20 le
3764 3399 55 23 long
3832 3398 85 20 couloir

3393 3421 106 20 donnant
3511 3422 67 20 accès
3591 3423 15 18 à
3620 3423 22 19 ia
3655 3428 57 15 cave
3724 3422 30 21 où
3768 3425 21 18 le
3802 3425 40 19 feu
3856 3423 61 21 avait

3077 3442 141 23 Hauteman,
3237 3442 139 19 demeurant
3393 3451 27 19 pr
3421 3446 7 20 j
3429 3452 12 14 s
3451 3447 129 20 naissance.
3592 3449 19 18 Il
3623 3449 70 20 fallut
3704 3449 60 20 faire
3776 3454 71 20 usage
3857 3450 60 22 d'ap-

3069 3481 6 10 ,
3086 3467 33 24 24,
3129 3466 17 21 à
3155 3466 110 26 St-Josre,
3276 3471 26 16 se
3312 3467 65 20 trou-
3394 3473 85 23 pareils
3502 3474 168 23 respiratoires.
3693 3475 132 20 L'incendie
3845 3480 15 15 a
3882 3473 35 21 été

3394 3498 146 24 rapidement
3555 3499 144 21 circonscrit.

3397 3537 149 20 OSTENDE.
3576 3538 69 20 Hôtel
3674 3539 240 24 Providenoe-Régina

3396 3562 59 20 Tout
3470 3563 21 21 le
3506 3563 61 20 conf.
3582 3564 60 19 mod.
3656 3564 109 20 Restaur.
3778 3563 16 21 à
3807 3565 23 19 la
3843 3564 69 20 carte.

3396 3586 55 20 Prix
3471 3586 111 25 spéciaux
3601 3593 59 19 pour
3681 3589 22 19 la
3724 3589 78 20 saison
3822 3589 90 19 d'hiver.

3418 3625 21 20 A
3457 3625 64 21 Oret.
3537 3635 29 7 —
3581 3626 114 21 Accident
3711 3627 29 20 de
3757 3628 69 20 moto.
3843 3638 27 5 —
3885 3628 29 19 M.

3393 3651 64 19 Jules
3475 3652 120 23 Corneille,
3613 3653 28 19 de
3658 3653 110 23 Biesmes,
3785 3653 64 20 avait
3866 3658 41 14 con-

3394 3676 51 20 duit
3459 3682 42 14 son
3517 3678 47 19 ami
3580 3677 16 20 à
3612 3678 23 20 la
3650 3684 57 18 gare
3724 3678 83 20 d'Oret.
3824 3679 19 19 Il
3861 3678 55 20 était

3394 3707 28 14 en
3438 3703 164 20 moto-sidecar
3616 3705 23 18 et
3654 3704 121 23 regainait
3788 3708 42 14 son
3846 3704 61 19 domi-

3393 3728 42 19 cile
3449 3728 114 24 lorsqu'en
3576 3729 95 19 voulant
3685 3728 71 20 éviter
3768 3733 31 14 un
3813 3729 102 19 obstacle

3395 3753 15 19 il
3430 3753 94 25 dérapa.
3543 3754 20 20 Il
3583 3760 15 14 a
3616 3755 33 19 les
3668 3754 59 19 deux
3745 3754 90 22 jambes
3856 3754 51 19 frac-

3394 3778 84 21 turées.

3425 3810 199 20 ASSOCIATION
3648 3809 43 20 DU
3714 3809 61 19 TRA
3782 3809 67 20 /AIL
3873 3810 42 21 AU

3398 3835 133 20 BUREAU.
3549 3845 25 4 —
3592 3833 127 20 Dimanche
3738 3834 25 18 14
3781 3835 132 23 novembre,

3398 3859 16 20 à
3437 3860 26 20 10
3488 3860 87 21 heures,
3599 3859 67 19 visite
3691 3858 39 19 des
3755 3858 157 21 installations

3401 3885 66 19 d'une
3475 3883 139 24 Compagnie
3623 3882 282 21 d'Assurances.Réunlon

3399 3915 40 14 rue
3458 3910 30 19 du
3507 3908 108 24 Marquis,
3632 3908 13 19 3
3666 3908 168 22 (Ste-Gudule),
3851 3909 51 19 Bru-

3397 3935 76 19 xelles.
3494 3933 124 20 Invitation
3639 3931 15 20 à
3675 3932 59 19 tou3.

3421 3960 20 18 A
3456 3958 24 21 1S
3495 3959 87 20 heures,
3597 3957 89 19 Maison
3702 3957 40 19 des
3756 3957 108 24 Artistes,
3878 3958 34 23 19,

3398 3983 159 20 Grand'Place,
3594 3980 138 21 conférence
3763 3987 45 19 par
3831 3983 30 20 H.
3886 3983 26 20 1*

3396 4008 87 22 Rumpf
3498 4007 27 19 de
3541 4006 67 19 Paris
3624 4011 41 15 sur
3682 4012 6 14 :
3705 4013 12 13 «
3724 4007 32 20 Le
3770 4008 95 20 Travail
3881 4013 30 15 au

3394 4034 91 18 Bureau
3498 4032 23 19 et
3534 4032 23 19 la
3570 4031 71 20 Crise.
3653 4032 65 20 Pour
3729 4033 73 19 sortir
3815 4033 41 20 des
3869 4034 35 19 dif-

3394 4055 92 21 ficultés
3510 4055 120 25 présentes
3637 4062 19 15 ».

3415 4089 20 19 A
3449 4088 140 21 Geïbrcssée.
3602 4099 28 5 —
3641 4090 111 20 Macabre
3765 4090 142 21 découverte.

3389 4123 26 5 —
3430 4114 29 19 M.
3474 4114 106 22 Auguste
3594 4114 143 24 Dubuisson,
3752 4116 73 24 garde
3840 4115 58 25 parti-

3389 4138 78 23 culier,
3486 4139 125 20 effectuait
3631 4145 46 17 une
3696 4140 98 21 tournée
3815 4141 28 20 de
3861 4145 38 15 sur-

3389 4163 112 20 veillance
3518 4163 58 21 dans
3593 4164 22 20 le
3632 4164 51 21 bois
3700 4166 34 19 dit
3751 4166 48 19 cLa
3815 4166 89 19 Triche>

3388 4186 15 20 à
3416 4187 142 24 Gelbressée,
3571 4189 81 23 quand
3665 4190 16 19 il
3695 4191 99 23 aperçut
3806 4190 72 25 pendu
3888 4187 15 20 à

3389 4216 32 15 un
3441 4212 75 22 arbre,
3535 4214 21 19 le
3576 4214 101 20 cadavre
3698 4215 53 20 d'un
3771 4215 89 20 homme
3875 4217 27 15 en

3389 4235 50 21 état
3456 4237 27 20 de
3501 4236 184 26 décomposition
3701 4239 49 21 très
3766 4238 103 22 avancée.
3883 4237 18 20 ïl

3391 4261 72 24 d'agit
3499 4262 54 20 d'un
3591 4263 204 26 Tchécoslovaque
3832 4266 70 18 connu

3389 4290 90 16 comme
3494 4286 66 21 étant
3575 4287 132 25 dépourvue
3722 4290 27 19 de
3762 4290 53 20 tout
3827 4291 77 21 moyen

3390 4311 145 21 d'existence.
3553 4313 32 20 Le
3603 4318 69 19 corps
3690 4319 16 14 a
3724 4313 36 21 été
3778 4310 125 28 transporté

3389 4334 15 20 à
3415 4336 24 19 la
3451 4341 104 19 morgue.
3567 4338 20 19 Il
3600 4338 78 24 paraît
3691 4339 54 23 qu'il
3756 4344 16 19 y
3784 4339 63 20 avait
3856 4337 48 25 plus

3390 4360 54 20 d'un
3462 4362 61 21 mois
3542 4368 45 19 que
3604 4364 23 19 le
3645 4364 100 20 cadavre
3764 4369 25 15 se
3808 4361 96 23 trouvait

3389 4384 16 20 à
3417 4386 61 20 cette
3492 4387 72 23 place.
3577 4387 48 21 Des
3638 4389 122 20 habitants
3774 4389 27 19 de
3814 4389 23 19 la
3848 4391 48 16 com-

3390 4414 71 15 mune
3478 4411 111 21 l'avaient
3606 4418 88 18 aperçu
3711 4419 25 14 se
3753 4412 122 24 balançant
3890 4408 15 21 à>

3390 4435 85 20 l'arbre
3492 4437 61 20 mais
3573 4438 29 19 ils
3621 4438 95 20 avalent
3736 4443 42 15 cru
3795 4436 54 26 qu'il
3866 4435 31 20 s'a-

3390 4460 85 23 gissait
3492 4461 54 20 d'un
3563 4462 157 24 épouvantail.

3413 4492 22 20 A
3457 4492 116 21 Courtrai.
3594 4503 28 6 —
3642 4494 115 21 Accident
3777 4492 87 22 mortel.
3883 4500 25 8 —

3388 4517 21 19 A
3420 4518 24 19 la
3457 4523 57 18 gare
3527 4519 29 20 de
3571 4519 114 23 Courtrai,
3698 4519 107 21 l'ouvrier
3818 4519 30 19 du
3860 4517 40 21 che-

3388 4543 49 20 min
3456 4544 29 20 de
3502 4545 42 23 fer,
3561 4544 79 21 André
3656 4545 150 23 Decabooter,
3822 4544 78 20 demeu-

3389 4569 55 20 rant
3458 4568 16 21 â
3488 4570 161 25 Waereghem,
3666 4576 15 14 a
3698 4570 37 21 été
3750 4568 104 26 décapité
3867 4571 41 22 par

3389 4599 32 15 un
3438 4595 64 20 train
3519 4596 29 19 de
3565 4596 182 20 marchandises.
3765 4597 31 19 Le
3814 4594 93 21 cadavre

3389 4625 15 15 a
3417 4619 37 22 été
3467 4621 134 25 transporté
3614 4620 16 21 à
3644 4621 103 25 l'hôpital
3762 4621 59 21 civil.

3418 4653 21 19 A
3454 4652 215 21 Villers-lez-Heeet.
3686 4663 28 6 —
3728 4653 89 20 Meules
3832 4652 65 20 Incen-

3392 4676 71 21 diées.
3481 4687 27 5 —
3526 4678 67 19 Deux
3611 4678 88 20 meules
3720 4678 27 20 de
3766 4677 101 21 froment
3882 4675 23 20 et

3393 4701 104 22 d'avoine
3509 4701 74 22 située
3595 4701 16 21 à
3622 4708 45 14 une
3681 4703 89 20 dizaine
3784 4702 27 20 de
3823 4700 80 22 mètres

3393 4727 60 20 l'une
3477 4728 27 19 de
3525 4727 88 23 l'autre,
3643 4727 58 20 dans
3731 4728 23 19 la
3781 4729 123 21 campagne

3393 4758 12 12 «
3426 4752 48 20 Des
3496 4752 109 20 Laderies
3626 4757 12 14 »
3660 4751 16 20 â
3696 4749 208 23 Villers-lcz-Heest,

3392 4777 42 19 ont
3447 4776 36 20 été
3496 4777 23 19 la
3532 4777 64 23 proie
3610 4777 40 19 des
3663 4777 115 20 flammes.
3792 4777 42 19 Ces
3846 4778 50 17 meu-

3393 4801 33 20 les
3449 4800 88 21 étalent
3558 4802 24 19 la
3603 4800 118 25 propriété
3743 4802 28 20 de
3792 4802 31 20 M.
3844 4800 59 21 Jules

3393 4826 177 24 Lahay-Bodart
3591 4826 83 19 ancien
3695 4826 102 24 fermier,
3820 4825 76 20 demeu-

3393 4851 54 19 rant
3477 4851 164 20 actuellement
3663 4849 16 21 à
3702 4851 137 20 Burdlnnes.
3860 4849 43 20 Des

3394 4876 76 19 traces
3491 4875 27 19 de
3537 4879 42 19 pas
3600 4875 42 20 ont
3673 4874 38 21 été
3744 4874 99 22 relevées
3862 4875 42 18 aux

3393 4900 84 19 abords
3503 4900 39 19 des
3566 4899 88 20 meules
3671 4901 24 19 et
3713 4905 30 14 on
3762 4906 15 14 a
3795 4900 50 20 tout
3861 4898 43 20 lieu

3393 4925 28 19 de
3450 4924 73 20 croire
3538 4924 55 24 qu'il
3621 4924 70 25 s'agit
3720 4925 53 20 d'un
3801 4925 51 19 acte
3878 4922 26 20 de

3393 4949 165 19 malveillance.

3417 4973 43 20 Vol
3471 4972 69 20 d'une
3551 4973 56 19 auto
3619 4972 16 20 h
3645 4973 75 21 Mons.
3731 4983 28 7 —
3769 4973 74 21 Lundi
3855 4973 48 19 vers

3392 4998 84 19 minuit
3494 4998 39 19 des
3552 4998 114 20 inconnus
3684 5000 42 18 ont
3743 4999 49 24 pris
3809 4999 23 19 la
3848 4996 55 21 fuite

3392 5028 56 14 avec
3468 5022 70 20 l'auto
3558 5023 28 19 de
3606 5023 31 19 M.
3656 5023 32 23 L».,
3709 5024 27 20 de
3755 5025 72 21 Mons,
3846 5022 57 20 alors

3392 5046 80 24 qu'elle
3500 5052 25 15 se
3554 5047 103 20 trouvait
3678 5053 29 15 en
3728 5043 175 25 stationnement

3392 5072 85 19 devant
3491 5076 26 14 sa
3533 5071 98 21 maison.
3646 5072 62 21 C'est
3723 5078 46 14 une
3784 5073 55 19 auto
3853 5075 42 16 neu-

3391 5101 34 17 ve,
3439 5095 16 20 à
3469 5096 140 20 carrosserie
3623 5097 71 23 noire,
3709 5098 13 19 4
3735 5099 83 23 places,
3831 5097 13 19 2
3857 5098 38 21 por-

3392 5120 75 23 tières,
3491 5125 56 15 avec
3569 5121 97 20 housses
3689 5121 135 21 chamarées
3846 5120 57 20 bleu-

3391 5145 164 22 beige-aurore.
3574 5145 58 22 Près
3651 5146 31 20 du
3701 5147 105 19 bouchon
3825 5145 29 20 du
3870 5147 25 16 ra-

3392 5169 91 20 diateur
3501 5170 36 19 est
3555 5169 61 21 fixée
3634 5175 46 16 une
3698 5172 118 23 plaquette
3834 5165 61 28 repré-

3391 5194 94 19 sentant
3499 5194 181 25 St-Christophe.
3693 5196 45 20 Sur
3750 5197 20 19 le
3783 5192 119 28 pare-brise

3388 5223 25 15 se
3428 5219 82 19 trouve
3525 5219 24 19 la
3562 5219 84 25 plaque
3661 5225 23 15 n.
3699 5221 89 20 171.841.
3802 5220 36 20 On
3851 5214 54 24 croit

3391 5248 43 18 que
3451 5244 33 19 les
3499 5245 92 20 voleurs
3608 5251 25 14 se
3649 5247 55 19 sont
3720 5246 75 20 enfuis
3812 5245 55 20 dans
3881 5241 21 20 la

3391 5268 113 20 direction
3520 5269 27 20 de
3563 5270 24 19 la
3602 5271 107 23 capitale.

3414 5299 22 20 A
3452 5300 112 20 Louvain.
3578 5310 29 7 —
3622 5302 78 20 Noces
3716 5302 61 20 d'Or.
3793 5310 28 7 —
3835 5295 69 25 Lundi

3388 5325 41 19 ont
3441 5324 37 20 été
3490 5325 117 21 célébrées
3619 5327 189 20 solennellement
3819 5326 32 19 les
3863 5323 34 20 cin-

3387 5350 87 23 quante
3495 5351 88 21 années
3603 5352 29 20 de
3653 5353 105 23 mariage
3777 5352 39 19 des
3837 5348 67 26 époux

3387 5376 58 19 Paul
3459 5376 119 21 Larivière
3592 5378 24 19 et
3631 5379 74 19 Marie
3719 5374 185 27 Iluysmans.tous

3387 5401 33 20 les
3436 5401 61 21 deux
3511 5402 42 20 n's
3568 5402 15 20 à
3598 5404 106 23 Malines,
3720 5397 184 29 respectivement

2874 4127 20 19 A
2909 4126 77 26 Liège.
2998 4137 28 5 —
3039 4126 77 20 Grave
3128 4126 105 20 accident
3246 4124 15 20 A
3274 4125 22 18 h\
3309 4126 55 20 gare

2849 4151 41 20 des
2905 4151 143 20 Guiïicinins.
3063 4162 26 4 —
3102 4152 37 19 Un
3155 4150 90 22 facteur
3260 4149 39 19 Urs
3315 4150 41 22 pos-

2850 4177 41 22 tes,
2912 4177 126 19 Toussaint
3059 4176 98 21 Bodson.
3177 4172 139 23 célibataire,
3336 4175 28 15 en

2850 4202 96 19 voulant
2960 4202 80 19 sauter
3054 4206 40 14 sur
3109 4206 30 13 un
3154 4198 60 21 train
3229 4202 27 15 en
3271 4195 94 20 marche

2845 5044 95 24 disparu
2954 5044 29 20 de
2997 5050 42 14 son
3055 5045 106 20 domicile
3177 5044 80 21 d*-*uiia
3272 5045 22 19 le
3309 5044 61 24 j:udi

2844 5069 32 20 22.
2890 5070 20 20 Il
2925 5070 36 20 est
2974 5069 114 22 retrouvé.
3101 5071 20 19 Il
3136 5069 77 21 s'était
3228 5070 73 20 rendu
3316 5070 55 19 chez

2846 5100 32 14 un
2891 5096 66 19 oncle
2973 5095 6 6 "
2998 5096 80 21 Dison.

2871 5127 21 20 A
2914 5127 112 24 Kalanzy.
3047 5137 28 6 —
3095 5128 59 20 Acte
3176 5127 30 20 de
3227 5126 97 26 probité.
3346 5136 26 6 —

2845 5153 37 19 Un
2898 5153 104 24 employé
3016 5154 28 20 de
3057 5153 113 24 Halanzy,
3185 5153 30 19 M.
3229 5153 85 23 Cyrille
3327 5152 36 19 Da-

2846 5179 46 19 niel
2912 5180 72 23 ayant
3003 5178 82 20 trouvé
3105 5184 31 14 un
3155 5178 145 24 portefeuille
3320 5181 43 16 con-

2846 5204 83 20 tenant
2948 5204 71 22 16,000
3039 5204 80 19 francs
3139 5205 23 18 et
3182 5209 32 14 un
3233 5202 88 24 chèque
3340 5206 30 15 au

2846 5230 95 23 porteur
2958 5229 28 20 de
3001 5229 39 19 700
3055 5230 86 22 francs,
3157 5234 16 15 a
3188 5228 65 25 porté
3268 5234 27 14 sa
3310 5228 52 19 trou-

2846 5255 69 19 vaille
2931 5254 16 20 à
2962 5255 23 19 la
3001 5254 168 24 gendarmerie.

2871 5281 33 19 Le
2918 5280 152 24 propriétaire
3084 5280 39 24 qui
3137 5281 36 19 est
3187 5278 78 21 rentré
3278 5283 29 16 en
3321 5282 41 20 pos-

2845 5306 89 19 session
2947 5306 27 19 de
2988 5311 42 14 son
3043 5306 53 20 bien
3109 5306 35 19 est
3157 5310 31 15 un
3201 5304 128 20 marchand
3342 5303 27 19 de

2846 5332 105 19 cheveux
2969 5331 28 20 de
3016 5332 23 19 la
3058 5330 113 20 frontière
3190 5329 117 24 française

2870 5357 21 20 A
2904 5356 76 20 Gérou
2982 5356 60 21 ville,
3054 5366 28 6 —
3093 5357 52 19 Une
3157 5355 86 20 fillette
3255 5360 55 14 sous
3323 5359 47 15 une

2844 5383 63 19 auto,
2921 5392 26 4 —
2962 5382 31 20 M.
3008 5382 34 23 D.,
3057 5381 124 23 négociant
3195 5380 15 20 à
3225 5379 144 22 Fiorenville,

2327 5235 56 21 Vols
2398 5240 42 16 sur
2454 5236 34 20 les
2504 5237 68 19 autos
2587 5242 30 15 en
2632 5237 190 21 stationnement.

2299 5270 27 4 —
2341 5260 31 21 M.
2388 5260 76 21 Emile
2481 5261 104 24 Stevens,
2602 5262 109 20 habitant
2729 5267 41 15 rue
2789 5263 30 18 du

2303 5284 75 21 Vieux
2407 5285 94 25 Moulin,
2530 5285 16 21 à
2574 5287 155 24 Auderghem,
2758 5287 66 20 avait

2303 5309 69 21 laissé
2385 5315 43 15 son
2442 5312 56 19 auto
2512 5310 86 21 uevant
2611 5316 32 15 un
2657 5312 123 19 immeuble
2795 5312 28 19 de

2302 5335 24 19 la
2339 5340 41 15 rue
2395 5336 28 19 de
2437 5336 108 24 l'Abbaye
2559 5335 16 21 à
2588 5337 89 21 lxelles.
2691 5337 37 20 Un
2742 5337 81 19 voleur

2303 5364 29 15 en
2349 5364 16 15 a
2380 5359 86 25 profité
2483 5366 59 19 pour
2559 5362 92 19 enlever
2668 5367 32 14 un
2716 5362 106 19 bouchon

2304 5384 31 20 du
2353 5385 120 20 radiateur
2491 5386 23 20 et
2533 5386 76 20 divers
2627 5386 82 24 objets.

2327 5419 27 5 —
2369 5410 35 19 De
2421 5410 71 20 l'auto
2509 5411 28 20 de
2554 5411 31 19 M.
2602 5411 115 20 Riccardo
2734 5411 33 23 F.,
2782 5410 31 20 ha-

2303 5434 77 21 bitant
2400 5433 16 21 à
2436 5435 134 23 Etterbeek,
2597 5440 42 15 rue
2665 5436 96 19 Charles
2782 5436 41 19 Le-

2303 5460 77 23 grelle.
2396 5465 29 15 en
2441 5460 184 20 stationnement
2638 5459 16 20 à
2670 5460 152 21 Schaerbeek,

2304 5488 42 16 rue
2366 5484 149 24 Capronnier,
2536 5489 31 14 un
2588 5485 100 19 inconnu
2709 5490 15 14 a
2744 5483 78 20 enlevé

2304 5514 45 14 une
2367 5510 109 19 serviette
2494 5514 28 14 en
2540 5510 50 19 cuir
2606 5509 60 19 brun
2684 5508 69 21 foncé
2770 5514 44 15 con-

2305 5534 82 19 tenant
2406 5533 40 20 des
2465 5534 105 19 contrats
2589 5533 89 20 d'autos
2698 5534 66 19 d'une
2783 5532 121 23 fir-iu-wu
2935 5544 21 10 .u
2974 5544 148 12 wi.uu-_i.cui,
3140 5544 11 9 a
3159 5544 35 9 --91.
3212 5544 55 7 c...,^
3286 5544 27 6 -~
3332 5544 29 6 .-
3377 5544 35 6 .-—
3466 5544 60 6 ~..._.
3541 5544 15 7 «
3564 5544 42 8 «*,«.
3606 5544 14 11 ft
3622 5544 20 8 _.
3655 5544 30 7 -_-,
3697 5544 14 10 -,
3714 5544 27 5 —

2306 5562 36 16 me
2365 5558 117 23 française
2506 5559 25 19 et
2554 5559 27 18 de
2604 5558 129 21 nombreux
2757 5559 67 19 docu-
2846 5560 97 19 venture
2956 5558 142 25 légèrement
3111 5557 86 22 blessée
3211 5562 30 15 au
3254 5557 79 24 visage
3347 5557 34 19 et;
3387 5560 68 19 passe
3469 5557 40 19 dr-s
3523 5557 129 22 Moineaux,
3666 5555 29 20 où
3707 5553 104 21 habitent
3822 5552 33 20 les
3867 5554 36 16 ne*

2305 5583 84 20 menta.
2835 5576 57 28 laux
2906 5584 98 24 jambes,
3375 5577 50 27 Iroa
3440 5582 29 21 de
3482 5583 24 20 la
3519 5582 55 25 fête,
3590 5582 58 21 était
3661 5587 28 15 en
3701 5580 55 22 fête.

2844 5408 127 20 traversait
3002 5407 130 20 Gérouviile
3164 5412 28 14 en
3223 5404 145 22 automobile,

2845 5434 78 23 quand
2942 5438 46 14 une
3006 5433 84 19 fillette
3110 5432 28 20 de
3156 5432 13 19 7
3187 5436 49 18 ans,
3256 5431 23 19 la
3297 5430 73 23 petite
3386 5427 23 19 le
3424 5427 26 19 15
3465 5428 60 20 avril
3539 5429 53 19 18G0
3607 5430 23 19 et
3645 5430 22 19 le
3682 5429 26 20 26
3723 5427 55 21 août
3792 5426 57 20 1861.
3863 5425 40 19 Les

2844 5459 108 22 Haverts,
2968 5458 146 19 débouchant
3129 5457 67 20 d'une
3211 5461 41 15 rue
3266 5454 102 22 latérale,
3375 5451 138 26 (jubilaires,
3543 5459 169 20 accompagnes
3741 5453 52 20 d'un
3822 5451 81 23 groupe

2844 5485 51 19 vint
2909 5489 25 14 se
2946 5484 61 23 jeter
3020 5488 53 15 sou3
3086 5483 33 19 les
3133 5487 67 15 roues
3213 5482 31 18 du
3258 5480 110 20 véhicule.
3376 5477 4 22 !
3387 5478 117 24 imposant
3519 5480 30 19 de
3562 5481 96 23 parent3
3673 5481 22 19 et
3709 5479 27 20 de
3751 5475 152 36 descendant^

2870 5510 34 19 La

2846 5535 61 19 froid

2909 5489 25 14 se
2946 5486 61 21 jeter
3020 5488 53 15 sou3
3087 5486 32 16 les
3133 5487 67 15 roues
3213 5486 31 14 nu
3258 5486 110 14 venicuie.
3376 5492 4 8 ,
3387 5486 117 17 imposant
3519 5486 30 13 ae
3562 5486 96 19 parents
3673 5486 22 14 ci
3709 5486 27 13 ae
3751 5486 152 11 u'-^c.iua.uw,

2918 5509 71 24 petite
3005 5508 152 24 imprudente,
3172 5506 70 25 grâce
3256 5511 30 14 au
3302 5511 68 18 sang-
3376 5504 4 20 1
3387 5505 42 19 ont
3445 5504 37 21 été
3498 5511 67 18 reçus
3581 5505 16 20 à
3612 5505 78 20 l'hôtel
3706 5505 27 19 de
3748 5503 53 19 ville
3815 5505 55 16 avec
3883 5501 20 18 ï*

2926 5535 30 18 du
2974 5534 148 21 conducteur,
3140 5534 54 18 s'est
3211 5531 57 20 tirée
3286 5531 28 19 de
3332 5531 37 19 l'a-
3387 5529 139 21 cérémonial
3541 5531 100 22 d'usage.
3653 5531 32 19 Le
3697 5528 101 26 quartier
3811 5527 28 18 de
3851 5525 52 20 l'hn-
