4138 5834
195 109 105 55 Les
339 117 371 66 Expositions

297 219 44 30 M.
359 221 91 30 Jean
473 225 124 36 Muylle

199 270 36 23 M.
253 272 57 27 Jean
330 274 86 27 Muylle
436 284 78 20 expose
534 286 50 16 sou»
603 281 29 22 la
651 280 63 29 auspi-

171 306 36 16 ces
222 301 28 22 de
265 303 32 22 £a
312 303 51 27 Nef,
378 310 35 22 57,
429 312 38 17 rue
482 308 28 22 de
525 309 107 28 PEcuyer,
646 311 78 23 second

171 333 69 23 etaçe.

199 359 22 23 Si
237 360 20 23 le
272 361 54 23 local
342 367 32 20 est
388 364 56 24 situé
459 373 31 16 un
504 374 42 20 peu
562 369 60 27 haut,
636 369 16 23 11
665 376 14 16 *
693 366 30 26 au
729 356 7 25 '
743 370 126 24 professeur
886 373 14 20 à
919 373 140 23 l'Université
1078 376 27 21 de

169 395 72 18 moins
264 393 7 20 1
278 395 108 25 avantage
408 395 28 22 de
458 403 23 15 se
503 400 91 20 trouver
615 405 27 15 en
664 399 57 26 plein
742 396 151 23 conférencier
913 400 58 21 avait
992 401 44 24 pris
1056 407 82 16 comme
1158 403 57 24 sujet
1238 409 12 13 et
1259 403 30 21 La

730 370 6 10 1
745 375 17 10 m

874 120 299 89 NOS
1274 126 487 95 ECHOS

1050 232 4 3 •
1300 228 19 20 ♦
1344 230 263 22 =====

940 269 58 21 AU
1015 270 89 22 Société
1123 271 173 27 d'Archéologie
1470 279 21 16 m
1521 282 24 16 «t
1568 282 104 16 Ma5sm.
1696 285 48 13 vi-t
1799 288 15 10 _■
1844 289 6 9 ,

772 292 106 37 P.??*-"
891 295 128 34 I*™.*
1037 297 73 32 '""ii*.
1123 302 64 17 «»•«
1204 278 90 51 »»?>
1318 305 38 17 «nt
1372 302 78 26 donné,
1468 278 57 48 "ùd*
1534 281 55 46 'nf
1594 288 103 44 d-^ner
1696 285 17 20 V
1712 286 128 48 :„'°,Lnne
1830 293 12 14 r
1842 321 25 13 .r

745 318 127 24 présidence
888 320 27 22 de
932 322 30 21 M.
979 322 77 22 Victor
1071 323 83 25 Tahon,
1171 325 20 20 la
1209 326 83 20 Société

744 343 13 14 A
766 344 143 27 Archéologie
923 354 13 14 a
951 349 94 21 entendu
1061 348 30 24 H.
1107 350 92 24 Georges
1215 352 77 22 Smets.

168 424 74 18 cenire
256 424 22 19 et
293 428 56 17 nous
364 430 121 21 engageons
500 427 110 23 vivement
624 434 41 16 nos
678 428 31 22 lec

169 452 60 19 teurs
251 450 15 22 à
288 454 72 20 tenter
381 457 57 20 cette
461 456 68 26 petite
551 457 117 23 ascension.
691 457 29 23 Ils

168 485 26 15 en
214 484 73 19 seront
305 482 155 28 récompensés.

197 516 32 22 M.
246 517 56 26 Jean
319 518 85 28 Muylle
420 524 32 19 est
469 528 29 15 un
516 522 83 27 peintre
615 523 103 22 Idéaliste.

167 545 19 22 Il
206 546 55 23 croit
281 548 53 26 qu'il
353 556 15 19 y
386 556 14 15 a
420 557 41 15 une
479 551 81 26 grande
578 552 99 26 peinture
695 556 22 19 et

167 581 43 16 une
225 579 63 20 autre
304 580 22 19 et
343 578 15 22 il
375 586 26 15 ne
417 581 55 21 croit
488 581 64 26 qu'en
569 581 21 22 la
607 581 110 24 première.

166 604 44 23 Son
226 606 40 26 s""
281 606 73 24 Cercle
368 608 27 22 dc
411 609 82 22 l'Enfer
506 610 29 22 da
552 610 78 26 Dante,
645 617 72 16 oeuvre

167 638 69 22 vaste,
260 636 66 23 d'une
350 639 144 26 composition
520 639 49 22 bien
594 640 122 27 équilibrée,

167 664 53 22 d'un
246 670 148 24 mouvement,
418 667 66 24 d'une
508 669 67 23 allure
601 670 104 22 véritable-

165 699 60 19 ment
243 695 144 28 dramatique,
404 701 32 19 est
453 698 64 22 ditme
534 699 27 21 de
579 699 70 22 forcer
666 700 37 21 l'at-

166 723 92 23 tention.
280 725 106 26 Idéaliste,
405 728 50 21 c'est
474 728 14 21 à
508 728 20 21 la
547 728 56 25 ligne
622 732 93 23 surtout,

164 752 21 22 la
204 753 68 26 ligne.
277 755 36 25 qui
331 755 55 23 flans
404 757 18 21 le
439 757 100 22 domaine
558 757 106 27 plastique
681 762 32 19 est

163 782 136 27 l'expression
314 785 27 21 dc
356 785 67 27 l'idée,
437 793 42 19 que
493 787 103 21 s'attache
611 788 33 22 M.
658 788 54 26 Jean

163 811 93 28 Muylle.
280 814 17 21 Il
319 820 27 16 en
369 815 80 26 néglige
472 816 81 26 parfois
576 823 29 15 un
628 823 41 20 peu
692 817 20 22 la

163 841 78 28 forme,
258 843 18 21 le
292 843 66 25 relief,
373 845 18 21 le
407 845 92 25 volume,
513 848 21 19 et
550 846 19 21 la
584 846 87 22 couleur
686 853 26 15 ne

162 871 60 22 vient
243 872 63 26 qu'en
325 874 79 21 second
425 874 48 23 lieu.
494 875 168 22 Prédominance
682 876 30 22 du

162 901 52 22 trait
227 908 27 15 au
267 902 116 23 détriment
395 903 27 22 de
434 904 20 21 la
467 904 105 26 plasticité
584 905 21 21 là
616 905 28 22 où
657 912 54 15 nou«

162 930 118 23 voudrions
300 930 124 29 l'équilibre,
443 933 59 22 voilà
521 940 54 15 nous
593 940 27 16 ne
637 934 75 22 dirons

161 964 40 21 pas
222 960 19 22 le
261 960 76 24 défaut
361 962 52 22 mais
435 962 18 22 le
474 963 107 22 caractère
602 964 52 21 d'un
675 966 35 20 art

161 989 38 25 qui
218 990 58 26 parle
293 990 14 21 à
325 991 147 26 l'intelligence
489 995 67 19 avant
574 993 28 22 de
620 993 79 23 s'adres-

159 1024 34 15 ser
208 1025 43 15 aux
266 1025 54 16 sens.

188 1046 57 24 C'est
262 1049 115 26 pourquoi,
393 1049 49 22 bien
460 1056 42 20 que
519 1057 55 16 nous
590 1058 69 20 ayons
675 1059 23 15 re-

158 1077 91 27 marqué
267 1078 103 26 quelques
388 1079 76 26 petites
481 1080 103 26 esquisses
602 1079 52 24 d'un
672 1088 25 16 co-

158 1106 51 23 loris
227 1106 78 23 délicat
324 1111 22 22 et
366 1108 39 25 fin,
425 1115 53 16 nous
498 1116 54 16 nous
571 1111 138 23 attacherons

127 1139 3 9 1
157 1138 88 20 surtout
265 1143 42 16 aux
327 1137 81 22 dessins
428 1139 26 21 de
475 1139 33 22 M.
528 1140 91 26 Muylle.
638 1141 19 22 Il
676 1141 33 27 s'y

157 1165 64 22 avère
234 1172 42 15 une
289 1166 80 22 science
382 1167 27 22 de
422 1168 21 21 la
455 1168 152 27 composition,
621 1177 28 15 un
663 1171 44 22 don

142 1194 160 27 -'d'expression
327 1198 48 20 tout
399 1196 15 22 à
438 1197 41 23 fait
504 1199 158 27 remarquable,
686 1203 21 19 et

140 1227 73 19 CTious
230 1224 95 23 oserions
342 1225 46 22 dire
406 1233 92 20 presque
515 1234 43 20 que
575 1235 33 17 ses
625 1229 82 23 fusains

155 1257 51 19 sont
222 1254 49 26 plus
287 1254 137 24 intéressants
440 1262 40 21 par
495 1256 22 23 la
532 1257 95 28 couleur,
642 1258 65 23 d'une

157 1282 90 23 lumière
267 1284 52 27 plus
343 1284 62 27 belle,
429 1285 49 27 plus
502 1286 139 29 émouvante,
664 1295 43 21 que

155 1311 31 23 les
202 1312 109 27 peintures
328 1313 148 26 elles-mêmes.

183 1341 62 23 Nous
274 1349 69 16 avons
378 1344 84 22 admiré
490 1347 138 22 notamment
663 1353 43 17 une

154 1370 56 23 suite
228 1371 199 28 d'interprétations
446 1374 28 23 dc
492 1375 99 27 Léopold
610 1376 24 22 II
652 1377 52 22 d'un

154 1405 75 20 accent
249 1401 96 27 profond
366 1406 21 19 et
408 1403 55 27 vrai,
482 1404 66 23 d'une
567 1406 138 27 psychologie

154 1429 89 24 intense.
263 1431 105 27 Masques
388 1433 115 27 frappants
522 1437 22 19 ct
565 1435 90 23 mobiles
675 1436 29 22 où

154 1459 54 23 dans
223 1460 19 22 le
256 1461 36 26 jeu
307 1464 78 20 savant
399 1462 38 23 des
452 1463 63 23 clairs
529 1466 22 20 et
566 1465 38 22 des
618 1465 86 26 ombres

153 1489 89 23 s'anime
258 1490 21 22 la
296 1491 77 26 pensée
390 1491 30 23 du
438 1492 40 23 roi.
495 1493 34 22 On
548 1500 26 16 ne
591 1494 42 23 sait
650 1495 52 26 quoi

153 1516 106 29 d'ardent,
276 1519 27 23 de
321 1520 123 24 frémissant
462 1528 61 21 passe
540 1523 55 22 dans
612 1530 35 16 ces
664 1524 27 22 ha-

153 1548 76 23 chures
251 1549 175 26 qu'arrachèrent
448 1551 15 22 à
485 1552 89 24 l'altiste
597 1559 42 16 une
662 1553 29 23 fiè-

152 1583 39 16 vre
210 1577 108 28 créatrice,
337 1586 30 15 un
387 1580 27 22 de
434 1587 34 15 ces
487 1585 107 19 moments
613 1582 29 23 où
661 1589 39 16 son

152 1607 57 22 culte
225 1613 56 21 pour
297 1608 19 23 le
333 1609 64 22 vieux
414 1616 119 21 monarque
550 1611 30 22 lui
597 1611 27 23 fit
640 1612 61 23 saisir

151 1636 109 23 vraiment
282 1637 29 23 les
333 1643 78 19 secrets
433 1639 27 23 de
482 1646 38 16 son
543 1641 46 21 être
611 1641 20 22 le
653 1642 40 26 plu:

150 1665 84 24 intime.
250 1666 98 27 Léopold
363 1668 20 22 le
401 1668 82 27 Grand,
500 1670 97 26 Léopold
613 1671 19 21 le
649 1672 40 21 Ma

151 1689 104 35 gnfflqtte,
269 1696 30 22 les
316 1697 59 22 Yeux
389 1698 30 22 du
434 1698 42 22 Roi
490 1702 49 19 sont
552 1702 78 20 autant
643 1701 45 22 d'as

149 1726 67 24 pexts.
232 1731 54 16 nous
300 1732 27 15 ne
342 1726 73 24 dirons
429 1734 39 19 pas
481 1728 28 22 de
523 1729 109 27 l'homme,
646 1730 54 22 mais

150 1753 27 22 dc
190 1759 40 17 son
244 1755 67 27 génie,
324 1755 14 22 à
352 1756 29 22 tel
394 1757 62 26 point
469 1764 33 15 ses
515 1758 70 27 traits,
597 1759 20 22 le
630 1760 68 26 grand

150 1789 89 21 masque
255 1791 83 20 osseux,
355 1785 18 22 le
389 1787 79 21 monde
484 1787 27 22 de
527 1787 40 27 plis
583 1789 38 26 qui
638 1795 49 16 creu-

148 1815 49 20 sent
213 1812 21 23 la
250 1817 78 23 tempe,
344 1817 22 20 ct
381 1815 21 22 la
418 1815 66 23 barbe
500 1816 90 23 blanche
605 1818 38 27 qui
659 1818 28 22 ba-

149 1841 49 27 laye
215 1842 20 22 la
253 1843 93 26 poitrine
362 1850 85 17 comme
464 1851 30 16 un
511 1847 68 25 grand
597 1853 56 21 coup
670 1848 27 22 dc

149 1874 60 24 vent,
226 1870 142 27 s'identifient
385 1880 53 16 avec
457 1881 24 15 ce
500 1875 60 33 çSnie
579 1877 119 23 lui-même.

148 1899 35 24 M.
205 1901 55 26 Jean
284 1902 84 27 Muylle
389 1901 182 26 ambitionn'e-t-il
595 1913 24 16 ce
643 1907 54 22 beau

148 1929 64 23 titre:
227 1930 156 28 icconographe
398 1933 27 21 dc
441 1933 96 28 Léopold
553 1935 23 22 II
595 1936 10 21 ?
621 1936 19 22 Il
669 1936 27 22 l'a

148 1959 91 27 conquis
255 1960 28 22 de
300 1961 65 22 haute
383 1963 66 22 main.

601 1993 25 24 C.
642 1995 18 22 B

382 2020 84 21 ♦♦<»,-

742 424 100 20 monnaie
859 424 26 21 de
903 425 33 21 fer
953 427 38 20 des
1008 428 117 23 Spartiates
1134 434 12 14 »

768 448 30 22 M.
818 450 71 21 Smets
907 458 14 14 a
939 453 85 24 rappelé
1042 453 87 21 d'abord
1147 454 31 21 les
1195 455 84 21 circons-

741 476 72 19 tances
833 476 55 21 dans
907 477 112 26 lesquelles
1039 480 19 19 le
1076 484 167 19 gouvernement
1262 481 26 21 de

741 500 76 25 Sparte
838 508 13 14 a
872 503 34 20 été
927 505 81 23 amené,
1029 512 27 13 au
1077 505 121 21 lendemain
1220 507 27 20 de
1267 507 21 21 la

739 533 77 17 guerre
836 527 29 22 du
885 529 139 26 Péloponèse,
1043 531 14 20 à
1077 532 91 23 prendre
1187 532 37 21 des
1243 540 35 14 me-

739 558 61 15 sures
820 559 54 19 pour
893 556 113 24 empêcher
1025 557 94 24 l'afflux,
1138 564 27 14 en
1186 559 99 24 Laconie,

740 579 38 20 des
794 581 120 30 ^monnaies
937 582 49 21 d'or
1009 587 21 16 et
1054 583 98 24 d'argent
1176 588 28 20 et,
1228 584 14 21 à
1267 589 19 16 la

739 604 89 22 lumière
842 606 52 21 d'un
910 611 57 17 texte
982 608 27 21 de
1024 608 84 24 Platon,
1123 609 15 20 il
1153 616 13 13 a
1181 610 63 21 tâché
1258 611 28 20 de

737 630 82 21 définir
835 632 31 21 les
883 633 102 24 procédés
1003 634 123 25 techniques
1143 636 52 20 dont
1211 643 29 14 on
1258 637 27 20 f.t

738 663 64 18 usage
819 657 12 21 à
850 662 55 17 cette
923 659 39 21 fin.
991 669 6 6 •

763 682 58 22 Crr-t
840 690 38 18 par
897 685 20 20 là
923 684 63 25 •qu'a
1006 685 28 21 dû
1054 686 45 20 être
1119 687 103 24 suggérée
1241 695 42 14 aux

736 708 129 22 théoriciens
878 710 26 20 de
919 711 118 25 l'antiquité
1051 712 20 20 la
1084 713 126 21 distinction
1225 715 58 20 rede-

736 740 69 15 veni-e
824 736 106 23 tvuilière
948 736 13 21 à
981 743 39 15 nos
1039 738 141 22 économistes
1200 741 74 20 moder-

735 766 44 17 nes,
799 765 61 17 entre
880 762 20 20 la
919 763 102 21 monnaie
1039 764 164 23 internationale
1222 771 21 16 et
1263 767 19 20 la

735 787 98 21 monnaie
851 788 113 23 nationale.

760 812 61 21 Cette
848 815 99 20 monnaie
975 816 116 22 nationale,
1120 818 52 20 c'est
1199 818 34 24 ici,
1262 818 20 21 la

736 838 96 22 fameuse
852 841 101 20 monnaie
974 841 26 21 de
1023 841 32 21 fer
1076 843 27 20 de
1125 843 117 25 Lycurgue.
1265 845 15 19 11

734 870 27 15 ne
776 865 62 24 s'agit
854 872 38 18 pas
909 866 20 20 là
946 867 35 21 de"
988 869 110 20 monnaies
1116 869 98 25 frappées
1228 877 5 14 :
1251 871 30 20 les

733 890 70 25 pièces
822 892 26 20 de
869 892 33 20 fer
922 893 35 24 qui
977 898 92 20 peuvent
1087 896 63 20 avoir
1169 896 34 21 été
1224 897 47 24 frap-

733 917 49 24 pées
801 923 39 19 par
858 918 100 25 quelques
976 920 53 20 cités
1048 927 103 19 grecques
1170 923 59 20 n'ont
1247 923 33 20 été

732 943 91 24 quedes
837 944 70 24 pièces
922 945 166 23 divisionnaires
1103 948 36 24 qui
1155 948 125 25 impliquent

732 969 123 21 l'existence
872 970 64 22 d'une
954 973 100 20 monnaie
1072 973 47 21 d'or
1136 977 22 17 et
1175 975 104 24 d'argent.

758 994 37 25 Ici,
813 995 16 21 il
847 996 63 25 s'agit
928 1004 27 14 au
973 999 108 20 contraire
1099 1000 63 20 d'une
1181 1001 98 20 monnaie

731 1021 35 24 qui
787 1022 79 21 circule
887 1023 12 20 à
921 1023 124 22 l'exclusion
1066 1025 37 21 dts
1125 1026 85 20 métaux
1232 1027 46 25 pré-

730 1047 69 22 cicux.

757 1073 30 22 M*.
801 1099 6 7 f
818 1074 70 22 Smets
917 1082 13 14 a
960 1077 90 20 terminé
1080 1084 39 14 son
1149 1079 129 20 intéressant

730 1100 78 24 exposé
830 1107 27 14 en
877 1106 111 16 montrant
1006 1105 44 22 "que
1073 1104 76 24 Sparte
1170 1105 58 20 avait
1249 1105 28 20 dû

730 1132 103 15 renoncer
847 1127 13 20 à
875 1132 66 16 rester
953 1128 67 21 l'Etat
1035 1130 167 21 exclusivement
1216 1137 51 18 agra-

730 1152 46 21 rien
794 1153 75 24 qu'elle
888 1154 52 20 était
958 1160 78 15 encore
1054 1161 27 14 au
1099 1155 119 25 cinquième
1236 1157 31 20 siè-

729 1178 33 21 cle
785 1182 65 18 avant
873 1183 60 17 notre
956 1180 42 24 ère,
1021 1181 54 20 mais
1098 1182 75 24 qu'elle
1196 1182 80 21 n'avait

729 1204 69 21 réussi
819 1205 49 24 qu'à
887 1206 86 24 joindre
991 1213 43 14 aux
1055 1207 57 21 vices
1132 1211 21 17 et
1172 1215 43 14 aux
1235 1208 31 21 fai-

728 1230 79 21 blesses
824 1231 26 21 de
865 1237 25 15 ce
906 1232 80 24 régime
1002 1239 53 14 ceux
1072 1233 26 21 de
1115 1234 65 21 l'Etat
1196 1235 69 25 capita-

729 1256 48 21 liste
795 1263 51 14 sans
864 1257 47 25 plus
928 1259 112 20 connaître
1058 1259 30 21 les
1105 1263 116 22 avantages
1247 1261 28 20 du

728 1282 91 25 premier
833 1286 21 18 et
868 1290 50 14 sans
933 1284 103 22 s'assurer
1050 1291 54 15 ceux
1119 1285 29 21 du
1163 1286 86 22 second.

1318 327 38 21 des
1374 329 138 23 journalistes
1531 333 86 21 suédois
1637 341 66 16 venus
1721 338 14 20 à
1755 338 110 22 Bruxelles

1317 360 14 13 a
1349 354 5 19 I
1362 360 100 16 occasion
1479 358 29 20 du
1527 360 94 24 mariage
1638 362 99 23 princier.

1346 380 48 21 Une
1411 384 106 20 trentaine
1534 385 27 20 de
1578 387 102 21 convives
1698 395 13 17 y
1728 391 122 20 assistaient
1857 398 5 14 :

1324 412 11 14 e
1350 411 97 18 ministre
1462 409 26 20 de
1503 410 70 21 Suède
1587 416 20 16 et
1623 413 98 22 Madame
1736 416 26 20 de
1777 417 78 21 Dardcl

1317 433 19 19 le
1354 437 97 18 ministre
1469 435 26 21 de
1512 436 124 23 l'Industrie
1654 444 20 15 et
1688 439 32 21 «u
1739 442 86 21 Travail
1843 449 20 15 et

1316 458 99 22 Madame
1427 460 20 24 J.
1461 460 112 26 Wauters;
1588 464 18 20 le
1619 461 101 26 baro-Jet
1733 467 21 20 la
1767 468 95 22 baronne

1314 486 27 18 A.
1354 486 26 19 de
1392 486 116 24 Gerlache;
1522 492 49 17 tous
1583 490 30 20 les
1625 491 137 23 journalistes
1775 495 86 21 suédois

1313 520 29 5 —
1354 511 116 22 Messieurs
1483 517 20 17 et
1517 514 78 22 Dames
1607 527 28 5 —
1646 517 30 21 M.
1689 523 20 16 et
1723 519 50 20 M""
1786 521 76 21 Victor

1314 535 82 27 Rossel,
1417 538 30 23 M.
1466 543 21 17 et
1507 540 50 20 M""
1578 541 23 21 F.
1620 543 90 25 Reding,
1731 545 22 21 M
1779 547 12 23 J
1820 547 41 21 De-

1312 567 82 19 geynst,
1412 564 29 21 M.
1458 569 21 16 et
1496 566 51 20 M""
1565 567 99 22 Fernand
1682 570 92 26 Neuray.

1341 589 29 20 M.
1392 590 68 21 Horta
1479 598 13 14 a
1512 594 61 23 porté
1592 594 21 20 la
1633 597 62 20 santé
1714 597 29 21 du
1763 599 97 21 ministre

1312 617 27 18 de
1354 617 70 20 Suéde
1439 621 21 16 et
1475 618 26 21 de
1517 619 19 20 la
1552 626 72 17 presse
1639 622 103 28 su^ioise.
1760 624 22 20 M
1807 625 53 21 Erik

1313 640 97 25 Sivenne,
1443 643 29 21 du
1503 645 99 21 Slenska
1628 647 118 25 Dagbladct
1785 651 30 20 lui
1838 655 23 17 a'

1311 667 103 24 répondu.

1339 694 33 20 On
1385 695 41 20 sait
1439 701 39 19 que
1492 696 100 23 Madame
1605 699 74 21 Victor
1692 700 74 24 Horta.
1778 703 36 24 qui
1826 708 32 17 est

1310 720 104 26 suédoise,
1430 728 13 14 a
1461 722 68 25 dirigé
1546 724 14 20 à
1577 725 131 26 Stockholm,
1725 729 94 23 pendant
1836 730 21 20 la

1310 751 82 20 guerre,
1408 753 42 15 une
1464 749 69 21 active
1547 756 118 19 campagne
1679 753 26 20 de
1720 756 137 23 propagande

1311 772 107 25 pro-belge
1441 774 35 24 qui
1500 782 11 14 a
1536 776 79 21 obtenu
1638 778 30 20 les
1691 780 47 23 plus
1762 781 93 21 heureux

1309 798 107 22 résultats.
1440 816 6 3 .

2033 136 16 35 E
2077 132 130 39 PREMIÈRE
2235 136 30 34 D'
2272 136 118 34 ACTEURS
2417 136 96 35 BELGES
2541 137 18 34 A
2587 136 33 34 LA
2647 136 119 34 MONNAIE

1899 194 398 100 Lakoute
2357 209 582 86 d'Eméraude

4111 5 26 99 F

1957 357 140 42 Comédrique
2113 367 28 25 en
2153 360 81 38 quatre
2246 361 65 31 actes
2326 359 27 33 de
2368 360 52 33 Max
2432 361 104 36 .aubier,
2556 359 91 40 d'après
2662 358 87 38 Eugène
2762 357 116 32 Demo.der

2183 403 103 39 Musique
2308 404 126 43 d'Auguste
2458 405 31 32 De
2511 405 76 33 Boeck

1916 452 78 23 KcnVus

211 2055 34 40 M.
261 2056 118 47 Montagu
399 2058 107 40 Norman
526 2064 103 36 restera

144 2114 163 40 gouverneur
321 2109 32 39 de
365 2109 24 39 la
402 2110 99 48 Banque
514 2112 180 46 d'Angleterre

358 2162 4 7 •
361 2163 54 6 —
414 2161 10 11 »

329 2180 122 29 Londres,
469 2183 29 23 12
512 2185 149 24 novembre.

177 2208 35 25 Le
232 2209 101 27 Conseil
354 2211 244 27 d'Administration
618 2215 31 25 de
670 2216 24 23 IA

144 2238 108 31 Banque
279 2240 178 30 d'Angleterre
485 2249 14 17 a
528 2244 89 24 décidé
644 2251 35 18 au-

142 2267 135 31 jourd'hui
302 2271 30 23 de
356 2277 126 25 proposer
505 2274 24 23 la
552 2274 139 25 réélection

142 2299 32 24 de
188 2299 32 24 M.
236 2299 259 33 Monlagu-Norman,
511 2310 98 18 comme
625 2311 50 24 gou-

141 2334 116 20 verneur
274 2330 30 24 de
324 2331 23 24 la
365 2331 114 31 Banque,
498 2333 16 24 k
531 2334 160 25 l'assemblée

142 2358 120 31 générale
282 2361 122 25 annuelle
424 2363 45 29 qui
488 2369 28 18 se
537 2364 103 25 tiendra
659 2372 31 18 on

142 2388 66 25 avril
229 2390 134 30 prochain.

157 2418 32 24 M.
207 2419 254 31 Montîlgu-Norman
479 2429 127 24 occupera
622 2430 68 25 pour

140 2448 26 24 la
186 2448 129 26 huitième
335 2452 82 24 année
438 2458 28 19 ce
486 2454 74 28 poste
581 2455 63 23 dont
665 2455 24 24 le

140 2477 120 27 titulaire
284 2483 79 23 avant
387 2482 25 24 la
434 2488 94 23 guerre
551 2483 136 30 changeait

140 2508 67 27 tous'
216 2509 37 24 les
269 2510 68 24 deux
352 2517 53 18 ans.

358 2539 97 30 -*>M*>

1010 1336 115 27 L'origine
1143 1339 130 20 suédoise...

727 1361 37 21 des
781 1361 138 25 Aspirateurs
935 1362 27 21 de
979 1363 109 25 poussière
1106 1364 61 22 LUX
1182 1368 33 18 est
1232 1371 42 15 une

727 1387 95 25 garantie
841 1388 26 21 de
885 1389 80 24 qualité
984 1389 37 21 des
1040 1390 101 21 matières
1158 1391 115 24 premières

726 1414 120 24 employées
866 1418 21 17 et
907 1415 26 21 de
954 1415 19 21 la
995 1415 118 25 perfection
1134 1417 55 21 dans
1209 1418 54 20 l'exé-

727 1440 71 20 cution
825 1440 125 25 mécanique
982 1441 37 21 des
1045 1443 106 24 appareils
1185 1444 85 21 ELEC-

725 1462 188 26 TROLÛX-ont
926 1467 20 21 la
962 1469 121 20 renommée
1097 1470 106 21 mondiale
1219 1477 12 14 a
1240 1477 31 15 est

726 1492 47 24 plus
791 1491 13 21 à
825 1492 61 22 faire.

752 1518 122 21 Demandez
897 1525 29 15 un
949 1520 55 21 essai
1027 1522 84 23 gratuit'
1129 1522 13 21 à
1164 1522 106 23 domicile.

726 1550 17 18 -»,
767 1544 63 22 Porte
851 1545 84 26 Louise,
957 1545 61 24 E/V.
1158 1558 10 9 .
1197 1549 74 25 (2903)

1075 1602 49 22 Une
1140 1603 131 26 délégation

723 1631 25 21 de
762 1631 112 23 l'Amicale
888 1633 36 22 des
938 1634 95 22 Anciens
1048 1635 147 22 Combattants
1210 1637 50 21 fran-

722 1657 45 24 çais
787 1658 29 21 du
838 1659 110 25 Spectacle
968 1661 97 21 arrivera
1084 1662 14 21 à
1115 1663 114 21 Bruxelles
1249 1664 20 20 le

722 1684 111 22 dimanche
856 1692 24 17 14
900 1687 122 24 novembre,
1043 1694 54 18 pour
1117 1689 61 20 venir
1198 1690 71 20 saluer

722 1711 19 20 la
758 1711 69 21 tombe
843 1711 28 21 du
890 1712 75 21 Soldat
982 1713 101 22 inconnu.

747 1736 60 22 Cette
830 1737 121 25 délégation
974 1740 96 20 arrivera
1094 1741 13 20 à
1129 1741 53 21 midi
1205 1748 27 18 40
1255 1758 13 5 _

721 1762 20 21 la
760 1769 50 18 gare
830 1763 28 21 du
879 1764 55 21 Midi
953 1769 21 16 et
993 1765 46 25 prie
1058 1766 31 21 les
1107 1767 115 21 adhérents
1241 1769 26 20 de

719 1788 112 22 l'Amicale
845 1790 36 24 qui
896 1796 23 14 se
932 1792 145 21 trouveraient
1091 1792 13 21 à
1118 1793 111 22 Bruxelles
1243 1801 25 16 ce

722 1814 78 23 jour-là
816 1815 27 21 de
859 1816 85 21 vouloir
960 1817 49 21 bien
1026 1825 23 14 se
1065 1818 85 24 joindre
1166 1820 13 20 à
1195 1820 46 21 elle.

1331 850 25 20 15
1369 856 42 15 ans
1426 852 27 20 de
1468 853 128 25 procédure
1610 860 60 21 pour
1682 857 25 21 80
1720 859 134 23 centimes...

1336 880 30 21 La
1382 881 100 22 chambre
1498 884 63 21 civile
1577 885 27 21 de
1620 886 19 21 la
1656 887 57 21 Cour
1729 889 81 25 d'appel
1828 890 26 21 de

1308 906 75 25 Nancy
1404 913 58 16 vient
1482 909 26 21 de
1528 912 56 19 tenir
1603 919 42 14 une
1664 914 103 21 audience
1786 916 57 20 solen-

1307 933 54 20 nelle
1380 939 53 19 pour
1451 935 63 25 juger
1532 943 43 14 une
1592 938 80 22 affaire
1691 941 106 24 renvoyée
1815 948 35 19 pat

1306 959 20 20 la
1342 959 57 21 Cour
1413 960 27 21 de
1455 963 114 22 cassation.
1586 964 17 20 Il
1619 965 107 24 s'agissait
1740 978 28 4 —
1783 971 70 18 tenez-

1306 991 53 15 veus
1379 986 48 20 bien
1436 986 6 20 I
1462 998 28 5 —
1509 988 51 21 d'un
1581 990 59 24 litige
1661 998 129 17 concernant
1810 1001 42 15 une

1305 1012 90 23 parcelle
1411 1013 27 20 de
1452 1015 82 20 terrain
1549 1017 141 24 revendiquée
1706 1024 38 18 par
1759 1020 20 20 la
1794 1026 46 15 com-

1304 1043 64 15 mune
1392 1038 26 21 de
1443 1039 268 28 Leval-sous-Rougemont
1734 1046 117 23 (territoire

1304 1063 26 21 de
1350 1064 92 24 Belfort)
1462 1070 20 16 et
1501 1067 53 21 dont
1574 1068 19 20 la
1613 1069 73 21 valeur
1706 1071 74 22 vénale
1799 1073 52 20 était

1303 1090 88 21 estimée
1404 1091 12 21 à
1430 1098 12 13 o
1457 1092 26 21 fr.
1497 1094 33 19 So.
1545 1093 59 22 Cette
1616 1095 80 22 affaire
1710 1097 52 21 dure
1776 1098 74 25 depuis

1304 1121 77 17 quinze
1403 1124 40 14 ans
1466 1122 20 17 et
1508 1126 13 14 a
1544 1126 70 15 connu
1638 1122 31 20 les
1692 1123 108 22 honneurs
1824 1125 26 21 de

1304 1144 49 22 tous,
1368 1143 30 20 les
1415 1144 75 24 degrés
1507 1145 26 21 de
1548 1146 133 24 juridiction.

1331 1168 57 22 C'est
1414 1176 54 18 pour
1492 1172 101 21 trancher
1619 1174 18 20 le
1663 1175 107 23 problème
1795 1177 43 24 juri-

1302 1193 63 26 dique
1387 1196 50 24 posé
1461 1203 39 18 par
1521 1198 21 20 la
1563 1200 138 23 compétition
1726 1202 88 21 relative
1835 1203 13 20 à

1301 1224 55 18 cette
1371 1221 70 22 bande
1458 1223 26 20 de
1500 1225 79 20 terrain
1597 1225 26 21 de
1639 1227 25 19 60
1680 1227 111 26 centiares,
1808 1236 41 14 aue

1302 1246 42 21 l'on
1362 1254 12 13 a
1393 1254 27 18 pu
1438 1249 46 20 voir
1501 1256 29 14 un
1546 1251 109 24 président
1672 1259 26 14 en
1716 1254 49 21 robe
1783 1261 65 19 rouge

1301 1272 79 22 bordée
1401 1274 122 25 d'hermine,
1545 1283 29 14 un
1594 1278 109 24 président
1724 1280 26 21 de
1771 1280 65 22 Cham-

1301 1298 43 24 bre.
1369 1305 11 18 5
1405 1301 130 26 magistrats,
1559 1303 91 22 l'avocat
1674 1305 85 24 général
1783 1311 21 17 et
1828 1308 19 20 le

1300 1325 91 23 greffier
1406 1326 34 23 de.
1447 1327 20 21 la
1483 1327 57 21 Cour
1555 1329 70 25 siéger
1639 1331 180 24 solennellement.

1462 1375 33 21 Lt.
1513 1377 55 25 plus
1587 1379 88 24 grande
1693 1381 152 24 promiscuité

1299 1400 26 21 dé
1341 1400 86 26 vnl-jpté
1443 1409 22 14 se
1480 1406 75 18 trouve
1570 1404 53 21 dans
1640 1406 30 20 les
1685 1407 66 21 cultes
1767 1412 78 17 secrets

1298 1426 37 21 des
1348 1427 66 27 dieù^
1424 1428 105 25 antiques.
1543 1430 111 22 Créations
1667 1432 96 22 d'Hiver,
1779 1441 10 12 ci
1800 1434 45 20 The

1300 1452 147 26 Destrooper's
1480 1455 105 22 Raincoat
1617 1457 30 21 Co
1672 1458 40 21 Ltd
1722 1466 20 17 »,
1774 1460 70 25 56-5S,

1298 1478 102 22 chaussée
1413 1480 106 24 d'Ixelles.

2023 457 30 21 BU
2091 457 40 21 fils
2160 457 55 21 d'un
2246 457 93 22 honorai

1892 485 104 21 meunier
2020 487 103 26 d.jdain.
2148 488 54 20 rêve
2226 488 29 21 de
2278 486 79 23 devenl

1889 513 84 22 artiste
1998 521 6 16 :
2032 509 87 31 iinJrait
2149 518 89 26 quitter
2264 523 28 16 sa
2319 519 54 20 ville

1887 543 78 22 natale
1986 544 77 26 courir
2083 547 92 22 étudier
2194 549 59 20 dans
2274 549 98 20 l'alilter

1887 573 29 21 de
1930 576 103 26 quelque
2052 582 26 17 re
2092 578 99 24 célèbre,
2206 578 67 24 mais,
2287 579 85 20 devant

1887 603 20 21 le
1927 604 95 27 chagrin
2042 608 126 28 (causerait
2187 610 62 20 celle
2269 608 102 22 décision

1886 633 13 20 à
1914 638 40 18 ses
1969 631 81 31 parent
2062 638 74 22 hésite
2151 639 13 20 à
2181 639 51 20 leur
2247 639 58 21 faire
2321 639 52 25 part

1886 664 29 21 de
1929 669 27 17 ce
1971 668 56 24 qu'il
2043 660 59 39 jétr.
2118 674 26 16 sa
2159 669 106 21 vocalion
2282 668 92 21 irr''*sis-

1886 694 63 22 lible.
1967 696 32 22 La
2016 689 66 32 retire
2098 700 7 19 1
2111 703 20 17 *>:
2137 699 59 21 iuite
2212 699 56 21 d'un
2284 703 89 21 groupe

1885 725 119 23 -'artistes
2024 728 137 26 qtkvii'lent
2179 734 59 16 sous
2258 730 22 20 la
2298 728 75 22 dire-i-

1885 755 48 21 lion
1955 757 32 20 du
2011 748 139 39 ma[r_put-é,
2171 759 73 21 Frans
2267 758 63 24 Krul,
2354 759 19 20 le

1883 784 92 26 décide;
1990 787 14 21 il
2019 788 41 22 im:
2075 794 37 16 -vs
2127 790 95 25 parents
2236 789 48 26 qui.
2297 789 77 20 atlen-

916 1871 33 21 La
967 1873 119 26 propriété
1105 1875 161 21 commerciale

747 1902 99 22 L'Union
869 1903 106 23 Générale
997 1906 38 21 des
1058 1907 161 25 Commerçants
1241 1909 27 21 de

721 1928 70 25 fruits,
816 1930 105 25 primeurs
944 1936 21 16 et
989 1932 95 25 légumes
1108 1934 27 21 de
1159 1935 107 25 Belgique,

719 1955 74 21 réunie
805 1962 27 15 en
846 1957 117 21 assemblée
975 1959 100 24 générale
1087 1966 13 14 a
1113 1960 54 21 émis
1180 1968 19 14 .e
1213 1967 53 19 vœu,

719 1981 75 24 qu'elle
825 1989 56 14 nous
911 1985 156 25 communique,
1093 1993 12 13 ce
1113 1986 28 21 de
1164 1987 48 21 voir
1235 1988 31 21 les

718 2007 118 22 Chambres
850 2009 131 25 législatives
994 2012 110 25 s'occuper
1118 2013 13 20 à
1145 2013 50 21 bref
1208 2014 57 21 délai

718 2034 27 20 du
762 2034 108 25 problème
884 2040 77 21 urgent
977 2038 85 20 soulevé
1078 2045 39 18 par
1132 2039 19 20 la
1167 2040 97 24 question

719 2060 26 21 de
765 2060 20 21 la
805 2062 108 24 propriété
934 2064 148 21 commerciale
1101 2068 21 17 et
1143 2070 61 16 voter
1223 2073 42 14 une

718 2086 27 21 loi
768 2087 36 24 qui
828 2087 88 25 protège
946 2089 30 20 les
1005 2095 156 19 commerçants
1190 2096 73 17 contre

718 2112 131 22 l'instabilité
864 2114 26 21 de
905 2115 46 20 leur
965 2116 104 20 situation
1083 2118 96 20 actuelle.
1194 2124 13 14 »

212 2570 415 50 MONITEUR

293 2628 34 19 DU
346 2629 22 18 13
386 2629 137 20 NOVEMBRE

142 2657 6 7 "
160 2655 133 21 NOTARIAT.
310 2667 26 5 —
353 2658 51 21 Sont
421 2660 95 19 nommas
533 2661 94 20 notaires
647 2665 6 15 :
671 2662 11 19 à

133 2677 21 20 lu
171 2678 112 20 rést-teneo
299 2680 26 19 do
342 2681 84 22 Namur,
444 2682 24 19 M.
485 2683 95 19 Michaux
597 2684 29 21 A.,
643 2687 28 16 no-

132 2700 56 19 taire
210 2701 11 18 £1
234 2701 118 20 'Awlcnnc.
375 2707 26 14 cn
425 2704 163 22 remplacement
610 2706 25 19 rie
658 2707 17 18 M

133 2722 110 29 ÇoIv:.;ni?,
266 2724 177 20 dniiilsslonnalro
468 2731 8 17 ;
496 2727 12 19 ù
531 2728 20 18 la
573 2728 110 19 résidence

131 2744 132 23 cr.Vn.d-Mine,
284 2747 25 20 M.
328 2747 95 20 Wcrotte
443 2749 27 21 F.,
489 2749 192 21 candidat-notaire

133 2771 12 15 a
159 2767 30 19 Ain
191 2768 25 18 de
219 2771 49 18 nne,
283 2773 25 15 on
324 2770 65 21 ren.pt
392 2774 35 15 are
429 2774 58 17 ment
500 2772 26 18 de
540 2773 17 18 M
580 2772 101 21 Micnaux.

158 2789 215 22 ADMINISTRATION
389 2793 47 19 DES
452 2794 67 19 EAUX
532 2795 33 18 ET
579 2795 101 19 FORETS.

118 2824 7 10 1
127 2820 33 6 —
171 2812 34 24 .M.
227 2813 89 19 Gllllaux
337 2814 25 21 J.,
385 2815 122 22 inspecteur
527 2816 38 20 des
586 2821 54 15 eaux
661 2820 21 17 et

97 2841 5 3 -
131 2834 75 21 fûro-tf,
225 2835 48 19 cher
289 2836 25 19 de
332 2837 89 22 service,
439 2842 12 14 a
469 2838 69 22 Arlon,
555 2841 34 18 est
605 2843 74 19 promu

130 2858 28 19 W
179 2857 64 21 grade
264 2858 144 22 d'inspecteur
427 2860 112 22 principal.
560 2873 3 6 .

138 2890 7 12 -,
157 2878 53 20 Le-.»
225 2880 109 20 Moniteur
345 2887 9 10 »
369 2881 25 19 de
408 2885 23 16 ce
445 2883 50 20 jour
507 2883 73 22 publie
594 2885 38 18 de»
646 2889 23 15 ar-

130 2901 58 19 rêtés
207 2903 85 20 porlant
314 2907 5 13 :
339 2903 129 20 déoli-éancc-s
487 2905 38 19 des
543 2907 137 18 concessions

131 2922 27 20 de
175 2924 70 18 mines
263 2924 27 18 de
308 2925 34 17 Ter
359 2925 25 18 de
402 2926 94 17 Bie-smcs
523 2928 24 13 -i..
567 2929 68 14 min.--.
655 2930 23 14 ,u>

129 2946 80 27 plom-i,
224 2947 46 17 zinc
285 2947 21 17 et
320 2947 69 21 pyrite
405 2946 25 18 do
446 2947 33 18 Ter
494 2943 144 24 d'AndeneiIe,
653 2947 26 18 de

129 2964 51 24 ho':.
182 2968 28 18 lie
225 2968 25 20 de
265 2968 48 19 Bois
327 2970 27 18 no
367 2967 97 21 Marûsfte
478 2971 22 18 et
512 2969 27 19 de
554 2969 124 19 vai-Notre-

129 2989 72 20 Damfe.

968 2176 10 14 c
988 2170 31 22 Le
1034 2172 91 21 manoir
1142 2173 118 24 d'Ulysse:

745 2193 30 22 Ce
797 2201 47 15 sera
866 2195 19 21 le
907 2196 57 25 sujet
987 2198 63 21 d'une
1072 2199 129 21 conférence
1221 2206 42 18 que

717 2220 88 22 viendra
822 2221 83 22 donner
921 2222 14 21 à
952 2223 88 21 l'Union
1059 2224 115 26 Coloniale,
1191 2225 21 21 le
1228 2233 24 14 sa-

716 2246 55 21 medi
794 2253 26 14 20
841 2248 120 24 novembre,
982 2249 15 21 à
1017 2254 25 20 15
1063 2250 22 22 h.
1105 2257 34 18 30,
1159 2258 51 14 sous
1231 2252 30 21 les

715 2273 96 24 auspices
827 2274 26 20 de
869 2274 150 22 l'Association
1034 2276 99 24 générale
1148 2277 37 21 des
1200 2278 51 24 Ingé-

716 2298 72 21 nieurs
814 2299 95 25 français
933 2308 27 14 en
984 2301 108 26 Belgique,
1124 2303 31 20 M.
1185 2304 76 21 Victor

714 2324 89 26 Bérard,
815 2326 20 20 le
846 2326 100 22 sénateur
957 2330 20 18 et
989 2332 77 17 savant
1077 2329 111 21 helléniste
1201 2329 48 22 fran-

715 2351 43 22 çais
773 2351 36 25 qui
825 2358 13 14 a
854 2352 70 25 publié
940 2353 55 21 voici
1011 2354 90 25 quelque
1115 2358 75 22 temps,
1205 2356 54 21 dans

713 2377 20 20 la
743 2377 112 21 collection
867 2378 26 21 de
904 2379 151 22 l'Association
1066 2380 120 23 Guillaume
1196 2382 62 25 Budi,

714 2409 41 14 une
772 2403 122 22 traduction
911 2405 27 21 de
955 2405 82 22 l'Iliade
1053 2406 53 22 dont
1122 2414 29 14 on
1167 2414 13 15 a
1196 2408 53 22 beau-

712 2435 54 19 coup
785 2429 66 25 parlé.

1601 1531 31 21 Le
1651 1532 53 21 truc
1725 1533 31 21 du
1776 1533 67 26 poète

1326 1553 45 28 Un,
1381 1559 66 19 jeune
1467 1555 67 29 poète,
1550 1558 84 23 anglais
1655 1559 35 24 qui
1713 1559 130 26 désespérait

1296 1578 27 21 de
1346 1580 47 20 voir
1415 1587 40 14 son
1479 1582 85 21 dernier
1587 1584 74 24 poème
1684 1585 96 22 accueilli
1804 1593 38 18 par

1297 1611 41 15 une
1356 1607 130 23 publication
1505 1609 135 25 quelconque,
1660 1615 35 16 eut
1713 1611 63 21 l'idée
1795 1613 47 21 d'en

1295 1637 93 19 envoyer
1409 1633 21 20 la
1453 1634 103 24 première
1578 1636 87 24 strophe
1686 1643 28 15 au
1736 1638 106 21 directeur

1296 1656 50 22 d'un
1366 1658 87 24 journal
1472 1666 26 15 en
1517 1661 29 20 lui
1565 1666 76 20 posant
1659 1667 55 17 cette
1732 1665 108 24 question:

1297 1683 165 25 «Croyez-vous
1480 1687 65 24 qu'un
1562 1687 27 22 de
1606 1695 37 14 vos
1662 1685 94 26 lecteurs'
1770 1691 71 24 puisse

1297 1710 85 21 fournir
1402 1711 21 22 la
1446 1712 32 20 fin
1500 1713 26 20 de
1546 1719 25 15 ce
1593 1714 74 25 poème
1687 1716 42 24 qui,
1750 1717 92 25 quoique

1296 1735 51 21 d'un
1374 1737 45 20 très
1446 1739 68 23 grand
1541 1739 91 24 homme,
1658 1745 33 17 est
1717 1743 55 20 resté
1799 1750 39 18 peu

1294 1762 85 21 connu?
1388 1769 12 14 »
1426 1764 54 21 Sous
1501 1769 56 17 cette
1580 1766 69 22 forme
1671 1767 168 26 interrogatoire,

1294 1789 19 19 le
1335 1789 107 21 directeur
1464 1790 28 21 du
1514 1791 86 24 jeurnal
1623 1793 71 24 publia
1716 1799 55 17 cette
1793 1802 46 18 pre-

1294 1814 67 21 niière
1380 1816 92 24 strophe.
1492 1817 18 20 Il
1530 1824 26 15 ne
1575 1819 73 21 restait
1667 1820 47 24 plus
1733 1827 27 14 au
1780 1821 61 25 poète

1294 1840 116 26 incompris
1425 1843 48 23 qu'à
1488 1844 138 27 prendre^,
1628 1850 20 16 te
1663 1846 42 21 fois
1720 1846 20 21 le
1755 1847 44 21 rôle
1813 1845 26 23 de

1294 1866 79 22 lecteur
1392 1868 71 21 érudit
1481 1876 54 17 pour
1553 1877 93 18 envoyer
1665 1872 20 20 la
1704 1872 32 21 fin
1756 1873 26 21 de
1800 1880 38 15 son

1294 1898 78 19 œuvre,
1390 1895 35 23 qui
1442 1899 63 20 parut
1520 1896 55 21 ainsi
1593 1900 45 18 tout
1654 1898 87 22 entière.

189 3043 432 49 NECROLOGIE

166 3129 34 22 On
220 3132 59 20 Muis
299 3130 50 27 prie
367 3131 144 21 d'annoncer
528 3130 23 23 la
567 3133 63 21 mort
649 3130 28 21 de

153 3163 157 36 Monsieur
330 3165 136 34 Edouard
484 3164 173 35 MOTTARD

197 3208 63 21 Veuf
273 3209 29 21 de
316 3209 109 21 Madame
440 3208 78 25 Sylvie
534 3209 82 21 REMY

131 3234 150 28 pieusement
303 3234 88 23 décédé
413 3235 14 21 à
449 3235 59 26 l'âge
531 3235 28 21 de
582 3235 30 21 58
633 3239 43 17 ans

130 3261 66 21 muni
208 3259 42 24 des
262 3265 99 18 secours
374 3262 28 21 de
414 3262 72 21 Notre
499 3261 65 22 Mère
575 3261 22 22 la
608 3261 55 22 Sain-

130 3289 24 21 te
168 3286 87 28 Eglise.
393 3299 11 9 .
581 3281 11 14 *

164 3313 45 23 Les
226 3315 118 26 obsèques
362 3314 88 22 suivies
467 3315 36 24 de.
513 3314 163 22 l'inhumation

132 3340 58 22 dans
206 3341 21 21 le
242 3345 88 17 caveau
345 3341 29 21 de
390 3341 21 21 la
426 3341 88 21 famille
528 3341 87 21 auront
628 3340 48 22 lieu

130 3366 23 22 le
173 3367 89 21 samedi
286 3367 28 21 13
335 3367 137 26 novembre,
492 3367 15 21 à
529 3366 28 22 11
579 3367 96 24 heures,

130 3397 31 18 en
178 3392 94 28 l'église'
285 3393 161 22 Notre-Dame
462 3394 15 21 à
492 3394 104 21 Herstal.
612 3393 51 21 Réu-

129 3418 57 23 nion
201 3419 15 22 à
231 3419 22 22 la
268 3420 91 20 maison
375 3420 137 24 mortuaire,
528 3424 43 17 rue
587 3420 89 26 Large-

129 3445 67 26 Voie,
219 3445 53 26 197,
295 3445 102 25 Herstal,
419 3446 15 22 à
457 3446 28 21 10
508 3446 24 22 h.
555 3446 53 23 1/2.
630 3447 46 20 Les

131 3476 132 23 personnes
280 3472 40 28 qui
336 3477 44 22 par
396 3472 72 25 oubli,
484 3472 133 23 n'auraient
634 3476 42 23 pas

130 3502 58 23 reçu
205 3499 28 22 de
250 3499 71 21 lettre
337 3499 29 21 de
384 3499 128 27 faire-part
527 3500 56 21 sont
598 3498 78 28 priées

132 3519 30 32 «je
177 3525 136 21 considérer
328 3526 22 23 le
365 3525 97 27 présent
477 3525 49 22 avis
542 3530 92 17 comme
648 3530 29 17 en

129 3551 85 25 tenant
227 3551 56 22 Heu.
518 3574 6 5 .
600 3551 75 25 (2938

164 3599 35 22 On
217 3604 61 17 nous
297 3599 49 27 prie
365 3600 145 21 d'annoncer
526 3601 22 20 la
565 3600 63 21 mort
644 3600 31 22 de

129 3633 168 35 Mademoiselle
314 3634 49 33 Alix
383 3635 28 32 de
425 3634 95 39 Mauroy
534 3634 28 33 de
577 3635 100 32 Menrilie

133 3688 119 17 survenue
266 3684 14 21 à
293 3684 93 25 Ixelles,
400 3684 21 22 le
436 3685 13 20 5
463 3684 128 24 novembre
607 3683 70 22 1926.

165 3709 45 23 Les
232 3709 139 23 funérailles
391 3711 43 21 ont
454 3715 30 17 eu
505 3710 47 22 lieu
573 3711 59 21 dans
654 3710 22 22 la

132 3736 56 28 plus
205 3737 85 21 stricte
305 3736 110 23 intimité.

166 3762 18 22 Il
203 3763 39 21 n'a
261 3767 43 23 pas
324 3762 38 23 été
383 3762 96 28 envoyé-
493 3763 30 22 de
543 3762 85 23 lettros
647 3762 29 22 de

132 3788 61 22 faire
210 3789 61 27 part.
601 3788 74 26 (2935

161 3836 172 23 Mademoiselle
351 3837 81 22 Emilie
451 3837 117 25 JASPAR;

158 3863 121 23 Monsieur
315 3864 71 21 Hairl
423 3863 112 24 JASPAR,
573 3864 103 21 Premier

130 3889 114 25 ministre,
274 3890 25 21 et
326 3890 108 21 Madame
464 3890 71 21 Henri
566 3889 111 25 JASPAR,

131 3915 65 23 leurs
218 3915 102 24 enfants,
341 3916 187 22 beaux-enfants
550 3917 24 21 et
595 3916 82 27 pellts-

132 3942 106 24 enfanls;

156 3969 118 21 Monsieur
282 3969 22 21 cl
313 3968 105 22 Madame
428 3969 102 27 Georges
545 3968 131 26 LACROIX,

131 3994 65 22 leurs
219 3995 102 25 enfants,
343 3995 184 22 bcaux-enfanls
549 3996 25 21 et
596 3996 81 26 petits-

132 4021 106 24 enfants;

160 4046 119 23 Monsieur
297 4048 24 21 et
338 4048 106 21 Madame
462 4048 85 21 Ernest
566 4047 110 25 JASPAR,

129 4073 67 23 leurs
212 4074 95 22 enfants
323 4075 24 20 et
360 4074 196 25 beaux-enfants;

158 4099 120 23 Monsieur
302 4100 25 22 et
349 4100 107 22 Madame
480 4100 66 22 Jules
571 4100 104 22 JASPAR

130 4126 25 22 et
174 4126 64 22 leurs
256 4126 107 25 enfants;

159 4150 106 24 Muttemn
279 4153 80 21 Veuve
373 4152 94 24 Florent
481 4153 106 22 JASPAR
600 4153 24 21 et
638 4157 38 18 ses

131 4178 106 25 enfants;

130 4209 62 18 nous
210 4205 77 28 prient
304 4204 143 23 d'annoncer
462 4205 26 22 la
504 4206 66 27 perte
587 4205 78 27 Irrépa-

131 4230 65 23 rable
222 4230 70 29 qu'Us
317 4231 111 22 viennent
454 4232 29 21 de
510 4232 60 22 faire
596 4236 30 18 en
652 4231 24 22 la

130 4259 116 27 perspnne
270 4257 30 22 de
325 4258 52 21 leur
403 4258 56 26 père
484 4258 24 22 et
532 4258 143 28 grand-père

129 4283 120 28 respectif.

180 4324 158 36 Monsieur
365 4325 102 35 Pierre
488 4325 138 35 JASPAR

127 4375 63 22 Veuf
204 4376 29 21 de
248 4376 106 21 Madame
369 4375 120 21 Elisabeth
504 4377 169 23 HAESELEER,

124 4407 88 24 déoédé
222 4408 15 22 à
246 4408 152 24 Schaerbeek,
407 4408 23 21 le
441 4408 28 22 10
478 4408 126 22 novembre
614 4407 63 27 1926,

130 4434 60 22 dans
204 4435 24 21 la
240 4435 305 28 quatre-vingt-quatrième
559 4435 73 22 année
646 4434 30 23 de

128 4466 52 17 son.
195 4462 49 25 âge,
266 4461 70 27 après
358 4466 48 18 une
428 4463 85 25 longue
535 4462 24 21 et
581 4461 93 27 pénible

129 4486 106 24 maladie,
247 4488 66 22 muni
325 4487 41 22 des
377 4487 101 25 Secourt
489 4488 29 21 de
529 4487 24 22 la
564 4486 111 26 Religion.

138 4518 4 17 i
157 4512 99 25 Suivant
268 4514 23 21 la
304 4513 94 26 volonté
412 4513 108 22 formelle
533 4514 34 22 du
582 4513 93 24 défunt,

131 4539 15 22 il
161 4540 38 21 n'a
213 4544 43 23 pas
269 4539 37 23 été
321 4539 90 28 envoyé
424 4540 29 22 de
467 4540 83 22 lettres
564 4540 29 22 de
607 4540 69 22 décès

130 4566 24 21 et
170 4565 21 22 le
208 4566 89 22 service
314 4571 14 17 a
345 4566 37 22 été
398 4566 91 22 célébré
504 4567 60 20 «Jans
581 4567 24 21 la
621 4566 54 28 plus

129 4592 81 22 slrlote
226 4592 99 22 Intimité
339 4597 30 17 en
384 4592 94 28 l'Eglise
494 4592 136 28 paroissiale
645 4592 31 22 de

129 4616 179 30 falnt-Servals.

158 4666 143 22 Funérailles
325 4666 92 25 Michel,
444 4666 49 25 185,
518 4671 44 18 rue
587 4667 87 27 Royale

129 4691 131 27 Ste-Marle.
278 4692 48 23 Tél.
339 4698 7 17 :
366 4692 87 23 558.45.
598 4693 75 26 (Î939)

934 2485 32 22 La
977 2486 118 27 pollution
1106 2488 42 22 des
1160 2489 96 22 rivière»

738 2509 35 22 On
793 2517 23 15 ae
835 2511 93 25 rappelle
947 2519 41 18 que
1007 2513 20 22 le
1047 2513 90 27 Fishing
1156 2515 54 21 Club
1231 2516 26 21 de

712 2536 100 25 Belgique
826 2544 13 14 a
854 2538 86 21 adressé
954 2545 43 15 une
1012 2539 137 23 réclamation
1164 2541 14 21 à
1192 2542 30 21 M.
1237 2542 21 21 le

709 2562 100 22 ministre
831 2563 27 22 de
881 2562 152 27 l'Agriculture
1054 2573 29 14 au
1105 2568 58 24 sujet
1186 2568 27 21 de
1235 2569 21 21 la

710 2588 103 24 pollution
834 2590 38 21 des
891 2597 56 14 eaux
967 2592 29 20 du
1015 2592 62 21 canal
1097 2593 28 21 de
1144 2593 110 22 Charleroi

709 2614 13 21 à
745 2614 140 26 Ronquières.
908 2617 19 20 Il
949 2623 13 15 a
985 2617 119 25 également
1127 2620 91 21 sollicité
1242 2621 13 21 i

709 2643 54 19 cette
784 2642 99 21 occasion
903 2642 159 23 l'intervention
1083 2645 26 21 de
1129 2646 21 21 la
1172 2647 83 21 Société

709 2667 105 22 Centrale.
836 2668 60 22 Cette
915 2669 99 22 dernière
1033 2677 13 14 a
1066 2671 54 21 écrit
1140 2672 14 21 à
1173 2673 71 21 l'admi-

708 2693 115 22 nistration
840 2694 38 22 de»
895 2695 67 21 Ponts
979 2700 21 17 et
1018 2697 118 22 Chaussées
1152 2702 22 18 et
1190 2699 16 21 il
1221 2703 34 17 est

708 2719 78 22 résulté
805 2720 26 22 de
849 2727 36 15 ces
904 2723 151 23 protestations
1074 2725 77 24 qu'une
1169 2728 85 18 entente

706 2752 53 14 aura
773 2746 43 21 lieu
829 2750 60 19 entre
902 2748 189 23 l'administration
1106 2750 38 22 des
1158 2751 62 22 Eaux
1233 2756 21 17 et

707 2771 75 22 Forêts
796 2776 22 18 et
832 2774 52 20 celle
898 2774 37 21 des
950 2776 68 20 Ponts
1033 2779 21 18 -t
1069 2776 120 22 Chaussées
1202 2778 41 21 cha-

707 2804 41 18 que
766 2798 43 21 fois
827 2805 41 19 que
885 2800 38 21 des
940 2807 55 15 eaux
1013 2801 91 22 devront
1122 2804 45 20 être
1185 2804 67 24 prises

705 2830 27 15 en
746 2831 61 15 assez
819 2826 83 24 grande
914 2827 96 25 quantité
1022 2833 56 20 pour
1091 2828 161 23 l'alimentation

706 2850 51 21 d'un
771 2850 52 22 bief.

733 2876 41 22 De'
788 2878 55 25 plus,
865 2878 21 21 le
906 2877 92 23 Fishin*»
1019 2879 54 22 Club
1094 2880 27 23 de
1143 2881 108 26 Belgique,

706 2902 64 24 grâce
792 2909 27 15 an
842 2904 83 21 service
946 2905 53 25 qu'il
1020 2911 14 16 a
1056 2906 108 25 organisé,
1186 2914 13 15 a
1222 2914 29 19 pu

706 2928 61 20 fair*'
776 2928 98 20 .naïve-
889 2930 30 14 !-'-
934 2937 56 11 —-.,—
1005 2931 26 14 .»-
1046 2931 19 15 t-
1082 2930 43 14 1--Ï
1189 2936 21 9 _.
1225 2934 25 11 j_

704 2949 21 20 la
739 2948 58 22 SaTm
810 2948 37 25 qui
861 2947 161 26 empoisonnent
1035 2948 21 21 la
1068 2948 82 25 grande
1164 2952 87 17 retenue

704 2974 27 22 de
747 2974 140 25 Ronquières.
903 2974 50 21 Une
975 2974 92 21 îouvcile
1083 2974 138 21 rcclamation
1237 2981 12 14 a

704 3000 35 21 été
756 2999 100 22 adressée
872 3006 44 15 aux
933 3000 104 21 autorités
1054 3006 40 19 par
1111 3003 55 18 cette
1183 2999 57 22 Fédé-

704 3026 71 22 ration
788 3030 20 17 et
822 3026 38 21 des
873 3026 157 21 interventions
1038 3026 121 27 pfficicîics
1172 3030 78 17 auront

704 3052 49 21 lieu.

730 3078 42 23 Les
791 3078 118 22 nombreux
927 3084 37 15 cas
982 3078 27 22 de
1027 3078 104 26 pollution
1150 3078 99 22 amènent

703 3105 31 20 les
746 3104 103 26 pêcheurs
861 3104 14 21 à
885 3104 135 26 s'orRaniscr,
1032 3105 113 21 dimanche
1157 3105 92 24 dernier,

704 3130 38 21 des
758 3130 101 25 délégués
877 3130 29 22 du
924 3130 91 26 Fishing
1032 3130 54 22 Club
1105 3131 25 20 de
1147 3131 103 25 Belgique

704 3163 23 15 se
744 3160 48 17 sont
809 3156 79 21 rendus
905 3156 14 21 à
937 3156 60 22 Gand
1014 3162 54 19 pour
1084 3156 101 25 présider
1197 3157 14 21 à
1227 3157 22 20 la

703 3182 103 25 création,
820 3189 50 15 sous
884 3182 31 21 les
929 3188 97 19 auspices
1040 3183 28 21 du
1083 3182 91 25 Fishing
1188 3183 60 24 Club,

704 3208 64 22 d'une
783 3208 138 22 Association
937 3208 38 22 des
992 3208 97 22 Sociétés
1103 3208 27 22 de
1146 3209 103 25 pêcheurs

703 3235 13 21 à
731 3235 20 21 la
765 3235 58 24 ligne
837 3234 26 22 de
877 3237 56 19 cette
948 3234 81 26 région.

754 3289 31 22 Le
802 3290 131 21 centenaire
950 3290 28 21 de
993 3290 23 20 la
1032 3290 67 25 porte
1116 3290 28 20 de
1161 3290 88 21 Namur

703 3329 48 15 sera
771 3323 84 21 célébré
877 3322 124 26 dignement
1021 3322 32 22 les
1077 3329 32 20 13,
1131 3329 26 20 14
1178 3326 22 19 et
1223 3328 24 21 15

704 3349 120 22 novembre.
847 3349 30 21 Le
899 3355 134 19 programme
1055 3349 37 21 des
1116 3350 54 22 fêtes
1192 3357 46 14 com-

702 3378 60 22 porte
779 3381 31 15 un
827 3381 105 15 concours
951 3376 114 24 d'étalages
1082 3373 56 24 'dans
1156 3376 20 21 le
1194 3376 54 25 style

702 3401 112 25 rappelant
837 3400 98 27 l'époque
958 3401 154 22 commémorée
1136 3405 27 23 ,et
1193 3408 61 19 pour,

703 3427 68 25 lequel
792 3427 31 21 les
844 3431 155 20 commerçants
1019 3428 128 21 s'attachent
1167 3427 14 21 à
1201 3428 38 25 pré-

702 3456 72 18 senter
792 3453 58 21 leurs
868 3453 90 21 vitrines
978 3453 54 22 dans
1048 3460 31 14 un
1098 3457 72 21 aspect
1189 3454 57 21 aussi

702 3479 131 25 pittoresque
846 3485 41 19 que
901 3479 99 25 possible.
1061 3496 5 4 .
1067 3494 14 13 y

729 3504 38 22 Un
783 3504 85 26 cortège
883 3505 104 21 circulera
1003 3511 40 19 par
1056 3505 33 21 les
1104 3512 50 14 rues
1169 3505 69 26 princi-

704 3531 59 25 pales
788 3531 101 21 d'Ixelles
914 3534 22 18 et
960 3531 142 25 comprendra
1126 3531 27 21 de
1185 3537 50 16 nom-

702 3557 87 21 breuses
812 3556 93 22 sociétés
928 3557 27 21 de
978 3557 97 25 musique
1097 3560 27 18 et'
1141 3557 106 26 plusieurs

701 3582 70 25 chars.

730 3609 68 22 Enfin
814 3609 70 25 parmi
899 3609 32 21 les
946 3609 108 25 multiples
1069 3609 127 21 attractions
1211 3609 36 25 qui

701 3638 79 20 auront
794 3634 50 26 lieu,
860 3641 26 19 ça
902 3638 21 18 et
937 3634 29 26 U,
983 3635 108 24 signalons
1107 3635 21 21 le
1143 3635 104 25 spectacle

702 3660 92 26 original
813 3667 41 19 que
873 3661 149 25 présenteront
1040 3660 57 22 deux
1115 3667 86 15 courses
1220 3668 27 14 au

701 3687 85 25 plateau
808 3687 37 25 qui
869 3693 23 15 se
915 3687 134 24 disputeront
1071 3687 82 21 samedi
1177 3693 24 19 13
1225 3690 21 18 et

702 3712 61 22 lundi
782 3718 23 19 15
823 3715 61 19 entre
900 3712 39 22 des
959 3729 10 4 -
978 3718 114 16 serveuves
1099 3718 13 15 v
1116 3729 5 5 .

729 3739 60 20 Pour
807 3741 49 19 tous
876 3738 187 25 renseignements,
1083 3738 117 21 l'adresser
1220 3745 27 14 au

701 3763 130 26 secrétariat,
847 3770 33 19 30,
895 3770 39 15 rue
948 3764 27 21 de
988 3763 22 22 là
1025 3764 54 21 Paix
1094 3763 46 26 (tél.
1156 3770 9 15 1
1169 3764 77 25 30.83).

859 3818 76 22 L'état
954 3819 29 21 de
1000 3824 45 16 nos
1064 3819 81 25 grand'
1165 3820 79 19 routes

729 3845 70 23 L'état
819 3845 123 26 déplorable
963 3845 29 21 de
1010 3845 22 21 la
1053 3845 86 25 plupart
1157 3845 30 21 'de
1208 3851 40 15 nos

700 3870 76 26 grand*
796 3874 73 19 routes
890 3878 13 14 a
924 3871 86 25 suscité,
1031 3871 76 25 depuis
1126 3871 120 26 longtemps

701 3897 51 25 déjà
768 3897 28 21 de
811 3897 138 21 nombreuses
964 3897 100 26 plaintes.

729 3923 53 22 L'on
799 3930 14 14 a
831 3923 101 21 amélioré
950 3926 22 18 et
989 3923 44 21 l'on
1050 3923 102 21 améliore
1169 3928 78 16 encore

702 3955 27 15 en
752 3955 25 15 ce
799 3952 95 18 moment
917 3948 100 26 quelques
1040 3949 93 21 sections
1157 3948 27 21 de
1207 3955 41 14 nos

700 3974 91 25 grandes
807 3974 88 25 artères.

729 4000 57 22 Mais
804 4000 17 21 il
839 4007 28 15 en
886 4003 33 19 est
936 4006 44 15 une
997 4000 37 25 qui
1054 4003 33 19 est
1105 4003 48 18 tout
1172 4000 14 21 à
1205 4000 42 21 fait

699 4026 146 24 abandonnée,
860 4027 52 20 c'est
927 4026 23 21 la
964 4026 83 21 section
1062 4026 28 21 de
1106 4026 61 22 Saint
1184 4026 61 24 Sym-
1243 4048 7 9 t

701 4052 89 25 photien
806 4052 15 21 à
837 4051 83 22 Binche
936 4051 27 22 de
979 4052 22 21 la
1017 4052 104 21 chaussée
1137 4052 27 21 de
1181 4048 69 25 Mons'

699 4078 13 21 à
728 4077 117 23 Charleroi.

729 4104 44 21 Sot.
788 4103 45 22 état
847 4103 27 22 de
888 4103 145 22 délabrement
1046 4106 34 19 est
1092 4103 154 22 certainement

701 4129 79 25 unique
799 4134 28 17 en
847 4129 108 26 Belgique.
976 4129 31 22 Ce
1026 4129 55 22 n'est
1100 4129 79 26 qu'une
1199 4135 38 16 suc-

699 4155 84 21 cession
799 4155 27 21 de
845 4161 14 15 e
866 4154 50 22 nids
932 4155 144 21 d'Autruches
1082 4161 14 15 t
1115 4158 21 18 et
1152 4155 27 21 de
1196 4155 38 21 fon-

701 4180 81 22 drières
799 4187 42 19 que
858 4180 31 22 les
905 4187 90 18 usagers
1011 4184 39 18 ont
1066 4181 71 25 grand
1154 4181 62 25 peine
1232 4181 13 21 à

699 4210 109 18 traverser
829 4213 29 15 au
880 4212 46 20 pas.
950 4207 94 25 Lorsque
1066 4207 23 20 la
1110 4210 64 18 route
1196 4213 48 15 sera

700 4235 124 19 recouverte
843 4232 27 21 de
889 4232 68 26 neige,
977 4232 41 22 elle
1036 4239 49 15 sera
1103 4235 48 19 tout
1170 4232 14 22 à
1204 4232 41 22 fait

699 4258 152 25 impraticable.
867 4258 19 21 Il
901 4261 33 18 est
949 4257 123 22 réellement
1085 4258 104 21 étonnant
1204 4263 41 20 que

699 4284 37 21 des
752 4283 110 22 accidents
877 4290 77 19 graves
970 4290 27 16 ne
1013 4291 24 14 se
1052 4284 71 21 soient
1138 4284 52 25 déjà
1206 4290 37 19 pas

700 4310 104 25 produits.

727 4335 64 22 Voilà
807 4335 21 21 le
845 4335 89 22 résultat
951 4336 77 25 auquel
1045 4342 29 15 on
1090 4335 84 21 aboutit
1190 4335 45 21 lors-

702 4361 64 25 qu'on
791 4361 86 25 néglige
900 4361 29 22 de
953 4361 107 25 procéder-
1081 4367 45 15 aux
1151 4364 92 18 travaux

698 4387 126 21 d'entretien
840 4387 31 21 les
886 4387 48 26 plus
949 4387 155 21 élémentaires.

727 4412 100 22 Tendant
848 4413 32 21 les
901 4413 81 21 années
1007 4418 51 19 1935
1082 4416 22 18 et
1127 4413 53 24 1936
1201 4418 43 15 ui.e

698 4438 76 26 équipe
788 4438 119 22 d'ouvriers
922 4444 45 16 lien
982 4438 124 26 spécialisés
1120 4445 14 14 a
1147 4438 96 21 effectué

698 4464 14 21 à
729 4464 57 21 deux
803 4464 93 25 reprises
912 4464 102 25 quelques
1031 4464 135 25 réparations
1184 4470 50 18 gros-

700 4488 73 27 sières,
793 4496 51 15 sans
862 4490 22 21 la
901 4490 99 21 moindre
1018 4490 141 21 surveillance
1177 4493 22 18 et
1217 4495 27 16 en

700 4515 58 25 dépit
773 4515 39 21 des
826 4515 71 25 règles
912 4515 27 22 de
953 4515 7 21 1
968 4518 42 19 art.

727 4541 82 25 Depuis
821 4541 106 25 plusieu'à
938 4541 62 25 mois,
1012 4547 38 19 pas
1061 4547 43 15 une
1115 4541 58 21 seule
1184 4546 51 20 jour-

700 4566 40 22 née
755 4567 37 21 n'a
807 4567 35 21 été
858 4567 110 25 employée
983 4573 39 15 sur
1038 4567 21 21 la
1074 4570 62 18 route
1152 4570 22 18 et
1190 4572 54 16 nous

698 4598 92 16 sommes
802 4594 17 21 A
834 4592 88 21 l'entrée
937 4592 24 21 dt
979 4592 83 23 l'hiver.

725 4617 118 25 Vraiment,
857 4617 22 21 le
892 4618 72 25 pubiic
977 4624 25 15 se
1015 4618 105 22 demande
1134 4618 19 21 si
1167 4618 67 22 l'auto-

697 4643 42 21 rité
754 4643 134 25 compétente
902 4649 23 15 se
943 4650 51 14 itna
1010 4643 51 21 bien
1076 4647 86 22 compte
1178 4644 27 21 dc
1220 4644 21 20 la

698 4668 84 26 gravité
800 4669 28 21 de
846 4669 20 20 la
886 4672 103 17 oitualion
1007 4672 21 18 et
1047 4669 26 21 de
1091 4669 21 21 la
1131 4675 103 19 responsa-

697 4695 61 21 bilité
774 4694 37 25 qui
827 4694 32 21 lui
873 4693 103 22 inco-ib—
973 4709 3 5 ,

1588 1945 36 20 Au
1641 1945 77 22 Cercle
1734 1946 31 24 l'a.
1771 1947 43 20 Iris
1825 1955 11 12 »

1319 1967 63 24 Jeudi
1398 1968 91 25 dernier,
1504 1970 13 20 à
1530 1969 91 22 l'ancien
1637 1972 64 20 Hôtel
1716 1974 121 19 communal

1292 1993 27 20 de
1343 1994 91 24 Laeken,
1459 1996 19 20 le
1501 1996 74 21 Cercle
1598 1997 96 21 d'études
1724 1999 112 21 musicales

1290 2018 31 22 l'a:
1328 2018 63 23 Iris»
1408 2027 12 14 a
1436 2025 76 17 ouvert
1526 2022 20 20 la
1561 2022 72 21 saison
1648 2030 38 18 par
1700 2030 41 15 une
1755 2025 81 24 grande

1292 2045 68 21 soirée
1381 2047 150 24 parfaitement
1553 2049 80 21 réussie
1654 2053 21 17 et
1697 2050 93 21 honorée
1811 2052 26 20 de

1291 2071 20 20 la
1328 2072 101 24 présence
1445 2074 26 20 de
1488 2073 56 22 MM.
1560 2075 105 21 l'échevin
1683 2075 77 26 Coelst,
1777 2077 49 21 Hen-

1291 2098 82 24 drickx,
1394 2099 108 24 président
1522 2100 27 21 de
1567 2101 21 20 la
1608 2101 148 26 Cro*bc.:Rouge
1775 2107 21 16 et
1815 2104 20 24 J.

1289 2123 33 21 De
1334 2124 77 22 Boeck.
1423 2126 112 20 conseiller
1546 2127 128 22 communal.
1686 2128 30 22 M.
1727 2129 20 20 le
1758 2129 76 25 bourg,

1290 2154 79 17 mestre
1393 2151 52 20 Max
1467 2156 21 16 et
1513 2152 29 20 M.
1566 2153 120 26 Jacqmain,
1716 2155 118 25 empêchés,

1289 2175 98 22 s'étaient
1404 2176 40 22 fait
1460 2184 96 15 excuser.

1315 2201 30 22 Le
1364 2202 74 22 succès
1459 2203 34 21 fut
1512 2204 45 21 très
1578 2205 33 20 vif
1630 2212 54 18 pour
1703 2206 130 22 l'excellente

1288 2228 131 25 symphonie,
1439 2236 50 14 sous
1508 2230 21 21 la
1549 2230 104 22 direction
1673 2232 26 21 de
1718 2233 30 20 M.
1769 2234 63 21 Louis

1287 2254 85 24 Vogels,
1389 2255 56 20 ainsi
1461 2262 40 18 que
1517 2262 55 19 pour
1587 2257 30 20 les
1633 2258 85 21 artistes
1735 2259 97 25 figurant

1288 2286 27 14 au
1338 2286 134 19 programme
1499 2288 6 15 :
1530 2281 49 22 M"*
1601 2283 102 26 Brabant,
1727 2291 104 19 soprano;

1287 2304 54 23 MM.
1353 2306 77 25 Jonau.
1441 2307 67 26 ténor,
1518 2308 50 21 Van
1578 2309 27 21 de
1616 2310 106 25 Plassche,
1733 2311 98 25 pianiste,

1286 2332 102 25 Mertens,
1412 2333 166 26 violoncelliste;
1603 2335 107 26 Delporte,
1735 2337 94 26 flûtiste;

1286 2357 19 21 le
1316 2357 79 25 Thoor,
1407 2359 114 22 violoniste
1531 2363 21 18 et
1563 2360 30 22 les
1605 2362 114 22 chanteurs
1730 2364 101 25 William,

1284 2387 21 17 et
1319 2383 80 22 Marcel
1414 2385 100 22 Antoine.

1568 2436 19 20 A
1603 2436 23 21 la
1641 2436 138 25 Fédération

1450 2459 42 22 des
1506 2460 159 23 Associations
1681 2463 148 28 Catholiques

1311 2483 31 23 La
1358 2484 81 23 lecture
1456 2486 29 21 du
1501 2491 89 21 rapport
1606 2488 27 21 de
1650 2489 30 23 M.
1698 2489 77 26 Segers
1792 2497 38 15 sur

1283 2509 31 21 les
1338 2516 13 15 «
1359 2510 98 23 Mesures
1478 2512 14 21 à
1513 2514 92 24 prendre
1626 2521 53 18 pour
1701 2522 87 15 assurer
1810 2517 19 21 le

1279 2535 173 26 développement
1462 2538 38 22 des
1510 2539 147 23 Associations
1669 2541 136 26 Catholiques
1813 2549 13 14 »

1284 2561 87 25 n'ayant
1390 2570 29 18 pu
1437 2564 45 21 être
1501 2565 98 25 présenté
1618 2567 13 21 à
1650 2567 21 21 la
1690 2568 90 22 réunion
1799 2569 29 21 du

1285 2588 24 21 16
1331 2589 87 21 octobre
1438 2597 48 14 sera
1507 2591 83 22 discuté
1611 2592 13 21 à
1645 2594 52 21 celle
1719 2594 28 21 du
1768 2596 59 24 jeudi

1285 2615 24 19 18
1325 2615 121 23 novembre,
1462 2616 13 21 à
1492 2624 24 14 10
1534 2618 38 22 1/3
1588 2618 76 22 heures
1680 2619 29 21 du
1725 2621 74 25 matin,
1814 2621 13 21 à

1281 2640 118 26 Bruxelles,
1413 2642 181 35 oSalle^Patria»,
1605 2650 33 19 23,
1649 2652 38 15 rue
1698 2646 29 21 du
1739 2647 87 22 Marais.

1486 2702 10 9 «
1569 2692 36 22 Un
1621 2694 89 21 service
1725 2695 100 22 lunèbre

1280 2720 14 15 a
1309 2715 35 21 été
1360 2716 84 22 célébré
1461 2718 109 24 vendredi,
1586 2720 13 20 à
1618 2726 21 17 1.1
1658 2720 28 25 h.,
1702 2727 27 15 en
1746 2722 80 24 l'église

1279 2740 27 22 de
1330 2741 146 23 Notre-Dame
1500 2744 37 21 des
1561 2745 109 22 Victoires
1692 2753 28 15 au
1744 2748 89 21 Sablon.

1279 2766 37 32 de_
1326 2767 22 21 la
1368 2772 49 21 part
1438 2769 36 33 de^
1486 2770 20 21 la
1528 2770 115 23 Confrérie
1663 2772 114 25 judiciaire
1798 2774 26 21 de

1280 2792 137 28 Saint-Yves,
1439 2801 56 19 pour
1517 2796 31 22 les
1570 2798 105 21 membres
1697 2797 27 23 de
1745 2799 80 22 l'ordre

1279 2818 114 25 judiciaire
1404 2822 73 20 morts'
1484 2828 54 19 pour
1550 2822 21 22 la
1583 2824 74 24 patrie.
1670 2824 90 26 L'église
1773 2825 53 22 était

1277 2845 88 25 remplie
1383 2846 27 21 de
1429 2848 104 21 membres
1552 2849 29 21 du
1598 2849 92 22 barreau
1707 2851 28 21 de
1753 2855 69 18 toutes

1278 2870 31 22 les
1328 2872 108 26 opinions,
1455 2873 114 23 d'anciens,
1581 2876 110 21 ministres
1709 2880 22 18 et
1749 2878 65 21 minis-

1278 2899 44 19 tres
1340 2895 73 25 d'Etat
1431 2902 22 19 et
1471 2900 27 21 de
1517 2900 159 26 représentants
1695 2903 38 21 des
1751 2903 72 21 divers

1277 2928 92 15 servie-,»
1383 2923 14 20 4
1396 2930 33 9 —
1429 2925 72 17 Palaîo
1509 2938 4 3 -
1542 2936 19 11 ,.-
1618 2932 42 11 i=~
1659 2933 26 4 —
1684 2922 16 17 ^
1758 2927 36 20 "y*

1303 2942 71 19 Apres
1386 2938 21 19 le
1421 2943 83 15 service
1517 2940 109 22 religieux,
1641 2941 20 17 le
1674 2943 26 16 K.
1715 2945 23 13 r.
1756 2942 54 17 t.*...

1277 2962 45 23 çois
1337 2961 81 25 Bra».»n,
1432 2962 137 26 dominicain,
1583 2969 26 14 en
1624 2966 78 18 termes
1716 2963 14 21 à
1744 2963 20 21 ia
1781 2963 41 21 fois

1276 2987 70 22 élevés
1362 2992 22 17 et
1400 2988 67 24 émus,
1485 2995 13 14 a
1514 2988 108 25 prononcé
1639 2984 102 26 l'oraison
1758 2989 61 21 func-

1276 3013 37 22 b»e
1334 3013 38 22 des
1392 3014 104 21 -nembres
1516 3014 27 21 de
1562 3014 22 21 la
1605 3015 82 21 famille
1707 3014 114 25 judiciaire

1276 3039 82 21 tombés
1372 3046 28 14 au
1414 3041 78 24 champ
1505 3040 125 22 d'honneur.

1304 3065 31 22 La
1351 3066 122 21 cérémonie
1489 3066 51 21 s'est
1555 3066 104 21 terminée
1674 3073 40 18 par
1730 3067 82 21 l'exécu

1277 3091 52 25 tion,
1343 3098 43 14 aux
1391 3099 3 4 1
1401 3098 83 19 oignes,
1499 3092 26 22 de
1538 3093 21 20 la
1576 3093 203 24 -Brabançonne».

1307 3145 102 41 LES
1437 3146 139 40 PRIX
1608 3147 185 40 NOBEL

1425 3228 157 29 Stockholm,
1597 3230 29 23 12
1636 3229 149 25 .novembre.
1817 3247 7 6 .

1307 3257 167 25 L'Académie
1489 3258 45 24 des
1549 3258 119 25 Sciences
1682 3260 17 23 à
1712 3259 109 24 décerné

1278 3287 23 23 le
1316 3287 61 30 prix
1391 3287 80 25 Nobel
1487 3288 31 23 de
1533 3287 97 25 chimie
1644 3294 68 24 pour
1729 3289 62 24 1925
1807 3289 15 24 à

1276 3316 32 24 M.
1325 3317 112 24 Richard
1452 3317 159 31 Zaigmondy
1626 3318 31 24 de
1672 3318 148 30 Gottingen.

1308 3346 37 24 Le
1356 3346 61 30 prix
1429 3346 79 25 Nobel
1522 3348 32 24 de
1567 3348 97 24 chimie
1677 3354 68 24 pour
1759 3349 62 23 1926

1276 3382 15 18 a
1305 3376 42 26 été
1362 3375 109 25 décerné
1485 3376 16 25 à
1515 3377 32 24 M.
1562 3377 137 31 Svedberg,
1713 3378 90 30 profes-

1274 3411 62 18 seur
1354 3406 16 24 h
1387 3406 169 24 l'Université
1573 3407 113 29 d'Upsal.

1509 3436 75 21 ttrOe*

1324 3467 30 47 Jf
1362 3474 141 48 Charleroi,
1520 3484 33 31 do
1571 3476 99 39 homme
1687 3478 83 38 tombe

1273 3531 57 34 dans
1356 3539 30 26 un
1410 3533 174 39 monte-charge
1606 3534 26 32 et
1660 3535 63 32 reste
1748 3534 73 39 pendu

1392 3584 83 33 durant
1490 3584 113 40 plusieurs
1618 3585 84 34 beures

1541 3637 11 11 ■

1437 3663 142 29 Charleroi,
1594 3665 30 23 12
1638 3665 148 24 novembre.

1306 3692 128 25 Vendredi
1451 3693 165 30 après-midi,
1632 3700 60 18 vers
1707 3696 16 22 2
1739 3695 26 24 h.
1780 3695 39 28 30,

1272 3727 34 18 au
1321 3722 87 24 Palais
1423 3722 36 24 du
1473 3723 105 29 Peuple,
1594 3723 16 24 à
1625 3723 142 29 Charleroi,
1782 3730 37 18 un

1272 3751 108 24 ouvrier
1392 3752 115 30 aperçut,
1522 3753 63 23 dans
1599 3753 23 24 le
1636 3753 168 24 monte-char-

1275 3786 31 22 ge
1330 3781 71 24 vitré
1424 3781 65 24 dans
1515 3782 39 24 les
1580 3782 179 30 dépendances
1784 3783 35 24 du

1273 3808 109 31 théâtre,
1404 3811 25 24 le
1447 3817 80 24 -corps
1549 3811 62 24 d'un
1632 3812 103 24 homme
1757 3818 45 19 sus-

1274 3840 87 29 pendu
1383 3840 64 24 dans
1466 3841 28 26 Je
1514 3840 69 25 vide.
1605 3841 137 25 L'ouvrier
1765 3848 54 18 ma-

1272 3866 109 27 noBVrVra
1405 3868 143 26 lentement
1572 3870 24 24 le
1608 3871 210 31 .monte-charge

1275 3898 26 24 et
1324 3899 121 24 constata
1469 3905 64 18 avec
1559 3899 115 25 horreur
1698 3900 65 30 qu'il
1790 3907 27 17 se

1273 3927 117 24 trouvait
1404 3934 32 18 en
1449 3928 124 30 présence
1588 3929 35 24 du
1637 3935 76 24 corps
1727 3930 31 24 de
1773 3936 46 18 son

1273 3962 159 24 compagnon
1445 3958 31 23 de
1482 3958 109 28 -travail,
1605 3959 31 23 M.
1650 3959 109 30 Mousty,
1774 3959 45 24 fils

1272 3985 34 24 du
1327 3986 124 25 sénateur
1471 3986 31 25 de
1522 3987 141 27 Charleroi.

1303 4015 137 24 L'ouvrier
1456 4017 94 29 appela
1565 4017 31 24 de
1614 4017 70 25 suite
1701 4017 16 25 à
1734 4017 83 25 l'aide.

1272 4044 39 24 On
1333 4046 60 24 crut
1416 4046 58 23 tout
1497 4046 106 24 d'abord
1633 4052 51 24 que
1716 4047 102 31 Mousty

1272 4074 72 23 avait
1366 4073 41 25 été
1428 4074 108 25 victime
1559 4075 35 24 du
1616 4078 110 22 courant
1749 4077 67 23 é!>j-

1273 4103 94 30 trique,
1387 4103 67 24 mais
1473 4104 24 23 lc
1516 4104 52 24 fait
1585 4105 64 29 qu'il
1669 4111 32 18 ne
1717 4106 101 33 portait

1271 4138 101 19 aucun?
1384 4133 71 24 trace
1468 4133 31 24 de
1511 4133 108 25 brûlure
1632 4135 27 24 et
1670 4135 63 33 qu'il
1746 4135 70 24 avait

1273 4163 24 23 la
1329 4162 132 24 mâchoire
1493 4162 138 30 fracassée,
1665 4163 35 24 fit
1731 4164 87 29 plutôt

1272 4191 85 24 croire
1370 4191 16 24 à
1398 4197 52 21 une
1464 4191 87 25 chute.
1564 4192 21 24 Il
1600 4198 65 18 aura
1677 4193 140 29 probab'e-

1271 4222 71 24 mi.'nt
1379 4221 83 30 perdu
1499 4220 148 31 l'équilibre
1685 4222 60 30 près
1781 4222 36 24 du

1273 4249 208 31 monte-charge,
1507 4256 69 19 sera-
1591 4250 87 25 tombé
1702 4251 64 24 dans
1794 4251 23 24 le

1274 4278 65 29 vide,
1361 4280 27 23 el.
1409 4285 48 18 son
1477 4285 76 25 corps
1575 4285 66 19 aura
1662 4280 41 24 été
1724 4282 93 23 retenii

1271 4314 47 24 par
1334 4309 26 23 la
1376 4308 59 29 tête,
1452 4309 104 24 coincée
1563 4310 83 23 -entre
1663 4310 26 24 la
1704 4315 61 25 cage
1781 4310 34 24 du

1272 4337 200 31 monte-charge
1497 4338 27 24 et
1549 4338 25 25 la
1599 4340 75 28 paroi
1699 4345 33 18 en
1757 4339 53 24 tôle

1270 4366 103 25 Comme
1389 4367 103 30 Mousty
1507 4373 33 18 ne
1555 4368 63 26 s'est
1632 4374 48 28 pas
1695 4368 121 30 présenté

1270 4395 16 24 à
1304 4395 134 31 déjeuner,
1458 4396 16 24 à
1491 4396 73 29 midi,
1582 4398 73 23 selon
1674 4403 46 19 son
1739 4398 61 24 habi-

1270 4425 69 29 tude,
1354 4431 35 18 on
1403 4431 114 24 suppose
1532 4432 50 24 que
1597 4426 63 25 c'est
1673 4433 61 18 vers
1748 4427 68 24 ceUe

1270 4454 82 25 heure
1367 4461 50 23 quu
1433 4461 28 18 se
1476 4461 60 18 sera
1550 4455 108 30 produit
1672 4456 143 25 -'accideci.

1301 4483 37 25 Lc
1367 4484 172 24 maJheureux
1565 4490 62 19 sera
1654 4485 65 24 dono
1747 4486 69 24 resté

1268 4514 68 24 ain-n
1350 4513 132 30 plusieurs
1495 4513 103 25 heures.
1611 4514 21 25 Il
1646 4520 16 18 a
1674 4514 41 24 été
1727 4515 71 27 trans-

1272 4542 74 29 porté
1368 4542 15 24 à
1405 4542 119 31 l'hôpital
1547 4543 26 25 et
1594 4549 17 24 y
1632 4544 41 24 est
1693 4545 70 23 mort
1785 4550 31 18 en

1269 4572 126 23 arrivant,
1437 4577 18 16 t

1422 4608 3 18 !
1512 4602 61 20 ♦•♦

1304 4639 15 6 -
1332 4630 29 19 Le
1376 4630 72 20 Cercle
1462 4631 29 19 de
1504 4631 68 22 Droit,
1587 4631 135 25 Philosophie
1737 4632 21 19 et
1771 4632 32 19 No-

1268 4652 63 20 tariat
1351 4652 29 19 do
1400 4653 136 19 l'Université
1565 4653 61 20 Libre
1646 4653 29 19 -de
1705 4654 109 19 Bruxelles

1267 4674 95 19 donnera
1377 4677 39 16 son
1430 4674 36 19 bal
1481 4676 79 18 annuel
1574 4676 21 18 le
1611 4676 11 18 2
1636 4675 120 20 décembre'
1762 4679 40 19 pro-

1268 4695 61 20 chain
1345 4697 53 18 dans
1414 4697 33 19 les
1462 4697 76 20 Salons
1552 4697 29 19 du
1598 4698 69 18 râlais
1684 4698 117 21 d'Egmoni.

1698 4735 61 29 1—
1758 4749 60 15 —

2021 1681 85 25 Marne
2127 1681 99 24 ANDItl

1867 1722 56 25 drls,
1945 1724 32 21 lui
1997 1717 109 33 permènt
2126 1725 29 22 de
2174 1725 64 21 sulre
2257 1730 26 16 sa
2303 1726 75 22 route,

1870 1753 21 21 la
1909 1754 67 21 roule
1995 1754 126 27 il'esptVice,
2140 1756 21 20 la
2180 1764 10 9 «
2200 1755 73 22 Roule
2292 1755 90 21 d'Emé-

1868 1783 73 21 raude
1950 1791 10 11 »>
1977 1784 39 26 qui
2033 1786 65 21 conit
2114 1786 13 21 à
2144 1786 23 21 la
2182 1786 80 26 gloire,
2278 1790 30 17 au
2325 1786 44 20 bon-

1865 1811 66 24 heur.

1891 1843 34 21 Oa
1943 1844 20 21 le
1981 1845 110 23 retrouva
2108 1846 114 24 Haarlem,
2230 1846 69 24 .dans
2317 1846 53 21 l'ate-

1867 1872 42 22 lier
1932 1873 28 22 de
1984 1875 64 23 Krul.
2071 1872 5 24 i
2098 1876 16 21 il
2136 1876 90 21 semble
2249 1876 53 22 bien
2326 1876 55 26 plus

1867 1903 128 27 préoccupé
2010 1905 29 22 de
2054 1906 109 28 rqercher
2178 1907 34 21 les
2226 1906 89 21 bonnes
2329 1906 43 26 grâ-

1865 1937 39 17 ces
1917 1934 30 21 de
1963 1934 110 23 Francesc
2083 1937 20 21 le
2117 1936 97 25 modèle,
2226 1931 75 31 jeune'
2310 1936 62 26 Espa-

1863 1963 69 25 gnole
1959 1964 119 23 séduisant
2103 1967 146 25 dangereuse
2275 1967 24 20 et
2325 1971 56 16 sans

1863 1995 118 25 scrupule,
2003 2000 46 22 que
2070 2003 8 16 <
2094 1997 133 21 s'instruire
2248 1996 59 22 dans
2328 1997 51 20 l'art

1863 2023 28 22 de
1909 2024 103 26 peindre.
2030 2027 32 22 La
2075 2023 13 26 ii
2105 2028 30 21 de
2154 2027 66 21 l'acte
2237 2027 98 25 montre,
2353 2026 28 21 de

1864 2053 67 27 façon
1949 2060 45 16 non
2012 2056 113 27 équlwue,
2142 2057 23 22 la
2181 2057 84 21 nature
2281 2056 33 22 du
2330 2062 54 18 senr

1864 2084 82 23 tlment
1966 2086 57 26 qu'il
2043 2077 68 39 nojrit
2131 2092 60 22 pour
2211 2088 22 21 la
2251 2087 56 26 jolie
2327 2087 56 21 fille.

1863 2114 31 21 Le
1909 2119 100 23 passage
2023 2116 28 23 de
2064 2117 127 25 ltnbrandt,
2206 2118 59 21 dans
2280 2117 104 24 l'atelier,

1861 2145 64 21 vient
1938 2146 111 26 apporter
2061 2152 24 18 uî
2097 2149 54 21 noie
2164 2153 71 21 grave
2248 2148 23 21 et
2284 2148 88 21 inatten-

1862 2175 45 22 due
1923 2177 60 21 dans
1998 2178 61 21 cette
2075 2178 47 28 jène
2138 2179 65 21 toute
2220 2178 164 27 passionnelle.

1887 2206 86 26 Malgré
1988 2207 34 21 les
2035 2213 47 22 sagj
2096 2209 101 21 conseils
2211 2209 28 20 de
2252 2213 42 17 son
2308 2213 66 16 cama-

1860 2235 55 22 rade
1941 2237 63 25 Dirk,
2032 2238 74 26 ivrqtie
2132 2239 59 21 mais
2218 2238 46 21 bon
2290 2243 93 21 garçon.

1861 2266 78 27 iÇobus
1958 2268 37 21 est
2013 2269 28 21 de
2060 2259 34 38 pis
2114 2275 28 16 en
2160 2269 55 27 plus
2233 2268 63 27 épris
2314 2268 30 22 de
2363 2268 23 22 la

1859 2296 59 22 belle
1948 2297 135 33 Franeesca;
2093 2300 97 26 jusqu'à
2218 2304 29 16 ne
2269 2303 43 23 pas
2333 2298 51 21 voir

1858 2327 85 26 qu'elle
1963 2333 26 17 se
2007 2328 57 26 joue
2080 2326 14 26 é
2114 2330 41 24 lui.
2174 2329 97 27 Jusqu'à
2290 2334 30 17 ne
2340 2333 43 22 pas

1859 2357 155 26 s'apercevoir
2034 2351 67 35 qu'tie
2121 2360 126 22 entretient
2267 2364 43 17 son
2332 2359 53 21 luxe

1859 2391 42 21 par
1916 2388 105 22 d'autres
2037 2383 79 32 tnojins
2132 2395 46 22 que
2193 2395 59 16 oeux
2267 2395 46 21 que
2329 2389 56 27 peut

1859 2418 32 21 lui
1910 2419 92 21 fournir
2020 2420 21 22 le
2060 2421 89 22 mdeste
2167 2421 40 21 fils
2226 2421 29 21 de
2273 2420 107 21 meunier.

1857 2448 93 22 Barent.
1969 2450 61 22 C'est
2046 2451 42 22 Diti
2103 2451 42 27 qui
2163 2451 33 21 lui
2213 2450 105 27 apprend
2336 2449 50 22 cela

1857 2478 59 22 dans
1937 2484 32 17 un
1989 2480 188 27 cabaretborgne
2197 2481 31 21 où
2248 2485 26 17 se
2294 2480 80 22 réunis

1856 2509 53 21 sent
1923 2503 101 29 Codeurs
2040 2511 23 22 et
2079 2508 82 36 (rates.

1879 2539 107 22 Pendant
2008 2546 47 21 que
2075 2542 66 22 Iobus
2163 2546 26 17 se
2197 2540 124 28 -promène
2342 2545 43 17 sur

1857 2569 21 22 la
1893 2569 70 27 grève
1979 2576 60 21 pour
2054 2572 74 27 cajner
2144 2573 22 21 la
2182 2572 103 21 violence
2302 2572 29 21 de
2347 2576 39 17 ses

1856 2600 147 25 sentiments,
2034 2602 116 23 Fratîesca
2179 2602 67 22 entre
2275 2602 66 22 dans,
2367 2601 20 21 lé

1856 2629 95 23 cabaret
1974 2632 24 21 et
2021 2637 15 20 y
2061 2631 110 24 reicontre
2195 2632 22 22 le
2241 2632 54 22 chef
2317 2630 70 23 d'une

1853 2659 76 23 bande
1967 2660 30 23 de
2029 2662 84 27 plrabs,
2139 2662 109 26 Barbera,
2274 2662 112 26 espagnol

1854 2695 89 17 comme
1968 2692 51 22 elle.
2044 2682 62 35 I.asle
2130 2693 29 22 de
2183 2698 43 16 son
2250 2697 133 19 amoureux,

1853 2721 44 21 elle
1915 2721 76 26 enjôle
2009 2712 113 39 rélran|er
2138 2726 23 20 ct
2178 2723 34 21 lui
2228 2722 114 22 demande
2358 2722 29 22 de

1853 2751 133 23 l'emmener
2009 2753 59 21 dans
2090 2745 34 40 [on
2147 2758 58 22 pays
2219 2759 6 19 ;
2247 2753 102 21 Barbera
2370 2757 15 19 y

1854 2783 104 24 consent.
1982 2783 115 22 Survient!
2106 2784 79 22 Kobus
2209 2784 41 27 qui
2273 2783 56 22 veut
2352 2787 25 17 re-

1853 2812 100 25 prendre
1974 2819 28 16 sa
2024 2814 122 26 maitrisse,
2168 2814 58 21 mais
2247 2813 92 22 celle-ci
2367 2813 21 21 le

1852 2847 89 21 nargue
1963 2844 24 20 et
2009 2840 120 31 l'exaspjre
2151 2849 30 17 au
2204 2843 65 28 point
2291 2848 47 22 que
2366 2842 22 22 le

1849 2872 71 26 jeune
1943 2873 92 22 homme
2057 2874 151 31 cjwmottralt
2229 2879 33 16 un
2285 2873 102 22 meurtre

1850 2901 20 21 si
1885 2902 56 21 Dlrlc
1956 2900 158 26 n'iiiterveàait
2129 2904 24 22 et
2167 2909 30 17 ne
2212 2902 176 23 l'Immobilisait

1849 2931 104 29 pendant
1971 2936 46 21 que
2036 2925 122 35 leJ^rr
2161 2930 39 13 "'
2200 2924 14 16 à
2301 2925 31 13 '"*

1849 2960 32 4 __
1902 2951 115 18 »jitai,c*-çL
2036 2953 12 13 &
2056 2947 94 23 éloigne.

1874 2973 135 27 Désespéré,
2028 2975 75 21 Kobus
2121 2974 56 21 rôde
2195 2973 95 27 partout
2307 2974 24 21 et
2348 2979 29 16 en-

1850 3003 41 25 tre,
1914 3008 42 23 par
1977 3004 91 26 hasard,
2089 3009 32 16 un
2143 3004 73 21 matin
2237 3005 29 21 de
2287 3004 101 27 Piques,

1848 3034 59 21 dans
1927 3035 22 20 la
1966 3034 95 22 Nieuwe
2078 3034 73 22 Kerko
2168 3034 178 25 d'Amsterdam,
2365 3035 23 21 et

1849 3064 28 25 là,
1896 3065 103 25 pendant
2017 3070 46 21 que
2080 3064 153 22 retentissent
2251 3065 35 21 les
2304 3064 84 22 chants

1849 3094 69 27 pieux
1931 3095 24 21 et
1969 3099 46 22 que
2029 3100 26 16 se
2069 3094 94 22 déroule
2178 3095 23 21 la
2215 3094 142 27 procession,
2372 3094 16 21 11

1847 3124 48 22 volt
1910 3130 29 16 en
1955 3130 46 16 une
2016 3125 81 24 vision,
2113 3126 20 20 lo
2148 3125 84 26 village
2247 3125 64 21 natal
2327 3125 25 21 et
2366 3125 22 21 la

1848 3155 109 22 demeure
1985 3155 133 27 paternelle.
2146 3154 145 26 Réconforté,
2318 3154 17 22 il
2362 3159 26 17 se

1848 3186 113 21 détourne
1977 3191 56 16 aveo
2050 3185 84 27 dégoût
2151 3185 31 22 du
2199 3185 69 27 fasse
2285 3185 103 21 honteux

1848 3216 22 21 et
1886 3216 74 26 prend
1975 3216 22 22 le
2012 3216 90 22 chemin
2117 3216 33 21 du
2166 3220 67 23 pays.

1872 3246 62 21 Dans
1949 3246 22 21 la
1985 3246 75 22 vieille
2072 3242 110 26 demeure
2195 3245 30 22 où
2240 3246 22 21 la
2275 3245 63 22 mère
2351 3245 37 21 n'a

1847 3276 66 21 cessé
1933 3276 118 26 d'espérer
2069 3281 43 17 son
2130 3277 87 24 retour,
2236 3276 31 21 où
2286 3276 22 21 le
2326 3275 59 27 père,

1847 3307 41 26 qui
1905 3306 102 26 n'ignore
2025 3307 49 21 rien
2090 3307 29 21 de
2135 3311 40 17 ses
2191 3306 143 26 turpitudes,
2351 3306 37 21 est

1847 3337 51 26 prêt
1915 3338 15 20 à
1949 3337 32 21 lui
2001 3338 137 25 pardonner,
2155 3341 30 16 ou
2202 3336 112 22 accueille
2331 3341 57 16 avec

1846 3367 106 21 bonheur
1971 3367 97 22 l'enfant
2085 3366 112 28 prodigue
2216 3366 23 22 et
2257 3366 128 26 repentant.

1845 3397 58 22 Près
1922 3398 43 21 des
1984 3397 95 27 parents
2098 3396 80 26 aimés,
2197 3401 30 17 au
2247 3397 79 21 milieu
2344 3396 42 22 des

1845 3428 60 26 joies
1927 3428 97 26 simples
2045 3427 32 22 du
2097 3428 66 24 foyer
2184 3426 104 25 familial,
2308 3426 80 22 Kobus

1845 3458 137 23 retrouvera
2001 3463 44 16 son
2064 3459 38 21 art
2121 3462 29 17 en
2170 3457 95 21 menant
2284 3461 47 17 une
2350 3456 37 22 vie

1846 3488 75 22 droite
1937 3488 33 22 et'
1977 3488 108 25 honnête,
2101 3488 23 21 et
2140 3487 16 22 11
2173 3482 111 30 s'endort,
2301 3487 23 22 la
2340 3486 48 22 tête

1847 3523 42 16 sur
1902 3519 35 20 les
1952 3523 92 22 genoux
2055 3516 32 23 de
2100 3522 28 17 sa
2141 3516 70 26 mère,
2225 3517 69 22 bercé
2309 3521 42 23 par
2366 3517 22 21 la

1845 3548 104 22 chanson
1963 3553 46 22 que
2025 3548 88 22 connut
2126 3552 44 17 son
2184 3547 98 22 enfance
2291 3550 34 18 î.«
2333 3547 53 21 Fais

1845 3578 67 25 dodo,
1918 3599 5 4 .
1932 3583 54 17 mon
2005 3582 90 21 amour,
2114 3578 73 21 ferme
2206 3577 36 22 tes
2260 3582 70 21 yeux,
2350 3577 36 21 tes

1845 3609 55 26 jolis
1916 3610 63 20 veux
1995 3608 126 22 d'enfant...
2135 3616 13 13 n

1869 3639 42 21 Tel
1933 3639 43 25 est,
1998 3639 60 21 dans
2078 3637 40 23 ses
2138 3638 102 26 grandes
2261 3637 82 27 lignes,
2366 3637 22 22 le

1845 3669 65 26 sujet
1931 3670 29 20 de
1981 3669 23 21 la
2025 3668 64 27 pièce
2109 3668 29 21 de
2158 3668 30 22 M.
2209 3668 54 21 Max
2283 3667 104 23 Hautler,

1845 3698 58 23 dont
1921 3699 36 22 les
1976 3699 113 22 éléments
2109 3697 195 28 psychologiques
2316 3703 7 18 :
2342 3698 34 21 Vo-

1844 3730 84 24 cation,
1947 3729 106 25 Passion,
2071 3729 145 23 Souffrance,
2234 3727 152 27 Rédemption

1848 3762 35 22 (ce
1899 3760 55 25 sont
1969 3756 35 24 lés
2020 3759 68 21 titres
2103 3763 46 22 que
2165 3758 101 21 l'auteur
2281 3763 15 16 a
2311 3756 75 23 donné

1844 3791 14 20 à
1875 3795 39 16 ses
1931 3789 84 27 quatre
2031 3789 74 25 actes)
2125 3789 23 20 la
2163 3788 113 21 situation
2293 3787 84 21 histori-

1845 3825 46 22 que
1911 3820 24 21 et
1955 3820 24 21 la
2000 3819 134 22 réalisation
2155 3816 169 23 «décorative"
2339 3817 48 22 ~ont

1844 3850 37 22 été
1898 3849 57 24 tirés
1973 3854 43 23 par
2031 3849 102 22 l'auteur
2149 3849 32 20 du
2198 3847 91 22 célèbre
2305 3852 81 17 roman

1843 3881 17 21 d
1860 3875 5 14 ;
1867 3879 93 27 Eugène
1977 3879 129 22 Dertolder.

1869 3910 20 21 Il
1909 3910 69 26 s'agit
1998 3911 61 20 donc
2079 3909 36 24 ici,
2135 3913 47 16 non
2203 3907 70 22 d'une
2293 3907 82 22 affabu-

1844 3940 73 22 lation
1946 3939 118 27 scénique,
2093 3932 156 28 irréalisable'*
2259 3937 120 22 d'aiReur-s

1844 3970 59 22 mais
1921 3974 101 22 presque
2039 3969 69 22 d'une
2125 3972 79 18 œu»re
2221 3967 114 25 nouvelle,
2352 3967 23 21 in-

1843 3999 139 25 téressante,
2007 3999 83 25 certes,
2115 4002 28 18 en
2170 3998 52 21 tant
2246 4002 46 23 que
2316 3997 69 22 livret

1844 4030 101 26 d'opér-a,
1966 4023 139 35 maisjjftjans
2126 4028 101 26 laquelle
2246 4033 29 16 en
2295 4028 80 21 retrou

1842 4065 56 17 vera
1918 4059 163 23 difficilement
2100 4058 170 26 l'authentique
2291 4065 10 11 «
2310 4057 75 21 Route

1844 4090 171 21 d'Eméraude»
2032 4089 29 22 d.
2076 4088 110 23 l'Illustré
2201 4087 108 23 écrivain.
2325 4087 61 22 C'est

1843 4120 60 22 ainsi
1926 4125 47 22 que
1994 4120 31 22 M.
2047 4119 103 25 Hautier,
2173 4119 60 26 pbur
2256 4117 130 22 condenser

1842 4150 100 25 l'action,
1957 4149 121 27 supprime
2093 4150 62 20 deux
2169 4152 158 22 personnages
2342 4147 32 21 im-

1843 4179 115 28 portants,
1977 4178 45 23 tels
2039 4178 104 26 Lisbeth,
2158 4178 26 23 la
2198 4177 116 27 première
2331 4181 43 23 pas-

1842 4210 52 21 sion
1908 4210 29 21 de
1950 4210 96 23 Kobus,,
2051 4209 25 22 et
2089 4208 91 25 Gésina,
2194 4207 42 27 qui
2250 4208 34 21 lui
2296 4207 89 26 Inspire

1842 4240 99 22 l'amour
1964 4238 157 28 rédempteur.
2144 4238 62 22 C'est
2229 4242 60 22 pour
2312 4237 73 21 éviter

1843 4270 51 22 tout
1913 4269 190 23 ralentissement
2122 4267 109 23 d'intérêt
2249 4267 57 27 qu'il
2324 4271 50 17 rem-

1842 4301 65 26 place
1934 4300 91 23 -action
2053 4298 108 26 tulélalre
2186 4298 30 21 de
2240 4296 145 23 Rembrandt

1843 4335 42 22 par
1906 4330 58 22 celle
1986 4330 29 21 de
2035 4329 64 25 Plrk,
2120 4328 123 22 camarade
2264 4326 120 23 débauché

1842 4360 59 21 mais
1909 4360 53 21 -ami
1977 4359 71 22 fidèle
2060 4363 7 21 ;
2081 4358 65 25 c'est,
2161 4357 71 25 enfin,
2247 4361 60 23 pour
2321 4361 53 17 com-

1842 4395 93 16 mencer
1959 4392 23 20 et
1989 4386 6 23 /
2007 4389 111 22 terminer
2141 4388 60 21 dans
2225 4392 47 17 une
2296 4387 77 21 atmos-

1842 4420 71 27 phère
1931 4420 29 21 de
1979 4419 123 22 tendresse
2119 4418 58 27 qu'il
2194 4417 80 26 ajoute
2291 4417 23 21 le
2331 4421 43 23 per-

1834 4455 111 20 sonnage
1963 4450 29 21 de
2011 4449 23 21 la
2052 4448 70 30 rhÉpe,
2140 4448 86 21 femme
2244 4447 32 22 de
2290 4446 94 22 Barent.

1839 4480 73 24 Ainsi,
1929 4481 22 20 la
1967 4479 110 21 nouvelle
2092 4485 12 12 «
2112 4478 75 21 Route
2203 4477 180 23 d'Emérattde»,

1840 4509 154 23 débarrassée
2013 4509 30 21 de
2061 4513 40 17 ses
2120 4508 121 26 peintures
2261 4506 112 27 descripti-

1839 4545 50 20 ves,
1908 4540 29 21 de
1956 4544 28 17 sa
2003 4538 162 27 complication
2184 4534 158 29 romanesque'
2359 4536 24 21 et

1840 4571 30 21 de
1888 4574 40 17 ses
1948 4569 134 23 contrastes
2100 4567 108 25 violents,
2228 4567 38 21 est
2284 4566 88 21 mainte-

1840 4600 58 21 nant
1913 4599 92 22 réduite
2021 4604 31 16 au
2068 4595 193 29 développement
2276 4596 30 21 de
2321 4597 61 20 deux

1841 4630 113 22 éléments
1978 4628 197 27 psychologiques
2186 4632 8 16 :
2216 4627 23 22 la
2258 4626 126 22 tendresse

1840 4659 144 24 maternelle,
2014 4659 98 20 l'amour
2138 4654 138 31 passionnel
2287 4660 7 20 ;
2322 4654 60 22 mais

1839 4695 39 16 ces
1894 4689 62 22 deux
1971 4688 122 25 éléments,
2108 4686 154 25 s'entourant,
2277 4690 27 17 se
2319 4689 63 18 com-

3008 132 417 89 FAITS
3500 132 527 85 DIVERS

2399 458 90 27 plélant
2505 458 47 20 l'un
2569 456 90 23 l'autre,
2674 460 26 16 se
2715 455 146 21 contrastant
2877 454 65 21 aussi

2397 494 57 16 sans
2479 488 143 21 s'affronter,
2647 486 102 20 donnent
2776 485 95 21 matière
2895 489 46 16 ait-

2399 519 53 27 plus
2468 518 105 20 heureux
2588 516 73 22 effets
2676 515 124 27 scéniques
2815 515 24 21 cl
2853 515 88 20 offrent

2397 554 31 16 au
2453 548 112 21 musicien
2589 551 47 16 une
2659 546 61 20 mine
2745 544 144 28 Inépuisable
2913 545 28 20 de

2400 579 95 23 lyrisme
2515 577 58 27 qu'il
2593 576 100 22 n'aurait
2715 581 29 21 pu
2768 576 95 20 trouver
2882 574 60 21 dans

2398 610 23 21 la
2453 608 93 21 version
2578 607 119 26 originale.
2730 606 61 21 Cest
2825 606 27 22 là.
2885 610 56 15 sans

2400 640 78 20 doule.
2494 643 28 16 en
2540 636 105 23 dernière
2661 637 104 24 analyse,
2783 637 20 19 la
2821 636 77 20 raison
2915 635 28 20 de

2400 670 14 21 1*
2423 678 9 9 «
2443 669 134 25 adaptation
2588 676 11 11 •>
2619 668 28 19 rie
2666 668 29 20 M.
2715 667 51 21 Max
2785 665 103 22 Hiuitler.

2426 701 16 19 Il
2458 701 37 19 est
2509 699 98 21 difficile
2621 698 134 23 d'analyser
2769 702 28 15 en
2813 696 69 21 dclail
2899 699 45 17 une

2401 731 110 27 partition
2533 729 57 21 dont
2610 733 29 15 on
2662 728 37 21 n'a
2719 732 28 16 eu
2776 725 167 23 connaissance

2383 759 5 23 1
2400 766 46 22 que
2474 764 42 23 par
2542 764 46 16 une
2615 759 68 20 seiilii
2708 756 112 24 audition,
2848 756 95 21 surtout

2400 792 79 26 quand
2497 790 62 22 celle
2577 788 110 28 partition
2704 787 38 22 est
2759 787 66 21 aussi
2844 786 100 22 loutrue.

2399 822 67 21 aussi
2480 821 75 28 pleine
2567 820 29 21 do
2610 818 84 23 détails
2709 816 193 29 polyphoniques,
2915 816 29 20 de

2402 851 135 23 trouvailles
2559 849 192 22 instrumentales
2772 853 45 21 que
2837 847 58 21 celle
2915 846 29 21 de

2400 883 29 24 M.
2447 883 31 21 De
2495 881 83 22 Hoeck.

2427 921 43 21 Les
2490 918 153 27 impressions
2661 916 122 28 générales
2801 915 40 27 qui
2861 920 25 16 se
2905 913 28 21 dé-

2401 951 91 26 gagent,
2514 950 51 21 tout
2585 948 104 22 d'abord,
2709 947 55 21 sont
2783 946 72 21 celles
2875 945 69 21 d'un»»

2416 982 71 21 rande
2511 980 125 24 fraîcheur,
2659 979 69 20 d'une
2753 975 136 27 inspiration
2906 974 27 26 gé-

2401 1013 99 21 néreuse
2520 1011 23 21 et
2565 1010 83 23 ferlile,
2669 1009 55 20 d'un
2746 1007 95 24 lyrisme
2861 1005 72 21 débor-

2401 1042 56 22 dant
2487 1044 22 20 et
2539 1040 70 23 varié,
2639 1040 69 20 d'une
2738 1034 205 24 Instrumentation

2415 1071 178 27 aractéristlquo
2611 1070 24 22 et
2654 1068 93 23 fouillée
2766 1068 24 20 et
2807 1066 54 21 d'un
2880 1064 54 27 équi-

2402 1104 57 21 libre
2473 1103 59 20 dans
2546 1102 21 22 la
2580 1100 54 22 note
2647 1098 134 22 ilninlnnnlo
2793 1096 89 21 semble
2895 1095 49 20 être

2403 1135 20 22 la
2441 1134 121 21 tendresse
2579 1132 51 20 bien
2649 1129 72 28 plnlol
2741 1133 46 21 que
2805 1127 21 21 l.i
2843 1125 101 28 passion.

2434 1164 36 24 Le.
2490 1160 171 29 tempérament
2684 1158 99 22 musical
2805 1157 28 21 de
2858 1157 31 21 M.
2912 1156 31 20 Oc

2402 1193 75 22 Boeck
2495 1192 60 23 n'est
2573 1196 43 22 pas
2634 1190 54 21 d'un
2709 1187 86 22 violent
2813 1185 58 22 mais
2890 1185 55 20 d'un

2402 1223 151 24 sentimental
2567 1223 23 20 el
2606 1222 55 20 d'un
2677 1218 102 23 sensilif.
2794 1217 64 21 aussi
2874 1216 70 21 eber-

2402 1253 100 24 ehe-t-il
2517 1253 53 21 bien
2589 1251 53 27 plus
2660 1251 12 20 à
2689 1254 59 16 nous
2766 1246 121 23 émouvoir
2904 1249 40 23 par

2403 1285 20 21 le
2442 1285 95 21 charme
2557 1285 23 20 et
2599 1281 21 22 la
2639 1276 149 31 spontaiiéilé
2808 1275 136 23 caressante

2403 1319 28 17 ..e
2448 1319 27 16 sa
2491 1312 99 23 mélodie
2608 1310 53 27 qu'à
2679 1314 60 16 nous
2755 1307 131 26 subjuguer
2904 1309 41 22 par

2404 1344 21 22 la
2441 1343 150 22 véhémence,
2608 1338 197 28 l'emportement,
2822 1335 78 23 l'éclat
2917 1334 27 21 de

2403 1379 43 16 sou
2460 1374 117 20 discours.
2592 1371 44 20 Les
2651 1373 113 24 passages
2778 1368 28 20 de
2822 1366 122 21 Irndrcsse

2420 1409 15 15 u
2454 1403 101 27 premier
2572 1402 24 20 et
2614 1400 31 22 du
2664 1398 94 23 dernier
2774 1398 52 20 acte
2845 1396 53 21 sonl
2917 1395 28 21 de

2404 1438 57 23 purs
2476 1433 87 26 joyaux
2581 1430 120 21 musicaux
2719 1428 24 22 et
2759 1426 139 27 expressifs.

2436 1463 91 24 Certes,
2549 1462 58 20 ilans
2630 1460 34 21 les
2685 1459 85 21 scènes
2792 1457 27 21 île
2843 1456 102 26 passion,

2406 1495 20 20 le
2442 1492 112 22 musicien
2570 1491 57 27 peut
2641 1489 65 22 aussi
2721 1488 101 21 s'élever
2834 1484 111 28 jusqu'au

2405 1523 93 27 .yrisme
2512 1515 160 32 dramatique:
2686 1520 20 21 la
2720 1517 70 22 scène
2805 1516 66 24 entre
2885 1514 48 22 l'Es-

2404 1552 85 28 pagnol
2509 1555 23 20 et
2551 1551 138 21 Franeesca,
2707 1553 29 16 au
2757 1544 118 25 troisième
2893 1545 52 20 acte

2404 1583 23 21 et
2443 1581 97 23 surtout
2555 1580 20 21 le
2593 1581 59 20 beau
2670 1579 46 20 duo
2733 1578 66 20 entre
2816 1576 128 21 Franeesca

2405 1613 23 19 et
2454 1612 89 23 Kobus,
2567 1604 42 32 qui
2633 1612 119 18 couronne
2779 1608 20 19 le
2825 1604 121 22 deuxième

2404 1642 62 23 acte,
2481 1645 28 17 en
2525 1640 55 21 sont
2595 1640 42 20 des
2652 1641 102 24 preuves
2770 1633 178 25 Indiscutables,

2405 1671 67 23 mais,
2490 1670 37 21 s'il
2546 1669 27 21 le,
2587 1669 43 21 fait
2648 1673 57 16 sans
2723 1666 83 23 effort,
2824 1666 15 20 il
2858 1664 88 22 semble

2404 1701 55 21 bien
2477 1699 57 27 qu'il
2555 1704 28 16 ne
2603 1698 21 21 le
2642 1698 66 21 fasse
2726 1696 55 27 qu'à
2799 1695 150 22 conlrecicur

2406 1731 24 20 et
2448 1734 46 22 que
2513 1728 127 22 l'intensité
2658 1728 42 20 des
2718 1730 96 17 remous
2822 1725 112 27 "polypho-

2406 1761 83 25 niques
2510 1759 28 21 de
2560 1757 148 26 l'orchestre,
2728 1757 14 20 à
2762 1761 40 16 ces
2822 1753 125 24 moments,

2405 1791 62 22 n'est
2483 1789 22 21 là
2519 1793 46 22 que
2582 1792 59 22 pour
2655 1786 111 23 atténuer
2781 1790 46 17 une
2842 1785 105 21 violence

2406 1820 58 22 dont
2486 1820 21 20 le
2531 1817 161 27 compositeur
2714 1816 115 24 voudrait,
2854 1820 43 20 par
2920 1814 28 23 ià.

2406 1850 130 20 s'excuser.
2550 1847 68 22 Cetle
2632 1846 149 27 conception,
2795 1846 19 21 si
2828 1845 45 24 elle
2887 1844 61 21 n'est

2410 1883 42 21 pas
2480 1878 53 21 tout
2559 1877 14 21 à
2601 1877 43 20 fait
2663 1876 58 21 celle
2749 1876 69 26 qu'on
2847 1874 105 27 pourrait

2408 1908 108 22 attendre
2532 1906 93 27 d'après
2643 1907 33 21 les
2693 1906 133 23 situations,
2844 1904 108 27 présente

2410 1940 33 20 du
2468 1938 76 22 moins
2569 1937 61 22 celle
2655 1937 88 25 grande
2768 1935 130 27 originalité
2924 1934 29 21 de

2408 1970 85 21 laisser
2511 1969 15 21 à
2545 1968 132 24 l'auditeur,
2696 1967 69 26 après
2782 1966 92 27 chaque
2893 1966 58 22 acte,

2409 2005 46 16 une
2474 1999 120 22 sensation
2613 1999 29 20 de
2659 1998 75 21 calme
2752 1997 24 21 et
2794 1996 28 22 de
2840 1995 112 27 quiétude

2408 2031 41 27 qui
2469 2030 34 21 lui
2524 2030 44 21 fait
2589 2028 108 22 attendre
2718 2032 56 17 sans
2795 2026 111 27 agitation
2927 2025 24 21 ni

2409 2061 138 26 impatience
2566 2059 66 22 l'acte
2649 2058 103 21 suivant.

2443 2100 45 20 Des
2505 2098 92 22 thèmes
2612 2095 208 27 caractéristiques
2836 2094 114 23 circulent

2409 2129 29 27 çà
2457 2130 24 21 et
2501 2128 21 22 là
2542 2129 59 20 dans
2622 2126 21 22 la
2664 2125 119 28 partition,
2803 2123 134 23 Individuali-

2410 2159 54 21 sant
2482 2158 53 21 bien
2555 2157 79 26 plutôt
2652 2157 35 21 les
2707 2155 125 22 situations
2852 2159 46 21 que
2917 2154 34 21 les

2409 2192 174 23 personnages:
2599 2187 95 21 ceux-ci
2710 2185 152 27 s'expriment
2877 2183 60 28 géné-

2410 2218 115 21 ralement
2545 2221 30 16 au
2598 2221 83 21 moyen
2704 2215 70 22 d'une
2796 2213 154 22 déclamation

2411 2248 39 27 qui
2468 2247 60 22 tient
2544 2246 15 22 à
2576 2246 20 21 In
2615 2246 46 22 fois
2679 2245 31 21 du
2728 2244 106 22 récitatif
2850 2248 43 22 par
2909 2247 42 17 son

2409 2277 93 26 rythme
2519 2276 136 28 prosotique
2672 2275 23 21 et
2712 2275 28 21 de
2758 2275 21 21 la
2796 2274 98 21 mélodie
2911 2277 41 23 par

2410 2309 21 21 la
2449 2309 76 21 forme
2545 2307 28 24 de
2592 2311 42 17 son
2653 2305 226 27 accompagnement
2895 2304 43 21 har-

2411 2337 117 28 monique.
2542 2336 116 22 Musicien
2674 2340 57 17 sans
2745 2335 124 27 parti-pris
2884 2334 67 21 autre

2411 2372 47 22 que
2473 2367 62 22 celui
2551 2367 29 21 de
2597 2366 79 21 suivre
2693 2366 28 20 de
2738 2365 55 25 près
2810 2364 102 25 l'action,
2928 2363 24 21 et

2411 2398 52 21 bien
2483 2397 71 27 qu'au
2574 2397 101 21 courant
2693 2394 28 22 de
2741 2396 54 20 tous
2815 2394 34 21 les
2868 2393 70 28 procé-

2411 2427 42 22 dés
2471 2426 131 27 expressifs
2619 2425 35 22 les
2672 2425 53 26 plus
2742 2425 133 25 modernes,
2893 2423 47 21 l'au-

2412 2458 54 20 teur
2483 2456 102 22 n'hésite
2604 2455 134 27 cependant
2767 2457 55 24 "pas,
2858 2453 94 27 lorsque

2411 2486 123 22 l'effusion
2544 2486 93 27 lyrique
2650 2489 120 23 provoque
2783 2484 59 21 chez
2853 2488 32 17 un
2898 2487 42 23 per-

2411 2520 104 23 sonnage
2529 2520 40 17 un.
2576 2515 108 22 discours
2698 2515 54 27 plus
2765 2514 63 27 long,
2841 2513 14 22 à
2867 2517 72 18 recou-

2412 2545 32 22 rir
2462 2550 48 17 aux
2529 2545 128 22 anciennes
2678 2543 124 23 formules.
2823 2543 18 22 Il
2860 2548 15 17 a
2895 2542 60 22 écrit

2413 2576 59 21 ainsi
2490 2576 116 26 quelques
2624 2575 47 21 airs
2690 2574 168 27 parfaitement
2875 2572 80 28 placés

2413 2605 25 21 et
2453 2605 40 27 qui
2510 2604 140 28 produisent
2665 2604 21 21 le
2704 2603 108 22 meilleur
2828 2603 62 21 effet
2910 2607 7 18 :
2933 2602 22 22 la

2412 2635 115 22 berceuse
2546 2634 29 22 de
2594 2634 22 21 la
2634 2633 72 25 mère,
2724 2638 31 17 au
2774 2633 102 27 premier
2893 2633 61 23 acte,

2413 2664 21 22 la
2446 2664 92 22 ballade
2553 2664 28 22 de
2597 2664 67 25 Dirk;
2680 2671 10 11 «
2707 2663 49 22 Elle
2769 2663 62 21 avait
2845 2663 22 21 la
2879 2663 74 21 beau-

2414 2694 21 22 lé
2450 2695 31 21 du
2496 2693 76 23 diable
2589 2702 20 17 »,
2624 2694 21 21 la
2661 2693 105 22 chanson
2782 2693 127 27 espagnole
2924 2693 29 21 de

2414 2725 131 21 Franeesca
2554 2728 16 17 -:
2586 2730 11 13 n
2613 2723 61 22 Sous
2689 2723 21 22 le
2725 2723 44 22 eiel
2782 2722 70 23 étoile
2869 2730 9 10 »
2895 2723 24 21 ct
2934 2722 20 21 le

2413 2754 73 26 grand
2504 2754 35 21 air
2556 2754 28 21 de
2604 2754 138 23 Franeesca,
2759 2758 29 16 au
2807 2752 119 22 troisième
2948 2757 7 16 :

2415 2792 10 10 »■
2442 2784 64 21 Vous
2519 2788 57 17 avez
2590 2782 114 23 deviné...
2719 2783 47 27 oui,
2778 2783 24 26 je
2816 2782 50 21 suis
2879 2782 62 27 Espa-

2414 2813 69 27 gnole
2502 2820 21 17 »,-
2537 2813 40 27 qui
2592 2814 42 20 ont
2650 2809 79 26 lotites
2745 2812 34 22 les
2796 2812 101 27 qualités
2913 2812 43 21 des

2415 2843 120 21 meilleure
2551 2841 65 28 pièce
2633 2843 29 21 de
2678 2847 79 22 genre.

2446 2873 83 21 Maître
2549 2871 34 23 dû
2602 2873 83 21 métier
2703 2871 140 26 orchestral,
2864 2876 90 17 comme

2413 2902 15 21 il
2443 2903 54 21 l'est
2512 2903 28 20 de
2556 2902 22 20 la
2593 2901 88 26 qualité
2696 2902 29 23 de
2740 2906 43 16 son
2799 2901 107 26 Iangaire.
2921 2900 32 21 M.

2415 2923 31 12 uc
2459 2921 104 16 _»u-i;h..a
2577 2917 86 21 ii-uiinj
2678 2923 26 13 s»a
2711 2919 120 23 'parution
2845 2922 42 15 oes
2902 2922 55 20 plus

2413 2948 86 17 suaves
2519 2945 24 20 et
2562 2945 43 21 des
2625 2945 53 26 plus
2699 2946 124 21 ruinantes
2843 2946 111 21 couleurs

2410 2973 206 24 instrumentales:
2627 2979 29 17 on
2668 2980 29 18 ne
2709 2976 90 21 saurait
2809 2980 68 16 assez
2888 2974 68 23 louer

2414 3003 156 27 l'Ingéniosité
2584 3004 58 21 dont
2655 3004 15 21 il
2686 3005 42 22 fait
2741 3009 88 22 preuve
2843 3006 59 21 dans
2914 3010 41 17 ses

2414 3033 174 22 combinaisons
2597 3034 31 21 de
2641 3034 97 22 timbres
2750 3038 24 21 et
2786 3035 22 21 la
2819 3035 70 26 façon
2901 3040 42 22 par-

2416 3061 55 23 faite
2488 3063 58 21 dont
2563 3062 59 22 elles
2640 3063 113 23 éclairent
2771 3065 80 21 toutes
2869 3065 35 22 les
2922 3065 20 22 si-

2416 3092 116 25 tuations;
2546 3093 38 25 ici,
2600 3093 21 22 le
2637 3093 69 26 poète
2721 3094 91 27 lyrique
2828 3099 26 17 se
2869 3095 86 21 double

2414 3122 55 21 d'un
2482 3122 91 27 peintre
2586 3125 32 22 ,et
2630 3128 26 16 ce
2669 3124 91 26 peintre
2772 3125 38 21 est
2820 3129 32 16 un
2865 3125 90 21 maître.

2414 3150 34 22 On
2461 3152 117 21 admirera
2592 3152 21 21 le
2627 3153 148 27 pittoresque
2790 3154 28 21 de
2833 3155 21 21 la
2868 3154 86 27 langue

2414 3181 113 25 musicale
2542 3186 24 20 et
2580 3182 20 22 le
2615 3183 153 22 raffinement
2783 3184 28 21 de
2826 3184 22 21 la
2862 3182 92 24 tecSnl-

2413 3215 46 22 que
2478 3211 29 21 de
2526 3211 135 22 l'Interlude
2680 3214 39 25 qui
2737 3214 84 25 sépare
2839 3214 35 21 les
2893 3214 62 21 deux

2415 3240 110 22 tableaux
2542 3242 32 21 du
2591 3242 94 22 dernier
2698 3243 64 23 acte.

2446 3270 122 22 Construit
2583 3276 43 16 sur
2640 3276 32 17 un
2689 3272 66 27 sujet
2769 3273 110 26 toujours
2896 3274 59 21 neut

2413 3301 24 21 et
2455 3300 110 26 toujours
2582 3301 151 27 intéressant,
2751 3302 131 27 répondant
2897 3308 44 23 par-

2415 3329 124 22 faitement
2563 3330 14 21 à
2603 3331 93 27 toutes,
2709 3331 35 22 les
2770 3333 125 26 exigences
2922 3334 32 21 dn

2414 3358 99 27 Ihéàtre,
2526 3360 114 21 rehaussé
2653 3362 24 20 et
2689 3361 116 28 complété
2818 3362 70 22 d'une
2901 3367 39 17 mu-

2412 3388 68 28 sique
2498 3389 136 22 séduisante
2653 3392 25 21 et
2694 3392 121 26 prenante,
2833 3392 120 27 l'ouvrage

2414 3419 29 21 de
2458 3419 55 22 MM.
2528 3419 96 22 Hautler
2639 3420 24 21 et
2677 3420 33 22 De
2725 3421 76 22 Boeck
2816 3422 36 21 est
2868 3427 27 16 ce
2911 3426 45 23 que

2414 3448 46 22 l'on
2478 3451 57 24 peut
2552 3450 102 26 appeler,
2672 3455 47 17 une
2728 3456 88 22 .œuvre
2833 3460 11 11 «
2853 3452 76 22 viable
2937 3460 18 17 »,

2413 3479 152 22 c'est-à-dire
2578 3472 58 36 (Sont
2648 3481 21 23 le
2682 3476 85 28 suc'cès
2780 3482 26 21 et
2817 3482 20 21 la
2852 3479 101 25 carrière

2412 3509 56 21 sont
2482 3509 106 23 assurés.
2603 3510 19 21 A
2636 3511 98 24 Anvers,
2749 3511 31 21 où
2795 3512 22 22 la
2833 3512 68 26 prèce
2915 3512 39 21 fut

2413 3538 77 26 créée,
2504 3543 29 17 en
2545 3540 128 21 novembre
2689 3540 70 24 1922,
2773 3542 21 21 le
2809 3541 97 22 chiffre-
2911 3542 42 22 des

2412 3567 212 28 représentations,
2637 3574 29 17 en
2679 3574 46 17 une
2740 3569 67 23 seule
2821 3571 87 25 saison,
2910 3570 29 23 dé-

2411 3602 70 22 passa
2493 3598 22 22 la
2525 3598 118 27 vingtaine
2657 3604 58 22 pour
2727 3605 46 19 une
2785 3605 80 17 œuvre
2875 3600 82 28 belge,'

2414 3627 60 21 c'est
2492 3627 55 26 plus
2566 3628 73 26 qu'un
2656 3634 57 21 gros
2731 3630 94 27 succès,
2844 3630 61 24 c'est
2921 3636 33 16 un

2414 3656 123 27 triomphe.
2555 3657 24 22 Si
2599 3657 46 22 l'on
2666 3663 28 17 en
2712 3658 57 27 juge
2789 3664 43 22 par
2851 3660 105 22 l'accueil

2413 3687 162 25 enthousiaste
2597 3693 46 21 que
2664 3690 64 21 tient
2749 3689 28 22 de
2799 3689 31 22 lui
2852 3691 58 20 faire
2932 3690 20 21 le

2413 3717 79 27 public
2504 3716 137 27 bruxellois,
2655 3718 23 22 la
2691 3719 106 21 destinée
2810 3720 29 21 de
2852 3720 23 21 la
2887 3720 66 27 pièce

2413 3747 38 21 est
2465 3747 130 22 désormais
2611 3747 61 23 fixée
2688 3751 25 20 et
2728 3748 47 22 l'on
2790 3753 29 17 ne
2835 3750 58 27 peut
2907 3754 46 22 que

2412 3776 103 22 féliciter
2529 3777 34 21 ies
2577 3777 107 22 heureux
2697 3779 99 20 auteurs
2810 3778 144 25 d'avoir.eux

2411 3806 73 25 aussi,
2497 3806 83 22 trouvé
2592 3807 52 21 leur
2656 3815 11 11 «
2682 3808 68 21 route
2763 3808 154 22 d'Eméraude
2932 3816 21 15 «.

2444 3835 32 22 La
2496 3836 114 22 direction
2631 3837 29 21 de
2680 3837 22 21 la
2723 3837 107 22 Monnaie
2850 3837 25 22 a'
2882 3838 56 21 d'ail-

2413 3865 65 21 leurs
2493 3865 99 27 apporté
2608 3871 48 19 sesi
2665 3867 64 22 soins
2745 3867 35 21 les
2796 3867 54 27 plus
2866 3867 74 22 intelli-

2412 3895 70 26 gents
2497 3895 25 21 et
2537 3894 35 22 les
2587 3895 54 27 plus
2656 3896 146 27 scrupuleux
2816 3897 15 21 à
2846 3897 22 21 la
2882 3897 57 22 réali-

2410 3925 86 27 sation,
2501 3924 112 27 scénique
2628 3926 24 21 et
2665 3926 125 27 artistique
2805 3927 28 22 de
2847 3927 91 21 l'ouvra-

2410 3958 38 22 ge.
2464 3954 58 22 MM.
2538 3954 138 25 Delescluze
2693 3956 24 20 et
2732 3954 96 24 D'nbosc
2844 3957 42 21 ont
2900 3956 52 24 fait,

2412 3983 49 25 l'un
2477 3987 62 22 pour
2555 3983 22 22 le
2595 3985 101 26 premier
2711 3985 61 25 acte,
2790 3985 84 22 l'autre
2892 3990 61 23 pour

2408 4012 20 21 le
2440 4013 101 25 dernier,
2552 4006 61 28 deux
2624 4013 84 23 décors
2719 4015 39 27 qui
2770 4015 55 22 sont
2835 4015 42 22 des
2888 4018 52 19 mer-

2410 4038 82 25 veilles
2509 4042 28 22 de
2553 4043 60 26 goût
2628 4043 31 21 et
2668 4043 147 23 d'évocation
2831 4044 119 28 poétique,

2410 4071 24 22 et
2455 4071 35 23 les
2511 4073 122 21 costumes
2654 4072 29 23 de
2704 4074 33 21 M.
2757 4074 100 26 Thiriar,
2878 4073 72 23 fidèle

2411 4101 167 26 reproduction
2594 4102 29 22 de
2640 4107 61 17 ceux
2717 4103 29 22 de
2762 4103 117 28 l'époque,
2896 4103 56 22 sont

2411 4130 70 21 d'une
2497 4130 88 23 variété
2601 4131 42 26 de_
2646 4132 111 22 couleurs
2772 4133 41 26 qui
2828 4133 123 24 contribue

2410 4164 61 22 pour
2485 4160 125 27 beaucoup
2627 4161 14 21 à
2657 4161 22 21 ia
2695 4162 36 21 vie
2748 4162 43 21 des
2808 4161 142 24 ensembles.

2410 4189 31 21 La
2461 4189 58 22 mise
2539 4194 30 17 en
2588 4190 80 26 scène,
2686 4192 166 22 mouvements
2871 4191 65 22 scéni-

2409 4222 68 22 ques,
2501 4218 76 22 effets
2600 4220 29 21 de
2652 4219 107 27 lumière,
2783 4221 39 21 est
2844 4221 29 22 de
2896 4220 53 23 tout

2410 4247 67 26 point
2496 4247 130 31 exoe.IJente
2648 4249 24 22 et
2693 4249 195 28 l'Interprétation
2910 4254 28 18 or-

2410 4276 119 23 chestrale
2542 4279 37 20 est
2591 4278 183 27 Irréprochable,
2786 4284 57 17 sous
2855 4279 81 22 l'adroi-

2410 4305 22 22 te
2449 4308 24 22 et
2490 4306 75 22 ferme
2583 4307 113 22 direction
2715 4308 29 21 de
2760 4308 33 22 M.
2811 4309 89 22 Bastin.

2441 4335 79 25 Quant
2541 4341 46 16 aux
2609 4337 105 24 artistes,
2735 4337 29 21 ils
2786 4339 128 26 apportent
2927 4338 23 22 .à

2409 4364 53 22 leur
2475 4364 69 22 tâche
2560 4363 184 24 difficultueûse.
2755 4371 48 17 une
2808 4368 141 23 -conviction

2409 4394 24 21 et
2454 4397 33 18 un
2509 4394 50 21 zèle
2581 4395 58 22 dont
2660 4394 35 22 les
2716 4396 99 22 auteurs
2837 4397 43 22 ont
2901 4397 47 23 Heu

2409 4422 74 22 d'être
2496 4423 65 22 tiers.
2573 4424 33 22 M.
2618 4420 98 29 Galllns,
2728 4425 58 22 dans
2798 4430 30 17 un
2842 4426 50 22 rôle
2903 4428 47 21 dur

2408 4453 25 21 et
2452 4453 89 26 parfois
2560 4452 95 29 violent,
2674 4454 40 28 qui
2734 4457 52 20 sort
2803 4461 32 16 un
2851 4460 51 24 peu
2919 4458 30 21 de

2408 4485 40 17 ses
2460 4484 105 25 moyens,
2577 4482 79 27 plutôt
2666 4483 120 26 aimables,
2798 4486 92 21 montre
2902 4491 47 18 une

2403 4509 95 28 énergie
2509 4512 163 26 remarquable
2683 4513 24 21 et
2717 4514 125 28 beaucoup
2853 4516 29 26 de.
2894 4520 41 18 sen-

2409 4539 90 23 timent.
2516 4540 64 21 Mnïe
2594 4541 88 28 Andry,
2699 4543 59 23 dont
2773 4544 22 21 le
2811 4545 84 27 souple
2911 4546 25 21 ta-

2408 4569 50 20 lent
2470 4569 29 21 de
2499 4564 8 11 v
2512 4569 153 23 comédienne
2678 4572 24 22 et
2713 4572 30 22 de
2756 4573 131 23 chanteuse
2900 4575 34 22 s'a-

2407 4598 80 26 dapte,
2495 4598 13 21 à
2525 4599 80 23 toutes
2622 4600 36 22 les
2674 4601 135 28 situations,
2825 4601 13 23 à
2856 4604 45 22 fait
2916 4605 31 21 du

2403 4627 56 21 *ôle
2482 4627 30 22 de
2535 4628 129 23 Franeesca
2687 4635 47 18 une
2757 4631 105 23 création
2884 4634 67 21 aussi

2407 4657 150 26 personnelle
2578 4664 46 22 que
2645 4660 146 24 séduisante.
2810 4663 63 21 Mme
2893 4663 56 21 Bal-

2406 4686 59 27 lard,
2488 4688 41 26 qui
2552 4688 61 23 tient
2634 4694 58 18 avec
2713 4691 88 22 autant
2819 4692 128 23 d'autorité

2967 302 41 53 Le
3023 301 58 54 XX
3082 308 11 22 e
3102 301 101 54 Salon
3216 302 41 54 de
3273 300 237 56 l'Automobile

2999 380 23 21 Si
3036 381 21 20 le
3068 382 87 24 joyeux
3168 381 58 20 mois
3240 382 28 19 de
3282 381 45 20 mal
3339 380 94 21 connaît
3446 380 63 21 cette

2967 407 158 26 magnifiques
3140 406 119 22 évolution
3276 407 42 20 îles
3333 408 81 24 Joutes
3432 405 63 27 hippi-

2967 439 58 21 ques
3043 439 46 21 que
3107 434 114 21 rehausse
3238 434 21 21 le
3277 433 94 21 brillant
3390 432 72 22 défilé
3480 432 29 21 de

2968 462 79 20 toutes
3070 462 34 20 les
3125 460 126 27 élégances
3272 461 28 20 de
3323 461 20 20 la
3364 460 101 26 capitale
3486 459 23 20 et

2968 488 30 20 du
3014 493 66 21 pays,
3094 492 26 16 ce
3136 487 121 22 Concours
3272 487 123 27 Hippique,
3409 486 39 27 qui
3465 490 44 16 L'on

2967 508 85 28 stitue"
3069 519 58 22 pour
3147 515 20 20 le
3186 515 58 20 haut
3262 518 132 17 commerce
3412 512 84 22 bruxel-

2969 542 50 23 lois,
3039 546 46 16 une
3105 546 83 16 source
3208 543 19 18 si
3246 541 102 20 étendue
3367 540 29 20 de
3415 539 95 27 profita,

2969 569 20 20 le
3007 568 69 21 Salon
3095 569 85 20 annuel
3198 569 29 19 de
3246 566 163 22 l'Automobile
3430 571 40 22 par
3489 565 20 21 la

2968 596 65 21 riche
3055 594 168 22 collaboration
3247 596 28 19 de
3299 594 20 21 la
3343 594 166 26 quintessence

2969 624 29 20 de
3016 624 20 19 la
3054 622 140 27 production
3211 620 178 21 internationale
3408 620 28 21 de
3455 619 41 21 l'In-

2970 651 98 24 dustrie,
3085 653 41 22 par
3140 653 43 16 son
3201 649 61 19 faste
3278 649 22 19 et
3316 651 42 23 par
3374 646 123 27 l'incompa-

2969 677 64 21 rable
3050 676 61 21 éclat
3129 676 28 20 de
3175 679 40 16 ses
3232 674 92 22 décors,
3341 678 28 16 ne
3387 674 21 19 le
3426 672 83 22 cédera

2969 709 28 16 en
3013 703 58 23 rien,
3087 708 29 15 au
3133 701 205 28 Cinquantenaire,
3354 700 31 21 du
3403 700 11 20 b
3432 704 30 16 au
3481 699 27 20 15

2969 730 132 22 décembre,
3119 730 13 19 à
3151 729 21 21 la
3190 727 122 27 splendide
3331 727 48 20 fête
3398 726 110 27 équestre

2970 758 31 20 du
3019 757 138 27 printemps.

3020 882 205 63 MENAGERES
3248 880 47 63 UN
3322 878 141 63 CONSEIL

2972 953 167 21 Rendez-vous
3153 953 78 21 toutes
3244 952 88 20 samedi
3350 951 25 20 13
3389 954 65 17 cour,
3466 949 13 21 à
3492 948 20 21 la

2970 989 166 33 Boucherie
3149 988 100 33 Pierre
3260 986 44 34 DE
3312 983 201 37 WIJNGAERT

3020 1039 45 20 Pas
3084 1040 28 19 de
3131 1037 151 21 succursales
3301 1041 28 16 en
3350 1035 111 27 Belgique

2970 1066 66 21 seule
3050 1065 88 21 maison
3154 1070 6 16 :
3173 1065 21 24 6,
3206 1070 19 17 r.
3238 1063 189 23 Sle-Catherine,
3441 1062 70 20 Brux.

3004 1100 34 22 Ou
3056 1104 14 22 y
3087 1099 105 21 débitera
3208 1099 14 20 à
3239 1098 41 21 des
3299 1098 50 26 prix
3367 1098 115 19 inconnus
3498 1096 12 20 à

2971 1131 26 17 ce
3017 1127 55 25 jour
3095 1127 35 19 les
3151 1125 96 21 vianies
3270 1124 103 22 fraîches
3394 1123 29 21 de
3445 1122 66 22 bœuf

2971 1154 24 20 et
3008 1153 28 20 de
3050 1157 67 16 veau.

3005 1180 31 21 En
3052 1179 59 21 voici
3127 1183 30 16 un
3172 1179 59 26 petit
3245 1182 87 23 aperçu

2972 1213 70 21 Bœuf
3059 1212 85 26 (frais)
3168 1212 21 23 %
3210 1213 19 19 k.

2972 1239 87 23 Haché.
3177 1239 52 21 1.75

2972 1267 100 21 Carbon,
3088 1268 71 20 s./os.
3176 1266 53 20 3.50

2973 1293 101 22 Bifteck.
3176 1293 21 20 S.
3200 1292 29 20 00

2973 1319 104 22 Graisse.
3176 1318 53 22 4.50

3255 1212 63 21 Veau
3339 1210 85 27 (fraie)
3451 1212 19 19 'i
3492 1212 22 18 K.

3256 1238 150 26 Blanquette.
3459 1236 54 21 3.00

3256 1265 53 21 Rôti
3331 1266 69 19 s./os.
3460 1262 53 22 5.50

3256 1292 92 22 Cuisse.
3460 1289 53 21 6.00

3256 1318 86 21 Haché.
3459 1316 54 21 2.75

2972 1361 113 37 MOU
3095 1363 6 32 !
3119 1362 79 33 Voici
3214 1364 26 30 la
3255 1363 131 31 réclame
3401 1361 37 31 du
3447 1360 66 40 jour

2994 1406 84 20 10.000
3097 1406 38 20 kil.
3154 1405 83 21 llosblf
3252 1407 14 19 à
3284 1405 53 20 4.00
3357 1405 30 21 fr.
3406 1406 20 19 le
3449 1404 21 21 Vi
3493 1404 21 20 k.

2977 1432 83 21 10.000
3081 1432 39 23 kil.
3141 1431 82 21 Bouilli
3243 1432 14 21 à
3277 1431 52 23 1.75
3350 1432 23 20 fr
3400 1431 21 23 le
3446 1431 21 22 V4
3491 1430 23 21 k.

2975 1459 101 21 100.000
3089 1459 126 21 côtelettes
3228 1460 28 20 de
3270 1463 66 20 veau,
3350 1458 53 21 1.50
3417 1458 21 21 le
3456 1457 21 23 Vi
3491 1456 23 23 k.

3006 1494 147 25 Ménagères,
3178 1493 115 22 n'oubliez
3318 1497 41 22 pas
3383 1496 46 23 que
3453 1496 60 16 nous

2973 1521 90 21 faisons
3076 1513 37 28 "un
3131 1520 75 21 effort
3223 1518 170 24 considérable,
3412 1519 23 21 et
3454 1523 59 15 nous

2974 1547 114 26 espérons
3105 1551 45 22 que
3167 1550 59 17 vous
3242 1551 59 16 vous
3319 1546 98 20 rendrez
3435 1545 78 20 toutes

2975 1574 88 20 sam'edi
3086 1573 15 21 à
3125 1574 21 20 la
3172 1571 166 24 BOUCHERIE
3364 1572 36 21 UE
3424 1571 76 21 ■WIJN-

2974 1600 105 22 GAERT.

3006 1627 103 21 Retenez
3123 1626 125 21 l'adresse:
3261 1626 21 26 6,
3295 1630 19 16 r.
3326 1625 188 21 Ste-Calherlne.

3000 1742 94 21 Pénible
3110 1742 104 21 accident
3224 1751 25 5 —
3264 1741 32 20 En
3312 1741 137 22 traversant,
3465 1740 41 24 Jeu

2974 1769 22 21 di
3015 1769 56 22 soir,
3089 1769 21 20 la
3128 1767 112 21 chaussée
3257 1767 28 21 de
3304 1766 70 25 Gand,
3392 1765 30 23 M.
3441 1765 65 22 Phlle

2975 1799 53 16 mon
3051 1794 131 23 Verhatert.
3203 1793 116 21 domicilié
3344 1798 40 16 rue
3406 1794 28 20 de
3457 1792 60 21 Rud-

2974 1822 48 22 der.
3035 1821 13 20 à
3062 1820 142 22 Molenbeek.
3216 1825 12 15 a
3242 1819 36 21 été
3291 1820 107 21 renver-é
3412 1824 42 21 par
3467 1819 39 20 l'at-

2976 1848 74 25 telage
3065 1847 96 20 conduit
3176 1851 42 22 par
3234 1846 19 22 le
3268 1845 128 27 boulanger
3409 1846 32 20 De
3456 1845 29 23 M.
3500 1845 17 21 Il

2976 1879 13 16 a
3001 1873 36 22 été
3048 1873 77 21 blessé
3137 1873 12 20 à
3163 1873 21 20 la
3196 1872 47 22 tête
3255 1874 23 19 et
3290 1872 13 21 à
3314 1872 21 21 la
3346 1872 78 25 jambe
3435 1872 83 21 droite.

2976 1901 18 20 Il
3006 1906 14 15 a
3032 1900 30 20 dû
3076 1900 50 20 être
3139 1899 80 26 soigné
3232 1898 14 21 à
3260 1898 104 26 l'hôpital
3378 1899 140 24 Brugmann.

3003 2037 125 58 Sans
3158 2036 333 57 Concurrence

3000 2116 21 32 A
3038 2112 28 39 là
3082 2114 209 34 Moutonnerie
3307 2113 193 42 Campinoise

3071 2174 26 34 9,
3113 2180 46 22 rue
3178 2172 248 29 Sainte-Catherine

3147 2218 63 22 Vous
3230 2218 125 19 trouverez

3320 2248 33 22 Ld
3373 2248 22 24 Vi
3415 2264 23 6 -.

3077 2277 83 27 Gigots
3367 2275 54 21 4.75

3076 2303 110 31 Epaules.
3367 2301 54 22 4.00

3077 2331 70 21 Côtes
3164 2329 91 28 parées.
3367 2328 54 21 6.00

3077 2356 178 22 Basses-côtes.
3368 2354 53 22 4.50

3077 2383 100 27 Ragoût.
3367 2381 54 21 3.50

3012 2411 116 26 Madame,
3147 2409 71 22 faites
3236 2413 33 17 un
3288 2407 62 22 essai
3368 2406 152 27 aujourd'hui

2980 2439 84 23 même;
3077 2441 59 17 vous
3149 2441 29 16 en
3191 2436 65 21 ferez
3268 2430 91 26 démain
3371 2435 68 21 votre
3452 2434 54 21 four-

2980 2465 94 21 nisseur
3092 2462 115 23 habituel.

3004 2580 133 21 Audacieux
3152 2580 54 21 acte
3220 2579 29 21 de
3265 2578 147 23 banditisme.
3426 2587 28 6 —
3468 2576 45 22 Jeu-

2978 2607 32 26 di,
3021 2612 54 17 vers
3086 2607 13 20 6
3111 2606 23 22 h.
3145 2606 27 21 30
3180 2606 33 21 du
3224 2605 57 25 soir,
3292 2604 60 21 Mme
3365 2604 66 22 Fern.
3443 2603 73 21 Raele-

2980 2634 113 24 maekers,
3113 2631 130 23 domiciliée
3262 2631 66 27 place
3346 2630 30 22 de
3396 2629 127 25 l'Altitude,

2979 2659 19 28 8.
3018 2660 14 20 à
3051 2659 89 27 Forest,
3159 2655 88 24 suivait
3280 2657 104 22 l'avenue
3417 2655 106 26 Seghera,

2981 2686 103 23 lorsqu'à
3104 2685 101 21 hauteur
3223 2685 29 21 de
3272 2684 104 22 l'avenue
3394 2682 29 22 de
3443 2682 23 21 la
3486 2682 26 21 Si-

2979 2712 74 25 bérie,
3069 2712 14 20 à
3098 2711 143 24 Molenbeek,
3258 2710 43 22 elle
3318 2709 38 22 fut
3371 2708 94 22 assaille
3482 2712 42 23 par

2979 2744 33 17 un
3025 2739 71 26 Jeune
3112 2737 102 22 individu
3229 2737 41 25 qui
3286 2736 33 22 lui
3333 2734 98 23 arracha
3446 2739 27 16 sa
3486 2739 26 16 sa-

2980 2765 78 24 coche,
3074 2765 125 21 contenant
3211 2763 40 21 220
3265 2763 30 24 fr.
3309 2762 24 22 et
3347 2762 40 21 des
3402 2760 78 27 objets
3495 2760 28 22 de

2980 2792 99 22 toilette.
3097 2791 46 21 Son
3161 2789 129 22 audacieux
3307 2788 39 22 vol
3362 2787 122 26 accompli,
3502 2786 22 22 le

2980 2818 83 21 voleur
3079 2817 47 27 prit
3143 2817 22 21 la
3182 2816 59 22 fuite
3259 2817 22 21 et
3299 2814 87 27 malgré
3403 2814 24 21 la
3441 2813 83 22 chasse

2980 2845 41 26 qui
3039 2844 32 22 lui
3089 2843 37 22 fut
3143 2843 57 22 faite
3217 2847 29 16 ne
3262 2842 43 27 put
3322 2841 50 22 être
3387 2840 95 27 rejoint.

3015 2885 115 22 Elégance
3147 2882 102 25 parfaite
3266 2882 33 20 du
3316 2882 126 22 vêtement,
3461 2884 59 15 nou-

2981 2910 141 17 •/•■"l'.'i"
3138 2909 73 10 «•-—.-
3227 2906 112 26 fiittjles
3354 2906 91 21 raisons
3461 2909 60 23 pour

2981 2924 127 26 lesquelles
3122 2928 29 16 on
3163 2928 26 17 se
3202 2923 44 22 fait
3257 2922 99 23 habiller
3368 2927 14 17 a
3390 2924 25 21 la
3428 2926 92 20 Qranae

2981 2949 123 28 Fabrique,
3120 2950 38 25 26,
3173 2954 43 17 rue
3231 2950 29 22 de
3275 2950 22 22 la
3310 2949 85 28 Vierge
3409 2950 79 22 Noire.

3005 2992 100 21 Voleurs
3119 2992 98 26 surpris.
3230 3003 28 6 —
3270 2991 75 26 Jeudi,
3358 2996 54 17 vers
3426 2991 13 21 9
3453 2991 24 21 h.
3490 2991 32 22 du

2981 3019 55 24 soir,
3060 3023 32 19 un
3115 3018 98 27 policier
3234 3018 29 21 de
3287 3018 89 24 Forest,
3397 3018 127 22 rencontra

2980 3050 42 16 rue
3036 3044 28 22 de
3078 3045 22 21 la
3114 3045 81 24 Soirle,
3210 3045 58 22 trois
3283 3043 116 23 Individus
3411 3044 112 27 porteurs

2979 3071 29 21 de
3023 3071 99 26 plaques
3137 3071 29 21 de
3181 3071 50 21 zinc
3246 3070 79 22 volées
3339 3070 59 22 dans
3414 3066 54 25 une"
3476 3070 35 21 usi-

2980 3101 29 17 ne
3029 3097 13 20 à
3061 3096 145 27 Ruysbroek.
3225 3096 28 22 Se
3272 3096 88 27 voyant
3378 3095 145 25 découverts,

2980 3123 34 22 les
3031 3123 142 21 malandrins
3189 3123 90 26 prirent
3295 3123 22 21 la
3332 3122 60 22 fuite
3408 3127 28 17 en
3452 3122 60 22 aban-

2980 3150 103 21 donnant
3106 3150 51 20 leur
3178 3148 157 27 chargement.
3357 3148 31 22 Le
3423 3148 88 27 signale-

2980 3177 64 20 ment
3058 3177 30 20 du
3103 3176 46 21 trio
3163 3180 14 17 a
3190 3180 32 22 pu
3235 3176 50 21 être
3297 3174 87 22 dressé.

2982 3210 76 20 Maeh.
3072 3209 15 22 à
3100 3209 89 21 coudre
3204 3209 104 20 SAPHIR
3323 3208 59 22 dure
3395 3208 31 22 t"
3441 3209 22 21 la
3476 3208 45 22 vie.

3005 3243 44 21 Vol
3067 3249 43 16 sur
3127 3242 125 24 l'autobus.
3268 3253 29 6 —
3312 3242 62 22 Mme
3390 3247 75 17 veuve
3483 3241 40 22 Ot-

2978 3269 48 24 bet,
3042 3269 138 22 demeurant
3198 3269 14 21 à
3229 3268 138 28 Raversyde,
3385 3268 31 25 68,
3433 3272 90 18 avenue

2980 3295 113 25 Centrale,
3112 3295 28 21 de
3161 3300 97 22 passage
3279 3295 14 21 à
3312 3294 128 26 Bruxelles,
3459 3295 63 21 avait

2980 3322 49 26 pris
3046 3322 65 26 place
3128 3326 41 16 sur
3187 3321 118 22 l'autobus
3321 3325 61 23 pour
3397 3325 26 17 se
3439 3320 83 22 rendre

2980 3349 69 21 Porte
3067 3348 29 21 de
3113 3348 95 21 Namur.
3228 3346 94 23 Arrivée
3341 3347 14 21 à
3372 3346 147 26 destination,

2980 3375 43 21 elle
3041 3375 107 20 constata
3166 3378 46 22 que
3229 3378 43 17 son
3290 3378 40 17 sac
3348 3373 14 21 à
3378 3374 71 25 main,
3467 3377 44 17 con-

2980 3401 81 21 tenant
3074 3401 13 20 6
3102 3401 68 20 livres
3185 3400 105 27 sterling,
3304 3399 39 21 400
3354 3399 31 22 îr.
3398 3404 31 17 en
3442 3396 80 25 billets

2978 3427 29 21 de
3023 3426 93 27 banque
3133 3426 87 27 belges,
3238 3430 32 17 un
3286 3420 85 27 faceA
3385 3426 63 21 main
3465 3430 57 20 ayeo

2979 3454 108 20 monture
3103 3457 27 17 or
3145 3452 24 22 et
3183 3452 92 22 sautoir
3290 3456 29 17 en
3334 3452 42 25 OrJ
3385 3456 45 17 une
3445 3451 77 27 bague

2979 3479 24 22 et
3017 3478 103 22 d'autres
3135 3478 78 27 objets
3228 3478 116 27 précieux,
3353 3478 39 22 *ui
3407 3478 63 22 avait
3484 3477 38 25 été

2978 3505 155 23 adroitement
3147 3504 122 22 subtilisée
3284 3509 43 23 par
3341 3508 33 18 im
3388 3504 69 22 filou.

3012 3538 68 22 Bière
3098 3539 83 24 d'orge
3200 3538 22 21 la
3240 3538 71 21 melll.
3331 3537 29 22 de
3380 3537 63 22 table
3463 3536 55 22 0.95

2978 3565 67 22 bout,
3062 3569 32 17 un
3111 3565 48 24 lit..
3162 3563 83 23 entier.
3261 3563 185 22 MOEREMANS
3464 3563 55 24 824,

2979 3591 39 23 ch.
3031 3591 29 22 Je
3073 3591 78 22 Mons.
3163 3590 51 23 Tél.
3229 3590 78 22 68974
3322 3589 70 24 Bout,
3405 3593 47 18 non
3466 3589 38 22 fac-

2979 3617 89 22 turées.
3160 3612 6 25 I
3443 3614 74 26 (6464

3003 3645 94 22 Cinéma
3110 3645 41 21 des
3163 3644 108 26 familles,
3283 3643 33 26 28,
3328 3648 43 18 rue
3383 3643 76 26 Roger
3471 3642 50 23 Van

2978 3671 41 22 der
3032 3671 105 27 Weyden
3154 3671 121 24 (ancienne
3290 3674 42 17 rue
3346 3669 33 22 du
3394 3668 101 26 Miroir).
3495 3680 27 6 —

2980 3697 85 22 Séance
3092 3697 192 24 extraordinaire,
3308 3695 89 22 samedi
3424 3695 26 22 13
3474 3699 32 17 no-

2978 3723 102 25 vembre,
3091 3723 14 21 à
3115 3723 14 21 8
3141 3722 22 22 h.
3175 3724 32 21 du
3219 3724 55 20 soir.
3286 3722 35 22 Au
3333 3726 154 23 programme,
3499 3721 23 22 le

2978 3754 106 17 nouveau
3109 3750 51 20 film
3182 3749 114 26 religieux
3317 3748 26 22 et
3365 3747 156 23 anti-bolche-

2978 3776 69 25 vlste,
3065 3781 47 21 que
3132 3776 54 21 tous
3205 3775 96 22 doivent
3321 3775 80 21 revoir
3419 3775 24 21 et
3462 3774 58 21 dont

2978 3803 22 20 la
3015 3807 79 22 presse
3109 3802 64 21 vient
3186 3801 28 22 de
3229 3801 60 22 faire
3303 3806 33 16 un
3349 3801 22 22 si
3385 3800 74 27 grand
3472 3799 37 22 élo-

2978 3833 34 21 ge.
3029 3828 31 21 Le
3075 3829 73 20 même
3165 3828 51 21 film
3233 3832 51 17 sera
3299 3826 84 26 donné,
3398 3825 122 23 dimanche

2978 3855 14 21 à
3004 3854 14 21 3
3031 3854 31 26 h„
3074 3854 13 21 5
3101 3853 22 22 h.
3137 3853 27 21 30
3176 3850 24 26 et
3213 3853 14 21 8
3241 3853 23 21 h.

2980 3887 84 26 Exigez
3076 3888 22 20 le
3109 3888 75 20 Sucre
3198 3886 93 21 Raffiné
3303 3886 30 22 de
3343 3885 175 22 TIRLEMONT

3002 3921 20 22 A
3034 3921 124 26 Nieuport.
3166 3931 26 5 —
3205 3921 144 20 Extradition
3363 3919 55 22 d'un
3431 3924 89 17 escroc.

2977 3948 57 21 —Le
3056 3946 131 28 comptable
3207 3946 118 27 Alphonse
3358 3945 115 25 Poublon,
3493 3944 27 22 32

2977 3978 49 21 ans,
3042 3974 65 21 vient
3122 3973 73 21 d'être
3212 3973 79 21 remis»
3300 3976 43 21 par
3358 3971 24 22 la
3398 3972 76 27 police
3490 3970 30 23 de

2978 3999 198 23 Mont-St-Martin
3202 3998 106 24 (France)
3334 4002 47 17 aux
3404 3996 115 23 autorités

2977 4026 87 26 belges.
3081 4025 20 21 Il
3119 4026 36 21 est
3173 4023 126 24 recherché
3317 4028 44 22 par
3379 4024 22 21 le
3419 4023 100 28 parquet

2977 4052 28 22 de
3025 4052 89 25 Bruges
3134 4051 31 22 du
3186 4050 55 22 chef
3259 4050 192 27 d'escroqueries,

3009 4091 118 22 CONTRE
3146 4090 37 22 LE
3201 4090 211 21 CAMBRIOLAGE
3431 4094 9 18 :
3460 4091 42 20 Ser-

2978 4123 54 15 rure
3056 4118 30 21 de
3109 4116 82 22 sûreté
3217 4122 12 15 t
3244 4117 18 21 L
3270 4117 9 21 I
3289 4117 18 21 P
3316 4117 17 21 S
3347 4121 22 22 »,
3393 4116 57 26 222,
3473 4120 45 19 rue

2978 4145 93 24 Royale,
3086 4144 131 21 Bruxellea.

3001 4178 19 21 A
3035 4178 141 20 Wvnnheiie.
3189 4188 28 7 —
3228 4176 111 23 Accident
3351 4177 86 22 d'auto.
3449 4187 28 7 —
3488 4176 31 22 M.

2977 4205 23 21 F.
3016 4205 25 21 A.
3058 4204 28 22 de
3103 4204 152 22 Couckelaere
3273 4203 89 27 passait
3377 4208 30 17 en
3424 4203 64 25 auto,
3504 4201 16 22 à

2974 4230 144 27 Wynghene,
3137 4230 80 27 quand
3237 4230 66 22 entre
3335 4229 35 22 les
3402 4228 115 22 hameaux

2976 4308 102 29 l'emploi
3098 4310 42 21 des
3160 4312 162 24 personnages
3342 4308 121 26 comiques
3483 4311 32 17 ou

2967 4339 176 27 .dramatiques,
3160 4343 14 16 a
3191 4343 28 17 su
3238 4339 97 21 trouver
3351 4338 58 21 dans
3425 4337 23 22 le
3463 4336 51 22 rôle

2975 4369 30 22 de
3022 4368 22 22 la
3060 4368 63 22 mère
3141 4368 87 21 Barent
3245 4368 42 21 des
3302 4367 96 21 accents
3415 4367 29 21 de
3462 4368 39 21 ten-

2976 4396 82 23 dresse
3073 4396 178 28 profondément
3264 4396 145 24 émouvants.
3422 4396 31 22 M.
3465 4395 52 22 Van

2976 4427 111 27 Obbergh
3101 4428 38 21 est
3152 4432 31 17 un
3197 4428 96 26 ivrogne
3307 4426 150 26 bienfaisant,
3470 4429 31 18 au-

2976 4458 51 20 tant
3047 4462 45 21 que
3112 4457 53 21 bien
3187 4457 126 24 chantant;
3333 4456 32 21 M.
3386 4456 75 27 Boyer
3481 4460 32 16 un

2973 4485 74 22 Frans
3059 4483 56 24 Krûl
3127 4476 107 36 Jovliket
3246 4485 105 27 paternel
3363 4485 24 22 et
3398 4485 30 22 M.
3440 4484 75 23 Chan-

2977 4516 74 21 traine
3070 4516 80 26 ajoute
3168 4516 56 21 f»la
3241 4515 89 27 gravité
3349 4515 33 22 du
3401 4515 53 26 père
3473 4515 32 21 Ba-

2976 4546 52 21 rent
3048 4550 27 17 sa
3095 4545 92 27 gravite
3203 4545 86 22 vocale.
3308 4546 31 20 M.
3358 4544 95 23 Raldich
3472 4545 44 21 fait

2974 4581 32 16 un
3027 4577 103 26 superbe
3152 4576 74 26 pirate
3249 4578 25 19 et
3296 4576 54 21 tous
3374 4575 35 22 les
3430 4575 82 21 autres

2975 4606 63 21 rôles
3054 4606 55 20 sont
3127 4605 70 21 tenus
3215 4606 28 20 de
3262 4606 21 20 la
3300 4604 103 22 manière
3420 4604 22 22 la
3459 4604 54 27 plus

2974 4634 170 22 satisfaisante.
3169 4634 45 21 Les
3238 4635 96 20 chœurs
3359 4635 55 21 sont
3437 4636 75 22 rares.

2957 4656 85 65 Imais,
3054 4668 90 17 comme
3156 4663 117 27 toujours,
3284 4664 169 27 parfaitement
3463 4664 38 26 sty-

2973 4692 45 23 lés.
3042 4712 6 5 .

3209 4692 107 28 Philippe
3333 4692 148 23 MOUSSET.

3535 297 10 10 •
3559 290 61 21 Ours
3634 297 9 10 •
3657 290 24 21 et
3695 296 10 11 «
3715 288 78 22 Hekke
3807 297 10 10 •
3833 293 31 16 un
3877 288 42 21 des
3933 293 72 21 pneus
4018 289 48 23 écla-

3535 318 30 19 ta.
3585 316 82 21 L'auto
3685 315 97 21 culbuta
3801 316 23 20 et
3843 314 35 21 les
3896 316 126 24 occupants
4041 316 23 22 fu-

3535 344 52 19 rent
3604 342 103 27 projetés
3723 346 42 16 sur
3781 346 31 16 un
3829 342 94 20 terrain.
3942 340 34 21 Un
3992 341 85 24 témoin

3536 369 33 21 les
3589 369 117 21 conduisit
3726 367 56 22 chez
3801 372 32 16 un
3853 367 111 21 médecin.
3986 367 33 21 Un
4036 368 41 23 des

3534 396 61 20 deux
3609 395 43 21 dut
3666 395 49 21 être
3732 393 133 27 transporté
3880 393 14 21 à
3909 398 46 17 une
3970 394 108 27 clinique.

3535 435 133 21 CREME
3702 436 70 20 RUS
3803 438 39 18 est
3872 437 78 21 cirage
3983 435 92 23 parfait.

3560 470 18 21 A
3592 469 113 22 Courtnil.
3707 480 25 5 —
3745 470 106 20 Incendie
3865 469 54 21 d'un
3935 470 102 24 magasin
4051 471 27 22 de

3536 497 39 20 lin.
3591 507 26 5 —
3634 497 33 20 l'n
3686 494 102 25 imvildie
3806 496 55 21 s'est
3877 495 91 21 déclaré
3984 495 58 21 dans
4060 498 18 21 le

3536 525 103 23 magasin
3657 523 28 21 de
3704 522 32 22 lin
3754 522 28 22 de
3799 522 30 22 M.
3847 521 86 22 Hector
3951 522 31 21 De
4000 521 77 26 Wltte.

3537 549 48 21 Une
3605 549 86 25 grande
3711 548 107 32 quantité
3838 548 28 21 de
3888 548 32 21 lin
3941 548 105 21 travaillé
4066 555 13 17 a

3535 576 37 20 été
3590 575 109 21 détruite.
3720 577 30 19 Le
3771 575 119 27 préjudice
3911 575 35 21 est
3967 574 79 22 évalué
4067 576 12 20 à

3537 601 81 23 ÎJO.OX)
3633 602 84 20 francs.

3561 628 16 20 A
3598 626 102 23 Mallnr-.
3717 638 25 5 —
3760 628 108 20 Accident
3886 628 29 20 de
3933 627 59 23 vélo.
4008 637 27 6 —
4050 628 28 22 M.

3537 654 24 21 L.
3580 654 48 21 Van
3644 655 44 20 den
3708 654 84 23 Hende,
3810 654 145 23 Instituteur,
3975 652 105 24 habitant

3536 681 12 20 à
3583 679 85 28 Duffel.
3691 681 88 25 passait
3800 680 52 21 hier
3884 680 56 23 soir,
3961 684 28 16 en
4023 679 57 27 vélo.

3536 707 113 21 chaussée
3664 707 28 22 de
3709 707 85 21 Lierre.
3809 706 46 21 Son
3871 706 125 25 pardessus
4011 708 68 24 ayant

3536 734 36 21 été
3594 733 104 21 entraîné
3721 737 41 22 par
3783 733 20 21 le
3826 733 85 26 pisnon
3931 732 28 21 de
3983 732 20 21 la
4024 736 55 18 roue

3536 760 94 23 arrière,
3648 760 20 21 le
3685 759 96 26 cycliste
3799 763 13 17 a
3829 760 36 19 été
3884 758 90 26 projeté
3989 763 43 16 sur
4049 759 31 21 les

3537 785 70 31 pavés
3622 788 23 18 et
3662 791 12 21 y
3690 787 35 20 est
3741 785 61 21 resté
3817 784 108 22 Inanimé.
3941 784 31 21 La
3988 785 91 21 vietlni-i

3537 811 89 23 blessée
3649 806 20 26 à"
3686 811 20 22 la
3729 811 90 21 bouche
3842 813 23 19 et
3888 810 21 22 la
3932 811 54 22 t-Me.
4009 815 14 17 a
4045 811 34 22 été
4101 824 6 7 .

3537 838 146 27 transportée
3698 838 12 20 à
3720 838 119 26 Uiopltal.

3536 880 58 17 Toute
3611 880 58 17 bonne
3685 878 101 22 pha'fflwcie
3802 883 47 13 v.n-
3866 878 25 18 les
3907 877 67 18 Pilules
3991 876 57 23 Vichy
4063 878 18 19 (t

3562 918 17 19 k
3593 916 104 21 Malines.
3710 926 26 6 —
3750 916 109 20 Accident
3872 915 87 21 d'auto.
3972 925 27 5 —
4011 914 30 23 M,
4055 914 25 23 E.

3536 943 91 24 Coolen,
3650 942 95 21 échevin
3768 942 29 21 de
3820 940 159 22 l'Instruction
4003 940 65 27 publi-

3536 974 52 21 que,
3602 973 13 16 a
3629 968 36 22 été
3679 968 99 23 victime,
3793 967 113 21 mercredi
3919 967 14 21 à
3946 966 62 25 midi,
4023 967 55 21 d'un

3536 994 105 22 accident
3661 993 171 22 d'aulomoblle.
3852 993 32 21 En
3904 992 133 22 traversant
4057 992 22 22 la

3537 1026 42 16 rue
3599 1021 30 21 de
3651 1020 150 26 l'Empereur,
3821 1024 28 16 en
3871 1019 50 21 face
3942 1019 29 21 de
3992 1024 27 16 sa
4039 1018 29 21 de-

3538 1052 85 19 meure,
3640 1046 14 21 Il
3671 1046 37 21 fut
3723 1045 109 22 renversé
3847 1046 24 21 et
3886 1045 74 21 traîné
3976 1049 43 17 sur
4033 1049 46 17 une

3537 1073 105 21 dislance
3660 1073 28 20 de
3707 1072 117 26 plusieurs
3843 1071 87 21 mètres
3948 1075 42 22 par
4008 1071 71 21 l'auto

3537 1098 28 22 de
3583 1099 30 21 M.
3631 1098 149 26 Goldentops,
3799 1097 103 21 boucher
3919 1097 14 21 à
3950 1096 137 27 Heyst-Op-.

3536 1125 125 25 Ilen-Berg.
3681 1124 119 21 L'échevin
3819 1128 15 16 a
3851 1123 36 21 été
3906 1128 67 16 assez
3990 1122 79 27 griève-

3538 1152 63 20 ment
3617 1151 77 20 blessé
3710 1155 30 16 au
3757 1149 58 23 côté.

3569 1189 144 22 OSTENDE.
3728 1199 32 6 —
3777 1189 98 21 HOTEL
3892 1189 188 19 PROVIDENCE

3535 1216 115 22 REQINA.
3662 1227 31 5 —
3705 1215 134 27 Chauffage
3851 1214 98 23 central.
3961 1215 48 21 Eau
4022 1220 43 15 cou-

3539 1245 73 19 rante.
3635 1242 143 22 Restaurant
3798 1243 12 20 à
3833 1242 21 21 la
3875 1242 73 21 carte.
3969 1242 112 21 Pension.

3563 1285 17 21 A
3594 1285 131 26 Jemappes.
3737 1295 27 6 —
3776 1284 110 21 Accident
3899 1284 29 21 de
3940 1284 104 25 roulage.
4058 1293 27 6 —

3537 1311 28 22 M.
3581 1312 70 26 Frise,
3666 1310 123 27 négociant
3799 1315 32 16 «n
3845 1309 123 23 mitrailles
3982 1309 13 22 à
4008 1309 75 26 Mons,

3538 1338 76 21 s'était
3634 1337 72 22 rendu
3725 1341 28 17 en
3773 1337 91 21 voiture
3883 1335 14 22 à
3914 1336 130 27 Jemappes.
4063 1335 22 22 11

3539 1366 103 20 revenait
3665 1368 51 16 vers
3737 1363 67 21 Mons
3825 1362 78 27 quand
3924 1356 99 28 soudain
4056 1368 28 15 sa

3538 1392 91 20 voiture
3645 1395 68 21 passa
3726 1395 41 15 sur
3782 1394 44 17 une
3841 1389 135 21 excavation
3990 1389 31 21 du
4036 1390 36 20 ter-

3539 1418 57 20 rain.
3615 1417 93 21 Comme
3728 1417 19 20 le
3767 1416 80 21 cheval
3867 1415 114 22 marchait
3999 1416 14 20 à
4032 1415 53 21 vive

3538 1444 81 23 allure,
3636 1443 21 21 la
3673 1444 91 20 voiture
3782 1442 27 21 fit
3827 1448 30 15 un
3873 1442 61 22 bond
3951 1444 41 24 qui
4010 1442 60 26 préci-

3539 1471 47 25 pita
3600 1469 29 22 M.
3645 1469 62 23 Frise
3720 1474 42 16 sur
3775 1470 20 20 le
3809 1463 152 32 sol.yielul-ci
3976 1468 37 22 fut
4027 1468 44 21 traî-

3539 1496 27 21 né
3587 1501 42 16 sur
3638 1501 44 16 -un
3704 1499 112 22 parcours
3836 1495 120 21 d'environ
3978 1494 105 23 soixante

3540 1522 91 22 mètres.
3654 1523 82 24 (_uaml
3762 1522 20 21 le
3806 1521 82 22 cheval
3924 1521 105 23 s'arrêta,
4053 1525 31 17 on

3539 1549 107 21 constata
3664 1553 46 22 que
3728 1548 30 21 M.
3777 1548 64 20 Frise
3859 1548 62 21 avait
3940 1551 46 17 une
4003 1548 79 25 jambe

3539 1574 80 21 cassée
3635 1575 23 20 et
3675 1574 86 27 portait
3777 1573 41 21 des
3834 1573 121 21 blessures
3972 1578 42 16 sur
4031 1574 52 20 tout

3540 1600 20 21 le
3575 1604 76 23 corps.

3538 1640 64 21 Ohlo.
3614 1641 138 23 Trappiste.
3765 1641 102 22 Vlncart,
3879 1640 44 20 fait
3935 1641 39 18 car
3976 1641 11 18 6
4001 1643 83 17 nectar

3564 1675 18 20 A
3596 1675 117 20 Cuesmes.
3725 1684 29 5 —
3767 1674 110 20 Accident
3890 1674 28 19 de
3930 1673 68 20 mine.
4013 1684 24 3 —
4053 1674 30 20 Lu

3539 1700 90 21 nommé
3651 1700 91 22 Klorian
3764 1699 93 24 Urbain,
3876 1699 27 21 30
3921 1704 49 19 ans,
3990 1699 82 21 demeu-

3541 1729 51 20 rant
3611 1731 41 17 rue
3669 1726 32 22 du
3720 1726 96 22 Chemin
3834 1726 28 21 de
3881 1726 43 24 fer,
3943 1725 13 21 à
3974 1725 112 22 Cuesmes

3539 1759 14 15 a
3568 1753 36 21 été
3621 1754 48 25 pris
3684 1757 57 16 sous
3759 1757 30 16 un
3806 1752 149 22 éboulemcnt
3970 1757 31 16 au
4018 1752 57 21 char-

3540 1779 105 26 bonnage
3661 1779 28 21 de
3707 1778 109 24 l'Erlbus.

3566 1806 30 21 Le
3620 1805 152 22 malheureux
3795 1804 119 22 houllleur
3935 1805 63 21 avait
4021 1804 65 22 cessé

3540 1833 27 20 de
3583 1833 65 20 vivre
3664 1832 79 26 quand
3759 1836 29 16 on
3805 1833 36 21 est
3857 1835 104 22 parvenu
3978 1831 13 20 à
4010 1830 19 21 le
4047 1830 27 22 dé-

3540 1863 71 21 gager
3634 1856 86 24 Urbain
3736 1858 58 21 était
3810 1857 71 22 marié
3898 1858 23 20 et
3937 1856 54 28 père
4007 1856 28 22 de
4052 1857 23 21 fa-

3541 1878 70 28 mille.

3574 1924 159 22 CONTROLE
3756 1925 119 25 SEVERE,
3898 1925 89 22 évitant
4008 1925 63 20 moin-

3543 1953 54 20 dres
3615 1952 89 27 pertes.
3724 1951 90 26 Lavage
3833 1951 25 21 et
3874 1954 129 23 repassage
4022 1950 63 26 linge

3543 1983 69 22 corps
3630 1979 25 21 et
3671 1978 99 21 maison.
3787 1977 92 26 Lavage
3896 1981 31 17 au
3945 1976 55 22 klio.
4017 1976 68 22 Prise

3543 2005 24 21 et
3587 2005 86 23 remise
3694 2006 14 19 k
3730 2003 115 22 domicile.
3868 2003 98 27 Téléph.
3989 2003 97 21 389.19.

3601 2031 171 21 Blanchisserie
3785 2030 241 21 ROUGE-CLOITRE

3737 2057 151 24 Auderghem

3539 2084 104 27 Plissage
3655 2084 62 26 linge
3730 2084 142 26 fin.Repass.
3883 2088 56 17 sans
3951 2087 61 18 cass.
4023 2083 48 21 bou-

3544 2113 60 23 lons,
3619 2116 43 21 pas
3678 2111 29 21 de
3724 2111 57 22 mat.
3796 2109 102 27 caustlq.
3913 2110 24 21 ni
3954 2109 131 22 mordants.

3566 2153 19 21 A
3600 2152 134 24 Anthisnes.
3747 2162 28 6 —
3788 2152 111 21 Accident
3914 2152 87 23 d'auto.
4016 2161 28 7 —
4058 2150 31 23 M.

3543 2180 31 25 B.,
3584 2179 104 22 d'Ouffet
3701 2178 97 32 passait,
3810 2183 28 16 en
3851 2179 64 24 auto,
3927 2178 14 20 à
3952 2177 135 26 Anthisnes,

3543 2206 93 26 lorsque
3653 2205 97 21 soudain
3768 2209 31 17 un
3816 2208 60 23 pneu
3893 2204 28 21 de
3937 2209 27 16 sa
3981 2203 108 21 machine

3543 2232 80 21 éclata.
3642 2231 19 22 Il
3680 2235 29 19 ne
3728 2230 38 22 fut
3785 2230 54 27 plus
3859 2230 83 21 maître
3959 2230 29 22 de
4007 2234 27 17 sa
4053 2229 22 22 di-

3544 2258 87 21 rection
3648 2258 23 21 et
3689 2258 72 21 l'auto
3779 2257 47 21 alla
3841 2256 100 22 démolir
3957 2256 22 22 le
3997 2257 92 20 camion

3542 2284 28 22 de
3583 2284 30 21 M.
3626 2283 110 27 Delvaux,
3750 2282 157 25 d'Anthlsnes,
3922 2282 41 27 qui
3978 2282 58 21 était
4050 2287 27 16 ar-

3543 2310 49 22 rêté
3608 2315 42 17 sur
3665 2310 22 22 la
3702 2310 76 21 route.
3795 2309 83 21 L'auto
3895 2309 134 26 poursuivit
4046 2312 42 17 son

3544 2336 98 25 chemin,
3656 2335 96 28 pénétra
3765 2335 60 22 dans
3840 2340 32 17 un
3887 2334 95 27 hangar,
3998 2334 30 21 où
4044 2334 45 22 elle

3543 2362 109 23 détruisit
3674 2367 45 17 une
3740 2362 101 22 voiture.
3862 2361 85 26 Dégâts
3970 2360 119 22 matériel»

3544 2389 147 27 Importants.

3577 2422 77 21 Grand
3666 2421 96 22 Cinéma
3772 2420 142 25 Catholique
3924 2421 43 21 de*
3979 2420 108 20 Familles

3546 2448 38 26 28,
3599 2454 21 16 r.
3637 2449 78 25 Roger
3730 2452 23 18 v.
3770 2447 24 22 d.
3811 2446 107 28 We-fden
3939 2446 50 25 (av.
4006 2445 81 25 Midi).

3545 2485 33 6 —
3595 2475 92 19 Samedi
3706 2474 40 26 13,
3763 2474 15 22 à
3795 2474 17 20 8
3831 2474 88 21 heure*
3937 2474 32 20 du
3988 2472 57 26 «olr,
4063 2472 25 21 et

3547 2502 121 21 dimanche
3684 2501 40 25 14,
3740 2500 14 22 k
3770 2500 13 21 3
3800 2500 32 25 h.,
3849 2500 14 21 5
3880 2499 24 22 h.
3922 2498 45 24 1/2
3984 2500 25 21 et
4024 2499 13 21 8
4055 2500 33 20 h.-.

3545 2528 22 21 le
3587 2527 79 22 Orand
3686 2526 95 23 Cinéma
3801 2526 42 22 des
3863 2525 109 21 Familles
3991 2524 97 23 réserve

3546 2559 29 16 en
3588 2553 107 26 surpris,
3707 2552 14 23 à
3734 2557 39 17 ses
3786 2551 105 23 abonnés
3904 2557 33 17 un
3952 2551 52 22 film
4016 2551 58 24 artis-

3546 2580 64 28 tique
3625 2578 59 23 dont
3696 2579 66 22 toute
3776 2578 23 22 la
3812 2583 83 23 presse
3908 2583 16 17 a
3936 2577 74 29 parlé.
4023 2578 67 22 C'est

3546 2612 32 16 un
3592 2606 52 22 film
3656 2606 89 27 unique
3759 2609 42 22 par
3814 2610 43 17 son
3871 2604 107 23 scénario
3993 2604 83 23 moder-

3546 2638 29 17 ne
3593 2633 25 21 et
3635 2632 99 26 original
3751 2634 59 19 clan»
3828 2631 79 27 lequel
3925 2630 165 23 s'Intercalent

3547 2660 42 21 des
3607 2659 85 22 scèifes
3709 2658 70 22 d'une
3798 2659 126 26 pulssanee
3943 2658 28 21 de
3989 2657 87 23 réalisa-

3547 2687 48 21 tion
3608 2686 40 27 qui
3661 2684 86 25 atteint
3760 2685 21 21 le
3795 2684 110 23 sublime.
4012 2683 75 26 (1057

3569 2728 18 21 A
3600 2727 103 24 Modave.
3713 2736 29 7 —
3752 2725 106 23 Terrible
3870 2725 109 22 collision
3990 2725 101 22 d'auto».

3545 2754 66 22 Jeudi
3629 2754 81 25 matin,
3727 2758 32 17 au
3777 2752 140 22 croisement
3935 2752 29 22 de
3981 2751 24 23 la
4022 2752 70 21 route

3545 2779 177 27 Modave-Liège
3737 2779 23 22 et
3774 2780 33 21 du
3822 2778 101 26 ohemln,
3937 2778 42 25 qui
3995 2777 97 22 conduit

3544 2807 28 22 de
3592 2806 65 22 Strée
3676 2805 16 22 6
3711 2804 113 26 Ramelot,
3844 2804 74 22 l'auto
3937 2804 29 22 de
3985 2804 30 22 M.
4036 2804 44 22 Fer-

3546 2833 61 22 nand
3623 2832 32 26 L.,
3670 2832 91 21 notaire
3778 2831 15 21 à
3808 2829 110 24 Flemalle
3934 2830 84 26 Haute,
4032 2830 60 22 dans

3546 2858 100 27 laquelle
3665 2858 95 22 avalent
3779 2857 50 27 pris
3849 2857 67 27 place
3935 2856 31 23 M,
3986 2856 33 24 G.,
4040 2855 39 23 étu-

3543 2885 72 24 diant,
3629 2884 30 21 de
3673 2883 189 24 Grâce-Berleur,
3877 2883 25 21 et
3916 2882 38 26 M.,
3969 2882 122 26 Ingénieur

3543 2910 29 19 rin
3590 2908 218 22 *?iér*-__i*c-Gra__-7
3824 2908 39 17 est
3879 2907 82 19 entrée
3977 2909 30 17 en
4025 2906 67 20 er/UI-

3543 2930 53 21 slon
3615 2934 57 18 aveo
3690 2929 72 22 l'auto
3780 2930 29 22 de
3827 2929 30 22 M.
3877 2929 82 22 Victor
3977 2930 33 26 P.,
4029 2935 51 17 mar-

3544 2955 75 22 chand
3635 2956 28 21 de
3679 2955 116 27 bestiaux,
3812 2955 118 22 domicilié
3948 2956 14 21 à
3978 2956 113 22 Ramelot

3545 2982 30 21 Le
3591 2981 63 22 choc-
3663 2982 39 21 fut
3715 2982 69 21 d'une
3798 2982 106 21 violence
3919 2982 62 25 telle,
3996 2986 46 23 que
4057 2983 35 22 les

3545 3007 119 22 véhicules
3680 3008 80 21 furent
3776 3007 98 22 démolis
3890 3008 24 22 et
3929 3013 26 17 se
3970 3008 110 22 renversè-

3545 3034 59 25 rent.
3625 3034 45 21 Les
3690 3034 129 27 occupants
3851 3034 82 23 furent
3964 3034 127 28 précipités

3545 3064 57 17 sous
3622 3060 34 21 les
3675 3061 78 23 autos.
3774 3060 31 22 Le
3823 3060 100 22 docteur
3941 3060 30 22 M.
3991 3061 89 27 Jacque-

3545 3087 56 24 min,
3624 3087 29 21 de
3677 3086 110 23 Flemalle
3812 3085 99 28 Grande,
3933 3087 43 27 qui
4000 3088 90 26 passait

3546 3112 154 26 précisément
3718 3112 13 21 à
3750 3117 26 17 ce
3795 3113 110 25 moment,
3924 3118 15 17 a
3955 3113 82 27 soigné
4055 3114 36 22 les

3544 3137 96 23 blessés.
3651 3138 30 22 M.
3694 3138 81 22 Victor
3786 3138 26 22 P.
3824 3139 37 21 est
3873 3138 169 23 sérieusement
4053 3140 25 21 at-

3545 3165 59 22 teint
3621 3170 47 16 aux
3685 3164 123 23 membres.
3827 3165 44 22 Lea
3889 3166 81 22 autres
3988 3171 25 16 se
4031 3166 47 27 plai-

3544 3191 71 27 gnent
3637 3192 30 21 de
3688 3191 65 22 vive»
3775 3191 113 22 douleur»
3909 3192 112 22 Interne».
4057 3192 31 22 La

3544 3217 158 27 gendarmerie
3724 3217 29 22 de
3775 3217 92 22 Vlerset
3888 3222 16 17 a
3925 3217 44 23 fait
3992 3218 23 22 la
4036 3223 43 23 pre-

3545 3243 71 22 mière
3634 3243 100 27 enquête
3753 3244 24 21 et
3794 3248 15 17 a
3826 3243 104 28 prévenu
3948 3244 22 22 le
3989 3246 100 26 parquet

3543 3270 29 22 de
3586 3269 61 28 Huy.

3577 3302 69 22 Vient
3659 3303 30 21 de
3703 3302 100 21 s'ouvrir
3817 3303 15 22 k
3847 3303 131 24 Bruxelles,
3995 3303 39 27 24,
4049 3308 37 18 av.

3546 3329 31 21 du
3594 3329 64 25 Midi,
3676 3329 36 21 LE
3728 3328 100 22 GRAND
3845 3329 227 22 HOTEL-RESTAU-

3546 3357 76 19 RANT
3640 3356 189 25 CATHOLIQUE
3849 3357 39 21 DE
3905 3356 181 27 BRUXELLES,

3545 3381 178 22 établissement
3735 3382 28 21 de
3777 3381 42 24 1er
3830 3382 79 22 ordre.
3922 3381 165 28 Organisation

3545 3413 55 17 sans
3615 3408 46 22 but
3676 3407 105 24 lucratif.

3568 3442 19 22 A
3609 3442 84 22 Menin.
3715 3452 28 7 —
3763 3441 59 23 Acte
3843 3442 30 22 de
3895 3442 141 23 banditisme
4058 3448 29 17 en

3543 3469 63 26 plein
3625 3467 63 28 four.
3708 3478 27 6 —
3767 3468 38 22 Un
3824 3468 107 24 Individu
3949 3468 30 23 de
3998 3468 28 22 30
4044 3473 43 17 an

3543 3496 96 21 environ
3656 3495 60 21 était
3733 3494 66 23 entré
3816 3494 60 22 dans
3894 3494 22 23 le
3934 3495 107 26 magasin
4058 3495 29 22 de

3544 3521 141 22 chaussures
3700 3521 29 22 de
3747 3521 29 21 M.
3794 3520 112 27 Seynave,
3923 3525 42 17 rue
3983 3521 105 27 d'Ypres,

3543 3552 56 17 sous
3611 3547 106 28 prétexte
3728 3546 119 23 d'acheter
3860 3551 46 19 un»
3916 3547 66 27 paire
3993 3548 29 22 de
4034 3547 42 22 bot-

3543 3574 67 21 tines.
3626 3573 33 22 La
3675 3573 59 25 fille,
3749 3573 55 22 Mlle
3819 3573 87 22 Berthe
3920 3572 126 28 Seynaeve,
4062 3573 27 21 20

3542 3605 49 20 ans,
3608 3600 32 22 lui
3658 3599 31 22 fit
3706 3604 94 21 essayer
3817 3599 117 27 quelques
3950 3600 85 26 paire».
4053 3600 33 21 En

3543 3626 104 25 causant,
3660 3625 22 24 le
3694 3625 83 23 bandit
3790 3626 79 26 apprit
3882 3630 47 22 que
3943 3625 34 22 les
3991 3626 97 27 parents

3542 3653 28 21 de
3583 3652 22 22 la
3616 3651 71 27 jeune
3701 3651 51 22 fille
3765 3646 87 27 étalent
3865 3651 104 26 absents.
3983 3652 20 22 Il
4016 3652 71 22 sortit

3542 3678 149 27 tout-à-coup
3711 3678 29 21 de
3761 3683 27 16 sa
3809 3677 75 28 poche
3905 3682 47 18 une
3971 3677 66 23 botte
4058 3678 28 22 de

3542 3705 88 31 poudre
3646 3703 100 23 blanche
3763 3705 24 21 et
3802 3708 30 18 en
3848 3698 51 33 Jeta
3915 3703 22 23 le
3954 3704 102 22 contenu
4072 3704 16 21 à

3543 3724 22 28 la
3578 3731 77 26 figure
3666 3730 30 23 de
3707 3730 55 22 Mlle
3774 3730 126 27 Seynaeve,
3913 3731 41 26 qui
3967 3730 120 27 aveuglée,

3542 3757 76 31 perdit
3634 3757 166 21 connaissance
3816 3757 24 21 et
3856 3755 125 23 s'affaissa.
3997 3756 32 23 Le
4045 3760 30 17 vo-

3542 3777 52 27 leur
3606 3783 106 27 disparut
3726 3782 144 27 prestement
3884 3787 57 17 aveo
3953 3782 34 22 le»
4002 3782 85 22 ohaus-

3542 3813 74 21 sures.
3634 3809 34 21 En
3686 3809 119 25 revenant,
3824 3808 35 23 le»
3877 3809 96 27 parents
3990 3808 85 23 trouvè-

3542 3836 52 21 rent
3616 3835 52 22 leur
3689 3834 51 22 fille
3761 3834 112 26 toujours
3907 3834 123 23 Inanimée.
4054 3835 31 20 La

3540 3861 88 27 Justice
3642 3861 36 22 est
3694 3861 76 22 saisie.

3606 3894 154 20 CHARBONS
3775 3895 26 20 et
3815 3893 205 22 ANTHRA0ITE8

3695 3921 30 20 de
3738 3920 103 26 premier
3853 3920 75 20 choix.

3542 3946 119 22 Livraison
3686 3946 142 23 immédiate.
3849 3945 57 22 Prix
3928 3947 155 25 avantageux.

3542 3974 72 20 Adam
3627 3972 115 27 Spiegel»,
3757 3972 103 24 16,Allée
3872 3972 81 26 Verte,
3965 3971 118 23 T.544.68

3626 4007 33 28 y»
3991 3997 88 26 (<Î792)

3565 4040 19 21 A
3609 4039 306 26 Montignies-sur-Sambre.
3938 4050 28 7 —
3989 4039 35 22 On
4047 4044 28 18 re-

3541 4068 83 20 trouve
3641 4067 61 20 deux
3720 4066 117 21 cadavres.
3853 4075 29 7 —
3910 4065 46 22 Le»
3986 4067 99 20 travaux

3540 4092 135 31 poursuivis
3690 4096 61 24 pour
3766 4091 101 27 dégager
3882 4091 35 23 le»
3931 4091 110 22 victimes
4055 4091 30 23 de

3541 4118 121 23 l'accident
3677 4123 49 22 que
3740 4118 23 22 la
3778 4125 11 11 «
3805 4118 86 21 Nation
3905 4117 71 27 Belge
3991 4124 11 12 »
4019 4122 15 17 a
4048 4122 25 17 re-

3540 4144 47 23 laté
3602 4149 29 17 en
3647 4149 44 17 son
3707 4145 83 24 temps,
3806 4144 42 21 ont
3863 4143 66 23 enfin
3944 4143 90 23 abouti.
4050 4142 35 23 On

3540 4176 15 17 a
3569 4170 105 23 remonté
3690 4175 43 21 un,
3736 4170 55 22 bloc
3806 4170 28 22 de
3850 4169 80 26 béton,
3944 4170 42 27 qui
4001 4174 16 17 a
4032 4174 43 22 per-

3540 4197 44 22 mis
3600 4197 29 22 de
3644 4196 125 24 découvrir
3785 4196 34 22 les
3834 4200 71 23 corps
3919 4196 50 21 des.
3977 4196 106 21 ouvriers

3539 4222 70 23 Henri
3630 4222 50 22 Van
3701 4221 189 27 Cauwenberghe
3922 4222 25 21 et
3978 4221 106 27 Auguste

3539 4248 95 28 Aubecq
3645 4249 27 21 «t
3685 4249 29 21 de
3728 4248 35 25 les
3776 4249 126 22 remonter.
3915 4247 45 22 Les
3974 4247 109 22 cadavres

3539 4274 88 23 étalent
3648 4273 55 23 bien
3725 4273 124 23 conservés
3871 4273 25 23 et
3918 4272 165 29 parfaitement

3540 4297 209 26 reconnalssables.

3564 4333 50 22 Une
3630 4333 122 27 explosion
3780 4332 16 23 i
3824 4332 59 22 bord
3913 4333 54 20 d'un
3998 4331 84 23 bateau

3540 4360 76 22 blesse
3630 4359 144 28 grièvement
3786 4359 37 21 six
3836 4363 130 20 personnes
3979 4357 15 22 à
4008 4357 75 22 Abbe-

3540 4387 61 22 ville.
3615 4396 28 6 —
3656 4385 31 22 Le
3701 4385 86 22 bateau
3802 4389 14 14 «'
3828 4384 68 22 Etaln
3911 4391 19 18 >,
3942 4384 96 22 servant
4052 4386 31 18 au

3539 4412 121 26 transport
3680 4411 29 22 de
3731 4412 81 25 galets,
3834 4410 58 22 était
3912 4410 99 25 amarré,
4032 4408 51 23 hier

3539 4437 136 28 après-midi
3689 4437 59 22 dans
3764 4437 22 22 le
3801 4437 55 26 port
3870 4435 151 23 d'Abbevllle.
4038 4435 44 22 Par

3539 4464 63 22 suite
3616 4464 56 21 d'an
3689 4463 81 22 retour
3785 4462 29 22 de
3830 4462 96 22 flamme
3942 4463 32 21 du
3990 4462 92 21 moteur

3540 4495 44 17 une
3598 4489 113 22 bouteille
3724 4488 128 27 d'oxygène
3865 4488 30 22 fit
3909 4488 128 27 explosion.
4050 4486 31 22 L»

3539 4516 58 27 pont
3613 4517 31 19 du
3662 4516 79 21 navire
3758 4515 69 21 sauta
3842 4515 24 22 et
3882 4514 35 22 les
3934 4515 37 21 six
3987 4517 83 24 person-

3539 4547 41 17 nes
3593 4542 41 27 qui
3646 4542 88 21 étaient
3746 4540 15 22 à
3773 4540 59 22 bord
3845 4540 82 22 furent
3939 4539 141 27 grièvement

3539 4568 108 21 blessées.
3664 4566 146 28 L'explosion
3826 4572 15 16 a
3855 4566 89 22 détruit
3960 4567 34 21 les
4010 4566 70 22 vitres

3538 4594 29 21 de
3585 4595 79 20 toutes
3683 4593 34 22 les
3734 4589 105 26 maisons
3855 4593 104 21 voisines
3977 4592 33 21 du
4029 4591 50 27 port

3539 4620 24 21 et
3576 4620 42 21 des
3632 4619 79 21 débris
3725 4619 33 22 du
3772 4620 58 25 pont
3844 4618 28 22 de
3887 4618 27 22 l'«
3930 4618 69 22 Etaln
4014 4625 10 11 •
4040 4615 39 23 ont

3538 4645 38 22 été
3595 4645 123 22 retrouvés
3737 4645 15 23 à
3770 4644 28 22 80
3817 4644 87 22 mètres
3922 4644 30 22 de
3969 4644 110 22 distance.

3539 4671 130 22 L'incendie
3691 4671 41 27 qui
3754 4671 64 21 avait
3839 4670 74 22 éclaté
3935 4669 15 22 à
3969 4669 59 23 bord
4047 4668 32 22 do

3538 4697 85 22 bateau
3638 4702 15 17 a
3668 4700 32 24 pu
3716 4697 51 22 être
3782 4695 112 23 maîtrisé.

128 4792 32 24 ii
180 4800 14 13 n
203 4791 95 25 Nation
312 4792 78 30 Belge
399 4801 14 13 »
432 4793 36 24 du
485 4793 31 24 13
532 4792 141 25 novembre
690 4793 70 28 1826-

131 4853 73 82 Les
217 4854 218 82 Souvenirs
454 4854 91 83 d'un
564 4853 191 86 Revuiste

240 4969 75 40 PAR
339 4968 153 41 GEORGE
515 4970 143 41 GARNIR

155 5083 38 25 De
204 5083 85 26 Gunst
301 5084 41 24 est
352 5090 39 18 un
402 5084 63 29 type
477 5089 149 20 savoureux
637 5086 32 24 de
680 5086 81 25 vieux

128 5112 156 25 Bruxellois.
304 5112 64 24 Plus
387 5112 77 24 d'une
483 5112 62 29 fois,
563 5113 116 30 pendant
696 5114 65 30 qu'il

127 5142 126 30 dirigeait
268 5143 25 23 la
306 5141 82 28 Scala,
401 5142 27 30 je
443 5141 202 31 l'accompagnai
658 5142 17 25 &
686 5143 76 25 Paris

128 5171 57 25 afin
200 5172 43 30 d'y
256 5171 141 25 découvrir
409 5171 46 25 des
470 5171 159 31 interprètes
642 5178 69 22 pour
723 5172 39 25 les

127 5206 96 20 ravues
244 5201 78 30 qu'en
344 5201 189 24 collaboration
555 5206 64 19 aveo
638 5201 48 24 Ed.
698 5201 64 24 -De-

127 5230 110 25 xvattine
254 5236 34 19 ou
304 5230 115 27 Georges
436 5230 129 29 Hauzeur,
580 5229 30 31 je
624 5230 139 31 préparais

130 5265 67 25 pour
218 5266 48 19 son
289 5260 110 24 théâtre.
421 5259 72 25 Mous
515 5259 103 28 allions,
640 5259 64 25 chez
723 5259 40 25 tes

128 5289 91 30 agents
233 5289 179 30 dramatiques
426 5290 28 24 et
466 5289 66 25 dans
546 5290 39 24 les
598 5289 119 25 théâtres
730 5289 32 24 de

128 5324 87 24 tenre,
226 5319 60 24 voir
295 5319 28 24 et
333 5319 125 25 entendre
468 5320 47 24 des
525 5319 116 25 artistes.
653 5318 21 25 Il
685 5318 59 25 solli-

128 5347 78 24 citait
223 5367 16 5 _
255 5348 69 25 celte
341 5349 121 24 occasion
478 5355 56 18 mes
550 5348 114 25 conseils
679 5348 69 25 éclai-

129 5375 52 24 rés.
197 5376 67 24 Mais
280 5378 130 30 pourquoi
428 5378 143 26 demander
586 5379 46 24 des
649 5378 113 25 conseils

130 5405 23 22 M
171 5404 62 25 c'est
249 5412 68 23 pour
331 5407 39 24 les
385 5407 108 25 suivre?
507 5408 80 24 Aussi
604 5413 33 19 ne
652 5407 109 25 faisait-

131 5432 18 23 il
171 5438 86 20 aucun
275 5440 44 18 cas
338 5435 33 25 de
390 5442 62 19 mon
470 5436 117 31 opinion,
604 5437 30 30 j'e
651 5437 27 25 le
696 5443 65 25 pro,-

130 5461 83 24 olame
228 5461 17 24 à
259 5463 26 23 la
300 5463 59 25 face
373 5464 37 25 du
425 5465 62 26 ciell

164 5495 39 25 De
218 5496 58 29 fait,
292 5498 19 24 il
326 5500 73 23 avait
412 5506 38 18 un
463 5501 54 25 bon
530 5509 60 18 sens
603 5504 98 30 peuple
714 5504 46 30 qui

132 5525 40 23 lui
191 5525 92 25 faisait
300 5528 94 26 mettre
412 5531 112 25 souvent
541 5532 65 24 dans
624 5532 26 26 le
668 5534 73 25 mille
753 5540 9 19 :

132 5553 21 24 il
182 5555 85 23 savait
294 5560 30 19 ce
351 5557 64 33 qu'il
442 5558 88 26 fallait
549 5560 17 25 à
584 5567 50 19 son
651 5563 90 29 public
753 5569 8 19 :

137 5590 14 13 «
168 5583 91 26 Quand
282 5584 52 24 moi
356 5590 28 24 je
406 5586 82 30 rigole
511 5594 32 18 en
566 5589 122 27 écoutant
708 5598 53 19 une

131 5612 75 30 pièce
227 5618 34 20 ou
282 5618 32 19 en
333 5615 98 28 voyant
450 5621 36 19 un
506 5618 101 29 artiste,
629 5620 24 24 le
672 5621 89 29 public

132 5641 83 30 rigole
238 5642 73 25 aussi
323 5648 8 21 :
354 5649 31 20 ca
406 5643 68 26 n'est
494 5650 49 26 pas
564 5647 61 30 plus
647 5649 114 26 difficile

131 5675 52 27 que
203 5670 43 32 çal
265 5680 13 13 »

824 4792 40 24 Et.
882 4791 56 24 fort
953 4791 33 24 de
1002 4797 30 19 ce
1047 4791 146 29 critérium,
1210 4792 19 24 il
1246 4792 179 25 administrait

790 4826 42 19 ses
854 4820 110 26 affaires
985 4826 64 19 aveo
1070 4826 111 23 sagesse.

824 4849 53 26 Ahl
901 4850 19 24 il
944 4849 69 25 m'en
1035 4855 17 18 a
1074 4849 73 28 collé,
1170 4849 46 25 des
1237 4850 189 30 phénomènes^

789 4884 211 25 crueucs-rouges
1010 4878 123 26 couturés
1141 4878 32 25 de
1181 4879 136 29 grimaces,
1327 4886 99 19 comme

793 4914 46 19 oes
868 4909 172 29 chimpanzés,
1071 4908 132 24 matrones
1232 4909 16 23 à
1267 4909 27 24 la
1313 4910 63 23 voix
1394 4910 32 23 de

793 4944 140 29 roçomme,
962 4938 97 28 petites
1088 4937 111 25 femmes
1228 4938 64 24 dont
1312 4939 114 30 l'organe

792 4968 94 52 Fointu
899 4973 29 19 se
941 4967 133 25 déversait
1087 4973 100 18 comme
1200 4967 35 24 du
1247 4967 120 30 vinaigre
1380 4974 47 18 sur

811 4997 142 25 onctueuse
976 4997 89 24 salade
1087 4997 32 24 de
1141 4996 159 28 l'orchestre,
1322 4997 105 24 diseurs

794 5027 45 29 qui
854 5026 185 25 bafouillaient
1054 5032 33 18 en
1101 5025 81 28 sabir,
1196 5032 103 18 comme
1311 5026 32 24 de
1359 5027 50 24 sim-

792 5055 58 31 ples
865 5055 111 31 députés
991 5055 47 25 des
1052 5055 135 28 Flandres,
1204 5055 155 24 débutantes
1375 5061 52 19 aux

793 5085 101 24 cuisses
915 5085 123 29 joyeuses
1060 5086 27 23 et
1109 5091 53 18 aux
1182 5085 87 29 gestes
1289 5084 137 25 funèbres!

794 5113 40 25 On
852 5114 45 24 les'
908 5114 134 26 chauffait
1060 5120 53 18 aux
1129 5114 169 31 répétitions;
1317 5120 33 18 on
1368 5115 60 24 leur

795 5142 146 30 fabriquait
969 5150 38 18 un
1040 5152 14 13 «
1063 5143 93 31 poème
1165 5152 14 13 n
1211 5143 153 31 approprié;
1392 5149 35 19 on

794 5172 135 25 cherchait
945 5172 17 25 à
977 5173 107 24 utiliser
1101 5174 72 24 leurs
1189 5173 106 25 défauts
1312 5173 115 24 certains

794 5200 87 30 plutôt
896 5208 51 23 que
963 5203 71 24 leurs
1051 5203 113 28 qualités
1179 5202 247 32 problématiques...

828 5230 50 24 Car
891 5243 35 6 —
941 5230 215 26 heureusement!
1172 5245 35 6 —
1224 5233 25 24 la
1265 5232 74 25 Scala
1355 5231 73 25 avait

795 5264 99 19 tomme
909 5259 133 31 régisseur
1055 5261 93 25 Alfred
1161 5262 106 29 Jacque.
1282 5262 31 24 de
1327 5263 45 28 qui
1389 5262 38 24 les

798 5288 193 29 exceptionnels
1004 5290 96 24 talents
1113 5291 32 24 de
1157 5291 135 27 régisseur
1304 5291 126 25 n'étaient

797 5322 49 24 pas
864 5317 54 25 loin
936 5318 32 24 de
985 5319 86 24 valoir
1088 5320 39 24 les
1145 5321 96 24 talents
1259 5321 33 24 de
1308 5321 121 34 comique

799 5346 27 23 et
837 5346 54 30 qui,
904 5346 123 30 toujours
1038 5348 217 26 s'accommodant
1266 5350 32 24 de
1310 5356 30 19 ce
1351 5356 36 25 qu
1396 5356 34 18 on

799 5374 38 25 lui
857 5375 115 28 donnait,
993 5377 150 25 entratnant
1161 5379 59 24 tout
1238 5379 25 24 le
1282 5380 94 24 monde
1394 5386 35 18 au

797 5404 96 25 travail
907 5410 49 25 par
968 5410 48 19 son
1028 5408 118 28 exemple
1157 5409 147 28 personnel,
1317 5409 112 25 arrivait

798 5441 16 17 a
827 5433 69 25 faire
910 5433 77 25 d'une
1000 5435 95 30 troupe
1108 5435 118 27 d'ahuris
1239 5439 27 23 et
1279 5438 150 30 d'empotés,

797 5469 53 19 une
865 5463 96 31 troupe
977 5463 144 30 homogène
1137 5465 27 24 et
1179 5465 62 26 bien
1256 5467 91 30 stylée.

1087 5500 45 29 '.V

830 5536 156 30 Cependant,
999 5536 64 25 titre
1077 5536 180 30 impérissable
1269 5538 17 25 &
1296 5540 27 24 la
1334 5546 79 19 recon-

793 5566 138 25 naissance
948 5567 47 24 des
1012 5567 148 24 Bruxellois
1178 5568 33 24 de
1228 5567 27 25 la
1270 5569 65 25 ville
1351 5570 77 24 basse

795 5607 36 7 —
844 5595 28 24 et
886 5595 84 25 même
984 5595 33 25 de
1032 5597 26 23 la
1070 5596 66 24 ville
1149 5595 82 25 haute
1242 5609 36 6 —
1290 5603 30 18 ce
1334 5598 43 24 fut
1389 5599 40 24 De

796 5623 86 27 Gunst
897 5625 27 24 et
937 5630 53 19 non
1003 5625 99 29 Jacque
1116 5625 47 29 qui
1178 5625 107 25 inventa
1297 5619 131 37 Deltenre,

797 5653 76 25 notre
893 5653 133 25 nationale
1046 5648 132 31 Deltenre.

770 5692 24 29 \
813 5714 5 10 ,
830 5682 24 30 fi
877 5683 97 29 Sembla
997 5689 54 26 .qua
1073 5684 125 29 P_U.nr§
1223 5685 52 29 50.it
1296 5686 95 31 passée
1414 5686 16 26 à

1459 4792 73 25 l'état
1556 4793 180 24 d'institution
1759 4792 167 30 bruxelloise;
1950 4793 139 24 d'élément

1458 4822 123 24 tssentiel
1603 4823 27 23 et
1650 4823 155 29 permanent
1826 4823 31 24 de
1857 4846 14 11 c
1878 4823 27 24 la
1924 4823 45 24 vie
1988 4823 32 26 de
2041 4829 48 18 nos

1458 4851 82 29 petits
1560 4851 126 25 théâtres.
1705 4846 166 35 Infatigable"
1880 4852 45 24 des
1943 4852 102 30 jambes
2064 4853 36 27 et,

1459 4880 35 24 du
1515 4881 95 29 gosier,
1630 4881 125 24 Deltenre
1775 4881 97 25 débuta
1891 4882 19 23 il
1930 4888 18 24 y
1968 4888 17 18 a
2004 4882 86 24 trente

1458 4915 48 19 ans
1519 4916 48 21 rue
1581 4911 46 23 des
1640 4911 141 28 Bouchers,
1796 4917 35 18 au
1844 4911 135 24 Panthéon
1992 4912 27 23 et
2032 4918 16 18 a
2061 4917 30 19 sa

1459 4940 149 24 succursale
1620 4940 32 24 de
1666 4940 25 24 la
1705 4940 68 24 foire
1786 4940 34 25 du
1834 4940 71 26 Midi.
1917 4941 39 24 De
1968 4941 85 24 Gunst
2065 4942 25 23 ia

1460 4968 134 25 découvrit
1607 4975 33 18 au
1654 4969 93 25 défunt
1759 4970 94 24 Casino
1865 4970 32 24 de
1908 4970 27 24 la
1945 4971 101 23 Bourse
2058 4971 32 24 de

1459 4997 25 24 :a
1502 5004 49 18 rue
1568 4998 74 24 Jules
1659 4999 58 23 Van
1734 4999 86 28 Praet,
1838 5000 27 23 et
1882 4999 132 31 l'engagea
2031 5000 16 24 à
2064 5001 26 24 la

1460 5025 75 25 Scala
1546 5033 8 17 :
1577 5027 89 25 c'était
1688 5033 32 19 en
1744 5029 71 23 1900.
1837 5028 96 25 Esther
1954 5035 18 23 y
1994 5029 96 25 débuta

1459 5055 65 24 dans
1538 5062 52 18 une
1605 5057 32 23 de
1651 5063 56 18 mes
1721 5063 94 18 revues
1827 5064 8 17 :
1851 5058 48 24 Les
1914 5058 176 25 Chinoiseries

1458 5084 33 23 de
1505 5085 114 27 l'année;
1631 5086 113 24 habillée
1758 5087 62 23 d'un
1834 5088 94 29 simple
1943 5088 102 24 maillot
2055 5088 35 24 de

1459 5113 62 25 bain
1535 5114 34 23 où
1584 5115 139 24 s'accusait
1736 5115 24 24 le
1775 5113 102 28 modelé
1889 5117 32 24 de
1935 5123 43 18 ses
1991 5117 99 25 formes

1459 5142 216 29 rondouillardes,
1696 5144 49 24 elle
1764 5151 18 23 y
1802 5145 96 24 chanta
1917 5146 48 23 375
1985 5146 53 24 fois
2056 5160 34 5 —

1459 5177 46 19 car
1522 5172 50 24 elle
1589 5173 24 26 le
1630 5173 80 24 trissa
1725 5174 116 29 pendant
1858 5176 46 22 125
1922 5176 152 29 représenta-

1459 5202 71 23 tions
1550 5214 34 5 —
1603 5207 30 18 ce
1653 5203 101 24 refrain
1774 5209 116 23 canaque
1901 5210 9 18 :

1603 5244 83 25 Quand
1700 5246 65 21 vient
1779 5246 23 21 le
1817 5248 99 25 printaâ.
1954 5254 11 6 -

1603 5270 58 22 Rien
1680 5271 60 22 n'est
1759 5272 55 26 plus
1834 5274 65 21 tâtâi

1606 5296 49 26 Que
1673 5297 59 22 dans
1750 5298 76 22 l'onde
1844 5304 60 22 pure

1607 5323 65 22 Aller
1686 5324 65 22 melt'
1766 5329 28 17 sa
1809 5325 101 26 figure..

1497 5368 58 24 Elle
1570 5367 43 24 fut
1628 5367 111 28 ensuite,
1755 5367 65 24 dans
1834 5373 52 18 une
1900 5368 108 29 parodie
2023 5369 33 24 de
2070 5369 26 24 la

1465 5397 122 24 Bohème,
1599 5397 79 29 jouée
1692 5397 16 24 à
1721 5397 68 23 cette
1803 5396 84 24 même
1901 5397 82 28 Scala,
1998 5399 25 22 la
2035 5398 61 30 plus

1465 5426 169 25 ahurissante
1644 5426 73 24 Mimi
1729 5431 52 24 que
1791 5426 105 29 Mûrger
1906 5426 46 27 eût
1960 5433 37 24 pu
2007 5427 89 28 rêver;

1464 5456 88 29 quand
1583 5456 50 24 elle
1662 5455 98 25 serrait
1789 5456 90 23 conlre
1909 5461 48 19 son
1978 5462 73 18 cceur
2071 5457 25 24 le

1468 5493 21 13 «.
1498 5485 114 25 roàchon
1627 5493 44 16 »...
1693 5485 34 24 de
1748 5484 47 24 bec
1817 5486 72 22 Auer
1911 5491 51 23 que
1985 5486 112 24 Musette

1465 5515 73 24 avait
1559 5514 42 24 été
1623 5514 38 24 lui
1683 5513 126 25 chercher
1830 5515 27 23 et
1877 5514 79 29 qu'au
1979 5515 117 24 médecin

1464 5544 47 29 qui
1543 5544 81 24 disait
1654 5544 16 24 à
1700 5541 152 32 Rodolphe':
1887 5553 12 11 «
1918 5544 57 25 Elle
2004 5550 17 18 a
2049 5545 47 24 des

1465 5572 117 30 aphtes...
1599 5582 25 19 »,
1639 5573 50 24 elle
1703 5573 158 35 répondait:
1879 5580 12 11 •
1907 5573 39 24 Aâ
1960 5574 94 24 smoel!
2070 5583 25 19 »,

1466 5602 49 24 elle
1543 5602 139 27 atteignait
1711 5602 38 24 les
1777 5603 81 23 cimes
1887 5602 35 25 du
1942 5603 153 31 pathétique

1466 5631 262 30 lyrico-dramalique
1749 5632 144 24 marollien.

1497 5661 58 24 Elle
1572 5661 44 24 fut
1632 5661 217 25 successivement
1870 5662 25 23 la
1912 5663 184 29 pensionnaire

1465 5688 34 33 dg
1511 5690 113 31 Fonson,
1639 5690 33 25 de
1686 5690 141 31 Wieheler,
1842 5691 32 29 dg
1887 5691 162 33 Malpertuis,
2063 5693 32 24 de

2124 4790 129 28 Volterra,
2282 4790 32 25 de
2341 4791 114 29 Berryer
2466 4797 8 18 :
2503 4791 19 24 il
2550 4792 68 24 n'est
2644 4798 48 24 pas
2717 4798 38 19 un

2126 4819 103 25 théâtre
2247 4820 32 24 de
2297 4826 86 24 genre,
2403 4821 14 23 à
2435 4821 136 24 Bruxelles
2589 4827 35 18 ou
2642 4828 33 17 en
2691 4828 48 24 pro-

2125 4849 84 28 vince,
2227 4850 63 23 dont
2307 4850 49 23 elle
2373 4850 66 23 n'ait
2456 4850 51 24 fait
2524 4850 37 24 les
2577 4850 85 25 beaux
2678 4851 78 25 soirs.

2158 4878 34 24 Sa
2205 4879 75 24 santé
2293 4879 195 30 copieusement
2501 4879 130 25 flamande
2644 4880 112 25 s'enivre

2125 4908 187 29 positivement
2329 4908 32 24 de
2380 4909 25 23 la
2423 4908 77 24 scène
2511 4914 9 18 :
2538 4909 50 24 elle
2607 4909 148 30 improvise,

2126 4943 62 18 avec
2200 4943 51 18 une
2263 4943 79 19 verve
2354 4938 32 23 dé
2397 4937 132 30 possédée,
2541 4944 42 18 ses
2595 4939 161 24 intonations

2126 4966 27 24 et
2168 4972 43 18 ses
2226 4968 97 28 gestes;
2330 4967 59 24 .elle
2397 4967 45 27 *it
2456 4968 27 23 et
2498 4967 92 30 pleure
2605 4974 99 19 comme
2720 4968 35 24 rit

2126 4997 28 22 et
2169 4995 92 30 pleure
2278 5002 38 18 un
2332 4996 92 24 enfant
2435 5002 21 19 :-
2460 4997 76 27 telle,-
2545 4995 52 26 elle
2615 5004 17 18 a
2647 4997 109 30 conquis

2126 5024 25 24 le
2170 5025 89 29 public
2279 5025 45 24 des
2343 5026 82 28 petits
2444 5026 118 24 théâtres
2581 5027 27 23 et
2628 5027 79 29 garde
2726 5033 30 17 sa

2126 5054 134 29 conquête.
2275 5054 158 30 Longtemps
2449 5061 95 18 encore
2557 5061 30 18 sa
2601 5056 62 23 voix
2677 5056 62 29 puis-

2126 5079 74 28 sante
2215 5083 32 24 de
2264 5083 128 24 contralto
2407 5096 35 6 —
2454 5087 60 21 une'
2523 5085 63 23 voix
2601 5085 44 28 qui
2664 5085 51 24 fait
2732 5085 23 24 le

2126 5112 136 30 désespoir
2279 5112 46 24 des
2344 5112 75 24 chefs
2437 5113 160 25 d'orchestre
2616 5115 86 28 quand
2722 5115 33 23 ils

2126 5141 107 24 t'oivènt
2254 5143 26 23 la
2302 5141 82 24 mêler
2405 5141 17 24 à
2442 5142 116 24 d'autres
2579 5143 62 24 voix
2661 5156 35 6 —
2717 5144 37 23 lui

2126 5176 129 22 assurera,
2279 5171 93 24 autant
2393 5177 54 22 que
2468 5177 31 18 sa
2521 5172 115 23 rondeur
2659 5173 26 23 et
2708 5178 46 18 son

2125 5199 69 25 éc'at
2216 5200 32 24 de
2270 5200 56 27 rire
2348 5201 63 23 dont
2434 5200 49 24 elle
2506 5201 106 24 connaît
2633 5201 27 24 la
2683 5201 71 25 force

2124 5229 172 30 contagieuse,
2312 5231 27 23 la
2354 5230 105 24 vedette
2466 5235 55 19 -sur
2536 5230 39 24 les
2591 5230 114 25 affiches
2722 5233 32 22 de

2121 5263 93 18 Tevue.
2230 5258 36 24 Et
2282 5264 63 18 avec
2360 5259 50 23 elle
2427 5259 160 29 disparaîtra
2602 5265 36 17 un
2656 5259 98 30 unique

2126 5287 166 30 exemplaire,
2303 5293 46 18 car
2359 5288 25 23 le
2394 5288 119 28 comique
2524 5287 110 25 féminin
2646 5289 41 23 est
2695 5293 60 20 rare

2126 5322 16 17 a
2155 5316 25 23 la
2191 5316 79 24 scène
2280 5323 8 17 :
2301 5317 20 23 il
2334 5317 41 23 n'a
2387 5323 48 24 pas
2447 5318 32 23 de
2492 5315 84 31 règles
2589 5318 27 23 et
2626 5318 33 23 de
2669 5318 68 24 tradi-

2127 5345 70 24 tions
2216 5351 101 18 comme
2335 5346 26 24 le
2381 5347 120 29 comique
2520 5346 47 24 des
2587 5346 128 28 hommes;
2737 5347 19 24 il

2127 5374 84 24 existe
2225 5374 65 25 dans
2305 5375 26 24 le
2344 5375 190 30 tempérament
2548 5376 84 26 même
2646 5376 33 24 de
2695 5377 48 23 l'ar-

2127 5403 75 28 tiste;
2220 5404 20 23 il
2258 5409 35 19 ne
2310 5404 88 24 relève
2416 5410 52 23 que
2485 5405 33 24 de
2536 5405 27 23 la
2579 5405 177 30 personnalité

2127 5433 77 28 qu'on
2218 5433 38 24 lui
2271 5433 57 23 voit
2342 5433 16 24 à
2372 5434 26 24 la
2410 5433 64 25 ville
2489 5434 28 24 et
2529 5439 52 19 non
2594 5434 63 24 d'un
2670 5435 72 24 ensei-

2127 5462 129 26 gnement.

2415 5491 31 15 r*
2453 5492 9 9 *

2161 5519 134 25 Comment
2317 5526 34 19 ne
2375 5526 48 24 p_s
2446 5521 95 30 parler,
2567 5521 16 24 k
2605 5527 97 25 propos
2725 5522 31 24 de

2126 5548 131 28 Deltenre,
2277 5549 32 24 de
2327 5549 112 30 Georges
2459 5550 121 24 Hauzeur
2597 5551 46 29 qui
2663 5551 91 24 écrivit

2127 5583 69 24 pour
2210 5578 50 24 elle
2276 5578 46 24 des
2338 5579 133 24 centaines
2486 5579 32 24 de
2534 5581 118 28 couplets
2668 5581 26 23 et
2710 5581 44 29 qui

2127 5607 156 23 s'entendait
2309 5608 89 23 mieux
2424 5614 51 23 que
2501 5614 137 24 personne,
2657 5609 16 24 à
2692 5610 63 24 tirer

2128 5636 75 23 d'elle
2222 5636 25 23 la
2267 5635 113 25 drôlerie
2399 5636 31 24 de
2451 5637 97 24 terroir
2566 5638 63 24 dont
2648 5639 49 24 elle
2717 5639 37 24 esl

2129 5665 98 23 larcie?

2162 5694 119 24 Hauzeur
2310 5693 44 26 fut
2382 5700 36 20 un
2447 5694 32 26 de
2507 5701 56 20 mes
2590 5696 62 30 plus
2680 5697 75 28 çhers

2788 4795 214 27 collaborateurs;
3018 4801 53 18 une
3088 4795 152 27 inaltérable
3256 4795 160 34 équanimité

2788 4823 154 30 équilibrait
2972 4830 30 18 sa
3032 4826 44 23 vie
3106 4824 130 24 d'homme
3267 4824 91 24 timide
3389 4825 26 23 el

2788 4853 204 25 consciencieux:
3011 4853 21 25 Il
3053 4855 40 23 est
3112 4855 70 23 mort
3199 4854 17 23 à
3234 4854 31 23 47
3284 4859 56 18 ans.
3360 4854 20 24 U
3400 4859 14 18 a

2789 4883 116 23 traverse
2914 4883 84 24 lavié
3004 4885 99 22 Comme
3113 4889 37 18 un
3160 4881 254 32 speclateuramusé,

2788 4911 45 30 qui
2849 4912 86 24 sourit
2947 4912 17 25 à
2978 4913 61 29 part
3050 4912 39 24 lui
3105 4912 45 24 des
3158 4911 147 30 -agitations
3318 4911 36 25 où
3367 4917 47 19 nos

2788 4947 128 17 cerveaux
2935 4942 27 23 et
2981 4947 47 18 nos
3047 4947 85 18 cœurs
3150 4947 29 18 se
3198 4941 134 24 débattent
3350 4947 65 24 pour

2788 4975 33 18 t-e
2831 4970 91 24 vaines
2933 4970 140 24 ambitions
3083 4983 35 5 —
3128 4977 45 17 car
3183 4971 87 24 toutes
3281 4971 38 23 les
3329 4970 68 24 ambi-

2789 4999 69 23 tions
2880 4999 62 24 sont
2964 5000 110 24 vaines:
3098 5000 60 29 plus
3181 5000 59 24 leur
3263 4999 151 25 réalisation

2788 5028 137 28 s'affirme,
2943 5029 67 29 plus'
3024 5030 57 23 leur
3099 5029 89 24 vanité
3205 5029 129 30 apparaît

2821 5057 92 25 C'était
2927 5064 37 17 un
2976 5058 156 30 philosophe
3145 5059 59 23 tout
3217 5058 32 24 de
3262 5059 115 23 douceur
3389 5058 25 24 el
3425 5078 3 5 .

2788 5092 112 24 presque
2924 5087 32 24 de
2980 5087 168 30 résignation,
3173 5087 138 24 sacrifiant
3335 5088 16 23 à
3373 5092 42 19 ses

2787 5115 119 30 proches,
2923 5116 17 24 à
2956 5122 46 18 son
3021 5117 100 25 métier,
3139 5117 25 23 la
3182 5122 97 24 pauvre
3294 5116 55 30 joie
3364 5122 51 24 que

2788 5144 83 25 donne
2893 5151 53 18 aux
2969 5146 116 24 hommes
3106 5146 33 24 de
3161 5146 89 24 lettres
3272 5146 25 24 le
3317 5145 90 25 succès

2788 5174 70 24 Nous
2888 5180 81 18 avons
2998 5175 81 29 pensé
3108 5174 60 25 bien
3198 5175 118 27 souvent,
3337 5181 33 19 en
3391 5175 24 24 le

2785 5205 97 28 voyant
2903 5204 75 24 vivre
3001 5210 63 19 avec
3087 5211 52 18 une
3162 5204 77 25 molle
3260 5204 154 30 indulgence

2788 5233 26 22 et
2837 5238 52 18 une
2912 5233 126 25 curiosité
3062 5233 132 24 satisfaite
3217 5233 129 24 d'homme
3368 5233 45 29 qui

2787 5261 185 24 s'accommode
2986 5262 31 24 de
3032 5263 66 27 tout,
3112 5262 17 24 à
3142 5268 43 18 ces
3198 5262 65 24 bons
3277 5262 138 30 bourgeois

2788 5290 46 29 qui
2846 5296 14 17 s
2888 5290 153 30 promènent
3053 5288 37 31 eri
3098 5292 112 28 musant,
3222 5292 64 23 dans
3300 5292 36 23 les
3349 5292 67 23 fêtes

2788 5319 33 24 de
2836 5319 104 30 village,
2957 5326 37 18 un
3011 5320 59 24 brin
3088 5321 32 23 de
3136 5319 81 31 paillé
3233 5321 16 24 à
3265 5321 27 23 la
3308 5320 107 29 bouche,

2789 5350 38 22 les
2840 5349 85 23 mains
2938 5349 116 24 derrière
3068 5350 24 24 le
3104 5350 54 27 dos,
3172 5350 27 24 et
3211 5350 56 28 qui,
3278 5350 138 26 regardant

2789 5377 39 24 les
2847 5377 111 28 joueurs
2979 5378 32 24 de
3031 5378 109 30 quille*?
3148 5378 122 25 s'ébattre
3291 5379 109 29 bruyam-

2789 5407 79 27 ment,
2885 5413 29 18 se
2930 5408 148 24 contentent
3095 5408 32 24 de
3141 5407 80 30 juger
3236 5408 37 26 les
3288 5414 82 29 coups
3385 5408 31 24 de

2788 5435 86 29 boule,
2892 5436 119 24 heureux
3028 5436 62 24 d'un
3108 5437 94 30 plaisir
3220 5438 94 29 auquel
3334 5437 33 24 ils
3384 5443 32 18 ne

2788 5464 116 25 désirent
2916 5471 49 24 pas
2978 5466 75 23 avoir
3065 5467 66 33 part.

2817 5494 21 24 Il
2858 5495 129 24 marchait
3004 5500 32 18 en
3054 5495 152 28 sifflottant,
3225 5495 143 30 composait
3385 5495 30 24 de

2786 5524 80 29 petits
2877 5524 119 30 couplets
3007 5531 47 18 sur
3065 5525 32 24 de
3109 5525 80 29 petits
3200 5525 61 28 airs,
3273 5525 142 24 cherchant

2788 5558 53 18 une
2854 5552 68 25 rime
2935 5553 63 29 qu'il
3012 5554 161 23 rencontrait
3187 5553 110 24 soudain
3311 5559 34 18 au
3358 5553 58 24 coin

2792 5581 73 24 l'une
2880 5587 48 18 rue
2941 5588 34 18 ou
2990 5588 48 18 sur
3050 5588 52 18 une
3116 5582 69 24 lable
3198 5583 32 23 de
3243 5582 65 28 café,
3322 5582 93 24 devant

2790 5616 36 18 un
2850 5616 77 18 verre
2952 5611 33 24 de
3009 5611 80 24 bière.
3115 5611 20 23 Il
3163 5611 92 24 aimait
3279 5617 65 18 ceux
3370 5610 44 37 qui

2792 5639 141 24 l'aimaient
2961 5640 32 24 et'
3014 5646 33 18 ne
3074 5646 29 18 se
3130 5640 113 23 souciait
3269 5640 75 29 point
3371 5636 44 28 des

2791 5669 99 23 autres:
2915 5669 18 23 il
2961 5669 114 29 ignorait
3099 5669 37 23 les
3159 5668 127 29 jalousies
3310 5669 89 29 profes-

2791 5698 148 29 sionnelles;
2960 5698 21 27 U
3000 5698 65 25 était
3084 5698 145 28 supérieur,
3249 5703 61 20 sans
3329 5698 84 25 affec-
3434 5712 3 12 1

3453 4795 90 29 talion,
3564 4801 52 19 aux
3635 4796 176 23 amusements
3831 4795 27 24 et
3877 4800 53 19 aux
3949 4797 126 21 rancœurs

3454 4824 141 25 médiocres
3615 4830 50 25 par
3686 4824 138 29 lesquelles
3845 4824 27 25 la
3891 4824 44 24 vie
3956 4820 104 32 s'empoi-

3454 4859 85 20 sonne.

3485 4883 20 24 Il
3528 4889 17 18 a
3565 4883 94 24 chanté
3680 4888 30 20 sa
3731 4883 123 27 chanson,
3876 4888 35 19 ou
3930 4882 88 31 plutôt
4036 4884 39 20 ses

3453 4913 133 27 chansons,
3601 4918 78 25 parce
3688 4912 55 29 'que
3757 4912 62 25 telle
3833 4912 66 25 était
3911 4917 31 19 sa
3955 4909 119 27 fonction,

3452 4948 30 17 sa
3504 4942 88 24 raison
3614 4941 90 25 d'être.
3727 4941 21 25 Il
3772 4947 17 19 a
3810 4947 93 23 connu,
3927 4940 94 31 auprès
4042 4938 32 24 du

3452 4970 88 30 public
3560 4970 144 30 populaire,
3724 4970 33 25 de
3775 4976 61 24 gros
3855 4970 89 25 succès
3961 4982 35 6 —
4013 4968 26 25 et
4056 4965 17 25 H

3449 5001 72 23 avait
3549 5000 119 35 toujours
3695 5000 59 25 l'air
3782 5001 33 24 de
3843 4999 142 25 remercier
4012 5000 61 22 ceux

3452 5029 44 29 qui
3512 5029 134 24 voulaient
3660 5029 61 24 bien
3736 5029 69 24 faire
3819 5029 98 25 accueil
3932 5028 59 25 à'sa
4004 5029 70 22 muse

3453 5058 114 24 modeste
3590 5059 27 23 et
3639 5058 139 25 familière.

3485 5088 20 23 Il
3529 5087 41 24 est
3591 5088 67 23 mort
3679 5093 61 18 sans
3761 5087 131 24 s'étonner
3910 5086 33 24 de
3964 5086 25 24 la
4010 5082 64 26 mort

3452 5116 60 30 plus
3528 5116 64 29 qu'il
3610 5121 33 19 ne
3659 5117 87 24 s'était
3763 5116 93 25 étonné
3872 5115 32 24 de
3922 5116 25 23 la
3962 5115 50 24 vie.

3483 5146 34 24 Et
3533 5152 61 18 sans
3609 5145 86 28 doute,
3711 5152 47 19 son
3774 5146 65 26 Urne,
3856 5144 101 28 puérile
3972 5144 26 24 et
4012 5146 46 20 sou-

3452 5176 93 26 riante,
3570 5175 127 30 organise,
3721 5181 34 18 au
3780 5174 108 24 Paradis
3912 5174 46 24 des
3980 5172 93 24 bonne»

3451 5210 70 24 ôens,
3536 5204 46 24 des
3593 5209 95 19 revues
3702 5205 32 22 de
3748 5203 40 24 fin
3802 5202 113 29 d'année,
3930 5203 140 34 qu'accom-

3451 5239 115 23 paenera
3592 5233 148 24 l'orchestre
3764 5232 46 23 des
3834 5231 150 30 Séraphins,
4008 5233 61 21 aux-

3451 5257 100 29 iiuèlles
3563 5264 37 22 les
3610 5262 64 24 Elus
3686 5261 86 24 feront
3783 5260 61 28 fêle,
3856 5261 26 24 et
3894 5261 34 24 où
3939 5261 50 24 l'on
3998 5262 73 21 verra

3452 5291 24 26 le
3498 5291 85 24 fruste
3606 5292 27 23 et
3655 5290 49 23 bon
3727 5290 70 24 saint
3819 5290 91 25 Pierre
3932 5289 96 25 donner
4048 5286 22 24 I»

3450 5321 83 26 signai
3550 5321 46 23 des
3610 5318 276 31 applaudissements.-

3738 5356 8 14 t
3754 5355 13 12 •
3779 5358 4 4 •

3743 5371 13 11 «1
3767 5372 9 10 a

3482 5392 184 27 Voulez-vous,
3689 5392 78 23 avant
3788 5397 51 24 que
3860 5397 67 19 nous
3947 5388 121 32 quittion»

3450 5421 210 24 définitivement
3679 5420 25 23 la
3724 5420 81 28 Scala,
3834 5427 51 18 une
3905 5419 108 25 histoire
4038 5415 30 25 d«

3449 5450 62 25 chef
3525 5449 174 24 d'orchestre?
3713 5449 56 24 Elle
3784 5449 60 26 date
3859 5450 32 24 de
3906 5452 26 23 la
3945 5445 123 33 premier»

3450 5484 79 21 revue
3547 5484 51 23 que
3615 5477 38 30 j'y
3672 5477 43 24 fis.

3481 5508 150 29 L'étranger
3646 5507 32 23 de
3695 5512 108 25 passage
3820 5508 54 30 qui,
3891 5513 48 25 par
3955 5512 34 19 un
4005 5505 61 23 beau

3449 5537 55 23 soir
3520 5536 32 24 de
3569 5536 147 29 septembre
3733 5536 32 25 de
3781 5538 68 23 celle
3866 5535 128 27 année-là,
4011 5535 55 21 ver»

3449 5566 99 23 l'heure
3577 5565 34 23 du
3642 5565 74 24 soleil
3746 5566 135 28 couchant,
3910 5561 156 29 c'est-à-dir»

3447 5600 60 18 vers
3521 5594 99 24 l'heure
3635 5594 31 24 de
3681 5594 133 30 l'apéritif,
3829 5595 89 25 serait.
3923 5592 71 26 entré
4006 5591 59 24 dan»

3449 5623 116 24 l'arrière
3584 5623 64 24 salle
3666 5623 35 24 du
3719 5624 63 29 Café
3798 5624 35 24 du
3852 5625 115 29 Compas,
3984 5617 81 29 aurait

3449 5652 111 25 entendu
3575 5652 143 31 Maubourg
3733 5655 118 23 raconter
3865 5659 29 20 ce
3908 5652 44 30 qui
3968 5650 52 24 suit
4029 5653 9 20 :

4097 5775 34 58 i
