4323 6188
2247 2 4 5 ■

1925 280 44 22 La
1992 279 165 23 Oornière
2181 281 113 23 Houro

71 349 41 56 p_
146 338 85 54 LA
268 325 356 64 MÉMOIRE

93 415 137 64 P'ERN
236 412 87 52 EST
361 411 83 51 RIC
448 412 148 52 HARD

158 530 65 37 UNE
243 526 279 35 MANIFESTATION

167 577 134 39 DEVANT
322 577 42 32 SA
386 575 120 33 TOMBE

101 636 42 40 XU
162 625 177 41 CIMETIERE
358 624 232 36 D'ETTtRBEEK

96 705 120 28 ntmanchc
240 701 88 23 matin.
351 700 171 22 l'Association
548 700 71 23 Libé-

97 733 19 25 r.
128 734 142 26 d£,t.ei-ee.c
284 728 68 21 avait
368 727 114 25 oi-gaulsé
499 733 49 16 une
565 733 54 17 ma-

74 752 123 38 f'Ijation
219 761 42 17 sur
284 755 24 21 la
331 758 81 18 tomoe
437 755 113 22 d'Ernest
574 756 45 21 Ri-

72 801 52 41 ^n.
143 816 44 25 très
206 810 134 24 nombreux
361 810 175 24 groupements
557 810 61 22 llbé-

94 831 27 34 Vv
138 847 27 21 d"
185 842 9 21 1
201 837 209 25 arrondissement
433 836 102 21 avaient
559 839 59 19 tenu

70 860 111 35 "■"«is'ë-
191 872 31 18 en
234 868 70 21 co.-ps
318 863 15 21 à
347 867 38 17 ce.
388 865 24 19 te
425 862 139 23 cérémonie
578 864 39 25 qui

71 888 87 35 ?.,Mrès
169 896 141 23 émouvan.e
323 894 47 22 par
381 894 30 17 sa
423 890 141 26 simplicité.

94 927 71 23 parmi
189 923 32 21 les
246 916 181 29 personnalités
450 917 43 26 qui
518 917 100 22 avaient

93 938 19 39 f,
129 956 22 21 la
167 950 46 23 tète
233 947 32 22 du
285 943 105 26 cortège,
411 948 64 17 nous
496 948 91 18 notons
611 949 6 16 :

71 968 44 35 lr\(
132 982 20 21 le
165 975 91 25 notaire
272 971 118 23 Delvaux.
406 970 175 26 représentant
594 970 25 22 la

71 994 87 34 Jîîjffl»-
176 1001 99 25 Schmit.
307 997 130 22 conseiller
469 997 147 26 provincial;

71 1018 83 39 îînont
185 1030 89 22 Tirlon.
300 1025 131 24 Blondiau,
453 1025 78 25 Tiret,
557 1026 61 21 Cat-

90 1049 24 36 ",
145 1059 102 24 Démets,
263 1053 126 23 sénateur;
425 1052 192 21 Hu-sman-.an

68 1073 20 39 îf
95 1100 13 12 n
126 1089 55 23 Nest
205 1084 124 22 séna.eur:
352 1080 80 23 Petre,
449 1079 169 26 bourgmestre

68 1125 11 12 j
107 1117 75 19 soint-
184 1106 231 28 Josse-tcn-Nosde;
426 1105 110 24 Abeloos,
544 1105 72 22 eche-

77 1129 163 39 .fn-Foucart,
264 1133 100 27 diputé:
394 1133 81 25 Blum,
502 1133 113 23 échevin;

70 1154 81 37 S„,..
169 1166 125 25 pecqueur.

91 1200 65 20 Fntr»
177 1196 77 20 tou.es
271 1189 35 21 les
328 1186 154 27 allégations
504 1186 112 23 libérales

97 1230 4 16 i
117 1219 131 27 assistaient
265 1216 15 22 à
297 1215 25 21 la
338 1214 229 23 commémoration,
584 1217 33 17 on

69 1237 14 22 '
102 1235 49 34 Jnit
171 1248 49 21 vo'r
228 1244 154 22 notamment
390 1241 74 22 celles
471 1241 30 21 de
510 1241 106 21 Schaer-

69 1263 48 36 K*
145 1272 155 27 Saint-Josse,
325 1268 96 24 Ixe.les.
443 1266 171 23 Saint-Gilles,

70 1291 15 36 S
84 1314 23 13 m
106 1315 3 12 ,
119 1297 57 30 Vies
200 1296 149 26 anderlecht,
361 1295 154 23 Molenbeek,
530 1294 84 21 Wolu-

70 1317 192 39 ïp.St-La'mbert.
277 1326 32 21 et,
323 1323 79 22 enfin,
419 1321 72 23 celles
509 1321 105 22 d'Etter-

70 1346 48 36 ï«*
132 1364 29 18 au
177 1353 75 29 grand
268 1350 112 25 complet.

92 1391 14 18 «
127 1387 22 22 10
148 1391 2 14 1
170 1384 27 22 h'
202 1386 52 18 urcs
271 1378 24 22 et
317 1377 88 23 demie,
427 1376 22 21 le
471 1374 98 26 cortège
588 1377 25 18 se

68 1418 39 18 mit
132 1408 128 28 lentement
288 1409 31 17 en
351 1403 109 23 marche,
488 1402 125 25 drapeaux

67 1427 58 34 Siïie
145 1435 105 26 c-avatés
265 1433 28 22 de
309 1429 79 27 crêpe,
405 1435 32 16 en
454 1430 57 21 tête.

67 1448 14 22 b
94 1467 73 22 Arrivé
185 1444 86 43 devant
288 1459 24 21 la
333 1457 82 21 tombe
436 1455 113 23 d'Ernest
569 1455 43 21 RI-

79 1489 53 23 ,Vri
152 1505 26 6 _
199 1495 46 17 un-
266 1484 83 27 simple
371 1483 64 22 dalle
460 1482 30 22 de
515 1482 97 22 marbre

66 1501 49 42 tir
126 1534 26 5 -
162 1521 21 22 le
196 1515 90 26 cortège
300 1512 31 22 fit
343 1510 77 22 halte.

67 1533 16 18 C
91 1552 29 23 M.
134 1550 20 22 le
168 1526 119 43 Conseiller
302 1537 134 29 provincial
450 1536 98 22 Schmlt
563 1536 49 26 prit

66 1575 222 50 T^flSftoUt
311 1590 100 25 d'abord
435 1590 123 22 l'absence
583 1590 31 22 de

67 1633 48 20 MM
132 1629 56 24 Paul
200 1626 109 23 Hvmans,
320 1620 25 21 P.
358 1619 71 25 Cocq,
442 1618 28 21 A.
483 1618 67 22 Max.
562 1618 37 21 De-

67 1649 57 36 vèze',
136 1655 122 24 Fe'lt'-an,
269 1650 78 23 Leroy,
361 1646 132 21 Mettewie.
506 1645 107 26 Jacque-

67 1695 23 18 m
93 1691 52 44 pSs
146 1683 25 23 F
165 1688 26 44 S
188 1686 27 22 ge
211 1703 89 26 schmlt
314 1701 96 23 retraça
425 1699 25 22 la
466 1698 38 23 vie
519 1699 34 22 du
569 1697 43 26 dé-

67 1747 16 8 -
93 1725 178 30 .fArUrnianent
286 1730 31 22 du
333 1726 118 24 Brabant.

67 1747 18 25 P
93 1768 22 20 n
125 1740 100 48 SÛe
231 1737 99 45 "abord
344 1755 34 21 les
392 1752 146 23 funérailles
551 1754 47 22 sim-

68 1796 49 23 ules
139 1792 58 23 mais
215 1784 114 26 vraiment
347 1780 150 27 grandioses,
520 1780 30 22 de
573 1780 38 22 cet

68 1801 93 44 Somme
179 1818 38 27 qui
236 1814 76 23 donna
331 1807 125 26 l'exemple
479 1807 73 22 dune
574 1806 39 24 vie

70 1828 58 42 S
147 1846 50 23 tout
211 1839 92 26 «Mère,
317 1841 30 18 au
361 1834 91 23 service
470 1834 35 22 du
521 1834 91 25 devoir,

74 1866 62 34 dTce
146 1871 73 28 grand
229 1865 78 26 libéral
317 1863 38 28 qui
365 1866 25 18 se
400 1860 83 22 révéla
494 1866 35 17 un
539 1861 59 22 hom-

73 1909 37 19 me
126 1900 65 25 droit,
207 1897 77 22 ferme,
300 1890 23 26 et
338 1888 138 27 cependant
492 1888 22 22 si
530 1890 79 20 sensl-

74 1931 23 23 bI
98 1936 18 38 !'
124 1956 19 20 n
155 1953 36 22 fut
203 1956 31 17 un
246 1946 58 24 chef,
317 1949 32 17 un
361 1941 153 28 précurseur,
528 1942 38 22 dit
577 1942 32 22 M

72 1981 89 21 firhmlt
181 1979 19 22 II
215 1976 36 23 fut
265 1978 31 18 un
311 1970 76 22 PTand
401 1970 32 21 clt
435 1973 31 21 °y
467 1974 32 17 en
515 1968 62 23 dont
590 1969 22 22 le

69 1984 56 49 ^t
140 2002 118 27 dominant
271 1999 58 23 était
345 1998 25 21 la
387 1995 105 24 Liberté.

97 2046 8 9 „
121 2035 36 21 on
169 2033 78 21 n'aura
259 2027 51 27 plus
323 2025 15 22 d
345 2024 113 22 hommes
471 2023 79 26 ayant
563 2028 49 18 une

68 2063 32 21 foi
116 2062 18 21 si
148 2063 60 21 pure,
223 2055 38 27 qui
274 2051 136 28 s'opposait,
428 2056 60 17 avec
505 2051 59 21 tant
581 2051 30 22 de

69 2086 99 27 fermeté,
182 2088 44 18 aux
240 2080 142 26 entreprises
396 2079 44 22 des
454 2078 114 22 ennemis
581 2078 30 22 de

67 2116 22 24 la
105 2111 95 26 Liberté!
220 2118 9 12 »

93 2143 24 22 M
137 2138 87 24 Schmlt
238 2136 83 26 dépose
338 2133 65 23 alors
416 2138 49 17 une
482 2133 83 26 palme
581 2132 28 22 ds

69 2170 76 23 bronze
165 2170 30 18 au
209 2169 55 17 nom
279 2162 28 22 de
323 2160 171 23 l'Association
510 2159 87 23 Libéra-

70 2197 20 24 le
114 2191 144 27 d'Etterberk.
285 2188 142 23 L'offrande
457 2187 88 23 fleurie
575 2187 34 22 est

71 2224 43 24 très
129 2218 134 25 abondante.

94 2249 54 24 Puis,
163 2247 86 22 lentem
251 2250 11 9 n
264 2244 34 23 nt,
314 2243 23 22 le
356 2242 97 26 cortège
473 2241 75 23 défile
568 2242 30 22 de-

69 2278 52 23 vant
128 2277 21 21 la
160 2273 75 23 tom'-e
247 2272 28 21 rie
286 2275 27 17 ce
323 2269 87 23 libéral
422 2269 42 27 qui
476 2269 47 25 fut,
536 2269 74 22 avani

68 2304 53 24 tout,
138 2311 9 10 »
164 2305 33 17 un
212 2297 147 29 philosophe,
377 2302 35 17 un
431 2301 69 18 cœur
518 2296 52 23 d'or
588 2296 23 22 el

68 2337 43 18 une
117 2320 77 33 'intelli
195 2331 76 22 gence.
285 2333 9 12 »
309 2336 30 5 —
351 2325 28 21 A.

65 2409 55 32 LES
135 2406 73 32 AMIS
227 2405 38 30 DE
281 2404 38 30 LA
335 2396 169 37 MÉDAILLE
521 2401 96 31 D'ART

89 2484 40 22 Les
143 2489 7 11 ■
164 2479 63 23 Amis
241 2478 30 23 de
285 2478 24 22 la
324 2476 116 23 Médaille
453 2476 71 22 d'Art
539 2484 10 11 n
567 2475 45 22 ont

64 2510 59 24 tenu,
144 2506 123 24 dimanche
291 2505 88 24 matin,
403 2509 34 17 au
461 2503 83 22 Palais
568 2503 44 22 des

64 2535 132 25 Académies,
210 2539 47 16 une
273 2531 132 24 assemblée
420 2530 122 27 générale,
555 2530 43 27 pré-

64 2564 57 23 sidée
134 2568 42 21 par
190 2562 32 22 M.
237 2560 122 27 Tondeur;
375 2559 101 22 celui-ci
492 2557 62 23 était
570 2562 41 17 as-

64 2591 51 24 sis.é
127 2595 41 22 par
179 2594 37 17 ses
229 2587 117 26 collègues
359 2586 33 22 du
405 2586 93 22 bureau
511 2591 5 16 :
532 2585 22 23 le
570 2584 28 27 gé-

63 2619 61 22 néral
142 2616 115 26 Lartigue,
289 2615 33 22 M.
342 2614 67 22 Ochs
427 2613 26 22 et
473 2613 23 21 le
518 2612 93 23 colonel

63 2644 122 26 Mestdach.

88 2672 110 22 Plusieurs
217 2669 121 28 questions
373 2668 83 23 d'odre
490 2667 108 22 adminis-

63 2699 64 23 tratif
142 2699 78 22 furent
238 2696 127 25 discutées;
388 2700 95 18 comme
501 2695 31 23 de
552 2699 44 18 cou-

64 2727 66 23 tume,
146 2731 30 17 on
193 2725 31 22 fit
239 2724 99 22 circuler
356 2723 36 22 les
411 2722 128 23 médailles
559 2722 37 22 édi-

63 2755 46 21 tées
125 2752 140 23 récemment
287 2756 45 21 par
377 2750 36 22 les
436 2749 123 22 membres
580 2749 30 22 de

61 2780 158 24 l'association:
236 2784 33 17 un
283 2778 75 23 débat
373 2778 130 25 s'engagea
520 2781 33 17 au
567 2781 30 17 su-

61 2809 33 25 jet
106 2808 27 23 de
148 2806 90 23 l'utilité
254 2807 40 22 des
311 2809 124 21 conceurs,
452 2804 50 23 ceci
520 2804 16 23 à
552 2808 45 22 pro-

61 2840 40 22 pos
120 2835 31 22 du
168 2838 111 19 concours
300 2832 112 26 o-ganisé
436 2836 46 22 par
505 2832 22 22 lo
550 2835 47 22 gou-

61 2862 132 22 vernement
222 2866 59 22 pour
313 2860 25 22 la
370 2859 115 23 médaille
518 2859 93 22 devant

59 2889 163 23 commémorer
241 2889 21 21 le
297 2887 140 22 centenaire
474 2886 34 22 du
527 2886 69 26 parle-

60 2917 72 25 ment;
163 2914 140 24 l'assemblée
321 2914 50 27 prit
403 2913 67 23 aussi
502 2913 35 23 les
553 2918 43 21 pre-

61 2944 81 23 mières
162 2943 148 26 dispssltions
328 2947 33 17 cn
382 2947 46 16 vue
450 2941 31 22 de
502 2940 26 23 la
546 2940 50 22 célé-

62 2970 90 24 bration
171 2971 31 21 du
221 2970 71 25 jubilé
311 2969 29 23 de
358 2969 28 22 30
406 2974 46 17 ans
473 2969 31 21 de
525 2968 72 22 l'asso-

62 2998 93 24 ciation,
175 2997 70 27 jubilé
263 2997 39 27 qui
324 3002 26 19 se
373 2996 80 22 fêtera
477 2996 51 22 l'an
552 3000 45 22 pro-

61 3025 78 22 chain.

89 3052 72 22 Enfin
181 3057 30 18 on
232 3051 107 22 entendit
362 3056 48 17 une
434 3051 52 21 très
506 3050 104 22 intêres-

63 3080 68 21 «ante
150 3079 192 22 communication
362 3079 31 22 de
429 3079 34 21 M
484 3078 68 22 Ochs
569 3081 43 18 sur

64 3105 34 23 les
110 3106 116 22 médailles
240 3106 130 22 colenlales.
383 3117 29 5 —
426 3106 32 21 G.

649 339 83 51 LE
769 341 95 53 vi*
900 333 323 64 GONGRÈs
1233 352 65 70 lL
1307 352 48 63 E
1390 353 367 70 CONSEIL
1802 356 114 66 DE
1954 355 111 65 LA
2099 354 67 67 S.
2206 357 59 64 D
2328 357 80 65 N.

1398 446 242 55 DONNE
1676 450 189 53 TORT
1901 448 98 53 AU
2035 447 225 55 JAPON

663 475 51 41 ET
739 478 54 41 DE
820 480 28 39 D
850 481 167 41 ACTYLO
1021 481 185 40 GRAPHIE

667 561 31 33 IL
719 562 90 35 S'EST
829 564 92 33 TENU
947 566 21 31 A
996 564 141 33 L'HOTEL
1158 565 43 33 DE

688 611 96 34 VILLE
806 613 43 33 DE
871 614 107 37 MONS,
1000 613 181 34 DIMANCHE

669 688 44 34 LA
736 690 123 32 REMISE
882 690 59 32 CES
965 690 169 33 DIPLOMES
1155 691 42 33 ET

719 739 61 32 DES
802 733 241 39 RÉCOMPENSES
1064 740 73 32 AUX

842 783 180 37 LAURÉATS

125 3185 36 30 LA
183 3179 141 36 JOURNÉE
350 3184 197 31 D'AUTOMNE

180 3239 40 30 DE
247 3240 38 29 LA
310 3241 168 30 COIFFURE

79 3312 123 23 L'Institut
221 3313 31 22 de
270 3313 26 21 la
313 3313 112 22 Coiffure
444 3313 30 21 de
495 3312 115 25 Belgique

54 3340 60 21 avait
129 3339 104 25 organsé
250 3344 62 21 pour
330 3344 27 17 ce
376 3339 131 21 dimanche
522 3343 30 16 sa
570 3339 41 20 50e

55 3367 43 23 fête
110 3366 124 27 publique:
253 3371 49 17 une
317 3365 92 25 grande
425 3365 101 25 journée
542 3365 56 21 d'au-

56 3394 73 24 tomne
148 3394 32 22 de
203 3393 26 22 la
252 3392 113 25 coiffure,
388 3393 62 21 dont
469 3392 144 25 l'organiea-

55 3421 45 22 tion
117 3421 40 22 fut
177 3420 98 22 assurée
294 3419 31 22 de
345 3419 75 25 façon
439 3418 109 27 parfaite
568 3422 46 22 par

56 3449 28 21 M.
96 3449 91 23 Baune,
204 3446 126 27 président
346 3447 32 21 de
391 3446 128 24 l'Institut,
534 3446 27 22 et
576 3449 40 18 ses

55 3475 179 22 collaborateurs
245 3480 6 16 :
273 3475 62 22 MM.
356 3474 78 21 Henri
455 3473 103 24 Brisart,
577 3473 38 21 De

54 3502 79 25 Waèle.
152 3502 130 24 Fontaine,
300 3502 24 21 J.
345 3501 56 22 Van
423 3501 31 21 de
476 3500 89 25 Caleye
588 3500 25 21 et

53 3530 33 23 De
102 3529 124 23 Muninck.

77 3557 49 22 Une
149 3556 138 26 exposition
311 3556 43 23 des
378 3554 135 23 industries
537 3554 30 22 de
587 3554 24 21 la

53 3584 83 22 eoilure
156 3585 27 21 fu
206 3583 111 22 touverte
339 3582 17 22 à
376 3583 26 21 la
423 3581 91 27 galerie
536 3582 30 21 de
588 3581 24 21 la

54 3611 52 22 Balle
119 3611 29 22 de
165 3611 24 22 la
204 3610 147 25 Madeleine,
367 3611 26 20 et
410 3610 65 21 dans
492 3609 25 21 la
535 3609 63 20 mati-

54 3638 40 23 née
113 3639 24 21 et
156 3637 170 27 l'après-midi,
349 3642 33 16 on
405 3637 45 25 put
472 3641 17 21 y
511 3636 101 21 assister

55 3665 15 23 à
84 3665 192 23 d'intéreseantes
296 3663 217 23 démonstrations.
530 3673 31 6 —
579 3662 32 22 G.

108 3731 62 30 UNE
198 3731 109 29 BAMDE
336 3730 39 29 DE
399 3727 154 32 VOLEURS

80 3806 70 24 Mons,
166 3805 27 22 24
211 3804 105 23 octobre.
331 3815 29 5 —
378 3804 70 21 Dans
463 3802 23 23 le
505 3803 104 21 courant

55 3831 28 23 de
94 3831 93 24 l'année,
202 3837 49 17 une
263 3831 82 23 bande
360 3831 30 21 de
406 3830 96 22 voleurs
515 3829 48 22 mit
578 3832 31 18 en

54 3861 68 22 coupe
136 3858 76 26 réglée
228 3859 68 22 toute
313 3858 25 21 la
355 3857 86 26 région
455 3857 31 22 de
502 3857 80 20 Mons.

80 3885 125 26 L'enquête,
223 3884 85 24 menée
331 3889 47 21 par
399 3884 25 21 la
445 3882 78 27 police
542 3881 53 27 Judi-

54 3911 65 23 ciaire
138 3913 123 24 montoiss,
279 3911 70 23 aidée
366 3911 31 22 de
417 3911 26 21 la
460 3910 134 25 gendarme-

55 3938 37 26 rie,
110 3939 37 22 fut
163 3939 85 26 longue
270 3940 26 22 et
316 3938 112 22 difficile.
449 3936 156 24 Néanmoins,

56 3965 60 24 toute
127 3965 23 22 la
161 3967 77 24 bande
252 3966 31 23 de
295 3965 96 22 voleurs
405 3965 26 21 et
444 3964 30 22 de
486 3963 121 22 receleurs

56 3995 14 18 a
88 3996 106 19 comne.ru
212 3993 91 22 samedi
325 3991 92 23 devant
453 3991 23 22 le
497 3989 110 23 tribunal

56 4018 161 22 Correctionnel
231 4019 29 22 de
274 4020 79 21 Mons.

81 4045 40 23 Les
141 4046 95 22 méfaits
258 4048 71 24 qu'on
353 4046 35 22 lul
408 4045 119 26 reproche
549 4047 58 19 sont

59 4072 127 25 nombreux;
203 4073 25 22 la
243 4073 86 22 bande,
345 4074 56 22 tout
413 4077 33 18 en
462 4071 147 27 pratiquant

59 4101 32 18 ses
109 4099 131 26 opérations
261 4105 34 17 un
319 4104 48 22 peu
389 4099 110 27 partout,
524 4097 82 23 s'était

59 4126 122 23 cependant
192 4126 136 26 spécialisée
340 4127 64 22 dans
415 4126 118 26 l'attaque
546 4129 47 18 noc-

61 4149 61 24 turne
135 4152 39 24 des
186 4152 155 27 presbytères.

82 4178 29 22 Le
130 4180 113 26 principal
264 4181 43 21 des
328 4180 129 27 prévenus,
476 4184 36 18 un
534 4179 60 22 Polo-

59 4204 53 22 nais,
125 4210 86 18 comme
225 4212 100 21 presque
341 4208 56 21 tous
411 4212 40 18 ses
467 4206 137 26 ccmpl'ces.

59 4228 67 25 Ht.i1
142 4233 102 23 Kaukus.
259 4238 95 22 maçon,
368 4239 61 18 s?ns
447 4233 114 23 domicile
579 4231 25 23 nl

59 4255 111 29 résidence
186 4264 95 21 connus,
299 4264 38 22 est
353 4260 109 27 prévenu
483 4261 30 21 de
533 4264 59 18 nom-

59 4281 67 24 breux
140 4285 52 22 vols.

196 4319 270 24 CONDAMNATIONS

84 4348 30 22 Le
127 4352 89 22 nommé
229 4353 99 24 Kaukus
345 4359 17 17 a
378 4353 40 23 été
433 4353 140 23 condamné
590 4355 16 19 a

63 4374 37 21 dix
112 4380 41 18 ans
162 4377 26 22 de
198 4379 83 25 prison,
292 4381 116 22 Tuharek
420 4381 17 22 à
448 4381 57 22 huit
519 4385 46 18 ur.*.
578 4381 26 22 et

62 4402 51 21 «ent
127 4404 61 23 mo's,
202 4406 101 24 ZullnsM
316 4408 17 22 à
348 4409 56 25 sept
417 4408 71 24 mois,
505 4407 99 22 Korda-

65 4428 42 20 Euk
123 4428 15 22 à
155 4430 99 24 dix-huit
269 4435 66 24 mois.
354 4435 100 22 Gohorz
474 4435 16 22 à
510 4440 35 17 un
565 4440 39 18 "n.

66 4455 137 24 Krzeminsld
217 4458 14 23 à
245 4461 58 22 deux
316 4467 46 17 ans
376 4463 28 23 et
417 4462 20 22 s'
439 4466 15 8 -
469 4462 71 24 mois,
553 4462 48 21 Ba-

64 4482 63 21 oaslc
142 4482 16 23 à
173 4485 58 22 deux
246 4492 42 18 ans
302 4490 24 22 et
338 4490 39 22 six
391 4489 71 23 mois.

85 4508 92 26 Dhayer
198 4516 15 17 a
231 4512 36 23 été
288 4516 110 26 acquitté.
418 4517 68 22 Tous
509 4515 94 23 étalent

63 4534 98 24 détenus.

64 4600 35 40 j<*
110 4603 69 25 édiles
192 4612 29 17 en
235 4609 67 25 grève
315 4611 16 23 à
346 4611 132 23 Gosselles.

83 4652 38 24 Les
148 4658 130 24 conseillers
307 4666 165 18 communaux
492 4661 111 22 libéraux

67 4684 21 16 m
103 4682 109 26 Gosselics
233 4691 59 19 nous
315 4690 83 25 prient
422 4689 31 24 de
477 4689 64 22 faire
562 4693 27 17 re-

66 4709 92 35 marquer
173 4713 66 24 qu'Us
254 4719 31 17 ne
302 4721 26 17 sï
346 4718 57 20 sont
421 4721 47 17 pas
483 4718 119 19 abstenus

67 4735 23 19 W
101 4736 46 22 vote
161 4740 38 24 qui
214 4740 81 24 décida
311 4743 30 21 de
355 4743 25 22 la
397 4743 71 25 grève
485 4743 31 22 de
532 4742 70 23 l'édl-

67 4763 32 20 m*
109 4767 138 24 c-mmunale
263 4769 30 22 de
310 4770 129 22 Gosrelies.

86 4788 28 22 Us
123 4794 38 19 ont
173 4797 31 19 au
217 4797 126 25 contraire,
357 4798 56 22 voté
426 4798 93 22 contre.
532 4808 30 5 —
575 4797 27 21 Z.

67 4815 33 21 ne.
113 4827 22 6 —
149 4819 24 22 z.

68 4852 12 23 I
91 4855 93 29 l'hôpital
198 4862 113 27 français.

84 4904 26 24 le
122 4912 79 21 nouvel
217 4914 172 24 ambassadeur
403 4916 30 23 de
449 4916 103 25 Prance,
567 4916 34 22 M.

63 4935 77 37 2°rûln,
160 4939 96 24 visitera
291 4942 111 27 l'hôpital
436 4943 112 25 français
585 4944 17 21 à

63 4963 95 23 «rciiem
180 4966 200 29 Sainte-Agathe,
403 4970 120 22 mercredi
543 4975 58 21 pro-

61 4990 59 20 «a»
134 4991 25 22 28
175 4994 101 27 octobre,
293 4996 17 23 à
328 4997 26 22 10
370 4997 25 22 h.
413 4998 29 22 30
460 4998 34 21 du
512 4998 89 21 matin.

58 5079 59 23 «Itéra

57 5144 14 17 fc
74 5125 8 17 1
81 5130 16 31 ^
109 5131 41 18 tiU
163 5132 24 18 "le
201 5133 20 18 la
235 5138 67 17 presse
317 5137 97 20 sportive.
425 5146 25 6 —
464 5137 28 17 La
507 5137 56 17 reine
579 5140 22 15 et

57 5168 57 11 _»-.,_..
121 5154 20 14 cc
154 5154 24 16 Lfc
179 5156 57 18 °P°-d
249 5158 121 17 assisteront
383 5158 114 20 également
511 5162 27 13 au
552 5160 47 18 gala

57 5171 76 31 _***»*
147 5177 16 13 ie
177 5176 21 16 au
212 5178 87 19 octobre,
314 5178 13 17 à
341 5179 11 17 8
366 5179 21 18 h.
402 5179 27 20 15.
443 5183 39 17 par
494 5179 20 17 la
529 5183 70 17 presse

58 5195 76 34 SES
148 5198 20 14 "
182 5200 46 15 avcc
244 5201 18 14 le
276 5202 98 15 concours
390 5200 24 17 dc
430 5200 128 18 l'Aero-Club
574 5201 25 17 de

58 5243 91 29 iKeWsl"^
166 5247 23 16 "'
207 5249 106 18 tfuitM.
332 5257 23 6 —
373 5249 40 17 Des
431 5252 97 15 examens
547 5253 53 17 pour

57 5264 63 28 iï?™
136 5267 25 15 a»
179 5268 60 18 gr-de
258 5268 53 20 ligal
330 5269 25 17 de
374 5270 225 20 géomètre-arflenteur

68 5285 49 14 "•ont
130 5287 36 15 ueu
181 5289 12 15 a
208 5289 102 17 Bruxcl.es
327 5294 5 12 :
346 5292 12 16 a
373 5292 6 15 l
387 5291 58 17 Ecole
461 5292 137 19 inaustrlcll..

57 5323 13 12 se
81 5324 18 12 __,
109 5307 12 13 °
122 5308 74 17 ovtœtir
197 5312 16 16 e.
226 5313 20 14 et
259 5312 11 15 a
284 5314 7 13 1
299 5310 105 18 Académie
416 5312 35 17 des
464 5312 134 22 Beaux-Arts,

56 5338 11 18 à
75 5345 15 11 _j
113 5348 4 8 ,
122 5330 51 15 0V€ni
175 5330 39 17 bre.
228 5331 52 17 Pour
294 5335 178 17 renseignements,
487 5334 112 17 s'adresser

73 5349 24 13 m.
107 5349 49 16 juies
168 5353 67 18 vos:n.
246 5353 29 18 22,
288 5355 36 14 rue
336 5354 27 16 du
375 5355 75 20 cnene,
463 5356 12 16 k
487 5355 112 17 Bruxellea.

57 5374 50 30 _3li_?,
117 5378 8 26 f
128 5379 35 16 ptm
164 5382 11 13 *
190 5379 192 19 Conard-Nerlnekx
398 5381 121 18 demeurant
536 5382 12 17 k
565 5383 35 17 St-

72 5397 180 20 '"*"-iee-Bruxeilee
276 5402 97 16 chaussée
391 5403 24 15 ne
432 5402 107 21 Waterloo.
559 5404 40 18 173.

57 5417 55 30 _•_»
129 5420 53 19 rrçus
199 5421 154 18 oific.cUcment
372 5422 12 17 k
403 5422 74 18 l'Httel
497 5428 25 13 oe
542 5425 49 17 Vuie

57 5438 44 16 .*,
111 5439 80 20 octobre,
207 5446 12 13 a
234 5444 109 16 l'occasion
357 5447 25 13 ne
398 5445 20 16 la
433 5444 125 19 célébration
574 5446 25 17 de

57 5456 43 15 "ura
110 5460 54 17 noces
175 5464 49 17 u'or.

57 5485 109 31 ___■___•__&__*
184 5490 108 19 Nationale
308 5491 26 17 du
353 5491 98 19 Souvenir
469 5495 95 18 organise
579 5494 20 18 la

57 5513 51 22 ilnnVi
143 5511 25 15 on
182 5510 34 18 dM
229 5516 13 16 P
243 5516 31 13 nx
286 5512 27 17 du
328 5515 98 15 concours
440 5514 106 18 d'hlstcire
560 5519 39 14 na-

57 5540 7 18 l
75 5556 17 3 _
92 5527 27 25 "f
136 5530 32 19 "Wl
187 5535 49 15 aura
256 5533 40 17 lieu
317 5533 18 17 le
355 5534 56 19 Jeudi
430 5534 23 17 211
472 5538 93 19 courant,
586 5540 12 13 a

75 5555 17 6 ~
107 5551 34 19 Va,
156 5552 27 19 34,
198 5556 35 14 rue
248 5555 30 16 Do
291 5555 101 19 Stassart,
408 5559 12 13 a
436 5559 77 15 ixeuc».

57 5587 8 17 I
78 5572 28 32 M_?
107 5575 44 19 n,on
169 5579 102 20 Wallonne
294 5582 81 17 d'L'ccle
395 5583 94 19 organise
510 5587 51 17 pour
581 5585 19 17 le

53 5597 82 29 •eiuîn"
135 5601 7 13 1
147 5602 33 17 '™'
198 5601 11 16 *
226 5602 22 18 20
265 5602 79 20 heures,
362 5603 13 17 i
392 5603 65 21 Uccle,
475 5607 40 14 une
531 5608 58 18 repre-

54 5617 22 30 nd
75 5638 4 9 i
93 5635 30 12 k.»
152 5624 15 23 J
166 5620 6 17 1
173 5624 11 14 *
203 5627 10 11 «
231 5623 28 17 Lo
277 5624 99 17 Sonnette
392 5624 101 18 d'Alarme
511 5630 17 15 ».
548 5626 52 18 dans

54 5640 61 28 Plr«X
117 5641 204 24 '."uUanthroplque.
339 5645 33 17 On
390 5645 76 18 retient
482 5650 33 13 ses
532 5647 68 20 places

53 5658 62 16 rsnis
129 5660 103 24 Et-picrre.
251 5665 12 17 à
280 5665 67 19 Uccle.

55 5682 45 36 tlo^'
105 5686 48 32 /"»
162 5692 64 17 '"'""
244 5692 108 21 Nationale
370 5694 35 17 tes
423 5694 101 18 Invalides
545 5697 55 18 (Sec-

56 5723 41 17 nu!
117 5712 10 28 !
139 5713 105 19 """«'.l'el
261 5716 94 19 organise
369 5715 19 18 le
403 5716 98 18 mercredi
516 5717 22 17 23
553 5722 47 13 cou-

78 5732 25 13 »..
117 5732 12 14 a
142 5732 20 16 20
175 5733 26 19 h.,
217 5739 27 14 un
259 5736 46 20 gala
321 5740 26 14 au
362 5736 89 18 Théâtre
466 5737 25 18 de
506 5738 21 17 la
542 5739 58 18 Mon-

58 5759 48 23 tanti
122 5753 13 29 i
133 5754 13 14 u
166 5755 60 19 proIU
247 5757 23 18 de
292 5757 20 18 '"
334 5758 152 17 Salnl-Nlcolas
508 5760 35 17 des
564 5764 25 14 en-

58 5786 26 15 filé
91 5792 9 9 .
120 5791 8 10 .
173 5775 105 20 Invalides.
299 5780 30 16 Au
350 5783 128 17 programme
501 5783 6 14 :
531 5785 10 12 <
548 5781 53 18 Lalt-

77 5808 24 15 A«
121 5812 25 11 ».
157 5798 10 14 r
167 5799 18 24 ?.'
200 5801 12 16 y
227 5799 102 18 «-s'stera.

59 5815 111 27 d.!""
170 5816 6 17 1
177 5816 7 18 '
204 5819 131 19 Intellectuel.
357 5821 116 18 Université
494 5822 107 22 Populaire

60 5846 11 18 k
81 5849 19 18 20
112 5853 12 12 x
145 5837 10 30 i
162 5840 20 27 V
196 5840 19 17 (2
214 5845 12 13 e
239 5841 88 18 district!
345 5845 6 16 :
364 5843 100 18 Mercredi
477 5843 23 17 28
513 5845 88 20 octobre,

60 5867 80 20 tenter.',,
169 5862 84 17 'ancien
267 5863 59 18 Hôtel
341 5864 120 18 Communal
476 5865 25 17 de
516 5865 85 21 Laeken.

60 5872 272 59 ''^V«"«^'^s.
327 5886 84 20 M0:lUg
413 5898 5 5 '
437 5885 60 21 8UM
517 5892 35 12 "
565 5887 25 18 U
591 5891 11 14 '

60 5929 46 23 V»)
112 5937 26 15 as.
153 5926 41 26 stl.
200 5922 24 30 *?
236 5925 48 17 1,0r:
285 5930 11 13 e
297 5928 23 15 nt
329 5932 9 11 »
352 5928 120 20 organisent
485 5932 52 16 pour
549 5929 53 18 l'an-

63 5947 88 25 >«mm.t,'r
162 5964 7 8 .
184 5948 35 24 ..°
220 5948 21 15 es
254 5947 135 19 conférences.
404 5950 31 17 On
450 5949 101 18 entendra
565 5954 37 14 no-

62 5963 30 29 R.
105 5963 63 30 eiîL'
181 5964 23 29 lî
205 5966 20 16 M
227 5978 4 5 '
248 5967 15 17 L
263 5980 5 5 -
285 5969 25 17 de
326 5969 21 18 la
364 5970 73 19 Vallée.
455 5971 19 17 J.
492 5971 109 21 Pnyluskl.

63 5995 45 19 ___>»
107 6002 2 12 i
123 5986 55 28 sîïlv
195 5989 17 14 "■
228 5988 26 17 Dc
257 5989 58 18 n'son
333 5991 57 20 P^iss,
408 5992 49 17 MM.
475 5991 30 18 les
524 5993 78 20 profes-

63 6001 225 40 •wS^nEu'SX'
307 6011 30 19 Ph
339 6024 4 4 -
361 6012 17 17 v
377 6013 51 20 °^.
446 6012 61 22 w»
509 6013 15 18 11
523 6017 8 14 '
548 6014 54 21 "".

92 6027 50 14 ™°»a
154 6027 20 16 et
186 6027 46 20 Mlle
245 6030 66 20 Klltou
326 6033 95 18 Yamata.

740 855 45 23 (De
809 855 71 20 notre
899 854 93 26 envoyé
1015 855 108 26 spécial.)

672 888 78 24 Mons,
764 887 27 21 25
805 887 105 22 octobre.
922 899 29 5 —
964 888 146 25 Dimc.nche.
1122 891 93 23 devant

645 918 47 17 une
731 914 137 21 assistance
899 914 100 25 choisie,
1017 916 63 24 dans
1099 916 24 23 le
1142 919 74 22 cadre

642 940 156 21 merveilleux
824 940 106 25 qu'offre
953 940 16 22 à
988 946 39 17 ses
1049 943 166 24 admirateurs

644 967 82 21 l'hôtel
748 966 32 22 de
798 966 57 22 ville
878 967 29 21 de
926 968 81 23 Mens,
1029 968 22 22 le
1073 971 90 22 comité
1185 973 30 21 de

642 992 99 23 l'Union
760 992 44 22 des
820 992 103 25 sociétés
942 994 31 22 de
995 994 175 28 sténographi--*
1189 999 26 21 et

643 1018 29 23 de
687 1019 202 25 dactylographie
902 1020 31 21 de
945 1020 124 27 Belgique,
1083 1028 16 16 a
1111 1023 104 26 procédé

642 1045 16 21 à
675 1045 25 22 la
718 1051 8 15 î
731 1045 75 22 émise
823 1046 43 21 des
882 1046 120 25 diplômes
1017 1049 26 21 et
1059 1049 43 24 des
1119 1050 81 22 récom-

642 1076 87 21 penses
743 1072 31 21 de
788 1076 39 19 ses
839 1072 116 23 lauréats.

670 1105 38 22 Au
729 1104 92 22 bureau
842 1107 125 24 prennent
987 1107 77 26 place,
1081 1113 49 18 aux
1147 1109 68 24 côtés

642 1131 32 22 du
694 1131 125 26 président
839 1132 34 21 M.
893 1133 65 21 A.-J.
976 1134 32 22 de
1024 1135 191 25 Btedemacker.

642 1159 34 20 M.
694 1157 68 22 René
778 1158 121 26 Leclercq,
916 1158 104 24 échevin
1036 1161 30 23 de
1084 1162 75 23 l'Etat
1179 1163 22 22 ci-

642 1185 32 21 vil
692 1184 32 22 de
744 1184 25 21 la
790 1184 64 26 ville,
875 1187 42 23 qui
940 1186 98 25 présida
1057 1188 24 22 la
1103 1188 111 25 réunion.

640 1211 61 21 MM.
724 1211 116 25 Verdure,
862 1211 101 27 député;
987 1214 77 25 Kaye,
1088 1215 126 25 président

640 1237 30 22 de
690 1237 99 22 l'Union
806 1238 44 23 des
869 1238 188 28 sténographes;
1076 1242 137 25 Lambotte.

643 1263 130 26 Bertrand,
796 1265 96 26 Lemye,
915 1266 124 23 ai.ecteur
1071 1270 31 21 de
1123 1269 79 22 l'Insti-

642 1291 40 20 tut
705 1291 118 22 moderne
842 1292 30 23 de
895 1293 82 26 Mons,
1010 1294 205 27 Vanderauwera,

642 1317 47 22 etc.

806 1351 57 23 LES
884 1353 162 23 DISCOURS

668 1381 34 23 M.
721 1383 36 22 De
777 1383 204 28 Baerdemacker,
999 1388 72 22 anrès
1087 1388 69 22 avoir
1174 1394 27 16 re-

639 1410 89 22 mercié
749 1411 220 24 l'administration
989 1416 157 21 communale
1184 1416 28 22 de

638 1441 45 17 son
706 1437 151 27 hospitalité,
882 1439 24 22 lr.
928 1440 94 23 félicite
1042 1442 157 25 particulière-

639 1464 70 21 ment
725 1468 63 21 pour
807 1469 47 18 son
874 1466 136 23 admirable
1027 1469 187 25 enseignement

640 1490 139 26 teelinique,
797 1493 54 24 puis
871 1493 18 21 11
909 1495 150 24 entreprend
1076 1495 84 26 l'éloge
1180 1497 33 21 du

639 1515 115 24 trésorier
773 1518 30 22 de
827 1519 106 27 l'Union,
955 1521 203 26 l'irremplaçable
1180 1523 34 21 M.

637 1542 137 27 Lambotte,
798 1546 143 22 animateur
980 1548 26 21 et
1041 1549 172 24 organisateur

638 1569 88 24 d'élite-
743 1572 127 22 L'orateur
888 1573 93 23 félicite
1000 1574 36 22 les
1051 1575 116 22 lauréats.

667 1604 22 23 Il
706 1605 86 22 trouve
811 1610 63 21 pour
893 1607 77 22 situer
986 1608 66 24 leurs
1070 1608 89 23 efforts
1178 1610 35 21 les

638 1629 91 24 termes
749 1631 148 25 émouvants
913 1635 27 21 et
960 1635 78 24 justes
1060 1636 27 20 et
1107 1636 105 23 termine

638 1662 33 18 en
689 1659 187 25 paraphrasant
890 1661 23 21 le
932 1660 95 23 célèbre
1046 1661 78 26 adtge
1142 1670 9 10 «
1171 1662 40 22 Un

641 1689 61 21 pays
722 1690 32 17 ne
772 1686 62 22 vaut
856 1691 45 21 pus
924 1692 45 20 par
987 1688 23 21 la
1034 1691 80 21 tzsasrts
1132 1689 31 22 de
1185 1693 28 17 sa

638 1711 152 26 population,
802 1713 64 21 mais
879 1718 47 20 par
939 1714 24 21 la
974 1714 86 22 valeur
1072 1719 59 17 sans
1144 1720 68 17 cesse

638 1738 135 22 croissante
791 1739 31 22 de
842 1739 99 23 checun
961 1740 43 24 des
1026 1741 124 22 individus
1171 1742 41 25 qui

640 1768 20 20 le
675 1768 146 23 composent
838 1775 20 13 ».

655 1798 33 22 M.
706 1799 30 21 de
754 1799 211 24 Baerdemaecker
982 1799 50 23 très
1049 1800 125 26 applaudi,
1188 1805 26 18 se

638 1824 95 22 rassied
748 1829 52 17 non
813 1830 60 17 sans
887 1826 69 22 avoir
967 1831 89 18 encore
1069 1826 48 25 mis
1130 1832 31 18 en
1173 1827 26 22 lu-

637 1850 76 23 mière
736 1851 26 22 la
784 1851 124 26 précieuse
928 1853 178 23 collaboration
1128 1854 31 21 de
1178 1854 33 21 M-

638 1878 26 21 et
680 1877 67 22 Mmo
764 1877 97 26 Lemye,
874 1880 156 24 promoteurs
1046 1880 30 22 de
1090 1880 25 22 la
1129 1880 70 21 mani-

639 1903 120 23 festation
773 1904 191 26 d'aujourd'hui.

666 1936 36 22 M.
715 1937 90 25 Lemye
815 1938 113 25 souligne
941 1939 97 22 ensuite
1052 1939 25 22 la
1088 1938 125 23 difficulté

639 1962 42 23 des
694 1963 118 26 épreuves
826 1967 26 22 et
863 1964 119 27 prodigue
996 1966 16 22 à
1026 1970 62 18 ceux
1100 1965 42 25 qui
1158 1965 41 22 l'ai-

637 1989 88 23 dèrent
736 1990 65 22 dans
814 1992 25 21 la
849 1989 144 25 rétillsation
1005 1992 35 22 du
1052 1991 109 26 Congrès
1173 1997 40 18 ses

636 2017 202 23 remerciements
853 2018 158 23 chaleureux.

666 2050 35 22 M.
717 2050 76 26 Haye,
811 2051 36 22 lui
862 2051 111 23 succède.
988 2052 21 23 Il
1027 2051 49 23 falt
1091 2052 122 22 acclamer

638 2076 22 23 le
681 2081 59 18 nom
761 2078 30 21 de
811 2078 35 21 M.
862 2079 38 22 De
920 2078 218 25 Baerdemaecker,
1157 2078 56 26 puis

638 2103 140 23 commente
793 2104 25 21 la
832 2103 84 26 portée
928 2105 44 22 des
985 2104 148 23 différentes
1144 2110 55 17 com-

638 2129 119 27 pétitions
778 2135 33 17 en
830 2131 110 22 invitant
961 2131 35 23 les
1018 2131 131 23 candidats
1167 2131 32 22 éli-

638 2156 80 25 minés
731 2156 16 23 à
760 2156 149 28 persévérer,
919 2157 17 23 à
949 2163 32 17 ne
993 2163 47 21 pas
1052 2158 89 26 perdre
1153 2163 46 17 cou-

639 2188 65 21 rage.

666 2218 68 23 Tous
750 2217 36 23 les
801 2218 121 26 premiers
938 2218 63 26 prix,
1016 2218 78 25 dit-il,
1111 2223 33 18 en
1157 2223 42 17 ma-

641 2244 62 22 tière
719 2246 31 21 de
767 2245 149 24 ccnclus.on,
935 2246 45 21 ont
1007 2244 40 24 été
1079 2244 137 27 remportés

638 2275 46 22 par
694 2271 45 22 des
753 2270 106 23 femmes
872 2272 27 22 et
910 2271 228 27 quatre-vingt-dix
1151 2276 63 21 pour

640 2298 57 22 cent
710 2298 45 22 de?
773 2297 109 23 lai'rérts
898 2298 195 26 appartiennent
1110 2303 34 17 au
1157 2303 57 18 sexe

638 2324 123 27 prétendu
778 2324 84 23 faible.

667 2357 35 23 BL
739 2357 126 24 l'Echevin
899 2357 120 28 Leclercq,
1042 2362 32 18 en
1100 2358 116 27 quelques

640 2384 110 27 phrases,
767 2384 92 27 dégage
876 2385 25 22 la
921 2385 78 22 haute
1016 2384 86 26 portée
1121 2385 93 22 morale

638 2413 27 21 et
679 2412 91 23 sociale
787 2411 31 23 de
837 2411 26 23 la
876 2412 192 23 manifestation
1086 2412 114 25 d'aujour-

641 2439 75 22 d'hui.

666 2473 34 22 M.
720 2473 38 22 De
780 2472 198 23 Baerdemacker
995 2476 61 18 vous
1074 2476 16 17 a
1111 2471 37 22 dit
1166 2476 46 20 que

638 2499 74 23 Mons
726 2498 64 23 était
804 2504 50 17 une
867 2498 57 23 ville
940 2498 211 25 d'enseignement
1166 2496 33 23 s'é-

638 2526 49 22 crie
706 2525 152 23 l'honorable
890 2525 141 26 magistrat.
1067 2524 147 23 Mesdames,

639 2552 214 23 Mesdemoiselles.
875 2552 140 23 Messieurs,
1050 2555 61 17 vous
1143 2555 71 18 savez

637 2579 64 22 dono
716 2584 47 21 que
776 2584 61 17 vous
851 2578 52 23 êtes
919 2579 35 23 les
969 2577 92 27 grands
1076 2578 136 21 bienvenus

640 2606 63 22 dans
718 2608 41 22 cet
772 2605 69 23 hôtel
857 2606 31 22 de
904 2605 64 22 ville.

666 2634 35 21 M.
716 2633 132 23 Lambotte
867 2637 33 17 au
918 2632 84 23 milieu
1020 2631 32 23 de
1070 2630 141 23 l'attention

639 2659 120 26 générale,
778 2660 84 21 donne
879 2659 93 22 lecture
989 2658 34 22 du
1041 2656 132 27 palmarès,
1190 2657 22 21 il

638 2691 113 17 annonce
766 2691 47 21 que
828 2685 22 23 le
870 2690 78 20 coupe
966 2685 30 22 de
1012 2693 10 9 «
1041 2685 35 21 La
1092 2683 119 23 Dernière

639 2714 81 21 Heure
740 2722 9 10 »
788 2713 42 22 n'a
847 2717 34 21 pu
898 2712 53 23 être
967 2710 130 25 attribuée,
1115 2715 96 18 aucune

638 2740 67 22 eonle
723 2740 105 25 n'ayant
843 2739 39 22 été
898 2738 92 23 classée
1003 2738 16 21 à
1031 2737 122 26 l'épreuve
1169 2737 43 21 des

639 2768 40 21 130
693 2768 66 21 mots
773 2766 16 22 à
801 2766 26 22 la
841 2765 105 23 minute.

666 2794 33 22 Le
713 2793 129 25 challenge
858 2795 95 20 rest-ra
971 2793 63 22 dîne
1047 2791 27 23 la
1088 2790 124 27 propriété

637 2825 35 18 un
688 2825 34 17 an
739 2824 89 18 encore
848 2819 29 23 de
894 2819 68 23 Mme
979 2819 104 21 Yvonne
1098 2817 113 22 Verstre-

637 2851 56 22 pen,
712 2847 41 26 qui
772 2846 131 26 l'emporta
919 2850 33 18 en
973 2845 61 22 1930.

756 2887 42 22 LA
814 2886 122 23 REMISE
954 2886 59 21 DES
1034 2885 80 22 PRIX

665 2921 133 26 L'épreuve
818 2920 44 22 des
883 2920 40 22 160
940 2919 65 23 mots
1023 2923 16 18 a
1058 2917 40 24 été
1118 2916 93 28 gagnée

638 2953 45 19 par
697 2948 60 22 Mlle
772 2947 118 22 Mariette
904 2947 107 24 Bureau,
1027 2945 32 22 de
1074 2945 81 24 Mons,
1170 2944 42 25 qui

637 2980 26 17 se
677 2975 52 22 voit
742 2973 119 23 décerner
874 2973 25 23 la
916 2974 84 24 Coupe
1017 2972 139 22 d'honneur
1171 2971 27 22 of-

638 3002 63 22 ferte
717 3006 47 21 par
778 3001 35 21 M.
831 3001 37 21 De
887 2999 219 22 Eeerdemaecker.

664 3027 132 27 L'épreuve
821 3027 45 24 des
888 3027 41 21 150
964 3026 66 22 mots
1065 3030 14 17 t
1116 3029 95 18 comme

637 3055 167 25 championne
821 3054 61 22 Mlle
899 3053 134 24 Georgette
1047 3052 55 23 Van
1117 3051 96 24 Revsel,

637 3082 29 22 de
677 3081 134 23 Bruxelles.
825 3079 160 23 L'Intéressée
998 3078 78 26 reçoit
1082 3083 50 17 une
1145 3079 52 21 Cou-

638 3113 31 22 pe
680 3107 148 24 d'honneur.

665 3134 161 23 L'assemblée
844 3133 135 23 manifeste
993 3132 160 26 longuement
1166 3136 45 17 son

638 3161 158 23 admiration.
833 3160 131 26 L'épreuve
986 3159 46 22 des
1053 3158 158 23 secrétariats

641 3189 123 22 (nonante
776 3188 17 22 à
805 3187 143 24 cent-vingt
958 3187 66 21 mots
1036 3184 16 23 à
1064 3186 26 21 la
1100 3185 107 22 minute)

639 3220 112 17 annonce
787 3215 25 22 la
841 3214 102 22 victole
977 3213 30 22 de
1035 3212 60 22 Mlle
1112 3210 98 23 Andréa

637 3242 193 23 Trolsfontaine,
850 3241 31 21 de
897 3237 227 27 Fcxhe-lez-Llége.

665 3269 86 21 Ou""nt
765 3273 33 17 au
812 3267 108 22 n-em'er
934 3271 47 16 oas
996 3267 22 13 <-.
1022 3264 182 23 *-,.)----•-'->•".

640 3294 18 23 11
674 3296 62 20 vaut
754 3294 18 22 à
791 3294 61 21 Mlle
868 3294 105 20 Yvonne
989 3291 75 25 Petit,
1084 3291 30 22 de
1131 3292 79 21 Mons.

640 3321 19 21 !c
685 3321 84 24 Coupe
786 3319 133 22 Bertrand.
954 3319 88 20 Aucun
1062 3317 148 21 concurrent

640 3347 41 21 n'a
704 3346 39 21 été
764 3345 78 22 classé
864 3345 16 21 à
898 3344 121 22 l'éoreuve
1040 3343 171 22 néerlandaise

640 3372 44 22 des
703 3373 40 20 160
765 3372 72 21 mots.
854 3371 50 21 Par
921 3371 85 21 contre
1028 3374 35 17 un
1084 3368 128 23 deuxième

642 3399 55 21 nrix
711 3403 33 16 va
761 3397 17 22 à
795 3397 60 22 Ml'e
871 3397 67 21 E'isa
956 3396 114 22 Calcoen.
1088 3396 31 21 de
1135 3395 63 22 Nieu-

643 3424 63 26 port,
725 3428 63 22 pour
808 3424 35 21 les
867 3423 41 21 140
927 3423 66 21 mots
1011 3422 28 21 et
1054 3427 36 16 i'n
1106 3422 107 24 premier

642 3451 54 21 nrix
713 3450 17 22 à
743 3451 68 21 Mme
826 3450 77 21 Hfste
919 3448 71 24 Karl,
1005 3448 31 22 de
1050 3447 161 22 Schaerbeek.

643 3482 62 21 pour
718 3477 36 22 les
768 3477 28 21 90
807 3476 17 22 à
836 3476 41 21 120
887 3475 73 22 mots.

670 3504 83 21 Avant
766 3508 46 21 que
824 3503 34 21 M.
871 3502 130 22 Lambotte
1014 3501 100 22 entame
1126 3502 25 21 la
1162 3501 37 22 lec-

642 3532 54 21 ture
718 3531 43 23 des
782 3529 118 23 résultats
924 3528 34 22 du
980 3527 180 23 championnat
1181 3527 31 22 de

641 3556 208 25 dactylOTaphie.
869 3560 33 17 on
921 3555 92 22 entend
1033 3554 60 22 Mlle
1113 3554 99 21 Lesfra-

640 3584 31 21 rtc
683 3583 141 26 professeur
835 3582 30 23 de
879 3582 76 21 niano
969 3582 25 21 et
1007 3581 31 22 de
1052 3581 86 24 harpe.
1150 3581 60 20 MM.

639 3611 83 21 Povn
745 3610 26 22 et
791 3610 55 21 Van
865 3609 96 21 Ketter.
980 3607 149 23 violonistes,
1147 3606 65 23 ainsi

639 3630 120 29 oue'Mlle
777 3636 96 26 Jorjon.
890 3634 145 26 cantatrice,
1052 3633 111 23 lauréate
1178 3633 32 22 du

639 3663 188 23 Conservitoire
851 3662 30 22 de
899 3662 27 22 la
946 3661 64 22 ville.

667 3691 33 23 Le
714 3690 83 26 public
811 3690 55 22 leur
882 3688 48 25 fait
945 3693 37 17 un
996 3692 57 21 gros
1065 3686 93 24 succès.

665 3730 136 22 reprise
815 3730 42 21 r^
872 3730 13 21 r
898 3729 11 17 «
926 3730 62 12 ""-
1160 3727 23 20 v

663 3768 68 22 Mme
744 3767 80 22 Laure
837 3767 148 25 Boulanger,
999 3765 30 24 de
1043 3764 81 27 Liège,
1136 3764 73 27 grâce

635 3794 16 23 à
674 3800 50 17 une
742 3799 122 21 moyenne
884 3794 32 22 de
938 3793 184 26 quetre-vingts
1143 3792 66 22 mots

634 3821 17 23 à
665 3822 25 22 la
705 3822 98 22 minute
817 3821 145 22 maintenue
976 3820 62 22 trois
1053 3819 93 23 années
1160 3819 33 22 du-

635 3849 58 21 rant
704 3853 15 17 a
730 3847 89 23 mérité
829 3848 26 21 la
865 3848 84 25 Coupe
959 3846 129 22 challenge
1099 3846 31 22 de
1142 3847 68 21 Mme

636 3876 37 22 De
688 3874 219 25 Baerdemaecker,
935 3878 50 17 une
1018 3872 116 23 médeille
1151 3873 58 22 d'or,

636 3902 43 22 des
691 3902 56 26 prix
758 3907 32 16 en
802 3901 98 25 espèces
913 3901 25 22 et
949 3900 35 23 du
995 3899 114 23 matériel
1121 3899 31 22 de
1162 3899 33 22 bu-

635 3934 66 18 reau.
718 3929 89 25 'Longs
823 3927 262 26 applaud'ssements).

663 3955 132 23 L'épreuve
808 3955 33 21 du
854 3954 109 23 courrier
978 3954 97 24 parfait
1088 3953 39 22 est
1141 3958 53 16 rem-

634 3982 85 27 portée
731 3987 49 21 par
795 3982 60 22 Mlle
869 3981 47 22 Ida
931 3980 129 23 Scheners.
1076 3979 119 23 L'intéres-

634 4008 41 24 sée
687 4009 49 22 fait
748 4014 49 18 une
809 4008 82 22 amnle
904 4008 110 22 mols^en
1025 4007 32 22 de
1067 4006 97 23 brrvos.
1177 4006 31 22 de

634 4036 91 26 primes
745 4036 27 22 et
793 4036 32 21 de
842 4040 97 17 counes.
959 4034 51 22 Enf
1012 4034 4 13 !
1019 4039 18 16 n
1058 4034 23 22 le
1100 4033 105 25 prem'"!

634 4068 45 18 nas
697 4063 32 22 de
750 4061 203 25 dartvlcn-anhie
993 4060 98 25 permet
1112 4059 17 23 à
1147 4060 57 22 M"f

633 4091 105 21 Yvonne
752 4089 131 23 Leurauin,
895 4088 32 23 de
942 4087 87 25 glaner
1042 4087 23 22 le
1080 4086 68 23 solde
1164 4086 40 22 dei

633 4115 171 24 rêcomnenees
823 4116 37 21 La
871 4115 89 22 séance
977 4115 39 21 est
1030 4113 67 23 levée
1110 4118 34 17 au
1157 4113 36 22 mi-

631 4144 49 22 lieu
692 4144 30 22 de
734 4142 202 23 l'enthousiasme
949 4140 108 25 général.

646 4221 20 30 A
696 4220 139 31 L'UNION
868 4217 325 32 PROFESSIONNELLE

818 4269 42 29 DE
887 4268 32 31 P.
943 4268 25 31 J.
995 4268 31 30 B.

657 4344 112 22 L'Union
800 4341 205 28 professionnelle
1020 4341 31 22 de
1069 4340 25 22 la
1123 4340 82 23 Police

629 4371 130 26 judiciaire
776 4370 32 23 de
825 4370 117 25 Belgique
960 4373 16 17 a
994 4370 60 21 tenu
1072 4368 132 22 dimanche

630 4399 89 24 matin,
736 4403 34 17 au
788 4397 83 22 Palais
890 4396 31 22 de
940 4396 95 22 Justice
1053 4395 31 24 de
1099 4395 91 22 Bruxel-

630 4425 43 26 les,
697 4430 50 18 une
768 4423 136 23 assemblée
929 4423 122 26 générale,
1075 4426 33 18 au
1133 4426 71 17 caurs

630 4453 31 22 de
681 4452 106 27 laquelle
806 4451 48 22 elle
874 4450 107 27 procéda
998 4455 34 16 au
1051 4449 140 23 renouvelle-

629 4481 71 20 ment
716 4480 44 21 des
775 4478 119 23 mandats
911 4478 30 23 de
956 4477 110 22 certains
1082 4477 122 21 membres

631 4507 31 22 de
681 4511 46 18 son
746 4505 98 25 comité,
860 4505 42 26 qui
921 4506 40 21 est
979 4503 115 26 composé
1111 4508 94 17 cemme

628 4534 52 21 suit
690 4539 7 17 :
731 4534 63 21 MM.
812 4533 127 24 Louwage,
972 4531 168 22 oommissaire
1172 4535 32 17 eu

630 4561 59 22 chef
710 4560 16 22 à
748 4559 134 24 Bruxelles,
904 4558 128 28 président
1055 4558 147 24 d'honneur;

629 4587 98 25 Goffin,
744 4586 169 23 commissaire
932 4586 16 22 à
968 4585 80 25 Liège,
1064 4585 136 25 président;

630 4614 109 27 Lejeune
769 4613 104 26 (Liège),
897 4613 125 22 Verdeure
1052 4612 97 21 fGand)
1179 4613 25 20 ct

628 4642 38 22 De
699 4642 88 21 Leeuw
825 4641 126 24 (Anvers),
985 4639 216 26 vice-présidents;

631 4668 94 23 Lechat
756 4668 159 24 (Bruxelles),
940 4666 133 23 secrétaire
1099 4667 26 21 et
1147 4666 55 22 Van

629 4695 106 23 Stevens
759 4695 158 23 (Bruxell-s),
937 4693 123 23 trésorier.
1077 4704 29 6 —
1127 4693 27 22 C.

1303 577 38 41 IL
1366 577 69 41 LUI
1460 578 203 43 DEMANDE
1689 581 280 42 D'EFFECTUER
1995 579 47 41 LE
2067 579 182 43 RETRAIT
2273 582 78 40 DES

1471 635 191 42 TROUPES
1688 638 114 41 POUR
1829 638 48 41 LE
1901 639 38 39 16
1965 634 229 44 NOVEMBRE

1703 707 130 12 S^i^S^*^^»
1838 709 10 9 ■■

1256 750 27 38 A
1310 747 131 41 CETTE
1466 747 113 41 DATE
1605 748 119 41 AURA
1751 750 91 41 LIEU
1869 749 81 41 UNE
1974 745 217 44 NOUVELLE
2218 741 182 48 RÉUNION

1703 813 4 7 ■
1712 816 2 6 i
1721 812 8 8 ■
1734 813 16 9 ..
1755 813 86 10 .—.-..
1843 816 13 7 .
1857 813 77 10 ....-.—
1935 812 17 10 .*

1244 844 105 26 Genève,
1372 844 27 22 24
1422 844 107 22 octobre-
1564 855 31 7 —
1630 845 34 22 Le
1683 845 92 23 conseil
1798 852 17 16 a

1271 871 114 26 repoussé
1415 871 17 22 à
1464 871 156 22 l'unanimité
1653 873 80 21 moins
1765 878 49 17 une

1271 900 62 23 voix,
1352 899 60 21 celle
1431 898 34 21 du
1483 898 89 26 Japon,
1591 899 23 21 le
1633 899 181 26 contre-projet

1274 927 92 25 jipi.ivi
1376 932 12 15 s
1411 926 30 21 de
1468 925 137 26 règlement
1631 927 35 21 du
1687 926 126 22 différend

1271 952 191 26 sino-japonais.

1244 980 20 21 Il
1287 986 17 15 a
1322 979 56 22 voté
1401 980 16 21 à
1441 977 162 27 l'unanimité,
1624 985 16 20 y
1663 980 107 26 compris
1789 980 25 22 la

1272 1007 80 22 Chine
1372 1007 25 21 et
1417 1006 81 24 moins
1517 1006 24 21 le
1561 1007 83 25 Japon
1664 1007 42 25 qui
1722 1013 17 16 a
1758 1006 56 23 voté

1271 1035 93 23 contre,
1379 1034 23 21 le
1414 1033 82 26 projet
1511 1033 30 22 de
1555 1033 135 22 résolution
1705 1035 34 20 du
1753 1039 47 16 con-

1271 1061 51 21 seil.
1340 1071 30 6 —
1386 1060 83 25 Belga.

1332 1101 211 23 DESILLUSION
1560 1101 43 22 AU
1622 1101 103 22 JAPON

1270 1142 84 25 Tokio,
1372 1142 29 21 24
1420 1142 140 22 novembre.
1592 1151 27 6 —
1649 1141 37 22 De
1706 1141 107 26 l'agence

1243 1170 85 25 Rengo
1339 1174 6 17 :

1269 1205 36 21 La
1324 1203 109 22 décision
1451 1203 34 22 du
1506 1201 98 23 Conseil
1625 1202 30 21 de
1672 1202 26 21 la
1718 1201 95 22 Société

1242 1231 43 22 des
1305 1231 105 22 Nations
1444 1233 73 18 cause
1538 1233 35 17 un
1608 1227 96 22 sérieux
1724 1227 76 27 désap-

1241 1257 156 27 pointement
1414 1256 64 22 dans
1495 1256 23 22 le
1536 1255 82 26 public
1635 1255 122 26 Japonais,
1772 1259 41 22 qui

1241 1290 16 21 y
1275 1285 52 21 voit
1345 1285 26 21 la
1386 1288 91 22 preuve
1495 1283 73 22 d'une
1586 1283 133 25 ignorance
1738 1283 31 21 de
1789 1283 23 20 la

1241 1313 120 21 situation
1384 1311 74 22 réelle
1481 1316 32 17 en
1533 1309 179 23 Mandchourie
1734 1310 26 21 et
1783 1309 29 22 de

1243 1340 25 22 la
1289 1340 74 25 façon
1385 1339 30 22 de
1436 1342 86 18 mener
1542 1337 36 23 les
1598 1337 87 22 choses
1704 1337 70 22 selon
1791 1336 22 22 le

1242 1368 70 25 point
1331 1368 31 21 de
1381 1370 45 17 vue
1445 1365 103 22 chinois.

1269 1393 202 24 Unanimement,
1489 1392 36 22 les
1560 1392 124 25 Journaux
1719 1390 93 22 locaux,

1241 1422 64 22 dans
1324 1421 66 22 leurs
1409 1420 113 22 éditions,
1541 1418 139 26 expriment
1700 1417 54 22 leur
1772 1422 26 18 re-

1241 1450 54 25 gret
1312 1449 44 21 des
1370 1448 68 21 actes
1455 1448 33 21 du
1506 1446 105 23 Conseil.
1629 1445 182 25 Quelques-uni

1241 1476 80 22 même
1341 1478 60 19 vont
1419 1474 97 26 jusqu'à
1534 1474 88 21 douier
1638 1473 30 21 de
1687 1473 26 21 la
1731 1472 66 21 sincé-

1241 1504 47 22 rité
1306 1504 31 21 de
1356 1508 27 16 ce
1402 1502 105 25 dernier,
1524 1500 121 22 estimant
1663 1504 47 21 que
1728 1499 23 21 le
1767 1499 31 21 Ja-

1240 1536 50 20 pon
1307 1530 99 22 combat
1421 1533 62 22 pour
1499 1527 115 23 résoudre
1628 1528 43 22 des
1687 1526 125 26 questionr-

1241 1558 42 26 qul
1303 1558 58 21 sont
1383 1561 63 21 pour
1464 1555 34 22 lui
1520 1556 30 22 de
1572 1555 39 23 vie
1633 1559 31 16 ou
1687 1555 30 20 de
1740 1556 64 18 mort

1241 1585 84 22 tandis
1338 1589 47 21 que
1400 1584 22 21 le
1436 1582 98 23 Conseil
1549 1582 111 25 s'occupe
1675 1581 136 21 seulement

1241 1613 30 21 de
1288 1612 86 21 vaines
1392 1610 114 22 théories.

1267 1639 71 22 Dans
1353 1637 107 23 certains
1478 1636 101 22 milieux
1597 1635 122 26 japonais,
1736 1638 32 17 on
1786 1637 25 18 se

1240 1667 98 21 montre
1378 1663 228 28 particulièrement
1646 1661 100 26 indigné
1783 1661 28 21 de

1240 1692 131 24 l'attitude,
1389 1691 73 26 qu'on
1480 1691 57 25 juge
1556 1690 50 22 très
1624 1688 140 24 Inamicale,
1782 1688 30 21 de

1239 1719 161 22 l'Antleterre
1419 1718 16 22 à
1450 1717 92 26 l'égard
1560 1718 34 21 du
1612 1717 90 24 Japon,
1719 1715 26 22 et
1764 1715 48 21 l'on

1241 1747 108 25 exprime
1366 1746 23 21 le
1408 1746 82 25 regret
1509 1748 46 22 que
1576 1743 36 22 les
1632 1742 180 22 Interventions

1240 1774 34 22 du
1311 1773 102 25 délégué
1449 1771 158 25 britannique
1643 1774 34 17 au
1714 1768 98 23 Conseil

1240 1800 113 22 donnent
1366 1805 32 16 au
1412 1799 83 25 Japon
1509 1797 161 27 l'impression
1683 1801 47 21 que
1743 1795 55 22 l'An-

1241 1828 104 25 gleterre
1364 1826 143 22 inclinerait
1526 1824 16 23 à
1560 1828 100 18 exercer
1678 1828 42 17 sur
1737 1822 75 23 celui-

1241 1856 22 21 ci
1282 1859 49 17 une
1348 1853 112 22 pression
1478 1852 83 22 indue.

1268 1881 46 22 Les
1336 1880 122 25 dépêches
1478 1883 85 21 reçues
1581 1878 31 22 de
1633 1876 179 24 Mandchourie

1241 1907 147 23 continuent
1423 1906 138 26 d'indiquer
1597 1910 46 21 que
1666 1903 88 23 l'ordre
1776 1903 37 22 est

1241 1936 64 21 dans
1321 1940 27 17 ce
1368 1938 62 22 pays
1448 1933 31 22 de
1499 1933 55 26 plus
1573 1937 32 18 en
1625 1931 56 26 plus
1700 1930 112 22 instable.

1240 1962 71 22 Deux
1330 1961 70 23 cents
1420 1961 113 22 hommes
1555 1959 31 22 de
1607 1958 88 26 troupe
1718 1957 95 22 chinois

1241 1989 45 22 ont
1310 1988 77 26 ceupé
1411 1987 55 23 hier
1489 1986 36 23 les
1551 1986 41 23 fils
1616 1984 197 26 télégraphiques

1241 2018 26 21 et
1288 2014 188 27 téléphoniques
1497 2014 31 23 de
1548 2013 27 22 la
1593 2012 95 22 station
1710 2011 33 22 du
1765 2011 45 21 Su-

1241 2043 141 22 Chla-Tun.
1405 2043 35 22 Ce
1476 2040 89 25 matin,
1584 2040 66 21 alors
1685 2038 58 26 qu'il
1766 2043 34 21 pa-

1241 2070 121 22 trouillait
1385 2070 64 21 dans
1471 2068 37 22 les
1529 2072 57 18 rues
1594 2067 30 22 de
1638 2065 133 25 Moukden,
1778 2069 35 17 un

1240 2096 195 24 sergent-major
1468 2094 115 27 japonais
1615 2098 17 17 a
1664 2093 39 23 été
1735 2093 79 21 blesse

1241 2123 184 23 mortellement
1443 2127 47 21 par
1507 2127 35 17 un
1562 2125 62 22 coup
1645 2121 30 22 de
1692 2120 44 22 feu
1755 2123 45 22 pro-

1241 2151 94 22 venant
1356 2151 59 21 d'un
1437 2154 92 22 groupe
1551 2149 74 22 d'une
1646 2147 115 23 centaine
1784 2145 30 22 de

1241 2178 95 22 soldats
1353 2177 103 23 chinois.
1474 2188 29 5 —
1520 2176 85 26 Belga.

1368 2217 51 23 ILS
1440 2217 67 23 S'EN
1525 2216 134 23 IRAIENT
1681 2215 9 22 !

1269 2259 118 23 Londres.
1403 2258 29 22 24
1447 2257 107 23 octobre.
1571 2268 29 5 —
1617 2257 42 22 On
1675 2256 92 22 mande
1784 2255 30 22 de

1242 2287 78 22 Tokio
1340 2285 16 23 à
1377 2286 109 25 l'agence
1504 2285 94 21 Reuter
1621 2289 6 16 :

1270 2314 47 21 Les
1336 2313 102 22 milieux
1457 2311 114 23 officiels,
1591 2310 74 26 déçus
1681 2310 26 22 et
1725 2309 90 22 blessés

1242 2345 46 22 par
1304 2340 125 22 l'attitude
1445 2340 30 21 de
1491 2339 25 21 la
1532 2337 96 23 Société
1645 2337 43 23 des
1702 2337 112 24 Nations,

1243 2373 31 17 ne
1291 2366 107 23 cachent
1412 2371 46 21 pas
1474 2366 54 22 leur
1544 2364 136 23 résolution
1696 2363 119 23 d'étudier

1243 2393 178 23 sérieusement
1439 2393 25 24 la
1485 2392 114 26 question
1621 2391 33 23 du
1675 2390 90 23 retrait
1782 2391 33 22 du

1242 2422 83 23 Japon
1342 2421 31 22 de
1388 2419 153 23 l'assemblée
1558 2419 30 22 de
1605 2418 107 22 Genève.

1271 2448 41 22 On
1326 2447 89 22 estime
1430 2451 47 20 que
1492 2446 23 22 le
1530 2445 73 26 point
1618 2446 30 21 de
1663 2450 48 17 vue
1723 2444 91 26 spécial

1242 2476 34 21 du
1293 2476 83 25 Japon
1391 2479 16 16 a
1424 2472 40 23 été
1480 2472 124 23 méconnu
1622 2473 26 22 et
1662 2477 46 20 que
1726 2467 25 26 là
1768 2472 34 22 So-

1242 2501 62 23 ciété
1325 2502 44 21 d=s
1389 2501 107 21 Nations
1516 2500 42 22 n'a
1578 2504 46 21 pas
1643 2498 40 23 été
1704 2499 75 22 fidèle
1800 2498 15 23 à

1241 2534 46 17 son
1308 2528 65 23 id'al
1394 2533 33 16 en
1449 2527 156 21 s'abstenant
1627 2526 124 22 d'insister
1773 2531 41 17 sur

1242 2556 23 22 le
1284 2554 126 23 caractère
1427 2553 186 23 d'inviolabilité
1632 2554 43 22 des
1693 2553 95 22 traités.

1269 2583 40 21 On
1332 2582 97 22 déclare
1448 2586 32 17 en
1502 2580 65 23 effet
1587 2586 47 17 oue
1655 2580 26 22 la
1700 2581 114 24 question

1242 2608 196 24 fondamentale,
1455 2608 42 26 qui
1514 2613 26 17 se
1557 2613 66 20 pose,
1640 2608 38 22 est
1694 2608 60 21 celle
1772 2608 43 22 des

1243 2636 77 22 droits
1339 2640 124 17 reconnus
1483 2640 32 17 au
1535 2636 82 25 Japon
1637 2639 47 21 par
1702 2635 36 22 les
1755 2639 46 17 con-

1240 2663 115 22 ventions
1370 2663 215 23 internationales.
1599 2675 29 5 —
1643 2664 84 26 Belga.

1314 2704 44 22 OU
1376 2704 42 21 EN
1435 2704 59 22 EST
1508 2704 40 21 LA
1566 2704 176 22 SITUATION

1271 2744 107 26 Genève,
1398 2745 29 21 24
1447 2745 106 22 octobre.
1572 2756 29 5 —
1619 2744 79 27 Après
1717 2745 23 22 le
1760 2745 57 22 vote

1241 2778 46 20 par
1302 2773 23 23 le
1344 2772 99 23 Conseil
1460 2773 32 22 de
1509 2777 46 18 son
1574 2773 83 26 projet
1672 2773 30 21 de
1720 2772 82 23 résolu-

1241 2800 61 26 tion,
1326 2800 26 22 la
1377 2800 121 22 situation
1524 2801 64 21 clans
1612 2800 109 22 l'affaire
1746 2801 68 21 slno-

1241 2829 130 25 japenalse
1388 2833 26 17 se
1429 2827 116 28 présente
1561 2833 97 18 comme
1675 2828 51 22 suit
1747 2833 6 17 :

1269 2856 33 22 Le
1316 2856 106 24 Conseil,
1436 2861 46 21 par
1494 2861 30 17 sa
1538 2856 142 24 résolution,
1695 2856 121 22 demande

1241 2890 33 17 au
1297 2885 83 25 Japon
1403 2884 146 22 d'effectuer
1569 2883 24 22 le
1615 2883 89 23 retrait
1723 2884 31 21 de
1776 2888 40 17 ses
1826 2880 28 37 js

1241 2912 107 26 troupes,
1375 2912 30 22 de
1431 2911 58 23 telle
1514 2911 111 23 manière
1650 2911 59 26 qu'il
1733 2910 82 27 puisse
1826 2904 3 31 !
1848 2926 6 12 ,

1241 2939 53 22 être
1313 2939 93 22 achevé
1425 2944 64 22 pour
1507 2939 23 22 le
1551 2939 26 22 16
1597 2939 140 24 novembre,
1757 2939 58 21 date

1241 2967 16 22 à
1273 2967 105 27 laquelle
1393 2966 24 23 le
1432 2966 100 23 Conseil
1546 2972 27 19 se
1587 2966 102 23 réunira
1704 2967 31 22 de
1751 2971 51 18 nou-

1240 3000 70 19 veau.

1268 3023 23 22 Il
1313 3023 122 23 demande
1457 3022 17 23 à
1495 3023 26 22 la
1543 3022 81 24 Chine
1645 3022 124 22 d'assurer
1789 3021 26 22 la

1240 3051 139 26 protection
1403 3051 31 21 de
1457 3050 25 23 la
1503 3050 39 23 vie
1565 3051 26 21 et
1611 3050 44 22 des
1677 3050 71 22 biens
1772 3050 43 21 des

1240 3078 185 23 ressortissants
1445 3078 116 26 Japonais
1578 3082 35 18 en
1631 3077 90 23 dehors
1740 3077 31 22 de
1789 3077 25 22 la

1240 3112 61 17 zene
1318 3107 31 21 :'u
1362 3106 101 22 chemin
1477 3106 31 22 de
1521 3105 40 22 fer
1575 3106 26 22 et
1615 3105 140 22 d'attacher
1766 3109 49 17 aux

1241 3134 121 22 autorités
1388 3133 132 24 chinoises,
1543 3132 121 26 chargées
1689 3132 31 22 de
1747 3132 66 21 cette

1239 3162 111 27 mission,
1364 3162 44 21 des
1421 3160 188 27 représentants
1623 3161 109 21 d'autres
1745 3159 57 27 puis-

1239 3194 95 20 sances,
1358 3189 56 22 afin
1435 3189 31 21 de
1491 3188 83 22 suivre
1598 3187 148 23 l'exécution
1770 3187 44 21 des

1239 3221 111 18 mesures
1363 3218 31 21 de
1407 3216 141 27 protection
1562 3215 80 27 prises
1654 3219 47 23 par
1714 3219 41 18 ces
1767 3220 34 17 au-

1240 3244 93 23 torités.

1268 3273 21 21 Il
1305 3272 175 22 rerommande
1495 3271 67 22 aussi
1578 3276 50 17 aux
1643 3271 65 22 deux
1721 3270 93 27 parties

1240 3300 31 21 de
1288 3299 115 25 désigner
1418 3298 189 22 imédiatement
1624 3299 43 21 des
1684 3298 117 26 représen-

1240 3328 71 20 tants
1327 3327 109 22 d'autres
1451 3326 143 26 puissances
1608 3331 63 21 pour
1685 3325 80 26 régler
1779 3326 35 21 les

1241 3354 90 22 détails
1347 3354 154 22 d'exécution
1517 3354 31 21 de
1561 3353 164 22 l'évacuation
1741 3353 27 22 et
1784 3354 31 21 de

1241 3381 26 22 la
1285 3381 66 26 prise
1369 3386 34 17 en
1423 3381 92 25 charge
1536 3381 43 21 des
1597 3380 138 23 territoires
1754 3380 46 22 éva-

1241 3408 65 22 cués.
1327 3408 23 22 Il
1371 3409 182 24 recomman:"e,
1576 3409 79 24 enfin,
1677 3413 50 17 aux
1750 3409 64 21 deux

1241 3437 206 24 gouvernements
1468 3436 144 24 d'entamer,
1632 3437 44 20 des
1692 3435 109 22 l'achève-

1241 3466 71 21 ment
1334 3464 31 22 de
1387 3464 171 24 l'évacuaticn,
1580 3464 45 22 des
1645 3463 169 26 négociations

1242 3492 105 21 directes
1362 3496 43 17 sur
1421 3491 82 22 toutes
1517 3491 37 22 les
1568 3490 127 27 questions
1711 3495 32 18 en
1757 3495 42 17 sus-

1242 3524 61 21 pens
1323 3519 71 22 entre
1413 3519 60 22 elles
1491 3519 28 22 et
1534 3519 54 21 leur
1608 3518 110 26 suggère,
1738 3518 17 22 à
1772 3520 40 20 cet

1241 3547 70 24 effet,
1326 3547 31 22 de
1369 3547 137 21 constituer
1519 3551 50 17 une
1584 3545 158 23 commission
1756 3551 44 20 per-

1241 3575 118 21 manente
1380 3574 31 23 de
1432 3574 159 22 conciliation
1613 3579 33 17 ou
1665 3574 57 22 tout
1740 3574 71 22 autre

1240 3602 141 25 organisme
1396 3602 34 22 du
1445 3602 81 21 même
1538 3602 80 22 ordre.

1268 3630 36 21 La
1319 3630 65 26 prise
1398 3630 32 21 de
1444 3630 66 21 cette
1524 3628 110 23 décision
1647 3634 47 21 par
1707 3628 23 23 le
1745 3629 54 21 Con-

1241 3657 44 22 seil
1305 3657 123 22 constitue
1446 3657 24 22 le
1488 3657 108 26 premier
1613 3657 73 21 stade
1704 3657 30 21 de
1751 3656 47 22 l'ac-

1241 3684 54 23 tion
1307 3685 30 22 de
1352 3684 101 22 celui-ci
1467 3690 34 17 en
1515 3690 42 16 cas
1571 3685 31 21 de
1617 3684 127 22 différend
1758 3688 40 17 me-

1239 3713 96 25 naçant
1348 3713 26 21 la
1388 3713 58 25 paix
1461 3713 34 21 du
1509 3717 97 17 monte.
1620 3712 34 22 Le
1668 3716 99 17 recours
1781 3711 31 21 de

1240 3740 25 22 la
1284 3740 81 22 Chine
1384 3745 33 17 au
1437 3740 106 24 Conseil,
1562 3744 33 17 en
1611 3741 73 20 vertu
1703 3739 30 22 de
1753 3739 46 21 l'ar-

1240 3767 58 22 ticle
1315 3768 27 21 11
1356 3768 35 22 du
1406 3768 76 21 Pacte
1499 3768 30 22 de
1545 3767 25 22 la
1586 3766 96 22 Société
1700 3767 43 22 des
1758 3766 39 22 Na-

1240 3796 73 24 tions,
1329 3800 17 17 a
1362 3795 124 26 provoqué
1502 3796 27 21 et
1544 3795 93 21 obtenu
1654 3800 28 17 ce
1698 3798 47 22 que
1761 3793 51 22 l'on

1239 3823 97 26 appelle
1355 3832 10 9 -
1384 3822 36 22 les
1438 3823 63 21 bons
1516 3822 91 22 offices
1623 3823 34 21 du
1675 3821 99 23 Conseil
1792 3829 20 14 ».

1239 3852 34 21 Ce
1286 3856 76 20 genre
1377 3850 192 22 d'intervention
1585 3850 96 26 permet
1696 3854 34 17 au
1744 3848 54 23 Con-

1238 3879 46 21 seil
1301 3879 78 25 d'agir
1397 3877 17 23 à
1432 3877 25 23 la
1475 3877 118 27 majorité
1610 3878 44 21 des
1671 3877 64 24 voix,
1752 3881 59 17 sans

1238 3907 58 26 qu'il
1319 3907 50 21 soit
1393 3905 115 27 question
1532 3906 31 21 de
1587 3904 129 23 sanctions
1740 3904 58 22 d'au-

1238 3939 64 17 cune
1319 3934 74 22 sorte.
1410 3933 22 22 B
1449 3938 28 19 se
1490 3933 78 22 borne
1584 3933 64 21 donc
1665 3932 17 22 à
1697 3932 114 26 indiquer

1238 3967 49 17 aux
1301 3962 62 22 deur
1376 3961 95 27 parties
1483 3961 26 22 la
1522 3961 102 22 marche
1638 3960 17 21 à
1670 3960 81 22 suivre
1765 3963 46 22 par

1237 3990 60 22 elles
1314 3995 63 21 pour
1392 3989 95 22 arriver
1502 3988 17 22 à
1535 3993 50 17 une
1600 3987 110 24 entente.

1265 4018 33 24 Le
1315 4018 27 21 16
1357 4017 140 24 novembre,
1512 4016 17 22 à
1544 4015 157 27 l'expiration
1717 4015 33 22 du
1765 4014 32 23 dé-

1237 4046 34 21 lai
1291 4044 51 23 fixé
1363 4049 50 18 aux
1433 4045 65 21 deux
1519 4043 100 27 parties,
1636 4043 109 22 l'affaire
1763 4048 34 17 en-

1237 4074 68 21 trera
1329 4073 64 22 dans
1416 4077 50 17 une
1490 4072 79 27 phase
1593 4071 120 23 nouvelle,
1735 4070 35 25 si,
1793 4069 16 23 à

1236 4101 66 23 cette
1318 4100 64 25 date,
1396 4100 24 22 le
1434 4099 124 23 territoire
1572 4098 93 26 occupé
1679 4097 131 23 indûment

1235 4134 47 21 par
1293 4128 37 22 les
1343 4129 102 25 troupes
1458 4127 143 26 japonaises
1615 4127 64 21 n'est
1691 4130 47 22 pas
1751 4126 46 22 éva-

1236 4156 45 23 cué
1297 4161 47 21 par
1362 4156 60 21 elles
1439 4156 27 21 et
1481 4155 23 22 si
1522 4155 43 22 des
1581 4153 143 27 opérations
1741 4153 55 22 mili-

1236 4184 83 24 taires,
1340 4184 49 22 tels
1410 4187 47 23 que
1479 4183 44 22 des
1544 4181 217 23 bombardements
1783 4185 26 17 se

1235 4211 180 25 reproduisent,
1445 4210 25 22 le
1501 4209 195 27 gouvernement
1726 4209 31 22 de
1785 4207 25 23 la

1235 4239 81 22 Chine
1331 4244 57 17 sera
1402 4237 77 24 fondé
1494 4237 17 22 à
1524 4237 111 22 recourir
1648 4237 32 21 de
1695 4240 114 18 nouveau

1234 4267 18 22 à
1266 4267 26 22 la
1307 4266 97 23 Société
1419 4267 45 21 des
1479 4265 113 23 Nations.
1608 4265 35 22 Oe
1658 4268 99 18 recours
1770 4264 39 21 est

1234 4294 148 27 susceptible
1401 4294 31 22 de
1450 4297 138 23 provoquer
1606 4292 31 22 de
1656 4292 26 22 la
1699 4292 58 26 part
1775 4292 34 21 du

1235 4322 99 23 Conseil
1351 4322 26 22 la
1392 4322 66 26 prise
1477 4322 31 22 de
1521 4325 111 18 mesures
1649 4320 31 22 de
1695 4319 112 27 pression

1234 4350 159 26 comportant
1414 4354 33 18 en
1469 4349 99 22 dernier
1588 4348 94 22 ressort
1701 4347 26 22 la
1747 4351 47 22 rup-

1234 4379 55 21 ture
1302 4378 45 22 des
1361 4377 120 23 relations
1495 4376 172 25 économiques
1680 4375 27 21 et
1721 4375 73 21 finan-

1234 4405 77 22 cières
1325 4406 72 23 entre
1413 4405 23 22 le
1449 4405 84 26 Japon
1547 4404 28 22 et
1589 4403 36 22 les
1640 4403 72 22 Etats
1726 4407 67 17 mem-

1233 4434 56 21 bres
1302 4434 30 21 de
1345 4433 26 22 la
1384 4432 97 22 Société
1494 4433 43 21 des
1550 4431 113 22 Nations.
1676 4431 42 21 On
1731 4434 76 22 pense

1234 4460 185 26 généralement
1437 4465 47 21 que
1501 4460 24 22 le
1543 4459 91 26 Japon,
1651 4457 43 27 qui
1710 4457 96 22 souffre

1233 4488 228 26 particulièrement
1508 4487 35 22 du
1577 4486 89 26 boycot
1683 4487 5 3 '
1703 4485 103 24 chinois,

1233 4516 96 25 n'agira
1344 4520 46 22 pas
1406 4516 30 22 de
1452 4514 112 24 manière
1579 4514 17 23 à
1611 4518 137 23 provoquer
1762 4513 44 22 des

1232 4548 110 17 mesures
1364 4544 112 25 pouvant
1500 4541 129 24 entraîner
1652 4541 26 23 la
1702 4540 103 23 rurdure

1232 4571 43 22 des
1294 4571 120 22 relations
1434 4570 185 22 commerciales
1638 4570 26 22 et
1680 4567 112 24 financiè-

1231 4603 40 17 res
1289 4603 59 18 avec
1367 4598 36 23 les
1421 4598 85 23 autres
1523 4597 124 23 membres
1665 4597 30 22 de
1714 4596 26 22 la
1758 4596 33 22 So-

1232 4625 61 23 ciété
1316 4627 44 21 des
1380 4626 114 22 Nations.

1323 4668 58 21 LES
1399 4668 150 21 MESURES
1568 4667 145 23 PREVUES

1840 846 30 23 de
1891 844 138 28 protection
2048 847 63 22 pour
2130 848 104 21 assurer,
2253 845 60 22 hors
2333 845 30 22 de
2383 845 24 21 la

1842 879 60 16 zone
1918 874 33 21 du
1965 870 100 24 chemin
2080 870 30 21 de
2123 871 46 25 fer,
2182 872 25 22 la
2220 872 105 23 sécurité
2341 873 30 21 de
2385 872 25 21 la

1840 902 39 20 vie
1895 902 26 21 et
1936 901 43 21 des
1995 899 69 21 biens
2081 898 43 21 des
2138 900 184 21 ressortissants
2337 900 59 26 japo-

1839 931 63 19 nais.

1869 956 33 22 Le
1918 953 98 24 Conseil
2032 959 16 16 a
2062 952 64 22 donc
2142 953 64 23 ainsi
2223 955 87 26 rempli
2327 955 25 22 la
2369 955 27 21 tâ-

1844 984 46 21 che
1911 982 41 27 qui
1974 981 36 22 lui
2031 980 38 22 est
2089 980 112 26 assignée
2223 987 46 21 par
2289 983 24 22 le
2334 983 75 25 pacte

1840 1011 98 22 Devant
1961 1014 49 18 une
2032 1007 93 26 grande
2147 1013 136 21 puissance,
2306 1011 41 24 qui
2368 1013 40 18 n'a

1841 1043 45 21 pas
1907 1038 82 21 craint
2006 1037 63 21 dans
2088 1040 28 16 ce
2136 1036 89 22 conflit
2244 1042 31 17 ce
2296 1042 26 17 se
2344 1037 51 22 dési-

1842 1070 61 20 gner
1928 1063 141 23 elle-même
2095 1067 95 18 comme
2216 1064 151 25 l'agresseur,
2392 1064 17 22 11

1843 1099 17 16 a
1876 1094 52 25 pris
1945 1092 82 22 toutes
2044 1094 40 18 ses
2101 1091 205 25 responsabilités.

1869 1120 23 22 Il
1916 1126 16 17 a
1957 1120 92 22 obtenu
2074 1116 57 27 déjà
2154 1119 43 22 des
2217 1119 118 22 résultats
2360 1119 50 22 très

1842 1146 186 24 considérables.
2042 1145 21 21 A
2077 1149 46 18 son
2137 1146 174 25 intervention,
2325 1152 31 17 en
2370 1147 27 21 ef-

1844 1176 44 24 fet,
1906 1176 23 21 le
1946 1175 82 25 Japon
2044 1178 16 16 a
2077 1173 100 25 accepté
2194 1174 25 22 la
2236 1175 175 21 collaboration

1843 1203 149 22 américaine
2006 1206 32 17 au
2054 1200 105 25 Conseil,
2175 1201 17 22 il
2208 1207 16 16 a
2240 1202 97 22 déclaré
2353 1202 57 26 qu'il

1843 1231 94 21 n'avait
1956 1232 96 19 aucune
2072 1227 65 22 visée
2158 1229 148 22 territoriale
2325 1235 43 16 sur
2387 1230 24 20 la

1844 1257 186 23 Mandchourie,
2050 1255 17 21 11
2088 1255 58 22 s'est
2165 1257 93 25 engagé
2279 1257 15 22 à
2315 1262 32 18 ne
2368 1261 44 18 ras

1843 1290 119 21 aggraver
1976 1283 70 22 l'état
2061 1283 30 21 de
2105 1283 86 22 choses
2205 1285 110 21 existant
2327 1285 26 23 et
2367 1290 44 20 par

1841 1313 24 22 la
1886 1312 134 22 résolution
2043 1311 33 21 du
2098 1310 28 22 30
2147 1312 146 26 septembre,
2314 1312 58 26 qu'il
2395 1317 14 16 a

1842 1340 76 25 votée,
1932 1340 18 21 il
1964 1339 59 22 s'est
2038 1337 92 26 engagé
2145 1338 16 22 à
2176 1339 88 22 retirer
2275 1340 122 26 progressi-

1842 1369 99 21 vement
1956 1372 39 17 ses
2011 1367 100 23 trouines
2127 1365 16 22 à
2159 1371 97 18 mesure
2272 1372 47 21 que
2336 1367 60 22 s'éta-

1842 1395 83 22 blirait
1945 1395 24 21 la
1990 1393 104 22 sécurité
2115 1393 31 22 de
2164 1398 40 17 ses
2220 1395 189 21 ressortissants.

1840 1424 22 20 U
1881 1428 22 19 a,
1921 1422 78 24 enfin,
2018 1420 96 22 déclaré
2131 1421 204 24 solennellement
2353 1422 56 26 qu'il

1843 1455 32 17 ne
1892 1450 94 21 voulait
2004 1448 79 25 régler
2099 1448 24 21 le
2140 1449 88 22 conflit
2245 1455 46 20 que
2309 1455 45 21 par
2368 1451 43 21 des

1846 1482 100 21 moyens
1967 1477 144 25 paclflqu«°.
2133 1476 86 25 Quant
2242 1480 15 18 a
2280 1477 25 22 la
2327 1478 84 23 Chine,

1840 1505 46 22 elle
1902 1511 15 16 a
1933 1505 76 21 remis
2023 1508 45 17 son
2084 1504 52 20 sort
2149 1509 32 16 en
2196 1505 69 21 toute
2280 1505 129 22 confiance

1842 1533 16 22 à
1875 1533 25 21 la
1918 1532 107 22 décision
2044 1531 33 21 du
2095 1531 105 22 Conseil.
2217 1532 33 21 Le
2267 1533 89 21 conflit
2374 1533 36 22 est

1841 1561 63 21 donc
1920 1564 17 17 a
1951 1559 100 27 présent
2065 1558 130 23 maintenu
2210 1560 62 21 dans
2286 1561 43 21 des
2344 1560 52 22 limi-

1845 1589 37 20 tes
1903 1587 150 22 restreintes.

1868 1615 178 22 Evidemment,
2067 1618 33 17 on
2121 1615 83 20 aurait
2225 1615 112 22 souhaité
2358 1615 51 22 voir

1841 1644 22 20 le
1880 1643 82 25 Japon
1978 1641 113 26 accepter
2104 1640 25 22 la
2144 1641 135 23 résolution
2294 1643 33 22 du
2343 1644 53 20 Con-

1840 1671 45 21 seil
1907 1671 25 22 et
1956 1670 93 21 donner
2071 1668 64 21 ainsi
2157 1674 32 17 au
2212 1670 90 23 monde
2324 1671 73 21 l'assu-

1840 1701 75 18 rance
1937 1701 47 22 que
2007 1696 23 22 le
2053 1695 89 22 conflit
2163 1697 77 22 serait
2260 1697 66 26 réglé
2348 1698 60 21 dant

1844 1725 36 22 les
1895 1725 62 22 trois
1970 1724 123 22 semaines
2109 1723 41 26 qui
2166 1725 60 21 vont
2242 1725 88 22 suivre.

1868 1753 44 21 Tel
1927 1752 58 26 qu'il
1999 1751 38 24 est
2050 1751 147 27 cependant,
2212 1751 23 23 le
2248 1751 105 23 résultat
2366 1753 31 21 ob-

1843 1780 61 22 tenu
1920 1781 37 21 est
1974 1779 51 23 très
2041 1777 174 27 considérable,
2230 1780 34 25 et,
2280 1780 63 22 dans
2359 1785 41 17 cer-

1843 1808 68 21 tains
1934 1812 68 22 pays,
2027 1806 64 22 dans
2111 1806 23 21 le
2157 1806 71 23 nôtre
2252 1808 105 24 surtout,
2381 1807 32 22 où

1843 1835 50 22 l'on
1907 1840 27 17 se
1948 1834 114 23 souvient
2075 1834 74 25 qu'au
2163 1834 76 23 début
2253 1835 84 22 d'août
2353 1835 60 24 1914,

1842 1863 36 21 les
1896 1862 96 23 armées
2011 1861 152 22 allemandes
2182 1862 147 25 occupèrent
2347 1862 52 22 mili-

1843 1890 133 22 tairement
1995 1889 26 22 la
2040 1888 117 26 Belgique
2177 1894 32 17 en
2226 1890 118 22 assurant
2364 1895 46 21 que

1843 1917 65 23 cette
1921 1916 145 23 occupation
2080 1915 77 22 serait
2168 1917 133 25 proviseire
2314 1919 25 21 et
2351 1917 62 22 était

1843 1944 160 23 commandée
2028 1947 46 23 par
2099 1943 23 21 le
2147 1944 68 22 souci
2241 1945 121 22 d'assurer
2388 1945 24 22 la

1843 1972 105 23 sécurité
1967 1972 31 22 de
2017 1970 167 26 l'Allemagne,
2200 1972 41 25 qui
2259 1972 94 22 n'avait
2371 1976 41 18 sur

1842 1999 24 23 la
1881 1999 117 26 Belgique
2015 2002 96 18 aucune
2126 1998 66 22 visée
2207 1999 156 25 territoriale,
2379 2005 33 17 on

1841 2027 127 22 retiendra
1988 2031 59 17 avec
2067 2025 158 24 satisfaction
2244 2027 65 22 cette
2329 2027 83 27 parole

1843 2055 30 22 de
1893 2055 34 22 M.
1947 2054 103 24 Briand,
2069 2053 42 25 qui
2129 2053 120 26 souligna,
2266 2055 40 21 cet
2326 2054 85 27 après-

1842 2083 68 24 midi,
1935 2087 58 17 avec
2019 2082 75 22 force,
2118 2085 46 21 que
2188 2082 65 22 dans
2277 2082 23 22 le
2324 2082 87 22 conflit

1843 2109 108 27 présent,
1967 2110 23 22 le
2009 2108 98 23 Conseil
2124 2108 82 24 s'était
2223 2109 85 23 trouvé
2325 2110 87 22 amené

1842 2138 16 21 à
1869 2138 87 23 suivre,
1969 2136 92 23 devant
2072 2141 36 17 un
2120 2141 41 17 cas
2174 2137 178 26 exceptionnel,
2363 2142 48 17 une

1843 2165 134 26 procédure
1997 2163 193 26 exceptionnelle
2209 2164 43 26 qui
2270 2169 32 19 r.e
2322 2170 90 21 pourra

1843 2193 136 22 constituer
2000 2197 35 17 un
2056 2190 139 27 précédent.
2216 2203 29 5 —
2266 2193 83 25 Belga.

1933 2225 128 24 DEPART
2081 2226 43 21 DE
2144 2226 35 25 M.
2199 2226 125 22 BRIAND

1874 2260 108 26 Genève,
2006 2260 28 22 25
2057 2259 106 23 octobre.
2189 2271 30 5 —
2244 2261 34 21 M.
2305 2260 107 22 Aristide

1843 2289 96 22 Briand
1960 2288 108 26 quittera
2090 2287 100 24 Genève
2213 2288 63 22 dans
2297 2288 26 23 la
2344 2289 56 25 jour-

1843 2316 53 23 née.
1913 2327 30 6 —
1958 2315 84 27 Belga.

1926 2351 57 21 LES
2006 2349 154 23 JAPONAIS
2183 2350 146 22 LANCENT

2022 2383 61 22 DES
2101 2383 131 24 BOMBES

1871 2419 108 25 Nankin,
1994 2418 28 22 24
2036 2417 106 23 octobre.
2154 2429 30 5 —
2198 2418 105 23 Suivant
2317 2419 43 22 des
2374 2418 26 22 In-

1842 2446 149 23 formations
2011 2446 31 21 de
2061 2449 85 18 source
2165 2445 118 26 chinoise,
2303 2451 32 17 en
2354 2452 45 20 pro-

1842 2479 112 17 venance
1968 2475 31 21 de
2014 2472 137 25 Kharblne,
2166 2474 43 21 des
2221 2474 146 26 aéroplanes
2374 2474 27 26 Ja-

1842 2502 88 26 ponais
1966 2501 115 22 auraient
2110 2500 71 22 lancé
2213 2502 13 21 5
2248 2502 100 21 bombes
2371 2505 39 19 sut

1842 2529 132 27 Schlenpo,
1986 2528 78 27 petite
2076 2527 57 22 ville
2147 2533 32 18 au
2191 2529 64 22 nord
2267 2530 30 21 de
2310 2529 102 26 TchanG

1843 2557 111 25 Tchung.
1973 2557 51 21 Des
2044 2555 67 22 raids
2128 2556 96 22 aériens
2242 2556 109 23 seraient
2370 2562 30 17 ac-

1843 2584 146 22 tuellement
2001 2582 121 24 effectués
2135 2588 45 21 par
2193 2584 35 21 les
2240 2584 120 26 Japonais
2371 2587 40 19 suï

1843 2612 147 26 Tsitslkhar,
2005 2610 106 27 capitale
2128 2611 33 22 du
2175 2611 211 26 Heilung-Kiang.

1870 2640 34 22 Le
1918 2638 193 27 gouvernement
2124 2643 17 17 a
2154 2638 96 24 déclaré
2264 2638 106 23 dénuées
2383 2640 29 21 de

1843 2667 57 23 tout
1922 2666 148 23 fondement
2096 2665 36 22 les
2158 2666 176 22 lnfonuatlcns
2359 2667 38 21 sui-

1843 2695 61 23 vant
1923 2694 128 26 lesquelles
2071 2693 23 21 le
2114 2694 164 21 communiste
2298 2695 112 22 Noulens,

1842 2722 82 23 arrêté
1945 2727 40 17 ces
2007 2721 110 23 derniers
2137 2721 81 26 temps
2238 2721 15 22 à
2275 2722 134 26 Shanghai

1843 2751 16 21 à
1877 2750 26 23 la
1921 2750 64 21 suite
2005 2754 30 17 ce
2053 2748 173 27 perquisitions
2245 2750 30 21 de
2294 2749 25 22 la
2335 2750 74 25 pcliei

1842 2783 33 18 au
1898 2777 86 23 centre
2009 2777 28 22 de
2061 2777 158 25 propagande
2243 2777 166 25 communiste

1843 2806 84 22 aurait
1943 2805 39 23 été
1997 2804 138 23 condamné
2152 2804 16 22 à
2183 2805 66 22 mort
2264 2805 26 21 et
2303 2810 29 16 sa
2348 2804 51 23 fem-

1842 2839 40 17 me
1897 2833 16 22 à
1928 2833 26 22 la
1969 2832 84 27 prison
2069 2831 157 27 perpétuelle.
2241 2843 29 5 —
2285 2833 100 21 Reuter.

2441 355 253 66 ROME
2746 358 151 65 EST
2943 352 243 70 AUNE
3240 352 360 52 collision

662 4766 13 14 ::
692 4762 30 18 De
738 4762 91 17 Londres
848 4765 5 14 :
870 4761 88 17 Parlant
973 4761 133 20 aujourd'hui
1124 4763 12 14 a
1152 4761 50 17 Sea-

628 4784 54 20 bam.
699 4784 28 17 M-
742 4783 129 18 MaeDonald
887 4786 13 13 a
915 4782 81 18 déclaré
1011 4782 63 19 qu'un
1090 4783 59 19 poste
1164 4782 27 17 Im-

627 4806 87 20 portant
731 4805 13 17 A
758 4804 113 20 l'étranger
888 4803 30 18 lut
934 4803 58 17 avait
1009 4803 33 17 été
1059 4802 72 21 offert,
1149 4803 53 17 mais

627 4827 50 21 qu'U
690 4825 74 19 l'avait
776 4825 76 18 refusé.
866 4833 24 5 —
902 4825 85 17 Reuter.

1259 4709 38 21 En
1313 4713 28 17 ce
1358 4709 42 26 qui
1416 4713 121 18 concerne
1552 4708 26 23 la
1592 4708 88 25 Chine,
1694 4713 34 17 on
1743 4708 60 27 peut

1230 4736 99 26 espérer
1344 4741 47 21 que
1406 4736 143 25 désormais,
1565 4736 165 22 moralement
1745 4740 55 18 ren«

1231 4763 82 23 forcée
1334 4768 47 22 par
1402 4764 44 22 des
1488 4763 187 27 représentants
1695 4763 107 23 d'autres

1230 4791 150 26 puissanoes,
1401 4791 37 22 les
1459 4790 120 24 autorités
1598 4791 124 23 chinoises
1743 4795 46 18 sau-

1229 4819 59 22 ront
1308 4819 107 26 prendre
1432 4819 177 22 efficacement
1629 4819 44 22 des
1692 4823 111 18 mesures

2065 3752 118 22 HETTIE

1865 3797 28 16 ce
1913 3792 57 22 vieil
1991 3792 87 21 indien
2100 3792 31 21 de
2152 3792 227 26 quatre-vingt-dix

1864 3824 53 19 ans,
1937 3819 38 21 est
1992 3824 35 17 un
2047 3819 43 21 des
2109 3820 110 22 derniers
2238 3821 141 21 survivants

1865 3846 31 21 de
1915 3846 26 20 la
1959 3846 67 21 tribu
2047 3846 31 21 de
2098 3846 25 21 la
2143 3847 126 22 Yoscmite
2287 3847 92 25 Valley,

1865 3878 33 16 cn
1911 3873 142 21 Californie.
2067 3874 71 21 Cette
2150 3873 86 26 région
2248 3875 38 21 est
2299 3874 67 22 domi-

1865 3899 46 22 née
1937 3899 31 22 de
1993 3900 57 21 tous
2075 3899 67 22 côtés
2167 3906 47 21 par
2238 3902 141 25 d'abruptes

1865 3926 101 22 [alaises
1989 3926 32 22 de
2041 3926 84 26 granit
2148 3928 73 21 d'une
2243 3927 136 23 verticalité

1864 3958 103 21 presque
1984 3953 107 25 absolue,
2106 3954 61 22 dont
2183 3961 33 15 on
2230 3961 16 16 a
2262 3954 116 27 rapporté

1863 3981 26 21 la
1913 3980 91 22 forma'
2008 3981 42 21 ien
2075 3980 17 22 à
2116 3981 112 22 l'érosion
2255 3982 122 25 glaciaire.

1864 4008 34 21 Le
1918 4008 62 21 fend
2001 4007 80 22 même
2102 4008 31 21 de
2153 4008 25 22 la
2199 4009 85 24 vallée,
2305 4010 73 21 d'une

1862 4034 104 22 fertilité
1983 4034 201 26 exceptionnelle,
2203 4037 123 21 constitue
2342 4042 35 15 un

1862 4061 120 22 véritable
2000 4061 101 26 paradis
2118 4061 51 23 très
2184 4062 129 27 fréquenté
2331 4068 46 21 par

1948 4088 37 22 les
2001 4088 117 22 touristes
2135 4089 155 22 américains.

1863 4116 72 22 Cette
1946 4115 68 22 tribu
2026 4121 26 16 se
2064 4116 136 25 composait
2211 4117 32 21 dc
2254 4117 122 26 pnsleurs

1862 4143 129 22 centaines
2002 4142 32 22 de
2044 4147 135 21 personnes
2191 4144 136 25 lorsqu'elle
2336 4144 40 21 fut

1862 4168 146 23 découverte
2026 4175 32 16 en
2076 4169 61 21 1851.
2157 4171 51 21 Elle
2225 4171 152 26 disparaîtra

1988 4195 95 23 bientôt
2098 4197 55 21 tout
2166 4196 16 23 à
2196 4197 56 25 falt.

2594 450 247 52 BERLIN

3174 421 38 49 E
3219 420 42 50 N
3302 420 101 51 ME
3409 422 44 50 R

3041 514 45 33 UN
3110 513 139 33 VAPFUR
3274 513 184 32 ALLEMAND
3479 514 111 33 COULE

3113 555 46 33 UN
3183 555 215 32 SOUS-MARIN
3416 555 105 34 RU:SE

2448 556 41 34 M.
2513 556 184 33 MUSSOLINI
2719 557 117 34 AYANT
2858 552 140 39 DÉCLINÉ

2435 605 244 38 L'INVITATION,
2692 606 92 32 C'EST
2805 607 41 33 M.
2862 607 142 37 GRANDI,

2503 654 162 33 MINISTRF
2688 654 61 32 DES
2772 655 162 34 AFFAIRES

2563 697 232 43 ÉTRANGÈRES,
2817 703 61 38 QUI

2520 751 291 34 S'ENTRETIENDRA
2831 752 91 33 AVEC

2487 801 40 33 LE
2548 800 211 33 CHANCELIER
2783 801 46 31 DU
2852 801 100 33 RHCH

2438 887 13 13 «
2468 876 288 35 COLLABORATION
2781 876 192 34 CONFIANTE
2989 885 13 13 *

2465 952 92 24 Berlin,
2574 951 28 21 24
2619 949 106 24 octobre.
2740 960 30 6 —
2785 950 33 21 Le
2834 950 112 23 ministre
2964 952 42 21 des

2437 979 109 22 Affa.res
2568 976 143 27 étrangères
2732 976 94 25 Italien,
2847 978 33 20 M.
2903 978 103 25 Grandi,

2438 1010 38 18 est
2489 1004 80 23 arrivé
2582 1009 28 18 ce
2623 1004 49 22 soir
2683 1003 17 22 à
2712 1003 111 24 Munich,
2834 1008 46 21 par
2892 1004 115 26 l'express

2438 1033 30 22 de
2484 1033 85 21 Rome.

2466 1060 22 22 U
2502 1064 15 16 a
2532 1058 40 24 été
2587 1057 69 23 salué
2671 1057 16 22 à
2700 1057 24 22 la
2740 1061 58 22 gare
2812 1061 46 22 par
2872 1057 36 22 les
2922 1060 70 23 repré-

2437 1088 115 20 sentants
2575 1086 33 22 du
2631 1088 194 22 gouvernement
2848 1083 113 24 bavarois
2981 1086 26 20 et

2438 1114 35 21 les
2496 1112 126 22 autorités.
2647 1112 33 21 Le
2701 1110 127 27 président
2853 1111 33 22 du
2910 1112 97 21 Conseil

2438 1140 119 24 bavarois,
2580 1140 34 21 M.
2637 1138 71 26 Held,
2731 1137 105 25 malade,
2854 1137 83 23 s'était
2959 1139 47 21 fait

2438 1167 154 26 représenter
2610 1170 46 22 par
2675 1166 23 21 le
2719 1165 112 21 ministre
2853 1164 31 22 de
2904 1165 25 21 la
2948 1165 46 22 Jus-

2438 1195 54 21 tice.
2516 1194 33 21 Le
2573 1193 86 22 consul
2683 1191 100 27 général
2806 1192 96 22 d'Italie
2925 1192 27 21 et
2972 1192 35 22 les

2438 1221 122 21 membres
2573 1221 30 21 de
2617 1220 24 21 la
2655 1219 94 22 colonie
2762 1218 119 22 italienne
2896 1218 111 26 présents

2438 1253 42 16 sur
2492 1248 22 21 le
2526 1248 58 25 quai
2596 1247 30 22 de
2637 1247 25 21 la
2674 1251 59 21 gare
2744 1247 45 20 ont
2801 1245 68 22 salué
2879 1246 34 21 M.
2923 1246 71 22 Gran-

2438 1275 25 22 di
2483 1275 16 21 à
2519 1274 25 22 la
2564 1274 72 22 mode
2658 1273 116 42 f^ciste^
2786 1273 58 21 Puis
2872 1273 22 21 le
2911 1273 96 25 cortège
3035 1285 60 21 tenu
3107 1285 178 22 co^i^ement
3298 1290 59 17 avec
3372 1285 36 22 les
3421 1285 136 26 dirigeants
3572 1286 22 21 d;

2438 1306 14 17 °
2454 1302 10 21 f
2458 1302 38 37 /i
2487 1301 35 22 cle
2518 1301 29 38 i,
2551 1306 12 17 s
2563 1302 48 37 .^
2625 1301 73 38 ^?.
2690 1305 16 17 u
2702 1300 39 39 ,_i
2742 1305 15 16 a
2757 1327 10 12 ,
2759 1305 16 16 n
2776 1305 19 34 f.
2806 1293 202 46 SJSS'.JIJS
3034 1311 24 22 la
3073 1311 181 25 communauté,
3268 1311 171 23 .'Intéressant
3453 1313 55 21 tout
3522 1313 77 25 parti-

3135 624 199 38 CINQUANTE
3354 624 146 33 HOMMES

3181 666 178 34 AURAIENT
3382 660 76 39 PÉRI

3074 736 139 31 Londres,
3229 735 37 29 25
3284 734 128 29 octobre.
3415 748 43 6 —
3464 735 48 29 On
3525 746 67 18 man-

3033 774 37 28 de
3088 771 214 34 d'Helsingfors
3318 781 38 18 au
3374 782 15 16 ,t
3410 769 107 34 People
3536 782 13 16 «
3560 782 7 17 :

3075 809 39 28 Le
3134 819 108 23 vapeur
3262 806 147 29 allemand
3432 817 12 17 •
3466 806 100 28 Gratia
3586 818 13 16 »

3033 857 17 16 a
3065 845 100 28 heurté
3181 851 29 21 et
3225 842 84 30 coulé
3328 842 73 28 dans
3418 841 26 29 le
3461 841 89 29 Golfe
3567 842 36 28 de

3033 880 140 29 Finlande
3191 891 38 17 un
3247 879 172 28 sous-marin
3437 889 87 17 russe.

3075 916 162 33 Cinquante
3257 915 133 28 hommes
3408 915 130 27 auraient
3556 915 38 32 pé-

3034 956 31 27 ri.
3084 968 43 6 —
3145 953 115 29 Reuter.

3058 1032 39 29 LE
3126 1031 124 30 PRINCE
3276 1029 90 31 CHEZ
3394 1028 62 31 LES
3481 1027 94 32 JUIFS

3062 1098 84 26 Rome,
3164 1098 28 21 24
3215 1097 105 22 octobre.
3341 1108 30 5 —
3391 1096 33 23 Le
3449 1104 11 10 «
3484 1095 118 23 Giornale

3033 1124 98 22 d'Italla
3144 1134 10 9 »
3167 1124 77 22 relate
3256 1128 46 22 que
3314 1124 23 21 le
3349 1123 85 27 prince
3446 1123 30 22 de
3488 1123 114 22 Piémont

3034 1156 15 16 a
3065 1151 87 22 assisté
3168 1151 17 22 à
3200 1151 79 22 Turin
3296 1151 16 21 à
3325 1156 50 16 une
3389 1149 137 23 cérémonie
3544 1150 45 21 reli-

3034 1177 82 26 gieuse
3130 1177 108 23 célébrée
3252 1183 32 16 en
3298 1182 45 17 son
3358 1177 122 25 honneur,
3491 1177 17 22 à
3523 1178 24 21 la
3561 1182 29 21 sy-

3034 1209 110 21 nagogue
3160 1205 30 22 de
3206 1205 64 22 cette
3285 1204 64 22 ville.

3062 1231 78 26 Après
3162 1232 24 21 la
3214 1231 144 24 cérémonie,
3384 1231 23 22 le
3433 1231 86 27 prince
3545 1232 56 21 s'est

3035 1258 78 22 rendu
3129 1257 16 22 à
3162 1259 92 21 l'Arbre
3268 1258 77 24 sacré,
3362 1258 32 22 où
3410 1258 17 22 il
3443 1259 58 21 s'est
3518 1258 70 22 entre

1891 4294 174 32 L'AFFAIRE
2092 4294 63 30 DES
2181 4289 164 36 SOCIÉTÉS

1991 4338 251 37 COOPÉRATIVES

1858 4412 68 23 Nous
1943 4416 77 17 avons
2037 4410 44 25 dit,
2096 4409 19 22 11
2129 4415 16 20 y
2162 4414 16 17 a
2192 4409 116 27 quelques
2325 4410 75 25 jours,

1830 4439 76 25 qu'un
1921 4437 203 24 administrateur
2138 4436 31 22 de
2185 4441 40 18 ces
2239 4437 110 24 sociétés,
2366 4438 34 21 M

1830 4466 119 25 François
1969 4465 117 25 Dumont,
2108 4463 122 22 domicilié
2251 4464 17 22 à
2284 4463 116 24 Réthine,

1829 4493 95 22 n'avait
1946 4492 111 26 répondu
2077 4490 16 23 à
2116 4495 97 17 aucune
2237 4491 162 22 convocation

1829 4520 33 22 du
1886 4521 57 25 juge
1967 4517 172 25 d'instruction
2161 4518 33 25 et,
2217 4518 72 26 qu'en
2311 4518 73 22 consé-

1829 4552 101 21 quence,
1947 4547 100 22 celui-ci
2062 4545 68 22 avait
2148 4545 92 23 délivré
2260 4546 84 22 contre
2363 4546 35 21 lul

1828 4579 36 18 un
1884 4574 107 23 mandat
2011 4574 131 21 d'amener.

1857 4602 71 22 Cette
1952 4606 97 17 mesure
2072 4599 68 22 avait
2163 4599 40 22 été
2228 4599 84 27 portée
2336 4600 16 22 à
2372 4600 24 21 la

1829 4629 179 22 connaissance
2033 4627 43 22 des
2103 4626 121 22 autorités
2249 4627 145 25 françaises.

1829 4656 63 22 dont
1916 4656 26 22 la
1968 4655 79 27 police
2068 4653 69 22 vient
2163 4654 31 21 de
2221 4654 127 22 retrouver
2369 4655 27 21 et

1828 4683 119 22 d'arrêter
1965 4683 24 21 le
2008 4680 86 27 fugitif
2112 4685 43 17 sur
2174 4681 35 23 les
2229 4681 74 22 bords
2321 4682 31 22 de
2371 4683 25 21 la

1827 4709 189 27 Méditerranée,
2045 4709 16 22 à
2088 4708 97 25 Cagnes
2220 4708 162 27 (Alpes-Mari-

1827 4737 94 22 times).

1854 4765 47 22 Les
1916 4762 138 24 formalités
2068 4766 63 22 pour
2146 4767 46 20 que
2208 4763 119 25 François
2342 4764 40 21 Du-

1826 4792 72 22 mont
1916 4791 49 22 soit
1983 4789 100 23 extradé
2098 4789 27 22 et
2142 4790 102 23 remené
2261 4796 32 17 en
2312 4791 69 25 Belgi-

1826 4823 47 22 que
1890 4819 46 22 ont
1953 4817 40 24 été
2008 4816 82 23 faites.
2107 4826 29 6 —
2154 4817 28 22 C.

2438 1333 65 21 gare,
2517 1328 32 22 où
2564 1333 47 16 une
2625 1327 117 22 collation
2756 1327 41 22 fut
2809 1327 93 22 offerte
2914 1331 32 18 au
2960 1327 34 21 mi

2438 1356 77 21 nistre
2532 1355 94 21 italien.

2466 1383 125 25 L'expr.ss
2613 1382 30 21 de
2668 1382 77 21 Rome
2769 1386 15 16 a
2809 1381 80 26 quitté
2912 1381 96 22 ensuite

2438 1409 104 22 Munich
2557 1409 145 21 emmenant
2719 1409 34 22 M.
2771 1408 97 23 Grandi
2885 1408 15 22 à
2917 1408 91 23 Berlin.

2467 1438 21 20 A
2508 1440 47 18 son
2574 1440 109 21 passage,
2705 1435 22 22 le
2749 1435 113 22 ministre
2884 1435 87 22 italien
2993 1440 15 17 a

2439 1463 96 22 déclaré
2568 1468 32 16 au
2633 1461 173 27 représentant
2839 1463 30 21 de
2901 1462 108 26 l'agence

2438 1490 78 21 Wolff
2536 1495 46 21 que
2602 1489 88 22 l'Italie
2709 1490 26 21 et
2751 1494 46 17 son
2816 1490 193 25 gouvernement

2439 1517 182 22 considéraient
2632 1516 25 23 la
2670 1516 70 22 visite
2753 1516 57 26 qu'il
2821 1517 86 21 faisait
2919 1516 16 22 à
2947 1517 49 21 Ber-

2439 1545 35 21 lin
2488 1549 95 17 comme
2596 1549 49 16 une
2657 1548 89 21 preuve
2761 1543 112 22 nouvelle
2888 1544 42 22 des
2943 1544 52 21 rela-

2439 1571 65 22 tions
2526 1570 117 22 amicales
2665 1570 109 22 existant
2794 1571 71 21 entre
2884 1570 112 22 l'Allema-

2438 1603 47 21 gne
2503 1599 26 21 et
2545 1598 89 22 l'Italie
2652 1598 26 21 et
2696 1598 29 21 de
2743 1597 54 22 leur
2811 1597 81 22 bonne
2911 1597 98 23 volonté

2438 1629 130 17 commune
2583 1625 29 22 de
2627 1624 126 22 travailler
2766 1624 124 22 ensemble
2903 1624 17 22 à
2932 1625 25 21 la
2967 1630 28 16 so-

2439 1653 78 21 lution
2535 1651 43 22 des
2596 1652 92 25 grands
2703 1650 138 27 problèmes
2857 1652 42 25 qui
2918 1652 77 22 n'Inté-

2439 1679 95 22 ressent
2561 1683 45 22 pas
2632 1679 137 21 seulement
2791 1678 36 21 les
2853 1679 64 21 deux
2942 1683 67 22 pays,

2439 1706 63 21 mais
2515 1706 21 21 le
2549 1705 90 22 monde
2652 1705 86 22 entier.
2754 1714 9 10 »
2778 1706 46 21 Les
2837 1706 136 22 entretiens
2985 1707 24 21 et

2438 1732 23 22 le
2477 1733 100 21 contact
2592 1732 151 26 personnels,
2759 1737 46 21 que
2822 1731 102 27 j'espère
2939 1734 69 21 avoir

2439 1764 40 17 ces
2497 1760 112 25 jours-ci,
2631 1764 59 18 avec
2710 1759 35 23 les
2765 1758 82 27 reprée
2854 1760 100 24 v.tants
2975 1761 32 21 du

2438 1787 194 25 gouvernement
2649 1786 132 24 allemand,
2801 1788 57 20 sont
2878 1791 63 22 pour
2959 1787 49 22 mol

2439 1813 30 22 de
2489 1814 25 21 la
2529 1813 56 26 plus
2603 1813 94 26 grande
2717 1813 153 26 Importance
2890 1814 25 22 et
2934 1814 18 22 11
2971 1815 37 21 est

2438 1840 95 22 certain
2550 1845 46 21 que
2612 1840 65 22 leurs
2693 1840 118 22 résultats
2827 1840 181 26 témoigneront

2439 1867 30 22 de
2495 1867 93 26 l'esprit
2614 1867 30 22 de
2671 1867 178 22 collaboration
2873 1868 135 25 confiante,

2439 1894 61 21 dont
2514 1899 46 16 nos
2575 1894 205 25 gouvernements
2793 1895 59 21 sont
2863 1894 103 26 animés,
2980 1900 29 17 ce

2438 1920 42 26 qui
2495 1925 31 17 ne
2542 1926 136 21 manquera
2694 1925 45 22 pas
2754 1922 92 21 d'avoir
2858 1922 23 22 le
2897 1922 112 22 meilleur

2439 1946 63 23 effet
2521 1948 63 21 dans
2604 1948 21 22 le
2645 1948 73 22 cadre
2738 1948 31 22 de
2785 1949 25 22 la
2829 1948 179 24 collaboration

2439 1973 113 26 générale
2568 1974 201 23 internationale.
2785 1984 10 10 »
2812 1986 28 6 —
2855 1975 83 27 Belga.

2640 2008 167 23 L'ARRIVEE

2466 2041 91 25 Berlin,
2571 2042 28 21 25
2616 2042 106 22 octobre.
2738 2054 29 5 —
2783 2042 34 22 Le
2833 2042 114 24 ministre
2965 2044 44 22 des

2439 2068 109 22 Affaires
2565 2068 143 26 étrangères
2728 2069 104 25 d'Italie,
2850 2070 34 22 M.
2904 2071 104 26 Grandi,

2439 2096 37 20 est
2489 2095 81 22 arrivé
2582 2095 16 22 à
2612 2096 85 22 Berlin
2711 2101 28 17 ce
2752 2097 88 21 matin.

2466 2122 21 21 Il
2506 2126 16 17 a
2540 2121 40 23 été
2596 2122 70 23 salué
2683 2127 44 18 sur
2743 2123 24 22 le
2784 2124 58 26 quai
2858 2124 30 23 de
2906 2125 26 21 la
2949 2129 59 22 gare

2439 2153 45 21 par
2502 2149 22 21 le
2539 2149 140 22 chancelier
2696 2150 134 26 Bruening,
2847 2155 47 22 par
2910 2151 23 22 le
2949 2152 59 22 chef

2439 2176 32 21 du
2491 2176 130 25 protocole,
2641 2177 23 21 le
2680 2177 81 22 comte
2779 2178 165 25 Tattenbach,
2962 2183 46 22 par

2438 2202 193 23 l'ambassadeur
2653 2204 103 25 d'Italie,
2773 2204 24 22 le
2818 2205 78 22 baron
2917 2206 91 25 Orslnl,

2438 2234 46 20 par
2501 2230 23 21 le
2542 2231 85 21 consul
2646 2230 99 26 général
2764 2231 104 25 d'Italie,
2884 2233 35 21 M.
2937 2233 70 22 Bossl

2438 2257 26 20 et
2478 2256 115 26 quelques
2608 2257 122 22 membres
2743 2257 123 24 éminents
2881 2259 30 23 de
2926 2259 24 22 la
2965 2265 29 17 co-

2438 2283 66 22 lonie
2517 2283 126 23 italienne.

2467 2310 34 22 M.
2517 2311 97 22 Grandi
2627 2311 59 22 s'est
2700 2312 80 22 rendu
2795 2312 213 24 immédiatement

2439 2337 16 22 à
2468 2341 45 18 son
2528 2337 75 23 hôtel.
2617 2349 29 5 —
2659 2338 84 26 Belga.

2466 2371 38 21 LE
2526 2371 101 22 SALUT
2644 2372 46 22 DU
2709 2372 121 22 PEUPLE
2850 2373 130 23 ITALIEN

2538 2404 44 23 AU
2598 2405 121 22 PEUPLE
2735 2405 173 23 ALLEMAND

2466 2438 92 24 Berlin,
2570 2439 27 21 25
2609 2439 105 22 octobre.
2725 2450 29 5 —
2767 2439 62 22 Bien
2840 2440 76 22 avant
2928 2440 67 23 l'heu-

2438 2470 26 17 re
2482 2465 117 22 d'arrivée
2618 2466 30 22 de
2666 2466 116 26 l'express
2798 2467 210 26 Munich-Berlin,

2438 2493 89 25 auquel
2548 2492 68 22 avait
2637 2492 40 23 été
2698 2493 125 27 accroché,
2840 2493 56 23 hier
2915 2494 57 26 soir,
2992 2494 16 23 à

2438 2519 111 25 Munich,
2563 2519 23 22 le
2601 2520 172 25 wagon-salon
2789 2520 33 23 du
2838 2521 113 22 ministre
2964 2522 43 22 des

2437 2547 110 21 Affaires
2560 2546 143 27 étrangères
2716 2547 94 25 Italien,
2822 2548 24 22 la
2855 2548 77 26 police
2940 2549 69 22 avait

2441 2573 46 22 fait
2506 2573 104 23 évacuer
2630 2577 24 19 la
2674 2579 58 21 gare
2751 2578 30 19 de
2800 2575 96 22 Anhalt
2912 2577 26 21 et
2955 2576 40 22 fer-

2439 2606 53 16 mer
2507 2601 81 22 toutes
2603 2601 35 22 les
2650 2602 90 25 portes.

2466 2628 45 21 Les
2530 2628 89 22 abords
2637 2628 30 22 de
2687 2628 25 22 la
2732 2633 58 21 gare
2810 2628 94 23 étalent
2920 2629 88 27 gardés

2438 2659 46 21 par
2497 2655 174 25 d'Importants
2684 2655 188 23 détachements
2886 2657 30 22 de
2929 2657 79 26 police

2438 2681 16 22 à
2468 2682 57 26 pied
2538 2682 27 22 et
2578 2682 16 21 à
2608 2683 94 22 cheval.

2466 2710 21 21 A
2500 2709 14 21 9
2529 2709 24 23 h.
2569 2709 35 24 34,
2620 2709 22 22 le
2657 2710 172 25 wagon-salon
2844 2711 34 22 du
2894 2711 113 23 ministre

2438 2736 94 23 italien,
2546 2736 40 26 qui
2601 2736 62 22 dans
2677 2741 49 17 une
2740 2742 58 20 gare
2813 2737 30 22 de
2854 2737 25 22 la
2892 2738 114 22 banlieue

2438 2762 129 23 berlinoise
2583 2764 69 21 avait
2666 2763 39 23 été
2720 2763 105 23 détaché
2840 2764 30 22 de
2885 2765 119 26 l'express,

2439 2790 38 21 est
2489 2795 64 17 venu
2566 2795 27 17 se
2605 2795 90 21 ranger
2708 2790 56 26 près
2778 2791 34 22 du
2824 2791 58 26 quai
2894 2792 31 21 N°
2942 2792 11 22 1
2964 2797 43 17 sur

2438 2817 78 26 lequel
2548 2817 115 22 s'étaient
2696 2817 84 22 réunis
2813 2818 23 22 le
2867 2818 139 24 chancelier

2438 2843 133 26 Brurnlng,
2590 2844 193 22 l'ambassadeur
2805 2845 103 24 d'Italie,
2930 2846 75 23 baron

2438 2871 94 24 Orslnl;
2553 2871 22 22 le
2592 2871 85 22 consul
2695 2871 107 26 général,
2820 2873 34 21 M.
2871 2873 80 25 Bossl;
2971 2873 35 23 les

2437 2897 144 23 secrétaires
2605 2898 83 22 d'Etat
2710 2903 49 18 von
2783 2899 91 26 Bulow,
2894 2900 111 23 Puender

2437 2925 27 22 et
2483 2925 155 25 Weismann;
2661 2925 194 23 l'ambassadeur
2874 2927 119 22 d'Allema-

2439 2957 46 20 gne
2504 2952 16 22 à
2538 2953 84 24 Rome,
2640 2953 34 21 M.
2693 2957 48 17 von
2758 2953 132 25 Schubert;
2908 2954 23 22 le
2949 2954 58 22 chef

2439 2979 32 22 du
2491 2979 131 26 protocole,
2639 2979 35 23 les
2695 2980 135 22 directeurs
2849 2981 159 22 ministériels

2438 3007 61 21 MM.
2519 3006 101 27 Koepke
2637 3007 26 21 et
2682 3007 112 24 Zechlin;
2817 3007 22 23 le
2859 3008 148 26 vice-préfet

2439 3034 29 21 de
2485 3033 85 26 police,
2587 3033 22 23 le
2627 3034 177 22 commandeur
2821 3034 31 23 de
2866 3034 25 22 la
2907 3035 100 26 Schupo

2439 3061 25 21 et
2478 3060 116 26 quelques
2609 3060 122 22 membres
2746 3061 123 22 éminents
2884 3062 30 22 de
2926 3062 25 22 la
2965 3067 29 17 co-

2439 3087 64 22 lonie
2519 3087 126 22 itaVenne.

2466 3114 33 22 Le
2512 3114 113 22 ministre
2637 3114 86 23 italien
2736 3115 26 22 et
2774 3115 67 22 Mme
2854 3116 98 22 Grandi
2963 3117 43 22 ont

2440 3140 38 22 été
2494 3141 83 22 salués
2591 3140 16 23 à
2625 3141 54 22 leur
2697 3142 114 22 descente
2830 3142 30 22 de
2878 3143 67 22 train
2962 3147 43 23 pal

2439 3169 34 20 M.
2485 3168 128 26 Bruening
2627 3169 42 25 qui
2685 3173 15 17 a
2716 3169 74 21 remis
2805 3174 34 17 un
2855 3169 108 27 bouquet
2977 3171 28 22 dt

2440 3199 66 17 roses
2529 3200 87 21 rouges
2639 3195 16 22 à
2678 3195 25 22 la
2723 3195 92 23 femme
2837 3196 35 23 du
2895 3197 112 23 ministre

2440 3222 93 22 italien.

2466 3249 107 26 Lorsque
2589 3249 25 22 la
2631 3249 170 27 présentation
2818 3250 43 23 des
2874 3255 134 22 personnes

2438 3276 127 23 présentes
2579 3281 15 17 a
2608 3276 39 23 été
2660 3276 127 26 terminée,
2801 3277 23 22 le
2837 3277 98 26 cortège
2949 3279 58 21 s'est

2439 3303 78 22 rendu
2535 3303 63 22 dans
2615 3303 23 22 le
2655 3303 72 23 sa'on
2744 3304 31 22 de
2789 3304 127 26 réception
2934 3305 31 22 de
2981 3305 26 22 la

2438 3335 57 18 gare
2509 3330 31 22 où
2553 3330 34 22 M.
2598 3330 97 23 Grandi
2708 3335 15 17 a
2736 3331 124 25 prononcé
2872 3337 49 16 une
2933 3337 60 17 cour-

2439 3361 22 18 te
2476 3357 135 22 al'ocution
2624 3357 41 25 qui
2678 3363 16 16 a
2707 3357 39 23 été
2760 3358 177 22 radiodiffusée
2955 3364 6 17 :

2468 3392 9 10 «
2494 3385 37 21 Au
2546 3385 118 24 moment,
2680 3385 71 22 a-t-il
2769 3385 43 24 dit,
2828 3385 32 22 où
2875 3385 99 26 J'arrive
2990 3385 16 23 à

2437 3411 91 23 ■ferlin,
2548 3412 24 23 .le
2591 3411 65 22 tiens
2674 3411 17 22 à
2706 3412 131 22 remercier
2854 3412 24 23 le
2896 3412 94 22 chance-

2437 3438 45 22 lier
2501 3439 25 21 et
2544 3438 24 22 le
2586 3439 194 24 gouvernement
2798 3439 33 22 du
2847 3439 78 22 Reich
2944 3444 62 21 pour

2437 3465 53 22 leur
2506 3465 106 22 aimable
2630 3465 132 22 invitation
2779 3467 26 21 rt
2821 3466 16 22 à
2852 3466 54 22 leur
2922 3467 68 25 expri-

2437 3497 53 17 mer
2503 3497 42 17 ma
2561 3493 53 22 vive
2630 3492 158 22 satisfaction
2802 3497 62 21 pour
2878 3493 26 22 la
2919 3493 72 27 récep-

2438 3519 50 22 tion
2506 3519 61 22 dont
2583 3519 25 26 je
2622 3519 68 22 viens
2706 3519 75 22 d'être
2798 3520 91 25 l'objet.

2466 3555 10 10 »
2492 3546 37 22 Au
2549 3551 58 17 nom
2627 3546 33 23 du
2681 3547 58 21 chef
2758 3547 33 22 du
2812 3549 192 24 gouvernement

2446 3573 83 23 'allen.
2546 3574 122 25 j'apoortc
2686 3578 32 17 au
2735 3573 89 26 peuple
2838 3574 126 23 allemand
2981 3575 23 22 le

2449 3600 53 22 alut
2516 3600 92 22 cordial
2621 3601 33 21 du
2668 3604 17 22 p
2688 3605 9 5 _
2699 3600 57 26 uple
2771 3600 86 23 italien
2872 3606 59 17 avec
2943 3601 60 23 l'ex-

2437 3627 109 22 nresslon
2564 3628 31 21 de
2615 3632 28 17 sa
2663 3627 95 22 sincère
2778 3628 141 26 sympathie
2939 3628 64 23 ainsi

2438 3660 44 20 lue
2495 3659 40 17 ses
2548 3659 74 17 vœux
2636 3654 30 22 de
2681 3654 143 26 proepérité.
2837 3664 10 10 »

2463 3682 21 21 A
2503 3682 24 21 la
2546 3681 74 22 sortie
2639 3681 30 22 de
2689 3681 25 22 la
2730 3686 66 19 pare.
2815 3682 23 22 le
2856 3682 113 23 ministre
2988 3688 14 17 a

2434 3708 39 23 ét*
2491 3708 110 22 accueilli
2618 3712 47 22 par
2678 3708 36 22 les
2731 3708 106 23 hourras
2854 3709 72 22 d'une
2943 3715 46 18 cen-

2435 3735 68 22 taine
2517 3735 30 22 de
2563 3735 113 22 fesclstes
2691 3735 94 23 massés
2800 3736 92 22 devant
2907 3737 23 22 le
2945 3741 45 22 per-

2434 3767 47 17 ron
2495 3761 115 24 d'entrée.

2461 3789 77 26 Après
2559 3789 72 22 s'être
2653 3788 70 23 nrê*é
2741 3789 192 24 oWseamment
2953 3796 49 18 aux

2433 3819 128 20 exigences
2579 3816 43 21 de-
2640 3815 191 27 photographes,
2848 3817 24 23 le
2889 3818 113 23 ministre

2433 3842 86 23 italien
2542 3848 15 16 a
2579 3842 52 27 pris
2649 3843 77 26 p'ace.
2748 3848 32 17 en
2802 3845 145 26 compagnie
2969 3846 33 22 du

2434 3870 145 22 chinclier.
2595 3870 64 21 dans
2675 3874 34 17 un
2724 3871 66 23 auto.

2460 3897 49 21 Su"-
2521 3897 23 21 le
2556 3901 118 22 parco'irs
2687 3897 30 21 de
2730 3897 24 22 la
2768 3902 58 20 gare
2839 3898 16 22 à
2867 3899 92 23 l'hôtel.
2971 3900 27 23 d«

2431 3924 136 22 nombre"v
2580 3924 101 22 curieux
2691 3925 46 21 ont
2750 3925 109 24 acclamé
2871 3927 34 21 M.
2917 3927 71 22 Gran-

2433 3951 32 22 di.
2478 3962 30 5 —
2520 3951 91 21 Eavas.

2506 3984 39 22 LE
2562 3984 122 22 REFLET
2703 3985 42 22 DE
2764 3986 163 23 L'OPINION

2619 4018 194 23 ALLEMANDE

2459 4051 91 25 Berlin,
2567 4051 29 21 24
2613 4052 106 24 octobre.
2735 4064 28 5 —
2780 4054 78 22 Toute
2875 4054 26 24 la
2918 4059 82 21 presse

2431 4078 139 22 allemande
2587 4083 118 19 consacre
2722 4080 31 22 de
2771 4080 150 23 chaleureux
2938 4082 49 22 arti-

2430 4105 50 22 cles
2495 4105 16 22 à
2524 4105 25 21 la
2565 4105 72 23 visite
2654 4106 31 22 de
2701 4107 34 21 M.
2751 4108 105 22 Grandi.

2458 4131 122 27 Quelques
2599 4137 105 21 organes
2726 4133 154 24 démocrates
2901 4136 85 26 rappel-

2429 4158 53 22 lent
2500 4158 57 23 bien
2573 4160 74 25 qu'au
2664 4160 68 25 sujet
2750 4161 30 22 de
2797 4161 105 24 l'accord
2921 4163 64 22 doua-

2430 4186 54 21 nier
2501 4190 59 17 avec
2577 4186 142 26 l'Autriche,
2737 4188 89 23 l'Italie
2843 4195 16 16 a
2876 4189 39 23 été
2933 4190 66 22 aussi

2429 4212 90 22 hostile
2539 4218 47 21 que
2607 4214 24 21 la
2648 4215 95 22 France
2763 4220 33 18 au
2816 4217 82 25 projet
2918 4217 30 22 de
2965 4218 34 21 M.

2429 4238 116 26 Schober,
2567 4240 64 22 mais
2653 4241 140 24 l'ensemble
2817 4243 30 22 de
2871 4243 26 22 la
2916 4248 83 22 presse

2429 4266 73 22 laisse
2517 4266 30 23 de
2562 4267 55 22 côté
2631 4273 28 17 ce
2672 4269 117 22 souvenir
2803 4270 156 26 désagréable
2974 4272 25 21 et

2429 4298 26 16 se
2468 4293 65 25 p'alt
2543 4293 16 23 à
2572 4294 124 27 souligner
2708 4297 113 22 combien
2833 4297 124 23 l'attitude
2967 4299 31 21 de

2428 4319 90 23 l'Italie
2534 4325 16 17 a
2567 4321 38 22 été
2619 4322 128 23 conforme
2763 4328 33 18 au
2812 4324 66 22 désir
2892 4325 31 22 de
2938 4325 46 22 l'Al-

2428 4347 113 26 lemagne
2564 4349 63 21 dans
2649 4349 25 22 la
2696 4351 113 25 question
2830 4351 44 22 des
2895 4351 89 27 répara-

2429 4373 66 23 tions
2510 4375 26 21 et
2549 4375 32 22 du
2597 4375 190 24 désarmement.

2456 4401 34 21 La
2504 4406 83 21 presse
2600 4404 160 22 nationaliste
2774 4404 97 24 déclare
2883 4406 57 26 qu'il
2952 4411 16 20 y
2981 4411 15 17 a

2429 4429 177 22 communauté
2633 4430 121 26 complète
2782 4431 30 23 de
2838 4437 60 17 vues
2925 4433 70 22 entre

2426 4454 161 26 l'Allemagne
2603 4457 27 22 et
2646 4457 96 25 l'Italie,
2759 4458 191 27 complètement
2964 4464 31 18 en

2426 4482 140 25 opposition
2586 4488 60 18 avec
2665 4484 73 23 celles
2757 4485 30 23 de
2803 4485 25 22 la
2847 4486 101 22 France.
2967 4497 27 6 —

2426 4508 90 23 Havas.

3034 1338 161 22 culièrement
3208 1338 16 22 à
3238 1339 117 22 l'activité
3367 1339 128 26 religieuse
3510 1340 25 21 et
3549 1340 47 21 cul.

3035 1364 86 23 turelle
3135 1366 31 21 de
3180 1366 154 22 l'Université
3347 1366 115 23 Israélite.
3476 1378 29 5 —
3518 1367 83 25 Belga.

3627 358 186 64 DANS
3856 360 92 65 UN
3990 361 203 68 PETIT

3759 451 49 50 V
3813 452 202 53 ILLAG
4019 455 40 51 E

3671 551 67 32 UNE
3759 542 96 41 NIÈCE
3877 551 42 32 DE
3939 553 100 33 RFINE
4059 554 89 34 S'EST

3646 594 130 38 MARIÉE
3799 599 165 53 AVECJJN
3993 601 182 36 CAPITAINE

3727 677 133 32 50.000
3882 677 213 35 LONDONIENS

3802 726 219 34 ENVAHIRENT

3722 775 41 34 CE
3783 775 79 33 COIN
3885 775 214 38 TRANQUILLE

3655 844 116 25 Londres,
3794 844 30 21 24
3851 843 105 22 octobre.
3981 855 29 6 —
4038 845 66 22 C'est
4130 846 65 23 dans

3629 875 90 26 l'église
3743 876 35 22 du
3801 875 64 26 petit
3890 875 87 26 village
4002 876 30 22 de
4056 876 139 26 Balcombe,

3628 906 64 22 dans
3712 906 23 22 le
3753 906 97 24 Susscx,
3871 905 112 26 pavoisée
4003 906 28 22 et
4050 906 130 26 enguirlan-

3628 937 43 22 dée
3688 937 30 22 de
3735 936 79 22 fleurs
3828 941 62 21 pour
3907 937 24 21 la
3947 937 175 25 circonstance,
4137 938 57 26 qu'a

3628 967 39 21 été
3686 966 94 22 célébré
3803 966 157 26 aujourd'hui
3984 968 22 20 le
4030 967 109 26 mariage
4162 968 32 22 de

3628 996 57 26 lady
3702 997 60 25 May
3779 997 154 26 Cambridge,
3951 997 68 22 nièce
4037 998 31 22 de
4083 998 25 22 la
4125 998 69 23 reine

3628 1027 174 27 d'Angleterre,
3817 1033 60 17 avec
3891 1029 23 21 le
3931 1029 123 26 capitaine
4069 1029 44 23 des
4128 1030 65 22 Hor-

3628 1064 26 17 se
3669 1058 99 22 Guards
3783 1059 84 24 Henry
3883 1059 90 22 Smith.

3656 1089 35 22 La
3709 1089 75 24 reine,
3799 1090 78 23 ayant
3894 1089 16 22 à
3928 1094 39 18 ses
3984 1089 67 23 côtés
4068 1090 22 23 le
4109 1090 85 26 prince

3628 1120 31 22 de
3675 1119 91 24 Galles,
3783 1119 23 22 le
3821 1120 47 22 duc
3884 1121 26 21 et
3921 1120 25 22 la
3963 1120 118 22 duchesse
4096 1121 99 25 d'York,

3628 1150 23 22 le
3667 1150 48 22 duc
3730 1151 31 21 de
3777 1150 143 22 Glouoester
3936 1151 26 22 et
3976 1151 23 21 le
4014 1151 84 26 prince
4115 1152 66 22 Geor-

3628 1186 37 21 ge,
3681 1181 26 22 et
3720 1180 35 22 les
3771 1181 85 21 autres
3870 1181 122 23 membres
4008 1182 30 21 de
4050 1182 26 21 la
4091 1182 103 22 Famille

3628 1212 90 26 royale,
3735 1212 46 21 ont
3801 1211 88 23 assisté
3908 1211 16 22 à
3944 1212 25 22 la
3988 1212 144 25 cérémonie,
4151 1213 43 26 qui

3628 1242 69 22 avait
3717 1241 74 23 attiré
3810 1242 64 22 dans
3893 1247 28 18 ce
3941 1243 132 26 tranquille
4092 1243 56 22 coin
4163 1244 31 22 de

3628 1278 137 21 campagne
3784 1272 56 26 plus
3861 1272 30 23 de
3911 1273 76 25 50,000
4004 1273 114 23 visiteurs
4138 1274 43 22 lon-

3628 1304 110 24 doniens,
3761 1304 80 25 parmi
3864 1303 103 26 lesquels
3989 1309 33 17 on
4044 1305 151 26 remarquait

3628 1335 31 21 de
3673 1334 159 22 nombreuses
3845 1334 179 23 personnalités
4035 1334 30 23 de
4079 1335 25 22 la
4117 1335 77 23 haute

3627 1365 90 22 société
3740 1364 118 26 anglaise.
3878 1375 29 6 —
3928 1365 101 22 Reuter.

3054 1475 88 84 S

3063 1554 75 49 lœ?

3348 1569 138 28 ^■888:**^
3511 1569 45 28 jtLk-—

3684 1582 22 15 r'

3752 1549 116 52 ►"'^85*.
3879 1579 5 6 -
3896 1557 60 34 'J&

3957 1578 84 33 èk4_H_

4044 1582 26 30 a
4110 1572 54 40 br*

3063 1592 79 43 jKJf

3273 1599 23 23 W
3310 1608 9 3 "

3557 1594 76 34 #H

3711 1606 30 26 Jt1S

3957 1594 12 42 1
3989 1606 9 20 1
3998 1608 45 28 1P

4048 1594 21 19 *
4068 1609 90 42 tmft

3277 1640 66 39 m$

3577 1622 57 34 Ns*

3957 1624 32 35 p
3993 1621 50 38 *fj"

3561 1683 69 29 Wkjsi

3752 1668 200 45 m\\m\¥?lfcyVâ

3957 1694 10 14 e
3976 1690 9 6 ''
4012 1681 27 27 ^

3557 1697 77 59 |M

3352 1741 48 47 mt-
3420 1753 40 23 ^
3509 1758 47 30 *W<

3639 1766 2 2 '
3649 1759 17 15 ■■'.

3352 1811 95 41 ïfeiil
3524 1834 28 18 m

3373 1937 6 6 ,
3410 1931 8 11 ,

3352 1942 89 46 Jnfe
3496 1962 18 26 i
3539 1942 13 46 1

3352 1976 97 33 ^k!_^|s^
3473 1984 6 15 ?
3496 1976 22 33 H
3548 1985 4 13 1

3173 2018 42 30 nst

3353 2029 2 9 :
3363 2045 2 2 .
3375 2029 62 17 ''ïi-'.ïi'".
3515 2033 33 15 ;.-■

3071 2046 67 36 iHP

3181 2130 87 30 *^*m.

3279 2085 63 17 _:-:_:_:_;■:.■_:■_

3350 2103 95 24 liAKOfft
3452 2116 8 9 t
3472 2116 4 4 ■
3483 2100 69 27 &§**«

3641 2221 27 31 ■_*'

3750 2116 174 70 ^^m

4044 2173 32 42 |f
4092 2184 18 19 .'
4122 2173 42 38 *1f

3243 2398 136 24 L'Amicale
3402 2399 31 22 de
3455 2399 80 23 l'Yser
3557 2404 33 17 an
3612 2398 86 23 Soldat
3710 2399 113 22 Inconnu
3836 2397 16 24 &
3865 2398 105 23 Laeken.

3100 2456 39 30 LA
3166 2456 160 30 BATAILLE
3358 2456 42 30 DE
3428 2456 119 31 L'YSER

1063 5933 44 22 AU
1124 5930 114 24 PALAIS
1260 5930 61 22 DES
1343 5929 122 23 SPORTS
1487 5930 20 22 A
1526 5929 192 26 BRUXELLES,
1742 5931 121 23 SAMEDI
1886 5931 76 22 SOIR

658 5979 165 23 SCHERENS
853 5978 139 27 vainqueur
1009 5977 35 22 dn
1067 5975 56 27 prix
1144 5975 44 21 des
1208 5972 153 27 champions,
1374 5979 18 17 s
1407 5973 74 22 battu
1497 5971 63 24 Falk
1577 5972 109 26 Hansen,
1702 5974 75 23 cham
1792 5974 59 26 pion
1872 5975 34 21 du
1929 5974 97 22 monde.
2044 5983 31 7 —
2094 5972 103 23 ARLET
2220 5981 17 16 a
2258 5974 72 22 battu

660 6007 118 23 l'Anglais
794 6007 100 21 Cozens.
909 6015 31 7 —
954 6005 128 25 PEKRIN,
1097 6001 141 27 vainqueur
1248 6001 34 22 du
1295 6000 88 21 Grand
1396 5999 57 22 Prix
1465 6000 31 21 de
1511 5999 153 24 Schaerbeek
1675 6000 101 23 amaten
1790 6006 34 18 rs.
1834 6011 31 7 —
1876 6000 191 25 DEDERICHS,
2077 5998 135 27 vainqueur
2227 6002 33 21 du
2272 6002 58 21 Prix

1284 6025 109 27 Georges
1411 6026 94 23 Parent
1530 6026 172 25 (de,-u-fond).

2449 4580 40 30 LE
2518 4580 163 32 MEURTRE
2708 4583 42 30 DE
2778 4582 195 32 HOEYLAERT

2452 4648 33 22 Le
2496 4648 85 23 drame
2595 4650 40 26 qui
2647 4650 58 22 s'est
2717 4650 98 22 déroulé
2828 4650 16 22 à
2855 4650 136 27 Hoeylaert

2424 4675 120 24 chaussée
2564 4677 31 22 de
2616 4678 181 24 Groenendael,
2818 4679 26 22 et
2864 4683 47 21 que
2931 4683 61 17 nous

2424 4708 77 18 avons
2523 4705 117 25 rapporté
2663 4705 61 24 hier,
2746 4710 26 18 se
2796 4705 113 26 présente
2931 4706 62 22 dans

2424 4731 43 22 tles
2484 4732 140 22 conditions
2641 4733 42 26 qui
2700 4733 57 22 font
2774 4733 83 23 naître
2871 4738 49 17 une
2938 4738 41 17 cer-

2423 4759 69 22 taine
2512 4759 142 27 perplexité.

2451 4786 107 23 Scholen
2578 4788 41 21 nie
2639 4788 157 22 absolument
2816 4789 69 21 avoir
2904 4787 88 27 frappé

2422 4818 46 17 sen
2489 4814 143 23 beau-frère
2655 4816 32 23 et,
2710 4815 96 26 Jusqu'à
2830 4815 106 27 présent,
2956 4820 34 17 on

2422 4842 41 21 n'a
2477 4847 46 20 pas
2538 4842 131 22 découvert
2682 4844 88 24 qu'une
2785 4847 73 17 cause
2873 4848 74 20 grave
2961 4844 29 21 de

2420 4868 137 23 dissension
2571 4870 102 25 pouvait
2686 4869 90 22 exister
2788 4870 70 22 entre
2872 4874 55 18 eux.
2942 4871 33 21 Ce-

2421 4897 119 25 pendant,
2559 4902 33 17 au
2610 4902 71 17 cours
2698 4898 31 21 de
2746 4897 25 22 la
2787 4896 78 22 soirée
2882 4898 30 21 de
2929 4902 48 17 ven-

2421 4924 77 25 dredi,
2514 4925 108 21 Scholen
2635 4925 58 22 s'est
2709 4924 98 22 montré
2824 4924 50 22 très
2890 4929 98 21 aggres-

2420 4952 40 21 sif.
2486 4952 70 21 Dans
2582 4957 36 16 un
2643 4951 63 25 café,
2731 4956 95 17 comme
2852 4952 18 21 il
2895 4952 92 22 voulait

2420 4979 71 25 jouer
2505 4984 49 17 aux
2569 4980 81 21 cartes
2666 4984 59 17 avec
2741 4984 34 17 un
2792 4980 197 21 consommateur

2420 5006 48 25 qui,
2491 5011 33 18 au
2546 5007 130 24 contraire,
2698 5007 94 21 voulait
2812 5007 97 21 rentrer
2929 5006 60 22 chez

2419 5034 42 24 lui,
2477 5039 32 17 en
2525 5035 83 21 raisen
2625 5035 30 21 de
2670 5034 92 22 l'heure
2779 5034 102 24 tartive,
2897 5034 17 21 il
2930 5034 58 22 s'est

2419 5062 52 25 pris
2483 5062 30 21 de
2529 5062 106 25 querelle
2649 5066 59 17 avec
2723 5062 41 24 lul,
2780 5061 31 22 l'a
2826 5061 114 22 bousculé
2955 5062 32 24 et,

2419 5094 46 21 par
2487 5089 62 22 trois
2571 5089 56 26 fois,
2650 5094 16 17 a
2689 5089 73 22 voulu
2785 5089 23 21 le
2830 5089 101 25 frapper
2954 5093 33 18 au

2418 5117 87 22 ventre
2520 5117 17 22 à
2552 5117 73 22 l'aide
2641 5117 30 21 de
2686 5121 45 17 son
2748 5117 111 21 couteau.

2446 5144 36 22 La
2503 5144 63 25 nuit,
2583 5149 49 17 une
2653 5148 121 22 personne
2794 5144 117 22 habitant
2931 5143 55 26 près

2418 5172 31 21 de
2462 5172 114 22 l'endroit
2589 5171 32 22 où
2634 5171 23 23 le
2670 5176 71 21 corps
2754 5171 127 22 d'Etienne
2894 5171 92 22 Meerts

2418 5204 16 17 a
2449 5198 40 23 été
2503 5199 120 24 retrouvé,
2639 5204 16 16 a
2670 5199 109 21 entendu
2795 5198 23 23 le
2833 5198 66 22 bruit
2913 5198 72 22 d'une

2418 5227 97 25 dispute
2535 5228 26 20 et
2576 5227 157 21 notamment
2753 5231 41 17 ces
2813 5225 96 26 paroles
2928 5230 45 22 pro-

2417 5254 106 22 noncées
2538 5259 58 17 ave:
2613 5254 112 25 angoisse
2745 5258 6 17 :
2771 5260 9 12 ■
2797 5253 186 25 Regarde-moi!

2417 5282 85 21 Est-ce
2521 5286 47 21 que
2588 5281 28 22 tu
2636 5286 31 17 ne
2687 5285 40 18 me
2746 5280 130 22 recornais
2896 5280 55 26 plus
2972 5281 12 21 ?

2417 5309 29 22 Je
2461 5309 51 21 suis
2528 5309 111 24 Etienne,
2652 5308 24 26 je
2692 5308 50 21 suis
2757 5309 43 20 ton
2816 5308 166 21 beau-frère!»

2444 5337 41 21 On
2498 5341 27 16 se
2540 5336 121 22 demande
2674 5336 21 21 si
2709 5335 106 22 Scholen
2830 5336 41 21 n'a
2885 5340 45 21 pas
2945 5336 39 24 agi

2417 5364 63 22 dans
2497 5368 49 18 une
2562 5364 66 23 sorte
2645 5362 211 23 d'hallucination.
2872 5373 28 5 —
2915 5363 28 21 C.

3232 2518 22 21 A
3272 2517 125 23 ANVERS

3060 2550 101 26 Anvers,
3176 2550 28 22 24
3218 2551 106 22 octobre.
3338 2562 29 5 —
3381 2552 50 22 Des
3443 2551 78 26 prises
3534 2552 54 22 d'ar-

3033 2582 53 17 mes
3097 2578 45 21 ont
3152 2583 31 16 eu
3194 2578 49 22 lieu
3255 2578 63 21 dans
3330 2578 35 22 les
3377 2579 80 22 divers
3467 2578 135 27 régiments

3032 2605 31 21 de
3078 2605 25 21 la
3119 2605 117 25 garnison
3252 2605 125 22 d'Anvers.

3059 2632 33 22 Le
3106 2632 27 21 5e
3150 2632 30 22 de
3196 2632 73 25 ligne,
3285 2637 57 17 sous
3358 2633 35 22 les
3407 2633 85 22 ordres
3508 2634 33 22 du
3557 2639 29 17 co-

3032 2658 67 22 lonel
3118 2659 29 21 B.
3165 2659 27 21 E.
3213 2660 34 21 M.
3268 2660 83 24 Doms,
3371 2661 59 21 s'est
3449 2660 72 23 réuni
3538 2661 16 22 à
3575 2661 25 22 la

3032 2685 82 26 plaine
3129 2686 44 22 des
3185 2691 158 17 manœuvres

3060 2713 33 22 Le
3109 2713 28 21 6e
3154 2713 30 22 de
3200 2714 73 25 ligne,
3286 2719 57 17 sous
3360 2714 35 23 les
3408 2715 84 22 ordres
3509 2715 33 22 du
3557 2721 30 17 co-

3033 2739 65 23 lonel
3115 2740 169 26 Vermmdèle,
3301 2741 58 22 s'est
3373 2741 72 24 réuni
3461 2747 33 17 au
3511 2748 77 17 monu-

3034 2767 70 21 ment
3116 2767 71 26 érigé,
3200 2772 95 18 avenue
3307 2769 100 26 Royale,
3419 2768 16 22 à
3448 2769 25 22 la
3484 2769 117 23 mémoire

3031 2793 44 23 des
3086 2793 93 23 soldats
3187 2794 145 26 originaires
3343 2796 30 22 de
3382 2796 129 24 Berchem.
3522 2798 78 21 morts

3032 2825 33 18 au
3084 2821 92 25 champ
3194 2822 144 23 d'honneur.

3060 2848 33 22 Le
3113 2849 28 21 2e
3160 2848 122 27 régiment
3302 2850 34 22 du
3356 2850 71 26 génie
3446 2856 16 17 a
3482 2851 49 23 fait
3551 2856 49 18 une

3034 2876 65 25 prise
3115 2876 106 23 d'armes
3238 2877 63 22 dans
3315 2877 26 22 la
3358 2882 59 18 cour
3431 2878 30 22 de
3478 2878 25 23 la
3519 2883 69 18 caser-

3031 2907 31 17 ne
3076 2903 49 21 3-9.

3059 2930 46 21 Les
3124 2929 70 23 chefs
3215 2930 31 23 de
3266 2936 78 21 corps,
3363 2932 73 26 après
3456 2933 68 22 avoir
3542 2934 43 26 pré-

3031 2957 71 22 senté
3120 2957 23 22 le
3158 2958 110 25 drapeau
3287 2958 16 22 à
3319 2959 25 21 la
3364 2960 94 25 troupe,
3477 2961 45 21 ont
3542 2966 44 21 pro-

3032 2983 78 23 noncé
3130 2989 50 18 une
3199 2985 134 23 allocution
3353 2991 62 20 pour
3433 2988 114 25 rappeler
3564 2988 36 22 les

3032 3011 61 22 laits
3110 3011 105 23 d'armes
3233 3013 33 21 du
3284 3012 128 25 régiment,
3431 3019 32 17 au
3480 3019 72 18 cours
3569 3016 31 21 de

3033 3037 25 23 la
3080 3038 101 22 bataille
3204 3040 30 21 de
3252 3039 85 23 l'Yser.
3359 3041 77 24 Après
3454 3041 147 27 l'hommage

3033 3065 73 22 fleuri
3127 3070 33 18 au
3179 3068 153 23 monument,
3353 3072 34 17 un
3409 3067 75 23 défilé
3504 3069 96 23 clôtura

3033 3096 41 18 ces
3092 3092 150 22 cérémonies
3258 3094 162 24 patriotiques

3230 3127 21 22 A
3266 3128 141 22 MALINES

3062 3158 113 25 Malines.
3197 3160 28 21 24
3247 3160 105 22 octobre.
3374 3172 28 5 —
3422 3162 33 22 Ce
3478 3163 88 24 matin,
3587 3164 17 21 à

3034 3185 27 22 10
3077 3186 96 25 heures,
3191 3187 23 21 le
3229 3187 93 22 colonel
3339 3188 120 27 Leclercq,
3475 3194 114 18 comman-

3033 3212 65 22 dant
3111 3213 23 22 le
3149 3213 27 23 7c
3191 3213 30 23 de
3237 3214 73 27 ligne,
3324 3219 16 17 a
3352 3215 72 23 réuni
3439 3216 56 22 tous
3508 3222 41 17 ses
3563 3218 27 21 of-

3033 3239 84 22 ficiers
3133 3241 25 21 et
3173 3240 94 24 soldats
3281 3241 17 22 à
3315 3242 25 22 la
3356 3247 101 18 caserne
3474 3244 34 22 du
3524 3245 78 21 Petit-

3033 3266 124 25 Quartier,
3175 3272 43 17 rue
3235 3268 30 22 de
3285 3269 118 22 Stassart.

3061 3293 33 22 Le
3114 3294 110 26 drapeau
3244 3296 32 22 du
3296 3296 129 25 régiment,
3446 3298 94 23 escorté
3557 3303 45 22 par

3033 3320 36 22 les
3092 3320 80 23 élèves
3196 3322 31 22 de
3252 3322 82 23 l'école
3360 3324 33 21 du
3419 3324 28 22 7e
3472 3325 31 22 de
3529 3325 73 26 ligne,

3032 3347 33 21 fit
3081 3352 46 17 son
3146 3348 93 25 entrée,
3256 3349 110 23 accueilli
3388 3355 46 22 par
3454 3352 26 21 la
3499 3353 101 21 marche

3031 3374 34 22 du
3083 3375 129 25 régiment.

3059 3401 34 22 Ls
3116 3402 94 23 colonel
3234 3403 116 26 présenta
3375 3405 23 22 le
3418 3406 117 25 drapeau,
3559 3409 41 22 qui

3031 3430 70 23 porte
3116 3428 36 23 les
3168 3429 110 26 glorieux
3295 3436 72 17 noms
3384 3432 124 24 d'Anvers.
3526 3434 72 22 Lom-

3031 3455 128 26 bardzyde,
3193 3457 196 27 Salnt-Gecrges
3414 3460 27 23 et
3474 3460 119 27 Nieuport

3030 3486 50 18 aux
3098 3483 88 25 jeunes
3204 3490 104 20 recrues,
3323 3486 27 21 et
3369 3486 109 27 rappela,
3497 3493 32 17 en
3548 3489 38 21 ter-

3030 3514 53 18 mes
3101 3510 50 23 très
3168 3510 134 27 éloquents,
3319 3513 25 22 la
3361 3514 176 26 participation
3553 3516 32 22 hé-

3031 3537 85 26 roïque
3141 3537 35 23 du
3201 3537 121 26 régiment
3348 3540 17 23 à
3390 3540 25 22 la
3441 3541 100 23 bataille
3568 3543 30 22 de

3030 3563 85 23 l'Yzer.

3058 3592 55 22 Une
3131 3601 10 9 »
3160 3592 181 27 Brabançonne
3361 3604 10 10 »
3391 3596 107 22 termina
3516 3596 26 23 la
3557 3598 27 22 cé-

3031 3618 116 26 rémonie,
3173 3619 16 22 à
3214 3620 104 26 laquelle
3344 3622 99 22 avaient
3468 3624 51 25 pris
3541 3627 56 23 part

3030 3646 82 22 toutes
3132 3646 37 23 les
3204 3648 102 22 sociétés
3338 3649 162 27 patriotiques
3522 3652 30 22 de
3572 3652 26 22 la

3029 3672 64 23 ville.

3249 3703 21 22 A
3286 3704 90 22 MONS

3055 3734 79 25 Mons,
3150 3734 28 22 24
3192 3735 105 23 octobre.
3314 3747 27 6 —
3356 3738 46 23 Les
3416 3737 132 26 régiments
3565 3740 29 22 de

3028 3759 23 22 la
3067 3761 116 25 garnison
3196 3762 31 22 de
3239 3763 73 22 Mons
3327 3764 45 22 ont
3388 3763 100 26 célébré,
3499 3767 96 22 samedi

3028 3786 23 22 la
3068 3788 219 23 commémoration
3316 3790 32 22 de
3378 3791 26 22 la
3431 3791 100 23 bataille
3564 3793 30 22 de

3027 3813 85 23 l'Yser.

3055 3841 32 22 Le
3103 3842 39 21 ler
3153 3842 128 24 chasseurs
3292 3842 15 23 à
3320 3843 55 26 pied
3388 3845 58 22 s'est
3458 3844 70 23 réuni
3539 3846 42 24 pla-

3026 3872 28 18 ce
3071 3868 137 23 Nervienne
3225 3869 32 22 où
3274 3870 23 22 le
3315 3870 94 23 colonel
3423 3872 37 21 De
3476 3872 86 22 Haene
3578 3878 14 17 a

3026 3894 98 22 adressé
3141 3900 48 17 une
3208 3896 132 22 allocution
3355 3896 15 22 à
3385 3897 25 22 la
3427 3898 94 25 trouoe,
3539 3900 54 24 puis

3026 3925 15 17 a
3056 3921 102 25 procédé
3169 3922 17 22 à
3198 3927 48 17 une
3260 3923 203 23 reconnaissance
3476 3925 42 22 des
3531 3925 48 22 offi-

3025 3947 62 23 ciers
3102 3949 26 21 et
3147 3948 16 22 à
3180 3949 26 22 la
3222 3948 168 27 présentation
3408 3951 43 21 des
3468 3951 125 25 drapeaux

3025 3979 48 17 t-ux
3086 3980 103 17 recrues.

3052 4002 34 21 Le
3126 4003 38 20 1er
3181 4002 128 23 chasseurs
3325 4003 16 21 à
3359 4003 86 23 cheval
3463 4005 27 22 et
3509 4004 22 22 le
3552 4005 39 22 lie

3025 4028 140 23 d'artillerie
3185 4029 90 24 réunis,
3289 4031 45 21 ont
3350 4029 93 23 célébré
3460 4031 118 22 l'anniver-

3023 4055 64 21 saire
3102 4055 14 22 à
3129 4055 26 21 la
3165 4060 102 18 caserne
3279 4056 29 22 de
3321 4056 119 23 cavalerie
3454 4056 32 23 où
3499 4058 25 21 la
3537 4058 40 22 mê-

3025 4086 39 17 me
3081 4081 136 23 cérémonie
3232 4089 15 16 a
3260 4087 31 17 eu
3309 4083 55 22 Heu.

3052 4109 32 21 Le
3100 4109 108 25 drapeau
3221 4109 73 23 flotte
3308 4109 16 22 à
3338 4109 82 23 l'hôtel
3433 4110 31 22 de
3475 4111 63 22 ville.

3026 4155 166 22 HOMMAGE
3217 4157 44 21 AU
3285 4157 124 21 SOLDAT
3434 4156 158 27 FRANÇAIS

3233 4189 145 22 INCONNU

3035 4221 135 23 L'Amicale
3183 4221 43 22 des
3240 4221 106 23 Anciens
3361 4222 30 22 de
3402 4222 78 23 l'Yser
3494 4228 15 17 a
3521 4228 54 18 com-

3022 4248 85 22 mencé
3120 4249 24 22 la
3157 4248 63 22 série
3234 4249 43 21 des
3290 4249 201 23 manifestations
3504 4251 86 24 qu'elle

3020 4274 112 26 organise
3145 4274 94 27 chaque
3251 4274 80 23 année
3342 4280 62 21 pour
3413 4276 177 23 commémorer

3021 4301 24 24 la
3061 4302 100 22 bateille
3173 4302 30 22 de
3217 4302 85 24 l'Yser,
3313 4307 46 20 par
3373 4307 34 17 un
3421 4302 140 26 pèlerinage
3573 4303 16 22 à

3020 4327 26 22 la
3064 4328 82 22 tombe
3180 4329 32 21 du
3246 4329 69 22 Poilu
3333 4329 119 25 Français
3468 4330 120 23 Inconnu,

3020 4354 102 22 inhumé
3134 4354 16 22 à
3163 4355 105 22 Laeken.

3047 4381 172 22 L'ambassade
3231 4382 30 21 de
3276 4382 94 21 France
3382 4381 62 23 était
3459 4385 115 22 représen-

3022 4407 39 22 tée
3078 4412 46 21 par
3138 4408 22 22 le
3177 4408 124 25 capitaine
3317 4408 97 22 Fustier
3430 4409 26 21 et
3471 4409 30 22 de
3517 4414 59 17 nom-

3018 4434 98 23 breuses
3127 4434 152 27 délégations
3293 4435 30 22 de
3336 4434 103 23 sociétés
3451 4435 137 25 françaises

3018 4464 26 21 et
3057 4461 81 26 belges
3155 4461 94 22 éteient
3262 4462 24 22 11
3302 4466 59 17 avec
3373 4462 65 21 leurs
3455 4462 131 24 drapeaux.

3047 4488 67 23 Nous
3126 4493 77 17 avons
3215 4487 58 23 noté
3286 4489 25 21 la
3323 4487 115 26 présence
3451 4488 43 24 des
3506 4498 10 9 »
3529 4489 44 22 Poi-

3018 4514 38 22 lus
3069 4515 29 21 de
3112 4515 94 21 France
3219 4524 19 15 »,
3250 4515 31 21 de
3292 4515 120 25 plusieurs
3424 4515 163 24 fraternelles,

3018 4541 30 22 de
3061 4541 107 22 sections
3185 4541 30 22 de
3228 4542 25 21 la
3266 4542 27 21 F.
3306 4541 29 22 N.
3350 4541 29 22 O.

3045 4567 46 22 Les
3103 4568 121 21 membres
3236 4568 30 22 de
3278 4568 24 21 la
3314 4567 95 23 Société
3420 4568 123 24 française
3557 4569 29 22 de

3017 4594 158 26 préparation
3186 4594 117 21 militaire
3316 4594 118 22 faisaient
3445 4595 24 21 la
3481 4595 65 22 haie.

3045 4620 33 22 M.
3098 4620 102 25 Houart,
3221 4619 125 26 président
3364 4621 43 21 des
3431 4621 106 24 Anciens
3556 4622 30 22 de

3017 4646 84 25 l'Yser,
3117 4651 125 21 prononça
3256 4646 114 26 quelques
3385 4648 73 21 mots.

3044 4674 35 21 M.
3092 4674 80 20 Durât
3185 4673 113 25 répondit
3311 4678 33 17 au
3356 4678 59 17 nom
3429 4674 43 21 des
3483 4674 102 24 anciens

3016 4700 168 22 combattants
3196 4700 116 25 français,
3328 4700 54 25 puis
3395 4705 31 16 on
3440 4700 90 24 déposa
3541 4701 44 22 des

3016 4727 77 21 fleurs
3106 4727 92 24 devant
3210 4727 22 21 le
3245 4727 146 21 monument
3402 4727 91 22 devant
3505 4728 79 21 leouel

3015 4753 35 22 les
3077 4753 104 23 sociétés
3209 4752 132 23 défilèrent
3368 4753 97 22 ensuite
3488 4754 83 24 pieuse

3017 4780 75 22 ment.
3106 4790 27 6 —
3148 4780 23 21 S.

3660 2487 197 41 MARCHES
3890 2489 51 39 DE
3976 2489 202 41 BELGIOUE

3653 2553 77 20 GAND,
3747 2554 22 17 24
3784 2554 89 18 octobre.
3888 2562 24 5 —
3927 2554 93 17 Pommes
4036 2553 25 18 de
4077 2554 61 20 terre,
4155 2553 39 22 kg.,

3630 2574 48 21 0.70;
3701 2576 92 19 oiernons,
3816 2576 8 17 1
3829 2579 4 16 ;
3856 2575 89 19 endives,
3965 2575 30 17 les
4016 2575 27 19 13,
4066 2575 30 19 10;
4118 2575 76 18 choux-

3630 2596 69 20 fleurs,
3715 2596 61 21 pièce,
3792 2596 41 20 2-3;
3849 2596 66 17 choux
3929 2596 69 20 cabus,
4015 2596 17 21 1;
4049 2596 91 20 cerfeuil,
4155 2596 39 21 kg.,

3629 2618 19 19 D;
3667 2616 67 24 perstt,
3753 2618 39 20 kj.,
3809 2618 20 19 9;
3847 2618 103 21 poireaux,
3969 2621 37 18 par
4023 2619 81 20 paquet.
4123 2618 70 18 1.50-2;

3630 2638 60 20 lèves,
3707 2639 38 20 kg.,
3760 2639 42 19 6-7;
3819 2639 66 18 choux
3901 2643 77 16 rouges,
3996 2638 61 22 pièce,
4075 2640 48 20 1.50;
4140 2640 44 17 sala-

3629 2660 25 18 de
3675 2660 49 20 0.73;
3748 2661 66 17 choux
3836 2661 23 18 de
3882 2661 78 19 Savoie,
3983 2660 29 18 les
4034 2661 28 20 13,
4086 2661 29 20 10;
4139 2665 45 14 scor-

3629 2681 87 20 sonères,
3735 2686 37 16 par
3788 2682 82 20 paquet,
3887 2682 19 20 4;
3925 2682 77 20 céleris,
4021 2682 33 18 id..
4073 2682 41 19 1-2;
4133 2682 60 18 écha-

3629 2701 66 22 lottos,
3713 2703 38 20 kg.,
3768 2703 19 20 2;
3805 2703 102 20 épinards,
3923 2704 19 19 3;
3960 2704 66 17 choux
4043 2704 24 17 de
4084 2704 109 20 Bruxelles,

3628 2724 19 19 2;
3662 2724 108 21 chicorées,
3785 2725 42 19 3-4;
3843 2725 90 18 chlcorce
3947 2729 26 13 en
3987 2725 87 19 racines,
4090 2725 39 21 kg.,
4144 2725 48 20 1.50;

3629 2746 92 20 tomates,
3746 2746 39 20 kg.,
3809 2746 41 20 5-6;
3874 2747 96 19 carottss,
3994 2747 18 19 1;
4036 2747 96 19 carottes,
4155 2750 38 17 par

3629 2769 80 18 paquet,
3734 2768 47 19 1.50;
3805 2767 73 21 oseille,
3900 2768 19 19 2;
3941 2771 96 17 pommes,
4059 2768 19 19 4;
4101 2771 92 18 oranges,

3628 2788 101 21 090-1.25;
3748 2789 97 19 bananes,
3863 2789 101 19 O.75-0.C0;
3983 2789 84 19 citrons.
4084 2790 50 19 0.60;
4152 2790 31 17 rai-

3629 2810 48 20 sins,
3697 2810 38 20 kg.,
3755 2811 63 19 12-18;
3836 2811 54 19 noix,
3908 2811 29 17 les
3954 2811 53 19 cent,
4026 2811 19 19 9;
4064 2811 73 20 poires,
4155 2811 38 21 kg-,

3628 2831 41 21 2-5;
3692 2831 78 21 beurre,
3793 2832 30 20 21;
3846 2832 59 19 œufs,
3927 2832 48 20 1.C5;
3998 2832 80 20 poulets
4101 2832 12 18 à
4135 2832 57 20 rôtir,

3629 2852 61 21 plèee,
3705 2853 64 20 14-15;
3784 2853 70 21 poules
3869 2853 12 18 â
3894 2852 77 21 étuver,
3986 2854 64 19 15-35;
4066 2854 74 21 lapins,
4155 2854 38 21 kg.,

3627 2874 31 20 20;
3673 2875 105 19 crevettes,
3793 2875 41 20 5-7;
3850 2875 91 20 barbues,
3957 2875 70 20 14-1E;-
4036 2875 109 21 cabillaud,
4161 2875 31 18 16-

3629 2895 31 20 20;
3680 2899 141 17 maquereaux,
3840 2896 19 19 8;
3879 2896 56 22 piles,
3954 2897 63 19 10-13;
4037 2896 105 21 onçuilles,
4162 2897 32 18 18-

3628 2917 29 19 30;
3677 2917 92 21 aiglefin,
3788 2917 83 20 8-12.50;
3891 2918 60 19 raies,
3970 2918 42 20 8-9;
4031 2918 76 20 turbot,
4128 2918 63 20 15-30;

3629 2938 58 21 soles,
3704 2939 64 20 28-43;
3785 2939 85 18 merlan.
3887 2939 19 19 5;
3922 2939 81 20 chabot,
4021 2940 64 18 10-12;
4102 2939 91 20 dorades,

3628 2959 29 20 10;
3683 2960 72 20 bœufs,
3780 2960 38 21 kg.,
3843 2960 71 20 4.50-7;
3939 2961 96 20 gïn!s:es,
4060 2961 72 20 4.50-7;
4155 2964 26 15 va-

3629 2981 53 20 ches.
3704 2982 71 19 3.50-6;
3797 2984 105 17 taureaux.
3924 2982 102 19 4.50-6.25;
4047 2986 72 16 veaux,
4140 2982 52 20 7-11;

3630 3006 64 17 porcs,
3710 3003 101 20 6.30-6.63;
3827 3004 100 19 moutons,
3942 3003 41 20 4-5;
3998 3007 100 17 agneaux,
4113 3004 19 20 6;
4148 3008 36 18 por-

3630 3023 68 19 celets.
3716 3025 84 17 155-275.

3653 3045 141 18 GOSSELIES.
3813 3046 23 18 24
3854 3046 88 18 octobre.
3961 3055 22 5 —
4002 3047 83 19 Beurre,
4104 3046 40 21 k*.,
4161 3046 31 20 tl;

3630 3067 59 19 œufs,
3708 3067 29 17 le3
3755 3067 28 20 26,
3801 3067 32 19 28;
3852 3071 90 17 pommes
3960 3068 25 17 de
4005 3069 60 19 terre,
4085 3068 39 21 kg..
4144 3069 48 19 0.60;

3628 3088 66 18 choux
3708 3089 24 17 de
3746 3088 109 20 Bruxelles.
3870 3089 19 20 2;
3904 3089 88 20 chicons,
4007 3090 19 19 3;
4041 3089 87 20 salades.
4142 3090 49 20 0.50;

3628 3109 102 20 épinards,
3752 3110 19 20 2;
3792 3110 94 20 scaroles,
3908 3110 49 20 0.50;
3979 3111 89 20 endives,
4089 3112 50 19 0.50;
4161 3112 21 17 to-

3629 3131 72 20 mates,
3719 3131 20 19 4;
3758 3132 97 19 carottes,
3873 3132 49 20 0.60;
3940 3132 92 20 oignons.
4052 3133 18 19 1;
4090 3133 102 20 poireaux,

3632 3152 47 20 1.53;
3694 3152 78 20 céleris,
3786 3153 50 20 0.50;
3851 3157 96 16 pommes,
3962 3153 49 20 1.25;
4026 3153 98 21 bananes,
4139 3154 19 18 4.

3653 3173 121 19 ENGHIEN.
3792 3174 23 17 24
3833 3174 88 18 octobre.
3940 3183 22 4 —
3981 3175 102 20 Froment,
4103 3176 34 17 100
4155 3174 38 22 kg.,

3631 3195 64 20 70-80;
3710 3195 74 21 métcll,
3798 3196 64 18 60-65;
3876 3196 68 21 seigle,
3958 3196 64 20 65-70;
4037 3197 78 20 avoine.
4130 3197 64 20 80-85;

3629 3219 54 18 orge,
3704 3216 64 21 70-75;
3790 3217 104 21 féveroles,
3915 3218 87 19 110-120;
4022 3218 71 20 graine
4113 3218 25 18 de
4157 3218 36 20 lin.

3630 3237 42 20 200;
3689 3238 27 17 Id.
3731 3238 25 18 dc
3771 3238 61 21 colza,
3848 3238 42 21 250;
3907 3242 90 18 pommes
4012 3239 25 17 de
4052 3239 61 20 terre,
4129 3240 64 20 40-50;

3630 3259 67 20 paille,
3721 3260 44 17 1003
3788 3260 38 20 kg.,
3848 3260 42 19 200;
3914 3260 50 20 foin,
3986 3260 43 19 250;
4053 3261 78 20 beurre,
4154 3261 39 21 kg.,

3630 3280 63 18 17-19:
3709 3281 59 18 œufs,
3784 3281 62 19 pièce.
3862 3281 99 18 0.95-1.05.

3652 3302 120 20 TOURNAI,
3791 3303 23 16 24
3831 3303 88 17 octobre.
3940 3311 21 5 —
3979 3303 92 18 Pommes
4089 3304 25 17 de
4133 3304 60 20 terre,

3629 3323 63 20 44-48;
3710 3324 72 17 beurre
3797 3324 59 18 frais.
3872 3324 65 19 23-26;
3955 3324 60 20 œufs,
4031 3325 117 18 25.50-26.25
4163 3325 29 19 lei

3627 3344 30 19 26;
3679 3344 75 22 poules.
3774 3345 93 20 19.50-21;
3888 3346 85 21 poulets,
3993 3346 64 20 20-33;
4077 3346 75 21 lapin»,
4170 3347 22 17 9-

3627 3366 49 19 S.10;
3693 3366 88 21 pigeons,
3797 3367 86 17 14-14.50
3897 3367 21 17 la
3932 3367 79 21 couple;
4028 3368 105 20 porcelet*,
4149 3368 43 18 M0-

3626 3386 42 20 215;
3691 3387 51 18 chev
3741 3391 47 17 aux,
3811 3388 108 18 3400-3700.

3651 3409 129 20 VERVIERS,
3798 3410 23 16 24
3838 3410 89 17 octobre.
3944 3418 24 5 —
3984 3411 77 17 Beurre
4079 3411 24 17 de
4122 3411 69 20 ferme,

3628 3430 29 20 18;
3671 3430 27 17 id.
3712 3431 25 17 de
3748 3431 103 19 crémerie,
3865 3431 31 20 22;
3910 3431 60 20 œufs,
3984 3431 30 18 les
4026 3432 29 18 26.
4069 3432 31 20 28;
4115 3432 66 18 froma-

3627 3455 29 16 ge,
3676 3452 42 19 3-4;
3739 3453 72 19 sirops,
3832 3452 41 20 4-6;
3894 3453 74 17 viande
3989 3453 13 17 à
4021 3453 53 18 rôtir
4093 3457 50 14 sans
4161 3457 29 16 os.

3627 3472 63 20 14-20;
3712 3473 26 17 id.
3759 3477 48 14 avec
3827 3477 28 16 os,
3875 3474 53 19 8-16;
3950 3474 27 17 ld.
3998 3475 12 17 à
4030 3475 87 19 bouillir.
4137 3475 53 20 6-10;

3626 3497 52 14 veau
3690 3498 49 14 sans
3752 3498 28 17 os,
3795 3495 63 19 14-20;
3873 3495 27 17 id.
3913 3499 48 14 avec
3975 3499 29 16 os,
4017 3496 53 20 8-16;
4084 3496 51 20 lard,
4149 3496 42 21 7-B;

3626 3516 77 17 rraisse
3720 3516 76 17 fondue
3815 3520 5 13 :
3839 3517 62 19 bceuf,
3919 3517 19 19 6;
3958 3517 27 17 id.
4004 3521 54 17 porc.
4076 3518 20 19 8;
4114 3518 76 21 pouiee,

3626 3536 64 21 20-25;
3709 3537 74 21 lapins,
3803 3538 63 19 11-15;
3886 3538 72 21 poires,
3979 3539 40 19 1-3;
4039 3539 79 20 pêches,
4137 3539 53 21 4-10;

3626 3558 84 20 poulets,
3725 3559 64 20 10-15;
3803 3559 78 20 lièvres,
3894 3560 65 20 35-42;
3973 3560 82 20 raisins,
4069 3561 53 19 6-12;
4136 3561 54 20 noix,

3624 3579 42 21 2-3;
3682 3580 83 19 citrons,
3782 3581 18 19 1;
3817 3584 99 16 marrons.
3932 3582 19 18 0;
3967 3581 66 18 choux
4048 3582 76 20 blancs,
4141 3583 48 19 1.50;

3624 3600 28 18 ld.
3667 3602 109 19 Bruxelles,
3793 3602 41 20 2-3;
3852 3603 26 16 ld.
3895 3602 70 20 fleurs,
3981 3603 71 20 1.50-2;
4069 3603 27 18 id.
4112 3607 78 17 rouges,

3626 3622 70 20 1-1.50;
3714 3623 27 17 id.
3756 3623 79 20 Savoie,
3852 3624 50 19 0.75;
3919 3624 68 19 céleri,
4003 3625 42 19 2-3;
4062 3625 92 20 verdure,
4169 3625 20 20 4;

3624 3644 92 18 chicorée
3731 3644 25 17 de
3770 3645 111 20 Bruxelles,
3897 3645 71 19 2.50-3;
3985 3647 78 18 navets,
4081 3646 48 20 1.50;
4146 3646 34 21 poi-

3625 3668 68 17 reaux,
3716 3666 40 17 1-2;
3779 3667 96 19 carottes,
3898 3667 18 19 1;
3939 3666 69 21 laitue,
4029 3667 50 20 0.75;
4100 3668 89 20 endives,

3624 3686 71 20 0.75-1;
3715 3687 84 20 salsifis,
3819 3688 49 19 2.50;
3888 3688 121 20 betteraves,
4031 3689 47 19 1.50;
4098 3689 91 20 oignons,

3625 3707 48 20 1.25;
3694 3709 93 18 tomates,
3807 3708 42 21 2-3;
3869 3712 89 17 pommes
3977 3710 25 17 de
4021 3710 54 17 terre
4094 3710 95 22 mylords,

3623 3729 49 20 0.65;
3689 3730 27 16 id.
3730 3730 111 19 Edouards,
3856 3731 49 19 0.70;
3923 3731 26 17 ld.
3965 3731 72 20 plates,
4054 3732 16 17 1.

3645 3750 172 21 WAEREGHEM,
3840 3751 23 17 24
3886 3752 90 16 octobre.
4002 3760 20 4 —
4047 3752 93 18 Pommes
4163 3752 25 18 de

3621 3771 61 19 terre.
3697 3771 64 20 45-55;
3778 3772 78 18 beurre.
3872 3772 63 18 18-21:
3952 3772 59 21 œufs,
4026 3773 72 19 0.95-1;
4114 3774 74 20 gorets.

3621 3793 70 18 6.50-9;
3709 3793 75 19 lapins,
3800 3793 71 18 8-8.25:
3890 3793 90 21 pigeons,
3997 3793 30 18 les
4043 3794 59 20 deux,
4116 3794 71 20 f.50-B;

3621 3814 27 19 ld.
3664 3814 79 21 jeunes,
3761 3814 34 19 id.,
3811 3814 81 18 9.50-11.

3645 3835 88 20 TPRES,
3747 3836 22 17 24
3783 3836 88 17 octobre.
3884 3845 23 4 —
3921 3837 102 19 Froment.
4038 3837 64 20 75-87;
4118 3838 71 20 graine

3622 3856 25 18 de
3666 3857 61 19 colza,
3748 3857 87 20 216-219;
3855 3857 72 21 graine
3945 3858 25 17 do
3990 3858 67 19 trèfle.
4078 3859 108 20 1600-1800;

3623 3878 67 20 seigle,
3711 3878 64 19 65-68;
3796 3879 98 19 sarrr.sin.
3915 3879 87 19 197-199;
4024 3880 79 20 avoine,
4123 3881 62 19 77-79;

3621 3903 48 13 orre
3684 3899 122 21 (brasseur»,
3820 3900 87 19 122-124;
3921 3904 48 17 orge
3985 3901 122 21 (fourrage).
4122 3902 59 19 78-79;

3624 3921 49 18 rois.
3686 3921 42 19 203;
3743 3921 73 19 farine.
3832 3922 86 19 101-133;
3932 3922 58 20 maïs,
4005 3923 64 19 G2-64;
4084 3923 104 21 féveroles,

3621 3942 87 20 107-1C9;
3727 3946 43 15 son,
3789 3943 64 19 66-63;
3872 3943 121 20 rémoulade,
4012 3944 87 20 103-105;
4119 3944 67 19 farine

3620 3962 25 18 de
3660 3963 36 18 lin.
3714 3963 86 20 122-124;
3818 3964 114 19 tourteaux,
3951 3965 87 19 103-105;
4056 3969 90 17 pommes
4162 3966 25 18 de

3622 3985 60 19 terre,
3701 3984 64 19 3-.-40;
3784 3985 78 18 beurre.
3880 3985 95 20 20.50-22;
3993 3986 60 20 œufs,
4073 3987 48 20 1.10;
4140 3991 38 17 por-

3621 4005 69 20 celets,
3706 4006 87 20 100-175;
3810 4007 27 17 ld.
3853 4007 12 17 6
3879 4007 19 17 le
3913 4007 41 21 kg.;
3971 4007 67 22 paille,
4054 4008 65 20 23-26;
4137 4008 51 21 fota,

3619 4026 65 19 34-26:
3704 4027 28 17 lin
3753 4027 53 19 brut.
3825 4028 64 17 32-37.

3635 4096 250 60 [V/flD|PCÇ
3901 4098 246 43 ULCERES

3653 4133 232 49 VflnlULO
3904 4148 240 50 Variqueux

3698 4204 399 83 HEMORROÏDES

3656 4307 100 18 Guérison
3774 4308 92 18 certaine
3882 4310 21 16 et
3920 4309 71 21 rapide
4007 4314 25 13 en
4048 4311 95 20 quelque*

3655 4328 90 20 séances,
3757 4333 49 14 sans
3818 4329 113 21 opération,
3942 4335 49 13 sans
4002 4335 80 15 aucune
4093 4332 39 17 dou-

3654 4349 50 20 leur,
3716 4355 50 13 sana
3778 4351 69 17 devoir
3859 4355 67 14 cesser
3936 4352 25 18 de
3972 4353 112 19 travailler,
4092 4358 50 13 sant

3654 4371 69 20 séjour
3739 4376 25 13 au
3780 4372 32 19 lit,
3828 4377 38 16 par
3879 4373 120 18 traitement
4013 4375 45 17 tout
4074 4375 11 17 à
4102 4375 39 17 fait

3654 4396 99 14 nouvean.
3766 4394 43 17 Une
3821 4394 59 17 visite
3891 4398 38 17 par
3940 4395 90 18 temalne
4040 4400 26 13 oo
4078 4396 63 17 mémr

3655 4418 38 16 par
3705 4414 51 17 mois
3767 4415 68 17 suffit.
3847 4416 63 19 Donc,
3923 4416 25 17 de
3961 4417 108 20 n'Importe
4077 4417 65 21 quelle

3654 4435 46 18 ville
3716 4436 25 17 de
3756 4436 101 21 Belgique,
3872 4442 26 12 on
3912 4439 49 18 peut
3977 4439 57 17 venir
4050 4443 22 13 te
4089 4439 51 17 faire

3864 4458 69 20 cuérlr

3646 4488 195 77 wm
3866 4490 45 75 i
3936 4490 47 77 Ll
4004 4492 137 75 FEU,

3653 4583 93 19 Matrice,
3767 4584 86 18 ovaires,
3875 4584 96 18 douleurs
3991 4585 36 17 des
4047 4585 91 21 époque»,

3653 4604 144 20 hémorragies,
3825 4605 64 18 sulten
3913 4606 25 17 de
3964 4607 92 19 couches,
4073 4609 65 18 perte*

3652 4625 103 19 blanches,
3781 4626 168 21 démangeaisons
3975 4629 99 18 externes,
4100 4630 32 16 tte

3651 4647 127 17 Traitement
3805 4647 75 21 spécial
3903 4649 124 19 permettant
4053 4651 84 15 souvent

3651 4667 84 19 deviter
3752 4669 49 17 UNE
3817 4670 150 17 OPERATION.

3643 4701 206 53 rraii8fï!8ii!
3869 4702 44 53 ûe
3936 4702 33 53 la
3987 4702 151 54 stérilité

3087 4857 40 29 LA
3152 4851 120 35 SOIRÉE
3298 4857 217 36 DRAMATIQUE

3103 4906 42 29 DE
3172 4906 29 29 L'
3228 4914 21 18 «
3270 4900 187 36 ÉTINCELLE
3475 4915 21 18 »

2455 5434 62 30 LES
2542 5434 158 29 WALLONS
2728 5434 41 29 DU
2795 5433 154 30 BRABANT

2441 5509 36 21 La
2489 5507 147 22 Fédération
2648 5508 42 21 des
2701 5506 103 23 sociétés
2816 5507 166 27 dramatiques

2414 5536 25 21 et
2462 5535 134 22 littéraires
2618 5535 134 21 wallonnes
2775 5535 33 21 du
2831 5535 113 22 Brabant
2966 5541 14 16 a

2414 5564 60 22 tenu
2495 5562 130 22 dimanche
2644 5562 87 24 matin,
2750 5561 16 22 à
2784 5562 133 25 Bruxelles,
2937 5567 43 18 son

2414 5590 134 22 assemblée
2566 5589 172 22 trimestrielle.

2440 5619 38 21 Au
2501 5618 92 22 bureau
2619 5622 27 17 se
2672 5616 141 22 trouvaient
2838 5617 61 22 MM.
2926 5617 52 21 Van

2413 5646 108 23 Cutsem,
2545 5644 132 27 président,
2701 5643 68 22 René
2793 5643 100 26 Hlngot,
2916 5645 63 22 vice-

2413 5672 132 27 président,
2570 5671 97 26 Edgard
2692 5671 64 25 Teys
2789 5670 122 27 trésorier,
2936 5673 32 21 Jo-

2411 5701 63 25 seph
2502 5701 120 24 Coppens,
2657 5698 130 23 secrétaire
2813 5698 59 25 iff.),
2909 5700 69 21 Louli

2412 5728 99 22 Saintes
2530 5728 26 21 et
2575 5726 94 22 Arthur
2688 5726 89 25 Potier,
2794 5726 185 23 commissaires.

2438 5753 161 23 L'assembléo
2615 5758 16 17 a
2647 5752 56 23 voté
2719 5753 43 22 des
2778 5753 161 23 félicitations
2955 5755 24 22 et

2411 5782 75 22 remis
2509 5786 35 17 un
2566 5781 114 21 souvenir
2703 5780 16 22 à.
2739 5781 34 21 M.
2797 5781 180 26 Dewandelaer,

2411 5814 35 17 un
2467 5810 74 25 Jeune
2562 5808 78 27 poète,
2661 5808 61 22 dont
2743 5808 100 22 l'oeuvre
2864 5809 38 22 est
2923 5809 55 26 déjà

2411 5837 142 22 abondante
2572 5837 26 21 et
2617 5835 41 26 qui
2677 5840 16 17 a
2712 5835 91 22 obtenu
2822 5840 36 17 un
2878 5836 54 26 prix
2949 5836 30 23 de

2411 5865 62 23 5,000
2487 5864 31 23 fr.
2531 5868 33 17 au
2578 5867 118 18 concours
2709 5862 119 22 littéraire
2842 5863 89 23 wallon
2946 5864 32 22 du

2411 5891 155 23 Centenaire.

2436 5918 53 23 Elle
2504 5923 16 16 a
2535 5916 110 24 entendu
2660 5916 121 27 plusieurs
2794 5918 121 25 rapports,
2930 5923 34 17 no-

2411 5946 124 22 tamment
2551 5946 30 21 de
2597 5945 34 22 M.
2648 5944 106 24 Vervier,
2769 5949 42 17 sur
2827 5944 25 22 la
2867 5944 109 23 création

2411 5974 59 21 d'un
2491 5971 99 27 journal
2608 5971 122 26 dialectal,
2752 5972 30 21 de
2802 5972 34 22 M.
2857 5972 118 25 Plament,

2410 6006 43 17 sur
2466 6000 26 22 la
2505 5999 121 23 diffusion
2639 5999 128 24 wallonne,
2780 5999 26 21 et
2819 5999 30 22 de
2862 6000 34 22 M.
2909 6000 66 22 Gué-

2411 6033 34 20 ry,
2460 6032 43 17 sur
2519 6026 25 23 la
2561 6026 98 22 Maison
2676 6026 68 23 d'Art
2760 6025 128 25 wallonne.
2903 6037 31 6 —
2951 6028 19 20 C

3044 4979 32 22 Le
3089 4979 78 22 cercle
3179 4980 64 23 d'art
3256 4980 110 22 théâtral
3380 4987 10 12 «
3405 4980 146 23 L'Etincelle
3566 4989 19 16 »,

3015 5008 41 25 qui
3069 5012 32 17 en
3116 5009 37 20 est
3166 5006 16 22 à
3196 5012 29 17 sa
3238 5007 106 22 dixième
3358 5007 80 23 année
3452 5008 118 22 d'existen-

3014 5039 34 20 ce,
3064 5040 17 16 a
3096 5034 82 22 donné
3193 5035 95 21 samdcl
3304 5035 57 27 soir,
3379 5036 63 21 dans
3457 5039 36 18 un
3510 5035 59 22 théâ-

3014 5063 38 20 tre
3070 5063 30 21 de
3120 5062 26 22 la
3165 5067 44 17 rue
3231 5063 33 22 du
3284 5063 101 24 Marais,
3406 5068 34 17 un
3461 5063 121 25 spectacle

3011 5089 51 22 très
3085 5089 168 25 divertissant;
3278 5090 17 21 il
3318 5095 15 17 a
3355 5090 135 26 Interprété
3513 5099 10 9 «
3547 5091 33 21 Le

3011 5117 120 25 Grognon
3153 5127 19 14 »,
3193 5117 147 22 l'amusante
3362 5117 110 24 comédie
3494 5118 30 21 de
3546 5118 34 21 M.

3012 5144 156 25 Chrlstoffel;
3190 5150 27 16 ce
3236 5145 41 21 fut
3295 5145 85 22 enlevé
3398 5146 64 21 dans
3477 5145 25 22 la
3521 5146 65 21 note'

3011 5171 140 26 habituelle,
3164 5172 73 23 d'une
3249 5172 110 22 manière
3373 5181 9 9 »
3396 5172 158 23 étinoellante
3568 5182 10 9 »

3013 5198 22 23 si
3049 5204 64 17 nous
3127 5204 74 17 osons
3215 5200 62 24 dire;
3294 5200 25 21 la
3334 5201 86 24 troupe
3435 5200 94 22 entière
3542 5201 40 21 fut

3010 5227 142 24 excellente,
3169 5227 63 22 mais
3249 5232 62 17 nous
3327 5228 107 21 tirerons
3450 5228 58 21 hors
3526 5228 54 25 pair

3010 5255 80 21 Mmes
3101 5255 43 21 Ph.
3158 5255 107 25 Régnier
3277 5255 26 22 et
3314 5254 129 24 Gerlache,
3453 5254 61 23 MM.
3527 5256 38 21 Da-

3011 5282 49 21 niel
3079 5282 114 25 Régnier,
3213 5283 56 24 Guy
3289 5282 129 24 Gerlache,
3439 5282 96 22 Piccolo
3554 5284 26 20 et

3011 5310 99 21 surtout
3124 5309 136 22 l'excellent
3273 5309 136 22 humoriste
3423 5310 92 21 Marcel
3529 5311 38 20 An-

3010 5337 74 24 toine,
3105 5342 60 16 sans
3186 5337 95 21 oublier
3300 5338 55 20 tous
3377 5337 65 21 leurs
3464 5342 101 16 camara-

3009 5364 50 24 des,
3079 5365 68 21 Mme
3167 5365 30 21 G.
3218 5365 92 24 Kinon,
3330 5365 77 21 Emile
3427 5365 104 26 Ressler,
3551 5365 25 21 L.

3011 5392 109 25 Georges
3132 5392 26 21 et
3170 5391 134 22 Mandalle.

3035 5419 66 22 Tout
3115 5419 23 23 le
3150 5419 89 22 comité
3257 5424 28 17 ce
3302 5428 9 8 »
3327 5419 145 22 L'Etincelle
3488 5428 9 9 »
3514 5419 61 22 était

3008 5446 100 26 présent
3126 5452 5 16 :
3148 5447 33 22 M.
3196 5447 55 21 Van
3266 5447 124 23 Beneden.
3405 5446 132 26 président,
3551 5447 25 21 et

3009 5478 39 17 ses
3068 5473 198 25 collaborateurs,
3287 5474 60 21 MM.
3367 5475 36 20 De
3423 5474 90 24 Zvaef,
3532 5474 45 21 Rl-

3008 5501 63 24 ckal,
3096 5501 93 22 Robert
3216 5502 25 21 et
3268 5501 110 22 Maurice
3401 5501 175 25 Verschueren,

3008 5528 113 26 Joachln,
3139 5528 34 22 M.
3192 5528 113 24 Antoine,
3325 5528 112 25 Régnier,
3456 5529 64 21 Jean
3539 5529 36 21 De

3008 5556 76 24 Smet,
3100 5555 142 26 Himeleers,
3258 5556 87 24 Jesset,
3360 5556 47 22 etc.

3036 5583 122 26 Ajoutons
3179 5588 46 21 que
3245 5583 151 22 l'assistance
3414 5582 61 23 était
3496 5588 32 17 en
3548 5588 28 17 ce

3007 5611 112 21 moment
3133 5611 145 21 nombreuse
3292 5611 26 21 et
3333 5615 46 21 que
3395 5610 22 23 le
3432 5610 40 22 bal
3486 5610 40 22 fut
3540 5610 34 23 lui

3005 5637 151 23 étincellant.
3170 5648 28 6 —
3211 5638 31 22 G.

3649 4856 118 18 SCnTOl'T
3781 4857 29 17 LE
3824 4857 137 20 PSORIASIS.
3974 4859 99 19 Eczémas,
4087 4861 48 16 tsst-

3651 4879 47 18 très,
3735 4878 67 19 acnés,
3836 4878 175 21 démanpeatïona.
4042 4881 87 17 bouton»

3648 4902 62 15 cous,
3729 4899 66 19 abcès,
3812 4902 32 15 etc
3870 4900 99 18 Maladies
3986 4901 26 18 du
4029 4902 43 17 cuir
4087 4902 37 18 che-

3648 4919 51 20 velu,
3721 4920 62 18 chute
3804 4921 35 17 des
3859 4922 96 20 cheveux,
3978 4923 70 20 pelade
4069 4925 24 16 de
4114 4923 20 18 1,

3650 4942 66 19 Darbe,
3744 4942 36 17 des
3805 4942 96 21 cheveux,
3926 4944 92 19 sourcils,
4046 4946 88 19 plaques,

3648 4963 76 19 sycosis
3734 4963 161 19 (Inflammation
3912 4965 24 17 -Se
3955 4965 19 17 la
3994 4965 67 18 barbe,
4077 4967 32 17 etc
4119 4969 6 13 t

3674 5000 428 35 MIGRAINF-RHUMATISMFS

3647 5039 123 21 GOUTTES,
3802 5041 150 20 NEVRALGIE,
3985 5041 147 22 SCIATIQUE»

3647 5061 209 20 INTERCOSTALES.
3884 5062 125 20 FACIALES.
4036 5063 86 18 LUMBA-

3646 5082 56 19 GOS,
3733 5083 45 17 etc..
3810 5083 106 18 ANCIENS
3947 5084 34 18 OU
4013 5085 112 18 RECENTS

3648 5104 118 18 RAIDEUR.
3812 5105 140 19 ANKVLOSE.
4000 5106 131 17 FAIBLESSE

3724 5126 137 18 NERVEUSE.
3884 5127 168 18 IMPUISSANCE

3667 5157 186 38 GUÉRIRONS
3865 5163 200 34 TR»-.SRA'ID
4072 5164 12 20 ?
4086 5165 15 31 S

3747 5202 65 18 Grâce
3825 5203 12 17 à
3851 5203 34 17 d?<i
3896 5203 129 18 traitements

3754 5224 45 17 tout
3819 5224 12 18 i
3853 5224 39 18 fait
3913 5227 104 15 nouveaux

3656 5260 118 33 GPAND
3788 5260 155 34 INSTITUT
3962 5258 149 37 MÉDICAL

3619 5298 4 47 1
3633 5302 42 37 76,
3692 5301 58 32 Rne
3764 5301 36 32 du
3815 5301 96 38 Trône,
3925 5304 43 36 76,
3988 5302 142 34 Bruxelles

3716 5349 25 17 Le
3759 5349 45 20 plus
3822 5352 78 15 ancien,
3920 5352 18 16 le
3955 5350 90 18 meilleur

3802 5372 46 16 Prix
3873 5371 95 18 modères.

3643 5398 97 18 Docteurs
3751 5399 127 19 spécialistes
3897 5399 11 17 8
3920 5400 31 17 1/2
3964 5403 9 14 a
3989 5400 28 20 13,
4028 5401 12 17 S
4051 5402 13 17 «
4075 5402 10 16 e
4095 5403 32 16 i,i

3642 5419 110 18 Dimanche
3769 5421 21 16 et
3805 5420 61 20 Jeudi.
3884 5421 11 17 8
3913 5420 32 18 1/2
3962 5422 10 16 9
3991 5421 20 17 12
4026 5422 13 17 b
4065 5422 61 18 (Hî4ft

3043 5715 63 30 DES
3134 5715 172 30 BAGARRES
3331 5716 19 28 A
3375 5710 156 36 ATHÈNES

3032 5788 116 25 Athènes,
3168 5789 28 20 24
3215 5788 105 23 octobre.
3339 5799 28 5 —
3386 5789 123 26 Quelques
3525 5791 32 21 ba-

3005 5820 84 21 garres
3105 5821 27 16 se
3151 5816 57 21 sont
3225 5815 126 26 produites
3368 5817 39 20 cet
3425 5816 145 26 après-midi

3005 5844 70 20 entre
3094 5842 25 24 la
3138 5842 77 26 police
3231 5843 25 20 et
3274 5842 36 21 les
3328 5842 126 22 étudiants
3469 5844 101 23 voulant

3003 5869 146 22 manifester
3164 5869 53 21 leur
3231 5869 139 25 sympathie
3385 5874 62 21 pour
3459 5870 22 22 le
3497 5876 57 17 mou-

3003 5897 99 21 vement
3118 5895 124 22 unioniste
3259 5895 30 22 de
3306 5896 105 26 Chypre.
3428 5897 41 22 On
3484 5902 72 22 comp-

3003 5923 24 22 te
3047 5922 115 27 quelques
3181 5922 181 22 contusionnés.

3032 5949 45 22 Les
3098 5949 125 22 étud'ants
3242 5948 191 24 dodécanéslens
3453 5951 27 22 et
3501 5952 55 23 d'au-

3003 5976 51 21 tres
3073 5975 160 22 associations
3248 5976 45 21 ont
3311 5976 98 23 adressé
3428 5978 43 22 des
3489 5979 67 22 félici-

3004 6002 93 22 tations
3113 6007 31 16 au
3162 6002 87 25 peuple
3266 6002 134 27 chypriote,
3417 6004 35 22 lul
3467 6006 88 23 souhai-

3004 6029 57 22 tant
3075 6029 22 21 le
3111 6028 82 22 succès
3208 6028 62 23 dans
3284 6023 26 28 là
3324 6029 70 24 lutte.
3408 6042 29 5 —
3451 6032 90 24 Havas.

3622 5502 139 41 AiUJA
3801 5501 348 45 ruewâ&UHS

3617 5556 59 21 Vou-
3691 5560 89 21 pouvez
3792 5559 97 19 vaincre
3900 5558 132 21 l'habitude
4044 5561 29 19 de
4086 5561 73 19 lumt.

3601 5586 30 18 en
3651 5583 59 21 trois
3727 5583 67 24 Jours
3821 5584 125 21 améliorer
3969 5585 67 20 votre
4052 5587 72 20 santé
4140 5587 22 20 e'

3600 5612 127 22 prolonger
3740 5611 67 19 votr;
3822 5615 35 15 ih
3878 5611 54 20 t*..ii
3942 5613 30 19 dr
3986 5612 105 21 troubles
4102 5613 15 21 d
4126 5615 34 19 e»-

3600 5638 88 21 toiiuac,
3701 5640 53 20 pi'__s
3770 5641 28 16 -.t-
3813 5638 123 19 n.a'M'hlsp
3951 5639 96 20 haleine
4069 5642 52 21 piu?
4134 5642 28 18 ct

3601 5662 111 22 falble.se
3734 5663 30 21 de
3784 5667 66 17 cœur
3879 5663 135 22 Recouvrez
4038 5666 67 21 votre
4129 5667 23 19 vi-

3599 5693 74 21 gueur
3692 5691 90 20 calmez
3798 5694 40 17 vos
3851 5690 67 22 nerfs
3937 5691 147 23 éclaircissez
4097 5694 65 20 votrt

3600 5721 44 17 vue
3661 5718 25 20 et
3704 5716 143 26 développez
3872 5720 66 18 vjt.-e
3961 5718 65 21 force
4051 5720 107 22 mentale

3599 5745 51 22 •Jue
3663 5747 59 17 vous
3744 5747 76 17 in.ie»
3837 5745 21 19 la
3873 5746 114 21 ii-t.vnte
4008 5748 21 18 ie
4041 5749 80 20 cigare
4140 5751 20 16 ia

3600 5773 54 22 pipe
3670 5774 30 17 ou
3714 5774 46 21 que
3775 5774 59 17 vous
3850 5770 86 24 prisiez
3955 5771 134 23 demandez
4107 5776 55 19 mon

3599 5797 57 20 livre
3668 5798 19 19 si
3701 5798 145 20 lr'°ressam
3862 5801 59 21 pour
3934 5799 54 20 tous
4003 5802 30 17 ie-
4047 5800 110 22 fumeurs

3600 5823 18 21 U
3636 5825 57 19 vaut
3707 5827 44 18 son
3769 5826 86 19 nesant
3872 5824 50 22 d'or
3944 5824 74 22 Envol
4034 5827 76 23 gratis
4127 5829 8 18 :

3596 5850 25 21 E.
3635 5850 21 20 J.
3671 5850 96 21 WOOD
3779 5850 66 24 Ltd.l
3860 5850 47 24 167,
3921 5851 99 25 Strand,
4033 5853 49 23 321.
4094 5853 63 22 TAN

3600 5876 118 23 (Londres
3733 5877 36 23 W.
3786 5877 47 23 CI.
4098 5881 64 21 '1923

3594 5919 202 53 POLE-NORD

3827 5920 37 13 -U»
3884 5920 23 14 LC
3928 5922 14 11 i.
3946 5923 33 10 .'.;..
3987 5922 38 13 -U..
4045 5921 28 15 _.*...
4094 5924 59 12 i„ui.

3863 5937 127 19 Attractions
4006 5947 9 6 -
4032 5939 87 19 Concert

3822 5957 54 19 Tous
3896 5958 29 19 les
3943 5959 53 18 soirs
4015 5961 12 17 à
4047 5961 12 17 8
4078 5961 79 19 heures.

3596 5977 122 17 D.manches
3731 5981 11 14 a
3756 5978 10 17 4
3780 5978 14 17 h
3818 5988 15 4 -
3849 5980 30 16 Du
3893 5980 22 18 23
3928 5984 25 14 au
3967 5981 23 17 23
4001 5982 47 19 oct..
4062 5982 29 18 les
4103 5983 47 18 meil-

3596 5998 65 17 leures
3675 5998 91 18 vedîttes
3780 6000 52 18 dans
3849 6004 5 14 :
3868 6001 55 18 C'est
3937 6006 32 13 ma
3984 6003 70 18 Bonne
4069 6004 6 17 l
4090 6004 71 19 sketch

3595 6022 25 14 en
3638 6019 9 17 1
3664 6020 45 17 acte
3725 6020 25 18 de
3765 6021 54 18 Mme
3834 6022 115 19 PIRMINE.
3967 6024 40 18 Pou
4024 6025 47 17 rire.
4087 6026 73 18 Entrée

3594 6039 56 22 libre,
3667 6042 118 21 consomma
3800 6043 11 17 2
3827 6043 33 21 fr.,
3875 6047 39 18 pas
3928 6045 25 18 de
3968 6044 100 20 collecter
4088 6047 72 19 (D1023
