4284 6057
1863 151 6 23 !
1878 153 126 22 NATION
2015 153 115 24 BELGE,
2142 152 26 22 12
2180 151 188 23 NOVEMBRE
2378 151 53 23 iswî
2439 152 7 22 !

63 266 17 29 I
117 277 4 5 *

556 242 177 133 Le
780 238 287 131 XXI
1068 252 107 43 me
1226 246 883 125 anniversaire
2160 240 165 129 de
2374 238 763 129 l'Armistice

1814 410 67 47 m

243 500 61 21 (Suite
316 500 23 20 de
349 500 18 20 la
381 500 92 18 dtnùtme
485 498 56 23 pat-)

198 537 40 22 (De
253 542 33 14 nos
301 537 146 21 correspondants
462 534 124 23 particulier.)

309 576 25 31 A
350 576 122 30 Louvain

332 620 118 23 Louvain,
463 621 25 19 il
503 619 140 21 novembre.

142 646 197 22 L'anniversaire
360 648 29 19 de
409 645 148 22 l'Armistice
576 652 16 14 a
611 646 58 20 don-

114 673 33 21 té
169 673 54 22 lieu,
244 677 17 21 à
281 671 118 24 Louvain,
421 671 17 21 à
458 676 48 16 une
530 670 139 21 cérémonie

114 699 58 24 plus
197 697 147 23 émouvante
371 703 90 17 encore
486 702 47 20 que
559 700 29 20 de
613 702 47 16 cou-

112 723 77 23 tume.

142 750 71 22 Cette
235 749 49 22 fois
305 750 63 21 deux
389 749 149 26 flambeaux,
560 749 50 21 l'un
630 754 30 16 ve-

112 778 64 20 nant
193 778 33 20 du
243 776 113 21 Brabant
374 776 190 24 Septentrional,
582 776 88 21 l'autre

112 803 33 21 d*i
165 802 140 24 Hambourg,
321 808 28 15 ee
366 802 58 20 sont
440 801 105 25 rejoints
561 808 34 15 au
612 801 56 26 pied

114 832 31 20 d'J
168 829 145 21 Monument
332 834 50 15 aux
403 828 78 22 Morts
514 829 29 20 de
563 830 25 20 la
621 827 48 22 cité

113 855 112 26 martyre
249 854 33 22 où
306 857 36 19 les
367 854 157 22 attendaient
548 855 30 20 de
603 860 58 15 nom-

112 882 103 21 breuses
229 881 154 25 délégations
397 881 26 20 et
438 882 36 20 les
489 880 180 27 personnalités

112 909 157 20 notamment
286 908 22 21 le
325 908 172 24 bourgmestre
513 908 156 21 Vandervac-

112 939 46 16 ren
176 934 25 21 et
217 935 36 21 les
269 933 122 22 membres
408 935 34 21 du
459 933 97 26 Collège
573 932 96 22 échevi-

114 961 49 22 nal,
190 960 22 20 le
238 960 170 20 commissaire
437 958 233 22 d'arrondissemert

114 986 38 21 De
178 986 71 24 Neef,
275 986 35 20 les
335 985 141 26 présidents
507 985 164 23 Parmentier,

115 1012 114 25 Spreutel
245 1014 25 20 et
285 1013 85 22 autres
387 1014 43 19 des
446 1012 101 22 anciens
563 1011 99 22 combat-

113 1039 79 23 tants.

139 1064 39 24 On
199 1066 112 22 discours
332 1066 134 21 émouvant
486 1066 39 22 fut
545 1064 124 26 prononcé

112 1092 91 31 auprès
225 1093 32 20 du
280 1092 128 22 mémorial
430 1098 45 20 par
495 1091 32 22 M.
549 1089 120 28 Syreutel,

112 1118 129 26 président
259 1119 30 20 de
307 1120 25 21 la
348 1117 28 22 F.
393 1119 30 21 N.
443 1118 25 22 C.
486 1119 25 20 et
529 1117 43 22 des
591 1117 77 21 f.eurs

113 1145 87 22 furent
223 1144 123 25 déposées.
369 1145 37 26 Ljj
428 1144 104 22 Chorr.le
555 1149 13 15 «
590 1142 80 23 Trinl-

112 1169 41 23 tup
174 1178 13 13 ■»
205 1170 107 22 exé:Uta
331 1172 25 20 la
376 1165 214 30 «"Brabançonne
610 1176 13 15 »
644 1169 25 21 et

113 1203 13 15 «
141 1197 85 23 Adieu,
242 1202 58 16 mon
317 1196 76 22 Frère
408 1203 19 17 »,
443 1197 73 21 vieux
531 1196 77 22 chant
622 1196 47 21 fla-

112 1224 84 21 mend*
218 1225 48 20 Les
287 1223 99 22 torches
408 1224 85 22 furent
514 1223 96 20 ensuite
632 1227 26 16 es-

112 1249 98 22 cortées
230 1250 98 25 jusqu'à
349 1249 82 22 l'hôtel
453 1252 30 20 de
503 1250 57 21 ville
581 1248 32 22 où
634 1249 35 20 les

113 1276 122 22 autorités
257 1276 96 25 prirent
373 1276 70 25 place
462 1282 45 15 sur
529 1275 22 21 le
572 1280 96 20 perron.

112 1303 41 23 Un
176 1302 74 23 défilé
270 1303 44 20 eut
334 1302 49 21 lieu
403 1303 103 21 ensuite.

276 1335 26 32 A
318 1335 36 32 La
372 1336 130 32 Louvière

279 1391 38 21 La
328 1389 128 24 Louvière,
468 1390 27 20 11
506 1390 142 21 novembre.

140 1416 36 22 Le
193 1415 141 25 pèlerinage
351 1417 92 20 annuel
459 1416 115 23 organisé
590 1416 16 21 à
623 1417 44 20 l'oc-

112 1443 88 20 casion
220 1443 31 22 de
272 1442 148 22 l'Armistice
440 1443 59 19 s'est
519 1441 100 22 déroulé
639 1447 29 15 sa-

113 1469 67 20 medi
202 1469 79 20 matin
303 1469 68 21 selon
393 1469 22 20 le
437 1467 150 22 cérémonial
608 1468 59 20 habi-

113 1495 59 21 tuel.

142 1518 40 23 Un
198 1519 99 25 cortège
314 1520 37 21 est
368 1520 65 24 parti
449 1525 57 16 vers
521 1520 27 20 10
564 1521 23 20 h.
602 1520 28 20 30
646 1520 30 20 de

113 1546 36 22 la.
168 1547 74 22 Place
269 1546 70 21 Jules
366 1545 122 22 Mansart.
514 1546 34 20 Ce
577 1544 99 26 cortège

114 1572 155 24 comprenait
284 1571 55 23 tout
354 1573 22 20 le
392 1575 72 21 corps
478 1571 31 23 de
524 1572 78 23 police
616 1575 60 18 sous

113 1598 37 21 les
170 1599 85 20 ordres
275 1599 33 20 du
328 1598 169 21 commissaire
516 1598 118 21 Arnould.
654 1599 22 20 le

114 1624 98 21 Conseil
229 1625 141 20 communal
386 1624 101 21 conduit
503 1629 46 19 par
564 1624 32 20 M.
605 1624 66 21 Ghis-

114 1650 59 23 lain,
197 1650 178 24 bourgmestre,
399 1650 25 21 et
447 1652 36 20 les
506 1649 106 22 sociétés
634 1655 36 19 pa

113 1676 133 21 triotioues
262 1677 25 20 et
304 1677 125 20 d'anciens
445 1676 176 21 combattants.

142 1702 99 22 Devant
265 1703 21 21 le
309 1702 130 21 Mémorial
462 1703 86 20 Albert
570 1703 47 22 1er,
640 1702 36 21 les

115 1729 95 22 groupe
241 1724 78 22 firent
349 1724 74 25 halte.
446 1725 54 22 Une
522 1725 97 22 minute
642 1726 30 19 de

113 1755 186 21 (recueillement
314 1756 40 20 fut
369 1754 116 22 observée
501 1756 25 20 et
540 1756 43 21 des
598 1753 78 23 fleure

114 1782 87 20 furent
225 1780 118 24 déposées
368 1787 47 17 par
440 1783 36 20 les
500 1782 176 22 groupements

114 1806 172 25 participants.

126 1842 5 3 -
142 1833 36 20 La
196 1832 89 24 longue
303 1834 103 21 colonne
424 1838 27 15 se
468 1831 95 26 dirigea
580 1836 56 18 vers
654 1833 22 20 !e

113 1857 128 23 cimetière
262 1857 32 23 où
315 1860 36 21 les
371 1859 134 21 assistants
525 1858 105 22 allèrent
650 1864 27 16 se

114 1885 124 21 recueillir
256 1885 92 21 devant
366 1883 36 23 les
420 1882 96 25 tombes
534 1887 25 20 et
577 1882 90 26 déposè-

115 1914 56 18 rent
192 1912 45 21 des
258 1910 84 22 fleurs.

144 1937 62 21 Bous
228 1938 25 20 la
274 1938 73 21 nluie,
369 1937 35 21 les
427 1936 105 22 sociétés
553 1937 123 24 reprirent

113 1963 57 20 leur
192 1964 102 20 marche
316 1968 57 16 vers
396 1964 22 20 le
441 1963 65 20 Parc
528 1964 148 20 communal.

114 1988 50 22 Les
184 1988 94 21 mêmes
300 1990 82 22 gestes
404 1989 73 21 nieux
499 1989 30 21 de
551 1989 73 20 dénôt
647 1990 29 19 de

114 2015 80 21 fleurs
214 2015 86 21 furent
319 2015 135 24 accomplis
473 2015 93 21 devant
585 2016 22 20 le
626 2018 41 17 mo-

116 2042 105 20 nument
248 2046 50 15 aux
323 2042 79 20 morts
429 2040 32 22 où
488 2046 49 17 une
562 2040 115 21 dernière

116 2072 14 14 «
137 2066 180 22 Brabançonne
325 2073 12 13 »
367 2068 41 20 fut
438 2066 71 22 iouée
540 2072 31 16 en
602 2067 74 20 l'hoir

115 2097 65 17 neur
192 2093 43 22 des
248 2092 73 22 héros
335 2092 138 23 louviérois.

320 2118 23 30 A
367 2117 122 32 Ostende

322 2161 116 24 Ostende,
458 2161 27 21 11
506 2162 139 20 novembre.

146 2184 106 26 Samedi,
268 2194 16 15 a
299 2192 32 16 eu
347 2188 48 20 lieu
411 2189 16 21 à
443 2188 108 20 Ostende
568 2190 24 19 la
608 2187 56 21 céré-

117 2215 83 20 monie
224 2213 218 22 commémorative
466 2214 29 21 de
518 2214 154 21 l'Armistice.

145 2238 40 23 Un
208 2239 98 26 cortège
328 2243 162 22 comprenant
512 2242 36 20 les
568 2240 105 21 sociétés

117 2267 126 22 d'anciens
258 2267 168 21 combattants
440 2269 25 20 et
479 2264 108 25 d'autres
601 2271 61 21 grou-

117 2294 114 24 pements
249 2294 88 21 locaux
354 2295 38 19 est
409 2294 47 23 allé
473 2294 88 20 fleurir
576 2297 87 17 succes-

117 2320 124 21 sivement
267 2322 23 20 le
316 2320 146 21 monument
495 2323 50 18 aux
579 2321 94 20 marins

117 2348 82 19 mort/?
218 2346 17 23 à
255 2347 24 20 la
299 2351 96 22 guerre,
415 2348 23 20 le
458 2347 146 22 monument
624 2351 50 17 aux

118 2373 128 21 ostendais
268 2374 26 20 et
315 2375 62 20 celui
399 2374 44 20 des
464 2374 23 20 3°
508 2375 26 20 et
554 2374 26 20 23
583 2376 9 10 e
613 2373 52 26 régi-

117 2398 84 22 ments
219 2399 30 22 de
266 2400 85 24 Ligne.
369 2398 96 23 Notons
483 2403 47 21 que
548 2398 22 23 le
589 2404 75 16 monu-

117 2426 72 21 ment
214 2430 49 18 aux
287 2426 102 24 marins,
421 2431 33 16 au
485 2427 73 20 vieux
589 2428 84 24 phare,

118 2452 64 22 était
198 2452 76 25 gardé
291 2458 46 21 par
353 2454 63 19 deux
432 2454 113 21 hommes
562 2454 103 24 apparte-

118 2480 64 22 nant
200 2478 17 23 à
234 2479 72 21 hotre
325 2482 72 22 Corps
417 2479 30 22 de
465 2479 97 22 marine
581 2479 81 22 récem-

118 2506 71 21 ment
206 2505 157 22 reconstitué.
381 2505 163 22 L'Harmonie
562 2506 103 21 Commu-

118 2532 65 24 nale,
198 2537 60 16 sous
274 2534 25 20 la
316 2533 120 21 direction
454 2533 31 22 du
502 2533 59 22 chef
576 2535 30 20 de
622 2537 42 17 mu-

119 2559 70 25 sique
208 2556 119 27 Deturok,
346 2558 92 27 prê+ait
455 2565 46 15 son
520 2564 120 16 concours
659 2560 16 20 à

119 2586 26 21 la
163 2586 196 20 manifestatloh.
377 2586 23 20 A
418 2586 93 22 celle-ci
531 2586 144 21 assistaient

118 2612 25 21 le
158 2613 180 24 bourgmestre,
353 2612 30 21 de
399 2613 161 20 nombreuses
576 2618 90 21 person-

118 2636 92 25 nalités
229 2640 26 21 et
273 2639 36 21 les
328 2638 186 26 représentants
534 2640 33 21 du
584 2641 90 20 monde

119 2665 133 21 maritime.

149 2692 22 20 A
195 2693 28 20 11
248 2693 91 20 heures
365 2692 115 24 précises,
507 2693 40 20 fut
573 2692 102 22 observé

118 2718 27 21 la
160 2719 95 20 minute
271 2720 29 19 de
316 2719 185 22 recueillement
516 2724 47 19 que
579 2719 96 21 clôtura

118 2745 28 22 3a
170 2752 12 15 *
189 2745 180 24 Brabançonne
378 2751 19 15 ».
419 2744 67 25 Puis,
509 2748 36 19 les
568 2746 108 20 clairons

118 2771 131 22 ouvrirent
264 2773 23 20 le
302 2772 50 22 ban
368 2774 25 19 et
410 2773 17 21 il
443 2773 40 21 fut
498 2772 105 25 procédé
618 2774 17 21 à
650 2773 24 20 la

119 2797 92 22 remise
234 2798 30 20 de
288 2797 156 22 distinctions
466 2797 171 26 honorifiques
659 2798 17 21 à

119 2824 45 21 des
183 2825 101 21 anciens
303 2825 168 20 combattants
491 2825 29 22 de
538 2825 25 21 la
581 2826 93 24 grande

119 2855 98 20 guerre.
234 2851 41 21 Un
294 2850 74 22 défilé
386 2850 109 23 termina
512 2852 65 21 cette
595 2852 69 20 mani-

118 2877 129 23 festation.

321 2904 25 33 A
364 2905 105 39 Bruges

342 2948 102 26 Bruges,
463 2949 27 21 11
508 2950 140 21 novembre.

147 2974 56 22 Une
218 2978 80 18 messe
311 2977 134 20 solennelle
462 2976 29 20 de
507 2974 169 27 cîtequiem»,

121 3007 60 16 avec
199 3002 137 24 assistance
353 3001 144 27 pontificale
514 3003 29 20 de
560 3002 57 25 Mgr
632 3003 45 19 La-

121 3026 98 27 mlrôji,~
227 3036 17 14 a
262 3027 38 23 été
319 3026 110 24 célébrée
446 3027 103 26 samedi,
567 3026 17 25 à
601 3029 28 20 10
645 3029 32 23 h.,

120 3053 20 22 à.
163 3055 24 21 la
212 3053 142 23 cathédrale
380 3056 29 20 de
422 3056 114 27 .Bruges.
559 3053 71 23 Dans
654 3055 22 21 le

120 3081 88 21 chœur
226 3082 101 20 avaient
344 3081 51 26 pris
414 3082 69 25 place
501 3081 36 21 les
555 3081 121 21 autorités

120 3107 87 21 civiles
222 3106 27 23 et
261 3108 137 21 militaires.
412 3108 51 22 Des
478 3106 153 27 délégations
646 3108 30 20 de

121 3133 84 22 toutes
228 3135 35 20 les
285 3134 105 21 sociétés
420 3134 163 25 patriotiques
613 3135 64 20 âintâ

121 3159 90 25 qu'une
247 3161 68 20 fouie
350 3161 148 21 nombreuse
532 3161 146 20 assistaient

121 3184 142 29 égaleftiect
280 3187 17 22 à
314 3187 98 23 l'office.

337 3214 25 32 A
381 3213 79 34 Gand

373 3259 79 24 Gand,
467 3260 27 20 11
509 3259 141 21 novembre.

150 3284 38 22 Ia
220 3284 139 24 cérémonie
393 3283 217 23 commémorative
645 3286 32 20 du

121 3312 29 21 31
164 3312 132 21 novembre
307 3311 60 23 s'est
380 3311 120 25 déroulée,
512 3311 17 23 à
541 3311 79 24 Gand,
631 3315 47 23 par

122 3343 36 18 un
171 3339 82 25 temps
266 3338 127 21 brumeux.

152 3362 33 24 Le
201 3365 87 24 matin,
303 3368 35 18 un
353 3364 99 26 cortège
460 3364 59 22 s'est
525 3364 81 21 formé
615 3369 54 16 com-

123 3393 109 25 prenant
253 3394 36 20 les
310 3392 125 21 membres
457 3392 30 20 de
508 3391 26 21 la
554 3391 28 21 F.
603 3391 28 21 A.
653 3391 25 21 C.

124 3422 62 17 avec
208 3418 121 25 musique,
351 3418 30 20 de
404 3419 25 20 la
450 3417 28 22 F.
499 3418 32 20 N.
552 3418 28 23 I.,
603 3418 29 20 de
654 3416 25 22 la

123 3445 28 27 Ç\
163 3445 31 20 N.
208 3447 42 20 des
263 3444 73 21 Croix
350 3447 32 20 du
393 3446 59 22 Feu,
464 3445 31 20 de
508 3444 44 21 VU.
565 3445 27 20 F.
606 3445 27 20 A.
646 3443 32 25 C,

125 3472 32 20 de
176 3471 45 21 l'A.
240 3471 28 21 O.
288 3471 33 24 C.»
340 3471 30 21 de
389 3473 25 20 la
433 3470 27 22 F.
478 3471 31 21 N.
530 3471 42 20 des
591 3470 79 21 Volon-

125 3496 79 23 taires
226 3499 30 21 de
279 3501 96 22 guerre,
398 3498 30 21 de
449 3498 50 20 Pro
520 3497 94 23 Patria,
637 3497 43 21 des

126 3524 102 21 anciens
247 3524 153 26 prisonniers
418 3523 139 27 politiques,
575 3525 48 21 etc.

152 3551 48 22 Les
219 3550 121 22 autorités
359 3550 101 21 avaient
478 3550 52 26 pria
549 3551 69 25 place
636 3554 45 16 sur

124 3577 25 21 le
167 3577 103 25 kiosque
289 3579 30 20 de
338 3579 25 19 la
381 3577 69 25 place
469 3577 119 20 d'Armes.
607 3575 39 22 On
664 3580 17 21 y

124 3604 156 24 remarquait
307 3602 32 22 M.
368 3604 30 20 da
425 3603 98 22 Lânier,
558 3603 122 25 plusieurs

125 3628 114 23 officiers
252 3629 150 26 supérieurs,
416 3629 60 23 MM.
489 3630 56 21 Van
560 3631 47 20 den
620 3631 62 20 Boo-

125 3658 99 24 gaerde,
236 3657 57 21 Van
306 3657 44 20 der
363 3657 99 24 Stegen,
474 3656 147 24 Boucoiran,
635 3656 46 20 etc.

154 3684 34 20 Le
201 3683 137 22 Flambeau
349 3685 73 21 sacré
436 3683 54 22 vint
501 3685 28 18 sa
543 3683 84 24 placer
641 3683 29 20 de-

124 3712 64 19 vant
203 3712 36 20 les
253 3709 128 22 autorités.
395 3709 68 23 Puis,
477 3714 49 17 une
540 3709 97 21 minute
651 3709 30 20 de

125 3736 94 21 silence
234 3737 41 21 fut
290 3733 123 25 observée.
428 3736 37 20 La
480 3734 138 23 cérémonie
635 3736 48 21 ter*

126 3761 90 26 minée,
232 3763 23 21 le
270 3759 137 25 Flambeau
422 3760 72 22 sacré
509 3767 27 17 se
552 3760 83 22 rendit
650 3764 33 17 au

125 3791 149 20 monument
289 3789 33 21 du
337 3791 37 20 roi
389 3789 87 20 Albert
490 3787 33 22 où
538 3788 43 21 eut
595 3788 49 21 lieu
659 3787 23 21 le

696 495 82 22 défilé.
795 496 35 21 Le
846 495 137 21 Flambeau
998 498 73 17 sacre
1087 494 53 26 prit
1155 494 96 21 ensuite

697 523 22 21 le
744 523 99 21 chemin
866 520 31 24 de
921 520 135 23 Bruxelles.

723 549 35 21 Le
776 549 86 23 matin,
879 548 41 20 400
938 547 80 21 élèves
1036 549 44 19 des
1098 546 79 21 écoles
1195 547 47 20 offi-

698 576 82 20 cielles
799 576 58 19 sont
877 573 60 22 allés
957 573 89 21 fleurir
1064 574 23 20 le
1106 575 146 19 monument

697 602 33 20 du
748 604 37 20 roi
800 601 93 20 Albert.

888 627 27 34 A
930 625 122 34 Tournai

901 671 117 24 Tournai,
1037 671 28 21 11
1084 671 141 21 novembre.

725 699 98 21 Samedi
840 698 87 24 matin,
946 703 34 17 un
998 697 99 27 cortège
1115 698 44 21 des
1176 697 66 22 socié-

698 726 38 21 tés
772 725 163 25 patriotiques
970 725 60 20 s'est
1066 723 81 22 formé
1183 725 70 26 place

698 752 130 25 Crombez;
851 751 62 26 puis,
933 752 61 22 e'est
1014 750 80 22 rendu
1113 756 33 17 au
1166 756 77 15 monu-

696 780 70 20 ment
785 783 50 15 aux
856 779 86 23 Morts,
963 784 32 15 au
1016 778 87 21 Tertre
1124 778 43 20 des
1187 778 54 21 Ven-

699 805 73 21 déens
789 806 26 19 et
832 808 33 17 au
881 805 146 20 monument
1044 803 124 23 Gabrlelle
1185 802 68 23 Petit

696 831 31 20 où
743 833 43 19 des
803 831 78 20 fleurs
896 832 86 21 furent
998 831 125 24 déposées.

722 858 23 19 A
758 858 26 20 11
798 858 97 23 heures,
909 864 34 15 un
955 858 96 21 service
1065 857 104 21 funèbre
1183 862 16 16 a
1212 857 39 21 été

696 882 96 22 célébré
809 888 46 20 par
870 887 34 18 un
920 881 130 24 aumônier
1065 882 124 22 militaire.
1204 883 48 22 Lies

697 910 117 21 absoutes
828 911 86 21 furent
928 910 119 22 chantées
1061 915 46 20 par
1120 910 56 25 Mgr
1190 910 63 22 Ras-

695 940 70 17 neur.

890 963 25 32 A
934 964 88 33 Leuze

932 1009 86 23 Leuze,
1037 1007 27 22 11
1084 1009 141 20 novembre.

724 1034 37 20 La
777 1039 81 16 messe
876 1034 110 22 célébrée
1003 1036 63 20 dans
1084 1036 25 20 la
1126 1035 126 24 collégiale

697 1059 29 23 de
743 1060 79 21 Leuze
839 1062 16 21 à
870 1061 132 22 l'occasion
1019 1063 30 19 de
1065 1061 187 22 l'anniversaire

697 1088 30 20 do
741 1086 149 23 l'Armistice
904 1095 16 15 a
934 1087 39 23 été
986 1087 79 21 suivie
1080 1092 46 20 par
1140 1089 30 19 de
1185 1093 58 16 nom-

697 1114 77 20 breux
788 1113 87 21 fidèles
889 1116 25 20 et
928 1119 46 21 par
987 1117 35 19 les
1035 1114 106 22 sociétés
1154 1115 98 21 locales.

697 1140 38 21 Au
749 1145 73 16 cours
836 1142 30 20 de
880 1141 40 20 cet
933 1141 75 20 office
1017 1141 22 20 le
1047 1141 80 25 doyen
1134 1141 119 24 Dumont,

697 1166 89 21 ancien
812 1165 163 26 combattant,
1007 1170 15 17 a
1047 1166 125 26 prononcé
1203 1172 50 16 une

696 1193 141 21 allocution.
857 1194 51 20 Des
928 1194 78 20 fleurs
1025 1195 78 24 ayant
1122 1193 39 24 été
1181 1194 72 25 dépo-

696 1219 55 21 eées
769 1225 32 16 au
818 1218 55 27 pied
890 1219 34 22 du
939 1223 146 20 monument
1101 1224 50 17 aux
1167 1220 86 24 Morts,

698 1251 47 15 une
762 1245 138 22 cérémonie
917 1252 26 15 se
961 1247 101 22 déroula
1078 1252 32 16 au
1126 1247 126 20 cimetière

697 1271 32 21 où
743 1273 21 20 le
778 1273 171 24 bourgmestre
962 1274 134 24 Delcoigne
1110 1275 25 21 et
1148 1273 32 22 M.
1193 1274 61 20 Des-

699 1298 107 25 trebeoq,
824 1299 97 25 prirent
939 1300 24 21 la
981 1300 91 24 parole.

910 1336 25 31 A
951 1336 84 39 Liège

948 1384 81 25 Liège,
1044 1385 27 20 11
1085 1384 140 22 novembre.

725 1410 34 20 Le
775 1409 141 27 pèlerinage
931 1410 161 22 traditionnel
1100 1412 43 20 des
1151 1412 102 20 anciens

699 1437 168 21 combattants
885 1439 50 19 aux
952 1438 96 22 tombes
1066 1438 43 20 des
1126 1439 79 20 morts
1224 1438 29 20 de

699 1464 24 20 la
741 1467 88 20 guerre
849 1463 93 21 1914-18
960 1469 33 16 au
1012 1464 125 21 cimetière
1156 1465 30 20 de
1206 1465 49 19 Ro-

699 1489 114 21 bermont
830 1489 60 23 s'est
909 1489 99 21 déroulé
1025 1491 96 20 samedi
1139 1490 87 21 matin.

725 1515 40 21 Au
782 1520 46 16 son
845 1517 31 21 de
893 1517 115 20 marches
1026 1516 125 25 funèbres,
1169 1516 87 26 jouéetf

699 1545 47 22 par
764 1547 49 16 une
833 1542 113 25 musique
967 1543 125 24 militaire,
1112 1545 22 21 le
1154 1543 100 26 cortège

699 1568 44 22 des
764 1568 116 21 vétérans
903 1570 26 20 et
951 1570 42 20 des
1014 1569 106 22 sociétés
1143 1570 102 25 patrioti-

699 1600 61 20 ques
782 1596 118 24 s'avança
921 1600 57 17 vers
1001 1597 25 21 la
1049 1597 99 25 pelouse
1172 1596 73 21 d'hon-

700 1626 67 16 neur.
789 1622 39 22 En
850 1621 50 22 tête
921 1622 157 24 marchaient
1098 1623 36 21 les
1155 1627 90 21 person-

700 1647 91 22 nalités
810 1649 129 20 militaires
960 1649 26 22 et
1005 1649 84 21 civiles
1109 1650 81 25 parmi
1210 1650 35 20 les-

700 1674 93 24 quelles
811 1679 31 16 on
860 1675 181 21 reconnaissait
1058 1675 59 23 MM.
1133 1674 122 26 Neujean,

700 1700 135 25 Buisseret,
861 1702 164 24 Depresseux,
1051 1702 105 24 Troclet,
1183 1703 60 20 Bolo-

699 1732 55 19 gne,
772 1727 146 25 Philippart,
937 1729 61 24 Rey,
1016 1729 31 20 M.
1066 1728 119 25 Léonard,
1204 1730 42 20 Ma-

701 1753 90 25 réchal,
812 1755 46 20 etc.

727 1781 34 20 Le
777 1779 129 23 mémorial
921 1786 34 16 au
971 1782 37 20 roi
1024 1782 86 21 Albert
1125 1782 40 21 fut
1180 1782 74 21 fleuri

699 1809 47 22 par
764 1807 32 20 M.
815 1806 30 22 X.
863 1807 122 25 Neujean.
1004 1812 34 16 un
1057 1808 101 25 général
1177 1812 26 19 et
1222 1809 32 20 M.

699 1832 121 24 Léonard.
840 1833 32 22 Le
893 1833 98 26 cortège
1009 1840 28 16 se
1057 1833 82 22 rendit
1158 1836 96 20 ensuite

700 1865 32 15 au
750 1858 129 23 mémorial
898 1861 123 20 interallié
1039 1861 31 21 où
1088 1862 54 20 seul
1160 1862 95 20 flottait

700 1886 22 20 le
739 1888 110 23 drapeau
864 1887 76 25 belge.
957 1888 47 20 Les
1020 1887 93 21 mêmes
1129 1888 83 25 gestes
1227 1894 27 15 ee

700 1912 141 25 repétèrent
855 1913 30 24 là,
900 1914 64 22 ainsi
978 1915 57 24 qu'à
1049 1914 34 21 La
1098 1915 157 22 Chartreuse,

699 1941 44 18 sur
761 1941 24 20 la
802 1940 83 20 tombe
904 1940 43 21 des
965 1939 80 22 frères
1063 1938 99 24 Collard
1179 1943 26 20 et
1222 1947 32 15 au

700 1964 103 22 Bastion
818 1966 44 22 des
877 1963 112 25 Fusillée.

726 1992 47 20 Les
792 1992 114 22 vétérans
925 1994 173 20 descendirent
1115 1995 66 19 alors
1199 1999 55 16 vers

700 2019 26 20 la
748 2018 57 21 ville
828 2023 63 22 pour
920 2025 27 15 se
978 2020 124 25 disloquer
1132 2021 69 25 place
1226 2023 28 20 de

700 2044 86 21 l'Yser.

859 2073 25 32 A
903 2067 183 40 Saint-trond

859 2116 171 27 Saint-Trohd,
1043 2119 27 20 11
1085 2119 139 21 novembre.

722 2144 65 21 Cest
804 2149 46 20 par
869 2150 34 15 un
922 2144 75 22 office
1015 2145 120 26 religieux
1153 2145 95 22 célébré

697 2176 30 15 en
747 2171 92 25 l'église
858 2172 118 25 primaire
998 2175 46 23 par
1063 2173 22 20 le
1105 2173 86 25 doyen,
1210 2179 30 15 en-

696 2197 70 21 touré
782 2199 44 20 des
841 2198 72 21 curés
929 2199 29 20 de
971 2199 25 20 la
1009 2199 63 24 ville,
1087 2200 85 24 qu'ont
1186 2203 54 17 com-

696 2224 93 24 mencé,
811 2224 16 21 à
848 2225 171 26 Saint-Trond,
1042 2227 35 20 les
1099 2225 152 22 cérémonies

696 2252 143 24 organisées
867 2251 17 21 à
914 2252 131 22 l'occasion
1068 2254 30 20 de
1121 2254 120 21 l'anniver-

697 2279 65 21 saire
784 2279 30 20 de
836 2278 150 22 l'armistice.

723 2306 70 20 Dans
808 2306 23 20 le
848 2304 87 23 chœur
952 2304 101 24 avaient
1070 2306 53 25 pris
1139 2307 70 25 place
1227 2308 22 20 le

696 2332 172 25 bourgmestre
900 2332 134 25 Themen.,
1030 2330 6 8 1
1035 2334 14 6 "
1058 2334 37 20 les
1127 2333 123 24 échevins,

697 2359 123 25 plusieurs
853 2357 142 25 conseillera
1027 2360 164 25 provinciaux
1223 2361 25 20 et

697 2391 172 19 communaux,
891 2387 44 20 des
955 2387 120 23 officiers,
1097 2388 36 23 les
1155 2387 87 26 déléga-

698 2413 65 21 tions
784 2414 43 22 des
849 2413 102 21 anciens
971 2414 170 22 combattants
1161 2415 26 21 et
1208 2415 43 20 d63

695 2441 177 24 groupements
892 2446 43 18 par
938 2441 47 19 trio
988 2442 86 23 tiques.

722 2466 24 21 A
764 2465 83 23 l'issue
876 2468 30 20 de
933 2464 93 24 l'office
1053 2466 26 23 la
1106 2473 13 15 «
1139 2467 101 21 Braban-

698 2495 78 22 çonne
793 2499 11 14 »
821 2494 40 20 fut
877 2493 72 25 jouée
966 2497 48 19 aux
1031 2497 96 22 orgues.
1146 2495 38 20 En
1200 2500 43 15 cor-

695 2519 56 26 tège
771 2521 35 21 les
827 2519 133 24 assistants
978 2519 105 23 allèrent
1102 2522 67 20 alors
1188 2520 51 22 fleu-

697 2548 35 19 rs
751 2547 21 20 le
791 2548 146 20 monument
955 2553 49 15 aux
1021 2547 80 23 Morts
1118 2549 25 21 et
1161 2549 22 21 le
1201 2545 40 23 mé-

700 2575 89 22 morial
808 2577 34 20 du
862 2577 38 20 roi
918 2573 93 26 Albert,

911 2598 25 34 A
951 2600 87 31 Arlon

949 2645 83 24 Arlon,
1045 2645 27 21 11
1084 2646 140 20 novembre.

725 2671 199 22 L'anniversaire
948 2672 31 21 de
1004 2672 143 21 l'armistice
1172 2678 17 15 a
1212 2671 40 22 été

699 2698 166 22 commémoré
879 2698 17 21 à
909 2697 83 25 Arlon.

723 2726 22 19 A
765 2725 28 21 10
814 2726 96 23 heures,
932 2723 102 26 samedi,
1056 2731 34 15 un
1112 2724 76 23 office
1210 2726 40 21 fut

700 2750 90 24 chanté
804 2752 16 21 à
835 2753 25 20 la
874 2751 118 23 mémoire
1006 2753 43 20 des
1064 2753 94 20 soldats
1171 2753 83 24 belges

700 2781 24 19 et
745 2779 111 25 français
877 2779 96 22 tombes
995 2782 30 17 en
1046 2779 65 21 terre
1132 2779 69 25 belge
1222 2782 31 18 en

699 2804 61 24 1914.
782 2804 104 23 L'office
909 2805 41 22 fut
972 2805 95 21 célébré
1098 2808 47 23 par
1174 2803 79 24 l'abbé

697 2832 78 24 Heck,
799 2836 42 17 ass
844 2832 5 9 !
850 2832 39 21 Et6
915 2833 43 20 des
983 2832 75 21 abbés
1084 2831 115 22 BoUtllOn
1224 2832 25 21 et

701 2861 87 21 Colles.
804 2859 91 23 L'abbé
912 2860 92 23 Mottet
1020 2867 127 18 prononça
1163 2867 48 17 une
1228 2860 25 22 al-

702 2884 109 22 locution
828 2885 30 22 de
878 2886 177 21 clrconJûanCéi

722 2912 24 20 A
766 2912 82 21 l'isëue
872 2913 30 21 de
924 2912 110 24 l'office,-
1047 2915 34 18 Un
1102 2912 99 25 cortège
1223 2918 26 15 se

701 2936 83 23 forma
795 2939 26 22 et
835 2939 49 20 alla
897 2939 88 21 fleurir
998 2939 209 21 successivement
1219 2938 36 22 les

700 2966 159 22 monuments
870 2966 33 20 àU
916 2966 36 21 roi
964 2964 94 26 Albert,
1069 2971 50 16 aux
1130 2966 80 20 morts
1221 2963 34 23 du

702 2992 41 22 10e
759 2993 30 20 de
804 2990 78 28 Ligne
899 2991 27 22 et
941 2990 16 22 à
974 2991 63 22 celui
1055 2993 33 20 du
1103 2998 14 15 «
1133 2992 59 22 Jass
1207 2998 21 14 ».

905 3019 26 32 A
947 3019 104 32 Namur

926 3064 104 24 Namur,
1045 3064 35 21 11.
1085 3064 140 21 novembre.

727 3091 38 20 La
778 3090 28 21 F-
824 3091 31 22 N.
873 3091 26 22 C.
917 3092 29 21 dé
964 3091 97 22 NatriUr
1077 3086 69 25 avait
1163 3090 91 24 décidé,

701 3123 32 16 en
753 3117 84 22 rafoon
858 3118 44 21 des
923 3118 190 24 circonstances,
1135 3117 110 25 d'organi-

699 3150 41 15 ser
755 3150 31 15 en
801 3149 48 16 une
864 3147 131 19 cûmiîiuhe
1010 3141 145 25 cérémonie,
1169 3144 22 21 le
1206 3144 37 20 Re-

704 3170 48 21 lais
770 3169 73 22 sacré
870 3171 28 20 et
925 3170 26 20 la
979 3169 221 22 commémoration
1228 3170 30 20 de

698 3196 150 23 l'armistice.
874 3197 66 21 Tous
962 3197 36 21 les
1022 3197 176 25 groupements
1223 3196 29 21 de

698 3223 194 23 l'Ihterfédérale
911 3230 26 15 se
954 3222 130 23 rendirent
1108 3229 61 16 avec
1185 3222 67 22 leurs

702 3253 127 24 drapeaux
844 3255 33 18 au
895 3249 125 23 cimetière
1038 3251 30 22 ds
1085 3250 123 26 Belgrade
1225 3249 32 21 où

699 3277 44 22 des
757 3277 79 23 fleurs
851 3278 86 21 furent
951 3275 118 28 déposées
1084 3283 44 15 sur
1141 3276 37 25 les
1192 3276 52 22 tom-

702 3306 44 20 bes
774 3306 43 20 des
840 3303 94 23 soldats
961 3304 90 26 belges,
1074 3302 118 27 français,
1214 3309 33 15 an-

700 3331 71 26 glais,
794 3330 100 22 italiens
917 3330 26 22 et
967 3336 83 18 russes
1073 3332 42 25 qui
1140 3329 115 27 reposent

700 3358 55 22 côte
769 3357 16 21 à
799 3356 54 23 côte
868 3358 16 21 à
897 3355 101 24 l'ombre
1013 3358 32 21 du
1059 3356 147 23 Monument
1220 3356 25 22 in-

701 3384 104 22 terallié.
825 3382 40 23 Un
887 3385 132 25 hommage
1047 3385 41 21 fut
1116 3384 140 26 également

701 3412 79 21 rendu
790 3416 49 16 aux
849 3405 73 28 hëi*os
933 3409 70 24 civils
1016 3412 29 21 de
1055 3408 26 25 là
1090 3415 96 22 guerre.
1196 3412 51 20 Par-

702 3439 35 20 mi
751 3440 36 20 les
800 3435 181 28 personnalités
994 3437 43 27 qui
1050 3438 146 22 assistaient
1208 3441 50 17 aux

702 3464 110 23 diveWB3
834 3465 160 23 cérémonies,
1020 3471 31 15 on
1076 3463 180 22 reconnaissait

701 3492 26 20 M
749 3493 114 23 Bovesse,
878 3492 23 21 le
916 3491 100 27 général
1032 3490 102 25 Chabot,
1148 3492 37 21 les
1199 3495 46 17 con-

703 3519 52 23 suls
766 3517 30 23 de
807 3517 96 22 France
915 3520 24 20 et
951 3517 95 24 d'Italie
1056 3517 16 23 à
1083 3517 104 25 Namur,
1197 3517 60 21 MM.

701 3543 172 27 Fietf-Vandal,
897 3544 123 25 Gendusù,
1052 3543 106 26 Servals,
1188 3544 68 20 Guil-

703 3573 59 24 min,
780 3572 118 25 Jaminét,
915 3570 109 26 Lafleur,
1041 3569 154 26 Walravens,
1212 3570 47 22 La-

704 3596 73 29 pirre,
794 3599 102 25 Maquet
912 3601 25 20 et
953 3596 93 27 Fiêvet,
1058 3597 25 23 le
1099 3598 101 25 général
1215 3597 45 22 Le-

702 3627 88 23 tsaffre,
807 3627 37 20 les
862 3626 108 21 colonels
985 3626 79 24 Lamy
1082 3627 25 19 et
1125 3625 133 25 Spielman,

703 3653 23 22 le
746 3653 83 26 major
848 3652 96 25 Weber,
965 3652 24 21 le
1009 3649 122 24 chanoine
1153 3649 104 27 Collard,

703 3681 25 20 et
741 3679 33 21 M.
786 3678 103 23 Gérard.

729 3707 49 21 Les
797 3706 74 21 Croix
889 3706 33 21 du
940 3706 53 20 Feu
1012 3705 101 21 avaient
1128 3705 50 21 fait
1196 3704 51 22 célé-

704 3733 64 24 brer,
785 3732 17 22 à
818 3733 27 21 la
859 3732 149 25 cathcdrale,
1026 3736 34 17 un
1078 3732 94 21 service
1189 3731 60 21 funè-

706 3758 43 24 bre
766 3759 16 22 à
798 3760 25 20 la
839 3759 119 22 mémoire
975 3760 33 20 du
1024 3758 37 21 roi
1078 3757 93 25 Albert,
1188 3759 30 21 de
1235 3759 26 21 la

705 3787 67 22 reine
787 3786 86 21 Astrid
887 3786 27 21 et
928 3786 44 23 des
986 3786 80 21 morts
1079 3784 32 23 de
1125 3785 26 21 la
1162 3786 97 25 guerre.

1628 510 645 101 RELAIS
2398 508 589 103 SACRE

1402 694 81 57 La
1508 701 344 52 cérémonie
1877 714 82 37 au
1985 692 207 59 Soldat
2219 692 268 58 Inconnu
2514 699 40 51 à
2582 693 292 57 Bruxelles

1808 1970 131 28 L'arrivée
1955 1973 47 24 des
2019 1971 151 26 flambeaux
2187 1976 35 20 au
2239 1969 93 27 Soldat
2349 1970 131 26 Inconnu.

1305 2027 20 21 H
1343 2031 17 22 y
1376 2030 42 22 eut
1437 2031 47 18 une
1502 2028 95 20 minute
1615 2025 142 28 poignante,
1776 2028 57 21 sous

1277 2055 35 20 les
1331 2055 90 20 dehors
1441 2055 34 20 les
1493 2053 55 27 plus
1567 2055 101 24 simples
1686 2053 33 22 du
1738 2050 95 25 monda.

1277 2082 32 21 Ce
1330 2079 47 26 fut,
1396 2082 95 19 samedi
1510 2080 57 24 soir,
1588 2086 56 15 vers
1664 2081 24 20 la
1709 2081 74 20 Porte
1804 2081 29 19 de

1276 2108 98 20 Namur
1396 2108 16 21 à
1434 2106 134 26 Bruxelles,
1590 2106 125 26 lorsqu'on
1738 2107 36 21 vit
1795 2112 40 15 Vi-

1277 2134 45 24 nlr,
1342 2140 59 15 sous
1419 2134 23 20 la
1461 2134 72 25 pluie,
1553 2135 62 20 dans
1632 2134 25 21 la
1676 2133 108 23 prlsaille
1803 2131 30 22 de

1276 2161 26 22 le
1321 2162 55 20 nuit
1396 2161 41 26 qui
1458 2160 111 23 tombait,
1590 2167 48 15 une
1658 2161 103 20 flamme
1780 2165 45 21 por-

1276 2188 39 21 tée
1340 2194 46 20 par
1408 2193 33 16 un
1465 2188 99 21 homme
1587 2193 30 16 ei
1640 2186 70 22 béret
1733 2188 100 26 basque.

1277 2215 54 21 Elle
1352 2224 28 15 se
1402 2214 93 26 joignit
1513 2215 16 21 à
1549 2216 41 19 £ix
1610 2215 85 22 autres
1718 2214 116 20 flammes

1277 2243 41 24 qui
1338 2242 174 20 l'attendaient
1532 2243 24 20 A
1576 2238 105 23 celles-ci
1701 2240 123 21 l'encadrè-

1276 2270 63 19 rent.
1354 2269 39 20 Un
1410 2268 100 25 général
1525 2268 135 21 l'escortait
1675 2269 26 20 et
1716 2273 26 15 se
1757 2267 47 20 mit
1818 2266 15 21 â

1277 2295 54 21 côté
1355 2295 69 20 d'elle
1451 2301 32 15 au
1509 2296 84 19 milieu
1618 2296 43 19 des
1687 2296 38 18 six
1748 2294 86 20 autres

1276 2322 148 21 flambeaux.
1440 2323 37 19 La
1492 2322 102 20 flamme
1609 2321 85 21 venait
1709 2321 30 20 de
1754 2321 79 20 Paris.

1278 2350 52 21 Elle
1363 2349 69 20 avait
1457 2348 39 21 été
1529 2348 96 21 cueillie
1657 2353 32 15 au
1716 2348 117 20 tombeau

1277 2380 58 16 sous
1360 2375 66 20 l'Arc
1459 2376 30 20 de
1515 2375 140 24 Triomphe,
1689 2375 62 19 dans
1786 2378 47 16 une

1276 2402 85 25 lourde
1385 2406 77 21 coupe
1486 2400 112 22 d'airain.
1622 2402 40 19 Du
1684 2405 70 20 coup,
1777 2400 57 21 tant

1276 2429 29 20 de
1323 2430 88 19 choses
1429 2433 26 16 se
1473 2428 147 21 renouaient
1632 2428 29 21 !...
1679 2428 34 20 Le
1732 2428 102 25 porteur

1277 2455 62 21 était
1362 2460 34 16 un
1420 2456 88 19 ancien
1534 2454 157 23 Combattant
1716 2454 117 24 français.

1277 2483 33 19 Le
1328 2481 101 25 général
1446 2481 61 21 était
1524 2482 23 20 le
1566 2481 101 25 général
1684 2482 78 19 baron
1778 2481 57 20 Wa-

1277 2508 45 22 his.
1335 2508 99 21 Devant
1449 2508 22 20 le
1487 2513 63 17 ran<r
1564 2508 43 21 des
1622 2508 55 23 sept
1692 2507 143 21 fl-imbeairi

1281 2536 156 24 s'alignaient
1461 2537 36 20 les
1521 2534 101 23 fanions
1646 2535 195 24 correspondant

1278 2563 41 24 qui
1340 2562 154 24 indiquaient
1513 2561 114 20 l'endroit
1646 2560 56 21 d'où
1721 2562 23 19 In
1763 2560 62 21 flam-

1279 2592 38 16 me
1337 2588 62 21 était
1420 2588 80 24 partie
1527 2588 25 19 la
1570 2587 123 22 province.
1713 2588 48 19 Les
1781 2591 45 21 pro-

1279 2615 84 20 vinces
1387 2620 28 15 se
1440 2613 167 22 réunissaient
1632 2613 63 20 ainsi
1722 2617 63 21 pour
1809 2618 26 14 se

1278 2641 89 20 rendre
1389 2641 92 25 auprès
1502 2641 30 22 de
1554 2641 136 20 l'Inconnu.
1711 2641 48 19 Les
1781 2639 46 20 dra-

1278 2672 81 21 peaux
1378 2668 43 20 des
1443 2667 161 21 Fédérations
1625 2666 95 21 étaient
1740 2665 96 23 masses

1278 2698 46 21 par
1341 2695 93 20 devant
1449 2695 32 21 et,
1499 2693 116 23 derrière,
1633 2693 115 20 s'étaient
1764 2694 73 24 grDt!-

1280 2721 43 25 pés
1357 2721 37 20 les
1432 2722 102 21 anciens
1579 2720 168 21 combattants
1794 2719 41 24 qui

1279 2748 100 20 avaient
1401 2746 168 26 aocompa^né
1600 2747 36 19 les
1659 2747 106 20 torches.
1794 2746 33 20 Ja-

1279 2775 64 19 mais
1360 2775 25 20 la
1402 2775 84 24 pieuse
1505 2773 138 21 cérémonie
1661 2777 30 16 ne
1709 2773 40 20 fut
1768 2776 66 16 aus*'

1279 2800 144 25 pathétique
1440 2803 47 20 que
1503 2801 65 20 Cette
1585 2799 80 22 année
1682 2800 25 20 et
1722 2804 31 16 ne
1770 2797 57 23 revê-

1280 2827 30 21 tit
1325 2831 35 18 un
1375 2828 34 20 tel
1423 2831 64 17 sans.

1307 2858 38 24 Au
1364 2860 112 21 moment
1495 2860 32 21 où
1545 2857 24 24 le
1588 2857 99 26 cortège
1707 2855 129 25 s'ébranla.,

1282 2887 62 21 dans
1366 2884 25 24 la
1414 2888 55 20 nuit
1490 2891 104 22 presque
1616 2889 86 21 venue,
1724 2888 58 19 sOUs
1806 2890 32 16 un

1280 2912 45 23 ciel
1342 2918 77 20 amer.
1435 2912 58 27 dé,^a
1508 2911 159 28 rougeoyant,
1682 2908 155 26 l'unanimité

1281 2940 42 22 des
1338 2941 56 24 sept
1407 2940 143 21 flambeaux
1565 2943 33 18 au
1612 2937 89 27 départ
1715 2939 43 21 élit
1773 2938 55 26 quel-

1281 2970 47 23 que
1343 2965 74 23 chc*e
1433 2968 30 19 de
1479 2968 70 24 qti°sl
1565 2966 122 25 trafique.
1702 2966 32 22 Ce
1751 2961 87 26 ft'etalt

1281 2998 104 21 presque
1407 2994 60 20 rien.
1490 2993 90 24 C'était
1603 2990 106 24 4norme.
1730 2993 34 20 L°
1786 2996 53 16 cov-

1281 3021 56 23 tègé
1347 3026 2 3 '
1356 3020 118 25 s*avânçk
1492 3025 59 16 sous
1569 3020 36 20 les
1625 3019 86 21 arbres
1732 3018 96 25 dépouil-

1281 3046 41 23 lés,
1343 3052 47 16 nus
1409 3052 96 18 comme
1526 3047 43 20 des
1587 3048 110 22 hampes.
1716 3046 48 21 les
1784 3045 54 20 dri-

1281 3075 80 23 peaux
1378 3073 94 21 étaient
1490 3072 84 24 portés
1590 3077 95 16 comme
1703 3071 43 22 des
1762 3071 76 20 voiles

1281 3105 44 16 sur
1346 3101 36 20 les
1404 3099 107 26 épaules.
1532 3098 64 22 ToVt
1619 3099 53 20 cela
1692 3103 28 16 £e
1742 3097 97 26 passait

1281 3132 29 15 en
1325 3126 98 22 atte-icô.
1437 3126 50 20 Pas
1502 3132 33 15 '.n
1550 3125 101 23 clniron,
1666 3130 45 20 p^s
1727 3130 33 15 un
1775 3124 53 21 tam-

1280 3154 68 21 bour.
1371 3153 101 20 Comme
1494 3159 32 14 rn
1549 3152 99 22 corteere
1669 3150 111 22 funèbre.
1804 3150 32 21 Ce

1281 3180 41 25 qui
1341 3180 103 20 donnait
1460 3179 15 21 â
1492 3177 25 23 In
1534 3178 138 24 oêrérhonir»
1690 3183 32 15 on
1740 3183 30 17 ne
1789 3177 49 21 sa\t

1281 3206 79 25 quelle
1379 3204 101 26 dignité,
1501 3205 79 27 quelle
1598 3205 126 26 grandeur
1742 3202 97 27 supplé-

1280 3233 85 21 menta
1367 3233 5 10 !
1375 3237 47 16 res.

1308 3257 74 23 Place
1406 3259 98 23 Madou,
1525 3258 26 21 la
1572 3258 55 21 nuit
1650 3255 62 23 était
1733 3256 105 22 tombée.

1281 3285 117 22 D'autres
1415 3287 132 23 drapeaux,
1568 3284 109 21 d'autres
1696 3283 143 22 flambeaux

1281 3312 155 21 attendaient
1450 3317 62 16 ceux
1526 3313 41 24 qui
1581 3311 122 21 venri-^nt.
1717 3310 121 21 C'étaient

1280 3338 36 21 les
1328 3338 122 21 Flandres
1464 3338 42 22 oui
1519 3343 27 16 se
1561 3337 139 26 joignaient
1714 3340 49 18 aux
1777 3340 61 22 gens

1282 3364 95 22 arrivés
1410 3364 32 22 du
1466 3363 120 25 Hainaut,
1619 3364 30 20 de
1672 3363 104 24 Ni.mrr,
1808 3362 30 21 de

1280 3389 82 28 Liège,
1385 3392 33 20 du
1438 3391 180 25 t,ùijembcurg,
1641 3390 32 21 du
1694 3389 146 22 Grand-D'i-

1281 3416 52 26 cliê,
1351 3418 33 21 du
1399 3416 114 23 Ërabant
1531 3417 75 22 enfin.
1622 3414 34 23 Ils
1673 3417 86 20 furent
1774 3414 64 23 ainsi

1280 3445 40 21 .?ix
1341 3444 144 21 flambeaux
1505 3444 41 25 qui
1568 3443 157 23 escortaient,
1745 3444 57 19 cina
1824 3447 16 15 a

1282 3471 79 22 droite
1376 3472 25 20 et
1417 3472 56 24 cinq
1489 3471 16 21 à
1519 3471 103 24 guuchê,
1636 3470 23 21 le
1675 3469 71 21 lourd
1763 3469 76 21 calice

1283 3502 64 16 venu
1366 3499 29 19 de
1411 3497 104 21 France.
1532 3497 34 21 Le
1583 3496 122 23 régiment
1725 3496 43 21 des
1785 3495 56 20 dri-

1282 3527 81 18 neaux
1381 3523 126 26 s'alignait
1524 3527 47 17 nar
1586 3522 93 21 devant
1702 3526 45 16 sur
1764 3523 76 22 rangé

1283 3551 30 20 dn
1327 3550 62 22 huit.
1403 3550 47 21 Les
1465 3549 115 26 policiers
1593 3549 131 21 ouvraient
1737 3549 25 21 la
1776 3553 55 16 mar-

1283 3575 52 22 che.
1351 3577 21 20 Il
1388 3577 87 23 faisait,
1491 3574 52 23 très
1561 3575 61 22 noir.
1637 3575 37 21 La
1690 3574 66 24 plrie
1772 3573 68 23 avait

1284 3603 48 21 fait
1351 3600 77 25 trêve.
1447 3601 34 22 Et
1499 3602 99 25 lorsque
1616 3602 23 21 le
1659 3602 99 25 cortège
1779 3601 60 21 s'en-

1284 3633 80 20 îraçrea
1380 3631 63 20 dans
1457 3630 27 20 la
1499 3633 44 17 rue
1560 3628 34 21 du
1610 3627 117 24 Congrès,
1744 3629 57 19 veré
1816 3628 25 19 la

1283 3656 114 22 Colonne,
1409 3660 48 17 une
1470 3656 114 21 sonnerie
1597 3651 30 25 de
1639 3654 93 22 clairon
1744 3653 96 25 s'élqva.

1309 3683 48 20 Lés
1374 3682 124 21 barrières
1514 3681 88 22 Nadar
1618 3680 159 22 contenaient
1793 3686 48 16 un»

1285 3709 67 22 foule
1372 3708 148 21 nombreuse
1540 3708 25 21 et
1586 3708 84 25 ptensp
1691 3708 41 25 qui
1755 3712 26 16 se
1803 3705 30 24 dé-

1285 3735 114 21 couvrait
1420 3741 33 15 au
1472 3739 106 21 passage
1599 3735 44 21 des
1663 3732 134 23 étendards
1818 3734 23 21 et

1284 3761 43 22 des
1345 3762 125 20 flammes.

1312 3785 96 23 Autour
1425 3789 30 19 de
1472 3788 25 21 la
1515 3786 115 25 Colcnne,
1645 3787 26 20 la
1688 3787 71 31 place
1773 3787 59 26 plon-

1286 3814 44 26 gée
1363 3814 63 21 dans
1462 3817 49 18 une
1542 3809 200 25 demi-obsdUrltê
1773 3811 70 23 avait

1286 3840 77 26 gardé
1376 3845 30 16 sa
1419 3840 144 21 décoration
1577 3841 32 20 du
1622 3841 80 21 matin
1717 3846 6 15 :
1738 3841 37 20 les
1788 3840 46 21 dra-

1286 3870 87 23 peaux,
1396 3866 38 22 les
1456 3865 94 24 bandes
1571 3864 130 27 tricolores
1723 3867 57 21 tout
1801 3870 43 17 au¬

1858 2028 63 21 tour.
1943 2028 65 20 Mais
2029 2027 54 21 cela
2103 2030 32 18 he
2155 2027 87 21 faisait
2263 2026 56 26 plus
2340 2027 74 24 qu'un

1858 2051 97 24 théâtre
1977 2053 123 22 d'ombres
2120 2057 29 17 &Q
2171 2052 136 23 détàôhant
2326 2058 45 16 sur
2393 2056 22 18 xfi

1858 2081 46 20 ciel
1924 2080 113 21 incendié
2058 2085 46 21 par
2122 2081 25 20 la
2171 2080 58 21 ,'ille.
2250 2080 39 21 On
2307 2080 108 21 n'aurait,

1857 2112 34 20 pu
1909 2106 156 22 reconnaître
2085 2112 34 15 un
2136 2107 53 20 seul
2207 2107 85 25 visage
2311 2107 62 20 dans
2392 2106 23 21 ia

1858 2133 66 23 foule
1945 2132 146 23 considéra^
2092 2133 7 13 1
2102 2137 13 16 -*
2135 2132 43 27 qui
2197 2132 86 23 mêlait
2302 2138 39 16 ses
2361 2133 45 20 fan-

1857 2160 82 22 tômes
1955 2160 109 21 derrière
2082 2160 35 20 les
2134 2159 130 22 barrières.
2284 2160 64 22 Tout
2365 2164 41 15 res-

1858 2187 76 25 pirait
1954 2188 31 23 jci
2007 2187 113 24 l'obscur,
2142 2186 128 21 favorable
2291 2191 50 15 aux
2361 2185 44 21 évo-

1857 2214 105 25 cations,
1976 2213 99 26 jusqu'à
2087 2219 28 15 ce
2130 2214 89 25 quelle
2233 2212 99 25 cortège
2345 2212 70 20 étaiu

1858 2240 81 21 arrivé
1962 2245 33 16 au
2018 2241 98 22 rytimie
2141 2239 50 22 ded'
2206 2235 107 25 clâlrcns
2337 2239 69 20 solen

1858 2268 53 22 nels
1930 2267 26 21 et
1975 2266 125 24 funèbre-?,
2119 2266 37 21 les
2177 2267 126 24 drapeaux
2323 2264 92 21 s'êtart

1858 2299 96 19 ranpcs,
1972 2293 97 21 dressés
2095 2291 57 23 ^tte
2167 2293 55 23 fols,
2237 2290 44 22 des
2298 2292 64 20 deux
2378 2292 28 21 cô-

1859 2320 37 21 tés
1916 2321 29 20 de
1963 2320 26 20 la
2008 2320 63 20 dalle
2092 2320 115 20 couverte
2225 2320 31 21 de
2274 2319 86 24 fleurs,
2379 2318 37 20 les

1860 2352 58 18 onze
1937 2347 142 20 flambeaux
2098 2352 27 16 sa
2143 2347 86 21 furent
2246 2346 47 20 mis
2312 2349 31 17 en
2360 2349 46 16 cou-

1873 2377 63 17 enne
1956 2374 92 20 autour
2067 2372 30 22 de
2115 2373 25 20 la
2159 2373 112 20 Flamme
2292 2369 117 24 éternelle

1859 2400 120 22 éclairant
1997 2400 25 21 la
2041 2400 72 21 soène
2131 2399 31 21 de
2179 2400 84 20 lueurs
2282 2397 133 26 tragiques.

1885 2426 85 22 Parmi
1985 2426 37 21 les
2037 2427 126 23 drapeaux
2180 2424 126 25 fédéraux,
2321 2429 32 16 on
2369 2422 47 22 â's-

1870 2453 97 26 IngUalt
1987 2454 23 20 le
2031 2451 110 23 drapeau
2164 2452 57 24 des,
2228 2450 98 24 Grandi
2350 2454 57 17 inva-

1857 2480 62 23 lides
1935 2479 112 22 français
2061 2478 112 22 résidant
2190 2483 30 16 en
2236 2477 126 26 Belgique,
2380 2482 26 15 es-

1860 2507 80 21 cortés
1963 2511 47 16 nar
2033 2506 56 25 cinq
2115 2502 123 24 membres
2263 2505 32 20 du
2319 2500 97 24 comité.

1885 2533 116 21 Derrière
2016 2533 37 20 les
2072 2533 100 20 torches
2188 2530 115 22 s'étaient
2321 2530 95 21 ensuite»

1859 2560 114 24 avancés,
1988 2565 42 18 sur
2045 2565 33 15 un
2093 2558 52 22 ssul
2159 2563 70 19 ran<*-,
2242 2558 36 20 le3
2293 2555 124 24 meriiibtes

1860 2585 32 23 du
1913 2585 200 23 gouvernement,
2134 2585 32 20 M.
2185 2584 100 24 Pierlot,
2305 2584 112 20 Premier

1859 2614 125 23 Ministre;
2005 2614 23 20 le
2049 2611 139 22 lieutenant
2210 2609 100 26 général
2332 2609 84 21 Denis,

1859 2640 23 20 le
1896 2638 127 27 président
2036 2638 33 22 du
2083 2638 82 24 Sénat,
2179 2639 32 20 M.
2225 2637 88 22 Gillon,
2326 2641 32 16 au
2373 2634 34 23 mi-

1859 2665 49 22 lieu
1930 2663 114 24 desquels
2066 2670 26 16 se
2114 2663 109 22 trouvait
2244 2664 24 20 le
2290 2658 128 29 président

1859 2692 95 22 fédéral
1967 2692 92 21 Lohe^t
2080 2692 38 20 On
2133 2690 181 21 reconnaissait
2328 2693 88 17 encore

1859 2720 32 20 M.
1905 2719 117 22 HoUtart,
2037 2721 156 22 gouverneur
2205 2718 31 20 de
2250 2717 25 20 la
2288 2716 127 24 province:

1860 2747 32 19 M.
1906 2745 104 25 Devèze.
2024 2751 31 15 en
2068 2744 134 23 uniforme;
2218 2743 32 20 M.
2265 2741 89 23 Coelst,
2368 2742 18 21 f.
2399 2741 13 20 f

1860 2772 28 21 de
1903 2772 172 24 bourgmestre
2093 2771 28 21 de
2137 2769 138 22 Bruxelles:
2292 2768 37 21 les
2345 2764 73 28 gér.r-

1860 2802 62 17 riux
1936 2799 109 21 Renard,
2059 2795 90 24 Michel
2163 2798 24 19 et
2202 2797 54 20 Ven
2270 2794 147 24 Strydor,"k,

1863 2827 43 21 des
1924 2825 113 23 attachés
2053 2825 132 21 militaires
2201 2824 137 23 étrangers.
2353 2822 71 20 Dans

1860 2853 24 19 la
1906 2849 71 24 lueur
1999 2851 44 21 des
2063 2851 123 22 flammes,
2207 2847 75 26 l'élêe
2304 2851 48 18 nue
2374 2845 43 25 rtea

1861 2878 112 20 officiers
1996 2877 41 25 qui
2060 2876 139 21 montaient
2221 2872 26 23 la
2269 2874 83 25 garde,
2373 2871 35 22 lui-

1864 2907 55 21 sait,
1935 2906 55 21 Une
2007 2910 12 15 «
2035 2905 184 23 Brabançonne'
2232 2907 13 16 »
2260 2908 32 16 en
2307 2901 117 21 sourdine

1861 2932 24 19 et
1898 2931 51 24 très
1962 2930 65 23 lente
2040 2928 90 23 s'éleva
2143 2929 76 22 enf'n.
2231 2929 48 20 Les
2292 2927 126 24 drapeaux

1861 2958 25 20 et
1900 2956 38 23 les
1952 2955 99 23 torches
2065 2954 175 23 s'Inclinèrent.
2253 2954 38 21 La
2306 2952 111 22 Flamme

1862 2988 78 17 venue
1962 2983 30 20 de
2015 2983 104 22 FranrL-,
2142 2982 26 20 et
2190 2981 114 25 toujours
2328 2977 89 28 (fardée

1862 3015 31 15 au
1909 3010 85 21 milieu
2008 3009 57 21 des.
2070 3009 41 20 dix
2127 3009 92 28 autres,
2231 3013 34 17 fin
2278 3007 58 20 -vint
2352 3007 67 23 pri^-

1862 3041 46 16 nue
1932 3037 16 20 à
1971 3036 104 20 toucher
2099 3034 66 23 Celle
2188 3037 45 22 qu*
2251 3032 112 21 s'élevait
2389 3031 28 20 3*

1861 3062 84 21 l'Urne
1969 3060 141 23 Immuable.
2135 3060 36 22 La
2195 3060 113 26 mysique
2333 3060 33 19 du
2390 3057 28 21 2e

1862 3089 122 25 régiment
1998 3089 30 20 de
2041 3088 66 20 ll^ne
2123 3088 31 20 fit
2166 3086 120 24 entendre
2300 3091 35 15 un
2350 3085 65 22 hvai*

1862 3120 30 16 ne
1907 3116 29 20 de
1952 3114 166 22 Salnt-Saëns.
2134 3114 56 25 puis
2204 3114 110 22 entonna
2328 3118 12 14 «
2355 3111 63 21 Vers

1862 3142 108 20 l'Avenir
1988 3147 20 14 ».
2026 3140 48 21 Les
2093 3139 152 26 Flambeajjx
2264 3139 25 20 et
2309 3138 35 21 1rs
2364 3138 46 20 dra-

1861 3172 80 20 peaux
1960 3167 169 22 s'inclinèrent
2147 3166 17 21 à
2181 3170 120 16 nouveau.
2308 3180 3 6 ,
2319 3166 39 19 On
2378 3170 31 16 en-

1861 3194 80 21 tendit
1958 3194 113 20 montrer
2087 3193 31 21 de
2134 3193 25 20 la
2177 3193 66 21 foyle
2260 3192 103 23 obscure
2381 3190 24 20 dé-

1861 3221 49 21 cris
1930 3221 29 19 de
1977 3226 12 14 #
2007 3220 62 21 Vive
2088 3219 26 21 la
2131 3218 118 27 Belgique
2268 3225 20 16 ».
2307 3219 42 22 qui
2368 3221 50 17 ras*

1861 3247 150 21 93mblèrent
2027 3246 16 21 à
2059 3247 43 20 des
2119 3247 49 19 cris
2186 3246 31 24 dç
2233 3243 184 32 femmes^blcs-

1862 3274 60 20 sées,
1951 3274 47 20 Le.3
2026 3271 182 26 personnalités
2229 3277 28 15 ne
2279 3267 139 24 retirèrent.

1861 3300 47 20 Les
1926 3298 168 25 terches-s'en
2113 3295 176 34 furent^-Tout
2305 3296 114 21 retomba

1863 3325 62 22 dans
1947 3322 110 24 l'om'brè.
2086 3325 48 21 LeS
2154 3322 134 27 drapbaux,
2319 3325 43 19 sur
2386 3326 32 17 un

1861 3350 72 25 ordre
1956 3352 63 23 bref,
2052 3348 176 24 s'abaissèrent
2258 3354 88 17 encore
2370 3352 48 17 une

1863 3378 48 23 fols
1933 3376 25 23 et
1979 3383 26 16 se
2025 3376 139 22 relevèrent
2185 3382 32 15 au
2237 3375 80 22 même
2339 3374 79 22 ordre.

1863 3402 32 23 Ce
1916 3402 41 24 fut
1976 3403 62 22 tout.
2048 3404 60 21 -Sur
2126 3404 25 20 la
2171 3399 67 26 fotile
2258 3402 70 22 avait
2345 3401 83 27 passé'

1862 3430 104 26 quelque
1985 3431 74 20 chose
2078 3428 30 22 de
2125 3434 84 21 grave.

1865 3485 43 47 A
1948 3485 210 47 Travers
2198 3484 50 47 le
2287 3483 132 58 Pays

1928 3564 40 23 (Dé
1981 3570 33 14 nos
2027 3564 147 22 correspondants
2187 3562 123 24 p/trtîculiers)

2092 3587 25 33 A
2132 3587 64 40 Huy

2118 3635 66 23 Huy,
2205 3634 27 21 11
2254 3634 145 24 septembre.

1894 3661 131 30 Vendredi,
2039 3660 16 22 à
2068 3661 27 20 20
2108 3661 31 22 h.,
2151 3660 59 22 sont
2222 3659 96 22 arrivés
2331 3665 32 16 au
2376 3664 41 16 mo-

1867 3688 104 20 nument
1986 3688 31 20 de
2032 3688 25 20 la
2071 3686 116 24 Victoire,
2202 3692 19 16 a
2233 3686 25 21 la
2272 3686 155 20 Promenade

1867 3714 31 20 de
1915 3714 58 22 l'Ile,
1990 3713 36 21 les
2044 3713 55 22 sept
2115 3712 144 21 flambeaux
2274 3709 94 23 venant
2383 3712 45 20 des

1866 3740 84 21 divers
1965 3739 83 24 points
2063 3739 31 20 de
2109 3739 25 21 la
2148 3737 115 24 Hesbïiye
2278 3739 26 21 et
2318 3738 34 21 du
2366 3736 63 22 Con-

1868 3766 59 20 drOz
1927 3777 6 9 t

1895 3788 54 24 Une
1971 3790 67 22 foule
2059 3787 124 24 recueillie
2205 3789 32 22 dn
2258 3787 124 23 attendait
2402 3787 27 23 la

1867 3820 86 17 venue.
1972 3813 86 23 Parmi
2077 3814 36 23 les
2131 3811 181 28 personnalités
2330 3814 90 25 présen-

1867 3841 39 22 tes
1924 3841 81 22 citons
2023 3842 23 20 le
2064 3841 91 24 député
2172 3840 83 25 Dijon,
2273 3840 33 21 M.
2324 3839 105 25 Viesset,

1869 3865 171 27 bourgmestre
2063 3867 32 23 de
2116 3866 66 26 Huy,
2204 3866 103 22 entouré
2329 3868 32 21 de
2384 3869 45 19 soii

2441 2027 93 21 conseil
2558 2026 148 23 communal,
2730 2025 30 22 de
2784 2025 138 21 nombreux
2945 2025 47 21 offi-

2442 2053 64 21 ciers
2532 2053 44 20 des
2602 2051 83 22 unités
2711 2051 151 22 cantonnées
2888 2052 63 20 dans
2978 2052 24 20 la

2441 2078 92 24 région,
2554 2078 22 21 le
2597 2076 121 22 chanoine
2738 2077 85 23 Leens,
2844 2077 59 21 curé
2922 2077 79 24 doyen

2440 2104 30 22 de
2492 2104 174 23 Notre-Dame,
2687 2105 43 20 des
2751 2103 187 25 représentants
2958 2104 45 20 des

2442 2131 175 23 groupements
2641 2129 125 21 d'anciens
2790 2130 175 21 combattants.

2468 2156 132 22 L'échevin
2621 2156 147 23 Carpentier
2789 2157 82 20 exalta
2893 2157 22 20 le
2936 2155 66 21 culte

2441 2183 43 20 des
2505 2183 111 23 glorieux
2635 2182 79 21 morts
2735 2183 30 21 de
2786 2182 25 21 \i~
2830 2187 96 19 guerre,
2947 2181 56 23 puis

2442 2209 33 20 M.
2497 2209 112 23 Henriot,
2631 2207 127 25 président
2778 2209 31 20 de
2831 2209 25 21 la
2877 2208 26 20 F.
2924 2207 30 20 N.
2976 2207 25 21 C.

2440 2235 31 20 de
2490 2235 65 23 Huy,
2574 2234 90 21 définit
2683 2235 36 20 les
2736 2234 99 20 devoirs
2854 2235 31 19 de
2904 2232 108 22 l'heure/

2468 2259 80 25 Après
2569 2261 25 20 la
2615 2261 95 20 minute
2731 2261 31 19 de
2783 2261 98 25 silence,
2902 2260 33 21 M.
2956 2260 46 19 De-

2441 2283 61 23 Iaire
2522 2287 93 20 chanta
2633 2291 35 16 un
2687 2286 91 24 hymne
2796 2285 17 22 à
2831 2285 25 21 la
2874 2284 84 22 Patrie
2978 2286 24 20 et

2441 2313 25 20 la
2484 2312 99 21 chorale
2601 2312 30 21 de
2649 2311 82 21 l'école
2748 2313 112 19 normale
2878 2313 30 21 de
2926 2311 76 21 l'Etat

2443 2338 103 21 exécuta
2569 2339 26 20 la
2618 2345 12 13 «
2638 2338 180 23 Brabançonne
2826 2343 19 16 ».

2647 2369 25 31 A
2691 2368 105 34 Reïiaîx

2659 2416 104 22 Renalx,
2785 2415 27 21 11
2835 2415 139 21 novembre.

2470 2439 74 24 Jeudi
2567 2442 57 23 soir,
2649 2440 104 25 cloches,
2777 2441 94 23 sirènes
2895 2441 108 22 d'usines

2442 2469 26 20 et
2488 2468 83 22 salves
2592 2467 142 22 d'artillerie
2755 2468 44 21 ont
2820 2466 100 25 rappelé
2941 2467 16 21 à
2979 2468 24 20 la

2442 2493 144 25 population
2607 2494 22 21 le
2651 2494 115 20 souvenir
2786 2494 31 20 de
2837 2494 25 21 la
2882 2492 111 22 délivran-

2442 2524 28 16 ce
2487 2519 29 21 de
2533 2518 98 22 Renaix
2646 2524 46 19 par
2708 2519 36 21 les
2760 2518 96 22 armées
2871 2517 131 25 anglaises.

2469 2545 81 24 Après
2571 2546 22 19 le
2613 2545 89 23 départ
2723 2546 32 20 du
2776 2545 133 23 flambeau,
2930 2546 25 19 la
2976 2545 26 21 F.

2442 2570 30 22 N.
2489 2572 25 20 C.
2531 2572 77 20 locale
2625 2577 16 15 a
2657 2571 114 23 organisé
2789 2572 22 20 le
2827 2571 27 20 11
2870 2571 133 20 novembre

2443 2601 48 16 une
2514 2597 64 21 série
2602 2598 30 20 de
2656 2596 152 21 cérémonies
2831 2598 33 20 du
2888 2597 115 20 souvenir

2442 2623 17 21 à
2478 2622 105 24 laquelle
2601 2628 28 15 se
2648 2625 57 19 sont
2725 2621 122 22 associées
2867 2623 81 21 toutes
2968 2623 35 20 les

2443 2648 107 22 Sociétés
2574 2649 25 21 et
2622 2650 57 19 tous
2702 2649 36 20 les
2762 2649 86 23 partis.

2471 2674 22 22 A
2516 2674 83 23 l'Issue
2621 2676 35 19 du
2680 2674 94 21 service
2798 2673 119 25 religieux
2940 2674 15 21 à
2979 2675 23 20 la

2444 2700 127 24 collégiale
2585 2701 194 22 Saint-Hermes,
2792 2706 49 17 une
2854 2700 68 22 foule
2935 2699 61 22 énor-

2443 2730 41 18 me
2504 2732 17 15 a
2541 2726 90 21 assisté
2652 2731 32 16 au
2705 2723 74 27 dépôt
2799 2728 44 19 des
2864 2727 87 23 gerbes
2972 2731 32 16 au

2444 2754 146 19 monument
2614 2753 34 20 du
2672 2757 90 19 square
2799 2752 93 23 Albert,
2929 2752 75 23 dépôt

2444 2778 106 23 ponctué
2567 2784 47 17 par
2630 2784 48 15 une
2696 2785 12 13 «
2725 2778 180 24 Brabançonne
2922 2784 12 14 »
2952 2777 43 21 exé-

2445 2803 71 23 cutée
2541 2809 47 18 par
2612 2803 152 23 l'Harmonie
2790 2803 135 22 Socialiste.
2950 2804 55 20 Une

2444 2828 51 23 fête
2513 2830 132 23 artistique
2662 2836 33 14 au
2713 2831 63 20 local
2793 2829 88 21 Patria
2897 2830 109 20 termina

2445 2857 25 20 la
2485 2855 108 24 journée,
2609 2855 51 22 fête
2676 2855 130 25 organisée
2821 2860 33 16 au
2869 2855 78 24 profit
2962 2856 43 20 des

2444 2886 98 17 œuvres
2561 2882 33 21 du
2612 2882 87 21 soldat.

2633 2907 26 30 A
2680 2901 128 37 Verviers

2641 2952 123 24 Verviers,
2787 2951 28 22 11
2838 2953 139 20 novembre.

2472 2979 70 20 Dans
2559 2978 26 21 la
2600 2977 58 22 ville
2674 2978 122 24 pavoisée.
2813 2980 25 20 la
2855 2976 151 23 célébration

2445 3003 31 23 de
2491 3004 143 22 l'armistice
2650 3011 16 14 a
2681 3003 51 25 pris
2748 3003 16 22 à
2779 3004 117 21 Verviers
2910 3009 95 16 comme

2444 3028 64 23 dans
2525 3031 127 23 beaucoup
2670 3030 108 20 d'autres
2795 3030 77 22 villes,
2890 3035 48 15 une
2955 3034 41 17 am-

2445 3057 70 21 pleur
2532 3056 55 23 plus
2605 3056 93 22 -grande
2715 3057 25 19 et
2757 3056 55 23 pluP
2829 3057 113 20 fervente
2959 3061 47 18 que

2445 3083 36 19 les
2498 3082 93 21 années
2608 3081 160 24 précédentes
2786 3083 25 20 et
2827 3082 60 20 c'est
2904 3088 33 14 un
2954 3087 43 15 cor-

2445 3107 56 24 tège
2520 3109 114 22 compact
2653 3108 42 23 qui
2713 3113 27 16 se
2759 3108 82 21 forma
2859 3107 16 21 à
2893 3108 25 20 la
2936 3105 70 26 place

2444 3133 156 21 St-Remacle
2620 3134 25 20 et
2664 3137 26 17 se
2710 3133 96 24 dirigea
2823 3133 108 21 aussitôt
2949 3136 57 17 vers

2446 3158 90 22 l'Hôtel
2553 3159 31 20 de
2600 3159 63 21 Ville
2680 3158 31 22 où
2728 3160 42 21 eut
2787 3160 49 20 lieu
2853 3160 21 20 le
2891 3160 66 20 salut
2973 3164 32 15 au

2444 3185 113 23 drapeau
2578 3184 111 24 glorieux
2709 3185 31 20 de
2761 3185 60 21 1830.
2842 3185 22 20 II
2885 3191 27 16 se
2932 3185 75 21 remit

2446 3211 96 21 ensuite
2558 3217 30 15 en
2603 3210 102 21 marche
2720 3217 46 17 par
2781 3212 35 21 les
2831 3216 58 16 rues
2903 3211 33 20 du
2951 3215 46 17 cen-

2445 3236 46 23 tre,
2508 3235 104 25 précédé
2629 3237 72 22 d'une
2717 3236 113 24 musique
2847 3236 117 21 militaire
2982 3236 25 22 et

2445 3263 46 20 dés
2514 3261 186 25 représentants
2724 3263 31 22 de
2778 3263 57 21 tous
2860 3263 35 20 les
2933 3268 73 18 corps

2446 3288 143 21 constitués.
2603 3289 54 22 Une
2670 3287 95 23 minute
2779 3289 30 20 de
2823 3288 184 22 recueillement

2446 3313 40 22 fut
2509 3314 124 23 observée,
2657 3315 44 22 des
2724 3314 78 22 fleurs
2825 3313 87 22 furent
2934 3314 63 24 dépo-

2446 3340 55 21 sées
2517 3345 49 16 aux
2582 3338 154 23 mémoriaux
2751 3341 44 21 des
2810 3339 96 23 fusillés
2922 3341 25 20 et
2962 3342 44 20 des

2445 3366 137 21 Coloniaux.

2437 3408 7 4 .
2473 3392 68 20 Avec
2555 3393 57 22 plus
2626 3391 94 24 d'éclat,
2734 3392 26 22 la
2774 3391 81 22 même
2869 3391 138 22 cérémonie

2447 3422 27 16 se
2489 3417 103 21 déroula
2606 3424 33 15 au
2653 3419 146 20 monument
2813 3418 30 22 de
2859 3419 25 20 la
2898 3416 109 23 victoire.

2642 3443 26 30 A
2686 3439 121 35 Niveiles

2668 3488 115 25 Nivelles,
2798 3489 27 20 11
2839 3489 141 21 novembre.

2475 3514 37 22 La
2527 3514 95 22 section
2637 3515 78 22 locale
2730 3516 31 21 de
2776 3516 25 20 la
2816 3515 26 20 F.
2858 3514 30 21 N.
2903 3515 33 23 C,
2952 3519 46 16 con-

2447 3540 69 22 duite
2547 3546 46 18 par
2624 3545 46 16 son
2702 3540 127 24 président
2859 3540 34 21 M»
2924 3539 84 24 Defré,

2447 3566 124 21 accueillit
2588 3565 44 22 dès
2649 3567 119 21 vendredi
2782 3567 59 23 soir,
2858 3572 50 16 aux
2925 3567 83 23 portes

2448 3593 31 20 de
2499 3593 25 21 la
2542 3593 64 23 ville,
2626 3594 22 19 le
2667 3592 128 21 flambeau
2813 3597 48 19 que
2880 3593 35 20 lui
2934 3593 74 20 remit

2448 3617 25 22 la
2491 3618 95 21 section
2604 3620 30 21 de
2652 3618 240 24 FelUy-Arquennes,
2909 3618 90 21 condui-

2448 3644 26 21 te
2494 3648 48 20 par
2561 3649 47 16 son
2629 3643 127 25 président
2776 3643 32 22 M.
2830 3645 81 20 Raoul
2933 3643 76 21 Char^

2448 3670 37 20 les
2502 3670 25 21 et
2543 3675 46 18 par
2605 3670 33 20 M.
2655 3670 82 23 Liard,
2754 3670 171 24 bourgmestre
2941 3670 68 20 d'Ar-

2450 3699 117 19 quennes.
2590 3696 79 22 Toute
2692 3697 26 20 la
2740 3696 62 23 nuit,
2825 3697 64 20 dans
2912 3697 23 19 le
2958 3696 51 20 hall

2448 3720 138 23 d'honneur
2601 3722 32 21 de
2650 3723 26 20 la
2692 3721 98 23 maison
2806 3722 156 21 communale
2979 3722 30 21 de

3014 503 115 25 Nivelles,
3151 505 37 20 les
3210 503 143 22 survivants
3389 502 30 19 do
3455 498 119 22 1914-1918

3014 530 140 22 montèrent
3174 536 46 16 une
3239 530 76 23 garde
3333 527 92 21 sacrée.
3443 526 32 20 C*.
3494 526 78 20 matin

2998 559 4 16 l
3014 557 17 20 à
3048 557 26 19 10
3091 557 95 22 heures,
3202 562 31 16 en
3250 556 24 19 la
3290 553 126 23 collégiale
3433 553 28 21 de
3479 551 94 21 Sainte-

3015 582 128 22 Gertrude.
3163 582 31 22 M.
3213 582 21 20 le
3254 580 120 21 chanoine
3393 579 71 22 Mary
3482 578 92 20 chanta

3016 614 48 15 une
3085 613 79 16 messe
3185 609 30 19 de
3235 607 120 22 Requiem
3376 606 16 20 à
3412 606 24 19 la
3457 603 117 21 mémoire

3015 636 45 19 des
3074 636 78 19 morts
3165 635 30 20 de
3209 634 24 20 la
3247 637 93 19 guerre.
3355 630 117 21 L'armée,
3487 632 23 19 la
3524 634 40 15 ma-

3017 662 141 22 gistrature,
3181 661 22 19 le
3225 660 112 22 barreau,
3361 659 35 20 les
3418 656 79 22 écoles
3519 655 47 21 offi-

3017 685 82 23 cielle*
3122 687 25 20 et
3169 686 74 20 libres
3266 684 93 21 étaient
3383 681 154 25 représentés
3560 680 16 21 à

3018 714 38 19 cet
3079 713 76 20 office
3178 713 42 21 qui
3243 712 39 21 fut
3306 710 62 21 suivi
3392 710 71 20 d'une
3486 707 88 21 séance

3018 738 216 21 commémorative
3252 737 41 24 qui
3311 742 26 15 se
3355 735 101 21 déroula
3473 735 62 20 dans
3553 735 24 18 Ja

3018 770 60 15 cour
3096 765 31 21 de
3146 763 89 21 l'Hôtel
3254 762 30 22 de
3304 761 68 21 Ville,
3392 759 30 22 où
3442 759 91 21 brûlait
3553 760 24 19 la

3001 784 6 18 '
3018 791 102 21 flamme
3140 789 160 24 symbolique.
3322 788 32 19 M.
3376 787 76 21 Defré
3474 791 93 18 pronon-

3019 822 29 17 ça
3069 821 34 16 un
3123 816 112 20 discours
3255 816 72 19 d'une
3348 814 75 20 haute
3443 816 73 17 tenue
3537 817 32 16 pa-

3020 843 123 22 triotique.
3157 842 34 20 Le
3206 841 125 20 flambeau
3345 840 39 19 fut
3399 840 94 21 ensuite
3508 838 61 20 ache-

3019 867 66 21 miné
3105 872 46 18 par
3169 868 25 19 la
3211 867 57 21 ville
3286 865 193 21 abondamment
3498 863 71 23 pavoi-

3020 893 48 23 sée,
3085 897 56 19 vers
3158 892 204 21 Brainc-l'Alleud
3379 892 25 19 et
3422 890 128 20 Waterloo.

3238 944 25 31 A
3280 943 77 32 Paris

3261 989 79 23 Paris,
3360 988 26 21 11
3407 986 139 22 novembre.

3047 1018 37 20 La
3101 1015 182 22 traditionnelle
3301 1014 139 22 cérémonie
3458 1013 116 21 officielle

3023 1043 91 22 devant
3140 1044 23 19 la
3188 1042 82 20 tombo
3296 1041 32 20 du
3353 1040 85 21 Soldat
3464 1040 110 19 Inionnu

3021 1070 59 20 s'est
3098 1068 113 22 déroulée
3231 1073 44 19 par
3294 1072 33 15 un
3348 1068 80 22 tempe
3449 1066 125 22 bruineux,

3022 1100 30 15 tn
3073 1093 116 26 présence
3208 1093 72 21 d'une
3301 1093 125 21 affluence
3447 1092 118 20 nombreu-

3021 1128 27 16 se
3067 1121 25 20 et
3110 1118 130 28 recueillie.

3049 1148 50 20 Des
3117 1146 27 20 10
3163 1148 94 21 heures,
3278 1144 41 22 c'es
3339 1144 186 21 détachements
3546 1143 28 21 de

3022 1173 100 25 treupes
3136 1172 84 22 alliées
3233 1172 101 20 avaient
3347 1171 51 26 pria
3412 1170 106 26 position
3533 1173 42 17 sur

3022 1200 22 19 1^
3065 1199 140 24 terre-plein
3226 1200 29 20 de
3275 1198 63 20 l'Arc
3372 1196 30 21 de
3436 1195 138 25 Triomphe.

3023 1227 49 19 Dr:»
3092 1224 158 25 compagnies
3271 1225 42 20 des
3333 1224 53 23 lG3e
3405 1223 25 21 et
3450 1224 41 21 26e
3512 1222 52 20 d'In-

3023 1252 113 22 fanterie,
3156 1249 135 27 régiments
3310 1249 80 22 d'élite
3422 1250 42 20 oui
3497 1247 70 21 entrè-

3023 1279 55 19 rent
3091 1278 36 21 les
3140 1276 119 26 premiers
3272 1282 31 16 en
3316 1275 151 25 Allemagne,
3483 1274 92 21 étaient

3023 1306 16 22 à
3062 1304 79 20 droite
3164 1303 33 21 du
3219 1301 145 22 monument
3386 1303 16 20 à
3426 1301 54 22 côté
3506 1300 70 23 d'une

3024 1331 145 24 compagnie
3188 1328 162 22 d'Infanterie
3371 1328 132 25 polonaise,
3524 1328 43 20 tan-

3023 1357 38 20 dis
3080 1356 57 24 qu'à
3155 1357 95 24 gauche
3267 1361 28 15 se
3315 1355 79 21 tenait
3413 1358 33 16 un
3466 1354 50 20 fort
3536 1351 28 23 dé-

3023 1382 143 20 tachement
3183 1382 29 20 de
3229 1381 150 21 Grenadiers
3396 1381 97 20 Guards
3512 1384 64 16 veru

3024 1406 139 27 également
3185 1410 32 20 du
3237 1407 75 20 front.

3050 1436 22 20 A
3090 1434 111 21 l'arrivée
3220 1435 43 20 dos
3281 1433 123 21 membres
3424 1433 31 20 du
3475 1437 92 20 gouver-

3021 1461 109 23 nement,
3147 1461 36 19 les
3201 1462 100 22 troupes
3320 1458 145 25 franr;aisea,
3484 1457 82 26 anglai-

3022 1493 41 15 ses
3085 1491 25 20 et
3130 1485 139 26 polonaises
3290 1484 171 26 présentèrent
3482 1485 34 22 les
3537 1490 29 16 ar-

3024 1516 58 17 mes.

3051 1539 23 21 A
3095 1539 28 21 11
3145 1539 96 23 heures,
3266 1537 31 21 M.
3320 1537 99 21 Lebrun
3443 1537 89 20 arriva.
3557 1535 20 21 Il

3020 1565 116 24 s'avança
3150 1564 137 21 lentement
3303 1568 56 17 vers
3375 1565 25 20 la
3414 1564 89 23 tombe,
3519 1563 45 21 s'in-

3024 1591 65 21 clina
3108 1596 45 16 eur
3173 1592 25 19 la
3218 1591 64 22 dalle
3304 1591 54 25 puis
3378 1590 104 20 observa
3502 1590 24 21 la
3545 1590 22 20 ri-

3024 1617 74 21 tuelle
3121 1617 95 21 minute
3239 1618 29 20 de
3292 1617 96 20 silence.
3412 1617 33 19 Le
3468 1617 57 20 chef
3548 1616 29 20 de

3023 1643 77 22 l'Etat
3116 1643 90 25 dépoaa
3222 1643 96 20 ensuite
3333 1648 43 15 sur
3390 1644 25 20 la
3430 1643 83 20 tombe
3528 1647 48 15 une

3024 1671 119 24 immense
3162 1670 75 25 gerbe
3257 1670 30 20 de
3306 1669 78 20 fleurs
3405 1668 61 21 faite
3488 1670 29 20 de
3537 1674 8 14 c
3551 1672 26 17 o-

3025 1695 119 26 quelkots
3167 1696 26 20 et
3214 1697 29 20 de
3265 1695 96 21 bleuets
3383 1698 24 20 et
3430 1694 111 22 s'Inclina
3562 1693 16 21 à

3026 1726 119 18 nouveau.
3172 1722 34 22 La
3231 1719 139 24 cérémonie
3394 1720 127 24 terminée,
3547 1721 31 20 M.

3025 1748 98 21 Lebrun
3138 1747 49 26 prit
3203 1748 77 24 congé
3296 1748 43 20 des
3356 1746 180 27 personnalités
3553 1749 24 18 et

3024 1778 110 21 regagna
3152 1774 110 26 l'Elysée,
3280 1774 243 24 respectueusement
3540 1778 28 15 sa-

3024 1800 39 22 lué
3075 1805 47 21 par
3133 1801 25 21 la
3171 1801 73 20 foule.

3220 1833 25 32 A
3261 1833 122 32 Londres

3244 1880 118 22 Londres,
3376 1879 27 21 Il
3417 1880 138 21 novembre.

3052 1906 36 21 La
3117 1905 139 22 cérémonie
3284 1907 183 20 traditionnelle
3496 1907 32 20 du
3557 1905 26 21 11

3024 1932 133 21 novembre
3172 1937 32 16 au
3219 1932 142 24 Cénotaphe
3376 1932 40 21 n'a
3430 1938 45 18 pas
3490 1938 30 15 eu
3535 1932 48 20 lieu

3024 1962 28 18 Ce
3069 1958 87 24 matin,
3172 1959 64 21 mais
3254 1960 43 19 des
3314 1957 153 25 délégations
3484 1957 44 22 ont
3544 1957 30 21 dé-

3024 1984 64 24 posé,
3107 1990 95 15 comme
3219 1984 149 22 d'habitude,
3386 1985 43 20 des
3447 1988 137 16 couronnes

3024 2016 33 15 au
3073 2011 55 23 pied
3145 2011 33 21 du
3194 2010 135 21 mémorial.

3050 2037 37 21 La
3107 2040 124 17 couronne
3251 2037 33 20 du
3304 2036 48 20 Roi
3372 2043 15 15 a
3407 2035 39 22 été
3466 2034 118 26 apportée

3024 2065 46 21 par
3094 2061 105 25 l'écuyer
3222 2062 177 21 commandant
3422 2060 133 26 Campbell.

3051 2088 37 21 De
3104 2088 80 22 bonne
3199 2088 83 23 heure,
3298 2089 24 21 la
3338 2087 77 24 police
3431 2088 61 21 était
3508 2086 65 22 mobi-

3023 2113 58 22 lisée
3103 2114 63 20 dans
3188 2113 134 22 Whitehall
3343 2112 16 23 à
3380 2114 78 20 l'effet
3478 2112 95 25 d'empê-

3023 2141 59 19 cher
3098 2141 36 20 les
3150 2140 218 21 rassemblements
3384 2140 30 20 de
3430 2141 24 19 la
3470 2139 66 22 foule
3552 2145 31 15 en

3024 2166 84 22 raison
3133 2167 33 20 du
3193 2167 94 21 danser
3312 2166 107 23 possible
3444 2166 59 20 d'un
3529 2166 52 20 raid

3023 2192 90 21 aérien.
3131 2193 48 20 Les
3196 2192 115 23 délégués
3329 2194 43 19 des
3390 2192 109 22 diverses
3517 2197 66 15 asuo-

3024 2218 105 21 cïations
3154 2218 125 21 d'anciens
3304 2218 169 21 combattants
3498 2219 24 20 et
3547 2219 36 19 les

3023 2244 185 23 représentants
3227 2245 30 19 de
3275 2243 99 23 l'armée
3391 2245 44 19 ont
3452 2243 74 21 défilé
3544 2245 30 19 de-

3023 2270 60 20 vant
3106 2271 22 19 le
3150 2271 152 22 monument,
3324 2270 64 21 mais
3410 2276 46 17 par
3477 2275 106 18 groupes

3023 2294 102 25 séparés
3150 2296 25 20 et
3200 2297 100 21 suivant
3325 2301 33 16 un
3383 2296 99 21 horaire
3507 2295 75 22 établi

3022 2322 125 20 d'avance.

3051 2348 50 20 Des
3139 2347 149 24 coquelicots
3324 2347 130 21 artificiels
3490 2347 93 21 étaient

3023 2374 94 20 vendus
3137 2374 63 21 dans
3220 2374 35 20 les
3275 2378 57 16 rues
3351 2378 46 18 par
3415 2375 44 19 des
3478 2374 105 20 femmes

3024 2399 61 21 dont
3100 2400 126 23 beaucoup
3241 2401 44 19 ont
3300 2400 43 21 des
3358 2400 104 22 proches
3477 2400 42 23 qui
3533 2405 42 15 ser-

3023 2426 61 19 vent
3098 2430 59 16 sous
3172 2426 36 19 les
3223 2426 133 23 drapeaux,
3371 2423 31 22 de
3418 2424 86 24 même,
3520 2424 63 22 deux

3024 2450 109 22 millions
3156 2451 30 21 de
3209 2450 101 25 bleuets,
3334 2450 101 22 amenés
3457 2452 30 20 de
3511 2451 72 20 Paris

3025 2481 45 19 par
3087 2477 81 22 avion,
3185 2478 43 20 ont
3245 2476 39 22 été
3301 2476 133 22 distribués
3450 2476 63 22 dans
3530 2477 54 21 tout

3025 2504 22 20 le
3062 2508 62 18 pays
3137 2508 95 17 comme
3246 2500 109 26 symbole
3369 2504 30 19 de
3414 2504 24 19 la
3452 2502 131 22 fraternité

3025 2528 106 21 d'armes
3150 2528 214 24 anglo-française,
3383 2529 34 22 Le
3436 2529 99 21 produit
3554 2528 30 22 de

3026 2555 24 20 la
3066 2555 73 20 vente
3157 2558 56 17 sera
3230 2554 117 22 consacré
3363 2554 16 22 à
3395 2555 71 20 venir
3481 2560 31 16 en
3528 2555 56 21 aide

3027 2585 48 15 aux
3093 2581 100 20 anciens
3212 2581 173 21 combattants.

405 4749 173 31 L'hommage
593 4749 47 25 des
654 4749 114 31 postiers
782 4749 16 26 à
810 4750 72 25 leurs
895 4750 94 24 morts.

3114 2625 36 33 Le
3167 2626 133 39 déjeuner
3317 2626 175 32 traditionnel

3153 2670 35 34 de
3199 2668 57 37 l'A.
3268 2670 36 34 0.
3316 2670 32 34 C.
3361 2671 92 34 14*18

3056 2714 83 22 Fidèle
3154 2715 17 21 à
3185 2718 24 20 la
3223 2715 126 25 tradition,
3364 2716 35 20 les
3412 2715 124 21 membres
3552 2714 29 22 de

3030 2743 7 19 1
3039 2742 5 9 :
3047 2751 12 11 «
3067 2742 109 21 Amicale
3202 2742 42 23 des
3269 2741 117 22 Officiers
3394 2744 5 6 '
3411 2742 29 21 de
3464 2742 24 21 la
3513 2743 59 20 Cam-

3030 2772 79 21 pagne
3134 2769 83 20 14-18»
3242 2766 74 27 aprè-3
3346 2769 70 20 avoir
3446 2768 90 21 assisté
3560 2769 22 20 le

3029 2793 79 22 matin
3123 2799 49 16 aux
3186 2794 150 22 cérémonies
3352 2794 230 22 commémoratives

3030 2822 29 20 de
3073 2821 155 24 l'Armistice,
3240 2827 28 15 se
3281 2824 58 20 sont
3353 2821 83 21 réunis
3451 2828 30 15 en
3495 2828 34 15 un
3543 2821 31 21 dé-

3029 2847 88 25 jeuner
3134 2848 87 20 intime
3239 2854 33 15 au
3290 2853 66 15 mess
3375 2848 29 20 de
3423 2849 24 20 la
3464 2847 118 26 garnison

3028 2876 34 20 du
3074 2874 134 22 boulevard
3222 2875 29 20 de
3264 2874 132 21 Waterloo.

3057 2901 21 20 A
3093 2903 25 19 la
3133 2901 65 20 table
3215 2901 142 24 dhonneur,
3372 2900 111 25 présidée
3499 2904 46 21 par
3560 2902 22 20 le

3030 2928 79 20 comte
3127 2925 92 23 Adrien
3236 2932 49 16 van
3302 2928 45 20 der
3363 2926 90 25 Burch,
3469 2932 28 16 se
3515 2927 57 21 trou-

3029 2954 85 22 vaient
3129 2954 22 20 le
3167 2953 100 27 général
3283 2954 84 24 Denis,
3383 2953 113 21 ministre
3512 2955 30 19 de
3558 2954 25 20 la

3028 2979 109 23 Défense
3152 2978 135 26 nationale;
3304 2979 22 22 le
3341 2980 81 25 major
3435 2978 87 23 Albert
3535 2979 38 21 De-

3029 3006 64 24 vèze,
3115 3006 114 21 ministre
3261 3007 29 20 de
3322 3005 145 25 l'Intérieur,
3498 3008 25 20 et
3552 3007 30 20 de

3029 3033 136 20 nombreux
3177 3032 133 26 généraux.

3056 3058 80 26 Aprèra
3155 3060 23 19 le
3199 3061 66 20 toast
3286 3064 32 15 au
3338 3060 55 23 Roi,
3413 3060 22 20 le
3456 3058 126 25 président

3030 3085 32 21 fit
3080 3086 123 20 acclamer
3220 3087 22 20 le
3261 3087 66 20 texte
3346 3086 57 20 d'un
3422 3084 160 26 télégramme

3030 3113 29 21 de
3078 3112 127 25 loyalisme
3224 3112 100 23 adressé
3343 3115 33 19 aU
3395 3110 142 27 Souverain.

3057 3139 39 20 En
3114 3139 84 20 raison
3216 3139 29 20 de
3263 3140 25 20 la
3304 3138 96 25 gravité
3418 3138 30 21 de
3466 3139 24 19 la
3507 3139 68 20 situa-

3030 3165 52 20 tion
3104 3170 81 16 aucun
3207 3166 111 19 discours
3339 3171 31 16 ne
3391 3165 41 22 fut
3452 3163 131 27 prononcé,

3030 3189 64 26 feeul,
3112 3190 22 22 le
3153 3192 80 20 comte
3252 3192 93 21 Adrien
3363 3195 49 17 van
3431 3191 44 21 der
3492 3191 91 23 Burch,

3030 3222 126 21 prononça
3170 3218 117 24 quelques
3301 3217 65 21 mots
3380 3217 16 22 à
3409 3218 116 21 l'adresse
3540 3218 43 20 des

3031 3245 63 20 deux
3114 3244 126 21 ministres
3262 3243 120 26 présente.
3403 3245 33 21 Le
3458 3244 126 25 président

3030 3269 91 24 réitéra
3134 3272 150 20 l'assurance
3298 3273 32 20 du
3344 3271 163 22 dévouement
3519 3275 54 16 com-

3030 3298 51 24 plet
3097 3298 30 20 de
3144 3298 56 20 tous
3216 3297 36 21 les
3269 3298 122 20 membres
3408 3297 30 21 de
3455 3297 42 23 l'A.
3513 3298 28 20 O.
3558 3297 25 20 C.

3031 3324 47 24 qui,
3093 3322 201 26 spontanément,
3308 3329 27 15 se
3350 3326 58 20 sont
3423 3323 47 21 mis
3487 3328 32 16 au
3533 3328 42 16 ser-

3031 3350 52 20 vice
3100 3351 30 21 de
3146 3351 25 20 la
3186 3349 85 22 Patrie
3287 3355 32 16 en
3335 3350 100 25 danger.
3451 3348 21 23 Il
3489 3349 64 22 redit
3568 3348 16 21 à

3031 3374 105 24 l'ancien
3154 3377 25 20 et
3198 3376 97 22 l'actuel
3313 3374 114 23 ministre
3447 3378 28 20 de
3493 3376 25 21 la
3536 3374 37 22 Dé-

3031 3403 70 20 fense
3116 3403 132 24 nationale,
3262 3404 24 19 la
3300 3403 129 21 confiance
3444 3401 93 23 entière
3551 3403 33 20 du

3031 3432 62 22 payé
3109 3434 31 17 en
3157 3433 45 17 son
3219 3428 91 22 armée.

3057 3455 40 21 Au
3115 3459 72 17 cours
3206 3456 33 20 du
3258 3455 125 25 déjeuner,
3400 3460 34 16 un
3452 3456 132 24 hommage

3032 3482 144 25 particulier
3205 3482 40 20 fut
3276 3482 78 20 rendu
3384 3487 34 17 au
3448 3482 137 20 lieutenant

3031 3508 101 25 général
3147 3508 30 21 de
3192 3508 100 22 Selliers
3307 3510 29 19 de
3351 3508 146 21 Moranville
3511 3509 17 21 à
3542 3509 42 24 qui

3032 3535 55 20 tant
3110 3534 125 21 d'anciens
3259 3535 112 20 officiers
3401 3535 101 21 doivent
3530 3536 54 20 leur

3031 3561 142 21 formation.

3058 3588 41 20 Un
3124 3587 162 25 télégramme
3313 3588 40 21 fut
3379 3586 139 26 également
3544 3591 31 17 en-

3031 3613 61 26 voyé
3114 3618 34 16 au
3169 3614 138 21 lieutenant
3328 3612 101 27 général
3451 3613 134 26 Biebuyck,

3032 3641 79 24 grand
3134 3640 92 22 cordon
3248 3641 30 20 de
3301 3640 95 21 l'Ordre
3419 3641 30 20 de
3471 3640 113 24 ISéopold,

3032 3670 46 21 que
3098 3670 46 17 son
3165 3667 52 22 état
3237 3667 31 20 de
3286 3666 73 21 santé
3379 3666 69 21 avait
3467 3665 117 26 empêché

3032 3693 30 21 de
3081 3693 105 25 prendre
3205 3694 58 24 part
3280 3693 17 21 à
3315 3693 65 21 cette
3399 3692 185 21 réconfortante

3032 3717 104 23 réunion
3154 3720 30 22 de
3202 3718 124 23 vétérans.

3597 216 313 64 REVEILLEZ
3933 217 71 58 LA
4023 216 112 66 BILE

3628 298 73 58 DE
3723 293 194 63 VOTRE
3940 290 184 62 FOIE-

3597 362 61 31 Sans
3670 360 102 30 calomei
3786 370 35 8 —
3833 364 24 23 et
3872 368 59 18 vou»
3947 367 109 18 sauterez
4067 357 30 30 da
4110 358 25 32 lit

3684 399 22 28 le
3727 400 74 27 matin
3823 394 7 11 '
3850 394 81 33 confié
3947 394 15 28 à
3982 394 55 29 bloc

3621 446 19 16 il
3661 445 54 18 faut
3736 448 45 18 que
3803 447 64 15 votre
3888 442 46 18 foie
3954 444 63 14 verse
4037 439 86 22 chaque

3608 463 59 22 Jour,
3686 468 30 15 au
3737 465 77 18 moins
3833 467 34 15 un
3884 462 55 19 litre
3957 461 28 18 de
4004 460 45 18 bile
4069 460 55 21 dans

3607 486 64 17 votre
3689 485 106 19 intestin.

3635 506 24 18 SI
3676 508 62 16 cette
3755 506 46 18 bile
3816 505 74 18 arrive
3906 502 54 20 mal.
3977 506 57 14 vous
4049 506 30 14 ne
4094 503 31 19 du

3607 527 66 20 Rùl22
3695 529 43 19 pas
3757 528 40 16 vos
3818 525 117 19 alimenta.
3956 522 29 19 Ils
4006 526 25 15 se
4050 524 65 20 putré-

3607 547 68 19 fient.
3702 547 61 18 Voub
3786 549 57 15 vous
3866 546 80 17 sentez
3969 543 73 18 lourd.
4068 544 57 20 Vous

3609 568 49 19 êtes
3672 566 112 22 constipé.
3801 567 68 17 Votre
3883 563 130 22 organisme
4027 564 91 27 s'empoi-

3608 592 80 18 sonne,
3705 589 23 18 et
3744 590 57 16 vous
3816 586 48 19 êtes
3879 588 70 19 amer,
3964 584 91 18 abattu,
4071 587 55 19 voua

3609 613 71 18 voyez
3695 609 53 19 tout
3762 611 30 16 en
3806 607 61 19 noirl
4128 616 8 10 s

3639 631 41 19 Les
3701 630 95 19 laxatifs
3816 629 54 18 3ont
3891 628 41 18 des
3953 626 109 22 pis-aller.
4080 628 46 20 Uuo

3610 653 57 20 selle
3680 650 76 20 fo;*cêe
3769 649 113 19 n'atteint
3896 652 42 17 pr.a
3952 650 22 16 la
3989 650 73 17 caus:?.
4076 647 51 21 Sr.u-

3610 663 36 30 Îe3
3668 673 34 18 les
3724 670 117 21 PETITES
3864 668 117 20 PILULES
4004 668 124 23 CARTERS

3612 697 61 18 pour
3689 694 22 18 le
3726 692 67 19 FOIE
3809 692 42 18 ont
3868 690 22 19 le
3908 688 97 23 pouvoir
4021 689 107 22 d'acaurer

3614 718 37 16 cet
3674 714 75 19 afflux
3770 712 28 19 do
3819 711 45 19 bile
3885 710 41 21 qui
3946 712 57 15 vous
4024 712 104 20 remettra

3613 741 15 15 n
3649 735 64 20 nouf.
3736 733 125 22 VéeG'alcs.
3882 729 91 22 douces,
3993 729 136 25 étonnantes

3614 760 62 19 povr
3695 756 87 20 activer
3800 754 24 19 la
3842 753 53 19 bile.

3646 778 79 19 *e-;»7c*j
3752 777 34 18 les
3812 774 88 20 Petites
3925 771 87 20 Pilul=s
4037 771 90 25 Carter»

3616 800 88 21 Toutes
3720 795 152 22 Pharmacies.
3889 795 36 18 Fr.
3942 794 69 21 J2.60.

4081 830 56 21 (212'

3602 899 72 62 Les
3690 899 195 62 Théâtres
3903 901 23 59 à
3946 900 195 65 Bruxelles

3621 1014 128 18 MONNAIE.
3767 1023 25 4 —
3811 1014 26 17 Ce
3856 1014 108 21 dimanche,
3984 1018 22 13 en
4026 1015 87 23 matinée,
4128 1018 12 19 ft

3599 1037 22 15 13
3640 1037 27 18 h.,
3688 1040 10 11 €
3718 1036 28 16 La
3766 1035 87 18 Basoctic
3873 1040 17 15 ».
3912 1040 47 13 ave:
3979 1037 62 16 Mnea
4060 1037 80 22 Damclla

3598 1058 68 19 Brigla
3682 1059 21 15 et
3719 1058 67 17 Llvino
3804 1058 92 19 Mertcns,
3916 1059 47 16 MM.
3982 1059 90 22 Andrten,
4088 1061 43 20 Clau-

3598 1079 31 17 del
3649 1080 19 16 et
3687 1080 69 16 Rodla.
3775 1087 26 5 —
3819 1079 69 22 Lundi,
3907 1080 13 16 à
3937 1080 23 16 20
3978 1081 20 15 h.
4018 1081 30 21 30,
4065 1082 75 20 Concert

3598 1101 75 17 W;ilter
3687 1102 96 17 Rummcl,
3799 1110 25 4 —
3838 1101 71 23 Mardi,
3923 1101 14 17 à
3950 1102 24 16 20
3988 1102 27 22 h.,
4031 1107 11 11 «
4056 1103 28 17 La
4096 1104 43 19 Trà-

3598 1123 56 16 vlata
3670 1127 10 11 »
3698 1124 20 16 et
3736 1127 10 11 «
3764 1123 26 18 Le
3806 1123 82 19 Caprice
3905 1123 99 20 Eayasnol
4022 1128 17 13 ».
4056 1133 24 5 —
4095 1125 37 20 Mer-

3599 1144 58 22 credi,
3674 1149 11 11 «
3699 1145 52 17 Mme
3766 1145 100 20 Butterfly
3880 1150 11 10 »
3905 1146 20 16 et
3939 1148 10 12 «
3964 1146 37 16 Les
4015 1145 96 21 Sylphides
4123 1154 15 14 »,

3598 1174 24 5 —
3635 1167 63 21 Jeudi,
3713 1171 10 11 «
3737 1167 81 16 Marouf
3833 1172 17 12 ».
3865 1175 24 4 —
3902 1166 103 20 Vendredi,
4021 1171 11 11 «
4046 1168 41 17 Don
4100 1162 40 28 Quû

3599 1188 66 17 chotte
3680 1193 10 10 »
3707 1189 19 17 et
3741 1193 11 10 <r
3767 1189 30 16 En
3812 1189 118 17 Beasarabie
3945 1193 17 12 ».
3979 1197 24 4 —
4018 1190 81 20 Samedi,
4114 1196 18 14 re-

3600 1210 51 19 prise
3668 1214 10 11 <
3694 1209 37 18 Les
3747 1210 91 20 Dt-agans
3854 1210 23 18 de
3892 1211 73 17 Viliars
3979 1215 18 13 >.

3623 1238 75 17 I'ARCt
3716 1246 24 5 -—■
3756 1240 115 21 Dimanche,
3890 1243 23 13 en
3932 1240 85 17 matinée
4034 1242 18 16 et
4070 1246 21 13 en
4107 1245 33 16 sol.

3600 1260 37 19 r<?e,
3656 1261 98 16 dernières
3771 1262 23 16 de
3811 1266 10 10 «
3838 1261 27 17 M.
3885 1262 16 16 le
3920 1262 113 17 Trouhadec
4048 1264 46 17 salai
4108 1270 33 16 par

3600 1283 18 15 la
3634 1282 100 17 débauche
3749 1286 18 13 ».

3624 1303 63 17 M?.rdl
3702 1304 21 17 11
3738 1306 19 15 et
3770 1304 53 20 Jeudi
3837 1305 29 20 16,
3880 1305 85 17 matinée
3982 1305 99 23 littéraire,
4094 1313 9 11 <
4115 1309 25 18 On

3600 1329 23 13 ne
3645 1325 71 19 badine
3737 1329 35 16 pas
3795 1329 48 14 avec
3864 1326 90 17 l'Amour
3976 1331 17 15 »,
4016 1328 85 18 d'Alfred
4120 1332 20 17 de

3600 1347 81 21 Miisïet,
3700 1351 47 14 avec
3765 1348 46 17 Mile
3829 1349 78 16 Marthe
3925 1349 87 19 Dugftrd.
4032 1350 108 21 Conférence

3600 1373 36 15 par
3652 1369 26 16 M.
3695 1369 71 17 Lucien
3781 1370 123 20 Christophe.

3624 1389 98 18 Vendredi
3749 1389 23 18 17
3798 1392 111 19 novembre,
3936 1392 72 20 reprise
4033 1393 25 17 du
4083 1397 59 17 suect*

3600 1413 85 16 mondial
3698 1417 11 11 «
3723 1412 49 18 MIes
3784 1413 28 17 Ba
3836 1418 66 17 »,avec
3915 1414 45 17 Mlle
3972 1415 77 17 Marthe
4061 1415 78 22 Dugard.

3624 1441 135 19 GAT/EIUES.
3774 1451 25 5 —
3814 1443 27 17 Ce
3859 1443 109 18 dimanche,
3986 1444 50 17 deux
4051 1446 70 19 représe
4122 1452 10 13 n
4134 1456 6 5 -

3600 1464 74 16 tstior.s
3688 1473 24 3 —
3725 1469 24 12 en
3762 1465 72 16 matin!
3838 1469 9 12 a
3861 1466 19 15 et
3895 1469 23 12 en
3932 1465 62 17 moirée
4006 1473 23 5 —
4042 1467 22 16 de
4077 1472 9 10 «
4098 1467 42 20 Ri^n

3600 1487 59 17 qu'un
3677 1486 69 17 Baiser
3763 1491 17 15 »,
3798 1487 19 16 la
3835 1485 103 18 dél!cleu3e
3955 1487 85 17 comédie
4057 1491 83 18 musical!

3600 1506 24 17 de
3640 1507 85 19 Georges
3741 1508 91 20 Delance.
3849 1509 116 19 Interprétée
3981 1512 36 16 par
4031 1510 63 20 H-mry
4107 1513 34 16 q*-.

3601 1529 37 18 rat,
3656 1529 71 22 Davia,
3743 1530 72 19 Sophia
3831 1530 81 20 Botony,
3929 1531 43 19 Quy
3987 1531 41 17 Lou
4043 1533 19 15 et
4077 1533 64 20 Robert

3600 1550 73 17 BossLi.

3625 1571 68 23 Lundi,
3720 1572 174 18 Irrévocablement
3919 1574 87 17 dernière
4031 1575 103 20 représenta-

3602 1593 46 17 tion.

3625 1617 16 14 a
3658 1615 63 19 partir
3736 1616 25 17 du
3777 1617 64 16 mardi
3857 1616 21 17 14
3895 1618 111 20 novembre,
4021 1618 53 18 Jules
4088 1621 53 21 Borry

3601 1639 19 14 et
3635 1637 96 17 Josseline
3746 1639 49 16 Gael
3809 1639 91 19 Joueront
3918 1644 9 10 «
3946 1640 65 16 Banco
4027 1645 16 14 »,
4061 1642 79 19 d'Alfred

3601 1658 75 18 Savoir.

3625 1688 152 18 ALHAMBRA.
3800 1696 25 5 —
3847 1689 27 18 Ce
3897 1690 108 18 dimanche,
4030 1691 111 20 l'Alhambrt

3601 1708 107 20 df-pa.'îEera
3728 1710 17 16 le
3764 1714 37 16 cap
3820 1711 23 16 de
3863 1711 19 16 la
3901 1712 34 16 r»0e
3954 1713 149 18 représentation
4119 1716 23 17 du

3600 1732 68 16 siiccès
3689 1732 133 19 exceptionnel
3843 1737 10 11 *
3875 1733 26 16 Le
3920 1733 53 17 Tour
3993 1734 25 16 du
4039 1734 65 19 Monde
4121 1739 20 16 «

3601 1753 24 16 80
3649 1753 59 17 Jiuro
3731 1758 17 12 ».
3773 1753 37 18 Les
3833 1754 59 17 salles
3916 1755 85 17 combles
4024 1757 43 16 font
4087 1760 55 16 certes

3603 1775 92 19 présager
3717 1779 38 15 que
3779 1779 22 13 ce
3824 1777 98 18 spectacle
3946 1777 114 18 continuera
4082 1782 61 16 encore

3601 1797 41 15 très
3659 1797 109 20 longtemps
3784 1801 25 13 sa
3824 1798 85 17 carrière
3925 1799 123 19 triomphale.

3625 1818 52 17 Tous
3696 1822 49 13 ceux
3763 1821 32 17 qui
3814 1821 35 15 ont
3867 1824 26 12 vu
3912 1822 51 15 cette
3983 1825 63 13 œuvre
4066 1822 76 22 féerique

3602 1840 77 19 parlent
3695 1840 24 17 de
3736 1842 20 15 la
3770 1841 91 20 richesse,
3877 1842 24 16 de
3917 1840 128 22 l'ingéniosité
4060 1845 18 15 et
4092 1846 21 16 de
4126 1846 16 17 la

3601 1861 104 19 splendeur
3720 1863 35 17 des
3771 1862 67 18 décors
3855 1864 19 16 et
3891 1863 34 17 de3
3941 1865 104 20 costumes,
4061 1866 24 16 du
4099 1868 42 17 mls-

3601 1883 102 17 acllsment
3717 1885 34 16 des
3766 1885 96 21 lumières,
3877 1886 24 16 de
3915 1886 43 16 tout
3973 1890 22 12 ce
4009 1888 32 18 qui
4055 1891 12 12 a
4082 1889 60 20 frappe

3603 1905 42 16 leur
3667 1905 129 20 imagination
3817 1907 20 16 et
3859 1907 33 19 qui
3917 1908 41 16 leur
3980 1908 43 16 fera
4044 1910 66 18 garder
4128 1912 14 17 le

3602 1928 92 15 souvenir
3712 1928 23 16 de
3755 1929 51 16 cette
3826 1929 121 19 prodigieuse
3966 1931 139 18 accumulation
4121 1933 21 17 de

3603 1949 115 17 merveilles,
3735 1950 69 18 Quand
3818 1954 26 13 on
3859 1954 12 13 a
3886 1954 26 13 vu
3926 1956 11 10 «
3951 1951 28 17 Le
3993 1952 52 16 Tour
4058 1953 24 16 du
4095 1954 39 18 Mon-

3603 1970 23 17 de
3640 1974 24 13 en
3681 1971 22 16 S0
3719 1972 58 16 Jours
3792 1976 10 11 »
3818 1976 25 14 on
3857 1972 43 17 s'en
3915 1973 89 17 souvient
4019 1974 89 19 toujours,

3626 2000 86 17 GAITE.
3733 2009 25 4 —
3777 2001 17 16 II
3815 2005 13 15 y
3848 2005 50 13 aura
3918 2002 50 17 deux
3989 2004 153 19 représentations

3603 2021 124 19 aujourd'hui
3743 2023 109 22 dlr-nanche,
3869 2027 23 13 en
3909 2024 85 17 matinée
4009 2025 20 17 et
4044 2025 63 23 soirée,
4120 2028 22 17 du

3602 2043 89 17 meilleur
3705 2044 97 19 spectacle
3816 2049 37 15 que
3868 2045 39 16 l'on
3923 2046 65 19 puisse
4003 2040 104 26 applaudir'
4114 2052 20 14 ac-

3604 2065 112 17 tuellement
3734 2066 14 16 à
3766 2066 107 18 Bruxelles,
3893 2069 48 15 avec
3960 2068 27 16 les
4006 2068 69 19 Joyeux
4091 2071 51 17 comi-

3602 2089 48 16 ctucu
3667 2087 72 17 Esther
3757 2088 97 20 Deltenre.
3873 2089 79 17 Rittche
3969 2090 20 16 et
4006 2090 93 20 Fosterat,
4114 2091 29 19 Jaf

3603 2108 70 22 Miller,
3689 2109 55 19 Tony
3759 2109 66 20 EarJy.
3843 2110 22 16 P-
3883 2111 82 20 France,
3981 2112 21 16 F.
4019 2112 24 17 de
4057 2112 51 22 Real,
4121 2115 19 17 a,

3602 2130 65 21 Letty,
3685 2131 123 17 l'humoriste
3824 2132 74 16 Marcel
3915 2133 84 17 Antoine
4015 2134 32 19 qui
4065 2134 77 19 présenta

3602 2155 36 13 r,nn
3655 2153 100 18 populaire
3772 2154 75 18 Slache.
3865 2154 28 17 les
3910 2154 23 16 12
3951 2155 59 19 Gaity
4025 2156 56 22 Glrls,
4096 2156 46 21 Tony

3603 2174 52 16 Vaes
3672 2174 19 16 et
3707 2178 36 13 son
3760 2175 105 18 orchestre.

3627 2195 101 19 Location,
3744 2197 44 17 tous
3803 2197 28 16 les
3844 2197 61 19 Jours,
3922 2198 23 17 de
3959 2198 23 17 10
3995 2199 19 16 h.
4030 2198 23 17 30
4065 2199 13 17 fi.
4091 2199 22 18 20
4124 2201 16 18 h,

3607 2215 42 21 (UL
3667 2218 29 16 17.
3700 2218 28 16 16.
3731 2219 41 16 C0).

3627 2245 176 19 VAUDEVILLE.
3823 2254 25 5 —
3869 2246 17 18 H
3909 2251 14 16 y
3942 2251 50 13 aura
4013 2252 66 14 encore
4098 2250 45 18 fouit

3603 2271 40 13 .iux
3663 2268 51 16 deux
3747 2269 166 18 représentations
3945 2270 125 18 dominicales
4088 2272 22 18 de
4126 2274 16 16 la

3604 2290 117 18 triomphale
3738 2294 10 10 «
3765 2291 65 16 Revue
3847 2291 26 16 du
3889 2289 115 20 Vaudeville
4020 2292 22 17 39
4058 2297 17 13 ».

3627 2311 88 17 Gustave
3734 2311 74 17 LIbeau
3828 2313 20 16 et
3868 2312 73 17 Marcel
3960 2313 58 17 Roels
4038 2315 33 16 ont
4090 2315 52 18 réussi

3604 2335 37 13 une
3657 2334 24 15 de
3697 2333 52 17 leurs
3765 2334 110 17 meilleures
3892 2337 68 14 revues
3976 2336 20 15 et
4012 2336 23 16 Ils
4051 2336 19 21 1#
4084 2337 58 19 Jouent

3603 2357 49 13 ave-
3668 2357 25 13 un
3710 2354 42 17 brio
3768 2359 47 13 sans
3831 2355 68 20 pareil,
3915 2357 93 16 secondés
4024 2358 111 20 magnifique-

3604 2376 53 16 ment
3678 2379 37 16 p.ir
3732 2377 55 17 toute
3806 2378 121 17 l'excellente
3947 2379 68 19 troupe
4033 2377 25 20 du
4075 2379 60 19 Vaude-

3605 2398 45 17 ville
3673 2398 48 17 dont
3743 2399 21 16 la
3786 2399 112 19 réputation
3921 2400 52 16 n'est
3996 2401 42 19 plus
4060 2401 13 17 fi
4093 2403 49 17 faire.

3604 2419 65 20 Ausài.
3691 2424 21 13 ce
3730 2420 72 20 Joyeux
3820 2421 84 21 théâtre,
3924 2421 95 18 véritable
4038 2423 67 20 temple
4121 2425 22 17 du

3604 2441 39 17 rire
3659 2442 23 16 de
3699 2443 56 16 notre
3772 2442 91 21 capitale,
3880 2447 25 12 ne
3921 2442 103 21 désemplit
4039 2448 35 16 pas
4088 2447 18 16 et
4119 2446 24 17 les

3602 2462 124 20 spectateurs
3743 2465 76 16 sortent
3836 2464 140 18 littéralemttit
3993 2465 149 20 enthousiasmés.

3628 2492 124 19 MOLIERE.
3765 2502 25 4 —
3803 2494 29 16 En
3846 2494 92 19 matinée.
3951 2495 14 16 A
3977 2495 23 16 15
4013 2496 19 16 h.
4045 2496 20 16 et
4078 2500 21 13 en
4110 2495 25 19 soi-

3605 2514 37 20 rée,
3658 2514 13 16 à
3688 2515 24 15 20
3727 2515 19 16 h.
3764 2515 29 19 30,
3810 2515 51 17 deux
3877 2517 98 16 dernières
3991 2517 152 19 représentations

3605 2535 22 17 û,
3642 2539 11 12 <
3667 2534 65 21 flapho
3747 2540 18 16 ».
3778 2537 18 17 le
3812 2537 143 18 chef-d'œuvre
3969 2538 116 20 d'Alphonse
4097 2538 38 19 Dau-

3604 2556 39 17 det.
3659 2558 57 18 Cette
3731 2558 52 19 pièce
3798 2559 91 17 humaine
3904 2561 64 18 parmi
3982 2560 65 17 toutes
4061 2561 18 17 et
4091 2561 23 17 où
4125 2566 18 13 se

3605 2579 78 18 produit
3701 2580 17 17 le
3735 2580 62 17 talent
3817 2581 118 18 formidable
3952 2583 24 15 de
3992 2583 62 16 Cécile
4069 2583 48 17 Bore!
4132 2587 11 13 a

3605 2603 23 13 ou
3643 2604 26 13 un
3686 2601 68 17 succès
3770 2602 143 20 considérable;
3930 2604 54 17 aussi
4000 2604 53 16 est-il
4067 2605 44 17 utile
4123 2606 20 16 de

3606 2622 54 16 louer
3675 2625 32 14 ses
3725 2623 72 19 places,
3816 2624 23 17 de
3857 2623 23 18 11
3896 2624 14 17 à
3928 2625 23 17 19
3967 2626 28 18 h.,
4012 2629 26 13 ou
4053 2628 35 17 par
4103 2626 33 18 télé-

3606 2645 62 18 phone
3685 2645 94 17 12.03.30.

3629 2666 90 20 Demain,
3737 2665 54 18 lundi
3807 2667 20 17 et
3845 2668 71 19 mardi,
3933 2672 24 13 en
3973 2669 68 22 aolrée,
4056 2669 48 17 deux
4118 2673 25 14 rt*

3605 2687 144 19 présentations
3765 2689 26 16 du
3807 2692 12 12 «
3834 2689 135 20 Misanthrope
3985 2694 18 13 ».

3629 2716 122 18 THEATRE
3768 2716 135 19 FLAMAND.
3919 2727 25 4 —
3960 2718 17 18 Il
3993 2720 44 16 sera
4053 2719 57 18 donné
4124 2720 20 17 de

3604 2739 22 16 3fc
3646 2738 41 17 trè.-
3708 2739 41 16 fine
3770 2739 19 16 et
3812 2739 41 17 très
3873 2740 81 19 joyeuse
3975 2740 84 17 comédie
4079 2746 10 11 <
4108 2741 36 20 Llly

3604 2760 55 17 Meeft
3672 2760 73 17 Koorts
3758 2765 18 14 »,
3791 2761 24 17 de
3828 2762 71 16 Stefan
3912 2762 86 20 Bekeffi.
4013 2766 21 13 ce
4047 2762 95 23 dimanche,

3605 2781 51 17 deux
3674 2782 166 19 représentations
3861 2787 6 13 :
3898 2783 53 18 l'une
3981 2787 24 14 en
4034 2785 85 21 matinée,
4132 2784 11 17 A

3605 2803 24 16 15
3642 2804 19 16 h.
3676 2804 30 19 30.
3722 2805 20 15 la
3755 2805 100 16 deuxième
3868 2805 13 16 fi
3894 2805 23 17 20
3930 2806 28 18 h.,
3975 2810 23 13 en
4010 2807 67 16 soirée.
4091 2807 44 16 D'au-

3605 2825 41 16 tres
3660 2826 90 17 suivront
3766 2827 28 16 les
3809 2827 54 16 lundi
3878 2827 29 19 13,
3922 2828 95 16 mercredi
4032 2828 23 16 15
4068 2828 19 17 et
4099 2829 44 18 Jeudi

3606 2847 23 16 16
3647 2848 111 19 novembre,
3777 2848 14 16 à
3808 2848 23 16 20
3850 2849 21 16 h.
3890 2849 42 17 Une
3950 2849 53 20 pièce
4020 2850 71 19 rapide,
4106 2850 37 17 bien

3605 2868 83 22 montée,
3705 2870 40 16 abx
3758 2870 178 17 rebondissements
3950 2871 111 22 successifs,
4073 2871 31 20 qui
4115 2870 21 19 ob-

3606 2889 78 18 tiendra
3702 2893 47 15 satis
3769 2891 97 17 contredit
3885 2892 18 17 le
3924 2892 44 20 plus
3988 2894 61 18 grand
4056 2886 5 7 '
4068 2893 19 17 et
4104 2893 31 20 légi-

3606 2910 47 18 time
3670 2913 68 16 succès
3755 2913 20 16 et
3792 2914 34 18 qui
3842 2917 14 13 a
3874 2914 69 16 trouvé
3960 2915 34 16 des
4011 2915 107 19 interprètes
4131 2914 12 17 4

3605 2936 24 13 sa
3645 2933 90 17 hauteur.
3753 2934 68 17 Citons
3837 2934 62 18 entre'
3910 2936 67 17 autres
3993 2936 105 17 l'excellent
4111 2937 32 16 Jan

3605 2954 114 23 Cammans,
3733 2955 21 17 la
3767 2956 54 17 toute
3834 2956 111 19 sémillante
3959 2957 64 20 BIdtje
4035 2958 107 17 Vlealnckx,

3606 2976 36 17 etc.

3631 3006 229 17 folies-bergère.
3873 3014 25 6 —
3910 3007 114 22 Dimanche,
4037 3008 14 17 à
4062 3008 22 17 15
4095 3009 18 17 b.
4124 3007 19 18 16

3606 3027 20 16 et
3642 3026 24 17 20
3682 3028 27 20 h.,
3726 3032 11 10 «
3753 3027 80 18 Brussel
3849 3029 75 17 Neuter
3939 3033 18 15 »,
3975 3029 19 17 la
4010 3033 58 14 revue
4082 3030 12 16 fi
4106 3034 29 13 suc-

3606 3048 32 16 cès
3653 3049 24 16 de
3691 3049 19 16 J.
3728 3049 60 17 Baets
3803 3050 20 16 et
3838 3050 47 19 Léo,
3901 3053 48 15 avec
3964 3051 53 17 Frits
4031 3051 111 22 Vaerewyck,

3606 3068 49 18 3tan
3678 3070 94 20 Devuyst.
3796 3071 93 18 Mariette
3912 3073 72 19 Orban.
4007 3074 45 16 tous
4073 3072 25 18 les
4117 3076 20 14 ar-

3606 3091 57 17 tistes
3680 3092 23 17 de
3718 3093 21 16 la
3753 3092 95 20 création,
3864 3094 28 16 les
3906 3094 126 17 Folies-Girls
4047 3096 19 16 et
4078 3095 26 17 les
4115 3097 28 15 M-

3606 3112 69 20 perbes
3698 3114 120 17 attractions
3839 3115 76 17 d'Alice
3937 3115 64 21 Méva,
4025 3117 26 16 du
4071 3117 72 19 Boomps

3606 3135 14 16 à
3635 3135 70 20 Daisy.
3722 3136 37 17 etc.

3630 3156 48 17 Prix
3693 3158 34 16 des
3742 3158 66 19 places
3824 3158 13 16 fi
3852 3158 21 18 la
3888 3159 67 19 portée
3972 3160 24 17 de
4011 3159 41 17 tout
4067 3160 17 16 le
4097 3163 38 13 mon-

3607 3177 29 18 de.
3655 3178 52 17 Tous
3725 3179 29 17 les
3770 3180 57 21 soirs,
3843 3181 21 16 la
3881 3181 65 17 revue.

3632 3205 134 20 ANCIENNE
3782 3208 137 20 BELGIQUE.
3934 3218 25 4 —
3974 3210 94 19 Jusqu'au
4082 3210 21 16 18
4115 3213 21 13 no-

3607 3229 87 16 vembre:
3712 3229 20 16 là
3746 3230 74 18 grande
3835 3230 78 17 vedette
3928 3229 25 19 du
3968 3231 110 17 music-hall
4092 3231 17 17 et
4121 3231 21 17 du

3607 3250 77 17 cinéma
3700 3251 48 17 Line
3764 3251 60 17 Viala
3840 3252 20 16 et
3877 3255 27 13 un
3921 3256 122 16 programme
4059 3253 49 17 varié
4123 3253 19 16 Ht

3607 3272 119 17 music-hall.

3630 3299 58 19 MON
3707 3301 121 18 VILLAGE.
3847 3311 27 4 —
3891 3302 84 17 Dernier
3994 3303 103 21 dimanche,
4114 3305 21 14 au-

3606 3322 107 19 jourd'hui,
3734 3323 21 17 et
3774 3323 52 17 cette
3844 3324 46 21 fois,
3909 3328 48 13 sans
3975 3325 100 17 MmisEion
4091 3324 44 20 possi-

3607 3344 37 19 ble,
3658 3344 24 17 de
3695 3345 171 17 l'extraordinaire
3879 3349 59 15 revue
3950 3350 11 12 «
3973 3345 51 18 Tous
4036 3347 13 16 à
4061 3346 56 17 l'Abri
4126 3349 15 14 >.

3631 3373 33 17 LE
3685 3374 140 17 PERIJCHET
3847 3375 152 18 (Marionnettes
4019 3375 72 22 d'Art),
4109 3375 33 21 104,

3608 3395 94 17 chaussée
3719 3395 24 17 de
3761 3396 107 17 Charleroi.
3886 3405 26 4 —
3928 3397 114 22 Dimanche,
4058 3397 13 16 fi
4086 3397 20 16 15
4120 3397 22 22 h.,

3607 3419 12 13 «
3634 3414 30 19 La
3678 3416 67 21 Cigale
3762 3418 20 16 et
3796 3417 21 17 la
3831 3418 80 18 Fourmi
3927 3423 18 13 v
3960 3419 78 20 d'après
4051 3423 35 12 une
4099 3418 43 17 fable

3607 3437 24 18 de
3650 3439 50 16 Jean
3721 3440 24 16 de
3764 3439 21 17 la
3804 3439 103 18 Fontaine.
3928 3440 53 17 Tous
4000 3444 48 14 vous
4066 3440 76 17 viendra

3607 3460 44 17 Voir
3667 3461 51 17 cette
3737 3462 99 17 merveille
3855 3463 24 16 de
3897 3463 48 16 l'art
3962 3462 34 20 qui
4015 3462 37 18 fait
4066 3465 34 17 que
4115 3462 27 16 des

3608 3483 83 16 insectes
3715 3484 85 18 peuvent
3823 3483 55 17 vivre
3901 3485 74 16 devant
3997 3488 47 13 vous
4065 3487 34 14 une
4117 3483 25 17 vie

3607 3507 82 16 presque
3709 3505 99 16 humaine.
3830 3505 93 17 Suivront
3942 3506 28 17 les
3991 3507 69 16 clowns
4077 3505 18 17 et
4112 3507 30 15 me

3608 3525 94 18 aventure
3723 3527 24 16 de
3766 3526 93 20 Virginie.
3880 3527 63 17 Visité
3963 3528 26 17 du
4009 3526 64 18 Musée
4090 3527 21 16 de
4125 3524 17 18 la

3608 3547 138 18 Marionnette.
3772 3548 95 17 Location
3890 3548 25 18 de
3938 3550 23 16 10
3983 3549 15 17 à
4021 3550 23 16 14
4064 3549 19 17 h,
4105 3547 35 20 (tél.

3607 3568 106 19 37.26.63).

1021 4790 93 12 m—

1307 4711 41 28 I/é
1366 4708 107 36 général
1490 4710 105 27 Pontus
1613 4710 136 32 allumant,
1766 4708 129 29 vendredi
1908 4711 63 30 soir,
1983 4712 26 25 le
2023 4710 134 26 flambeau
2170 4708 54 34 qui»
2229 4717 35 17 va
2277 4707 56 27 être
2346 4707 78 33 porté

1795 4742 18 27 à
1826 4741 78 29 Paris
1933 4750 20 19 v

2459 4697 53 27 Les
2524 4698 131 26 membres
2667 4697 37 26 du
2715 4701 210 28 gouvernement
2936 4698 28 24 et
2977 4696 39 26 M.
3036 4699 109 29 Lohest,
3170 4697 134 33 président
3329 4699 33 25 de
3386 4698 27 26 la
3429 4697 31 27 F.
3485 4698 35 26 N.

2848 4730 127 27 assistant
2990 4730 17 25 à
3041 4732 27 25 la
3080 4730 156 27 cérémonie.

3538 4698 38 30 C,

3611 3620 181 38 TABLEAU
3815 3621 73 37 DES
3911 3620 229 39 SPECTACLES

3714 3680 138 17 BIMAXCm:
3870 3680 24 18 1*
3911 3680 142 18 NOVEMBRE

3816 3709 136 17 THEATRES

3609 3736 98 18 Monnaie.
3721 3744 26 6 —
3759 3737 26 17 15
3797 3738 21 16 h.
3837 3741 6 14 :
3859 3741 11 12 «
3884 3738 30 17 La
3929 3739 87 16 Basoche
4029 3739 18 16 9.

3608 3757 59 19 rare.
3680 3767 26 5 —
3719 3757 23 18 14
3756 3760 20 16 h.
3793 3760 24 16 30
3831 3760 19 16 et
3866 3759 24 17 20
3902 3760 20 17 h.
3938 3761 24 16 45
3978 3764 6 13 :
3999 3764 11 12 «
4023 3759 27 18 M.
4063 3759 17 17 le
4091 3758 49 18 Tro»-

3632 3780 62 17 hadec
3708 3778 49 20 salfl
3771 3783 38 17 par
3822 3781 21 17 la
3858 3781 100 18 débauche
3986 3795 3 3 .

3610 3802 94 16 (Merles.
3720 3809 24 6 —
3760 3801 24 18 15
3798 3803 20 17 h.
3835 3803 19 17 et
3869 3801 24 19 20
3908 3803 19 17 h.
3943 3803 24 17 30
3986 3806 7 15 :
4008 3807 11 12 «
4035 3802 45 18 Ben
4092 3800 48 17 -fut

3633 3824 70 16 Baiser
3720 3827 18 14 »,

3609 3843 116 19 Alhantbra.
3738 3854 24 4 —
3774 3844 23 18 14
3810 3845 20 17 h.
3845 3845 23 18 30
3882 3846 20 17 et
3915 3846 23 17 20
3950 3847 20 16 h.
3984 3846 24 17 15
4024 3849 7 14 :
4044 3850 10 11 <
4065 3845 24 17 Le
4098 3844 42 17 Tour

3633 3866 25 17 du
3671 3865 71 19 Monde
3755 3871 24 12 en
3791 3867 25 17 80
3828 3867 59 17 Jours
3899 3870 18 14 ».

3609 3888 65 17 Galté.
3691 3896 24 5 —
3730 3889 24 16 15
3770 3889 20 17 h.
3808 3889 20 17 et
3844 3889 23 16 20
3883 3890 20 16 h.
3920 3889 23 17 30
3961 3892 7 15 :
3985 3893 11 12 «
4012 3889 27 17 La
4052 3887 57 18 Revue
4121 3885 19 18 de

3634 3910 20 16 la
3671 3909 58 18 Gaité
3745 3913 19 14 ».

3611 3929 114 19 Vaudeville
3746 3940 23 4 —
3785 3932 24 16 15
3822 3932 20 17 h.
3858 3933 19 16 et
3891 3932 24 17 20
3929 3929 20 20 h^
3964 3933 25 17 30
4005 3936 6 14 :
4026 3936 11 12 <
4049 3931 26 17 La
4088 3930 52 17 Bevul

3634 3953 26 16 du
3675 3948 113 22 Vaudeville
3802 3954 23 16 39
3840 3958 18 12 ».

3609 3975 87 16 Moli.'Te.
3714 3983 27 4 —
3757 3975 24 17 15
3799 3975 20 17 h.
3839 3975 20 17 et
3876 3975 24 17 20
3918 3976 20 17 h.
3957 3976 24 17 30
4002 3979 7 14 :
4026 3978 12 13 <
4055 3974 57 19 Sdpho
4124 3974 15 16 ».

3633 3999 48 14 avec
3697 3996 64 18 Cécile
3777 3995 61 18 SoreL

3610 4017 85 18 Théâtre
3709 4017 104 19 Flamand.
3826 4026 27 5 —
3866 4019 25 17 15
3903 4019 20 16 h.
3938 4017 24 19 30
3976 4020 19 16 et
4010 4019 22 17 20
4044 4019 29 16 h.:
4084 4020 12 13 «
4106 4015 34 19 Li»

3633 4040 55 16 hceft
3704 4040 73 17 Koorts
3791 4044 19 13 ».

3609 4060 166 21 Folies-Bergère.
3789 4070 26 4 —
3826 4061 24 18 15
3862 4062 20 17 h.
3896 4062 23 17 15
3932 4063 20 16 et
3964 4063 24 16 20
3999 4063 19 16 h.
4035 4065 7 14 :
4054 4065 11 12 «
4075 4057 64 20 Brursel

3633 4082 76 17 Neuter
3723 4086 19 14 ».

3635 4119 73 17 MLSiC
3715 4119 91 17 -HAI.I.S
3821 4119 34 17 ET
3869 4118 159 19 SPECTACLES
4042 4115 81 19 DIVERS

3610 4153 99 19 Ancienne
3722 4155 101 20 Belffigae.
3837 4162 26 7 —
3875 4156 24 16 15
3913 4156 20 17 h.
3950 4156 23 17 30
3987 4157 19 16 et
4019 4156 23 16 20
4053 4155 19 16 h.
4087 4156 6 14 :
4105 4151 33 17 Mo-

3632 4174 86 19 sic-hall.

3609 4195 47 20 Mon
3672 4198 83 19 Village.
3767 4205 25 6 —
3805 4198 24 17 15
3841 4196 15 19 h
3875 4198 24 18 30
3912 4198 19 18 et
3944 4199 24 17 20
3979 4199 20 17 h.
4013 4197 30 18 30:
4056 4200 11 13 «
4077 4195 43 17 TOM
4129 4192 11 17 »

3634 4219 63 17 l'Abri
3718 4223 18 13 ».

3610 4239 59 21 C.alty
3687 4241 86 17 Cabaret
3790 4241 97 20 Dancing.
3906 4250 22 5 —
3946 4241 64 18 soirée
4026 4241 12 17 a
4054 4239 55 21 partir
4120 4236 20 18 kt

3634 4261 24 17 20
3681 4261 75 18 heures.
3783 4263 134 18 (Attractions
3939 4261 102 20 diverses!.

3609 4283 29 18 Le
3659 4285 80 15 i'itiicIic
3746 4285 15 16 l.
3782 4291 27 7 —
3830 4285 24 17 15
3874 4285 31 17 h.:
3927 4289 12 12 c
3959 4285 30 17 La
4010 4282 62 22 Ciijaie
4090 4281 17 17 et
4123 4279 16 17 I»

3632 4303 82 19 Fourmi
3730 4309 19 15 ».

3837 4343 109 22 -♦•♦-

3746 4372 126 34 L'ancien
3889 4373 139 40 président

3634 4416 35 33 de
3686 4416 29 34 la
3733 4418 187 39 municipalité
3939 4417 33 34 de
3991 4414 131 37 Brcmberg

3791 4474 18 21 n
3823 4464 44 31 été
3881 4465 113 32 exécuté

3785 4536 145 28 Bt-omberg,
3949 4539 28 20 11
3994 4533 124 25 novembre.

3633 4563 117 23 L'ancien
3766 4563 127 27 président
3908 4566 29 23 de
3952 4564 25 21 la
3991 4558 145 38 municlpalij-

3608 4588 30 23 de
3654 4590 143 26 Bromberg,
3814 4590 66 22 Léon
3896 4588 171 24 Barolszevski,
4081 4590 15 16 a
4107 4584 31 37 |JÎ

3609 4616 100 23 exéouté
3738 4617 186 21 militairement
3951 4619 61 24 pour
4029 4611 63 24 avoir
4106 4610 21 38 *j
4127 4611 10 16 e

3608 4643 51 22 l'un
3679 4644 44 21 des
3745 4644 171 26 responsables
3940 4644 42 22 des
4003 4637 135 37 tvénemW-J

3607 4671 132 25 sanglants
3760 4671 34 21 du
3815 4671 126 21 deuxième
3972 4666 119 24 dimanche
4115 4664 22 16 m

3609 4697 140 25 septembre
3774 4697 26 21 et
3825 4702 62 20 pour
3912 4702 13 15 s
3933 4696 51 21 être
4009 4690 84 25 enrichi
4112 4690 26 17 au

3610 4723 134 21 détriment
3767 4723 30 21 de
3820 4724 26 21 la
3869 4719 172 28 municipalité.
4061 4726 25 6 —
4105 4724 6 12 <
4113 4716 18 17 u

3607 4749 31 22 K.
3656 4748 50 25 P.).

136 4833 28 22 22
177 4840 13 17 «
196 4833 94 21 Natloh
300 4832 76 27 Belge
384 4839 13 16 »
409 4833 33 22 du
453 4832 27 22 12
491 4832 133 22 novembre
635 4831 55 23 1939

138 4924 71 77 LE
230 4922 305 79 DRAGEOÏR
558 4920 139 79 D'OR

226 5026 153 37 Valentin
405 5023 200 41 WILLIAMS

390 5078 51 19 Pau

158 5110 92 25 Traduit
265 5111 28 25 de
305 5113 98 26 faiisluti
418 5113 41 26 P"r
474 5112 118 22 MIRIMI
608 5111 63 23 DOV

166 5258 30 7 —
208 5248 31 22 Je
255 5247 54 22 suis
326 5248 51 22 fort
394 5246 80 27 obligé
490 5248 17 23 &
523 5247 62 23 miss
602 5247 91 21 Wotec-

140 5277 40 26 ley
201 5278 29 22 de
249 5283 31 17 sa
298 5274 145 24 sollicitude.
463 5277 64 21 Mais
548 5277 101 21 d'abord
667 5278 25 24 je

139 5308 53 20 suis
206 5306 95 22 certain
315 5307 31 21 de
359 5306 103 25 pouvoir
474 5311 40 16 me
528 5306 165 21 transformer

140 5337 31 21 dé
188 5336 57 21 telle
263 5336 72 24 façon
352 5338 47 23 quo
415 5338 42 19 ma
471 5338 90 24 propre
577 5334 68 23 mère
661 5338 31 19 ne

139 5371 41 16 •ne
204 5364 178 22 reconnaîtrait
404 5367 52 27 pas.
477 5364 58 22 Non
555 5365 139 21 seulement

139 5398 97 18 comme
253 5394 92 25 visage,
361 5394 64 21 mais
441 5397 95 19 comme
552 5394 141 22 intonation

140 5426 27 21 et
187 5429 96 16 comme
304 5424 85 21 allure.
409 5422 113 26 Ensuite,
540 5425 23 22 «
584 5422 109 24 Vander-

141 5454 60 21 vllet
216 5458 63 18 nous
295 5454 103 24 apporte
414 5458 46 17 son
477 5458 120 17 concours
614 5454 26 21 et
654 5453 39 22 s'il

140 5483 59 22 tend
218 5483 57 22 bien
291 5488 47 15 son
356 5482 77 26 piège,
448 5483 25 26 je
491 5487 31 17 ne
540 5486 72 20 cours
629 5483 54 21 vrai-

140 5514 70 21 ment
227 5515 83 18 aucun
328 5511 89 26 rhtque.

168 5565 28 8 —
212 5553 33 24 Ce
266 5556 98 20 Grundt
384 5556 40 21 est
443 5559 36 19 un
498 5555 120 23 véritable
638 5562 47 15 sau-

141 5591 71 20 vage,
235 5584 158 26 interrompit
415 5586 25 20 la
461 5585 74 26 jeune
557 5585 53 22 fille
633 5588 61 19 aved

140 5616 57 25 plus
221 5615 30 21 de
276 5614 102 22 chaleur
408 5615 57 24 qu'à
494 5614 148 23 l'ordinaire.
671 5614 23 23 Il

142 5645 78 20 tirera
238 5648 46 17 sur
304 5648 61 18 vous
385 5648 60 16 sans
466 5643 93 23 hésiter
577 5652 29 9 —
624 5645 19 22 H
663 5645 32 23 l'a

141 5673 59 26 déjà
218 5674 49 22 fait
286 5676 48 20 une
353 5671 49 23 fols
421 5683 29 6 —
467 5674 100 22 surtout
585 5673 109 26 lorsqu'il

141 5706 28 19 se
186 5707 73 17 verra
275 5702 58 27 pris.
347 5707 14 16 »
377 5701 68 25 Puis,
460 5707 27 17 se
503 5702 120 23 tournant
638 5706 57 20 vers

141 5733 23 21 le
186 5731 113 25 vieillard
321 5732 42 26 qui
385 5732 140 22 demeurait
546 5731 149 27 impassible,

142 5763 47 20 elle
211 5762 119 21 continua
339 5767 6 16 :
369 5765 13 17 t
396 5760 30 23 Je
447 5761 54 21 sais
528 5765 47 22 que
602 5762 25 25 je
655 5765 40 18 me

143 5790 63 23 mêle
230 5792 30 21 de
282 5797 28 17 ce
333 5793 43 26 qui
398 5796 32 18 ne
452 5796 41 17 me
516 5791 104 26 regarde
642 5796 54 22 pas,

716 4821 64 24 mais
802 4823 25 26 je
850 4828 63 17 vous
935 4826 32 18 en
989 4822 61 28 prie,
1074 4824 107 24 envoyez
1203 4821 57 27 quel-

715 4854 76 26 qu'un
808 4851 102 23 d'autre.
924 4859 14 15 »

743 4883 34 21 Le
797 4883 113 21 vieillard
930 4887 32 16 ne
983 4882 115 25 répondit
1117 4886 47 22 pas
1184 4879 75 23 Immé-

718 4912 143 22 diatement.
874 4912 60 22 Puis
948 4912 18 23 il
981 4911 98 22 déclara
1092 4917 34 16 au
1139 4911 61 21 bout
1214 4910 57 21 d'un

719 4942 95 21 instant
824 4946 6 18 i
857 4949 13 14 u
883 4942 31 21 Je
937 4941 49 21 n'ai
1008 4941 91 25 jamais
1122 4940 110 22 ordonné
1254 4938 18 23 à

718 4976 34 16 un
779 4972 41 20 de'
836 4973 54 23 mes
916 4970 195 22 collaborateurs
1132 4970 139 25 d'accepter

720 5005 47 18 une
784 4997 103 25 mission
905 5002 42 25 qui
963 4998 47 28 pût
1027 5001 34 21 lui
1079 4997 86 25 coûter
1182 4998 25 23 la
1223 4998 48 23 vie.

717 5030 133 25 Clavsrlng
861 5030 110 26 n'Ignore
985 5034 45 21 pas
1043 5034 48 21 que
1103 5028 64 22 dans
1179 5032 35 18 un
1227 5032 43 18 cas

717 5062 95 21 comme
833 5059 102 25 celui-ci,
955 5064 35 18 un
1011 5060 65 21 mort
1096 5064 31 16 ne
1146 5060 66 20 fiolls
1231 5058 39 22 est

719 5090 54 24 plus
791 5088 119 22 d'aucune
926 5087 89 24 utilité.
1032 5087 42 24 S'il
1091 5088 88 22 estime
1196 5085 66 24 témé-

719 5118 64 22 raire
802 5119 30 20 de
851 5123 29 16 sa
898 5120 58 25 part
973 5115 139 28 d'accepter
1129 5123 28 16 ce
1175 5123 95 21 voyage

717 5149 16 22 à
753 5148 116 24 Ostende,
889 5148 174 25 j'applaudirai
1083 5148 17 22 à
1118 5153 31 16 sa
1167 5151 102 22 sagesse

718 5180 26 21 et
759 5179 113 21 enverrai
888 5176 132 27 quelqu'un
1035 5177 102 22 d'autre.
1151 5182 13 16 »
1179 5178 22 29 I)
1215 5179 56 21 leva

719 5213 42 15 ver
760 5217 13 15 H
793 5207 51 21 moi
871 5211 34 17 un
932 5207 90 25 regard
1041 5206 185 26 interrogateur
1243 5207 28 21 et

718 5234 86 28 ajouta
814 5241 6 17 :
846 5242 14 18 «
875 5234 65 24 C'est
968 5233 18 25 &
1014 5239 61 19 vous
1104 5234 31 23 de
1163 5232 107 29 décider,

718 5265 138 27 Claverlng.

743 5306 30 6 —
785 5295 72 23 J'irai
879 5295 187 24 certainement,
1088 5294 133 22 mohsleur.

743 5334 31 7 —
785 5324 80 25 Alors,
879 5324 25 27 je
917 5324 55 22 vais
987 5323 143 27 téléphoner
1145 5323 116 23 immédia-

719 5354 94 23 tement
831 5354 17 21 à
865 5353 166 23 Vandervliets
1049 5354 142 21 Demandez
1210 5355 50 19 Bru-

719 5385 74 19 xelles
816 5384 56 22 tout
893 5385 30 21 de
945 5384 73 23 suite,
1040 5388 47 22 par
1107 5384 102 25 priorité
1231 5387 32 18 ur-

718 5414 81 25 gente,
819 5419 42 16 ma
880 5413 74 21 chère
974 5413 101 21 Qarnet
1089 5417 14 18 *

746 5443 37 21 La
800 5442 133 21 secrétaire
953 5446 31 18 ne
1004 5444 91 20 tourna
1114 5449 44 20 pas
1176 5443 26 22 là
1219 5442 52 22 tête

719 5475 56 19 vers
795 5474 52 21 mol
867 5475 27 21 et
912 5472 148 26 s'approcha
1080 5472 34 21 du
1135 5472 135 25 téléphone.

882 5529 168 24 CHAPITRE!
1063 5529 46 23 XV

890 5575 36 22 Le
939 5572 61 29 plan
1013 5574 95 24 échoue

744 5616 55 22 Une
813 5617 43 22 des
869 5617 131 22 directives
1012 5617 43 25 qui
1067 5621 62 17 nous
1142 5618 57 22 sont
1212 5618 47 19 don-

719 5646 59 21 nées
797 5644 63 23 dans
877 5647 71 22 notre
968 5645 94 23 cervlce
1081 5648 39 19 est
1138 5652 54 20 que,
1209 5651 62 21 pour

718 5675 94 22 réussir
826 5678 34 18 un
875 5672 177 29 déguisement,
1066 5674 17 23 Il
1098 5674 56 23 faut
1168 5680 27 19 se
1209 5676 51 21 croi-

717 5707 35 23 re,
770 5702 22 25 si
809 5704 48 23 l'on
876 5707 60 24 peut
953 5703 60 26 dire,
1033 5702 62 24 dans
1111 5704 25 23 la
1153 5709 65 22 peau
1236 5705 33 22 du

717 5732 58 24 rôle.
794 5732 35 24 Le
847 5733 59 23 chef
923 5733 173 27 n'approuvait
1115 5738 46 22 pas
1179 5735 36 21 les
1233 5734 27 22 lu

719 5763 82 22 nettes
812 5764 84 21 bleues
907 5763 25 21 n<
946 5768 27 18 ce
985 5762 58 26 qu'il
1054 5761 110 28 appelait
1173 5770 14 15 «
1198 5762 73 25 l'ocre

721 5793 75 26 jaune
813 5791 26 25 et
855 5793 36 23 les
908 5792 111 23 cheveux
1035 5791 88 30 crépus
1140 5799 21 18 ».

1320 4831 31 7 —
1366 4821 26 22 SI
1407 4827 63 16 vous
1484 4826 60 16 avez
1560 4821 189 21 suffisamment
1764 4821 83 20 étudie

1295 4852 23 21 le
1340 4851 59 26 type
1421 4856 48 21 que
1492 4856 61 16 vous
1582 4851 75 21 devez
1687 4850 162 25 représenter,

1296 4885 64 19 nous
1381 4880 103 22 disait-il
1505 4880 112 25 souvent,
1638 4885 62 16 vous
1722 4886 31 16 ne
1776 4883 74 18 devex

1296 4916 46 20 pas
1362 4910 70 22 avoir
1452 4911 30 20 de
1503 4909 124 21 difficulté
1648 4910 17 20 à
1684 4911 118 20 endosser
1820 4913 30 17 sa

1296 4939 175 26 personnalité.
1487 4938 34 22 Bt
1536 4940 22 21 si
1573 4943 61 17 vous
1649 4943 90 21 pensez
1754 4944 96 15 comme

1297 4970 18 20 il
1336 4970 22 21 le
1381 4969 62 24 faut,
1465 4970 63 20 *ous
1549 4968 120 26 prendrez
1691 4966 150 23 inconsciem-

1297 5001 70 20 ment
1379 5000 37 20 les
1429 4999 91 20 allures
1533 5000 25 20 et
1571 4999 36 20 les
1621 4997 120 22 attitudes
1754 5000 42 23 qui
1809 5003 41 15 vn-

1296 5028 53 21 lent
1368 5027 83 22 mieux
1470 5032 48 20 que
1537 5028 37 22 les
1594 5027 154 26 tnaquilages
1768 5025 26 24 et
1812 5027 37 20 les

1296 5058 144 25 perruques.
1455 5060 13 17 »

1323 5087 70 20 Dans
1408 5091 43 16 ma
1466 5084 59 24 hâte
1542 5087 30 22 de
1588 5085 94 26 quitter
1696 5084 112 22 Londres
1824 5090 27 16 ci.

1297 5115 119 23 sl'étudler
1433 5117 22 21 le
1473 5115 50 22 rôle
1540 5115 59 26 qu'il
1616 5121 40 15 me
1673 5107 83 31 fallait
1771 5115 78 25 jouer,

1296 5147 24 25 je
1342 5144 95 23 n'avala
1458 5148 64 22 pour
1543 5144 65 22 ainsi
1630 5143 53 24 dire
1704 5147 47 23 pas
1773 5146 31 20 eu
1826 5144 22 22 le

1297 5175 81 26 temps
1392 5175 30 21 de
1436 5180 71 21 peser
1520 5174 179 22 sérieusement
1710 5179 53 17 mes
1776 5178 75 17 enan-

1297 5210 41 16 ceo
1355 5205 30 21 de
1401 5201 93 25 succès,
1508 5202 31 23 ^e
1553 5201 84 25 savais
1651 5203 104 26 pouvoir
1768 5208 72 20 comp-

1297 5237 39 18 ter
1352 5234 157 21 absolument
1525 5238 44 16 sur
1584 5238 58 15 mon
1659 5233 58 21 chef
1731 5238 31 16 en
1777 5232 65 21 colla-

1298 5261 115 23 boration
1433 5266 63 18 aveo
1513 5266 59 17 mon
1593 5261 57 22 Vieil
1670 5262 51 20 ami
1742 5262 109 21 Vander-

1297 5291 61 23 vllet
1377 5294 26 20 et
1420 5291 83 26 j'étais
1521 5290 44 23 Sûr
1583 5291 58 26 qu'il
1661 5295 41 21 ny
1721 5291 69 22 avait
1808 5295 33 17 au-

1297 5325 63 19 cune
1374 5320 80 23 fêlure
1471 5321 63 21 dans
1550 5320 37 23 les
1604 5321 158 25 dispositions
1779 5320 71 25 qu'Ile

1298 5351 101 22 avaient
1417 5351 87 26 prises.

1324 5380 137 25 D'ailleurs,
1481 5379 25 22 la
1523 5379 122 26 première
1663 5382 121 23 personne
1802 5382 48 22 que

1295 5411 124 25 j'aperçus
1434 5414 31 17 en
1481 5406 161 29 débarquant,
1658 5409 40 22 fut
1714 5409 135 21 l'assistant

1298 5440 33 21 du
1349 5440 58 21 chef
1422 5440 30 22 de
1470 5439 26 21 la
1512 5437 85 27 police,
1614 5438 108 26 Dupont,
1738 5434 64 25 Vêtu
1820 5435 30 23 de

1298 5468 141 22 l'uniforme
1463 5468 58 21 d'un
1544 5467 95 26 portier
1662 5466 97 26 d'hôtel,
1783 5466 17 21 il
1824 5470 27 18 se

1297 5498 140 26 promenait
1450 5500 46 20 sur
1510 5498 23 22 le
1548 5497 58 26 quai
1621 5498 31 23 et,
1667 5496 57 22 bien
1739 5495 57 26 qu'il
1810 5499 40 18 m»

1296 5526 118 27 regardât
1432 5530 31 19 en
1483 5526 55 22 face
1559 5527 98 25 lorsque
1675 5526 24 25 je
1720 5526 128 21 descenais

1298 5558 30 21 dn
1349 5559 58 19 mon
1429 5556 192 26 compartiment
1642 5556 29 20 de
1693 5555 112 26 sacoade,
1825 5555 25 25 je

1299 5587 41 21 fus
1365 5586 111 22 satisfait
1501 5587 30 20 de
1557 5586 127 20 constater
1715 5583 61 27 qu'il
1808 5587 34 19 ne

1299 5613 102 24 m'avait
1436 5617 47 24 pas
1518 5617 116 20 reconnu-
1653 5612 89 26 Quand
1774 5614 77 24 enfin,

1297 5644 74 26 après
1388 5643 89 23 m'être
1495 5644 72 26 frayé
1585 5646 34 18 un
1637 5642 99 22 chemin
1754 5643 23 21 le
1795 5643 59 26 long

1299 5676 44 21 des
1364 5675 90 26 petites
1475 5680 58 15 rue-
1554 5672 174 23 enchevêtrées
1748 5673 43 25 qui
1810 5678 31 16 en-

1298 5704 100 22 tourent
1419 5702 23 25 le
1463 5703 64 27 port,
1549 5700 137 28 j'atteignis
1706 5702 23 22 le
1751 5700 98 23 sordine

1300 5734 133 21 estaminet
1446 5731 104 27 qu'était
1562 5731 22 23 le
1598 5730 55 23 café
1667 5731 146 26 Apeldoorn,
1827 5731 25 22 et

1298 5766 47 23 que
1363 5761 123 27 j'aperçus
1504 5764 43 19 sur
1562 5760 25 22 la
1603 5761 71 21 route
1698 5764 34 18 un
1756 5764 94 22 groupe

1300 5791 134 24 d'ouvriers
1451 5790 95 24 taisant
1563 5789 125 25 semblant
1704 5789 30 24 de
1752 5788 100 27 travail¬

1873 4817 44 28 ler,
1935 4818 25 27 je
1978 4820 109 25 compris
2104 4825 48 19 que
2169 4817 24 24 le
2210 4818 72 27 piège
2299 4817 70 23 avait
2388 4815 40 24 été

1876 4849 77 21 tendu
1974 4854 96 16 comme
2090 4848 26 27 je
2137 4847 22 24 le
2179 4848 143 23 souhaitais.

1901 4880 49 20 Les
1977 4879 162 20 instructions
2166 4877 94 22 étalant
2287 4878 102 25 simples
2418 4884 9 16 .-

1874 4908 88 25 j'avais
1977 4913 34 16 un
2026 4908 82 28 slffet;
2123 4908 98 25 lorsque
2235 4906 103 26 j'aurais
2352 4907 76 21 remis

1874 4936 22 22 le
1908 4937 185 26 questionnaire
2105 4935 42 28 qui
2158 4937 71 21 avait
2241 4936 39 22 été
2291 4936 141 25 soigneuse*

1874 4968 70 20 nient
1963 4968 76 21 refait
2059 4972 47 20 par
2126 4968 23 21 le
2170 4968 59 20 chef
2249 4965 131 24 lui-même,
2402 4967 24 25 je

1874 4997 84 22 devais
1971 4997 66 25 jeter
2050 5000 32 18 un
2098 4997 72 25 appel
2184 4996 107 22 strident
2304 4996 43 24 qui
2361 4995 56 22 amè-

1874 5025 82 24 nerait
1968 5023 16 24 à
1997 5025 136 23 l'intérieur
2147 5026 33 20 du
2194 5025 101 22 cabaret
2309 5026 36 21 les
2359 5024 58 22 hom-

1874 5058 53 19 me»
1942 5056 31 21 de
1988 5055 167 22 Vandervllet.
2172 5055 34 21 Ils
2222 5055 101 23 avaient
2338 5052 89 23 l'ordre

1873 5084 120 22 d'arrêter
2005 5084 83 21 toutes
2100 5086 36 20 les
2148 5088 136 21 personnes
2295 5082 136 27 présentes.

1874 5115 103 21 J'avoue
1999 5112 140 27 cependant
2160 5117 47 23 que
2229 5114 25 25 je
2276 5112 88 22 n'étais
2386 5116 45 22 pa3

1875 5142 176 28 spécialement
2067 5144 106 23 rassuré,
2188 5143 83 22 tandis
2284 5146 47 22 que
2345 5143 25 25 je
2386 5142 33 22 bu-

1875 5173 55 22 vais
1948 5179 35 16 un
2000 5178 72 17 verre
2091 5173 30 21 de
2138 5172 68 23 bière
2225 5170 25 24 et
2267 5177 48 21 que
2333 5171 89 26 j'atten-

1876 5203 54 22 dais
1951 5203 115 22 l'homme
2095 5201 17 23 à
2140 5201 89 24 l'étoile
2252 5201 118 27 d'argent,
2391 5203 37 20 La

1876 5232 61 22 ealle
1951 5236 31 18 ne
1996 5233 126 21 contenait
2133 5230 17 24 à
2162 5233 57 25 part
2233 5230 56 26 mol,
2303 5235 47 22 que
2364 5232 65 20 deux

1875 5262 117 22 matelots
2008 5262 88 26 jauant
2112 5265 50 18 aux
2177 5262 81 21 cartes
2275 5263 25 19 et
2316 5264 35 17 un
2367 5261 52 21 indi-

1875 5291 59 22 vidu
1949 5290 102 28 portant
2066 5294 34 19 un
2115 5289 174 28 imperméable
2304 5290 83 25 Jaune,
2402 5291 26 21 et

1875 5324 47 22 que
1936 5319 25 27 je
1977 5321 129 26 stupposais
2121 5320 103 26 pouvoir
2237 5318 51 23 être
2303 5323 34 17 un
2352 5320 76 24 agent

1875 5348 70 28 btlge
1964 5355 31 17 en
2013 5348 64 24 civil.
2095 5349 88 22 J'étais
2198 5347 82 24 arrivé
2298 5347 31 23 de
2346 5347 81 22 bonne

1875 5379 31 22 ha
1910 5384 42 17 are
1971 5383 33 18 eu
2022 5379 160 22 renflez-vous
2201 5378 35 27 et,,
2252 5376 110 28 pendant
2380 5381 47 22 que

1875 5410 9 24 j
1893 5408 131 24 attendais,
2040 5407 62 26 j'eus
2117 5410 22 21 le
2152 5408 69 22 loisir
2236 5406 30 23 de
2282 5404 116 25 réfléchir
2411 5405 18 23 à

1876 5439 24 21 la
1915 5437 113 23 témérité
2044 5438 29 22 de
2087 5443 58 16 mon
2160 5437 144 26 entreprise.

1905 5469 38 20 E*n
1961 5472 102 21 somme,
2081 5472 63 16 nous
2162 5466 86 23 avions
2266 5463 62 24 misé
2345 5471 45 17 sur
2408 5464 24 22 la

1875 5497 136 26 possibilité
2030 5502 47 21 que
2095 5497 115 22 l'homme
2228 5493 16 24 â
2259 5495 89 21 l'étoile
2366 5496 53 21 d'ar-

1875 5528 67 24 gent,
1957 5531 47 21 que
2021 5531 27 18 oe
2064 5524 39 24 fût
2117 5526 23 22 le
2155 5526 61 22 Pied
2231 5526 43 20 bot
2289 5530 32 15 ou
2336 5528 35 17 un
2386 5526 32 20 au-

1876 5557 47 24 tre,
1944 5561 32 16 ne
1998 5555 94 21 connût
2113 5558 46 22 pas
2181 5553 116 24 Frédéric
2319 5553 114 25 Bçander

1875 5587 30 21 de
1918 5589 54 20 vue.
1986 5585 40 24 S'il
2040 5586 30 22 An
2083 5584 62 23 était
2156 5584 141 23 autrement
2316 5587 43 17 ma
2370 5587 50 17 mis-

1873 5617 56 20 sion
1942 5614 147 24 s'avérerait
2103 5611 94 29 inutile,
2211 5618 44 18 car
2269 5614 18 20 il
2302 5613 61 20 é'inlt
2378 5616 43 22 pro-

1877 5645 71 22 bable
1964 5647 47 24 que
2026 5643 144 23 l'émissaire
2186 5645 30 22 de
2232 5642 105 24 Grundt,
2352 5642 78 21 avant

1877 5675 30 21 do
1928 5681 30 16 se
1980 5675 88 21 laisser
2090 5674 67 24 voir,,
2179 5671 197 24 m'examinerait
2398 5672 30 21 de

1876 5703 110 23 manière
1998 5702 16 23 &
2024 5708 31 17 ne
2067 5707 46 23 pas
2125 5704 97 22 tomber
2233 5703 62 22 dans
2305 5706 33 17 un
2350 5701 78 26 piège.

1875 5733 41 24 Or,
1929 5733 24 26 Je
1967 5737 31 18 ne
2011 5731 104 27 pouvais
2127 5729 100 30 espérer
2238 5732 111 25 tromper
2361 5730 56 26 quel-

1876 5763 75 25 qu'un
1968 5762 42 25 qui
2027 5760 43 24 eût
2086 5760 58 26 déjà
2161 5759 130 24 rencontré
2310 5760 119 21 Brander.

1876 5792 30 23 Je
1924 5789 104 31 pouvais
2047 5790 56 23 tout
2121 5795 34 18 au
2173 5790 56 30 plue
2246 5788 129 30 présenter
2394 5793 34 18 un

2453 4817 59 26 type
2534 4818 122 22 d'homme
2677 4818 42 25 qui
2740 4818 35 21 lui
2797 4817 147 22 ressemblât
2965 4823 32 21 ap-

2453 4847 240 25 proximativement.
2713 4847 25 22 Si
2758 4847 64 21 celui
2843 4853 46 20 que
2909 4848 98 25 j'attt-n-

2453 4876 55 22 dals
2524 4881 32 17 ne
2573 4877 153 21 connaissait
2742 4875 102 27 l'espion
2858 4881 47 21 que
2923 4882 74 20 super-

2454 4905 168 26 ficiellement,
2654 4909 60 18 mon
2746 4905 157 27 camouflage
2932 4905 65 22 suffi-

2453 4935 56 21 sait.
2531 4934 148 26 Seulement,
2700 4936 25 25 je
2745 4938 100 23 pensais
2865 4934 15 23 à
2901 4934 105 26 Grundt,

2454 4967 24 20 et
2492 4966 25 24 je
2534 4963 151 23 considérais
2700 4971 47 20 que
2762 4964 26 22 là
2803 4965 61 22 était
2877 4971 58 15 mon
2951 4967 55 24 plus

2453 4995 81 25 grand
2554 4994 89 26 risque,
2663 4995 32 24 Si,
2715 5000 96 16 comme
2838 5000 58 16 mon
2916 4995 90 26 patron

2454 5024 84 21 l'avait
2557 5024 113 26 supposé,
2689 5024 123 23 l'Homme
2831 5030 33 15 au
2883 5025 61 21 Pied
2966 5026 41 19 oot

2455 5054 103 21 arrivait
2574 5060 31 15 en
2619 5057 128 22 personne,
2764 5055 54 25 quel
2836 5054 172 26 déguisement.

2455 5084 77 20 serait
2550 5084 103 24 capable
2671 5084 114 21 d'abuser
2802 5089 46 17 son
2866 5084 41 21 œil
2924 5083 83 22 féroce

2454 5115 25 18 et
2492 5113 158 25 perspicace?

2480 5140 200 28 Physiquement,
2693 5141 87 26 j'i»vâis
2793 5142 118 26 quelques
2922 5142 83 27 points

2454 5171 30 22 de
2499 5173 100 20 contact
2612 5177 60 16 avec
2686 5172 25 21 la
2725 5176 120 22 personne
2861 5174 27 19 di
2907 5172 100 25 suicidé,

2453 5206 28 17 ce
2498 5200 42 26 qui
2555 5199 68 24 avait
2639 5204 60 18 sans
2715 5200 74 23 doute
2806 5201 89 26 poussé
2911 5203 22 21 le
2949 5202 58 21 chef

2453 5229 17 22 à
2483 5234 40 18 me
2537 5228 92 23 choisir
2643 5233 63 23 pour
2719 5231 72 25 Jouer
2805 5235 45 17 son
2866 5230 58 23 rôle.
2938 5231 69 20 Nous

2453 5259 80 22 étions
2552 5259 93 26 grands
2663 5260 56 21 tous
2738 5260 36 23 les
2792 5258 70 26 deux,
2882 5259 29 23 de
2933 5277 7 8 ,
2949 5267 6 13 :
2962 5260 43 21 ofil

2454 5288 94 26 aqullin
2561 5290 26 21 et
2599 5287 30 23 de
2641 5288 84 26 visage
2738 5287 102 28 maigre.
2853 5281 64 30 îdais
2929 5289 79 21 Br*n-

2454 5319 45 22 der
2514 5317 61 24 était
2591 5319 80 23 blond,
2689 5319 16 20 il
2719 5319 69 21 avait
2802 5319 43 21 des
2861 5319 46 21 cils
2923 5320 24 20 et
2963 5320 43 20 des

2454 5348 104 21 sourcils
2578 5348 82 23 Clairs,
2680 5348 84 22 tandis
2784 5352 47 21 que
2853 5349 81 24 j'étais
2956 5348 50 21 très

2452 5374 70 27 Irun.
2536 5377 128 22 Toutefois
2677 5375 63 23 l'eau
2753 5377 123 26 oxygénée
2890 5378 67 20 avait
2972 5377 24 21 al

2454 5404 52 24 téré
2524 5406 53 22 cete
2596 5405 137 23 différence
2749 5405 72 24 d'une
2836 5405 110 24 manière
2964 5411 41 21 qu.

2454 5439 40 18 me
2515 5434 95 27 surprit
2629 5433 140 25 moi-même
2790 5439 95 18 comme
2906 5436 25 26 je
2952 5439 46 18 con-

2454 5465 115 26 templais
2589 5471 60 15 mon
2669 5466 81 25 image
2771 5466 63 21 dans
2861 5469 49 17 une
2936 5464 70 27 glace

2453 5495 97 25 pendue
2572 5498 31 18 en
2625 5495 56 22 face
2703 5493 30 23 de
2754 5495 57 20 mol.

2481 5524 40 21 Un
2537 5523 68 26 léger
2620 5525 57 20 fard
2693 5523 68 21 avait
2775 5524 82 21 donné
2872 5524 16 22 à
2903 5528 58 17 mon
2980 5524 31 19 vl-

2454 5556 61 22 Bage
2534 5553 25 21 et
2579 5553 16 23 à
2614 5556 52 18 mes
2686 5552 82 22 mains
2787 5558 34 18 un
2840 5552 43 24 ten
2904 5552 30 22 do
2953 5550 56 24 hile

2453 5583 54 22 Mes
2530 5584 116 24 cheveux,
2675 5584 109 21 devenus
2813 5583 71 21 dorés
2913 5582 94 22 étaient,

2455 5612 81 23 taillés
2552 5614 84 20 courts
2652 5617 95 18 comme
2764 5617 62 17 ceux
2842 5614 30 20 de
2887 5612 120 20 Brander.

2453 5639 59 23 Mon
2529 5644 37 20 col
2581 5642 46 21 bas
2642 5642 24 21 et
2684 5648 58 15 mon
2760 5643 110 21 costume
2888 5643 29 20 de
2934 5647 71 20 serge

2454 5669 71 25 bleue
2547 5669 91 28 usagée
2658 5671 134 26 pouvaient
2820 5671 145 26 appartenir
2991 5677 17 14 &

2455 5705 34 16 un
2502 5701 89 21 ancien
2603 5701 89 21 marin.
2705 5700 57 23 Mon
2776 5702 110 24 chBpeau
2900 5699 62 23 était
2974 5704 33 17 un

2453 5731 82 21 feutre
2553 5729 131 26 ordinaire,
2701 5735 70 17 assez
2787 5729 51 22 sale
2856 5730 32 23 et,
2904 5729 63 22 dans
2983 5731 23 19 lu

2455 5758 118 24 doublure
2592 5760 30 22 de
2640 5763 59 18 mon
2717 5761 86 20 veston
2828 5759 25 25 je
2871 5759 95 25 portais
2983 5758 23 22 le

2455 5789 133 23 document
2600 5788 57 23 bien
2670 5788 56 28 plié,
2739 5794 33 17 ou
2784 5787 34 24 du
2830 5788 81 23 moln3
2922 5788 22 24 le
2956 5789 51 21 fac-

3033 4818 80 22 timile
3131 4816 33 23 du
3180 4818 134 22 document
3329 4819 42 26 qui
3387 4818 70 22 avait,
3472 4817 72 23 coûté
3560 4819 26 21 la

3019 4848 50 34 jVie
3087 4848 17 21 à
3121 4848 92 25 l'agent
3230 4849 30 20 de
3278 4848 106 22 Grundt.

3018 4869 6 41 j
3058 4877 48 23 Les
3128 4879 64 20 deux
3211 4878 102 25 joueurs
3335 4878 30 21 de
3386 4878 82 21 cartes
3489 4877 95 22 étaient

3032 4905 75 23 Sortis
3128 4908 25 21 et
3173 4907 17 20 il
3210 4908 42 24 n'y
3271 4904 68 24 avait
3374 4908 62 24 plus,
3456 4907 63 21 dans
3550 4912 33 16 uu

3019 4941 4 16 i
3031 4935 63 25 coin,
3107 4941 47 20 que
3169 4935 114 23 l'homme
3296 4936 17 21 à
3326 4934 191 28 l'Imperméable
3531 4936 43 26 jau

3020 4969 3 18 :
3031 4968 38 19 ne.
3081 4964 21 23 Il
3114 4964 62 23 était
3189 4965 87 26 quatre
3288 4965 90 22 heures
3390 4965 25 22 et
3427 4967 85 23 demie,
3525 4971 59 16 mon

3019 4989 4 39 j
3032 4999 70 17 verre
3118 4994 62 23 était
3193 4995 65 24 vide;
3274 4995 25 25 Je
3313 4994 34 22 fis
3361 4994 69 27 signe
3444 5001 33 15 au
3491 5000 93 21 garçon

3018 5015 5 41 I
3032 5023 26 22 ot
3073 5024 34 22 lui
3122 5025 120 21 ordonnai
3258 5023 30 23 de
3302 5024 151 25 m'apporter
3466 5028 35 18 un
3516 5024 72 21 autre

3019 5061 4 26 |
3031 5054 70 24 bock.
3114 5053 21 22 Il
3149 5058 26 18 se
3190 5055 91 21 courba
3294 5057 63 22 pour
3369 5058 102 22 essuyer
3483 5054 25 21 la
3520 5054 67 21 table

3019 5081 4 32 i
3032 5089 25 17 ei
3077 5087 130 19 murmura
3227 5086 70 20 entre
3316 5088 41 18 3es
3378 5085 79 24 dents,
3477 5088 32 18 en
3527 5083 47 22 alle-

3031 5112 75 23 mand
3124 5119 6 16 :
3146 5118 13 16 «
3175 5114 38 20 On
3228 5117 61 19 vous
3304 5113 94 23 attend.
3412 5118 13 16 »
3439 5113 61 22 Puis
3514 5113 18 21 11
3547 5112 36 22 dit

3031 5141 55 25 tout
3109 5144 63 22 haut
3194 5146 31 18 eh
3253 5144 112 24 français
3390 5149 7 15 :
3422 5149 13 15 «
3457 5141 127 23 Monsieur

3032 5174 58 20 veut
3107 5172 23 22 le
3147 5169 147 28 téléphone?
3312 5173 30 21 Je
3361 5173 53 20 vais
3431 5171 21 23 le
3471 5170 35 24 lui
3523 5170 51 23 Indi-

3032 5206 67 21 quer.
3115 5206 13 16 »
3144 5200 34 22 Et
3193 5202 17 21 il
3226 5205 27 17 se
3270 5200 95 27 dirigea
3379 5205 58 18 vers
3452 5205 49 18 une
3516 5200 71 26 perte

3032 5230 41 28 qui
3088 5232 98 21 ouvrait
3201 5232 108 22 derrière
3324 5234 22 19 le
3361 5232 127 25 comptoir.

3058 5260 34 22 Le
3111 5262 111 21 moment
3240 5260 105 27 critique
3364 5259 62 24 était
3444 5259 89 23 arrivé.
3549 5262 34 20 L»

3032 5291 98 21 dernier
3146 5290 89 26 regard
3251 5294 47 21 que
3312 5291 25 25 je
3352 5290 61 25 jetai
3427 5295 44 17 sur
3484 5289 25 21 la
3523 5289 61 22 salle

3031 5321 34 20 du
3078 5319 55 22 café
3147 5323 40 18 me
3201 5322 95 23 prouva
3309 5324 47 22 que
3371 5320 22 21 le
3406 5319 89 22 second
3508 5317 76 23 client

3031 5350 42 25 qui
3094 5355 17 20 y
3131 5350 90 21 restait
3242 5349 158 23 m'observait
3421 5349 163 21 furtivement

3031 5379 108 21 derrière
3154 5379 22 22 le
3189 5379 99 24 journal
3303 5379 57 25 qu'il
3374 5379 80 21 tenait
3475 5378 99 21 J'enfon-

3032 5408 39 25 çai
3083 5408 26 22 la
3121 5407 69 22 main
3201 5406 95 27 gauche
3310 5406 63 23 dans
3386 5407 26 21 la
3424 5407 77 26 poche
3513 5406 32 22 où
3558 5412 26 16 se

3030 5436 117 24 trouvait,
3154 5437 23 20 le
3185 5437 80 21 sifflet
3281 5437 25 22 et
3322 5439 23 19 la
3362 5437 78 22 droite
3451 5437 61 19 dans
3527 5441 36 16 ce.
3565 5437 22 19 le

3030 5464 31 24 cù
3076 5465 88 28 j'avais
3180 5472 59 16 mon
3256 5468 117 21 revolver.
3389 5464 60 24 Puis
3465 5466 24 25 je
3506 5466 77 23 suivis

3032 5495 21 24 le
3074 5502 93 20 garçon
3186 5497 62 21 dans
3277 5501 33 16 un
3338 5496 93 21 couloir
3451 5496 97 22 sombre
3568 5495 14 21 à

3031 5525 147 22 l'extrémité
3192 5526 91 25 duquel
3297 5526 122 25 j'aperçus
3433 5531 35 16 un
3482 5525 105 21 homme.

3058 5554 22 22 Il
3099 5555 62 22 était
3180 5555 195 22 excessivement
3394 5554 106 23 robuste,
3520 5553 64 22 mais

3033 5591 29 15 ce
3080 5582 87 25 n'était
3186 5590 46 20 pas
3249 5584 23 23 le
3291 5584 102 22 docteur
3411 5583 105 22 Grundt.
3536 5582 50 23 Son

3030 5614 112 26 chapeau
3159 5615 30 21 de
3203 5613 89 26 feutre,
3309 5611 104 25 enfoncé
3430 5619 42 16 sur
3488 5618 29 17 sa
3533 5610 51 25 tôte

3031 5642 76 24 rasée,
3132 5648 46 16 son
3201 5649 59 20 gros
3289 5641 133 29 pardessus
3453 5643 61 25 noir,
3538 5648 45 16 son

3031 5672 80 26 grand
3127 5671 128 28 parapluie
3270 5679 58 16 sous
3343 5674 22 22 le
3380 5671 58 23 bras
3460 5678 29 15 sa
3506 5676 69 17 mous-

3032 5703 73 21 tache
3120 5701 108 24 hérissée
3243 5702 17 22 à
3274 5705 25 20 la
3313 5701 146 26 Guillaume,
3472 5702 57 21 tous
3544 5708 41 14 ces

3032 5730 90 23 détails
3147 5731 179 26 proclamaient
3352 5731 68 22 aussi
3446 5732 135 19 nettement

3031 5765 47 22 que
3099 5761 106 26 possible
3227 5764 47 22 que
3294 5761 88 25 j'avais
3402 5759 92 23 affaire
3513 5759 16 23 à
3551 5764 32 17 un

3032 5792 117 20 brimniu!
3167 5791 157 25 kommissar,
3341 5793 95 19 comme
3453 5789 48 22 l'on
3515 5795 69 16 nom¬

3608 4822 40 17 me
3668 4818 36 23 les
3723 4819 89 24 agents
3831 4821 31 19 en
3881 4816 128 27 bourgeois
4033 4814 27 20 de
4083 4810 52 20 *•»•

3610 4845 108 23 branche
3732 4848 31 20 de
3777 4848 26 20 la
3815 4846 78 26 police
3908 4844 140 23 allemande.
4060 4838 75 23 Taniu»

3610 4879 46 23 que
3678 4877 167 25 j'approchais
3868 4876 29 20 de
3921 4876 33 20 lui
3976 4875 17 21 il
4014 4873 85 21 avança
4116 4866 22 17 ■»

3609 4910 85 22 grosse
3708 4907 74 22 main,
3792 4906 99 22 l'ouvrit
3901 4908 25 20 et
3936 4911 39 16 me
3987 4901 90 24 montra
4086 4897 49 21 dans

3608 4941 28 16 sa
3659 4941 90 20 paume
3771 4941 49 16 une
3841 4935 72 23 étoiie
3936 4934 106 25 d'argent
4060 4929 14 21 à
4092 4928 43 19 ""'

3610 4964 129 24 branches,
3758 4963 142 23 surmontée
3920 4965 55 21 d'un
3991 4968 13 15 «
4020 4961 21 20 G
4058 4964 18 18 ».
4091 4958 20 19 tc
4111 4965 24 23 "7

3609 4994 165 25 qu'Okewood
3790 4993 85 22 l'avait
3890 4993 98 22 décrite»
4004 4997 12 14 «
4031 4988 30 23 So
4074 4992 17 17 ».
4106 4985 29 44 *|f

3609 5024 124 26 Clarals-je
3749 5029 60 16 avec
3824 5028 59 17 mon
3897 5024 109 20 meilleur
4020 5015 77 26 accent
4108 5014 20 18 al-

3609 5053 106 24 lemand,
3730 5055 53 20 tout
3799 5058 31 16 en
3844 5054 114 22 enlevant
3969 5055 56 18 mon
4037 5044 97 26 chapeau-

3609 5082 60 22 Puis
3689 5081 114 27 J'ajoutai
3827 5088 7 16 :
3858 5087 13 16 «
3892 5081 48 22 J'ai
3961 5080 96 27 quelque
4075 5073 59 21 chose

3610 5116 63 21 pour
3685 5115 62 19 vous
3760 5118 19 19 »,
3793 5111 25 22 et
3829 5112 25 25 je
3867 5113 149 22 Commençai
4027 5106 13 22 à
4052 5103 56 23 tâter
4115 5103 20 16 i»

3611 5141 118 22 doublure
3744 5142 30 21 de
3789 5144 58 18 mon
3862 5143 93 20 veston.
3969 5136 60 24 Mais
4041 5132 94 25 l'homa»

3609 5167 16 24 à
3642 5169 89 23 l'étoile
3749 5170 124 22 m'a-rrêta.
3890 5175 13 16 «
3920 5171 50 20 Pas
3983 5166 37 26 id,
4035 5161 100 30 groffl»»-

3608 5198 79 24 la-t-il.
3708 5198 153 23 Rulvet-mol.
3881 5204 13 16 »

3629 5229 40 21 En
3684 5228 123 23 achevant
3821 5233 41 18 ces
3875 5227 73 27 mots;
3957 5229 17 20 il
3987 5223 76 25 recula
4074 5219 22 21 et
4105 5219 31 18 B'

3609 5259 31 21 fit
3671 5258 70 27 signe
3774 5259 108 22 d'entrer
3912 5257 63 23 dans
4003 5258 45 19 uue
4074 5255 14 21 P
4088 5249 7 20 1
4095 5249 38 18 *'*

3609 5286 92 24 J'obéis
3718 5288 25 22 et
3759 5294 41 17 me
3819 5288 97 22 trouvai
3933 5288 100 26 presque
4048 5281 49 21 aasS
4092 5287 39 21 77

3610 5319 30 12 ,'n
3680 5321 19 10 ,S
3721 5322 48 9 S,»...
3789 5319 87 12 SHHHn
3905 5319 29 12 ,S»i
3961 5313 114 18 -«1SSST.eher.
4092 5314 22 12 **'

3610 5318 91 22 devant
3721 5322 48 17 une
3789 5319 87 25 trappe
3904 5317 33 22 du
3961 5313 113 29 plancher.

4059 5421 67 26 roD»-*
4125 5424 6 8 -

4067 5445 64 29 ven«i«

3611 5347 61 21 était
3685 5347 100 23 ouverte
3798 5347 25 23 et
3837 5346 96 23 laissait
3946 5344 52 23 voir
4009 5347 31 17 un
4052 5340 47 20 eSca
4099 5332 27 40 ^

3610 5381 31 17 en
3653 5375 54 23 bols
3720 5378 42 24 qui
3777 5375 147 27 s'enfonçait
3939 5375 60 23 dans
4012 5369 95 25 l'obscur»

3636 5404 121 26 J'hésitai,
3775 5407 31 23 et,
3825 5410 32 17 au
3873 5405 110 22 moment
3999 5400 30 23 où
4043 5396 88 39 1»_JJ^J

3610 5436 33 20 du
3658 5435 111 22 corridor
3784 5441 26 17 se
3826 5434 135 26 refermait,
3977 5434 22 25 je
4012 5434 36 18 me

3609 5463 43 22 nal
3672 5465 131 22 vivement.
3823 5465 21 21 L
3852 5463 112 23 individu
3981 5461 69 27 Jaune

3612 5494 108 22 d'entrer
3733 5494 17 22 à
3765 5500 47 16 son
3828 5498 64 18 tour.
3958 5501 4 5 ■
4103 5501 27 19 .»»

3656 5528 13 16 «
3686 5521 68 25 Tout
3773 5522 79 23 va-t-11
3872 5523 63 25 bien,
3954 5515 87 31 Vogelî
4057 5514 30 21 M
4101 5514 31 14 ar

3611 5553 93 21 manda
3719 5552 115 23 l'homme
3850 5557 30 18 en
3893 5551 62 23 noir,
3969 5554 16 21 *

3635 5593 29 5 —
3683 5582 55 25 Oui,
3757 5580 112 28 répliqua
3886 5582 87 21 l'autre
3975 5588 10 14 >
4088 5596 8 16 ,
4107 5595 25 19 ^

3636 5612 34 22 Le
3685 5612 108 27 premier
3806 5617 41 17 me
3860 5616 91 22 poussa
3964 5602 133 33 légèrement

3610 5643 83 22 avant,
3711 5643 25 21 et
3755 5641 37 23 dit
3811 5647 7 16 :
4063 5651 69 23 isrnsol

3636 5682 29 4 —
3682 5671 148 24 Descendez,
3849 5670 54 23 tout
3922 5675 30 16 en
3971 5672 39 18 me
4025 5663 72 22 design

3610 5700 33 21 du
3659 5701 68 25 doigt
3743 5701 119 21 l'esoaller
3877 5700 143 21 souterrain.

3983 5753 75 29 (A*«

4051 5740 59 29 ivrtj
