3992 5699
1751 204 133 19 'NATION
1896 205 128 23 EELGE»,
2037 203 25 20 18
2075 201 126 21 JUII/LET
2214 201 52 19 1910
2271 200 95 22 aSS^W

826 384 303 189 LA
1208 380 385 189 VIE
1684 380 185 189 A
1956 372 1225 197 BRUXELLES

116 680 521 109 ECHOS

138 842 47 20 Les
202 841 70 20 autos
290 836 194 27 réquisitionnées
500 840 31 16 en
549 836 92 19 France

138 877 60 21 Nous
214 878 114 24 regrettons
343 876 104 20 vivement
463 874 27 21 de
506 880 26 15 ne
548 871 89 26 pouvoir

113 907 82 21 fournir
213 912 67 15 aucun
299 904 160 23 renseignement
477 903 51 21 utile
545 902 15 20 à
577 902 61 20 notre

112 934 168 25 correspondant,
292 934 36 23 qui
340 939 52 15 nous
403 932 89 21 informe
504 936 39 19 que
554 934 25 15 sa
590 928 36 20 voi-

112 967 48 19 ture
181 971 14 14 a
214 963 33 21 été
269 960 157 24 réquisitionnée
446 967 27 14 en
494 958 84 24 France,
599 962 39 20 par

112 990 86 24 l'armée
218 991 106 23 française.

138 1020 60 21 Nous
211 1024 89 19 sommes
313 1017 48 25 déjà
375 1016 52 21 dans
441 1014 156 25 l'impossibilité
611 1012 25 21 de

114 1049 81 21 fournir
212 1053 40 16 une
271 1047 112 21 indication
402 1046 127 24 quelconque
547 1042 52 21 dans
618 1041 18 21 le

113 1084 35 16 cas
162 1077 29 21 où
207 1083 40 15 une
264 1077 81 21 voiture
361 1082 13 14 a
388 1074 35 21 été
438 1072 156 25 réquisitionnée
611 1077 25 15 en

112 1106 79 21 France
206 1110 38 19 par
259 1102 104 22 l'autorité
379 1101 120 21 allemande.

118 1150 78 21 Fâche
213 1148 129 25 orpmlsee,
359 1147 89 24 Square
465 1144 174 22 Marie-Louise,

168 1184 33 15 au
221 1179 73 24 profit
315 1178 29 19 de
365 1177 25 20 la
410 1176 89 20 Crèche
521 1173 116 22 Gobrielle

168 1208 161 21 Vandervelde

141 1247 22 19 A
178 1245 77 26 partir
271 1247 32 19 du
319 1245 27 19 21
362 1243 76 24 Juillet
455 1242 24 21 et
495 1242 34 20 les
546 1241 80 19 diman-

115 1276 56 20 ches
183 1275 114 22 suivants,
310 1274 34 20 les
357 1273 78 24 places
449 1277 28 15 ne
490 1272 80 20 seront
582 1270 53 25 plus

116 1304 72 22 tirées
201 1310 32 15 au
245 1305 57 19 sort.

141 1336 45 19 Les
202 1334 113 24 pêcheurs
331 1335 55 19 sont
401 1331 85 21 invités
502 1332 15 20 à
531 1336 27 14 se
573 1329 63 21 tenir

116 1370 42 15 sur
168 1366 22 19 le
202 1363 95 21 trottoir
309 1370 30 15 en
350 1367 53 15 race
414 1362 29 19 de
456 1364 23 18 la
490 1361 66 24 place
568 1359 67 26 qu'ils

116 1394 95 21 veulent
228 1397 105 19 occuper.

142 1424 38 21 Au
198 1428 61 19 coup
278 1423 29 19 de
327 1422 86 22 cloche,
433 1420 16 20 à
467 1421 14 20 6
499 1420 85 20 heures
604 1418 31 20 du

116 1454 83 22 matin,
211 1453 90 19 chacun
313 1452 72 20 devra
397 1450 120 24 enjamber
528 1451 23 19 la
563 1448 72 25 petite

116 1483 74 25 grille.

141 1513 21 19 Il
175 1512 36 20 est
222 1510 148 21 strictement
382 1509 102 21 dépendu
496 1509 28 20 de
538 1508 97 24 déposer

117 1542 96 25 paniers
232 1541 25 20 et
275 1541 122 24 baguettes
426 1541 58 20 dans
512 1539 21 19 le
558 1538 79 25 jardin

116 1572 74 20 avant
202 1571 94 20 l'heure.

143 1601 45 20 Les
207 1602 77 19 cartes
302 1600 56 19 sont
381 1605 31 15 en
438 1598 70 20 vente
532 1598 57 19 chez
614 1597 22 20 le

116 1630 125 21 secrétaire
269 1629 95 25 général
392 1629 28 20 de
447 1628 119 20 l'Amicale
594 1627 41 20 des

116 1660 119 20 Pêcheurs
269 1660 106 23 d'Etang,
410 1658 104 20 Maurice
548 1658 88 23 Colpin,

115 1689 114 21 chaussée
247 1690 29 19 de
293 1689 112 22 Louvain,
421 1688 46 23 223,
484 1688 25 20 et
527 1688 55 19 elles
600 1692 26 14 se-

118 1720 55 20 ront
193 1719 112 20 délivrées
326 1718 132 24 également
485 1718 22 19 le
534 1717 53 23 jour
608 1717 29 19 de

117 1749 71 25 pêche
204 1754 32 15 au
250 1748 58 20 bord
324 1749 28 19 de
367 1747 92 24 l'étang.

142 1778 58 21 Prix
216 1779 29 19 de
263 1779 23 20 la
303 1777 103 24 journée,
423 1778 27 19 10
466 1777 30 22 fr.
513 1781 61 19 pour
589 1780 47 16 une

115 1808 110 24 baguette
236 1809 24 19 et
271 1808 13 19 5
294 1809 29 19 fr.
334 1812 60 20 pour
403 1812 46 15 une
459 1806 111 25 baguette
581 1811 44 19 sup-

117 1837 160 26 plémentaire.

376 1888 81 20 Utilité
473 1888 54 19 d'un
543 1886 93 25 journal

141 1919 38 19 Au
195 1919 88 19 hasard
299 1918 68 21 d'une
384 1917 106 25 enquête,
507 1917 23 24 je
547 1916 87 25 parlais

114 1949 17 21 à
144 1953 46 15 une
204 1948 72 19 brave
289 1948 94 22 femme,
397 1948 65 21 toute
476 1948 114 19 heureuse
605 1947 29 19 de

115 1983 26 16 se
154 1978 77 20 sentir
243 1980 20 17 si
279 1977 147 24 importante.
440 1977 51 20 Elle
504 1981 39 15 me
558 1976 77 22 disait,

113 2007 61 20 •dans
192 2012 45 16 son
253 2012 133 14 savoureux
402 2007 106 24 langage,
527 2007 65 19 toute
610 2006 24 19 la

114 2037 47 24 Joie
173 2037 81 24 qu'elle
265 2036 124 24 éprouvait
400 2038 28 20 de
440 2037 52 19 voir
504 2035 129 25 reparaître

115 2067 54 20 tous
191 2067 33 19 les
246 2067 123 23 Journaux.
391 2065 137 25 Mol-même,
550 2066 23 24 je
594 2065 32 20 bu-

114 2097 52 19 vais
183 2097 31 19 du
229 2097 60 23 petit
303 2096 50 20 lait.

140 2126 103 20 Voulant
264 2125 153 24 approfondir
437 2126 34 20 les
492 2125 92 20 raisons
605 2125 29 20 de

114 2156 62 20 cette
187 2155 132 24 allégresse,
330 2160 51 15 mes
392 2155 120 25 questions
523 2160 26 15 se
561 2155 73 21 firent

114 2185 53 24 plus
179 2184 101 25 précises
293 2185 24 20 et
328 2185 43 20 elle
383 2185 56 21 finit
450 2190 44 19 par
504 2185 127 19 m'avouer:

137 2227 28 5 —
180 2217 61 20 Mais
256 2222 30 19 ça
302 2218 36 19 est
353 2216 48 24 sûr,
417 2217 121 24 Mossieur,
554 2222 44 19 que
614 2217 22 23 je

114 2243 50 20 suis
176 2243 116 23 contente,
303 2243 110 24 qu'est-ce
426 2247 45 19 que
482 2247 58 15 vous
553 2247 81 19 croyez

112 2276 60 19 donc
176 2275 12 20 ?
209 2275 87 21 Devoir
317 2275 61 21 faire
398 2275 42 20 des
461 2275 99 24 paquets
581 2279 56 15 sans

111 2304 87 23 papier,
215 2308 29 18 ça
260 2303 60 20 n'est
335 2307 43 20 paa
395 2303 45 23 gai,
456 2307 59 15 voua
531 2302 78 20 savez!

140 2328 34 22 Et
186 2327 68 22 voilà.

335 2359 73 20 ♦■♦

204 2394 342 57 DOUANES

138 2471 64 20 Pour
213 2471 50 20 être
275 2475 29 15 en
317 2475 92 15 mesure
421 2471 28 20 de
462 2469 113 24 répondre
587 2474 47 15 aux

113 2501 120 24 questions
252 2499 82 25 posées
361 2505 44 20 par
431 2501 76 20 divers
527 2499 106 23 lecteurs,

113 2535 59 15 nous
190 2535 72 15 avons
278 2529 104 22 recueilli
398 2528 85 25 auprès
501 2529 28 20 de
546 2529 78 20 l'admi-

114 2560 125 20 nistration
257 2560 40 19 des
317 2560 102 19 douanes
444 2560 34 19 les
501 2559 123 24 renseigne-

113 2590 77 20 ments
206 2590 106 20 suivants
323 2594 7 15 :

138 2619 215 20 L'administration
386 2619 41 20 des
458 2620 104 20 douanes
594 2619 38 19 n'a

112 2650 85 24 jamais
218 2648 106 25 pratiqué
344 2650 23 19 la
387 2649 84 20 remise
490 2650 16 20 à
525 2648 107 20 domicile

112 2680 42 19 des
186 2679 57 20 colis
276 2678 133 24 entreposés
436 2678 17 21 &
478 2679 25 19 la
535 2679 97 19 douane.

112 2708 84 21 C'était
208 2709 101 24 l'agence
321 2713 30 17 en
363 2709 90 19 douane
466 2710 28 20 de
506 2710 25 19 la
542 2707 89 22 Société

112 2739 66 24 belge
193 2739 40 19 des
248 2738 109 21 Chemins
371 2739 29 20 de
412 2739 39 19 fer
463 2739 40 23 qui
517 2738 115 20 assumait

112 2773 28 16 ce
153 2769 96 20 service.

139 2798 88 24 Depuis
247 2804 43 18 que
309 2798 62 20 cette
389 2797 106 22 dernière
513 2797 87 22 société
617 2802 17 15 a

114 2827 66 21 cessé
198 2833 44 16 son
262 2827 102 24 activité,
383 2828 34 19 les
436 2826 126 21 intéressés
581 2832 46 19 peu-

107 2854 64 23 vent
190 2858 105 20 déclarer
320 2856 141 22 eux-mêmes
486 2859 63 20 leurs
574 2861 53 15 mar-

112 2887 126 20 chandises
263 2887 24 19 et
311 2886 112 24 procéder
439 2885 17 21 à
472 2887 52 20 leur
546 2885 80 21 enlève-

115 2918 71 19 ment
208 2917 33 20 Ils
262 2917 102 25 peuvent
385 2916 132 24 également
537 2916 99 24 charger

114 2947 30 19 de
161 2952 26 16 ce
202 2947 53 20 soin
271 2952 46 17 une
333 2951 87 19 agence
437 2951 30 16 en
483 2946 90 20 douane
588 2946 38 26 pri-

113 2975 49 22 vée.

139 3006 65 20 Pour
225 3011 26 16 ce
272 3006 39 24 qui
333 3011 114 17 concerne
467 3005 168 25 l'importation

113 3035 42 21 des
173 3036 175 19 marchandises
366 3036 131 24 provenant
514 3036 112 19 d'Allema-

113 3070 53 19 gne,
183 3066 28 19 de
228 3065 78 20 Suisse
323 3067 24 19 et
363 3067 28 19 de
406 3065 99 23 France,
520 3066 34 19 les
570 3071 55 19 pres-

114 3095 112 24 criptions
258 3095 138 20 douanières
426 3095 146 21 antérieures
603 3100 32 15 au

113 3125 27 20 10
154 3127 47 19 mai
216 3126 52 19 1940
283 3126 90 19 restent
387 3131 30 16 en
431 3126 99 23 vigueur
544 3124 25 22 rft
583 3125 51 20 rien

113 3160 30 15 ne
156 3155 104 24 s'oppose
273 3156 16 20 à
301 3160 26 15 ce
338 3160 45 19 que
396 3156 34 19 les
443 3154 125 21 intéressés
582 3160 44 15 con-

113 3185 94 19 tinuent
237 3185 63 20 leurs
330 3185 171 23 importations.
529 3185 106 20 Celles-ci

113 3215 57 19 sont
200 3215 111 19 toutefois
338 3215 98 20 rendues
462 3214 111 20 difficiles
604 3214 31 20 du

114 3246 46 20 fait
173 3249 44 20 que
230 3245 34 19 les
278 3245 132 23 transports
424 3249 45 19 par
473 3244 65 20 voies
546 3243 89 21 ferrées

116 3275 65 19 n'ont
200 3279 44 19 pas
265 3279 83 15 encore
369 3273 37 21 été
428 3274 74 24 repris
522 3274 106 19 normale-

114 3303 72 21 ment
529 3304 42 19 Ch.
582 3304 28 20 P.

343 3334 72 20 +.*»

171 3371 170 62 Marché
372 3373 218 59 Financier

230 3464 55 60 de
309 3464 214 59 Bruxelles

339 3551 128 23 Bruxelles,
484 3550 28 20 15
529 3549 82 24 Juillet.

143 3581 26 21 SI
191 3581 21 20 le
234 3579 96 22 marché
351 3580 110 24 «'élargit,
483 3580 75 23 quant
578 3580 17 20 à
615 3579 24 19 la

118 3610 110 21 diversité
247 3611 41 19 des
306 3611 69 19 titres
393 3609 90 23 traTeés,
502 3610 16 20 il
537 3610 53 20 n'en
608 3613 31 15 va

117 3645 43 19 pas
174 3643 28 19 de
216 3640 74 20 même
304 3645 58 19 pour
375 3642 21 19 le
408 3640 93 21 volume
515 3639 40 20 des
568 3638 61 21 affai-

117 3675 39 15 rée
174 3672 40 22 qui
233 3671 61 19 reste
312 3669 83 20 réduit

143 3700 65 19 Voici
223 3700 111 24 quelques
349 3704 69 16 cours
430 3706 6 14 :

118 3729 128 20 Dévastées
263 3730 58 22 1921,
337 3730 39 19 155
392 3729 121 24 acheteur;

117 3758 130 21 Dévastées
262 3759 58 22 1922,
333 3759 39 20 162
386 3759 39 21 1/2
438 3758 122 25 acheteur)

119 3788 129 20 Dévastées
264 3789 58 22 1923,
337 3788 40 20 325
392 3788 121 24 acheteur;

119 3818 118 24 Emprunt
253 3819 72 23 Belge
341 3818 59 23 1932,
416 3818 39 19 330
472 3818 55 23 fait;

120 3847 119 24 Emprunt
250 3848 72 23 Belge
334 3847 57 22 1933,
404 3847 39 20 680
455 3847 120 23 acheteur;

121 3877 118 24 Emprunt
257 3878 71 23 Belge
345 3877 59 22 1938,
421 3876 48 25 325;

120 3906 186 24 Indépendance,
322 3907 27 20 90
365 3906 121 24 acheteur;

121 3935 87 24 Unifié,
223 3936 27 20 66
264 3936 114 19 acheteur
392 3935 69 25 après
476 3936 27 20 67
518 3935 55 24 fait;

120 3965 122 21 Bruxelles
258 3966 58 22 1905,
330 3966 28 19 42
372 3965 49 24 1/2;

123 3995 150 23 Providence,
290 3995 60 21 8,000
365 3994 113 24 vendeur;

122 4025 116 23 Fabrique
253 4024 132 23 Nationale,
398 4024 41 20 470
451 4024 56 24 fait;

122 4054 111 20 Chemins
248 4054 28 20 de
290 4054 39 20 fer
341 4054 85 23 belges,
440 4054 39 19 315
492 4053 121 24 acheteur;

121 4084 85 22 Arbed,
223 4083 58 22 3,375
298 4083 112 19 acheteur
424 4082 70 24 après
510 4083 59 22 3,400
585 4083 54 23 fait;

123 4112 92 21 Société
238 4112 121 23 Générale,
387 4113 60 19 Part
477 4112 28 20 de
534 4111 108 24 Réserve,

148 4142 59 23 1,700
221 4143 54 23 fait;

121 4172 160 22 Ans-Rocour,
297 4172 59 22 1,150
372 4171 120 24 acheteur;

121 4201 80 21 Union
216 4200 105 24 Minière,
336 4201 59 23 2,925
409 4201 25 20 et
446 4201 61 23 2,950
519 4200 56 25 «ait;

122 4232 102 20 Ateliers
248 4232 28 19 de
299 4231 178 20 Constructions
499 4230 145 24 Electriques

148 4262 29 22 de
192 4261 128 22 Charleroi,
335 4261 39 20 550
388 4260 121 24 acheteur;

120 4291 112 24 Angleur,
247 4291 40 19 315
302 4290 55 25 fait;

120 4320 133 23 Géomines,
272 4320 40 20 3S0
330 4320 122 24 acheteur;
472 4318 40 21 390
530 4318 112 24 vendeur;

120 4350 83 23 Kasaï,
221 4350 38 20 125
276 4350 123 24 acheteur;

118 4381 81 21 André
213 4380 113 22 Dumont,
340 4379 59 23 1,150
413 4379 55 24 fait;

118 4411 109 22 Bruflna,
243 4411 39 20 280
298 4410 123 24 acheteur;

118 4441 125 23 Sofinette,
257 4440 27 20 78
297 4440 123 22 aoheteur;
436 4438 28 21 80
476 4438 114 24 vendeur;

118 4471 92 23 Soflna,
225 4470 60 23 4,000
300 4470 123 24 acheteur;

119 4501 38 20 60»
174 4501 119 23 Katanga,
310 4500 40 19 225
368 4499 86 24 achet.;
473 4498 40 20 235
530 4497 113 24 vendeur;

118 4531 140 23 Hydroflna,
272 4530 28 20 85
313 4529 122 24 acheteur;

118 4560 124 24 Cockerlll,
258 4561 39 19 800
313 4559 122 23 acheteur;

118 4589 80 22 Bazar
212 4589 79 25 Liège,
307 4590 41 20 150
365 4589 122 24 acheteur;

119 4620 79 20 Bazar
212 4620 118 23 Auspach,
345 4619 40 20 150
399 4619 123 23 acheteur;

118 4649 84 20 Câbles
218 4651 25 21 et
257 4650 56 24 Fils,
327 4649 59 24 2,000
401 4648 120 25 acheteur;

117 4678 100 25 Phénix,
230 4679 40 21 700
283 4679 53 21 fait
535 4678 41 21 Oh.
590 4678 28 20 P.

680 692 129 64 Vie
840 688 320 66 musicale

687 808 45 21 Les
743 806 148 21 événements
902 805 33 20 les
946 804 52 24 plus
1008 803 120 23 tragiques
1140 802 40 19 ont

662 838 98 19 souvent
771 837 51 19 leur
833 834 110 20 correctif
956 833 128 20 inattendu.
1096 832 32 20 Le
1140 835 40 15 cas

662 868 36 19 est
717 864 213 26 particulièrement
949 863 112 23 frappant
1080 862 59 19 dans
1157 861 21 19 la

661 897 36 18 vie
708 895 111 20 musicale
830 894 28 19 de
870 894 67 19 notre
949 897 57 19 pays
1017 893 39 22 qui
1068 896 25 14 se
1105 893 66 18 trans-

661 926 76 19 forme
750 924 58 24 petit
819 923 16 20 à
846 923 60 24 petit
918 922 58 19 dans
988 922 21 19 le
1023 925 54 15 sens
1090 921 27 19 de
1130 920 40 20 l'in-

661 954 61 21 térêt
733 953 111 20 national.

687 990 60 20 C'est
758 989 60 20 ainsi
829 993 44 19 que
886 988 40 20 des
937 987 96 20 artistes
1043 986 85 24 belges,
1141 986 39 23 qui

662 1020 51 19 hier
728 1019 88 19 étaient
831 1016 126 25 dédaignés
971 1021 44 19 par
1030 1017 34 19 les
1079 1015 101 24 grandes

660 1048 98 23 sociétés
766 1048 27 19 de
801 1047 107 19 concerts
917 1047 28 18 de
953 1046 23 19 la
992 1045 106 24 capitale,
1114 1048 57 16 occu-

660 1079 56 23 pent
729 1078 66 19 enfin
809 1079 24 18 la
847 1076 65 24 place
927 1077 40 22 qui
981 1075 51 19 leur
1046 1074 89 20 revient
1151 1073 28 19 de

660 1108 67 21 droit
743 1111 56 15 sans
814 1111 59 19 pour
887 1105 50 20 cela
952 1104 92 20 tomber
1059 1104 59 19 dans
1133 1107 46 15 une

659 1136 144 24 xénophobie
822 1135 39 23 qui
879 1134 118 20 cadrerait
1015 1133 48 19 mal
1082 1136 58 16 aveo
1157 1132 22 19 le

659 1167 64 23 large
736 1166 73 23 esprit
823 1163 172 20 d'universalité
1010 1163 40 24 qui
1065 1163 48 19 doit
1129 1160 41 26 pré-

660 1196 62 20 sider
736 1194 15 20 à
766 1196 76 18 toutes
857 1194 34 19 les
906 1191 191 22 manifestations
1111 1191 59 20 artis-

660 1226 83 23 tiques.

685 1260 136 25 Cependant
833 1258 155 27 l'originalité,
1001 1260 23 19 le
1036 1258 74 25 génie,
1125 1258 54 19 d'un

659 1291 88 24 peuple,
762 1290 67 20 d'une
843 1290 81 19 nation
937 1289 116 19 constitue
1067 1288 111 23 l'appoint

660 1320 171 24 indispensable
848 1323 31 15 au
897 1318 192 24 développement
1107 1319 24 18 et
1148 1321 31 15 au

659 1349 97 26 progrès
771 1349 28 21 de
814 1349 54 19 l'art
883 1349 40 24 qui
938 1347 66 25 puise
1020 1352 42 15 son
1078 1351 100 17 essence,

659 1384 47 15 r.on
720 1379 129 19 seulement
864 1378 59 19 dans
936 1378 22 19 le
973 1377 132 21 sentiment,
1120 1376 59 19 dans

659 1408 82 23 l'idéal,
762 1408 61 21 mais
844 1408 64 19 aussi
928 1407 59 20 dans
1008 1407 23 19 la
1051 1406 84 19 nature
1155 1406 23 18 et

660 1438 58 19 dans
733 1438 22 19 le
767 1437 107 20 folklore.

685 1475 20 19 Il
717 1475 36 19 est
764 1474 61 20 donc
835 1474 104 19 heureux
951 1473 27 19 de
990 1472 98 25 pouvoir
1098 1470 72 25 appré-

660 1504 48 20 cier
720 1504 66 20 enfin
798 1503 41 21 des
851 1503 95 20 artistes
960 1503 27 18 de
999 1503 56 19 chez
1068 1506 64 17 nous,
1145 1500 33 19 les

660 1539 43 14 uns
717 1534 27 19 de
758 1533 74 24 grand
846 1533 80 22 talent,
938 1533 35 18 les
984 1532 79 19 autres
1076 1531 102 19 artisans

660 1563 83 24 probes
756 1566 23 18 et
791 1561 108 22 sincères,
912 1562 57 19 dont
980 1562 34 19 les
1026 1562 77 18 forces
1115 1559 64 19 vives

661 1593 128 24 risquaient
806 1592 28 20 de
851 1591 100 20 s'étioler
967 1595 31 15 au
1015 1589 80 20 milieu
1112 1589 66 19 d'une

661 1622 154 20 indifférence
833 1621 117 24 coupable,
969 1625 30 14 ou
1030 1620 38 23 qui
1097 1618 73 24 s'épui-

660 1652 77 20 saient
754 1651 59 20 dans
831 1651 28 19 de
877 1651 80 20 vaines
975 1649 204 23 compromissions

659 1686 58 19 pour
734 1680 116 20 atteindre
868 1684 30 15 au
915 1679 95 20 Pactole
1027 1678 108 19 illusoire.

685 1711 45 19 Les
744 1709 106 20 concerts
864 1709 28 20 de
907 1709 56 18 Midi
978 1708 59 22 sont,
1052 1712 28 14 en
1095 1707 84 19 dehors

660 1740 40 19 des
712 1739 130 20 conditions
855 1737 140 21 matérielles
1009 1737 169 19 insuffisantes,

659 1769 170 23 actuellement,
843 1772 57 20 pour
914 1773 39 14 ces
966 1766 93 21 solistes
1072 1767 24 18 et
1109 1765 60 20 musi-

658 1799 70 22 ciens,
756 1798 143 24 l'entreprise
927 1798 24 18 la
979 1796 52 24 plus
1058 1794 120 21 favorable

659 1832 60 20 pour
733 1827 107 22 dévoiler,
855 1825 89 21 révéler
959 1826 24 19 et
997 1825 99 19 cultiver
1111 1824 66 20 notre

660 1858 38 19 art
713 1858 24 19 et
752 1862 43 14 nos
810 1856 101 20 artistes.

684 1893 62 20 C'est
771 1897 58 15 avec
855 1892 46 24 joie
928 1896 44 20 que
998 1891 46 20 l'on
1072 1896 14 15 a
1112 1890 56 20 réen-

660 1923 72 19 tendu
748 1922 96 20 Charles
861 1921 167 22 SCHARRE3,
1044 1925 32 14 un
1092 1920 28 19 de
1136 1923 42 15 nos

657 1952 60 20 bons
748 1952 67 19 chefs
847 1950 92 24 d'école,
972 1950 58 23 dans
1061 1954 33 15 un
1126 1953 43 20 pro-

659 1986 105 20 gramme
784 1980 125 24 éclectique
929 1979 148 24 comportant
1096 1979 24 19 la
1139 1978 29 19 So-

659 2012 54 19 nate
727 2016 30 14 au
769 2010 63 20 Clair
844 2010 27 19 de
883 2010 65 19 Lune
961 2009 28 20 de
1001 2009 141 21 Beethoven,
1155 2007 21 19 la

659 2039 114 20 Mazurka
783 2045 31 14 en
824 2040 28 19 ut
864 2038 63 21 dièse
938 2039 94 19 mineur
1041 2037 28 21 de
1082 2037 90 23 Chopin

658 2070 158 24 l'impromptu
837 2074 29 14 en
886 2069 35 19 sol
941 2068 75 20 bémol
1036 2068 93 23 majeur
1148 2067 29 19 de

660 2099 95 24 Chopin,
773 2100 22 19 le
814 2098 96 20 Menuet
929 2098 101 23 Antique
1049 2097 29 20 de
1098 2097 73 19 Ravel

659 2129 20 19 le
693 2129 99 19 Scherzo
803 2128 125 23 fantasque
942 2128 28 19 de
982 2125 143 25 l'interprète
1136 2126 33 19 lui

659 2158 75 21 même
751 2159 31 25 et,
799 2163 30 14 en
845 2157 42 23 bis,
904 2162 45 15 une
965 2156 64 25 pièce
1047 2156 124 24 espagnole

1210 692 127 47 UNE
1396 692 225 57 EQUIPE
1670 688 455 59 SYMPATHIQUE

1204 798 125 101 Le
1376 796 617 103 Music-Hall
2038 796 775 101 Saint-Sauveur

1224 971 45 25 Que
1281 973 25 21 de
1321 971 38 21 fois
1371 977 129 16 avons-nous
1513 970 68 25 répété
1593 976 40 18 que
1646 968 18 22 le
1677 970 44 18 mot

1199 1001 82 22 d'ordre
1292 1002 49 20 était
1353 1001 25 19 de
1390 999 133 21 reconstruire
1532 1001 22 17 et
1566 1004 39 18 que
1616 997 20 20 la
1648 996 75 24 grande

1200 1030 48 20 voix
1263 1031 26 21 de
1305 1031 19 20 la
1340 1029 78 20 Xation
1434 1028 59 23 Belge
1509 1028 50 20 était
1575 1026 57 24 prête
1647 1026 13 20 à
1675 1031 37 15 sou-

1200 1059 53 20 tenir
1268 1057 29 22 les
1312 1058 73 21 efforts
1401 1057 26 20 de
1442 1062 50 14 ceux
1508 1056 36 24 qui
1560 1058 65 18 osent.

1225 1086 60 21 Cette
1302 1086 46 22 fois,
1365 1092 52 15 nous
1434 1091 91 15 ouvrons
1541 1090 38 16 nos
1596 1082 96 20 colonnes
1709 1081 13 21 à

1198 1121 41 15 une
1256 1114 146 25 sympathique
1420 1112 73 25 équipe
1512 1113 35 24 qui
1566 1111 101 24 s'efforce,
1685 1116 37 19 par

1197 1144 28 21 les
1248 1148 85 19 moyens
1356 1142 27 21 du
1408 1142 59 21 bord,
1488 1141 27 21 de
1538 1146 69 15 mener
1629 1146 29 14 un
1681 1139 40 20 dur

1198 1172 90 21 cembat.
1304 1171 53 20 dont
1373 1171 18 21 le
1408 1169 91 21 bénéfice
1516 1169 93 20 éventuel
1626 1171 31 17 est
1674 1173 38 19 par-

1200 1201 46 23 tagé
1263 1203 57 22 enfre
1338 1202 53 19 tous,
1409 1201 21 17 et
1447 1200 36 22 qui
1502 1197 108 25 gaiement,
1628 1197 19 20 la
1666 1196 55 20 main

1196 1228 53 22 dans
1266 1229 19 20 la
1304 1228 61 22 main,
1384 1227 37 21 fait
1440 1227 44 20 face
1501 1227 13 20 à
1531 1228 69 19 toutes
1617 1226 28 21 les
1662 1225 48 20 diffi-

1198 1255 66 23 cultés
1285 1256 61 20 d'une
1365 1255 111 25 entreprise
1498 1254 99 21 théâtrale
1618 1261 26 14 en
1665 1258 46 15 com-

1198 1290 56 17 mun.

1223 1314 19 20 A
1259 1314 43 20 vrai
1319 1313 50 22 dire,
1386 1314 53 19 cette
1455 1310 74 26 équipe
1546 1311 122 23 n'engendre
1685 1315 37 19 pas

1198 1342 20 21 la
1236 1342 124 20 mélancolie.
1380 1341 33 21 Un
1431 1340 97 22 excellent
1546 1340 110 22 orchestre,
1673 1344 49 15 sous

1199 1370 18 21 la
1232 1370 100 21 direction
1345 1370 30 21 du
1390 1371 89 18 maestro
1495 1368 70 25 Sykes,
1579 1370 80 27 a^cette
1675 1372 37 20 par-

1198 1398 101 21 ticularité
1320 1398 141 24 remarquable
1481 1396 64 22 d'être
1568 1396 56 25 belge
1646 1400 37 16 i°o
1691 1393 31 22 ?c.

1199 1426 54 23 C'est
1273 1427 18 20 le
1312 1429 91 17 moment
1425 1427 25 20 de
1471 1429 74 18 mettre
1566 1431 25 14 en
1613 1425 70 20 branle
1703 1423 19 20 le

1746 968 12 21 à
1773 968 19 21 la
1806 971 56 18 mort
1877 967 194 22 miraculeusement.
2086 966 44 21 Elle
2146 967 76 20 voulait
2239 967 19 20 la-

1746 1002 35 15 ver
1802 1002 32 16 ses
1856 1002 97 16 carreaux
1975 1002 21 17 et
2017 995 118 23 demandait
2158 996 74 20 conseil
2256 995 12 21 à

1746 1024 77 23 Slache.
1841 1025 87 21 Celui-ci
1945 1026 41 24 prit
2003 1027 20 20 la
2039 1023 86 26 planche
2142 1023 13 21 à
2173 1029 95 18 repayer,

1747 1053 94 21 l'installa
1860 1060 36 15 sur
1916 1054 19 21 la
1957 1053 82 23 fenêtre,
2060 1052 65 21 s'-ïssit
2145 1051 50 21 d'un
2217 1051 52 24 côté,

1746 1088 21 15 ce
1781 1083 36 23 qui
1832 1082 73 23 permit
1920 1083 13 20 à
1947 1081 134 21 Toutouneke
2095 1080 108 24 d'occuper
2218 1081 39 20 l'au-

1745 1113 37 20 tre,
1797 1109 108 23 au-dessus
1919 1111 29 21 du
1964 1111 53 23 vide,
2032 1114 20 17 et
2070 1115 12 14 <
2089 1108 61 21 d'une
2167 1108 39 22 fois
2222 1108 46 20 bien

1746 1139 55 20 laver
1815 1145 33 15 ces
1862 1144 96 15 carreaux
1973 1144 50 15 avec
2038 1144 37 15 vos
2088 1136 69 25 doigts
2172 1136 69 21 dessus
2249 1142 19 15 >.

1770 1168 33 21 On
1832 1174 70 15 sonne.
1924 1167 71 22 Slache
2016 1174 21 15 se
2058 1166 51 22 lève,
2131 1165 136 21 Toutouneke

1744 1195 87 22 descend
1851 1203 49 14 avec
1920 1196 85 21 vélocité
2025 1200 21 18 et
2065 1195 39 21 fuit
2124 1195 143 20 connaissance

1744 1230 50 16 avec
1811 1224 18 21 le
1846 1226 90 21 trottoir,
1954 1225 53 24 juste
2024 1231 25 16 en
2067 1224 44 20 face
2128 1222 25 21 de
2171 1222 19 20 la
2208 1226 58 21 porte

1744 1253 95 20 d'entrée.
1863 1251 93 23 Pendant
1979 1259 22 14 ce
2024 1255 72 21 temps,
2120 1253 59 19 notre
2203 1250 63 21 brave

1745 1282 69 21 Slache
1835 1281 116 24 descendait
1971 1281 104 23 l'escalier;
2096 1278 15 21 il
2131 1284 70 19 ouvre,
2221 1279 44 20 voit

1744 1317 22 14 sa
1785 1310 74 22 femme
1875 1312 61 20 assise
1952 1317 36 15 sur
2004 1312 18 20 le
2039 1311 29 19 sol
2085 1310 21 18 et
2124 1307 28 21 lui
2169 1307 31 21 dit
2217 1308 38 19 sim-

1745 1338 89 25 plement
1844 1345 5 14 :
1868 1345 12 13 <
1888 1338 73 23 Tenez,
1973 1342 63 20 tenez,
2048 1338 47 20 c'est
2107 1343 51 14 vous
2170 1337 36 24 qui
2218 1342 49 14 avez

1744 1365 66 23 sonné
1822 1367 10 20 ?
1848 1367 54 20 D'où
1918 1371 63 18 est-ce
1996 1374 40 17 que
2050 1369 24 18 tu
2090 1365 56 21 viens
2162 1366 105 21 comm'ea,

1745 1394 135 20 Toutouneke
1891 1394 10 20 ?
1910 1401 12 14 >

1770 1423 71 21 Slache
1854 1428 31 17 est
1900 1430 53 15 venu
1967 1424 73 21 l'autre
2053 1423 42 21 soir
2108 1427 50 14 avec
2172 1427 38 16 son
2225 1420 41 21 ami

1202 2046 37 31 De
1258 2045 99 39 gauche
1376 2047 16 29 à
1412 2046 83 31 droite
1519 2057 8 19 :
1552 2045 96 31 Marcel
1667 2045 123 35 Antoine,
1808 2043 93 36 Rhum,
1919 2044 143 35 Fernando,
2080 2043 118 30 Mouchet
2215 2048 26 25 et

1691 2086 97 39 Sykès.

759 3004 33 23 M.
805 3003 102 24 Charles
919 3003 161 24 SCHARRES

686 3069 32 20 M.
735 3069 98 22 Sharrès
848 3069 71 20 laisse
934 3068 79 25 parler
1027 3067 25 21 la
1067 3067 107 24 musique

661 3100 140 19 conservant
819 3099 88 19 intacte
937 3098 172 20 l'architecture
1140 3097 40 19 des

660 3133 92 17 œuvres
773 3128 55 24 qu'il
851 3127 134 24 interprète,
1008 3128 111 19 soucieux
1142 3127 30 18 da-

659 3158 102 23 vantage
777 3157 28 20 de
821 3157 113 20 tradition
950 3161 44 19 que
1011 3157 28 19 de
1055 3156 124 20 recherche

660 3186 160 24 d'originalité.
864 3187 45 19 Les
952 3186 69 19 notes
1064 3185 117 20 semblent

660 3215 135 24 s'échapper
815 3220 57 16 sans
894 3215 74 19 effort
988 3215 29 19 de
1038 3219 38 15 ses
1097 3214 83 23 doigts,

661 3245 58 19 dans
745 3246 23 18 la
794 3245 137 23 conception
957 3249 44 19 que
1027 3244 52 19 leur
1098 3242 82 24 simple

660 3274 80 19 valeur
752 3278 83 15 sonore
849 3274 71 19 suffit
931 3273 16 20 à
960 3274 108 18 charmer
1081 3272 99 20 l'oreille.

686 3309 113 20 Musicien
801 3319 12 14 s
830 3309 86 24 belges,
933 3310 68 18 tenez
1017 3309 53 23 bon,
1088 3308 84 19 n'aban-

661 3339 90 20 donnez
764 3344 43 19 pas
819 3339 65 19 votre
899 3339 68 19 noble
980 3338 104 20 mission.
1099 3337 82 19 Cessez

660 3373 42 15 vos
714 3367 136 23 misérables
862 3367 113 25 querelles
987 3372 59 19 pour
1058 3371 57 15 vous
1128 3366 54 19 unir

662 3398 60 20 dans
736 3402 45 15 une
794 3396 112 20 véritable
920 3395 124 21 fraternité
1058 3395 123 24 artistique

664 3427 39 24 qui
719 3432 30 15 ne
765 3430 53 17 sera
833 3427 53 23 plus
900 3425 116 25 dérangée
1030 3430 45 19 par
1090 3425 34 20 les
1139 3424 35 20 fai-

663 3460 66 16 seurs
742 3456 28 19 de
782 3456 102 24 grandes
896 3456 25 20 et
931 3455 86 25 petites
1030 3454 116 24 chapelles
1159 3454 22 19 et

660 3492 42 18 par
713 3487 34 19 les
756 3487 58 18 faux
823 3485 107 20 mécènes
940 3486 119 18 amateurs
1069 3485 40 24 qui
1118 3484 64 19 n'ont

663 3516 46 20 fait
729 3515 93 24 jusqu'à
841 3514 102 25 présent,
962 3514 16 20 à
997 3515 55 23 part
1072 3513 109 24 quelque*

666 3545 138 23 exceptions,
823 3549 45 19 que
886 3543 165 24 déséquilibrer
1069 3544 23 19 et
1108 3541 68 20 défor-

664 3580 50 14 mer
732 3575 78 19 toutes
828 3574 35 20 les
879 3574 99 21 valeurs,
997 3573 65 20 selon
1080 3573 51 19 leur
1149 3572 25 19 in-

665 3603 61 21 térêt
742 3609 30 15 ou
789 3604 50 19 leur
856 3602 225 21 incommensurable
1098 3601 86 20 vanité.

922 3638 101 20 Antoine
1036 3637 107 20 YSAYE.

688 3697 29 20 N.
732 3698 28 19 B.
774 3707 27 6 —
815 3697 20 19 Il
851 3696 37 20 est
903 3696 98 19 difficile
1017 3696 24 20 et
1056 3695 127 20 fastidieux

664 3731 58 19 pour
742 3731 31 15 un
792 3726 106 23 critique,
919 3726 13 18 d
935 3734 11 14 e
966 3725 77 20 suivre
1062 3724 121 24 journelle-

666 3756 77 19 menet
761 3756 78 19 toutes
856 3755 33 21 leg
907 3753 190 20 manifestations
1115 3752 60 20 musi-

664 3785 69 19 cales.
746 3785 65 19 Nous
824 3789 59 15 nous
896 3783 145 25 promettons
1055 3782 130 24 cependant

664 3813 28 19 de
707 3818 81 18 passer
802 3818 29 15 en
847 3818 75 16 revue,
937 3817 29 14 en
981 3812 34 19 fin
1030 3811 29 20 de
1074 3811 109 22 semaine,

665 3842 110 20 l'activité
790 3842 113 19 musicale
919 3841 29 20 de
965 3841 24 19 la
1004 3840 62 23 ville;
1085 3841 24 18 et
1126 3845 58 15 nous

666 3875 136 18 essayerons
817 3871 28 19 de
859 3870 113 20 n'oublier
985 3873 122 21 personne.

886 3911 71 21 »•»

734 3951 78 62 Une
841 3951 89 61 auto
954 3963 42 49 se
1025 3949 91 75 jette

765 4044 129 59 contre
925 4054 51 49 un
1005 4053 88 49 mur

666 4159 34 30 Le
714 4159 159 30 conducteur
884 4161 26 27 et
920 4158 159 37 légèrement
1101 4157 86 30 blessé

669 4212 42 20 che
731 4212 54 26 soir,
804 4217 53 14 vers
876 4216 57 15 onze
953 4212 91 20 heures,
1063 4211 21 19 le
1103 4210 81 20 enauf-

671 4240 53 19 feur
744 4240 107 20 Bernard
872 4240 33 22 F.,
927 4239 131 20 conduisait
1085 4243 29 15 sa
1141 4238 38 20 voi-

669 4270 60 21 ture,
749 4269 112 21 chaussée
885 4271 27 19 de
934 4269 115 22 Vilvorde,
1070 4269 77 22 quand
1169 4268 16 19 il

671 4298 30 19 fit
717 4302 45 15 une
779 4296 121 21 embardée
916 4301 24 18 et
955 4298 47 19 alla
1016 4302 25 14 se
1058 4297 60 23 jeter
1134 4301 43 14 con-

670 4327 36 18 tre
720 4327 21 19 le
757 4331 53 15 mur
825 4326 66 19 d'une
906 4325 96 20 maison.

698 4355 32 18 Le
751 4354 125 24 pare-brise
898 4354 53 20 vola
971 4358 30 16 en
1025 4353 71 21 éclats
1119 4356 25 20 et
1165 4353 21 18 1*

672 4382 142 19 conducteur
835 4387 26 14 se
878 4382 154 20 contusionna
1055 4387 31 15 au
1109 4382 79 23 visage

668 4412 25 19 et
709 4415 15 19 à
742 4412 23 18 la
782 4411 69 19 main.

696 4440 21 20 Il
739 4445 16 15 a
779 4444 55 19 reçu
857 4438 55 21 d'un
934 4439 107 21 médecin
1064 4439 33 20 les
1122 4439 63 19 soins

671 4472 45 20 que
735 4467 120 21 réclamait
873 4472 43 15 son
935 4466 55 21 état.

694 4496 84 20 L'auto
791 4496 38 19 est
844 4495 54 20 hors
915 4496 27 20 de
958 4495 94 21 service.

1199 2153 65 24 grand
1285 2152 96 21 bourdon
1400 2153 27 21 de
1449 2150 162 23 Saînte-Gudule
1623 2150 5 21 I

1224 2182 29 21 Et
1271 2183 48 23 quel
1338 2181 116 24 répertoire,
1473 2181 107 20 Monsieur
1593 2181 5 19 !
1619 2178 57 23 Tous
1694 2178 29 21 les

1199 2209 45 26 plus
1267 2211 66 20 beaux
1354 2209 76 24 succès,
1452 2209 29 20 les
1504 2208 101 21 meilleurs
1626 2213 85 18 arrange-

1200 2243 66 17 ments
1288 2242 48 18 sont
1359 2244 26 15 au
1409 2244 137 19 programme,
1568 2241 21 17 et
1612 2238 19 21 le
1654 2236 68 25 public

1200 2272 30 16 est
1250 2267 64 21 invité
1333 2268 13 20 à
1364 2267 101 24 exprimer
1484 2272 38 15 son
1542 2266 65 20 choix.

1225 2301 66 22 Notre
1308 2301 91 22 national
1417 2302 78 21 Marcel
1512 2301 89 21 Antoine
1617 2302 31 19 est
1665 2299 20 21 là
1702 2301 20 18 et

1199 2329 71 23 Slache
1288 2331 64 24 aussi;
1372 2331 52 21 mais
1441 2337 23 15 ce
1482 2329 86 25 dernier,
1586 2328 41 22 très
1645 2326 77 26 occupé

1199 2364 39 19 par
1265 2358 143 25 Toutouneke,
1438 2359 36 24 qui
1502 2365 13 14 a
1543 2358 22 20 la
1593 2355 131 27 coqueluche,

1201 2388 71 22 n'était
1287 2395 39 17 pas
1340 2388 81 24 présent
1436 2389 13 21 à
1464 2387 20 22 la
1501 2387 166 25 représentation.
1684 2385 30 20 Re-

1201 2422 96 19 marquez
1315 2417 46 20 bien
1379 2423 40 17 que
1436 2424 23 14 ce
1476 2417 51 21 n'est
1544 2421 37 19 pas
1598 2415 20 20 la
1636 2414 87 20 maladie

1200 2445 26 21 de
1241 2444 136 22 Toutouneke
1394 2445 37 24 qui
1447 2443 115 26 préoccupe
1579 2442 77 25 Slache,
1673 2442 52 20 mais

1200 2474 37 21 elle
1255 2475 29 20 lui
1303 2476 79 22 permet
1400 2474 82 21 d'avoir
1500 2480 29 15 un
1548 2479 39 18 peu
1607 2473 26 21 de
1651 2472 72 21 liberté

1200 2508 53 18 pour
1266 2502 116 22 rechercher
1395 2503 65 22 Olive,
1472 2502 84 24 disparu
1570 2501 51 22 dans
1634 2502 28 20 les
1675 2506 37 15 sou-

1199 2530 86 21 terrains
1303 2532 27 21 de
1349 2530 21 21 la
1388 2531 100 25 Jonction
1507 2531 72 24 depuis
1597 2530 19 22 le
1637 2535 24 15 10
1680 2529 42 21 mai

1199 2559 87 22 dernier.

1224 2595 54 22 Mon
1299 2595 87 24 premier
1405 2597 83 18 contact
1509 2600 50 15 avec
1580 2594 78 21 Marcel
1680 2593 32 20 An-

1199 2624 62 23 toine,
1277 2624 88 23 distrait,
1381 2623 33 21 fut
1430 2629 56 15 assez
1501 2624 89 20 curieux.
1606 2622 19 21 II
1642 2629 32 15 me
1691 2627 21 16 re-

1200 2652 64 24 garda
1279 2658 49 14 avec
1343 2653 36 21 des
1395 2658 53 18 yeux
1463 2651 129 26 inexpressifs
1608 2653 20 19 et
1644 2657 33 15 me
1693 2650 31 21 dit

1199 2680 135 25 simplement,
1350 2688 25 15 en
1392 2682 85 20 tendant
1494 2681 20 20 la
1530 2681 56 20 main
1597 2687 5 14 :
1625 2686 13 14 <
1648 2679 76 21 Carde-

1198 2708 79 23 dentîté
1293 2709 96 25 siouplait
1397 2716 20 15 >.
1434 2708 75 25 Sidéré,
1527 2708 19 25 je
1563 2709 102 20 constatai
1683 2713 40 20 que

1200 2738 77 21 Marcel
1294 2739 89 21 Antoine
1398 2739 51 21 était
1464 2738 48 24 déjà
1528 2738 75 21 atteint
1618 2738 26 21 de
1660 2738 53 21 l'ava-

1199 2765 120 22 chissement
1336 2764 112 26 chronique
1465 2765 176 25 bureaucratique,
1658 2764 54 21 affec-

1202 2794 44 21 tion
1267 2795 41 21 très
1328 2800 62 19 grave
1410 2796 37 23 qui
1467 2800 74 18 ravage
1562 2799 38 16 nos
1622 2793 92 21 fonction-

1202 2823 70 23 naires,
1288 2823 48 24 déjà
1352 2824 18 20 si
1385 2822 101 25 éprouvés
1502 2829 37 18 par
1554 2823 20 20 la
1591 2822 88 21 maladie
1694 2822 29 20 du

1201 2852 98 20 sommeil.

1226 2878 56 20 Vous
1306 2878 73 21 tendez
1402 2878 82 21 l'oreille
1496 2878 10 20 ?
1530 2878 80 21 Marcel
1634 2877 89 21 Antoine

1202 2906 149 21 fonctionnaire
1362 2908 10 20 ?
1398 2908 28 21 Et
1451 2907 42 24 oui,
1516 2906 49 21 cher
1589 2905 83 26 lecteur,
1695 2905 29 21 les

1202 2938 66 22 temps
1285 2940 47 17 sont
1349 2936 50 21 durs
1417 2943 53 17 pour
1486 2938 48 20 tous
1551 2939 20 18 et
1588 2937 21 21 la
1627 2935 86 22 distribu-

1201 2965 44 21 tion
1262 2965 35 21 des
1315 2967 65 19 cartes
1396 2966 27 21 de
1440 2964 157 22 ravitaillement
1614 2967 31 18 est
1662 2966 61 23 peut-

1201 2993 42 22 être
1260 2992 110 24 saumâtre,
1388 2994 52 22 mais
1457 3000 12 14 a
1487 2995 18 20 le
1523 2999 45 16 rare
1585 2991 96 27 privilège
1698 2991 26 21 de

1200 3021 80 22 nourrir
1299 3029 38 14 son
1357 3021 88 21 homme.
1466 3022 28 21 Ce
1513 3022 52 21 n'est
1584 3027 37 19 pas
1639 3021 19 21 le
1677 3027 35 14 mo-

1200 3053 57 18 ment
1277 3050 114 21 d'entamer
1413 3051 28 21 les
1463 3048 97 25 réserves,
1582 3049 49 25 qu'il
1652 3051 32 19 est
1705 3048 18 21 si

1199 3078 86 22 difficile
1302 3079 25 22 de
1345 3079 134 20 reconstituer
1495 3079 70 24 après;
1585 3079 78 20 Marcel
1681 3078 32 21 An-

1201 3107 62 23 toine,
1286 3107 119 24 humoriste,
1428 3114 13 14 a
1465 3107 39 21 fait
1528 3107 57 24 place
1607 3107 14 21 à
1644 3105 78 21 Marcel

1201 3135 88 22 Antoine
1307 3134 156 23 fonctionnaire.

1228 3170 19 20 Il
1262 3177 13 15 a
1289 3171 106 24 beaucoup
1410 3171 93 22 d'ennuis
1517 3176 50 16 avec
1581 3168 79 27 Slache,
1674 3169 50 25 qu'il

1200 3198 45 21 doit
1259 3202 73 19 mettre
1347 3206 26 15 au
1389 3199 93 21 vestiaire
1496 3200 27 21 de
1538 3199 20 21 la
1573 3200 78 20 maison
1666 3204 47 15 com-

1201 3226 81 22 munale
1299 3228 25 21 de
1342 3227 133 24 Schaerbeek,
1492 3234 54 18 pour
1561 3227 65 21 éviter
1643 3227 30 22 les
1689 3233 24 14 ca-

1201 3256 125 24 tastrophes;
1340 3262 41 16 car,
1393 3257 37 21 dès
1442 3258 18 20 le
1473 3257 87 23 premier
1572 3256 54 25 jour,
1639 3257 14 20 il
1666 3261 46 15 com-

1201 3290 70 19 mença
1289 3292 30 15 ses
1335 3284 87 25 exploits
1438 3291 26 15 en
1482 3285 123 21 distribuant
1623 3285 35 21 des
1675 3285 38 19 tim-

1201 3312 52 25 bres,
1267 3320 43 15 non
1324 3313 112 21 seulement
1451 3320 40 15 aux
1508 3320 12 14 «
1529 3313 103 20 individus
1639 3319 19 18 >,
1673 3312 51 20 ainsi

1202 3347 40 18 que
1259 3347 52 16 nous
1328 3347 88 15 sommes
1433 3341 118 25 catalogués
1568 3347 38 19 par
1623 3340 101 21 l'aimable

1202 3369 170 25 administration,
1393 3371 51 21 mais
1464 3371 14 21 il
1500 3370 91 21 attribua
1605 3366 118 28 'également

1202 3403 39 15 une
1258 3399 67 21 feuille
1341 3404 53 19 pour
1410 3402 47 18 tous
1473 3399 29 22 les
1517 3399 76 24 chiens,
1609 3398 28 22 les
1654 3404 59 19 perro-

1203 3429 59 22 quets
1278 3431 21 18 et
1316 3429 29 21 les
1362 3427 102 23 enfants...
1481 3428 14 21 à
1512 3428 66 22 venir.

1226 3461 78 22 Marcel
1319 3463 88 21 Antoine
1421 3469 53 15 nous
1488 3462 68 22 donne
1570 3462 36 22 des
1620 3462 103 21 nouvelles

1202 3494 125 19 rassurantes
1342 3498 36 15 sur
1394 3490 142 25 Toutouneke,
1553 3492 36 24 qui
1605 3497 13 15 a
1634 3490 90 26 échappé

1746 2150 78 21 Marcel
1839 2150 89 23 Antoine
1942 2155 21 18 et
1977 2151 35 21 n'a
2026 2156 37 19 pas
2078 2149 65 25 quitté
2158 2149 36 20 des
2209 2155 60 18 yeux,

1747 2179 91 23 pendant
1856 2179 120 21 l'exécution
1995 2179 49 21 d'un
2063 2183 94 15 morceau
2177 2178 26 23 de
2222 2183 35 14 mu-

1743 2206 64 26 sique,
1822 2208 19 21 le
1856 2208 144 24 sympathique
2016 2206 108 24 trombone
2141 2206 62 21 Louis
2219 2206 36 20 Me-

1747 2236 34 21 lon
1801 2239 35 20 (ne
1856 2243 39 17 pas
1914 2237 113 21 confondre
2047 2243 49 15 avec
2116 2236 19 21 le
2157 2235 59 22 fruit)
2225 2242 6 16 ;
2253 2235 14 20 il

1746 2264 50 22 était
1816 2264 88 24 intrigué
1924 2271 37 17 par
1980 2265 17 22 le
2018 2266 130 19 mouvement
2168 2264 26 21 de
2215 2263 53 23 bras,

1746 2293 24 20 de
1794 2300 21 15 ce
1839 2294 125 21 va-et-vient
1988 2292 69 26 rapide
2080 2294 36 23 qui
2139 2296 78 21 permet
2240 2291 27 20 de

1747 2322 48 21 tirer
1808 2323 26 20 de
1847 2326 32 17 cet
1894 2322 111 21 insrument
2019 2323 35 20 des
2067 2327 47 16 sons
2128 2319 140 21 harmonieux.

1769 2360 28 5 —
1811 2355 13 15 «
1833 2348 30 25 Ça
1877 2353 30 18 est
1921 2350 120 21 toulemêrae
2054 2355 28 15 un
2096 2348 80 24 travail,
2189 2352 23 18 tu
2226 2348 41 21 sais

1747 2378 84 23 Marcel,
1850 2379 105 24 regar'une
1975 2380 39 21 fois
2031 2385 38 15 son
2088 2378 47 22 bras
2154 2383 79 16 comme
2254 2383 13 19 y

1746 2413 27 15 va
1789 2407 38 21 vit'
1843 2412 20 18 et
1880 2407 47 22 c'est
1945 2406 93 25 toujours
2053 2407 14 21 à
2082 2412 148 15 recommencer
2242 2406 5 20 !
2256 2412 12 14 >

1771 2441 64 25 Après
1853 2441 119 23 l'exécution
1990 2444 28 20 du
2037 2447 100 16 morceau,
2156 2442 70 21 Slache
2245 2447 21 15 se

1747 2472 49 20 rend
1816 2471 45 24 près
1878 2472 28 20 du
1926 2471 103 24 musicien,
2046 2471 100 21 demande
2165 2472 18 20 le
2202 2474 54 17 trom-

1747 2499 53 22 bone
1817 2500 12 21 à
1846 2499 75 24 prêter,
1938 2500 88 24 l'essaye,
2045 2500 37 21 fait
2099 2500 18 20 le
2135 2501 132 18 mouvement

1746 2528 26 22 de
1790 2528 47 23 bras
1854 2533 50 15 avec
1922 2528 74 22 facilité
2012 2532 21 18 et
2051 2531 63 17 remet
2132 2528 136 20 l'instrument

1745 2563 26 14 en
1788 2555 85 23 disant:
1897 2562 13 14 «
1919 2556 31 22 Eh
1968 2557 47 21 bien
2032 2557 78 20 merci!
2129 2557 43 21 moi
2190 2557 20 25 je
2230 2556 38 21 fais

1747 2591 24 18 ça
1785 2592 25 15 en
1825 2590 40 17 une
1881 2586 45 23 fois,
1941 2591 27 16 un
1983 2587 48 20 aller
2044 2589 21 18 et
2080 2588 68 18 retour
2161 2585 5 20 !
2174 2592 13 14 >

1770 2619 79 22 Marcel
1862 2621 89 21 Antoine
1965 2624 28 18 est
2008 2621 153 21 naturellement
2175 2621 18 21 le
2207 2627 48 19 spea-

1746 2648 36 21 ker
1795 2650 29 20 du
1840 2648 127 21 Music-Hall
1982 2648 160 22 Saint-Sauveur
2157 2654 20 17 et
2193 2649 75 25 réjouit

1746 2676 18 21 le
1785 2678 70 24 public
1877 2684 37 18 par
1934 2683 24 15 sa
1979 2677 92 25 faconde,
2091 2676 90 23 heureux
2201 2678 26 22 de
2249 2678 19 20 le

1748 2707 105 20 retrouver
1870 2712 79 16 comme
1967 2706 13 22 il
1997 2707 26 21 l'a
2041 2706 38 23 été,
2095 2706 109 22 dimanche
2222 2706 35 21 der-

1747 2734 48 24 nier,
1810 2742 27 14 en
1852 2735 126 20 l'entendant
1993 2735 13 20 à
2023 2734 179 22 Radio-Bruxelles
2218 2741 39 14 con-

1747 2765 31 19 ter
1796 2763 29 22 les
1840 2763 81 20 tonnes
1941 2766 106 19 aventures
2065 2764 27 21 de
2112 2763 77 21 Slache.
2209 2763 59 20 Nous

1746 2791 95 24 esi>érons
1858 2795 47 18 tous
1923 2799 39 17 que
1979 2799 31 15 ces
2027 2792 110 24 émissions,
2155 2793 35 24 qui
2208 2798 48 14 man-

1747 2819 83 24 quaient
1852 2826 28 16 au
1903 2822 68 23 public
1994 2821 112 23 bruxellois,
2129 2825 69 17 seront
2222 2820 46 25 plus

1748 2847 122 25 fréquentes,
1887 2854 36 14 car
1939 2849 77 31 Sb^V,
2032 2849 30 20 lui
2079 2851 60 21 aussi,
2156 2849 46 22 doit
2219 2854 39 19 par-

1748 2876 70 24 ticiper
1835 2881 26 15 au
1880 2873 119 24 relèvemefft
2016 2876 85 24 général.
2120 2877 33 20 Un
2171 2877 42 21 bon
2231 2877 38 19 rire

1747 2908 30 17 est
1794 2906 54 19 aussi
1866 2905 50 21 utile
1933 2905 74 24 qu'une
2024 2906 74 21 tartine
2115 2909 20 17 et
2153 2905 68 22 donne
2238 2907 28 19 du

1748 2938 53 15 cœur
1819 2940 26 14 au
1864 2936 71 18 ventre
1953 2940 51 17 pour
2022 2933 19 20 la
2059 2933 52 21 lutte
2129 2933 138 25 quotidienne.

1773 2967 34 21 Un
1822 2966 66 25 jeune,
1903 2969 46 21 bien
1964 2968 125 23 intéressant,
2104 2968 47 21 c'est
2167 2969 30 20 De
2213 2969 54 19 Lan-

1746 2995 36 25 dy,
1795 3003 29 15 un
1838 2996 96 22 excellent
1949 2997 102 20 imitateur
2066 2997 24 20 de
2105 2996 81 22 Trenet.
2202 2997 55 20 L'his-

1747 3025 52 22 toire
1815 3026 26 21 de
1857 3032 23 15 ce
1897 3025 41 20 très
1954 3026 65 24 jeune,
2037 3027 35 23 qui
2089 3025 75 23 débute
2180 3025 52 23 dans
2249 3026 18 20 le

1747 3053 77 23 métier,
1843 3057 32 18 est
1895 3060 55 15 assez
1968 3055 97 21 curieuse.
2086 3054 17 21 Il
2123 3059 30 17 est
2175 3055 92 20 mobilisé

1746 3088 25 14 en
1786 3083 114 23 septembre
1915 3082 79 23 dernier
2008 3086 28 19 et,
2051 3084 75 20 l'ennui
2142 3083 91 24 régnant,
2250 3083 17 20 le

1747 3109 22 21 8*
1789 3110 98 23 régiment
1905 3110 27 22 de
1950 3112 52 23 ligne
2022 3112 92 24 organise
2135 3117 38 16 une
2193 3114 74 22 troupe

1746 3139 107 22 .■.rtistique
1868 3139 51 22 dont
1936 3140 36 21 fait
1987 3140 64 25 partie
2067 3142 58 18 notre
2142 3141 30 22 De
2188 3140 73 25 Landy

1746 3166 18 22 II
1778 3170 31 18 est
1822 3165 110 26 remarqué
1947 3175 36 17 par
1996 3169 19 21 le
2030 3167 45 21 chef
2090 3167 122 23 d'orchestre
2227 3168 39 20 Sv-

1746 3201 42 17 »:es,
1801 3196 47 24 joue
1862 3195 111 25 également
1986 3203 53 19 pour
2051 3193 92 25 l'CEuvre
2157 3196 111 24 Elisabeth,

1745 3226 21 18 et
1787 3223 135 23 maintenant,
1941 3225 117 21 démobilisé
2077 3229 21 17 et
2118 3231 48 16 sans
2186 3226 80 23 travail,

1746 3257 21 18 5e
1782 3253 57 22 lance
1853 3259 50 15 avec
1919 3253 74 24 fougue
2008 3255 51 21 dans
2073 3253 21 21 la
2109 3254 85 21 carrière
2210 3253 47 22 théâ-

1746 3279 57 21 trale.
1823 3281 17 20 Il
1861 3281 91 23 réussira.

1771 3314 29 22 Le
1819 3315 60 20 ténor
1898 3316 105 25 Mouchet,
2021 3316 84 22 l'artiste
2125 3316 47 22 bien
2191 3323 75 18 connu,

1746 3343 98 22 enchante
1862 3346 18 20 le
1898 3346 68 22 public
1983 3353 37 18 par
2036 3352 23 14 sa
2077 3347 47 20 voix
2141 3347 86 23 superbe
2245 3349 20 18 «t

1746 3377 51 17 nous
1813 3373 110 22 interprète
1938 3375 28 22 les
1981 3375 109 24 classiques
2105 3375 28 21 du
2151 3374 115 25 répertoire,

1746 3400 51 21 ainsi
1812 3407 41 18 que
1867 3401 90 23 d'autres
1972 3402 99 22 chansons
2086 3402 135 23 charmantes.
2239 3402 28 22 Ce

1748 3429 30 22 bel
1798 3429 77 23 artiste,
1893 3437 27 15 au
1941 3431 98 25 physique
2059 3433 134 23 avantageux,
2214 3438 42 15 rem-

1747 3461 58 20 porte
1821 3465 30 15 un
1869 3459 67 22 succès
1953 3460 77 23 mérité.

1773 3490 89 26 Gaspart
1886 3491 55 26 Féri,
1963 3494 70 22 violon
2057 3494 86 26 tzigane,
2167 3495 51 23 tient
2241 3501 23 15 sa

2290 968 64 22 partie
2368 974 25 14 en
2408 966 73 22 maître
2496 968 20 18 et
2531 966 48 23 joue
2593 965 98 24 quelques
2705 970 107 15 morceaux

2289 995 24 22 de
2330 996 53 23 rêve,
2399 996 63 22 pleins
2477 996 26 20 de
2518 994 110 21 sentiment
2643 997 20 16 et
2680 994 25 21 de
2722 994 90 23 rythmes

2289 1024 89 21 ardents.
2397 1024 44 20 Une
2459 1026 58 18 autre
2535 1022 137 24 personnalité
2690 1029 20 14 se
2728 1022 84 21 détache

2289 1052 25 21 de
2336 1050 122 23 l'orchestre,
2481 1051 58 20 Mme
2562 1048 55 22 Félîa
2639 1049 116 24 Dochaerd,
2777 1051 35 24 qui

2289 1080 64 22 ■iouJc
2369 1082 25 20 de
2410 1081 69 21 cordas
2495 1079 80 21 vocales
2591 1086 59 17 pures
2664 1081 21 19 Ct
2700 1079 63 23 sûres,
2778 1086 24 15 cu-

2289 1109 53 21 mule
2359 1111 29 19 (et
2404 1108 21 21 la
2442 1109 26 21 loi
2485 1114 35 15 sur
2536 1106 28 21 les
2581 1108 85 21 cumuls.
2683 1107 97 21 Madame
2793 1108 15 22 !)

2289 1143 24 15 en
2336 1137 73 24 jouant
2429 1138 29 20 du
2480 1136 70 21 violon
2571 1136 13 21 à
2605 1135 20 20 la
2647 1135 119 25 perfection,
2787 1143 24 14 en

2289 1166 88 24 parfaite
2396 1166 78 20 artiste.

2315 1194 58 19 Nous
2388 1201 65 14 avons
2467 1193 61 24 gardé
2543 1198 54 19 pour
2610 1192 20 21 la
2645 1192 67 24 bonne
2728 1193 85 21 bouche,

2288 1222 109 22 l'excellent
2411 1223 68 20 Rhum
2490 1226 22 17 et
2522 1228 37 14 son
2572 1222 114 23 partenaire
2699 1221 113 22 Fernando.

2315 1252 32 20 On
2362 1252 39 20 sait
2418 1257 39 17 que
2475 1249 69 20 Rhum
2562 1253 38 19 lut,
2617 1250 90 23 pendant
2724 1250 34 21 des
2775 1256 26 14 an-

2289 1279 53 23 nées,
2357 1279 20 21 la
2393 1278 76 24 grande
2485 1279 81 20 vedette
2582 1278 28 20 du
2627 1278 68 25 cirque
2711 1279 101 20 Médrano

2289 1308 52 20 dont
2364 1311 58 18 votre
2443 1307 100 20 serviteur
2564 1314 25 14 ne
2611 1307 108 24 manquait
2740 1307 73 24 jamais

2288 1342 39 16 une
2353 1336 93 21 nouvelle
2470 1335 168 25 représentation.
2664 1336 58 21 Nous
2746 1342 65 15 avons

2290 1366 73 20 trouvé
2378 1366 69 20 Rhum
2462 1372 28 14 un
2505 1370 38 18 peu
2560 1363 156 25 mélancolique;
2733 1364 17 22 le
2764 1364 38 20 sim-

2288 1395 32 22 ple
2336 1397 44 17 mot
2400 1400 12 14 <
2420 1392 102 21 Médrano
2529 1400 12 13 >
2559 1393 32 21 fut
2608 1399 52 17 pour
2677 1393 27 20 lui
2721 1392 18 24 le
2756 1392 55 22 Kru-

2289 1420 49 21 %hcn
2365 1422 26 21 de
2417 1420 84 25 joyeuse
2530 1419 106 25 mémoire,
2664 1423 20 17 et
2712 1422 47 21 c'est
2787 1427 24 15 en

2288 1449 136 22 s'échauffant
2446 1451 49 23 qu'il
2514 1449 82 25 évoqua
2618 1450 19 20 la
2657 1450 108 24 splendeur
2786 1450 25 21 de

2289 1485 21 15 ce
2327 1478 75 25 cirque,
2421 1479 75 23 unique
2513 1478 13 20 à
2544 1477 62 22 Paris.

2314 1508 26 20 Et
2356 1512 79 15 comme
2450 1514 27 14 on
2492 1512 21 15 se
2528 1508 95 18 retrouve
2636 1506 4 21 !
2658 1507 28 20 Le
2702 1506 109 21 fondateur

2289 1536 25 21 de
2334 1535 109 24 Médrano,
2462 1535 54 21 alors
2535 1535 75 24 Cirque
2630 1534 114 26 Fernando,
2762 1536 50 20 n'est

2287 1566 58 17 autre
2369 1564 63 24 qu'un
2458 1563 66 24 Belge,
2547 1568 28 16 un
2600 1562 86 22 Gantois
2709 1564 28 20 du
2762 1569 48 14 nom

2289 1592 129 23 d'Henrotte,
2435 1594 35 22 qui
2486 1592 71 21 devint
2574 1592 76 21 célèbre
2667 1598 47 15 sous
2730 1593 17 21 le
2764 1598 48 14 nom

2287 1621 27 19 du
2335 1621 66 20 clown
2424 1620 152 21 Boum-Boum.
2598 1620 54 22 Pour
2674 1622 17 20 le
2713 1623 97 21 moment,

2289 1649 100 21 Médrano
2403 1653 30 17 est
2448 1648 155 21 naturellement
2619 1649 62 21 fermé
2695 1654 20 17 et
2728 1655 38 15 son
2779 1650 21 20 di-

2288 1679 77 19 recteur
2381 1681 32 18 est
2429 1677 81 21 officier
2526 1677 100 22 aviateur.

2313 1704 114 25 Fernando,
2442 1707 18 20 le
2476 1707 114 23 partenaire
2605 1705 25 20 de
2647 1705 75 22 Rhum,
2737 1709 30 18 est
2783 1712 27 15 un

2289 1735 71 21 enfant
2374 1735 26 21 de
2414 1735 20 20 la
2449 1734 62 24 balle;
2528 1735 34 21 dès
2578 1734 50 24 l'âge
2641 1736 26 20 de
2683 1739 71 20 quatre
2769 1742 43 14 ans.

2289 1763 13 22 il
2320 1763 49 22 était
2386 1768 27 15 en
2432 1763 51 24 piste
2499 1767 22 18 et
2539 1768 31 17 cet
2589 1762 82 23 homme
2689 1764 24 21 de
2731 1765 23 19 6i
2774 1769 37 14 ans

2289 1795 30 17 est
2340 1798 71 15 encore
2432 1792 31 20 vif
2482 1798 80 15 comme
2583 1798 27 15 un
2632 1793 58 22 jeune
2712 1792 101 20 acrohatc.

2288 1820 59 24 après
2363 1821 58 20 avoir
2438 1821 57 21 passé
2511 1827 40 15 une
2568 1821 32 20 vie
2616 1821 74 21 entière
2708 1820 104 21 consacrée

2288 1855 26 14 au
2333 1849 75 23 cirque,
2425 1849 53 21 dans
2495 1850 47 18 tous
2560 1849 28 21 les
2604 1848 92 24 emplois.

2315 1875 69 22 Rhum
2403 1878 20 18 et
2442 1876 107 21 Fernando
2568 1881 46 17 sont
2633 1876 46 22 bien
2697 1876 103 25 sympathi-

2290 1911 55 18 ques.
2364 1906 28 21 Le
2411 1905 86 24 premier
2515 1909 31 17 est
2564 1905 107 26 beaucoup
2690 1905 45 25 plus
2753 1905 59 24 jeune

2289 1940 39 18 que
2342 1935 17 21 le
2372 1934 74 21 second
2461 1935 52 20 mais
2528 1935 18 23 je
2561 1937 94 18 retrouve
2669 1941 24 14 en
2708 1940 37 16 eux
2760 1937 52 17 cette

2289 1962 65 20 même
2374 1962 57 21 fierté
2448 1963 28 21 du
2494 1961 81 23 métier,
2593 1969 21 15 ce
2632 1963 69 21 besoin
2718 1964 26 21 de
2763 1963 49 20 faire

2289 1993 95 22 partager
2399 1999 28 14 un
2442 1991 151 21 enthousiasme
2609 1998 53 17 pour
2679 1996 37 17 une
2735 1991 67 25 profes-

2289 2020 44 20 sion
2354 2021 36 22 qui
2410 2019 101 21 demande
2531 2020 174 22 d'innombrables
2727 2020 86 24 qualités

2289 2048 117 23 artistiques
2420 2052 21 17 et
2455 2055 40 15 une
2509 2048 46 22 sûre
2570 2048 114 24 technique,
2699 2054 51 19 pour
2765 2054 37 19 pro-

2290 2082 78 18 voquer
2384 2076 20 20 la
2420 2075 48 25 joie.

2316 2106 64 20 Emile
2397 2104 50 21 Zola
2461 2113 12 13 a
2488 2105 145 24 parfaitement
2648 2104 73 22 définit
2737 2106 18 20 Iq
2771 2105 31 21 dif-

2291 2133 71 21 ficulté
2382 2133 25 21 de
2429 2133 51 22 faire
2500 2134 39 21 rire
2563 2140 12 14 «
2583 2133 113 22 sainement
2703 2140 18 13 ».
2745 2134 67 19 Rhum

2288 2164 21 18 ct
2330 2162 108 20 Fernando
2458 2168 47 17 sont
2525 2162 36 22 des
2580 2162 133 23 artistes-nés.
2732 2162 24 21 Us
2775 2165 38 18 ont

2290 2197 27 14 un
2335 2190 147 24 tempérament
2499 2191 36 23 qui
2550 2198 21 15 se
2587 2190 48 24 joue
2650 2190 36 20 des
2701 2190 113 21 difficultés

2289 2224 59 19 parce
2367 2219 49 24 qu'il
2436 2227 13 16 y
2468 2227 12 13 a
2499 2226 25 14 en
2543 2225 38 15 eux
2599 2226 29 14 un
2647 2220 105 22 atavisme,
2773 2226 39 14 une

2290 2253 45 15 race
2354 2247 26 23 de
2400 2254 49 16 cens
2467 2249 26 20 de
2513 2248 69 23 cirque
2601 2248 53 22 dont
2673 2249 25 22 ils
2717 2253 47 17 sont
2785 2248 27 20 les

2288 2274 70 24 dignes
2376 2275 141 22 descendants.

2314 2302 78 25 Jamais
2409 2310 52 16 vous
2478 2311 25 14 ne
2520 2310 69 15 verrez
2604 2305 37 21 des
2656 2303 77 22 clowns
2750 2304 24 21 de
2791 2303 19 21 la

2289 2331 63 23 classe
2370 2333 25 22 de
2416 2334 69 20 Rhum
2504 2333 50 20 faire
2572 2340 29 15 un
2620 2336 54 21 geste
2692 2333 121 25 déplaisant,

2289 2361 77 24 risquer
2379 2369 39 14 une
2432 2368 67 17 grasse
2512 2363 138 23 plaisanterie;
2665 2363 48 21 c'est
2727 2362 47 22 inné
2786 2368 26 14 en

2289 2396 39 14 eux
2345 2396 39 18 que
2401 2391 25 21 de
2443 2396 117 18 provoquer
2576 2392 18 21 le
2611 2392 39 21 rire
2669 2396 12 15 <
2688 2390 45 21 sain
2741 2397 19 17 >,
2777 2396 37 19 par

2289 2418 35 22 des
2345 2424 84 18 moyens
2449 2418 82 25 simples
2550 2423 21 17 et
2592 2424 85 19 presque
2697 2419 116 20 instinctifs.

2289 2447 17 21 Il
2326 2448 51 20 n'est
2398 2454 36 17 pas
2455 2447 85 22 difficile
2559 2447 135 25 d'apprendre
2715 2448 97 25 quelques

2289 2475 114 24 gaudrioles
2422 2476 46 21 bien
2488 2477 83 22 corsées,
2591 2476 25 20 de
2634 2482 21 16 se
2674 2475 95 26 déguiser
2786 2482 27 15 en

2292 2509 11 14 c
2312 2504 53 21 vuile
2381 2502 109 25 Jeannette
2497 2510 13 15 >
2525 2508 28 19 et,
2570 2505 12 20 à
2598 2504 59 21 l'aide
2674 2504 25 21 de
2716 2504 97 25 quelques

2289 2535 64 20 gestes
2372 2533 46 21 bien
2438 2533 189 25 compréhensibles,
2647 2535 49 21 faire
2716 2534 38 22 rire
2774 2539 39 16 une

2289 2561 66 22 bande
2371 2561 124 21 d'imbéciles
2513 2564 35 21 qui
2565 2561 127 24 confondent
2709 2561 66 22 clown
2792 2564 20 18 et

2288 2590 59 24 pitre.

2314 2617 20 21 Y
2353 2617 58 22 a-t-il
2430 2625 28 15 un
2477 2619 43 22 bon
2540 2619 65 21 clown
2625 2624 34 16 sur
2678 2619 35 21 dix
2723 2619 10 21 ?
2753 2619 59 21 Nous

2288 2652 25 16 ne
2329 2647 18 21 le
2363 2652 88 19 croyons
2467 2654 44 17 pas,
2526 2649 54 20 aussi
2597 2648 158 20 extraordinaire
2773 2653 39 20 que

2288 2675 41 20 cela
2348 2676 66 23 puisse
2431 2675 96 25 paraître.
2546 2676 112 25 Comparez
2676 2677 18 21 le
2711 2677 33 24 jeu
2762 2676 50 20 d'un

2290 2703 68 21 Rhum
2374 2711 49 14 avec
2438 2705 29 21 les
2482 2706 96 22 quelques
2595 2711 86 18 pauvres
2697 2708 59 21 types
2772 2705 41 25 qui,

2289 2737 60 19 parce
2366 2733 60 24 qu'ils
2443 2737 37 18 ont
2498 2733 38 22 mis
2554 2733 27 22 du
2600 2734 59 21 blanc
2678 2740 47 18 gras
2740 2739 36 16 sur
2793 2733 19 21 la

2289 2759 71 25 figure,
2379 2767 21 15 se
2420 2765 79 17 sacrent
2519 2762 71 21 artiste
2610 2766 20 17 et
2651 2762 107 24 gémissent
2778 2768 35 14 sur

2288 2789 18 21 le
2324 2794 89 19 manque
2430 2789 170 24 d'engagements.

2314 2816 28 21 Le
2357 2818 33 23 jeu
2403 2818 26 21 de
2445 2818 68 20 Rhum
2527 2822 21 17 et
2562 2819 25 22 de
2600 2825 38 14 son
2654 2819 113 23 partenaire
2782 2821 30 18 est

2288 2844 61 22 d'une
2368 2845 88 20 extrême
2474 2845 107 25 simplicité
2598 2849 22 17 et
2636 2853 39 14 suu
2694 2846 118 20 rendement

2289 2875 29 17 est
2333 2873 167 22 extraordinaire.
2515 2873 28 21 Ils
2558 2877 109 19 ressortent
2683 2874 36 21 des
2732 2874 82 21 sketchs

2288 2906 85 17 connus,
2389 2907 79 17 comme
2485 2903 50 21 celui
2553 2903 27 21 du
2596 2902 43 22 duo
2656 2904 25 21 de
2698 2903 115 25 rossignols,

2289 2931 20 18 et
2327 2931 20 20 la
2365 2929 48 23 salle
2432 2932 40 20 crie
2489 2936 23 16 sa
2530 2931 51 24 joie;
2600 2931 25 21 ils
2644 2936 120 20 reprennent
2784 2937 27 15 un

2289 2960 58 19 autre
2361 2958 78 23 sketch,
2453 2959 27 21 où
2494 2960 28 21 les
2535 2960 92 21 assiettes
2641 2959 72 24 jouent
2728 2965 27 15 un
2771 2959 42 21 rôle

2288 2986 25 21 de
2329 2986 86 25 premier
2431 2986 55 25 plan,
2499 2992 21 17 et
2537 2993 37 16 nos
2588 2988 53 21 deux
2657 2988 107 23 excellents
2779 2994 33 14 ar-
2822 2986 5 22 !

2289 3015 56 22 tistes
2363 3018 126 21 remportent
2507 3023 27 15 un
2552 3023 94 15 nouveau
2665 3017 74 22 succès.

2313 3042 39 23 Pas
2369 3051 27 14 un
2413 3047 61 21 geste,
2490 3051 37 18 pas
2544 3052 39 15 une
2599 3045 116 22 intonation
2733 3046 35 25 qui
2785 3051 25 15 ne
2823 3055 5 8 >

2288 3072 40 21 soit
2340 3075 76 21 exacte,
2431 3073 46 22 bien
2491 3074 74 23 placée,
2579 3074 104 21 raisonnée
2697 3080 53 19 pour
2764 3081 48 18 pro-
2822 3069 5 31 |

2288 3105 78 20 voquer
2385 3107 22 16 ce
2426 3102 42 21 bon
2487 3103 38 21 rire
2543 3102 52 25 sain,
2614 3104 35 23 qui
2669 3109 52 16 vous
2739 3109 72 15 secoue
2823 3110 4 6 •

2288 3133 21 17 et
2328 3130 52 22 dont
2400 3136 52 14 vous
2471 3130 63 23 n'êtes
2553 3138 36 17 pas
2608 3130 56 25 gêné,
2683 3138 60 18 parce
2763 3132 48 25 qu'il

2289 3157 49 22 n'est
2356 3164 36 17 pas
2410 3160 106 22 provoqué
2534 3167 36 16 par
2588 3165 39 16 une
2644 3159 125 25 grossièreté.

2314 3184 53 24 C'est
2385 3187 102 21 d'ailleurs
2506 3187 119 22 l'ambiance
2643 3188 26 21 de
2687 3189 20 21 la
2725 3189 86 20 maison.

2289 3213 53 22 C'est
2361 3220 27 16 un
2406 3216 99 23 spectacle
2521 3218 26 20 de
2565 3216 84 24 famille,
2666 3217 107 25 artistique
2789 3220 22 18 et

2288 3242 39 24 gai,
2342 3242 51 25 joué
2409 3250 37 17 par
2461 3244 36 21 des
2510 3245 82 21 artistes
2606 3251 84 18 connus,
2706 3246 106 20 excellents

2286 3274 22 18 et
2322 3272 64 22 doués
2401 3274 28 20 du
2446 3274 33 21 feu
2493 3274 63 21 sacré.

2315 3298 28 24 Ils
2363 3304 48 17 sont
2432 3300 67 22 lancés
2521 3302 51 22 dans
2595 3308 40 16 une
2656 3305 98 20 aventure
2776 3303 36 25 qui

2288 3326 44 23 doit
2343 3328 73 22 réussir
2428 3335 60 18 parce
2501 3332 59 22 qu'ils
2572 3332 18 20 le
2601 3331 107 24 méritent;
2723 3333 23 20 ils
2758 3332 42 20 don-

2289 3360 49 18 nent
2356 3362 39 17 une
2413 3358 57 23 leçon
2488 3358 13 21 à
2518 3365 50 16 ceux
2586 3361 35 23 qui
2640 3360 79 21 n'osent
2737 3366 37 19 pas
2790 3366 21 16 et

2288 3390 79 17 comme
2384 3387 18 21 le
2420 3386 69 24 public
2506 3395 12 14 a
2537 3389 69 21 besoin
2623 3389 26 21 de
2666 3389 107 22 dérivatifs
2790 3392 21 18 et

2290 3420 39 18 que
2346 3416 66 21 parmi
2429 3422 33 15 ces
2476 3416 96 24 derniers,
2589 3418 19 20 la
2625 3417 109 23 dilatation
2751 3419 25 21 de
2793 3420 19 20 la

2289 3444 44 20 rate
2347 3447 77 20 occupe
2440 3449 40 16 une
2496 3444 56 25 place
2569 3445 25 20 de
2610 3444 66 25 choix,
2692 3451 32 15 ces
2740 3445 74 21 braves

2287 3470 80 23 artistes
2383 3473 122 24 participent
2522 3474 60 23 donc,
2599 3474 51 22 dans
2666 3475 43 20 leur
2726 3481 85 15 mesure,

2287 3505 26 15 au
2332 3505 115 17 renouveau
2466 3503 35 22 qui
2519 3506 30 18 est
2567 3508 24 15 en
2610 3503 88 21 marche.
2723 3499 16 19 J
2740 3512 5 6 -
2763 3499 26 20 Lu

1314 3582 599 151 Bruxelles,
1984 3634 265 79 mon
2318 3590 395 155 village

1207 3817 67 37 EN
1292 3817 240 38 FLANANT

1211 3899 274 88 Passages
1519 3900 209 72 cloutés

810 4579 241 55 Propagez

712 4650 67 46 La
804 4649 175 45 Nation
1003 4648 142 55 Belge

145 5551 38 25 La
196 5555 135 22 commune
346 5548 32 25 de
392 5548 66 24 Jette
473 5547 71 25 vient
558 5546 32 25 de
603 5546 98 31 perdre
716 5553 47 17 son
781 5546 177 29 bourgmestre,
974 5546 32 23 M.
1024 5546 52 24 Van
1092 5547 94 29 Huyne-

268 5585 66 28 genu
348 5578 73 28 Votcl
432 5576 25 28 te
468 5584 77 26 corps
557 5578 98 25 sortant
691 5576 34 28 de
741 5575 27 29 la
783 5576 98 27 Maison
899 5577 165 29 communale,

524 5635 3 11 <

1236 4053 12 13 «
1263 4047 83 24 Quand
1360 4046 58 21 c'est
1432 4052 47 15 aux
1491 4047 93 25 piétons
1599 4047 28 21 de
1641 4051 88 21 passer,

1236 4082 12 14 »
1263 4076 61 19 C'est
1338 4081 42 19 pas
1395 4081 47 15 aux
1455 4077 103 19 voitures
1573 4076 28 20 de
1616 4081 87 20 passer,

1237 4112 10 12 »
1262 4105 83 23 Quand
1358 4105 56 20 c'est
1426 4110 47 15 aux
1486 4106 102 19 voitures
1601 4106 28 18 de
1642 4109 87 20 passer,

1236 4140 12 13 »
1264 4134 61 20 C'est
1340 4139 43 19 pag
1399 4139 46 14 aux
1459 4133 93 25 piétons
1567 4135 27 19 de
1610 4139 92 21 passer;

1237 4169 12 13 »
1267 4163 62 20 C'est
1345 4164 22 19 le
1385 4163 129 24 règlement
1522 4163 7 20 !
1548 4169 14 14 »

1236 4198 182 21 L'innoubllable
1441 4198 157 21 chef-deeuvre
1620 4198 29 20 de
1671 4199 59 19 Paul

1210 4228 102 23 Collnne,
1325 4229 21 19 le
1361 4228 155 20 chansonnier
1528 4228 53 19 bien
1595 4232 83 19 connu,
1691 4232 38 15 me

1211 4257 92 20 trottait
1315 4262 29 15 en
1356 4257 48 20 tête
1416 4258 56 20 hier,
1484 4257 62 20 alors
1559 4262 44 19 que
1614 4258 23 23 je
1649 4257 80 24 voyais

1211 4291 45 15 une
1271 4286 70 20 brave
1357 4287 92 22 femme,
1464 4285 83 25 égarée
1561 4291 31 15 au
1607 4286 79 19 milieu
1701 4286 28 19 de

1212 4316 23 19 la
1257 4316 65 24 place
1344 4315 29 20 de
1395 4316 23 19 la
1438 4316 96 22 Bourse,
1557 4316 63 19 aussi
1643 4314 86 20 affolée

1211 4345 83 23 qu'une
1315 4345 67 24 poule
1403 4346 39 23 qui
1463 4349 14 15 a
1498 4344 82 21 trouvé
1602 4349 44 15 une
1667 4345 53 19 four-

1211 4374 84 20 chette.

1236 4409 32 20 Le
1286 4414 82 19 propre
1386 4409 28 19 de
1430 4409 131 23 mesdames
1579 4414 42 16 nos
1638 4414 83 19 compa-

1212 4443 63 19 gnes,
1290 4439 56 19 c'est
1359 4438 28 19 de
1402 4439 117 19 traverser
1534 4438 32 19 les
1581 4443 54 15 rues
1649 4442 29 15 en
1693 4439 28 19 de-

1212 4468 55 18 hors
1285 4467 42 19 des
1343 4472 112 19 passagej
1471 4466 94 20 cloutés.
1583 4468 34 19 La
1634 4467 87 19 circula-

1212 4497 49 18 tion
1283 4496 59 19 n'est
1362 4501 42 19 pas
1427 4495 248 20 extraordinalrement
1697 4497 23 19 in-

1213 4526 65 18 tense
1298 4525 67 22 mais,
1385 4525 143 22 néanmoins,
1549 4525 33 20 les
1603 4526 128 19 nombreux

1212 4554 94 23 convois
1321 4555 39 23 qui
1376 4554 125 19 sillonnent
1517 4554 66 19 notre
1599 4554 75 19 bonne
1690 4553 31 19 vil-

1212 4582 27 23 le,
1255 4582 98 20 rendent
1367 4583 34 19 les
1416 4583 85 19 efforts
1516 4583 40 19 des
1571 4582 91 24 piétons
1678 4583 52 24 plus

1213 4612 76 19 ardus.

1238 4647 153 20 Voulez-vous
1406 4652 81 19 passer
1504 4647 110 25 quelques
1629 4646 102 20 minutes

1214 4675 174 24 agréablement
1396 4676 12 20 ?

1239 4711 175 20 Installez-vous
1426 4710 54 25 près
1493 4712 53 19 d'un
1560 4717 97 18 passage
1670 4711 52 20 clou-

1213 4739 23 22 té
1255 4741 24 19 et
1296 4740 114 21 attendez.
1429 4740 72 24 Règle
1519 4745 98 20 presque
1636 4740 85 24 généra-

1212 4769 28 23 le,
1251 4769 22 19 le
1284 4769 78 24 public
1374 4774 29 18 ne
1416 4769 103 20 consulte
1531 4774 43 20 pas
1586 4771 33 19 les
1632 4770 98 23 signaux

1214 4798 125 22 lumineux,
1363 4798 60 19 mais
1447 4798 81 19 attend
1551 4798 81 20 l'arrêt
1655 4798 29 20 de
1708 4798 23 20 la

1213 4827 40 19 file
1270 4827 29 20 de
1315 4827 109 20 voitures.
1439 4827 103 24 Lorsque
1559 4828 99 20 celles-ci
1674 4827 46 19 s'ar-

1215 4855 77 20 rêtent
1314 4856 79 22 contre
1414 4856 25 19 la
1459 4856 62 24 ligne
1543 4857 104 23 blanche,
1669 4856 63 20 alors

1214 4885 21 19 le
1259 4884 79 24 piéton
1364 4889 68 20 passe
1457 4890 56 15 avec
1539 4890 32 14 un
1597 4886 80 19 retard
1702 4886 27 19 de

1213 4914 111 23 quelques
1341 4914 116 23 secondes,
1474 4914 40 24 qui
1531 4913 77 21 arrête
1625 4914 106 19 d'autant

1213 4943 24 20 la
1252 4942 142 21 circulation.

1239 4978 114 24 Qu'est-ce
1374 4982 45 21 que
1439 4978 110 25 quelques
1570 4978 110 20 secondes
1701 4983 29 15 en

1214 5008 84 24 regard
1320 5008 29 22 de
1371 5007 120 23 l'éternité,
1513 5013 37 14 me
1573 5007 62 20 direz
1657 5009 73 19 vous?

1213 5038 28 20 Je
1258 5037 123 24 répondrai
1398 5037 95 20 d'abord
1510 5042 44 19 que
1571 5037 109 24 quelques
1697 5041 25 16 se-

1213 5067 85 20 condes
1312 5067 53 19 sont
1379 5067 97 19 souvent
1490 5066 53 20 bien
1557 5066 69 19 utiles
1639 5067 91 24 lorsque

1213 5097 45 19 l'on
1272 5096 83 23 arrive,
1369 5101 31 15 au
1414 5095 75 25 grand
1503 5095 75 25 galop,
1592 5100 59 20 pour
1665 5100 56 20 pren-

1212 5126 41 20 dre
1264 5131 32 15 un
1307 5125 62 20 train
1382 5125 39 25 qui
1434 5125 53 19 dèià
1498 5124 119 21 s'ébranle.
1629 5125 31 19 Et
1672 5125 58 24 puis,

1213 5160 39 15 ces
1272 5155 111 21 secondes
1404 5153 139 25 multipliées
1563 5159 43 20 par
1626 5154 22 20 le
1668 5159 54 14 nom-

1213 5185 41 22 bre
1276 5185 28 20 de
1326 5185 168 23 changements
1516 5184 28 19 de
1567 5183 113 20 direction
1702 5188 29 15 en

1213 5218 44 15 une
1271 5213 103 25 journée,
1388 5214 93 19 doivent
1496 5213 57 20 finir
1566 5218 44 19 par
1624 5213 60 19 faire
1699 5217 31 15 un

1214 5243 57 20 total
1288 5243 153 25 appréciable.

1237 5279 73 20 Entre
1323 5285 63 19 nous,
1400 5280 96 24 puisque
1509 5283 58 16 nous
1580 5279 95 19 n'avons
1688 5283 41 19 pas

1213 5307 28 21 de
1257 5309 95 22 voiture,
1367 5309 51 19 cela
1432 5314 28 14 ne
1476 5314 60 15 nous
1550 5307 112 22 intéresse
1678 5308 50 23 pas!

1238 5338 51 19 Nou
1290 5347 13 15 s
1322 5339 125 19 attendons
1467 5339 60 20 donc
1546 5338 15 20 à
1581 5343 32 15 un
1632 5342 98 19 passage

1213 5366 82 21 clouté.

1238 5403 77 23 Voyez
1334 5404 60 19 cette
1416 5408 113 20 personne
1549 5403 57 25 âgée
1628 5404 24 19 et
1672 5402 50 25 légè-

1215 5434 89 18 rement
1324 5432 145 20 claudicaut^
1497 5433 56 22 Elle,
1575 5433 52 25 plus
1648 5432 82 24 qu'une

1214 5461 73 22 autre,
1307 5461 91 20 devrait
1417 5467 24 15 se
1461 5462 127 21 soumettre
1608 5462 15 21 à
1643 5462 23 20 la
1687 5462 35 19 dis-

1214 5489 83 23 cipline
1315 5489 113 24 générale.
1446 5491 19 20 Il
1483 5492 52 19 n'en
1552 5493 36 19 est
1605 5493 57 19 rien.
1680 5491 50 21 Elle

1215 5518 107 24 B'engage
1342 5524 41 15 sur
1402 5520 24 20 la
1445 5520 111 22 chaussée
1576 5526 31 15 au
1627 5523 103 18 moment

1214 5546 75 24 précis
1308 5546 29 20 où
1357 5547 23 19 la
1399 5548 134 21 circulation
1553 5551 99 24 reprend
1673 5552 58 20 dans

1215 5576 21 19 le
1259 5581 54 15 sens
1337 5576 80 25 qu'elle
1440 5579 128 26 emprunte.
1593 5580 50 21 Elle
1667 5585 63 17 serre

1751 3815 42 15 sur
1808 3815 28 16 sa
1851 3811 66 23 vaste
1933 3813 105 24 poitrine,
2054 3818 46 15 une
2117 3814 106 24 quantité
2240 3815 28 20 de

1751 3839 71 24 petits
1836 3841 98 23 paquets
1949 3844 38 22 qui
2002 3843 150 20 encombrent
2167 3849 27 14 sa
2209 3849 51 16 mar-

1752 3869 49 19 che.

1778 3904 72 20 Bleue
1872 3905 30 20 de
1924 3911 63 19 peur,
2011 3908 43 19 elle
2077 3912 26 15 se
2127 3908 88 23 trouve,
2240 3914 28 15 en

1752 3933 125 23 sandwich,
1893 3935 65 20 entre
1973 3936 60 20 deux
2047 3936 54 24 fil.es
2116 3936 28 20 de
2161 3937 108 23 voitures,

1753 3962 43 21 elle
1820 3963 77 19 recule
1921 3965 24 19 et
1968 3965 55 20 finit
2046 3970 45 19 par
2114 3965 98 20 énerver
2236 3968 33 18 les

1753 3991 160 21 conducteurs.
1932 3994 37 20 Un
1988 4000 58 19 coup
2066 3994 28 20 de
2113 3994 62 20 frein
2194 3995 66 20 déchi-

1753 4021 54 19 rant
1827 4022 23 19 et
1868 4021 25 20 la
1911 4023 61 20 voilà
1991 4024 75 24 partie
2085 4029 31 14 au
2136 4025 74 22 grand
2230 4030 30 19 ga-

1753 4049 43 24 lop.
1821 4049 38 21 Un
1884 4051 85 24 gamin,
1994 4057 99 16 coureur
2119 4052 94 24 cycliste
2240 4054 29 19 de

1752 4079 75 23 grand
1847 4079 131 25 boulevard,
1997 4086 101 19 manque
2119 4082 28 22 de
2168 4082 23 19 la
2211 4082 49 19 tam-

1752 4112 89 19 ponner
1861 4109 25 19 et
1906 4114 116 19 prononce
2042 4111 41 19 des
2104 4110 91 25 paroles
2216 4116 45 15 ven-

1753 4141 104 20 geresses
1874 4138 24 19 et
1915 4138 138 21 définitives.

1777 4172 73 19 Notre
1865 4173 69 21 brave
1947 4175 74 20 bonne
2034 4176 86 19 femme
2132 4175 86 19 atteint
2231 4181 29 14 en-

1754 4201 35 19 fin
1810 4202 25 19 la
1855 4202 49 20 rive
1926 4204 97 23 opposée
2045 4207 24 19 et
2090 4208 29 15 ne
2141 4208 129 21 manquera

1755 4235 42 18 pas
1821 4230 154 25 d'interpeller
1998 4237 45 16 une
2067 4236 115 20 personne
2208 4234 52 24 quel-

1753 4264 88 19 conque
1857 4265 29 15 en
1901 4261 32 19 lui
1948 4262 78 20 disant
2041 4268 12 13 «
2068 4267 28 18 ça
2111 4262 36 19 est
2162 4262 47 23 quâ
2223 4262 38 20 mê-

1754 4293 36 14 me
1810 4289 155 25 malheureux,
1985 4296 29 15 on
2033 4291 48 19 rait
2099 4290 52 24 plus
2170 4291 28 20 de
2218 4292 42 19 che-

1753 4317 48 20 min
1820 4322 57 15 avec
1895 4323 39 16 ces
1951 4321 101 19 voitures
2062 4320 6 19 !
2088 4325 13 14 >

1778 4353 31 19 Ce
1828 4353 77 23 public
1924 4355 123 21 bruxellois
2066 4355 38 19 n'a
2124 4360 42 18 pas
2186 4360 83 15 encore

1752 4382 54 19 bien
1827 4384 101 22 compris
1947 4384 22 20 le
1989 4389 55 16 sens
2065 4383 41 20 des
2127 4383 105 24 signaux,
2247 4385 22 21 .11

1753 4411 35 19 est
1814 4412 111 23 pourtant
1951 4413 19 20 si
1997 4422 11 14 e
2009 4413 69 24 !mple
2105 4412 28 20 de
2159 4414 110 23 regarder

1753 4440 20 20 le
1790 4440 75 24 signal
1881 4442 39 22 qui
1936 4447 25 15 se
1977 4445 81 17 trouve
2075 4441 28 19 de
2119 4441 82 20 l'autre
2218 4442 51 20 côté

1754 4469 28 23 de
1805 4469 23 20 la
1850 4474 48 19 rue,
1920 4473 39 22 qui
1982 4476 57 15 vous
2061 4470 45 20 fait
2129 4470 59 20 donc
2211 4471 58 20 face.

1752 4498 39 19 S'il
1809 4499 36 19 est
1862 4504 77 19 rouge,
1957 4505 57 15 vouh
2030 4505 29 15 ne
2077 4504 87 20 pouvez
2182 4505 86 18 passer,

1752 4528 35 19 s'il
1803 4527 36 20 est
1854 4529 58 22 vert,
1927 4529 87 25 allez-y.

1778 4563 32 19 Et
1824 4563 19 19 si
1859 4568 31 15 un
1904 4564 59 24 jour,
1977 4570 57 15 vous
2049 4569 57 16 vous
2120 4564 95 20 trouvez
2230 4570 39 15 sur

1753 4597 31 14 un
1805 4597 97 19 passage
1923 4594 80 24 clouté,
2024 4593 167 26 parfaitement
2212 4594 57 19 dans

1755 4621 63 20 votre
1840 4621 61 21 droit
1921 4627 69 19 parce
2012 4628 43 20 que
2077 4627 57 15 vous
2155 4627 56 15 avez
2232 4624 28 18 ob-

1752 4649 66 20 servé
1831 4650 34 22 les
1879 4651 98 23 signaux
1989 4653 23 19 et
2026 4656 44 20 que
2084 4654 57 17 Vous
2156 4651 48 20 êtes
2219 4656 41 15 ren-

1755 4678 71 24 versé,
1846 4679 85 25 écrasé,
1950 4682 40 20 tuè
2010 4681 81 22 même,
2112 4681 16 19 il
2148 4685 58 14 vous
2225 4685 37 15 res

1753 4708 52 19 tera
1838 4709 24 19 la
1896 4709 147 21 satisfaction
2078 4709 71 19 d'être
2184 4710 76 22 parfai-

1753 4737 89 19 tement
1858 4742 29 15 en
1905 4738 61 24 règle
1984 4741 22 19 et
2024 4740 28 19 de
2070 4739 57 19 finir
2144 4743 43 19 par
2204 4739 65 19 avoir

1755 4765 20 20 le
1791 4766 91 20 dernier
1896 4768 55 20 mot.

2019 4805 62 20 Jean
2094 4803 150 20 LEFRANC.

1777 4874 57 20 LES
1854 4874 158 22 AUTOCARS
2032 4875 84 21 POUR
2135 4873 113 22 NAMUR

1777 4916 47 21 Des
1845 4917 99 21 services
1965 4919 130 20 d'autocars
2117 4922 59 19 pour
2195 4918 78 19 toutes

1751 4944 34 19 les
1806 4945 66 19 villes
1892 4945 32 20 du
1946 4951 57 19 pays
2025 4945 159 24 s'organisent,
2206 4945 66 23 mais,

1752 4972 230 26 malheureusement,
2004 4980 38 15 ces
2064 4973 162 23 exploitations
2247 4978 25 15 se

1751 5000 53 19 font
1818 5005 56 14 sans
1890 5002 73 22 grand
1977 5002 98 22 sévieux,
2090 5002 24 19 et
2128 5000 17 20 à
2159 5002 24 19 la
2197 5001 75 19 bonne

1751 5027 139 26 franquette.

1777 5062 121 23 Pourtant,
1923 5068 29 16 en
1974 5065 124 24 acceptant
2121 5064 22 19 le
2167 5063 52 24 prix
2242 5064 31 19 du

1751 5095 88 18 voyage
1858 5091 25 19 et
1902 5096 29 15 en
1949 5092 125 24 spécifiant
2093 5096 45 19 que
2158 5092 21 20 le
2197 5093 67 18 trans-

1752 5119 52 22 port
1824 5119 35 19 est
1878 5119 44 22 fait
1941 5125 43 19 par
2002 5123 102 18 autocar,
2124 5120 33 19 les
2176 5119 97 20 sociétés

1752 5150 29 15 en
1803 5146 106 23 question
1930 5151 114 20 prennent
2065 5152 32 15 un
2120 5149 153 21 engagement

1752 5173 90 23 formel,
1864 5174 52 22 font
1937 5180 33 16 un
1991 5178 98 18 contrat.

1777 5209 37 19 Un
1828 5209 37 20 bel
1879 5211 102 24 exemple
1996 5213 28 20 de
2039 5210 107 25 pagaille:
2163 5211 110 19 vendredi

1751 5236 99 23 dernier,
1864 5242 46 16 une
1925 5239 67 19 dame
2008 5241 50 19 loue
2074 5243 45 15 une
2135 5238 64 24 place
2215 5239 58 18 dans

1753 5265 111 20 l'autocar
1884 5266 113 21 direction
2017 5267 97 22 Namur,
2135 5266 82 23 départ
2239 5271 24 14 sa-

1752 5293 61 19 medi
1827 5292 16 20 à
1858 5293 25 19 16
1897 5294 21 19 h.
1932 5294 31 20 30.
1978 5295 20 21 Il
2013 5297 32 19 lui
2060 5295 35 19 est
2110 5293 52 20 bien
2178 5293 95 24 spécifié

1751 5325 45 20 que
1815 5326 28 14 sa
1861 5321 65 23 place
1945 5328 54 15 sera
2016 5324 101 19 retenue.
2137 5321 73 20 Notez
2229 5327 44 19 que

1752 5354 26 14 ce
1796 5354 44 19 que
1857 5353 58 15 nous
1933 5356 116 18 avançons
2066 5356 15 14 a
2098 5349 36 22 été
2151 5349 83 20 vérifié
2252 5352 23 18 et

1752 5376 103 20 contrôlé
1875 5382 41 15 sur
1935 5379 70 22 place.

1777 5412 35 21 La
1833 5417 114 18 personne
1968 5418 29 16 en
2018 5413 106 25 question
2146 5413 76 19 arrive
2244 5418 30 14 au

1755 5438 45 19 lieu
1821 5438 27 20 de
1868 5439 197 22 rassemblement,
2090 5438 125 19 boulevard
2242 5439 30 18 du

1753 5470 83 20 Jardin
1851 5470 136 25 Botanique,
2002 5471 15 21 à
2032 5471 26 20 16
2073 5471 21 19 h.
2111 5470 30 23 10,
2158 5473 23 19 et
2197 5470 70 21 l'auto-

1752 5504 40 15 car
1810 5498 57 20 était
1884 5498 54 24 déjà
1955 5500 70 23 parti!
2044 5500 36 19 Au
2097 5500 100 22 complet
2214 5499 52 19 d'ail-

1752 5529 68 19 leurs.
1835 5528 20 18 A
1870 5527 86 20 l'heure
1970 5528 68 22 juste,
2053 5532 45 15 une
2113 5527 162 23 camionnette,

1750 5556 16 20 à
1787 5555 127 21 l'Intérieur
1935 5555 28 19 de
1984 5555 97 25 laquelle
2103 5555 40 19 des
2165 5555 110 23 planches

1752 5585 94 23 avaient
1860 5582 37 22 été
1911 5582 97 25 clouées,
2021 5583 115 21 s'ébranla
2149 5589 59 20 pour
2221 5585 54 19 s'ar¬

2295 3816 62 21 rêter
2372 3818 149 25 longuement
2537 3821 58 20 dans
2613 3827 30 16 un
2660 3828 85 20 garage
2762 3829 42 19 pro-

2289 3849 49 20 che.

2320 3875 118 24 Imaginez
2457 3878 20 19 le
2496 3883 99 19 manque
2615 3880 28 19 de
2661 3882 93 19 confort
2773 3882 40 19 des

2290 3911 134 19 voyageurs,
2441 3908 15 20 à
2473 3914 26 15 ce
2516 3910 64 23 point
2597 3913 114 22 qu'arrivé
2726 3913 15 21 à
2757 3914 49 20 Ove
2806 3924 10 11 r

2290 3936 100 22 ryssche,
2408 3937 33 19 les
2458 3938 110 22 planches
2586 3945 24 16 se
2626 3940 148 21 déclouèrent
2792 3944 23 18 et

2290 3963 34 19 le3
2334 3968 133 19 voyageurs
2480 3966 85 20 durent
2579 3968 33 19 les
2627 3970 79 22 placer
2718 3975 42 14 sur
2774 3971 40 19 des

2289 3991 90 23 valises,
2398 3993 51 20 afin
2467 3994 29 20 de
2515 3996 121 19 continuer
2655 3998 21 18 le
2695 4002 92 19 voyage.

2316 4019 66 20 Dan3
2404 4022 61 19 cette
2488 4024 163 23 camionnette,
2675 4025 15 20 II
2713 4030 14 18 y
2750 4027 64 19 avait

2289 4047 65 19 aussi
2369 4048 59 20 deux
2442 4054 129 20 voyageurs
2586 4055 40 20 qui
2641 4053 108 20 devaient
2764 4059 42 18 par-

2290 4074 32 20 tir
2338 4080 57 15 aveo
2411 4077 22 20 le
2449 4082 41 16 car
2506 4078 29 20 de
2552 4079 51 20 huit
2619 4081 84 19 heures
2719 4082 31 19 du
2768 4087 38 14 ma-

2289 4102 44 20 tin!
2355 4104 114 23 Ajoutons
2488 4106 54 23 qu'il
2561 4112 15 18 y
2595 4108 64 22 avait
2678 4109 25 18 19
2722 4114 83 18 person-

2291 4135 43 15 nes
2355 4131 16 20 à
2393 4132 127 22 l'intérieur
2542 4135 32 20 du
2597 4135 104 21 véhicule
2724 4138 23 18 et
2770 4142 44 19 que

2290 4158 96 23 celui-ci,
2405 4162 60 21 parti
2483 4162 30 20 de
2530 4163 120 20 Bruxelles
2668 4164 15 19 à
2700 4164 26 20 16
2743 4165 21 19 h.
2783 4165 31 23 30,

2290 4187 78 20 arriva
2383 4187 16 20 à
2415 4188 128 21 Gembloux
2558 4191 16 19 à
2590 4191 24 19 19
2632 4192 20 19 h.
2669 4192 34 19 30!

2357 4248 43 22 UN
2427 4252 79 20 ABUS
2532 4252 218 22 INTOLERABLE

2319 4274 93 22 Samedi
2426 4278 55 21 soir,
2497 4278 26 19 l'«
2532 4279 88 20 Œuvre
2635 4282 28 18 de
2680 4281 70 19 l'Aide
2768 4286 45 14 aux

2294 4303 112 25 Réfugiés
2419 4312 19 16 »,
2460 4307 126 21 boulevard
2607 4309 120 23 Poincaré,
2749 4312 65 19 avait

2290 4336 23 20 la
2334 4336 75 21 bonne
2430 4339 103 24 surprise
2553 4341 29 20 de
2603 4342 50 19 voir
2673 4342 90 20 arriver
2783 4349 31 14 un

2294 4366 40 15 car
2348 4364 27 18 de
2388 4364 23 18 la
2424 4364 135 22 Préfecture
2573 4367 28 19 de
2613 4367 78 19 Police
2705 4368 26 20 de
2745 4369 68 19 Paris

2290 4395 87 24 chargé
2397 4397 30 20 de
2450 4402 100 19 pauvres
2571 4399 121 24 rapatriés.

2315 4423 33 21 Le
2363 4425 125 20 chauffeur
2502 4426 29 19 de
2546 4432 26 15 ce
2586 4432 42 15 car
2642 4429 65 22 reçut
2722 4434 31 14 un
2769 4428 44 20 bon

2290 4452 122 22 pourboire
2432 4458 59 18 pour
2509 4459 43 15 son
2572 4460 94 19 voyage,
2687 4458 23 17 et
2729 4457 86 20 devant

2292 4478 142 22 l'insistance
2460 4482 13 18 d
2475 4491 13 14 e
2514 4483 102 19 certains
2643 4483 108 24 réfugiés,
2777 4485 30 19 de-

2290 4508 86 19 manda
2393 4507 15 20 à
2426 4509 23 20 la
2467 4510 204 21 Kommandantur
2688 4517 44 15 une
2751 4515 56 17 auto-

2290 4534 97 20 risation
2406 4537 28 19 de
2453 4538 60 19 faire
2530 4543 32 15 un
2581 4544 88 19 voyage
2687 4540 128 20 Bruxelles-

2291 4560 188 27 Namur-Dinant
2497 4568 24 18 et
2539 4568 179 21 naturellement
2736 4571 80 18 retour

2290 4589 15 20 à
2323 4591 126 24 Bruxelles,
2468 4598 40 15 car
2527 4594 64 21 lundi
2609 4596 74 19 matin
2703 4596 15 20 il
2737 4597 78 19 devait

2291 4619 99 21 prendre
2404 4619 15 20 à
2433 4620 57 20 bord
2505 4626 32 16 un
2551 4622 46 21 bon
2611 4623 96 21 nombre
2722 4625 27 19 de
2764 4629 42 19 pas-

2291 4650 80 19 sagers
2393 4652 59 19 pour
2472 4649 73 20 Paris.

2316 4680 20 20 Il
2354 4682 65 22 reçut
2437 4682 167 23 l'autorisation
2622 4692 28 14 en
2668 4687 106 23 question
2793 4689 23 18 et

2290 4708 136 23 transporta
2442 4711 59 20 donc
2518 4713 40 18 des
2575 4713 102 24 réfugiés
2694 4714 15 20 à
2724 4714 93 21 Namur

2292 4736 23 18 et
2328 4735 15 20 à
2355 4736 94 21 Dinant.
2462 4738 118 22 Peut-être
2593 4742 91 23 reçut-il
2696 4743 40 19 des
2749 4748 58 19 pour-

2291 4763 77 21 boires
2389 4770 29 15 ou
2440 4766 124 23 exigea-t-il
2586 4774 46 16 une
2653 4775 88 15 somme
2763 4772 53 22 fixe,

2292 4796 58 14 nous
2366 4797 29 15 ne
2409 4798 92 15 savons.
2516 4796 21 18 A
2551 4796 24 20 la
2589 4802 12 13 «
2616 4796 87 22 Nation
2719 4799 70 23 Belge
2804 4806 11 12 »

2297 4820 57 16 nous
2374 4818 142 24 n'avançons
2541 4826 45 18 que
2611 4822 42 20 des
2681 4824 57 20 faits
2759 4825 57 19 dont

2291 4853 58 15 nous
2368 4854 100 16 sommes
2487 4853 107 21 certains.

2306 4903 9 8 ^
2318 4876 150 23 Stationnant
2484 4879 16 20 à
2516 4881 24 19 la
2556 4882 65 23 place
2638 4883 29 21 de
2684 4884 23 20 la
2724 4885 61 20 Gare
2802 4885 15 21 à

2293 4902 95 25 Namur,
2413 4909 23 18 et
2460 4912 89 15 comme
2573 4910 22 19 le
2617 4911 89 19 service
2730 4913 77 19 d'auto-

2292 4936 53 15 cars
2359 4933 112 24 réguliers
2484 4941 30 15 ne
2527 4937 156 22 fonctionnait
2696 4945 43 18 pas
2752 4942 64 19 aussi

2293 4959 170 25 fréquemment
2479 4963 21 19 le
2514 4964 123 21 dimanche
2653 4967 66 23 qu'en
2735 4968 72 20 semai-

2292 4992 36 18 ne,
2344 4988 17 19 il
2377 4995 12 13 «
2405 4991 116 19 consentit
2536 4997 12 13 »
2563 4992 16 20 à
2594 4995 99 22 prendre
2710 4996 40 19 des
2767 5002 41 18 pas-

2292 5020 81 19 sagers
2393 5018 23 19 et
2436 5018 101 24 chargea
2555 5020 76 20 même
2651 5028 30 14 un
2683 5032 12 14 e
2715 5024 68 21 dame
2802 5025 15 19 à

2297 5041 133 25 Gembloux,
2444 5046 146 19 exactement
2603 5048 16 20 à
2631 5048 26 19 18
2670 5048 21 19 h.
2705 5049 31 22 30.
2750 5050 65 19 Nous

2292 5072 106 22 donnons
2417 5076 61 19 cette
2497 5076 115 24 précision
2633 5085 58 18 pour
2709 5086 45 19 que
2773 5083 44 18 l'on

2294 5101 77 23 puisse
2396 5102 119 22 identifier
2539 5105 21 21 le
2585 5107 130 21 chauffeur.

2319 5129 83 20 Arrivé
2422 5130 15 20 à
2458 5132 23 19 la
2501 5138 42 14 rue
2562 5134 30 19 de
2613 5135 23 19 la
2656 5135 48 24 Loi,
2710 5132 30 25 "à
2760 5138 48 19 Bru-

2293 5156 76 24 xelles,
2391 5158 16 18 il
2428 5159 30 19 fit
2479 5160 126 22 descendre
2625 5168 42 14 son
2690 5166 83 20 monde
2795 5169 22 17 et

2298 5180 115 21 demanda
2431 5184 25 19 15
2472 5185 81 20 francs
2577 5186 15 19 à
2615 5188 53 19 tous
2692 5189 34 19 les
2749 5195 60 19 voya-

2294 5218 69 17 geurs
2380 5215 91 20 montés
2487 5217 15 19 à
2518 5217 91 21 Namur
2624 5221 24 18 et
2666 5221 24 18 10
2707 5222 80 20 francs
2803 5223 16 20 à

2293 5240 24 20 la
2333 5246 113 18 personne
2462 5245 92 20 montée
2569 5246 16 20 à
2600 5247 137 22 Gembloux!
2755 5250 63 21 Nous

2295 5268 111 21 insistons
2433 5276 58 19 pour
2517 5273 53 21 bien
2597 5275 59 20 faire
2683 5282 136 20 remarquer

2298 5295 54 22 qu'il
2369 5296 49 19 fixa
2435 5299 20 18 le
2473 5298 51 23 prix
2541 5301 30 19 du
2587 5305 88 19 voyage
2692 5302 63 21 alors
2773 5309 44 18 que

2294 5327 112 20 l'autocar
2423 5329 58 21 n'est
2499 5335 42 18 pas
2558 5332 16 20 à
2591 5333 39 21 lut,
2648 5339 43 18 que
2709 5335 109 22 l'essence

2294 5359 16 15 a
2331 5354 37 20 été
2389 5356 93 20 fournie
2503 5363 44 19 par
2568 5360 130 24 loccupant
2719 5365 23 19 et
2765 5364 54 24 qu'il

2296 5384 35 18 est
2344 5383 59 23 payé
2416 5389 43 18 par
2470 5390 38 15 ses
2520 5387 152 24 employeurs,
2685 5395 28 14 en
2728 5392 84 20 l'occur-

2296 5415 68 14 rence
2380 5412 22 18 la
2417 5412 135 21 Préfecture
2567 5416 29 19 de
2611 5416 77 20 Police
2703 5419 27 19 de
2746 5420 73 19 Paris.

2322 5440 55 19 Afin
2394 5440 141 21 d'identifier
2551 5448 27 15 ce
2594 5447 120 21 mercanti,
2731 5448 39 22 qui
2788 5449 23 23 pi-

2296 5467 67 20 lotait
2386 5473 32 15 un
2441 5471 98 18 autocar
2560 5471 58 20 dont
2641 5477 59 15 nous
2723 5475 96 20 n'avons

2296 5496 226 20 malheureusement
2542 5503 43 19 pas
2605 5500 21 19 le
2646 5500 102 24 numéro,
2769 5508 42 14 sou-

2295 5524 91 23 lignons
2405 5525 53 23 qu'il
2477 5527 36 18 est
2531 5526 76 20 arrivé
2625 5528 28 20 de
2672 5529 67 20 Paris
2757 5531 21 19 le
2796 5532 24 19 13

2298 5550 74 23 juillet
2389 5555 30 15 au
2433 5550 50 20 soir
2497 5552 23 18 et
2535 5552 54 23 qu'il
2605 5554 36 19 est
2657 5556 87 20 reparti
2759 5561 50 18 pou:

2296 5583 22 20 la
2337 5582 75 20 même
2429 5583 54 20 ville
2501 5583 21 20 le
2540 5584 26 19 15
2583 5589 31 16 au
2631 5586 82 20 matin.

2849 678 71 64 Les
2950 680 175 62 Marché
3156 675 190 77 agricoles

2862 785 65 22 Nous
2945 786 60 20 veici
3025 791 30 14 au
3075 783 71 21 début
3165 783 68 20 d'une
3253 782 105 19 nouvelle

2836 816 110 21 semaine,
2958 814 103 24 pendant,
3074 812 97 24 laquelle
3183 816 59 14 ceux
3253 812 39 23 qui
3305 811 44 18 diri-

2837 844 55 22 gent
2905 844 23 19 la
2940 843 111 24 politique
3064 843 30 19 du
3108 839 182 21 ravitaillem;nt
3303 840 56 18 vont

2836 871 79 21 deveir
2931 872 97 23 prendre
3044 871 62 18 leurs
3121 866 197 25 responsabilités.

2864 899 74 20 Même
2964 900 33 18 les
3023 900 69 18 hauts
3119 896 184 20 fonctionnaires
3328 895 31 19 du

2837 929 119 19 ministère
2975 930 27 19 de
3021 927 162 24 l'Agriculture
3201 926 115 19 semblant
3332 930 26 15 se

2838 958 83 20 rendre
2941 959 93 22 comple
3055 958 28 19 de
3104 957 23 20 la
3147 954 119 26 grandeur
3286 956 28 18 de
3336 955 22 18 la

2838 985 68 20 tâche
2933 986 40 24 qui
3001 986 34 19 les
3061 984 89 21 attend.
3177 983 66 19 Nous
3269 983 90 18 serions

2838 1016 94 20 curieux
2953 1017 29 18 de
3003 1017 34 20 les
3059 1014 56 22 voir,
3136 1018 59 19 pour
3217 1013 73 24 plaire
3312 1018 46 14 aux

2837 1044 112 19 autorités
2959 1043 165 24 compétentes,
3144 1041 60 19 faire
3212 1045 28 15 en
3248 1041 110 23 quelques

2836 1075 116 18 semaines
2966 1079 25 14 ce
3004 1073 67 25 qu'ils
3085 1072 65 21 n'ont
3163 1076 31 18 pu
3206 1081 26 4 —
3245 1076 30 14 ou
3289 1072 69 18 voulu

2838 1112 25 4 —
2881 1103 59 19 faire
2959 1107 29 14 en
3006 1102 40 19 uix
3063 1107 44 15 ans
3126 1101 28 19 de
3172 1101 83 21 temps.
3273 1100 37 19 Un
3329 1100 28 19 de

2839 1131 60 19 leurs
2918 1131 113 23 pr;mieis
3050 1130 78 24 gestes
3147 1132 37 19 est
3203 1129 28 19 de
3251 1128 107 23 rappeler

2837 1164 45 14 aux
2902 1159 155 24 agriculteur.*
3077 1162 30 19 qu
3115 1157 28 19 ils
3164 1157 94 20 doivent
3276 1161 82 18 r<_p-n-

2838 1188 46 21 dre,
2899 1198 25 4 —
2939 1189 23 17 et
2978 1187 113 23 répondre
3106 1190 57 16 avec
3178 1185 132 20 exactitude
3325 1195 27 4 —
3353 1199 5 8 ,

2837 1222 45 13 aux
2900 1217 119 23 question^
3037 1216 31 18 du
3087 1216 161 18 recensement
3265 1214 93 22 annuel,

2838 1246 164 21 actuellement
3022 1249 29 14 en
3072 1248 75 19 cours,
3166 1248 56 15 sous
3243 1243 66 23 peine
3329 1243 28 19 de

2837 1274 118 22 punitions
2974 1272 98 22 sévères.

2862 1302 31 18 Le
2908 1304 159 18 recensement
3081 1300 36 19 est
3132 1304 44 15 une
3191 1300 40 21 des
3244 1300 68 20 bases
3327 1300 30 19 du

2837 1330 74 21 calcul
2928 1330 29 19 de
2976 1330 66 18 notre
3059 1329 59 18 actif
3134 1329 25 18 et
3177 1328 28 19 de
3223 1330 66 19 notre
3307 1332 43 19 pro-

2837 1360 94 19 duction
2944 1359 120 24 agricoles.
3078 1359 42 19 Lui
3132 1359 51 19 seul
3196 1363 58 15 nous
3267 1359 91 23 permet

2838 1389 27 18 de
2880 1388 48 20 dire
2942 1389 34 18 s'il
2989 1393 16 19 y
3018 1394 14 13 a
3046 1388 58 22 trop,
3119 1397 25 4 —
3157 1392 29 15 ou
3201 1389 52 21 trop
3268 1391 44 19 peu
3324 1397 28 5 —
3352 1401 6 9 ,

2837 1416 28 19 de
2882 1418 103 18 froment
3002 1415 68 23 semé,
3089 1417 19 18 si
3127 1415 22 19 la
3166 1415 138 24 production
3321 1416 37 19 est

2838 1445 51 24 plus
2910 1450 29 15 ou
2959 1445 76 21 moins
3055 1444 132 20 abondante
3207 1449 45 18 que
3271 1444 78 20 d'habi-

2839 1473 59 23 tude,
2919 1474 23 19 et
2961 1474 53 23 quel
3033 1473 74 19 seraiit
3127 1473 20 19 le
3167 1473 61 23 juste
3248 1473 58 23 prix.
3325 1474 32 19 Le

2839 1507 88 19 paysan
2951 1504 39 22 qui
3015 1502 48 19 voit
3087 1500 85 20 croître
3197 1501 22 20 la
3243 1502 114 19 demande

2836 1535 58 18 pour
2909 1535 39 15 ses
2965 1530 105 24 produits
3090 1529 107 24 (puisque
3215 1530 96 19 nombre
3329 1531 28 18 de

2837 1564 56 18 gens
2909 1558 107 22 fortunés
3031 1564 24 16 se
3072 1558 89 20 creient
3176 1558 86 24 obligés
3278 1559 80 18 d'aller

2836 1587 95 19 acheter
2947 1592 28 14 en
2992 1589 56 18 auto
3064 1587 110 24 quelques
3191 1587 166 23 kilogrammes

2838 1615 27 20 de
2886 1616 83 19 beurre
2990 1616 58 20 da.is
3069 1616 33 19 Us
3122 1616 107 21 fermes),
3249 1614 74 21 hésite
3343 1617 16 19 à

2838 1645 135 23 renseigner
2987 1645 51 18 t.cuit
3051 1649 43 17 son
3110 1645 92 22 cheptel
3216 1645 23 18 et
3254 1646 52 19 tous
3321 1649 36 14 ses

2838 1673 154 19 rendements.
3006 1674 19 18 Il
3039 1673 77 20 craint
3129 1676 44 20 que
3187 1672 33 21 Us
3233 1673 51 23 prix
3298 1673 59 19 fixes

2838 1702 22 18 et
2878 1701 33 19 les
2929 1700 148 24 réquisitions
3096 1706 28 14 ne
3142 1701 111 19 viennent
3270 1702 32 19 lui
3320 1705 29 15 en-

2838 1730 68 22 lever,
2925 1735 29 14 au
2974 1729 72 24 profit
3063 1730 28 20 de
3109 1734 39 17 ces
3166 1729 87 21 mêmes
3271 1730 87 19 classes

2838 1763 58 18 pour
2913 1758 121 23 lesquelles
3052 1758 15 19 il
3083 1764 16 14 a
3115 1757 32 20 dû
3164 1758 120 20 travailler
3301 1759 26 19 12
3343 1757 16 20 à

2837 1787 24 19 14
2880 1787 83 19 heures
2982 1792 42 19 par
3041 1786 60 24 jour,
3118 1786 34 20 les
3169 1787 189 23 compensations

2839 1815 27 19 de
2882 1816 39 19 dix
2936 1821 43 14 ans
2996 1816 27 18 de
3038 1814 92 20 misère.

2862 1850 127 21 Toutefois,
3010 1851 52 18 tout
3083 1851 20 19 le
3125 1849 181 24 ravitaillement
3327 1851 31 18 du

2837 1883 57 19 pays
2911 1877 89 25 dépend
3015 1880 28 19 de
3059 1878 146 19 l'exactitude
3228 1878 31 19 du
3281 1883 78 15 recen-

2839 1910 98 17 se.v.ent.
2963 1909 69 19 Aussi
3057 1909 128 22 comprend
3210 1912 30 15 on
3266 1913 45 19 que
3337 1909 21 19 ie

2837 1936 119 20 ministère
2974 1934 80 22 insiste
3071 1941 58 19 pour
3145 1942 44 18 que
3206 1936 90 20 celui-ci
3312 1936 47 22 doit

2840 1965 107 23 complet,
2973 1964 101 20 honnête
3099 1967 24 18 et
3150 1966 99 23 prompt.
3278 1965 36 19 On
3340 1971 15 13 a

2838 1993 75 20 même
2928 1993 87 25 décidé,
3029 1999 31 14 vu
3076 1994 23 19 la
3112 1993 121 23 situation,
3248 1995 28 19 de
3293 1993 57 20 déve-

2839 2022 79 24 lopper
2936 2023 20 19 le
2974 2022 174 24 questionnaire
3167 2027 30 15 pu
3216 2022 53 21 delà
3287 2023 27 19 de
3333 2027 26 15 ce

2838 2051 67 22 qu'on
2923 2051 82 19 faisait
3029 2051 33 19 les
3085 2052 81 18 autres
3183 2049 94 21 années.
3294 2051 65 19 Nous

2837 2082 95 18 aurions
2944 2081 61 20 aimé
3017 2085 44 20 que
3073 2085 39 15 ces
3123 2081 150 23 vigoureuses
3285 2081 65 20 Inten-

2838 2109 62 21 tions
2914 2109 131 21 s'étendemt
3061 2114 30 15 au
3107 2108 72 21 bétail
3195 2113 23 19 et
3234 2114 59 14 nous
3310 2114 41 18 per-

2838 2138 100 19 mettent
2951 2138 27 19 de
2992 2143 58 16 nous
3063 2142 81 19 passer
3158 2138 59 19 ainsi
3231 2139 41 19 des
3286 2144 11 13 *
3306 2138 44 19 esti-

2838 2166 101 19 mations
2946 2172 12 12 »
2966 2166 5 3 "
2982 2167 31 19 du
3038 2164 121 21 ministère
3184 2166 46 24 qui,
3255 2166 104 19 certaine

2839 2193 81 23 année,
2935 2194 138 21 différèrent
3088 2196 28 18 de
3129 2195 26 18 25
3169 2199 21 19 p.
3203 2199 20 15 c.
3237 2196 32 19 du
3283 2199 78 15 recen-

2841 2226 90 18 cement
2955 2224 103 20 effectué
3083 2225 23 19 la
3130 2224 74 20 même
3229 2224 81 22 année.
3336 2225 23 20 Si

2839 2258 41 16 nos
2897 2253 121 20 souvenirs
3034 2253 55 19 sent
3105 2253 87 23 exacts,
3209 2254 17 19 il
3242 2254 116 23 s'agissait

2838 2281 30 19 du
2884 2281 95 20 nombre
2995 2283 27 19 de
3037 2286 74 19 porcs.

2865 2316 19 19 Il
2903 2322 15 18 y
2938 2321 15 14 a
2971 2321 83 14 encore
3074 2321 45 15 une
3138 2316 72 23 petite
3230 2316 79 20 ombre
3329 2322 30 14 au

2839 2344 93 20 tableau
2954 2345 41 19 des
3019 2345 88 21 bonnes
3130 2344 134 20 intentions.
3288 2345 63 20 Pour-

2838 2375 53 21 quoi
2905 2374 20 18 le
2938 2373 119 20 ministère
3069 2373 60 20 a-t-il
3142 2374 54 24 jugé
3208 2374 46 19 bon
3266 2375 28 19 de
3305 2379 45 18 sup-

2838 2402 86 23 primer
2936 2401 166 24 brusquement
3114 2403 20 19 le
3147 2404 159 18 recensement
3319 2402 41 21 des

2838 2429 183 20 emblavements
3038 2430 28 19 de
3083 2430 102 20 cultures
3203 2436 11 13 t
3229 2430 123 19 industriel-

2841 2459 33 20 les
2881 2466 12 12 »
2921 2460 86 21 (tabac,
3032 2460 108 22 houblon,
3165 2461 133 19 betteraves
3322 2466 39 14 su-

2839 2487 92 23 crières,
2952 2488 43 21 lin)
3009 2488 12 19 ?
3042 2489 45 21 Ces
3107 2489 103 20 cultures
3230 2490 42 18 ont
3292 2494 59 18 pour-

2838 2517 58 23 tant,
2913 2521 59 19 pour
2989 2521 58 15 nous
3064 2522 88 14 comme
3170 2522 58 19 pour
3246 2519 32 18 les
3294 2519 56 18 auto-

2838 2544 56 20 rités
2910 2545 164 23 compétentes,
3089 2551 45 14 une
3148 2546 81 19 valeur
3244 2546 50 24 plus
3308 2551 43 19 pro-

2838 2572 87 20 noncée
2939 2579 44 18 que
2998 2574 139 22 d'habitude.
3153 2574 72 24 Qu'on
3240 2580 28 14 ne
3282 2575 77 23 publie

2839 2606 42 19 pas
2902 2603 33 20 les
2956 2601 96 23 résultts
3074 2603 29 19 du
3124 2602 83 25 relevé,
3226 2604 52 19 soit.
3299 2604 61 19 Mais

2839 2631 68 23 qu'on
2924 2635 28 15 ne
2970 2632 33 18 les
3020 2630 75 21 relève
3111 2631 76 20 même
3203 2636 42 19 pas
3257 2633 5 18 !
3281 2632 79 20 Est-ce

2838 2663 44 19 par
2894 2658 135 24 négligence
3042 2664 30 14 ou
3086 2660 87 19 doit-on
3182 2660 51 19 voir
3240 2659 121 21 là-dedans

2838 2689 21 18 le
2872 2689 64 19 souci
2949 2690 28 18 de
2991 2690 83 19 cacher
3087 2690 102 22 certains
3202 2690 99 22 chiffres
3314 2695 47 15 aux

2839 2717 113 20 autorités
2963 2718 11 19 ?

2865 2753 187 21 BRUXELLES,
3070 2754 25 18 15
3112 2753 76 24 juillet
3204 2754 57 21 1940.
3279 2754 81 20 Halles

2839 2780 40 19 des
2895 2781 164 20 Producteurs.

2863 2816 114 24 Légumes
2996 2823 6 13 :

2839 2845 160 21 Concombres,
3013 2850 61 19 gros,
3088 2848 22 18 la
3124 2845 69 24 pièce,
3205 2846 102 22 1.70-2,20
3318 2848 40 22 tr.;

2863 2873 40 22 Id.,
2921 2877 102 19 moyens,
3042 2874 22 18 la
3083 2873 70 24 pièce,
3170 2874 100 19 1.10-1.50
3287 2874 40 24 fr.;

2836 2901 170 24 Choux-flsurs,
3026 2904 23 18 la
3069 2902 71 24 pièce,
3159 2903 100 23 1,00-2,00
3277 2904 41 23 fr.;

2838 2931 114 22 Carottes,
2969 2932 7 19 l
2977 2939 14 13 a
3007 2932 71 21 botte,
3094 2932 100 22 0,50-1,00
3209 2932 39 26 fr.;

2839 2958 93 23 Céleris,
2949 2960 22 19 la
2988 2960 71 22 botte,
3075 2960 101 22 0,80-1,40
3193 2961 38 23 fr.;

2838 2987 180 24 Champignons,
3032 2989 21 19 le
3068 2989 44 23 kg.,
3127 2989 112 21 7,00-12,00
3253 2991 39 22 fr.;

2838 3015 73 20 Fèves
2927 3017 16 20 à
2960 3021 91 19 couper,
3068 3018 21 19 le
3106 3017 53 23 kilo,
3176 3018 100 22 1,50-2,00
3293 3018 39 24 fr.;

2839 3045 116 22 Haricots,
2972 3047 20 19 le
3009 3046 54 23 kilo,
3079 3046 101 22 2,00-3,20
3195 3047 40 24 fr.;

2837 3073 102 23 Laitues,
2953 3075 21 19 l-i
2989 3073 71 25 pièce,
3074 3075 99 21 0,20-0.30
3187 3077 38 19 fr.;

2838 3102 110 22 Oignons,
2968 3104 21 19 la
3010 3103 70 21 botte,
3099 3103 100 22 0,40-0,50
3217 3105 29 19 fr.
3250 3112 6 17 ;

2838 3131 121 21 Poireaux,
2977 3132 22 19 la
3016 3132 71 21 botte,
3104 3132 100 22 1,10-1,50
3222 3133 39 23 fr.;

2838 3159 61 22 Pois,
2914 3160 21 19 le
2951 3160 53 22 kilo,
3019 3160 100 22 1,40-2,40
3133 3160 39 24 fr.;

2838 3188 142 22 Princesses,
2997 3188 20 19 la
3035 3188 53 24 kilo,
3105 3189 100 22 1,50-3,00
3222 3190 39 23 fr.;

2839 3216 108 22 Pcmmes
2963 3217 28 19 de
3008 3217 69 21 terre,
3094 3217 21 20 le
3132 3218 53 23 kilo,
3203 3219 99 21 0,50-0,70
3318 3219 39 23 fr.;

2838 3244 115 22 Tomates,
2972 3246 73 21 extra,
3064 3247 20 18 le
3103 3246 54 21 kilo.
3175 3247 100 22 5,75-7,75
3292 3247 40 22 fr.;

2863 3274 40 21 Id.,
2921 3278 133 19 moyennes,
3074 3276 21 18 le
3113 3275 55 22 kilo,
3186 3276 100 22 3,60-5,50
3304 3276 29 19 fr.

2865 3308 95 19 Raisins
2978 3316 6 15 ;

2839 3337 80 23 Royal,
2941 3342 90 20 moyen,
3053 3338 21 19 le
3095 3338 55 22 kilo,
3171 3339 127 22 12,50-15,00
3318 3340 39 22 fr.;

2862 3365 40 22 Id„
2920 3367 73 22 extra,
3010 3367 21 19 le
3049 3367 54 22 kilo,
3120 3368 126 21 15,50-18,00
3262 3368 39 23 fr.;

2839 3394 167 21 Frr.nkenthal,
3026 3400 89 19 moyen,
3135 3396 20 19 le
3175 3396 45 23 kg.,
3238 3396 60 20 12-15
3317 3397 40 22 fr.;

2863 3422 41 25 Id.,
2922 3424 73 21 extra,
3014 3423 21 20 le
3054 3424 45 23 kg.,
3117 3424 126 20 15.50-18.00
3260 3426 40 23 fr.;

2838 3451 98 22 Muscat,
2954 3453 21 18 le
2992 3452 54 20 k:lo.
3063 3452 128 20 20.00-26-00
3208 3453 38 23 fr.;

2837 3479 120 24 GradisM,
2975 3481 22 19 le
3015 3481 54 22 kilo,
3088 3481 125 20 13.00-17.00
3230 3481 40 24 fr.;

2838 3508 101 21 Forster.
2955 3509 20 19 le
2990 3509 54 22 kilo,
3058 3509 125 20 12.00-15.00
3199 3510 28 19 fr.

2838 3545 189 22 BRUXELLES,
3050 3546 25 19 15
3099 3545 75 24 juillet
3197 3546 58 21 1940.
3278 3546 81 20 Halles

2838 3573 39 22 des
2898 3574 163 21 Producteurs.

2865 3602 80 19 Fruits
2964 3610 6 15 :

2837 3630 95 23 Pêches,
2948 3631 72 24 extra,
3037 3633 22 18 la
3075 3630 71 25 pièce,
3161 3631 100 23 2,20-4,60
3275 3632 40 25 fr.;

2862 3658 41 23 Id.,
2921 3664 136 20 moyennes,-
3072 3661 21 20 la
3111 3658 70 25 pièce,
3200 3661 99 19 1.20-2.00
3316 3661 39 23 fr.;

2838 3687 129 24 Brugnons,
2982 3688 22 20 la
3018 3687 69 24 pièce,
3101 3688 100 20 1.50-3.20
3214 3689 40 22 fr.;

2838 3717 95 23 Melons,
2951 3722 61 19 gros,
3030 3718 23 19 la
3071 3717 70 24 pièce,
3159 3718 127 20 30.00-35.00
3303 3719 40 23 fr.;

2837 3746 94 21 Melons,
2945 3751 138 19 moyennes.,
3097 3745 70 26 pièce,
3180 3747 125 20 22.00-29.00
3316 3748 39 23 fr.;

2838 3774 86 21 Poires,
2944 3774 22 19 la
2986 3773 69 25 pièce,
3074 3775 99 19 2.60-4.80
3192 3775 38 23 fr.;

2836 3804 118 22 Pommes,
2968 3805 21 19 le
3006 3804 55 22 kilo,
3077 3804 99 20 3.40-6.50
3193 3805 38 23 fr.;

2837 3832 97 22 Cerises,
2953 3833 72 22 extra,
3044 3833 20 19 ls
3083 3833 54 22 kilo,
3155 3833 100 20 6.00-8.50
3273 3834 39 24 fr.;

2837 3861 96 23 Cerises,
2948 3866 133 19 moyennes,
3097 3862 20 19 le
3133 3861 54 23 kilo,
3202 3862 100 20 2.40-3.20
3316 3863 39 21 fr.;

2838 3889 123 21 Groseilles
2981 3891 84 20 vertes,
3084 3891 20 19 le
3125 3890 53 22 kilo,
3198 3891 100 20 1.50-2.20
3316 3892 39 20 fr.;

2837 3918 124 22 Groseilles
2980 3923 90 18 rouges,
3088 3919 20 19 le
3127 3918 54 22 kilo.
3199 3919 100 20 1.80-2.60
3317 3920 39 22 fr.;

2837 3946 123 19 Grcssilles
2973 3947 118 21 blanches,
3103 3948 21 18 le
3138 3948 53 21 kilo.
3205 3948 98 20 1.50-2.20
3315 3948 40 24 fr.;

2838 3974 84 22 Cassis,
2942 3974 21 20 le
2983 3975 53 22 kilo,
3056 3975 100 20 2.80-3.40
3176 3976 28 20 fr.

2838 4003 152 23 Framboises,
3006 4004 22 20 la
3043 4004 116 22 caissette,
3175 4004 99 21 1.60-2.40
3288 4006 30 21 fr.

2864 4038 187 22 BRUXELLES,
3071 4039 26 19 15
3116 4038 76 24 juillet
3211 4040 58 20 1940.
3289 4040 70 20 Cure-

2837 4067 44 23 ghe
2883 4071 32 14 m-
2916 4066 125 20 Abattoirs.

2865 4093 112 25 Légumes
2997 4100 6 14 :

2838 4123 107 19 Pommes
2963 4124 28 19 de
3010 4124 69 20 terre,
3096 4124 125 24 nouvelles,
3239 4125 60 20 45-55
3317 4125 39 23 fr.;

2838 4151 150 22 Cornichons,
3006 4152 20 19 le
3044 4151 54 23 kilo,
3115 4153 99 20 2.00-4.25
3231 4153 40 25 fr.;

2838 4180 60 21 Pois,
2914 4182 20 18 le
2950 4180 53 23 kilo,
3019 4180 99 20 2.00-2.25
3133 4182 38 22 fr.;

2838 4208 109 19 H'iricots
2964 4209 70 21 verts,
3050 4209 21 19 le
3089 4209 54 22 kilo,
3159 4209 100 21 3.00-3.50
3275 4211 40 23 fr.;

2838 4236 108 22 Cerfeuil,
2967 4237 20 19 le
3008 4237 54 23 kilo,
3082 4237 100 20 4.00-5.00
3201 4240 39 23 fr.;

2839 4264 80 22 Persil,
2937 4265 20 19 le
2977 4265 53 22 kilo,
3047 4266 100 19 3.00-1.00
3164 4267 38 22 fr.;

2838 4293 141 22 Princesses,
2997 4295 20 18 le
3035 4294 54 24 kilo,
3106 4295 100 20 2.25r2.50
3222 4295 40 22 fr.;

2838 4321 74 22 Fèves
2928 4322 14 20 à
2959 4327 93 18 couper,
3068 4324 20 19 le
3105 4323 54 23 kilo,
3176 4323 99 24 2.00-2,25
3292 4324 39 24 fr.;

2838 4350 116 21 Tomates,
2970 4351 21 19 le
3008 4351 54 22 kilo,
3078 4351 100 20 3.50-8.00
3194 4353 39 25 fr.;

2838 4378 91 23 Oseille,
2946 4379 20 20 le
2983 4379 53 24 kilo,
3052 4380 100 20 2.00-2.50
3167 4386 28 17 r.;

2839 4406 108 22 Endives,
2964 4407 23 19 la
3004 4406 70 25 pièce,
3091 4409 99 19 0.50-0.60
3207 4409 39 23 fr.;

2839 4435 169 23 Choux-fleurs,
3027 4436 22 20 la
3069 4436 69 25 pièce,
3157 4433 99 25 0.70-2.Ï0
3275 4438 39 26 fr.;

2839 4464 158 22 Choux-verts,
3016 4465 22 19 la
3057 4464 70 24 pièce,
3146 4466 99 20 1.00-1.50
3264 4469 37 22 fr,;

2839 4492 101 22 Laques,
2959 4492 23 21 la
3000 4492 70 25 pièce,
3089 4494 99 20 0.15-0.25
3207 4495 38 23 fr.;

2838 4521 180 24 Choux-rouges,
3035 4523 23 18 la
3074 4522 70 24 p'ècs,
3161 4523 99 20 1.75-2.25
3277 4525 38 24 fr.;

2839 4550 177 22 Chcux-blancs,
3037 4551 23 19 la
3081 4550 71 25 pièce,
3173 4552 99 20 1.50-1.75
3293 4553 39 22 fr.;

2838 4578 110 22 Oicnons,
2963 4579 111 23 (jeunes),
3088 4580 23 25 lp.
3123 4580 71 21 botte,
3206 4580 100 21 0.40-0.60
3318 4582 39 22 fr.;

2839 4607 120 23 Poireaux,
2976 4608 22 23 la
3013 4608 70 21 botte,
3099 4608 99 20 1.50-1.75
3213 4609 39 24 fr.;

2839 4634 93 24 Céleris,
2947 4635 23 20 la
2984 4635 71 23 bette,
3070 4636 100 20 2.00-3.00
3186 4638 38 23 fr.;

2839 4663 86 22 Céleris
2942 4663 88 23 blancs,
3047 4664 99 20 3.00-5.00
3164 4665 37 24 fr.;

2839 4692 106 21 Carottes
2965 4693 102 22 (jeunes)
3087 4694 23 19 la
3127 4694 70 23 botte,
3214 4694 99 20 0.40-1.00
3330 4695 28 19 fr.

3380 672 219 105 FAITS
3632 674 275 105 BIVEES

3465 878 61 29 Aux
3539 878 116 29 Grandes
3667 878 157 30 Boucheries

3497 927 88 29 Pierre
3600 928 35 28 De
3649 927 143 36 Wyngaert

3417 975 18 21 6,
3446 979 41 15 rue
3497 976 221 20 Sainte-Catherine,
3728 975 15 20 à
3752 975 126 22 Bruxelles,

3416 1005 25 14 se
3459 1000 106 22 présente
3581 1000 15 20 à
3610 1006 107 14 nouveau
3735 1005 44 15 une
3795 1000 75 20 vérita-

3417 1025 36 18 ble
3467 1025 100 19 auDaine
3580 1030 58 17 pour
3651 1026 33 18 les
3697 1024 142 23 ménagères.
3849 1043 5 6 ,

3443 1055 37 19 On
3497 1059 15 20 y
3528 1054 89 21 vendra
3635 1060 27 14 ce
3678 1054 60 23 jour,
3756 1054 76 19 mardi
3850 1054 25 19 16

3417 1085 84 21 juillet:

3443 1110 57 18 5.000
3515 1110 90 21 poulets
3618 1110 29 19 de
3662 1109 73 22 grain,
3749 1109 14 20 à
3777 1109 17 20 8.
3809 1110 31 20 10.
3854 1110 25 18 12

3417 1136 23 17 et
3454 1135 25 17 15
3492 1135 80 18 francs
3586 1135 23 19 la
3622 1134 64 22 pièce

3416 1159 61 19 ainsi
3493 1159 70 21 qu'un
3580 1159 59 19 beau
3657 1160 31 19 lot
3704 1160 38 19 de:

3443 1184 84 18 Poules
3543 1183 15 20 à
3575 1183 97 21 bouillir,
3689 1184 39 21 qui
3745 1186 79 18 seront
3842 1182 28 20 dé-

3418 1208 73 19 bitées
3501 1208 15 19 à
3527 1208 30 20 10,
3568 1208 31 20 12.
3611 1208 30 21 14,
3653 1208 25 18 16
3694 1208 25 19 18
3729 1211 23 17 et
3762 1208 26 19 20
3798 1209 80 18 francs

3417 1234 23 18 la
3455 1232 69 22 pièce.

3443 1257 95 20 Comme
3549 1262 57 14 vous
3618 1258 20 19 le
3649 1262 75 16 savez,
3735 1262 39 15 ces
3785 1258 93 19 articles

3417 1286 29 15 ne
3463 1284 53 17 sont
3532 1287 42 16 pas
3591 1281 125 20 rationnés.

3444 1306 143 22 Ménagères,
3605 1306 110 20 n'hésitez
3733 1312 49 16 pas,
3800 1307 79 19 faites-

3417 1336 59 15 nous
3496 1332 74 20 visite,
3590 1332 99 20 profitez
3708 1332 28 21 de
3756 1332 122 19 l'occasion

3417 1356 40 21 qui
3473 1361 26 15 se
3516 1356 107 22 présente
3640 1358 23 17 et
3679 1356 60 19 ainsi
3756 1361 57 15 vous
3830 1356 40 20 éco-

3418 1381 128 19 nomiserez
3564 1386 41 13 vos
3623 1381 103 19 timbres.
3773 1381 103 20 (DR232-

3410 1457 57 20 LES
3485 1456 77 21 VOLS
3580 1456 81 20 DANS
3681 1457 217 19 L'AGGLOMERA-

3385 1486 81 19 TION.
3488 1495 26 4 —
3535 1485 36 19 On
3594 1485 55 19 s'est
3671 1484 114 19 introduit
3807 1485 90 19 nuitam-

3386 1515 64 19 ment
3467 1515 59 19 dans
3545 1518 32 15 un
3595 1513 59 25 petit
3672 1513 103 24 pavillon
3795 1514 31 19 du
3844 1518 62 19 pa.-c,

3382 1546 15 20 à
3412 1543 88 18 Forest.
3515 1543 44 18 Les
3574 1542 124 23 coupables
3713 1543 41 17 ont
3768 1540 92 22 d^ror/c,
3873 1546 31 14 au

3387 1571 118 24 préjudice
3522 1571 27 19 de
3566 1571 30 19 M.
3613 1570 95 24 Hayois,
3726 1575 40 15 rue
3786 1572 29 18 du
3832 1570 75 19 Crolrî-

3384 1600 60 21 rant,
3472 1599 39 20 des
3531 1598 60 20 étuis
3609 1600 16 20 à
3644 1599 132 23 cigarettes,
3801 1599 41 19 des
3867 1604 30 19 pa-

3383 1632 67 20 quets
3465 1632 27 18 de
3508 1629 113 25 chocolat,
3636 1632 56 17 etc..

3408 1688 26 5 —
3448 1678 37 20 Un
3505 1677 53 21 café
3577 1679 29 20 de
3625 1678 23 20 la
3669 1683 40 15 rue
3729 1677 40 20 des
3788 1679 84 22 Loups,
3891 1682 15 19 à

3385 1706 149 22 Anderlecht,
3555 1712 15 14 a
3595 1706 36 20 été
3654 1706 102 20 dévalisé
3780 1706 68 24 après
3874 1707 24 19 ef-

3386 1735 108 19 fraction.
3519 1735 110 23 L'argent
3658 1739 45 19 que
3734 1736 120 18 contenait
3886 1736 19 18 ie

3386 1763 115 24 comptoir
3516 1770 15 14 a
3547 1763 101 23 disparu,
3663 1763 61 19 ainsi
3740 1768 44 19 que
3800 1764 27 19 de
3844 1768 54 14 nom-

3384 1792 73 19 breux
3475 1792 98 23 paquets
3589 1793 28 19 de
3634 1792 132 23 cigarettes.

3409 1851 27 5 —
3450 1842 62 19 Mme
3534 1842 123 19 Fernande
3679 1842 34 22 G.,
3736 1842 108 19 habitant
3865 1847 41 15 rue

3387 1870 60 23 Stas,
3471 1870 15 20 à
3509 1869 113 22 St-Gil:cs,
3647 1870 99 19 rentrait
3777 1871 56 18 chez
3864 1870 42 19 elle

3386 1898 129 22 dimanche,
3533 1899 57 20 dane
3607 1900 22 19 la
3645 1898 81 22 soirée,
3742 1900 92 19 sortant
3852 1899 53 19 d'iii.

3386 1927 42 22 des
3452 1927 147 20 restaurants
3622 1928 28 18 de
3674 1927 22 20 la
3718 1928 70 19 Forte
3812 1929 28 18 de
3862 1928 37 19 Na-

3384 1959 59 16 mur.
3457 1955 50 19 Elle
3520 1956 115 21 constata,
3648 1956 92 19 chemin
3755 1956 94 23 faisant,
3862 1962 43 18 que

3386 1990 43 15 son
3448 1990 42 14 sac
3508 1986 13 20 à
3543 1987 64 18 main
3626 1985 58 20 était
3703 1988 89 19 ouvert,
3810 1988 24 19 et
3852 1992 30 18 qu
3900 1988 6 18 1

3387 2014 31 18 lui
3434 2014 122 23 manquait
3571 2014 39 19 2C0
3627 2014 87 22 marks,
3730 2018 83 20 quatre
3830 2015 76 20 billets

3387 2042 28 19 de
3438 2042 38 20 100
3499 2043 36 22 fr.,
3560 2043 39 19 de3
3622 2043 137 19 documents
3784 2043 114 24 photogra-

3386 2071 98 24 phiques
3504 2071 24 19 et
3549 2071 94 24 papiers
3661 2072 130 20 d'affaires.

3411 2130 27 5 —
3451 2121 34 20 La
3500 2120 107 20 nommée
3624 2121 66 21 Elisa
3703 2121 133 23 Heuninck,
3852 2121 46 20 rési-

3388 2150 57 19 dant
3468 2149 15 20 à
3506 2150 76 22 Uccle,
3607 2150 112 20 cliausece
3743 2150 164 23 d'Alsember.-,

3384 2177 93 24 déplore
3492 2178 23 20 la
3531 2178 138 24 disparition
3679 2179 27 19 de
3716 2183 42 15 son
3764 2184 42 14 sac
3814 2178 16 20 à
3837 2181 69 21 moin,

3388 2208 153 21 renfermant,
3552 2209 78 19 -outre
3652 2210 32 19 du
3705 2208 139 24 numéraire,
3868 2214 38 14 ces

3388 2236 92 24 piapiers
3503 2236 108 20 officiels.

3402 2314 91 47 DES
3511 2315 278 47 CREVETTES
3807 2317 83 46 !!!...

3407 2373 35 20 La
3463 2373 59 21 belle
3544 2375 103 20 crevette
3667 2374 92 21 fraîche
3781 2380 31 14 au
3833 2375 51 23 prix

3488 2401 104 19 d'avant-
3593 2406 83 18 guerre
3697 2401 109 21 s'obtient

3431 2435 43 14 rue
3497 2430 31 20 du
3550 2430 264 24 Marché-aux-PouIets,
3836 2431 27 19 40

3463 2462 33 33 A
3510 2463 60 33 LA
3585 2462 247 34 CREVETTE

3840 2516 31 20 (D
3885 2516 21 21 2)

3411 2590 229 20 CAMBRIOLAGE.
3669 2600 28 4 —
3725 2590 47 19 Des
3796 2590 103 20 cambrio-

3386 2620 62 19 leurs
3474 2625 27 14 se
3526 2621 56 18 sont
3607 2620 127 19 introduits
3753 2620 155 20 nuitaxnment

3387 2649 57 20 dans
3460 2650 21 19 le
3497 2650 108 23 magasin
3619 2651 29 19 de
3664 2650 31 19 M.
3709 2649 65 20 Théo
3788 2651 118 22 Godderis,

3386 2684 41 17 rue
3441 2680 28 19 de
3483 2680 131 23 Mouscron,
3626 2681 16 20 à
3655 2680 114 23 Courtrai,
3783 2679 29 20 où
3826 2681 28 19 ils
3868 2681 39 19 ont

3386 2709 84 20 dérobé
3498 2715 47 14 une
3574 2710 142 23 importante
3744 2710 106 24 quantité
3880 2711 26 19 de

3385 2739 103 24 lingerie.
3503 2740 35 20 La
3552 2740 74 23 police
3642 2739 106 24 enquête.

3412 2799 162 21 COLLISION
3587 2800 108 19 ENTRE
3709 2800 82 20 AUTO
3806 2801 42 19 ET
3861 2801 37 20 CA-

3385 2826 87 20 MION.
3503 2837 28 4 —
3561 2827 31 19 M.
3625 2827 115 20 Corneille
3763 2827 143 25 Wellemsen,

3386 2856 152 20 camionneur
3559 2861 16 20 à
3596 2857 96 20 Beurne
3713 2857 54 24 près
3790 2857 116 22 d'Anvers,

3384 2889 25 14 se
3420 2884 93 19 rendait
3525 2886 28 19 de
3565 2885 23 19 la
3599 2883 130 24 métropole
3739 2885 16 20 à
3767 2885 105 22 Mallnea,
3882 2886 25 18 et

3383 2913 88 18 suivait
3496 2913 25 19 la
3545 2913 158 23 grand'route,
3728 2918 43 15 aur
3796 2914 22 19 le
3842 2913 56 20 terri-

3385 2942 59 19 toire
3466 2943 28 19 de
3514 2942 24 21 la
3557 2947 124 15 commune
3700 2944 27 19 de
3747 2943 109 24 Rumpst.
3875 2945 28 18 La

3387 2970 106 21 véhicule
3517 2971 54 23 qu'il
3595 2971 134 23 conduisait
3754 2970 58 24 était
3837 2971 67 22 attelé

3385 2999 28 19 de
3429 3000 60 19 deux
3504 3000 111 20 chevaux.
3629 2999 97 20 Survint
3740 3000 163 24 inopinément,

3384 3028 15 20 à
3420 3030 23 18 la
3462 3028 102 19 hauteur
3596 3028 68 20 d'une
3687 3028 107 21 déclivité
3813 3030 29 19 de
3862 3031 35 18 ter-

3384 3056 58 22 rain,
3458 3062 33 14 un
3508 3061 54 20 gros
3579 3057 164 21 auto-camion.
3758 3057 33 20 Le
3807 3058 87 19 conduc-

3385 3085 53 21 teur
3458 3085 29 20 de
3508 3085 117 24 l'attelage
3645 3086 38 19 fut
3705 3086 89 23 projeté
3816 3087 28 19 de
3864 3091 39 16 son

3385 3113 64 24 siège
3470 3114 24 19 et
3513 3114 52 20 vint
3583 3114 113 22 s'abattre
3715 3119 42 15 sur
3776 3115 24 19 la
3819 3116 86 23 grand'-

3385 3144 73 21 route,
3470 3143 29 20 où
3512 3145 16 19 il
3541 3148 25 16 se
3579 3145 64 19 brisa
3654 3146 33 19 les
3699 3145 91 24 jambes
3801 3150 24 18 et
3836 3151 26 16 se
3875 3146 27 21 fit

3386 3176 45 15 une
3452 3172 105 20 fracture
3578 3178 32 15 au
3631 3173 78 20 crâne.

3413 3214 144 24 Hospitalisé
3580 3215 125 24 d'urgence
3725 3216 16 20 à
3763 3216 106 23 Mallnes,
3890 3215 13 21 tt

3387 3248 27 15 se
3436 3243 83 19 trouve
3546 3243 167 20 actuellement
3737 3248 86 16 encore
3847 3245 54 19 dam

3385 3277 32 15 un
3436 3271 49 20 état
3502 3271 49 23 très
3567 3272 107 24 critique.

3383 3335 34 6 ***—
3414 3336 13 5 ■*
3425 3335 51 6 *"**''**
3481 3335 25 6 *»■■—■
3510 3336 10 5 —
3518 3337 4 4 "
3522 3339 2 7 i
3525 3336 10 5 —
3533 3337 3 4 ■
3539 3336 12 5 —
3554 3336 12 5 *
3569 3336 10 5 *
3577 3337 3 4 '
3580 3339 3 7 i
3583 3336 9 5 —
3591 3336 4 5 '
3598 3336 11 5 ■*
3609 3339 4 7 ■
3614 3336 10 5 —
3623 3339 5 7 ■
3629 3336 9 5 *
3639 3340 4 6 »
3643 3336 10 5 —
3653 3339 4 7 ■
3658 3336 10 5 —
3667 3339 5 7 ■
3671 3336 27 10 —¥—
3697 3340 5 6 ■
3700 3337 12 4 —
3711 3340 5 7 «
3714 3336 11 10 f-
3725 3340 8 6 aa
3731 3336 10 5 —
3740 3339 7 8 »|
3746 3337 9 4 —
3755 3340 7 7 «|
3761 3337 23 10 -aj—
3783 3337 17 10 IJ—
3799 3341 5 6 «
3802 3337 95 11 l*«jr«J-U-U'VXn
3896 3336 6 13 )

3504 3364 56 31 LA
3592 3364 189 33 MAISON

3406 3418 477 65 BYRRH

3424 3498 16 41 {
3453 3508 32 26 m
3500 3498 106 36 Dîeudonné
3622 3499 76 35 Ulime.
3714 3501 10 34 i
3742 3500 93 35 Bruxelles
3851 3500 12 35 I!

3382 3558 104 20 fnforme
3511 3564 44 14 son
3580 3558 128 21 honorable
3733 3558 107 21 clientèle
3865 3562 35 19 qu»

3381 3588 43 15 son
3447 3583 97 20 activité
3566 3583 110 20 continue
3699 3588 91 17 comme
3812 3587 83 19 aupara-

3382 3609 56 19 vant
3454 3608 25 19 et
3495 3608 82 23 qu'elle
3593 3609 36 19 est
3645 3613 29 15 en
3691 3613 93 17 mesure
3799 3609 28 19 de
3843 3608 52 20 satis-

3381 3632 61 20 faire
3461 3632 16 20 à
3496 3634 79 20 toutes
3595 3634 34 19 les
3649 3634 151 19 commandes
3819 3637 75 16 norma-

3381 3657 39 20 les.
3835 3657 62 22 (A.53)

3409 3743 44 19 UN
3469 3743 103 19 JEUNE
3587 3743 117 20 HOMME
3719 3743 44 19 DE
3778 3741 119 22 HOFSTA-

3384 3772 50 23 DE,
3459 3772 72 20 PRIS
3558 3773 86 20 POUR
3676 3773 44 20 UN
3751 3770 140 22 PARACHU-

3384 3801 96 24 TISTE,
3493 3804 22 19 A
3528 3803 63 19 ETE
3604 3803 63 19 TUE
3680 3803 44 20 EN
3737 3803 129 19 FRANCE.
3877 3808 20 8 -

3384 3832 20 19 A
3422 3832 243 24 Hofstade-lez-Alost,
3690 3833 110 24 quelques
3826 3833 70 23 jeune»

3382 3862 105 19 hommes
3501 3863 56 18 sont
3571 3862 91 20 rentrés
3678 3864 28 19 de
3720 3863 91 19 France
3827 3865 22 19 et
3861 3859 34 22 ont

3384 3892 45 20 mis
3444 3892 34 19 les
3494 3891 113 21 autorités
3623 3898 31 15 au
3669 3894 100 19 courant
3784 3893 27 19 de
3826 3898 25 14 ce
3864 3889 31 26 qui

3382 3921 51 20 suit
3442 3926 6 15 :

3409 3972 121 20 Plusieurs
3557 3973 82 23 jeunes
3667 3973 107 20 hommes
3801 3971 88 26 apparte-

3384 4003 58 18 nant
3458 4001 16 20 à
3491 4004 23 18 la
3531 4002 118 24 catégorie
3668 4003 40 19 des
3731 4004 27 18 16
3782 4003 15 20 à
3820 4003 24 19 35
3859 4003 34 18 an*

3382 4031 129 24 quittèrent
3527 4038 29 15 en
3571 4035 48 19 mal
3636 4033 93 20 dernier
3744 4034 24 19 la
3782 4033 110 19 commune

3384 4061 145 21 d'Hofstade.
3549 4063 81 19 Parmi
3652 4068 43 15 eux
3715 4068 26 15 se
3761 4062 101 20 trouvait
3877 4060 16 19 l«

3383 4092 92 21 nommé
3499 4092 62 21 Jean
3584 4093 116 22 Caudron,
3723 4092 114 23 étudiant,
3858 4087 34 26 âgé

3383 4122 28 19 de
3424 4122 25 19 22
3462 4127 51 15 ans.
3525 4123 32 20 Le
3569 4123 26 19 17
3607 4123 51 23 Juin
3671 4125 21 18 le
3705 4128 87 20 groupe
3805 4127 25 15 se
3843 4122 42 19 trou-

3384 4152 50 19 vait
3441 4151 14 20 à
3463 4152 263 20 Châtellerault-lez-Poi
3728 4154 64 21 tiers,
3808 4154 23 18 et
3847 4147 45 24 était

3383 4181 15 19 à
3412 4183 22 18 la
3448 4182 125 20 recherche
3585 4183 29 19 de
3627 4183 84 20 vivres.
3723 4183 22 19 A
3757 4188 32 14 un
3802 4178 89 23 moment

3385 4211 75 20 donné
3485 4212 116 23 plusieurs
3624 4213 105 23 citoyens
3753 4212 101 23 français
3873 4211 18 16 s*

3383 4241 102 23 jetèrent
3500 4247 41 15 sur
3555 4243 21 18 le
3593 4242 34 20 dit
3642 4242 108 19 Caudron
3765 4242 65 24 qu'ils
3845 4238 39 22 dési-

3384 4270 99 24 gnèrent
3501 4277 90 14 comme
3615 4278 33 15 un
3674 4272 159 24 parachutiste
3849 4270 26 19 al-
3875 4272 10 14 6
3884 4275 6 5 "

3384 4302 77 19 mand.
3477 4302 34 20 La
3526 4303 82 18 fureur
3622 4303 40 19 des
3678 4303 113 22 Français
3805 4296 84 25 s'accrut
3910 4309 6 17 (

3383 4332 23 18 et
3423 4332 34 18 les
3473 4332 138 20 camarades
3627 4333 28 19 de
3671 4332 108 19 Caudron
3795 4331 38 24 qui
3847 4331 36 16 vou-

3383 4361 78 19 lurent
3492 4362 129 21 intervenir
3651 4362 81 19 furent
3762 4359 97 26 éloignés
3877 4359 11 16 *-

3384 4395 72 19 coups
3476 4392 28 19 de
3523 4391 72 20 bâton
3615 4392 57 20 dont
3691 4393 101 19 certains
3812 4386 76 28 portent

3385 4425 83 15 encore
3481 4422 22 20 la
3516 4423 71 18 trace.
3600 4422 37 19 Un
3649 4422 104 19 Individu
3765 4421 67 20 sortit
3839 4420 44 18 brus-

3385 4452 110 21 quement
3508 4456 31 16 un
3553 4452 105 19 revolver
3670 4452 23 20 et
3706 4452 46 19 tira
3764 4452 57 19 trois
3832 4448 55 21 coup»

3385 4481 58 19 dans
3462 4482 21 19 le
3502 4482 41 19 dos
3561 4483 32 19 du
3611 4482 153 19 malheureux
3788 4481 38 24 qui
3846 4475 36 23 s'af-

3385 4511 79 19 faissa
3483 4511 37 20 Au
3540 4512 63 19 bruit
3621 4513 28 20 de
3668 4512 25 19 la
3711 4511 131 20 détonation
3857 4506 30 20 de*

3384 4541 90 19 soldats
3493 4542 104 23 français
3617 4542 154 19 accoururent
3790 4543 22 18 et
3828 4539 53 19 trans-

3386 4570 120 23 portèrent
3527 4571 108 20 Caudron
3655 4573 16 20 à
3691 4577 45 15 une
3756 4571 94 22 clinique
3865 4563 22 21 oit

3385 4600 15 20 il
3421 4599 86 22 décéda
3528 4602 20 19 le
3567 4602 25 19 22
3611 4602 58 23 juin.
3695 4603 32 19 Le
3754 4599 92 27 parquet
3866 4594 10 20 û*
3877 4596 8 15 1

3385 4630 130 21 Termonde
3533 4637 16 14 a
3566 4631 36 21 été
3619 4631 65 20 avisé
3703 4634 39 19 des
3760 4631 55 20 faits
3831 4628 20 20 et
3865 4621 20 23 Bt

3386 4660 19 20 le
3422 4660 133 21 Procureur
3571 4662 31 19 du
3619 4662 44 20 Roi
3680 4667 14 14 a
3710 4662 81 20 ouvert
3806 4663 39 16 une
3858 4657 27 17 ea*

3386 4689 69 24 quête
3471 4691 16 20 à
3503 4697 26 14 ce
3545 4692 71 23 sujet.

2864 5525 199 28 L'organisation
3084 5525 141 26 allemande
3245 5528 30 24 II.
3295 5530 24 22 S.
3340 5530 224 31 Volkswohlfabrt,
3581 5533 42 28 qui
3637 5531 130 29 apportera
3782 5527 41 20 nne
3835 5523 11 16 a

2865 5555 131 25 précieuse
3014 5561 50 18 aux
3081 5555 117 29 réfugies,
3218 5558 67 23 vient
3303 5559 120 25 d'établir
3441 5569 33 15 un
3494 5562 67 30 siège
3581 5563 62 22 dans
3662 5562 24 22 la
3703 5555 106 28 capitale,
3823 5555 14 23 P
3838 5552 16 16 ia

3262 5588 34 23 du
3318 5590 65 23 Petit
3400 5592 103 25 Sabloa.
