3978 5453
1786 129 18 32 5
1818 149 11 6 -
1842 129 132 32 Vooruit
1988 147 11 6 -
2013 128 19 32 6
2046 128 68 33 Mei
2132 129 74 33 1949

190 242 888 39 ÏJIIIIIIIIIIIIIIIIIIIIIIIIIIIIIIIIIIIIIIIIIIIIIIIIIIIMIIHIIIIIIIIIIIIIIIIIIIIIIIIIIIIIII'I

189 310 19 85 ]
246 312 485 69 Waavvm*

188 407 19 75 f
241 424 224 49 men
500 403 493 80 spreeltl...
1058 402 19 76 f

240 519 96 68 WE
358 518 44 21 zijn
427 518 41 18 dus
491 522 42 17 nog
555 522 53 17 geen

332 542 49 20 stap
395 541 106 21 genaderd
518 541 22 17 ln
556 541 52 18 zake

332 564 27 17 de
372 563 85 18 verdere
471 562 87 19 selectie
571 563 37 18 der

332 586 45 18 nat.
415 585 181 21 vertegenwoordi-

238 611 75 22 gingen
331 612 26 13 en
374 608 26 17 de
416 607 136 21 aanduiding
569 607 37 18 der

239 631 124 20 technische
374 629 78 19 leiders
465 633 51 14 voor
527 630 27 17 de
568 630 39 17 e.k.

239 654 72 20 Ronde
326 657 39 14 \an
382 651 120 21 Frankrijk.

263 677 48 18 Men
323 674 59 19 heeft
394 673 53 18 zelfs
459 673 56 18 ruim
528 673 12 17 4
552 673 55 18 volle

238 703 52 15 uren
306 697 93 22 gezeteld
416 700 35 15 om
468 696 34 18 tot
518 696 33 18 dit
568 700 27 14 ne-

239 720 65 24 gatief
329 719 105 19 resultaat
459 718 23 18 te
507 718 98 21 geraken.

238 741 180 21 Oinerklaarbaar
427 740 5 17 !

262 766 28 18 Of
303 765 16 17 ls
332 764 37 18 het
382 766 30 15 nu
426 762 66 22 gemis
504 766 42 14 oan
559 766 35 13 ver-

238 783 316 24 antwoordelijkheidsgevoel?

263 810 40 18 Het
314 808 67 19 wordt
391 808 23 18 in
425 807 42 18 alle
477 807 60 21 geval
549 810 56 14 meer

238 835 41 18 dan
291 832 48 20 tijd,
350 834 28 15 na
389 830 26 18 de
425 829 46 18 vele
482 829 123 18 kllonietrr-i

237 860 26 15 en
283 857 66 16 zware
368 853 95 18 koersen,
484 851 67 18 welke
570 855 24 13 ze-

236 879 48 18 kere
304 875 130 19 candldaten
455 874 61 17 reeds
536 873 57 20 afleg-

237 901 47 18 den.

262 922 34 17 We
311 920 89 18 kunnen
415 921 122 15 aannemen
552 925 10 5 -
578 921 26 14 en

237 944 83 20 hebben
341 941 52 18 zelfs
414 940 98 18 voorzien
535 949 11 5 -
566 940 39 18 dat

237 968 25 17 de
278 962 186 24 gevoelskwesties,
479 962 23 18 of
519 962 38 18 het
571 965 22 14 re-

238 987 81 20 gionaal
340 985 140 19 favoritlsme,
501 984 50 18 zich
573 983 32 21 bij

236 1013 25 17 de
272 1010 43 18 veel
326 1007 114 22 mogelijke
452 1006 151 21 betwistingen

236 1033 37 19 wel
289 1035 50 15 eens
355 1030 26 19 de
398 1032 105 17 voorrang
519 1028 84 18 zouden

236 1055 84 20 moeten
337 1056 77 15 nemen
431 1055 28 17 op
476 1051 28 18 de
519 1050 85 18 zuivere

236 1077 73 21 logica,
321 1074 57 19 zoals
390 1078 30 14 wc
432 1073 39 18 het
482 1072 42 19 ook
537 1076 56 18 gewe-

236 1101 35 18 ten
289 1097 84 20 hebben
392 1096 45 18 veel
455 1095 61 21 Jaren
535 1096 69 19 terug,

235 1124 97 17 wanneer
353 1117 204 20 West-Vlaamleren
579 1120 24 14 zo

236 1145 40 20 rl|k
292 1146 41 14 was
348 1145 42 14 aan
406 1141 60 20 grote
483 1139 121 18 Tourman-

237 1171 39 14 ïu'ii
294 1165 37 18 (lat
347 1167 55 14 ware
419 1161 184 19 kanshebbenden

235 1188 59 20 thuis
305 1186 96 19 moesten
415 1184 85 21 gelaten
511 1183 93 18 worden.

260 1210 58 18 Maar
330 1212 22 14 er
365 1207 86 18 konden
464 1206 52 18 toch
529 1205 75 18 zekere

235 1236 86 16 renners
333 1230 72 21 gerust
418 1229 82 21 gesteld
511 1228 92 18 worden.

236 1256 64 19 Roger
337 1251 139 22 Ghyselluck,
512 1250 92 17 Norbert

235 1277 82 19 tollens
331 1279 27 14 en
373 1273 95 19 Maurice
483 1273 119 17 Meersman

235 1304 46 15 o.m.
298 1297 101 19 mochten
416 1296 52 18 toch
485 1295 61 18 reeds
561 1294 43 18 alle

235 1319 158 25 geruststelling
405 1321 92 18 gegeven
511 1316 92 20 worden,

234 1349 34 14 om
281 1341 146 22 desgevallend
442 1340 43 18 dan
499 1339 104 21 volgende

235 1367 54 19 week
302 1365 26 18 de
340 1364 44 17 rest
396 1366 42 15 aan
452 1362 23 18 te
488 1361 89 19 dulden.

259 1396 10 7 -
283 1387 29 19 En
325 1389 91 15 waarom
430 1384 75 18 mocht
518 1383 86 21 Sylveer

234 1411 56 17 Maes
304 1407 145 20 onverrichter
463 1406 52 18 zake
528 1406 63 19 terug-

235 1434 69 18 keren,
328 1430 66 18 nadat
420 1428 34 21 hl.|
478 1427 113 21 woensdag-

235 1454 84 20 middag
335 1451 93 22 speciaal
446 1454 53 14 naar
516 1448 85 19 Brussel

235 1479 100 20 geroepen
350 1473 68 19 werd?

259 1499 47 18 Men
319 1496 34 19 wil
364 1499 31 15 nu
407 1495 56 18 eerst
475 1493 77 19 kennis
564 1497 26 14 ne-

233 1525 48 15 men
297 1524 39 13 van
352 1519 26 18 de
393 1518 79 17 andere
487 1515 115 21 mogelijke

234 1542 114 20 randldaat
372 1539 139 22 ploegleiders
534 1537 68 18 onder

234 1566 26 18 de
273 1565 143 17 oml-renners
425 1561 6 17 !

260 1588 46 17 Men
325 1588 40 15 zou
385 1585 41 17 dus
445 1586 41 15 van
505 1582 38 18 het
561 1585 41 13 ene

233 1611 89 18 uiterste
339 1608 22 17 ln
379 1607 38 18 het
433 1605 80 18 andere
530 1603 71 19 willen

233 1631 111 20 vervallen.

257 1653 69 19 Nadat
351 1651 27 18 de
401 1648 199 22 oud-kamploenen

233 1676 99 21 hopeloos
345 1672 116 22 genegeerd
475 1671 84 18 werden
573 1673 28 18 op

233 1700 25 18 de
273 1695 207 21 Martelarenplaats,
494 1696 40 15 zou
550 1696 49 14 men

233 1721 34 19 die
292 1717 162 21 noodzakelijke
481 1714 121 21 erkenning

233 1745 30 17 tot
276 1746 38 14 een
327 1741 58 18 soort
397 1736 204 21 rtvallteltskwestie

234 1767 86 17 kunnen
336 1762 117 19 herleiden.

258 1795 9 6 -
281 1785 27 19 Of
320 1784 35 19 wil
369 1788 49 14 men
432 1786 32 15 nu
477 1782 63 18 aldus
554 1780 35 21 Syl-

233 1813 46 15 veer
297 1807 154 19 ontstemmen,
468 1804 69 19 nadot
555 1803 35 18 nie-

233 1832 63 18 mand
319 1829 45 21 zijn
390 1829 60 20 grote
475 1825 126 20 vakkennis,

233 1854 55 19 noch
300 1853 60 18 klaar
373 1850 111 19 doorzicht
496 1849 23 18 ln
533 1848 68 17 Tour-

232 1873 205 24 aangelegenheden,
457 1875 41 15 zou
518 1871 81 18 durven

233 1897 110 20 betwisten
351 1895 11 18 ?

232 1939 132 68 CYRIEL
375 1936 152 21 DELANNOIT
539 1936 61 18 heeft

297 1963 45 21 zijn
359 1962 86 20 strenge
463 1959 98 21 training
577 1959 23 18 te

297 1985 147 18 Nonceveoux,
457 1982 23 19 ln
494 1986 54 14 onze
561 1981 27 17 Ar-

297 2008 93 18 dennen,
402 2009 100 15 vanwaar
514 2004 34 21 hij
559 2008 40 14 ons

231 2030 74 18 enkele
335 2029 68 20 dagen
434 2027 87 21 geleden
553 2026 45 21 zijn

232 2053 84 21 groeten
345 2050 143 19 overmaakte,
517 2048 70 19 volein-

231 2075 55 21 digd.
309 2073 36 21 HIJ
366 2072 57 19 voelt
445 2072 48 17 zich
515 2071 84 21 tlp-top

232 2097 72 21 gereed
315 2099 50 14 voor
375 2096 25 17 de
411 2095 59 20 grote
480 2094 67 18 schok
557 2097 42 14 van

231 2118 156 21 morgenavond
400 2118 63 20 tegen
477 2116 45 21 zijn
535 2116 65 20 Jonge

231 2141 126 20 challenger,
372 2140 26 18 de
411 2138 112 22 gevreesde
536 2137 63 18 Tlbe-

231 2163 30 20 rlo
275 2162 65 19 Mitrl.

256 2184 96 19 Fernaml
371 2182 101 19 Prêmont
490 2182 22 19 tn
531 2182 68 18 eerste

231 2208 69 22 plaats
310 2207 58 18 moet
378 2206 53 18 zelfs
441 2205 65 20 danig
516 2204 82 18 bewust

230 2223 43 27 zijn
286 2233 41 14 van
340 2229 37 17 het
392 2228 59 20 grote
465 2231 82 17 gevaar,
560 2227 38 17 dat

231 2257 39 13 van
290 2252 34 18 die
342 2250 132 20 onstuimige
493 2254 26 13 en
540 2252 47 14 com-

230 2275 56 20 plete
300 2273 82 18 bokser.
397 2272 58 18 Mltrl
471 2280 10 5 -
494 2270 92 19 overwin-

230 2301 52 13 naar
299 2300 40 13 van
358 2294 134 19 Dauthuille,
510 2292 89 21 Turplu,

230 2319 52 17 Jean
299 2318 63 17 Stock
376 2322 27 12 en
417 2321 24 13 zo
456 2320 58 13 meer
528 2324 10 4 -
552 2315 34 17 uit-

231 2342 54 19 gaat,
299 2341 36 17 dat
349 2340 34 19 hij
395 2343 22 14 er
430 2343 42 16 nog
486 2338 59 17 liefst
558 2341 38 14 een

230 2362 157 21 zwaargewicht
397 2361 33 20 bij
439 2362 22 17 te
472 2364 38 17 pas
521 2360 75 17 bracht

230 2394 9 4 -
257 2385 85 17 kwestie
359 2388 41 13 van
418 2384 26 17 de
460 2382 137 18 stootkracht

230 2412 41 15 nog
283 2408 65 19 hoger
359 2410 28 17 op
400 2407 22 17 te
434 2405 91 21 drijven.

254 2430 76 18 Zekere
361 2428 97 18 bekende
486 2426 113 19 crltleken.

242 2452 34 18 die
292 2451 117 18 Delannoit
426 2450 78 21 gingen
523 2449 64 18 bezoe-

229 2474 48 18 ken,
293 2473 85 18 bielden
395 2476 51 13 voor
460 2472 38 17 dat
512 2475 25 14 ze
551 2471 47 17 hier

230 2496 73 18 Stefan
324 2495 53 17 Olek
396 2495 87 17 hadden
505 2493 93 21 begroet.

229 2519 58 17 Doch
301 2518 50 20 lang
364 2517 72 18 zullen
451 2520 24 14 ze
488 2516 44 18 met
545 2515 53 18 Olek

228 2541 37 18 wel
276 2540 44 18 niet
332 2539 116 21 gesproken
460 2538 92 18 hebben,
562 2540 35 16 om

230 2564 62 17 reden
311 2563 37 17 dat
367 2562 27 17 de
412 2561 114 21 gewaande
545 2559 53 18 Olek

231 2585 98 18 niemand
351 2584 78 17 anders
450 2587 42 14 wns
513 2583 38 17 dat
572 2582 26 18 de

230 2609 42 17 met
291 2608 25 17 tle
333 2606 90 21 huidige
439 2605 79 18 Franse
536 2605 61 17 kam¬

651 519 63 20 pioen
727 519 44 17 veel
783 519 112 20 gelijkenis
908 520 102 16 vertonen-

652 541 27 19 de
691 549 11 6 -
714 541 89 19 althans
816 545 41 15 van
871 540 128 22 fysionomie
1013 549 10 5 -

652 563 43 18 Kar
696 564 19 17 el
731 564 45 21 Sys.

679 586 29 16 Ka
712 587 27 15 rel
762 587 38 19 Sys
820 589 41 15 zou
882 586 41 18 dus
944 586 28 17 Df
975 586 17 17 Ui
997 590 12 12 n
1013 594 9 5 -

651 608 48 19 nolt
713 608 98 20 getraind
826 608 85 18 hebben
919 607 12 18 ?

676 630 31 18 En
730 631 41 17 ook
792 630 111 20 niemand,
923 630 35 19 die
980 634 41 15 van

651 653 50 20 enig
727 653 81 20 gezond
834 653 72 21 begrip
932 653 90 20 getuigt,

650 679 41 14 zou
718 676 62 17 zulks
807 676 104 20 ongepast
939 675 81 17 durven

651 696 86 20 vinden.
756 696 38 23 Sys
812 697 78 21 beging
908 697 114 18 weliswaar

650 724 39 14 een
704 720 97 21 misstap,
814 720 23 17 of
851 720 64 17 liever
927 723 42 17 nog
981 724 38 13 **en

649 742 178 18 onverklaarbare
849 741 162 21 onvoorzichtig-

650 765 58 19 heid,
729 768 108 14 waarvoor
858 765 33 20 hij
914 765 108 17 trouwens

651 787 61 17 reeds
719 790 142 18 genoegzaam
866 786 79 22 geboet
954 786 66 19 heelt,

650 810 53 18 daar
725 813 56 15 waar
806 813 48 15 men
880 809 72 18 eerder
976 809 44 21 zijn

649 832 83 18 slechte
766 838 8 8 -
784 831 143 22 Insplrateurs
935 837 10 10 »
979 831 42 18 had

650 855 86 17 moeten
762 854 88 19 treffen.
876 854 35 18 We
936 853 84 19 hebben

650 877 108 18 trouwens
778 878 22 17 te
818 876 69 22 zijner
907 876 42 22 tijd
968 880 53 15 onze

649 899 89 21 mening
765 899 144 19 hieromtrent
937 899 84 21 gezegd,

649 925 100 14 wanneer
763 921 75 18 zekere
853 921 81 21 Brugse
949 921 59 21 sport-

650 948 94 14 mannen
756 947 34 15 me
801 948 22 13 er
832 944 149 20 opmerkzaam
993 947 28 17 op

648 966 102 18 maakten
764 966 39 18 dat
817 966 63 18 Karel
895 966 38 21 Sys
945 966 75 18 aldaar

648 988 32 18 als
707 988 173 21 horloge-maker
907 992 39 15 een
973 991 48 15 zeer

648 1010 60 21 karig
724 1011 89 18 bestaan
829 1011 85 20 genoot.

673 1041 12 6 -
698 1032 65 21 Neen,
774 1034 33 18 als
819 1038 39 14 een
871 1035 89 20 gebouw
972 1038 36 16 ver-

648 1055 64 19 keerd
725 1056 56 18 werd
795 1057 153 21 opgetrokken,
961 1059 59 16 moet

647 1081 50 15 men
717 1078 46 18 niet
784 1082 73 15 zozeer
877 1079 27 18 de
923 1080 96 19 metsers,

647 1100 56 18 doch
724 1101 74 18 eerder
818 1101 27 18 de
864 1101 155 19 bouwmeester

647 1123 34 18 ter
695 1123 187 21 verantwoording
895 1128 86 17 roepen.

673 1145 43 18 Dat
738 1149 49 14 men
811 1146 63 18 Karel
897 1146 38 21 Sys
957 1145 62 19 wilde

648 1167 96 18 beletten
764 1168 23 17 te
805 1168 81 18 boksen
906 1176 11 5 -
935 1172 28 17 op
982 1168 37 18 34-

647 1189 67 21 jarlge
731 1190 85 21 leeftijd
835 1190 18 18 Is
869 1194 23 14 er
909 1190 46 19 niet
972 1190 46 19 veel

647 1212 58 21 hoop
716 1216 59 15 meer
786 1216 50 14 over
849 1220 11 6 -
874 1213 42 18 kon
930 1217 29 14 na
972 1212 45 22 zijn

646 1234 76 21 spijtig
744 1235 93 21 vergrijp
859 1235 159 18 aanneembaar

647 1257 54 19 zijn;
715 1257 56 18 doch
785 1258 37 18 dat
837 1257 33 21 hij
883 1257 49 18 zich
944 1257 74 18 verder

646 1283 42 15 van
704 1279 44 21 zijn
763 1279 169 21 uitzonderlijke
945 1280 73 18 athle-

646 1301 70 19 tlsche
734 1305 125 17 vermogens
877 1302 88 18 bedient
982 1306 35 14 om

647 1324 43 19 zijn
713 1324 66 18 brood
800 1325 22 18 te
842 1324 123 20 verdienen,
984 1324 33 18 zal

646 1346 49 17 hem
716 1346 41 18 ook
777 1346 102 19 niemand
899 1347 38 18 ten
956 1346 61 19 euvel

647 1368 88 18 dulden.
752 1368 75 18 Vooral
844 1372 30 15 nu
889 1369 46 18 niet
951 1369 65 18 meer!

647 1417 104 64 NIET
768 1418 69 18 alleen
857 1419 26 17 de
900 1418 117 18 Italiaanse

720 1440 170 20 voetbalwereld,
907 1441 56 18 doch
978 1441 38 19 wel

719 1462 27 18 de
767 1462 97 21 algehele
885 1462 120 19 Internatio-

719 1484 50 18 nale
800 1485 56 20 sport
861 1486 155 20 gemeenschap

645 1506 58 18 voelt
732 1506 48 18 zich
809 1510 69 15 zwaar
907 1507 108 21 getroffen

645 1529 52 17 door
711 1529 33 18 dit
758 1529 177 21 verschrikkelijk
950 1529 55 22 vlieg-

645 1551 146 21 tuigongeval,
800 1551 38 18 dat
848 1551 48 18 zich
906 1552 23 18 te
939 1551 77 22 Turijn

646 1573 12 17 b
662 1573 15 20 IJ
699 1574 26 17 de
746 1573 91 21 landing
856 1574 112 20 voordeed,
988 1578 28 14 en

645 1596 90 21 waarbij
749 1597 26 17 de
791 1596 121 21 glorierijke
927 1600 27 14 en
970 1596 35 18 vol-

645 1618 70 21 ledige
727 1618 91 18 «Torlno
831 1617 23 19 A.
861 1618 42 19 C»,
916 1618 27 19 de
954 1618 62 18 kani-

645 1640 127 21 ploensclub
786 1644 42 15 van
842 1640 70 21 Italië,
927 1644 35 15 om
979 1641 36 17 het

645 1663 61 18 leven
721 1663 75 18 kwam.

671 1693 10 6 -
694 1685 24 18 31
733 1684 145 19 slachtoffers,
892 1685 124 19 waaronder

643 1706 26 19 23
693 1708 86 21 spelers,
804 1708 27 18 de
855 1707 89 20 trainer,
969 1706 46 19 drie

645 1729 145 22 journalisten
803 1734 27 14 en
843 1730 45 17 vier
899 1730 63 18 leden
973 1733 41 15 van

643 1752 27 19 de
679 1751 141 22 bemanning!
832 1751 75 20 luidde
915 1752 38 19 het
964 1752 38 18 ont-

644 1774 106 19 stellende
767 1775 64 17 lïilan.

670 1797 41 18 Het
727 1801 42 14 was
785 1797 32 21 bij
832 1797 26 18 de
874 1797 97 21 landing,
986 1800 28 15 na

643 1823 40 15 een
701 1819 146 22 verplaatsing
865 1819 22 18 In
907 1819 107 21 Portugal,

645 1842 38 18 dat
694 1842 38 18 het
743 1841 104 21 vliegtuig
857 1842 45 18 met
914 1842 27 18 de
952 1842 61 18 toren

644 1868 41 14 van
705 1865 26 17 de
748 1864 89 17 basiliek
855 1864 22 18 In
895 1863 120 22 aanraking

644 1887 76 19 kwam,
735 1887 45 18 niet
796 1887 39 18 het
850 1886 68 18 fatale
935 1886 78 21 gevolg,

643 1913 99 14 waarvan
763 1909 61 18 reeds
845 1909 93 21 gisteren
960 1909 42 18 mel-

643 1931 52 21 ding
710 1932 55 18 werd
782 1931 100 21 gemaakt
897 1931 23 19 ln
936 1930 67 19 «Voor-

643 1953 53 19 uit».

669 1984 10 5 -
693 1975 51 19 Heel
761 1976 27 18 de
805 1975 147 22 Torlnoploeg,
969 1975 45 18 met

643 1998 107 19 invallers,
762 1999 53 17 twee
827 1998 129 20 dirigenten,
968 1997 46 19 drie

642 2020 143 20 technlekers,
804 2020 46 19 drie
868 2019 145 22 Journalisten

642 2047 27 14 en
682 2042 13 18 5
708 2043 63 18 leden
784 2046 41 15 van
840 2043 27 18 de
880 2041 134 22 bemanning

642 2065 69 19 vielen
728 2065 80 21 hierbij
824 2065 38 18 ten
879 2064 135 20 slachtoffer,

643 2087 16 19 't
672 2088 28 19 zi.l
712 2087 25 18 32
749 2091 90 15 mensen
852 2087 23 18 ln
889 2087 76 18 totaal.

668 2110 73 18 Onder
751 2110 26 18 de
789 2109 25 18 18
824 2109 80 22 spelers
915 2109 45 21 zijn
972 2109 41 18 ook

642 2133 75 18 enkele
736 2133 37 18 der
790 2132 61 18 beste
870 2131 132 19 «internatio-

642 2155 68 20 naals,
728 2154 58 19 zoals
805 2155 99 18 doelman
924 2154 88 19 Baclga»

642 2178 58 20 lupo,
712 2177 103 19 Ballarln,
828 2176 131 21 Rtgamontl.
973 2177 40 16 ('a-

642 2199 109 21 stlgllano,
765 2198 55 21 Lolt,
836 2198 102 20 Gabetto,
955 2199 58 17 Max-

641 2222 47 18 zola
705 2226 27 14 en
750 2221 85 20 Grezar,
851 2222 64 18 naast
931 2222 27 17 de
975 2221 26 18 be-

642 2244 70 18 kende
739 2243 78 18 Franse
843 2244 76 20 speler.
946 2243 67 17 Enule

642 2266 117 21 Bnnglornl
791 2270 28 15 en
853 2266 27 18 de
913 2265 99 22 Hongaar

642 2289 114 18 Schubert.

667 2312 83 18 Andere
763 2312 97 18 bekende
873 2312 140 20 Torlno-spe-

642 2335 47 18 Iers.
702 2334 34 19 die
750 2335 47 17 heel
812 2335 84 20 Europa
909 2335 52 18 door
975 2334 26 18 be-

642 2357 56 18 kend
715 2357 52 20 zijn.
783 2357 58 18 zoals
856 2357 101 20 Martelll.
973 2357 7 16 1
989 2361 23 12 ;i-

641 2379 54 19 dlnl.
715 2380 76 17 Ossola
812 2384 26 14 en
862 2379 80 21 Operto
963 2383 50 14 o.m.

642 2403 83 17 werden
741 2402 80 20 hierbij
838 2402 41 18 ook
896 2402 87 20 gedood.

667 2424 67 18 Zulke
744 2428 67 13 zware
821 2428 62 17 ramp
893 2424 61 18 heeft
964 2424 48 17 zlrh

641 2447 63 19 gewis
720 2451 42 16 nog
776 2446 46 18 niet
838 2447 133 20 voorgedaan
988 2446 23 18 ln

641 2470 26 17 de
682 2469 66 21 sport.

667 2491 36 18 We
722 2491 90 18 kunnen
832 2495 24 14 ze
875 2490 81 19 slechts
973 2490 28 18 be-

642 2514 94 20 treuren,
757 2518 46 13 eu...
823 2513 137 18 aanvaarden
980 2513 33 18 als

642 2541 38 14 een
700 2536 32 18 tol
753 2540 42 14 van
817 2536 26 18 de
863 2535 149 21 vooruitgang,

642 2559 37 18 dat
697 2559 39 18 het
754 2558 190 20 vliegtulgverkeer
961 2561 51 14 voor

641 2585 59 14 verre
709 2580 146 21 verplaatsing
866 2579 103 19 daarstrlt
979 2579 5 17 !

880 2602 25 17 R.
918 2601 94 18 CNEUT.

1123 247 412 36 VOORSPRONGZEGE
1555 246 92 33 VAN

1127 311 248 75 Albert
1402 313 282 71 Ramon
1715 349 56 34 te
1786 348 157 35 lauwe

1167 441 74 18 Albert
1260 441 83 17 Ramon
1363 439 60 18 heeft
1442 437 93 18 wellicht

1166 470 27 17 de
1202 469 154 18 selcctleheren
1365 472 41 14 van
1417 468 26 18 de
1452 466 81 20 B.W.B,

1165 503 39 13 een
1224 499 61 17 wenk
1303 498 70 18 willen
1393 501 65 18 geven
1478 496 48 18 alvo-

1166 530 50 14 rens
1236 531 25 14 ze
1282 527 35 18 tot
1340 527 26 18 de
1390 525 145 19 tour-selectie

1166 559 105 18 overgaan
1291 560 26 14 en
1337 560 39 14 een
1395 554 140 22 meesterlijke

1165 588 49 18 zege
1229 584 92 19 behaald
1335 586 23 18 te
1371 585 82 18 Lauwe.

1129 636 30 17 De
1175 636 24 18 4e
1215 636 87 21 uitgave
1318 640 42 14 van
1377 636 34 18 die
1427 635 107 22 jaarlijkse

1103 658 108 22 wedstrijd
1226 662 51 14 voor
1292 659 177 21 beroepsrenners
1484 658 42 17 ken-

1104 681 26 17 de
1145 681 100 18 ondanks
1261 681 39 18 het
1314 681 83 19 slechte
1412 681 68 18 weder
1496 684 39 14 een

1104 704 61 20 groot
1178 706 80 17 succes,
1271 707 56 14 waar
1339 703 102 22 bijaldien
1452 703 24 17 92
1489 706 38 15 ren-

1104 729 49 14 ners
1169 729 42 14 aan
1227 726 26 17 de
1268 726 56 17 start
1339 726 105 17 kwamen.

1127 747 31 18 De
1175 748 68 17 eerste
1259 748 84 18 ronden
1361 748 84 18 werden
1461 748 24 17 ln
1501 751 24 18 ge-

1104 769 71 19 sloten
1206 773 64 18 groep
1299 770 105 22 afgelegd,
1435 771 45 17 met
1508 770 26 18 de

1101 791 120 19 Fransman
1224 804 5 7 ,
1258 792 102 18 Devreese
1363 805 5 8 ,
1399 792 45 18 Van
1472 792 54 18 Over-

1103 814 56 19 loop,
1185 813 31 18 De
1240 813 89 19 Poorter
1353 818 27 14 en
1407 814 128 18 Annutchin

1098 835 90 18 meestal
1208 838 42 16 aan
1268 835 27 18 de
1313 835 90 23 leiding.

1125 865 32 21 BM
1175 864 27 18 de
1220 865 81 22 Ingang
1319 869 43 14 van
1381 866 26 17 de
1426 865 24 18 7e
1468 864 66 19 ronde

1102 887 87 18 konden
1208 891 31 14 we
1258 888 91 17 noteren
1368 888 39 17 dat
1424 887 46 18 vele
1487 891 39 13 ren-

1103 913 49 14 ners
1170 909 35 18 die
1224 910 53 17 door
1296 910 111 21 tegenslag
1426 909 109 22 getroffen

1102 931 85 18 werden
1197 935 28 17 op
1237 931 38 19 het
1286 931 83 18 elechte
1380 935 102 18 parcours
1493 935 42 15 van

1101 954 96 18 Rekkem
1226 957 53 14 naar
1305 953 98 20 Meenen,
1432 957 103 19 opgaven.

1101 975 119 19 Inmiddels
1234 976 98 18 kwamen
1347 976 80 21 Buysse
1449 976 76 18 Annut-

1101 998 59 19 chin,
1177 998 86 18 Rosseel
1279 1001 27 14 en
1321 997 114 20 Helrnaert
1450 1002 42 15 aan
1507 998 26 18 de

1101 1020 87 21 leiding,
1208 1023 60 15 maar
1285 1020 26 17 de
1329 1024 65 18 groep
1412 1020 75 22 volgde
1505 1024 28 17 op

1102 1042 37 17 100
1151 1043 75 18 meter.
1237 1042 42 17 Het
1290 1043 56 17 werd
1358 1046 39 14 een
1410 1042 124 22 afvalllngs-

1101 1065 36 18 rlt.
1152 1064 85 21 waarbij
1254 1064 48 18 heel
1316 1065 43 17 wat
1374 1064 97 19 bekende
1486 1068 38 14 ren-

1103 1090 50 14 ners
1174 1086 52 17 door
1247 1086 72 19 defect
1341 1086 116 22 getroffen,
1480 1090 53 18 geen

1103 1109 136 21 aansluiting
1260 1112 58 14 meer
1339 1109 88 18 konden
1447 1110 75 21 verkrij-

1100 1135 41 18 gen
1155 1135 27 14 en
1196 1134 104 19 opgaven.

1130 1159 31 18 De
1182 1159 165 22 verbrokkeling
1367 1160 94 18 tekende
1482 1160 49 18 zich

1100 1182 74 18 verder
1186 1182 23 17 af
1221 1185 28 15 en
1263 1181 28 22 bij
1306 1181 38 21 het
1358 1181 80 22 ingaan
1450 1186 43 14 van
1505 1183 27 18 de

1101 1204 43 20 10e,
1156 1208 42 13 van
1210 1204 26 18 de
1250 1204 23 16 12
1284 1204 24 17 af
1319 1205 22 17 te
1353 1204 75 22 leggen
1439 1205 92 19 ronden,

1100 1227 118 18 noteerden
1244 1230 30 15 we
1300 1226 122 19 Wambeke.
1448 1227 84 18 Ramon

1095 1251 86 18 voorop.
1197 1248 33 21 Op
1246 1247 61 18 1'45"
1322 1248 76 22 volgde
1414 1252 39 15 een
1468 1251 64 19 groep

1100 1275 42 14 van
1161 1272 24 17 15
1201 1275 89 14 renners
1306 1274 47 14 w.o.
1371 1271 62 20 Klnt,
1451 1272 82 17 Desim-

1563 438 90 20 pelaere,
1681 437 91 20 Thoma,
1798 437 122 20 Heirnaert,
1948 436 48 19 Van

1560 460 105 18 Eenaeme
1685 464 27 14 en
1732 459 110 21 Desmedt.
1861 459 87 23 Tijdens
1966 459 27 18 de

1561 482 131 18 voorlaatste
1725 482 87 22 omloop
1845 482 90 17 boetten
1967 482 28 17 de

1560 504 110 18 vluchters
1685 504 68 18 onder
1767 504 27 18 de
1808 504 57 18 druk
1880 508 43 14 van
1938 504 47 18 Mar-

1562 527 31 18 cel
1613 526 56 18 Klnt
1686 530 43 14 van
1748 526 48 18 hun
1815 529 132 19 voorsprong
1964 526 31 18 In.

1562 550 84 17 Ramon
1664 548 62 18 wilde
1744 548 75 18 echter
1835 548 48 19 niet
1901 549 94 21 begeven

1562 576 27 13 en
1610 571 60 18 dreef
1690 571 40 17 het
1750 572 74 20 tempo
1844 571 93 21 zodanig
1957 574 36 18 op,

1563 594 38 18 dat
1622 593 115 19 Wambeke
1757 593 86 21 voeling
1863 593 82 18 verloor
1966 597 28 13 en

1562 616 77 18 weldra
1655 615 52 18 door
1723 615 26 17 de
1765 615 92 22 jagende
1872 619 64 18 groep
1952 619 42 14 zou

1561 638 123 22 opgeslorpt
1700 637 93 20 worden.

1585 666 130 22 Meesterlijk
1730 670 43 14 van
1788 666 47 18 brio
1851 669 41 15 zou
1907 666 85 19 Ramon

1560 689 120 21 vervolgen,
1697 688 44 22 zijn
1756 688 53 18 boni
1824 692 43 18 nog
1882 689 112 22 opdrijven

1559 716 27 14 en
1601 711 32 18 als
1645 712 62 21 groot
1720 711 148 18 overwinnaar
1881 711 109 22 eindigen.

1671 768 48 26 DE
1735 769 150 25 UITSLAG

1575 830 17 18 1.
1605 828 96 19 RAMON
1719 828 104 19 ALBERT

1601 852 28 18 de
1646 850 37 20 156
1698 850 46 20 km.
1759 850 25 20 in
1839 851 14 19 4
1867 853 24 17 u.
1907 849 33 19 se

1570 881 20 18 2.
1605 882 80 16 Remue
1700 879 79 19 Mlchel
1859 883 28 18 op
1913 879 21 19 3'
1947 879 42 19 41"

1572 911 19 18 3.
1604 910 102 18 Desmedt
1724 909 113 21 Raymond

1572 940 19 18 4.
1606 939 55 18 Klnt
1676 937 80 20 Marcel

1572 969 19 17 5.
1605 968 83 18 Thoma
1703 967 47 19 Em.

1572 998 18 19 6.
1603 998 31 18 De
1651 997 65 18 Baere
1734 995 36 21 K.;
1788 995 20 20 7.
1825 995 164 23 Deaimpelaere;

1606 1027 19 18 8.
1640 1026 123 20 Dhaenens;
1780 1024 20 20 9.
1817 1024 121 20 Wambelce;
1958 1024 31 19 10.

1605 1056 117 20 Mlnnaert;

1560 1085 30 19 11.
1606 1085 46 19 Van
1666 1084 112 19 Eenaeme;
1794 1082 31 21 12.
1840 1082 48 19 Van
1903 1082 86 19 Heraele

1605 1107 38 20 M.;
1659 1107 30 19 13.
1703 1106 25 21 V.
1745 1106 21 18 d.
1782 1104 73 21 Walle;
1874 1104 31 19 14.
1919 1104 62 19 Diere-

1604 1130 60 19 kens;
1687 1129 23 18 16
1729 1128 47 18 Van
1796 1127 93 19 Herzele-
1900 1127 33 20 A.;
1955 1127 32 18 16.

1604 1151 160 20 Dhaeneklndt;
1780 1150 24 19 17
1817 1150 125 21 Heernaert;
1958 1149 31 19 18.

1599 1173 123 20 Demulder;
1754 1172 32 18 19.
1815 1172 118 20 Couvreur;
1954 1171 33 18 20.

1602 1197 98 21 Matthys
1716 1196 23 20 L.

1557 1226 32 21 21.
1604 1226 81 21 BUcky;
1702 1225 32 18 22.
1749 1225 112 21 Decampe;
1877 1223 33 20 23.
1925 1223 25 18 V.
1964 1223 23 18 d.

1601 1248 119 19 Drlessche:
1734 1247 33 19 24.
1782 1247 90 19 Caslers;
1885 1246 33 18 QB.
1931 1245 58 22 Mey.

1604 1272 61 17 vaert
1683 1270 69 21 (D.C.)

2060 242 525 117 WeeéckMek

2060 372 121 95 die
2200 374 155 145 ïijn
2376 358 429 147 fafmépad
2824 362 405 111 êeétïaaét.

2347 512 71 29 Bied
2430 512 37 30 de
2483 522 69 20 man
2569 523 81 21 uwer
2666 514 93 31 keuze
2775 524 55 22 een
2844 517 128 30 stralend
2988 516 51 32 fris

2345 559 92 39 gelaat
2457 559 47 31 dat
2523 559 39 39 hij
2579 560 58 39 dag
2659 570 53 22 aan
2731 562 57 39 dag
2806 562 29 31 in
2856 564 183 39 verrukking

2345 606 198 31 aanschouwt.
2562 606 136 32 Gebruik
2719 608 65 31 Lux
2801 609 179 42 Toiletzeep,
2999 611 39 31 de

2344 653 304 40 schoonheidszeep
2680 655 53 30 der
2771 655 186 33 filmsterren.
2992 657 43 41 Zij

2345 700 127 31 veredelt
2483 701 37 29 de
2538 701 70 31 teint
2623 711 36 21 en
2675 701 125 32 schenkt
2818 702 26 31 U
2855 712 55 22 een
2921 713 98 23 verras-

2344 747 73 31 send
2439 746 114 32 nieuwe
2565 748 153 40 bekoring.

2795 801 127 32 SALLY
2943 802 114 33 GRAY

2613 845 26 25 (J.
2653 846 112 21 ARTHUR
2778 846 73 21 RANK
2864 847 194 25 ORGANISATIE)

2375 883 115 26 verklaart
2503 893 8 16 :

2430 930 73 26 "Lux
2520 931 134 33 Toiletzeep,
2671 937 43 20 met
2729 932 57 25 haar
2801 932 57 25 mild
2864 933 92 29 schuim,

2375 968 79 32 reinigt
2458 969 95 32 grondig
2563 977 27 16 en
2599 970 97 25 verleent
2707 970 27 25 de
2749 969 55 25 teint
2819 970 85 25 weldra
2917 978 39 17 ten

2374 1005 86 26 nieuwe
2469 1006 104 32 bekoring
2579 1007 14 10 "

2096 1044 24 42 9
2138 1045 219 51 filmsterren
2377 1053 45 44 op
2448 1045 43 41 10
2509 1046 199 54 gebruiken

2048 1112 335 107 LUX

2421 1180 456 42 TOILETZEEP

2049 1252 45 25 LTS
2111 1254 23 23 IS
2148 1266 24 7 -
2188 1254 50 23 0191
2246 1255 5 22 1
2275 1256 41 21 BFL

3230 1254 189 24 SAVONNERIES
3435 1255 80 23 LEVER
3533 1250 100 31 FRÈRES,
3651 1257 152 23 BRUXELLES

3774 1292 53 20 3644

1096 1364 120 32 MEER
1229 1362 93 33 DAN
1335 1363 51 32 20
1400 1362 172 33 BELGEN
1586 1361 141 34 STAAN
1741 1359 177 35 PARAAT

1096 1432 85 93 II
1182 1442 23 25 e
1232 1430 339 103 Jlonde

1092 1598 185 63 van
1306 1556 537 103 TledeiCand
1864 1656 71 9 _

2021 1489 42 32 IN
2081 1490 89 32 TIEN

2019 1538 349 34 OPEENVOLGENDE

2020 1588 204 33 RITDAGEN

1399 1706 219 34 BEGINT
1643 1706 281 33 VANDAAG
1949 1705 68 34 TE
2043 1705 396 35 AMSTERDAM!

177 2650 364 27 F-llllllIIIIMIIIIÏIllIlllMIIIIIIIIIf
546 2648 519 24 IIIIlMIIIIIIMJtlllllMlIIIIHilIIHIIIIIlllllMllir?

302 2729 176 33 OPROEP

230 2779 87 33 VAN
337 2779 59 31 DE
412 2778 136 33 B.W.B.

220 2825 94 26 VOOR
333 2824 47 26 DE
401 2833 13 16 «
424 2823 92 26 TOUR
526 2832 14 15 »
552 2832 9 17 :

198 2862 41 18 Het
254 2859 142 23 Sportcomlté
411 2864 26 14 va
438 2868 15 14 n
467 2860 26 18 de
508 2859 87 18 Konink-

172 2883 51 23 lijke
264 2883 111 22 Belgische
415 2882 188 22 Wielrljdersbond

172 2906 56 18 deelt
248 2905 60 18 mede
328 2905 46 20 dat,
395 2906 44 16 met
459 2904 38 18 het
516 2907 39 18 oog
575 2907 27 19 op

173 2928 25 17 de
212 2927 85 18 «Ronde
311 2931 41 14 van
366 2926 134 22 Frankrijk»,
514 2926 34 18 die
561 2929 42 14 van

172 2950 24 17 30
209 2949 53 18 Juni
276 2951 34 18 tot
323 2949 26 17 24
361 2949 47 17 Juli
421 2948 101 21 verreden
536 2948 67 18 wordt

172 2974 51 16 twee
244 2971 125 18 technische
389 2970 85 20 leiders,
494 2970 45 18 drie
559 2973 35 15 ver-

172 2997 80 18 zorgers
274 2997 27 16 en
323 2993 46 20 drie
391 2992 148 19 mekaniekers
560 2992 34 18 die-

172 3020 42 18 nen
231 3015 122 22 aangeduid
371 3016 22 17 te
411 3015 93 18 worden.

197 3038 29 18 De
259 3038 141 17 oud-renners
433 3037 34 18 die
500 3036 104 22 indertijd

173 3064 40 14 aan
224 3060 25 18 de
262 3059 85 18 «Ronde
359 3063 42 14 van
413 3059 126 22 Frankrijk»
552 3058 42 18 heb-

174 3082 39 18 ben
248 3081 160 23 deelgenomen,
445 3084 77 19 mogen
556 3080 48 18 hun

173 3104 143 18 candidatuur
333 3103 78 18 stellen
430 3107 50 14 voor
498 3103 26 18 de
541 3103 54 17 func-

173 3126 40 19 ties
230 3130 42 14 van
290 3125 114 19 technisch
421 3125 74 18 leider.
512 3125 31 18 De
561 3128 35 15 ver-

172 3152 80 18 zorgers
267 3148 72 17 zullen
355 3147 94 22 gekozen
465 3147 85 18 worden
566 3150 29 15 on-

173 3171 34 17 der
230 3170 25 19 de
278 3170 131 19 candldaten
432 3169 35 19 die
490 3169 52 18 door
565 3169 39 18 het

173 3192 96 18 Federaal
296 3191 143 23 Sportcomlté
465 3191 32 18 als
522 3194 72 15 verzor-

172 3218 34 18 ger
222 3214 79 18 erkend
317 3214 53 22 zijn.
388 3214 48 18 Wat
453 3214 26 17 de
495 3213 99 18 mekanie-

173 3237 46 17 kers
241 3236 87 20 betreft,
351 3236 28 22 zij
404 3236 34 18 die
462 3236 24 17 ln
509 3239 39 14 een
571 3239 34 18 ge-

173 3258 102 22 beurlrjke
297 3258 135 22 aanduiding
454 3257 78 22 belang
554 3258 40 17 stel-

172 3281 42 19 len,
232 3281 84 17 worden
335 3280 100 18 verzocht
453 3280 49 18 zich
521 3284 42 14 aan
582 3281 21 17 te

172 3303 82 18 melden
275 3302 29 22 bij
325 3302 39 18 het
383 3302 101 18 Federaal
505 3301 90 23 Sportco-

173 3324 57 18 mlté.

196 3347 44 17 Alle
254 3347 157 20 candldaturen
425 3347 87 17 moeten
527 3346 67 18 schrif-

173 3369 59 21 telijk
256 3369 115 22 ingediend
396 3368 86 18 worden
507 3368 30 22 bij
564 3368 38 18 het

173 3391 198 21 Sportsecretarlaat
388 3394 40 14 van
447 3391 26 17 de
490 3390 53 17 K.B.
545 3390 58 18 W.B.

173 3413 196 21 Martelarenplaats
410 3412 19 19 8.
454 3414 22 19 te
508 3412 85 18 Brussel
597 3425 4 6 ,

173 3437 59 20 tegen
251 3435 96 22 uiterlijk
367 3435 23 17 10
398 3435 60 17 -Mei.

239 3458 93 25 VOOR
350 3458 47 25 DE
416 3457 119 26 RONDE

223 3494 72 26 VAN
313 3494 221 27 LUXEMBURG
547 3501 7 19 :

196 3531 29 18 De
243 3531 108 22 Belgische
371 3531 178 22 beroepsrenners
568 3530 34 18 die

172 3556 39 19 aan
240 3553 25 18 de
295 3553 133 18 aanstaande
451 3553 87 18 «Ronde
559 3556 42 14 van

173 3575 141 22 Luxemburg»
336 3579 84 18 wensen
440 3575 46 18 deel
515 3576 22 17 te
566 3578 28 15 ne-

173 3600 54 17 men,
244 3598 84 17 worden
344 3597 101 19 verzocht
461 3597 48 18 zich
525 3597 68 18 schrif-

173 3619 59 22 telijk
246 3623 41 15 aan
301 3621 21 17 te
336 3620 86 21 melden
435 3619 31 22 bij
481 3619 39 18 het
533 3620 60 21 sport-

172 3642 133 17 secretarlaat
318 3645 42 14 van
373 3642 25 17 de
411 3641 27 18 K.
440 3641 92 20 B.W.B.,
547 3641 45 17 Mar-

172 3663 156 22 telarenplaats,
347 3663 19 20 8,
385 3665 22 16 te
425 3663 94 20 Brussel,
538 3664 63 20 tegen

172 3685 93 22 uiterlijk
283 3686 102 22 Dinsdag,
406 3685 23 18 10
448 3685 50 18 Mei.

196 3707 52 18 Deze
267 3708 73 17 Ronde
368 3707 32 18 zal
421 3708 101 17 verreden
551 3711 42 13 wor-

173 3729 39 21 den
232 3733 40 13 van
292 3730 25 17 25
338 3731 34 17 tot
391 3730 24 17 29
436 3730 50 17 Mei.
506 3730 31 17 De
558 3733 35 13 ver-

172 3751 191 23 plaatsingskosten
384 3756 42 17 van
456 3752 27 18 de
511 3755 89 14 renners

172 3773 80 17 worden
269 3777 41 14 van
326 3774 48 20 hun.
391 3773 159 23 verblijfplaats
566 3775 34 16 tot

173 3794 190 23 Luxemburg-stad
388 3796 52 18 door
466 3796 27 17 de
519 3796 71 17 Inrich-

173 3817 40 17 ters
237 3818 94 21 vergoed.
357 3818 30 18 De
412 3818 118 22 dagelijkse
556 3822 35 13 ver-

173 3838 182 23 blijfsvergoeding
377 3841 19 17 is
419 3840 131 22 vastgesteld
571 3844 29 18 op

173 3861 34 17 250
221 3861 71 18 frank.

195 3883 57 18 Ieder
269 3888 25 13 va
296 3893 14 13 n
329 3885 26 17 de
373 3884 41 22 vijf
431 3885 69 17 ritten
519 3885 18 17 is
554 3885 45 17 met

174 3904 65 19 15.000
257 3906 64 18 frank
342 3907 83 21 prijzen
446 3906 106 22 begiftigd
572 3910 27 14 en

173 3930 46 16 voor
241 3928 25 18 de
290 3929 108 22 algemene
430 3928 169 22 rangschikking

173 3948 17 18 is
208 3953 37 15 een
264 3950 78 22 bedrag
362 3955 43 13 van
434 3951 71 18 50.000
534 3951 65 18 frank

174 3974 37 14 aan
227 3972 79 21 prijzen
323 3973 127 22 uitgeloofd.

317 4042 74 33 Aan
409 4043 43 32 de

213 4093 296 39 premiewinnaars
524 4094 37 31 in

177 4150 80 23 onze
279 4141 71 33 Eén
373 4142 228 33 Mei-koersen

197 4190 25 18 In
234 4192 131 22 aansluiting
377 4195 45 16 met
434 4194 39 17 het
485 4194 66 22 lijstje
563 4194 37 18 der

173 4213 181 20 premiewinnaars
375 4215 22 19 In
416 4216 26 17 de
462 4216 66 18 Grote
548 4216 53 18 Eén-

173 4233 97 23 Mel-prljs
288 4240 49 14 voor
354 4237 145 21 Liefhebbers,
519 4238 38 18 dat
576 4238 24 18 in

174 4259 37 14 ons
229 4257 48 18 blad
298 4262 41 14 van
361 4259 94 22 Dinsdag
477 4260 122 20 verscheen,

174 4281 62 17 geven
248 4283 30 14 we
291 4280 113 18 hieronder
418 4285 42 18 nog
474 4282 75 17 enkele
562 4286 30 14 na-

174 4302 46 16 men
240 4305 40 15 van
300 4302 190 20 rechthebbenden
510 4308 29 18 op
560 4308 40 13 een

174 4322 82 20 premie.

197 4344 28 17 De
244 4346 93 20 premiën
357 4347 22 18 te
399 4348 201 18 DENDERMONDE

174 4365 48 18 door
234 4367 59 18 Bond
307 4369 88 21 Moyson
410 4369 119 22 uitgeloofd
544 4370 47 18 kwa-

174 4390 47 15 men
235 4390 34 17 toe
282 4393 48 15 aan:
345 4391 30 18 De
389 4391 91 21 Prljcker
497 4392 47 19 (150
557 4392 39 21 fr.)

174 4412 26 15 en
213 4410 44 18 Van
271 4412 26 17 de
311 4412 80 19 Voorde
409 4414 47 20 (100
471 4414 49 22 fr.).

197 4431 103 23 Volgende
321 4434 128 19 liefhebbers
471 4436 84 18 worden
577 4439 22 15 er

173 4456 40 15 van
229 4455 117 22 verwittigd
360 4457 39 18 dat
414 4461 24 14 ze
452 4461 40 15 een
507 4458 92 21 speciale

174 4476 75 19 premie
259 4477 89 18 kunnen
360 4479 87 18 afhalen
459 4479 28 22 bij
499 4480 100 17 oud-ren-

174 4499 35 15 ner
222 4498 57 18 Aimé
293 4499 99 22 Dossche,
406 4501 184 23 Antwerpsesteen-

175 4522 47 18 weg,
237 4520 31 18 St.
283 4521 143 23 Amandsberg
444 4523 89 22 (Gent):

197 4541 125 22 Vergauwen
338 4544 33 21 (2e
385 4542 77 23 gekl.j:
476 4549 39 14 een
528 4545 63 18 koers-

174 4563 48 20 trui;

197 4585 151 23 Verdoolaeghe
369 4588 54 22 (3e),
443 4592 40 15 een
502 4589 96 18 koerstu-

174 4605 24 18 be
211 4607 116 22 Englebert;

195 4628 44 18 Van
253 4630 100 18 Isterdael
370 4632 42 21 (4e)
430 4636 39 14 een
483 4632 115 19 koerstube

174 4649 114 23 Englebert;

197 4672 29 18 De
237 4673 124 19 Lathouwer
375 4676 43 21 (5e)
433 4680 39 15 een
483 4676 115 20 koerctube

174 4693 115 22 Englebert.

197 4716 120 23 Anderzijds
331 4718 84 19 hebben
430 4720 26 18 de
472 4719 118 19 Nieuwelin-

175 4740 37 17 gen
225 4738 69 18 Batslé
306 4743 26 15 en
345 4741 45 17 Van
402 4742 71 20 Daele,
487 4742 32 18 als
531 4743 67 18 eerste

174 4759 50 18 twee
247 4761 156 21 geklasseerden
425 4764 22 18 ln
472 4764 26 17 de
520 4764 77 21 finaal,

174 4781 57 18 recht
256 4786 27 18 op
308 4784 34 17 elk
367 4788 38 14 een
430 4786 115 18 koerstube
570 4790 27 14 en

175 4801 108 23 koerstrui,
296 4806 91 18 dewelke
399 4811 23 14 ze
434 4808 91 18 kunnen
538 4808 52 18 afha-

174 4823 33 21 len
226 4825 27 22 bij
272 4827 82 19 Gaston
373 4829 124 22 Carpriaux,
517 4831 82 18 Mulde-

175 4848 65 19 poort.
258 4848 64 19 Gent.

694 2727 148 32 KAREL
855 2726 145 33 KAERS

695 2777 58 32 EN
768 2776 168 33 MOLLIN
950 2776 47 32 IN

650 2825 402 37 BORDEAUX-PARIJS

655 2893 30 18 De
705 2894 166 21 Antwerpenaar
899 2893 95 18 Maurice
1012 2892 43 18 Mol-

631 2914 39 20 lln,
682 2916 35 17 die
728 2914 61 20 resds
801 2914 126 18 meermaals
938 2914 46 22 zijn
995 2915 61 21 sport-

630 2936 114 20 directeur,
758 2935 99 20 Antonin
869 2936 85 21 Magne,
968 2938 32 16 ter
1014 2938 50 15 iten-

631 2959 34 17 niB
687 2957 103 22 gebracht
812 2958 62 18 heeft
896 2959 39 18 dat
957 2957 32 21 hij
1014 2957 41 17 Bor-

630 2979 69 18 deaux
700 2988 25 3 —
725 2979 69 21 Parijs
807 2982 42 15 zou
863 2978 72 19 willen
949 2978 114 18 betwisten

630 3000 61 18 heeft
705 3004 27 18 op
749 3000 68 21 grond
832 3001 69 20 z'jrier
916 3000 65 21 goede
997 2999 57 19 resul-

630 3023 62 17 taten
714 3021 82 22 tijdens
818 3022 39 21 het
878 3020 61 20 reeds
961 3021 102 18 verreden

631 3043 93 22 gedeelte
743 3046 43 16 van
803 3044 39 18 he;
860 3044 138 20 wegseizoen,
1017 3042 47 22 zijn

630 3066 37 17 zin
681 3064 103 21 gekregen
801 3069 26 15 en
844 3064 33 18 zal
893 3067 42 15 aan
951 3065 26 18 de
993 3064 69 22 Derby

630 3086 132 18 deelnemen.

656 3113 75 19 Mollln
744 3114 61 19 heeft
818 3115 42 17 ook
873 3114 46 21 zijn
933 3115 129 21 gangmaker

630 3135 109 20 gevonden
755 3139 28 15 en
798 3136 103 18 niemand
918 3135 85 18 minder
1017 3136 45 17 dan

630 3156 63 18 Karel
706 3156 74 21 Kaers,
792 3157 36 18 die
840 3157 46 17 met
898 3157 39 19 het
948 3161 41 17 oog
1001 3156 52 18 daar-

630 3181 36 17 op,
689 3179 26 18 de
738 3178 96 21 training
856 3177 32 19 als
912 3178 49 17 «ent
964 3179 97 17 mineur»

630 3199 113 21 begonnen
759 3200 26 18 ls.
803 3199 42 19 Het
862 3199 45 22 vBlt
923 3200 47 20 niet
987 3201 22 17 te
1026 3199 27 19 be-

630 3221 86 17 twisten
734 3220 39 20 dat
791 3221 27 19 de
837 3220 70 20 kleine
926 3221 77 18 Mcilin
1021 3224 41 16 een

631 3242 129 21 importente
774 3242 140 22 beschutting
928 3242 33 19 zal
976 3243 85 18 hebben

631 3262 74 19 achter
724 3262 28 19 de
772 3267 50 14 reus
841 3263 74 19 Kaers.
936 3264 45 18 Een
1001 3264 61 18 beter

631 3285 141 16 windscherm
792 3285 45 18 dan
858 3285 66 18 Kaers
946 3286 44 19 kan
1010 3288 51 15 rnen

629 3305 49 18 zich
692 3305 94 21 wellicht
798 3307 47 20 niet
857 3307 113 18 dromen...

655 3333 84 21 Voegen
752 3338 31 15 we
796 3333 47 19 hier
856 3337 42 15 aan
911 3335 35 18 toe
959 3336 39 20 dat
1011 3335 41 19 Bor-

630 3351 163 25 deaux—Parijs
811 3356 34 18 dit
864 3356 46 21 jaar
929 3360 40 14 een
989 3357 72 18 olzon-

629 3375 50 19 dere
692 3376 164 22 belangstelling
868 3377 64 18 wekt.
944 3378 50 18 Niet
1005 3379 47 18 min-

629 3398 38 18 der
687 3398 44 18 dan
751 3398 23 18 41
797 3402 87 14 ïenners
904 3399 87 18 hebten
1012 3401 48 17 rich

631 3418 118 20 kandidaat
761 3419 81 21 gesteld
855 3423 49 14 voor
916 3421 27 18 de
956 3420 24 18 15
993 3421 67 21 p'.aat-

629 3443 39 14 aen
679 3440 36 19 die
727 3441 24 18 in
762 3440 96 22 principe
870 3443 126 20 toegth^aati
1006 3442 53 22 zijn.

629 3460 72 19 Onder
721 3462 35 18 die
776 3462 23 18 41
820 3462 134 20 kandidaten
974 3463 77 19 verniel-

629 3482 43 18 den
696 3486 31 15 we
751 3486 53 15 o.m.
840 3484 27 18 Le
892 3484 67 19 Strat.
985 3484 74 23 Keuvy,

630 3504 83 18 Tassln.
736 3504 74 19 Lucas,
834 3505 73 19 Albert
930 3506 130 20 Hendrlckx,

629 3524 103 22 Lévéque,
757 3525 70 20 Mahé.
851 3522 102 26 Moujica,
976 3527 84 20 Mollln,

629 3545 62 22 Buyl,
711 3547 91 19 Masson,
820 3547 60 21 Ju'.es
897 3548 62 20 Rossl
976 3552 27 16 er.
1020 3549 33 18 Ro-

629 3571 35 17 ger
681 3567 143 21 Ghtjseïlnck,

1178 1773 120 68 OOK
1315 1773 129 21 Nederland
1462 1773 64 21 heeft
1543 1773 43 20 dus
1603 1772 47 25 zijn
1667 1779 12 12 «
1687 1773 80 20 Ronde
1774 1779 11 11 »
1803 1772 37 20 die
1857 1772 106 23 vandaag

1279 1807 54 15 voor
1348 1802 28 20 de
1392 1802 85 20 tweede
1492 1802 61 20 maal
1569 1802 35 20 ral
1619 1802 95 21 starten.
1729 1801 39 24 Bij
1783 1806 56 15 onze
1853 1801 97 21 noorder-

1279 1831 72 21 buren
1364 1832 19 20 is
1396 1831 126 21 inderdaad
1535 1831 52 21 heel
1599 1832 46 20 wat
1658 1832 40 20 ten
1711 1831 70 24 goede
1793 1831 127 21 veranderd
1933 1835 29 20 op

1176 1861 150 23 sportgebied.
1347 1860 205 23 Boskwedstrijden
1574 1865 29 15 en
1624 1860 149 24 wegkoersen,
1795 1860 37 21 die
1852 1861 36 20 tot
1909 1865 54 15 voor

1177 1890 28 20 de
1219 1890 76 22 oorlog
1308 1894 45 19 nog
1368 1890 48 19 niet
1431 1890 82 23 geduld
1528 1890 90 20 werden
1632 1889 25 20 In
1671 1890 129 20 Nederland
1816 1899 23 7 —
1854 1890 18 21 't
1885 1890 30 23 xij
1929 1889 33 24 hij

1176 1919 51 20 heel
1239 1919 160 23 uitzonderlijk
1410 1919 64 23 geval
1487 1928 22 6 --
1522 1919 89 19 worden
1624 1924 32 15 nu
1668 1919 103 24 geregeld
1783 1919 179 24 georganiseerd.

1175 1948 34 19 De
1224 1948 120 23 geweldige
1359 1948 179 24 belangstelling,
1553 1948 70 21 welke
1638 1949 29 20 de
1682 1948 218 25 rtttenwedstrijden
1914 1949 48 20 met

1177 1977 87 20 diverse
1278 1977 94 24 ploegen
1387 1977 93 20 wekken
1495 1977 24 20 in
1534 1977 49 21 vele
1598 1978 90 22 landen,
1703 1978 65 21 heeft
1782 1978 56 21 zelfs
1852 1979 44 20 ook
1910 1979 40 20 der-

1176 2006 81 24 gelijke
1274 2006 138 24 organisatie
1429 2006 24 20 Jn
1470 2006 130 21 Nederland
1617 2007 59 20 doen
1693 2008 116 21 ontstaan.

1128 2064 67 21 Jlfaor,
1223 2063 59 18 zoals
1310 2066 50 15 men
1388 2063 48 18 zich
1466 2063 45 18 best

1103 2085 44 19 kan
1168 2085 120 23 gedenken,
1311 2089 43 15 was
1375 2085 35 18 die
1440 2086 72 21 groots

1101 2108 116 22 opgevatte
1238 2107 188 22 rittenwedstrijd,
1450 2111 55 14 waar-

1102 2130 62 18 mede
1185 2129 59 23 vorig
1264 2130 47 21 jaar
1332 2133 42 15 van
1395 2130 40 18 wal
1456 2129 57 18 werd

1102 2152 111 23 gestoken,
1236 2155 50 15 voor
1308 2151 45 19 veel
1381 2152 122 18 verbeterin-

1101 2178 43 18 gen
1163 2174 97 18 vatbaar.
1281 2175 31 17 De
1332 2173 124 21 inrichters,
1478 2173 34 19 die

1102 2196 85 18 minder
1203 2195 120 19 vertrouwd
1338 2196 47 22 zijn
1400 2196 45 18 met
1461 2199 52 19 weg-

1102 2219 89 22 koersen
1214 2219 97 18 moesten
1332 2218 111 19 uiteraard
1464 2218 49 20 heel

1101 2240 43 19 wat
1161 2240 192 27 experimenteren.
1369 2239 30 19 Zo
1415 2244 43 15 was
1474 2240 38 18 het

1102 2266 40 14 een
1156 2257 49 23 hele
1220 2263 78 18 karwei
1312 2266 36 14 om
1363 2263 27 17 de
1404 2261 108 23 uitslagen

1102 2285 24 17 te
1147 2284 92 18 fcunnen
1261 2284 130 22 verkrijgen,
1423 2284 88 22 waarbij

1102 2310 51 15 men
1169 2306 54 22 zelfs
1240 2306 27 18 de
1284 2306 56 23 hulp
1358 2309 68 17 moest
1444 2307 60 18 inroe-

1101 2332 44 19 pen
1166 2332 42 17 van
1230 2328 111 23 Belgische
1360 2328 90 23 volgera.
1481 2328 31 18 En

1103 2350 45 18 dan
1173 2350 69 18 kwam
1266 2350 34 18 dit
1323 2350 101 18 verkeerd
1447 2350 67 22 rijden

1101 2373 25 18 in
1143 2374 26 18 de
1188 2372 80 19 tweede
1286 2373 38 20 rit,
1342 2373 88 22 waarbij
1448 2372 65 19 Gold-

1101 2394 104 21 schmidt,
1225 2396 82 18 Vooren
1326 2395 119 22 Opstaken,
1465 2396 48 17 Tar-

1102 2416 60 18 chini
1187 2420 27 14 en
1240 2416 132 18 Weilemann
1396 2420 52 14 o.m.
1472 2415 42 19 alle

1104 2438 108 18 vruchten
1233 2442 43 14 van
1296 2442 40 13 een
1356 2438 156 22 ontvluchting

1101 2461 104 19 verloren.
1232 2462 28 17 Ze
1285 2460 63 23 lagen
1373 2464 88 15 immers
1484 2464 29 18 op

1101 2483 35 19 dit
1158 2483 103 18 critische
1291 2483 98 18 moment
1412 2484 45 18 met
1478 2486 26 15 zo-

1102 2509 61 14 maar
1184 2506 12 16 4
1218 2505 55 19 volle
1294 2505 102 18 minuten
1426 2508 86 19 voorop.

1101 2527 159 21 Aanvankelijk
1280 2526 87 20 hadden
1386 2527 27 18 de
1430 2526 84 22 officie-

1102 2549 36 19 len
1160 2549 93 23 gedacht
1275 2553 54 14 naar
1349 2548 27 19 de
1397 2549 57 18 stem
1476 2549 38 18 der

1102 2570 50 20 rede
1174 2571 22 18 te
1218 2571 87 18 moeten
1326 2570 105 21 luisteren
1461 2570 52 19 door

1101 2592 27 19 de
1142 2592 139 22 slachtoffers
1295 2596 43 15 van
1351 2593 34 20 dit
1400 2592 112 23 misrijden

1101 2615 45 17 met
1167 2614 97 22 dezelfde
1285 2615 42 21 tijd
1347 2619 44 15 van
1409 2615 28 18 de
1455 2619 50 14 over-

1101 2636 105 21 winnaar,
1222 2636 54 18 Wtm
1289 2636 27 18 de
1329 2636 90 22 Ruyter,
1435 2637 22 18 te
1470 2640 34 15 cre-

1101 2658 93 20 diteren,
1224 2658 108 18 waardoor
1361 2658 151 18 Goldschmidt

1100 2680 42 18 ook
1156 2680 199 18 eindoverwinnaar
1366 2684 42 14 zou
1421 2679 91 19 kunnen

1101 2702 93 18 worden.

1128 2724 59 18 Doch
1218 2723 126 19 naderhand
1375 2723 69 19 kwam
1473 2723 38 18 het

1100 2746 25 19 V.
1127 2746 44 18 Cl.
1171 2745 129 24 -reglement
1331 2745 56 23 erbij
1410 2746 22 18 te
1462 2750 47 18 pas,

1560 2067 52 16 en...
1634 2064 69 19 Emiel
1723 2065 88 23 Rogiers
1832 2065 58 20 werd
1910 2065 50 20 eind-

1559 2086 148 19 overwinnaar
1722 2090 29 15 na
1768 2087 26 19 de
1810 2087 25 19 10
1852 2088 76 20 ritten.

1732 2109 10 11 *
1758 2109 11 11 •
1784 2109 10 12 •

1586 2130 47 19 Wat
1650 2131 27 18 de
1695 2131 117 19 inrichters
1830 2132 72 19 voorts
1919 2132 42 19 heb-

1560 2152 42 21 ben
1620 2152 92 24 geleerd,
1731 2154 19 18 is
1768 2154 39 18 wel
1825 2154 40 19 dat
1882 2158 25 15 ze
1925 2153 46 20 veel

1560 2175 22 17 te
1598 2175 72 20 royaal
1686 2176 22 17 te
1724 2175 57 18 werk
1795 2179 72 14 waren
1882 2179 88 19 gedaan.

1559 2194 170 26 Bezuinigingen
1749 2197 98 21 drongen
1866 2198 49 19 zich
1934 2202 28 19 op
1965 2210 5 6 .

1559 2222 29 14 en
1604 2219 97 19 vandaar
1717 2219 39 19 dat
1773 2220 39 19 het
1829 2220 134 19 deelnemers-

1560 2241 76 19 aantal
1658 2245 43 15 van
1722 2242 39 19 140
1783 2245 90 15 renners
1905 2242 65 18 titans

1561 2266 28 18 op
1613 2266 40 13 een
1679 2262 118 23 twintigtal
1822 2263 56 18 werd
1902 2264 62 22 terug-

1559 2285 111 23 gebracht.

1585 2307 42 19 Dat
1641 2308 34 18 zal
1688 2308 42 18 ook
1744 2307 39 19 wel
1797 2307 27 19 de
1837 2307 66 19 reden
1916 2307 54 23 zijn,

1561 2332 91 15 waarom
1673 2333 24 14 er
1716 2333 52 15 voor
1787 2329 35 19 dit
1842 2330 48 21 jaar
1918 2333 54 19 peen

1560 2351 76 17 enkele
1666 2351 90 23 rustdag
1785 2350 56 19 werd
1872 2351 99 18 voorzien

1560 2376 12 14 e
1572 2382 15 13 n
1606 2376 51 15 men
1674 2373 40 19 het
1731 2373 72 19 houdt
1822 2373 32 22 bij
1871 2373 47 18 tien
1934 2377 29 19 op-

1561 2394 144 23 eenvolgende
1727 2394 107 23 ritdagen.

1585 2416 38 19 Dit
1636 2417 81 18 vinden
1731 2421 31 15 we
1776 2417 76 18 echter
1864 2420 40 15 een
1917 2417 46 18 min-

1560 2438 39 19 der
1619 2438 114 27 gelukkige
1754 2438 117 23 oplossing.
1894 2439 78 18 Indien

1562 2460 168 23 bezuinigingen
1752 2460 154 23 noodzakelijk
1928 2464 32 15 wa-

1560 2486 46 17 ren,
1621 2483 44 18 dan
1678 2483 44 19 kon
1736 2486 50 14 men
1801 2483 48 18 best
1863 2486 39 15 een
1916 2483 56 18 üoti-

1560 2505 27 18 de
1609 2508 43 15 van
1682 2504 122 19 Nederland
1834 2505 137 22 organiseren

1560 2527 24 18 in
1603 2528 11 16 4
1632 2531 12 13 a
1663 2528 12 17 5
1694 2527 100 22 ritdagen
1813 2526 127 20 maximum.

1585 2550 42 18 Het
1646 2550 20 17 is
1685 2549 43 19 dus
1747 2549 77 18 alweer
1843 2554 40 17 een
1903 2550 68 18 *Ron-

1559 2571 47 20 dew,
1628 2571 35 19 die
1685 2571 98 22 moeilijk
1804 2570 111 24 algemene
1936 2571 26 18 be-

1559 2593 111 23 vrediging
1684 2594 45 18 kan
1744 2593 103 23 brenpen,
1863 2597 28 15 en
1904 2593 59 19 uiter-

1559 2615 51 18 aard
1630 2615 42 18 ook
1690 2615 48 19 niet
1756 2616 28 18 de
1802 2614 118 22 atmosfeer
1937 2614 34 19 zal

1559 2637 116 22 scheppen,
1696 2636 67 19 welke
1783 2637 54 22 erbij
1857 2638 58 20 past.

1583 2681 32 17 De
1645 2680 137 23 deelneming
1812 2681 19 18 is
1861 2680 109 19 nochtans

1559 2702 165 22 voortreffelijk.
1746 2702 99 21 Schulte,
1867 2707 45 14 van
1931 2702 39 19 uHc

1560 2728 48 14 men
1626 2724 33 18 tot
1676 2727 28 19 op
1720 2724 39 18 het
1776 2724 133 19 allerlaatste
1926 2728 36 15 mo-

1559 2748 60 17 ment
1635 2746 48 18 niet
1698 2747 63 18 zeker
1777 2750 49 18 was,
1841 2746 24 22 of
1880 2747 33 22 hij
1928 2750 42 14 zou

1290 2839 287 32 DEELNEMENDE
1593 2838 186 33 PLOEGEN

212 4914 205 38 Velodroom
431 4921 129 33 Zelzate

197 4959 31 23 Op
243 4961 90 24 Zondag,
349 4964 13 18 8
376 4965 42 18 Mei
434 4966 48 19 1949
498 4967 22 18 te
537 4966 23 18 15
575 4970 21 16 u.

198 4982 99 19 Omnium
315 4985 177 24 Beroepsrenners
509 4990 46 17 met
573 4990 23 17 A.

175 5004 108 22 benepens.
302 5006 25 20 O.
345 5007 106 23 Meyvaert
469 5014 26 15 en
513 5011 20 18 J.
551 5011 45 18 Van

175 5025 99 21 Geidercn
310 5030 162 21 (Puntenkoers,
512 5032 78 19 Achter-

175 5046 86 22 volging,
279 5049 119 23 Tijdrijden
418 5052 8 18 1
446 5053 53 21 km.)

175 5070 60 28 „JrL
242 5069 40 19 Km
285 5084 4 5 *
312 5072 15 16 p
329 5073 105 22 loegkoers
456 5077 53 17 met:
533 5077 64 17 Tour-

175 5091 72 17 net-De
266 5092 132 24 Gravellnck;
417 5097 45 18 Van
481 5097 116 22 Caenegem

175 5111 35 18 -De
225 5113 68 21 Pauw;
310 5116 126 23 Mathtjs-De
452 5120 83 17 Peuter:
552 5121 45 18 Van

177 5132 149 25 Qeun-Olieux;
350 5139 175 22 Blomme^Proot;
549 5142 49 19 Ver-

176 5157 185 23 gauwen-Saelens;
407 5161 189 21 Oudenaert-Belr-

176 5178 64 19 ntert.

199 5198 111 27 Uitdaging
330 5202 109 21 Snelheid:
462 5206 44 18 Van
528 5208 60 18 Deun

176 5219 31 34 S,
204 5223 39 15 Urn
248 5223 25 30 *V
292 5219 18 34 Y
309 5227 27 14 an
354 5226 68 17 Caene
422 5227 64 22 ehem
505 5232 26 15 en
550 5230 47 18 Sae-

177 5243 49 16 'ens.
245 5244 105 26 Afvalling
367 5251 39 14 enz

199 5264 136 23 wedstrijden
353 5269 164 24 Nieuwelingen-

199 5286 140 25 Audenaerde.
360 5292 109 23 Verweire,
487 5293 111 21 Kerkhovu

178 5308 89 21 milMn
282 5314 47 18 na.

736 3662 40 32 In
794 3663 153 43 afdeling

685 3711 317 35 West-Vlaauderen

705 3772 67 21 van
786 3761 42 33 de
843 3763 133 32 B.W.B.

649 3827 31 18 De
702 3827 84 18 B.W.B.
809 3838 9 4 -
835 3828 53 19 .Aid.
912 3829 30 17 W.
944 3829 104 19 -Vlaande-

623 3852 46 16 ren,
693 3850 127 21 vergaderde
842 3854 27 14 en
900 3855 51 13 nam
981 3852 75 18 enkele

623 3872 85 20 strenge
723 3872 144 22 maatregelen
882 3874 112 20 tegenover
1008 3878 39 14 ren-

623 3896 49 14 ners
695 3897 27 14 en
746 3893 88 22 volgers.
858 3895 116 18 Hieronder
998 3896 57 22 volgt

623 3919 39 14 een
676 3915 96 23 beknopt
784 3916 108 23 overzicht
904 3921 42 14 van
958 3918 26 18 de
997 3922 50 14 voor-

624 3938 98 18 naamste
741 3938 86 22 punten
837 3942 6 15 :

649 3968 21 22 1)
687 3969 59 18 Geen
766 3969 75 19 enkele
861 3970 107 22 volgauto,
990 3971 17 19 't
1025 3972 29 22 zij

622 3991 94 18 officiële
738 3991 23 18 of
782 3992 49 18 deze
852 3996 26 14 va
879 4000 15 14 n
914 3994 26 17 de
960 3994 86 19 koersin-

623 4013 91 17 richters
741 4017 50 18 mag
820 4017 43 19 nog
893 4018 99 16 vrouwen
1021 4020 28 18 op-

623 4039 86 14 nemen.
740 4036 90 22 Strenge
860 4037 93 19 sancties
982 4038 73 19 zullen

622 4057 108 22 getroffen
764 4058 85 18 worden
883 4060 112 21 tegenover
1029 4061 25 18 de

622 4080 139 17 overtreders.

647 4111 22 21 2)
685 4111 108 22 Volgende
806 4116 88 14 renners
907 4114 83 18 werden
1004 4118 42 15 aan-

622 4133 79 22 geduid
722 4137 51 14 voor
794 4134 26 17 de
841 4134 75 19 Ronde
937 4140 41 14 van
999 4136 47 19 Lim-

622 4155 54 22 burg
704 4159 51 14 voor
781 4156 138 18 Liefhebbers
931 4161 5 14 :
964 4158 30 18 De
1013 4159 42 17 Vos

622 4178 67 19 Buad;
709 4177 65 20 Geers
791 4178 39 19 W.;
848 4179 93 21 Derycke
958 4180 26 19 G;
1003 4180 52 22 Mlg-

621 4203 57 15 neau
691 4200 34 20 R.;
740 4200 31 18 De
785 4200 78 23 Pypere
877 4201 35 20 K.;
927 4202 77 20 Favere
1019 4203 33 19 H.;

621 4222 92 18 Labaere
752 4222 38 20 W.;
830 4223 143 22 Scharlaeken
1011 4224 41 21 Fr.;

621 4244 88 20 Sleeuw;
732 4244 164 23 Verdoolaeghe;
926 4245 58 23 Joye;
1015 4247 39 18 De-

621 4270 50 14 rous
685 4270 27 14 en
726 4267 173 18 Vansteenkiste.

645 4295 22 22 3)
684 4295 44 19 Een
744 4295 78 18 laatste
839 4296 143 23 verwittiging
999 4298 54 17 werd

621 4318 104 21 gestuurd
745 4321 42 14 aan
806 4318 26 17 de
853 4318 128 22 «Lelegalm»
985 4332 5 7 ,
1010 4319 35 19 We-

620 4339 89 23 velgem,
725 4343 34 19 tot
773 4340 26 18 de
815 4340 96 22 betaling
926 4344 25 15 va
953 4349 14 13 n
981 4342 26 17 de
1022 4342 32 17 ln-

620 4362 221 22 rlchtersvergoeding
862 4366 43 15 van
926 4363 48 21 hun
995 4363 60 19 club-

620 4384 61 17 koers
696 4388 28 18 op
739 4384 12 18 6
766 4384 70 18 Maart
851 4384 32 18 1.1.

645 4406 22 21 4)
683 4406 41 18 Tot
756 4406 26 18 de
805 4408 149 17 voornaamste
986 4408 59 21 uitge-

620 4428 92 22 sproken
734 4428 94 18 straffen
850 4428 94 18 behoren
956 4433 5 13 :

645 4456 86 18 Renner
748 4457 21 17 J.
788 4457 138 20 CLAESSEN,
948 4458 97 22 (beroeps-

620 4481 87 19 renner)
727 4479 56 18 werd
800 4479 78 18 bulten
894 4479 62 18 koers
973 4480 81 22 gesteld

619 4504 83 19 wegens
722 4501 39 19 het
781 4501 107 22 vrijwillig
909 4502 144 22 aanklampen

620 4527 26 14 va
646 4532 15 13 n
678 4527 40 14 een
734 4523 102 22 volgauto
853 4524 23 17 ln
892 4524 26 17 de
935 4524 119 19 Elfsteden-

619 4545 74 18 Ronde
710 4547 22 17 te
749 4545 91 22 Brugge.
857 4546 124 18 Bovendien
998 4547 55 18 werd

619 4567 50 18 hem
689 4572 23 14 ee
713 4576 16 13 n
747 4567 113 23 schorsing
880 4571 42 15 van
942 4568 12 18 6
973 4569 78 19 maand

621 4589 109 22 opgelegd.
758 4590 44 17 Een
830 4590 88 18 verzoek
945 4591 56 18 werd
1028 4591 28 22 bij

619 4612 38 17 het
687 4612 100 18 Federaal
820 4612 143 22 Sportcomlté
996 4613 48 21 inge-

619 4634 65 18 diend
706 4638 51 14 voor
779 4634 156 18 verzachtende
957 4636 87 17 omstan-

619 4656 114 22 digheden.

644 4684 22 21 fi)
682 4685 86 17 Renner
783 4684 94 18 CASIER
892 4685 35 20 G.,
946 4685 107 23 (beroeps-

618 4708 87 20 renner)
725 4707 55 18 werd
798 4707 77 18 bulten
893 4707 61 19 koers
971 4708 82 21 gesteld

619 4728 23 22 ln
658 4729 26 17 de
702 4729 86 18 «Ronde
806 4733 41 14 van
864 4729 23 18 W
890 4729 161 19 .-Vlaanderen»

620 4751 20 17 te
660 4751 97 22 Kortrijk
786 4755 83 18 wegens
888 4752 39 17 het
946 4752 107 22 vrijwillig

619 4776 78 15 nemen
717 4777 42 14 van
780 4777 39 15 een
847 4774 85 18 kortere
952 4777 51 19 weg,
1025 4778 27 14 cn

619 4795 47 17 zich
687 4795 63 18 aldus
773 4796 125 22 bedrieglijk
920 4796 133 23 geklasseerd

620 4818 21 16 te
659 4817 93 20 hebben.
771 4818 36 22 HIJ
826 4818 89 18 bekomt
933 4818 120 19 bovendien

620 4843 37 13 een
675 4840 111 22 schorsing
803 4844 42 18 van
862 4840 12 18 8
891 4841 76 21 dagen.

644 4868 81 21 Tegens
745 4869 68 22 krijgt
833 4873 78 15 renner
933 4869 71 18 Casler
1025 4869 27 19 G.

620 4893 38 14 een
675 4890 79 19 uiterst
770 4893 86 20 strenge
872 4892 126 21 vermaning
1015 4895 30 14 we-

620 4915 51 18 gens
691 4913 125 23 wangedrag
837 4917 42 19 van
898 4914 21 17 zi
919 4914 25 21 Jn
964 4917 81 19 suppor-

620 4935 50 18 ters.

645 4963 123 19 Bovendien
786 4965 83 17 werden
887 4968 42 19 nog
946 4969 39 14 een
1003 4968 41 15 aan-

621 4984 30 18 tal
670 4985 93 18 kleinere
782 4986 93 18 straffen
893 4987 102 21 opgelegd
1014 4990 30 14 we-

621 5010 51 18 gens
695 5008 164 21 ongeoorloofde
891 5009 161 22 bevoorrading,

621 5032 26 15 eu
664 5029 45 18 dies
726 5034 65 14 meer.

645 5058 35 18 We
697 5058 90 20 kunnen
805 5060 47 19 niet
870 5060 77 20 anders
965 5061 43 18 dan
1026 5061 26 18 de

621 5079 68 19 Heren
711 5081 82 19 B.W.B,
817 5086 42 15 van
882 5082 171 19 West-Vlaandc-

620 5105 21 14 re
643 5110 14 13 n
672 5103 64 21 geluk
751 5107 85 15 wensen
851 5106 45 17 met
911 5105 48 18 hun
973 5105 79 18 uiterst

621 5124 84 23 strenge
720 5125 104 23 houding.
840 5127 76 22 Hopen
931 5131 30 14 we
976 5127 39 18 dat
1029 5131 24 14 ze

622 5146 93 19 dezelfde
738 5152 43 18 weg
802 5148 82 23 blijven
906 5149 146 19 bewandelen.

951 5178 75 18 MILO.

631 5261 70 26 Voor
715 5263 108 26 verdere
837 5265 210 30 sportberichten

743 5306 38 26 zie
793 5307 49 26 blz.
854 5308 16 25 3
883 5315 33 19 en
926 5309 17 25 8

1090 2903 102 18 FRANSE
1209 2902 96 19 PLOEG:
1322 2902 96 18 Bourlon
1445 2901 78 22 Dorge-

1140 2924 59 20 bray.
1220 2924 86 19 Pontet.
1328 2924 25 19 R.
1374 2924 28 19 Le
1423 2923 97 21 Nlzerhy.

1140 2947 89 19 Cosson,
1244 2946 101 19 Ferrand,
1363 2946 91 21 Mignat,
1469 2946 52 18 Boc-

1138 2970 61 20 quet.

1089 2991 148 17 GEMENGDE
1255 2990 95 19 PLOEG:
1369 2990 149 22 Diggelroann,

1142 3012 79 19 Keiler.
1243 3013 82 18 Weber.
1347 3012 99 18 Zehnder
1469 3012 51 21 (alle

1136 3034 108 19 Zwitsers)
1250 3046 5 7 ,
1275 3033 123 23 Langarlca,
1419 3033 81 22 Spanje
1505 3037 5 15 t
1516 3046 4 7 .

1140 3057 69 19 Rossl,
1222 3057 89 21 Capelli.
1325 3057 94 18 Adriano
1435 3059 5 14 (
1445 3057 62 17 Italië
1512 3061 4 12 ï

1089 3078 175 18 NEDERLANDS
1277 3078 87 18 PLOEG
1375 3079 34 17 A.:
1422 3078 97 21 Schulte,

1140 3101 154 21 Middelkamp.
1322 3100 100 18 Janssen.
1452 3100 70 18 Sevel-

1137 3123 58 21 berg.
1216 3123 30 19 De
1265 3122 88 19 Korver.
1372 3122 65 21 Koo*.,
1457 3122 64 18 Voor-

1140 3145 56 21 tlng.
1215 3144 154 19 Blankenauw.

1093 3166 177 20 NEDERLANDH
1291 3167 88 18 PLOEG
1399 3167 35 18 B.:
1454 3167 65 18 Lake-

1140 3193 59 15 man.
1236 3189 60 20 Loos,
1332 3189 73 18 Gerrit
1439 3189 79 22 Peters,

1139 3211 66 18 Harm
1221 3211 74 19 Smits,
1310 3211 98 20 Buuron.
1424 3211 94 20 Snellen,

1143 3233 124 20 Ekelmans,
1288 3232 102 19 Kefcsleer
1414 3232 103 23 (België).

1087 3255 176 17 NEDERLANDE
1278 3255 87 18 PLOEG
1379 3255 33 18 C:
1428 3255 89 20 Vooren,

1137 3277 41 18 Cor
1194 3277 90 20 Bakker,
1303 3277 47 18 Van
1367 3277 63 20 Berk,
1447 3277 73 18 Schel-

1135 3298 132 22 Ungerhout,
1289 3299 70 19 Evers.
1390 3298 128 20 Pellenaars,

1138 3321 112 20 Kullman,
1268 3321 67 19 Grift.

1087 3343 190 18 NEDERLANDSE
1297 3343 87 18 PLOEG
1403 3343 35 18 D.:
1458 3343 62 18 Bras-

1599 2902 110 21 pennlncx
1754 2902 79 17 Berard
1871 2902 108 20 Franken,

1600 2924 47 18 Van
1658 2924 114 20 Gelderen,
1785 2924 34 18 Fr.
1831 2924 47 18 Van
1889 2924 26 18 de
1927 2924 54 18 Zan-

1601 2944 36 21 dj,
1659 2946 98 20 Joossen,
1780 2945 49 23 Plet
1850 2946 47 17 Van
1919 2945 55 21 Kek,

1597 2968 47 18 Van
1656 2968 44 20 Est,
1716 2968 47 18 Van
1777 2968 35 21 As.

1542 2989 190 18 NEDERLANDSE
1745 2989 87 19 PLOEG
1846 2989 23 18 E.
1883 2990 31 17 De
1927 2989 42 17 Rui-

1603 3013 40 18 ter.
1664 3012 31 17 De
1716 3012 66 20 Vries,
1803 3012 106 19 Vethaak,
1931 3011 40 18 Ver-

1594 3036 55 17 veer,
1683 3033 46 19 Plet
1762 3033 142 21 Verschuren,
1932 3032 47 23 Byl,

1598 3055 32 18 De
1651 3055 68 22 Hoog,
1740 3055 117 23 Llebregts.

1550 3078 150 17 BELGrSCHE
1721 3077 88 19 PLOEG
1828 3078 32 18 A.:
1881 3078 94 19 CaDem.

1597 3101 59 17 Acou
1678 3100 31 18 De
1723 3100 187 19 Wannemaecker.
1926 3100 53 21 Gry-

1593 3122 60 18 solle.
1665 3122 129 21 Meersman,
1805 3122 104 21 Renden,
1920 3122 57 18 Ron-

1596 3144 66 20 delez,
1678 3144 100 21 Talllleu.

1549 3166 149 18 BELGISCHE
1720 3166 87 18 PLOEG
1828 3166 35 18 B.:
1883 3166 84 22 Bayens
1969 3179 4 7 L

1593 3188 109 22 Bogaerts,
1717 3188 47 18 Alb.
1782 3188 129 21 Hendrlckx,
1928 3189 50 18 Lee-

1595 3214 51 17 nen,
1665 3210 92 22 Somers,
1777 3210 47 19 Van
1843 3211 132 20 Kerckhove,

1593 3233 46 18 Van
1652 3233 70 19 Verre,
1736 3233 47 18 Van
1797 3233 99 20 S*.aeyen.

1540 3254 330 18 BELGISCH-NEDERLANDSE
1891 3254 86 19 PLOEG

1596 3277 92 20 Dldden,
1720 3277 132 20 Dubulsaon,
1885 3277 90 21 Carrier,

1595 3299 78 19 Marcel
1699 3299 124 19 Vermeiren
1852 3299 52 21 (alle
1929 3299 38 18 Bel-

1597 3322 61 19 een).
1671 3321 90 19 Buizen.
1773 3321 91 19 Vanden
1876 3321 99 22 Dungen,

1591 3342 133 22 Hopstaken,
1744 3343 46 18 Van
1808 3343 28 18 de
1853 3342 79 24 Kamp,

2017 1772 138 19 vertrekken,
2178 1776 43 15 zou
2243 1776 32 14 nu
2307 1772 52 19 toch
2381 1773 47 23 zijn

2017 1793 142 23 instemming
2200 1794 95 18 betoond
2333 1794 95 20 hebben,

2016 1819 83 14 waaraa
2100 1826 15 13 n
2129 1816 125 22 natuurlijk
2267 1816 76 19 zekere
2356 1817 64 22 finan-

2016 1837 53 21 ciële
2086 1838 196 24 tegemoetkoming
2298 1839 38 18 ten
2353 1838 67 20 grond-

2018 1859 45 22 slag
2078 1861 58 17 moet
2152 1860 79 23 liggen.

2042 1883 60 18 Maar
2135 1883 65 18 naast
2234 1883 120 19 SCHULTE
2383 1883 46 24 zijn

2016 1905 41 18 ook
2073 1905 69 18 THEO
2157 1905 187 21 MIDDELKAMP,
2358 1905 71 19 JOHN

2017 1927 232 21 BRASPENN1NCKX,
2281 1927 75 19 HENK
2396 1928 32 17 DL

2017 1948 84 20 HOOG,
2122 1949 115 20 VOOREN,
2257 1949 35 18 DE
2310 1949 118 20 KORVER,

2016 1974 29 15 en
2063 1971 130 19 JANSSENS
2212 1974 43 16 van
2284 1970 145 20 Nederlandse

2015 1992 57 24 zijde
2088 1993 69 19 onder
2172 1993 28 19 de
2215 1992 129 23 favorieten.

2041 2015 32 19 De
2102 2015 156 20 Nederlanders
2297 2014 133 19 beschikken

2016 2038 42 18 ook
2072 2041 51 15 over
2136 2037 49 19 heel
2200 2038 43 18 wat
2259 2040 58 15 meer
2330 2037 99 26 ploegen;

2017 2063 60 15 maar
2091 2059 66 27 spijts
2172 2060 36 18 die
2221 2059 127 19 numerieke
2364 2063 57 15 meer-

2017 2076 92 24 derheid
2128 2082 46 22 zijn
2205 2081 28 19 de
2263 2081 88 22 Belgen,
2384 2082 46 18 met

2017 2107 58 15 meer
2090 2104 44 18 dan
2151 2103 86 23 twintig
2254 2103 113 20 eenheden
2382 2103 47 18 niet

2017 2125 107 19 kansloos.
2155 2126 34 20 Ja,
2220 2125 55 22 zelfs
2305 2125 68 18 onder
2402 2125 27 18 de

2016 2148 68 19 meest
2102 2147 95 23 ernstige
2214 2147 214 23 aanspraakmakers.

2042 2169 127 20 NORBERT
2188 2170 124 19 CALLENS.
2332 2169 88 19 MAURI-

2016 2192 33 19 CE
2076 2192 155 20 MEERSMAN,
2259 2191 86 19 FRANS
2373 2191 55 17 LEE-

2016 2214 60 21 NEN,
2095 2214 68 19 BEER
2182 2213 168 20 HENDR1CKX.
2369 2213 61 19 BEY-

2016 2235 57 21 ENS.
2103 2236 98 18 LUC1EN
2230 2235 71 19 ACOU
2331 2240 28 14 en
2394 2235 34 18 DE

2019 2257 205 19 WANNEMACKER
2268 2256 75 19 zullen
2377 2257 51 18 zich

2016 2279 57 19 doen
2091 2279 84 23 gelden.

2041 2298 59 25 Zelfs
2130 2301 169 21 DIGGELMAN,
2330 2301 99 18 LANGA-

2016 2324 71 22 RICA,
2110 2323 128 19 BOURLON
2260 2326 27 15 en
2316 2322 111 19 COSION,

2016 2345 90 19 kunnen
2125 2346 97 22 gensters
2240 2345 69 20 slaan.

2040 2368 22 18 Is
2080 2367 91 20 Schulte
2190 2367 28 19 de
2236 2370 141 19 aangewezen
2396 2366 23 22 fa-

2016 2389 76 21 voriet,
2116 2390 45 18 met
2192 2389 28 18 de
2250 2388 177 23 prachtconditie

2016 2413 43 19 va\n
2080 2411 150 23 Middelkamp
2251 2414 29 15 en
2301 2410 48 20 niet
2371 2410 47 19 min-

2015 2433 38 19 der
2068 2434 52 19 deze
2135 2437 44 16 van
2195 2432 94 21 Callens,
2306 2434 122 18 Meersman

2015 2459 27 15 en
2057 2455 81 20 Lucien
2153 2456 59 18 Acou
2227 2455 34 19 zal
2275 2454 81 19 dienen
2370 2454 49 23 afge-

2015 2477 80 19 rekend
2113 2477 22 19 te
2152 2477 94 19 worden.

2357 2499 27 19 R.
2403 2499 23 19 C.

2038 2543 48 27 DE
2105 2543 303 25 RITTENINDELING

2006 2581 25 19 le
2047 2581 31 19 rit
2095 2585 28 22 op
2140 2580 81 22 Vrjdag
2239 2580 12 18 6
2270 2580 51 18 Mei:
2341 2580 36 18 193
2395 2580 43 19 km.

2056 2603 135 18 Amsterdam
2192 2611 27 5 —
2219 2602 155 18 Leeuwaarden

2005 2625 25 19 2e
2042 2625 31 18 rit
2087 2629 28 18 op
2130 2625 105 22 Zaterdag
2248 2625 13 17 7
2274 2625 51 18 Mei:
2339 2624 39 18 257
2393 2624 44 19 km.

2055 2646 55 18 Leen
2112 2646 85 18 warrtrn
2199 2646 134 22 -Groningen
2337 2657 5 8 ,

2005 2670 25 18 3e
2040 2669 31 19 rit
2085 2673 28 18 op
2126 2669 89 22 Zondag
2227 2669 13 18 8
2253 2669 51 18 Mei:
2320 2669 36 18 199
2369 2669 44 18 km.

2057 2691 126 21 Groningen
2184 2699 28 5 —
2212 2691 30 17 Kn
2244 2691 38 18 sch
2284 2690 39 19 ede

2004 2713 26 19 4e
2042 2713 30 19 rif
2086 2717 28 17 op
2129 2713 108 21 Maandag
2249 2713 12 18 9
2276 2713 51 18 Mei:
2341 2713 38 18 170
2392 2713 46 19 km.

2055 2734 110 19 En&cherie
2164 2742 28 6 —
2192 2734 121 23 Apeldoorn

2005 2758 24 18 5e
2041 2758 30 18 rit
2085 2761 29 16 op
2126 2757 96 20 Dinsdag
2237 2757 24 18 10
2275 2757 51 19 Mei:
2340 2757 38 19 214
2392 2758 45 18 km.

2057 2778 118 24 Apeldoorn
2176 2787 27 5 —
2203 2778 107 18 Helmond

1999 2801 25 19 6e
2039 2801 38 21 rit.
2093 2801 120 22 Woensdag
2230 2801 23 18 11
2271 2801 51 19 Mei:
2339 2800 38 20 245
2392 2801 45 19 km.

2055 2823 106 19 Helmond
2162 2833 26 4 —
2189 2824 79 18 Geleen
2272 2837 5 6 .

2003 2846 25 19 7e
2042 2846 30 18 rit
2085 2850 28 18 op
2127 2846 129 22 Donderdag
2270 2846 23 18 12
2308 2846 51 18 Mei:

2053 2868 26 18 In
2093 2863 48 27 lijn:
2157 2868 79 18 Geleen
2238 2877 26 4 —
2264 2868 71 21 Vaals,
2352 2868 23 19 61
2391 2868 45 19 km.

2052 2890 79 22 Tijdrit
2150 2891 47 20 (per
2211 2891 84 22 ploeg):
2352 2890 25 19 63
2394 2891 44 19 km.

2055 2912 64 19 Vaals
2118 2921 27 5 —
2146 2912 116 19 Kerkrade.

2003 2935 24 19 8e
2043 2935 30 18 rit
2086 2938 29 18 op
2130 2935 86 21 Vrijdag
2232 2935 24 18 13
2272 2935 51 19 Mei:
2340 2935 37 18 165
2392 2935 44 19 km.

2055 2957 108 18 Kerkrade
2162 2964 29 6 —
2191 2956 90 23 Tilburg

2004 2979 25 18 9e
2040 2979 30 19 rit
2083 2983 28 18 op
2123 2979 105 23 Zaterdag
2242 2980 23 17 14
2277 2980 51 18 Mei:
2341 2979 38 19 234
2391 2980 45 18 km.

2053 3000 114 23 Tilburg—
2168 3001 45 19 Den
2230 3001 60 23 Haag

2006 3023 35 19 10e
2053 3023 31 18 rit
2096 3027 28 19 op
2136 3024 89 21 Zondag
2239 3024 23 18 lfi
2276 3024 51 18 Mei:
2340 3024 38 18 144
2391 3024 44 19 km.

2054 3045 45 19 Den
2119 3045 59 22 Haait
2178 3054 27 5 —
2205 3046 143 18 Amsterdam.

2057 3067 121 19 Aankomst
2197 3071 28 19 op
2246 3068 37 19 lift
2305 3069 37 17 Oh
2347 3068 84 23 mplsch

2056 3089 98 19 Stadion.

2510 1374 349 121 radio:

3050 1354 117 34 Vrijdag
3182 1354 16 26 6
3213 1354 56 27 Mei

2850 1455 404 41 ROGRAMMAS

1205 3437 194 29 ZATERDAG,

1143 3475 43 25 TE
1204 3474 257 26 GENTBRUGGE...

1168 3535 125 36 Junior
1311 3534 124 34 Orlans

1097 3584 49 32 als
1167 3584 232 32 buitenrechts
1420 3595 87 21 voor

1115 3633 371 43 Gantoise-Antwerp...

1106 3686 29 17 De
1166 3685 80 18 Gentse
1276 3686 62 21 ploeg
1360 3688 99 15 waarvan
1489 3684 25 18 de

1081 3707 85 22 Jongste
1184 3707 159 22 verrichtingen
1361 3707 22 18 ln
1400 3707 52 18 zake
1469 3710 38 19 pro-

1080 3730 125 20 ductiviteit
1223 3733 52 19 geen
1292 3729 129 21 voldoening
1439 3729 67 17 schon-

1080 3752 42 17 ken
1141 3756 42 16 aan
1202 3752 26 17 de
1247 3751 172 19 bestuursleden,
1439 3751 67 17 onder-

1080 3776 51 19 gaat
1151 3777 31 14 nu
1203 3777 40 15 een
1273 3773 111 23 wijziging,
1417 3776 97 14 waarvan

1080 3800 50 14 men
1148 3796 71 21 stellig
1236 3795 114 23 kentering
1369 3795 114 18 verwacht.

1105 3818 42 19 Het
1165 3817 83 19 Comité
1268 3821 42 14 van
1328 3817 105 18 Gantoise
1451 3818 18 17 ls
1488 3817 26 17 de

1080 3841 88 20 mening
1186 3840 118 22 toegedaan
1320 3840 38 17 dat
1375 3840 26 17 de
1419 3840 95 17 mldvoor

1081 3863 30 17 De
1136 3862 76 19 Sutter
1237 3862 77 18 bulten
1348 3861 96 19 conditie
1470 3864 35 14 ver-

1080 3884 60 18 keert
1162 3888 27 14 en
1220 3884 60 18 heeft
1302 3884 123 21 anderzijds
1454 3883 61 18 reeds

1080 3907 90 17 kunnen
1184 3906 101 18 oordelen
1298 3906 38 21 dat
1350 3906 26 19 de
1389 3905 75 23 Junior
1477 3905 28 18 Or-

1079 3928 49 18 lans
1140 3932 22 14 er
1175 3932 50 14 voor
1238 3928 39 18 het
1289 3928 102 23 ogenblik
1404 3928 47 18 niet
1464 3930 50 15 voor

1080 3950 153 23 terugschrikt,
1254 3950 49 18 zich
1324 3954 45 19 met
1389 3950 82 18 seniors
1492 3952 21 16 te

1080 3974 81 17 meten.

1104 3995 70 22 Tegen
1190 3994 29 19 La
1235 3994 191 19 Chaux-de-Fonds
1441 3994 63 19 moch-

1080 4018 37 17 ten
1134 4017 26 17 de
1176 4017 135 21 aanwezigen
1328 4018 109 16 trouwens
1454 4016 50 21 belij-

1079 4040 42 17 den
1142 4039 38 17 dat
1202 4039 78 18 Orlans
1300 4039 48 17 zich
1370 4042 42 17 van
1433 4038 31 21 bij
1487 4038 26 17 de

1079 4062 59 18 Inzet
1159 4065 29 18 op
1208 4061 27 18 de
1257 4065 68 18 meest
1347 4061 87 21 vinnige
1456 4060 57 21 wijze

1079 4083 110 18 aanstelde
1204 4087 27 14 en
1245 4083 28 22 zlj
1276 4092 15 13 n
1305 4083 116 22 opstelling
1436 4082 77 21 brengt

1079 4106 60 18 mede
1159 4106 38 18 dat
1216 4105 38 19 Jos
1273 4106 47 17 Van
1339 4105 55 21 Looy
1414 4108 53 17 naar
1486 4105 27 17 de

1078 4127 168 22 midvoorplaats
1264 4127 154 23 overgebracht
1437 4127 74 18 wordt.

1104 4150 40 22 Wij
1157 4150 73 22 hopen
1243 4150 38 17 dat
1293 4150 47 17 Van
1352 4149 56 22 Looy
1421 4152 28 19 op
1462 4149 50 18 deze

1078 4172 71 23 plaats
1169 4172 48 18 zich
1247 4172 47 18 heel
1317 4173 42 16 wat
1388 4171 124 18 effectlever

1078 4194 33 18 zal
1129 4194 119 21 aanstellen
1266 4194 44 17 dan
1328 4193 87 22 Zondag
1432 4192 34 23 J.l.
1484 4196 28 14 en

1078 4216 38 18 dat
1131 4216 31 22 hij
1178 4216 138 22 gelegenheid
1330 4216 33 17 zal
1378 4215 85 22 krijgen
1477 4218 35 14 om

1078 4238 56 18 flink
1150 4242 53 17 naar
1218 4238 47 18 doel
1281 4240 22 17 te
1317 4237 113 22 kanjeren.

1103 4260 77 18 Indien
1194 4260 26 18 de
1233 4260 83 22 overige
1330 4261 71 17 maats
1413 4260 27 17 de
1452 4259 51 22 jeug-

1078 4282 47 22 dige
1139 4282 77 18 Orlans
1230 4282 46 18 niet
1289 4284 22 16 te
1325 4282 65 19 strikt
1404 4286 42 17 aan
1460 4281 43 18 ban-

1078 4305 42 18 den
1138 4305 74 21 leggen
1229 4305 68 18 onder
1314 4303 143 20 voorwendsel
1474 4303 39 19 dat

1078 4326 31 22 hij
1130 4330 40 14 ook
1190 4330 41 17 aan
1250 4326 129 18 overdreven
1398 4325 105 22 gecompli-

1078 4349 73 17 ceerde
1172 4348 121 23 vertolking
1312 4349 60 18 moet
1393 4351 55 15 coeu
1469 4348 43 17 dan

1077 4370 108 21 verhopen
1207 4370 32 21 wij
1261 4370 38 18 het
1321 4370 59 17 beste
1401 4373 51 14 voor
1473 4369 38 17 het

1078 4392 69 18 Oents
1174 4392 99 20 kwintet.
1301 4392 31 18 De
1359 4391 63 19 leden
1448 4395 65 14 ervan

1078 4416 85 20 moeten
1185 4418 31 14 nu
1239 4418 50 14 eens
1321 4414 112 21 vrankweg
1463 4413 48 18 hun

1078 4436 271 21 verantwoordelijkheden
1377 4439 79 15 nemen
1484 4439 27 14 en

1077 4458 85 18 denken
1178 4458 38 18 dat
1232 4459 38 16 net
1285 4462 59 13 maar
1360 4462 42 13 aan
1418 4458 44 20 hen
1478 4461 24 18 ge-

1077 4480 61 23 legen
1159 4480 18 17 ls
1197 4484 36 13 om
1252 4480 104 18 Gantoise
1377 4480 35 19 uit
1431 4480 26 18 de
1477 4483 25 18 ge-

1078 4502 102 21 vaarlijke
1200 4506 54 14 zone
1274 4503 21 17 te
1316 4503 102 21 brengen.

1103 4524 42 22 Het
1158 4524 94 18 Bestuur
1265 4528 42 17 van
1321 4524 53 18 A.G.
1389 4528 27 15 en
1431 4524 26 19 de
1473 4524 39 17 ;al-

1077 4546 55 22 rtjke
1144 4548 124 20 supporters
1280 4546 85 18 leveren
1378 4547 39 17 het
1424 4546 38 21 .lot
1474 4546 36 17 der

1077 4568 66 17 locale
1165 4568 89 21 kleuren
1276 4572 42 14 aan
1348 4568 53 18 haar
1431 4568 80 22 spelers

1077 4594 56 14 over.

1102 4613 26 17 Er
1146 4613 67 17 wordt
1229 4613 44 17 dan
1290 4613 41 17 ook
1348 4612 107 21 verwacht
1472 4612 38 19 dat

1078 4634 26 18 de
1127 4635 95 18 ouderen
1246 4635 48 18 zich
1318 4635 46 17 met
1390 4638 52 15 even
1466 4633 46 19 veel

1077 4656 161 19 enthousiasme
1272 4658 37 17 ten
1338 4657 71 21 pande
1437 4656 73 18 zuilen

1077 4678 77 18 stellen
1172 4678 31 18 als
1220 4679 30 17 hu
1252 4687 14 12 n
1284 4679 87 22 jongere
1388 4680 71 17 maats
1476 4678 34 19 uit

1077 4700 26 19 de
1121 4700 68 22 ploeg.

1102 4722 54 18 Deze
1171 4723 78 21 laatste
1264 4723 67 22 krijgt
1347 4723 63 19 aldus
1426 4722 76 22 volgen-

1077 4744 25 18 de
1120 4745 163 22 samenstelling
1294 4749 5 14 :

1102 4766 30 17 De
1153 4766 77 20 Raedt:
1250 4767 76 18 Berloo
1347 4771 28 15 en
1397 4766 113 21 Goethals;

1079 4787 113 24 Vekeman,
1213 4789 34 17 Et.
1267 4789 83 18 Chaves
1369 4793 28 18 en
1415 4788 96 19 Delmul-

1077 4809 28 20 le;
1120 4810 83 21 Orlans,
1221 4811 45 18 Van
1281 4811 38 18 der
1333 4811 114 22 Cruyssen,
1464 4811 46 17 Van

1077 4832 62 21 Looy.
1155 4832 81 23 Freddy
1252 4833 82 18 Chaves
1350 4837 28 16 en
1393 4832 116 19 Eeckman.

1103 4855 132 21 Herinneren
1255 4856 32 21 wij
1306 4860 23 15 er
1349 4859 42 19 nog
1410 4860 26 14 aa
1437 4864 15 14 n
1472 4856 39 18 dat

1078 4876 25 19 de
1125 4878 65 21 partij
1214 4878 214 23 Gantoise-Antwerp
1451 4879 51 17 door-

1077 4902 50 18 gaat
1142 4903 28 18 op
1185 4899 148 21 ZATERDAG,
1351 4901 21 17 te
1390 4900 23 17 17
1429 4904 31 16 u.,
1477 4900 34 18 dit

1078 4921 22 18 in
1117 4921 94 18 verband
1227 4923 45 17 met
1288 4923 26 17 de
1330 4923 180 22 feestelijkheden

1078 4947 41 14 van
1141 4944 109 18 «Duizend
1270 4945 51 17 Jaar
1343 4944 69 18 Gent»
1417 4958 4 7 ,
1444 4945 66 18 welke

1078 4965 86 22 Zondag
1184 4966 107 22 Ingericht
1312 4967 93 19 worden.

1566 3441 53 32 De
1632 3442 93 31 Onaf
1728 3442 222 40 hankelijken

1669 3504 34 25 te
1716 3497 128 32 Zarren

1564 3566 33 27 Op
1616 3567 94 21 Zondag,
1729 3567 12 18 8
1761 3568 41 17 Mei
1821 3567 65 23 grUpt
1904 3568 26 18 de
1948 3567 26 18 7e

1538 3587 66 19 Grote
1619 3588 53 21 Prijs
1687 3589 37 17 der
1739 3589 117 18 Zarrebeek
1871 3593 51 14 voor
1936 3592 38 15 on-

1539 3610 162 21 afhankeltjken
1719 3610 84 18 B.W.B,
1822 3612 78 20 plaats.
1920 3611 53 17 Deae

1538 3631 107 22 wedBtrijd
1658 3632 67 18 wordt
1738 3632 107 22 ingericht
1857 3633 52 18 door
1921 3632 50 18 V.V.

1538 3653 168 21 Vriendensport
1719 3653 79 18 Zarren
1811 3654 24 17 ln
1847 3656 118 16 aamenwer-

1538 3674 51 22 king
1600 3676 45 16 met
1655 3673 39 19 het
1704 3675 211 22 gemeentebestuur.
1927 3675 46 18 Aan

1538 3696 50 18 deze
1610 3696 152 21 wegwedstrijd
1784 3697 43 21 Bljn
1851 3696 71 18 14.000
1943 3696 29 18 fr.

1538 3718 82 38 Êilijzen
1645 3721 27 14 en
1697 3716 85 23 talrijke
1807 3718 97 22 premiën
1928 3721 46 14 ver-

1553 3739 70 18 onden
1627 3751 4 5 .
1654 3739 30 18 De
1706 3739 96 18 winnaar
1823 3739 89 19 bekomt
1933 3743 39 15 ten

1537 3760 128 22 kunstpalm
1688 3762 33 16 ter
1744 3761 82 18 weerde
1848 3765 42 14 van
1914 3760 59 18 2.000

1537 3782 72 20 frank,
1630 3782 35 18 die
1686 3782 138 26 vervaardigd
1844 3782 56 19 werd
1920 3783 52 18 door

1538 3804 125 18 kunstsndd
1687 3803 75 18 Julien
1785 3803 76 19 Doom.
1886 3804 31 17 De
1942 3803 22 19 af-

1537 3825 65 18 stand
1623 3825 103 22 bedraagt
1748 3824 36 19 135
1805 3825 46 18 km.
1873 3829 28 14 en
1922 3825 51 22 geat

1537 3850 42 14 van
1614 3846 86 20 Zarren,
1735 3846 89 20 Staden,
1860 3846 111 20 Slevhage,

1537 3868 113 21 Hooglede,
1665 3868 56 20 Glts,
1735 3868 147 18 Llchtervelde
1899 3867 74 20 (Krul-

1537 3890 40 21 put
1582 3891 5 15 )
1593 3902 4 7 ,
1626 3889 137 21 Kortemark,
1791 3889 125 18 Handzame
1944 3892 27 14 en

1537 3910 78 20 Zarren
1639 3911 34 19 (32
1693 3911 56 20 km.)
1773 3914 28 15 en
1821 3910 38 18 103
1878 3910 46 19 km.
1944 3914 29 19 op

1536 3934 27 17 de
1579 3933 86 22 omloop
1683 3936 42 14 van
1742 3932 86 19 Zarren,
1845 3941 27 4 —
1887 3932 42 18 Db.

1173 5036 127 34 Bartali
1317 5039 38 31 in
1373 5038 44 32 de

1082 5084 121 34 Ronde
1227 5097 68 22 van
1318 5087 193 34 Romandië

1104 5130 57 17 Gino
1185 5130 89 21 Bfirtali,
1299 5132 96 18 winnaar
1420 5137 40 14 v»n
1485 5134 27 18 de

1079 5151 73 18 Ronde
1173 5156 41 14 van
1234 5152 119 23 Frankrijk,
1374 5155 33 17 zal
1428 5155 75 19 deelne-

1079 5176 49 15 men
1144 5177 41 14 aan
1201 5174 27 17 de
1243 5174 75 18 Ronde
1334 5179 42 14 van
1392 5169 119 25 Romancïté

1079 5198 97 15 waarvan
1191 5195 38 17 het
1243 5196 84 17 vertrek
1341 5201 28 18 op
1385 5197 22 17 12
1422 5198 41 17 Me!
1478 5198 33 18 nal

1079 5216 69 22 plaats
1162 5217 92 17 hebben.
1268 5218 33 21 HIJ
1315 5218 32 17 zal
1360 5219 27 17 de
1401 5219 36 17 10e
1450 5219 61 22 ploeg

1081 5241 95 17 vormen,
1202 5239 166 22 waarschijnlijk
1393 5242 45 16 met
1463 5241 43 21 zijn

1079 5259 145 23 landgenoten
1248 5261 90 18 CorrierI
1361 5266 27 13 en
1412 5262 99 22 Brlgnole

1080 5285 26 14 en
1121 5282 26 17 de
1161 5281 52 23 Belg
1227 5282 100 18 Jomaux.

1102 5303 27 17 Er
1143 5303 32 18 zal
1191 5307 53 18 geen
1258 5304 79 18 Franse
1352 5305 61 22 ploeg
1428 5310 42 14 oan
1485 5307 25 17 de

1079 5323 74 20 Ronde
1170 5329 42 14 van
1228 5325 120 19 Romandië
1364 5327 135 19 deelnemen.

1605 4031 125 32 Gentse
1744 4030 124 33 Politie
1880 4046 28 9 —

1569 4087 123 32 Politie
1710 4086 232 42 Vlaardingen

1616 4160 33 26 op
1662 4154 139 31 Zaterdag,
1815 4153 15 26 7
1843 4154 54 24 Mei

1564 4212 32 20 Op
1614 4211 112 22 Zaterdag,
1743 4211 12 18 ï
1773 4211 50 20 Mei.
1841 4211 33 19 zal
1891 4215 23 14 er
1932 4213 40 16 een

1538 4234 110 20 wodatrijd
1673 4233 71 22 plaats
1769 4233 86 18 hebben
1880 4236 28 17 op
1932 4232 40 18 het

1538 4256 80 16 terrein
1635 4258 43 16 van
1694 4254 139 21 Meulestede.
1851 4255 76 18 tussen
1944 4254 27 18 de

1538 4275 98 18 elftallen
1663 4276 38 18 der
1729 4276 81 20 Gentse
1838 4275 77 19 Politie
1943 4278 28 15 *n

1538 4296 76 19 Poiltie
1643 4297 144 22 Vlaardinger.
1820 4299 5 16 (
1829 4296 72 18 Neder'
1900 4301 3 8 1
1907 4296 52 21 and)

1538 4320 22 17 te
1581 4318 22 18 16
1622 4321 31 18 u.,
1673 4322 28 15 en
1719 4319 35 19 die
1773 4318 32 19 zal
1826 4317 145 23 opgeluisterd

1538 4340 86 19 worden
1636 4341 52 18 doo.-
1701 4340 27 20 de
1742 4339 81 19 Gentee
1837 4339 135 19 politle-har-

1537 4362 80 18 monie.
1635 4361 164 22 Toogangsprljs
1804 4366 4 13 :
1826 4360 12 18 5
1856 4364 28 15 en
1901 4360 25 19 10
1941 4360 29 19 fr.

1563 4392 26 17 Er
1604 4392 32 19 zal
1650 4396 51 15 voor-
1714 4394 51 18 deze
1779 4392 139 22 gelegenheid
1931 4395 41 15 een

1538 4413 133 19 wisselbaker
1691 4415 22 17 te
1731 4414 116 18 betwisten
1864 4413 54 22 zijn,
1937 4416 26 20 ge-

1537 4434 113 19 schonken
1676 4434 53 19 door
1755 4435 43 19 dhr
1824 4435 145 20 Hamerllnc-c,

1538 4456 75 19 consul
1632 4460 42 15 van
1692 4456 128 18 Nederland.

1562 4488 31 18 De
1618 4488 81 18 Gentse
1722 4487 73 23 ploeg:
1820 4488 86 19 Heysss;
1932 4488 40 17 De-

1538 4512 70 18 meyer
1635 4512 28 15 en
1690 4508 130 20 Tollcnaere;
1849 4509 120 19 Basttaen*.

1537 4526 106 23 Wlideroo
1658 4534 28 14 en
1701 4530 47 19 Van
1763 4531 90 19 Loocke;
1869 4531 101 19 Leyman.

1537 4551 48 20 V.d.
1604 4551 62 21 Eede,
1685 4551 100 20 Jacobin,
1802 4552 76 18 Forrez
1895 4555 30 16 en
1939 4552 32 18 De

1537 4573 88 20 Backer.

2002 3179 255 44 Depredomme
2269 3182 168 41 zegeviert

2082 3236 35 26 te
2133 3230 221 43 Kortenberg

2025 3296 56 18 Voor
2101 3296 27 18 de
2150 3296 241 23 beroepsrennerskoers
2413 3298 22 18 te

1998 3317 135 23 Kortenberg
2143 3318 99 19 kwamen
2254 3319 37 19 126
2300 3322 90 16 renners
2400 3323 34 18 op,

1999 3343 59 15 maar
2073 3344 44 14 van
2131 3341 23 17 tn
2170 3341 26 18 de
2212 3341 69 18 eerste
2296 3342 68 18 ronde
2379 3343 56 17 werd

1998 3361 39 19 het
2058 3362 49 19 veld
2129 3363 176 24 uiteengeslagen
2327 3365 46 17 met
2396 3367 39 16 een

1999 3384 148 23 ontsnapping
2159 3388 42 15 van
2213 3386 45 17 Van
2270 3386 58 21 Dyck
2343 3386 45 21 (die
2398 3390 30 14 na-

1998 3406 98 19 derhand
2111 3407 47 22 plat
2173 3408 71 21 reed),
2260 3407 105 23 Impanis,
2381 3408 54 18 Stan

1998 3429 146 18 Verschueren
2162 3433 28 14 en
2207 3429 31 18 De
2255 3430 82 21 Coster,
2356 3430 79 18 Enkele

1997 3454 90 14 renners
2106 3451 88 19 konden
2214 3455 42 19 nog
2278 3451 109 22 bijkomen
2407 3456 28 14 en

1998 3472 155 23 Depredomme
2170 3474 121 21 zegevierde
2307 3475 39 17 ten
2361 3474 73 18 slotte.

1997 3495 31 18 De
2044 3495 89 22 uitslag:

1999 3517 18 18 1.
2031 3517 187 19 DEPREDOMME
2229 3518 58 18 Pros.
2300 3518 27 18 de
2341 3518 36 18 180
2389 3518 44 19 km.

2032 3539 24 18 ln
2069 3539 13 17 4
2094 3543 43 14 uur
2150 3539 25 18 52
2188 3539 110 19 minuten.

1998 3561 19 18 2.
2032 3561 50 18 Dolt
2097 3562 147 18 Verschueren
2259 3565 29 19 op
2305 3562 36 20 1/2
2357 3562 53 20 wiel;

1997 3584 20 17 3.
2031 3583 104 23 Impanis;

1997 3605 20 18 4.
2031 3605 55 19 Stan
2104 3606 154 20 Verschueren;
2280 3606 19 17 5.
2319 3607 67 16 Frans
2404 3606 30 18 De

1998 3627 81 20 Coster;
2097 3628 20 18 6.
2136 3628 138 22 Verpoorten;
2294 3628 20 18 7.
2330 3628 24 18 L.
2371 3628 64 18 Brus-

1998 3649 100 20 selmans;
2113 3649 19 18 8.
2147 3650 26 17 D.
2187 3650 90 19 Marlen;
2291 3650 20 20 0.
2325 3650 23 17 L.
2360 3651 74 17 Hardl-

1997 3673 65 21 quest
2072 3675 28 19 op
2112 3672 49 20 40";
2176 3672 30 18 10.
2220 3671 31 19 W.
2263 3672 47 18 Van
2321 3672 66 22 Dyck;
2402 3672 30 18 11.

1997 3693 69 23 Seyen
2087 3694 47 21 (H.)
2155 3697 28 19 op
2202 3694 26 19 7';
2250 3694 30 17 12.
2299 3694 32 18 W.
2350 3694 84 18 Peeters

2001 3716 155 20 (Boutersem):
2175 3716 31 18 13,
2221 3716 124 20 Boeekaert;
2365 3716 31 18 14.
2412 3716 21 18 J.

1997 3738 47 18 Van
2056 3738 66 19 Steen
2135 3742 28 18 op
2175 3738 28 20 9';
2219 3738 31 18 15.
2263 3738 79 18 Jacobs
2353 3738 33 19 V.;
2402 3738 30 19 16.

1997 3760 20 18 J.
2029 3760 83 22 Engels;
2127 3760 31 18 17.
2170 3760 48 20 V.d.
2230 3760 91 19 Dooren;
2336 3760 31 17 18.
2379 3760 55 17 Cou-

1997 3782 58 22 paln;
2071 3782 31 18 19.
2116 3782 110 18 Hoefkens
2238 3786 29 17 op
2281 3782 39 19 13';
2334 3782 33 17 20.
2379 3782 45 17 Wal-

1997 3804 68 20 schot;
2085 3804 32 18 31.
2136 3804 27 18 G.
2182 3804 132 18 Dewftchter;
2334 3804 32 18 22.
2384 3804 48 18 V.d.

1998 3827 94 19 Auwera;
2109 3826 33 18 23.
2157 3826 23 18 L.
2196 3825 64 21 Joris;
2275 3825 33 19 24.
2323 3825 109 19 Labrosse.

2155 3917 119 33 Nieuw

2036 3966 356 34 wereldzwemrecord

2053 4017 89 33 door
2157 4016 100 33 Allen
2274 4016 102 33 Stack

2017 4083 62 18 Allen
2098 4082 73 21 Stack,
2190 4082 183 22 zwemkamploen
2392 4082 37 17 der

1992 4105 132 22 Hogeschool
2139 4109 42 18 van
2195 4104 51 18 Yale
2260 4104 61 21 heeft
2335 4106 22 16 te
2370 4104 59 18 New-

1992 4127 71 18 haven
2084 4131 41 14 een
2146 4127 72 18 nieuw
2239 4126 141 19 Amerikaans
2401 4129 27 15 en

1993 4149 150 18 wereldrecord
2161 4148 138 23 vastgesteld.

2018 4171 35 22 Hij
2071 4175 68 14 zwom
2155 4171 26 18 de
2198 4171 38 17 200
2254 4174 29 14 m.
2300 4170 87 24 rugslag
2405 4170 23 17 In

1992 4193 12 18 2
2007 4193 5 8 ,
2015 4193 24 19 18
2041 4187 13 14 ,,
2075 4193 58 21 5/10,
2154 4195 43 16 wat
2217 4193 67 19 8/10"
2304 4192 85 19 minder
2410 4192 18 19 ls

1992 4215 43 18 dan
2055 4215 39 18 het
2112 4215 141 19 Amerikaans
2272 4219 28 14 en
2320 4214 99 19 wereldre-

1992 4237 50 18 cord
2074 4238 22 18 ln
2132 4237 49 18 1944
2213 4237 131 21 vastgesteld
2376 4237 52 18 door

1992 4259 63 19 Adolf
2074 4259 81 21 Klefer,
2175 4263 43 18 van
2237 4259 101 22 Chicago.

2017 4282 30 18 De
2067 4282 38 18 220
2125 4282 63 21 yards
2207 4281 87 22 rugslag
2313 4281 60 22 legde
2394 4280 32 23 hij

1993 4303 22 19 af
2032 4304 23 18 ln
2073 4304 19 18 2'
2112 4304 40 18 19"
2170 4304 47 19 4/1-
2233 4303 23 19 of
2274 4303 51 21 6/10
2343 4303 84 18 minder

1993 4326 43 21 dan
2061 4326 39 18 het
2125 4326 140 18 Amerikaans
2289 4325 74 19 record
2388 4325 39 18 dat

1992 4348 60 18 sinds
2077 4348 47 18 1941
2148 4352 28 18 op
2199 4351 66 15 naam
2296 4347 65 18 stond
2385 4350 41 15 van

1992 4369 80 19 Klefer.

2150 4438 278 34 WATERPOLO

2030 4506 228 33 Kampioenschap
2275 4506 123 33 Pupillen

1992 4550 74 18 Ghent
2082 4550 47 18 S.C.
2130 4559 27 4 —
2156 4550 97 20 Brussels
2270 4549 47 19 S.C.

1992 4572 74 19 A.Z.C,
2079 4573 61 22 (a)—
2141 4572 75 19 A.Z.C,
2229 4572 34 22 (b)

2376 4549 51 18 8—7

2376 4572 50 18 8—0

2633 1548 106 27 Brussel

2514 1583 122 20 VLAAMSE
2659 1584 197 18 Lir/.KMMVGfc.N

2561 1605 125 23 Golflengte
2703 1606 59 18 32J.y
2780 1607 21 18 M

2488 1627 38 17 0.05
2545 1627 83 19 Deuntjes
2647 1628 20 18 ia
2685 1628 23 17 tle
2726 1632 68 15 ciorgen
2813 1635 22 6 —
2856 1629 47 16 12.—

2466 1648 189 20 Tlplea-lunchmuzlfk
2671 1649 42 17 door
2729 1650 29 17 het
2773 1650 56 17 orknt
2844 1650 59 18 Henry

2467 1670 48 19 King
2534 1677 22 5 —
2575 1671 48 17 12.30
2644 1670 90 20 Alfemeen
2753 1671 111 18 weerbericht
2881 1678 22 5 —

2468 1692 47 17 12.33
2532 1692 55 18 Muslc
2604 1691 20 18 ln
2641 1692 30 17 the
2688 1693 68 19 Morf&n
2774 1697 69 13 manncr
2860 1693 37 17 Meir

2467 1713 43 18 lorle
2526 1713 34 17 Lee
2566 1713 41 19 Phil
2624 1713 62 18 Hanne
2701 1718 20 13 en
2738 1714 31 18 SU
2786 1715 42 16 Hits
2843 1715 34 16 und
2891 1719 12 13 a

2467 1734 43 18 HIm
2526 1734 61 20 zingen
2603 1736 36 16 met
2655 1735 29 17 het
2699 1735 58 17 otkest
2772 1735 46 18 Ru»
2834 1735 69 19 Morgan

2466 1763 22 6 —
2508 1757 7 16 J
2518 1756 39 18 8.—
2576 1756 156 18 Nieuwsberichten
2752 1764 21 3 —
2794 1758 6 15 I
2803 1757 16 17 :J.
2822 1757 6 15 1
2831 1757 9 17 j
2861 1757 35 16 Fan

2468 1777 206 21 tasift-orgcIproRramma
2696 1778 43 17 door
2763 1778 43 17 Gtra
2829 1778 73 18 .Mertens

2467 1803 20 13 en
2504 1799 51 17 Mt>na
2572 1800 73 18 Bjirnny,
2663 1804 42 14 zang
2721 1807 21 4 —
2760 1800 25 17 14,
2786 1807 22 5 —
2824 1800 41 19 Opl,
2881 1807 23 5 —

2468 1821 48 16 15.—
2531 1820 113 19 Schoolradlo
2658 1828 22 4 —
2697 1821 47 17 17.—
2759 1820 41 19 Gpl.
2816 1829 22 3 —
2856 1820 46 20 17,05

2467 1842 156 18 Nieuwsberichten
2643 1849 20 5 —
2683 1842 47 17 17.15
2750 1843 25 17 De
2793 1842 63 18 wereld
2872 1843 31 17 der

2466 1864 68 17 muziek
2558 1871 22 3 —
2605 1864 48 16 18.10
2677 1864 34 16 Leo
2734 1864 78 17 Simoens
2835 1865 68 18 tpreett

2466 1890 47 13 over;
2532 1885 64 17 Rainer
2614 1885 56 18 Maria
2687 1885 54 18 Kilkc
2758 1886 20 18 in
2798 1886 104 17 XTnitnderei

2466 1914 21 4 —
2515 1907 47 16 18.20
2588 1907 43 16 Oud-
2633 1907 115 17 Nederlandse
2774 1907 75 18 liederen
2876 1908 26 16 Le-

2466 1928 53 16 werfct
2531 1933 42 12 voor
2584 1928 70 18 beiaard
2667 1929 78 18 gtspteld
2756 1929 42 16 door
2809 1929 39 16 Staf
2859 1929 44 17 Ne-s

2466 1954 9 12 %
2478 1954 45 15 anop
2544 1950 20 16 St
2566 1950 147 16 -Romboutetoren
2735 1951 18 15 te
2774 1950 87 18 Mechplen
2881 1957 22 4 —

2468 1972 47 16 18.30
2532 1971 35 16 Het
2585 1971 70 17 halfuur
2672 1976 40 12 voor
2728 1976 42 12 onze
2785 1971 79 18 soldaten
2880 1979 23 5 —

2468 1993 25 17 19.
2494 2000 22 4 —
2549 1993 156 17 Nieuwsberichten
2739 2000 22 5 —
2797 1993 46 17 19.30
2876 1993 27 17 De

2466 2014 103 17 schoonheid
2588 2019 34 11 van
2640 2015 30 15 het
2687 2014 38 18 Hed
2742 2021 22 4 —
2782 2015 47 17 19.45
2849 2014 47 18 Film-

2466 2035 68 17 muziek
2549 2043 21 4 —
2585 2036 49 17 20,15
2649 2035 99 18 Fllffirrtite
2761 2043 22 4 —
2796 2036 50 17 20,30
2860 2036 36 17 Con-

2467 2058 35 16 cert
2515 2057 42 16 door
2572 2058 29 16 het
2615 2058 151 17 Symfonie-orkest
2780 2062 34 12 van
2828 2058 21 17 de
2864 2058 31 17 Bel-

2466 2079 58 18 gische
2548 2079 89 17 nationale
2661 2079 124 18 radio-t-nimcp
2809 2085 22 4 —
2854 2079 27 18 22,
2882 2086 22 4 —

2467 2100 156 17 Nieuwsberichten
2643 2107 17 4 —
2676 2101 50 16 22.10
2740 2100 77 18 Kroniek
2833 2103 34 15 ¥40
2881 2104 22 13 GO

2467 2122 144 18 Staten-generaal
2629 2122 31 16 der
2679 2123 37 15 oud-
2719 2122 77 17 strijders
2814 2128 23 4 —
2853 2121 49 18 22,15

2466 2142 68 18 Muziek
2559 2148 32 12 van
2615 2143 68 18 Latijns
2707 2144 81 17 Amerika
2809 2150 23 5 —
2854 2144 49 17 22,f>0

2467 2164 156 19 Nieuwsberichten
2639 2171 22 5 —
2676 2165 48 17 22,55
2740 2165 67 18 Muziek
2822 2169 34 13 vin
2872 2165 24 17 La-

2467 2186 44 18 tijns
2525 2186 80 18 Amerika

2526 2213 101 19 FRANSE
2643 2211 199 23 UITZK3IUNKEN

2560 2235 125 23 Goiricngte
2701 2235 60 20 «83.U
2777 2234 21 19 M

2486 2258 39 16 9.10
2540 2256 117 19 Symfonische
2671 2257 74 18 muziek.
2762 2264 20 4 —
2798 2258 48 16 12-H0
2862 2257 35 17 Kro-

2465 2279 41 18 niek
2522 2283 33 12 van
2572 2278 30 17 het
2628 2278 91 18 artistieke
2745 2279 57 17 leven.
2817 2285 22 5 —
2855 2279 48 17 13.00

2466 2300 156 18 Nieuwsberichten
2648 2306 21 5 —
2691 2300 47 17 12.15
2756 2300 146 20 Caslnoprograai-

2465 2326 34 13 m».
2511 2329 23 5 —
2547 2322 49 16 13.30
2607 2321 41 19 Gpl.
2661 2328 22 5 —
2695 2322 48 17 14..00
2755 2321 26 17 De
2792 2322 70 17 tribune
2872 2322 31 17 der

2465 2343 101 17 handelaars
2584 2348 20 11 en
2633 2343 109 18 imkachtsU»
2748 2344 37 15 dm.
2814 2349 22 5 —
2855 2343 48 17 14.15

2466 2365 74 18 Intieme
2559 2364 67 18 muziek
2654 2371 21 4 —
2695 2365 20 16 17
2722 2364 21 17 00
2774 2364 128 20 Mededelingen

2465 2391 33 12 van
2513 2386 22 17 de
2550 2386 83 19 regering.
2649 2393 22 4 —
2687 2387 49 16 17.10
2750 2386 41 19 Gpl.
2819 2386 83 19 gerraigd

2464 2408 41 17 door
2524 2408 100 18 luisteraars
2642 2407 29 19 uit
2688 2412 42 13 onze
2758 2408 104 19 hospitalen.
2880 2415 22 4 —

2466 2430 48 17 17.40
2526 2429 41 20 Gpl.
2582 2430 69 17 Partita
2664 2429 20 19 ln
2697 2430 20 17 B.
2731 2430 42 16 J.ti.
2789 2429 46 17 Bach
2850 2429 45 18 (Mar-

2464 2451 45 18 celle
2522 2451 62 18 Meyei.
2597 2450 86 19 klavleri.
2696 2458 22 5 —
2731 2451 48 17 18-30
2792 2451 75 18 Walsen,
2880 2458 22 5 —

2465 2473 48 17 18.45
2527 2472 77 18 Kroniek
2619 2477 33 13 van
2668 2473 29 17 het
2711 2471 120 19 Intellectuele
2845 2472 56 18 leren.

2464 2501 22 5 —
2499 2495 48 17 19.00
2560 2495 85 18 Opnamen
2659 2494 20 18 in
2691 2495 54 16 eerste
2756 2493 99 18 uitvocrine
2867 2495 36 16 met

2465 2517 118 15 rommmtiar.
2611 2522 21 5 —
2649 2510 48 22 1Ö.**0
2713 2516 27 17 De
2755 2515 45 19 Trlje
2815 2515 87 20 politieke

2464 2537 75 18 tribune.
2553 2544 22 5 —
2589 2538 48 16 19.40
2651 2536 36 20 GpV
2706 2544 22 5 —
2743 2537 47 17 13.45
2805 2536 94 18 Nlemnbn-

2464 2558 73 18 rlchten.
2553 2565 21 5 —
2591 2559 50 17 20.00
2657 2558 142 18 Radlo-VailéW»
2814 2558 42 17 dnnr
2872 2558 30 17 bet

2464 2580 126 19 Radlo-orkeat.
2604 2586 22 5 —
2640 2580 49 17 22.00
2703 2580 163 18 Nieuwsberichten.
2879 2587 22 5 —

2464 2602 48 17 22.15
2529 2602 130 18 Kamermuziek
2684 2609 21 4 —
2722 2602 21 16 22
2750 2602 20 16 55
2787 2601 69 18 Laatcte
2874 2601 21 17 be-

2463 2624 74 17 richten.

2511 2651 236 27 ANTWERPEN:
2760 2651 48 26 200
2819 2651 36 26 M.

2485 2688 49 17 10.00
2548 2687 68 18 Muziek
2629 2687 65 19 tijdens
2709 2688 27 16 het
2751 2687 51 17 werk.
2817 2694 22 5 —
2853 2688 48 16 11.00

2463 2709 20 17 In
2501 2709 23 17 de
2541 2709 105 17 ronCertxaal
2682 2716 22 5 —
2723 2709 47 17 11.15
2799 2708 102 18 Benlaraino

2462 2730 51 19 Gigli
2530 2730 54 19 zingt.
2601 2737 21 5 —
2641 2731 48 16 11.30
2706 2730 194 19 Ontapannlngsuiuzle»

2462 2759 22 5 —
2503 2752 48 17 12.00
2568 2751 68 18 Walsen
2654 2756 41 13 voor
2713 2752 83 18 iedereen.
2814 2759 22 4 —
2853 2752 48 16 12.10

2463 2773 137 19 Middagconcert
2617 2778 34 12 van
2669 2772 29 18 ulr
2713 2773 23 17 de
2753 2773 38 19 zaal
2809 2773 55 18 Cécil.
2882 2774 18 16 te

2463 2796 106 18 Antwerpen.
2583 2802 21 5 —
2620 2795 47 17 13.00
2680 2794 157 18 Nieuwsberichten
2851 2795 43 16 Brus-

2461 2816 33 18 sel.
2509 2823 22 5 —
2546 2815 48 19 1IJ5
2609 2816 102 17 Gevarieerd
2726 2817 74 16 concert.
2814 2823 22 5 —
2852 2815 49 18 12.00

2462 2838 101 18 Interviews
2578 2842 20 13 en
2616 2837 145 19 beschouwingen.
2777 2844 23 5 —
2816 2838 49 17 14.20
2880 2837 19 17 In

2461 2859 22 17 de
2497 2859 112 18 eoncertaaal.
2623 2867 22 4 —
2661 2860 48 16 14.40
2723 2859 86 18 Causerie:
2825 2859 36 17 Ket
2875 2859 17 18 le-

2462 2885 33 13 ven
2510 2885 21 13 en
2546 2881 22 17 de
2583 2881 136 19 gebeurtenissen
2734 2881 18 17 te
2767 2881 100 19 Antwerpen

2552 2917 105 25 GENT:
2676 2916 74 30 204,8
2766 2917 35 24 M.

2484 2953 48 17 17.00
2547 2952 21 18 In
2585 2957 39 13 eeen
2641 2952 100 18 walsenroes
2764 2959 22 5 —
2802 2953 48 17 17.15
2866 2952 33 18 Uit

2460 2974 23 17 de
2497 2974 62 19 wereld
2574 2979 34 13 Tan
2622 2974 22 17 de
2658 2974 81 19 operette.
2753 2981 23 5 —
2790 2974 49 17 18.00
2853 2974 45 17 KNS

2461 2996 78 18 kroniek.
2551 3003 23 4 —
2587 2996 47 16 18.15
2647 2995 37 17 Een
2696 2995 69 18 modern
2780 2995 62 19 Engels
2855 2999 37 13 com-

2460 3017 67 20 ponist:
2545 3017 58 18 Leitie
2620 3016 121 20 Brldgewater.
2757 3024 23 6 —
2795 3017 49 17 18.30
2859 3017 38 18 Pr>

2460 3040 82 15 tert'.ntse
2558 3038 81 18 causerie.
2655 3046 22 4 -■
2693 3038 47 17 18.45
2757 3038 104 18 Barcarolle.
2875 3046 23 4 —

2460 3061 49 17 19.00
2528 3061 94 17 Overname
2651 3060 152 18 nieuwsberichten
2823 3059 73 18 Brussel.

2460 3089 21 6 —
2496 3082 48 17 19.30
2556 3082 38 16 lind
2596 3082 52 17 losere
2650 3082 51 16 .lades,
2712 3086 21 12 en
2746 3081 118 20 Veuteplaten.
2876 3088 22 5 —

2462 3104 47 16 19.45
2523 3103 93 19 Populair-
2630 3102 70 19 wijsje*.
2714 3110 22 4 —
2751 3103 49 17 20.00
2814 3103 25 16 De
2854 3104 43 15 stem

2460 3129 33 13 van
2514 3125 103 18 Hollywood
2639 3129 41 12 onze
2700 3124 99 18 wekelijkse
2820 3124 76 17 filmkro-

2460 3146 47 18 niek.
2522 3153 20 5 —
2557 3147 49 16 30.45
2622 3146 62 17 Voeaie
2699 3145 93 17 rn«embles
2812 3153 23 4 —
2848 3146 50 16 21.00

2460 3168 109 16 Amusem*nt
2585 3168 37 17 met
2639 3168 29 16 het
2685 3168 57 17 orkest
2759 3167 38 18 Ray
2816 3167 80 16 Ventura.

2460 3195 21 6 —
2495 3190 49 15 21.45
2557 3189 42 16 NIR
2614 3189 95 17 Jazz-elub.

2511 3217 186 26 KORTRIJK:
2718 3217 73 29 202,3
2810 3217 36 25 M.

2481 3254 19 15 14
2508 3254 22 15 00
2541 3253 41 18 Gpl.
2593 3260 23 4 —
2628 3254 49 15 14.11»
2688 3253 114 19 DacHipper.
2816 3260 19 4 —
2849 3253 47 16 14.20

2459 3275 42 19 Gpl.
2519 3275 141 16 Kreutzersonate
2678 3274 19 18 ln
2715 3275 21 17 A.
2755 3275 102 16 Beethoven.
2876 3282 19 4 —

2460 3297 48 16 14.50
2525 3296 75 18 Selectie
2617 3296 28 18 uit
2663 3296 77 17 Madame
2758 3296 88 19 Butterfly
2862 3300 33 13 van

2459 3317 79 18 Puecinl.
2550 3325 22 3 —
2585 3318 49 15 15.00
2646 3318 155 16 Musette-orkfstcn
2813 3324 23 4 —
2848 3317 48 17 15.F0

2459 3339 67 17 Muziek
2543 3339 26 18 tij
2584 3340 22 15 <le
2621 3339 81 19 dagtaak,
2718 3339 42 17 dor.r
2775 3339 30 16 het
2820 3339 75 16 fomm')-

2458 3361 41 16 dore
2512 3361 66 16 Orkest.
2591 3367 22 4 —
2626 3361 48 15 16.00
2687 3360 10 15 \
2702 3359 99 19 loolrrcital
2814 3367 22 5 —
2847 3360 49 17 lÜ.'W

2459 3383 49 16 Twen
2518 3386 84 14 opnamen
2613 3386 34 12 van
2658 3382 23 16 do
2692 3382 14 15 E
2709 3382 27 16 BC
2747 3381 81 18 Military
2840 3381 49 17 Band

2458 3411 22 4 —
2495 3404 48 16 16.30
2556 3403 79 17 Modern-
2648 3403 103 18 vocalisten.
2764 3410 22 4 —
2800 3404 20 15 16
2826 3403 21 16 45
2860 3403 36 16 The

2459 3425 110 19 Racamuffln
2585 3425 118 19 Sincopaton.
2718 3432 23 4 —
2757 3425 48 17 17.00
2819 3424 76 18 Midden,

2458 3447 162 19 standsproblemen.
2635 3454 23 4 —
2674 3447 47 16 17.10
2735 3446 87 19 Reginild
2837 3445 58 18 Dlxon

2458 3469 54 18 speelt
2528 3468 36 19 zijn
2579 3468 58 17 Dlxon
2652 3468 42 18 bit*.
2709 3475 22 4 —
2745 3468 48 16 17.20
2808 3468 85 18 Opnan>ei

2459 3494 32 12 van
2507 3490 59 17 Victor
2580 3490 77 17 Marceau
2678 3496 22 4 —
2714 3490 48 15 17.S0
2775 3488 120 19 Gewestelijke

2458 3511 127 18 mededelingen
2610 3518 22 5 —
2650 3511 47 16 17.35
2716 3511 43 16 Voor
2775 3510 22 17 de
2815 3509 79 20 Jlinpros-

2458 3536 44 13 veti.
2517 3539 23 5 —
2555 3533 49 16 18.30
2630 3532 58 17 Eerste
2715 3531 136 19 Vrljdajrpnntii-
2872 3539 23 4 —

2460 3554 47 16 18.20
2523 3554 44 17 Ierse
2583 3553 96 19 melodleë'.
2694 3554 42 16 door
2751 3553 46 17 John
2813 3553 27 17 Mc
2856 3553 32 17 Cor

2457 3576 49 16 raack
2509 3587 3 5 ,
2531 3582 22 5 —
2572 3576 7 16 1
2582 3576 38 15 8.52
2638 3575 198 19 ProgTanima-overzlcïit
2840 3587 4 4 .

2601 3610 152 26 Nederland

2514 3646 154 18 HILVERSUM
2685 3643 28 22 I-J
2731 3645 60 19 3015
2809 3645 29 18 M.

2478 3669 40 16 9.00
2530 3669 25 16 De
2568 3669 53 16 eerste
2634 3672 83 15 opnamen
2730 3672 33 13 van
2778 3667 67 17 Kduard
2859 3672 33 12 tsi

2458 3690 78 17 Brlnum,
2554 3691 35 15 met
2606 3690 29 16 het
2652 3690 78 16 Lc-ndeni
2745 3689 39 19 phil
2787 3688 105 18 Harmonisch

2458 3711 62 18 rrkett.
2538 3718 22 5 —
2578 3712 39 16 10.0
2636 3711 78 17 (VARA!
2745 3711 44 17 Keei
2816 3710 78 18 Mnno>rs

2927 1548 48 19 zingt
2987 1549 36 16 met
3036 1548 109 19 begeleiding
3159 1553 33 13 van
3205 1548 62 18 erkut.
3280 1555 22 6 —
3315 1549 48 17 10.15

2926 1570 97 18 riano-duo
3036 1570 49 17 Beers
3096 1574 21 13 en
3130 1574 34 13 van
3177 1570 85 17 lanschet
3279 1577 24 5 —
3315 1570 48 17 11.25

2926 1592 34 16 Jan
2978 1591 53 19 Vogel
3049 1596 20 12 en
3088 1591 36 18 zijn
3152 1592 102 17 acr^rdenon
3256 1592 68 17 -orkest.
3344 1599 19 4 —

2927 1613 48 16 12.45
2993 1613 34 17 Het
3043 1613 57 17 orkest
3117 1617 33 13 van
3168 1613 76 17 Rcbtrto
3261 1613 64 19 Inglcz.
3341 1620 22 5 —

2927 1634 48 16 13.15
2991 1634 41 18 Dolf
3046 1638 33 13 van
3093 1634 30 17 der
3137 1634 66 17 Linden
3217 1639 21 13 en
3252 1635 36 18 izjn
3302 1635 60 17 Metro-

2926 1655 109 20 pole-orkest.
3048 1663 23 4 —
3084 1656 49 17 14.20
3147 1656 70 18 Btstlen
3230 1661 21 12 en
3265 1656 97 18 BaBtlenne.

2927 1677 85 19 zangspel.
3027 1684 21 5 —
3064 1678 49 17 15.00
3128 1679 39 17 (gez
3186 1679 36 18 pr.»
3237 1678 36 17 Ons
3287 1678 41 18 volk
3343 1678 19 18 in

2926 1699 37 18 sijn
2978 1698 82 19 dichten.
3078 1705 21 6 —
3116 1699 49 17 15.20
3181 1699 78 17 Cabaret.
3276 1706 21 5 —
3316 1699 47 18 lC-üO

2926 1720 36 17 The
2977 1720 96 18 Rambleri.
3089 1727 21 5 —
3128 1721 47 17 17.00
3192 1720 89 18 Filmland
3297 1725 58 15 presen

2926 1742 50 17 teert.
2991 1748 22 5 —
3028 1741 48 17 17.20
3093 1743 43 17 (gez.
3152 1744 35 16 pr.l
3206 1742 34 18 WIJ
3256 1746 20 12 en
3291 1743 22 15 d»
3327 1747 30 11 mn

2926 1762 45 18 ziek.
2989 1770 22 5 —
3029 1763 47 16 17.45
3095 1763 58 17 Ronde
3171 1768 32 12 van
3221 1762 103 20 Nederland.
3342 1771 21 4 —

2928 1785 47 16 18.15
2990 1784 24 18 De
3029 1784 60 18 VARA
3103 1784 95 19 feliciteert
3217 1792 21 4 —
3253 1786 48 15 1U.0U
3315 1785 47 16 Deiu

2926 1810 29 12 om
2966 1806 22 16 de
3001 1806 57 16 bocht.
3070 1813 20 4 —
3105 1806 46 16 19.15
3163 1806 167 17 Siiwstrl-kwartet.
3342 1814 21 4 —

2926 1828 49 16 20.05
2993 1828 33 15 H-t
3044 1827 105 17 Nederlands
3166 1828 22 16 stt
3191 1826 32 20 Ijkt
3226 1828 33 17 rio.
3277 1835 20 4 —
3314 1828 21 16 21
3342 1828 22 16 (.0

2926 1849 38 16 Men
2981 1850 79 17 vraagt...
3086 1853 21 13 en
3121 1849 31 18 wij
3177 1849 77 18 draaien-
3279 1857 22 4 —
3314 1850 20 15 21
3343 1849 20 16 20

2926 1870 109 18 Klankbeeld
3050 1875 33 12 van
3096 1870 22 17 de
3131 1870 130 19 h&rfngvisscrij
3280 1877 22 5 —
3314 1871 49 16 23.15

2929 1892 79 16 (VARA)
3028 1892 20 16 ln
3066 1892 83 18 huwelijk
3167 1896 20 12 en
3205 1892 55 18 gezin.
3276 1899 22 5 —
3314 1892 51 18 23.S0

2928 1915 5 14 (
2937 1918 29 14 gez
2989 1918 26 14 pr.
3019 1915 5 14 )
3044 1914 154 18 Augusteo-orkest.

2985 1947 154 19 HILVERSUM
3159 1947 39 18 11.:
3218 1946 39 20 415
3276 1948 30 18 ftt.

2948 1970 20 15 10
2974 1970 21 16 05
3011 1969 41 20 Gpl.
3079 1970 89 18 Symfonie
3192 1974 21 13 nr
3233 1970 17 18 2,
3266 1971 61 17 Anter.
3341 1978 22 4 —

2926 1991 49 17 11.00
2993 1990 43 19 Gpl.
3054 1990 108 18 Introductie
3179 1996 22 13 cn
3221 1991 84 19 variatie*
3323 1996 40 13 over

2926 2012 30 17 het
2970 2012 38 19 Hed
3024 2019 21 5 —
3061 2013 48 16 11.50
3134 2013 47 18 Deep
3195 2012 55 18 Rlver
3275 2013 51 19 Bt-ys.
3342 2021 21 4 —

2927 2034 48 16 12.00
2988 2034 60 17 Sextet
3060 2038 46 14 onny
3119 2034 65 17 Kroon.
3198 2041 22 5 —
3234 2035 48 16 12.33
3295 2035 67 17 NCRV-

2925 2055 48 17 koor.
2988 2062 23 5 —
3026 2056 48 16 11.00
3087 2056 70 18 Cyclus:
3172 2056 37 17 Het
3224 2056 140 18 Oudnederlands

2926 2076 90 19 geestelijk
3032 2077 94 17 volkslied.
3142 2084 22 4 —
3181 2078 47 16 I5.PG
3244 2077 119 18 Marlnlereki-

2925 2098 29 18 pel
2968 2098 30 16 der
3012 2098 116 19 Koninklijke
3142 2098 72 17 Marine.
3228 2106 22 4 —
3265 2100 19 15 15
3293 2101 19 14 lil
3326 2099 37 17 Van

2926 2119 44 16 oude
2985 2124 20 12 en
3023 2120 66 17 nltuwe
3105 2120 91 19 schrijvers
3219 2128 21 3 —
3257 2122 20 15 16
3284 2122 21 16 00
3321 2121 36 16 Lon

2926 2141 34 16 don
2978 2141 58 17 Radio
3062 2141 95 18 Orchestra.
3173 2149 21 4 —
3211 2143 48 16 10.20
3285 2141 41 20 Glü.
3342 2149 22 5 —

2928 2162 47 17 17.00
2990 2162 70 18 Cyclus:
3076 2163 35 17 Een
3126 2163 44 18 serie
3184 2164 143 18 strljkBcxtetttn.
3342 2171 22 4 —

2927 2184 48 17 17.35
2989 2183 53 18 Louis
3055 2184 47 18 l*vy
3116 2189 21 12 e'i
3152 2184 35 19 zijn
3202 2185 58 17 orkest
3279 2192 22 5 —
3316 2186 48 16 13.15

2927 2206 25 16 De
2969 2206 34 18 \tjf
3018 2206 107 19 Zapakara'a.
3142 2213 21 5 —
3181 2207 48 16 19.20
3245 2207 36 17 Het.
3297 2207 66 17 actueel

2926 2227 66 18 geluld.
3011 2234 22 5 —
3052 2226 47 18 19.25
3118 2227 138 19 CNV-kwartler.
3274 2235 23 5 —
3314 2229 50 17 20.05

2927 2249 183 19 Programraaproloos.
3126 2256 21 4 —
3163 2249 49 17 20.15
3227 2249 100 18 Jubeliam.
3349 2257 15 5 -

2926 2270 50 16 21.30
3004 2270 189 20 Familie-competitie.
3221 2278 22 4 —
3271 2272 22 16 22
3299 2272 21 17 05
3338 2272 26 17 De

2926 2292 50 16 vaart
2990 2292 31 16 der
3034 2292 69 17 volken.
3119 2299 21 4 —
3154 2292 49 16 22.25
3218 2292 44 17 NCR
3265 2293 98 17 V-kwartet.

2926 2320 21 4 —
2960 2313 49 16 23.15
3024 2313 90 17 Beroemde
3127 2315 66 15 concert
3195 2313 13 18 i.
3222 2321 21 4 —
3256 2314 49 17 23.50
3317 2314 47 17 Jobn

2926 2335 63 18 Carter,
3006 2336 54 16 tenor,
3077 2336 35 17 met
3127 2335 173 20 onVtstbegclcldlng.

3070 2363 138 33 Engeland

3040 2398 76 19 HOME
3139 2398 111 20 SERVICE

2946 2420 39 17 9.25
3004 2420 120 19 Orgelrecital.
3144 2428 22 4 —
3185 2422 39 16 P.50
3243 2422 120 18 Amerlkamse

2926 2442 50 17 trlcf.
2991 2449 22 4 —
3029 2443 49 16 in.30
3093 2443 59 18 Primo
3166 2443 52 17 Scala
3232 2448 21 12 en
3268 2444 37 18 zijn
3320 2444 43 17 Har-

2925 2463 68 18 monlca
3010 2464 92 18 ensemble.
3119 2470 22 5 —
3159 2464 48 17 12.0Q
3224 2465 101 18 Mantovani
3341 2470 21 13 en

2925 2485 36 18 zijn
2979 2485 96 17 dansokest.
3094 2492 21 5 —
3133 2486 49 17 12.30
3200 2486 162 20 Ontepanningtmu-

2925 2506 38 18 zlek
2977 2511 42 12 voor
3033 2507 92 17 arbeider".
3139 2515 22 4 —
3176 2508 47 17 13.40
3238 2508 68 18 Euftèuo
3320 2509 42 18 Pini

2925 2528 56 18 speelt
3002 2528 91 20 populairs
3113 2529 66 17 werker,
3200 2534 42 13 voor
3263 2529 56 18 viool.
3341 2537 21 5 —

2926 2550 48 16 16.00
2991 2550 26 17 To
3033 2551 57 18 Sor.ny
3107 2550 46 18 Rosé
3169 2555 21 13 en
3208 2551 36 19 i-ljn
3260 2551 63 18 ork'&t.

2927 2572 47 16 18.20
2990 2572 25 16 De
3031 2571 116 20 componisten
3163 2577 34 13 van
3213 2573 22 17 de
3249 2573 53 16 weck:
3320 2573 42 17 Pou-

2925 2592 39 18 lene
2977 2597 21 13 en
3008 2590 90 21 ^ïllhaud.
3109 2601 23 5 —
3146 2594 48 18 19-0"
3207 2594 35 17 Het
3255 2599 51 14 opera
3318 2594 39 17 half

2925 2618 39 12 uur:
2981 2615 54 17 Lucia
3050 2615 21 18 di
3088 2616 130 17 Laromermo«»r.
3234 2623 22 5 —
3271 2617 50 16 20.30
3336 2615 26 19 HI

2925 2636 48 18 Gang
2990 2637 27 15 49.
3035 2643 21 4 —
3073 2637 50 16 21.30
3140 2637 62 17 5Tunch
3220 2636 74 20 oindlng
3300 2637 61 18 in-the-

2924 2658 72 16 marsch.
3017 2664 21 5 —
3069 2658 50 18 22.00
3152 2658 139 20 Vrijdnrrecital.
3322 2659 40 17 Max

2925 2678 68 19 Roetal.

3072 2701 148 31 Frankrijk

2979 2736 83 20 l'OSTE
3077 2736 135 20 NATIONAL
3226 2737 39 18 431
3279 2737 29 19 M.

2947 2759 48 16 1200
3008 2758 58 18 Union
3080 2758 97 18 Franccisc.
3191 2766 19 5 —
3227 2760 48 17 12.10
3289 2760 34 17 Het
3337 2764 19 13 or-

2924 2780 37 17 kest
2978 2784 35 13 van
3030 2780 109 19 Straatsburg
3162 2787 22 4 —
3203 2781 19 16 13
3231 2781 19 17 15
3278 2781 84 17 Canadese

2924 2801 74 17 muziek.
3015 2808 22 5 —
3052 2802 48 16 13.50
3116 2802 26 16 De
3156 2802 43 16 stem
3215 2807 34 12 van
3264 2802 60 17 Israël.
3340 2810 22 5 —

2926 2823 48 16 18.30
2986 2823 45 17 Hier
3044 2823 40 17 New
3099 2823 51 18 York.
3163 2823 22 17 de
3198 2824 43 17 item
3255 2823 29 18 nlt
3296 2823 59 18 Ameri-

2924 2844 28 17 ka.
2966 2852 22 3 —
3003 2845 48 16 19.00
3064 2845 51 18 Almi
3129 2850 22 11 va
3166 2845 17 18 le
3197 2845 61 17 mmdc
3276 2853 23 4 —
3313 2846 48 16 19.15

2924 2866 106 17 L'emhzjraB
3043 2866 24 17 du
3082 2866 53 18 choix
3156 2874 22 4 —
3194 2867 20 17 19
3220 2867 21 17 20
3257 2867 31 17 Uw
3302 2871 59 13 smanex

2924 2892 20 12 en
2959 2887 45 19 mijn
3018 2888 77 18 kleuren.
3110 2895 21 4 —
3146 2889 49 16 20.35
3208 2888 39 17 Don
3262 2888 98 19 Quichotte,

2923 2909 81 18 comedie.
3019 2916 22 5 —
3054 2909 49 17 22.35
3117 2909 60 18 Ideeën
3191 2914 21 13 cn
3226 2914 75 12 mensen.

2952 2943 84 18 POSTE
3052 2943 159 19 PARISIENNE
3228 2943 59 19 'ie"b.6
3303 2944 29 18 M.

2945 2965 47 17 12.01
3006 2965 111 19 Impromptu.
3130 2972 22 5 —
3165 2966 48 16 1230
3225 2965 65 19 ParJJse
3302 2968 57 16 actuv

2922 2986 78 17 Iltelten.
3014 2993 22 4 —
3052 2987 47 16 12.5S
3114 2987 72 17 Edwrerd
3201 2989 9 15 t
3214 2987 59 18 hekier
3287 2992 20 13 en
3322 2988 36 19 zijn

2922 3008 62 16 orkest.
3002 3015 22 4 —
3042 3009 48 15 13.20
3107 3009 112 17 Gfvarirtrdc
3246 3009 74 17 muziek.
3338 3017 22 4 —

2923 3029 48 16 18.49
2987 3029 70 17 Werken
3074 3034 33 12 van
3123 3030 83 18 Debns*y.
3222 3037 22 4 —
3260 3031 48 16 19.00
3323 3031 29 16 Hu

2922 3051 58 17 zikaal
3000 3051 86 19 aperitief.
3106 3058 23 4 —
3148 3052 48 16 19.30
3216 3051 56 19 Parijs
3291 3053 68 18 sprtekt

2921 3073 28 15 tot
2963 3076 18 13 u.
2996 3079 22 4 —
3033 3073 48 16 J9.50
3096 3072 34 18 G>il
3152 3080 23 4 —
3188 3074 22 15 20
3217 3074 21 16 00
3253 3074 106 16 L'embarrjs

2920 3093 24 17 du
2959 3093 52 18 choix
3032 3101 22 4 —
3068 3095 49 15 20.05
3132 3095 36 16 Een
3182 3095 81 17 kwartier
3277 3096 37 15 met
3327 3100 31 12 eea

2921 3115 97 17 onbekend?
3034 3116 74 17 vedette.
3123 3123 23 3 —
3161 3116 49 17 20.20
3226 3116 131 19 Radio-parade.

2920 3144 22 4 —
2956 3137 50 17 21.40
3020 3137 26 17 De
3060 3138 53 17 ronde
3125 3138 29 17 dei
3181 3138 62 17 Naties
3253 3149 6 6 .
3273 3145 22 5 —
3308 3139 50 17 22.00

2920 3158 85 18 Montage.

3428 1356 208 18 STADSBESTUUR
3649 1355 55 19 VAN
3716 1356 74 19 GENT

3537 1378 25 19 4e
3578 1378 103 22 Afdeling

3525 1421 160 20 STEDELIJKE

3410 1444 284 18 KLEDINGVAKSC1IOOL
3707 1444 53 18 VAN
3773 1444 34 19 DE

3468 1466 174 19 MIDDELBARE
3656 1467 92 18 GRAAD

3416 1511 29 19 Te
3458 1511 96 21 begeven
3567 1511 130 22 betrekking
3709 1516 4 13 :

3390 1533 132 22 Lesgeefster
3533 1533 23 18 in
3567 1533 63 22 gilet-
3640 1538 27 14 en
3680 1534 147 19 broekmakeu

3417 1555 28 22 bij
3456 1556 27 18 de
3494 1556 147 18 avondschool
3656 1556 26 20 (C
3691 1556 33 21 4);
3736 1556 12 18 7
3759 1556 59 19 weke-

3416 1578 61 21 lijkse
3488 1578 94 18 lesuren.

3390 1599 82 19 Vereist
3484 1600 96 22 diploma
3590 1604 5 13 :
3607 1600 150 22 einddiploma
3768 1601 50 21 afge-

3389 1622 73 18 leverd
3472 1622 53 18 door
3535 1623 26 17 de
3572 1622 200 22 Normaalafdeling
3782 1627 45 15 van

3389 1649 40 14 een
3445 1645 94 18 erkende
3556 1645 117 18 vakschool
3693 1645 90 19 (CI/D).

3415 1666 151 23 Inlichtingen
3579 1668 87 18 worden
3678 1668 107 18 verstrekt
3798 1672 29 17 op

3389 1689 39 18 het
3445 1689 87 18 Bureau
3549 1693 44 14 van
3611 1689 116 22 Openbaar
3743 1690 74 18 Onder-

3389 1711 51 22 wijs,
3457 1711 144 22 Nederpolder
3617 1711 19 21 2,
3653 1711 66 19 Gent.

3416 1733 127 22 Aanvragen
3553 1734 22 18 te
3586 1734 77 18 sturen
3674 1738 42 14 aan
3726 1734 40 21 het
3777 1734 39 18 Col-

3389 1755 46 22 lege
3449 1759 43 14 van
3508 1756 164 21 Burgemeester
3688 1760 28 15 en
3733 1756 83 23 Schepe-

3389 1782 44 14 nen
3447 1777 52 19 vóór
3515 1778 24 18 15
3555 1778 43 18 Mei
3614 1779 142 20 aanstaande.

3388 1808 24 5 —
3411 1808 31 5 —
3773 1801 53 18 8708

3053 3193 171 33 Luxemburg

2469 3785 112 39 Langs
2601 3785 44 33 de
2666 3786 215 39 ringtouwen

2455 3850 102 19 CLAUDE
2573 3851 99 18 RITTER
2689 3851 35 18 die
2740 3855 32 15 nu
2788 3851 32 19 als
2836 3851 46 19 mid-

2505 3872 135 22 dengewicht
2661 3873 107 22 optreedt,
2798 3873 34 18 zal
2861 3877 29 19 op

2505 3895 10 17 1
2518 3895 11 17 3
2550 3895 43 18 Mei
2614 3895 22 21 te
2656 3895 60 18 Earls
2737 3895 67 21 Court
2825 3895 64 23 tegen

2504 3917 54 18 Dick
2577 3917 82 23 Turpin
2678 3917 123 18 uitkomen.

2639 3940 10 11 *
2664 3940 12 12 •
2691 3940 10 12 •

2453 3961 142 19 NEUBAUER
2625 3965 48 15 won
2703 3962 22 18 te
2755 3962 78 19 Nevers
2861 3966 29 19 op

2504 3983 86 22 punten
2606 3987 25 14 va
2633 3991 15 14 n
2663 3984 78 18 Freire.

2454 4005 66 18 JEAN
2546 4006 111 18 MOUGIN
2684 4010 56 17 won,
2768 4010 51 15 voor
2846 4007 46 22 zijn

2504 4027 78 18 laatste
2604 4027 66 23 kamp
2693 4028 25 18 in
2741 4028 108 22 Amerika,
2863 4033 29 19 op

2505 4050 86 22 punten
2608 4053 42 15 van
2676 4049 56 28 Billy
2757 4050 133 19 Henderson.

2505 4072 31 17 De
2553 4072 120 18 Fransman
2688 4072 33 18 zal
2747 4076 43 19 nog
2816 4073 76 17 enkele

2505 4093 139 22 wedstrijden
2661 4094 24 18 in
2700 4095 92 18 Kanada
2808 4094 75 19 betwis-

2505 4116 40 17 ten
2557 4115 99 19 alrorens
2669 4120 54 14 naar
2735 4116 47 22 zijn
2795 4116 53 19 land
2861 4118 22 17 te-

2503 4141 39 18 rug
2555 4138 23 18 te
2590 4137 74 20 keren.

2639 4161 11 12 •
2664 4160 11 12 *
2690 4162 11 12 *

2505 4182 48 17 KID
2582 4182 117 18 GALIVAN
2727 4183 122 21 zegevierde
2869 4183 22 17 te

2507 4203 82 17 Boston
2616 4207 28 19 op
2673 4204 87 22 punten
2786 4208 43 15 van
2857 4205 33 18 AL

2505 4225 77 19 Priest.

2638 4248 12 13 •
2664 4248 11 12 *
2690 4251 11 12 •

2454 4269 110 19 GONNET
2591 4273 28 14 en
2647 4270 91 19 BAOUR
2766 4270 73 19 zullen
2868 4271 22 19 te

2505 4291 73 19 Reims
2592 4295 28 19 op
2634 4292 25 18 29
2674 4293 42 17 Mei
2730 4292 27 19 de
2771 4293 79 18 Franse
2864 4293 18 18 ti-

2504 4314 31 20 tel
2552 4313 37 19 der
2606 4312 176 25 lichtgewichten
2807 4315 75 18 betwis-

2504 4335 47 19 ten.

2638 4358 10 12 *
2663 4358 11 12 *
2689 4360 11 13 ♦

2453 4379 119 21 PRATESI.
2606 4380 66 18 Frans
2705 4380 116 23 kampioen
2853 4381 37 19 der

2504 4401 175 23 vlieggewtchten
2683 4415 4 6 ,
2699 4402 60 22 heeft
2770 4403 22 18 te
2801 4403 89 19 Londen

2503 4427 29 18 op
2543 4424 87 21 punten
2641 4427 119 19 gewonnen
2772 4428 42 15 van
2827 4425 62 21 Terry

2504 4445 70 18 Allen.

2457 4509 128 22 Uitgeefster
2599 4510 21 17 S.
2635 4510 30 18 M.
2681 4514 10 13 t
2701 4510 42 18 Het
2757 4510 62 19 Licht
2830 4516 17 12 ».
2863 4520 23 6 —

2455 4532 100 19 Redactie
2578 4536 28 16 en
2631 4533 172 21 Administratie.
2827 4535 57 18 SinU

2457 4553 105 19 Verantw.
2591 4554 80 21 Rudolf
2691 4556 147 19 Veretmmen.
2864 4564 23 6 —

2456 4575 230 22 Pietersnieuwstraat.
2702 4577 33 20 94,
2752 4578 67 18 >?znt.

3085 3229 59 19 1.293
3162 3229 29 20 M.

2942 3251 20 15 12
2968 3251 22 16 30
3004 3250 25 17 De
3042 3250 80 18 almanak
3137 3256 33 12 van
3184 3251 42 17 Jea.i
3240 3252 82 18 Canaille.
3335 3259 22 5 —

2921 3272 47 17 12.32
2986 3271 65 19 Kleine
3068 3272 80 18 verhelen
3166 3277 34 12 van
3218 3274 47 18 grote
3282 3274 74 18 muziek.

2919 3300 22 5 —
2957 3294 33 16 Sur
3006 3293 18 19 le
3040 3294 50 17 banc.
3106 3301 23 4 —
3145 3295 47 15 12.54
3211 3294 144 20 FUragenoegens.

2918 3322 23 4 —
2953 3315 48 16 13.11
3015 3315 195 20 Ontf<pani)jngsmu2iek
3223 3324 21 3 —
3258 3316 48 18 1845
3319 3316 37 18 Vijf

2919 3336 78 18 minuten
3010 3337 36 17 met
3058 3337 66 18 Slache.
3137 3344 23 4 —
3173 3338 48 16 19,00
3232 3337 124 20 Luxemburgse

2919 3358 108 19 uitzending.
3045 3366 22 3 —
3087 3359 48 16 19.2C
3153 3358 53 18 Extn
3235 3359 82 19 mengsel.
3334 3367 21 4 —

2921 3380 47 15 19.36
2980 3379 87 18 Rldtdlne
3079 3381 27 15 est
3116 3384 66 12 comme
3192 3385 21 14 c»
3231 3388 22 3 —
3264 3381 21 16 11
3292 3382 19 14 44
3323 3381 26 16 Re-

2919 3401 75 17 velaties
3006 3402 27 15 49.
3047 3408 22 4 —
3083 3402 48 16 19.58
3144 3402 26 16 De
3183 3406 92 15 genoegens
3287 3407 34 12 vi-n
3333 3403 23 16 de

2918 3422 44 19 taal.
2976 3430 22 3 —
3012 3422 48 18 20.01
3075 3423 45 18 Hier
3132 3424 58 17 coutre
3204 3424 116 18 ;iujourd*hui.
3334 3431 22 4 —

2918 3444 50 17 20.30
2981 3445 36 16 Lur
3031 3445 65 17 Barney
3111 3448 20 14 tn
3146 3445 30 16 het
3190 3445 57 17 orkest
3260 3445 94 18 Ko?er-Ro-

2918 3470 34 14 ger.
2965 3473 22 4 —
3000 3466 49 16 20.45
3063 3466 74 18 Allerlei
3158 3473 22 5 —
3192 3467 21 16 22
3219 3468 20 15 01
3254 3467 47 17 Renè
3314 3466 39 18 Del-

2917 3488 49 18 porte
2985 3492 33 13 aan
3039 3488 29 16 het
3089 3488 69 18 klavier
3183 3488 67 18 Twaalf
3269 3488 84 19 preludes.

2918 3509 27 17 Cl.
2962 3509 82 19 Debussy.
3061 3516 23 5 —
3099 3509 49 18 32.80
3163 3509 73 19 lopical
3253 3510 38 17 hal'
3306 3510 43 17 hour

2917 3538 22 3 —
2955 3531 49 16 23.00
3021 3531 114 18 Dansmuziek
3159 3538 21 3 —
3197 3531 20 16 2:t
3224 3531 22 16 30
3262 3531 35 17 The
3314 3531 39 17 Ska-

2918 3552 146 19 ters-progromma
3088 3559 22 4 —
3128 3552 49 17 23.45
3196 3552 64 18 Album
3278 3557 34 13 van
3329 3553 24 16 fa-

2918 3572 154 19 mlliemelodieen.

3435 1871 110 48 Bericht
3565 1873 213 55 maatschappij

3489 1949 231 32 NATIONALE

3455 1991 302 36 MAATSCHAPPIJ

3448 2034 78 32 DER
3547 2035 218 32 BELGISCHE

3462 2078 288 33 SPOORWEGEN

3488 2128 162 20 OPROEPING
3667 2129 58 19 TOT

3395 2162 36 20 DE
3448 2163 153 20 ALGEMENE
3619 2165 198 19 VERGADERING

3419 2188 31 20 De
3465 2189 124 20 Statutaire
3603 2190 122 24 Algemene
3740 2190 72 25 Verga-

3386 2213 81 26 dering-
3492 2218 43 17 van
3561 2214 28 21 de
3608 2215 116 20 Nationale
3751 2215 61 21 Maat-

3386 2239 103 26 schappij
3508 2240 42 20 der
3567 2240 118 26 Belgische
3702 2241 109 26 Spoorwe-

3386 2269 44 21 gen
3446 2265 33 20 zal
3495 2266 73 24 plaats
3584 2266 89 20 hebben
3690 2270 28 22 op
3735 2266 28 21 27
3781 2266 45 21 Mei

3386 2291 145 22 aanstaande,
3546 2291 23 20 te
3585 2291 27 21 ió
3625 2296 50 17 uur.
3690 2292 20 19 in
3726 2292 39 19 het
3779 2292 32 20 Ho-

3387 2316 29 20 tel
3441 2316 141 23 Ravensteln,
3608 2317 218 24 Ravenstelnstrcat,

3386 2341 21 23 3,
3424 2342 22 19 te
3463 2342 100 20 Brussel.

3518 2374 175 20 AGENDA

3387 2406 21 21 1.
3424 2415 13 7 -
3453 2406 95 26 Verslag
3559 2411 42 16 van
3613 2407 28 20 de
3654 2406 61 21 Raad
3726 2411 43 16 van
3780 2407 31 20 Be-

3455 2431 62 21 heer.

3386 2457 20 21 2.
3424 2467 12 5 -
3453 2457 95 25 Verslag
3563 2462 41 16 van
3620 2458 40 20 het
3675 2457 91 25 College
3781 2461 44 18 van

3456 2482 206 21 Commissarissen.

3385 2509 21 20 3.
3424 2518 12 5 -
3453 2508 160 26 Goedkeuring
3625 2513 41 15 van
3679 2508 28 20 de
3719 2508 92 21 rekenin-

3455 2538 43 22 gen
3516 2539 42 15 van
3576 2534 39 20 het
3631 2533 109 25 boekjaar
3758 2533 66 21 1948.

3386 2559 19 21 4.
3416 2569 12 6 -
3438 2560 116 25 Decharge
3573 2564 42 16 aan
3635 2560 29 20 de
3683 2559 142 20 Beheerders

3455 2590 27 15 en
3499 2584 206 22 Commissarissen.

3410 2610 39 18 Dit
3461 2611 86 17 bericht
3560 2610 59 22 geldt
3632 2610 32 18 als
3675 2609 149 22 uitnodiging.

3407 2664 31 18 De
3451 2664 116 22 Algemene
3579 2663 145 23 Vergadering
3737 2663 87 19 bes'aat

3385 2687 35 17 uit
3437 2687 111 22 eigenaars
3565 2691 42 13 van
3625 2690 38 14 ten
3679 2686 81 18 minste
3777 2686 48 18 tien

3384 2708 123 23 preferente
3526 2708 108 18 aandelen
3652 2708 24 18 of
3695 2707 130 19 wlnstdeien

3385 2734 28 14 en
3428 2731 28 18 de
3470 2730 84 17 houder
3569 2733 44 14 van
3628 2729 27 18 de
3670 2733 86 18 gewone
3773 2732 42 15 aan-

3385 2751 64 19 delen
3466 2753 51 19 (art.
3531 2751 25 18 29
3570 2752 37 17 der
3621 2751 125 21 Statuten).

3410 2773 42 18 Om
3463 2777 43 14 aan
3516 2773 27 18 de
3553 2773 116 22 Algemene
3680 2772 145 22 Vergadering

3384 2795 23 18 te
3433 2799 79 18 mogen
3529 2794 135 20 deelnemen,
3692 2795 87 17 moeten
3797 2793 27 18 de

3384 2816 95 19 houders
3490 2820 43 14 van
3546 2816 123 23 preferente
3681 2815 105 18 aandelen
3800 2815 24 18 of

3384 2838 136 19 winstdelen,
3540 2837 186 22 overeenkomstig
3745 2836 79 18 artikel

3384 2860 25 18 33
3425 2860 38 17 der
3479 2860 113 18 Statuten,
3609 2859 35 18 die
3659 2859 97 18 stukken
3772 2857 52 19 vóór

3385 2882 24 19 12
3424 2882 42 17 Mei
3482 2881 50 18 1949
3548 2881 123 22 deponeren
3686 2880 28 22 bU
3730 2884 40 14 een
3785 2880 38 18 d«r

3383 2903 183 22 hiernavolgende
3583 2902 142 22 instellingen
3734 2905 6 14 :

3408 2925 116 18 Nationale
3538 2924 63 19 Bank
3616 2928 42 14 van
3673 2923 80 22 België,
3768 2924 55 18 haar

3384 2947 138 22 bijkantoren
3542 2950 28 14 en
3591 2945 177 23 agentschappen

3408 2968 91 22 Banque
3524 2967 27 18 de
3577 2967 22 18 la
3615 2966 84 19 Société
3715 2966 107 18 Générale

3382 2990 27 18 de
3425 2990 111 21 Belgique,
3561 2989 54 18 haar
3639 2988 138 23 bijkantoren
3793 2991 29 15 en

3382 3011 185 22 agentschappen.

3405 3033 90 21 Banque
3508 3031 27 19 de
3548 3032 117 18 Bruxelles.
3679 3031 54 17 haar
3745 3030 76 22 zetels,

3384 3053 131 24 bijkantoren
3533 3059 28 14 eu
3579 3053 184 23 agentschappen.

3407 3078 157 21 Kredietbank,
3576 3077 55 18 haar
3643 3077 138 22 bijkantoren
3792 3080 30 15 eu

3381 3100 185 22 agentschappen.

3407 3121 84 18 Scciété
3510 3121 26 17 de
3555 3120 21 18 la
3595 3120 91 22 Banque
3705 3119 73 18 Suisse
3797 3119 23 18 te

3380 3143 71 19 Basel.

3405 3164 145 18 Nederlandse
3567 3162 252 23 Handel-Maatschappij

3381 3187 22 17 te
3417 3186 144 18 Amsterdam.

3766 3205 52 18 8436

3070 3614 597 125 ZaeMicfitjes

3034 3768 55 89 1

3267 3812 380 30 WERKAANBIEDING

2920 3871 19 19 ♦
2954 3871 101 18 JUFFER
3069 3874 52 14 voor
3138 3870 54 21 café,
3210 3871 32 19 81,
3260 3871 84 19 Smidse-

2918 3894 70 18 straat
3005 3894 36 20 (bij
3056 3893 33 20 St.
3103 3894 185 20 Pietersstation).

3300 3916 51 18 8689

2918 3943 142 19 EIGENDOM
3074 3944 114 22 omgeving
3204 3944 66 22 Ciney

2916 3966 65 19 zoekt
2994 3966 120 19 werkzaam
3126 3967 63 21 gezin
3204 3967 62 20 (man
3279 3967 70 20 kunn.

2917 3988 78 19 buiten
3013 3989 95 20 werken)
3128 3993 37 14 om
3182 3989 49 18 zich
3249 3989 61 21 bezig
3327 3991 23 17 te

2916 4011 90 18 houden
3017 4012 46 17 met
3074 4011 149 21 binnenwerk.
3235 4011 50 20 Hof,
3298 4012 44 18 klei-

2917 4037 28 14 ne
2970 4033 61 19 teelt.
3057 4033 125 22 Logement,
3212 4034 137 22 verlichting,

2916 4055 51 19 loon
2982 4059 27 15 en
3024 4055 150 23 gratificaties.
3189 4056 74 21 Dring,
3276 4056 63 20 schrij-

2916 4082 41 13 ven
2970 4081 4 13 :
2985 4078 29 19 M.
3026 4078 36 17 DIf
3064 4078 68 18 franc.
3145 4078 55 18 525A
3210 4077 104 19 chaussée
3323 4079 26 17 de

2917 4100 113 21 Waterloo,
3043 4100 118 18 Bruxelles.

2916 4145 19 20 4
2949 4144 101 18 JUFFER
3062 4148 53 14 voor
3129 4144 53 18 Café
3196 4144 152 22 Leopoldvllle,

2916 4167 179 21 Terplaetenkaal
3111 4167 20 17 2.
3148 4166 67 20 Gent.

3257 4200 22 4 _
3298 4189 51 18 8704

2915 4218 20 19 ♦
2944 4217 158 18 DRUKKER7J
3113 4217 98 18 COLIER
3220 4221 44 15 n.v.
3273 4219 76 21 vraagt

2917 4240 69 20 report
2990 4243 48 13 eurs
3048 4243 28 18 op
3086 4240 61 17 steen
3157 4243 27 14 en
3195 4239 51 18 zink
3255 4243 27 15 en
3291 4240 59 18 teke-

2916 4258 214 24 naars-cÏÏroinlsten.
3150 4262 52 18 Zich
3219 4262 91 18 wenden
3327 4262 23 18 of

2915 4284 107 21 schrijven
3034 4288 5 13 :
3058 4284 31 20 10,
3108 4284 131 20 Jutestraat,
3256 4284 66 18 Gent.

3298 4306 51 19 8707

2918 4328 19 20 4>
2957 4328 101 18 JUFFER
3077 4332 52 14 voor
3150 4327 52 19 Café
3223 4333 11 12 <
3242 4328 77 19 ROXY

2915 4350 132 20 Astrldlaan,
3064 4351 33 20 34,
3115 4350 67 21 Gent.

3255 4384 22 6 _
3298 4373 51 19 8687

2913 4401 21 20 ♦
2942 4401 56 18 Voor
3006 4401 197 19 Pantoffelfabriek
3212 4402 23 17 C.
3244 4402 103 20 Vermeir,

2915 4422 180 22 Rasphuisstraat
3103 4424 33 19 38,
3148 4424 66 20 Gent,
3226 4424 122 21 FRAISER,

2915 4445 56 18 volle
2982 4449 28 14 en
3021 4445 63 18 halve
3096 4447 48 21 gast
3156 4445 119 19 SNIJDER.

3298 4469 50 17 8706

2915 4489 20 21 4
2954 4489 68 19 MEID
3042 4494 76 18 ongev.
3138 4490 27 17 40
3186 4490 23 20 1.,
3231 4490 116 21 Solarium,

2914 4511 155 22 Destelbergen
3083 4526 5 4 .
3100 4512 53 18 Tel.:
3166 4512 80 18 569.46.

2915 4556 20 20 ♦
2948 4555 108 19 JUFFER.
3071 4555 53 20 Café
3138 4557 135 19 Abeelstraat
3287 4558 20 19 3.

3377 3872 21 20 •«>
3408 3871 125 18 Aanstonds
3544 3873 104 21 gevraagd
3660 3876 5 13 :
3677 3873 135 18 SERVEUSS

3377 3897 52 15 voor
3445 3894 55 20 café;
3516 3895 66 21 goede
3598 3895 145 20 verdiensten,
3761 3896 51 18 kost

3378 3920 28 15 en
3420 3916 94 21 Inwoon,
3528 3916 53 18 Café
3593 3917 131 20 Motorboot,
3740 3918 63 18 Chris-

3378 3938 118 19 tinestraat
3513 3939 44 20 115,
3574 3939 117 19 Oostende.

3760 3962 53 18 8667

3378 3983 19 20 +
3409 3982 117 18 DEFTIGE
3538 3983 101 17 JUFFER
3650 3987 51 15 voor
3713 3983 55 19 café.
3781 3984 28 22 bij

3378 4005 63 17 dame
3455 4005 78 19 alleen,
3547 4005 84 20 Fr.-Vl.;
3645 4005 65 20 21/30
3724 4006 24 21 ].;
3764 4010 38 18 goe-

3374 4027 26 18 de
3409 4027 130 18 verdienste.
3549 4027 53 18 Café
3610 4028 93 21 Liberty,
3714 4028 88 22 Koning-

3377 4049 70 19 straat
3462 4049 24 18 19
3506 4049 37 21 (bij
3560 4050 144 21 Vlasmarkt).

3760 4073 50 18 8682

3377 4094 19 19 +
3408 4093 69 18 ME7D
3491 4098 20 14 v.
3526 4094 42 18 alle
3580 4094 63 19 werk.
3656 4095 69 18 Aaub.
3742 4095 17 18 's
3772 4100 40 14 na-

3376 4116 77 18 mldd.:
3468 4116 96 18 Taverne
3579 4116 64 20 Saba,
3659 4117 152 23 Kortrijkstwg

3377 4137 44 21 149,
3442 4138 43 20 t/s.
3758 4140 51 19 8713

3564 4208 42 31 TI
3623 4208 104 32 KOST

3376 4264 19 20 ♦
3425 4264 116 21 BANDEN,
3574 4265 108 23 compleet
3712 4266 96 21 1050/20,

3376 4286 54 21 Dok,
3446 4287 19 20 6,
3482 4287 66 18 Gent.

3758 4310 51 19 8676

3376 4331 20 20 +
3409 4331 208 20 KINDERWAGEN,
3634 4332 32 17 als
3678 4332 78 18 nieuw.
3770 4333 39 17 Po-

3376 4353 128 22 perlngestr.
3520 4354 24 17 19
3563 4354 56 21 (Van
3634 4354 175 22 Beverenplein).

3758 4377 50 18 8684

3560 4450 165 32 ALLftUfl

3385 4511 155 37 Verhoog
3563 4521 56 21 uw
3642 4513 156 31 inkomen

3374 4554 38 22 W(J
3423 4558 80 18 zeggen
3513 4554 19 19 V
3541 4555 48 18 hoe.
3598 4555 60 19 Schr.
3669 4556 22 19 b.
3702 4556 30 20 bl.
3743 4556 64 20 ABX.
3868 4549 6 27 I

3756 4583 50 18 8713

3407 4718 85 39 fiAAn
3503 4705 284 34 tm*THUNW0HtH6

3414 4751 69 34 MET
3491 4739 243 54 G&fvtt&C

3497 4821 24 25 B
3513 4816 216 47 fliV£FHBRD

3770 4867 32 40 H

3412 5252 62 27 WE
3473 5252 40 27 El
3518 5250 52 29 DE
3582 5246 223 44 VOOP/MEN/
