4336 6253
643 5 4 4 ■
667 17 3 3 .
686 9 3 4 .

55 315 184 67 ŒUVRE
276 311 334 53 NATIONALE

126 389 68 45 DE
219 384 192 44 L'ENFA
414 385 110 41 NCE

93 464 36 38 LE
148 462 39 34 \e
207 450 154 42 CONGRÈS
383 456 180 34 NATIONAL

55 514 74 44 S'EST
135 508 87 38 TENU
234 505 183 36 DIMANCHE
424 506 26 33 A
457 505 152 34 MALINES

103 585 134 42 DEVANT
258 583 70 34 UNE
348 576 198 40 ASSEMBLÉE

168 629 83 41 TRÈS
271 631 212 37 NOMBREUSE

75 703 101 22 Malines,
190 698 27 21 28
231 696 62 27 juin.
306 706 29 5 —
348 694 118 21 L'Œuvre
480 692 129 22 nationale

54 737 25 16 ho
94 728 118 25 l'Enfance
232 729 16 16 a
268 724 67 23 tenu,
354 725 28 17 ce
402 719 142 27 dimanche,
564 724 46 18 son

55 754 114 25 .«pmblée
187 749 121 24 annuelle,
326 752 56 17 sous
400 747 81 21 forme
499 747 32 21 de
549 751 61 17 con-

54 770 44 35 îï,
112 778 105 27 national
233 777 43 21 des
292 778 96 19 œuvres
403 773 31 22 de
450 773 132 22 l'enfance,

53 796 63 37 'lis
130 808 95 23 séances
241 803 30 21 de
288 800 90 24 travail
393 800 35 22 du
444 800 105 24 congrès
565 803 45 19 ont

23 826 3 33 [
56 839 83 20 .,,ueu
156 834 21 22 le
195 830 81 23 matin
295 830 26 20 et
340 827 173 26 l'après-midi,
532 832 33 18 en
585 828 25 22 la

54 867 51 19 «lie
117 860 108 26 gothique
240 857 30 22 de
285 854 84 22 l'hôtel
384 854 31 21 de
431 854 64 22 ville.

53 878 171 39 ^L'assistance
266 881 63 23 était
380 881 230 26 particulièrement

53 919 136 22 nt-mbreuse.

81 933 30 35 ïu
123 944 92 23 bureau,
228 942 33 17 on
275 936 162 25 remarquait:
454 935 63 22 MM.
532 936 77 21 Henri

58 964 76 30 TaVnar
157 964 118 30 président
294 963 32 21 de
345 962 109 22 l'Œuvre
481 964 129 21 nationale

53 1005 28 17 rfp
100 997 123 25 rEnfance;
245 988 178 26 Vandervelde,
443 989 116 24 ministre
581 991 31 20 de

53 1010 15 29 ?
97 1029 15 13 c
113 1033 14 14 a
128 1023 38 23 nté
185 1018 119 29 publique;
328 1015 139 26 Bouchery,
496 1017 115 22 ministre

54 1041 21 35 g
74 1048 3 5 •
109 1055 17 21 p
145 1051 19 22 .j.
184 1048 34 23 x.;
236 1045 30 21 de
283 1042 87 26 Streel,
387 1043 134 23 secrétaire
537 1045 32 21 de
586 1045 26 20 la

55 1064 71 39 ïpine'
143 1072 123 28 Bonnevie,
284 1069 175 27 représentant
479 1071 23 22 le
521 1071 90 21 minis-

56 1092 34 37 îrp
106 1108 27 21 de
148 1104 22 21 la
188 1099 100 24 Justice;
310 1097 23 22 le
352 1097 126 22 chevalier
498 1098 114 26 Dessain,

55 1130 148 27 bmirstmestre
227 1126 30 22 de
281 1123 117 26 Malines;
426 1124 97 24 Pladet.
555 1126 56 21 Van

53 1160 76 24 Bladel
146 1159 25 20 et
188 1153 137 28 professeur
345 1151 121 26 Herman,
486 1152 112 26 vice-pré-

52 1189 84 22 sidents
155 1183 29 22 de
204 1181 105 23 l'Œuvre
330 1178 130 22 nationale
482 1179 32 22 de
543 1179 55 22 l'En-

52 1218 73 21 fance;
141 1211 53 22 M™*
211 1208 125 22 d'Ieteren,
352 1205 211 24 vice-présidente
580 1207 32 21 de

51 1243 96 23 l'Œuvre
168 1234 123 25 nationale
314 1232 31 21 de
375 1231 141 26 l'Enfance;
549 1234 63 21 MM.

51 1269 64 23 Velge
136 1262 126 26 secrétaire
277 1258 109 26 général;
403 1260 112 24 Maquet.
531 1260 67 21 direc-

51 1299 49 20 teur
112 1290 106 29 général;
234 1289 71 22 Wets,
319 1286 59 26 juge
392 1286 100 25 d'appel
507 1287 44 22 des
566 1291 33 17 en-

50 1324 72 23 fants;
139 1320 22 21 le
175 1316 134 28 professeur
324 1313 144 26 Gunzburg,
484 1314 31 22 de
532 1314 67 22 l'Uni-

51 1347 80 25 versité
146 1346 30 22 de
191 1342 80 24 Gand;
288 1341 23 21 le
327 1340 104 21 docteur
446 1341 166 22 Borremans-

51 1373 128 28 ponthière,
196 1371 15 21 à
227 1366 134 26 Bruxelles;
382 1367 23 22 le
423 1367 104 23 docteur
545 1369 54 21 Cou-

51 1406 71 21 vreur,
139 1399 15 23 à
172 1399 99 21 Anvers;
293 1395 55 21 M""
369 1394 93 26 Spaak,
481 1395 129 27 sénateur;

51 1430 54 24 MM.
115 1417 132 32 'jauniaux,
265 1421 128 23 sénateur:
415 1421 139 26 Claessens,
572 1423 27 22 sé-

51 1458 88 23 nateur;
155 1453 22 21 le
190 1451 98 22 docteur
301 1448 158 26 Possemiers,
474 1449 16 22 à
504 1450 106 26 Anvers;

52 1486 20 22 le
87 1482 92 23 docteur
195 1475 158 26 Lamborelle,
371 1475 113 27 échevin,
502 1476 16 22 à
536 1477 63 22 Mali-

53 1515 48 20 nes;
121 1508 22 22 le
161 1506 98 22 docteur
279 1503 56 21 Van
364 1503 211 26 Cauwenberghe,
597 1505 15 21 à

54 1526 76 36 Gsuicl;
149 1534 21 22 le
187 1531 99 22 docteur
306 1530 96 25 Marcq,
422 1530 16 22 à
459 1530 152 25 Courcelles:

55 1561 116 29 jjujardin,
187 1558 54 26 Juge
261 1557 44 21 des
325 1556 112 27 enfants,
456 1557 16 22 à
492 1558 119 26 Malines;

56 1594 25 22 M
82 1595 14 10 m
97 1596 9 9 *
120 1588 71 24 Claire
205 1583 74 25 Baril,
296 1583 113 26 échevin,
426 1584 16 22 à
459 1585 99 25 lxelles;
578 1586 29 21 M

57 1618 87 24 Coolen.
159 1611 101 25 échevin,
278 1610 16 22 à
312 1611 119 26 Malines;
452 1612 65 21 M""
536 1613 64 21 Jans-

55 1650 56 20 sens.
126 1643 27 22 de
166 1639 96 23 Lalieux
278 1638 31 22 de
327 1638 25 22 la
370 1639 75 26 Rocq,
463 1639 149 21 Rolin-Jac-

54 1674 110 22 ouemyns,
180 1666 14 22 à
210 1664 135 26 Bruxelles,
363 1666 55 25 etc.,
435 1666 47 22 etc.

76 1703 53 24 DES
152 1699 164 24 RAPPORTS
341 1699 244 23 INTERESSANTS

74 1738 41 22 Les
125 1733 168 27 congressistes
305 1738 26 17 se
345 1735 58 20 sont
415 1733 86 22 réunis
514 1738 32 17 en
559 1738 41 17 sec-

51 1766 57 24 tions
125 1761 93 24 d'étude
238 1760 65 22 dans
323 1760 25 22 la
368 1760 119 21 matinée.

73 1792 41 22 Les
130 1787 172 24 délibérations
321 1787 31 22 de
372 1787 25 22 la
417 1787 123 26 première
558 1791 41 18 sec-

50 1820 46 22 tion
113 1817 42 21 ont
174 1814 70 27 porté
264 1819 43 17 sur
330 1823 10 9 »
362 1819 26 16 ia
408 1814 142 26 protection
570 1819 43 17 des

49 1845 90 24 enfants
152 1842 128 25 étrangers
296 1850 19 13 ».
329 1842 51 21 Des
394 1842 118 25 rapports
526 1842 88 21 furent

49 1869 113 32 présentés
175 1874 46 21 par
234 1869 35 21 M.
282 1869 76 24 Wets,
372 1868 59 26 juge
445 1869 44 21 des
503 1868 110 26 enfants,

48 1905 14 18 »
74 1896 126 24 Bruxelles,
216 1897 26 21 et
259 1896 35 21 M.
311 1896 145 25 Gunzburg,
472 1896 141 25 professeur

48 1933 13 17 g
75 1923 149 24 lUniversité
241 1924 31 21 de
290 1922 84 22 Gand.

70 1953 32 21 La
118 1950 126 23 deuxième
263 1950 103 25 section,
385 1950 97 22 d'ordre
500 1950 114 25 médical,

47 1986 15 18 a
71 1977 69 24 traité
152 1977 35 22 du
201 1987 11 9 »
226 1977 46 22 lait
286 1977 65 22 dans
363 1977 195 22 l'alimentation
571 1977 43 22 des

47 2006 91 24 enfants
154 2013 19 13 ».
188 2005 47 21 Les
250 2005 117 25 rapports
382 2005 43 25 qui
441 2005 46 21 ont
502 2005 66 21 servi
583 2004 31 22 de

47 2035 49 22 base
115 2031 16 22 à
151 2031 122 22 l'examen
294 2031 31 22 de
346 2031 66 22 cette
433 2031 116 26 question
570 2036 45 17 ont

48 2060 31 24 été
94 2058 109 23 élaborés
219 2063 47 21 par
283 2059 64 21 MM.
364 2058 37 22 les
417 2058 117 22 docteurs
551 2058 64 21 Bor-

46 2085 244 26 remans-Ponthière,
307 2086 31 21 de
354 2085 136 26 Bruxelles,
507 2087 26 21 et
549 2086 54 21 Cou-

46 2118 69 20 vreur,
128 2113 126 21 d'Anvers.

67 2139 158 23 L'assemblée
247 2139 116 26 générale
385 2140 59 21 s'est
465 2141 76 20 tenue
569 2139 33 22 l'a-

45 2167 129 28 près-midi,
189 2171 58 17 sous
262 2167 26 21 la
302 2166 144 26 présidence
462 2167 31 21 de
507 2167 35 21 M.
557 2167 46 21 Jas-

45 2199 44 23 par,
108 2194 129 26 président
256 2194 32 22 de
307 2194 109 22 l'CEuvre
435 2194 129 21 nationale
585 2194 31 21 de

44 2221 129 24 l'Enfance.

66 2248 33 22 Ce
115 2248 101 22 dernier
232 2248 63 22 rend
311 2253 37 16 un
364 2248 134 25 hommage
515 2248 58 21 ému
591 2249 26 20 et

45 2275 107 26 éloquent
163 2274 17 22 à
191 2274 26 22 la
229 2274 119 22 mémoire
361 2275 31 22 de
404 2275 26 21 la
442 2275 69 21 reine
524 2274 92 25 Astrid,

44 2302 33 27 qui
94 2302 69 21 avait
180 2302 91 25 daigné
288 2302 118 21 accorder
422 2302 17 21 à
455 2301 162 22 l'institution

43 2334 39 19 son
96 2328 113 25 agissant
225 2330 146 24 patronage.

59 2355 158 23 L'assemblée
232 2360 16 16 a
263 2356 112 21 entendu
389 2356 23 21 le
419 2356 105 25 rapport
530 2360 43 16 sur
580 2355 37 22 les

45 2384 96 23 travaux
155 2382 45 22 des
214 2382 116 21 sections.
344 2383 48 21 Les
406 2387 75 17 vœux
496 2382 120 22 formulés

45 2415 39 23 par
99 2414 39 17 ces
155 2409 108 21 sections
281 2411 45 19 ont
344 2409 40 22 été
402 2409 111 25 adoptés.

121 2441 180 23 L'ACTIVITE
319 2443 43 20 DE
380 2443 147 21 L'ŒUVRE

69 2476 103 24 Ensuite,
190 2475 20 22 il
228 2475 42 22 fut
287 2475 84 22 donné
389 2475 95 22 lecture
502 2476 35 21 du
555 2480 60 21 rap-

46 2505 49 49 fort
110 2503 30 22 de
157 2503 35 21 M.
211 2501 83 26 Velge,
312 2502 132 22 secrétaire
464 2502 101 26 général
584 2503 31 21 de

62 2522 79 31 (Ëuvre
155 2529 130 22 nationale
299 2529 32 22 de
345 2529 137 26 l'Enfance,
497 2534 44 17 sur
554 2529 47 22 l'ac-

50 2557 59 24 tivité
125 2556 31 23 «ie
175 2556 99 22 celle-ci
293 2561 34 17 au
346 2561 73 17 cours
438 2557 31 21 de
488 2556 127 22 l'exercice

54 2584 50 23 1935.

76 2610 64 27 Après
153 2610 70 22 avoir
236 2609 97 26 signalé
345 2610 37 22 les
396 2610 139 22 difficultés
549 2610 52 22 d'or-

52 2639 37 22 dre
101 2637 126 25 financier,
244 2637 144 26 auxquelles
404 2637 109 22 l'CEuvre
530 2637 72 22 natio-

50 2665 48 23 nale
113 2664 29 22 de
163 2664 129 22 l'Enfance
313 2664 43 21 n'a
375 2669 47 21 pas
442 2664 119 26 échappé,
580 2665 35 21 M.

49 2691 61 26 Velge
125 2696 15 19 a
155 2690 115 23 constaté
286 2691 143 26 cependant
444 2691 37 22 les
496 2691 120 22 résultats

48 2719 183 25 encourageants
250 2718 151 26 enregistrés
419 2718 114 26 pendant
551 2718 51 21 l'an-

47 2745 44 23 née.

68 2773 30 21 Le
119 2773 104 25 rapport
246 2773 114 21 constate
384 2772 75 26 qu'au
482 2776 72 18 cours
584 2772 32 21 de

45 2799 120 25 l'exercice,
182 2800 62 24 1,105
259 2799 184 22 consultations
457 2799 31 22 de
503 2799 99 21 nourris-

45 2831 50 18 sons
116 2826 98 26 agréées
237 2827 45 21 ont
304 2826 41 22 été
367 2826 146 25 subsidiées;
538 2826 77 24 86,323

45 2853 93 22 enfants
156 2853 31 22 de
205 2854 15 21 0
239 2853 16 22 à
273 2854 14 21 3
307 2858 48 17 ans
373 2853 97 21 étaient
489 2852 127 22 surveillés

46 2885 12 17 a
76 2880 23 22 la
119 2880 59 22 date
199 2880 35 22 du
256 2880 24 21 31
306 2879 131 23 décembre
460 2880 63 25 1935,
544 2879 27 22 et
591 2880 25 21 le

44 2907 92 23 pombre
155 2907 31 23 de
203 2906 188 27 présentations
408 2907 31 22 de
457 2906 99 22 l'année
574 2907 28 21 at-

44 2934 57 22 teint
117 2934 118 25 1,1382,844.

67 2961 35 21 En
117 2963 78 23 outre,
214 2961 41 22 130
272 2961 98 21 centres
387 2961 31 21 de
434 2960 87 22 visites
537 2960 17 22 à
569 2960 33 22 do-

43 2987 72 23 micile
128 2993 46 21 par
187 2988 44 22 des
243 2985 304 28 infirmières-visiteuses,
559 2987 43 26 pla-

43 3014 46 23 cées
115 3019 58 18 sous
201 3015 26 21 la
255 3015 124 21 direction
407 3014 60 22 d'un
494 3014 119 22 médecin,

43 3041 86 23 étaient
143 3041 143 26 organisées
299 3042 40 21 fin
354 3041 63 26 1935,
431 3042 26 21 et
470 3041 146 21 étendaient

42 3067 47 23 leur
114 3068 102 22 activité
236 3068 16 22 à
272 3069 42 21 449
341 3073 146 18 communes
513 3068 102 25 rurales,

43 3095 54 22 dont
115 3095 174 26 l'importance
310 3095 31 22 de
361 3095 26 22 la
407 3095 148 26 population
574 3095 28 20 in-

44 3122 81 22 fantile
138 3127 32 17 ne
185 3122 96 26 justifie
295 3127 47 21 pas
354 3122 37 22 les
404 3122 121 25 dépenses
538 3122 76 21 d'ins-

45 3149 107 22 tallation
168 3150 72 21 d'une
257 3149 178 23 consultation,
443 3149 136 25 Classique..
607 3169 4 4 .

63 3172 117 25 L'Œuvré
202 3175 130 22 nationale
354 3176 31 21 de
414 3174 130 23 l'Enfance
573 3179 29 17 as-

37 3205 69 19 sume
122 3201 36 21 les
174 3202 63 21 frais
253 3203 31 20 de
300 3202 42 21 257
359 3202 182 21 consultations
557 3202 44 25 pré-

38 3227 104 26 natales,
169 3227 158 26 fréquentées
353 3233 48 21 par
427 3228 63 25 5,345
518 3228 97 21 futures

38 3253 92 26 mères,-
148 3256 78 23 ayant
250 3254 122 22 bénéficié
397 3255 31 21 de
453 3255 78 24 37,818
556 3259 46 16 exa-

39 3285 68 18 mens
122 3280 129 27 prénatals
266 3282 26 21 et
306 3281 151 26 postnatals;
474 3281 47 22 elle
536 3281 79 22 subsi-

39 3308 37 22 die
96 3307 142 27 également
259 3308 39 21 six
318 3308 111 21 maisons
450 3307 166 26 maternelles,

40 3335 57 22 dont
112 3336 26 20 la
153 3334 154 26 population,
323 3340 33 16 au
371 3335 27 21 31
414 3334 129 22 décembre
559 3334 44 22 der-

40 3362 57 23 nier,
110 3361 64 23 était
186 3362 31 21 de
230 3362 43 21 350
286 3362 111 24 enfants,
410 3362 28 21 88
451 3362 99 21 futures
562 3361 41 21 mè-

39 3393 37 18 res
91 3389 26 22 et
134 3389 42 21 101
193 3388 82 23 mères
292 3388 135 26 nourrices,
444 3389 79 24 ayant
540 3388 63 21 béné-

39 3415 54 23 ficié
122 3415 32 23 de
183 3416 78 25 86,150
292 3415 117 26 journées
438 3415 31 22 de
499 3415 118 25 présence

40 3447 58 22 pour
118 3442 36 22 les
175 3443 105 21 enfants
300 3444 26 20 et
347 3443 31 21 de
398 3442 78 26 39,308
496 3445 64 22 pour
580 3442 36 21 les

40 3469 93 23 futures
147 3469 82 22 mères
244 3470 26 21 et
285 3469 88 22 mères.

65 3504 48 22 Des
128 3503 112 23 subsides
257 3504 46 21 ont
319 3503 40 22 été
376 3502 82 23 versés
475 3502 140 27 également

41 3529 15 23 à
73 3530 25 22 61
118 3529 109 27 crèches,
247 3531 80 25 ayant
347 3535 50 17 une
417 3529 148 27 population
585 3529 30 22 de

42 3557 56 26 2,703
116 3557 111 26 enfants,
246 3557 59 26 âgés
323 3557 31 22 de
372 3556 83 23 moins
473 3557 31 22 de
523 3557 14 21 3
556 3560 57 20 ans;

42 3588 35 18 ces
92 3584 111 22 subsides
220 3584 152 22 concernent
389 3584 92 25 424,406
499 3583 116 27 journées

44 3610 26 23 de
80 3610 115 27 présence
208 3616 50 17 aux
271 3610 101 23 crèches
385 3607 31 26 dé
429 3611 58 25 jour
499 3611 27 22 et
538 3610 77 26 97,930

46 3642 40 18 aux
98 3637 100 23 crèches
214 3638 31 22 de
260 3638 58 26 jour
333 3638 26 22 et
374 3638 32 21 de
420 3636 64 23 nuit.

70 3665 62 22 Dans
148 3670 40 17 ses
206 3664 109 23 colonies
332 3665 31 22 de
380 3664 26 22 la
424 3669 54 17 mer
496 3665 26 21 et
540 3664 31 22 de
588 3664 25 22 la

47 3695 132 23 campagne,
192 3692 103 22 l'œuvre
309 3691 124 26 accueille,
448 3696 64 21 pour
525 3696 36 17 un
575 3691 39 21 Ré-

44 3717 48 27 Jour
112 3719 31 23 de
165 3718 62 24 trois
248 3719 71 26 mois,
341 3718 211 22 éventuellement
573 3722 28 17 re-

42 3745 102 25 nouvelé,
173 3746 44 22 des
245 3745 104 23 enfants
377 3745 94 22 débiles
499 3745 63 22 dont
589 3745 24 22 la

42 3772 66 23 santé
124 3773 69 25 exige
211 3777 49 18 une
277 3778 59 17 cure
352 3772 64 23 d'air
433 3773 26 21 et
475 3772 32 23 de
523 3772 78 22 surali-

41 3800 141 22 mentation.

65 3826 59 27 Sept
142 3826 69 23 mille
231 3827 90 26 quatre
340 3826 59 22 cent
419 3826 195 26 septante-deux

40 3853 97 23 enfants
150 3854 46 22 ont
209 3852 122 23 bénéficié
345 3853 74 22 d'une
432 3858 59 17 cure
505 3858 33 17 en
552 3852 61 22 1935.

39 3878 33 24 La
94 3880 76 23 durée
195 3881 32 22 de
251 3880 68 22 leurs
343 3879 97 26 séjours
471 3879 143 26 représente

40 3906 85 26 578,260
140 3906 115 26 lournées
269 3907 31 22 de
313 3906 125 26 présence.
451 3907 38 21 De
503 3906 63 26 plus,
579 3906 36 21 les

39 3932 195 24 établissements
251 3934 31 21 de
299 3933 136 22 Rixensart
452 3934 26 21 et
494 3933 32 22 de
542 3932 73 22 Bier-

38 3959 51 24 bals
104 3961 46 22 ont
165 3960 87 23 assuré
268 3959 168 22 l'instruction
451 3960 45 22 des
512 3959 103 22 enfants

38 3991 136 19 arormaux
190 3986 138 23 éducables.

62 4014 118 23 L'Œuvre
193 4013 130 23 nationale
336 4013 31 22 de
380 4012 130 23 l'Enfance
523 4013 39 22 est
574 4012 28 22 in-

37 4040 117 23 tervenue
172 4039 141 26 également
330 4040 65 22 dans
412 4039 36 23 les
465 4039 64 23 frais
546 4039 57 22 d'en-

37 4068 91 22 tretien
145 4067 31 22 de
195 4067 76 23 17.049
289 4066 104 23 enfants
410 4066 125 22 accueillis
552 4066 64 22 dans

36 4093 35 24 les
92 4093 109 23 colonies
222 4093 145 25 dépendant
388 4093 44 22 des
453 4092 149 23 administra-

38 4121 65 23 tions
119 4120 171 23 communales
306 4125 33 17 ou
356 4124 97 18 œuvres
468 4119 104 26 privées.

62 4149 39 21 En
113 4152 47 17 vue
173 4147 32 23 de
217 4147 72 22 venir
301 4152 33 17 en
346 4146 56 23 aide
416 4146 74 22 d'une
502 4146 114 22 manière

37 4174 103 27 spéciale
154 4179 51 17 aux
219 4173 104 23 enfants
337 4173 114 22 victimes
465 4173 31 22 de
511 4173 26 22 la
551 4173 62 21 crise

38 4201 101 24 intense,
152 4201 42 26 qui
209 4200 62 23 sévit
286 4200 64 23 dans
364 4200 23 22 le
401 4204 69 22 pays,
483 4199 47 22 l'O.
543 4200 30 21 N.
587 4200 27 21 E.

39 4233 20 20 a,
77 4233 95 18 comme
193 4227 48 23 elle
261 4228 33 21 l'a
314 4227 50 22 fait
384 4226 59 26 déjà
464 4226 36 22 les
521 4226 93 22 années

39 4255 161 27 précédentes,
213 4254 110 23 autorisé
336 4259 41 17 ses
388 4253 183 23 consultations
583 4254 31 22 de

41 4283 149 22 nourrissons
219 4281 17 23 à
266 4281 110 22 secourir
404 4280 68 23 leurs
501 4280 114 26 protégés

43 4310 102 24 pendant
165 4309 26 23 la
212 4308 101 26 période
333 4307 96 23 d'hiver
448 4312 48 21 par
515 4307 26 22 la
562 4307 39 21 dis-

47 4335 108 24 tribution
169 4335 110 28 gratuite
294 4335 31 22 de
339 4335 48 22 lait
401 4335 27 22 et
440 4334 97 22 farines
551 4338 63 22 pour

47 4360 65 26 Mbés.
128 4364 36 21 La
179 4363 92 26 charge
287 4361 141 23 financière
444 4361 58 27 qu'a
518 4361 83 22 entraî-

46 4388 36 24 née
98 4391 65 22 cette
181 4390 137 23 assistance
336 4388 108 27 spéciale
462 4394 16 16 a
496 4388 40 22 été
554 4392 47 22 sup-

43 4417 75 24 portée
133 4422 47 22 par
195 4417 23 22 lo
233 4417 94 25 budget
341 4417 44 22 des
400 4420 141 18 ressources
556 4419 45 22 per-

43 4444 115 23 sonnelles
175 4444 31 22 de
224 4443 46 22 l'O.
287 4444 30 22 N.
334 4444 27 22 E.

63 4477 86 23 Divers
165 4476 124 23 membres
305 4476 174 26 présentèrent
496 4476 117 27 quelques

40 4502 163 25 observations
217 4504 27 22 et
256 4502 107 24 émirent
375 4504 44 22 des
432 4507 82 19 vœux.

63 4537 34 22 M.
117 4537 100 26 Jaspar,
236 4536 133 27 président,
389 4537 33 22 fit
442 4537 25 22 la
487 4541 125 22 promesse

41 4563 25 23 «Je
82 4564 64 22 faire
163 4563 128 23 examiner
308 4564 26 21 et
350 4563 96 22 étudier
462 4564 136 26 prochaine-

40 4591 65 22 ment
121 4595 40 18 ces
176 4595 75 18 vœux
267 4595 47 21 par
330 4589 23 23 le
369 4590 97 22 comité.

63 4618 21 22 A
98 4618 14 23 6
127 4618 97 25 heures,
239 4617 23 22 le
278 4616 104 26 congrès
397 4621 17 18 a
428 4617 40 22 été
483 4618 58 23 clos.

633 303 335 88 TUÉE
1035 326 174 71 ICI

739 411 96 43 LA
869 406 236 55 GRÈVE

670 476 153 43 RENA
827 479 53 42 IT
905 481 129 44 AILL
1037 484 143 45 EURS

632 561 58 35 LES
712 562 133 37 HOTELS
862 566 45 35 DE
921 568 45 35 LA
981 570 90 35 COTE
1084 572 130 36 D'AZUR

675 612 72 35 ONT
768 610 117 40 FERMÉ
906 618 109 36 LEURS
1037 621 134 37 PORTES

662 696 68 26 Nice,
747 697 28 22 28
791 698 64 26 juin.
871 712 30 5 —
916 702 23 21 A
954 701 26 23 la
996 704 65 22 suite
1078 705 74 23 d'une
1169 706 30 22 dé-

635 724 78 22 cision
732 725 66 26 prise
817 732 47 21 par
883 727 26 23 la
927 728 150 25 Fédération
1096 732 104 27 départe-

635 752 110 22 mentale
761 753 44 23 des
822 755 124 23 Hôteliers
963 757 44 22 des
1023 759 74 27 Alpes
1113 755 87 28 Mariti-

635 784 59 20 mes,
712 780 25 22 la
755 780 52 23 très
824 783 95 25 grande
936 785 118 25 majorité
1071 787 44 22 des
1133 788 82 23 hôtels

635 807 78 26 niçois
726 813 16 17 a
755 808 80 23 fermé
848 809 16 23 à
877 810 69 22 midi.
959 812 41 22 On
1013 818 32 17 ne
1058 814 96 26 signale
1167 820 34 18 au-

635 839 49 18 cun
699 835 120 23 incident.
835 849 29 5 —
878 838 92 23 Havas.

682 877 40 22 LE
743 872 170 28 LÔCK-OUT
936 880 59 22 EST
1016 881 149 24 DECRETE

751 919 65 22 PAR
836 920 57 22 LES
914 921 181 24 HOTELIERS

663 959 68 25 Nice,
745 959 29 22 28
788 959 63 27 juin.
865 972 30 5 —
908 961 48 22 Les
969 962 82 23 hôtels
1066 964 31 22 de
1112 964 25 22 la
1153 965 60 22 Côte

636 986 89 22 d'Azur
745 988 45 21 ont
811 988 80 22 fermé
912 989 66 22 leurs
1000 992 90 25 portes,
1111 993 91 25 aujour-

636 1013 68 22 d'hui
720 1014 16 21 à
751 1014 68 22 midi.

664 1041 66 22 C'est
747 1046 47 21 par
810 1042 128 23 solidarité
955 1048 60 18 avec
1032 1045 67 22 leurs
1115 1047 86 21 confrè-

636 1072 40 17 res
698 1068 31 22 de
752 1069 108 25 Cannes,
884 1070 93 26 obligés
1000 1071 30 22 de
1054 1072 93 22 fermer
1169 1078 46 21 par

635 1095 65 21 suite
724 1095 45 22 des
792 1097 200 23 revendications
1017 1099 44 22 des
1084 1099 131 27 employés,

635 1127 48 21 que
708 1122 25 22 la
757 1123 151 23 Fédération
934 1125 213 26 départementale
1173 1127 43 22 des

636 1149 129 25 syndicats
783 1150 119 23 hôteliers
921 1152 44 22 des
984 1153 75 26 Alpes
1077 1154 139 22 maritimes

636 1181 17 17 a
667 1177 52 26 pris
733 1177 55 22 hier
803 1179 57 25 soir,
876 1184 33 17 au
925 1184 73 18 cours
1013 1180 74 23 d'une
1102 1181 113 26 réunion,

637 1205 66 21 cette
719 1204 117 23 décision.

664 1232 22 21 A
701 1232 68 24 Nice,
784 1233 42 22 450
842 1233 82 22 hôtels
939 1235 59 21 sont
1014 1235 99 22 fermés.

664 1259 40 21 Au
719 1264 72 17 cours
805 1260 44 22 des
863 1260 123 23 décisions
999 1262 78 25 prises
1091 1262 62 26 hier,
1166 1262 19 22 il
1200 1267 16 18 a

636 1285 40 22 été
693 1287 110 21 entendu
819 1292 48 21 que
883 1288 36 22 les
935 1288 89 22 clients
1039 1289 177 23 actuellement

637 1312 67 26 logés
724 1313 64 23 dans
807 1314 36 22 les
863 1315 81 22 divers
963 1315 82 23 hôtels
1064 1316 31 22 de
1115 1317 25 21 la
1158 1317 58 21 ville

637 1342 121 24 pourront
771 1342 133 22 continuer
915 1342 17 22 à
944 1344 80 20 rester
1035 1343 64 22 dans
1112 1343 36 23 les
1161 1343 41 22 éta-

637 1367 158 23 blissements
815 1369 32 22 où
866 1369 31 22 ils
917 1370 58 22 sont
995 1370 144 25 descendus,
1159 1375 57 17 sous

637 1394 97 23 réserve
754 1400 48 21 que
821 1396 23 22 le
864 1397 93 22 service
976 1402 33 17 ne
1029 1402 56 17 sera
1105 1402 46 21 pas
1170 1402 32 21 ga-

637 1422 75 22 ranti.

665 1449 50 22 Sur
730 1449 37 22 les
782 1451 85 25 portes
883 1451 108 22 fermées
1007 1452 44 21 des
1067 1451 89 25 hôtels,
1173 1451 42 22 des

638 1476 108 22 affiches
769 1478 45 21 ont
835 1478 41 22 été
899 1478 98 26 placées
1019 1478 42 26 qui
1085 1478 129 26 indiquent

638 1503 36 22 les
689 1504 98 22 raisons
803 1505 33 21 du
853 1505 120 22 lock-out.
989 1506 38 21 En
1043 1505 56 26 plus
1115 1505 44 21 des
1175 1510 26 16 re-

637 1531 172 22 vendications
835 1532 44 21 des
904 1532 125 26 employés
1054 1532 106 22 d'hôtels
1185 1532 31 22 de

638 1558 108 24 Cannes,
765 1559 42 25 qui
826 1560 58 20 sont
903 1560 15 22 à
939 1559 24 21 la
983 1559 59 21 base
1061 1559 33 21 du
1114 1562 88 18 mouve-

637 1586 78 24 ment,
732 1586 35 21 les
784 1586 137 21 directeurs
937 1585 113 25 d'hôtels,
1066 1585 58 25 déjà
1142 1585 61 22 dure-

638 1612 70 21 ment
727 1612 104 22 touchés
849 1617 46 21 par
913 1613 25 21 la
956 1613 70 23 crise,
1044 1617 26 16 se
1088 1612 129 22 déclarent

638 1639 64 21 dans
718 1639 188 26 l'impossibilité
923 1639 31 23 de
972 1649 9 9 »
999 1639 65 22 faire
1081 1639 56 22 face
1153 1639 16 21 à
1186 1639 30 22 de

638 1666 126 21 nouvelles
777 1666 105 25 charges
896 1675 19 13 ».

665 1693 48 21 Les
731 1693 117 22 touristes
865 1693 42 25 qui
926 1693 58 21 sont
1003 1692 93 23 arrivés
1114 1698 28 17 ce
1160 1697 42 18 ma-

638 1719 38 22 tin
691 1720 46 21 ont
753 1725 34 20 pu
803 1720 142 25 cependant
960 1720 100 21 trouver
1076 1720 15 22 à
1107 1724 27 17 se
1149 1719 68 26 loger

638 1751 63 21 pour
719 1751 49 17 une
787 1747 64 24 nuit,
869 1748 88 24 quatre
976 1746 82 22 hôtels
1076 1747 96 22 d'ordre
1192 1748 24 21 et

638 1774 31 21 de
683 1773 78 22 classe
776 1774 135 22 différents
924 1775 79 25 ayant
1017 1774 40 22 été
1071 1774 87 22 laissés
1171 1779 32 17 ou-

638 1801 68 22 verts
723 1805 64 22 pour
805 1801 109 22 recevoir
931 1801 26 22 la
975 1801 114 22 clientèle
1108 1801 31 22 de
1157 1806 47 22 pas-

637 1832 60 21 sage
711 1828 16 21 à
741 1828 68 22 Nice.

666 1856 22 21 A
709 1856 113 24 Menton,
844 1855 200 26 Juan-les-Pins,
1066 1856 104 22 Antibes
1192 1856 23 22 et

638 1883 108 24 Cannes,
767 1887 63 21 pour
850 1888 33 17 ne
903 1883 63 21 citer
985 1887 48 22 que
1053 1883 37 22 les
1110 1883 106 26 grandes

639 1909 70 22 villes
720 1910 31 22 de
764 1910 25 22 la
802 1910 62 25 côte,
877 1910 36 22 les
925 1910 83 22 hôtels
1019 1911 46 22 ont
1077 1910 139 26 également

639 1937 79 22 fermé
733 1937 68 22 leurs
814 1938 84 26 portes
912 1937 16 22 à
943 1938 68 22 midi.
1026 1949 29 5 —
1069 1938 92 23 Havas.

759 1979 51 22 ILS
829 1978 268 23 DEMISSIONNENT

667 2012 150 26 Perpignan,
831 2013 28 21 28
872 2012 63 26 juin.
948 2023 30 5 —
990 2013 46 21 Les
1050 2012 123 22 membres
1186 2012 31 22 de

639 2039 26 23 la
683 2040 125 22 Chambre
825 2040 31 22 de
873 2040 144 21 Commerce
1034 2039 45 22 des
1095 2039 123 27 Pyrénées

640 2067 148 25 Orientales,
812 2067 102 22 suivant
938 2072 50 17 une
1011 2067 97 22 motion
1132 2067 35 22 du
1191 2067 27 21 24

640 2095 56 25 juin
718 2095 106 24 dernier,
846 2095 45 21 ont
912 2094 75 22 remis
1008 2094 55 22 leur
1084 2093 134 23 démission

640 2127 34 17 au
686 2122 89 26 préfet,
787 2121 182 27 accompagnée
981 2121 74 22 d'une
1067 2121 74 22 lettre
1154 2121 64 22 dans

639 2150 105 26 laquelle
754 2149 37 22 les
801 2149 149 26 signataires
960 2148 161 26 s'expriment
1131 2148 65 22 ainsi

670 2186 10 10 «
694 2178 68 20 Nous
773 2175 87 23 avions
872 2175 123 23 demandé
1006 2176 24 21 le
1041 2176 98 26 respect
1150 2176 31 22 de
1193 2177 25 21 la

640 2204 125 26 propriété
789 2205 26 21 et
838 2204 26 21 la
888 2203 102 22 défense
1014 2203 44 22 des
1082 2203 79 22 droits
1184 2203 34 22 du

641 2232 97 21 travail.
756 2232 47 21 Ces
819 2231 125 26 principes
961 2235 32 17 ne
1010 2231 58 21 sont
1084 2230 57 26 plus
1158 2235 46 17 sau-

641 2258 127 27 vegardés;
789 2259 73 21 notre
880 2257 103 22 mission
1001 2258 39 21 est
1057 2257 128 23 terminée.
1206 2267 9 10 »

669 2286 72 22 Cette
766 2285 135 22 démission
926 2286 39 20 est
989 2284 107 22 motivée
1121 2289 47 21 par
1193 2284 25 22 la

641 2313 174 22 continuation
828 2313 31 21 de
872 2312 25 22 la
910 2311 72 27 grève
995 2312 34 21 du
1041 2312 132 25 bâtiment,
1185 2311 32 23 où

640 2341 36 21 les
696 2340 128 22 chantiers
845 2340 58 22 sont
923 2339 114 26 toujours
1058 2338 111 27 occupés.
1189 2351 29 5 —

640 2369 91 21 Havas.

711 2402 61 22 DES
789 2401 173 22 BAGARRES
978 2400 167 22 ECLATENT

824 2429 22 21 A
861 2428 171 22 TOULOUSE

667 2469 130 25 Toulouse,
825 2469 28 21 28
880 2468 64 26 juin.
971 2479 28 5 —
1026 2468 38 22 De
1091 2467 127 23 nouvelles

639 2497 86 26 grèves
737 2497 46 22 ont
796 2496 79 22 éclaté
888 2496 64 22 dans
964 2495 25 22 la
1003 2495 158 27 corporation
1174 2495 44 22 des

640 2524 125 26 employés
777 2524 30 21 de
822 2527 144 18 commerce.
979 2522 99 22 L'ordre
1091 2522 31 22 de
1135 2527 68 17 cessa-

639 2552 55 21 tion
715 2551 31 22 de
768 2550 91 23 travail
880 2555 16 17 a
917 2549 39 22 été
978 2549 72 22 lancé
1072 2554 32 16 en
1126 2554 27 16 ce
1175 2549 42 25 qui

639 2583 122 17 concerne
780 2578 23 21 le
822 2577 133 26 personnel
973 2577 45 21 des
1036 2576 182 27 quincailleries

640 2606 25 21 et
679 2606 25 21 la
719 2605 72 26 grève
805 2605 38 21 est
856 2604 122 26 générale.

667 2633 103 21 D'autre
795 2633 66 25 part,
886 2636 49 17 une
961 2630 111 23 certaine
1097 2630 107 22 efferves-

639 2665 75 16 cence
726 2659 76 26 règne
817 2658 88 27 depuis
917 2658 123 26 plusieurs
1053 2657 70 26 jours
1136 2657 80 27 parmi

639 2687 36 21 les
689 2687 89 25 jeunes
792 2691 61 21 gens
868 2685 170 26 appartenant
1052 2684 17 22 à
1083 2684 134 22 différents

639 2714 177 25 groupements
832 2712 137 27 politiques.

667 2741 51 21 Des
746 2741 118 24 bagarres
892 2740 46 21 ont
965 2738 81 23 éclaté
1074 2743 33 17 en
1135 2738 82 22 divers

640 2768 85 26 points
738 2767 31 22 de
785 2767 25 22 la
824 2767 57 21 ville
896 2767 71 21 entre
983 2766 44 22 des
1042 2766 175 26 groupements

640 2795 88 21 divers.
751 2795 41 21 On
816 2794 98 26 compte
938 2793 31 22 de
992 2793 58 26 part
1073 2793 25 22 et
1121 2792 95 22 d'autre

640 2822 123 26 plusieurs
777 2821 98 22 blessés.

668 2849 37 21 La
723 2848 79 26 police
822 2853 15 17 a
857 2847 108 27 dispersé
983 2847 37 22 les
1039 2847 178 22 manifestants

641 2876 26 22 et
682 2876 24 23 le
722 2875 79 22 calme
817 2875 76 26 règne
910 2875 16 21 à
943 2878 121 18 nouveau.
1080 2885 30 5 —
1126 2874 91 22 Havas.

129 4682 90 33 CHEZ
252 4682 63 31 LES
343 4675 168 37 LIBÉRAUX

219 4733 43 30 DE
287 4731 146 32 LOUVAIN

69 4812 112 28 louvain,
196 4814 29 22 28
239 4813 65 26 juin.
318 4824 30 5 —
363 4811 173 23 l'Association
550 4811 62 24 libé-

47 4840 41 23 rale
107 4843 30 22 de
155 4841 114 23 Louvain
289 4840 59 23 s'est
366 4839 95 26 réunie,
481 4839 132 23 dimanche

46 4869 70 22 matin
134 4869 16 23 à
169 4869 26 22 10
213 4868 25 22 h.
256 4868 36 24 30,
309 4871 64 22 pour
389 4866 129 23 examiner
535 4866 25 22 la
578 4867 21 21 si-

46 4893 89 25 tuation
167 4895 70 23 créée
268 4899 48 21 par
347 4893 66 22 deux
443 4893 171 23 mandataires

44 4923 158 22 communaux
218 4920 154 23 défaillants.

65 4949 36 23 Au
113 4950 95 22 bureau
219 4948 103 22 avaient
334 4947 52 26 pris
398 4946 71 27 place
480 4951 6 17 :
500 4947 36 21 M.
548 4947 65 22 Jean

42 4972 158 29 Vandevelde,
228 4974 92 27 député
349 4974 156 26 permanent,
534 4973 66 27 prési-

42 5000 63 28 dent;
126 5004 35 20 M.
179 5001 104 25 Deneef,
300 5000 128 27 président
446 5001 30 21 de
494 5001 26 21 la
538 5001 62 21 Com-

42 5029 97 23 mission
158 5029 161 22 d'assistance
337 5027 127 27 publique;
484 5027 56 22 M""
559 5027 42 22 Du-

43 5058 72 24 mont,
132 5055 130 23 conseiller
278 5055 143 21 communal
437 5054 26 23 et
478 5054 37 22 les
531 5054 85 22 autres

41 5084 117 22 membres
172 5083 34 22 du
222 5081 90 23 comité
327 5081 131 22 directeur.

66 5110 60 23 MM.
148 5109 160 24 Vandevelde
330 5110 26 21 et
376 5107 98 23 Deneef
496 5108 119 26 exposent

43 5133 23 25 la
79 5137 128 23 situation.

68 5164 33 22 M.
117 5166 56 21 Van
189 5165 95 24 Leeuw,
302 5162 105 23 échevin
423 5161 32 23 de
471 5161 71 22 l'état
559 5161 57 22 civil

41 5190 24 21 •t
74 5190 153 24 intérimaire
238 5191 32 22 de
282 5189 150 23 l'échevinat
444 5189 31 22 de
487 5188 113 23 l'instruc-

42 5215 49 24 tion
108 5219 115 26 publique
241 5218 25 22 et
284 5218 35 22 M.
336 5216 154 25 Penninckx,
508 5215 92 22 conseil-

42 5240 33 25 ler
93 5246 147 26 communal,
259 5246 46 22 ont
325 5248 90 22 rompu
436 5244 56 22 tout
512 5243 102 21 contact

45 5273 55 20 avec
121 5272 171 23 l'Association
315 5270 109 24 libérale.
447 5271 38 21 De
509 5275 28 16 ce
560 5269 56 25 fait,

45 5295 20 23 le
83 5300 107 23 contrôle
208 5305 47 21 que
273 5300 24 22 le
315 5299 67 27 parti
400 5297 89 23 libéral
508 5296 109 26 exerçait

44 5326 30 20 au
95 5325 89 27 collège
206 5327 130 22 échevinal
358 5326 40 22 est
419 5328 90 23 rompu
531 5323 71 26 égale-

44 5353 74 23 ment,
130 5352 56 23 bien
197 5359 46 21 que
255 5354 23 23 le
291 5354 66 27 parti
371 5352 118 24 continue
502 5351 17 22 à
531 5351 85 26 porter

41 5380 26 18 ss.
80 5379 58 24 part
151 5379 30 22 de
194 5380 188 26 responsabilité
397 5380 65 22 dans
476 5378 26 22 la
517 5377 97 27 gestion

43 5402 42 23 des
103 5404 103 24 affaires
224 5408 175 22 communales.

73 5430 47 22 Les
137 5431 63 22 deux
218 5435 112 22 orateurs
348 5433 119 24 estiment
484 5437 49 23 que
552 5431 66 23 cette

47 5457 118 22 situation
180 5459 53 23 doit
247 5462 105 24 prendre
368 5462 47 22 fin.

68 5483 55 23 Une
138 5489 67 18 assez
219 5487 53 22 vive
288 5488 136 23 discussion
438 5488 116 26 s'engage
569 5491 44 17 sur

44 5512 38 20 ces
94 5512 107 26 exposés.

71 5537 49 23 Des
140 5540 164 25 propositions
324 5547 27 18 se
373 5543 59 23 font
453 5542 58 27 jour
533 5541 82 23 allant

46 5562 90 28 Jusqu'à
158 5566 141 25 l'exclusion
319 5570 31 22 de
371 5576 41 17 ces
433 5569 180 24 mandataires.

47 5589 155 30 Finalement,
217 5595 88 24 l'ordre
320 5597 33 23 du
368 5598 59 25 jour
443 5596 109 25 suivant,
568 5595 45 23 dé-

48 5618 53 21 Posé
115 5624 44 21 par
173 5621 34 23 M.
221 5622 103 27 Deneef,
339 5625 38 22 est
393 5623 91 27 adopté
499 5623 17 22 à
530 5623 69 22 l'una-

50 5644 79 23 nimité
141 5648 79 23 moins
230 5654 49 19 une
290 5651 56 22 voix
357 5652 28 22 et
395 5656 36 17 un
443 5650 106 23 bulletin
561 5649 51 23 nuL

72 5671 24 35 ^*
113 5676 52 17 paru
185 5676 71 20 libéral
276 5680 94 17 constate
391 5682 39 18 que
451 5678 53 17 deux
525 5677 87 18 manda-

76 5697 41 20 "**.
136 5703 125 20 notamment
283 5706 50 18 MM.
356 5706 45 18 Van
423 5705 73 18 Leeuw
517 5704 23 18 et
561 5704 54 18 Pen¬

55 5719 74 24 ninckx,

141 5729 35 17 ont
188 5734 70 18 rompu
273 5736 49 15 avec
336 5733 19 18 le
369 5732 57 22 parti

75 5745 10 11 y
167 5742 9 5 -
188 5742 7 5 -
199 5742 59 10 V"»!***
273 5742 12 8 A7BJ
289 5742 6 7 V
298 5742 10 8 t
311 5742 10 9 V
336 5742 18 9 ***
370 5742 33 12 yO.1
410 5742 15 8 t,*
430 5745 3 3 .

76 5775 9 10 .
112 5752 49 18 Mni
173 5755 68 22 lUXral
254 5763 25 14 ne
293 5761 49 20 peut
355 5760 53 17 donc
421 5758 48 22 plus
483 5761 92 14 assumer
588 5757 26 18 de

54 5776 158 28 ""Ponsablmes,
228 5787 65 19 quant
309 5786 13 18 à
338 5786 107 18 l'attitude
461 5785 26 18 de
503 5788 35 14 ces
553 5788 61 14 man-

52 5805 94 31 ,..**•
157 5807 45 19 Unt
213 5814 32 15 mr
257 5813 19 18 le
289 5814 81 17 terrain
383 5812 99 22 politique
495 5815 39 17 que
547 5815 36 14 sur
596 5811 19 18 le

51 5828 77 19 terrain
143 5832 147 26 administrant.

72 5853 29 19 De
121 5860 22 15 ce
161 5858 44 24 fait,
225 5876 16 6 _
261 5867 56 20 partl
337 5867 14 17 n
352 5867 13 18 b
366 5866 44 18 éral
430 5865 51 22 perd
501 5865 59 18 toute
580 5864 22 19 In-

50 5882 77 19 fluence
150 5884 84 25 léjitlme
256 5893 53 19 dans
333 5892 187 20 l'administration
544 5891 26 18 de
593 5891 21 18 la

49 5907 45 19 ville

71 5935 25 18 L«
114 5939 53 19 Paru
186 5943 69 21 estime
273 5946 36 20 dès
327 5947 43 19 lor»
389 5950 40 18 que
448 5946 21 18 la
488 5944 126 20 convention

50 5963 78 19 «nclue
145 5970 25 16 en
188 5969 43 20 1«3J
249 5977 12 14 ,
262 5977 12 14 V
275 5977 23 15 ec
317 5974 18 18 le
354 5974 56 19 parti
428 5972 135 19 collectlvltte
582 5972 32 17 est

51 5990 170 26 temporairement
237 6000 121 21 suspendue,
376 6004 27 15 en
420 6004 23 14 ce
461 6000 36 21 qui
514 6002 101 15 concerne

51 6016 26 39 j"
95 6020 89 20 raDportt
202 6028 48 16 avee
267 6026 37 19 les.
315 6026 96 20 échevlnt
430 6026 146 19 collectlvltte»
593 6026 22 17 et

53 6052 38 33 au7
117 6048 52 18 ,Vml
192 6060 9 9 *
201 6054 26 15 on
227 6054 22 19 «"
250 6056 47 15 emD
296 6057 11 14 »
333 6058 40 17 «-•
399 6053 86 23 pareille
495 6071 5 7 ,
510 6052 104 20 eituatlon

656 2947 63 31 LES
747 2946 238 32 MOUVEMENTS
1016 2946 43 30 DE
1094 2939 109 37 GRÈVE

810 3004 20 30 A
850 3002 200 31 BRUXELLES

666 3065 148 25 Dimanche,
830 3069 33 17 on
878 3063 146 23 confirmait
1039 3064 30 21 de
1084 3063 121 21 nombreu-

639 3098 40 17 ses
695 3097 127 17 annonces
838 3092 31 21 de
885 3091 94 25 reprise
995 3095 63 21 pour
1074 3089 71 23 lundi
1162 3094 42 17 ma-

638 3120 45 24 tin,
697 3120 63 21 dans
773 3119 37 22 les
823 3119 109 21 banaues
946 3118 26 21 et
985 3117 36 22 les
1034 3117 104 22 sociétés
1150 3116 53 22 d'as-

638 3151 112 17 surance.

666 3174 37 21 De
724 3172 89 23 même,
834 3176 34 17 on
888 3170 138 26 annonçait
1046 3175 36 17 un
1103 3173 114 18 nouveau

638 3200 24 21 et
677 3199 135 21 imminent
826 3198 160 21 mouvement
1000 3197 31 21 de
1045 3196 93 26 reprise
1152 3195 65 22 dans

639 3226 36 21 les
693 3225 72 22 taxis.
784 3224 154 26 Cependant,
957 3224 25 21 la
1000 3223 73 25 grève
1090 3228 33 17 ne
1141 3223 77 21 serait

638 3257 46 21 pas
706 3251 201 23 définitivement
929 3249 128 23 terminée.
1078 3260 30 5 —
1130 3249 31 22 G.

819 3316 43 30 EN
890 3314 154 32 CAMPINE

667 3384 140 26 Turnhout,
824 3384 28 21 28
869 3383 63 26 juin.
948 3394 30 5 —
993 3383 50 21 Des
1059 3381 158 27 pourparlers

639 3413 45 21 ont
697 3417 31 17 eu
741 3412 57 25 U2U,
811 3411 94 22 durant
918 3410 69 22 toute
1001 3410 26 21 la
1039 3409 118 25 semaine,
1171 3413 32 17 en-

639 3440 39 21 tre
691 3439 105 26 patrons
810 3438 26 22 et
850 3437 128 26 syndicats
992 3436 117 24 ouvriers,
1124 3440 32 17 en
1170 3439 47 18 vue

639 3466 30 22 de
684 3465 81 27 régler
780 3466 37 21 les
832 3464 102 22 conflits
950 3463 107 23 sociaux.

665 3493 57 21 Une
739 3491 113 23 dernière
870 3491 118 22 entrevue
1007 3491 70 21 entre
1095 3489 37 23 les
1149 3489 53 22 délé-

638 3519 60 26 gués
712 3519 143 26 patronaux
870 3518 26 22 et
911 3517 173 26 syndicalistes
1099 3516 59 22 s'est
1172 3516 31 22 dé-

638 3546 83 23 roulée
735 3545 133 23 dimanche
882 3544 57 23 soir.
951 3544 53 22 Elle
1017 3544 42 21 n'a
1072 3548 47 21 pas
1132 3543 85 21 abouti

638 3574 25 22 et
677 3574 26 21 la
716 3572 73 27 grève
802 3576 173 18 commencera
988 3570 101 23 demain
1104 3570 64 22 dans
1181 3569 36 22 les

638 3600 127 26 fabriques
777 3600 32 21 de
821 3599 100 26 papiers
933 3599 26 21 et
972 3598 30 22 de
1016 3597 82 22 cartes
1110 3596 16 22 à
1140 3596 77 26 jouer.

665 3627 66 22 Rien
746 3626 57 26 qu'à
816 3625 141 23 Turnhout.
972 3625 19 21 il
1005 3630 16 21 y
1037 3629 62 17 aura
1114 3623 57 23 Dlus
1186 3623 30 22 de

639 3655 62 25 1,500
716 3653 127 27 grévistes.

665 3682 43 21 On
728 3680 85 27 espère
833 3678 151 24 néanmoins
1003 3683 47 21 que
1071 3677 23 22 le
1114 3681 89 18 mouve-

638 3708 72 22 ment
731 3708 31 22 de
783 3706 74 27 grève
877 3712 34 17 ne
932 3711 57 17 sera
1010 3710 47 21 que
1079 3704 31 22 de
1132 3704 85 22 courte

638 3735 83 23 durée.

836 3799 22 31 A
882 3797 135 32 ANVERS

666 3869 101 25 Anvers,
792 3867 29 22 28
846 3866 62 27 juin.
932 3877 31 5 —
986 3864 166 27 Aujourd'hui
1176 3863 28 23 di

639 3896 115 25 manche,
774 3894 20 22 il
822 3894 41 25 n'y
885 3898 16 17 a
922 3897 47 22 pas
989 3892 32 22 de
1049 3891 169 26 changement

638 3923 65 22 dans
717 3922 26 22 la
758 3920 128 23 situation.

666 3949 43 22 On
739 3948 95 26 signale
865 3951 89 17 encore
985 3945 117 27 quelques
1133 3944 85 26 grèves

639 3976 63 22 dans
718 3975 36 22 les
770 3975 92 26 petites
877 3972 142 26 industries,
1035 3977 47 22 par
1099 3971 111 25 exemple

638 4003 64 22 dans
725 4007 50 17 une
797 4000 114 26 fabrique
934 4000 31 22 de
987 3999 49 26 lits,
1059 3998 17 22 à
1097 3998 120 26 Merxem,

638 4030 61 21 chez
717 4033 37 17 un
772 4028 159 22 installateur
950 4027 31 22 de
1001 4025 137 26 chauffage
1157 4029 59 18 cen-

640 4057 48 20 tl*3l
713 4061 13 16 6
728 4056 25 21 trC

666 4084 50 20 Par
734 4082 95 25 contre,
847 4086 34 17 on
899 4080 96 26 signale
1014 4079 68 22 aussi
1100 4078 116 27 quelques

639 4110 101 22 accords
759 4108 102 22 conclus
879 4108 64 21 dans
963 4108 36 21 les
1018 4106 91 26 petites
1127 4102 75 26 indus-

638 4137 67 25 tries,
720 4136 26 22 et
761 4136 44 22 des
819 4134 159 27 pourparlers
992 4133 149 22 continuent
1157 4137 58 17 aveo

638 4164 36 21 les
693 4163 135 22 directions
848 4162 31 21 de
899 4160 117 27 quelques
1036 4160 107 25 grandes
1163 4160 39 21 usi-

638 4195 51 20 nes,
704 4190 31 22 de
750 4189 81 22 même
846 4193 47 22 que
909 4188 64 22 dans
987 4186 138 22 l'industrie
1141 4186 61 22 auto-

638 4216 97 26 mobile,
751 4216 63 22 dont
829 4215 24 22 le
870 4214 133 27 personnel
1019 4219 26 17 se
1062 4213 102 22 réunira
1179 4217 36 18 un

637 4244 32 22 de
682 4248 40 18 ces
735 4243 77 27 jours.

811 4283 42 21 LA
870 4281 168 24 CENTRALE

727 4310 62 23 DES
811 4309 154 23 SERVICES
986 4308 136 22 PUBLICS

664 4352 36 22 La
721 4350 110 24 centrale
851 4350 45 22 des
916 4349 109 22 ouvriers
1045 4349 45 21 des
1109 4348 106 22 services

637 4378 95 28 publics
751 4383 16 17 a
785 4376 93 27 envoyé
897 4380 49 18 une
965 4375 74 22 lettre
1057 4380 34 17 au
1109 4379 91 21 gouver-

636 4411 63 17 neur
729 4405 32 23 de
790 4404 27 22 la
845 4403 124 27 province,
999 4407 63 21 pour
1091 4402 123 25 protester

635 4433 88 23 contre
749 4432 37 22 les
814 4430 102 23 salaires
944 4429 106 22 minima
1077 4429 32 22 de
1137 4428 77 25 10,000

636 4461 86 22 francs
736 4462 48 24 par
798 4463 35 17 an
847 4462 64 22 pour
925 4457 36 22 les
976 4456 110 22 ouvriers
1101 4459 100 19 commu-

635 4492 76 18 naux.
785 4514 278 9 ^^^^_______

670 4553 22 32 A
718 4545 138 38 L'ÉCOLE
884 4548 130 33 MARIUS
1042 4548 134 30 RENARD

663 4628 100 23 L'Ecole
783 4626 97 23 Marius
899 4624 109 25 Renard,
1028 4623 67 22 école
1115 4623 84 26 profes-

635 4655 121 23 sionnelle
774 4652 157 25 communale
949 4652 31 21 de
998 4646 88 31 jeunes
1104 4650 73 25 filles,
1197 4649 15 22 à

635 4682 160 26 Anderlecht,
811 4686 16 17 a
842 4680 88 22 ouvert
946 4677 140 26 dimanche,
1102 4681 50 18 une
1169 4681 30 17 ex-

636 4711 108 26 position
757 4709 44 22 des
812 4708 107 23 travaux
931 4706 31 22 de
975 4710 39 18 ses
1026 4704 80 22 élèves
1118 4708 47 21 que
1177 4703 36 22 les

636 4738 109 25 parents,
764 4735 114 24 désireux
897 4734 31 22 de
947 4733 97 23 donner
1062 4736 50 17 une
1131 4730 68 23 excel-

635 4764 68 23 lente
723 4763 139 23 formation
883 4758 204 31 professionnelle
1109 4758 17 22 à
1146 4757 67 22 leurs

635 4791 89 26 jeunes
753 4791 73 25 filles,
857 4788 122 28 pourront
1008 4786 86 23 visiter
1124 4789 88 18 encore

636 4818 78 25 lundi.
731 4818 98 26 Jusqu'à
847 4818 27 22 16
891 4817 97 21 heures.

664 4845 73 22 Cette
752 4844 138 27 exposition
906 4843 32 23 où
951 4842 59 23 sont
1023 4840 85 23 réunis
1121 4839 37 22 les
1171 4838 28 22 ré-

637 4872 91 22 sultats
748 4872 31 22 de
800 4869 205 28 l'enseignement
1024 4868 45 22 des
1090 4871 72 18 cours
1182 4865 31 23 de

637 4899 176 26 comptabilité,
837 4896 235 25 d'administration,
1097 4894 30 23 de
1152 4898 47 17 con-

637 4925 101 26 fection,
755 4926 31 21 de
803 4925 102 26 lingerie
923 4925 25 23 et
966 4924 31 23 de
1014 4922 93 23 modes,
1123 4921 50 22 fait
1190 4920 23 22 le

638 4951 55 26 plus
706 4952 80 25 grand
800 4952 115 22 honneur
930 4956 33 18 au
979 4949 164 24 dévouement
1157 4948 25 21 et
1197 4947 16 22 à

638 4978 25 22 la
682 4979 111 26 capacité
813 4979 34 22 du
867 4978 132 27 personnel
1019 4975 149 27 enseignant
1187 4975 26 21 et

639 5005 227 26 particulièrement
892 5006 31 22 de
948 5007 57 20 M""
1032 5005 26 22 la
1084 5002 129 24 directrice

638 5032 153 22 Poelemans.

666 5059 36 21 La
720 5058 159 23 distribution
896 5059 44 22 des
956 5059 173 26 récompenses
1146 5057 26 22 et
1188 5056 26 23 la

639 5085 180 26 proclamation
835 5086 44 22 des
894 5086 118 22 résultats
1028 5091 26 17 se
1070 5086 57 21 fera
1142 5083 72 23 lundi

639 5112 17 21 à
678 5112 27 22 19
727 5112 96 25 heures,
846 5112 16 22 à
883 5112 143 23 l'académie
1048 5112 31 23 de
1101 5112 113 25 musique

638 5138 181 25 d'Anderlecht,
839 5143 44 17 rue
904 5139 109 26 Georges
1033 5140 112 24 Moreau,
1166 5138 49 22 107.

667 5165 36 22 La
728 5164 138 24 cérémonie
890 5170 56 17 sera
971 5165 157 26 agrémentée
1155 5165 59 23 d'un

640 5192 100 22 concert
764 5192 113 25 organisé
900 5197 60 17 avec
982 5193 23 22 le
1028 5198 120 17 concours
1171 5193 44 22 des

640 5219 80 22 élèves
736 5218 31 23 de
784 5218 208 24 l'établissement.
1007 5231 30 5 —
1053 5221 29 21 A.

673 5290 94 31 MORT
793 5290 43 30 DE
864 5290 36 30 M.
929 5290 43 29 DE
999 5290 184 31 LASTEYRIE

746 5365 47 25 (De
809 5365 73 21 notre
899 5364 210 26 correspondant.)

670 5398 78 25 Paris,
771 5398 29 22 28
823 5398 64 26 juin.
914 5397 60 22 (Par
997 5397 30 21 fil
1051 5397 113 26 spécial).
1187 5410 29 6 —

641 5427 35 21 M.
690 5426 31 22 de
734 5425 134 25 Lasteyrie,
883 5424 90 22 ancien
987 5423 113 23 ministre
1115 5425 44 22 des
1173 5426 29 21 Fi-

641 5457 101 21 nances,
756 5454 39 21 est
808 5453 74 24 mort,
896 5450 133 23 dimanche
1044 5451 81 22 matin
1139 5451 17 22 à
1170 5457 46 17 son

642 5480 121 25 domicile,
781 5483 96 18 avenue
894 5477 155 25 Montaigne.

668 5508 36 22 M.
728 5506 105 23 Charles
857 5505 31 23 de
912 5504 134 25 Lasteyrie,
1070 5504 91 26 député
1186 5506 30 21 de

641 5535 78 25 Paris,
744 5533 64 23 était
832 5538 36 17 un
892 5532 45 22 des
962 5531 113 22 orateurs
1099 5531 37 22 les
1160 5532 57 26 plus

640 5561 100 25 écoutés
755 5561 31 21 de
801 5560 26 22 la
841 5559 132 23 Chambre.

668 5590 35 22 Sa
721 5588 166 26 compétence,
905 5591 33 17 en
956 5584 105 23 matière
1079 5584 32 22 de
1129 5584 73 22 finan-

638 5623 41 17 ces
735 5615 19 22 u
769 5614 69 22 avait
852 5613 40 23 été
906 5612 115 23 ministre
1036 5611 44 22 des
1094 5611 123 21 Finances

639 5645 31 22 de
690 5644 36 22 M.
747 5640 121 24 Poincaré
888 5651 31 6 —
939 5639 64 23 était
1023 5643 125 17 reconnue
1169 5643 47 22 par

640 5674 63 21 tous.

668 5696 114 25 Licencié
809 5700 33 18 en
868 5694 74 26 droit,
969 5692 90 23 ancien
1086 5692 68 22 élève
1180 5692 33 22 de

638 5726 84 23 l'école
748 5724 44 23 des
817 5722 115 24 Chartes,
958 5721 90 22 ancien
1074 5719 141 26 inspecteur

639 5754 44 22 des
698 5753 122 23 finances,
835 5750 20 22 il
870 5749 63 22 était
949 5747 71 23 entré
1037 5751 62 22 pour
1115 5746 26 22 la
1157 5751 44 21 pre-

639 5781 76 22 mière
728 5780 50 22 fois
790 5778 16 22 à
819 5777 26 23 la
858 5775 133 25 Chambre,
1004 5774 24 22 le
1043 5775 26 21 16
1083 5773 62 22 avril
1160 5773 55 22 1919

638 5809 26 21 et
683 5807 83 23 s'était
785 5805 50 23 fait
853 5803 104 23 inscrire
976 5806 34 18 au
1028 5805 92 22 groupe
1140 5800 31 22 de
1189 5799 26 22 la

638 5834 149 23 Fédération
804 5830 176 28 républicaine.

666 5861 78 23 Réélu
763 5866 32 16 en
814 5859 55 23 1928
887 5859 26 21 et
931 5862 32 18 en
982 5855 63 26 1932,
1061 5854 19 22 il
1098 5854 68 22 avait
1184 5854 31 21 de

638 5893 114 17 nouveau
769 5886 115 23 retrouvé
901 5889 46 18 son
964 5883 66 26 siège
1047 5882 65 22 dans
1129 5881 25 22 la
1171 5881 43 21 2~*

638 5914 203 27 circonscription
861 5913 34 22 du
913 5911 71 23 XVI*
1003 5908 210 24 arrondissement

639 5942 30 23 de
684 5943 78 25 Paris,
778 5946 34 18 au
828 5939 108 28 premier
952 5939 58 21 tour
1024 5936 31 23 de
1072 5935 103 26 scrutin,
1191 5935 23 21 le

638 5969 28 22 26
693 5969 62 23 avril
781 5968 107 24 dernier,
914 5964 103 23 battant
1043 5963 32 22 de
1101 5962 56 27 plus
1183 5961 31 23 de

638 5996 63 25 4,000
722 5996 65 26 voix,
808 6000 47 18 son
878 5991 150 25 concurrent
1048 5990 24 23 le
1093 5989 58 28 plus
1172 5988 28 23 fa-

638 6023 86 23 vorisé.
1129 6046 20 5 _

666 6050 34 22 M.
722 6050 31 23 de
773 6048 127 28 Lasteyrie
920 6046 63 24 était
1003 6045 33 24 né
1055 6044 19 24 à
1092 6043 79 28 Paris,
1189 6043 25 24 le

638 6077 28 24 27
682 6077 61 25 aoOt
760 6077 63 25 1877.

1237 326 83 55 LE
1354 330 456 62 PROGRAMME

1284 401 61 43 DU
1365 404 139 44 FRONT
1524 408 238 45 POPULAIRE

1356 460 77 43 SER
1433 463 31 40 A
1489 464 122 43 APPLI
1613 460 85 54 QUÉ

1318 539 157 42 DÉCLARE
1496 548 39 35 M.
1550 550 179 36 SALENGR0

1237 592 90 36 DANS
1355 595 48 34 UN
1430 597 169 36 DISCOURS
1628 595 186 40 PRONONCÉ

1425 647 26 33 A
1472 647 161 36 ROUBAIX

1264 712 121 24 Roubaix.
1401 714 28 22 28
1446 714 62 25 Juin.
1525 727 29 5 —
1569 717 35 22 M.
1621 717 126 24 Salengro.
1764 718 35 21 mi-

1237 738 77 23 nistre
1332 740 30 22 de
1380 740 147 25 l'Intérieur,
1544 748 17 17 a
1577 744 77 25 parlé,
1670 746 40 21 cet
1727 745 85 26 après-

1237 765 68 23 midi,
1323 771 33 18 au
1374 772 73 18 cours
1464 769 73 23 d'une
1556 771 198 26 manilestation,
1772 776 28 17 or-

1237 793 100 24 ganisée
1355 799 32 17 en
1405 794 131 24 l'honneur
1554 797 31 22 de
1603 798 34 21 M.
1655 797 85 23 Lebas.

1264 826 34 23 Le
1321 827 115 24 ministre
1460 829 31 23 de
1513 830 141 23 l'Intérieur
1677 837 17 17 a
1716 832 97 22 déclaré

1237 854 159 22 notamment
1413 861 7 16 :

1267 896 10 10 »
1294 888 68 22 Nous
1377 894 32 17 ne
1425 894 106 18 sommes
1547 895 46 21 pas
1608 891 31 22 de
1654 896 41 18 ces
1710 896 90 21 gouver-

1238 915 116 22 nements
1374 916 49 25 qui,
1443 916 45 23 dès
1508 917 54 22 leur
1582 918 95 22 arrivée
1698 924 33 16 au
1751 923 50 19 pou-

1238 941 60 25 voir,
1311 947 33 17 ne
1359 944 107 24 songent
1481 944 55 25 qu'à
1551 950 27 16 se
1593 945 64 22 faire
1673 945 142 26 pardonner

1238 968 53 22 leur
1308 969 109 22 victoire.
1435 971 68 21 Nous
1520 972 117 25 mettons,
1655 976 70 21 nous,
1742 973 72 20 notre

1238 996 150 25 coquetterie
1410 996 15 22 à
1447 1002 32 17 ne
1500 1003 46 21 pas
1574 998 141 22 considérer
1743 1000 72 20 notre

1239 1027 156 20 programme
1417 1028 96 18 comme
1536 1030 35 16 un
1594 1025 99 22 chiffon
1715 1025 30 22 de
1768 1031 33 20 pa-

1239 1049 59 25 pier,
1314 1051 26 20 et
1355 1049 16 22 à
1386 1055 32 17 ne
1434 1055 47 21 pas
1495 1051 83 22 renier
1593 1053 72 21 notre
1680 1052 135 27 signature,

1238 1075 16 22 à
1268 1076 130 22 demeurer
1412 1077 89 23 fidèles
1515 1078 15 22 à
1545 1079 25 21 la
1584 1079 84 25 parole
1682 1080 105 21 donnée.
1802 1088 10 11 »

1265 1110 35 21 M.
1315 1110 119 26 Salengro
1449 1116 15 17 a
1478 1112 97 22 ensuite
1589 1112 102 22 affirmé
1709 1117 6 17 :

1269 1152 10 10 a.
1298 1143 104 23 Résolus
1420 1144 16 22 à
1453 1145 64 22 faire
1536 1145 71 23 front
1624 1147 85 20 contre
1727 1146 26 21 la
1771 1146 30 22 dé-

1239 1171 118 25 magogie,
1379 1172 22 21 si
1422 1176 64 17 nous
1506 1172 25 21 la
1554 1173 127 22 trouvions
1702 1178 36 16 un
1759 1173 56 25 jour

1239 1202 43 17 sur
1303 1199 72 21 notre
1396 1200 78 23 route,
1495 1198 64 23 mais
1580 1199 56 26 plus
1657 1204 47 22 que
1725 1200 91 25 jamais

1239 1223 105 26 décidés,
1361 1225 64 22 dans
1443 1225 22 22 le
1483 1226 81 21 même
1581 1227 89 24 temps,
1687 1227 16 21 à
1721 1231 32 17 ne
1770 1231 46 21 pas

1239 1251 112 22 décevoir
1370 1251 149 25 l'espérance
1540 1253 31 21 de
1591 1253 109 22 millions
1719 1253 84 21 d'hom-

1239 1283 59 17 mes,
1315 1283 63 17 nous
1395 1279 176 22 demeurerons
1587 1280 57 21 unis
1662 1284 33 17 au
1712 1284 90 21 gouver-

1239 1306 110 24 nement,
1368 1306 57 22 unis
1444 1311 50 17 aux
1513 1306 144 24 Chambres,
1676 1307 58 21 unis
1752 1307 64 21 dans

1240 1332 23 21 le
1275 1337 69 21 pays.

1268 1374 11 11 •
1295 1366 22 21 A
1331 1371 28 17 ce
1374 1366 62 25 prix,
1450 1366 17 23 à
1481 1371 28 18 ce
1524 1366 55 25 prix
1594 1367 144 23 seulement,
1753 1371 63 18 nous

1239 1392 175 27 appliquerons
1427 1393 23 22 le
1465 1398 156 21 programme
1636 1398 46 20 que
1697 1398 45 17 nos
1757 1398 45 19 par-

1241 1420 32 21 tis
1289 1419 135 23 signèrent.
1441 1428 10 11 .

1266 1453 105 22 Parlant
1392 1453 73 22 d'une
1486 1458 103 17 menace
1610 1454 31 21 de
1663 1454 89 22 hausse
1773 1454 43 21 des

1241 1480 62 22 crix.
1321 1480 35 21 M.
1376 1479 121 23 Salengro
1516 1485 16 16 a
1551 1480 50 22 fait
1621 1481 128 20 connaître
1770 1485 47 20 que

1239 1507 23 20 le
1280 1508 194 23 gouvernement
1492 1512 26 17 se
1537 1507 159 26 préoccupait
1713 1507 44 22 des
1774 1508 28 21 ré-

1240 1533 155 24 percussions
1409 1533 31 21 de
1454 1533 26 21 la
1494 1533 90 23 hausse
1600 1534 43 22 des
1657 1534 103 23 salaires
1774 1539 43 17 sur

1240 1560 35 21 les
1290 1560 115 21 marchés
1420 1565 32 16 en
1468 1564 78 20 cours,
1562 1565 95 17 comme
1673 1562 43 20 des
1731 1561 73 25 réper-

1239 1586 111 22 cussions
1371 1586 43 22 des
1435 1591 110 17 mesures
1572 1588 245 21 gouvernementales

1241 1617 42 17 sur
1305 1612 36 22 les
1362 1612 106 27 budgets
1489 1618 174 18 communaux.

1266 1646 151 26 Dénonçant
1437 1646 35 22 les
1498 1652 159 17 manœuvres
1683 1648 120 25 spéculati-

1241 1678 42 17 ves
1302 1678 47 21 que
1370 1674 49 21 l'on
1440 1673 70 26 prête
1530 1674 16 21 à
1566 1675 124 21 certaines
1709 1675 95 21 associa-

1240 1700 73 25 tions,
1326 1700 19 22 il
1359 1705 15 17 a
1389 1700 114 22 annoncé
1517 1701 59 26 qu'il
1589 1701 164 22 transmettra
1768 1706 49 17 aux

1242 1728 117 25 parquets
1375 1727 35 22 les
1427 1727 106 23 dossiers
1549 1728 43 22 des
1609 1728 131 26 coupables
1756 1733 62 18 oour

1241 1759 47 21 que
1316 1754 105 23 s'abatte
1442 1760 44 17 sur
1506 1760 49 17 eux
1575 1755 70 22 toute
1665 1755 27 22 la
1718 1755 100 26 rigueur

1240 1781 44 22 des
1297 1781 54 22 lois.
1640 1798 6 6 .
1672 1789 5 5 •

1268 1815 33 22 Le
1315 1815 114 22 ministre
1441 1815 32 22 de
1486 1815 141 23 l'Intérieur
1640 1821 16 16 a
1669 1816 56 25 fait,
1739 1816 78 24 enfin,

1241 1843 43 21 des
1300 1842 167 23 déclarations
1482 1848 44 17 sur
1541 1843 36 22 les
1592 1843 86 24 grèves
1693 1844 26 21 et
1734 1843 37 22 les
1786 1844 17 20 li-

1241 1875 66 20 gues.

1269 1903 105 23 Parlant
1392 1903 44 22 des
1455 1903 93 26 grèves,
1565 1904 20 21 il
1604 1909 16 17 a
1638 1904 99 22 montré
1756 1904 17 21 à
1791 1904 25 22 la

1240 1930 78 23 classe
1359 1930 112 23 ouvrière
1505 1930 114 23 combien
1652 1931 18 21 il
1711 1931 106 26 importe

1240 1958 137 26 qu'aucune
1398 1957 160 26 exagération
1577 1963 33 17 ne
1629 1958 90 22 vienne
1739 1958 79 22 ternir

1240 1990 29 17 sa
1283 1985 109 22 victoire.

1269 2018 170 27 S'expliquant
1460 2023 43 17 sur
1522 2018 37 23 les
1578 2018 85 26 ligues,
1683 2018 19 23 il
1722 2023 16 17 a
1757 2023 46 22 pro-

1241 2045 80 23 clamé
1337 2051 28 17 sa
1382 2045 100 23 volonté
1499 2045 153 27 d'appliquer
1669 2046 36 22 les
1721 2045 97 23 décrets

1240 2073 31 21 de
1283 2072 147 23 dissolution
1442 2078 60 17 sans
1513 2073 131 22 arbitraire
1657 2073 26 22 et
1694 2078 60 17 sans
1766 2073 37 21 fai-

1241 2099 85 22 blesse.

1269 2127 37 22 De
1322 2126 102 26 longues
1439 2126 178 23 acclamations
1633 2127 45 22 ont
1693 2126 68 23 salué
1777 2131 40 18 ces

1241 2153 173 23 déclarations.
1431 2165 30 4 —
1477 2154 92 22 Havas.

1299 2240 45 31 UN
1374 2241 162 30 INCENDIE
1563 2241 20 30 A
1610 2241 147 30 L0RIENT

1268 2323 108 25 Lorient,
1397 2323 28 22 28
1446 2323 63 26 juin.
1529 2334 30 5 —
1577 2324 42 21 Un
1640 2323 113 23 incendie
1774 2324 43 27 qui

1241 2351 57 21 s'est
1320 2349 104 26 déclaré,
1445 2350 16 22 à
1483 2350 115 22 l'arsenal
1619 2350 31 23 de
1671 2351 108 25 Lorient,
1801 2357 16 16 a

1241 2377 94 22 détruit
1347 2382 35 17 un
1396 2376 72 27 étage
1480 2377 31 22 de
1524 2377 148 23 l'immeuble
1685 2378 31 22 de
1728 2378 76 22 l'artil-

1241 2404 58 22 lerie
1311 2404 96 22 navale.

1268 2433 57 27 Les"
1330 2437 88 27 dégâts
1434 2438 58 22 sont
1508 2438 157 27 importants.
1680 2451 31 5 —
1725 2440 91 22 Havas.

1267 2517 89 31 POUR
1385 2517 159 31 HONORER
1572 2518 41 30 LA
1633 2512 158 37 MÉMOIRE

1339 2574 43 30 DE
1409 2574 40 30 LA
1476 2574 104 30 REINE
1605 2574 121 31 ASTRID

1266 2655 153 26 Kussnacht,
1439 2657 28 21 28
1489 2656 62 26 Juin.
1572 2668 29 5 —
1621 2658 36 21 La
1678 2657 137 23 cérémonie

1238 2682 201 26 d'inauguration
1451 2683 31 22 de
1494 2683 25 22 la
1531 2683 112 27 chapelle
1655 2684 34 22 du
1700 2685 115 22 souvenir

1239 2709 30 22 de
1287 2709 25 22 la
1327 2709 69 22 reine
1414 2710 84 21 Astrid
1515 2715 15 16 a
1547 2710 85 22 revêtu
1650 2711 22 21 le
1690 2711 125 22 caractèa-e

1239 2736 74 22 d'une
1337 2736 130 26 grandiose
1492 2737 190 22 manifestation
1707 2738 44 23 des
1775 2743 27 17 re-

1239 2762 159 27 présentants
1415 2763 30 22 de
1463 2763 25 22 la
1504 2763 117 27 Belgique
1639 2769 42 17 sur
1697 2764 36 23 les
1750 2765 66 21 lieux

1239 2790 30 21 de
1284 2789 137 26 l'accident,
1436 2790 33 22 où
1483 2790 25 22 la
1523 2790 68 22 reine
1608 2791 88 22 trouva
1710 2791 26 22 la
1749 2792 67 22 mort

1239 2816 18 22 il
1272 2821 16 21 y
1303 2821 16 17 a
1334 2816 43 22 dix
1391 2816 70 23 mois.

1266 2849 60 23 Plus
1337 2849 31 23 de
1380 2849 58 27 cinq
1450 2850 71 22 cents
1533 2850 102 23 anciens
1647 2851 169 22 combattants

1239 2877 26 21 et
1281 2877 122 25 quarante
1420 2876 93 26 grands
1529 2877 121 23 invalides
1667 2878 46 22 ont
1728 2877 88 23 assisté

1239 2902 16 23 à
1271 2903 25 22 la
1312 2902 145 24 cérémonie.

1267 2936 85 22 Parmi
1372 2936 36 22 les
1427 2936 184 33 personnalités
1632 2936 130 24 officielles
1783 2942 34 18 on

1239 2963 83 22 notait
1344 2962 25 23 la
1390 2962 118 27 présence
1531 2963 34 22 du
1586 2963 175 27 représentant
1783 2964 35 22 du

1239 2989 44 25 roi,
1301 2989 23 22 le
1341 2989 106 23 vicomte
1465 2990 34 21 du
1516 2990 70 25 Parc,
1604 2990 34 22 du
1655 2990 114 23 ministre
1786 2991 31 22 de

1240 3015 117 27 Belgique
1370 3016 16 22 à
1399 3017 88 24 Berne,
1501 3016 23 23 le
1537 3016 81 22 comte
1632 3016 102 27 dTJrsel,
1748 3017 31 22 de
1792 3017 26 22 la

1240 3043 124 26 princesse
1387 3044 64 21 Jean
1474 3043 31 22 de
1528 3042 109 26 Mérode,
1659 3043 35 22 du
1717 3043 100 26 général

1240 3070 101 24 Pontus,
1359 3069 176 26 représentant
1553 3069 109 26 l'année;
1685 3070 34 22 du
1737 3070 80 26 grand

1240 3095 130 23 aumônier
1386 3096 31 21 de
1435 3096 25 21 la
1477 3097 73 24 Cour,
1566 3097 57 24 Mgr
1641 3096 78 26 Colle;
1739 3097 34 21 du
1790 3097 27 21 P.

1240 3123 118 24 Henusse,
1381 3122 31 21 de
1433 3123 58 24 Mgr
1513 3127 49 17 von
1583 3122 82 26 Ernst,
1687 3122 116 27 représen-

1239 3148 57 22 tant
1320 3148 107 26 l'évéque
1452 3148 31 22 de
1506 3149 82 26 Coire;
1615 3148 31 22 de
1669 3150 35 21 M.
1726 3149 89 26 Motta,

1239 3174 129 22 conseiller
1388 3174 104 25 fédéral,
1512 3174 176 26 représentant
1709 3175 26 21 la
1756 3180 47 17 con-

1239 3200 147 26 fédération,
1407 3201 35 21 les
1462 3200 187 26 représentants
1669 3201 34 21 du
1724 3201 92 22 canton

1239 3227 31 22 de
1305 3227 118 28 Lucerne,
1455 3227 79 25 ayant
1565 3226 17 22 à
1613 3227 55 21 leur
1699 3226 51 23 tète
1781 3228 34 21 M.

1239 3253 116 26 Schmyz;
1377 3253 35 22 les
1431 3252 121 23 autorités
1570 3253 35 21 du
1624 3252 99 23 district
1741 3253 26 22 et
1785 3253 31 22 de

1239 3278 24 23 la
1284 3283 131 18 commune
1435 3279 31 22 de
1486 3279 153 27 Kussnacht,
1659 3279 24 22 le
1701 3278 115 24 ministre

1239 3306 31 21 de
1287 3305 81 23 Suède
1386 3305 16 23 à
1418 3305 136 23 Bruxelles.

1266 3339 42 21 Un
1322 3338 92 23 bateau
1427 3337 94 27 spécial
1534 3338 70 22 avait
1617 3337 89 23 amené
1720 3338 31 23 de
1765 3339 50 21 Lu-

1239 3370 73 17 cerne
1328 3365 36 22 les
1382 3365 102 21 anciens
1501 3364 170 23 combattants
1688 3364 88 27 belges.
1794 3367 22 21 A

1239 3392 52 21 leur
1307 3390 132 27 arrivée.ils
1454 3391 87 22 furent
1556 3391 82 23 salués
1653 3396 46 22 par
1713 3393 35 22 M.
1763 3393 52 21 Do-

1238 3422 86 22 nauer,
1342 3417 90 27 député
1451 3422 33 18 au
1502 3418 88 23 Grand
1609 3418 105 22 Conseil.
1731 3419 35 21 M.
1785 3418 30 22 de

1238 3444 137 23 Valkeneer
1396 3444 117 26 répondit
1533 3449 33 17 en
1587 3444 54 22 leur
1662 3449 60 17 nom
1743 3445 27 22 et
1790 3445 25 22 la

1238 3471 101 22 fanfare
1357 3471 31 22 de
1403 3471 147 22 Kussnacht
1567 3470 104 24 exécuta
1687 3471 26 22 la
1732 3480 9 11 a.
1750 3472 50 21 Bra-

1238 3498 131 26 bançonne
1392 3506 20 14 ».

1265 3531 43 22 Un
1333 3529 97 27 cortège
1456 3535 26 17 se
1507 3530 83 22 forma
1616 3529 97 24 ensuite
1737 3530 27 23 et
1788 3535 27 18 se

1238 3556 84 24 rendit
1339 3556 16 23 à
1372 3557 26 22 la
1415 3556 112 27 chapelle
1544 3557 35 22 du
1595 3557 122 26 souvenir,
1733 3557 33 23 où
1784 3557 31 22 de

1238 3583 166 26 magnifiques
1423 3588 138 18 couronnes
1579 3584 27 22 et
1624 3584 86 26 gerbes
1729 3584 86 22 furent

1239 3609 116 27 déposées
1372 3614 32 18 en
1421 3610 80 26 grand
1517 3610 111 23 nombre.

1265 3643 37 22 La
1318 3642 67 23 croix
1400 3643 135 25 marquant
1551 3642 115 23 l'endroit
1681 3642 32 23 où
1730 3642 85 28 expira

1238 3669 26 22 la
1284 3668 69 23 reine
1375 3669 41 22 fut
1437 3668 72 23 bénie
1531 3674 46 21 par
1598 3670 57 25 Mgr
1676 3669 75 26 Colle,
1774 3668 41 28 qui

1238 3695 70 23 bénit
1325 3695 97 23 ensuite
1439 3695 26 23 la
1481 3695 112 27 chapelle
1611 3696 25 22 et
1652 3695 26 23 la
1696 3696 91 23 cloche.

1266 3729 57 26 Mgr
1339 3728 68 23 Colle
1424 3728 51 30 prit
1491 3728 66 22 alors
1573 3728 26 22 la
1615 3728 84 27 parole
1715 3734 32 17 en
1764 3728 37 23 fla-

1238 3755 85 24 mand,
1346 3755 56 27 puis
1424 3754 23 23 le
1470 3754 58 27 père
1552 3756 112 21 Henus-ie
1688 3760 32 17 en
1743 3755 58 22 fran-

1239 3781 58 27 çais.
1316 3782 67 22 Tous
1404 3781 64 23 deux
1489 3780 151 24 célébrèrent
1659 3781 36 23 les
1715 3781 99 24 mérites

1239 3809 30 22 de
1282 3808 26 22 la
1320 3808 69 22 reine
1404 3808 25 22 et
1441 3806 154 24 retracèrent
1608 3812 47 18 son
1669 3812 91 19 œuvre.

1266 3841 37 22 La
1316 3839 138 24 cérémonie
1468 3845 26 17 se
1509 3839 101 24 déroula
1624 3845 46 22 par
1685 3845 36 18 un
1734 3840 81 27 temps

1237 3867 105 27 superbe
1368 3872 32 17 en
1425 3866 116 28 présence
1566 3867 31 22 de
1622 3867 56 27 plus
1703 3867 30 23 de
1758 3866 57 24 huit

1239 3894 68 22 mille
1323 3897 143 24 personnes.
1482 3905 30 5 —
1528 3892 85 28 Belga.

1984 267 103 24 Lundi
2113 268 43 24 29
2180 269 71 28 juin
2405 271 5 24 !

1836 342 95 54 UN
1981 345 423 56 MOMUMENT

1893 416 81 43 AU
2002 418 96 41 ROI
2124 418 217 44 ALBERT

1872 471 42 42 A
1940 465 68 50 ÉT
2010 466 32 49 É
2070 475 138 42 INAU
2211 469 154 49 GURÉ

1917 550 140 36 AVENUE
2077 552 92 34 FOCH
2191 554 25 33 A
2233 554 91 34 METZ

1836 626 42 34 EN
1890 623 169 40 PRÉSENCE
2066 630 44 33 DE
2118 630 290 36 L'AMBASSADEUR

2008 680 45 32 DE
2074 680 168 40 BELGIQUE

1865 737 73 26 Metz,
1951 739 28 22 28
1991 740 62 26 juin.
2066 752 28 5 —
2107 742 33 21 Le
2153 743 146 22 monument
2312 743 67 23 élevé
2392 743 15 22 à

1838 763 25 22 la
1876 765 118 24 mémoire
2008 768 34 22 du
2056 768 37 22 roi
2107 768 84 23 Albert
2205 775 16 16 a
2235 770 39 22 été
2288 770 119 26 inauguré

1838 795 32 17 en
1882 792 117 26 présence
2012 795 73 22 d'une
2097 795 68 22 foule
2178 796 158 27 importante,
2349 802 58 18 avec

1838 817 25 23 la
1895 821 176 26 participation
2103 822 31 22 de
2166 823 25 22 la
2222 825 111 25 musique
2365 825 43 22 des

1839 845 135 25 Chasseurs
1990 849 139 22 Ardennais
2146 850 81 26 belges
2243 852 107 22 d'Arion.

1866 873 85 23 Arrivé
1967 880 47 22 par
2028 876 26 22 la
2068 878 78 23 route,
2161 877 24 22 le
2201 879 80 21 comte
2296 879 31 22 de
2343 880 52 21 Ker-

1839 899 76 23 chove
1936 902 31 22 de
1987 904 174 25 Denterghem,
2182 906 176 22 ambassadeur
2378 906 31 22 de

1839 927 123 27 Belgique,
1981 935 16 17 a
2016 930 39 22 été
2074 930 69 23 salué
2161 936 47 21 par
2226 932 23 23 le
2267 933 88 26 préfet,
2374 934 34 21 M.

1839 954 135 24 Chevalier,
1989 957 23 22 le
2026 957 100 26 général
2140 958 102 26 Giraux,
2257 965 153 21 gouverneur

1839 982 123 26 militaire,
1980 985 62 22 MM.
2060 985 113 25 Vautrin,
2191 987 78 22 maire
2287 987 31 22 de
2335 988 74 24 Metz,

1839 1010 26 21 et
1878 1010 56 21 Van
1948 1011 107 26 Cutsem,
2069 1011 127 27 président
2209 1014 31 22 de
2253 1014 99 22 l'Union
2366 1015 43 21 des

1839 1036 87 26 Belges
1941 1043 32 17 en
1987 1039 124 22 Lorraine.

1867 1064 46 22 Les
1931 1064 127 24 honneurs
2077 1066 45 22 ont
2141 1066 39 23 été
2198 1068 93 22 rendus
2308 1073 47 22 par
2374 1073 34 18 un

1839 1090 121 23 bataillon
1975 1093 165 22 d'infanterie.

1867 1118 209 27 L'ambassadeur,
2092 1120 72 26 après
2179 1122 69 22 avoir
2262 1122 89 27 déposé
2367 1122 43 22 des

1840 1145 77 22 fleurs
1931 1151 33 17 au
1978 1149 147 20 monument
2138 1152 34 17 au
2184 1149 70 22 Poilu
2268 1150 26 21 et
2308 1154 33 17 au
2355 1155 41 16 mo-

1839 1174 107 21 nument
1956 1179 49 17 aux
2015 1176 86 24 morts,
2111 1179 16 17 a
2138 1174 39 23 été
2188 1181 59 21 reçu
2257 1177 16 22 à
2283 1177 86 22 l'hôtel
2379 1177 31 22 de

1840 1199 63 23 ville.

1868 1228 46 20 Les
1939 1228 181 26 personnalités
2145 1229 129 24 officielles
2300 1236 27 17 se
2353 1232 56 21 sont

1840 1254 106 22 rendues
1968 1260 94 18 avenue
2084 1255 75 26 Foch,
2180 1257 32 22 où
2234 1263 27 16 se
2283 1258 83 22 dresse
2387 1258 23 22 le

1840 1283 153 25 monument,
2007 1284 25 21 et
2045 1284 45 21 ont
2102 1283 52 26 pris
2165 1283 70 26 place
2248 1285 64 22 dans
2325 1285 25 22 la
2363 1285 34 22 tri-

1841 1308 72 22 bune.
1925 1309 56 22 Une
1993 1311 96 21 minute
2102 1310 31 21 de
2146 1312 183 22 recueillement
2342 1317 16 17 a
2371 1312 39 22 été

1841 1335 114 23 observée
1968 1337 105 23 aussitôt
2086 1342 32 17 en
2131 1337 117 24 mémoire
2260 1339 32 22 de
2304 1339 26 22 la
2342 1339 68 22 reine

1840 1363 91 21 Astrid.

1869 1390 49 21 Des
1932 1390 109 23 discours
2055 1392 46 21 ont
2113 1391 40 22 été
2166 1393 137 25 prononcés
2317 1398 46 21 par
2376 1394 34 21 M.

1841 1416 55 22 Van
1914 1418 108 25 Cutsem,
2040 1419 42 25 qui
2100 1424 16 16 a
2133 1419 74 22 remis
2223 1420 24 22 le
2264 1421 147 22 monument

1841 1444 15 22 à
1868 1444 26 21 la
1906 1444 57 23 ville
1976 1446 31 21 de
2018 1447 73 23 Metz,
2104 1450 46 21 par
2161 1447 62 22 MM.
2235 1448 114 22 Vautrin.
2362 1448 48 21 Oo-

1842 1470 112 26 cheteux,
1966 1477 33 17 au
2011 1478 60 16 nom
2082 1473 31 22 de
2125 1472 99 23 l'Union
2236 1474 161 26 départemen-

1842 1498 50 22 tale
1910 1499 43 21 des
1971 1500 107 21 Anciens
2096 1500 174 23 Combattants
2288 1502 27 21 et
2332 1502 66 21 Victi-

1841 1530 53 17 mes
1908 1526 31 21 de
1953 1526 25 22 la
1994 1527 101 25 Guerre,
2109 1526 31 22 de
2153 1527 129 23 Kerchove
2297 1528 31 22 de
2342 1529 56 21 Den-

1842 1553 112 24 terghem
1966 1554 26 21 et
2002 1559 47 21 par
2060 1554 23 22 le
2095 1554 88 26 préfet.

1869 1580 41 20 Un
1923 1580 110 26 banquet
2044 1581 73 22 d'une
2129 1582 114 22 centaine
2255 1582 31 22 de
2299 1583 112 21 couverts

1842 1611 16 16 a
1876 1606 39 22 été
1933 1608 64 21 servi
2015 1608 96 22 ensuite
2128 1609 27 21 et
2171 1609 81 23 divers
2269 1610 80 21 toasts
2366 1610 46 21 ont

1842 1633 39 22 été
1897 1634 144 25 prononcés.

1869 1662 23 20 A
1902 1661 82 22 l'issue
1995 1662 34 23 du
2040 1662 116 26 banquet,
2166 1662 24 22 le
2200 1663 86 25 maire,
2297 1664 35 21 M.
2343 1664 55 21 Vau-

1843 1687 58 25 trin,
1918 1693 16 16 a
1950 1688 99 23 adressé
2064 1689 24 22 le
2104 1688 159 27 télégramme
2278 1691 102 22 suivant
2396 1690 15 22 à

1842 1715 25 21 la
1879 1715 69 22 reine
1960 1716 127 22 Elisabeth
2103 1722 6 16 :

1871 1748 11 11 «
1896 1743 36 21 La
1945 1743 58 22 ville
2016 1743 32 22 de
2060 1744 73 23 Metz,
2147 1743 152 27 inaugurant
2313 1750 28 16 ce
2355 1745 57 25 jour

1841 1768 23 23 le
1884 1771 147 21 monument
2052 1775 33 17 au
2104 1770 37 21 roi
2161 1770 129 27 chevalier,
2310 1776 57 17 sous
2387 1772 24 22 la

1841 1796 143 26 présidence
1997 1797 31 22 de
2040 1798 192 22 l'ambassadeur
2245 1799 31 21 de
2288 1798 123 27 Belgique,

1841 1824 53 25 prie
1926 1825 35 21 Sa
1991 1824 108 26 Majesté
2130 1824 31 22 de
2192 1825 103 26 daigner
2326 1825 85 27 agréer

1841 1851 147 26 l'hommage
2012 1852 51 21 très
2086 1852 160 25 respectueux
2269 1853 26 22 et
2317 1853 32 22 de
2372 1858 26 16 re-

1842 1879 177 21 connaissance
2032 1878 75 22 fidèle
2121 1878 16 22 à
2149 1878 26 22 la
2188 1880 93 25 grande
2294 1879 117 23 mémoire

1841 1906 34 23 du
1892 1906 70 25 royal
1980 1906 51 21 ami
2049 1906 31 21 de
2098 1906 25 21 la
2140 1906 102 23 France.
2262 1916 9 10 »

1869 1934 34 21 Le
1917 1933 81 22 comte
2012 1933 31 22 de
2056 1932 129 23 Kerchove
2198 1933 31 22 de
2243 1934 168 26 Denterghem

1841 1961 58 21 s'est
1912 1960 81 21 rendu
2006 1960 96 22 ensuite
2115 1964 34 17 au
2161 1960 124 23 cimetière
2298 1961 114 22 national

1841 1988 31 21 de
1886 1987 169 24 Chambierée,
2068 1986 32 22 où
2114 1986 18 22 il
2145 1987 57 22 s'est
2215 1987 92 22 incliné
2320 1993 43 17 sur
2377 1988 35 22 les

1842 2014 95 22 tombes
1957 2014 44 22 des
2021 2013 114 27 déportés
2154 2014 26 22 et
2199 2014 43 22 des
2261 2015 151 26 prisonniers

1842 2042 82 26 belges
1938 2041 30 22 de
1981 2041 27 22 la
2021 2046 93 21 guerre.
2128 2052 29 5 —
2169 2041 90 22 Havas.

1865 2121 42 30 AU
1928 2119 277 32 CONSERVATOIRE
2232 2121 42 29 DE
2300 2120 88 31 GAND

1867 2189 35 21 M.
1917 2189 23 21 J.
1955 2187 185 22 Toussaint-De
2154 2187 85 22 Sutter
2254 2193 17 16 a
2286 2187 39 23 été
2340 2192 61 17 nom-

1840 2215 41 22 mé
1896 2215 124 22 directeur
2036 2215 34 21 du
2086 2214 186 22 Conservatoire
2288 2215 31 21 de
2336 2215 64 21 musi-

1839 2247 47 21 que
1899 2242 31 22 de
1937 2241 83 25 Gand,
2027 2246 33 17 en
2072 2240 192 26 remplacement
2277 2242 34 21 du
2323 2241 90 22 maitre

1840 2269 96 22 Martin
1957 2269 132 24 Lunssens,
2110 2267 92 23 atteint
2222 2273 46 21 par
2289 2268 26 22 la
2335 2268 79 22 limite

1840 2296 77 25 d'âge,
1931 2296 25 21 et
1973 2295 43 26 qui
2046 2294 69 23 vient
2145 2294 31 22 de
2205 2294 107 27 prendre
2328 2300 29 17 sa
2372 2299 28 18 re-

1840 2324 82 21 traite.

1859 2357 34 22 Le
1914 2360 114 18 nouveau
2043 2355 67 22 direc-

1844 2385 56 20 teur
1915 2384 39 21 est
1970 2382 107 23 Gantois
2094 2383 30 21 de

1842 2410 138 22 naissance.
1997 2411 23 21 U
2036 2409 89 26 naquit

1844 2443 31 16 en
1897 2438 61 21 1889.

1869 2465 66 21 C'est
1949 2464 63 22 dans
2026 2468 28 17 sa
2067 2463 57 22 ville

1844 2491 85 22 natale
1949 2490 58 27 qu'il
2033 2490 34 22 fit
2086 2495 39 16 ses

1844 2518 86 22 études
1944 2519 26 20 et
1984 2522 15 21 y
2012 2521 99 21 rempor-

1844 2546 27 20 ta
1889 2545 30 21 de
1936 2544 137 22 nombreux
2091 2544 34 21 1"

1843 2571 62 26 prix.
1918 2572 40 21 Au
1971 2571 79 25 grand
2064 2575 47 17 con-

1844 2603 71 16 cours
1940 2598 31 22 de
1996 2599 78 21 Rome
2093 2603 32 16 en

1845 2625 61 25 1913,
1924 2626 35 20 M.
1977 2625 147 21 Toussaint-

1844 2653 37 21 De
1899 2652 86 21 Sutter
2002 2657 26 16 se
2045 2651 80 22 classa

1844 2678 128 22 deuxième
2004 2683 58 17 avec
2096 2683 29 17 sa

1844 2706 102 22 cantate
1962 2714 10 10 «
1987 2706 47 22 Les
2048 2705 64 22 Fian-

1844 2733 41 22 cés
1902 2733 31 21 de
1951 2732 68 22 Noël.

1872 2759 102 22 Survint
1990 2760 26 21 la
2031 2763 95 22 guerre.

1843 2787 35 22 M.
1913 2786 134 22 Toussaint
2062 2797 11 5 -
2088 2787 36 20 De

1844 2813 86 22 Sutter
1963 2818 75 21 passa
2075 2813 50 22 les

1844 2841 88 25 quatre
1965 2840 93 22 années
2091 2840 34 22 du

1844 2867 148 25 cataclysme
2014 2872 34 17 au
2070 2867 55 21 15™"

1844 2894 123 25 régiment
2001 2894 125 22 d'Artille-
2391 2916 25 5 _

1846 2921 36 22 rie
1900 2922 32 21 de
1950 2925 146 21 campagne.

1867 2955 79 26 Après
1962 2955 149 26 l'armistice,
2135 2956 106 23 l'ancien
2258 2957 157 22 combattant

1840 2987 27 17 se
1880 2982 74 21 remit
1968 2982 16 22 à
1998 2982 23 22 la
2037 2982 162 26 composition
2211 2984 128 25 musicale;
2356 2984 19 22 il
2388 2989 26 17 se

1841 3008 143 27 représenta
1998 3014 33 17 au
2044 3014 119 18 concours
2174 3011 31 21 de
2218 3011 78 21 Rome
2310 3011 26 21 et
2348 3015 53 17 rem-

1841 3036 79 26 porta,
1937 3036 65 22 cette
2019 3036 55 28 foiç,
2090 3036 24 22 le
2129 3037 106 26 premier
2252 3037 89 22 Grand
2356 3038 58 21 Prix

1840 3068 59 16 avec
1916 3068 29 17 sa
1960 3063 101 22 cantate
2080 3072 10 10 a,
2099 3063 64 27 Thyl
2178 3064 157 25 Ulenspiegel
2350 3064 51 22 ban-

1841 3090 28 21 ni
1889 3098 20 13 ».

1868 3124 39 20 En
1927 3124 62 24 1919,
2007 3124 25 21 la
2052 3124 56 22 ville
2127 3124 134 22 d'Ostende
2281 3125 85 21 confia
2399 3126 15 20 â

1840 3150 35 21 M.
1893 3150 185 22 Toussaint-De
2097 3151 85 22 Sutter
2200 3151 25 22 la
2244 3151 121 22 direction
2383 3152 31 22 de

1840 3181 46 17 son
1901 3176 72 22 Ecole
1990 3177 30 21 de
2036 3177 118 25 musique.

1866 3210 35 21 Le
1919 3214 114 17 nouveau
2067 3210 122 22 directeur
2222 3210 35 22 du
2276 3211 124 21 Conserva-

1839 3236 63 22 toire
1913 3237 31 21 de
1952 3236 76 22 Gand
2039 3237 38 21 est
2089 3242 36 16 un
2135 3237 165 25 compositeur
2311 3237 90 22 fécond
2406 3243 5 20 ;

1839 3268 34 16 on
1886 3263 61 26 peut
1960 3263 62 22 citer
2035 3263 31 22 de
2080 3263 35 22 lui
2128 3269 50 17 une
2191 3264 178 25 cinquantaine
2382 3264 31 22 de

1842 3299 9 9 »
1860 3289 89 23 lieders
1958 3298 20 17 »,
1995 3295 49 17 une
2076 3291 87 21 sonate
2194 3295 63 21 pour
2288 3290 83 22 violon
2387 3292 27 21 et

1839 3317 82 25 piano,
1936 3321 50 17 une
2002 3317 145 26 symphonie
2163 3322 63 21 pour
2240 3317 125 23 orchestre
2388 3318 26 21 et

1839 3343 121 26 plusieurs
1972 3344 121 22 cantates.
2103 3355 30 5 —
2144 3344 28 22 T.

1889 3422 197 32 L'ACCIDENT
2107 3423 43 30 DE
2173 3423 191 31 WENDUYNE

1866 3491 42 22 Un
1926 3490 114 23 accident
2056 3490 100 22 terrible
2174 3491 58 22 s'est
2249 3491 101 25 produit
2367 3495 33 17 en-

1838 3518 39 22 tre
1892 3518 145 25 Wenduyne
2055 3518 26 21 et
2096 3518 24 21 le
2137 3518 57 25 Coq.
2211 3518 42 22 Un
2270 3517 74 22 avion
2360 3517 38 22 fai-

1839 3545 59 22 sant
1913 3545 33 22 du
1964 3553 9 10 «
1991 3544 148 22 rase-motte
2156 3553 9 10 »
2184 3550 17 16 a
2215 3544 43 22 tué
2273 3549 49 17 une
2339 3544 74 26 jeune

1837 3572 100 25 femme,
1950 3572 29 21 M
1980 3571 5 13 1
1987 3571 16 13 "'
2017 3571 117 22 Mariette
2147 3571 104 26 Legiest,
2265 3572 26 21 et
2304 3576 17 17 a
2333 3571 78 22 blessé

1838 3598 150 26 légèrement
2003 3603 46 17 son
2064 3602 162 21 compagnon,
2241 3598 42 26 qui
2298 3597 68 23 avait
2381 3602 31 18 eu

1838 3626 23 22 le
1874 3626 81 25 temps
1967 3625 31 22 de
2011 3630 26 17 se
2050 3624 64 27 jeter
2126 3623 16 23 à
2155 3624 54 26 plat
2222 3624 93 22 ventre.

1865 3653 34 21 Le
1916 3652 76 26 pilote
2008 3657 33 16 ne
2058 3657 26 16 se
2099 3651 85 22 rendit
2200 3656 59 17 sans
2275 3651 75 22 doute
2366 3655 46 21 pas

1839 3679 97 26 compte
1955 3678 31 23 de
2004 3683 28 17 ce
2050 3678 58 26 qu'il
2126 3677 69 29 ^vait
2213 3678 55 26 fait,
2287 3678 27 23 et
2331 3678 67 21 conti-

1837 3711 52 17 nua
1904 3711 29 16 sa
1947 3705 72 22 route
2034 3710 43 17 sur
2091 3704 165 22 Amsterdam.

1865 3733 56 21 Une
1950 3731 111 27 enquête,
2082 3731 87 22 menée
2191 3731 111 25 aussitôt,
2330 3731 83 22 révéla

1838 3759 58 26 qu'il
1911 3758 123 27 s'agissait
2049 3758 30 22 de
2094 3758 91 22 l'avion
2200 3757 148 27 hollandais,
2363 3758 35 22 im-

1837 3785 131 23 matriculé
1979 3785 133 26 PH-OVG,
2124 3785 26 22 et
2162 3785 77 26 piloté
2251 3790 46 21 par
2309 3785 34 22 M.
2356 3785 56 22 Van

1839 3813 98 22 Gelder.

1866 3840 80 21 Ordre
1970 3838 68 24 avait
2062 3837 40 24 été
2124 3838 83 23 donné
2230 3843 43 17 sur
2296 3838 57 23 tous
2375 3838 36 22 les

1839 3866 155 22 aérodromes
2016 3865 82 27 belges
2120 3865 31 23 de
2173 3865 112 22 l'arrêter
2308 3870 32 17 en
2369 3869 41 18 cas

1838 3893 190 26 d'atterrissage.
2042 3903 30 6 —
2086 3892 26 23 S.

2431 349 570 57 L'ANNIVERSAIRE

2531 425 92 51 DE
2657 425 198 54 HOCH
2861 429 39 51 E

2498 532 32 34 IL
2551 532 26 34 A
2598 526 64 40 ÉTÉ
2682 527 150 40 CÉLÉBRÉ
2852 534 83 35 HIER

2596 582 25 34 A
2635 581 202 36 VERSAILLES

2430 659 39 35 M.
2482 659 176 35 DALADIER
2671 660 25 33 A
2710 659 81 34 FAIT
2804 654 138 41 L'ÉLOGE
2955 662 48 34 DU

2450 709 317 34 PACIFICATEURS
2788 709 45 34 LA
2851 705 133 39 VENDÉE

2458 777 137 24 Versailles.
2613 778 27 21 28
2658 777 63 26 juin.
2737 789 29 4 —
2783 777 36 22 La
2836 777 56 22 ville
2910 777 94 22 célèbre

2430 809 28 17 ce
2487 805 88 25 matin,
2605 804 25 22 la
2662 805 40 22 168
2704 807 26 10 m9
2747 804 169 22 anniversaire
2932 804 31 22 de
2980 804 24 22 la

2430 830 130 23 naissance
2582 831 33 22 du
2637 831 100 24 général
2758 830 92 22 Hoche.

2459 859 48 21 Sur
2526 858 25 21 la
2571 858 69 24 place
2661 858 117 25 d'Armes,
2799 858 35 22 les
2855 858 100 25 troupes
2974 858 31 21 de

2431 884 25 22 la
2475 885 118 25 garnison
2612 886 46 21 ont
2696 885 39 22 été
2755 884 99 27 passées
2873 888 32 17 en
2925 888 80 20 revue,

2431 911 55 26 puis
2504 911 59 22 elles
2580 912 45 22 ont
2657 911 75 23 défilé
2764 911 64 22 dans
2846 911 36 22 les
2900 915 57 18 rues
2975 911 30 21 de

2431 938 130 22 Versailles
2577 938 96 27 jusqu'à
2689 939 24 21 la
2729 939 82 22 statue
2827 938 31 22 de
2874 937 92 25 Hoche,
2973 942 32 17 en

2431 964 115 26 présence
2571 966 31 21 de
2634 965 159 22 nombreuses
2818 964 188 26 personnalités,

2431 992 157 22 notamment
2604 992 31 22 de
2652 993 34 21 M.
2702 992 125 25 Daladier,
2844 991 113 22 ministre
2975 991 30 21 de

2431 1018 25 22 la
2474 1019 102 25 Guerre,
2594 1019 103 22 entouré
2715 1019 44 23 des
2776 1018 181 27 personnalités
2975 1018 30 22 de

2431 1045 25 22 la
2472 1045 93 26 région.

2458 1078 133 23 Présidant
2605 1080 96 21 ensuite
2717 1085 35 16 un
2767 1079 110 26 banquet
2892 1078 114 27 organisé

2431 1105 16 22 à
2463 1105 130 23 l'occasion
2610 1107 30 21 de
2658 1107 64 21 cette
2739 1106 197 24 manifestation,
2953 1106 39 21 Da-

2432 1132 78 22 ladier
2527 1138 16 16 a
2561 1133 52 25 pris
2629 1133 26 22 la
2673 1133 83 26 parole
2774 1137 63 22 pour
2854 1134 109 21 retracer
2981 1132 25 22 la

2431 1159 39 25 yie
2486 1159 34 22 du
2537 1160 79 25 grand
2633 1160 58 21 chef
2708 1160 160 26 républicain,
2885 1159 107 26 pacifica-

2432 1187 56 21 teur
2506 1186 31 22 de
2557 1186 24 22 la
2601 1186 106 26 Vendée,
2726 1186 100 26 général
2846 1192 32 16 en
2897 1186 58 22 chef
2975 1186 30 22 de

2432 1212 98 22 l'armée
2551 1213 31 22 de
2604 1213 249 22 Sambre-et-Meuse.

2459 1246 127 22 L'orateur
2605 1251 15 17 a
2640 1246 97 23 déclaré
2756 1252 46 21 que
2822 1247 85 22 Hoche
2927 1251 65 21 appa-

2432 1273 106 25 raissait,
2554 1273 93 22 devant
2662 1273 131 25 l'Histoire,
2810 1278 94 17 comme
2921 1274 22 21 le
2960 1274 32 21 hé-

2432 1304 41 17 ros
2486 1300 23 21 le
2524 1299 56 26 plus
2593 1305 47 21 pur
2654 1300 31 22 de
2700 1300 24 22 la
2739 1300 155 22 Révolution.
2908 1300 65 24 Puis,
2988 1301 18 20 il

2433 1331 15 17 a
2462 1326 98 22 montré
2581 1326 68 27 quels
2684 1327 199 25 enseignements
2924 1327 82 22 donne

2433 1353 157 26 aujourd'hui
2608 1358 50 17 aux
2675 1353 166 26 républicains
2857 1353 101 23 l'action
2976 1354 30 22 de

2433 1385 27 16 ce
2477 1379 80 23 héros.

2454 1414 63 17 Notre
2541 1417 51 18 pays
2615 1415 49 17 veut
2688 1414 157 21 profondément
2869 1414 21 18 la
2914 1415 54 21 paix,
2994 1419 12 14 a

2432 1440 105 21 poursuivi
2553 1440 18 18 le
2588 1441 94 18 ministre
2698 1441 24 18 de
2738 1442 21 17 la
2775 1442 84 20 Guerre,
2876 1442 21 17 et
2913 1442 15 17 11
2944 1445 25 14 n«
2985 1442 21 18 la

2432 1468 80 20 conçoit
2533 1471 37 17 que
2592 1468 52 17 dans
2664 1468 168 21 l'Indépendance
2853 1469 21 18 et
2894 1468 21 18 la
2935 1468 72 19 liberté

2432 1494 25 18 de
2479 1495 67 17 toutes
2567 1495 85 21 patries.
2672 1495 18 17 U
2711 1495 42 18 sait
2773 1499 38 17 que
2833 1495 20 18 la
2874 1499 71 14 course
2967 1499 39 14 aux

2433 1522 124 16 armements
2577 1521 110 21 risquerait
2706 1522 25 17 de
2750 1522 96 22 cpndulre
2866 1526 28 14 un
2913 1522 48 21 Jour
2981 1526 26 14 au

2432 1548 46 20 plus
2498 1548 118 18 redoutable
2635 1549 35 17 des
2689 1548 85 18 conflits
2793 1551 21 16 et
2833 1549 13 18 à
2864 1549 21 18 la
2904 1550 59 17 ruina
2982 1550 25 17 de

2433 1575 100 20 l'Europe.

2455 1608 135 20 Aujourd'hui
2614 1608 70 21 même,
2708 1609 12 17 k
2743 1609 88 21 Genève,
2854 1609 19 18 le
2895 1613 101 18 gouverne-

2433 1635 56 17 ment
2508 1635 27 18 du
2553 1635 59 18 front
2630 1635 106 22 populaire
2755 1639 96 14 consacre
2870 1640 38 14 son
2927 1637 80 21 énergie

2433 1662 12 17 â
2463 1662 70 18 rallijr
2549 1662 29 18 les
2595 1663 84 17 nations
2696 1664 12 17 k
2726 1666 22 14 ce
2764 1663 65 21 grand
2847 1663 53 18 Idéal
2917 1664 25 18 de
2959 1665 48 20 paix

2433 1689 115 18 indivisible
2572 1689 25 18 de
2621 1689 21 18 la
2666 1689 87 18 sécurité
2778 1690 110 20 collective,
2912 1691 95 20 garantie

2433 1719 38 17 par
2487 1716 129 18 l'assistance
2632 1717 97 17 mutuelle
2745 1718 70 17 contre
2831 1717 127 21 l'agression.

2456 1749 54 18 Nous
2525 1749 97 22 espérons
2637 1753 39 17 que
2690 1751 33 17 cet
2738 1750 59 21 appel
2813 1751 35 17 des
2863 1751 83 21 peuples
2961 1755 46 14 sera

2433 1776 89 18 entendu
2544 1777 25 17 de
2591 1778 57 16 toute
2669 1777 94 21 l'Europe
2784 1778 21 17 et
2825 1778 60 20 qu'ils
2907 1778 101 18 voudront

2433 1807 108 14 consacrer
2559 1804 54 17 leurs
2631 1803 75 18 efforts
2724 1804 12 18 k
2754 1808 40 14 une
2811 1805 107 17 réduction
2937 1805 60 18 simul-

2433 1830 66 20 tanée,
2523 1830 133 21 progressive,
2679 1831 146 18 efficacement
2847 1831 103 19 contrôlée
2972 1832 36 18 des

2434 1857 131 17 armements.

2456 1891 53 17 Mais
2528 1891 15 17 11
2562 1891 32 17 est
2613 1890 88 22 évident,
2721 1895 13 14 a
2753 1892 104 20 poursuivi
2877 1892 19 18 le
2914 1893 94 18 ministre

2433 1917 25 18 de
2475 1918 20 17 la
2512 1918 85 20 Guerre,
2615 1918 60 20 qu'en
2693 1918 111 18 attendant
2821 1922 38 18 que
2877 1923 22 14 ce
2917 1923 91 18 message

2433 1944 25 18 de
2474 1944 20 18 la
2508 1944 79 18 France
2602 1948 27 14 ne
2645 1945 78 20 reçoive
2739 1946 113 18 l'audience
2867 1946 35 18 des
2918 1947 87 20 nations,

2433 1972 59 17 notre
2514 1971 70 18 devoir
2603 1972 34 17 est
2658 1972 25 17 de
2705 1972 112 18 maintenir
2838 1973 21 18 et
2880 1973 129 19 d'améliorer

2434 1999 59 16 notre
2514 1998 108 21 puissance
2643 1998 110 19 défensive.
2775 2000 42 17 Elle
2838 2000 56 21 exige
2915 2000 24 18 de
2960 2001 48 17 durs

2434 2025 105 17 sacrifices
2560 2025 35 20 qui
2615 2026 48 17 sont
2683 2025 21 18 la
2724 2026 105 18 condition
2850 2026 113 19 nécessaire
2984 2028 24 17 de

2434 2053 59 16 notre
2510 2051 78 19 liberté.

2456 2085 91 18 L'œuvre
2567 2086 35 17 des
2623 2085 98 19 réformes
2740 2087 86 18 sociales
2845 2088 116 20 qu'exigent
2980 2088 29 18 les

2438 2113 65 19 temps
2531 2115 113 18 nouveaux,
2673 2117 25 13 ne
2725 2114 82 17 saurait
2834 2114 104 18 d'ailleurs
2965 2114 44 19 être

2435 2139 126 21 poursuivies
2577 2140 17 17 sl
2611 2139 21 18 la
2648 2139 83 19 défense
2747 2141 106 18 nationale
2869 2141 74 18 n'était
2959 2142 39 21 plei-

2435 2167 83 17 nement
2537 2167 21 17 et
2576 2166 113 19 fortement
2708 2166 89 20 assurée.

2463 2199 78 27 Après
2565 2200 69 22 avoir
2658 2200 85 26 ajouté
2767 2205 46 21 que
2837 2201 37 22 les
2898 2202 111 21 ennemis

2436 2227 31 22 de
2498 2226 26 22 la
2555 2226 160 27 République,
2734 2229 136 24 reprenant
2888 2228 35 23 les
2955 2229 41 22 tra-

2436 2253 92 22 ditions
2555 2254 32 21 de
2615 2254 66 22 leurs
2709 2254 70 22 aines
2807 2255 30 21 de
2865 2254 130 27 l'immigra-

2437 2281 60 24 tion,
2550 2281 153 21 récemment
2751 2285 88 18 encore
2887 2282 123 26 traçaient

2436 2312 36 17 un
2485 2307 100 22 tableau
2599 2307 102 23 ridicule
2715 2308 32 22 de
2761 2309 71 21 notre
2847 2308 90 25 armée,
2951 2309 45 21 s'ef

2437 2334 100 25 forçant
2554 2334 31 22 de
2602 2333 75 26 créer,
2691 2334 63 22 dans
2772 2335 22 21 le
2812 2339 67 22 pays,
2897 2339 49 18 une
2963 2340 38 21 pa>

2437 2361 74 25 nique
2532 2361 61 22 dont
2614 2361 30 22 ils
2666 2361 138 26 espéraient
2826 2361 85 26 qu'elle
2933 2362 63 21 servi-

2437 2388 50 21 rait
2499 2387 65 22 leurs
2577 2388 112 26 passions
2702 2388 146 26 partisanes,
2861 2388 23 23 le
2897 2388 113 23 ministre

2438 2420 16 16 a
2467 2414 98 22 déclaré
2584 2419 7 17 :

2459 2455 29 18 La
2504 2454 70 21 vérité,
2591 2456 50 17 c'est
2657 2459 38 18 que
2711 2455 83 18 l'armée
2810 2456 24 18 de
2850 2456 21 18 \&
2886 2456 125 22 République

2438 2482 31 17 est
2486 2482 125 21 pleinement
2629 2486 25 15 en
2673 2486 79 15 mesure
2771 2483 110 20 d'assurer,
2898 2487 26 14 en
2944 2485 68 17 toutes

2437 2509 157 21 circonstances,
2614 2509 111 22 l'Intégrité
2745 2510 24 18 de
2789 2510 20 18 la
2828 2510 73 21 patrie.
2921 2510 91 19 L'armée

2437 2537 31 16 est
2491 2535 94 22 présente
2608 2540 41 14 aux
2683 2537 117 20 frontières,
2834 2541 33 14 ses
2901 2536 111 22 régiments

2437 2562 117 22 spécialisés
2571 2563 87 21 gardent
2675 2567 32 14 ses
2724 2564 90 18 secteurs
2831 2564 90 18 fortifiés
2939 2565 20 17 et
2976 2564 29 19 dé'

2437 2590 75 18 fcnslfs
2533 2590 89 18 derrière
2643 2591 54 18 cette
2718 2591 64 18 solide
2803 2591 97 18 barrière.

2460 2617 36 17 Ses
2515 2616 89 19 réserves
2623 2617 81 21 locales,
2723 2618 46 20 puis
2787 2622 32 14 ses
2837 2618 90 18 réserves
2945 2619 55 17 moto-

2438 2643 62 18 risées
2516 2645 47 17 sont
2579 2644 67 21 prêtes
2662 2644 13 18 k
2691 2645 113 17 intervenir
2819 2645 128 21 rapidement
2963 2649 42 18 par

2439 2671 50 18 tout.
2507 2671 42 17 Elle
2568 2672 31 17 est
2617 2671 57 18 enfin
2693 2671 80 19 animée
2790 2672 27 18 du
2835 2672 45 21 plus
2898 2672 31 18 bel
2948 2673 64 21 esprit

2438 2698 24 18 de
2481 2698 70 17 devoir
2569 2699 21 17 et
2608 2698 25 18 de
2652 2698 113 22 discipline.

2460 2725 54 17 Four
2535 2725 46 17 tout
2602 2725 49 20 dire,
2674 2729 12 14 a
2707 2725 72 18 conclu
2800 2725 27 18 M.
2848 2725 104 22 Daladler,
2974 2727 37 18 elle

2438 2752 31 17 est
2486 2752 23 17 et
2527 2752 37 18 elle
2583 2753 78 17 restera
2680 2755 27 15 au
2725 2753 76 17 service
2820 2753 52 18 total
2891 2753 24 18 de
2934 2753 20 18 la
2973 2757 27 14 na

2439 2779 43 17 tion
2503 2778 144 22 républicaine,
2669 2783 51 17 pour
2741 2779 20 18 la
2783 2780 124 20 sauvegarde
2928 2780 25 18 de
2974 2784 37 14 son

2438 2805 153 22 indépendance
2609 2807 21 17 et
2648 2807 25 18 de
2691 2810 32 14 ses
2741 2806 89 19 libertés.
2848 2815 24 5 —
2889 2807 76 18 Havas.

2522 2884 187 32 AVIATEURS
2726 2885 204 31 ALLEMANDS

2630 2942 21 30 A
2669 2941 156 31 LONDRES

2542 3018 46 25 (De
2605 3017 72 22 notre
2694 3016 211 27 correspondant.)

2463 3051 117 26 Londres,
2599 3052 28 21 28
2646 3051 63 26 juin.
2727 3061 31 6 —
2780 3051 58 22 (Par
2858 3049 141 27 téléphone)

2439 3096 26 5 —
2478 3086 35 22 Le
2529 3084 100 27 général
2646 3084 85 26 Milch,
2747 3084 131 22 secrétaire
2894 3083 83 23 d'Etat
2994 3084 16 21 à

2437 3119 127 22 l'aviation
2582 3118 147 26 allemande,
2747 3119 38 21 est
2803 3117 87 26 arrivé,
2908 3117 90 26 aujour-

2437 3153 75 25 d'hui,
2524 3152 16 23 à
2551 3152 160 23 l'aérodrome
2723 3152 31 22 de
2766 3151 121 26 Croydon,
2899 3156 32 17 en
2943 3155 54 17 com-

2436 3186 90 26 pagnie
2555 3186 30 22 de
2614 3185 122 27 plusieurs
2765 3185 110 22 officiers
2903 3184 32 22 de
2964 3189 46 17 son

2435 3219 156 26 état-major.

2462 3254 40 21 Au
2516 3258 72 17 cours
2602 3252 30 23 de
2646 3252 54 22 leur
2714 3251 83 27 séjour
2811 3257 32 17 en
2858 3251 143 25 Angleterre

2436 3287 23 22 le
2472 3286 100 27 général
2585 3286 78 22 Milch
2676 3287 26 21 et
2714 3291 39 17 ses
2766 3285 192 22 collaborateurs
2971 3285 24 21 vi-

2435 3321 106 22 siteront
2551 3321 32 22 de
2594 3325 131 17 nouveaux
2736 3320 71 26 types
2819 3319 111 22 d'avions
2941 3318 54 22 mili-

2436 3355 74 22 taires
2539 3354 25 22 et
2593 3353 188 26 commerciaux,
2810 3353 62 23 dont
2900 3353 109 21 certains

2434 3388 85 23 seront
2540 3387 109 27 exposés,
2671 3387 16 22 à
2708 3387 81 26 partir
2810 3387 31 22 de
2863 3386 106 27 demain,
2991 3387 17 22 à

2435 3422 159 23 l'aérodrome
2610 3422 31 22 de
2657 3421 120 23 Hatfield.

2452 3501 42 31 LE
2520 3501 115 32 CALME
2663 3495 112 37 RÈGNE
2801 3501 20 30 A
2848 3500 143 31 DANTZIG

2462 3569 124 25 Varsovie,
2601 3569 29 22 28
2647 3569 62 26 juin.
2724 3580 30 5 —
2768 3569 34 22 Le
2818 3568 79 22 calme
2912 3568 23 22 le
2951 3567 56 26 plus

2434 3596 107 26 complet
2560 3596 76 26 règne
2656 3595 16 23 à
2692 3595 113 26 Danteig,
2826 3595 72 26 après
2917 3594 26 23 la
2962 3594 31 23 dé-

2434 3623 122 23 claration
2576 3623 31 22 de
2627 3623 35 22 M.
2682 3622 106 26 Forster,
2808 3622 58 22 chef
2885 3621 35 23 du
2940 3621 66 26 parti

2435 3650 113 22 national
2568 3649 129 26 socialiste,
2718 3649 64 23 dans
2801 3648 104 27 laquelle
2924 3648 19 22 il
2963 3648 30 22 de-

2434 3677 92 22 mande
2548 3677 25 21 la
2595 3676 134 23 démission
2750 3676 34 22 du
2806 3676 64 22 haut
2891 3675 103 23 commis-

2434 3704 64 22 saire
2515 3704 31 22 de
2562 3704 26 21 la
2604 3704 25 21 S.
2645 3704 30 21 D.
2691 3704 37 25 N.,
2745 3703 26 22 et
2787 3703 101 25 attaque
2905 3702 88 22 violem-

2433 3731 71 22 ment
2517 3735 47 18 son
2578 3729 108 23 activité.

2462 3757 46 22 Les
2527 3757 115 26 attaques
2660 3757 31 22 de
2709 3757 35 22 M.
2762 3756 100 22 Forster
2880 3755 85 23 contre
2984 3755 23 21 le

2432 3784 245 23 haut-commissaire
2709 3783 70 23 n'ont
2810 3788 45 21 pas
2886 3782 120 22 déchaîné

2433 3811 91 26 l'orage
2537 3810 130 23 immédiat
2681 3811 73 26 qu'on
2767 3810 83 22 aurait
2863 3814 34 22 pu
2910 3809 98 26 prévoir

2433 3838 24 22 le
2472 3838 56 26 jour
2545 3838 31 22 de
2592 3837 25 23 la
2634 3836 151 28 publication
2801 3837 31 22 de
2849 3841 29 18 sa
2893 3836 100 22 déclara-

2434 3865 61 25 tion,
2508 3864 16 22 à
2536 3864 93 25 Berlin,
2642 3864 76 22 douze
2730 3864 89 22 heures
2832 3863 77 22 avant
2921 3862 86 27 qu'elle

2433 3891 62 23 n'ait
2511 3890 40 24 été
2567 3891 97 26 publiée
2681 3891 16 22 à
2713 3890 113 26 Dantzig.
2842 3901 30 5 —
2887 3890 91 22 Havas.

1379 3981 116 55 UE
1554 3981 441 62 BANQUET
2053 3980 168 54 DES
2281 3980 588 54 HUMORISTES

1860 4067 225 10 ***m^m^**mm*0+0*m0mm^m^
2084 4066 18 11 ^
2100 4066 260 11 m^m^m*i*^m*+mmm*mmmm*+m*m**i

3030 361 140 67 LE
3232 362 361 69 REPOS

3117 454 389 43 DOMINICAL

3132 514 51 41 A
3212 505 275 51 GENÈVE

3108 607 48 34 UN
3182 608 207 34 IMPORTANT
3409 610 105 34 DINER

3108 656 139 35 FRANCO
3256 658 259 40 -BRITANNIQUE

3054 724 105 26 Genève,
3173 725 28 22 28
3215 726 62 26 juin.
3290 738 29 5 —
3333 727 33 22 Le
3379 732 72 22 repos
3464 727 133 23 dominical

3026 751 37 21 est
3077 751 99 23 observé
3190 758 32 17 ou
3236 753 16 22 à
3266 758 48 22 peu
3328 753 56 27 près
3399 759 45 21 par
3458 754 25 22 la
3497 754 100 27 plupart

3026 777 42 21 des
3088 777 158 27 délégations.

3053 804 46 21 Les
3119 806 124 22 ministres
3263 806 44 22 des
3327 806 109 23 Affaires
3456 807 142 26 étrangères

3027 831 25 20 et
3064 830 35 22 les
3111 831 70 22 chefs
3194 833 42 21 des
3249 832 151 27 délégations
3413 839 26 16 se
3451 835 57 21 sont
3520 833 64 27 égail-

3027 855 36 22 lés
3076 861 62 21 pour
3151 859 115 26 quelques
3279 860 89 22 heures
3382 860 63 22 dans
3458 860 26 22 la
3497 861 87 21 monta-

3027 887 47 20 gne
3090 884 99 23 voisine.

3055 909 171 25 L'événement
3240 913 116 27 politique
3372 913 30 23 de
3417 913 24 23 la
3456 913 103 26 Journée
3573 915 25 21 et

3028 936 184 24 probablement
3230 939 23 22 le
3270 940 60 25 seul,
3348 945 55 17 sera
3421 941 23 22 le
3462 940 71 23 diner
3550 946 47 21 que

3028 962 34 21 M.
3079 962 68 23 Eden
3165 964 95 27 offrira,
3277 971 27 17 ce
3321 967 56 25 soir,
3394 967 64 22 dans
3475 968 35 21 les
3528 968 55 21 envi-

3028 993 58 17 rons
3101 989 30 22 de
3146 990 106 27 Genève,
3266 992 16 22 à
3296 993 61 22 MM.
3372 994 74 22 Blum
3460 995 26 21 et
3500 994 96 22 Delbos.

3056 1016 34 21 Ce
3106 1015 71 22 diner
3192 1022 55 17 sera
3262 1018 25 23 la
3302 1019 108 30 réplique
3426 1021 30 22 de
3472 1021 25 22 la
3512 1020 71 27 récep-

3029 1042 53 22 tion
3098 1042 98 27 offerte,
3212 1044 67 25 Jeudi
3295 1046 55 25 soir,
3366 1052 16 17 a
3398 1047 76 25 Paris,
3490 1052 33 18 au
3539 1048 58 21 chef

3028 1069 34 22 du
3082 1069 105 26 Foreign
3207 1070 83 23 Office
3310 1077 45 21 par
3375 1073 23 22 le
3418 1073 126 27 président
3564 1074 33 22 du

3028 1095 99 22 Conseil
3146 1097 25 20 et
3190 1101 46 21 par
3255 1097 22 22 le
3296 1099 111 23 ministre
3426 1101 44 22 des
3488 1101 109 22 Affaires

3028 1122 142 26 étrangères
3185 1123 116 26 français.

3055 1150 47 21 Les
3116 1149 100 22 milieux
3232 1150 200 25 internationaux
3447 1154 152 22 s'accordent

3028 1176 16 22 à
3057 1176 115 22 attacher
3185 1181 49 17 une
3246 1176 152 27 Importance
3410 1180 117 27 politique
3539 1186 46 21 par

3029 1203 110 22 ticulière
3156 1208 33 17 au
3206 1202 71 23 diner
3294 1204 256 30 franco-britannique
3567 1208 30 22 de

3028 1235 28 17 ce
3068 1230 57 22 soir.
3137 1241 30 5 —
3178 1230 91 22 Havas.

3223 1272 192 32 OPTIMISME

3133 1320 46 23 (De
3197 1319 71 22 notre
3286 1320 208 26 correspondant.)

3056 1353 107 25 Genève,
3185 1353 27 21 28
3234 1352 62 26 juin.
3316 1363 30 6 —
3370 1353 59 22 (Par
3449 1353 140 26 téléphone)

3028 1392 28 4 —
3073 1381 33 21 Le
3125 1380 167 25 changement
3310 1379 31 23 de
3360 1383 191 22 gouvernement
3568 1386 32 17 en

3028 1408 94 21 France
3146 1411 149 20 commence,
3319 1406 121 26 parait-il,
3464 1406 16 22 à
3503 1412 98 18 exercer

3029 1439 48 17 une
3095 1434 121 22 heureuse
3234 1433 127 22 influence
3379 1438 43 17 sur
3439 1433 23 22 le
3481 1437 71 19 cours
3570 1434 30 22 de

3028 1461 25 21 la
3069 1461 118 25 politique
3205 1460 162 23 européenne.

3056 1488 34 21 Ce
3104 1488 56 24 soir,
3175 1487 15 22 à
3205 1487 80 22 l'issue
3300 1487 59 22 d'un
3374 1486 110 26 échange
3499 1487 29 22 de
3543 1491 58 18 vues

3029 1515 69 21 entre
3121 1515 62 21 MM.
3205 1514 76 25 Eden,
3303 1513 74 22 Blum
3400 1515 26 20 et
3447 1513 97 26 Delbos,
3567 1514 35 21 les

3028 1541 64 22 deux
3113 1541 159 26 délégations,
3293 1540 110 26 anglaise
3425 1541 26 21 et
3471 1540 128 26 française,

3028 1568 132 22 affirment
3180 1573 58 17 avec
3258 1567 140 23 conviction
3418 1571 46 22 que
3484 1566 118 23 l'entente

3029 1595 211 25 franco-anglaise
3256 1596 38 20 est
3309 1600 32 16 en
3357 1594 68 22 train
3440 1594 30 22 de
3486 1599 26 16 se
3527 1594 61 21 réali

3028 1626 39 17 ser
3079 1626 42 17 sur
3134 1623 55 20 tous
3202 1622 35 21 les
3249 1621 144 26 problèmes,
3405 1620 81 23 même
3499 1620 36 22 les
3547 1620 55 26 plus

3028 1648 124 25 difficiles,
3168 1649 157 21 notamment
3342 1648 36 22 les
3394 1647 128 23 sanctions
3537 1649 26 21 et
3579 1647 23 21 le

3029 1674 123 26 problème
3168 1675 30 22 de
3214 1675 112 26 l'Europe
3342 1674 117 22 centrale.

3056 1702 41 21 Du
3116 1701 54 22 côté
3191 1702 102 25 anglais,
3314 1707 33 16 on
3366 1701 97 22 déclare
3484 1705 54 22 que,
3558 1701 30 21 de-

3029 1728 55 26 puis
3105 1729 121 25 plusieurs
3246 1728 100 25 années,
3366 1729 19 21 il
3405 1729 42 25 n'y
3468 1733 15 17 a
3505 1732 46 21 pas
3571 1732 31 17 eu

3029 1756 70 21 entre
3117 1755 35 22 les
3170 1755 185 26 représentants
3372 1755 31 22 de
3421 1755 25 22 la
3463 1755 96 22 France
3577 1756 26 20 et

3029 1786 61 17 ceux
3104 1782 30 22 de
3149 1782 160 26 l'Angleterre
3323 1787 35 17 un
3372 1782 110 26 échange
3497 1782 31 22 de
3543 1786 59 17 vues

3029 1809 67 21 aussi
3111 1809 163 21 satisfaisant.

3056 1836 41 21 Du
3115 1835 54 22 côté
3187 1835 117 25 français,
3322 1841 32 17 on
3373 1835 110 26 souligne
3501 1840 47 22 que
3566 1835 36 21 les

3029 1862 63 22 deux
3111 1863 204 25 gouvernements
3333 1864 58 21 sont
3408 1862 113 23 d'accord
3539 1867 63 21 pour

3030 1894 35 16 un
3077 1889 183 22 renforcement
3272 1889 31 22 de
3316 1889 24 22 la
3354 1889 25 22 S.
3391 1890 30 21 D.
3434 1890 29 21 N.

3056 1916 79 21 Toute
3150 1916 136 21 discussion
3300 1921 44 17 sur
3357 1921 49 17 une
3421 1916 134 26 possibilité
3570 1916 31 22 de

3030 1942 106 22 réforme
3157 1944 37 20 est
3215 1942 120 26 renvoyée
3356 1947 33 17 au
3409 1943 63 22 mois
3492 1943 31 22 de
3544 1947 44 22 sep

3030 1969 104 25 tembre;
3149 1969 18 22 il
3180 1969 63 22 n'est
3256 1974 45 21 pas
3314 1970 113 25 question
3440 1970 59 22 d'un
3511 1971 90 21 comité

3030 1995 104 22 d'étude.

3057 2022 46 22 Les
3119 2023 64 21 deux
3199 2023 204 25 gouvernements
3418 2023 46 22 ont
3479 2023 39 22 été
3534 2023 53 22 d'ac

3030 2049 59 22 cord
3109 2054 62 21 pour
3191 2054 116 21 proposer
3327 2049 16 22 à
3363 2050 25 21 la
3407 2049 142 26 présidence
3570 2050 31 22 de

3030 2075 150 23 l'assemblée
3194 2076 30 22 de
3238 2076 24 22 la
3277 2077 24 21 S.
3315 2077 30 21 D.
3358 2077 29 21 N.
3400 2076 25 22 la
3439 2077 162 21 candidature

3030 2102 30 22 de
3075 2103 34 21 M.
3124 2107 50 17 van
3189 2102 114 22 Zeeland.

3058 2129 113 26 Celui-ci,
3188 2130 128 25 pressenti,
3333 2130 82 22 aurait
3432 2130 95 26 objecté
3544 2131 57 25 qu'il

3031 2156 63 22 n'est
3114 2161 45 21 pas
3180 2156 42 22 sûr
3242 2157 30 21 de
3293 2157 102 25 pouvoir
3414 2158 79 20 rester
3513 2157 16 22 à
3550 2158 37 21 Ge

3031 2182 60 22 nève
3107 2183 56 26 plus
3178 2183 30 22 de
3223 2183 64 22 deux
3304 2188 32 17 ou
3351 2184 61 21 trois
3427 2184 76 25 jours.

3059 2210 40 21 On
3119 2210 116 21 attendra
3255 2215 32 17 en
3306 2211 56 21 tout
3380 2215 42 17 cas
3441 2210 110 23 l'arrivée
3570 2211 31 21 de

3031 2236 33 21 M.
3083 2241 50 16 van
3152 2236 107 22 Zeeland
3278 2241 62 21 pour
3358 2242 101 21 pousser
3476 2237 57 26 plus
3550 2238 51 21 loin

3030 2263 36 22 les
3082 2263 184 22 conversations
3282 2265 71 21 entre
3369 2264 156 25 Locarniens,
3541 2269 47 17 con-

3031 2290 136 21 versations
3183 2290 41 26 qui
3240 2292 85 21 seront
3340 2290 207 24 éventuellement
3561 2296 27 17 re-

3031 2316 77 26 prises
3125 2316 15 22 à
3156 2317 140 25 Montreux,
3312 2317 73 26 après
3400 2318 25 22 la
3441 2318 40 22 fin
3496 2318 32 22 de
3544 2318 45 22 l'as-

3031 2342 112 23 semblée.

3059 2370 33 22 Le
3113 2370 67 22 bruit
3201 2375 15 17 a
3238 2370 39 22 été
3298 2370 118 26 répandu,
3438 2371 157 26 aujourd'hui

3032 2401 46 21 que
3094 2396 23 22 le
3133 2397 77 25 négus
3227 2397 82 22 aurait
3326 2398 112 22 annoncé
3456 2403 46 17 son
3518 2399 71 22 inten-

3032 2423 53 22 tion
3101 2423 30 22 de
3147 2424 107 25 repartir
3270 2429 62 21 pour
3347 2424 137 27 l'Ethiopie,
3501 2426 55 21 afin
3572 2426 30 21 de

3033 2450 131 26 reprendre
3182 2450 25 22 la
3224 2451 121 22 direction
3362 2452 30 21 de
3410 2452 25 21 la
3453 2452 101 23 défense
3572 2453 30 21 de

3033 2476 24 22 la
3069 2477 80 26 partie
3161 2477 30 22 de
3204 2482 61 21 pays
3277 2483 51 16 non
3340 2483 87 17 encore
3440 2479 104 25 occupée
3557 2484 45 21 par

3032 2503 35 22 les
3083 2503 109 23 Italiens.
3209 2504 71 22 Cette
3295 2504 164 23 information
3474 2507 38 21 est
3528 2507 16 21 à
3560 2511 28 16 ac

3033 2530 93 22 cueillir
3146 2535 58 17 sous
3224 2531 81 22 toutes
3324 2531 115 23 réserves.
3458 2532 71 22 Dans
3549 2537 40 18 cer

3034 2556 66 23 tains
3116 2557 108 25 milieux,
3242 2562 33 17 on
3292 2558 62 22 croit
3371 2559 140 25 cependant
3528 2561 74 24 qu'un

3033 2583 78 26 pareil
3128 2585 66 24 geste
3212 2584 30 22 de
3260 2584 24 22 la
3302 2586 57 24 part
3375 2585 34 22 du
3427 2586 77 25 négus
3521 2586 68 21 facili

3033 2611 75 21 terait
3120 2611 25 21 la
3157 2610 101 23 défense
3271 2611 31 23 de
3314 2612 26 22 la
3353 2617 72 18 cause
3439 2613 163 26 éthiopienne.

3034 2648 27 5 -
3074 2638 28 21 A.
3116 2638 27 22 Z.

3162 2710 31 31 IL
3207 2710 87 31 SERA
3312 2706 163 37 DEMANDÉ

3157 2767 20 30 A
3196 2768 35 30 M.
3247 2768 62 30 VAN
3324 2768 156 32 ZEELAND

3083 2823 43 30 DE
3142 2817 166 38 PRÉSIDER
3323 2820 232 36 L'ASSEMBLÉE

3061 2869 106 26 Genève,
3182 2870 27 22 28
3224 2870 62 26 juin.
3299 2882 30 5 —
3342 2871 23 22 Il
3378 2871 91 23 semble
3484 2876 46 22 que
3545 2872 45 21 l'ac-

3032 2896 59 22 cord
3105 2896 48 23 soit
3168 2897 48 22 fait
3230 2897 81 26 parmi
3325 2898 36 22 les
3376 2898 152 25 délégations
3542 2904 63 21 pour

3032 2923 135 22 demander
3189 2924 16 22 à
3227 2924 34 21 M.
3282 2929 51 17 van
3355 2924 114 26 Zeeland,
3498 2926 106 26 premier

3032 2949 113 23 ministre
3161 2950 32 22 de
3210 2950 123 27 Belgique,
3350 2951 137 26 d'accepter
3504 2952 26 22 la
3547 2953 43 25 pré-

3032 2977 98 22 sidence
3146 2977 31 22 de
3194 2977 149 23 l'assemblée
3360 2978 30 23 de
3407 2978 25 22 la
3449 2979 96 22 Société
3561 2979 43 22 des

3032 3003 111 26 Nations,
3157 3004 42 26 qui
3212 3004 118 23 s'ouvrira
3343 3005 88 22 mardi.
3443 3016 30 5 —
3486 3006 90 22 Havas.

3089 3082 42 31 LE
3157 3077 155 37 CONGRÈS
3339 3084 43 30 DE
3409 3084 133 31 L'UNION

3224 3139 197 31 SOCIALISTE

3285 3173 3 4 ■

3136 3213 47 25 (De
3199 3212 72 23 notre
3288 3214 210 26 correspondant.)

3058 3245 78 27 Paris,
3153 3246 28 22 28
3198 3245 63 27 juin.
3278 3257 29 5 —
3328 3247 59 21 (Par
3404 3247 152 26 téléphone).
3573 3258 30 6 —

3030 3272 98 22 L'ordre
3142 3273 33 21 du
3190 3273 56 25 Jour
3260 3273 90 25 adopté
3364 3278 46 21 par
3423 3274 26 21 la
3463 3274 139 25 délégation

3030 3300 161 25 permanente
3211 3300 31 21 de
3261 3299 101 23 l'Union
3381 3300 129 26 socialiste,
3530 3301 72 25 après

3030 3330 35 17 un
3083 3325 81 27 ample
3183 3325 75 23 débat
3276 3331 42 18 sur
3335 3327 26 22 la
3378 3326 122 23 situation
3517 3327 71 26 politl

3029 3357 54 21 que,
3097 3353 26 21 ct
3137 3353 117 22 assurant
3267 3353 22 22 le
3304 3355 193 24 gouvernement
3511 3355 30 21 de
3555 3359 46 17 son

3029 3379 172 22 attachement
3234 3379 166 27 Indéfectible,
3435 3380 68 23 avait
3537 3381 62 22 situé

3028 3406 140 22 nettement
3186 3406 26 22 la
3229 3406 108 26 position
3354 3407 31 22 de
3403 3407 100 22 l'Union
3521 3407 66 22 socia-

3028 3432 57 23 liste
3101 3432 166 26 républicaine
3284 3432 16 23 à
3315 3433 93 26 l'égard
3424 3434 34 22 du
3473 3434 127 22 ministère

3028 3459 35 22 du
3078 3459 70 22 front
3163 3459 135 26 populaire.

3056 3486 33 22 Le
3108 3486 117 25 discours,
3251 3486 131 26 prononcé,
3402 3487 140 26 dimanche,
3568 3492 33 18 au

3029 3512 102 26 congrès
3145 3513 31 22 de
3190 3513 107 26 l'Union,
3311 3518 48 21 par
3372 3514 34 22 M.
3420 3514 95 22 Marcel
3529 3514 70 27 Déat,

3029 3539 130 22 secrétaire
3177 3539 100 26 général
3294 3540 34 22 du
3346 3540 73 26 parti,
3437 3541 56 22 tout
3510 3545 32 18 en
3560 3541 28 22 af-

3029 3566 106 22 firmant
3156 3566 124 22 l'attitude
3304 3567 30 22 de
3357 3567 100 22 l'Union
3479 3568 123 22 socialiste

3029 3592 173 27 républicaine,
3216 3598 15 17 a
3245 3593 93 26 précisé
3352 3593 36 23 les
3401 3594 84 26 points
3499 3594 102 23 délicats

3028 3620 35 21 du
3079 3620 96 21 soutien
3193 3625 46 21 que
3256 3620 99 22 l'Union
3372 3620 122 23 socialiste
3512 3622 76 22 enten-

3029 3646 54 23 dait
3095 3647 116 25 apporter
3225 3652 33 17 au
3271 3649 199 23 gouvernement.
3483 3649 35 21 M.
3531 3649 57 21 Mar

3029 3673 37 21 eel
3094 3673 65 22 Déat
3188 3674 41 21 n'a
3259 3678 45 21 pas
3333 3674 76 22 caché
3439 3679 46 22 que
3515 3675 22 21 si
3566 3675 36 22 les

3029 3698 158 27 dispositions
3201 3700 78 26 prises
3293 3705 47 21 par
3353 3700 24 23 le
3391 3700 135 27 ministère,
3541 3706 48 18 con-

3029 3727 104 22 cernant
3155 3727 87 22 l'ordre
3265 3727 82 26 social,
3368 3727 36 22 les
3425 3727 120 24 réformes
3567 3729 20 21 fi-

3028 3758 28 16 ni
3063 3753 100 25 ncières,
3193 3753 25 22 la
3246 3753 101 23 défense
3376 3754 174 27 républicaine,
3578 3755 24 21 le

3028 3779 123 23 maintien
3165 3780 30 23 de
3209 3780 25 22 la
3249 3780 65 27 paix,
3328 3780 95 23 étaient
3436 3781 31 22 de
3481 3782 90 22 nature
3585 3782 16 22 à

3028 3805 126 24 satisfaire
3181 3806 152 27 pleinement
3352 3807 100 23 l'Union
3478 3808 121 22 socialiste

3028 3832 174 27 républicaine,
3216 3833 18 22 il
3248 3834 58 22 n'en
3320 3835 38 22 est
3371 3839 47 21 pas
3430 3834 32 23 de
3476 3834 80 23 même
3570 3835 30 22 de

3029 3860 121 22 certaines
3166 3860 121 23 attitudes
3302 3860 117 27 adoptées
3434 3866 46 21 par
3495 3861 24 23 le
3534 3862 65 26 parti

3029 3887 170 22 communiste.

3056 3913 110 22 L'Union
3185 3913 130 27 socialiste,
3334 3919 16 17 a
3368 3914 158 23 notamment
3544 3915 43 26 spé

3029 3939 58 23 cifié
3100 3940 23 23 le
3137 3940 131 23 secrétaire
3282 3940 107 27 général,
3403 3942 94 22 entend
3510 3946 78 22 appor

3029 3967 39 22 ter
3081 3972 33 17 au
3128 3968 191 25 gouvernement
3332 3973 29 17 sa
3374 3968 55 27 plus
3443 3968 93 23 entière
3550 3968 39 23 col

3029 3994 146 25 laboration,
3189 3994 65 22 mais
3268 3994 18 22 il
3302 4000 25 16 se
3343 3988 81 29 refuse
3440 3999 16 18 a
3471 3995 117 22 abandon

3029 4025 46 17 ner
3089 4026 28 16 sa
3133 4020 86 23 liberté
3235 4021 31 22 de
3281 4021 135 26 jugement.

3056 4047 79 27 Après
3148 4047 68 22 avoir
3228 4047 69 27 parlé
3310 4048 31 22 de
3355 4048 25 22 la
3392 4047 88 23 liberté
3493 4049 26 22 et
3532 4048 30 23 de
3576 4049 24 22 la

3029 4074 65 26 paix,
3108 4074 22 22 le
3144 4074 131 23 secrétaire
3289 4074 100 27 général
3402 4075 31 22 de
3446 4075 101 22 l'Union
3559 4080 29 17 so-

3028 4101 96 22 cialiste
3158 4100 173 27 républicaine,
3367 4107 16 17 a
3418 4102 113 22 examiné
3565 4102 36 22 les

3029 4128 91 26 grands
3134 4127 137 27 problèmes
3284 4128 31 22 de
3329 4128 25 22 la
3368 4128 66 26 paix.

3056 4154 160 26 Réprouvant
3230 4154 22 23 le
3267 4154 105 27 système
3387 4155 44 23 des
3444 4155 119 24 alliances
3576 4156 26 22 et

3029 4181 43 23 des
3100 4181 73 26 blocs,
3193 4181 149 23 conduisant
3363 4181 16 23 à
3400 4182 25 22 la
3446 4186 93 23 guerre,
3567 4184 34 21 M.

3028 4208 94 22 Marcel
3134 4208 66 22 Déat
3212 4208 57 23 s'est
3282 4208 124 27 prononcé
3419 4214 62 21 pour
3494 4214 48 18 une
3555 4214 33 22 po-

3028 4234 86 27 litique
3128 4235 31 22 de
3173 4234 105 24 sécurité
3292 4235 125 23 collective
3432 4237 26 22 et
3472 4236 30 23 de
3516 4236 85 26 pactes

3028 4264 99 20 ouverts
3141 4261 16 23 à
3171 4263 63 21 tous.

3057 4296 11 13 «
3090 4288 170 27 L'expérience
3282 4289 130 26 française,
3435 4294 16 17 a
3472 4289 38 23 dit
3537 4294 63 21 pour

3027 4316 114 22 conclure
3156 4316 23 22 le
3194 4315 130 23 secrétaire
3340 4315 99 27 général
3454 4316 30 22 de
3500 4315 98 23 l'Union

3027 4342 123 22 socialiste
3170 4341 173 27 républicaine,
3365 4342 53 23 doit
3437 4342 99 26 réussir,
3556 4347 43 17 car

3026 4369 36 22 les
3077 4368 179 27 conséquences
3271 4369 60 22 d'un
3346 4368 74 23 échec
3434 4369 109 23 seraient
3557 4374 27 17 re-

3026 4395 135 23 doutables.

3055 4430 11 12 «
3086 4422 24 22 H
3128 4427 32 17 ne
3178 4422 73 27 s'agit
3268 4427 46 22 pas
3332 4422 31 23 de
3381 4421 27 23 la
3426 4422 93 23 défaite
3538 4422 59 22 d'un

3026 4449 100 22 homme
3142 4453 32 18 ou
3190 4449 58 22 d'un
3264 4448 73 27 parti,
3353 4449 63 22 mais
3432 4449 31 23 de
3478 4449 60 22 celle
3554 4449 41 23 dei

3026 4476 80 22 forces
3123 4475 185 27 républicaines.
3325 4476 22 22 Il
3364 4475 57 23 faut
3437 4476 17 22 à
3470 4476 56 22 tout
3543 4476 52 26 prix

3026 4502 97 27 Joindre
3142 4503 56 22 tous
3216 4502 35 23 les
3269 4502 96 27 efforts,
3383 4507 63 22 pour
3464 4502 58 27 qu'il
3539 4503 56 22 n'en

3025 4529 49 23 soit
3087 4534 46 22 pas
3147 4529 71 22 ainsi.
3234 4538 10 11 »

3117 4596 212 36 PÈLERINAGE
3353 4602 21 30 A
3398 4602 109 30 YPRES

1734 5159 57 22 LES
1811 5158 208 23 HUMORISTES
2040 5157 66 23 ONT
2120 5158 79 21 FETE
2215 5159 130 21 AMEDEE
2360 5156 107 23 LYNEN

1285 5192 69 24 Voici
1371 5191 24 22 le
1413 5189 127 28 président
1558 5188 31 22 de
1607 5187 26 22 la
1652 5195 12 13 €
1682 5186 70 22 Mine
1771 5186 132 22 Souriante
1919 5194 21 16 »,
1955 5185 34 22 M.
2004 5184 96 22 Marcel
2115 5184 115 25 Antoine,
2245 5184 126 22 félicitant
2386 5182 107 23 Amédée
2514 5182 86 26 Lynen
2622 5182 27 23 et
2677 5182 36 22 lui
2742 5182 137 23 remettant
2908 5188 46 17 son

1787 5212 113 26 portrait,
1921 5218 32 16 en
1975 5211 52 22 bois
2048 5209 114 27 découpé,
2184 5216 85 17 œuvre
2289 5211 32 21 de
2335 5212 152 23 Lempereur.

1284 5247 38 22 De
1339 5245 96 28 gauche
1452 5243 17 23 à
1487 5242 79 24 droite
1586 5246 8 18 :
1615 5239 144 26 Scouflaire,
1775 5239 96 22 Marcel
1886 5239 114 25 Antoine,
2016 5237 64 23 Rali.
2096 5237 96 26 Lenoir,
2207 5238 56 26 Ray
2277 5239 53 24 Mu,
2346 5236 106 23 Amédée
2469 5237 92 26 Lynen,
2578 5236 89 22 Mister
2683 5236 56 22 Van
2757 5236 26 22 et
2799 5236 155 26 Lempereur.

1265 5321 35 22 Le
1318 5319 120 27 septième
1458 5316 77 24 Salon
1554 5315 44 22 des
1616 5312 151 24 humoristes
1784 5322 30 5 —

1238 5348 49 26 qui,
1304 5348 48 22 soit
1369 5347 38 22 dit
1424 5351 33 17 en
1473 5343 111 28 passant,
1601 5346 16 17 a
1633 5345 59 21 reçu
1709 5338 57 27 près
1783 5338 30 21 de

1238 5375 63 25 5,000
1320 5374 115 22 visiteurs
1466 5383 31 6 —
1527 5370 70 22 vient
1614 5368 32 22 de
1664 5367 92 21 fermer
1775 5370 38 16 ses

1238 5402 84 25 portes
1337 5401 26 22 et
1380 5401 66 21 cette
1476 5398 94 22 clôture
1601 5401 17 17 a
1634 5394 40 23 été
1690 5396 123 22 marquée,

1238 5428 102 25 samedi,
1359 5432 47 22 par
1425 5427 23 22 le
1483 5421 163 26 traditionnel
1680 5421 25 22 et
1725 5420 88 25 Joyeux

1238 5455 109 26 banquet
1360 5454 71 22 final.
1444 5453 73 22 Cette
1531 5452 87 24 année,
1631 5449 36 22 les
1678 5447 135 23 chevaliers

1238 5482 31 21 de
1285 5481 26 22 la
1324 5482 69 21 mine
1409 5480 102 22 avaient
1527 5478 78 22 choisi
1621 5480 63 23 pour
1700 5474 74 22 cadre
1798 5478 15 16 a

1238 5508 66 22 leurs
1322 5508 72 22 ébats
1411 5505 220 28 gastronomiques,
1650 5501 119 24 oratoires
1788 5501 26 20 et

1237 5534 232 26 chorégraphiques,
1499 5538 37 17 un
1567 5530 81 28 grand
1664 5528 149 24 chàlet-res-

1238 5561 105 22 taurant
1370 5561 32 22 de
1429 5561 27 21 la
1483 5559 123 25 banlieue,
1635 5557 57 27 près
1706 5556 32 22 de
1751 5555 49 22 Ter-

1238 5592 100 20 vueren,
1349 5592 33 17 en
1393 5587 82 26 pleine
1486 5586 74 22 forêt.

1266 5614 23 21 n
1308 5614 87 22 faisait
1414 5613 122 23 délicieux
1556 5613 26 22 et
1601 5611 73 26 frais;
1696 5610 37 22 les
1753 5613 47 18 con-

1237 5640 68 22 vives
1322 5645 27 17 se
1368 5640 172 22 découvrirent
1558 5644 50 17 une
1626 5639 57 21 âme
1701 5636 112 23 d'écolier

1238 5672 33 17 en
1288 5667 131 25 escapade;
1440 5667 38 22 les
1494 5667 57 22 vins
1569 5665 123 27 généreux
1718 5663 95 24 aidant,

1234 5698 40 17 ces
1282 5698 92 21 agapes
1384 5693 131 22 devinrent
1527 5692 96 23 bientôt
1634 5691 179 24 extrêmement

1237 5724 111 21 sonores;
1366 5720 151 21 l'accordéon
1547 5720 32 22 de
1606 5720 36 21 M.
1671 5717 142 26 Slagmolen

1237 5746 115 26 s'efforça
1374 5746 196 22 d'accommoder
1604 5746 37 22 les
1661 5744 152 23 roulements

1236 5774 33 21 de
1298 5772 123 26 tambour,
1436 5773 37 21 les
1488 5772 93 23 sifflets
1596 5772 17 23 à
1628 5772 126 24 roulettes,
1776 5770 37 21 les

1237 5800 132 26 pétarades
1392 5799 31 22 de
1446 5799 113 26 pistolets
1582 5799 17 22 à
1622 5798 128 23 bouchons
1787 5798 26 20 et

1237 5827 131 26 jusqu'aux
1385 5826 110 21 discours
1512 5826 44 22 des
1574 5826 119 21 orateurs.

1265 5854 57 24 Car,
1335 5853 21 21 il
1371 5857 17 21 y
1404 5853 45 21 eut
1465 5852 44 22 des
1526 5853 113 21 orateurs
1656 5853 26 21 et
1699 5852 44 22 des
1760 5850 38 23 dis-

1237 5885 72 18 cours
1319 5880 7 22 !

1264 5907 66 22 Tout
1351 5905 109 25 d'abord,
1481 5904 24 23 le
1526 5905 127 26 président
1673 5905 139 22 d'honneur

1237 5935 30 21 de
1284 5934 26 21 la
1328 5933 88 22 .Mine
1434 5940 20 17 »,
1469 5932 35 21 M.
1521 5932 97 24 Gosset,
1635 5932 67 22 aussi
1718 5932 80 26 imper-

1237 5960 114 23 turbable
1369 5964 47 21 que
1434 5959 35 21 M.
1487 5963 51 17 van
1556 5958 108 23 Zeeland
1683 5958 16 22 à
1717 5963 29 17 sa
1765 5958 33 22 tri-

1236 5988 66 22 bune
1322 5986 114 28 pendant
1456 5990 35 17 un
1512 5984 106 26 chahut;
1641 5985 57 26 puis
1717 5985 94 22 Marcel

1237 6014 115 26 Antoine,
1373 6013 24 23 le
1417 6012 128 27 président
1567 6016 32 18 en
1620 6011 114 22 fonction
1769 6012 43 26 qui

1236 6042 110 26 dépensa
1369 6040 56 23 tout
1448 6044 46 17 son
1517 6038 121 27 potentiel
1661 6038 31 22 de
1716 6038 95 22 sérieux

1236 6073 63 23 pour
1316 6068 55 23 dire
1388 6071 60 19 sans
1465 6066 51 23 lire
1533 6065 37 23 les
1587 6065 88 22 choses
1691 6064 120 23 aimables

1835 5311 59 27 qu'il
1916 5310 83 24 devait
2012 5310 65 25 dire;
2101 5309 56 27 puis
2180 5310 97 22 Sander
2299 5310 109 24 Pierron,

1835 5338 42 26 qui
1896 5339 53 22 s'en
1967 5337 51 27 prit
2037 5337 17 22 à
2071 5336 129 26 Permette;
2222 5337 56 26 puis
2298 5336 110 22 Richard

1835 5365 154 26 Dupierreux
2009 5364 43 26 qui
2071 5363 81 22 invita
2172 5363 37 22 les
2243 5363 115 22 convives
2392 5363 16 21 à

1836 5391 126 23 travailler
1982 5391 34 22 du
2036 5390 123 26 chapeau;
2181 5390 57 26 puis
2257 5390 75 22 Louis
2350 5389 44 22 Pié-

1835 5419 66 25 rard,
1914 5418 42 26 qui
1980 5416 101 23 modula
2119 5416 44 22 des
2187 5417 138 25 paradoxes
2348 5420 61 18 avec

1835 5446 104 22 l'accent
1959 5444 31 23 de
2009 5443 135 26 Bougnies;
2166 5443 57 26 puis
2243 5444 104 21 Vossart
2366 5443 42 26 qui

1835 5472 51 27 prit
1903 5477 35 17 un
1956 5471 39 22 air
2011 5470 106 22 candide
2134 5474 64 21 pour
2215 5470 159 26 philosopher
2392 5470 16 21 à

1836 5504 30 17 sa
1884 5498 120 25 manière;
2027 5497 57 26 puis
2102 5496 105 23 Charles
2225 5497 121 26 Bernard,
2366 5497 42 26 qui

1836 5526 61 22 émit
1918 5526 44 22 des
1982 5523 195 24 considérations
2198 5524 146 22 désabusées
2366 5529 41 16 sur

1836 5553 58 23 l'art
1914 5553 26 22 et
1959 5552 37 22 les
2015 5551 106 23 artistes.

1862 5580 78 22 Enfin
1955 5578 106 23 Amédée
2076 5578 87 25 Lynen
2178 5588 29 5 —
2221 5577 24 22 le
2260 5577 56 26 plus
2333 5577 74 25 jeune

1835 5608 31 22 de
1883 5608 64 24 tous,
1977 5604 94 27 malgré
2107 5608 39 18 ses
2177 5604 29 21 84
2222 5604 139 25 printemps
2378 5614 29 5 —

1834 5634 116 23 constata
1965 5637 47 22 que
2026 5632 56 21 tous
2097 5635 41 17 ces
2153 5632 113 20 orateurs
2281 5630 126 22 n'avaient

1835 5662 54 22 rien
1906 5659 108 27 imaginé
2031 5658 31 22 de
2079 5656 112 23 définitif
2208 5658 26 21 et
2250 5657 56 22 leur
2322 5657 84 22 donna

1835 5693 49 18 une
1897 5687 63 23 belle
1983 5687 70 25 leçon
2076 5683 164 27 d'optimisme
2263 5689 34 17 en
2319 5683 87 27 quinze

1834 5716 73 22 mots.

1862 5740 171 28 Auparavant,
2058 5737 87 26 Lynen
2171 5737 76 25 avait,
2273 5737 131 24 d'ailleurs,

1834 5769 39 22 été
1887 5765 169 29 joyeusement
2071 5764 51 22 fêté
2136 5769 46 21 par
2195 5765 57 21 tous
2265 5764 36 22 les
2315 5764 79 21 humo-

1834 5796 82 24 ristes;
1941 5792 204 24 successivement
2167 5795 46 21 par
2235 5791 26 22 la
2282 5791 57 21 voix
2375 5791 30 20 de

1834 5824 102 21 Janson,
1952 5820 56 26 puis
2023 5823 46 22 par
2084 5817 60 23 celle
2160 5818 31 21 de
2207 5818 94 21 Marcel
2316 5817 76 22 Antoi-

1834 5854 32 17 ne
1884 5848 31 22 ils
1933 5847 35 22 lui
1988 5845 100 23 avaient
2107 5844 39 22 dit
2163 5845 69 21 toute
2251 5844 55 22 leur
2324 5844 68 21 affec-

1834 5877 53 21 tion
1909 5875 27 22 et
1949 5874 35 22 lui
2007 5872 100 22 avaient
2129 5871 75 21 remis
2228 5879 10 9 »
2247 5875 46 17 son
2314 5875 78 17 monu-

1833 5902 71 23 ment
1926 5911 19 15 »,
1967 5905 46 18 son
2033 5897 107 28 portrait
2161 5902 33 17 en
2215 5897 53 22 bois
2290 5897 115 25 découpé,

1833 5934 84 18 œuvre
1939 5928 35 23 du
1996 5927 50 22 bon
2081 5924 155 23 dessinateur
2257 5924 148 25 Lempereur

1837 5956 90 23 (Lem).

1860 5982 143 23 N'oublions
2014 5984 46 23 pas
2072 5978 32 23 de
2117 5977 108 27 signaler
2237 5978 59 26 qu'il
2308 5982 17 22 y
2337 5977 68 22 avait

1833 6011 44 22 des
1890 6007 126 29 quantités
2030 6007 31 22 de
2074 6006 88 26 jeunes
2176 6006 26 22 et
2216 6004 71 27 jolies
2300 6004 105 22 femmes

1833 6037 17 23 à
1863 6042 28 17 ce
1910 6035 110 26 banquet
2039 6033 26 22 et
2084 6032 99 27 qu'elles
2201 6036 34 18 ne
2254 6031 87 23 furent
2359 6035 46 23 pas

1833 6065 35 22 les
1888 6061 125 25 dernières
2032 6060 17 23 à
2067 6065 28 18 se
2113 6059 92 23 mettre
2223 6063 35 18 au
2276 6058 128 27 diapason.

2881 5274 31 6 —
2925 5263 29 23 V.

2428 5309 35 22 Le
2468 5309 91 22 monde
2572 5309 35 22 du
2619 5308 99 23 théâtre
2732 5309 64 22 était
2801 5309 141 26 représenté
2956 5313 46 22 par

2429 5337 28 21 M
2459 5336 13 13 u
2473 5336 64 26 'Lily
2550 5336 109 25 Bourget
2673 5337 26 21 et
2713 5340 47 22 par
2773 5336 44 22 des
2831 5335 86 23 étoiles
2931 5335 31 23 de
2977 5336 25 21 la

2430 5364 86 25 troupe
2533 5362 211 27 chorégraphique
2760 5363 31 21 de
2807 5362 26 22 la
2848 5362 126 22 Monnaie.

2457 5390 94 25 Citons,
2570 5389 124 22 d'ailleurs
2714 5388 115 27 quelques
2849 5393 82 21 noms;
2953 5393 49 18 aux

2429 5416 67 22 côtés
2516 5416 34 22 du
2569 5415 127 27 président
2716 5416 146 25 d'honneur,
2881 5416 35 21 M.
2937 5415 51 22 Gos-

2428 5443 46 25 set,
2492 5447 34 17 on
2542 5442 181 22 reconnaissait
2740 5443 158 21 notamment
2919 5447 7 17 :
2946 5443 55 21 M™*

2429 5470 102 24 Hovine,
2573 5470 56 21 M™*
2664 5468 108 23 Amédée
2820 5468 93 26 Lynen,
2947 5469 54 21 M"*

2429 5496 152 25 Hellemans;
2597 5496 55 21 M™'
2666 5495 95 22 Marcel
2773 5495 117 26 Antoine;
2906 5495 25 23 la
2945 5495 43 26 plu-

2429 5523 57 26 part
2506 5523 43 22 des
2569 5523 134 25 exposants
2722 5524 27 21 et
2768 5522 54 22 leur
2841 5522 93 22 femme
2945 5527 6 17 :
2975 5522 27 22 T

2428 5550 53 25 Sas,
2487 5549 119 25 Lemaire,
2624 5549 117 25 Canneel,
2757 5550 99 25 Brocas,
2872 5549 129 22 VanBeu-

2428 5581 52 20 ren,
2505 5576 32 22 de
2562 5576 93 24 Groux,
2680 5575 161 25 Berchmans,
2867 5575 134 26 Stiasteny,

2428 5604 103 25 Janson,
2545 5603 88 21 Louise
2649 5603 59 25 Lou,
2723 5602 98 26 Lenoir,
2835 5601 64 26 Rail,
2915 5602 86 26 Ancia,

2428 5629 96 25 Wilcar,
2547 5629 160 24 Braconnier,
2742 5628 53 25 Nie,
2832 5628 169 27 Henderyckx,

2427 5656 144 26 Keymolen,
2605 5656 56 25 Ray
2694 5656 53 25 Mu,
2768 5655 145 26 Scouflaire,
2947 5656 54 26 etc.,

2427 5684 34 21 M
2475 5683 104 22 Charles
2593 5683 88 25 Peggy,
2695 5682 54 22 M"*
2764 5683 101 24 Votron,
2879 5681 122 27 plusieurs

2427 5709 159 27 journalistes
2600 5710 26 21 et
2640 5709 117 26 critiques
2770 5709 72 25 d'art,
2856 5709 46 21 etc.

2454 5736 24 22 Il
2494 5741 17 21 y
2524 5737 43 21 eut
2584 5736 67 22 aussi
2668 5736 44 22 des
2729 5735 149 23 attractions
2894 5736 106 22 inédites

2427 5764 26 21 et
2467 5762 171 23 inénarrables
2657 5767 6 17 :
2679 5767 96 17 comme
2791 5767 27 17 ce
2834 5763 64 25 petit
2913 5763 87 22 sketch

2427 5790 71 22 entre
2514 5789 128 26 Napoléon
2659 5790 27 21 et
2702 5788 151 26 Marguerite
2871 5789 31 22 de
2919 5790 68 21 Bour-

2426 5821 87 21 gogne,
2527 5815 137 27 interprété
2678 5821 48 21 par
2740 5815 95 22 Marcel
2850 5816 107 22 Antoine
2974 5818 26 20 et

2426 5844 92 25 Leane;
2535 5843 28 22 la
2578 5843 78 22 danse
2686 5843 30 21 de
2746 5841 164 27 l'après-midi
2940 5843 60 22 d'un

2426 5871 85 24 clown,
2529 5874 47 22 par
2593 5870 159 25 Lempereur;
2772 5869 109 22 d'autres
2899 5870 98 22 encore!

2454 5897 33 22 Et
2500 5897 57 22 tout
2571 5896 54 22 cela
2639 5896 51 26 prit
2704 5896 40 22 fin
2759 5896 84 25 quand
2858 5896 79 22 l'aube
2953 5901 33 21 ap-

2426 5924 76 26 parut
2521 5923 105 26 superbe
2660 5928 33 17 au
2727 5922 47 22 ciel
2793 5922 31 23 de
2844 5922 27 22 la
2889 5923 73 25 forêt,
2983 5923 16 21 à

2427 5951 91 22 l'heure
2536 5950 43 22 des
2596 5949 128 26 charades,
2740 5949 44 23 des
2800 5949 115 22 histoires
2932 5950 67 25 gaies

2426 5978 27 22 et
2468 5978 45 22 des
2529 5976 172 26 entrechants;
2734 5976 24 22 le
2775 5980 93 18 coucou
2884 5976 116 22 chantait

2426 6004 84 27 quand
2531 6004 24 22 le
2576 6003 98 24 dernier
2695 6002 70 23 carré
2786 6002 44 23 des
2850 6002 149 23 humoristes

2426 6031 125 23 consentit
2566 6030 17 24 à
2596 6036 27 17 se
2639 6030 129 26 disloquer.

2709 6056 98 24 Gaston
2826 6056 124 26 Chandry.

3053 4676 86 27 Ypres,
3155 4676 28 22 28
3198 4676 62 26 juin.
3275 4687 30 6 —
3319 4677 34 21 Le
3368 4676 140 27 pèlerinage
3524 4677 31 23 de
3570 4677 25 22 la

3026 4703 151 22 Fraternelle
3192 4703 34 22 du
3244 4703 54 21 13th
3314 4703 103 26 Belglan
3433 4703 69 23 Fleld
3519 4704 75 21 Artil-

3026 4729 52 27 lery
3092 4730 17 22 à
3123 4730 78 26 Ypres
3217 4735 16 17 a
3248 4734 30 18 eu
3293 4729 50 23 lieu
3359 4730 164 26 aujourd'hui,
3538 4735 57 18 sous

3025 4756 26 23 la
3069 4756 115 23 conduite
3202 4756 35 23 du
3254 4756 101 27 général
3373 4757 37 22 De
3429 4758 104 30 Cuyper,
3552 4757 43 23 des

3024 4783 106 22 colonels
3154 4783 92 22 Serckx
3269 4784 26 21 et
3317 4783 131 26 Frantzen,
3472 4784 30 21 de
3533 4784 62 21 MM.

3023 4810 120 24 Meunier,
3165 4809 91 25 Didier,
3277 4809 119 27 Leclercq,
3417 4810 132 22 Marchlen
3569 4811 26 21 et

3023 4837 31 22 de
3067 4836 53 23 M"'
3134 4837 131 24 Montoisy.

3053 4863 35 22 Us
3105 4864 45 22 ont
3168 4863 94 22 honoré
3280 4862 65 23 leurs
3363 4864 79 22 morts
3460 4864 26 22 et
3505 4864 88 26 déposé

3025 4890 43 22 des
3082 4894 136 18 couronnes
3233 4894 32 18 au
3280 4890 146 22 monument
3441 4890 44 23 des
3499 4891 95 26 Yprois,

3024 4918 16 22 à
3056 4917 54 22 leur
3125 4916 88 27 plaque
3230 4916 221 27 commémorative,
3467 4917 17 22 à
3499 4918 26 22 la
3540 4919 40 21 sta-

3023 4945 42 21 tue
3081 4944 34 22 du
3129 4943 37 22 roi
3182 4943 92 26 Albert,
3289 4948 33 17 au
3337 4943 104 26 Beffroi,
3456 4948 33 18 au
3504 4947 77 19 monu-

3024 4971 71 21 ment
3109 4970 157 26 britannique
3281 4970 30 22 de
3326 4970 26 22 la
3366 4971 75 22 Porte
3456 4971 30 22 de
3500 4971 94 23 Menin.

3052 4997 109 24 Ensuite,
3176 4997 31 22 ils
3222 5002 26 17 se
3264 4998 58 21 sont
3337 4997 92 22 rendus
3445 5003 32 17 en
3493 5003 87 22 compa-

3023 5024 57 26 gnie
3091 5024 34 22 du
3136 5022 89 23 comité
3237 5023 34 23 du
3284 5031 10 13 •
3307 5023 59 23 Last
3378 5024 60 22 Post
3450 5033 10 10 »
3474 5028 33 18 au
3518 5024 64 22 cime-

3025 5050 61 23 tière
3102 5050 141 22 communal
3258 5054 62 23 pour
3335 5056 16 20 y
3365 5050 90 23 rendre
3471 5055 35 18 un
3522 5052 73 26 pieux

3025 5078 131 25 hommage
3170 5077 16 22 à
3199 5081 36 18 un
3248 5075 31 24 de
3292 5077 66 22 leurs
3371 5078 123 22 membres
3506 5078 76 23 d'hon-

3024 5109 70 21 neur,
3108 5104 36 22 M.
3159 5103 24 23 le
3200 5103 166 23 commissaire
3383 5104 31 23 de
3431 5105 79 26 police
3526 5106 69 22 Van-

3025 5130 233 26 denbraambussch,
3284 5130 127 27 président
3437 5132 35 22 du
3499 5141 10 11 >
3536 5133 60 22 Last

3024 5158 60 22 Post
3100 5167 19 16 »,
3133 5157 91 22 décédé
3239 5162 32 17 en
3286 5158 62 22 avril
3363 5158 106 23 dernier.

3052 5185 36 22 Le
3113 5184 100 27 général
3239 5185 38 21 De
3303 5185 98 26 Cuyper
3428 5185 92 27 déposa
3547 5190 49 18 une

3025 5211 73 27 gerbe
3110 5216 44 17 sur
3165 5210 26 23 la
3203 5211 83 23 tombe
3299 5211 31 23 de
3343 5212 53 23 leur
3408 5213 89 22 ancien
3511 5217 71 17 cama-

3026 5238 60 23 rade
3104 5239 26 21 et
3147 5238 23 22 le
3191 5247 10 10 »
3221 5238 61 23 Last
3299 5239 61 22 Post
3379 5249 10 10 »
3409 5239 41 23 fut
3467 5238 78 23 sonné
3563 5243 32 17 en

3025 5265 131 22 l'honneur
3170 5264 34 23 du
3221 5264 91 24 défunt
3327 5267 26 21 et
3368 5266 142 26 promoteur
3524 5265 31 22 de
3570 5265 25 22 la

3025 5291 137 23 cérémonie
3174 5292 159 26 quotidienne
3346 5293 16 22 à
3374 5293 26 22 la
3411 5292 74 23 Porte
3497 5291 31 23 de
3539 5292 42 22 Me-

3025 5319 53 22 nin.
3396 5322 19 11 «

3060 5381 58 44 EN
3143 5381 222 52 QUELQUES
3390 5379 156 44 LIGNES

3027 5471 45 13 ::-::
3088 5466 113 18 D'Athènei
3218 5470 6 14 :
3238 5467 27 17 Le
3279 5466 104 22 préaident
3396 5465 28 18 du
3437 5464 81 19 Conseil
3532 5468 13 14 a
3558 5463 26 19 dé-

3024 5488 66 18 menti
3107 5488 187 21 catégoriquement
3322 5490 38 18 que
3389 5486 19 18 le
3437 5487 157 20 gouvernement

3025 5510 104 21 songerait
3142 5510 13 18 k
3168 5510 97 21 procéder
3277 5509 13 19 à
3302 5508 22 19 la
3335 5507 131 19 dévaluation
3479 5507 28 18 du
3519 5507 65 18 drach-

3025 5535 38 14 me.
3079 5540 24 4 —
3118 5531 69 24 Belga.

3026 5556 46 14 ::-::
3090 5552 115 18 D'Athènes
3223 5556 6 13 :
3246 5552 29 17 La
3291 5550 92 19 nouvelle
3399 5550 57 18 selon
3473 5549 86 22 laquelle
3575 5549 19 19 le

3025 5574 31 18 roi
3068 5574 79 21 George
3161 5574 21 18 n
3195 5577 21 14 se
3230 5572 64 19 serait
3308 5570 107 20 rencontré
3429 5575 49 14 avec
3492 5571 18 18 le
3524 5571 70 21 prince

3024 5596 72 21 régent
3116 5595 51 19 Paul
3186 5594 25 19 de
3231 5593 133 21 Yougoslavie
3384 5596 27 14 au
3431 5596 60 14 cours
3510 5592 25 18 de
3555 5596 38 15 son

3025 5617 70 18 récent
3116 5619 83 18 voyage,
3221 5616 32 17 est
3275 5614 77 18 dénuée
3374 5614 25 18 de
3422 5614 125 17 fondement.
3569 5622 25 5 —

3023 5639 69 21 Belga.

3026 5664 45 14 ::-::
3085 5660 30 18 De
3127 5658 96 19 Varsovie
3238 5661 7 14 :
3257 5657 30 18 La
3299 5657 79 18 session
3390 5656 158 22 parlementaire
3561 5657 32 18 est

3023 5682 60 18 close.
3095 5689 25 6 —
3131 5681 75 17 Havas.

3025 5713 46 14 ::-::
3084 5709 32 17 Do
3128 5707 60 19 Caire
3202 5711 7 13 :
3221 5707 27 17 Le
3261 5707 23 17 8e
3296 5706 101 21 régiment
3408 5706 26 18 de
3446 5705 103 19 Hussards
3561 5707 31 17 est

3023 5730 66 19 arrivé
3104 5730 13 18 à
3132 5728 114 19 Jérusalem
3261 5729 77 16 venant
3353 5727 103 21 d'Egypte.
3471 5735 24 5 —
3510 5727 81 18 Reuter.

3025 5751 45 20 rt-»:
3089 5752 29 17 De
3135 5750 104 20 Budapest
3258 5753 6 13 :
3283 5749 27 18 Le
3327 5749 94 18 ministre
3439 5748 36 18 des
3492 5748 100 18 Finances

3022 5774 32 17 est
3066 5772 55 22 parti
3134 5775 51 17 pour
3196 5770 96 18 Londres.
3305 5778 24 5 —
3340 5771 75 17 Havas.

3024 5798 45 14 ::-::
3083 5794 30 17 De
3125 5792 98 21 Belgrade
3238 5796 6 13 :
3258 5792 28 18 M.
3299 5791 61 18 Pavle
3373 5791 119 20 Karovltcb,
3505 5791 76 18 conseil-

3022 5816 30 17 ler
3066 5815 13 18 à
3094 5814 21 18 la
3129 5814 90 21 légation
3233 5813 26 18 de
3273 5813 134 20 Yougoslavie
3421 5812 13 18 à
3449 5812 95 21 Londres,
3560 5814 32 17 est

3023 5836 79 18 nommé
3118 5836 93 18 ministre
3226 5835 25 18 de
3266 5834 134 21 Yougoslavie
3414 5834 14 18 à
3443 5834 110 19 Bruxelles.
3569 5843 23 5 —

3021 5858 69 21 Belga.

3020 5890 46 13 ::-::
3084 5886 29 17 De
3129 5884 140 21 Philadelphie
3288 5887 6 14 :
3311 5883 29 19 M.
3356 5883 19 19 J.
3391 5883 25 19 N.
3433 5883 87 21 Garner,
3538 5884 53 17 vice-

3018 5907 104 21 président
3140 5907 35 18 des
3193 5905 127 20 Etats-Unis,
3339 5909 14 14 a
3370 5905 32 18 été
3421 5905 102 19 renommé
3542 5909 39 14 can-

3017 5930 59 18 didat
3093 5929 14 18 à
3124 5928 22 19 la
3164 5928 170 21 vice-présidence
3353 5931 57 18 pour,
3423 5927 29 18 les
3470 5927 121 22 prochaines

3017 5951 104 20 élections,
3144 5953 38 19 par
3206 5950 20 18 la
3248 5949 121 19 conférence
3392 5949 28 18 du
3443 5950 56 21 parti
3522 5949 58 18 démo-

3017 5974 64 17 crate.
3098 5981 25 5 —
3139 5972 82 18 Reuter.

3019 5999 46 13 ::•::
3083 5995 30 17 De
3129 5993 69 19 Berlin
3218 5997 6 14 :
3241 5993 27 18 Le
3285 5993 83 22 général
3385 5993 63 20 Valle,
3467 5993 123 18 sous-aecré-

3017 6017 53 18 taire
3088 6016 69 19 d'Etat
3174 6016 12 18 à
3203 6015 108 19 l'aviation
3328 6015 105 21 italienne,
3451 6015 21 18 et
3489 6018 24 15 sa
3531 6016 58 19 suite,

3016 6040 37 17 ont
3077 6037 65 23 quitté
3165 6037 71 19 Berlin
3259 6037 114 21 dimanche,
3398 6040 26 16 «sn
3448 6037 68 21 avion,
3539 6040 52 19 pour

3017 6061 70 19 Rome.
3100 6068 26 6 —
3138 6059 77 20 Havas.

3621 361 118 68 UN
3766 362 424 68 DISCOURS

3702 458 67 51 DE
3805 458 301 53 ROOSEVELT

3748 567 26 33 A
3794 566 201 35 L'OCCASION
4015 568 46 33 DE

3687 617 43 34 SA
3752 617 222 34 NOMINATION
3996 617 125 34 COMME

3646 666 178 34 CANDIDAT
3845 668 25 32 A
3890 667 46 33 LA
3957 661 206 40 PRÉSIDENCE

3619 743 48 33 UN
3688 743 160 34 TABLEAU
3873 744 44 33 DE
3938 744 45 33 LA
4004 743 185 35 SITUATION

3763 793 62 34 DES
3846 787 202 40 ÉTATS-UNIS

3647 853 177 27 Philadelphie,
3844 855 28 21 28
3892 855 62 25 Juin.
3974 866 29 5 —
4022 854 99 22 Devant
4140 859 50 17 une

3620 880 66 23 foule
3710 881 31 22 de
3764 881 89 25 150,000
3875 886 134 22 personnes
4030 881 160 22 rassemblées

3620 908 64 21 dans
3697 907 134 23 l'immense
3844 908 71 22 stade
3930 918 10 10 «
3956 908 200 21 Franklin-Field
4171 917 20 16 »,

3620 934 22 22 le
3664 934 126 27 président
3811 935 129 22 Roosevelt
3961 940 17 16 a
3998 934 124 27 prononcé
4144 939 46 17 son

3620 961 109 22 discours
3748 961 179 27 d'acceptation
3946 966 62 22 pour
4027 966 29 17 sa
4074 961 102 22 nomina-

3621 989 53 21 tion
3687 993 95 17 comme
3795 988 118 22 candidat
3926 987 17 23 à
3955 988 25 22 la
3993 987 141 27 présidence
4148 987 43 23 des

3619 1015 154 22 Etats-Unis.

3647 1042 23 21 Il
3689 1042 57 21 s'est
3766 1040 114 27 appliqué
3900 1040 16 23 à
3935 1042 82 21 tracer
4035 1046 36 17 un
4090 1041 100 22 tableau

3620 1068 85 22 vivant
3721 1068 30 22 de
3768 1068 25 22 la
3808 1068 120 22 situation
3944 1068 64 22 dans
4023 1073 46 16 son
4084 1072 68 22 pays,
4168 1066 23 23 n

3620 1100 16 17 a
3651 1094 99 27 rappelé
3766 1095 25 21 la
3806 1095 63 21 crise
3884 1094 158 33 économique
4057 1095 42 25 qui
4114 1093 63 23 sévis-

3620 1121 48 22 sait
3686 1121 107 26 lorsqu'il
3810 1126 100 17 assuma
3927 1121 25 22 la
3969 1120 142 27 présidence
4128 1125 63 29 pour

3620 1148 25 22 la
3666 1148 120 26 première
3807 1148 55 25 fois,
3883 1149 27 21 et
3930 1148 19 21 il
3969 1153 17 17 a
4007 1147 97 23 déclaré
4125 1151 17 18 a
4163 1152 28 17 ce

3619 1175 68 26 sujet
3705 1179 6 17 :

3641 1208 128 21 L'Amérique
3788 1207 112 18 n'oubliera
3919 1211 37 17 pas
3975 1211 33 14 ces
4027 1207 76 18 années
4122 1206 60 18 récen-

3620 1237 36 16 tes.
3673 1235 42 18 Elle
3731 1239 21 13 se
3769 1235 115 21 rappellera
3900 1238 39 17 que
3954 1234 20 18 le
3990 1235 110 20 sauvetage
4115 1237 27 14 ne
4158 1233 35 18 lut

3619 1266 37 18 pas
3674 1262 133 21 uniquement
3824 1262 83 17 l'œuvre
3926 1262 48 17 d'un
3993 1262 61 21 parti,
4072 1261 53 18 mais
4143 1261 49 21 qu'il

3619 1289 33 18 fut
3669 1290 59 17 notre
3745 1289 57 18 souci
3819 1288 13 19 à
3850 1290 53 16 tous.

3648 1330 33 22 Le
3698 1329 126 27 président
3842 1334 15 17 a
3874 1329 96 22 ensuite
3987 1327 101 24 affirmé
4104 1328 75 27 qu'au-

3622 1356 131 26 jourd'hui,

3620 1393 25 14 en
3662 1393 22 14 ce
3702 1390 34 20 qui
3753 1393 99 14 concerne
3869 1389 21 18 la
3907 1388 77 21 liberté,
4002 1392 27 14 on
4046 1392 26 14 ne
4089 1389 49 20 peut
4154 1391 39 18 pas

3621 1417 86 21 prendre
3723 1417 24 17 de
3764 1416 161 18 demi-mesures.
3941 1416 21 17 Si
3978 1416 30 17 les
4024 1416 91 20 citoyens
4131 1415 51 18 béné-

3622 1443 71 18 ficient
3710 1444 25 17 de
3753 1444 65 17 droits
3836 1443 64 21 égaux
3919 1446 26 14 au
3962 1443 85 20 scrutin,
4066 1443 26 17 Ils
4109 1442 84 18 doivent

3621 1470 109 18 bénéficier
3749 1470 24 18 de
3793 1470 87 18 chances
3900 1469 66 21 égales
3986 1470 51 17 dans
4056 1470 21 17 la
4096 1470 31 17 vie
4147 1469 34 18 éco-

3622 1497 92 20 nomique
3733 1497 27 18 du
3779 1500 57 18 pays.

3644 1524 56 17 Dans
3722 1525 59 17 notre
3802 1524 59 20 lutte,
3883 1527 51 14 nous
3956 1527 51 14 nous
4030 1527 105 17 appuyons
4157 1527 36 14 sur

3623 1550 28 17 les
3670 1550 73 18 Idéaux
3764 1554 5 14 :
3789 1550 35 21 foi,
3844 1551 68 21 espoir
3931 1552 20 16 et
3970 1550 87 18 charité;
4078 1550 29 18 foi
4127 1554 25 14 en
4171 1550 21 18 la

3622 1576 122 19 démocratie
3772 1577 76 21 malgré
3875 1578 29 17 les
3932 1577 85 21 régimes
4045 1577 146 20 dictatoriaux;

3623 1604 73 20 espoir,
3716 1607 36 14 car
3771 1607 51 15 nous
3842 1608 74 14 savons
3935 1604 47 17 bien
4002 1604 29 18 les
4051 1604 83 21 progrès
4154 1608 38 17 que

3623 1634 51 14 nous
3692 1634 63 14 avons
3773 1631 114 21 accomplis,
3905 1632 21 17 et
3943 1631 79 19 charité
4040 1631 52 18 dans
4109 1631 18 18 le
4146 1635 46 14 sens

3623 1658 84 20 originel
3726 1658 27 18 du
3772 1659 70 20 terme,
3861 1658 129 18 c'est-à-dire
4009 1662 71 14 amour
4099 1658 27 18 du
4145 1662 37 17 pro-

3624 1684 61 18 chain
3701 1686 20 16 et
3735 1684 55 18 désir
3805 1685 24 18 de
3843 1685 78 18 l'aider.

3646 1711 36 17 Les
3707 1713 167 19 gouvernements
3900 1713 88 20 peuvent
4014 1714 118 16 commettre
4157 1712 36 18 des

3623 1741 87 15 erreurs.
3730 1738 28 18 Ils
3779 1742 22 14 se
3822 1740 103 20 trompent
3946 1738 84 22 parfois.
4052 1739 53 17 Mais
4126 1739 67 18 mieux

3624 1766 49 16 vaut
3697 1765 99 18 admettre
3819 1765 29 18 les
3871 1765 68 18 fautes
3962 1766 158 17 occasionnelles
4144 1766 49 17 d'un

3623 1793 158 19 gouvernement
3797 1792 78 18 sincère
3892 1793 51 17 dans
3960 1796 32 14 ses
4010 1792 74 18 efforts
4101 1793 81 17 charita-

3623 1819 42 17 bles
3698 1819 128 21 qu'accepter
3858 1819 29 18 les
3919 1820 108 17 omissions
4060 1820 133 18 continuelles

3623 1846 49 17 d'un
3694 1847 157 19 gouvernement
3872 1846 108 18 cristallisé
4002 1846 51 18 dans
4075 1850 24 14 sa
4120 1850 73 17 propre

3622 1872 143 18 indifférence.

3651 1914 34 21 Le
3706 1912 132 28 président,
3858 1913 85 22 écouté
3964 1913 64 23 dans
4047 1919 35 17 un
4103 1914 90 22 silence

3625 1940 70 26 total,
3708 1945 16 17 a
3738 1940 88 22 conclu
3841 1944 8 18 :

3645 1981 57 17 Dans
3719 1984 23 14 ce
3760 1980 79 20 monde,
3856 1980 52 18 dans
3924 1980 91 18 d'autres
4031 1984 57 17 pays,
4105 1981 89 17 existent

3622 2008 90 18 certains
3733 2007 82 22 peuples
3835 2007 41 21 qui,
3897 2007 105 21 autrefois,
4023 2007 100 18 luttèrent
4143 2011 51 17 pour

3622 2035 44 18 leur
3696 2034 79 21 liberté,
3806 2034 51 18 mais
3887 2034 99 18 semblent
4015 2034 31 18 las
4076 2034 25 18 de
4130 2034 64 18 lutter

3623 2065 78 14 encore.
3719 2062 29 17 Ils
3766 2061 131 18 sacrifièrent
3914 2061 44 18 leur
3975 2061 71 18 liberté
4064 2065 51 17 pour
4132 2061 51 18 l'illu-

3623 2089 45 17 sion
3690 2089 25 17 de
3738 2089 20 17 la
3781 2088 38 18 vie.
3842 2088 29 18 Ils
3893 2088 114 18 donnèrent
4029 2092 25 14 en
4076 2091 51 18 gage
4150 2088 44 18 leur

3622 2115 130 18 démocratie.

3645 2143 47 17 Seul
3710 2144 60 16 notre
3788 2142 69 18 succès
3875 2143 49 20 peut
3941 2142 44 18 leur
4002 2142 100 18 redonner
4119 2143 74 20 espoir.

3622 2170 28 17 Ils
3664 2171 140 16 commencent
3818 2169 12 18 à
3844 2169 68 17 savoir
3925 2169 60 21 qu'ici
3999 2172 51 14 nous
4064 2169 76 18 livrons
4154 2172 40 15 une

3622 2196 77 21 grande
3720 2196 84 18 bataille
3826 2199 52 18 pour
3898 2196 21 17 la
3939 2195 78 19 liberté.
4038 2196 54 17 C'est
4113 2197 82 17 surtout

3622 2224 21 17 la
3661 2223 84 18 bataille
3764 2226 51 18 pour
3832 2223 21 17 la
3871 2223 119 17 survivance
4008 2223 25 17 de
4050 2223 21 17 la
4089 2222 94 19 démocra-

3623 2250 34 18 tie.
3674 2250 55 17 Nous
3747 2250 129 17 combattons
3892 2253 52 18 pour
3961 2251 53 16 cette
4030 2250 126 21 magnifique
4173 2250 21 17 et

3623 2277 128 18 inestimable
3766 2277 66 17 forme
3848 2277 25 17 de
3888 2278 164 19 gouvernement,
4068 2280 51 18 pour
4134 2277 60 17 notre

3623 2303 91 18 bénéfice
3729 2305 22 17 et
3766 2304 52 17 celui
3833 2303 27 18 du
3876 2304 72 17 monde
3964 2304 72 17 entier.
4051 2312 23 4 —
4088 2304 82 17 Reuter.

3651 2374 68 31 UNE
3747 2374 122 31 FEMME
3898 2368 91 37 TUÉE
4013 2376 21 29 A
4059 2374 110 32 COUPS

3795 2431 43 30 DE
3871 2430 154 31 COUTEAU

3729 2492 45 24 (De
3792 2492 72 21 notre
3880 2491 209 26 correspondant.)

3652 2525 115 25 Londres,
3786 2525 28 21 28
3833 2525 62 26 Juin.
3915 2536 28 5 —
3966 2526 58 20 (Par
4043 2525 151 25 téléphone).

3626 2563 26 5 —
3663 2552 36 21 La
3711 2552 56 22 nuit
3779 2552 118 25 dernière,
3910 2551 16 22 à
3939 2552 137 25 Edgeware,
4087 2557 37 17 un
4136 2556 45 22 pas-

3624 2580 64 23 sant,
3701 2584 33 16 en
3746 2580 97 20 sortant
3857 2579 58 21 d'un
3928 2579 104 25 cinéma,
4045 2580 102 24 aperçut
4160 2583 34 18 un

3625 2605 118 25 individu,
3770 2605 42 26 qui
3833 2606 95 21 courait
3948 2610 33 17 au
4009 2606 79 25 grand
4116 2605 79 26 galop,

3624 2632 123 22 semblant
3765 2632 113 22 craindre
3896 2632 76 22 d'être
3990 2632 131 26 poursuivi.

3652 2659 33 22 Le
3699 2659 104 26 passant
3816 2664 87 20 essaya
3916 2659 31 22 de
3961 2658 95 22 donner
4069 2659 25 21 la
4108 2659 87 21 chasse

3625 2685 16 22 à
3661 2685 132 26 l'inconnu,
3812 2685 64 22 mais
3895 2685 106 25 celui-ci,
4022 2685 123 26 profitant
4164 2686 31 21 de

3626 2712 144 24 l'obscurité,
3791 2712 100 26 parvint
3913 2712 16 22 à
3951 2712 102 22 s'enfuir
4075 2712 64 22 dans
4160 2716 35 18 un

3626 2738 86 23 dédale
3727 2739 31 22 de
3772 2739 120 26 plusieurs
3906 2743 64 18 rues.

3653 2766 33 22 Le
3699 2766 109 25 passant,
3821 2766 92 25 voyant
3924 2765 125 23 l'inutilité
4061 2766 31 22 de
4105 2770 38 18 ses
4156 2766 26 22 ef-

3626 2792 70 25 forts,
3718 2792 150 23 abandonna
3889 2792 26 22 la
3936 2793 133 26 poursuite,
4090 2793 27 22 et
4137 2793 45 25 pré-

3626 2819 54 22 vint
3694 2819 24 22 la
3733 2819 85 26 police.

3654 2846 101 22 Comme
3768 2846 114 22 l'homme
3896 2846 114 22 semblait
4022 2846 52 22 être
4087 2850 65 18 venu
4164 2846 31 22 de

3626 2872 106 23 derrière
3753 2873 23 22 le
3796 2873 104 25 cinéma,
3920 2878 33 17 on
3974 2873 50 21 alla
4044 2872 52 22 voir
4116 2873 31 22 de
4168 2877 27 17 ce

3626 2899 61 26 côté,
3706 2899 32 22 où
3758 2904 26 17 se
3804 2900 85 22 trouve
3909 2904 49 17 une
3977 2899 83 26 plaine
4080 2899 31 22 de
4130 2900 66 26 jeux.

3626 2927 40 21 On
3689 2930 16 23 y
3729 2926 125 22 découvrit
3884 2926 156 26 rapidement
4071 2926 22 22 le
4125 2930 71 22 corps

3625 2953 73 22 d'une
3712 2953 75 26 jeune
3801 2953 99 25 femme,
3915 2953 112 22 Barbara
4041 2953 80 25 Mant,
4136 2953 59 25 âgée

3626 2980 30 22 de
3679 2980 26 21 19
3726 2984 53 21 ans,
3800 2980 42 25 qui
3863 2979 68 22 avait
3951 2979 41 23 été
4012 2979 57 22 tuée
4089 2979 31 22 de
4141 2981 54 24 sept

3625 3011 75 21 coups
3714 3006 30 22 de
3759 3007 104 21 couteau
3877 3006 63 22 dans
3954 3006 23 22 le
3991 3006 51 22 dos.

3653 3034 41 21 On
3709 3038 26 17 se
3750 3034 56 25 pert
3821 3038 32 17 en
3868 3033 154 26 conjectures
4037 3037 42 18 sur
4093 3033 37 22 les
4143 3034 39 21 rai-

3625 3065 58 17 sons
3695 3060 30 22 de
3737 3065 27 17 ce
3777 3060 91 24 drame,
3881 3060 41 26 qui
3935 3065 15 16 a
3963 3060 93 26 surpris
4067 3060 56 22 tous
4135 3063 60 19 ceux

3625 3087 42 25 qui
3683 3086 184 23 connaissaient
3883 3086 26 22 la
3925 3086 75 27 jeune
4016 3086 60 22 fille.
4093 3086 102 22 Celle-ci

3626 3113 101 25 menait,
3742 3118 32 17 en
3789 3113 70 25 effet,
3874 3117 48 18 une
3938 3113 38 22 vie
3991 3113 52 22 très
4056 3113 139 26 tranquille,

3626 3140 26 22 et
3664 3145 31 17 ne
3708 3140 89 22 sortait
3809 3144 102 22 presque
3924 3140 90 26 jamais
4027 3140 73 22 seule.

3654 3166 35 22 La
3703 3166 85 26 police,
3803 3166 110 22 mettant
3927 3166 16 22 à
3958 3166 77 26 profit
4050 3166 23 22 le
4088 3166 94 26 signale-

3625 3193 70 21 ment
3722 3198 46 21 que
3788 3192 36 23 lui
3844 3193 68 22 avait
3931 3192 84 23 fourni
4042 3193 22 22 le
4091 3194 104 24 passant

3625 3220 152 22 concernant
3795 3219 23 22 le
3837 3219 149 26 mystérieux
4004 3219 97 26 fuyard,
4119 3223 62 22 pour-

3624 3246 75 22 suivit
3713 3251 39 17 ses
3764 3246 146 22 recherches
3923 3246 69 22 toute
4005 3246 26 22 la
4044 3246 63 26 nuit,
4121 3246 32 26 et,
4166 3250 29 18 ce

3625 3273 88 24 matin,
3726 3272 46 23 elle
3786 3272 103 23 arrêtait
3903 3278 35 17 un
3951 3273 106 25 homme,
4071 3273 41 26 qui
4126 3277 16 17 a
4155 3273 40 22 été

3624 3299 183 23 formellement
3820 3299 87 23 accusé
3920 3300 34 22 du
3966 3300 108 22 meurtre
4087 3299 31 23 de
4130 3300 51 22 Bar-

3625 3326 62 22 bara
3701 3327 80 21 Mant.

3625 3391 40 29 LE

3687 3402 15 17 «
3726 3392 105 29 FREYA
3852 3403 16 15 »
3888 3392 20 30 A
3926 3385 64 37 ÉTÉ
4009 3386 186 42 REMORQUÉ

3701 3447 137 37 JUSQU'A
3863 3447 252 31 SOUTHAMPTON

3730 3509 46 24 (De
3793 3508 72 22 notre
3881 3508 210 26 correspondant.)

3652 3542 116 25 Londres,
3787 3542 28 21 28
3834 3541 62 27 juin.
3914 3553 30 5 —
3966 3542 59 22 (Par
4044 3541 151 26 téléphone).

3624 3579 29 6 —
3666 3568 163 26 Aujourd'hui
3843 3569 39 22 est
3895 3568 71 23 entré
3979 3569 64 21 dans
4056 3568 23 22 le
4093 3569 58 26 port
4164 3568 32 22 de

3625 3595 184 26 Southampton
3821 3595 24 22 le
3857 3595 86 22 navire
3956 3595 88 22 danois
4059 3604 9 10 a.
4083 3595 79 26 Freya
4175 3604 20 17 »,

3624 3622 120 26 jaugeant
3766 3622 61 25 1,207
3855 3622 96 22 tonnes.
3972 3623 36 20 Lo
4033 3621 92 26 navire,
4153 3622 42 26 qui

3624 3648 63 23 était
3700 3648 128 27 remorqué
3842 3653 46 22 par
3901 3649 65 22 deux
3980 3648 129 22 vaisseaux
4123 3648 58 22 fran-

3624 3675 58 26 çais,
3697 3675 62 23 était
3774 3675 206 26 effroyablement
3995 3675 88 26 abimé,
4098 3675 52 22 l'un
4164 3675 31 22 de

3624 3707 39 18 ses
3683 3702 81 22 flancs
3784 3702 78 26 ayant
3881 3701 40 23 été
3940 3701 191 27 complètement
4150 3702 31 22 dé-

3624 3728 75 23 chiré.

3652 3755 152 27 L'équipage,
3823 3754 83 28 épuisé
3924 3760 47 22 par
3988 3760 51 18 une
4057 3755 56 22 nuit
4131 3755 51 22 d'ef-

3624 3782 64 23 forts
3710 3782 116 27 pénibles,
3853 3787 62 22 pour
3936 3787 89 17 sauver
4052 3781 23 23 le
4103 3782 92 26 navire,

3624 3810 58 21 n'en
3694 3809 102 26 pouvait
3809 3809 62 26 plus,
3884 3809 26 22 et
3922 3808 87 23 faisait
4020 3809 73 26 peine
4106 3808 17 22 à
4135 3809 60 25 voir,

3623 3836 58 22 tant
3697 3835 170 27 l'épuisement
3883 3836 44 22 des
3943 3836 113 22 hommes
4072 3835 63 23 était
4151 3840 30 17 ex-

3624 3862 85 23 trême.

3652 3889 40 22 On
3712 3889 117 26 rapporte
3849 3893 47 22 que
3915 3889 23 22 le
3960 3898 10 10 aa
3991 3889 79 26 Freya
4090 3896 20 18 »,
4129 3889 66 21 alors

3623 3916 59 26 qu'il
3700 3921 26 17 se
3744 3915 109 23 trouvait
3872 3920 34 18 au
3923 3915 86 23 milieu
4026 3916 31 22 de
4075 3915 27 23 la
4119 3916 62 22 Man-

3623 3942 53 26 che,
3690 3942 62 23 était
3765 3942 70 23 entré
3849 3947 32 18 en
3894 3942 117 26 collision,
4024 3947 47 22 par
4083 3942 64 23 suite
4161 3942 33 22 du

3623 3969 141 26 brouillard,
3797 3974 60 18 avec
3889 3969 23 22 le
3944 3974 93 21 vapeur
4070 3969 124 22 allemand

3625 4005 10 10 .a
3651 3996 114 22 Holstein
3781 4005 20 17 »,
3816 3996 119 26 Jaugeant
3950 3996 62 25 4,969
4027 3996 97 22 tonnes.

3651 4023 33 22 Le
3703 4023 61 22 choc
3782 4023 41 22 fut
3841 4023 21 22 si
3880 4022 94 22 violent
3992 4027 47 22 que
4057 4022 69 22 toute
4145 4027 49 18 une

3623 4049 81 27 partie
3725 4049 34 23 du
3779 4049 85 23 navire
3885 4049 41 22 fut
3947 4049 125 22 enfoncée.
4092 4049 50 22 Par
4169 4049 25 22 la

3624 4076 84 23 trouée
3728 4076 65 22 ainsi
3812 4076 69 26 faite,
3900 4076 63 22 l'eau
3982 4081 27 18 se
4027 4076 48 22 mit
4093 4076 17 22 à
4128 4076 52 22 s'en-

3623 4103 112 26 gouffrer
3754 4103 162 26 rapidement,
3936 4103 27 22 et
3981 4103 31 22 de
4032 4102 75 26 façon
4127 4103 54 22 alar-

3623 4130 93 22 mante.
3736 4130 49 22 Des
3805 4130 104 26 signaux
3929 4130 30 21 de
3980 4130 108 22 détresse
4107 4130 87 21 furent

3623 4156 90 26 lancés,
3731 4156 84 23 tandis
3832 4161 47 22 que
3897 4156 135 26 l'équipage
4049 4161 27 17 se
4093 4157 101 21 mettait

3623 4183 16 23 à
3653 4183 126 23 travailler
3792 4188 59 17 avec
3866 4183 179 22 acharnement
4058 4188 50 17 aux
4121 4188 59 21 pom-

3624 4215 49 22 pes.
3687 4210 46 22 Les
3748 4210 64 22 deux
3827 4209 98 23 navires
3940 4210 111 25 français
4065 4210 72 22 étant
4152 4214 29 18 ar-

3622 4236 64 23 rivés
3712 4237 55 22 tout
3793 4236 32 23 de
3851 4232 64 26 suite
3940 4241 43 17 sur
4009 4236 36 22 les
4071 4236 72 26 lieux,
4169 4236 24 23 le

3625 4272 9 10 ai
3653 4264 79 25 Freya
3749 4272 11 10 »
3779 4263 47 26 put
3843 4263 52 22 être
3912 4263 131 22 maintenu
4061 4263 16 22 à
4094 4263 55 26 flot,
4167 4264 26 21 et

3622 4289 134 27 remorqué,
3773 4289 73 26 grâce
3862 4294 49 18 aux
3927 4289 91 23 efforts
4034 4290 145 21 ininterrom-

3622 4322 45 20 pus
3681 4316 31 23 de
3727 4316 142 27 l'équipage,
3883 4316 66 22 resté
3964 4321 51 17 aux
4028 4320 108 22 pompes.

3755 4381 37 31 M.
3808 4381 106 31 LL0YD
3928 4381 133 31 GEORGE

3728 4436 134 32 CONTRE
3877 4437 54 31 SIR
3945 4437 134 31 AUSTEN

3725 4512 47 24 (De
3789 4512 72 22 notre
3878 4511 209 28 correspondant.)

3645 4539 117 25 Londres,
3781 4539 28 22 28
3828 4538 63 27 Juin.
3909 4550 29 5 —
3961 4539 59 22 (Par
4038 4538 151 27 téléphone).

3618 4576 29 6 —
3661 4566 34 21 M.
3710 4565 75 26 Lloyd
3801 4566 96 25 George
3911 4570 16 17 a
3941 4565 131 27 prononcé,
4087 4566 89 25 aujour-

3619 4592 75 26 d'hui,
3713 4597 36 18 un
3767 4592 116 26 discours,
3902 4592 17 22 à
3936 4592 116 26 Londres,
4070 4592 65 22 dans
4153 4592 23 21 le-

3619 4619 56 26 quel
3691 4619 18 22 il
3726 4624 16 17 a
3758 4619 124 22 vivement
3898 4619 104 26 critiqué
4018 4619 123 22 l'attitude
4159 4619 31 22 de

3618 4645 40 22 Sir
3673 4646 95 22 Austen
3783 4645 183 26 Chamberlain,
3981 4646 42 26 qui
4038 4650 16 17 a
4069 4646 119 24 annoncé,

3617 4672 62 26 hier,
3701 4673 59 26 qu'il
3781 4672 101 27 quittait
3904 4672 99 22 l'Union
4031 4672 157 26 britannique

3618 4703 63 22 pour
3695 4698 25 23 la
3735 4699 25 23 S.
3775 4700 30 22 D.
3820 4700 29 21 N.

3646 4726 35 22 M.
3699 4726 76 26 Lloyd
3793 4727 96 25 George
3907 4725 38 23 dit
3962 4725 58 27 qu'il
4038 4730 32 18 ne
4087 4725 102 26 pouvait

3617 4753 142 26 s'imaginer
3777 4753 124 22 comment
3919 4757 35 18 un
3972 4752 99 23 homme
4088 4752 36 22 tel
4141 4756 47 22 que

3619 4779 40 23 Sir
3673 4780 96 22 Austen
3784 4779 175 23 Chamberlain
3974 4778 101 27 pouvait
4090 4779 54 26 agir
4158 4778 31 22 de

3619 4806 66 22 cette
3701 4806 82 26 façon.

3660 4869 143 30 INSTITUT
3828 4871 136 29 MEURICE
3986 4883 29 6 -
4040 4872 109 29 CHIMIE

3714 4906 167 22 BRUXELLES,
3894 4907 48 19 Rue
3953 4907 109 22 Simonis,
4074 4907 23 19 14

3659 4928 103 24 Diplôme
3786 4929 143 24 d'ingénieur
3936 4937 8 6 •
3950 4930 130 19 technicien
4108 4930 43 19 des

3659 4951 128 20 industries
3792 4954 23 16 et
3819 4952 103 19 sciences
3926 4952 128 22 chimiques
4062 4952 87 19 délivré

3741 4978 56 15 sous
3808 4974 21 19 le
3840 4975 103 18 contrôle
3953 4975 28 19 de
3992 4973 72 21 l'Etat.

3659 4996 101 20 Examen
3767 4996 100 20 d'entrée
3873 4997 109 24 JUILLET
3987 5000 24 17 et
4015 4998 134 19 OCTOBRE.

3683 5020 109 20 ProiPtetmt
3799 5023 19 16 at
3826 5025 158 16 renseisnemenls
3990 5028 33 11 sur
4030 5023 96 16 demande.

4117 5051 67 28 TlhTO

4047 5303 57 29 dep.

4019 5358 76 43 125
4096 5354 22 25 Fr
4117 5362 20 17 *

3624 5204 154 29 fabricant
3783 5200 168 41 Spécialiste

3663 5278 99 23 Matelas
3773 5276 67 28 loine,

3662 5307 14 31 f
3676 5315 80 20 ocons,
3766 5309 63 25 crins,

3660 5337 85 31 capolc,
3756 5335 97 26 matelas

3661 5367 148 30 métalliques,
3821 5369 61 21 etc.

3661 5431 53 31 121,
3723 5430 45 25 Ch.
3778 5430 34 25 de
3821 5429 125 25 Waterloo

3660 5461 38 31 28,
3713 5460 74 26 Place
3802 5460 127 25 Fontainas

3662 5493 21 28 2,
3698 5491 42 25 Bd.
3752 5491 33 24 M.
3795 5490 139 25 Lemonnier

3724 5519 154 27 BRUXELLES

3798 5584 381 73 MATELAS

4100 5658 82 19 1A/U-2

3627 5693 97 18 MAISON
3741 5693 118 17 GEORGES
3877 5692 76 17 THIEB
3955 5692 29 17 Al
3990 5692 15 17 T
4023 5692 54 18 (Soc.
4094 5690 75 19 Anon.)

3677 5715 30 19 36,
3723 5714 53 21 Quai
3791 5714 28 17 du
3835 5714 123 19 Commerce,
3973 5712 147 18 BRUXELLES

3638 5737 109 17 Messieurs
3768 5736 29 17 let
3817 5735 144 18 Actionnaires
3988 5735 21 17 et
4035 5734 95 21 porteurs
4158 5732 26 19 de

3614 5759 60 19 parts
3692 5758 25 18 de
3734 5757 111 18 fondateur
3873 5757 49 17 sont
3949 5756 55 21 priés
4033 5755 107 18 d'assister
4169 5753 14 18 à

3615 5778 128 20 l'Assemblée
3767 5777 100 19 Générale
3892 5777 162 18 extraordinaire
4078 5776 54 18 fixée
4155 5779 28 14 an

3615 5801 54 21 siège
3683 5800 72 20 social,
3772 5800 18 17 le
3806 5799 12 18 6
3833 5798 69 22 Juillet
3917 5798 108 22 prochain,
4041 5798 13 18 à
4070 5798 22 18 11
4109 5798 73 17 heures

3615 5822 97 22 précises:

3772 5842 88 18 ORDRE
3877 5841 36 18 DU
3930 5841 67 18 JOUR
4016 5845 7 14 :

3639 5865 17 18 1.
3668 5864 129 21 Proposition
3821 5863 27 18 du
3878 5863 81 18 Conseil
3990 5862 191 18 d'Administration

3667 5886 90 18 tendant
3773 5885 12 18 à
3802 5884 80 19 réduire
3898 5887 19 16 ie
3931 5884 79 22 capital
4025 5884 25 19 de
4068 5884 52 18 deux
4135 5884 37 18 mil-

3667 5907 54 19 lions
3736 5907 14 18 à
3766 5910 29 15 un
3811 5905 85 22 million,
3913 5909 38 18 par
3968 5905 174 18 remboursement
4157 5905 25 18 de

3668 5929 34 18 500
3719 5929 27 18 fr.
3763 5928 13 18 k
3793 5928 92 18 chacune
3903 5927 35 19 des
3955 5927 80 18 actions
4053 5927 25 18 de
4095 5926 86 22 capital;

3637 5950 19 19 3.
3667 5950 143 19 Autorisation
3826 5949 13 18 à
3857 5949 79 18 donner
3953 5952 27 15 au
3996 5948 81 18 Conseil
4094 5952 51 18 pour
4160 5947 23 18 la

3668 5973 51 17 mise
3734 5972 13 17 à
3763 5970 107 20 exécution
3885 5971 36 18 des
3937 5970 132 21 dispositions
4085 5970 35 21 qui
4135 5969 36 22 pré-

3668 5993 81 21 cédent;

3637 6016 18 18 3.
3667 6015 155 18 Modifications
3839 6017 40 15 aux
3893 6014 86 21 statuts,
3996 6016 25 16 en
4037 6013 145 21 conséquence.

3637 6038 38 18 Les
3689 6037 61 20 titres
3764 6037 48 18 sont
3825 6035 13 19 à
3853 6035 86 23 déposer
3953 6038 27 16 au
3994 6034 55 23 siège
4063 6035 70 18 social.

4059 6056 125 22 lD7SW/A-ft
