4022 5879
132 281 53 50 La
195 281 177 50 Dernière
384 281 124 52 Heure

98 370 84 29 refuse
200 369 36 26 de
259 371 138 29 présenter
416 372 69 26 dans
504 381 43 18 ses

98 402 125 29 colonnes
244 410 109 19 comme
370 403 176 28 information

98 434 130 31 objective
254 443 36 18 on
315 436 91 26 article
430 437 105 27 désinté-

97 466 68 30 ressé
189 466 129 31 émanant
343 469 35 26 de
400 478 31 17 sa
453 470 93 26 rédac-

16 501 142 154 ttion,
177 499 50 27 des
244 504 79 23 notes
340 503 206 27 tendancieuses

97 538 24 22 et
153 532 50 26 des
232 537 87 23 textes
351 534 36 26 de
418 535 127 30 publicité

95 565 186 29 commerciale
316 575 37 18 oa
388 566 156 33 financière,

95 598 81 34 payés
190 597 178 30 directement
380 608 37 18 on
431 600 103 28 indirec-

95 635 100 25 tement
208 640 50 22 par
270 631 50 27 des
331 632 74 28 tiers.

692 216 293 269 La
1068 220 1057 269 Dernière
2208 220 721 269 Heure

856 521 81 41 LE
978 523 160 40 PLUS
1182 523 224 40 GRAND
1443 520 306 44 JOURNAL
1788 524 215 44 BELGE,
2048 521 77 44 LE
2171 526 207 42 MIEUX
2427 520 359 49 RENSEIGNÉ

871 602 16 25 ,
1454 582 216 31 BRUXELLES
1685 601 32 8 -
1734 586 48 31 52.
1800 583 76 30 RUE
1892 584 55 29 DU
1965 583 209 32 PONT-NEUF

3042 352 227 79 EDITION

3062 446 175 55 MAT!»

3400 287 213 39 ILyAPElT

3394 341 125 50 ENPl

3409 404 80 40 POl

3676 278 123 46 ÊTRE
3810 286 71 37 UN

3783 339 132 52 CANT

3771 402 121 43 VOIS

3884 448 20 21 r

3831 472 72 26 DANS

3839 504 59 30 NOS

669 674 88 32 29-»
774 670 161 39 ANNÉE
953 695 40 7 —
1015 677 44 32 N"
1079 677 74 33 272

1653 679 154 32 SAMEDI
1828 680 39 31 29
1886 677 238 34 SEPTEMBRE
2148 680 73 32 1934

2686 677 56 33 LE
2765 671 199 39 NUMÉRO
2984 677 51 34 30
3054 677 238 34 CENTIMES

3389 558 220 65 PETITES
3631 562 288 59 ANNONCES

3399 651 6 7 •
3446 624 152 41 da-M(?co
3607 637 70 34 par
3688 623 175 49 rubriques

147 794 302 51 ATOUT
473 795 15 50 !

84 895 28 29 'A
136 896 88 32 quelle
249 898 107 32 époque
380 904 113 25 peut-on
517 898 70 29 fixer

71 933 142 27 'invention
232 933 48 27 des
297 941 86 20 cartes
400 935 17 25 à
433 935 77 30 jouer
528 944 28 20 et
570 937 17 26 à

117 968 87 28 faut-il
222 969 148 28 l'attribuer
397 972 12 24 ?
450 970 137 31 D'aucuns

102 1004 112 30 tendent
237 1016 52 22 que
312 1005 203 30 l'introduction
539 1008 48 28 des

60 1048 79 21 cartes
150 1042 17 25 à
177 1042 78 30 jouer
267 1052 34 16 en
314 1041 107 34 Europe
432 1054 36 17 ne
481 1055 94 17 remon-

59 1085 24 21 te
100 1088 50 22 pas
168 1088 35 16 au
222 1076 62 28 delà
303 1078 37 27 du
358 1078 83 29 XlVe
460 1081 81 27 siècle
560 1088 27 21 et

58 1115 108 26 certains
206 1115 89 26 même
315 1123 122 21 assurent
457 1127 53 22 que
531 1116 56 28 leur

56 1151 135 27 invention
206 1149 42 28 fut
263 1149 66 29 faite
343 1153 17 25 à
374 1151 27 28 la
416 1163 65 17 cour
496 1153 36 27 du
548 1155 40 25 roi

53 1181 36 45 ^e
112 1184 110 31 France.
245 1187 111 27 Charles
380 1187 48 32 VI,
453 1190 45 29 qui
523 1190 65 27 était

56 1221 53 30 fou.

84 1267 48 34 Or,
152 1268 39 28 les
208 1269 101 30 érudits
327 1279 95 21 savent
440 1271 35 27 de
493 1281 94 18 source

55 1306 115 27 certaine
187 1315 52 22 que
256 1305 38 28 les
309 1313 87 21 cartes
411 1308 17 25 à
440 1308 86 30 jouer,
543 1318 34 17 ve-

55 1350 64 19 nues
143 1340 35 28 de
201 1340 85 29 l'Inde
308 1350 28 21 et
360 1342 35 28 de
417 1342 28 28 la
492 1343 95 31 Chine,

55 1377 98 28 étaient
176 1387 53 16 aux
251 1379 86 26 mains
360 1378 50 29 des
432 1378 106 29 Arabes
560 1387 28 20 et

56 1412 45 29 des
115 1412 133 28 Sarrasins
261 1413 48 27 dès
323 1413 27 28 la
363 1414 40 27 fin
418 1414 37 28 du
469 1414 55 29 Xle
539 1417 38 26 siè-

55 1448 47 29 cle.
122 1447 19 28 Il
160 1455 40 21 est
217 1449 134 32 probable
369 1450 112 32 qu'elles
498 1450 90 29 furent

56 1485 155 31 rapportées
224 1496 34 16 en
272 1485 128 33 Belgique
413 1497 50 21 par
476 1487 39 27 les
527 1487 51 27 che-

56 1520 94 28 valiers
171 1522 45 30 qui
238 1522 102 31 prirent
361 1529 61 24 part
443 1524 17 25 à
481 1522 27 29 la
529 1534 48 21 pre-

57 1557 78 28 mière
155 1557 132 30 croisade.
312 1556 20 28 11
356 1557 59 30 faut
436 1560 86 26 croire
546 1570 31 16 ce-

56 1592 118 35 pendant
188 1592 112 33 qu'elles
315 1604 34 17 ne
363 1605 30 16 se
407 1596 181 30 propagèrent

56 1628 113 29 d'abord
188 1639 53 22 que
260 1629 156 30 lentement,
436 1641 46 16 car
500 1632 17 25 à
534 1641 54 17 une

57 1665 105 32 époque
181 1665 37 27 où
237 1665 134 30 l'autorité
390 1665 79 28 civile
489 1676 27 19 et
535 1665 42 28 l'E-

56 1701 61 34 glise
134 1701 165 27 décrétaient
314 1712 63 16 sans
392 1712 75 17 cesse
481 1702 50 28 des
548 1713 29 15 or-

57 1738 152 27 donnances
232 1737 177 32 prohibitives
432 1744 94 22 contre
549 1738 39 27 les

55 1775 60 31 jeux
137 1773 35 28 de
193 1773 107 31 hasard,
345 1784 36 17 on
402 1785 36 16 ne
459 1775 59 26 voit
538 1784 51 22 pas

55 1809 111 33 qu'elles
185 1811 74 26 aient
277 1810 97 31 jamais
394 1811 43 26 été
457 1811 81 27 mises
554 1821 34 17 en

56 1856 78 17 cause
149 1856 108 17 comme
270 1845 40 29 les
325 1845 49 28 dés
389 1853 27 21 et
430 1846 40 27 les
484 1846 104 29 échecs.

86 1891 56 28 Dès
159 1891 26 29 le
193 1888 81 31 ^(Ve
289 1891 83 28 siècle
390 1892 156 28 l'existence
563 1899 29 21 et

55 1927 28 29 la
103 1927 153 33 popularité
277 1927 50 29 des
344 1934 87 22 cartes
452 1936 63 21 sont
536 1928 44 28 évi-

56 1963 94 28 dentes
165 1974 35 16 en
216 1963 137 32 Belgique,
369 1975 35 17 en
420 1963 170 33 Allemagne,

55 2010 34 17 en
100 1998 112 31 France,
225 2009 35 17 en
274 1998 82 31 Italie,
370 2011 37 25 en,
417 1999 134 33 Espagne.
564 2000 27 27 A

55 2036 27 27 la
101 2035 94 31 vérité,
217 2034 72 30 leurs
308 2045 89 22 noms,
418 2035 72 28 leurs
528 2046 53 17 cou-

55 2070 77 33 leurs,
147 2069 71 30 leurs
232 2070 157 32 emblèmes,
405 2071 57 28 leur
476 2072 116 27 nombre

53 2114 30 24 et
98 2106 71 29 leurs
186 2106 103 28 formes
305 2107 136 31 changent
457 2107 77 27 selon
552 2108 41 27 les

57 2153 65 23 pays
132 2149 29 21 et
172 2142 26 27 le
211 2144 107 30 caprice
331 2142 49 28 des
389 2144 118 30 joueurs.
521 2142 71 29 Mais

60 2178 80 34 qu'on
158 2178 40 29 les
218 2177 109 33 appelle
343 2185 88 20 cartes
450 2185 86 21 tarots
555 2189 36 16 ou

60 2221 82 22 cartes
161 2214 155 32 françaises,
337 2225 32 17 ce
388 2221 62 21 sont
469 2215 121 30 toujours

58 2251 36 30 les
105 2259 87 20 cartes
201 2251 160 31 rapportées
371 2261 49 21 par
431 2250 39 28 les
481 2251 109 32 croisés,

59 2287 36 28 les
114 2293 87 22 cartes
219 2287 156 31 originaires
394 2285 35 29 de
448 2285 87 29 l'Inde
554 2296 37 17 ou

59 2323 33 27 de
106 2323 27 27 la
148 2322 97 29 Chine.

85 2369 28 27 A
131 2370 84 32 partir
230 2369 37 27 du
284 2368 73 28 XVe
392 2369 82 28 siècle
510 2369 80 30 aussi,

58 2416 64 17 nous
143 2412 130 22 trouvons
291 2404 39 30 les
350 2411 88 21 cartes
458 2406 122 26 mention-

56 2443 63 27 nées
134 2441 69 28 dans
218 2441 105 32 chaque
338 2441 188 27 énumération
543 2440 49 28 des

43 2473 4 29 I
54 2479 62 31 jeux
139 2476 35 29 de
195 2476 109 29 Hasard.
326 2476 77 28 Nous
423 2476 41 28 les
485 2487 106 21 voyons

43 2519 3 21 \
56 2515 150 31 proscrites,
225 2512 185 28 condamnées
427 2523 50 21 par
494 2512 41 28 les
550 2523 31 16 or-

59 2549 155 29 donnances
244 2548 216 33 ecclésiastiques
487 2555 28 20 et
541 2559 50 21 par

57 2586 38 28 les
115 2585 69 28 édits
207 2584 48 30 des
276 2586 107 31 princes
424 2585 167 26 souverains.

57 2621 73 28 Nous
150 2621 153 28 entendons
324 2620 41 28 les
407 2620 185 32 prédicateurs

56 2657 112 29 s'élever
186 2664 95 21 contre
295 2656 75 30 elles,
390 2667 32 17 ce
442 2657 46 31 qui
506 2655 75 28 n'em-

57 2693 84 33 pêche
155 2704 49 21 pas
217 2692 26 28 le
256 2702 154 18 commerce
423 2692 35 27 de
472 2691 40 29 les
526 2691 54 26 mul-

58 2730 84 31 tiplier
160 2736 28 21 et
207 2729 116 27 d'aviser
341 2730 17 25 à
375 2739 36 17 en
428 2727 153 30 perfection-

57 2776 47 19 ner
123 2764 28 28 la
169 2764 171 28 fabrication.
355 2763 54 28 Les
427 2765 105 31 poètes,
552 2762 39 28 les

58 2803 164 26 romanciers
241 2801 41 27 les
300 2808 143 20 nomment
461 2801 17 25 à
497 2799 93 27 l'envi.

57 2834 70 29 Elles
145 2835 187 31 apparaissent
351 2833 69 27 dans
437 2832 41 28 les
497 2833 84 26 minia-

57 2874 71 21 tures
146 2867 48 29 des
213 2868 165 27 manuscrits,
397 2876 107 17 comme
523 2865 69 27 dans

56 2901 40 27 les
113 2901 130 31 premiers
260 2900 84 27 essais
362 2899 35 26 de
416 2908 114 22 gravure
547 2908 45 16 sur

56 2933 61 27 bois
132 2942 35 17 ou
181 2943 45 17 sur
240 2933 99 26 cuivre-
354 2930 91 33 Enfin,
459 2938 28 21 et
502 2929 77 34 quel!

43 2966 7 19 :
57 2975 51 23 que
121 2966 54 26 soit
186 2965 27 28 la
225 2964 117 32 fragilité
353 2964 50 30 des
413 2970 90 27 pactes
514 2963 82 28 elles-,

43 3007 3 13 i
61 3000 105 27 mêmes,
182 2997 18 27 il
213 2997 59 27 s'en
286 3004 41 20 est
340 2997 131 26 conservé
485 2997 46 30 qui
545 3006 36 20 ap-

58 3031 169 32 partiennent
248 3039 54 17 aux
322 3029 148 33 premières
491 3028 102 27 années

58 3063 35 28 du
107 3062 73 29 XVe
194 3061 92 30 siècle.
301 3074 6 5 •

87 3108 67 28 Bien
171 3119 53 22 que
241 3108 36 27 de
292 3114 90 21 toutes
397 3113 75 26 parts
487 3106 28 28 la
531 3117 50 17 cen

46 3147 5 4 '
59 3147 59 27 suj/e
139 3140 46 31 fût
209 3140 101 33 dirigée
334 3147 94 21 contre
453 3139 75 32 elles,
553 3138 31 28 le;

58 3181 86 22 cartes
155 3185 35 17 ne
203 3174 137 28 laissaient
353 3184 50 21 pas
416 3172 114 31 d'avoir,
542 3182 39 17 no

59 3214 128 20 tamment
207 3218 35 17 en
262 3206 83 30 Italie,
365 3216 55 17 une
458 3215 89 22 vogue
565 3211 28 21 et

57 3250 35 17 un
109 3239 76 30 débit
201 3238 211 29 considérables.
429 3238 79 27 Ainsi
524 3238 69 26 voit-

57 3283 44 23 on,
117 3283 35 17 en
172 3272 82 31 1441,
270 3274 18 25 à
302 3271 111 32 Venise,
429 3271 40 28 les
484 3271 109 26 maîtres

58 3308 114 26 cartiers.
190 3316 14 16 a
218 3306 46 31 qui
277 3304 121 28 forment
409 3314 55 17 une
477 3304 105 26 associa

58 3340 57 26 tion
136 3348 75 17 assez
228 3337 164 27 nombreuse
415 3347 26 22 »,
462 3335 130 28 réclamer

55 3376 36 23 et'
97 3370 107 28 obtenir
219 3370 37 28 du
269 3370 84 28 Sénat
366 3380 54 17 une
434 3375 72 32 sor^e
521 3368 65 27 d'or

56 3404 48 29 dre
126 3403 35 28 de
200 3403 168 33 prohibition
409 3409 94 20 contre
529 3412 13 15 «
565 3401 22 27 la

55 3436 103 33 grande
179 3436 122 32 quantité
322 3435 36 28 de
379 3441 88 21 cartes
487 3435 105 31 peintes

55 3476 28 21 et
100 3468 165 33 imprimées,
285 3469 47 31 qui
347 3478 31 17 se
395 3467 62 28 font
474 3467 64 27 hors
557 3466 35 28 de

56 3501 110 33 Venise,
187 3507 29 22 et
235 3502 45 31 qui
300 3507 71 25 sont,
393 3510 34 17 au
448 3499 143 28 détriment

56 3534 35 28 de
106 3534 58 27 leur
177 3540 49 22 art.
243 3533 159 27 introduites
418 3533 68 27 dans
501 3531 27 28 la
543 3531 37 28 vil-

56 3567 27 28 le
98 3578 27 16 ».
140 3565 45 29 On
201 3568 58 25 voit
273 3576 49 22 par
337 3565 27 28 là
378 3576 52 22 que
445 3565 26 28 le
486 3571 94 26 protec-

55 3600 145 27 tionnisme
220 3609 37 18 ne
278 3598 64 28 date
363 3609 51 22 pas
455 3597 125 32 d'aujour-

56 3632 83 28 d'hui.

87 3677 20 30 11
128 3685 41 21 est
190 3679 148 31 important
359 3677 35 28 de
435 3686 155 23 remarquer

55 3710 67 33 qu'il
138 3718 41 21 est
195 3712 34 26 ici
246 3710 50 29 fait
312 3711 122 26 mention
452 3710 35 27 de
499 3715 92 22 'Cartes

56 3743 154 32 imprimées
223 3745 67 26 ainsi
304 3753 53 22 que
371 3742 35 28 de
417 3749 87 22 cartes
509 3743 72 31 .pein-

57 3782 51 24 tes;
134 3775 67 29 c'est
223 3786 62 21 que,
309 3772 49 32 dès
380 3781 71 21 cette
474 3775 116 30 époque,

55 3815 78 21 outre
152 3818 53 22 que
224 3808 106 32 chaque
344 3807 65 29 ville
429 3806 105 29 d'Italie
552 3806 29 27 fa-

55 3841 117 33 briquait
192 3841 49 27 des
259 3847 95 25 cartes,
375 3840 28 27 la
421 3839 125 30 Flandre,
565 3838 27 28 le

55 3873 128 32 Brabant,
203 3873 27 29 la
248 3872 140 28 Hollande
406 3880 28 21 et
452 3872 129 27 l'Allema-

55 3917 60 23 gne,
133 3907 79 32 grâce
229 3907 17 26 à
262 3906 160 27 l'invention
439 3905 36 28 de
490 3904 28 28 la
535 3915 46 21 gra-

55 3950 65 18 vure
132 3950 44 17 sur
189 3939 69 32 bois,
269 3950 38 16 «n
321 3938 183 32 fabriquaient
516 3944 28 21 et
556 3948 35 16 en

55 3973 170 31 exportaient
243 3968 36 30 de
297 3970 115 33 grandes
447 3971 143 31 quantités.

55 4003 112 30 Faisons
183 4006 70 25 aussi
269 4014 156 21 remarquer
442 4003 63 31 qu'à
520 4009 72 21 cette

55 4038 108 32 époque
188 4048 13 15 «
224 4037 100 27 bâtons
346 4047 27 20 »,
398 4047 13 15 a
435 4035 107 28 deniers
565 4046 26 18 »,

58 4081 14 15 «
87 4080 103 21 coupes
205 4080 14 15 »
237 4076 28 20 et
280 4080 13 15 «
309 4070 82 30 épées
406 4080 13 15 »
438 4069 101 26 étaient
552 4067 40 28 les

54 4102 124 27 couleurs
192 4101 49 28 des
254 4108 87 21 cartes
354 4101 150 30 italiennes,
517 4111 64 16 com-

55 4145 45 17 me
115 4146 13 15 «
142 4145 111 17 carreau
266 4145 26 21 »,
309 4145 13 15 «
336 4133 79 29 trèfle
428 4144 26 21 ».
469 4144 14 16 «
497 4143 90 17 cœur»

54 4175 29 20 et
99 4178 14 16 n
128 4169 83 31 pique
224 4178 13 15 »
255 4168 102 26 étaient
368 4179 43 6 —
422 4174 28 21 et
463 4172 62 22 sont
538 4176 44 16 res-

55 4201 57 27 tées
124 4206 42 13 --r—
177 4200 82 28 celles
274 4199 48 28 des
335 4206 87 20 cartes
436 4198 154 33 françaises.

86 4246 45 27 On
146 4246 115 27 attribue
275 4247 17 25 à
306 4244 117 33 Jacques
437 4244 82 27 Cœur
533 4244 47 26 l'in-

55 4280 111 26 vention
187 4279 50 27 dés
259 4290 13 15 ci
293 4278 124 28 couleurs
439 4288 13 16 »
476 4276 103 32 françai-

55 4323 43 16 ses
115 4322 8 17 :
139 4311 40 28 les
194 4322 88 17 armes
298 4310 137 33 parlantes
451 4309 37 28 du
505 4308 85 34 grand

55 4344 131 27 financier
202 4343 117 32 français
334 4357 42 6 —
390 4344 40 26 les
446 4353 89 17 cœurs
550 4355 41 6 —

56 4383 49 21 ont
144 4375 145 33 remplacé,
311 4386 44 17 sur
374 4375 40 28 les
434 4382 95 23 cartes,
550 4375 40 26 les

59 4420 13 15 n
96 4419 102 22 coupes
220 4418 14 16 »
258 4408 38 27 du
315 4409 45 30 jeu
397 4409 116 31 importé
554 4407 36 27 de

55 4440 126 31 l'Orient;
201 4440 40 28 les
258 4439 100 31 trèfles,
377 4440 144 27 substitués
537 4451 53 16 aux

59 4485 15 17 «
93 4474 100 27 bâtons
214 4484 25 19 »,
259 4474 116 29 seraient
394 4472 39 27 les
452 4472 82 28 fleurs
553 4473 37 26 du

56 4517 96 17 sureau
176 4504 159 33 héraldique
359 4504 123 31 d'Agnès
504 4504 85 30 Sorel,

56 4540 27 27 la
99 4539 109 29 célèbre
247 4549 13 15 «
281 4533 89 31 Dame
389 4537 35 27 de
442 4536 102 28 Beauté
564 4548 26 19 »,

57 4573 137 27 maîtresse
214 4570 38 28 du
271 4573 40 25 roi
332 4569 35 32 de
387 4568 102 28 France
508 4568 72 27 Char-

57 4604 37 29 les
106 4604 60 30 VII;
180 4604 40 27 les
234 4615 13 15 «
262 4603 107 27 deniers
380 4614 13 15 »
409 4601 90 28 furent
510 4601 70 27 chan-

56 4639 46 31 gés
117 4649 35 17 en
168 4646 129 18 carreaux
314 4646 37 16 ou
367 4634 55 28 fers
437 4634 36 27 de
489 4633 100 30 flèche;

56 4670 43 28 lea
117 4681 13 17 t
151 4670 83 32 épées
255 4680 13 15 »
291 4668 90 27 furent
400 4666 191 29 transformées

55 4713 35 17 en
107 4704 104 30 piques,
229 4712 71 22 pour
314 4700 68 27 faire
399 4700 122 26 honneur
538 4708 52 17 aux

56 4735 72 27 deux
149 4734 84 27 frères
254 4733 68 33 Jean
343 4740 28 20 et
392 4731 126 32 Gaspard
540 4731 40 27 Bu-

56 4777 73 20 reau,
149 4766 99 32 grands
266 4767 109 26 maîtres
393 4765 36 27 de
446 4764 10 28 I
466 4764 125 27 artillerie

56 4811 34 16 en
113 4794 110 36 France,
247 4797 116 33 lesquels
385 4798 136 32 portaient
543 4796 48 27 des

55 4834 97 31 piques
168 4831 69 27 dans
254 4831 70 26 leurs
339 4831 147 27 armoiries.

86 4877 28 27 Si
134 4877 40 27 les
193 4883 88 20 cartes
318 4875 109 28 allaient
446 4886 30 18 se
495 4876 84 30 répan-

56 4910 67 28 dant
140 4910 38 27 de
198 4909 62 32 plus
280 4918 34 17 en
335 4907 69 32 plus,
444 4919 32 16 ce
496 4907 95 27 n'était

56 4944 77 30 point
153 4948 87 22 certes
260 4939 112 33 qu'elles
389 4947 107 20 eussent
516 4941 74 26 cessé

57 4975 85 28 d'être
183 4973 146 34 prohibées
351 4983 35 16 ou
407 4972 184 28 condamnées

57 5017 50 22 par
120 5008 40 27 les
174 5007 189 27 ordonnances
378 5005 213 32 ecclésiastiques

56 5047 29 20 et
101 5050 49 21 par
167 5039 40 29 les
223 5039 70 28 édits
310 5037 85 29 civils.
413 5036 40 28 La
470 5037 68 30 liste,
556 5047 35 17 au

56 5074 141 28 contraire,
219 5073 81 28 serait
317 5070 100 32 longue
438 5069 49 28 des
507 5071 84 26 arrêts

56 5106 92 30 portés
167 5111 93 21 contre
279 5104 66 28 elles
365 5110 27 20 et
411 5108 93 21 contre
523 5112 67 17 ceux

59 5138 43 31 qui
119 5136 57 29 s'en
193 5139 143 26 servaient.
372 5135 108 27 Princes
497 5141 28 20 et
542 5136 38 25 sei-

58 5178 95 23 gneurs
173 5180 29 17 se
223 5171 153 26 trouvaient
397 5167 35 28 de
454 5167 71 27 droit
545 5177 46 16 au-

59 5201 91 28 dessus
163 5201 35 28 de
212 5213 45 17 ces
271 5201 137 29 défenses;
425 5205 125 22 manants
564 5205 27 21 et

58 5243 64 23 gens
146 5233 114 28 dissolus
282 5245 35 17 ne
341 5245 29 17 se
395 5233 132 39 faisaient^
542 5242 49 21 pas

58 5265 74 31 faute
154 5265 36 28 de
212 5265 39 27 les
272 5266 162 29 enfreindre.
456 5263 135 33 Toujours

58 5299 69 27 est-il
144 5298 82 33 qu'en
243 5299 128 30 présence
388 5295 35 31 de
439 5308 46 17 ces
502 5296 78 33 prohi-

58 5329 99 30 bitions
171 5342 62 17 sans
247 5341 74 16 cesse
335 5330 184 31 renouvelées,
533 5329 47 28 l'in-

59 5362 98 29 dustrie
178 5363 48 27 des
246 5364 109 26 cartiers
374 5374 35 17 ne
429 5363 114 32 pouvait
561 5372 29 16 se

60 5395 166 33 développer
246 5395 151 28 librement.

92 5447 79 26 Aussi
186 5457 34 16 en
235 5445 127 31 Belgique
376 5446 26 26 la
416 5452 173 25 trouve-t-on,

60 5477 122 33 jusqu'au
208 5478 91 27 milieu
320 5477 37 27 du
382 5476 93 29 XVIIe
499 5477 90 30 siècle,

61 5508 151 31 dissimulée
234 5521 35 17 en
291 5509 116 33 quelque
428 5517 72 20 sorte
522 5510 68 27 dans

61 5542 65 29 celle
146 5543 48 29 des
212 5544 138 29 paoetiers
367 5549 28 20 et
413 5542 49 27 des
478 5542 102 28 enlumi-

61 5582 87 20 neurs.
275 5597 11 10 .

433 5627 27 30 J.
474 5629 38 30 H.
527 5632 33 29 B.

608 800 41 77 L
660 800 339 79 ETRANGE
1016 804 265 75 DRr\ME
1304 804 105 77 DU
1434 804 265 77 RAPIDE

762 910 777 53 VINTIMIL.LE-PARIS

724 1018 88 39 L'UN
835 1019 73 39 DES
931 1020 138 39 MORTS
1098 1020 110 39 N'EST
1230 1021 77 38 PAS
1330 1021 55 38 UN
1408 1021 174 39 INCONNU

899 1073 109 38 POUR
1031 1073 52 39 LA
1105 1073 159 39 JUSTICE
1286 1074 123 39 BELGE

1036 1133 233 10 ^t^****--************.******.**-**.

661 1162 209 37 BETLAMINI
894 1154 116 47 ÉTAIT
1032 1155 234 46 RECHERCHÉ
1289 1163 140 38 DEPUIS
1454 1163 99 39 ONZE
1576 1163 78 39 ANS

756 1215 109 38 POUR
888 1215 46 39 LE
956 1207 253 46 MYSTÉRIEUX
1231 1216 246 39 ASSASSINAT
1499 1217 52 39 DE

917 1267 53 39 LA
992 1259 127 47 FORÊT
1142 1268 52 37 DE
1219 1267 164 40 SOIGNES

1036 1322 57 15 m***
1090 1320 72 17 *****

635 1358 39 21 On
686 1364 15 16 a
712 1358 26 22 lu
749 1360 21 21 le
781 1358 81 21 drame
874 1358 96 24 étrange
983 1357 39 25 qui
1033 1357 54 21 s'est
1099 1356 31 22 dé-

609 1383 65 22 roulé
691 1384 60 21 dans
767 1384 22 21 le
805 1384 81 24 rapide
903 1382 213 22 Vlntimille-Paris.

635 1417 66 19 Dans
721 1421 33 16 un
775 1415 178 26 compartiment
973 1415 56 20 d'un
1047 1419 94 19 wagon-

609 1441 28 21 lit
658 1440 30 22 de
708 1440 113 26 première
843 1441 79 23 classe,
944 1441 60 20 deux
1026 1439 116 21 individus

610 1466 41 20 ont
665 1466 37 22 été
716 1466 141 25 découverts,
869 1466 53 20 tous
936 1467 60 21 deux
1008 1464 52 21 tués
1072 1465 69 21 d'une

609 1491 61 22 balle
683 1492 60 21 dans
754 1492 24 20 la
791 1491 55 21 tête.

635 1523 123 23 L'enquête
772 1523 35 20 les
821 1528 16 15 a
852 1521 124 26 identifiés,
990 1522 49 21 l'un
1054 1526 88 16 comme

610 1548 67 21 étant
695 1548 66 21 René
779 1548 133 23 Betlaminl,
930 1547 30 21 né
980 1547 15 21 à
1014 1547 80 20 Reims
1111 1551 32 15 en

611 1575 57 23 1891,
686 1574 138 20 demeurant
843 1574 14 21 à
876 1572 159 23 Saint-Denis,
1053 1576 41 17 rue
1113 1571 29 21 de

609 1599 24 20 la
647 1598 162 25 Boulangerie;
825 1598 83 21 l'autre
922 1597 109 21 habitant
1045 1601 42 17 rue
1102 1597 40 19 St-

609 1624 109 21 Laurent.
731 1624 16 21 k
758 1623 74 23 Paris,
845 1628 53 16 sous
912 1623 21 20 le
947 1627 55 16 nom
1016 1622 28 20 de
1057 1622 22 21 J.
1092 1621 38 21 Ali-

609 1649 47 21 ter.
679 1648 79 22 Aliter
782 1649 64 21 avait
869 1647 41 23 tué
934 1646 133 25 Betlaminl,
1090 1646 52 24 puis

609 1673 77 22 s'était
697 1674 96 21 suicidé.

674 1714 35 19 LE
723 1713 140 20 MYSTERE
876 1712 40 21 DE
928 1711 39 21 LA
978 1710 100 21 FORET

783 1745 40 20 DE
840 1744 128 22 SOIGNES

636 1782 65 22 René
716 1782 127 21 Betlaminl
859 1783 59 21 n'est
933 1786 43 22 pas
992 1786 33 17 un
1041 1781 103 25 inconnu

610 1812 59 21 pour
683 1809 24 21 la
721 1808 84 25 justice
820 1808 65 25 belge
899 1808 40 25 qui
954 1808 22 21 le
990 1807 48 22 tait
1049 1807 83 21 recher-

611 1834 56 21 cher
681 1838 59 21 pour
753 1833 129 22 assassinat
896 1833 82 25 depuis
992 1833 58 22 1924.

638 1866 54 20 Oeci
708 1870 59 16 nous
782 1865 91 25 reporte
889 1870 32 17 au
937 1865 26 21 14
977 1865 94 21 octobre
1087 1863 57 22 1923.

748 2528 80 21 RENE
843 2528 169 23 BETLAMINI

639 2559 49 21 l'on
705 2559 41 21 des
762 2561 62 20 deux
841 2560 74 21 morts
932 2561 32 20 da
981 2560 139 20 Yintimille-

639 2585 72 23 Paris,
730 2585 59 21 était
807 2585 118 20 l'assassin
945 2586 29 20 de
992 2585 25 21 la
1035 2586 86 19 femme

638 2607 96 24 trouvée
745 2610 81 24 morte,
838 2609 31 22 en
882 2610 58 26 1923,
953 2611 59 20 dans
1023 2611 25 20 la
1060 2610 62 21 forêt

805 2636 30 20 de
854 2636 102 24 Soignes.

639 2686 34 21 Ce
690 2685 97 26 jour-là,
803 2691 54 17 vers
874 2686 64 25 midi,
956 2691 33 16 on
1007 2686 140 24 découvrait,

613 2710 60 22 dans
687 2711 25 21 la
724 2711 70 22 Forêt
808 2712 30 21 de
853 2712 103 25 Soignes,
969 2712 61 21 dans
1043 2716 34 17 un
1090 2712 44 21 che-

613 2738 51 20 min
672 2743 35 16 un
717 2742 46 21 peu
774 2738 84 25 écarté,
868 2743 49 16 non
927 2739 49 20 loin
984 2740 32 21 de
1027 2739 25 21 la
1061 2739 74 21 chaus-

613 2762 38 23 sée
662 2763 29 21 de
704 2764 25 20 la
740 2764 84 25 Hulpe,
835 2764 22 21 le
870 2765 98 20 cadavre
979 2765 70 20 d'une
1060 2764 86 21 femme

614 2788 133 24 paraissant
768 2789 56 25 âgée
845 2789 30 21 de
896 2790 25 20 25
943 2789 16 22 à
979 2790 28 20 30
1027 2794 50 17 ans.
1098 2789 48 20 Elle

613 2814 64 20 avait
693 2813 38 22 été
747 2808 61 30 tuée,
824 2814 67 21 étant
907 2814 240 22 vraisemblablement

613 2839 72 21 assise
699 2840 16 20 à
728 2839 109 22 l'endroit
850 2840 76 21 même
939 2839 32 22 où
984 2844 44 16 son
1042 2844 66 20 corps
1122 2844 25 16 se

612 2865 110 25 trouvait,
735 2865 70 21 d'une
818 2865 61 21 balle
893 2865 88 21 d'assez
992 2864 50 22 fort
1055 2865 92 24 calibre,

611 2889 41 24 qui
664 2889 34 21 lui
713 2889 64 22 avait
792 2889 38 22 été
844 2889 66 25 tirée,
925 2890 15 20 à
955 2890 57 20 bout
1026 2888 122 24 touchant,

613 2915 60 21 dans
690 2915 24 21 la
729 2919 85 21 nuque.
830 2916 39 20 On
886 2920 25 16 se
927 2914 103 22 trouvait
1045 2920 32 16 en
1093 2913 41 26 pré-

613 2944 68 17 sence
703 2940 58 22 d'un
782 2940 130 21 assassinat
934 2939 213 26 particulièrement

612 2965 98 24 perfide,
723 2966 97 22 commis
833 2966 141 21 froidement
988 2966 25 19 et
1028 2970 54 16 sans
1097 2970 37 24 me-

613 2988 65 25 nacé,
695 2988 107 26 par'ûiie
819 2985 116 29 persti-me
949 2990 46 23 'que
1012 2989 24 20 H
1055 2990 92 20 victime

614 3015 64 20 avait
690 3015 169 25 accompagnée
872 3015 30 21 de
916 3015 121 21 confiance
1051 3014 60 21 dans
1123 3015 24 21 la

614 3040 69 22 forêt.

640 3073 40 20 On
690 3072 64 22 avait
764 3072 75 21 relevé
849 3072 54 25 près
912 3073 33 22 du
956 3076 66 21 corps
1032 3076 35 17 un
1077 3076 57 21 para-

613 3097 64 25 pluie
691 3099 24 20 et
728 3102 47 17 une
789 3098 104 21 sacoche.
906 3098 83 21 Aucun
1004 3097 101 21 élément
1116 3102 31 16 ne

614 3123 135 24 permettait
770 3123 30 21 de
822 3123 147 25 déterminer,
989 3122 43 22 dès
1052 3122 95 25 l'abord,

615 3152 43 17 son
669 3147 105 22 identité.

639 3181 67 20 Dans
717 3181 22 19 le
751 3179 96 22 réticule
859 3185 25 16 se
895 3179 103 22 trouvait
1008 3184 35 17 un
1055 3179 93 26 journal

615 3204 28 22 de
655 3205 80 23 modes
746 3205 102 25 parisien
860 3205 29 21 de
902 3205 54 22 date
968 3203 93 23 récente
1072 3205 25 21 et
1108 3205 40 24 qui

615 3225 81 26 n'était
718 3234 43 23 pas
782 3230 78 21 vendu
882 3235 31 16 en
934 3230 116 25 Belgique.
1072 3230 40 21 On
1132 3235 17 20 y

614 3256 83 20 trouva
711 3255 130 25 également
854 3260 59 20 pour
926 3260 46 17 une
985 3255 120 25 vingtaine
1119 3255 28 21 de

614 3281 80 20 francs
708 3281 106 25 d'argent
826 3280 111 25 français.

641 3313 38 21 On
693 3312 97 24 pouvait
804 3312 60 21 donc
879 3311 108 22 conclure
1001 3316 44 20 que
1059 3311 25 21 la
1098 3311 37 21 vic-

614 3337 57 22 time
688 3338 58 21 était
762 3337 132 25 Française,
910 3342 31 17 ou
958 3337 70 21 avait-
1037 3337 46 21 fait
1099 3336 49 21 très

614 3362 142 22 récemment
766 3367 34 17 un
811 3367 86 21 voyage
908 3367 32 17 en
950 3363 96 21 France.

641 3395 62 21 C'est
727 3394 113 25 pourquoi
865 3394 35 21 les
925 3394 137 21 recherches
1089 3398 58 21 pour

613 3420 135 21 l'identifier
753 3420 86 23 iurent
849 3420 77 23 faites.
929 3424 39 16 .en
978 3419 75 21 même
1064 3419 83 25 temps,

613 3450 32 16 en
656 3445 108 24 Belgique
776 3445 26 21 et
812 3450 32 16 en
856 3444 97 24 France.

638 3478 45 20 Les
693 3477 85 25 polices
788 3477 42 21 des
840 3477 60 21 deux
910 3481 59 20 pays
977 3475 74 22 firent
1061 3480 85 21 preuve

613 3503 15 21 à
640 3502 61 22 cette
713 3502 106 22 occasion
832 3502 68 21 d'une
912 3501 113 25 diligence
1037 3500 109 22 extrême.

612 3528 61 20 Elles
695 3527 183 22 .recherchèrent
905 3528 26 21 et
958 3527 135 21 trouvèrent
1119 3531 26 16 ce

612 3553 126 25 qu'étaient
755 3553 116 22 devenues
887 3551 54 26 près
958 3552 28 21 de
1004 3552 60 21 deux
1080 3551 66 21 cents

611 3579 83 25 fcunes
702 3579 100 20 femmes
812 3578 28 21 de
850 3578 109 24 Belgique
970 3582 30 16 ou
1011 3577 28 21 de
1050 3578 96 22 France,

612 3604 58 21 dont
685 3604 41 21 des
740 3604 97 25 parents
850 3608 32 17 ou
897 3603 41 21 des
951 3603 61 20 amis
1027 3597 119 26 n'avaient

611 3629 53 25 plus
678 3630 30 21 de
723 3628 124 22 nouvelles.
863 3630 33 19 Ce
912 3628 86 21 travail
1012 3626 120 23 considéra-

610 3655 38 21 ble
661 3654 170 22 et-minutieux
845 3652 32 23 fit
891 3653 61 21 faire
965 3653 42 21 des
1021 3652 113 21 découver-

612 3680 36 20 tes
658 3683 4 6 '
668 3679 173 24 intéressantes,
859 3676 56 24 telle
935 3682 44 21 que
999 3677 57 21 celle
1078 3677 68 21 d'une

611 3704 119 22 entôleuse
743 3704 103 24 émérite,
860 3708 31 17 en
904 3702 96 23 retraite
1014 3702 119 21 momenta-

613 3730 51 23 née,
676 3734 89 16 comme
778 3729 87 21 femme
879 3729 28 21 de
921 3728 110 21 chambre
1044 3727 57 21 chez
1113 3732 33 16 un

612 3754 49 21 très
675 3754 91 22 austère
781 3754 119 21 conseiller
914 3754 15 21 à
942 3753 26 21 la
981 3753 62 20 Cour
1056 3751 90 26 d'appel

614 3780 28 20 de
656 3780 72 23 Paris,
740 3780 62 21 mais
814 3779 17 20 il
843 3784 30 15 ne
885 3779 32 20 fit
929 3783 44 20 pas
984 3778 60 20 faire
1058 3782 33 16 un
1104 3782 43 19 pas

613 3809 52 16 vers
681 3804 188 22 l'identification
885 3804 27 21 de
929 3803 131 21 l'Inconnue
1078 3802 28 21 de
1123 3802 23 21 la

613 3829 70 23 Forêt
696 3830 29 21 de
739 3830 103 24 Soignes.

693 3869 37 20 LE
745 3867 74 22 DIEU
834 3867 57 22 DES
907 3867 156 21 POLICIERS

638 3907 113 21 L'affaire
771 3911 32 16 en
824 3905 129 22 demeurait
973 3904 46 25 là.",
1027 3909 31 16 en
1079 3908 67 21 passe

614 3932 71 21 d'être
696 3931 93 25 classée,
800 3932 89 23 lorsque
900 3931 22 21 le
932 3926 156 25 commissaire
1101 3933 46 17 aux

614 3953 143 29 délégations
780 3956 133 25 judiciaires
936 3955 33 21 du
992 3954 101 25 Parquet
1117 3954 29 20 de

612 3983 119 20 Bruxelles
759 3982 40 24 qui
828 3981 124 24 s'occupait
982 3978 164 27 spécialement

614 4007 118 21 d'éclairer
747 4007 22 21 le
786 4006 108 26 mystère'
902 4004 42 23 eut
960 4009 47 17 une
1023 4008 109 17 conversa-

613 4033 53 21 tion'
675 4033 65 21 toute
749 4032 98 21 fortuite
858 4036 55 16 avec
923 4035 33 17 un
966 4028 94 23 tailleur
1070 4029 29 21 de
1110 4034 36 16 ses

613 4059 60 20 amis
685 4058 40 25 qui
738 4057 34 23 lui
784 4057 108 25 expliqua
907 4056 106 24 diverses,
1016 4055 87 24 .façons
1116 4055 30 20 de

613 4085 93 23 couper'
715 4083 26 21 et
759 4082 28 22 de
806 4083 86 20 coudre
901 4082 42 20 'les
960 4077 137 28 vêtements,
1114 4084 31 17 en

612 4109 34 21 les
659 4108 102 22 divisant
772 4112 33 17 en
817 4106 132 25 catégories.

638 4140 68 21 Cette
719 4139 161 21 conversation
892 4141 85 18 amena
989 4137 23 21 îe
1023 4136 96 26 policier
1129 4136 15 21 &

612 4164 119 26 présenter
752 4169 30 16 au
802 4158 94 27 tailleur
915 4163 33 21 les
967 4162 130 21 vêtements
1116 4162 28 20 de

611 4190 131 21 l'inconnue
756 4189 41 25 qui
811 4188 88 22 étaient
914 4187 95 26 déposés
1023 4184 36 24 au'
1070 4187 74 25 greffe

611 4216 25 20 et
646 4216 41 24 qui
698 4214 95 22 avaient
803 4214 56 25 déjà
870 4213 38 22 été
918 4212 127 23 examinés:
1049 4216 43 21 par
1104 4212 41 20 des

611 4241 93 25 experts
714 4240 40 25 qui
765 4239 118 22 n'avaient
893 4239 53 20 rien
956 4237 88 21 conclu'
1048 4237 30 21 de
1089 4241 43 21 par-

611 4265 171 22 ticulièrement
795 4263 149 23 intéressant.

637 4293 32 20 Le
681 4291 100 23 tailleur,
794 4290 72 25 ayant
877 4293 31 17 eu
921 4291 21 20 le
955 4287 111 22 manteau
1079 4287 29 22 de
1119 4290 24 18 la

611 4317 86 21 femme
710 4320 32 17 en
756 4315 83 23 mains,
854 4313 93 23 déclara
960 4312 147 22 reconnaître
1121 4312 23 21 le

611 4342 85 21 travail
714 4340 187 24 caractéristique
920 4339 28 21 de
967 4337 108 22 Polonais
1093 4337 38 21 tra-

610 4366 99 23 vaillant
725 4371 31 16 en
774 4365 116 24 chambre,
908 4364 15 21 à
939 4364 73 23 Paris,
1028 4367 60 21 pour
1103 4362 41 22 des

610 4392 142 23 marchands
764 4392 68 21 d'une
844 4389 103 22 certaine
959 4385 121 27 catégorie.

637 4418 68 21 Cette
720 4420 121 20 remarque
857 4420 25 16 se
900 4414 83 21 trouva
997 4413 52 22 être
1065 4413 65 21 extrê-

610 4443 103 21 mement
724 4440 123 27 précieuse.
858 4441 31 20 Le
902 4439 111 21 manteau
1025 4438 39 21 fut
1075 4442 56 17 mon-

610 4469 36 21 tré
669 4468 59 21 dans
748 4467 35 21 les
805 4466 94 21 milieux
921 4464 106 25 indiqués
1049 4463 26 21 et
1096 4463 47 21 l'on

610 4494 108 20 retrouva
732 4497 64 16 assez
808 4490 148 26 rapidement
969 4490 23 21 le
1006 4487 137 23 marchand.

610 4519 21 22 Il
648 4518 63 21 avait
727 4517 37 22 été
779 4517 78 21 vendu
874 4517 15 21 à
906 4515 74 22 crédit
995 4515 25 21 et
1036 4513 59 26 payé
1113 4518 30 16 en

610 4543 114 24 plusieurs
745 4540 150 23 mensualités
917 4545 43 20 par
982 4544 46 17 une
1049 4539 93 22 femme,

610 4567 230 21 Yvonne-Henriette
855 4565 120 25 Charbois,
988 4564 44 22 née
1047 4565 16 21 à
1075 4564 67 21 Paris

611 4597 31 16 en
655 4593 56 21 1894.

637 4616 121 25 L'enquête
770 4622 24 16 se
806 4616 67 26 porta
886 4616 60 21 donc
957 4620 41 16 sur
1007 4614 61 22 cette
1079 4614 50 22 fem-

612 4647 37 16 me
667 4642 57 20 dont
740 4642 26 20 la
784 4641 137 25 disparition
937 4640 89 21 n'avait
1043 4644 43 21 pas
1104 4639 37 22 été

611 4665 108 27 signalée.

714 4705 37 20 LE
765 4704 109 21 ROMAN
885 4703 151 21 D'YVONNE

636 4742 97 21 Yvonne
756 4741 112 21 Charbois
888 4740 150 25 appartenait
1058 4740 17 21 à
1093 4744 47 17 Tme

611 4767 89 21 famille
712 4766 109 23 modeste,
833 4766 60 21 mais
905 4765 135 21 d'honnêtes
1052 4769 63 20 gens.

637 4792 59 21 Bien
710 4792 73 21 avant
795 4795 28 16 sa
838 4790 115 24 majorité,
966 4790 45 21 elle
1025 4790 64 21 avait
1104 4789 36 21 été

610 4816 94 22 enlevée
721 4817 15 20 à
754 4820 36 16 ses
807 4815 96 25 parents
918 4819 45 20 par
978 4815 66 21 René
1059 4814 69 21 Betla-

611 4842 58 21 minl
680 4842 46 24 qui,
738 4841 61 21 alors
810 4840 54 25 déjà
875 4841 25 19 et
911 4840 59 20 dans
981 4840 24 20 la
1017 4839 60 21 suite
1089 4844 40 16 sur-

612 4868 57 22 tout,
682 4866 65 21 avait
760 4871 47 16 une
821 4864 108 22 conduite
943 4865 38 23 qui
995 4865 35 20 lui
1042 4864 98 20 donnait

611 4892 24 21 la
652 4892 52 25 plus
720 4890 103 26 justifiée
840 4891 42 20 des
898 4889 131 21 mauvaises
1044 4887 84 26 réputa-

611 4917 68 22 tions.

636 4942 22 21 H
680 4942 24 21 la
725 4941 79 21 livrait
826 4945 47 16 aux
894 4940 94 20 métiers
1009 4939 34 20 les
1065 4939 76 21 moins

612 4967 128 23 avouables,
760 4965 58 22 dont
838 4965 58 20 celui
917 4965 28 20 de
966 4964 23 20 la
1009 4963 71 21 traite
1100 4964 41 20 des

611 4992 110 21 blanches
733 4992 26 20 et
772 4991 25 21 la
810 4990 105 25 pratique
931 4989 28 21 de
972 4988 126 21 l'émission
1111 4989 29 20 de

612 5017 97 24 chèques
724 5020 55 17 sans
793 5015 121 25 provision.

637 5043 96 19 Yvonne
761 5040 112 21 Charbois
899 5039 39 21 fut
963 5038 178 25 complètement

611 5066 104 25 dévoyée.
727 5066 49 21 Elle
788 5065 99 21 rentrait
898 5065 61 20 dans
969 5069 27 16 sa
1009 5063 89 21 famille
1109 5068 32 16 en

612 5092 106 21 donnant
732 5092 34 20 les
782 5093 141 22 apparences
939 5090 31 21 du
985 5088 52 25 plus
1052 5088 89 25 partait

611 5116 108 25 repentir,
750 5115 53 25 puis
833 5113 114 26 repartait
977 5113 163 25 brusquement

612 5141 114 24 rejoindre
744 5145 44 17 son
804 5138 134 22 redoutable
957 5139 82 20 amant
1056 5138 25 21 et
1098 5141 43 18 son

612 5167 131 24 dangereux
755 5165 86 21 milieu.

637 5191 21 21 Il
682 5190 123 26 paraissait
830 5189 92 22 évident
930 5192 5 6 ■
946 5193 44 20 que
1014 5188 126 21 Betlaminl

611 5216 79 21 l'avait
705 5213 126 23 assassinée
847 5218 58 21 pour
919 5214 41 20 des
972 5213 91 21 raisons
1077 5217 51 20 mys-

612 5240 115 22 térieuses.
741 5241 61 19 Sans
815 5239 69 21 doute
897 5243 44 20 que
955 5239 55 20 celle
1025 5238 39 24 qui
1077 5237 64 21 avait

611 5266 105 24 toujours
737 5264 38 21 été
796 5269 28 16 sa
844 5264 92 21 victime
958 5263 58 21 était
1038 5263 102 21 devenue

611 5290 164 21 encombrante
790 5289 26 21 et
830 5288 56 25 qu'il
901 5288 96 25 pouvait
1010 5292 31 16 en
1056 5287 72 21 redou-

612 5316 36 19 ter
666 5315 41 21 des
725 5313 139 22 révélations
883 5314 39 23 qui
942 5313 122 20 l'auraient
1084 5317 44 16 con-

612 5341 53 21 duit
677 5345 31 16 au
719 5340 83 23 bagne,
812 5339 70 21 sinon
893 5338 16 21 à
918 5339 24 20 la
954 5338 125 24 guillotine.

624 5379 20 19 A
658 5378 39 20 LA
711 5376 180 21 RECHERCHE
906 5376 41 20 DE
961 5375 167 20 BETLAMINI

637 5416 47 19 Des
696 5415 76 19 traces
785 5413 31 21 du
830 5417 96 20 passage
938 5412 30 21 de
982 5412 65 21 René
1059 5412 80 21 Betla-

605 5438 64 22 fciini
688 5438 80 21 furent
786 5436 131 22 retrouvées
934 5442 31 16 en
983 5437 108 25 Belgique
1109 5438 32 23 et,

611 5464 152 22 notamment,
774 5463 15 21 à
799 5461 124 24 Bruxelles,
934 5463 29 21 de
974 5462 74 21 même
1060 5466 43 20 que
1114 5467 27 16 sa

611 5487 157 26 personnalité
783 5488 26 20 et
826 5491 37 16 ses
879 5486 70 22 allées
965 5488 26 20 et
1007 5491 86 17 venues
1109 5492 31 16 en

610 5515 89 20 France
721 5513 81 20 furent
824 5511 118 25 précisées.
965 5512 39 21 On
1025 5512 39 21 sut
1085 5512 56 25 qu'il

611 5538 124 24 changeait
749 5537 118 21 d'identité
880 5541 56 17 avec
950 5537 23 20 la
987 5537 52 24 plus
1053 5537 87 26 grande

610 5564 101 23 aisance,
729 5562 54 24 qu'il
802 5561 120 25 s'appelait
941 5561 199 22 indifféremment

610 5587 97 23 Charles
722 5586 96 24 Martin,
834 5586 96 22 Charles
945 5587 102 25 Dupont,
1061 5587 78 21 Pierre

609 5614 59 23 Duc,
693 5611 79 22 André
798 5612 112 24 Gaumee,
934 5611 100 22 Charles
1058 5613 82 24 Faber,

610 5637 97 23 Charles
718 5636 113 25 Legrand,
840 5637 45 20 etc.

1191 1359 98 21 Yvonne
1302 1359 113 21 Charbois
1427 1359 63 22 avait
1502 1360 57 21 vécu
1572 1363 55 19 avec
1637 1359 35 21 lul
1685 1359 14 21 k

1165 1384 125 24 Bruxelles,
1303 1388 54 17 sous
1370 1384 22 22 le
1404 1388 58 17 nom
1474 1385 119 21 d'Yvonne
1605 1386 94 23 Lesage.

1165 1409 31 21 Le
1214 1410 81 24 couple
1313 1409 144 25 fréquentait
1473 1410 35 20 les
1526 1410 62 25 pires
1605 1409 94 21 milieux

1166 1434 28 20 de
1207 1435 119 21 mauvaise
1339 1434 44 22 vie.

1191 1467 38 20 On
1243 1465 58 21 était
1313 1466 62 21 alors
1387 1466 60 21 dans
1457 1467 23 20 le
1492 1466 85 21 second
1589 1466 110 22 semestre

1166 1491 28 21 de
1208 1492 58 21 1924.
1279 1492 39 21 On
1328 1491 119 25 possédait
1459 1491 24 21 la
1494 1491 63 21 fiche
1571 1492 117 24 anthropo-

1166 1516 112 24 métrique
1305 1515 113 26 complète
1444 1516 30 21 de
1500 1516 135 25 Betlaminl,
1660 1517 40 25 qui

1165 1541 108 21 semblait
1285 1541 64 22 avoir
1361 1541 95 24 disparu
1468 1541 29 21 de
1510 1541 74 21 Paris.
1609 1558 6 6 ,

1192 1573 48 20 Son
1265 1572 155 25 signalement
1444 1572 39 21 fut
1508 1573 112 21 transmis
1645 1577 55 18 avec

1165 1597 52 21 soin
1226 1597 26 21 et
1262 1597 95 25 rappelé
1368 1597 171 25 fréquemment
1552 1599 15 21 k
1579 1599 76 21 toutes
1666 1601 34 21 les

1165 1623 86 24 polices
1269 1623 32 20 du
1319 1623 91 21 monde.
1428 1623 22 21 H
1467 1623 39 21 fut
1523 1624 116 21 demandé
1657 1628 43 21 que

1166 1647 117 22 l'assassin
1297 1648 39 20 fût
1351 1647 165 25 spécialement
1531 1649 125 21 recherché
1670 1654 31 16 en

1165 1674 89 20 France
1266 1673 26 21 et
1305 1673 60 21 dans
1378 1673 35 21 les
1425 1673 101 21 colonies
1539 1674 135 24 françaises.

1192 1704 30 21 Ni
1237 1704 189 21 l'identification
1440 1705 29 21 de
1485 1705 24 21 la
1524 1705 93 22 victime
1633 1705 29 21 de
1676 1705 25 21 la

1167 1730 69 21 Forêt
1251 1730 28 21 de
1295 1730 98 24 Soignes
1406 1730 27 20 ni
1448 1729 56 22 celle
1519 1730 30 21 de
1565 1735 44 16 son
1622 1735 67 16 meur-

1167 1755 58 21 trier
1241 1755 106 25 présumé
1364 1760 30 16 ne
1410 1755 82 21 furent
1508 1755 100 21 rendues
1625 1756 64 24 publi-

1167 1785 62 20 ques,
1245 1781 60 21 dans
1320 1780 92 25 l'espoir
1428 1781 29 21 de
1473 1785 30 17 ne
1520 1784 43 21 pas
1580 1781 90 21 donner
1686 1781 15 21 k

1166 1806 129 21 Betlaminl
1315 1806 42 21 des
1378 1805 91 22 raisons
1491 1805 111 26 spéciales
1625 1806 28 21 de
1676 1810 25 17 se

1169 1831 91 23 cacher.

1193 1863 91 25 Malgré
1308 1862 57 25 cela,
1388 1862 27 22 la
1438 1862 84 26 justice
1547 1863 66 24 belge
1636 1863 65 22 n'eut

1170 1888 85 25 jamais
1274 1888 29 21 de
1321 1887 98 26 réponse
1438 1888 15 23 k
1471 1892 38 17 ses
1529 1888 126 21 demandes
1673 1888 30 22 de

1169 1914 143 23 recherches.

1195 1946 39 20 On
1248 1944 103 26 espérait
1366 1945 132 25 cependant
1515 1949 44 21 que
1575 1945 127 21 Betlaminl

1170 1975 26 16 se
1213 1970 72 21 ferait
1302 1970 100 25 prendre
1420 1970 16 22 à
1453 1970 124 21 l'occasion
1594 1970 29 22 de
1642 1971 61 20 l'une

1171 2000 30 17 ou
1214 1995 83 21 l'autre
1310 1995 100 25 enquête
1424 1995 120 25 Judiciaire
1559 1995 58 21 dont
1630 1995 18 21 il
1662 1996 30 21 de-

1170 2021 49 21 vait
1238 2021 140 21 fatalement
1397 2020 50 21 être
1467 2020 87 25 l'objet,
1572 2025 33 16 en
1623 2020 80 21 raison

1170 2046 28 21 de
1216 2050 43 16 son
1276 2050 70 21 genre
1364 2046 145 24 d'existence,
1526 2045 60 22 mals
1602 2046 53 21 rien
1671 2050 30 17 ne

1170 2071 97 22 survint.

1197 2104 39 20 On
1258 2101 64 22 avait
1342 2102 46 21 fini
1409 2105 45 22 par
1474 2102 73 22 croire
1568 2103 55 24 qu'il
1645 2101 58 22 étalt

1172 2130 61 19 mort
1255 2128 26 21 et
1302 2127 99 24 enterré,
1424 2132 30 16 en
1477 2127 96 25 quelque
1596 2127 53 22 coin
1672 2128 31 21 du

1172 2152 91 26 monde,
1277 2157 54 17 sous
1344 2153 51 21 l'un
1408 2157 31 17 ou
1452 2153 83 21 l'autre
1550 2153 29 21 de
1595 2157 36 16 ses
1645 2152 59 22 faux

1172 2182 74 18 noms.

1195 2216 169 21 BETLAMINI
1375 2216 40 21 NE
1429 2216 34 21 SE
1476 2215 132 21 CACHAIT
1620 2215 56 21 PAS

1196 2253 29 21 Et
1237 2254 59 21 voici
1308 2258 43 20 que
1363 2254 22 21 le
1398 2254 79 20 drame
1490 2254 31 20 du
1533 2254 80 25 rapide
1625 2253 77 22 Vinti-

1171 2278 141 21 mille-Paris
1334 2279 64 20 vient
1421 2279 29 21 de
1472 2278 87 22 révéler
1581 2283 51 20 que,
1654 2283 49 17 non

1171 2304 129 20 seulement
1315 2304 128 21 Betlaminl
1450 2318 5 17 ,
1460 2309 30 17 ne
1504 2309 26 16 se
1546 2304 93 21 cachait
1655 2308 50 21 pas,

1172 2329 59 20 mais
1246 2329 55 25 qu'il
1317 2329 65 21 avait
1398 2334 34 16 un
1449 2329 106 22 domicile
1573 2328 59 26 légal
1651 2333 52 16 sous

1170 2358 42 16 son
1227 2354 111 22 véritable
1353 2359 62 19 nom,
1430 2355 15 21 à
1460 2354 160 25 Saint-Denis,
1634 2354 67 21 c'est-

1171 2379 76 22 à-dire
1260 2380 14 21 k
1286 2379 109 25 quelques
1405 2380 73 21 lieues
1489 2379 28 21 de
1528 2380 67 20 Paris
1604 2380 7 20 !

1197 2411 38 20 On
1248 2411 45 20 sait
1305 2415 44 20 que
1363 2411 33 20 les
1408 2410 139 25 enquêteurs
1560 2411 29 21 de
1602 2411 100 20 l'affaire

1171 2435 31 21 du
1218 2435 94 25 policier
1326 2436 103 21 Marianl
1444 2435 181 22 s'intéressaient
1640 2436 15 21 à
1671 2436 32 20 lui

1171 2460 81 26 depuis
1262 2460 57 21 trois
1329 2461 122 21 semaines.
1462 2460 22 22 H
1493 2466 17 21 y
1520 2465 14 17 a
1546 2461 59 21 donc
1616 2463 47 19 lieu
1674 2461 29 20 de

1173 2490 25 17 se
1211 2486 126 21 demander
1350 2487 20 20 si
1382 2488 34 20 les
1427 2486 137 21 recherches
1575 2486 22 22 le
1610 2490 83 16 concer-

1172 2512 64 20 nant
1254 2511 26 21 et
1305 2511 40 25 qui
1370 2511 109 21 devaient
1502 2511 50 21 être
1577 2511 72 21 faites
1673 2516 30 16 en

1172 2537 94 23 France,
1281 2536 113 21 n'étaient
1410 2541 44 20 pas
1469 2535 128 25 entravées,
1614 2541 31 16 au
1662 2536 28 21 dé-

1171 2561 60 26 part,
1244 2566 43 21 par
1301 2561 96 25 quelque
1411 2561 157 22 intervention
1582 2561 95 25 occulte.

1278 2600 43 20 UN
1337 2599 101 21 AUTRE
1454 2599 142 22 ASSASSIN

1197 2637 129 22 L'individu
1342 2637 40 25 qui
1398 2642 14 16 a
1427 2636 40 22 tué
1483 2637 127 21 Betlaminl
1624 2637 25 21 et
1664 2636 40 25 qui

1171 2662 53 21 s'est
1236 2661 93 25 suicidé,
1340 2662 59 21 celui
1410 2662 47 26 qui,
1468 2667 53 16 sous
1531 2662 22 21 le
1565 2667 55 16 nom
1632 2661 59 23 d'Ali-

1171 2687 46 26 ter,
1231 2684 58 25 était
1302 2687 115 21 domicilié
1430 2692 43 16 rue
1486 2687 189 24 Saint-Laurent,
1688 2687 15 22 k

1170 2712 72 24 Paris,
1254 2713 26 20 et
1292 2712 41 25 qui
1345 2712 76 25 figure
1434 2712 60 21 dans
1506 2712 34 22 les
1551 2712 111 21 bulletins
1674 2710 28 23 de

1171 2737 135 21 recherches
1321 2737 200 23 internationales,
1535 2738 38 20 est
1587 2742 33 16 un
1634 2737 56 21 Polo-

1170 2762 59 24 nais,
1239 2762 58 21 dont
1306 2763 25 20 la
1340 2761 112 23 véritable
1462 2761 97 22 identité
1570 2762 37 20 est
1617 2763 86 24 Joseph

1170 2786 81 26 Ziffer,
1262 2787 31 21 né
1306 2787 15 21 à
1333 2787 115 25 Polgorze,
1460 2787 22 21 le
1496 2788 24 20 18
1533 2788 48 20 mai
1594 2788 57 21 1898.

1196 2819 21 20 A
1231 2817 102 26 l'époque
1349 2818 75 21 même
1438 2817 32 22 où
1483 2818 128 21 Betlaminl
1626 2822 65 17 assas-

1171 2842 71 22 sinait
1254 2848 26 15 sa
1291 2843 121 21 maîtresse
1423 2844 60 20 dans
1495 2844 23 21 la
1529 2843 69 21 Forêt
1611 2844 28 20 de
1651 2843 39 21 Soi-

1171 2872 62 20 gnes,
1244 2868 17 20 il
1272 2868 68 24 tuait,
1352 2868 59 21 dans
1423 2868 40 21 des
1475 2868 169 21 circonstances
1655 2868 48 21 fort

1171 2893 135 20 semblables
1317 2894 25 20 et
1354 2893 63 21 aussi
1429 2892 167 26 mystérieuses,
1608 2898 27 16 sa
1648 2898 42 16 cou-

1171 2917 57 25 sine,
1241 2918 60 21 dans
1313 2918 26 21 la
1353 2918 107 21 banlieue
1475 2919 29 21 de
1517 2918 106 26 Tréport.
1635 2929 29 5 —
1677 2919 25 21 C.

1722 804 118 49 LA
1893 801 359 66 FLQTTE

1751 875 139 48 MARC
1892 874 165 49 HANDE
2071 875 153 49 BELGE

1770 975 175 43 PUREMENT
1963 973 157 34 ATTEINTE
2139 975 66 32 PAR

1913 1021 41 32 LA
1974 1020 89 32 CRISE

1771 1095 61 32 SON
1853 1093 153 33 TONNAGE
2024 1092 23 33 A
2065 1088 139 38 DIMINUÉ

1768 1142 42 31 DE
1828 1135 113 38 MOITIÉ
1959 1139 40 31 EN
2018 1135 85 37 PEUT
2123 1140 80 33 ANS!

1748 1201 95 23 Anvers,
1852 1201 27 20 328
1889 1199 170 26 septembre,.—
2067 1200 34 20 La
2113 1199 57 22 crise
2181 1204 16 16 a
2208 1199 30 21 du-

1722 1227 90 20 rement
1823 1226 87 21 atteint
1921 1225 67 21 notre
2000 1223 89 22 marine
2102 1224 148 22 marchande.

1722 1252 36 20 En
1768 1251 61 21 deux
1839 1255 44 17 ans
1893 1251 28 21 de
1933 1251 81 22 temps,
2023 1248 43 22 elle
2078 1255 13 15 a
2103 1249 73 26 perdu
2186 1254 53 21 pres-

1722 1280 43 20 que
1780 1276 23 21 la
1818 1275 79 22 moitié
1912 1276 28 21 de
1954 1278 43 17 son
2011 1273 107 26 tonnage.

1749 1301 72 24 Ainsi,
1831 1306 31 16 en
1874 1301 57 24 1932,
1944 1304 41 20 pas
1996 1299 75 22 moins
2083 1300 28 21 de
2122 1300 26 20 25
2160 1300 92 21 navires

1723 1326 82 24 belges,
1818 1326 56 21 d'un
1886 1326 100 23 tonnage
1998 1323 60 23 total
2071 1325 28 21 de
2112 1325 72 24 71,960
2197 1326 42 20 ton-

1723 1355 47 20 nes,
1781 1352 43 20 ont
1836 1351 36 21 été
1884 1350 95 23 démolis
1992 1354 29 16 ou
2033 1351 87 20 vendus
2132 1352 15 20 à
2159 1351 41 21 des
2212 1355 27 16 ar-

1722 1377 103 20 mateurs
1838 1376 124 25 étrangers.

1749 1402 37 20 En
1805 1402 58 24 1933,
1882 1402 18 20 il
1919 1407 15 19 y
1952 1399 42 22 eut
2010 1395 28 33 fl
2055 1401 79 22 autres
2154 1400 97 24 navires,

1723 1426 56 21 d'un
1793 1426 100 25 tonnaije
1908 1427 59 20 total
1982 1425 27 20 de
2024 1426 69 23 53,633
2109 1427 90 23 tonnes,
2213 1427 37 21 au]

1723 1451 104 21 subirent
1840 1453 21 20 le
1876 1452 74 20 même
1963 1450 54 21 sort.

1748 1478 37 21 Et.
1805 1477 60 21 dans
1885 1477 33 20 les
1938 1475 108 25 Drem.ie.rs
2066 1476 58 21 mois
2145 1477 28 21 de
2194 1477 58 22 1934,

1723 1506 58 16 nous
1800 1506 72 17 avons
1889 1505 82 17 encore
1991 1501 70 24 perdu
2081 1506 53 20 cinq
2153 1501 97 25 navires,

1723 1532 55 16 avec
1792 1532 34 16 un
1839 1527 101 24 tonnage
1955 1526 28 21 de
1999 1525 68 32 Jf,045
2081 1526 84 22 tonnes

1750 1553 74 21 Aussi,
1838 1553 23 20 la
1876 1552 73 21 flotte*
1957 1546 66 29 belgi
2028 1551 52 25 apii,
2094 1557 30 16 au
2139 1550 71 23 début
2224 1552 29 21 de

1725 1578 58 23 1932,
1808 1577 112 25 comptait
1944 1574 91 23 encojé'
2052 1577 84 23 504,953
2163 1578 90 24 tonnes,

1724 1603 57 21 était
1816 1603 96 23 réduite,
1929 1602 15 21 k
1977 1601 108 25 finraoût
2120 1602 99 22 dernier,
2236 1602 15 21 il

1725 1628 84 21 369.360
1821 1629 92 20 tonnes.-
1933 1630 6 8 ■

1748 1654 95 23 Encore,
1855 1656 28 18 de
1896 1651 97 23 ceux-ci,
2000 1647 22 33 lf
2023 1656 23 21 .y
2055 1658 16 16 a
2083 1652 65 23 vingt
2160 1653 91 20 navires

1723 1682 55 17 avec
1797 1683 32 15 un
1848 1678 100 23 tonnage
1968 1676 74 24 global
2059 1678 28 21 de
2107 1678 71 23 58,500
2197 1678 42 19 ton-

1726 1708 48 18 nes,
1790 1704 38 24 qui
1844 1709 23 15 se
1884 1703 106 21 trouvent
2006 1700 115 25 désarmés
2137 1702 59 21 dans
2211 1707 43 16 nos

1724 1729 97 23 bassins,
1836 1733 25 16 ce
1878 1728 38 24 qui
1930 1727 45 21 falt
1991 1727 52 24 qu'il
2057 1728 38 24 n'y
2111 1733 16 16 a
2141 1727 52 25 plus
2209 1732 43 21 que

1725 1755 84 23 310,860
1825 1754 83 21 tonnes
1924 1754 58 20 dans
1995 1750 113 25 la-trafic.

1725 1826 22 31 A
1762 1832 16 14 «
1791 1819 212 39 L'ÉDUCATION
2021 1824 40 32 ET
2073 1825 151 31 L'EFFORT
2239 1832 14 14 »

1751 1890 57 21 Hier
1823 1890 47 21 soir
1883 1895 16 16 a
1914 1894 30 17 eu
1959 1882 53 32 lieu]
2026 1889 59 22 dans
2100 1890 25 20 la
2139 1889 57 21 salle
2214 1890 40 20 des

1727 1915 148 21 conférences
1889 1915 28 21 de
1932 1913 78 22 récola
2018 1909 31 28 <ie
2063 1915 24 21 la
2103 1915 95 21 Grande
2213 1920 41 16 rue

1727 1945 30 16 au
1772 1941 54 20 Bois
1841 1941 23 20 la
1879 1940 81 21 séance
1976 1939 132 25 inaugurale
2124 1940 29 21 de
2167 1940 24 21 la
2207 1940 35 20 sai-

1727 1970 43 16 son
1788 1967 28 20 de
1834 1965 95 21 séances
1946 1964 122 24 littéraires
2084 1966 25 20 et
2128 1965 126 24 musicales,

1726 1990 130 25 organisées
1869 1995 43 21 par
1926 1985 161 26 »L'Ecàcation
2098 1990 25 21 et
2136 1991 118 20 l'ETfort».

1726 2018 31 19 Le
1777 2020 146 21 programme
1943 2015 29 21 de
1992 2014 60 23 oette
2075 2023 10 11 *
2107 2014 113 26 première
2242 2023 10 11 >

1727 2041 58 21 était
1800 2042 41 21 des
1856 2041 51 25 plus
1922 2040 128 25 attrayant;
2066 2045 47 17 une
2129 2040 126 21 assistance

1727 2066 167 21 extrêmement
1913 2065 133 22 nombreuse
2065 2065 32 21 fit
2115 2070 34 17 un
2168 2065 87 22 accueil

1727 2091 210 25 particulièrement
1950 2090 160 25 sympathique
2125 2095 46 17 aux
2185 2090 58 23 artis-

1728 2118 35 19 tes
1785 2121 7 16 :
1813 2110 16 29 à
1849 2116 126 23 l'excellent
1993 2116 99 24 pianiste
2112 2115 66 22 René
2198 2115 57 21 Ver-

1728 2142 125 25 brugghen,
1873 2143 13 20 à
1905 2143 32 20 M.
1955 2141 70 21 Emile
2045 2142 67 23 Boas,
2131 2141 112 22 violoncel-

1727 2167 59 24 liste,
1807 2167 40 25 qui
1869 2165 96 22 exécuta
1986 2165 47 22 fort
2056 2167 153 24 élégamment
2231 2167 23 20 la

1730 2201 7 8 »
1751 2193 113 20 Berceuse
1876 2192 28 21 de
1917 2191 93 24 Jocelyn
2023 2200 17 15 »,
2052 2192 14 20 à
2079 2193 31 20 M.
2122 2192 88 25 Joseph
2220 2192 36 21 De

1727 2218 129 25 Lombaert,
1876 2217 125 24 violoniste,
2020 2216 57 21 dont
2097 2222 31 16 on
2148 2216 108 25 apprécia

1727 2243 49 21 fort
1792 2242 24 21 la
1833 2251 10 9 •
1861 2242 118 21 Chanson'
1986 2240 116 26 polonaise
2120 2250 10 10 •
2147 2242 30 21 de
2193 2242 63 21 Wie-

1726 2268 98 24 nawski;
1839 2268 15 21 k
1866 2267 86 21 Marcel
1963 2265 106 26 Antoine,
2080 2267 75 25 enfin,
2167 2267 39 25 qui
2218 2266 38 25 fit,

1725 2297 31 17 en
1774 2293 124 24 quarante-
1901 2293 50 23 cinq
1969 2291 107 25 minutes,
2093 2296 46 17 une
2158 2291 96 22 étincel-

1726 2318 64 21 lante
1812 2318 161 24 rétrospective
1994 2316 40 22 des
2055 2316 149 22 événements
2226 2317 28 21 de

1726 2347 37 17 ces
1777 2343 104 21 derniers
1895 2343 63 21 mois,
1971 2341 22 23 le
2006 2342 52 22 tout
2071 2347 31 16 en
2116 2347 52 16 vers
2182 2341 72 22 farcis

1726 2368 28 21 de
1776 2368 142 21 calembours
1939 2367 103 21 énormes
2062 2367 26 21 et
2109 2371 42 21 par
2173 2367 68 21 consé-

1727 2394 71 23 quent
1813 2394 48 20 fort
1876 2392 163 23 divertissants.

1751 2419 36 19 En
1801 2419 100 20 ouvrant
1915 2418 59 20 cette
1989 2417 89 23 séance.
2093 2419 33 20 M.
2141 2418 113 21 Germain

1726 2443 76 24 Ajoux
1812 2447 83 18 excusa
1906 2439 111 25 l'absefice
2028 2443 28 20 de
2067 2443 32 20 M.
2111 2442 79 24 Caille,
2201 2443 41 25 pré-

1727 2469 77 21 sident
1822 2468 28 21 de
1869 2468 99 23 l'oeuvre,
1985 2467 81 22 retenu
2086 2468 56 21 chez
2160 2468 33 21 lul
2212 2472 44 21 par

1727 2498 45 15 une
1791 2493 155 21 circonstance
1964 2491 95 26 pétUlble.
2077 2494 32 21 M.
2127 2493 76 25 Ajoux
2220 2493 35 21 dit

1726 2518 52 21 tout
1794 2523 43 16 son
1852 2518 76 25 espoir
1942 2522 31 17 en
1987 2522 32 16 un
2034 2517 80 22 succès
2130 2518 125 25 marquant

1726 2544 29 20 de
1775 2543 59 22 cette
1853 2543 104 21 nouvelle
1975 2541 58 23 série
2052 2543 28 21 de
2100 2543 95 21 séances
2214 2543 28 21 lit-

1727 2568 96 21 téraires
1833 2568 25 21 et
1869 2568 126 22 musicales.
2006 2569 111 20 Reconnu
2130 2569 59 20 dans
2200 2569 42 21 l'as-

1726 2594 101 20 sistance
1844 2598 7 16 :
1868 2594 57 20 MM.
1940 2594 105 22 Fernand
2060 2593 76 24 Blum,
2152 2592 103 25 échevin,

1727 2617 117 25 président
1857 2619 131 20 d'honneur-
1995 2618 29 21 de
2038 2626 10 10 «
2062 2618 155 21 L'Education
2229 2619 25 21 et

1726 2638 92 26 l'Effort
1834 2648 21 20 »;
1872 2643 91 25 Williot,
1976 2643 120 21 conseiller
2110 2644 142 24 communal;

1726 2668 33 21 les
1772 2669 114 21 membres
1899 2669 32 20 du
1944 2667 81 22 comité
2039 2668 31 21 du
2084 2668 72 22 cercle
2174 2673 6 16 :
2194 2669 59 21 MM.

1726 2693 136 24 Delsemme,
1885 2690 118 24 secrétaire
2007 2698 6 19 ;
2038 2694 117 24 Bierman,
2178 2693 63 22 direc-

1727 2718 51 21 teur
1798 2719 40 21 des
1857 2717 69 25 fêtes;
1947 2719 93 22 Tasson,
2060 2718 116 25 trésorier;
2197 2719 56 21 Mlle

1727 2744 89 24 Geerts,
1828 2743 195 25 vice-présidente.
2037 2743 123 25 Signalons
2174 2744 62 21 aussi
2246 2749 6 16 :

1726 2769 31 20 M.
1774 2769 25 21 et
1817 2769 63 21 Mine
1898 2766 78 23 Albert
1990 2769 91 23 Lenoir,
2098 2770 32 20 M.
2149 2769 24 20 et
2191 2770 62 19 Mme

1727 2794 96 20 Charles
1841 2793 106 22 Profiter.
1964 2794 32 21 M;
2014 2795 24 19 et
2058 2795 62 20 Mme
2140 2794 52 21 Van
2211 2794 29 21 In-

1727 2819 111 24 gelghem,
1853 2820 31 19 M.
1899 2819 25 21 et
1938 2819 60 23 Mme
2012 2819 83 23 Leflot,
2109 2820 64 20 Mme
2187 2820 55 20 Mar-

1727 2843 34 21 cel
1772 2844 107 23 Antoine,
1889 2845 63 19 Mme
1961 2842 124 24 Germaine
2098 2844 82 24 Ajoux,
2190 2845 64 20 Mme

1726 2868 65 21 René
1804 2869 169 24 Verbrugghen,
1986 2870 57 20 MM.
2057 2869 78 21 Victor
2148 2869 94 24 Duques-

1727 2898 37 20 ne,
1775 2894 22 21 le
1810 2894 150 21 dessinateur.
1964 2894 59 23 Rali,
2035 2894 76 24 Ajoux
2122 2893 62 26 père,
2196 2896 57 19 Bos-

1727 2919 81 25 saerts,
1822 2919 44 21 etc.
1880 2929 22 5 —
1901 2922 7 12 '
1920 2919 30 22 G.

1340 4092 59 22 Mlle
1416 4092 236 21 JEANNE-SOPHIE
1668 4092 86 21 MOUS
1772 4092 64 21 vient
1851 4092 86 21 d'avoir
1951 4094 53 20 cent
2018 4098 49 17 ans.

1195 4123 39 21 LA
1247 4124 90 20 REINE
1350 4125 109 19 ASTRID
1474 4126 32 19 lui
1520 4130 16 15 a
1548 4125 74 20 rendu
1634 4125 67 21 visite
1716 4124 112 21 vendredi
1842 4124 26 22 et
1882 4125 35 20 loi
1934 4129 17 16 a
1968 4125 71 21 offert
2064 4127 41 20 des
2130 4127 78 22 fleurs,

1234 4150 70 25 ainsi.
1308 4150 83 24 qu'une
1406 4150 62 23 tasse
1483 4150 25 21 et
1524 4151 127 21 sons-tasse
1667 4156 31 15 en
1711 4150 88 24 argent
1815 4150 119 23 marquées
1951 4154 46 16 aux
2009 4156 75 17 armes
2099 4152 95 24 royales.

1738 4235 38 31 LE
1795 4235 96 32 COMM
1892 4235 80 31 ERCE
1995 4236 85 32 FRAN
2081 4238 155 31 CO-BELGE

1749 4307 72 24 Paris,
1833 4306 27 21 28
1870 4306 136 26 septembre.
2017 4318 28 6 —
2057 4309 32 22 Le
2102 4309 75 22 relevé
2189 4314 51 17 com-

1722 4335 95 25 paratif,
1834 4340 45 20 par
1896 4336 135 24 principaux
2049 4342 57 21 pays
2124 4338 29 21 de
2171 4342 69 21 prove-

1722 4367 74 17 nance
1812 4363 25 21 et
1854 4364 29 23 de
1907 4363 146 26 destination,
2077 4366 41 21 des
2139 4366 100 25 importa-

1721 4391 63 22 tions
1800 4391 26 22 et
1842 4392 40 21 des
1898 4391 163 27 exportations,
2078 4393 78 26 publié
2171 4399 43 20 par
2227 4394 24 21 la

1722 4420 114 22 direction
1851 4420 41 21 des
1909 4420 103 22 douanes
2028 4423 32 21 du
2077 4421 118 23 ministère
2213 4422 40 21 des

1721 4447 121 25 Finances,
1857 4449 77 20 donne
1948 4449 34 20 les
1996 4450 125 24 précisions
2135 4451 117 21 suivantes

1721 4476 74 25 quant
1811 4481 31 16 au
1871 4477 69 20 trafic
1949 4490 3 4 .
1966 4479 64 20 entre
2058 4480 25 21 la
2110 4479 89 23 France
2226 4479 23 21 et

1721 4504 94 21 l'Union
1845 4504 147 25 économique
2027 4507 224 25 belgo-luxembour-

1723 4533 81 24 geoise,
1823 4533 105 25 pendant
1945 4533 38 22 lea
1997 4534 52 23 huit
2067 4536 111 25 premiers
2195 4536 58 21 mois

1721 4561 29 21 de
1763 4560 90 22 l'année
1870 4565 6 16 :

1748 4595 167 25 Importations
1931 4596 29 21 de
1978 4596 43 22 ITJ.
2040 4598 25 21 E.
2084 4604 32 16 en
2133 4599 89 22 France
2244 4603 7 16 :

1721 4623 149 24 1,101,166,000
1885 4624 81 21 francs
1993 4627 80 21 contre
2103 4627 145 24 1,231,337,00».

1720 4651 81 22 francs
1811 4652 106 24 pendant
1927 4653 23 20 la
1963 4652 74 24 même
2048 4655 93 25 période
2154 4656 28 23 de
2194 4656 57 24 1933,

1720 4680 47 20 soit
1783 4684 31 17 en
1830 4680 76 21 moins
1922 4680 129 25 230,171,000
2067 4684 86 22 francs.

1748 4714 164 24 Exportations
1926 4715 30 21 de
1981 4715 90 23 France
2097 4724 33 16 en
2157 4719 29 22 U.
2199 4719 27 22 E.
2244 4724 7 18 :

1721 4742 148 24 1,275,690,000
1890 4743 80 21 francs
1993 4746 80 21 contre
2103 4747 146 23 1,410,823,000

1721 4770 80 21 francs
1812 4775 32 17 en
1858 4771 58 24 1933,
1927 4772 47 22 soit
1987 4772 128 25 également
2126 4780 32 17 en
2169 4776 82 21 moins.

1721 4798 129 24 135,133,000
1864 4799 86 21 francs.

1746 4834 66 20 Dans
1825 4838 39 17 ces
1879 4834 91 21 valeurs
1983 4839 30 18 ne
2026 4838 55 21 sont
2095 4843 43 21 pas
2151 4839 100 25 compris

1719 4862 35 22 les
1769 4861 83 22 trafics
1867 4862 30 23 de
1913 4862 44 24 l'U.
1972 4863 26 21 E.
2018 4869 55 18 avec
2096 4867 34 22 les
2151 4867 100 21 colonies

1720 4890 133 24 françaises.
1870 4900 28 6 —
1913 4891 78 25 Belga.

2274 809 80 62 LÀ
2363 807 447 64 CONTREBANDE

2351 881 87 58 AÉ
2442 890 195 49 RIENN
2643 889 39 48 E
2705 890 26 48 ?

2311 978 37 31 LE
2366 978 61 31 CAS
2446 978 77 32 D'UN
2542 977 114 32 PILOTE
2675 975 99 33 BELGE

2321 1017 58 36 QUI
2398 1017 162 32 ATTERRIT
2578 1016 41 32 EN
2638 1015 127 33 FRANCE

2322 1082 45 32 ON
2380 1083 42 31 NE
2435 1064 262 51 RELÈVTCONTRE
2710 1081 53 32 LUI

2341 1122 65 36 QUE
2417 1123 60 32 DES
2490 1117 244 37 PRÉSOMPTIONS

2301 1185 74 25 Paris,
2390 1186 26 21 28
2431 1186 136 26 septembre.
2583 1196 28 5 —
2626 1186 39 21 On
2677 1183 86 23 mande
2779 1183 29 21 de

2276 1210 153 22 Saint-Omer
2445 1205 15 27 à
2476 1216 34 17 un
2525 1210 95 26 Journal
2635 1209 103 26 parisien
2758 1213 6 17 :

2302 1236 33 20 La
2356 1236 91 21 douane
2468 1236 177 22 d'Hazebrouck,
2664 1235 22 21 la
2708 1234 88 26 gendar-

2276 1261 71 21 merie
2363 1261 94 24 d'Ayres
2470 1265 42 17 sur
2526 1261 23 21 la
2563 1261 51 23 Lys,
2641 1261 27 20 et
2680 1260 34 20 M.
2735 1259 74 24 Liger,

2275 1286 156 20 commissaire
2445 1284 87 27 spécial
2545 1285 16 22 à
2567 1285 242 24 Boulogne-sur-Mer,

2276 1315 25 16 se
2318 1312 55 21 sont
2389 1311 97 24 occupés
2503 1311 28 21 de
2549 1311 83 20 l'avion
2651 1309 72 25 belge,
2740 1309 40 24 qut
2794 1312 16 17 a

2277 1335 88 24 atterri,
2382 1336 112 20 mercredi
2510 1335 54 25 soir,
2580 1336 60 21 dans
2655 1336 35 20 les
2707 1334 90 21 circons-

2276 1361 81 21 tances
2372 1365 44 20 que
2429 1360 46 21 l'on
2493 1360 53 25 sait,
2562 1359 16 22 à
2595 1360 109 21 Mametz.

2303 1386 31 20 Le
2348 1385 78 25 pilote,
2443 1385 63 24 sujet
2524 1385 71 25 belge,
2613 1390 15 16 a
2645 1383 91 23 déclaré
2754 1383 54 25 qu'il

2275 1410 60 21 était
2349 1411 62 24 parti
2426 1411 29 21 de
2469 1410 114 24 Courtrai,
2599 1410 59 21 dans
2672 1410 21 20 le
2709 1409 49 24 but,
2780 1408 28 21 de

2277 1435 59 21 faire
2358 1440 33 17 un
2411 1439 86 21 voyage
2531 1435 28 22 de
2578 1435 117 20 tourisme.
2716 1434 21 21 U
2755 1433 41 26 pré-

2278 1461 56 20 tend
2353 1465 45 20 que
2411 1460 54 21 c'est
2484 1464 44 21 par
2546 1459 62 21 suite
2628 1460 56 20 d'un
2703 1459 106 20 mauvais

2276 1485 201 21 fonctionnement
2489 1485 32 21 du
2535 1484 91 21 moteur
2640 1484 55 25 qu'il
2708 1483 100 21 chercha

2277 1515 32 16 un
2325 1509 93 22 endroit
2435 1509 92 25 propice
2544 1509 15 21 à
2571 1509 171 23 l'atterrissage.

2316 1545 28 5 —
2355 1534 67 23 Mais,
2435 1534 33 21 lui
2482 1534 116 21 demanda
2612 1534 21 21 le
2649 1534 54 20 chef
2718 1534 28 20 de
2762 1533 35 21 bri-

2278 1559 59 25 gade
2355 1560 28 21 de
2402 1559 166 26 gendarmerie,
2600 1557 74 26 quelle
2692 1559 37 20 est
2749 1558 60 20 cette

2278 1585 56 20 auto
2351 1584 39 25 qui
2406 1588 57 17 vous
2481 1584 86 21 suivait
2587 1583 25 22 et
2632 1584 40 24 qui
2692 1587 16 17 a
2728 1582 82 25 stoppé

2277 1609 54 25 près
2347 1610 33 21 du
2395 1609 87 25 champ
2497 1609 28 21 de
2541 1608 129 22 betteraves
2679 1607 12 20 ?

2304 1644 27 6 —
2350 1634 88 24 Simple
2471 1633 154 23 coïncidence,
2657 1637 57 16 sans
2734 1632 77 21 doute.

2278 1660 52 20 Une
2346 1658 139 22 automobile
2502 1658 64 22 avait
2582 1658 54 22 bien
2664 1657 23 22 le
2704 1656 61 22 droit
2782 1657 28 22 de

2279 1689 79 20 passer
2377 1689 31 16 en
2424 1684 37 20 cet
2476 1683 99 21 endroit.
2590 1681 129 25 D'ailleurs,
2737 1682 25 25 je
2781 1686 30 17 ne

2278 1709 81 21 l'avais
2377 1713 43 21 pas
2431 1707 141 26 remarquée.

2304 1745 28 5 —
2350 1734 62 21 Mais
2432 1738 31 16 on
2483 1738 15 16 a
2511 1737 31 17 vu
2574 1733 34 23 les
2628 1731 183 22 automobilistes

2279 1759 65 21 venir
2357 1759 111 21 chercher
2483 1759 60 21 deux
2555 1757 56 23 colis
2622 1761 44 22 que
2678 1760 58 18 vous
2747 1757 65 21 aviez

2278 1784 16 21 à
2307 1785 56 21 bord
2377 1784 28 22 de
2420 1785 64 21 votre
2499 1783 111 26 appareil.

2304 1819 28 6 —
2350 1809 61 22 C'est
2430 1809 99 24 inexact,
2547 1808 35 21 les
2600 1807 103 22 ouvriers
2718 1807 40 25 qui
2774 1806 25 23 di-

2279 1834 54 21 sent
2347 1834 50 21 cela
2413 1834 43 21 ont
2472 1833 31 22 dû
2516 1838 24 16 se
2558 1834 109 23 tromper.

2303 1858 177 25 Brusquement,
2492 1858 22 21 le
2530 1858 54 21 chef
2600 1858 28 22 de
2645 1857 94 25 brigade
2754 1860 56 22 posa

2278 1888 47 17 une
2337 1884 105 22 nouvelle
2452 1883 106 25 question
2570 1887 7 20 ;

2305 1918 27 6 —
2346 1909 22 21 Il
2381 1913 16 21 y
2408 1913 17 16 a
2453 1909 60 20 deux
2539 1908 61 21 mois
2627 1907 103 25 environ,
2746 1911 65 18 votre

2279 1933 70 21 avion
2361 1934 37 20 est
2413 1937 60 17 venu
2488 1937 25 16 se
2526 1937 68 20 poser
2608 1932 60 22 dans
2679 1937 34 16 un
2720 1932 92 24 champ,

2279 1962 32 17 au
2324 1959 102 20 hameau
2439 1959 29 20 de
2480 1958 112 24 Marthes,
2607 1958 15 21 à
2636 1957 108 21 Mametz.

2309 1993 24 6 —
2353 1983 61 21 C'est
2435 1982 105 25 possible,
2553 1983 60 21 mais
2633 1987 26 17 ce
2679 1983 59 22 n'est
2769 1986 43 21 pas

2279 2008 48 21 mol
2341 2008 39 26 qui
2393 2008 21 21 le
2429 2008 99 24 pilotais.

2306 2033 130 21 L'aviateur
2452 2037 24 16 se
2493 2032 86 22 défend
2593 2033 28 20 de
2638 2037 24 16 se
2678 2031 70 22 livrer
2761 2032 15 20 k
2788 2032 24 20 la

2281 2057 156 22 contrebande
2452 2058 25 21 et
2490 2057 17 21 il
2524 2062 16 16 a
2553 2057 37 21 été
2607 2056 69 22 laissé
2693 2062 32 16 en
2742 2056 58 22 liber-

2280 2082 25 21 té
2318 2082 130 25 provisoire,
2461 2082 60 21 mais
2538 2082 20 21 11
2578 2087 16 16 a
2613 2081 38 22 été
2671 2082 50 25 prié
2739 2082 28 21 de
2787 2085 25 17 se

2279 2108 63 20 tenir
2356 2107 16 21 à
2384 2107 24 21 la
2420 2107 137 25 disposition
2573 2108 29 19 de
2615 2107 25 21 la
2653 2107 159 25 gendarmerie

2280 2132 245 24 d'Ayres-sur-la-Lys.
2540 2131 95 21 L'avion
2648 2136 52 16 sera
2716 2131 85 21 démon-

2281 2157 23 21 té
2316 2157 27 21 et
2357 2157 83 22 remisé
2455 2156 91 25 jusqu'à
2561 2157 23 20 la
2599 2157 36 20 fin
2650 2156 29 21 dé
2692 2156 119 24 l'enquête.

2306 2182 44 21 Les
2369 2181 123 21 douaniers
2524 2181 25 22 et
2567 2182 34 20 les
2620 2180 138 25 gendarmes
2774 2181 39 26 qui

2280 2206 107 21 s'étalent
2406 2207 45 20 mis
2469 2206 16 21 à
2497 2206 24 21 la
2536 2206 125 21 recherche
2678 2207 31 21 de
2728 2206 73 21 l'auto-

2280 2231 84 21 mobile
2382 2239 9 10 «
2399 2231 59 21 4584
2473 2232 33 20 M.
2518 2232 27 20 B.
2567 2231 14 20 6
2588 2239 19 16 »,
2637 2231 42 20 ont
2706 2231 107 21 retrouvé

2281 2257 60 20 cette
2357 2256 89 21 voiture
2459 2256 60 21 dans
2534 2260 34 17 un
2583 2260 91 20 garage.
2689 2255 50 21 Elle
2755 2255 58 21 étalt

2280 2281 59 21 vide.
2354 2281 130 21 Douaniers
2498 2281 24 21 et
2534 2280 139 25 gendarmes
2687 2282 54 20 sont
2757 2285 44 16 con-

2281 2307 96 20 vaincus
2398 2305 55 26 qu'il
2478 2305 68 25 s'agit
2582 2306 68 22 d'une
2675 2305 85 22 affaire
2784 2305 29 22 de

2281 2331 163 22 contrebande,
2460 2331 60 20 mais
2540 2335 88 16 comme
2648 2331 24 21 la
2692 2330 110 26 présomp-

2280 2356 52 21 tion
2349 2360 30 17 ne
2392 2356 69 21 suffit
2480 2360 43 21 pas
2535 2360 59 20 pour
2611 2355 106 25 inculper
2732 2356 67 20 l'avia-

2281 2385 57 18 teur,
2353 2385 32 17 on
2399 2381 79 24 ignore
2493 2380 74 26 quelle
2579 2380 61 21 suite
2655 2384 52 17 sera
2723 2380 90 22 donnée

2281 2406 15 20 à
2309 2406 60 20 cette
2388 2406 92 20 affaire.
2497 2416 28 4 —
2537 2406 86 20 Havas.

2624 2471 39 51 LE
2686 2471 55 51 ROI

2629 2538 107 49 FOUAD

2599 2602 164 51 D'EGYPTE

2479 2668 56 49 m1

2630 2672 107 38 SERAIT

2409 2710 130 57 ^-»

2589 2724 184 39 GRAVEMENT

2402 2837 49 28 **s*l^r
2504 2837 28 26 S

2613 2777 132 38 MALADE.

2623 2834 35 29 ON
2685 2833 60 30 S'EN

2315 2876 17 23 \
2340 2889 3 3 .
2370 2865 31 24 <-§-">

2402 2875 18 9 **
2474 2865 56 36 -Ml.

2571 2870 124 37 INQUIÈTE
2720 2875 77 31 AUSSI

2402 2899 133 45 ■h^W^

2653 2918 61 29 BIEU

2288 2950 111 113 ik'

2423 2956 112 102 vi

2603 2961 18 30 A
2641 2959 122 31 LONDRES

2626 3002 96 29 "QU'AU
2767 3008 4 5 '

2540 3051 7 7 ■
2638 3044 89 30 CAIRE.

2338 3112 62 32 RET

2402 3113 66 31 OUR
2489 3113 40 31 DE

2548 3112 205 32 MACDONALD

2320 3175 79 21 Saint-
2401 3176 282 24 Jean-de-Terre-Neuve,
2708 3175 27 21 28
2758 3179 43 22 sep-

2282 3200 95 22 tembre.
2392 3211 28 6 —
2435 3202 31 19 M.
2481 3201 151 23 MacDonald,
2649 3201 39 25 qui
2703 3201 98 20 s'embar-

2281 3230 43 20 que
2341 3225 94 21 demain
2447 3230 59 20 pour
2518 3226 91 20 rentrer
2624 3231 31 16 en
2671 3225 134 25 Angleterre

2280 3250 55 21 s'est
2350 3250 93 21 adressé
2472 3254 47 17 aux
2546 3251 122 21 habitants
2684 3251 27 21 de
2728 3252 81 19 Terre-

2280 3276 78 20 Neuve
2374 3280 44 20 par
2433 3276 26 20 T.
2474 3276 24 20 S.
2512 3276 33 24 P.,
2561 3280 59 21 pour
2632 3276 51 23 leur
2699 3275 59 21 faire
2775 3280 37 16 ses

2282 3300 84 21 adieux
2380 3300 25 21 et
2417 3300 35 22 les
2465 3301 122 21 remercier
2601 3301 28 21 de
2642 3301 50 20 leur
2708 3301 91 24 hospita

2280 3324 48 22 lité.
2342 3336 29 5 —
2382 3326 93 22 Reuter.

2298 4747 44 21 Les
2357 4747 80 24 guides
2449 4748 162 21 chamoniards
2627 4749 43 20 ont
2680 4750 86 24 partici-

2298 4771 37 25 pé,
2349 4772 16 21 i
2381 4772 135 25 Chambéry,
2531 4778 46 16 anx
2592 4773 60 22 fêtes
2666 4775 41 20 des
2721 4775 45 20 Pro-

2299 4797 77 21 vinces
2391 4798 143 23 savoyardes,
2548 4798 30 20 où
2592 4799 28 21 ils
2640 4800 42 19 ont
2702 4800 77 20 donné

2298 4821 137 23 différentes
2453 4823 195 22 démonstrations
2668 4825 98 20 d'escala-

2445 4849 28 19 de
2489 4849 29 23 de
2530 4849 101 21 rochers.

2297 4871 72 22 Notre
2388 4877 97 19 gravure
2504 4874 91 21 montre
2614 4875 22 21 le
2654 4876 124 25 sauvetage

2362 4897 55 21 d'an
2434 4897 74 22 blessé
2524 4904 44 19 peu-
2586 4905 33 16 un
2638 4901 73 23 guide.

3009 795 185 57 IDÉES
3231 805 80 48 ET
3346 803 407 50 DOCUMENTS

2948 909 79 28 Cette
3046 910 125 31 rubrique
3192 916 40 22 est
3248 910 122 27 destinée
3390 911 18 26 à
3421 910 137 27 accueillir
3572 912 39 26 les
3625 915 154 26 arguments
3793 918 54 24 que
3860 917 71 20 non

2979 942 172 28 demandons
3164 945 16 25 à
3194 945 119 25 diverse-
3327 944 194 31 compétences
3536 943 146 33 d'exposer
3696 952 54 19 aux
3765 943 115 28 lecteurs
3894 942 38 28 de

2984 987 12 14 o
3013 974 41 28 La
3067 974 130 30 Dernière
3213 976 92 28 Heure
3322 987 26 19 a,
3362 977 19 27 à
3401 977 62 27 titre
3483 976 214 32 documentaire,
3718 986 45 18 sur
3782 976 51 28 dea
3853 985 68 24 ques-

2980 1009 72 27 tions
3068 1009 127 30 d'intérêt
3213 1011 82 26 social
3313 1010 206 27 controversées
3533 1010 70 27 dans
3617 1016 62 22 tous
3691 1010 39 27 les
3746 1010 91 31 partis,
3853 1014 28 24 et
3895 1018 36 19 ne

2980 1052 30 18 se
3025 1043 153 27 rattachant
3194 1053 49 21 pas
3259 1043 180 27 directement
3452 1053 54 17 aux
3519 1043 81 28 luttes
3613 1043 168 27 électorales.

2948 1075 54 27 Ces
3015 1075 108 28 article*
3136 1076 173 33 n'engagent,
3322 1086 37 18 en
3373 1086 107 18 aucune
3500 1076 92 33 façon,
3609 1077 27 27 U
3656 1078 70 30 ligne
3745 1076 37 28 de
3802 1076 129 28 conduite

2979 1108 39 27 du
3032 1109 105 30 journal
3152 1114 29 23 et
3194 1119 70 18 nous
3277 1119 70 18 nous
3360 1110 145 28 réservons
3520 1109 36 28 de
3572 1110 39 28 let
3626 1109 126 33 critiquer
3767 1109 154 28 éventuelle-

2979 1148 77 25 ment
3069 1142 70 28 dans
3152 1152 52 18 nos
3218 1143 140 27 colonnes.

2951 1186 13 16 «
2983 1174 40 28 La
3037 1173 129 30 Dernière
3183 1175 91 28 Heure
3293 1187 12 15 »
3326 1176 114 33 entend,
3457 1186 35 18 en
3508 1176 77 32 effet,
3601 1176 98 32 garder
3713 1179 90 26 toutes
3817 1185 45 19 «M
3876 1185 45 19 res-

2979 1207 177 34 ponsabilités
3176 1210 119 26 vis-à---ù
3315 1209 37 27 de
3369 1209 138 33 l'opinion
3523 1209 139 32 publique.

2834 1302 661 65 L'AGRICULTURE
3532 1290 397 77 INDIGÈNE

3086 1390 93 51 AU
3208 1388 229 53 CONGO
3472 1390 207 51 BELGE

2860 1514 33 21 La
2915 1514 95 22 Colonie
3031 1514 65 21 vient
3117 1514 102 21 d'entrer
3240 1514 60 21 dans
3322 1519 46 16 une

2834 1538 38 23 ère
2886 1539 106 21 nouvelle
3005 1539 25 22 et
3044 1540 17 21 il
3076 1539 86 22 semble
3177 1539 54 22 bien
3247 1543 51 22 que,
3313 1543 55 16 sans

2835 1565 63 20 avoir
2923 1564 71 25 songé
3019 1569 47 17 aux
3093 1569 80 21 graves
3200 1564 169 26 conséquences

2834 1590 109 24 possibles
2958 1591 28 20 de
3000 1594 42 17 son
3057 1590 141 21 orientation
3213 1590 153 24 économique,

2832 1615 45 22 elle
2898 1620 30 18 va
2949 1620 25 16 se
2995 1615 80 21 lancer
3097 1616 60 21 dans
3179 1619 45 17 una
3246 1613 121 26 périlleuse

2834 1641 118 21 aventure.

2860 1666 62 20 Tous
2938 1666 34 21 les
2989 1665 127 22 coloniaux,
3134 1665 95 21 anciens
3246 1666 24 21 et
3287 1665 69 26 préco-

2835 1694 44 20 ces,
2907 1695 29 16 ne
2964 1690 78 21 voient
3070 1691 93 24 qu'avec
3192 1695 46 17 une
3266 1691 103 20 certaine

2836 1715 178 25 appréhension'
3030 1720 24 16 se
3081 1715 102 21 dessiner
3209 1716 23 20 la
3256 1715 58 21 mise
3338 1719 31 17 en

2836 1741 142 24 application
2993 1742 28 21 de
3035 1741 25 21 la
3076 1741 99 21 formule
3192 1740 31 22 du
3241 1748 9 10 -
3267 1744 90 21 paysan-

2835 1767 43 19 nat
2893 1765 109 26 indigène
3017 1774 19 15 ».

2862 1797 102 22 L'utilité
2987 1797 169 21 incontestable
3181 1797 29 21 de
3234 1796 137 26 développer

2835 1823 156 25 l'agriculture
3003 1822 138 22 rationnelle
3154 1822 59 21 dans
3224 1822 35 21 les
3270 1822 101 21 colonies

2835 1853 30 16 ne
2877 1847 49 23 doit
2938 1848 52 26 plus
3001 1847 50 22 être
3063 1848 57 21 mise
3132 1852 31 17 en
3175 1847 113 26 question.
3300 1847 70 22 Reste

2835 1874 15 22 k
2865 1873 77 22 savoir
2958 1873 150 24 comment.il
3123 1873 54 21 faut
3192 1873 25 20 la
3233 1871 137 26 développer

2834 1900 24 20 et
2871 1898 124 25 comment,
3006 1898 70 24 aussi,
3087 1898 17 21 il
3116 1898 98 25 importe
3228 1897 142 24 d'envisager

2836 1923 139 22 l'éducation
2993 1924 26 21 et
3037 1924 26 21 la
3082 1923 127 21 formation
3230 1923 31 22 du
3280 1927 90 21 paysan

2835 1948 115 26 indigène.

2861 1975 63 21 Nous
2942 1974 59 21 voilà
3017 1972 79 27 placés
3112 1974 15 21 à
3143 1977 33 18 un
3193 1973 113 22 tournant
3322 1972 48 22 très

2836 1999 132 25 dangereux
2987 2001 28 20 de
3033 1999 67 21 notre
3118 1999 96 21 histoire
3233 1998 137 25 congolaise.

2862 2031 112 21 Combien
3001 2030 30 22 de
3058 2030 46 21 fois
3131 2030 169 22 n'avons-nous
3327 2034 43 20 pas

2837 2056 64 24 écrit,
2922 2055 123 26 proclamé,
3068 2054 89 26 supplié
3178 2060 44 19 que
3244 2056 46 20 l'on
3311 2059 59 17 nous

2837 2081 89 21 donnât
2941 2085 47 17 une
3002 2081 110 25 politique
3129 2080 125 21 coloniale?
3270 2080 49 21 Elle
3334 2080 37 21 est

2835 2106 68 22 enfin
2915 2106 77 24 sortie,
3005 2106 58 20 mais
3077 2110 52 15 sous
3142 2109 45 17 une
3201 2105 74 21 forme
3288 2105 69 21 incon-

2837 2131 163 22 testablement
3024 2131 143 24 dangereuse
3190 2131 25 20 et
3239 2130 77 25 pleine
3341 2130 28 21 de

2837 2161 52 19 gros
2917 2155 88 26 risques
3032 2160 61 21 pour
3120 2156 96 21 l'avenir
3244 2155 30 22 de
3302 2155 67 22 notre

2836 2183 86 24 Congo.

2863 2213 71 25 Quels
2949 2212 61 25 sont,
3024 2216 59 22 pour
3099 2213 67 25 juger
3181 2213 61 21 cette
3257 2212 113 25 question,

2836 2237 34 21 les
2886 2242 156 21 personnages
3058 2238 33 20 les
3109 2238 77 20 mieux
3203 2236 92 26 placés?
3312 2238 46 21 Cer-

2837 2263 129 21 tainement
2981 2267 59 18 ceux
3053 2262 38 25 qui
3105 2263 96 25 peinent
3215 2263 21 21 le
3250 2261 52 27 plus
3316 2266 54 18 sous

2835 2287 22 22 le
2882 2288 64 21 soleil
2971 2288 124 25 d'Afrique,
3119 2292 42 17 nos
3185 2287 82 22 braves
3291 2286 79 23 colons

2835 2312 134 26 européens.

2863 2343 79 22 Alors?
2956 2344 73 21 Leurs
3042 2344 50 21 avis
3106 2344 53 21 sont
3173 2344 124 22 unanimes
3309 2344 26 22 et
3347 2344 23 21 le

2837 2368 212 22 mécontentement
3069 2369 114 25 provoqué
3204 2373 42 21 par
3266 2370 25 20 la
3310 2373 47 16 nou-

2837 2394 57 21 velle
2909 2394 109 25 politique
3032 2395 98 24 agricole
3144 2395 31 20 du
3190 2395 181 24 gouvernement

2837 2419 28 22 de
2879 2419 23 22 la
2917 2419 94 22 Colonie
3023 2421 38 20 est
3074 2420 41 21 des
3127 2419 52 26 plus
3193 2418 98 22 sérieux.

2862 2451 35 20 Ne
2911 2451 97 22 voulant
3022 2455 44 21 pas
3081 2450 88 22 donner
3184 2450 15 22 à
3214 2455 43 17 nos
3271 2450 100 22 lecteurs

2836 2474 153 26 l'Impression
3018 2480 45 20 que
3092 2480 59 17 nous
3181 2476 126 24 critiquons
3337 2479 34 18 un

2836 2500 86 25 régime
2944 2505 55 16 sans
3020 2501 81 21 motifs
3122 2505 87 21 graves,
3231 2505 58 17 nous
3311 2499 65 23 nous"

2837 2525 89 21 faisons
2951 2530 34 17 un
3010 2526 79 21 devoir
3114 2527 29 20 de
3169 2526 133 25 reproduire
3329 2526 41 21 des

2836 2551 98 20 extraits
2954 2548 34 24 de"
3004 2551 209 24 correspondances
3232 2555 88 17 venues
3340 2547 30 25 dé

2837 2575 78 21 colons
2928 2576 28 21 de
2969 2575 78 25 lTJélé,
3061 2576 29 21 de
3103 2576 81 24 l'Ituri,
3198 2576 31 21 du
3243 2576 69 23 Kivu,
3325 2577 44 20 etc.

2861 2621 39 20 LA
2911 2621 140 20 CHARRUE
3063 2621 100 20 AVANT
3173 2621 52 21 LES
3237 2620 106 22 BŒUFS

2865 2665 10 11 «
2889 2658 119 21 Monsieur
3026 2659 22 22 le
3066 2658 105 21 ministre
3189 2668 28 5 —
3234 2662 60 17 nous
3313 2657 56 22 écrit

2838 2691 9 10 ■
2863 2687 33 17 un
2908 2683 66 21 colon
2985 2694 27 5 —
3023 2688 16 17 a
3049 2683 45 21 fait
3106 2688 33 16 un
3150 2687 86 21 voyage
3247 2688 32 16 au
3290 2683 85 25 Congo.

2838 2716 9 10 .
2863 2712 58 20 pour
2934 2708 90 22 étudier
3035 2708 173 24 l'organisation
3222 2709 32 21 du
3268 2712 101 21 paysan-

2839 2741 8 10 .
2863 2733 43 20 nat
2919 2732 115 25 indigène,
3047 2734 59 21 mais
3120 2734 16 20 11
3150 2738 15 17 a
3179 2733 70 21 attelé
3262 2734 25 20 la
3300 2734 69 21 char-

2839 2766 9 10 •
2863 2761 42 18 rue
2924 2759 73 20 avant
3014 2759 35 20 les
3067 2759 83 21 bœufs,
3168 2758 18 21 il
3205 2762 30 17 ne
3254 2758 54 21 s'est
3328 2763 43 21 pas

2839 2792 9 8 »
2863 2782 126 26 préoccupé
3006 2783 28 22 de
3050 2784 76 20 savoir
3141 2783 28 25 si,
3185 2783 72 21 avant
3273 2783 59 25 tout,
3348 2783 22 21 le

2839 2816 9 10 »
2864 2807 52 22 calé
2940 2807 41 22 des
3005 2807 145 26 plantations
3174 2808 70 21 faites
3268 2813 44 21 par
3336 2809 35 21 les

2840 2841 8 10 »
2864 2832 119 25 indigènes
3001 2834 56 24 peut
3076 2838 25 16 se
3120 2833 85 21 vendre
3224 2839 31 15 en
3274 2835 97 23 Europe,

2839 2866 10 10 •
2863 2858 26 20 ni
2899 2858 21 20 si
2930 2858 34 21 les
2974 2858 115 25 capacités
3099 2859 28 21 de
3139 2860 118 23 transport
3268 2858 101 26 permet-

2839 2891 10 11 »
2863 2883 66 21 tront
2943 2884 28 21 de
2985 2883 119 22 l'évacuer.

2866 2923 8 9 ■
2889 2914 71 25 Nous,
2978 2914 71 26 petits
3068 2914 85 25 colons,
3172 2919 60 17 nous
3251 2919 59 17 nous
3330 2915 40 21 de-

2840 2948 8 10 »
2864 2939 116 21 mandons
2991 2939 40 25 qui
3042 2944 16 16 a
3070 2944 32 20 pu
3114 2940 94 21 trouver
3220 2944 44 21 que
3278 2940 21 21 le
3313 2945 58 20 pay-

2840 2972 10 11 »
2865 2965 86 20 sannat
2962 2964 107 26 indigène
3082 2965 54 21 veut
3148 2965 48 21 dire
3209 2969 43 21 que
3264 2966 33 20 les
3309 2966 62 20 indi-

2839 2997 9 11 •
2864 2989 177 30 gènes^doiyent
3054 2990 93 31 planter
3162 2990 38 30 dji_
3207 2990 52 21 café
3270 2992 5 19 !

2865 3028 10 11 •
2890 3021 33 20 La
2938 3021 106 24 question
3058 3026 14 15 a
3087 3021 36 20 été
3138 3014 98 28 soumise
3250 3022 16 20 à
3280 3015 23 28 la
3307 3016 64 26 ~rêu-

2839 3052 9 10 •
2863 3045 58 21 nion
2946 3045 54 24 des,
3013 3044 121 26 planteurs
3159 3046 17 21 à
3200 3045 123 26 Bambesa,
3348 3047 23 20 le

2839 3078 9 10 .
2864 3071 25 20 15
2897 3069 82 26 juillet
2992 3070 59 22 1934.
3061 3071 6 6 '

2864 3103 9 10 »
2889 3095 64 21 Voici
2965 3096 35 20 les
3012 3095 144 22 conclusions
3172 3100 6 17 :
3193 3097 31 20 Le
3237 3097 134 24 paysannat

2838 3128 9 10 »
2863 3119 108 26 indigène
2984 3121 55 21 veut
3053 3121 48 21 dire
3115 3122 90 21 donner
3218 3121 15 22 à
3245 3121 125 25 l'indigène

2837 3153 10 10 •
2862 3145 53 21 tous
2933 3145 34 21 les
2985 3150 101 20 moyens,
3105 3145 153 22 Instruments
3277 3146 91 22 moder-

2837 3178 9 10 •
2861 3174 50 20 nes,
2922 3170 94 25 engrais
3028 3172 59 23 pour
3099 3170 177 22 l'amélioration
3291 3172 27 20 de
3333 3176 36 16 ses

2837 3202 10 11 »
2863 3194 171 24 cultures.aftn
3046 3195 94 22 d'éviter
3152 3196 33 21 les
3198 3195 171 27 déplacements

2837 3227 10 11 s
2861 3221 26 20 et
2900 3220 33 21 les
2946 3220 224 22 débroussements...
3186 3229 10 11 b

3419 1515 39 22 Un
3470 1515 67 22 autre
3549 1516 66 21 colon
3628 1519 60 18 nous
3700 1514 58 23 écrit
3767 1520 7 16 :
3784 1523 9 10 »
3801 1515 36 22 Bn
3844 1514 86 22 février

3396 1549 9 9 .
3422 1540 57 24 1934,
3497 1540 17 21 il
3531 1545 16 21 y
3565 1540 64 22 avait
3647 1541 15 22 à
3681 1541 67 21 Aketl
3767 1541 59 23 2,000
3844 1540 85 21 tonnes

3395 1574 9 9 >
3419 1569 59 22 pour
3492 1566 163 25 l'exportation
3674 1565 68 25 (café,
3757 1566 89 21 coton).
3860 1564 68 23 Aketl

3395 1600 9 9 •
3420 1591 59 22 étalt
3499 1591 146 21 embouteillé
3667 1593 25 20 et
3715 1591 17 21 il
3754 1591 84 22 n'était
3860 1589 68 27 guère

3395 1626 8 8 •
3420 1616 98 26 possible
3533 1617 28 21 de
3576 1617 136 24 surcharger
3727 1618 33 20 les
3774 1617 83 24 barges
3871 1619 59 25 pour

3394 1650 9 11 a
3419 1642 23 21 la
3471 1642 108 21 descente
3606 1645 52 18 vers
3685 1641 126 23 Kinshasa.
3839 1640 91 26 Malgré

3395 1675 9 11 •
3419 1667 62 22 cette
3511 1666 120 26 situation,
3660 1671 32 17 on
3721 1665 119 27 prévoyait
3871 1668 60 24 pour

3394 1701 11 11 •
3419 1692 69 21 Aketl
3500 1697 33 18 un
3545 1692 64 22 stock
3622 1692 39 22 dix
3673 1692 46 21 fois
3732 1691 142 26 supérieur...
3891 1700 9 8 •

3419 1717 67 22 Voilà
3503 1718 24 20 la
3544 1717 113 22 situation
3672 1721 32 18 en
3722 1718 57 20 1934.
3796 1717 51 25 Que
3864 1720 64 17 sers-

3394 1743 67 22 t-elle
3474 1748 32 17 en
3522 1742 50 21 1935
3581 1743 11 21 ?

3499 1781 97 21 MOINS
3610 1781 40 21 DE
3664 1780 160 22 FANTAISIE

3422 1827 10 11 «
3446 1819 59 21 Bien
3519 1818 51 26 plus
3584 1823 68 21 grave
3667 1827 10 11 »
3696 1824 7 17 :

3422 1852 10 11 •
3446 1844 44 22 Les
3516 1844 119 26 indigènes
3660 1844 58 22 vont
3743 1846 137 23 augmenter
3906 1845 24 20 lis

3396 1878 10 10 »
3421 1869 138 26 production
3576 1869 28 23 de
3622 1870 75 24 coton,
3713 1870 34 21 les
3763 1868 121 27 planteurs
3901 1870 29 22 de

3396 1903 9 10 »
3422 1895 51 21 café
3496 1896 85 21 auront
3603 1895 76 21 toutes
3700 1895 63 21 leurs
3785 1894 145 26 plantations

3395 1925 11 13 •
3419 1924 31 17 en
3463 1920 102 26 rapport.

3422 1954 9 10 ■
3446 1945 32 22 Le
3498 1945 44 21 rail
3561 1945 41 22 des
3620 1944 108 22 vicinaux
3747 1949 52 17 sera
3821 1944 74 22 arrivé
3915 1944 16 22 à

3396 1980 9 9 »
3420 1970 59 21 Isiro
3495 1972 26 20 et
3538 1971 52 20 tout
3606 1970 21 22 le
3645 1970 70 21 coton
3733 1970 28 22 de
3778 1970 24 21 la
3821 1971 109 22 Cotonco,

3395 2005 10 9 »
3420 1995 46 26 qui,
3499 1994 194 26 précédemment,
3727 1995 124 21 s'évacuait
3888 1998 43 22 par

3396 2030 8 9 ■
3419 2021 106 23 Wamba,
3546 2021 111 23 Avakubl,
3677 2019 157 26 Stanleyvil.e.
3856 2019 74 22 s'évs-

3395 2055 9 9 ■
3420 2050 69 17 cuera
3504 2050 44 21 par
3562 2046 33 21 les
3610 2046 108 21 vicinaux
3734 2046 80 21 d'Islro
3830 2046 15 21 k
3861 2047 68 19 cause)

3396 2080 8 10 •
3420 2071 32 23 du
3468 2072 73 24 trajet
3556 2070 52 27 plus
3624 2070 72 22 court.

3423 2112 9 9 .
3447 2103 26 21 Sl
3486 2102 23 22 le
3525 2107 126 17 commerce
3667 2102 85 22 d'huile
3768 2102 29 22 de
3812 2101 77 27 palme
3904 2103 26 20 et

3396 2137 9 9 »
3421 2128 28 21 de
3464 2128 133 21 coconottes
3611 2127 99 26 reprend
3722 2128 26 20 et
3763 2128 19 20 sl
3797 2129 20 20 le
3832 2131 98 21 gouver-

3396 2162 8 9 .
3420 2154 97 20 nement
3531 2153 109 21 continue
3656 2153 59 21 dans
3730 2157 26 17 sa
3772 2152 110 26 politique
3899 2152 31 21 du

3395 2187 9 9 .
3420 2179 133 24 paysannat
3567 2178 107 25 indigène
3688 2183 31 16 en
3733 2177 90 22 faisant
3836 2177 95 26 planter

3395 2212 9 10 >
3421 2203 30 21 du
3476 2202 52 22 café
3552 2208 43 19 par
3616 2203 35 21 les
3673 2203 71 23 noirs,
3767 2203 34 20 les
3824 2202 106 25 produits

3396 2238 8 8 »
3420 2222 170 31 d'exportation
3622 2228 41 21 des
3693 2227 57 23 Uélé
3784 2226 146 24 atteindront

3394 2263 10 10 •
3420 2255 71 20 50.000
3506 2254 90 21 tonnes.
3611 2253 67 21 Aketi
3692 2257 52 17 sera
3759 2252 90 22 étouffé
3863 2252 66 21 faute

3394 2287 10 10 ■
3420 2279 28 22 de
3461 2283 103 18 mesures
3576 2278 72 27 prises
3660 2282 42 21 par
3715 2278 20 21 le
3748 2277 181 26 gouvernement

3395 2312 9 10 •
3418 2309 32 16 en
3468 2308 43 17 vue
3530 2304 29 22 de
3576 2303 153 22 l'évacuation
3747 2302 112 26 régulière
3877 2306 53 18 vers

3395 2337 9 11 a
3420 2329 126 22 Kinshasa.

3422 2369 10 9 •
3446 2361 51 24 Que
3513 2365 24 16 se
3553 2360 148 25 passera-t-11
3710 2360 11 21 ?
3737 2360 34 22 La
3786 2360 104 22 Cotonco
3905 2359 26 21 et

3395 2394 10 9 »
3419 2385 35 22 les
3469 2385 79 22 colons
3559 2385 109 21 .installés
3684 2385 60 22 dans
3757 2386 22 21 le
3795 2383 134 23 Haut-Uéié

3395 2420 9 9 •
3420 2410 154 25 reprendront
3587 2410 23 22 la
3624 2410 66 22 route
3703 2410 32 22 du
3748 2410 38 21 Nil
3798 2412 24 19 et
3836 2410 53 21 tout
3903 2413 26 18 ce

3395 2444 9 10 .
3420 2440 43 20 que
3484 2437 22 19 le
3526 2437 180 23 gouvernement
3727 2440 58 17 aura
3804 2434 47 23 fait
3868 2438 61 22 {iour

3394 2469 10 10 »
3420 2460 121 22 améliorer
3552 2461 33 21 les
3595 2461 132 24 transports
3737 2460 129 22 nationaux
3876 2464 53 17 sera

3394 2494 10 10 •
3420 2486 80 25 perdu.

3423 2519 9 9 .
3441 2511 28 20 Je
3483 2511 47 20 sais
3545 2515 42 20 que
3603 2512 34 20 les
3650 2510 127 24 dirigeants
3793 2509 91 25 anglais
3897 2509 33 23 du

3394 2544 10 10 •
3420 2536 93 21 chemin
3526 2538 28 20 de
3568 2536 37 21 fer
3616 2536 26 21 et
3655 2536 40 21 des
3707 2536 102 21 bateaux
3823 2536 31 21 du
3868 2536 59 21 Sou-

3396 2569 9 10 •
3421 2561 48 21 dan
3482 2561 42 21 ont
3538 2561 99 25 compris
3652 2561 23 21 la
3689 2560 113 22 situation
3816 2561 38 25 qui
3870 2561 58 21 arri-

3396 2594 8 10 >
3419 2584 56 23 vëra
3488 2587 14 20 à
3516 2586 67 21 Aketl
3594 2586 26 22 et
3633 2586 123 21 attendent
3769 2590 56 17 avec
3838 2585 22 22 le
3875 2590 53 16 sou-

3396 2619 10 11 •
3419 2611 53 21 rire.
3494 2612 28 20 Je
3544 2611 47 21 fais
3612 2613 23 20 la
3656 2611 76 21 même
3754 2615 121 21 remarque
3898 2614 30 18 au

3395 2645 9 9 .
3420 2636 62 25 sujet
3497 2637 41 20 des
3553 2634 122 23 intéressés
3688 2636 16 22 à
3717 2635 153 23 l'évacuation
3887 2640 41 21 par

3396 2669 8 10 >,
3420 2660 146 23 Mombasa...
3583 2668 10 13 *

3420 2687 63 21 Nous
3500 2686 121 26 pourrions
3637 2686 58 21 citer
3712 2686 102 22 d'autres
3831 2686 97 21 extraits

3395 2711 28 21 de
3435 2711 81 21 lettres
3528 2711 23 20 et
3562 2711 28 21 de
3602 2711 114 25 rapports,
3727 2711 61 22 mals
3799 2716 60 17 nous
3870 2715 59 18 nous

3394 2736 108 24 bornons,
3522 2740 58 21 pour
3601 2736 21 21 le
3643 2736 110 24 moment,
3775 2736 14 21 k
3810 2741 37 16 ces
3869 2736 59 22 deux

3394 2761 110 21 citations
3533 2761 40 24 qui
3601 2761 123 25 Indiquent
3753 2761 175 22 suffisamment

3394 2785 66 22 l'état
3482 2786 29 22 de
3534 2786 212 22 mécontentement
3769 2786 28 22 de
3821 2786 52 21 tons
3895 2786 34 22 les

3395 2810 85 23 colons.

3420 2836 29 21 Et
3474 2836 174 25 certainement,
3672 2836 28 21 ils
3724 2837 66 21 n'ont
3814 2840 43 22 pas
3880 2836 49 22 tort

3395 2860 70 22 d'être
3479 2866 45 20 peu
3538 2861 121 22 satisfaits.
3672 2861 67 25 Tout,
3754 2861 125 25 disent-Ils,
3892 2862 37 22 est

3394 2886 45 21 fait
3459 2891 31 16 en
3511 2887 82 21 faveur
3613 2887 28 21 de
3661 2886 123 26 l'Indigène
3805 2888 25 21 et
3851 2887 15 22 à
3885 2891 43 18 son

3395 2911 72 25 profit
3478 2912 50 21 et...
3543 2915 66 21 nous,
3622 2912 61 21 alors
3692 2912 11 21 ?

3420 2937 184 21 Naturellement
3620 2939 33 20 les
3668 2936 78 22 colons
3762 2937 167 26 comprennent

3395 2965 43 20 que
3449 2962 21 20 le
3484 2962 181 24 gouvernement
3676 2967 15 16 a
3704 2967 45 17 une
3763 2962 96 22 mission
3872 2962 43 22 civi-

3395 2986 100 22 lisatrice
3506 2987 15 21 à
3531 2987 95 25 remplir
3636 2988 25 21 et
3670 2987 29 21 ils
3710 2989 53 20 sont
3773 2988 34 21 les
3818 2988 111 25 premiers

3394 3016 15 16 a
3431 3011 93 21 l'aider-
3532 3012 60 21 dans
3613 3012 24 20 la
3657 3011 136 22 réalisation
3816 3013 28 21 de
3868 3014 60 20 cette

3393 3034 60 22 belle
3466 3035 50 22 idée
3531 3037 166 24 humanitaire;
3715 3037 59 22 mals
3786 3036 29 22 Ils
3830 3038 84 21 deman-

3395 3060 55 20 dent
3465 3065 33 17 un
3513 3065 43 21 peu
3572 3062 74 21 moins
3661 3061 29 22 de
3705 3062 110 23 fantaisie
3831 3063 59 21 dans
3903 3063 25 21 la

3393 3085 58 22 mise
3461 3090 31 16 en
3502 3086 142 25 application
3655 3087 40 21 des
3704 3087 63 21 idées
3777 3088 108 21 relatives
3897 3091 30 19 au

3395 3118 9 10 «
3425 3111 132 24 paysannat
3577 3110 107 27 indigène
3705 3121 18 16 »,
3742 3117 40 17 car
3801 3113 29 21 ils
3849 3112 79 23 volent

3393 3139 55 16 avec
3460 3140 46 17 une
3520 3136 89 21 terreur
3621 3136 109 27 Justifiée,
3742 3137 86 25 gâcher
3838 3138 16 22 à
3866 3138 48 26 plai-

3393 3160 32 20 sir
3435 3160 34 21 les
3479 3160 110 21 résultats
3600 3161 98 22 obtenus
3709 3162 67 25 après
3788 3163 40 21 des
3840 3163 87 22 années

3393 3184 55 22 d'un
3463 3184 91 26 pénible
3568 3187 26 22 et
3608 3185 48 23 très
3671 3187 100 22 onéreux
3786 3188 86 24 labeur.

3726 3225 149 22 KIMBULU.

2857 4254 95 21 APRES
2968 4255 38 20 LA
3025 4255 165 21 NAISSANCE
3209 4256 40 20 DE
3268 4257 38 20 LA
3325 4257 166 22 PRINCESSE
3506 4259 167 24 MARIA-PIA,
3688 4260 21 20 A
3721 4260 112 24 NAPLES

2857 4285 71 22 Notre
2942 4291 97 19 gravure
3053 4287 91 21 montre
3158 4293 33 15 nn
3206 4288 93 21 officier
3313 4288 85 21 mutilé
3412 4290 30 20 de
3456 4294 80 20 guerre
3551 4290 65 25 belge
3630 4291 106 21 arrivant
3751 4296 31 17 an
3797 4292 77 22 Palais

2899 4312 65 23 royal
2978 4317 59 20 ponr
3049 4313 112 20 s'inscrire
3175 4318 41 16 sur
3229 4314 22 20 le
3266 4313 96 25 registre
3377 4311 86 28 déposé
3480 4314 16 23 à
3514 4316 131 21 l'intention
3663 4317 40 21 des
3719 4316 112 22 visiteurs.

1189 5489 43 20 Les
1253 5490 82 24 pilotes
1356 5490 121 20 militaires
1495 5490 76 24 belges
1589 5490 66 25 possè-

1189 5515 56 19 dent
1257 5521 32 16 on
1302 5521 105 14 nouveau
1418 5514 117 22 vêtement
1547 5516 65 24 qn'ils
1625 5522 30 15 en-

1189 5540 93 20 dossent
1300 5541 112 23 lorsqu'ils
1432 5541 117 20 survolent
1568 5541 25 21 la
1612 5547 55 15 mer.

1189 5565 32 21 Ce
1237 5567 101 19 costume
1354 5567 97 21 consiste
1468 5571 29 15 tn
1527 5572 32 14 un
1586 5568 82 19 veston

1189 5590 81 20 doublé
1287 5592 29 19 de
1334 5592 147 22 caoutchouc,
1498 5591 73 23 muni,
1588 5597 41 15 sur
1642 5593 27 20 la

1226 5615 107 25 poitrine,
1347 5616 56 21 d'an
1416 5617 91 19 coussin
1523 5617 107 20 formant

1374 5640 102 22 ft«-ttenr.

2869 4392 129 37 PRÉSIDE
2998 4398 72 32 NT...
3094 4399 101 32 OBSER
3194 4399 131 32 VATEUR

2857 4461 83 21 Miami
2960 4461 120 25 (Floride),
3112 4463 26 20 28
3169 4463 135 24 septembre.
3335 4473 27 5 —

2830 4486 109 21 L'ancien
2951 4486 118 25 président
3083 4488 66 21 Grau
3161 4488 50 21 San
3223 4488 89 21 Martin
3325 4489 36 20 est

2831 4511 74 21 arrivé
2917 4516 30 16 en
2961 4512 76 25 avion,
3051 4513 88 20 venant
3167 4514 28 22 de
3210 4514 33 19 La
3258 4514 102 19 Havane.

2830 4536 21 21 U
2868 4541 14 16 a
2896 4536 91 21 déclaré
3000 4542 43 20 que
3058 4542 44 16 son
3119 4542 85 20 voyage
3221 4537 58 23 étalt
3297 4538 31 21 dû
3345 4539 15 20 k

2830 4561 41 21 des
2883 4562 90 20 raisons
2993 4562 30 21 de
3036 4562 74 24 santé,
3123 4564 60 20 mais
3204 4564 17 20 11
3244 4568 15 16 a
3281 4563 78 24 ajouté

2829 4591 44 20 que
2886 4586 24 21 la
2927 4586 70 22 durée
3015 4588 28 20 de
3068 4592 42 16 son
3128 4587 77 25 séjour
3223 4587 136 25 dépendrait

2829 4611 28 21 de
2872 4611 24 20 la
2907 4611 114 21 situation
3037 4612 109 25 politique
3163 4612 17 21 à
3192 4613 72 22 Cuba,
3279 4613 31 21 où
3342 4613 17 21 11

2830 4636 67 21 laisse
2913 4637 90 24 prévoir
3019 4637 28 21 de
3066 4642 121 16 nouveaux
3206 4637 94 22 conflits
3319 4642 28 17 ar-

2829 4660 55 22 més.
2900 4672 29 4 —
2940 4662 94 21 Reuter.

2826 4719 229 26 «9696969S96--
3070 4721 41 25 69
3117 4720 240 27 696969696969

2827 4764 99 47 AUX
2959 4762 400 51 RETARDATAIRES

1988 5592 39 21 LA
2042 5594 99 21 COUPE
2158 5593 281 22 GORDON-BENNETT

1739 5618 59 22 dont
1808 5620 25 21 la
1844 5621 77 24 garde,
1934 5627 58 18 pour
2004 5628 34 15 on
2050 5629 107 16 nouveau
2170 5625 74 21 terme
2259 5625 56 20 d'an
2332 5630 39 19 an,
2386 5626 37 21 est
2437 5626 90 23 confiée
2542 5627 17 22 à
2574 5627 25 22 la
2614 5628 107 25 Pologne,
2736 5628 17 22 à

1939 5646 24 21 la
1975 5648 48 20 sait
2034 5654 13 15 e
2061 5650 52 20 delà
2125 5649 94 22 victoire
2233 5650 31 20 dn
2277 5650 78 20 ballon
2370 5658 11 11 «
2396 5651 129 22 Kosctnske
2540 5660 11 11 *

2858 4868 77 27 Ainsi
2952 4879 52 21 que
3017 4879 69 17 nous
3102 4869 39 27 les
3156 4880 35 18 en
3204 4880 86 18 avons
3303 4871 45 26 avi-

2826 4908 51 32 sés,
2901 4909 17 25 à
2942 4907 119 29 diverses
3085 4910 121 30 reprises,
3231 4919 68 17 ceux
3323 4908 34 28 de

2825 4957 51 18 nos
2893 4946 123 28 abonnés
3034 4949 45 30 qui
3097 4947 77 29 n'ont
3193 4959 49 21 pas
3259 4958 98 17 encore

2825 4986 70 32 payé
2912 4985 57 27 leur
2985 4987 136 31 quittance
3139 4986 35 28 de
3192 4986 154 28 renouvelle-

2826 5030 81 25 ment,
2927 5035 34 17 ne
2980 5032 141 20 recevront
3144 5036 49 21 pas
3214 5032 77 21 notre
3310 5036 34 16 nu-

2827 5068 75 26 méro
2918 5067 37 27 du
2974 5068 7 25 1
2989 5078 28 16 er
3030 5067 121 28 octobre.

2848 5111 31 21 Le
2895 5111 87 20 service
2996 5111 30 21 de
3041 5119 11 11 e
3069 5112 35 21 La
3121 5112 111 21 Dernière
3247 5113 76 21 Heure
3343 5123 8 9 .

2822 5138 50 22 leur
2884 5143 53 17 sera
2950 5139 117 25 supprimé
3080 5143 45 21 par
3138 5140 24 20 la
3175 5140 75 24 Poste,
3264 5141 88 24 jusqu'à

2822 5171 25 16 ce
2862 5167 65 25 qu'ils
2943 5167 65 21 aient
3024 5167 101 22 effectué
3139 5172 27 17 ce
3180 5170 131 22 payement.

2847 5195 63 21 Nous
2932 5195 33 21 les
2984 5199 130 20 engageons
3133 5196 16 21 à
3169 5201 25 16 se
3217 5197 84 21 mettre
3322 5201 30 16 en

2821 5221 61 24 régie
2901 5222 128 25 d'urgence,
3046 5223 25 20 et
3089 5223 16 21 à
3123 5228 59 16 noos
3201 5224 60 21 faire
3277 5225 75 21 savoir

2821 5250 67 23 alors,
2902 5255 56 15 sans
2973 5250 86 24 tarder,
3073 5251 48 21 s'ils
3135 5250 102 23 désirent
3253 5254 99 19 recevoir

2820 5282 43 16 nos
2878 5278 111 24 premiers
3005 5278 107 21 numéros
3129 5285 69 19 parus
3214 5286 31 15 en
3260 5281 92 21 octobre

2821 5310 42 20 que
2884 5311 58 15 nous
2965 5306 119 21 tiendrons
3106 5307 16 21 à
3145 5307 50 21 leur
3217 5307 134 25 disposition

2820 5334 105 25 pendant
2940 5334 108 25 quelques
3062 5335 71 24 Jours.

2869 5380 95 32 TROIS
2982 5380 80 32 MOIS
3080 5392 10 20 :
3114 5382 40 30 21
3176 5380 125 34 FRANCS

2846 5424 63 21 Nous
2923 5424 123 24 rappelons
3064 5424 130 25 également
3217 5430 52 20 que,
3293 5431 59 20 pour

2822 5449 49 21 être
2884 5450 100 22 couvert,
2996 5453 56 17 sans
3064 5450 101 21 solution
3179 5451 29 21 de
3221 5452 129 21 continuité

2823 5478 42 20 par
2887 5474 66 21 notre
2976 5482 11 10 «
3010 5475 130 21 Assurance
3161 5476 176 21 Gratuite-Acci-

2822 5498 68 21 dents
2909 5507 10 10 •
2931 5514 4 3 .
2942 5498 97 24 (risques
3056 5499 83 24 prévus
3157 5499 59 22 dans
3235 5501 24 20 la
3277 5501 72 25 police

2822 5527 43 20 que
2879 5527 58 16 nous
2951 5525 83 19 tenons
3047 5524 16 21 à
3076 5524 24 21 la
3114 5523 135 26 disposition
3264 5526 28 21 de
3306 5531 43 17 nos

2822 5547 122 24 abonnés),
2960 5547 18 20 il
2996 5547 98 24 importe
3113 5549 28 21 de
3159 5554 31 18 ne
3207 5554 43 20 pas
3269 5550 80 22 laisser

2819 5578 29 15 en
2865 5577 96 20 suspens
2977 5574 22 19 le
3015 5577 15 15 r
3029 5572 47 24 ègle
3077 5578 23 15 m
3101 5577 13 15 e
3114 5574 28 19 nt
3159 5573 29 22 de
3203 5574 67 22 notre
3287 5576 51 24 quit-

2821 5598 68 20 tance
2906 5597 179 22 d'abonnement
3101 5599 39 23 qui
3157 5601 57 20 vaut
3231 5600 117 25 paiement

2819 5622 28 20 de
2860 5622 81 25 prime.

2820 5652 238 26 >««*e<»S9SS6S
3065 5653 40 26 69
3111 5653 240 29 696969696969

3402 5134 152 23 L'Infirmière
3569 5136 63 22 Mme
3648 5137 101 26 Lacroix,
3765 5139 38 25 qui
3820 5140 64 20 vient

3403 5159 71 23 d'être
3487 5161 129 25 interrogée
3631 5168 29 15 au
3673 5163 62 24 sujet
3749 5164 28 22 de
3792 5164 80 23 l'assas-

3401 5185 63 20 sinat
3493 5186 96 21 d'Oscar
3618 5187 127 23 Dufrenne.
3775 5189 33 22 La
3824 5190 59 23 voici

3401 5211 92 20 sortant
3507 5212 32 20 du
3553 5212 87 22 bureau
3653 5214 29 23 de
3695 5214 24 21 la
3733 5214 72 26 police
3820 5216 50 24 judi-

3549 5238 76 23 ciaire,
3640 5238 16 22 à
3671 5239 72 22 Paris.

3438 5299 65 32 UNE
3521 5301 21 31 B
3543 5302 133 32 AGARRE
3695 5304 22 30 A
3737 5304 95 32 PARIS

3398 5363 73 24 Paris,
3490 5364 27 21 28
3536 5366 136 24 septembre.
3690 5377 28 5 —
3736 5367 52 22 Une
3810 5371 96 24 bagarre

3373 5388 54 20 s'est
3439 5389 106 24 produite
3559 5391 15 20 k
3586 5391 83 24 l'angle
3682 5392 29 20 de
3724 5392 23 21 la
3760 5398 41 17 rue
3814 5395 93 23 restait

3372 5413 25 20 et
3422 5413 29 21 de
3475 5413 26 22 la
3525 5419 40 16 rue
3590 5416 103 25 Pradler,
3716 5419 67 21 entre
3809 5419 97 22 colleurs

3373 5437 123 22 d'affiches
3511 5442 158 22 appartenant
3683 5442 15 21 à
3715 5443 23 20 la
3755 5451 9 10 ■
3781 5443 125 24 Solidarité

3373 5462 116 24 française
3503 5473 8 8 ■
3524 5466 25 19 et
3561 5470 30 15 au
3605 5466 71 20 Front
3688 5471 115 18 commun.

3398 5487 117 21 Plusieurs
3528 5493 70 21 coups
3611 5490 28 21 de
3653 5491 39 21 feu
3705 5494 43 19 ont
3760 5493 37 23 été
3811 5494 56 21 tirés
3880 5494 25 22 et

3373 5515 32 17 un
3419 5513 91 21 ouvrier
3525 5514 90 25 peintre
3631 5520 14 16 a
3660 5515 37 22 été
3713 5517 86 21 atteint
3813 5522 44 22 par
3871 5523 33 17 un

3372 5537 119 24 projectile
3505 5539 14 21 à
3533 5539 24 21 la
3571 5539 46 22 tête
3630 5542 25 20 et
3667 5545 43 20 par
3723 5541 60 22 deux
3796 5544 80 20 autres
3888 5544 16 23 à

3372 5561 136 23 l'abdomen.

3397 5586 22 21 H
3434 5592 17 16 a
3466 5587 38 23 été
3520 5589 132 25 transporté
3669 5590 16 22 à
3700 5590 105 28 l'hôpital
3822 5594 81 21 Saint-

3371 5610 76 26 Louis,
3459 5612 30 22 où
3502 5618 42 16 son
3557 5613 50 21 état
3621 5619 15 17 a
3649 5615 37 21 été
3697 5615 55 26 Jugé
3766 5617 48 21 très
3826 5622 76 21 grave.

3397 5637 66 20 Deux
3477 5639 79 19 autres
3569 5642 125 20 personnes
3707 5642 43 20 ont
3764 5641 36 22 été
3814 5642 75 26 légère-

3370 5660 67 20 ment
3448 5659 107 26 blessées*,
3565 5668 29 9 —
3605 5663 87 21 Hava*,
