4183 5997
3602 41 72 19 *.'■■■:

232 244 303 85 PAR
636 242 125 81 T.
820 244 113 83 S.
994 244 107 81 F.

110 383 165 26 PROGRAMMES
295 382 34 18 DU
349 380 134 19 MERCREDI
503 385 23 17 m
547 380 107 20 FEVRIER

113 441 104 24 Institut
243 433 123 26 National
391 431 82 32 Belge
498 432 33 26 de
556 432 85 26 Radio-

139 472 130 26 diffusion.

108 502 129 23 LOXGUEL'K
258 499 92 19 U'OXDE
360 504 7 14 :
385 500 53 22 508,5
456 504 25 15 m.
499 508 24 6 —
539 500 22 20 P.
579 506 23 13 30
619 500 35 19 kw.

143 528 67 18 Langue
229 524 100 19 "li'K'u'ue.J

134 555 18 12 u
167 549 17 17 h.
201 552 19 15 15
234 546 12 18 -V
262 551 19 16 ij
297 545 19 18 h.
330 549 22 17 45
363 550 5 14 :
383 544 135 23 Météorologie.
532 554 25 5 —
570 546 84 21 Distuc.:.

108 571 87 19 C.'tiohn.
216 573 43 14 ouv.
284 568 121 20 (Beethoven»
411 573 5 16 ;
443 568 25 19 Le
489 568 96 22 Trouvère,
609 570 47 17 ûnt.

109 591 151 23 tVrnli-Tavan);
279 591 32 18 Air
327 591 45 19 dans
388 591 26 18 La
430 591 83 19 Favorite
532 592 110 20 iDonizetti)
648 597 5 16 ;

107 616 73 21 C-prÂce
202 614 61 18 italien
289 613 139 23 iTchaïkotvsky
429 613 10 23 )
442 619 6 17 ;
474 615 79 19 Mélodie
578 616 76 19 (idem);

107 640 58 16 l>.ii>c
185 637 95 22 espagnole
300 642 19 14 n.
341 642 10 17 5
375 637 111 21 (Graoados)
492 643 5 16 ;
521 639 71 19 Pavane
611 643 45 17 pour

106 667 34 12 v.t.c
157 661 68 17 infante
241 660 75 19 déîunte
334 660 75 22 (.Ravci)
415 666 5 16 ;
439 661 68 20 Pelléas
522 665 18 15 et
557 662 99 18 Mélisandc

106 684 94 19 Sicilienne
219 684 77 19 (Taure)
302 689 5 15 ;
327 684 74 18 Sam.-"on
419 687 18 16 et
455 684 41 18 Dali
499 686 16 16 'a
525 690 5 13 :
548 684 109 19 bacchanale

125 706 123 20 baint-Saens)
252 711 6 17 ;
288 706 59 19 ballet
373 706 85 23 égyptien
487 708 104 21 (Luigini);
618 708 38 18 Yca

105 730 52 17 Veux
177 730 76 20 iLuce);
273 730 34 18 Fia
325 730 25 18 du
369 730 49 20 Rêve
439 730 53 22 (id.);
513 731 70 19 Danses
599 731 58 19 slaves

108 753 101 20 (Dvorak).

132 781 19 15 17
166 776 18 17 h.
195 781 6 13 ;
214 776 77 21 Disque;
302 781 5 13 :
321 781 68 14 œuvres
401 776 21 18 de
436 776 90 22 Messager
536 781 5 13 :
555 776 101 22 Véronique

106 797 88 23 C-Jupcts
209 799 78 20 dentié;
306 799 70 18 Duetto
391 799 23 18 de
430 799 50 18 l'âne
496 804 18 14 ei
529 799 36 18 duo
579 799 24 19 de
618 799 39 19 Pet-

105 821 106 22 carpo'ette;
226 822 32 17 Air
269 822 22 18 de
303 822 17 18 la
331 822 61 21 lettre;
407 821 74 22 Isoline;
496 822 92 18 Monsieur
600 822 57 18 Beau-

105 844 47 17 caire
163 850 5 11 :
189 845 17 17 la
224 850 39 13 rsoc
281 850 61 16 rou^e;
369 845 35 18 Les
428 845 47 18 deux
493 845 79 21 pigeons,
590 845 64 20 ballet;

106 866 76 19 Marchr
196 867 84 19 militaire
295 867 117 22 (Schubert);
428 868 74 18 Marche
516 868 93 21 hongroise
625 868 32 21 (K.

107 889 90 21 Ferli.-z-;
219 890 26 18 Le
264 891 59 18 Rouet
341 890 108 23 d'Omphale
470 890 131 23 (SaÎBt-Saens)
605 896 7 16 ;
633 891 25 19 Le

106 912 84 18 chaleur
207 913 69 18 maudit
296 917 8 17 l
305 912 90 23 Franck);
415 914 74 18 Marche
505 914 78 22 Joyeuse
602 914 55 20 (Cba-

106 934 47 18 brier
165 948 5 5 .

134 958 21 16 ïS
170 957 19 18 h.
207 963 20 15 15
238 963 5 13 :
260 958 27 18 Le
301 959 92 21 garagiste,
410 958 78 19 causerie
504 964 32 16 par
552 959 28 18 M.
596 959 62 19 Victor

106 979 29 18 eD
151 980 84 20 Croyere.

133 1003 21 16 ïS
170 1002 19 18 h.
203 1008 24 16 30
237 1008 6 13 :
259 1003 84 22 Disque;.
357 1003 86 21 Musique
457 1003 23 19 de
495 1003 61 20 danfe,

134 1030 20 13 10
175 1025 19 17 h.
216 1030 20 16 15
247 1031 5 12 :
274 1026 33 19 Le>
325 1026 160 18 communications
501 1032 44 13 avec
565 1026 17 19 le
603 1027 54 22 Rhin,

106 1047 80 18 causerir
199 1053 33 16 par
245 1049 28 18 M.
286 1049 62 18 Victor
359 1049 23 18 de
394 1049 95 21 Lavclcye,
502 1051 70 16 avocat.

134 1075 20 12 id
170 1070 19 18 h.
205 1076 24 15 30
238 1075 6 5 "
260 1071 75 21 Journal
348 1071 56 21 parlé.

133 1098 22 12 ;o
173 1093 18 17 h.
202 1098 5 12 :
228 1093 143 21 Mancolinïstes,
388 1094 35 18 dir.
433 1099 6 13 :
459 1094 28 18 M.
506 1094 61 21 Sylvio
587 1095 71 18 Ranifri

110 1114 30 21 (13
163 1116 111 18 exécutants'
287 1122 5 12 :
314 1117 97 21 Tancrède,
432 1122 43 13 ouv.
498 1117 101 22 (Rossinî);
623 1118 37 18 >Ii-

107 1141 65 14 nuetto
196 1139 99 20 (Verracïni
309 1145 5 14 ;
339 1140 25 17 La
387 1140 97 19 Gioctida,
506 1140 74 21 pré'.ude
604 1142 7 18 (
615 1141 45 18 Pon-

108 1160 80 21 c'-iel.i);
209 1161 78 22 Zabava,
305 1162 201 22 intermezzo-pizzicato
524 1164 31 19 (P.
574 1163 83 22 Gilson);

109 1183 96 18 Merri-ia
225 1185 33 17 Mo
265 1185 65 20 covita,
348 1185 56 18 danse
422 1191 49 13 russe
492 1185 58 19 (Dino
567 1187 90 20 Berruti);

108 1205 26 18 La
150 1209 46 15 m-j.1
211 1207 55 18 d'Ase
280 1210 18 16 et
314 1207 54 19 dar.ic
384 1208 83 19 d'Anitra
486 1209 30 18 (E.
533 1209 62 21 GrirtO
601 1215 5 16 ;
625 1210 26 18 Ca-

109 1229 48 20 price
173 1229 80 19 vîennjis
271 1230 108 22 (Kre:s>:);
398 1231 59 18 Ballet
472 1231 23 20 de
510 1231 88 22 Ccppélia
616 1233 43 18 (Dc-

109 1251 62 19 fibes).

135 1279 21 13 ;o
172 1274 18 18 h.
206 1280 22 15 45
239 1280 5 12 :
259 1274 25 19 Le
299 1278 54 19 quart
368 1275 73 20 d'heure
456 1280 84 17 amusant
558 1278 37 20 (M.
611 1277 41 19 Mar-

109 1297 28 18 cel
153 1298 87 17 Antoine)

136 1325 19 12 :i
171 1320 18 17 h.
201 1325 5 12 :
223 1319 92 19 DiifnÂon
330 1320 25 19 du
369 1325 72 16 concert
454 1321 59 20 donné
529 1322 12 19 à
555 1322 104 19 l'Ancienne

111 1341 86 22 Be'gîque
212 1342 22 18 de
250 1343 96 19 Bruxelles.

135 1370 21 13 ;;
174 1365 18 18 h.
203 1371 5 12 :
224 1365 73 21 Journal
313 1366 56 21 parlé.

112 1410 134 19 LONGUEUR
266 1411 94 18 D'ON'DE
370 1417 5 12 :
394 1413 42 20 33?.
438 1417 9 13 j
466 1417 24 13 m.
507 1421 23 5 —
550 1413 20 17 P.
588 1417 22 13 10
626 1412 32 17 kw.

149 1434 69 19 /.;-;*;
235 1433 104 19 iiamanie.)

139 1460 20 13 12
173 1455 19 19 h.
208 1461 20 16 15
242 1456 12 17 à
270 1461 20 16 13
304 1456 20 18 h.
338 1461 23 17 45
371 1461 6 14 :
392 1456 134 22 Météorologie.
539 1465 25 5 —
578 1456 81 21 Disques,

111 1477 26 19 ta
154 1478 85 18 Traviata
248 1483 5 13 :
268 1476 55 20 actes"
333 1479 10 18 l
358 1481 19 17 et
392 1479 19 18 II
429 1480 81 20 (Verdi).

139 1506 19 15 17
176 1501 18 18 h.
205 1506 5 13 :
228 1500 93 20 Diffusion
339 1501 25 19 du
381 1505 71 15 concert
469 1501 58 19 donné
543 1506 33 17 par
592 1501 25 18 les
633 1505 26 12 or*

111 1522 78 21 cbestres
204 1524 22 18 de
241 1524 68 18 l'Hôtel
325 1525 75 18 Atlanta
414 1525 22 18 de
454 1524 94 19 Bruxelles.

139 1547 20 16 18
175 1546 19 18 h.
211 1551 20 16 15
242 1552 5 12 :
264 1547 84 19 Causerie
362 1553 34 16 par
410 1547 28 19 M.
453 1548 21 18 P.
488 1547 52 19 Cools
549 1552 6 13 :
571 1544 87 20 Industrie

112 1568 128 20 chirbonniêie
257 1575 22 13 au
297 1570 103 21 Limbourg.

139 1592 20 17 iS
176 1591 18 19 h.
210 1597 39 16 30:
266 1592 24 19 Di
299 1598 44 16 ques
353 1598 6 13 :
376 1593 83 20 Carmen,
474 1592 45 19 fant.
538 1591 79 21 (Bizet):
635 1589 23 19 Sa

113 1613 54 20 Paîer
183 1615 54 22 kiest;
258 1615 104 20 Reuzclicd;
382 1616 74 18 Marche
472 1619 76 17 cosaque
568 1612 87 22 (Relier);

114 1637 33 17 Les
168 1637 61 19 Poilus
247 1638 25 18 du
295 1643 29 13 icr
342 1638 56 22 Corps
421 1637 145 21 (Dcsrousscau);
589 1636 61 18 Prome-

115 1660 46 17 nade
186 1660 43 18 chez
255 1660 26 20 les
306 1660 103 22 classiques;
439 1661 24 18 Le
488 1660 78 18 Conteur
591 1657 66 19 hindou

116 1682 97 22 (Dreyer):
227 1683 40 19 Une
279 1689 43 13 noce
333 1684 12 18 à
357 1685 44 21 Java
414 1683 90 21 (Trofes);
518 1681 88 20 Ticîland,
618 1681 30 18 fan-

114 1705 51 19 taisie
183 1707 114 19 (D'Aberr.

140 1733 21 16 19
179 1728 20 19 h.
217 1734 24 16 30
251 1734 5 13 :
276 1729 67 19 Chron.
361 1728 87 19 théâtrale
465 1733 32 17 par
514 1727 27 19 M.
559 1725 52 20 Gust.
628 1725 29 18 De

116 1750 83 22 Muynck
215 1755 18 14 et
249 1752 73 21 Journal
338 1752 54 22 par'é.

141 1779 21 13 :c
178 1774 19 18 h.
207 1780 5 12 :
231 1774 88 19 Concerto
334 1780 21 12 en
371 1773 18 19 ré
403 1778 45 17 pour
462 1778 29 13 cor
506 1774 18 16 et
539 1771 54 22 piano
611 1770 45 22 (Jos.

116 1796 85 21 Haydn).
219 1797 63 19 Soliste
291 1803 6 12 :
316 1798 26 18 M.
360 1797 39 18 Van
417 1794 95 20 Bnxstaele.

140 1825 23 12 20
178 1819 19 18 h.
215 1825 21 12 20
246 1826 5 12 :
268 1819 100 20 Intermède
382 1824 32 17 par
429 1819 27 17 M.
472 1818 83 19 Lamoen,
572 1816 85 18 chanteur

116 1841 136 23 humoristique.

142 1870 21 12 20
186 1865 18 18 h.
227 1870 22 16 45
260 1870 5 13 :
289 1864 70 19 Mode-t
380 1863 102 20 Lauwerey;
492 1867 6 13 :
522 1860 135 19 Kindertwaalf-

117 1888 60 17 uurtie
193 1888 34 18 (H.
242 1888 98 17 Heverman
352 1887 16 19 ).

142 1916 20 11 rr
180 1910 19 18 h.
210 1915 5 13 :
233 1910 91 18 Diffusion
341 1909 24 18 du
383 1910 68 17 concert
467 1905 57 20 donné
541 1911 21 12 en
580 1905 17 19 la
614 1905 42 19 salle

118 1932 105 22 Memlinck,
242 1933 11 17 à
272 1933 27 17 An
301 1937 43 13 ver?.

142 1961 21 12 12
179 1955 18 18 h.
208 1961 5 12 :
226 1955 73 22 Journal
312 1954 54 22 parlé.

336 1976 19 21 *
380 1974 18 23 *
422 1974 19 22 *
448 2002 7 8 (

118 2008 400 28 Radio-Conférence-Bruxelles
539 2014 7 17 :
565 2007 47 26 216
625 2015 32 17 m.

144 2049 18 12 iî
182 2044 17 16 h.
219 2049 20 14 15
250 2048 4 12 :
274 2042 101 18 Récréation
394 2041 88 21 déjeuner.
498 2048 25 5 —
541 2044 20 16 13
581 2039 18 19 h.
618 2044 23 17 30
652 2044 4 13 :

118 2066 130 18 Informations.
265 2065 33 17 Les
314 2064 100 21 spectacles.

142 2094 20 11 21
178 2088 18 17 h.
205 2093 6 12 :
229 2087 83 18 Carillon.
326 2085 102 20 Nouvelles.
444 2085 98 19 Actualités
557 2084 101 19 littéraires.

142 2116 18 11 n
178 2111 17 18 h.
212 2115 34 15 15:
264 2109 76 18 Histoire
356 2108 124 22 rétrospective
494 2108 23 18 de
531 2108 127 18 l'automobile.

116 2138 32 15 par
163 2133 26 18 M.
205 2132 80 22 Le'évre,
301 2132 96 20 ingénieur.
413 2140 25 4 —
453 2136 21 13 21
491 2131 19 18 h.
526 2136 39 15 30:
583 2131 76 18 Concert

116 2156 52 17 varie.
185 2164 23 4 —
226 2160 20 12 21
265 2155 18 18 h.
299 2160 22 15 45
332 2160 5 12 :
355 2155 78 20 Analyse
448 2153 22 19 de
487 2154 124 21 Conférencia,
626 2159 34 17 par

115 2178 50 17 Mme
178 2177 109 18 Ph2n2ndre.
299 2186 26 4 —
337 2183 21 12 ai
373 2176 19 19 h.
402 2182 5 13 :
421 2176 73 22 Reprise
506 2177 25 18 du
545 2179 77 16 concert.
635 2185 25 5 —

115 2206 21 12 32
152 2201 18 17 h.
185 2205 22 15 53
217 2206 5 12 :
239 2200 132 18 Informations.

340 2222 21 22 *
375 2222 21 23 £
412 2222 19 22 #

116 2253 193 24 Binche-Radio
324 2261 6 17 :
347 2260 82 22 219,50
442 2261 33 16 m.
489 2252 29 25 P.
531 2259 38 22 0,3
581 2252 50 25 kw.

164 2291 20 15 19
200 2285 17 18 h.
228 2290 5 13 :
249 2285 76 18 Concert
339 2285 79 22 organisé
432 2291 33 16 par
479 2286 18 17 la
511 2285 110 19 R.E.S.E.F.
636 2285 23 19 du

115 2307 72 19 Centre.

334 2331 21 21 *
378 2330 20 23 é
422 2331 20 21 «

115 2364 169 25 Radio-Paris
299 2372 7 17 :
329 2372 57 22 1725
404 2372 34 17 m.
456 2364 29 25 P.
505 2371 43 18 100
566 2365 51 24 kw.

140 2402 10 15 7
167 2401 17 14 D.
201 2402 22 16 45
234 2402 5 12 :
258 2397 82 21 Disques.
355 2406 25 4 —
395 2396 39 19 Sh.:
451 2397 134 18 Informations.
594 2396 68 19 Météo.

141 2425 19 12 12
182 2420 18 17 h.
211 2426 4 11 :
236 2419 108 19 Conférence
354 2425 6 13 :
380 2420 116 19 L'éducation
515 2419 25 19 du
560 2420 78 21 citoyen.

141 2447 19 13 12
180 2442 18 18 b.
216 2447 24 16 30
249 2448 5 13 :
274 2443 82 21 Disques.
374 2442 97 22 Quelques'
482 2442 92 19 fantaisies
588 2448 32 13 sur
637 2442 26 19 les

114 2465 90 18 animaux.

138 2488 29 17 Au
183 2493 51 13 cours
250 2487 23 18 du
291 2489 70 17 concert
371 2492 5 13 :
395 2487 124 18 informations
535 2487 22 19 de
573 2493 66 16 presse.

141 2511 21 16 ïS
181 2510 19 18 h.
218 2516 23 15 30
250 2515 7 13 :
277 2510 127 18 Informations
423 2510 112 19 financières.
553 2510 71 21 Sports.'

142 2538 20 15 19
180 2533 33 18 h.-.
233 2532 108 19 Conférence
358 2538 30 13 sur
404 2533 18 18 la
438 2533 101 19 littérature
554 2531 108 20 allemande:

116 2555 70 20 Gœthe,
203 2556 16 18 le
234 2556 70 18 théâtre
323 2555 81 21 (Faust).

142 2584 20 15 19
178 2579 19 17 h.
210 2584 24 15 30
243 2584 5 13 :
265 2578 83 19 Causerie
363 2578 85 19 médicale
458 2582 6 14 :
480 2577 139 20 Inconvénients
632 2577 31 19 des

115 2601 75 18 insectes
203 2601 85 22 parasites
301 2601 31 19 des
346 2601 83 18 maisons.

142 2629 21 15 19
181 2624 18 18 h.
217 2629 22 16 45
251 2629 5 13 :
276 2624 56 18 Cours
349 2624 138 21 commerciaux;
506 2623 78 22 Journée
602 2623 54 19 écono-

116 2647 61 20 mique
193 2650 18 15 et
225 2647 71 19 sucia.e.
312 2646 134 19 Informations.

141 2675 22 12 30
183 2669 19 18 h.
212 2675 6 13 :
241 2670 84 18 Lectures
347 2669 94 19 littéraires
461 2668 101 23 présentées
582 2674 33 17 par
635 2668 21 18 M

116 2692 57 20 Denis
188 2692 59 19 d'Inès
257 2697 6 13 :
281 2692 55 22 Pages
349 2692 23 18 de
387 2692 72 21 Lesage.

141 2720 23 13 :o
180 2715 19 19 h.
215 2721 24 15 30
249 2720 5 13 :
271 2715 68 21 Spcns.
356 2714 68 19 Météo.
439 2723 26 5 —
481 2719 22 13 20
517 2713 20 19 h.
553 2718 23 18 40
585 2719 6 13 :
609 2713 47 19 Chro-

116 2738 56 21 nique
188 2738 23 18 de
223 2738 21 19 .la
262 2737 61 21 Mode,
340 2743 33 16 par
387 2737 47 19 Mlle
449 2736 47 23 José.

142 2765 22 13 30
180 2760 19 18 h.
213 2765 23 17 45
241 2765 12 13 _■
270 2760 150 18 Radio-concert:
437 2760 25 18 Le
477 2759 72 19 Barbier
564 2758 22 19 de
600 2758 63 19 Séville

120 2783 98 21 (Rossini).

143 2811 21 12 21
182 2806 19 18 h.
219 2810 20 16 15
250 2811 6 13 :
274 2805 62 19 Revue
352 2805 29 19 de.
390 2805 17 18 la
423 2810 63 17 presse.
502 2804 126 19 Informations
644 2805 17 16 et

118 2830 45 16 heur
175 2832 77 14 eexacte.

337 2849 21 22 £
380 2848 21 25 *
423 2848 21 23 «

119 2884 72 25 Tour
210 2884 78 24 Eiffel
302 2892 7 16 :
330 2884 80 28 1445.8
427 2891 33 16 m.
477 2882 29 25 P.
524 2889 28 17 12
568 2882 49 24 kw.

145 2922 21 15 17
182 2917 19 17 h.
216 2921 23 16 45
248 2921 6 13 :
269 2915 72 22 Jou.nal
357 2914 54 22 parlé.
426 2914 133 18 Informations.

144 2940 21 16 ïS
179 2939 18 17 b.
210 2944 24 15 30
243 2943 6 12 :
262 2938 25 18 Le
300 2938 99 20 Magazine.
411 2945 26 5 —
450 2941 21 17 19
485 2937 18 19 h.
517 2941 23 17 sp
549 2942 5 13 :
569 2935 66 20 Météo.

143 2966 21 14 19
179 2961 18 16 li.
209 2966 24 14 30
242 2966 7 11 :
265 2961 46 16 Pour
324 2960 17 17 la
353 2960 87 20 jeunesse.

140 2988 23 11 23
179 2983 18 16 h.
207 2987 6 12 :
230 2982 82 21 C-incert,
328 2982 33 18 dir.
379 2981 81 18 Fiaiuent
470 2987 5 12 :
492 2981 27 18 La
535 2981 36 18 fête
586 2981 29 18 au'
626 2980 26 19 vil-

115 3003 40 22 lage
170 3004 63 18 voisin,
251 3009 41 13 ouv.
310 3004 127 20 (Boie'.dieu';-
449 3004 69 18 Chants
536 3004 77 21 lyriques
628 3008 24 13 an-

115 3027 55 19 ciens,
190 3027 106 17 harmonisés
316 3032 32 16 par
366 3027 18 21 J.
402 3027 44 20 Xin,
466 3026 75 19 chantés
558 3032 33 15 par
609 3027 51 18 Mme

117 3049 101 18 Madeleine
243 3049 92 21 Marsion;
363 3049 85 21 Siegfried
474 3048 48 21 Idyll
551 3049 90 20 (Wagner)
653 3053 6 16 ;

117 3072 112 19 Mantane:a,
246 3072 75 18 Tonada
336 3071 22 19 de
375 3072 23 18 la'
408 3072 128 21 Ninaperdîda,
554 3072 107 20 Granadina,

117 3094 59 18 Canto
191 3094 76 18 andaluz
288 3095 26 21 (J.
332 3095 56 20 N'in),
405 3094 54 18 chant
469 3100 5 12 :
494 3094 51 18 Mme
562 3094 100 20 Madeleine

117 3117 93 21 Mansion;
228 3117 32 18 Pré
267 3117 42 18 udes
321 3121 19 15 et
354 3117 96 20 interludes
463 3117 22 19 de
498 3117 68 18 Pelléas
578 3119 19 16 et
611 3117 36 19 Mél

116 3140 55 18 sande
187 3140 187 21 (Debussy-Branga).

345 3163 19 21 6
380 3162 20 23 *
416 3163 20 22 *
477 3173 5 4 •

117 3193 64 26 Lille
197 3193 193 27 (P.T.T.Nord)
399 3201 7 17 :
425 3194 44 29 265
483 3201 35 17 m.
531 3192 132 31 P.o.skw.

141 3231 20 12 13
179 3225 19 19 h.
214 3231 23 15 30
247 3231 6 12 :
271 3225 82 19 Concert.
369 3234 26 5 —
411 3230 20 17 15
448 3225 19 18 h.
477 3230 7 14 :
502 3225 80 19 Matinée
597 3224 58 19 artisti-

116 3253 41 16 que.
173 3257 26 4 —
217 3254 21 15 19
254 3248 12 18 h
283 3254 5 12 :
307 3248 84 21 Disques.
407 3257 25 5 —
448 3253 21 16 19
487 3248 18 18 h.
511 3266 3 3 .
522 3253 23 16 30
555 3254 5 13 :
579 3248 81 21 Disques.

141 3276 22 12 20
181 3271 18 17 h.
210 3276 5 12 :
234 3271 112 20 Programme
362 3270 82 19 consacré
461 3276 34 12 aux
512 3275 68 14 teuvics
595 3271 22 18 de
634 3271 22 19 Sa-

116 3293 34 19 cha
170 3293 72 21 Guitry,
262 3294 12 17 à
295 3294 93 18 l'occasion
408 3293 24 19 de
451 3292 132 20 l'anniversaire
602 3293 23 19 de
645 3299 19 12 sa

116 3316 91 18 naissance
226 3318 31 18 (.21
276 3316 45 18 févr.
339 3316 54 21 1SS5)
405 3321 6 14 :
431 3316 80 19 Mozart.
520 3317 26 18 (S.
564 3316 66 22 Guitry
645 3319 18 15 et

116 3338 22 19 R.
151 3339 73 21 Ha-hn),
236 3342 39 15 acte
288 3339 17 21 I;
321 3339 25 18 Le
359 3339 46 22 petit
417 3339 83 21 Menuet,
513 3345 33 16 par
556 3339 18 19 S.
588 3340 72 21 Guitry;

115 3364 40 15 acte
176 3362 27 20 II;
226 3362 32 18 Air
277 3367 22 13 ce
320 3363 18 17 la
357 3362 58 22 lettre,
436 3368 33 16 par
488 3362 36 18 Yv.
545 3361 115 23 Printemps;

115 3388 40 15 acte
170 3385 29 18 III
209 3390 6 13 :
231 3385 27 18 air
271 3385 31 18 d;s
317 3385 69 21 adieux,
402 3391 32 15 par
449 3385 35 19 Yv.
501 3385 108 22 Printemps;
628 3385 35 18 De-

116 3406 66 19 bureau
192 3413 6 13 :
216 3407 64 19 Scènes
295 3407 22 19 de
335 3407 104 20 l'interview
456 3408 26 20 (S.
500 3408 66 21 Guitry
583 3411 18 15 et
616 3408 40 18 Mes-

115 3431 59 20 sager)
186 3435 8 14 :
207 3431 36 21 J'ai
258 3431 46 18 deux
318 3433 76 19 amants,
410 3430 36 19 duo
461 3431 22 18 de
498 3431 53 18 l'acte
566 3431 16 21 I,
598 3437 33 16 par
645 3431 16 19 S.

116 3452 65 22 Guitry
198 3456 18 16 et
233 3453 35 19 Yv.
286 3454 108 21 Printemps;
413 3454 86 19 Mariette
519 3454 27 21 (S.
564 3454 65 22 Guitry
644 3458 19 14 et

116 3475 79 21 Strauss)
206 3481 6 14 :
234 3482 17 13 j.
271 3476 55 19 Scène
343 3477 56 18 finale
417 3477 23 19 de
459 3477 54 19 l'acte
532 3477 26 22 II,
570 3481 40 18 'par
627 3477 34 18 Yv.

117 3495 99 26 Printemps
230 3501 19 17 et
261 3499 18 19 S.
293 3499 73 22 Guitry;
383 3505 17 14 3.
413 3499 70 22 Depuis
497 3500 43 18 trois
553 3504 32 15 ans
597 3500 64 22 passés,

116 3521 91 22 réfèsion,
220 3528 33 15 par
266 3522 35 19 Yv.
314 3522 101 22 Printemps
428 3525 20 16 et
460 3523 19 18 S.
493 3522 74 22 Guitry;
583 3523 45 21 Jcj»a
642 3523 21 18 de

116 3544 26 19 La
159 3544 88 19 Fontaine
265 3545 26 20 (S.
309 3545 83 22 Guitry),
409 3548 39 16 acte
465 3545 20 19 II
495 3550 6 14 :
519 3545 36 19 Ahl
576 3550 41 14 mon
633 3551 23 16 pe-

116 3568 23 17 tit
154 3568 93 21 rosignol;
264 3571 40 15 acte
319 3568 36 18 II:
372 3568 48 18 Mais
434 3573 75 16 voyons,
525 3573 139 14 souvenez-vous

115 3589 22 19 de
152 3595 37 14 mes
205 3591 106 21 fiançailles;
328 3591 26 19 Le
369 3591 99 22 pot-pourri
484 3591 73 18 d'Alain
572 3591 89 22 Gerbault,

116 3617 32 17 par
164 3613 35 19 Yv.
217 3613 107 22 Printemps.

141 3640 20 14 21
177 3636 17 18 h.
206 3641 5 13 :
227 3636 61 19 Heure
302 3636 31 19 des
347 3636 96 19 auditeurs.
457 3644 26 6 —
498 3641 21 13 33
534 3635 19 20 h.
564 3641 5 14 :
586 3636 78 22 Disques

119 3657 89 23 (danses).

344 3680 21 24 e
378 3680 22 24 «
414 3681 22 23 m

117 3710 253 32 Radio-Strasbourg
388 3712 29 24 P.
425 3710 31 26 T.
464 3711 31 25 T.
509 3717 8 19 :
544 3717 68 24 345,2
628 3718 27 17 m

141 3748 21 16 19
177 3743 23 20 h,-
211 3749 22 16 4s
244 3749 5 13 :
265 3744 25 18 Di
299 3749 51 16 ques.
362 3752 27 5 —
403 3749 23 13 io
440 3744 19 19 h.
475 3748 23 17 30
508 3749 6 13 :
530 3743 77 19 Concert
616 3748 6 14 :
638 3743 26 18 Le

116 3764 85 23 Corsaire,
215 3771 42 14 ouv.
275 3766 97 22 (Berlioz);
390 3766 92 19 L'Enfant
496 3767 24 18 du
536 3766 66 22 Christ,
617 3766 47 19 suite

116 3789 130 22 symphonîque
267 3789 98 22 (Berlioz);
384 3789 27 19 Le
428 3789 35 18 Roi
481 3789 51 22 Lear,
550 3794 42 14 ouv.
612 3789 45 21 (Ber-

116 3810 53 23 lioz);
191 3812 25 18 Le
236 3812 80 22 Mariage
333 3815 57 15 secret
412 3811 119 22 (Cimarosa);
553 3812 51 19 Suite
621 3811 35 19 afri-

116 3834 50 19 caine
185 3834 105 22 (Lacôme);
309 3834 41 20 Solo
366 3834 24 19 de
406 3839 86 14 concours
508 3840 47 16 pour
571 3834 93 19 clarinette

116 3859 18 15 et
152 3856 53 22 piano
226 3858 118 21 (Messager);
365 3857 51 20 Suite
432 3857 107 19 d'orchestre
559 3857 102 21 (Chamina-

116 3878 40 22 de).
168 3889 24 4 —
206 3885 21 13 32
242 3880 19 19 h.
273 3885 24 17 30
306 3885 6 14 :
328 3880 75 20 Danses.

344 3903 20 21 *
380 3902 19 23 #
415 3902 21 22 #

117 3931 229 27 Radio-Toulouse
360 3941 7 17 :
384 3935 66 28 385,1
466 3941 34 17 m.
514 3933 30 25 P.
556 3934 15 24 8
584 3934 50 24 kw.

142 3969 20 17 17
180 3965 20 19 h.
221 3970 21 17 15
251 3970 8 14 :
279 3965 74 19 Guitare
372 3965 111 19 hawaïenne.
500 3974 27 6 —
546 3970 21 17 ry
586 3965 19 19 h.
623 3969 24 18 30
655 3969 6 14 :

117 3986 147 20 Chansonnettes.
280 3997 25 4 —
323 3993 21 17 17
361 3988 19 18 h.
397 3993 38 17 43:
454 3987 68 23 Opéras
539 3987 105 22 (orchestre)
657 3992 5 14 :

117 4008 97 21 Cavalleria
231 4010 99 19 Rusticana
349 4010 122 23 (Mascagni),
489 4011 55 22 fant.;
564 4010 100 20 Hérodhdc

119 4032 117 23 (Massenet),
251 4033 61 19 ballet.

129 4056 33 17 '18
179 4055 20 19 h.
208 4060 6 14 :
233 4055 101 20 Orchestres
351 4055 59 19 divers
419 4061 5 14 :
444 4054 53 21 Fant.
515 4055 97 23 fougueuse
632 4054 31 21 (E.

118 4075 75 24 Latch);
216 4078 100 22 Printemps
334 4084 24 13 au
376 4079 79 18 ruisseau
474 4078 24 19 du
518 4079 68 18 moulin
606 4078 55 22 (Zim-

117 4100 55 21 mer);
190 4100 73 19 Comme
279 4101 16 19 le
308 4104 44 16 vent
369 4101 67 22 (Dorn)
443 4106 5 17 ;
465 4101 27 19 La
504 4101 55 22 gloire
573 4101 25 19 du
613 4101 43 19 chas-

116 4127 40 14 seur
173 4123 112 23 (Reckling).

134 4145 29 22 .18
183 4146 18 19 h.
226 4151 20 17 15
257 4151 5 14 :
286 4145 66 23 Opéras
376 4146 72 21 (chant)
460 4151 6 14 :
489 4145 91 20 Griselidis
604 4146 51 21 (Mas-

118 4168 57 20 senet)
187 4173 6 14 :
217 4169 22 21 Je
260 4169 39 18 suis
320 4169 79 22 l'oiseau,
423 4169 122 19 Ouvrez-vous
567 4174 32 13 sur
622 4174 41 14 mon

118 4189 46 19 front
183 4191 34 21 ;La
233 4191 110 19 Damnation
359 4191 24 19 de
399 4191 56 19 Faust
473 4192 98 21 (Berlioz);
590 4192 73 18 Devant

118 4211 17 19 la
149 4213 75 22 maison;
243 4214 102 22 Lobengrin
363 4214 90 22 (Wagner)
466 4220 6 14 :
491 4214 52 19 Récit
559 4214 25 20 du
602 4214 59 19 Graal.

142 4236 20 17 ïS
179 4236 18 19 h.
215 4241 23 17 4$
248 4242 6 13 :
274 4237 56 18 Petits
346 4237 98 19 ensembles
453 4243 6 13 :
476 4237 28 20 La
518 4237 55 22 jeune
590 4237 39 19 fille
643 4239 20 16 et

117 4256 18 20 la
151 4262 45 15 mort
215 4259 115 22 (Schubert).

131 4284 4 9 1
143 4284 20 17 19
176 4281 18 19 h.
209 4286 21 17 15
240 4287 6 13 :
261 4281 148 20 Chansonnettes.
420 4291 26 5 —
459 4287 21 17 19
492 4281 20 20 h.
524 4286 23 18 45
557 4287 6 14 :
577 4281 86 23 Musique

118 4301 21 19 de
154 4303 60 20 danse.
229 4313 26 5 —
270 4309 24 14 20
309 4304 20 20 h.
339 4310 6 13 :
363 4304 54 20 Orch.
434 4304 81 19 viennois
523 4309 6 15 :
548 4305 68 18 Parade
632 4304 31 19 des

118 4325 64 19 soldats
196 4327 23 18 de
233 4326 61 22 plomb
312 4327 82 23 (Jessel);
412 4327 26 20 Le
454 4328 64 18 monde
532 4333 36 13 aux
583 4327 73 19 merveil-

119 4346 23 20 les
157 4349 72 20 (Lehar)
235 4355 5 15 ;
257 4349 34 21 Les
305 4355 48 13 roses
367 4350 78 21 (Métra)
451 4355 5 16 ;
473 4350 36 19 Tes
523 4355 47 17 yeux
588 4350 72 20 (Bonin-

119 4372 67 20 eontro)
192 4377 5 15 ;
217 4372 57 21 Songe
291 4372 82 19 d'amour
390 4372 51 22 après
459 4372 17 20 le
493 4373 31 19 bal
542 4372 107 22 (Caibulka)
655 4378 6 16 ;

119 4391 24 20 Le
161 4397 57 18 myrte
237 4395 81 20 d'argent
339 4394 131 22 (Stuhmuler);
491 4395 26 19 Le
537 4396 76 22 mariage
633 4395 31 19 des

119 4415 124 21 marionnettes
263 4417 101 22 (Bathka);
385 4418 53 19 Valse
456 4418 131 22 mélancolique
608 4418 55 21 (Dar-

118 4438 45 21 sin).
182 4448 25 5 —
228 4445 23 13 20
271 4440 19 19 h.
312 4445 24 16 30
344 4445 6 14 :
372 4440 77 19 Concert
458 4446 6 13 :
484 4440 88 20 Sélection
592 4441 23 18 de
636 4442 26 18 La

118 4460 32 20 Vie
166 4462 22 19 de
205 4463 79 18 Bohème
304 4462 102 23 (Pucrini);
426 4463 53 19 Fant.
495 4468 47 17 pour
558 4464 88 19 orchestre
656 4480 4 3 .

119 4483 26 19 On
159 4485 95 22 m'appelle
268 4486 61 20 Mimi;
346 4485 40 23 Que
398 4488 48 17 cette
460 4485 49 20 main
523 4488 28 17 est
565 4486 64 22 froide;
647 4485 16 20 0

119 4506 83 23 défroque
220 4508 16 19 si
254 4508 61 21 chère;
334 4507 17 19 O
367 4507 57 20 douce
441 4508 55 22 Jeune
513 4508 46 23 fille;
581 4510 43 18 Duo
641 4509 23 19 de

119 4527 51 21 Mimi
182 4532 20 17 et
213 4531 23 18 de
248 4531 77 22 Marcel;
340 4531 70 18 Adieux
422 4531 22 19 de
457 4531 60 19 Mimi.

143 4557 20 13 21
181 4553 19 19 h.
210 4558 6 15 :
233 4553 83 19 Concert.
332 4561 27 6 —
375 4558 21 14 23
413 4553 20 19 h.
450 4558 39 17 45:
507 4553 94 20 Orchestre
615 4558 45 18 «ym-

118 4573 90 23 phonique
226 4576 84 19 moderne
319 4580 6 14 :
344 4575 102 19 Nocturnes
464 4576 111 22 (Debussy).

143 4602 22 18 13
181 4598 19 18 h.
208 4603 8 14 ;
232 4597 78 20 L'heure
324 4597 32 20 des
372 4597 98 20 auditeurs.

345 4620 25 23 «.
381 4620 22 23 *
417 4620 21 22 *

123 4648 171 34 Langenberg
306 4658 8 18 :
329 4657 70 24 472,4
411 4658 35 18 m.
458 4651 31 25 P.
501 4657 29 24 17
542 4650 50 27 kw.

145 4687 19 14 11
186 4683 18 19 h.
224 4688 23 17 05
258 4689 5 13 :
284 4683 78 19 Concert
370 4688 7 14 :
400 4682 76 20 Prélude
495 4682 25 19 du
541 4688 22 14 se
581 4685 40 17 acte
640 4682 25 20 du

676 380 68 20 Grillon
760 381 24 20 du
804 382 57 22 Foyer
880 383 124 21 (Goldmark);
1022 383 22 21 O,
1060 383 31 21 jolf
1110 382 42 18 mail
1173 380 47 20 vnbe

677 404 100 22 (Strauss);
802 405 46 20 Ouv.
871 406 22 19 de
916 407 100 18 Sémiramis
1040 405 86 20 iRossini)
1132 410 5 15 ;
1163 404 57 18 Ballet

675 426 90 23 hongrois.
780 428 103 22 (Ailbmt);
906 429 93 21 Cnpiiccio
1017 427 61 21 italien
1100 427 113 21 (Tchaikows-

675 449 45 22 ky);
745 450 144 21 Offenbachiana
914 450 105 23 (Conrad!);
1044 450 128 22 Hajal-Spielc;
1196 449 25 18 La

676 473 58 20 Garde
750 479 24 14 au
792 474 89 22 Bosphore
899 474 79 23 (Pecsi);
995 473 90 25 .Mélodies
1099 473 22 19 de
1136 473 43 21 l'op.
1195 471 26 20 Le

675 501 68 16 pauvre
756 497 90 22 Jonathan
862 496 124 23 (MiHœcker).

701 520 21 18 16
738 519 18 19 h.
766 525 6 14 :
790 521 93 18 Chansons
898 526 42 13 avec
954 520 165 21 accompagnement
1136 517 22 19 de
1174 517 45 18 luth.

701 547 21 16 19
735 542 18 19 h.
766 548 23 16 30
800 548 5 13 :
818 544 98 21 Orchestre,
928 543 59 18 violon
997 548 5 13 :
1017 543 60 17 P.in*c
1088 542 23 17 de
1122 540 27 19 La
1160 540 60 18 Vénus

675 564 68 23 bisque
761 566 104 22 (Wctzlcr);
884 566 87 19 Concerto
986 565 22 18 de
1023 564 59 19 violon
1099 568 21 13 en
1137 562 24 19 mi
1177 561 43 21 min.

679 588 133 21 (Tehaikowski
826 595 5 15 ;
853 589 50 20 Ainsi
922 589 50 22 parla
991 586 114 20 Zarathustn
1125 585 96 21 (Strauss).

701 616 22 13 21
740 611 20 19 h.
777 617 22 17 4s
810 617 5 13 :
834 611 84 24 Musique
934 611 22 19 de
972 611 60 18 danse,

905 642 20 21 *
941 640 19 23 *
976 640 19 22 *

679 677 297 32 Stuttgart-Muhlacker
990 684 6 17 :
1016 677 44 29 360
1077 683 33 17 m.
1127 681 28 24 75
1173 674 48 24 kw.

703 715 10 17 S
730 710 18 19 h.
767 716 29 16 15:
815 710 135 24 Gymnastique

701 739 12 15 9
728 733 27 18 h.:
768 733 87 25 ^Disques.

704 761 20 13 11
742 756 19 19 h.
779 761 31 17 35:
829 755 81 21 Dbqvcs.
927 754 68 18 chant*.

704 779 20 17 16
740 779 19 18 h.
775 784 31 16 05:
824 778 28 19 De
869 776 111 21 Fiancklort:
997 774 98 19 Orchestre.

705 806 21 16 19
744 801 20 19 h.
782 806 31 16 05:
833 801 27 18 De
879 798 111 21 FrancMort:
1010 797 98 21 Opérettes.

703 829 23 13 20
739 824 19 19 h.
773 828 31 18 35:
820 823 91 19 Orchestre

680 880 236 25 Radio-Barcelone
931 884 6 17 :
955 877 67 29 348.8
1036 882 34 18 m.
1085 874 30 25 P.
1129 881 30 18 20
1174 874 48 25 kw.

705 925 21 16 13
741 920 28 18 h.:
784 918 84 22 Musique
880 916 56 22 légère
952 914 97 21 (disques).

705 947 20 16 13
739 943 19 18 h.
771 947 31 15 30:
817 941 75 18 Concert
903 944 33 17 par
949 938 15 18 le
976 941 77 14 sextuor.

705 970 21 16 15
739 965 27 18 h.:
780 964 82 21 Disques.

706 992 21 16 19
743 987 27 18 h.:
786 987 74 17 Concert
875 989 31 17 par
919 983 17 18 le
951 985 34 15 trio
1000 981 24 18 du
1040 983 56 20 poste.

706 1015 21 16 19
746 1010 18 18 h.
781 1014 33 16 30:
833 1008 61 19 Cours,
911 1005 118 20 conférences,
1049 1003 96 19 nouvelles.

704 1038 21 13 ai
744 1033 18 18 h.
778 1037 32 16 05:
829 1031 81 18 Concert.

704 1061 21 12 31
745 1055 27 18 h.:
793 1051 148 20 Radio-Théâtre:
961 1050 26 17 La
1005 1049 36 18 real
1060 1048 57 19 Gant.

705 1083 21 12 2\
744 1077 11 18 h
780 1082 31 13 ic:
830 1075 83 20 Musique
930 1073 22 18 de
969 1072 61 18 d.inse.

895 1096 20 21 *
939 1095 19 22 #
983 1094 20 21 ft

682 1134 131 29 Daventry
834 1132 97 29 (progr.
950 1128 110 27 nation.)
1077 1134 7 18 :
1114 1134 58 25 1554
1190 1135 31 17 m,

711 1166 82 25 Puiss.
807 1172 7 18 :
832 1170 29 23 35
876 1162 49 25 kw*

707 1211 20 12 ia
743 1205 18 19 b.
779 1207 29 19 15:
825 1202 68 22 Sf-rviç,:
909 1201 24 18 du
949 1200 47 22 jour.

707 1233 20 13 10
743 1228 18 18 h.
779 1231 31 16 30:
828 1222 59 25 Signal
904 1223 68 19 horaire
990 1225 17 17 et
1025 1223 109 22 navigation.

706 1255 21 14 10
741 1250 18 18 h.
775 1254 31 16 45:
823 1247 82 19 Causerie
921 1245 90 20 médicale.

706 1278 19 13 12
742 1273 26 17 h.:
786 1271 48 18 Nord
850 1269 83 22 régional.

706 1301 20 15 13
739 1295 18 18 h.
772 1299 29 15 15:
816 1292 67 18 Récital
896 1292 78 20 d'orsue.

706 1323 20 16 14
741 1317 18 18 h.
774 1321 30 16 25:
821 1315 46 19 Pour
881 1315 24 19 les
918 1314 63 18 écoles.

706 1345 20 16 15
743 1339 19 18 h.
779 1343 32 16 30:
830 1338 76 18 Concert
922 1336 138 22 symphonîque.

706 1364 20 16 16
742 1362 19 17 h.
776 1366 31 16 45:
827 1360 84 21 Musique
928 1359 79 22 d'orgue.

706 1390 20 15 17
742 1384 19 18 h.
777 1388 29 17 15:
822 1383 76 18 L'heure
913 1382 31 18 des
958 1383 78 18 eniants.

706 1412 6 13 1
716 1408 10 17 S
749 1407 18 17 h.
791 1411 6 13 :
821 1404 68 23 Météo,
911 1405 97 22 nouvelles,
1030 1410 52 14 cour3
1104 1405 31 19 des
1156 1406 69 19 valeurs

702 1429 80 20 ïbiHcrcs,
798 1433 51 13 cours
864 1427 129 19 commerciaux
1007 1432 19 16 et
1040 1428 126 21 informations
1180 1430 46 21 agri-

680 1453 52 18 cales.

704 1475 20 17 ïS
737 1474 18 18 h.
767 1478 31 16 30:
810 1473 35 18 Les
856 1472 136 20 chefs-d'œuvre
1003 1472 22 20 de
1037 1473 17 19 la
1065 1474 90 22 musique;
1165 1474 60 19 Chan-

700 1502 19 14 M
734 1496 85 22 anglaises
834 1496 63 22 depuis
913 1496 16 18 le
944 1495 50 20 Xlle
1008 1496 53 20 siècle
1076 1497 86 22 jusqu'au
1178 1498 47 18 XXe

678 1519 58 20 siècle.

705 1547 21 15 19
743 1541 19 20 h.
780 1546 32 16 05:
831 1540 83 21 Caverle
932 1541 82 23 agricole.

704 1570 21 15 19
740 1564 19 19 h.
775 1569 32 15 30:
824 1564 90 19 Causerie.

680 1592 22 13 20
723 1587 18 18 h.
766 1592 19 16 15
790 1592 5 13 :
820 1587 60 18 Grand
901 1589 72 17 concert
992 1587 139 23 symphonîque.

703 1615 21 13 22
739 1609 20 19 h.
775 1614 32 17 25:
823 1610 108 21 Navigation
946 1612 19 16 et
981 1615 58 14 cours.

702 1637 22 13 22
741 1631 19 20 h.
778 1637 33 16 30:
829 1632 90 20 Causerie.

703 1660 21 13 32
742 1654 20 20 h.
779 1659 31 17 45:
830 1655 85 22 Musique
932 1655 22 20 de
971 1655 61 19 danse.

719 2644 51 22 Frs.
783 2646 13 19 6

717 2673 34 19 les
770 2675 24 18 20

851 2472 111 38 Dans
981 2469 55 39 les
1054 2469 162 39 Craven

848 2518 104 46 "A,"
991 2520 41 45 je
1071 2526 144 31 trouve

848 2569 182 45 toujours
1075 2565 38 40 le
1176 2590 23 15 m

849 2628 207 26 summum
1064 2613 51 41 de
1159 2605 38 49 /

848 2663 39 39 la
923 2662 164 49 Qualité
1136 2652 37 58 /

1271 232 63 53 Les
1359 230 171 55 Théâtres
1554 231 18 54 à
1590 233 182 54 Bruxelles

688 2720 531 77 CWWEN'M

734 2810 147 18 CIGARETTES
893 2810 120 24 VIRGINIE;
1026 2812 63 18 BOUT
1102 2812 71 19 LIEGE

688 2836 129 30 Fabriquées
828 2837 147 29 spécialement
985 2844 57 23 pour
1054 2846 27 16 ne
1090 2845 43 22 pas
1146 2841 73 23 irriter

903 2866 24 23 la
933 2873 65 20 gorge

692 2898 19 22 C
712 2898 140 23 APRERA5
894 2898 132 27 LIMITED,
1068 2899 146 25 LONDRES.

683 2962 115 27 Londres
814 2956 126 38 Régional
954 2970 7 20 ;
979 2970 68 23 355,9
1060 2971 35 18 m.

705 3008 25 13 io
744 3002 27 22 h..
781 3001 30 23 15":
828 3002 94 21 Daventry
936 2997 95 26 na'tigna]..
1039 2997 31 25 ..".
1078 3018 7 4 .
1094 3005 31 21 '*.,
1144 3016 3 3 .
1154 3013 10 8 .-
1184 3013 5 9 -,
1205 2999 30 23 \-P

707 3029 20 14 u
744 3025 22 18 h.'
780 3030 32 16 30;
828 3025 100 18 Télévision
946 3025 84 22 (procédé
1046 3024 80 23 Baîrd).'

708 3052 21 17 i.»
748 3047 28 20 h.:
795 3047 86 21 Musique
898 3047 79 22 d'orgue.
1017 3065 6 5 .
1048 3052 5 3 "
1070 3051 4 3 "
1139 3060 6 4 •

708 3074 21 13 13
751 3069 20 19 h.
791 3074 31 17 45:
844 3069 77 20 Concert
941 3065 95 23 orchestral
1063 3074 23 14 «
1106 3069 16 19 Ir
1128 3069 101 22 Daventry-

684 3090 84 22 Centre).
1023 3106 6 9 ,
1120 3107 4 3 .
1145 3090 14 19 '.

710 3118 21 17 13
747 3111 20 22 h[
782 3118 32 17 30:
832 3113 76 19 Concert
924 3113 101 23 ojcheâtral.
1063 3132 60 6 ....
1173 3131 14 5 ..
1217 3129 10 7 .,

710 3141 21 17 14
744 3134 21 21 h.
780 3141 30 17 15:
816 3134 86 21 'Concert
916 3133 95 22 orchestral
1027 3134 59 23 (Nord
1098 3135 87 24 régional:
1195 3136 35 20 -Un

684 3158 41 22 jour
737 3158 11 19 à
760 3159 74 22 Naples.

711 3186 21 17 15
748 3181 19 20 h.
782 3187 32 16 30:
830 3178 75 26 Concert
923 3181 103 22 (Daventry
1039 3179 97 24 National)
1138 3188 9 14 ;

712 3209 20 16 17
749 3203 19 20 h.
785 3208 32 17 15:
832 3205 74 17 L'heure
921 3203 31 20 dès
967 3203 79 20 enfants.

712 3227 20 17 18
749 3226 27 19 h.:
793 3226 67 21 Météo,
877 3227 95 20 nouvelles;
987 3232 57 14 cours.

711 3250 21 17 ïS
746 3249 18 19 h.
778 3254 31 16 30:
824 3247 76 21 Concert
914 3253 37 19 par'
960 3250 16 19 le
988 3246 108 26 Sextupr^de
1107 3250 62 19 Victor
1182 3250 48 19 Olof.

711 3275 22 15 îo
750 3271 28 19 h.:
797 3272 110 19 Musîe-ba.l.

710 3299 22 13 3r
749 3293 28 19 h.:
796 3294 78 19 Extraits
888 3295 23 18 de
928 3294 116 19 Rose-Marie'
1055 3297 19 16 et
1091 3295 22 19 de
1130 3294 69 20 Chant'
1206 3295 24 19 du

686 3316 65 19 Désert
769 3317 103 21 (orcha'tre,
890 3322 76 17 soprano
984 3321 28 16 et-
1021 3318 69 22 ténor).

710 3344 21 13 22
749 3339 19 19 h.
785 3344 29 17 15:
834 3340 61 18 Météo
910 3343 18 15 et
944 3340 97 19 nouvelles.
1062 3347 4 8 :

709 3367 21 13 21
744 3362 19 19 h.
779 3367 31 16 30:
827 3362 134 20 Informations.
1140 3375 8 6 .

710 3389 21 13 22
752 3384 19 19 h.
789 3389 33 17 35:
843 3385 85 22 Musique
946 3386 23 18 de
988 3385 54 20 danse
1061 3385 69 23 relayée
1148 3385 24 20 du
1192 3386 39 19 Pic-

685 3407 72 22 cadilly.

902 3429 21 23 «
947 3429 20 24 «
991 3430 21 23 «

686 3477 149 27 Hilversum
849 3486 7 18 :
877 3480 58 29 1875
948 3487 34 18 m.
997 3479 30 26 P.
1040 3480 38 30 8,5
1093 3480 49 25 kw.

709 3519 11 17 6
735 3517 17 19 h.
767 3522 32 17 45:
815 3518 74 19 Culture
902 3517 95 23 physique.

709 3540 11 18 8
737 3540 28 19 h.:
785 3540 84 22 Dhques.

709 3567 12 17 9
736 3562 29 19 h.:
783 3562 75 20 Concert
875 3568 32 17 par
922 3563 17 19 le
955 3563 96 22 quintette.

712 3590 21 13 10
747 3585 28 19 h..*
791 3585 88 19 Emission
895 3586 97 21 religieuse.

712 3612 21 14 10
749 3608 20 18 h.
788 3613 29 16 15:
835 3608 76 20 Concert
930 3609 74 20 (suite).

712 3634 21 14 t3
750 3630 28 19 h.:
797 3630 76 20 Concert
889 3636 33 16 par
939 3631 16 19 le
971 3631 79 20 Sextuor.

712 3657 21 17 14
751 3652 20 20 h.
790 3658 28 15 li*:
839 3653 82 19 Causerie
938 3654 149 22 gastronomique.

712 3680 21 17 15
747 3675 28 19 h.:
791 3675 59 19 Chant
865 3679 19 16 et
899 3676 60 22 piano.

712 3702 20 17 15
748 3697 19 19 h.
781 3702 32 17 30:
830 3698 47 19 Pour
890 3698 26 20 les
930 3699 78 19 enfants.

712 3721 21 17 16
750 3720 19 19 h.
787 3725 30 17 15:
835 3720 83 23 Disques.

712 3743 21 18 16
747 3742 20 19 h.
782 3748 32 16 30:
831 3743 47 19 Pour
892 3744 25 18 les
931 3744 76 20 enfants.

713 3770 20 16 17
752 3765 18 19 h.
789 3769 32 16 soi
842 3765 75 20 Concert
934 3772 32 16 par
984 3766 17 20 le
1017 3766 76 23 Septuor
1111 3769 18 18 et
1147 3767 84 24 Disques.

713 3789 19 16 i.S
746 3787 28 19 h.:
790 3784 83 23 Causerie
886 3788 110 21 instiuctive.

713 3810 21 18 18
747 3810 19 19 h.
779 3813 32 20 jet*
826 3810 75 19 Concert
914 3811 25 20 du
953 3811 80 23 Septuor.
1205 3829 5 6 .
1222 3815 10 23 ■)

701 3845 3 3 ■
712 3837 21 17 19
754 3832 19 20 h.
795 3838 32 16 30:
850 3831 84 28 Musique
955 3834 148 27 contempor^ne,
1124 3848 4 12 ,

711 3860 22 13 30
747 3855 29 20 h.:
792 3855 36 19 Till
843 3856 130 22 Eulenspiegel.

711 3882 21 14 ai
746 3877 19 19 h.
779 3882 32 17 30:
828 3877 107 22 Orchestre.,
1164 3875 72 26 ■...'.

711 3905 22 17 33
753 3900 28 19 h.:
803 3900 134 20 Informations.
968 3896 8 23 ',

710 3927 23 17 33
747 3922 19 19 h.
781 3924 38 21 15:'
826 3920 50 22 Suite
889 3923 22 20 de
925 3925 76 18 concert.
1116 3922 12 19 .'
1201 3937 4 5 .

915 3951 20 23 *
951 3952 20 23 *
986 3952 20 23 *

689 3981 106 27 Huizen
808 3990 8 18 :
835 3984 46 29 298
896 3991 34 17 m.
947 3983 30 26 P.
993 3985 36 29 8,5
1045 3983 49 28 kw.

710 4022 12 19 8
738 4021 19 20 h.
776 4027 30 17 15:
823 4022 85 22 Disques.

712 4049 22 18 19
748 4044 28 20 h.;
793 4043 71 22 Chœur,

687 4067 5 23 '.
713 4073 21 13 10
749 4067 19 20 b.
783 4072 32 17 30:
832 4068 48 18 Pour
892 4067 26 19 les
932 4066 83 20 malades.

713 4095 20 14 11
749 4089 29 20 h.:
794 4089 65 21 Orgue.

689 4117 19 14 ia
722 4112 28 19 h.:
764 4111 147 23 Communiqués.
1109 4123 5 5 •
1134 4120 7 7 *
1159 4124 8 3 -■
1176 4113 4 3 '

711 4137 21 16 ïa
745 4134 20 20 h.
780 4139 31 17 15:
825 4134 83 20 Concert.
924 4148 2 3 .
979 4149 3 4 .

712 4162 21 17 15
752 4157 27 19 h.:
799 4156 83 20 Concert.
1018 4170 3 7 ,
1120 4173 3 4 .
1141 4172 3 3 .
1168 4155 4 12 '
1189 4168 7 9 •>

712 4184 22 17 17
751 4179 28 19 h.:
798 4179 34 20 Les
848 4179 55 19 ondes
918 4179 107 18 enfantines.
1181 4186 19 18 y
1210 4194 3 5 ,

712 4201 65 22 iS.h.:
793 4202 47 18 Tour
854 4202 26 19 les
892 4203 85 22 paysans^
1069 4216 4 8 ,

712 4229 21 17 19
750 4224 28 20 h.:
796 4224 90 19 Causerie.

712 4251 22 17 19
752 4246 19 19 h.
788 4251 33 17 30:
839 4246 152 23 Communiqués.*

711 4274 24 14 30
756 4269 29 19 h.:
809 4269 78 22 Disques
882 4268 3 5 1
887 4283 5 5 .

710 4297 23 13 ai
752 4291 29 20 h.:
802 4290 89 23 Causerie,
903 4295 47 19 pour
968 4292 25 19 les
1011 4293 78 20 parents.
1161 4305 5 5 .
1178 4306 4 3 .

711 4320 22 13 ai
750 4314 19 19 b.
785 4319 33 18 30*.
836 4313 94 21 Causerie.
935 4317 19 16 et
969 4314 78 22 disques.

915 4344 91 21 «**

686 4374 134 31 Budapest
833 4381 8 18 :
858 4380 68 24 550,5
938 4381 35 18 m.
985 4373 30 26 P.
1028 4380 30 24 33
1071 4374 49 24 kw.

709 4414 12 19 8
735 4413 19 20 h.
771 4418 29 18 15:
816 4413 100 21 Orchestre.
1126 4431 4 3 .
1152 4423 5 5 •
1174 4422 6 6 •
1210 4427 7 7 ,

712 4436 22 19 16
754 4436 19 19 h.
795 4441 30 14 10:
847 4436 49 19 Serv.
916 4436 34 19 Int.
970 4435 30 19 des
1021 4441 45 14 ress.
1085 4441 31 13 sur
1133 4436 17 19 le
1169 4436 64 20 niveau

686 4458 31 21 des
734 4464 52 14 eaux.

712 4479 20 21 it
749 4481 28 19 h.:
793 4480 84 20 Carillon,
887 4480 23 19 de
916 4496 3 3 .
924 4479 52 20 midi.
1089 4490 2 2 *
1114 4499 5 4 .

711 4508 21 14 11
747 4503 21 19 h.
782 4508 32 17 05:
831 4503 83 23 Concert.

712 4531 22 17 14
751 4526 21 19 h.
789 4531 32 17 30:
842 4526 59 20 Cours
917 4525 23 20 de
958 4530 62 13 morse.
1140 4524 8 9 '

701 4553 32 17 as
752 4548 29 20 h.:
800 4548 94 19 Diffusion
913 4548 44 20 d'un
975 4547 100 21 feuilleton.

711 4572 22 17 16
746 4571 28 19 h.:
789 4570 118 21 Conférence.
981 4584 20 6 ..
1040 4570 8 6 *
1066 4582 9 10 t
1084 4578 18 13 ■-.-
1118 4578 6 7 *

712 4595 20 16 16
750 4593 19 20 h.
786 4598 33 17 30:
838 4594 61 19 Relais
916 4593 23 19 de
956 4593 18 19 la
990 4592 44 20 ville
1050 4592 23 20 de
1089 4592 49 23 Pecs,
1155 4592 79 23 Hongrie

686 4615 124 20 Méridionale.
1047 4631 6 7 ,

712 4643 21 17 17
749 4639 20 19 h.
774 4638 43 23 '45:
834 4638 57 20 Cours
906 4637 88 20 d'italien.

712 4662 21 17 18
748 4661 19 19 h.
783 4666 30 17 13:
829 4661 85 22 Disques.
1181 4673 19 4 -..
1213 4673 6 3 -

711 4688 21 17 19
746 4683 29 20 b.:
793 4681 110 22 Conférence
918 4683 103 22 technique.

1265 330 150 19 MONNAIE.
1434 339 28 6 —
1480 330 154 23 Aujourd'hui
1653 331 25 18 24
1697 331 92 23 février,

1241 353 14 19 à
1275 353 25 19 20
1320 353 90 21 heures,
1433 359 11 12 4
1466 353 98 19 Camion
1586 360 19 13 ».
1626 363 24 4 —
1670 355 68 19 Jeudi
1759 356 31 20 25,

1242 376 114 23 si'cctaclo
1372 376 16 18 à
1405 376 103 18 bureaux
1526 376 92 21 fermés.
1635 387 26 4 —
1678 379 112 19 Vendredi

1241 394 31 26 SÔ,
1293 399 16 18 U
1328 399 25 18 20
1371 399 91 22 heures,
1484 400 36 18 Ire
1540 401 184 22 représentation
1747 403 43 20 (ra-

1242 422 71 25 pr.ee)
1316 434 6 11 r
1339 422 28 18 do
1385 428 11 13 «
1414 423 32 17 T^a.
1463 422 73 19 Dame
1553 423 101 20 Blanche
1672 431 19 12 r.
1708 434 26 5 —
1749 426 32 19 Sa-

1241 445 61 19 medi
1319 445 32 22 27,
1371 445 14 18 à
1404 445 25 19 20
1447 446 29 20 h.,
1497 447 115 23 spectacle
1631 448 28 18 do
1678 448 54 24 gala
1774 453 16 14 >-

1242 467 54 21 cocé
1313 468 27 18 de
1360 468 22 18 la
1401 468 108 24 présence
1527 470 27 18 de
1573 470 44 19 L*L.
1636 471 54 19 MM.
1709 472 21 19 lo
1763 479 8 11 t

1242 493 22 17 et
1278 491 23 20 la
1314 490 80 24 Reine,
1409 495 54 18 sous
1478 492 24 19 la
1515 492 111 21 direction
1641 495 27 19 de
1683 494 107 28 l'auteur,

1242 515 30 19 M.
1294 515 73 18 Henri
1388 515 106 22 Rabaud,
1515 517 25 18 et
1560 521 57 15 avec
1638 517 22 20 le
1680 523 111 14 concours

1242 538 26 18 de
1287 538 30 18 M.
1335 534 188 29 RogatcheVgky,
1542 540 48 19 ICOo
1608 541 182 24 représentation

1242 561 14 18 â
1278 561 127 21 Bruxelles,
1429 561 27 19 de
1479 568 12 13 a
1512 562 100 25 MorouX,
1635 565 105 20 Savetier
1761 566 30 19 du

1242 584 67 18 Caire
1327 590 20 13 ».
1365 593 27 5 —
1408 584 128 21 Dimanche
1554 586 31 24 28,
1604 592 28 15 en
1650 589 107 23 matinée,
1776 589 15 20 à

1243 607 23 19 H
1279 607 15 19 h
1325 613 13 13 «
1352 607 81 23 Rayon
1448 608 41 19 des
1503 610 98 19 Soieries
1616 617 20 15 »,
1651 618 12 12 «
1677 612 44 19 Les
1737 613 43 18 Pré-

1243 631 89 18 cieuses
1346 631 117 20 Ridicules
1480 638 11 12 »
1508 634 24 18 et
1548 640 11 12 «
1576 634 34 19 La
1625 635 66 20 Boîte
1706 641 15 14 u
1736 636 44 19 Jou-

1241 654 57 22 joux
1317 660 19 12 ».
1355 654 32 18 Le
1407 654 54 19 soi-,
1481 656 16 19 à
1515 656 26 20 20
1560 657 30 22 h.,
1611 664 12 13 «
1643 659 35 18 La
1697 659 94 19 Chauve

1243 676 78 19 Souris
1337 682 19 13 ».
1372 686 26 5 —
1413 678 75 19 Lundi
1503 679 31 22 29,
1550 680 15 19 à
1580 681 24 19 20
1618 682 22 19 h.
1656 682 31 23 30,
1704 683 36 18 Ire
1763 686 27 14 -e-

1244 699 156 23 préExntation
1427 703 113 19 (citation
1564 708 29 15 en
1618 704 85 24 langue
1727 706 64 18 ftwr-

1243 722 81 23 çaise),
1348 723 28 18 do
1399 729 12 14 «
1433 725 113 20 Wozzeck
1568 733 20 13 ».
1609 737 27 5 —
1657 728 76 20 Mardi
1756 730 36 17 1er

1243 750 45 13 m.-)
1294 750 19 15 s.
1332 746 15 18 à
1364 747 25 19 20
1405 747 31 20 h..
1455 754 12 13 «
1484 749 88 20 Lakmé
1590 757 19 13 ».

1267 769 86 19 PARC.
1373 779 28 5 —
1419 770 33 22 Co
1473 772 48 19 soir
1541 774 117 21 mercredi,
1681 774 110 24 première

1243 791 14 18 à
1270 791 105 20 bureaux
1388 793 85 20 fermés
1488 795 27 19 de
1529 802 12 13 «
1554 797 54 19 Mon
1620 798 54 18 Ami
1687 798 79 23 Teddy
1780 804 10 13 »

1243 819 27 14 ue
1285 815 93 19 Rivolre
1394 817 24 19 et
1433 818 112 23 Besnard,
1560 825 58 14 avec
1633 822 80 22 Henry
1728 822 64 18 Hou-

1244 841 27 20 ry
1293 839 24 18 et
1341 839 128 21 Madeleine
1493 842 106 23 Brévllle,
1623 844 40 23 qui
1686 848 30 15 ne
1739 848 53 15 sera

1243 861 66 22 jouée
1328 866 43 19 que
1390 863 110 25 jusqu'au
1519 866 37 19 1er
1574 871 70 15 mars.
1662 877 27 4 —
1707 867 35 19 La
1760 867 22 19 lo-

1242 884 78 19 cation
1339 886 91 19 s'ouvre
1448 887 92 21 demain
1560 894 57 19 pour
1636 896 11 12 «
1666 890 77 19 Pierre
1762 894 29 14 ou

1243 907 60 19 Jack
1318 914 19 17 »,
1351 913 58 15 avec
1423 910 61 20 Jane
1497 913 136 19 Renouardt
1646 914 25 19 et
1684 913 108 19 Fernand

1244 930 98 24 Gravey.

1268 955 178 21 ALHAMBRA.
1466 967 26 5 —
1512 958 47 20 Des
1578 958 96 19 milliers
1694 959 27 19 de
1743 963 40 20 per-

1244 981 84 15 sonnes
1345 979 42 19 ont
1403 979 103 21 acclamé
1524 982 88 19 samedi
1629 983 24 18 et
1671 982 121 19 dimanche

1244 1000 23 18 la
1284 1000 113 21 luxueuse
1413 1007 71 16 revue
1503 1010 12 13 «
1533 1005 34 23 Ça
1585 1005 99 21 r'mont©
1701 1011 20 16 »,
1739 1008 42 16 con-

1245 1026 96 18 sacrant
1364 1026 61 19 ainsi
1448 1027 25 19 la
1497 1028 123 23 splendeur
1643 1029 28 18 de
1695 1032 40 15 ses
1758 1027 25 19 ta-

1245 1046 91 22 bleaux,
1359 1048 89 25 l'esprit
1468 1050 29 19 de
1518 1055 37 14 ses
1578 1051 115 21 sketches,
1714 1050 22 20 le
1756 1051 27 18 ta-

1244 1069 48 23 lent
1311 1071 13 18 d
1326 1079 14 14 e
1359 1076 38 15 ses
1416 1072 97 20 artistes
1531 1075 25 17 et
1575 1074 23 19 la
1618 1073 126 24 perfection
1765 1074 27 18 de

1244 1093 141 21 l'orchestre.
1407 1096 110 19 Location
1538 1097 27 18 de
1587 1097 24 18 10
1630 1097 15 18 â
1666 1097 24 18 19
1709 1097 83 18 heures

1247 1117 48 21 (tél.
1313 1118 109 21 17.0-i.16).

1268 1140 180 21 CAiF-TJCINES.
1470 1152 27 4 —
1518 1142 33 19 Lo
1573 1146 106 15 nouveau
1702 1141 80 24 specta-

1243 1162 36 19 cle
1299 1169 12 13 «
1329 1164 72 19 Fleur
1419 1166 128 22 d'Oranger
1567 1171 10 12 »
1597 1165 37 18 est
1653 1169 45 14 une
1718 1163 63 19 comé-

1246 1186 34 20 die
1303 1187 48 19 très
1373 1190 124 17 amusante
1519 1189 24 20 et
1564 1188 31 18 du
1618 1187 105 19 meilleur
1744 1187 48 18 ton.

1245 1209 50 19 Elle
1316 1211 36 18 est
1373 1211 65 23 jouée
1460 1216 57 14 avec
1538 1211 119 22 beaucoup
1677 1209 115 19 d'entrain

1246 1237 42 18 par
1307 1233 148 20 d'excellents
1475 1234 95 18 artistes
1591 1234 68 22 qu'on
1679 1237 29 14 ne
1729 1236 63 15 cesse

1246 1256 151 26 d'applaudir.
1416 1257 47 19 Tél.
1482 1257 93 18 12.39.63.

1272 1278 157 21 GALERIES.
1445 1289 26 5 —
1487 1280 36 18 Du
1540 1280 24 17 24
1581 1283 29 14 au
1627 1278 30 21 26,
1675 1277 107 24 représen-

1247 1302 74 19 tation
1346 1303 31 19 du
1403 1303 99 19 Théâtre
1528 1301 110 20 National
1663 1300 129 24 Populaire,

1247 1329 58 15 avec
1329 1326 82 19 Albert
1437 1325 117 20 Lambert.
1581 1324 100 21 Ledoux,
1708 1323 85 19 Berthe

1246 1348 65 24 Bovy
1325 1350 24 18 et
1363 1349 120 19 Henriette
1498 1349 110 18 Barreau.
1623 1357 27 5 —
1663 1346 92 20 Samedi
1770 1346 23 18 27

1246 1372 23 18 et
1284 1367 119 24 dimanche
1418 1372 24 19 28
1459 1376 6 14 :
1482 1377 12 13 «
1507 1371 162 19 L'Arlésienne
1683 1375 20 14 ».
1716 1378 27 5 —
1756 1368 37 20 Du

1247 1395 37 18 1er
1297 1395 31 18 aii
1343 1395 24 18 13
1381 1399 62 15 mars
1462 1399 6 14 :
1484 1394 108 24 Spinelly.
1606 1403 27 5 —
1646 1393 34 19 La
1694 1392 99 19 location

1247 1418 35 18 est
1300 1418 101 18 ouverte.

1273 1441 144 20 MOLIERE.
1441 1450 27 5 —
1490 1439 64 20 Allez
1578 1438 122 25 applaudir
1724 1443 12 13 <
1759 1438 34 18 La

1247 1463 72 19 Dame
1341 1468 48 14 aux
1410 1463 115 19 Camélias
1548 1469 19 15 »,
1590 1460 203 26 impeccablement

1246 1486 145 23 représentée
1412 1491 42 19 par
1471 1487 30 18 M.
1521 1485 95 20 Charles
1635 1484 116 20 Schauten
1770 1484 24 18 et

1246 1510 87 19 Hélène
1353 1510 81 22 Tossy.

1272 1533 204 19 VAUDEVILLE.
1498 1541 27 4 —
1547 1531 19 19 Il
1590 1530 53 19 faut
1664 1529 59 19 aller
1744 1528 50 19 voir

1248 1555 103 19 Darman
1377 1556 59 20 dans
1462 1562 11 12 «
1499 1555 43 19 Ces
1568 1554 124 18 Messieurs
1717 1552 28 19 de
1771 1551 23 19 la

1247 1578 112 22 Santé»;
1378 1579 57 18 c'est
1453 1582 32 15 un
1503 1576 114 25 spectacle
1635 1576 110 19 amusant
1762 1579 31 14 au

1248 1601 105 23 possible.

1271 1624 121 19 PATRIA.
1404 1633 27 5 —
1442 1624 62 18 Pour
1516 1627 41 15 son
1570 1622 24 19 4c
1608 1620 113 25 spectacle
1735 1619 47 20 clas-

1247 1647 72 23 sique,
1338 1647 23 19 la
1379 1647 27 19 G.
1424 1647 25 19 C.
1467 1647 28 18 A.
1513 1646 26 19 T.
1558 1646 102 18 donnera
1678 1644 21 19 le
1716 1644 25 19 2S
1760 1643 23 19 fé-

1248 1671 66 20 vrier,
1336 1674 28 15 en
1385 1669 106 22 matinée,
1512 1669 15 19 à
1547 1668 25 19 11
1591 1669 22 18 h.
1633 1666 43 23 3/4,
1697 1667 24 19 la
1742 1667 51 23 plus

1246 1693 111 18 ancienne
1371 1692 40 19 des
1424 1693 77 18 farces
1514 1692 30 18 du
1558 1690 138 23 moyen-âge
1713 1690 70 23 (adap-

1247 1716 73 19 tation
1341 1716 27 18 de
1389 1716 89 22 Brueys
1498 1715 24 19 et
1542 1714 130 23 Palaprat),
1698 1717 6 15 :
1727 1719 11 12 «
1759 1714 33 17 La

1246 1739 72 18 Farce
1333 1739 27 18 de
1375 1738 106 20 l'Avocat
1495 1737 106 19 Pathelin
1617 1744 19 14 »,
1651 1741 57 14 avec
1723 1736 69 18 Louis

1247 1762 99 20 Gazeau,
1368 1763 28 19 A.
1418 1760 171 20 Braeckevalle,
1612 1759 78 19 Pierre
1713 1759 79 21 Boine,

1246 1785 30 19 du
1293 1785 90 22 théâtre
1400 1784 73 19 Sarah
1491 1783 136 20 Bernhardt.
1645 1783 60 18 Mme
1723 1782 69 19 Bian-

1246 1813 28 13 ca
1290 1808 74 19 Conta
1380 1807 77 19 Boine.
1474 1806 110 19 Location
1600 1806 31 21 53,
1648 1810 41 14 ruo
1704 1805 88 23 Royale

1247 1832 23 18 et
1287 1831 31 19 23,
1338 1835 40 14 rue
1396 1830 30 19 du
1445 1829 93 19 Marais.

1270 1853 268 20 FOLIES-BERGERE.
1558 1861 27 5 —
1603 1851 154 23 Aujourd'hui
1777 1851 15 19 à

1246 1877 24 19 20
1291 1877 30 21 h.,
1345 1882 11 13 «
1379 1875 177 20 Czardavorstin
1579 1881 12 12 »
1616 1875 80 19 (.Reine
1719 1875 28 18 do
1769 1875 24 18 la

1246 1900 107 19 Czarda),
1372 1899 103 23 opérette
1494 1903 27 14 en
1540 1898 13 18 3
1571 1897 63 19 actes
1654 1898 28 18 de
1700 1898 92 19 Emme-

1246 1923 49 18 rich
1316 1921 108 21 Kalman.
1447 1921 76 19 Soirée
1546 1921 27 18 de
1596 1921 54 22 gala
1672 1925 30 15 au
1725 1920 57 19 béné-

1246 1946 44 18 fice
1311 1946 28 18 de
1362 1945 61 18 Mme
1445 1944 28 19 El
1475 1945 47 18 vire
1545 1944 78 18 Block.
1646 1954 25 4 —
1694 1944 97 19 Demain

1245 1969 69 23 Jeudi,
1337 1968 109 18 dernière.
1468 1977 27 4 —
1516 1967 113 19 Vendredi
1651 1967 25 19 26
1698 1967 93 22 février,

1247 1991 109 21 première
1376 1991 27 18 de
1424 1997 11 12 «
1456 1990 125 19 Frederika
1602 1996 18 15 :>,
1640 1990 104 23 opérette
1764 1994 28 15 eu

1245 2015 12 18 3
1270 2014 62 18 actes
1347 2014 27 18 de
1388 2014 86 18 Frantz
1488 2013 82 22 Lehar,
1585 2017 57 15 avec
1656 2013 68 19 Ninie
1737 2014 56 19 Ver-

1245 2038 101 17 schoore.

1269 2060 143 19 THEATRE
1428 2059 103 19 ROYAL
1546 2059 157 21 FLAMAND.
1719 2069 27 5 —
1761 2059 32 20 Ce

1245 2083 46 18 soir
1304 2083 15 18 à
1332 2083 25 18 2*0
1370 2083 29 21 h.,
1416 2088 11 13 t
1442 2082 80 18 Banke
1538 2082 125 19 Slavinnen
1678 2088 19 16 »,
1713 2082 79 19 drame

1245 2111 28 13 en
1286 2108 12 18 7
1310 2105 111 19 tableaux
1434 2105 27 18 de
1476 2105 69 19 Bonis
1559 2105 136 19 Charancle.
1708 2115 27 5 —
1748 2105 34 19 De-

1245 2129 62 18 main
1346 2128 69 22 jeudi.
1455 2128 111 19 dernière.
1586 2138 27 4 —
1651 2129 110 18 Annoncé
1785 2133 6 13 :

1246 2159 11 10 «
1271 2151 80 22 600,000
1364 2151 83 19 franks
1461 2156 41 19 per
1514 2151 85 19 maand
1613 2157 19 16 »,
1646 2151 28 20 de
1687 2152 106 22 Mouezy-

1244 2175 57 18 Eon.

1270 2197 111 22 CIRQUE
1397 2197 113 19 GLEICH
1527 2197 78 19 CFIace
1619 2197 27 19 de
1661 2197 93 21 l'Yser).
1768 2207 26 4 —

1245 2220 62 18 Pour
1329 2219 30 19 le'
1372 2220 128 23 chauffage
1523 2220 29 19 de
1573 2225 27 14 ce
1624 2220 98 19 colossal
1746 2220 37 19 éta-

1247 2243 142 22 blissement,
1416 2243 39 23 qui
1479 2243 98 19 -ouvrira
1603 2248 37 14 ses
1668 2244 77 23 portes
1772 2244 21 18 le

1245 2266 24 18 26
1282 2266 103 21 courant,
1400 2266 16 18 il
1429 2271 28 14 ne
1471 2266 54 22 faut
1538 2271 42 19 pas
1593 2267 75 18 moins
1682 2267 27 19 de
1723 2266 71 20 douze

1245 2289 249 23 wagons-chaudières.
1534 2289 79 21 Aussi,
1652 2289 34 20 les
1725 2290 70 21 12,000

1244 2312 144 23 spectateurs
1409 2316 45 19 que
1475 2312 56 23 peut
1550 2312 105 19 contenir
1675 2313 21 19 le
1715 2313 78 27 cirque

1245 2335 92 19 sont-ils
1352 2330 103 25 certains
1468 2335 72 19 d'être
1554 2336 16 19 à
1584 2335 68 20 l'abri
1666 2335 40 20 des
1721 2336 73 19 froids

1245 2358 33 19 les
1297 2358 51 23 plus
1366 2358 109 19 Intenses.

1271 2382 115 22 CIRQUE
1410 2380 177 23 SARRASANI
1616 2383 51 20 (rue
1692 2381 100 20 Blrmln-

1246 2405 76 19 rl.am,
1341 2405 74 20 trams
1432 2405 31 20 20.
1482 2405 31 20 60.
1532 2405 31 22 76,
1581 2405 31 23 77,
1631 2405 22 19 N
1671 2405 24 20 et
1712 2405 38 19 D.)
1769 2415 27 4 —

1246 2428 61 18 Tous
1325 2427 34 19 les
1377 2428 58 19 soirs
1453 2428 15 19 à
1487 2429 24 18 19
1527 2428 22 20 h.
1568 2428 31 23 30,
1618 2428 81 19 succès
1716 2428 68 19 triom-

1246 2451 60 23 phal.
1326 2451 114 19 Matinées
1459 2451 142 21 dimanches,
1621 2451 76 23 jeudis
1714 2450 27 21 et
1758 2456 26 14 sa-

1245 2475 74 18 medis
1341 2475 14 18 à
1377 2474 25 19 14
1422 2475 22 19 h.
1465 2475 31 19 30.
1519 2474 142 24 Demi-place
1683 2479 58 19 pour
1762 2474 33 19 les

1246 2497 177 21 sous-officiers,
1442 2497 95 21 soldats,
1555 2497 101 20 enfants.
1672 2508 27 4 —
1714 2498 32 19 Le
1762 2498 23 18 di-

1246 2521 104 22 manche,
1364 2521 28 19 de
1403 2521 13 19 9
1428 2521 23 19 h.
1465 2521 25 19 30
1501 2521 15 19 à
1528 2521 24 19 12
1565 2522 31 21 h.,
1608 2521 68 19 visite
1689 2521 41 19 des
1743 2520 41 19 écu-

1246 2544 45 19 ries
1307 2545 26 18 et
1348 2544 139 24 ménagerie,
1505 2544 73 22 grand
1595 2544 93 20 concert
1704 2544 24 19 et
1745 2543 39 25 pré-

1246 2567 116 19 sentation
1380 2567 41 19 des
1440 2567 86 19 Indous
1544 2567 23 20 et
1586 2568 77 19 Sloux.

1271 2590 109 20 PALAIS
1401 2591 98 19 D'ETE.
1520 2601 27 5 —
1567 2591 35 19 La
1623 2597 11 13 «
1655 2592 79 18 Revue
1756 2590 40 19 des

1246 2613 106 24 Poupées
1370 2620 19 14 »,
1408 2614 47 19 fait
1472 2613 83 20 défiler
1573 2619 45 14 une
1637 2613 81 24 troupe
1736 2614 51 18 d'ar-

1246 2636 67 21 tistes
1334 2637 107 23 parfaits.
1462 2637 64 20 Puis,
1546 2637 114 19 revenant
1678 2640 48 15 aux
1745 2641 40 16 pro-

1248 2660 102 23 portions
1375 2660 102 22 exactes,
1502 2660 58 19 c'est
1584 2660 133 19 l'ensemble
1742 2660 54 18 d'un

1249 2683 145 23 Drogram'me
1412 2683 164 19 remarauable'
1594 2683 40 24 qui
1652 2683 70 19 défile
1742 2687 54 15 sous

1248 2706 33 19 les
1300 2710 62 20 yeux
1380 2706 42 20 des
1441 2706 152 24 spectateurs.

1251 2773 180 39 TABLEAU
1453 2774 73 38 DES
1547 2773 247 39 SPECTACLES

1349 2854 160 20 MERCREDI
1524 2855 24 18 24
1563 2855 136 18 FEVRIER

1249 2885 113 19 Monnaie.
1380 2895 27 4 —
1423 2885 24 19 20
1463 2885 22 18 h.
1522 2891 11 12 «
1551 2885 98 19 Carmen
1667 2892 18 12 ».

1249 2915 66 20 Parc.
1329 2925 27 5 —
1369 2915 25 19 20
1407 2915 23 19 h.
1445 2915 34 19 30:
1496 2920 12 13 «
1523 2921 12 12 *
1549 2915 53 19 Mon
1617 2915 52 19 Ami
1685 2915 78 23 Teddy
1778 2921 19 12 ».

1250 2938 110 20 Galeries.
1377 2948 26 4 —
1419 2938 24 19 20
1460 2938 22 19 h.
1499 2938 25 19 30
1545 2942 6 15 :
1570 2944 12 13 «
1600 2938 39 19 Ma
1656 2938 97 19 Cousine
1771 2939 26 18 de

1274 2961 112 19 Varsovie
1404 2967 21 14 ».

1250 2987 134 23 Âlhambra.
1401 3000 26 6 —
1445 2990 24 20 20
1486 2990 15 19 h
1526 2990 35 20 30:
1581 2996 12 14 «
1610 2987 34 27 ÇÀ
1661 2991 99 19 r'monte
1777 2997 20 13 ».

1252 3014 140 19 Vaudeville.
1406 3023 27 6 —
1446 3014 25 19 20
1485 3014 22 19 h.
1522 3014 25 19 30
1565 3018 6 15 :
1588 3018 12 15 *
1615 3013 43 20 Ces
1673 3013 124 20 Messieurs

1272 3035 35 21 dt*
1318 3037 24 19 la
1359 3036 72 20 Santé
1448 3045 19 12 ».

1251 3065 100 20 Molière.
1365 3076 25 4 —
1404 3066 25 20 20
1442 3066 23 19 h.
1480 3066 34 19 30:
1531 3072 12 13 <
1557 3066 34 19 La
1605 3066 74 20 Dame
1693 3071 47 14 aux
1755 3066 34 20 Ca-

1275 3089 82 21 mélias
1375 3097 20 13 ».

1252 3119 136 22 Capucines.
1406 3128 28 6 —
1463 3118 24 21 20
1505 3119 23 20 h.
1546 3118 26 21 30
1594 3123 7 16 :
1635 3125 10 13 €
1665 3119 33 19 La
1729 3119 70 19 Fleur

1276 3141 129 24 d'Oranger
1423 3148 20 14 ».

1252 3171 100 22 Théâtiv
1363 3172 75 22 Royal
1450 3172 121 19 Flamand.
1583 3181 27 6 —
1621 3172 24 20 20
1656 3172 23 19 h.
1696 3176 7 15 :
1718 3172 82 20 «Blan-

1276 3194 30 20 ke
1323 3195 126 19 Slavinnen
1466 3201 20 14 ».

1253 3226 75 18 Folles
1333 3224 115 24 -Bergère.
1470 3234 26 6 —
1518 3224 25 20 20
1563 3224 25 21 h.
1614 3229 7 15 :
1646 3224 153 21 Czardasror-

1277 3248 47 20 stin
1344 3254 19 13 ».
1388 3261 3 4 .

1253 3277 79 20 Palais
1349 3277 74 20 d'Eté.
1440 3287 26 6 —
1482 3277 25 20 20
1523 3277 23 20 h.
1563 3278 31 20 30.
1613 3278 34 19 La
1664 3278 79 19 Revue
1760 3278 39 19 des

1278 3300 111 23 Pouoées,
1404 3300 35 19 les
1454 3301 12 18 3
1482 3300 112 24 Manleys,
1610 3301 99 20 Vincent
1724 3301 23 19 et
1763 3301 36 19 FI-

1277 3323 32 24 lip
1328 3324 24 21 et
1372 3325 19 18 V
1413 3323 111 20 vedettes.

1253 3352 83 24 Cirque
1355 3353 122 19 Sarrasani
1498 3354 51 20 (rue
1568 3353 28 20 de
1615 3353 170 23 Birmingham)
1793 3357 6 15 :

1277 3376 25 19 19
1321 3376 22 19 h.
1363 3376 25 19 30
1400 3381 6 14 :
1428 3376 118 24 Spectacle
1567 3377 70 19 varié.
1658 3375 101 21 Matinée
1779 3377 21 18 le

1277 3399 70 23 JeUdi,
1369 3399 20 19 le
1410 3399 88 20 samedi
1526 3400 25 19 et
1579 3400 21 19 le
1627 3400 128 23 dimanche,
1785 3400 16 18 à

1277 3422 25 19 14
1319 3422 23 20 h.
1361 3422 31 20 30.

1872 151 128 23 NATION
2018 148 112 29 BFXGE,
2149 152 28 22 24
2194 151 145 24 FEVRIER
2357 151 60 22 1932

1839 226 63 38 Les
1933 227 152 38 Cinémas
2115 227 20 37 à
2166 229 171 39 Bruxelles

1840 304 104 20 PLAZA.
1960 315 24 3 —
2001 303 71 20 Mario
2089 303 69 25 Glory
2173 306 58 22 dan»
2248 314 11 13 <
2275 308 34 20 Tu
2326 313 33 15 ^*-

1816 331 38 15 ras
1874 329 117 18 Duchesse
2010 331 22 17 »;
2053 331 11 13 «
2083 326 34 19 La
2135 328 139 25 Symphonie
2292 332 28 19 de
2339 331 22 19 la

1816 350 68 22 Forêt
1902 352 81 22 Vierge
2004 359 13 12 >*
2034 358 25 4 —
2075 349 102 22 Enfants
2193 358 44 14 non
2255 354 81 20 admis.

1842 380 103 20 SCALA.
1971 391 26 4 —
2022 380 60 21 Suzy
2107 380 91 22 Vernon
2224 384 25 20 et
2273 385 89 19 Roland

1815 403 97 20 Toutain
1933 405 57 18 dans
2010 410 10 11 «
2040 402 33 18 La
2091 403 93 21 Femme
2204 406 27 19 de
2250 412 49 15 me»
2317 409 34 18 Rê-

1816 429 39 16 ves
1877 433 11 13 »
1910 427 50 19 film
1982 425 92 26 parlant
2095 426 110 25 français.

1840 457 120 20 SELECT.
1981 466 26 5 —
2027 454 72 20 Marie
2132 457 48 20 Bell
2215 459 58 20 dam
2295 466 11 14 <
2327 460 34 19 I*

1816 479 91 21 Chance
1928 487 20 13 ».

1839 510 161 19 SPLENDID.
2024 517 26 6 —
2073 507 60 21 Joan
2158 511 120 21 Crawford
2302 514 58 19 dans

1846 533 33 19 La
1898 534 39 18 Pe.
1948 534 22 18 te
1989 541 18 13 »,
2028 530 50 19 film
2097 532 92 24 parlant
2207 535 111 24 français.
2336 546 24 4 —

1815 556 102 19 Enfants
1934 561 45 14 non
1996 553 81 22 admis.

1839 587 110 19 STUDIO
1974 583 87 23 (Palais
2084 584 41 20 de«
2147 586 166 23 Beaux-Arti).
2336 599 23 5 —

1817 615 10 13 «
1844 610 99 24 L'Opéra
1962 609 27 18 de
2005 606 129 24 Quat-Soua
2150 615 12 13 »
2181 611 99 20 (version
2296 612 55 20 fran-

1815 633 81 23 çaise).
1909 634 21 18 A
1942 632 24 19 22
1978 632 33 18 h.:
2027 629 90 20 version
2129 632 136 22 allemande.
2277 644 25 6 —
2315 636 36 18 En-

1816 657 64 18 fants
1896 660 45 14 non
1955 654 81 20 admis.

1840 686 170 19 TRIANON.—
2024 683 99 23 Georges
2136 684 81 21 Mllton
2230 686 59 21 dans
2303 694 11 13 <
2327 688 34 20 La

1817 709 77 19 Bande
1912 709 15 18 à
1946 706 115 21 Boubouîe
2080 712 19 16 »,
2118 707 51 20 film
2188 709 92 24 parlant
2297 711 54 19 fran-

1816 732 55 23 çais.
1889 742 24 4 —
1931 731 100 19 Enfants
2049 733 43 14 non
2110 730 83 20 admis.

1840 762 151 19 VICTORIA.
2008 769 25 4 —
2051 759 61 19 Kate
2130 760 27 19 de
2175 762 69 24 Nazy
2261 763 25 19 et
2302 763 59 20 Jean

1816 785 77 19 Murât
1911 785 58 18 dans
1988 789 11 13 «
2017 782 30 19 Le
2066 782 121 24 Capitaine
2205 785 119 20 Craddock
2342 793 19 15 »,

1816 808 163 23 film-opérette
2004 804 91 25 parlant
2130 806 113 25 français.
2266 818 26 5 —
2315 809 35 19 En-

1816 831 64 18 fants
1897 835 44 14 non
1958 828 82 20 admis.

1840 862 111 18 AGORA.
1973 869 26 5 —
2032 857 64 19 Alice
2131 858 74 21 Cocéa
2239 861 24 19 «t
2285 862 77 19 André

1816 884 95 19 Roanne
1929 884 57 18 dans
2004 887 11 13 «
2033 880 77 19 Nicole
2128 882 23 19 et
2167 887 28 15 sa
2211 884 72 19 Vertu
2301 891 19 13 ».
2337 894 25 5 —

1817 908 101 18 Enfants
1935 910 46 15 non
1997 904 82 19 admis:

1841 935 208 21 AMBASSADOR.
2070 942 27 6 —
2119 940 11 13 «
2151 936 22 18 A
2193 941 66 18 nous,
2281 937 25 19 la
2325 937 28 20 Li-

1817 960 74 19 berté!
1910 966 19 15 »,
1948 959 50 19 film
2017 955 91 25 parlant
2125 958 111 23 français,
2255 960 28 19 de
2299 961 63 18 René

1817 983 69 20 Clair.
1902 992 26 5 —
1944 981 102 20 Enfants
2063 984 45 14 non
2125 981 82 19 admis.

1840 1012 200 20 CAPITULE.-—
2055 1010 78 19 André
2151 1012 94 23 Beaugé
2261 1015 24 19 et
2303 1014 50 18 Mar-

1816 1036 57 18 celle
1895 1036 82 22 Denya
1998 1034 58 18 dans
2078 1037 13 14 <
2113 1033 37 19 Un
2172 1035 96 23 Caprice
2290 1036 28 19 de
2340 1036 22 18 la

1817 1059 146 22 Pompadour
1983 1063 19 14 ».
2022 1055 50 19 film
2094 1057 93 22 parlant
2207 1058 110 23 français.
2337 1068 26 5 —

1818 1082 101 18 Enfants
1937 1085 45 15 non
2000 1078 82 20 admis.

1842 1111 109 19 CAMEO.
1966 1120 25 5 —
2004 1109 50 22 Lily
2067 1108 102 23 Damita,
2185 1110 99 23 Georges
2298 1111 63 18 Mau-

1818 1134 44 22 loy,
1879 1134 77 18 André
1973 1132 90 24 Luguet
2079 1131 59 20 dans
2155 1139 11 12 c
2183 1133 32 18 Le
2231 1133 57 19 Père
2306 1134 46 18 Céli-

1818 1156 88 19 bataire
1926 1163 19 14 »,
1965 1156 50 19 film
2035 1153 91 25 parlant
2144 1155 111 23 français.
2274 1165 25 5 —
2317 1157 35 18 En-

1818 1180 64 17 fants
1897 1178 83 20 admis.

1842 1212 157 20 COLISEUM.
2017 1220 25 6 —
2060 1210 82 20 Raimu
2160 1212 24 19 et
2201 1211 78 19 Pierre
2296 1212 66 18 Fres-

1818 1239 45 18 nay
1879 1236 59 18 dans
1955 1242 11 12 «
1983 1234 86 20 Marius
2086 1239 19 16 »,
2122 1234 52 18 film
2192 1234 92 23 parlant
2299 1235 54 18 fran-

1817 1259 56 21 çais,
1891 1258 91 20 d'après
2001 1258 22 18 la
2040 1255 62 24 pièce
2120 1257 27 19 de
2165 1257 87 18 Marcel
2269 1257 87 23 Pagnol

1818 1290 24 5 —
1860 1281 102 19 Enfants
1979 1285 44 14 non
2041 1278 83 20 admis.

1842 1311 107 19 FLORA.
1971 1320 26 5 —
2018 1309 107 20 Feimand
2147 1310 64 19 René
2233 1310 23 19 et
2277 1310 87 19 Hélène

1817 1334 87 19 Robert
1922 1335 59 18 dans
2001 1340 11 12 «
2032 1332 116 19 Monsieur
2168 1333 20 18 le
2208 1333 116 19 Maréchal
2345 1340 18 12 ».

1818 1357 51 18 film
1886 1357 93 23 parlant
1994 1355 110 23 français.
2121 1365 25 5 —
2162 1356 103 19 Enfants
2281 1356 82 19 admis.

1842 1387 168 19 HIGH-LIFE.
2027 1395 26 5 —
2070 1385 107 19 Fernand
2195 1385 65 20 René
2277 1387 24 18 et
2318 1386 36 20 Hé-

1818 1409 50 19 lène
1889 1410 87 20 Robert
1996 1410 57 18 dans
2076 1414 12 12 *
2109 1408 117 20 Monsieur
2247 1409 21 19 le
2289 1409 65 19 Maré-

1818 1432 53 20 chal
1895 1439 20 15 ».
1941 1433 51 19 film
2017 1431 92 25 parlant
2131 1432 113 23 français.
2268 1442 27 5 —
2317 1433 36 19 En-

1818 1456 66 19 fants
1901 1456 83 19 admis.
2077 1467 5 10 1

1842 1486 132 19 LUTETIA
1995 1496 26 5 —
2039 1500 4 3 .
2061 1484 101 20 Dracula
2177 1491 20 15 »,
2213 1485 50 19 film
2277 1485 28 19 de
2318 1485 37 19 er-

1817 1512 60 18 reur,
1891 1508 63 24 parlé
1966 1513 27 15 en
2006 1508 109 23 français.
2117 1517 25 5 —
2153 1508 102 19 Enfants
2267 1513 45 14 non
2324 1508 30 20 ad-

1818 1531 52 19 mis.

1842 1561 171 21 MARIVAUX.
2027 1570 24 5 —
2054 1559 72 25 ;Léon
2141 1561 100 19 Belières
2256 1561 24 19 et
2293 1561 61 19 Char-

1818 1583 33 19 les
1871 1584 74 23 Lamy
1964 1585 59 19 dans
2042 1589 12 13 «
2072 1583 45 19 Les
2136 1584 104 19 Galeries
2259 1585 63 23 Levy
2341 1585 23 17 et

1818 1607 40 20 Cie
1877 1614 21 15 »,
1917 1607 53 19 film
1990 1606 92 25 parlant
2101 1607 110 23 français.

1843 1637 155 20 MAJESTIC.
2014 1646 24 5 —
2054 1642 11 13 «
2081 1636 21 19 A
2117 1641 65 17 nous,
2198 1637 23 19 la
2236 1637 93 19 Liberté
2344 1644 19 14 »,

1818 1660 51 19 film
1888 1660 92 24 parlant
1998 1659 110 23 français,
2127 1660 27 19 de
2171 1660 64 19 René
2253 1660 69 20 Clair.
2339 1669 25 5 —

1824 1685 107 21 Enfants
1956 1685 86 21 admis.

1842 1717 148 19 MOGADOR
2005 1717 40 20 (68,
2060 1720 40 15 rue
2113 1716 30 21 du
2158 1717 87 20 Bailli).
2258 1726 27 5 —
2297 1716 67 20 Janle

1818 1739 90 19 Marèso
1926 1740 24 20 et
1967 1740 84 19 Raimu
2070 1738 58 22 dans
2148 1746 11 12 «
2178 1740 128 19 Mam'zelle
2324 1740 39 19 Ni-

1819 1762 80 19 touche
1918 1769 19 12 ».
1954 1773 26 4 —
1996 1762 101 19 Enfants
2114 1762 82 19 admis.

1842 1786 148 19 MONNAIE.
2003 1784 31 16 "—
2052 1785 61 19 Kate
2132 1786 27 18 de
2177 1786 69 23 Nagy
2264 1785 23 19 et
2305 1786 58 18 Jean

1818 1808 77 20 Murât
1913 1809 58 18 dans
1990 1814 11 13 «
2020 1808 31 18 Le
2069 1808 120 23 Capitaine
2207 1808 119 20 Craddock
2344 1814 19 15 »,

1818 1831 163 20 film-ODér2tte
1996 1830 91 25 parlant
2100 1831 110 24 français.
2224 1841 25 5 —
2262 1831 102 20 Enfants

1819 1859 43 14 non
1880 1855 82 18 admis.

1842 1878 102 19 PATHE
1961 1876 125 20 PALACE,
2101 1886 26 5 —
2142 1877 86 19 Kaïss.i
2244 1877 82 19 Robba
2341 1878 23 18 et

1817 1900 59 19 Jean
1907 1900 98 20 Toulout
2034 1900 58 18 dans
2122 1906 12 13 «
2164 1900 27 19 El
2221 1900 142 20 Guemouna,

1818 1923 125 20 Marchand
1961 1924 27 18 de
2004 1923 67 19 Sable
2088 1929 19 15 »,
2124 1923 51 19 film
2192 1923 93 24 parlant
2299 1923 55 19 fran-

1817 1947 56 23 çais.
1890 1957 23 4 —
1929 1947 101 18 Enfants
2046 1950 45 14 non
2106 1946 82 19 admis.

1845 1970 128 23 QUEEN'S
1998 1969 89 20 HALL;
2112 1979 26 4 —
2163 1970 85 18 Buster
2272 1969 91 19 Keaton

1818 1992 58 20 dans
1895 1999 12 12 «
1925 1993 85 19 Buster
2028 1997 24 16 se
2071 1992 72 19 marie
2162 1999 20 14 »,
2203 1992 50 19 film
2272 1992 92 24 parlant

1818 2016 110 23 français.
1948 2026 25 4 —
1993 2015 101 19 Enfants
2114 2019 44 15 non
2178 2015 82 19 admis.

1872 2034 10 18 1
2054 2039 79 18 «nXTMfc
2329 2046 28 7 —

1873 2064 152 20 GRANDES
2035 2063 281 21 MANIFESTATIONS

1824 2097 303 21 INTERNATIONALES
2158 2097 45 21 DE
2234 2097 130 21 HOCHET

1878 2132 63 21 SUR
1957 2131 103 22 GLACE
2078 2131 44 20 DE
2139 2131 171 21 CHAMONTX

3655 124 11 12 -.

1364 3488 332 33 COMMUNIQUE

1278 3564 33 18 La
1332 3563 96 19 Chorale
1446 3563 89 23 Royale
1562 3563 41 19 des
1629 3563 116 19 Invalides
1774 3563 27 19 de

1255 3586 125 21 Bruxelles,
1397 3591 54 14 sous
1466 3586 23 19 la
1504 3586 111 19 direction
1631 3587 28 19 de
1674 3586 31 20 M.
1721 3586 80 20 Alfred

1254 3609 30 19 Di
1294 3609 56 22 -mis,
1367 3610 101 18 donnera
1483 3610 40 19 des
1537 3609 116 20 auditions
1668 3610 28 19 de
1711 3610 90 19 choeurs

1254 3632 24 19 et
1298 3632 28 19 de
1348 3639 11 12 «
1369 3633 84 20 danses
1474 3632 110 20 chantées
1593 3639 12 13 »
1626 3633 22 19 le
1669 3633 88 19 samedi
1778 3633 23 18 27

1254 3655 92 22 février,
1368 3660 31 15 au
1422 3655 79 20 Palais
1524 3656 30 22 du
1577 3656 86 22 Miroir,
1695 3660 58 19 pour
1781 3656 20 18 le

1254 3678 77 22 Cercle
1344 3678 40 20 des
1398 3679 100 19 Anciens
1511 3678 164 21 Combattants
1687 3679 28 19 de
1729 3679 72 19 Gans-

1253 3701 82 22 horeh;
1352 3702 20 19 le
1388 3702 122 19 dimanche
1523 3703 13 18 6
1551 3707 64 16 mars
1633 3702 168 22 (Mi-Carême),

1253 3725 16 18 à
1288 3724 23 19 la
1331 3725 91 19 Grande
1441 3725 134 23 Harmonie,
1596 3726 15 19 à
1631 3725 123 20 l'occasion
1774 3726 27 19 de

1254 3752 42 15 son
1317 3748 42 19 bal-
1376 3748 93 22 annuel,
1491 3748 55 23 paré
1566 3749 25 19 et
1611 3748 105 23 travesti,
1738 3751 24 20 et
1782 3748 20 19 le

1254 3771 88 19 samedi
1360 3771 24 19 12
1401 3776 64 15 mars
1483 3773 59 18 dans
1561 3771 33 20 les
1613 3772 83 19 Salons
1714 3772 78 19 Moder-

1254 3798 42 15 nes
1314 3798 57 20 pour
1388 3794 21 19 le
1428 3801 11 12 «
1450 3794 78 20 Cercle
1547 3795 86 24 Philips
1643 3801 20 13 ».

1278 3824 222 24 Indépendamment
1517 3824 29 19 de
1565 3824 114 23 plusieurs
1698 3824 104 20 concerts

1255 3852 27 14 en
1301 3847 107 24 province
1427 3848 113 24 auxquels
1567 3848 24 19 la
1617 3854 11 13 «
1639 3848 97 19 Chorale
1763 3848 39 19 des

1254 3870 116 19 Invalides
1379 3876 11 14 »
1410 3870 92 24 prêtera
1520 3875 40 15 son
1580 3875 117 16 concours,
1716 3871 44 19 elle
1777 3876 25 14 se

1254 3894 52 18 fera
1318 3893 65 19 aussi
1396 3893 110 22 entendre
1520 3898 28 15 en
1562 3893 114 20 Touralne
1691 3894 109 22 (France)

1253 3920 31 16 au
1302 3918 58 18 mois
1378 3916 28 20 de
1423 3916 50 25 juin
1489 3916 120 25 'prochain.

1280 3988 21 18 19
1315 3978 21 24 li.
1351 3987 32 18 30:
1400 3983 148 22 Représentation
1564 3983 55 19 d'une
1631 3983 59 22 .pièce,

1278 4009 22 16 aï
1319 4006 19 19 h.
1359 4011 31 14 ao;
1409 4005 93 20 Orchestre
1519 4007 72 21 tzigane
1608 4006 43 20 Bêla
1670 4007 53 18 Racx.

1448 4042 4 7 .
1476 4045 3 3 *
1484 4025 21 27 SE
1520 4029 20 22 *
1556 4029 21 22 «

1255 4066 84 25 Rome
1351 4073 8 18 :
1375 4073 46 25 441
1432 4074 35 18 m.
1479 4066 31 25 P.
1523 4072 29 25 75
1564 4065 50 28 kw,

1280 4099 112 21 Frogramme
1411 4103 35 14 non
1464 4103 86 17 parvenu.

1476 4127 21 22 *
1520 4127 20 23 *
1564 4126 21 23 #

1256 4160 126 26 Varsovie
1395 4168 7 18 :
1424 4162 82 29 1411,8
1518 4168 36 18 m.
1570 4174 30 6 —
1616 4161 30 26 P.
1662 4168 29 24 15
1707 4161 50 27 kw.

1281 4197 20 16 II
1316 4193 19 20 h.
1352 4198 30 16 10;
1398 4193 84 22 Di-qucs.

1281 4220 21 16 ii
1317 4215 20 20 h.
1352 4219 32 18 45:
1403 4216 84 21 Disques.

1280 4242 20 17 13
1319 4238 22 18 h.-
1357 4242 30 17 1.5:
1407 4237 132 23 Communiqué
1556 4243 46 17 pour
1617 4238 26 19 les
1659 4239 122 21 boys-scouts..

1279 4265 22 17 14
1318 4260 19 19 h.
1356 4265 32 17 25:
1407 4260 155 22 Correspondance
1580 4266 43 14 avec
1641 4262 25 19 les
1676 4261 125 20 "sans-filfctes.

1281 4287 21 19 14
1322 4282 18 20 -h.
1359 4288 32 17 45:
1411 4283 80 19 Bulletin
1510 4283 23 19 de
1551 4283 18 19 la
1587 4284 72 20 Bourse,

1265 4311 3 3 ■
1281 4310 21 16 14
1317 4305 11 18 h
1331 4303 8 21 T
1352 4310 31 17 50:
1400 4305 86 22 Disques.

1280 4332 20 17 15
1316 4327 20 20 h.
1352 4333 32 18 40:
1403 4328 84 22 Disques.

1281 4354 32 17 155
1326 4350 27 25 h.;
1362 4355 31 17 55:
1410 4350 57 22 Leçon
1483 4350 93 22 d'anglais.

1282 4373 21 17 16
1319 4372 18 19 b.
1357 4377 29 14 10:
1404 4373 27 18 La
1448 4374 101 17 Mandchou
1552 4374 24 18 rie
1593 4375 18 17 et
1626 4379 42 14 mon
1683 4374 60 22 séjour
1759 4373 44 19 dans

1256 4393 71 20 l'armée
1343 4395 86 19 chinoise.

1283 4417 20 17 16
1318 4417 19 18 h.
1351 4422 32 17 35:
1401 4418 76 19 Concert
1492 4417 22 20 de
1529 4418 121 23 l'après-midi.

1284 4440 20 17 18
1323 4440 19 18 h.
1359 4445 32 16 35:
1412 4440 83 23 Disques.

1284 4466 21 16 19
1322 4461 19 20 h.
1360 4467 29 17 15:
1409 4462 86 23 Musique
1512 4462 63 23 légère.

1281 4488 27 18 ao.
1316 4483 20 20 h.
1352 4489 6 14 :
1372 4484 57 22 Quert
1441 4485 74 19 d'heure
1529 4486 90 20 littéraire.

1281 4510 23 13 ao
1318 4506 18 19 h.
1353 4512 30 17 15:
1399 4507 82 21 Concert.

1282 4533 20 13 ai
1311 4529 27 18 -h.
1353 4534 31 17 30:
1397 4530 122 22 .Supplément
1533 4531 25 19 du
1575 4531 141 22 Radie-journal.

1281 4555 21 13 31
1320 4550 12 19 i
1350 4556 22 16 23
1390 4552 28 19 b.:
1438 4553 85 22 Musique
1539 4554 23 18 de
1577 4554 61 19 danse.

1280 4593 34 20 Les
1335 4596 99 21 paquebots
1454 4597 117 23 ArtverrjiUe,
1595 4598 140 21 BisabethvilU,
1759 4597 44 20 Léo-
1809 4597 5 25 \

1257 4617 82 20 poldviV.c
1356 4621 19 16 et
1391 4618 98 23 ThysvUle,
1504 4620 24 19 de
1545 4620 17 18 la
1577 4620 110 22 Compagnie
1703 4620 98 21 Maritime,
1809 4623 5 12 «

1256 4642 60 15 feront
1334 4645 23 13 en
1376 4642 150 19 communication
1545 4648 34 17 par
1597 4643 65 20 T.S.F.
1683 4644 17 18 le
1719 4643 85 19 mercredi

1258 4666 22 16 34
1298 4661 63 21 février
1379 4669 51 18 1931,
1446 4670 44 14 avec
1507 4665 18 19 la
1540 4665 67 19 station
1624 4665 66 20 côtière
1705 4666 99 19 Bruxelles-

1252 4683 64 19 Radio.
1413 4696 5 4 .
1540 4689 6 10 .

1976 2172 96 24 (Saison
2088 2173 125 22 1031-1332)

1850 2207 84 21 Parmi
1961 2208 34 20 les
2020 2207 200 20 manifestations
2245 2206 113 21 Inscrites

1821 2238 32 15 au
1870 2238 154 20 programme
2042 2232 29 21 de
2089 2233 24 20 la
2130 2233 82 20 saison
2229 2232 17 21 à
2263 2233 100 21 Chamô-

1822 2260 47 23 nix,
1891 2260 35 20 les
1947 2259 104 25 grandes
2079 2258 116 25 épreuves
2223 2259 133 20 internatio-

1823 2286 68 20 nales
1908 2285 30 21 de
1955 2284 106 25 Hockey,
2079 2285 41 24 qui
2138 2285 89 20 auront
2244 2286 47 19 lieu
2309 2290 46 19 pen-

1822 2311 60 20 dant
1899 2311 23 20 la
1937 2311 123 21 deuxième
2076 2311 128 24 quinzaine
2220 2311 29 21 de
2263 2311 102 24 janvier,

1823 2337 160 21 s'annoncent
2005 2341 94 16 comme
2123 2337 90 20 devant
2238 2336 52 21 être
2314 2336 50 21 très

1823 2363 133 21 brillantes.

1848 2396 54 20 Une
1917 2395 85 26 équipe
2016 2395 70 25 belge
2099 2395 50 24 d-plt
2162 2400 16 20 y
2191 2395 105 26 prendre
2308 2396 56 25 part

1823 2422 24 20 et
1863 2422 47 21 l'on
1925 2422 104 21 s'attend
2043 2426 32 15 au
2090 2421 82 25 séjour
2186 2422 71 24 d'une
2271 2422 94 20 colonie

1822 2448 68 25 belge
1903 2448 148 25 importante
2064 2447 61 21 dans
2138 2448 23 20 la
2174 2447 76 22 vallée
2263 2447 29 22 de
2305 2448 58 21 Cha-

1824 2474 89 20 monix.

1851 2507 21 20 H
1894 2507 38 21 est
1954 2506 154 25 intéressant,
2130 2505 16 22 à
2167 2507 64 21 cette
2253 2507 112 20 occasion

1824 2533 29 20 de
1867 2533 112 24 rappeler
1990 2537 46 20 que
2048 2532 42 21 des
2102 2533 180 21 combinaisons
2294 2538 64 15 avan-

1826 2560 113 23 tageuses
1963 2558 148 26 permettent
2135 2564 48 15 aux
2207 2559 101 20 bourses
2332 2559 35 20 les

1823 2585 55 24 plus
1894 2584 122 21 modestes
2033 2584 32 21 da
2079 2589 27 16 se
2122 2584 88 21 rendre
2225 2590 31 16 en
2274 2585 92 21 Savoie,

1824 2616 94 14 comme
1934 2610 33 21 du
1983 2611 64 20 reste
2064 2615 30 15 en
2110 2611 68 20 toute
2194 2612 72 19 autre
2282 2610 83 25 région

1825 2637 29 20 de
1873 2637 102 20 France.
1994 2637 49 20 Des
2062 2636 80 21 billets
2161 2637 27 20 A.
2208 2637 30 20 R.
2257 2641 101 20 compor-

1824 2663 56 20 tant
1895 2667 48 16 une
1960 2661 125 22 réduction
2102 2662 15 20 d
2118 2671 14 15 e
2146 2662 28 21 25
2190 2662 16 21 à
2221 2663 29 20 20
2264 2667 44 20 p.e.
2324 2667 42 16 sur

1825 2689 21 20 le
1865 2688 87 21 double
1969 2689 54 24 prix
2041 2688 55 21 d'un
2114 2689 69 20 billet
2199 2689 93 24 simple,
2311 2689 54 20 sont

1824 2714 104 21 délivrés
1946 2719 32 15 au
1995 2713 87 26 départ
2100 2714 43 21 des
2161 2714 148 26 principales
2326 2719 32 20 ga-

1824 2746 39 15 res
1876 2741 92 24 belges;
1982 2740 53 21 leur
2046 2739 99 22 validité
2159 2741 37 22 est
2210 2740 30 21 de
2252 2741 27 20 30
2290 2739 71 26 }ours

1825 2767 19 20 Il
1868 2767 83 23 existe,
1974 2771 46 20 par
2041 2766 105 23 ailleurs,
2169 2766 43 21 des
2235 2766 80 21 billets
2338 2766 29 20 de

1826 2793 92 20 famille
1938 2792 149 25 permettant
2106 2792 30 21 de
2155 2797 106 21 voyager
2280 2791 16 22 à
2314 2792 53 25 prix

1824 2819 51 20 très
1892 2818 90 24 réduit;
2000 2818 25 20 la
2040 2818 119 24 première
2175 2823 120 20 personne
2313 2818 54 24 paie

1825 2845 21 19 le
1864 2845 65 24 plein
1948 2844 66 23 tarif,
2033 2844 63 21 maïs
2113 2845 24 19 la
2154 2844 127 21 deuxième
2297 2843 61 22 béné-

1826 2871 56 20 ficie
1894 2871 71 19 d'une
1979 2869 125 22 réduction
2118 2870 29 21 de
2160 2870 27 20 25
2200 2875 22 20 p.
2234 2875 27 18 c,
2274 2871 23 19 la
2311 2870 48 21 troi-

1826 2896 81 23 sième,
1927 2897 70 20 d'une
2016 2895 126 22 réduction
2163 2896 29 21 de
2212 2896 27 20 50
2257 2901 23 20 p.
2298 2901 27 18 c,
2344 2896 21 19 la

1825 2922 136 25 quatrième
1983 2923 32 21 et-
2029 2923 35 20 les
2063 2922 6 12 1
2082 2922 134 23 suivantes,
2239 2922 71 20 d'une
2333 2921 27 21 ré-

1825 2947 98 21 duction
1940 2948 29 22 de
1983 2948 28 20 75
2025 2953 23 20 p.
2061 2952 20 16 c.-
2080 2954 5 7 ,
2087 2947 61 22 "j£Jne
2162 2947 129 21 réduction
2306 2952 52 15 corn

1825 2972 160 25 plémentaire
2010 2973 124 21 eet—Zaite
2159 2978 49 14 aux
2233 2977 134 20 voyageurs

1825 2998 150 25 parcourant
1993 2998 56 25 plus
2061 3016 5 6 r
2068 2998 29 21 de
2118 2998 40 21 400
2177 2998 51 21 km.

1851 3031 66 20 Pour
1930 3032 56 20 tous
1999 3031 209 25 renseignements
2224 3030 24 21 et
2262 3030 98 22 réserva-

1826 3057 51 20 tion
1894 3057 30 20 de
1942 3058 88 24 places,
2048 3057 141 21 s'adresser:
2209 3057 48 20 soit
2273 3062 33 15 au
2322 3057 38 20 Bu-

1826 3088 59 15 reau
1911 3083 119 20 Commun
2055 3083 42 21 dés
2122 3083 116 21 Chemins
2269 3083 30 20 de
2331 3083 37 20 fer

1825 3108 115 25 français,
1963 3109 34 24 25,
2019 3108 131 22 boulevard
2169 3109 113 25 Adolphe
2304 3109 60 20 Max

1825 3135 135 22 Eruxelles;
1977 3135 48 20 soit
2037 3139 33 16 au
2081 3135 100 20 Bureau
2194 3135 119 21 Commun
2327 3135 42 20 des

1826 3161 114 20 Chemins
1955 3160 29 22 de
1997 3160 39 21 fer
2049 3161 114 24 français,
2178 3161 110 21 d'Alsace
2301 3161 26 20 et
2340 3160 29 21 de

1825 3187 123 23 Lorraine,
1961 3187 30 20 de
2002 3186 73 25 l'Est,:
2082 3187 30 20 de
2125 3187 76 20 l'Etat
2214 3187 24 20 et
2250 3187 33 20 du
2295 3186 74 22 Nord.

1826 3212 33 23 10,
1882 3212 133 21 boulevard
2059 3212 29 21 de
2111 3213 24 20 la
2157 3212 154 24 Sauvenière,
2354 3211 13 21 à

1826 3237 83 27 Liège;
1930 3238 49 21 soit
1998 3243 49 16 aux
2065 3236 111 28 Agences
2196 3239 30 21 de
2244 3244 113 20 voyages.

3087 437 174 86 Mon
3306 433 202 126 linge
3549 438 103 90 de
3683 436 213 92 table

3088 551 141 70 est
3259 536 52 88 d
3315 563 15 28 T
3332 571 149 54 une
3521 537 411 95 blancheur

3299 637 442 91 éclatante/

3156 1125 72 28 Servi
3244 1130 46 20 sur
3304 1129 54 21 une
3374 1130 83 27 nappe
3473 1124 175 32 éblouissante^
3664 1131 26 21 a
3705 1132 73 27 repas
3792 1125 26 28 le
3832 1125 70 35 plu».

3168 1158 92 33 6imple
3289 1158 81 33 parait
3398 1157 96 33 exquis.
3534 1158 65 26 Rien
3626 1166 33 18 ne
3688 1160 100 26 stimule
3816 1161 86 26 mieux

3180 1191 116 34 l'appétit
3311 1196 27 21 et
3355 1190 54 27 rien
3425 1191 66 27 n'est
3505 1190 59 34 plus
3581 1191 73 27 facile
3668 1193 15 26 à
3700 1193 98 27 obtenir
3810 1202 50 26 que
3873 1195 40 25 du

3191 1225 68 33 linge
3268 1225 34 27 de
3312 1224 67 27 table
3389 1224 83 27 blanc.

3212 1279 20 28 Il
3249 1278 70 27 suffit
3335 1285 67 26 pour
3418 1277 52 27 cela
3486 1277 34 27 de
3537 1276 25 29 le
3580 1277 68 28 laver
3662 1286 33 19 au
3714 1281 82 24 Savon
3813 1280 127 34 Sunlight.

3219 1311 110 28 Celui-ci
3339 1312 69 26 étant
3418 1310 114 36 fabriqué
3542 1319 60 19 avec
3611 1311 37 27 les
3655 1312 79 27 huiles
3744 1313 35 26 les
3788 1314 56 31 plus
3852 1314 61 26 fines
3924 1318 28 23 et

3231 1347 37 26 les
3287 1346 57 33 plus
3363 1353 84 26 pures,
3462 1350 140 29 provenant
3615 1345 36 26 du
3670 1346 88 32 Congo
3776 1347 82 32 Belge,
3876 1348 86 26 enlève

3243 1386 82 20 toutes
3339 1380 36 26 les
3386 1380 83 26 taches
3481 1379 84 26 même
3580 1379 37 27 les
3633 1379 57 33 plus
3703 1380 102 28 rebelles
3818 1386 26 21 et
3855 1381 51 26 cela
3917 1389 56 22 sans

3252 1414 76 34 peine
3338 1419 27 21 et
3374 1420 58 20 sans
3442 1413 72 27 nuire
3526 1420 34 19 ea
3569 1412 55 28 rien
3634 1420 33 19 au
3677 1413 71 27 tissu.

3380 1500 401 107 Sunlight

3660 1616 327 109 Savon

3401 1738 92 61 -du
3516 1737 180 81 Congo
3720 1738 148 79 Belge
3890 1761 71 40 au

3383 1813 418 65 Consommateur
3827 1815 157 80 Belge

3423 1977 178 19 SAVONNERIES
3618 1978 81 18 LEVER
3718 1977 101 21 FRERES,
3835 1975 161 23 BRUXELLES.

4101 1730 81 44 pm

4125 1826 56 46 m

4127 1947 54 46 m

2482 2125 120 35 Vente
2630 2123 208 37 Judiciaire

2413 2213 134 21 L'huisMer
2569 2213 94 20 Robert
2682 2212 67 21 VAN
2771 2212 161 21 PACHTER-

2389 2240 95 23 BEKE,
2501 2239 34 23 17,
2552 2245 43 15 rue
2611 2239 175 23 Terre-Neuve,
2802 2237 16 21 à
2833 2238 89 20 Bruxel-

2390 2266 41 23 les,
2454 2265 132 25 procédera
2607 2266 22 20 le
2651 2265 119 21 mercredi
2792 2265 27 20 24
2841 2264 91 21 février

2391 2292 60 23 1932,
2466 2291 17 21 à
2500 2292 26 20 10
2543 2292 23 20 h.
2584 2292 32 20 du
2631 2292 86 24 matin,
2733 2297 44 15 sur
2794 2293 22 19 le
2833 2290 99 21 marché

2389 2319 80 24 public
2488 2319 28 20 de
2534 2319 131 22 Bruxelles,
2681 2324 16 19 y
2715 2317 81 24 établi,
2812 2318 69 25 place
2899 2317 32 20 du

2391 2344 390 23 Nouveau-Marché-aux-Grains.
2795 2343 17 21 à
2825 2345 24 19 la
2861 2344 73 20 vente

2391 2372 113 24 publique
2520 2372 25 20 et
2558 2371 128 25 j'udiciaire
2701 2371 29 20 de
2743 2370 151 21 MEUBLES
2909 2370 25 21 et

2390 2398 124 20 JEFFETS
2533 2398 73 20 saisis
2627 2396 113 22 exécutés
2760 2396 69 22 étant
2840 2402 5 15 :

2418 2431 83 21 Caisse
2518 2431 185 25 enregistreuse,
2720 2436 102 19 marque
2839 2430 94 25 Anker;

2391 2458 114 20 machine
2526 2457 18 21 à
2565 2463 92 20 couper
2676 2458 26 20 la
2724 2457 89 21 viande
2833 2457 100 24 Berkel;

2392 2489 48 16 une
2458 2484 102 21 balance
2578 2484 100 25 Berkel;
2697 2484 159 20 meuble-bloc
2873 2489 62 20 pour

2391 2510 145 24 charcutier,
2560 2511 120 24 comptoir
2703 2515 61 16 avec
2785 2510 95 21 toilette
2902 2510 31 21 de

2392 2537 104 24 marbre,
2515 2537 76 25 glace,
2610 2537 106 25 étagère.

2418 2571 99 20 Bureau
2533 2570 142 25 américain,
2692 2571 72 24 table,
2781 2570 103 25 chaises,
2901 2576 33 15 un

2391 2597 111 24 fauteuil,
2518 2597 69 25 poêle
2605 2597 17 21 à
2637 2597 43 21 feu
2697 2597 107 24 continu,
2821 2597 114 21 machine

2391 2623 172 26 électrogrène,
2591 2624 114 20 machine
2734 2623 17 21 à
2779 2624 102 21 moudre
2909 2623 25 22 In

2391 2650 96 24 viande,
2502 2656 35 15 un
2552 2650 93 21 fumoir
2661 2651 26 20 et
2704 2655 48 16 une
2770 2650 101 24 douche,
2888 2651 50 21 etc.*

2417 2677 40 20 Au
2473 2677 127 25 comptant
2617 2682 60 15 sans
2694 2676 70 21 frais.
2842 2677 89 22 (10135)

2392 2724 41 25 —
2431 2724 264 27 —————
2693 2721 23 28 <
2714 2724 41 25 —
2754 2724 43 25 —
2795 2715 61 34 è—
2855 2724 39 25 m
2888 2724 30 25 m
2914 2724 23 25 »

2391 2762 161 21 COMMUNE
2561 2763 46 20 DE
2617 2763 126 20 FOREST
2758 2763 173 24 (BRABANT)

2394 2834 219 36 EMPLOIS
2645 2835 63 35 DE
2737 2835 198 36 COMMIS

2419 2907 39 21 Un
2476 2913 102 15 examen
2595 2913 62 15 aura
2673 2908 50 20 lieu
2740 2908 195 21 Incessamment.

2420 2940 205 22 CONDITIONS:
2652 2940 51 22 être
2729 2942 82 24 Belge,
2835 2942 100 24 porteur

2391 2967 32 21 du
2433 2967 124 20 certificat
2567 2967 143 25 homologué
2724 2967 106 21 d'études
2837 2973 88 20 moyen-

2391 2998 44 15 nes
2455 2991 127 26 (Athénée,
2600 2993 116 25 Collège),
2734 2993 46 26 âgé
2798 2994 29 21 de
2843 2994 28 21 30
2887 2999 45 15 ans

2393 3024 32 15 au
2444 3020 55 24 plus
2519 3019 38 22 (35
2575 3024 63 20 pour
2656 3020 35 20 les
2710 3021 100 20 anciens
2829 3020 97 21 combat-

2395 3046 87 21 tants).

2420 3071 140 22 EXAMEN
2578 3078 44 15 sur
2641 3073 35 20 les
2695 3073 189 21 connaissances
2904 3074 31 20 du

2393 3103 155 20 programme
2575 3099 28 21 de
2629 3099 200 26 l'enseignement
2848 3105 88 21 moyen

2393 3124 133 26 supérieur.

2418 3159 222 21 TRAITEMENT:
2656 3160 75 20 15.800
2746 3160 90 21 francs.

2420 3185 139 21 Demandes
2580 3191 83 20 reçues
2684 3187 112 24 jusqu'au
2816 3187 26 20 19
2862 3192 73 16 mars.

2394 3212 100 20 Joindre
2524 3212 68 25 copie
2621 3212 110 22 certifiée
2753 3213 125 21 conforme
2903 3214 32 20 du

2395 3238 123 21 certificat
2538 3238 151 26 homologué.
2858 3240 75 23 (1585)

1843 3289 29 21 "V-
1871 3289 6 14 ,
1876 3289 70 22 y!LMi
1946 3289 3 9 |
1950 3288 216 24 -^-,'AB*ttH:*«EÎ

1956 3338 367 83 MALADIES
2366 3372 57 49 de
2450 3372 57 49 la
2570 3340 253 81 FEMME

2199 3457 66 30 LE
2307 3457 264 30 FIBROME

2287 3515 47 22 Sur
2354 3516 41 21 100
2415 3516 110 24 femmes,
2547 3516 16 20 il
2580 3522 16 20 y
2618 3523 30 15 en
2669 3522 16 16 a
2705 3517 27 21 90
2753 3517 41 25 qui
2815 3518 55 20 sont

2260 3542 116 21 atteintes
2402 3542 29 21 de
2455 3542 132 24 Tumeurs,
2606 3543 116 29 ^Polypes,
2744 3543 126 21 Fibromes

2260 3568 25 21 et
2302 3568 83 21 autres
2403 3571 194 23 engorgements,
2611 3570 41 24 qui
2667 3569 90 25 gênent
2771 3570 54 24 plus
2839 3574 31 16 ou

2260 3594 80 21 moins
2364 3594 25 21 la
2403 3610 3 3 .
2413 3595 147 20 menstruati
2568 3600 31 15 on
2621 3596 25 20 et
2668 3596 41 24 qui
2732 3595 139 26 expliquent

2257 3621 36 20 les
2310 3620 173 26 Hémorragies
2499 3623 25 19 et
2540 3622 38 20 les
2595 3622 85 20 Pertes
2698 3627 102 19 presque
2816 3627 45 15 con-

2260 3646 112 22 tinuelles
2396 3647 140 25 auxquelles
2567 3648 57 20 elles
2640 3649 56 19 sont
2710 3648 110 24 sujettes.
2836 3648 35 20 La

2257 3672 100 21 Femme
2375 3678 27 16 se
2420 3672 136 26 préoccupe
2588 3679 47 19 peu
2659 3674 98 21 d'abord
2779 3674 30 21 de
2830 3679 41 16 ces

2258 3698 191 25 inconvénients,
2474 3699 62 25 puis,
2567 3700 54 20 tout
2635 3699 17 21 à
2666 3705 69 20 coup,
2748 3700 23 21 le
2780 3697 90 24 'ventre

2277 3730 8 5 -
2339 3730 58 15 e»-ce
2416 3724 16 21 à
2451 3725 93 25 grossir
2696 3726 72 20 'Msos
2785 3726 74 20 redou-

2259 3750 74 21 blent.
2352 3750 34 22 Le
2405 3750 114 22 Fibrome
2537 3757 27 15 se
2581 3750 130 27 développe
2726 3757 47 20 peu
2787 3751 16 21 à
2817 3757 53 20 peu,

2257 3776 18 21 11
2287 3775 57 27 pèse
2356 3782 44 16 sur
2405 3777 41 21 .les
2458 3782 104 21 organes
2577 3777 137 24 intérieurs,
2726 3778 145 21 occasionne

2258 3802 42 21 des
2321 3803 113 21 douleurs
2455 3808 33 16 au
2507 3803 54 21 bas-
2567 3806 84 20 ventre
2672 3804 25 21 et
2729 3809 49 15 aux
2798 3804 72 21 reins.

2255 3828 35 21 La
2307 3829 105 21 maladie
2430 3830 130 21 s'affaiblit
2580 3829 25 21 et
2629 3829 42 21 des
2693 3830 81 25 pertes
2797 3830 73 21 abon¬

1905 3850 87 22 dantes
2010 3851 25 22 la
2055 3851 96 23 forcent
2171 3852 16 22 à
2207 3853 93 22 s'aliter
2319 3854 221 22 continuellement.

1903 3901 31 28 O
1943 3901 8 28 I
1963 3901 8 28 )
1981 3901 25 26 P
2037 3901 141 28 FAIRF
2196 3902 22 25 ?
2262 3902 21 20 A
2304 3902 81 22 toutes
2406 3907 41 17 ces
2467 3903 184 21 malheureuses
2669 3904 18 20 11
2704 3904 56 21 faut
2778 3904 52 22 dire
2847 3904 25 22 et

1902 3922 19 14 v
1921 3922 16 19 t
1943 3922 28 14 w>
1980 3922 28 14 ■*-
2037 3922 148 20 '"'"■■
2202 3925 9 13 »
2263 3927 81 18 redlro
2372 3932 7 13 ;
2405 3928 85 17 HVilh»
2513 3933 51 12 nm
2587 3925 59 20 ràtm
2661 3934 60 11 ..m
2737 3930 20 15 i*.

2405 3928 85 22 Faites
2513 3933 51 17 une
2587 3934 59 16 cure
2661 3934 60 16 aveo
2736 3929 24 22 la

1906 3984 379 85 JOUVENCE
2310 4028 49 41 de
2376 4028 21 41 l
2412 3980 189 89 ABBÉ
2624 3988 245 83 SOURY

1941 4092 122 21 N'hésitez
2082 4097 52 20 pas,
2154 4098 44 16 car
2217 4093 18 21 11
2254 4098 16 21 y
2290 4098 32 16 va
2340 4094 29 22 de
2386 4095 69 21 votre
2470 4094 77 25 santé,
2564 4095 25 21 et
2605 4095 88 21 sachez
2709 4096 57 21 bien
2781 4101 47 20 que
2844 4096 25 20 la

1912 4117 169 22 JOUVENCE
2102 4118 31 22 de
2154 4119 84 21 l'Abbé
2260 4119 118 26 SOURY,
2406 4120 127 26 composée
2562 4121 29 21 de
2620 4121 96 25 plantes
2744 4121 124 26 spéciales,

1907 4150 58 16 sans
1986 4149 81 17 aucun
2084 4145 93 24 poison,
2196 4147 38 22 est
2254 4146 62 21 faite
2333 4146 85 26 exprès
2432 4152 63 20 pour
2507 4146 83 26 guérir
2602 4147 80 21 toutes
2695 4148 35 20 les
2744 4147 118 21 Maladies

1909 4169 144 23 intérieures
2067 4170 30 21 de
2112 4171 25 20 la
2152 4169 110 23 Femme:
2278 4173 122 27 Métritea,
2423 4173 133 25 Fibromes,
2577 4174 181 24 Bimorragiee,
2780 4174 87 20 Pertes

1909 4197 123 24 blanches,
2047 4196 88 25 Règles
2150 4197 155 25 irrégulières
2321 4199 24 20 et
2361 4199 173 20 douloureuses
2550 4199 115 20 Troubles
2680 4199 30 21 de
2725 4199 24 20 la
2764 4198 93 21 circula-

1913 4224 51 19 tion
1983 4223 33 20 du
2035 4227 70 20 sang,
2124 4223 130 21 Accidents
2274 4224 33 20 du
2320 4224 95 21 Retour
2439 4224 83 25 d'Age,
2549 4224 231 24 Btourdissements,
2804 4225 53 20 Cha-

1911 4248 73 25 leurs,
2003 4248 117 25 Vapeurs,
2140 4249 169 25 Congestions,
2323 4250 107 25 Varices,
2445 4250 130 20 Phlébites.

1973 4280 16 24 Il
2007 4278 98 25 ffHbnt.
2124 4281 29 21 de
2171 4281 59 21 f3ire
2248 4281 92 27 chaque
2356 4281 57 26 Jour
2430 4281 42 22 des
2490 4281 127 26 ln.|eotlonj
2634 4285 56 18 aveo
2709 4282 151 20 1HYGIENI-

1907 4311 68 19 TINE
1991 4310 53 20 DES
2061 4310 97 20 DAMES
2182 4310 32 22 La
2230 4309 71 26 boite.
2318 4310 13 22 8
2348 4311 30 22 fr.
2393 4310 30 22 50
2439 4310 91 27 belges.

1974 4355 31 20 La
2023 4354 152 20 jouvence
2194 4354 39 21 DE
2252 4354 104 21 L'ABBE
2374 4355 106 25 SOURV,
2500 4355 113 27 préparée
2632 4359 45 17 aui
2696 4356 166 21 Laboratoire!

1907 4382 55 26 Mag
1963 4397 11 7 r
1983 4381 183 24 DUMONTIFR.
2178 4384 12 21 &
2204 4384 81 22 Rouen
2303 4384 125 24 (France),
2440 4389 26 17 se
2480 4385 83 21 trouve
2577 4385 57 21 d.*>ns
2648 4386 81 20 toutes
2742 4384 35 22 lès
2791 4385 70 24 phar-

1909 4413 94 20 maolcs.
2024 4416 17 20 ;*

1908 4449 106 37 Prix:
2032 4447 32 42 te
2076 4448 117 39 flacon
2281 4447 9 56 |
2323 4449 124 72 "gg
2475 4452 10 56 1
2506 4452 100 43 14,50
2621 4451 117 39 francs
2756 4452 115 48 belges

1972 4541 48 19 BI».
2042 4539 79 24 exiger
2136 4541 22 20 la
2174 4541 113 21 véritable
2301 4541 155 22 JOUVENCE
2471 4542 38 20 DE
2525 4541 103 21 L'ABBE
2642 4542 97 21 SOURV
2755 4542 41 25 qui
2811 4542 50 22 doit

1906 4571 80 22 porter
2003 4570 20 19 lo
2039 4569 98 23 portrait
2152 4570 31 20 de
2197 4569 82 22 l'Abbé
2292 4571 78 25 Soury
2384 4573 27 20 et
2425 4571 22 21 I»
2462 4570 122 25 signature
2601 4570 61 26 Mag.
2678 4571 178 22 DUMONTIER

1905 4602 29 17 en
1950 4602 89 20 rouge..
2077 4592 67 28 "■.'■-■■

1942 4636 109 30 AUCUN
2077 4636 109 25 AUTRE
2209 4637 143 25 PRODUIT
2378 4639 42 23 NE
2443 4640 83 23 PEUT
2558 4640 36 23 LA
2617 4640 194 24 REMPLACER

1991 4675 6 4 '
2020 4688 119 23 tM*„n.
2157 4689 146 23 nia
2302 4689 148 24 *—
2449 4691 155 22 —a
2603 4691 85 23 —
2687 4688 199 28 ma—

2961 2119 122 55 AVIS
3126 2119 68 55 DE
3243 2117 257 57 SOCIETES

3000 2213 200 32 Blanchisserie
3222 2213 46 31 LA
3293 2210 167 34 NEIGEUSE

3001 2255 94 21 Société
3108 2256 126 23 Anonyme
3246 2254 17 21 à
3274 2255 187 24 Droogenbosch

2986 2282 58 21 MM.
3059 2282 34 20 les
3107 2282 170 20 Actionnaires
3290 2282 56 20 sont
3361 2280 64 26 priés
3440 2281 49 20 d'as-

2959 2309 72 20 sister
3046 2307 17 22 à
3077 2308 149 21 l'assemblée
3242 2307 112 26 générale
3371 2308 127 21 ordinaire.

2960 2335 41 25 qui
3020 2340 27 16 se
3067 2335 98 21 tiendra
3182 2335 22 20 le
3223 2335 14 20 7
3255 2340 67 15 mars
3341 2334 124 25 prochain,
3484 2333 16 21 à

2960 2361 27 21 10
3006 2361 23 21 h.
3048 2361 47 23 1/2,
3113 2360 118 22 chaussée
3252 2361 28 21 de
3300 2360 164 26 Ruysbroeck,
3484 2359 16 22 à

2961 2388 195 25 Droogenbosch.

3077 2414 114 21 ORDRE
3208 2414 46 20 DU
3272 2413 84 22 JOUR
3376 2419 7 15 :

2987 2441 20 20 1.
3021 2441 112 25 Rapport
3156 2441 34 20 du
3210 2441 90 20 conseil
3325 2440 168 21 d'administra-

2961 2469 53 19 tion
3029 2468 26 20 et
3071 2467 33 21 du
3120 2467 91 25 collège
3228 2467 42 21 des
3286 2467 190 24 commissaires;

2987 2494 20 20 2.
3021 2494 72 20 Bilan
3112 2499 32 15 au
3162 2494 27 20 31
3209 2492 125 22 décembre
3353 2493 63 22 1931;

2986 2520 20 20 3.
3020 2519 128 26 Décharge
3168 2519 18 21 à
3205 2520 94 20 donner
3317 2524 49 17 aux
3386 2519 106 21 adminis-

2960 2547 107 20 trateurs
3081 2547 25 21 et
3118 2546 180 21 commissaires
3309 2551 63 21 pour
3384 2546 53 20 leur
3449 2551 43 20 ges-

2961 2573 51 21 tion
3022 2578 7 19 ;

2988 2600 20 20 4.
3022 2599 172 22 Nominations
3211 2599 150 26 statutaires.

2988 2626 67 21 Pour
3070 2626 103 21 assister
3188 2625 17 22 à
3221 2625 156 25 l'assemblée,
3393 2626 59 20 MM.
3468 2625 35 21 les

2960 2653 170 21 Actionnaires
3150 2653 57 20 sont
3226 2652 66 26 priés
3312 2653 29 21 de
3360 2658 27 15 se
3406 2653 87 20 confor-

2960 2684 53 16 mer
3025 2678 17 21 à
3056 2679 101 21 l'article
3171 2679 27 20 31
3213 2679 50 21 des.
3268 2679 99 21 statuts.
3424 2679 75 21 (5980)

3073 2717 136 21 SOCIETE
3225 2717 161 21 ANONYME

2981 2750 57 35 dés
3066 2750 239 35 BISCUITERIES
3330 2750 142 43 PAQUOT

3115 2794 17 22 à
3149 2795 196 21 IYOZ-KAMET

2998 2821 116 25 Registre
3136 2821 34 20 du
3192 2821 141 21 Commerce
3356 2823 28 19 n°
3407 2821 53 20 1457

2988 2848 58 20 MM.
3061 2848 35 20 les
3109 2848 170 20 Actionnaires
3293 2848 57 20 sont
3364 2847 65 26 priés
3444 2848 49 20 d'as-

2961 2874 73 21 sister
3048 2873 17 22 à
3082 2873 149 22 l'assemblée
3249 2873 113 26 générale
3380 2874 122 20 ordinaire

2961 2901 41 24 qui
3019 2906 27 15 se
3062 2900 98 21 tiendra
3177 2901 23 20 le
3217 2901 80 20 mardi
3313 2901 27 20 15
3357 2905 67 16 mars
3442 2900 61 23 1932..

2961 2926 16 21 à
3000 2927 27 20 16
3049 2927 23 20 h.
3094 2927 40 21 1/2
3156 2932 34 15 au
3211 2926 65 25 siège
3298 2927 82 23 social,
3400 2925 17 22 à
3438 2926 66 21 Ivoz-

2962 2953 96 21 Ramet,
3077 2958 30 15 en
3126 2958 47 15 vue
3195 2953 29 20 de
3244 2952 119 21 délibérer
3383 2957 43 16 sur
3435 2957 7 15 :

3054 2978 94 21 l'Ordre
3162 2979 35 19 du
3210 2979 62 19 Jour
3284 2978 100 20 suivant
3401 2983 7 16 :

2987 3004 21 21 1.
3021 3005 125 25 Rapports
3166 3005 32 20 du
3217 3004 91 21 conseil
3328 3004 167 21 d'administra-

2962 3029 52 22 tion
3031 3032 24 20 et
3072 3031 31 20 du
3119 3030 91 26 collège
3228 3031 41 20 des
3286 3031 190 23 commissaires;

2988 3058 20 19 2.
3021 3057 168 25 Approbation
3211 3057 42 21 des
3275 3057 67 20 bilan
3363 3058 25 20 et
3408 3058 96 24 compte

2962 3084 29 20 de
3009 3084 81 24 pertes
3109 3084 26 20 et
3151 3083 90 26 profits
3257 3083 103 22 arrêtés,
3370 3088 32 16 au
3420 3084 28 20 31
3466 3083 28 21 dé-

2961 3110 96 21 cembre
3076 3110 64 24 1931;

2987 3136 19 21 3.
3021 3135 127 27 Décharge
3163 3135 17 22 à
3196 3136 92 21 donner
3301 3135 17 22 à
3333 3137 58 21 MM.
3405 3137 35 20 les
3456 3136 38 21 Ad-

2961 3162 181 21 ministrateurs
3160 3163 25 20 et
3203 3163 186 20 commissaires.

2986 3189 47 20 Les
3050 3188 85 26 dépôts
3151 3189 29 21 de
3194 3189 78 23 titres,
3287 3194 30 15 en
3331 3194 48 16 vue
3394 3189 29 21 de
3438 3190 64 20 cette

2960 3214 141 25 assemblée,
3113 3216 118 24 pourront
3244 3215 52 21 être
3307 3220 71 21 reçus
3390 3215 113 26 jusqu'au

2960 3241 13 21 8
2991 3246 68 16 mars
3077 3242 89 20 inclus:

2985 3267 39 21 Au
3038 3267 69 26 Siège
3122 3268 86 23 Social,
3223 3267 17 22 à
3253 3268 165 25 Ivoz-Ramet;

2986 3294 23 20 A
3026 3294 25 21 la
3068 3294 101 25 Banque
3187 3295 29 20 de
3233 3295 132 24 Bruxelles,
3383 3295 118 21 ancienne

2962 3320 104 25 Banque
3088 3320 124 25 Liégeoise
3239 3322 24 19 et
3287 3320 84 22 Crédit
3395 3320 104 22 Général

2961 3346 109 25 Liégeois
3083 3346 101 25 Réunis,
3197 3352 43 16 rue
3254 3348 29 21 de
3296 3346 160 25 l'Université,
3469 3348 34 23 S4,

2961 3372 15 21 à
2989 3372 71 25 Liège
3075 3374 24 19 et
3115 3374 60 20 dans
3190 3379 38 15 ses
3242 3379 110 19 agences.
3425 3374 74 22 (6018)

2984 3410 131 38 Caisses
3133 3411 35 37 et
3188 3411 76 37 Bois
3286 3411 191 38 Industriels

3075 3461 137 21 SOCIETE
3227 3461 162 22 ANONYME

3118 3488 42 20 LA
3178 3488 166 21 LOUVIEBE

2976 3513 113 26 Registre
3105 3513 35 21 du
3156 3518 146 16 commerce:
3320 3514 72 21 Mons
3407 3515 28 20 n*
3451 3514 40 21 1D1

2987 3540 131 21 Messieurs
3132 3540 36 21 les
3182 3540 171 21 Actionnaires
3367 3540 57 21 sont
3437 3539 66 26 priés

2963 3566 123 21 d'assister
3105 3565 17 21 à
3142 3564 149 22 l'assemblée
3309 3565 113 26 générale
3441 3566 54 20 ordi-

2962 3593 67 20 naire
3045 3592 41 25 qui
3101 3597 27 16 se
3143 3592 98 20 tiendra
3255 3597 33 15 au
3303 3591 66 25 siège
3383 3592 83 23 social,
3481 3592 23 20 le

2961 3618 67 25 jeudi
3045 3618 14 21 3
3077 3623 67 16 mars
3161 3618 124 25 prochain,
3303 3617 17 21 à
3335 3618 14 20 2
3368 3617 88 21 heures
3475 3618 28 20 de

2962 3643 163 27 l'après-midi.

3080 3670 113 21 ORDRE
3210 3670 47 21 DU
3274 3669 84 22 JOUR
3377 3674 8 17 :

2987 3696 22 25 1.
3022 3697 125 25 Rapports
3166 3696 33 21 du
3216 3696 92 21 coneeil
3327 3695 169 21 d'administra-

2963 3723 51 21 tion
3028 3723 25 21 et
3066 3723 33 21 du
3110 3721 92 27 collège
3215 3722 45 21 deï
3270 3722 179 21 commissaires
3462 3726 43 16 sur

2963 3749 123 21 l'exercice
3104 3749 61 20 1931.

2988 3776 20 21 2.
3022 3776 72 20 Bilan
3111 3775 25 21 et
3151 3774 96 25 compte
3263 3774 29 21 de
3307 3773 88 26 profits
3412 3773 24 21 et
3451 3779 46 20 per-

2963 3802 44 24 tes,
3024 3806 33 16 au
3072 3801 28 20 31
3118 3800 126 24 décembre
3260 3800 61 21 1931.

2989 3828 20 20 3.
3022 3827 128 26 Décharge
3170 3826 17 21 à
3207 3827 93 21 donner
3320 3830 50 17 aux
3389 3824 105 23 adminis-

2962 3854 108 21 trateurs
3084 3854 24 20 et
3122 3853 179 21 commissaires
3314 3856 62 21 pour
3388 3852 54 21 leur
3452 3856 43 21 ges-

2963 3881 52 20 tion
3033 3879 110 26 pendant
3159 3879 124 21 l'exercice
3301 3878 61 21 1931.

2987 3906 21 21 4.
3021 3906 95 20 Divers.

2988 3931 66 22 Pour
3065 3931 101 22 assister
3177 3930 17 22 &
3205 3930 156 24 l'assemblée,
3373 3929 130 22 Messieurs

2962 3958 35 21 les
3014 3957 170 22 Actionnaires
3203 3957 102 21 devront
3321 3962 28 16 se
3365 3956 140 21 conformes

2962 3983 17 22 à
2999 3984 102 21 l'article
3121 3984 28 20 25
3171 3983 42 21 dés
3234 3982 93 22 statuts
3349 3982 25 21 et
3395 3981 64 22 faire
3481 3981 23 21 le

2964 4009 72 26 dépôt
3051 4010 29 21 de
3095 4009 65 21 leurs
3175 4009 72 21 titres
3261 4009 15 20 5
3289 4008 68 26 jours
3371 4008 85 21 francs
3471 4011 33 16 au

2963 4036 79 21 moins
3058 4035 78 21 avant
3152 4033 156 26 l'assemblée,
3325 4033 49 22 soit
3390 4038 34 16 au
3439 4032 66 26 siège

2961 4056 89 30 social,'
3063 4061 49 21 soit
3129 4060 18 22 à
3165 4062 25 20 la
3210 4061 102 25 Banque
3332 4058 119 23 Générale
3472 4059 33 20 du

2965 4087 96 25 Centre,
3073 4086 17 21 à
3103 4086 36 21 La
3151 4085 125 25 Louvière,
3289 4085 26 21 et
3328 4084 61 22 dans
3401 4088 40 17 sea
3454 4087 54 17 suc-

2963 4121 13 15 c
2977 4115 93 21 ursales
3088 4115 25 20 et
3128 4118 111 21 agences.
3427 4109 75 23 (4465)

3032 4151 137 22 SOCIETE
3186 4150 162 21 ANONYME
3367 4148 62 22 DES

2959 4187 119 40 Produits
3098 4185 174 41 Réfractaires
3299 4185 27 39 et
3347 4183 160 47 Céramiques

3085 4234 295 23 dTHAUTRAGE-ETAT

2975 4263 18 22 à
3015 4257 478 28 HAUTBAGE-ETAT-sous-TERTBE

2986 4290 58 21 MM.
3059 4290 35 20 les
3108 4288 170 22 Actionnaires
3292 4286 58 22 sont
3362 4284 65 26 priés
3441 4284 50 21 d'as-

2963 4317 74 21 sister
3056 4315 18 22 à
3093 4313 151 24 l'assemblée
3265 4312 113 27 générale
3398 4311 99 21 extraor-

2960 4343 94 21 dinaire
3068 4343 42 25 qui
3123 4347 62 16 aura
3198 4341 48 20 lieu
3259 4340 22 22 le
3293 4339 28 21 15
3332 4342 67 17 mars
3412 4336 61 24 1932,
3485 4334 17 22 à

2961 4369 28 21 14
3003 4369 94 24 heures,
3112 4373 34 16 au
3160 4366 67 26 siège
3240 4365 82 24 social,
3337 4363 17 22 à
3366 4363 138 25 Hautrage-

2959 4397 67 22 Etat.
3080 4401 114 22 ORDRE
3211 4400 47 21 DU
3274 4398 91 22 JOUR.
3379 4402 6 15 :

2988 4428 188 27 Interpellation
3195 4431 34 17 au
3249 4424 95 22 Conseil
3367 4421 128 23 d'adminis-

2962 4455 92 22 tration
3069 4459 44 17 sur
3126 4454 26 21 la
3166 4451 138 23 fourniture
3320 4450 42 21 des
3377 4449 86 20 terres.

2990 4482 68 21 Pour
3072 4480 103 22 assister
3189 4478 18 21 à
3223 4475 154 25 l'assemblée,
3395 4475 58 20 MM.
3469 4474 36 21 le»

2960 4507 170 22 Actionnaires
3150 4505 57 21 sont
3225 4502 66 28 priés
3312 4503 29 20 de
3359 4507 28 15 se
3405 4500 88 22 confor-

2961 4538 54 17 mer
3030 4533 18 22 à
3064 4532 101 22 l'article
3181 4531 29 21 23
3228 4530 42 21 des
3287 4528 99 22 statuts.

2988 4560 46 21 Les
3053 4559 71 21 titres
3142 4556 84 22 seront
3245 4553 100 27 déposés
3362 4552 18 22 à
3396 4553 25 21 la
3438 4553 56 21 Ban-

2963 4591 47 21 que
3028 4585 30 21 de
3074 4583 132 24 Bruxelles,
3223 4580 140 23 succursale
3381 4580 29 21 de
3427 4579 79 24 Mons,

2963 4618 43 15 rue
3020 4612 75 20 Terre
3110 4610 33 21 du
3156 4609 89 21 Prince
3260 4612 32 16 ou
3307 4606 155 22 succursale-
3475 4605 30 21 de

2963 4636 154 24 St-Ghislaln,
3137 4640 44 17 rue
3199 4633 105 25 Grande,
3322 4631 18 22 à
3357 4632 27 21 la
3401 4632 103 25 Banque

2965 4664 32 21 du
3007 4663 118 24 Hainaut,
3136 4666 43 17 rue
3192 4661 29 20 de
3233 4660 25 21 la
3268 4659 80 24 Halle,
3359 4657 18 22 à
3388 4658 78 21 Mons.

2964 4690 65 23 4478)
3081 4686 34 23 Le
3131 4686 97 22 Conseil
3246 4684 234 23 d'Administration.

3558 2082 23 19 »
3599 2082 22 18 »
3639 2082 22 18 ♦
3679 2082 23 18 ♦
3720 2081 63 18 «■—♦
3802 2078 266 20 ♦»»♦♦♦♦

3526 2114 79 21 Etude
3625 2115 32 20 du
3674 2114 50 21 not.
3742 2114 101 21 Camille
3862 2110 204 24 HAUCHAMPS,

3609 2139 17 22 à
3643 2141 93 22 Ixelles,
3752 2140 34 23 40,
3805 2144 43 16 rue
3866 2138 115 24 Defacqz.

3552 2190 33 21 Le
3602 2189 95 21 notaire
3712 2189 101 20 Camille
3829 2186 205 24 HAUCHAMPS,
4051 2184 16 21 k

3527 2216 92 23 Ixelles,
3635 2215 17 21 à
3667 2221 28 15 ce
3711 2215 102 21 commis
3830 2219 46 20 par
3892 2212 126 26 jugement
4035 2212 33 20 du

3528 2243 106 20 tribunal
3652 2242 29 20 de
3697 2240 118 26 première
3834 2240 110 20 instance
3962 2238 29 21 de
4007 2238 51 22 Bru-

3527 2269 80 24 xelles,
3629 2274 31 15 en
3682 2268 55 20 date
3760 2268 32 19 du
3812 2267 27 20 22
3858 2266 54 25 juin
3932 2265 61 24 1928,
4012 2270 46 15 con-

3528 2294 72 21 firmé
3615 2300 45 19 par
3675 2293 67 21 arrêt
3757 2294 29 20 de
3801 2294 24 19 la
3841 2293 63 20 Cour
3919 2291 99 25 d'Appel
4035 2291 33 20 du

3527 2321 27 21 10
3565 2320 91 21 février
3668 2320 59 23 1932,
3739 2320 92 20 vendra
3843 2317 182 27 publiquement
4037 2321 31 16 en

3528 2346 114 26 présence
3661 2347 29 20 de
3706 2346 32 21 M.
3755 2346 22 20 le
3792 2346 63 24 Juge
3871 2345 28 20 de
3914 2344 63 20 Paix
3993 2344 32 20 du
4040 2343 27 20 3e

3528 2374 88 20 canton
3629 2373 29 20 de
3670 2372 131 23 Bruxelles,
3814 2377 30 15 en
3856 2371 24 20 la
3891 2370 121 21 Chambre
4025 2369 42 20 des

3529 2399 113 23 notaires,
3657 2397 17 22 à
3690 2398 131 23 Bruxelles,
3837 2402 44 16 rue
3898 2397 32 20 du
3945 2396 75 23 Nord,
4035 2395 33 24 23,

3530 2426 22 21 le
3569 2425 55 20 bien
3640 2423 104 26 ci-après
3754 2429 7 15 :

3671 2450 62 21 Ville
3751 2449 31 21 de
3799 2448 125 22 BruxeUes

3532 2476 76 39 UNE
3627 2475 147 39 MAISON
3793 2483 84 30 avec
3896 2473 172 38 MAGASIN

3529 2528 131 21 boulevard
3680 2528 32 20 du
3733 2527 67 24 Midi,
3819 2526 34 24 38,
3871 2524 128 23 cadastrée
4018 2530 41 16 sec-

3529 2555 52 20 tion
3596 2553 74 25 3ème,
3686 2559 24 15 n.
3726 2553 55 20 2201
3797 2553 53 22 s/H
3866 2557 63 20 pour
3934 2556 48 16 une
3989 2551 72 21 conte-

3529 2586 78 15 nance
3618 2581 29 20 de
3657 2580 13 20 2
3680 2585 55 15 ares
3745 2580 28 20 25
3783 2579 120 21 centiares
3916 2578 24 22 (2
3950 2583 23 16 a.
3982 2578 28 21 25
4020 2577 48 22 ca.)

3528 2607 25 20 et
3567 2611 23 16 n.
3604 2606 54 21 2201
3673 2606 50 22 t/n
3736 2610 63 21 pour
3812 2610 48 16 une
3873 2605 149 20 contenance
4038 2604 31 20 de

3528 2633 13 21 1
3556 2638 43 16 are
3613 2633 27 20 46
3654 2632 121 21 centiares
3793 2632 24 21 (1
3831 2637 22 15 a.
3867 2632 28 19 46
3908 2631 48 22 ca.)

3555 2659 134 21 VISITES:
3705 2659 23 20 le
3742 2658 56 21 bien
3812 2656 60 27 peut
3885 2656 51 22 être
3949 2655 72 23 visité
4034 2657 36 21 les

3530 2686 99 23 mardis,
3642 2685 80 25 jeudis
3737 2684 25 21 et
3773 2683 137 24 vendredis,
3923 2683 29 21 de
3965 2683 14 21 2
3992 2682 16 21 à
4020 2683 15 20 4
4047 2682 24 21 h.

3555 2711 135 21 SEANCE:
3706 2710 67 25 jeudi
3786 2709 14 21 3
3813 2714 68 16 mars
3896 2709 61 24 1932,
3971 2708 17 21 à
4001 2708 14 21 3
4028 2708 42 22 1/2

3530 2738 87 21 heures
3636 2736 113 27 précises.

3554 2764 61 21 Mise
3634 2763 17 21 à
3670 2764 64 24 prix:
3754 2763 24 20 la
3797 2762 80 25 partie
3895 2760 129 22 cadastrée
4041 2760 28 21 Je

3527 2791 93 20 section
3636 2790 55 20 2201
3708 2789 59 24 s/n,
3781 2789 42 20 100
3839 2789 38 23 fr.,
3894 2788 25 20 la
3935 2788 80 25 partie
4031 2792 31 15 ca-

3531 2816 97 22 dastrée
3645 2816 28 21 3e
3692 2816 93 21 section
3804 2815 55 20 2201
3878 2814 57 25 t/II,
3953 2814 29 21 25
4000 2814 32 20 fr.

3554 2844 67 20 Pour
3639 2843 55 20 tous
3713 2841 209 26 renseignements
3939 2840 132 21 s'adresser

3530 2875 31 15 en
3584 2868 88 22 l'étude
3697 2869 33 20 du
3750 2868 96 21 notaire
3869 2867 102 21 Camille
3994 2865 69 22 HAU-

3531 2895 135 24 CHAMPS,
3687 2895 34 23 40,
3743 2899 44 16 rue
3806 2894 115 24 Defacqz,
3942 2892 17 21 à
3978 2892 95 20 Ixelles.

3967 2925 5 16 ;
3980 2918 90 24 (10113)
4084 2932 4 4 .

3531 2984 43 20 LE
3595 2983 116 21 SUCCES
3734 2982 63 21 DES
3820 2981 256 25 COLIS-BECLAM?,
4084 2989 8 19 ;

3778 3016 47 21 DE
4044 3013 64 29 •«•«!

3531 3057 94 43 37
3702 3054 373 45 ROSIERS

3665 3109 90 21 POUB
3768 3108 28 21 75
3809 3107 126 22 FBANCS

3556 3137 38 21 La
3618 3135 63 22 série
3706 3134 119 26 complète
3849 3133 143 26 comprend:
4018 3133 55 21 7X5
4092 3149 15 7 ..

3530 3164 89 20 rosiers
3635 3168 55 16 rose
3707 3160 125 25 saumoné,
3848 3161 76 25 jaune
3943 3160 57 25 d'or,
4017 3164 47 17 rou-

3529 3194 31 21 ge
3576 3188 103 25 velouté,
3696 3189 65 21 roise
3778 3188 100 25 chinois,
3895 3187 73 21 blano
3984 3185 88 24 crème,

3532 3216 83 21 cuivre
3640 3214 136 27 rougeâtre,
3800 3219 55 16 rose
3881 3213 101 24 abricot,
4005 3212 68 22 aussi

3530 3243 63 21 deux
3611 3242 89 21 rosiers
3716 3241 139 27 grimpants
3871 3239 155 22 multiflore».

3554 3269 67 21 Vous
3637 3273 74 16 aurez
3728 3268 62 20 donc
3805 3267 28 21 37
3850 3266 89 22 rosiers
3957 3266 62 21 dan»
4036 3266 34 20 lt»

3530 3296 137 21 meilleures
3687 3293 113 26 variétés,
3820 3298 108 21 pourvu»
3949 3291 115 26 d'étiquet-

3532 3323 37 21 tes
3587 3327 61 16 avec
3665 3326 58 16 nom
3742 3321 26 21 et
3785 3320 109 21 couleur:

3633 3347 132 23 VALEUR
3784 3347 43 20 135
3846 3344 127 23 FBANCS

3556 3375 53 21 Une
3619 3373 115 22 méthode
3745 3373 112 26 pratique
3869 3372 30 21 de
3910 3371 95 22 culture
4011 3375 60 17 roui

3531 3407 56 16 sera
3606 3400 106 26 envoyée
3731 3398 18 23 à
3767 3401 26 20 la
3810 3398 125 26 réception
3955 3398 30 21 de
4004 3397 68 21 votre

3532 3428 151 21 commande.
3960 3438 8 9 ,

3557 3453 167 22 GARANTIE
3745 3457 7 17 :
3778 3450 218 23 Remboursement
4014 3454 60 18 Muu

3533 3481 135 21 discussion
3687 3480 21 20 si
3728 3484 45 20 pas
3791 3478 116 22 satisfait

3630 3507 43 20 LA
3689 3505 106 22 PRIME
3812 3503 164 23 GRATUITE

3532 3535 30 21 de
3572 3534 87 26 quatre
3671 3533 90 21 rosiers
3772 3531 138 26 grimpants
3920 3528 153 23 remontant»

3532 3566 31 16 en
3579 3565 108 16 nuances
3704 3558 162 26 chatoyante^
3882 3561 63 22 pour
3961 3556 26 21 la
4006 3554 58 23 déco-

3531 3587 82 21 ration
3628 3586 56 21 d'un
3700 3590 57 16 mur
3771 3589 33 17 ou
3820 3584 71 21 d'une
3906 3583 113 23 tonnelle,
4035 3582 39 21 est

3534 3619 87 15 encore
3640 3611 133 27 disponible
3790 3615 63 22 pour
3867 3610 37 21 les
3922 3608 104 23 lecteur»
4046 3608 29 21 de

3533 3640 49 21 «La
3596 3639 92 21 Nation
3702 3638 95 25 Belge»,
3811 3637 42 25 qui
3867 3635 129 27 passeront
4010 3639 55 17 com-

3532 3666 89 21 mande
3636 3664 107 23 endéans
3760 3664 36 21 les
3813 3663 56 25 cinq
3885 3663 75 24 jours.

3558 3692 113 26 Envoyez
3686 3690 155 26 aujourd'hui
3857 3689 79 21 même
3951 3693 49 17 une
4015 3687 48 22 «Im-

3534 3719 39 25 pie
3597 3718 69 21 carte
3695 3717 95 26 postale
3821 3721 49 16 aux
3893 3713 182 23 ROSERAIES

3534 3744 181 25 DELFORGE,
3733 3743 112 21 ROODE
3863 3741 115 25 POORT,
3999 3739 77 26 (Dépt

3534 3772 41 23 K.)
3600 3770 17 22 à
3637 3769 224 25 St-Nlcolas-Waes,
3882 3768 25 21 et
3928 3772 61 16 vous
4009 3771 58 17 rece-

3534 3804 57 16 vrez
3604 3803 46 20 par
3663 3797 89 24 retour,
3767 3796 85 21 contre
3866 3793 210 23 remboursement

3536 3826 29 20 de
3576 3825 27 21 75
3613 3824 32 21 fr.
3656 3823 55 26 plus
3722 3823 14 20 6
3748 3822 31 21 fr.
3790 3822 27 21 75
3829 3826 61 21 pour
3900 3820 63 22 frais
3975 3819 100 24 d'envoi,

3534 3853 27 20 41
3582 3851 89 22 rosiers
3690 3849 164 26 magnifiques
3874 3847 42 25 qui
3934 3851 62 16 vous
4018 3846 48 21 don-

3535 3878 87 21 neront
3635 3875 55 23 l'été
3702 3875 124 27 prochain,
3839 3873 60 25 1,000
3912 3872 75 22 belles
4000 3876 75 18 roees.

3535 3904 101 26 Compte
3653 3902 92 26 chèque
3760 3901 80 26 postal
3855 3905 24 16 n.
3895 3899 95 22 190.402.

3566 3966 131 30 vemmit
3691 3972 17 22 k
3700 3965 103 29 UJmt
3797 3968 22 25 *
3815 3964 111 30 *****

3977 3966 75 29 mm

3977 4016 41 37 ie

3801 4018 149 41 Entas
3967 4020 51 35 de

3799 4065 224 52 BRONCHITE

3797 4120 231 56 CHRONIQUE

3732 4192 85 17 amenez
3823 4193 39 15 aux
3869 4189 74 25 parties
3949 4189 90 20 malades

3696 4210 5 5 '
3711 4213 18 21 le
3741 4212 136 22 médicament
3887 4213 36 25 qui
3931 4213 83 21 adoucit
4020 4214 20 20 cl

3689 4238 36 25 qui
3746 4238 49 20 rend
3816 4242 39 16 aux
3876 4237 104 22 bronches
3997 4238 43 21 leur

3648 4261 175 22 fonctionnement
3838 4262 85 21 normal.
3939 4262 27 21 Le
3981 4261 59 26 Sirop

3648 4288 27 20 de
3687 4286 97 26 l'Abbaye
3796 4285 112 25 „AKKER"
3919 4286 32 25 (Ir.
3958 4286 53 22 14.50
4020 4291 19 21 p.
4048 4292 27 14 m

3648 4311 77 25 flacon)
3737 4311 90 25 possède
3840 4315 36 17 ces
3888 4311 152 21 merveilleuses

3648 4335 117 27 propriétés,
3776 4335 79 25 dépose
3866 4339 35 17 sur
3911 4335 32 21 les
3952 4339 89 22 organes

3648 4360 92 21 malades
3747 4360 31 20 tes
3785 4360 104 25 principes
3898 4359 59 22 actifs
3966 4360 51 21 dont
4025 4360 14 20 il

3647 4386 32 20 est
3685 4384 74 26 chargé
3766 4386 20 19 et
3793 4384 99 26 empêche
3896 4385 20 20 la
3921 4384 87 21 maladie
4013 4385 27 20 de
4046 4399 4 13 ,

3647 4414 125 22 progresser.
3782 4409 136 22 Absolument
3925 4408 115 22 Inoffensifl

3575 4452 166 59 SIROP
3739 4464 50 46 de
3798 4452 37 57 t
3823 4451 223 58 ABBAYE

3786 4528 207 40 reAKKER"

3735 4588 3 25 I
3751 4582 118 31 SAUVEUR
3874 4587 43 25 des
3921 4580 119 32 P0UM0M

121 4769 29 23 67
165 4776 13 16 <
192 4771 96 22 Nation
302 4771 77 27 Belge
394 4775 14 16 >
424 4770 34 21 du
473 4769 31 22 24
519 4768 101 22 février.

121 4823 526 99 Rossignolette

214 4937 56 32 Par
280 4937 105 32 Marcel
398 4935 170 34 FRI0LLET

149 5024 32 6 —
198 5014 65 22 Sans
281 5012 85 24 doute!
394 5011 134 24 Comment
552 5011 113 21 l'aurais-

122 5042 23 25 Je
163 5044 90 22 oublié!
271 5044 23 21 H
309 5048 33 17 ne
358 5047 65 18 nous
438 5041 77 23 fallut
531 5045 48 23 paa
595 5040 61 27 long-

122 5071 79 29 temps
221 5078 65 23 pour
306 5078 48 22 que
374 5073 27 21 la
420 5072 172 22 camaraderie
621 5070 45 22 des

121 5104 118 24 premiers
255 5104 71 26 jours
342 5107 28 17 se
386 5103 167 20 transformat
569 5106 32 17 en
617 5104 49 17 une

122 5133 75 22 solide
213 5134 27 21 et
254 5133 77 22 fidèle
348 5132 131 21 affection!

151 5163 36 22 La
201 5163 102 22 chaleur
315 5163 31 21 de
360 5162 66 22 cette
441 5161 160 22 affirmation
615 5160 52 23 alla

123 5190 64 24 droit
202 5198 34 17 au
252 5197 70 17 cœur
339 5192 30 22 de
385 5192 93 21 Pierre.

151 5233 32 6 —
202 5223 87 25 Merci,
311 5227 61 16 mon
392 5222 51 21 bon
464 5222 104 20 Marcel!
601 5221 65 21 dit-il

123 5250 151 24 doucement.
289 5252 84 27 Après
387 5251 28 23 la
429 5251 130 22 tendresse
576 5251 31 22 de
624 5255 44 17 ma

124 5281 65 23 mère
207 5281 124 28 adoptive,
350 5281 46 22 ton
415 5280 87 23 amitié
529 5280 40 22 est
596 5285 61 17 assu-

124 5310 94 24 rément
237 5312 25 22 le
282 5312 59 22 bien
360 5311 25 22 le
404 5311 58 27 plus
481 5310 118 28 précieux
619 5313 48 24 que

123 5339 54 27 J'aie
195 5347 31 17 en
242 5347 29 18 ce
287 5340 125 23 monde!...

153 5375 14 16 <
186 5371 66 22 Mais
271 5372 106 27 puisque
397 5371 41 22 tes
458 5370 130 22 souvenirs
609 5369 58 22 sont

123 5401 68 21 aussi
210 5402 64 26 nets,
295 5401 31 22 tu
347 5400 56 23 dois
423 5400 28 23 te
471 5399 117 27 rappeler
608 5398 59 28 qu'à

123 5430 64 22 cette
205 5431 93 28 époque
315 5430 128 28 j'arrivais
461 5430 32 22 de
512 5429 74 22 Paris
605 5433 61 18 avec

123 5457 26 23 la
167 5462 122 22 comtesse
307 5462 32 21 de
358 5461 176 21 Villefaneuse.

153 5494 14 15 <
181 5490 101 23 Celle-ci
295 5492 44 26 qui
353 5491 72 22 avait
438 5489 57 28 juré
510 5489 18 21 à
541 5493 48 17 son
601 5487 67 23 mari

124 5520 114 22 mourant
259 5521 31 22 de
310 5526 33 17 ne
362 5520 73 28 point
465 5519 200 23 m'abandonner,

124 5548 165 24 m'emmenait
309 5551 53 22 loin
390 5550 31 22 de
448 5548 82 27 Paris,
558 5547 34 22 où
620 5547 47 22 elle

125 5578 122 24 redoutait
274 5581 38 22 le3
340 5581 101 22 menées
463 5578 151 23 criminelles
636 5577 31 22 de

124 5606 63 24 deux
200 5610 119 23 scélérats
332 5610 123 23 acharnés
469 5609 17 23 à
499 5609 28 22 la
539 5607 98 29 perdre.

154 5642 17 16 «
188 5639 68 22 C'est
273 5645 34 17 au
325 5640 109 23 château
451 5640 32 22 de
501 5638 165 24 Castelluzac,

126 5664 19 23 à
167 5669 116 27 quelques
305 5670 147 22 kilomètres
476 5669 31 22 de
532 5668 131 24 Toulouse,

125 5696 85 26 qu'elle
233 5704 28 16 se
282 5699 61 23 fixa.
367 5698 102 30 Chaque
491 5698 104 26 samedi,
619 5697 48 22 elle

125 5727 84 21 venait
228 5732 42 18 me
291 5730 118 22 chercher
416 5736 5 5 *
429 5735 32 17 en
481 5729 101 23 voiture
601 5732 66 23 pour

124 5756 40 19 me
185 5761 114 18 ramener
317 5759 64 23 dans
402 5766 30 16 sa
453 5759 161 28 somptueuse
623 5758 31 22 de-

126 5786 91 22 meure.
462 5798 7 7 .
510 5794 19 7 -

716 4780 32 5 —
763 4770 32 21 Je
811 4775 42 16 me
869 4770 25 22 le
909 4770 112 27 rappelle
1036 4769 28 23 et
1078 4780 33 5 —
1125 4769 27 27 je
1167 4773 68 23 peux

688 4798 58 23 bien
762 4800 26 21 te
802 4800 28 22 le
843 4800 54 22 dire
913 4800 18 22 k
944 4800 104 27 présent
1063 4811 32 5 —
1109 4804 65 18 nous
1189 4799 37 22 t'a-

689 4833 62 18 vons
770 4830 59 22 tous
847 4831 72 22 envié
937 4831 96 22 d'avoir
1052 4835 49 17 une
1121 4830 22 21 si
1162 4830 72 25 jeune

689 4859 27 22 et
732 4860 24 21 si
772 4860 59 26 jolie
849 4865 110 18 maman.
977 4861 35 22 Ce
1029 4860 66 22 n'est
1112 4865 49 22 que
1178 4859 57 27 plus

690 4888 64 27 tard,
778 4890 100 28 lorsque
901 4891 30 22 tu
953 4889 53 24 t'en
1029 4890 85 23 ouvris
1137 4890 18 22 à
1177 4889 56 26 mol,

689 4924 48 22 que
755 4919 45 27 j'ai
817 4925 53 17 su...

719 4959 33 6 —
774 4950 54 26 Que
850 4951 84 26 j'étais
957 4952 26 21 le
1004 4952 36 22 fis
1062 4952 61 21 d'un
1146 4950 89 27 simple

689 4980 106 25 ouvrier,
817 4980 117 23 recueilli-
948 4982 68 26 Jadis
1035 4985 50 24 par
1106 4982 25 21 le
1148 4981 88 21 ïomte

691 5009 32 21 de
746 5009 169 24 Villefaneuse
940 5012 27 21 et
991 5012 70 22 élevé
1087 5015 97 18 comme
1208 5010 24 22 lé

688 5038 46 22 fils
748 5039 31 21 de
793 5039 27 22 la
832 5041 104 26 maison,
953 5043 95 20 acheva
1063 5042 86 22 Pierre
1164 5041 71 22 Giro-

689 5068 53 22 dot.

720 5103 15 17 <
758 5099 39 22 Tu
819 5105 30 17 as
871 5101 34 22 dû
926 5102 55 21 être
1002 5102 59 22 bien
1083 5102 98 27 surpris
1204 5106 30 16 en

689 5129 142 27 apprenant
853 5135 48 22 que
923 5132 62 21 celle
1007 5133 43 26 qui
1072 5130 164 24 m'entourait

689 5158 31 23 de
734 5158 59 23 tant
806 5159 31 22 de
851 5160 68 23 soins
932 5162 89 21 n'était
1034 5167 48 22 pas
1096 5167 44 17 ma
1154 5160 80 23 mère!

719 5189 43 23 Un
785 5190 93 22 silence
901 5192 157 23 embarrassé
1082 5193 93 27 sépara
1196 5193 39 21 les

689 5220 66 22 deux
777 5220 73 21 amis.
872 5221 95 22 Marcel
989 5223 95 22 sentait
1106 5224 61 21 chez
1189 5226 47 19 son

689 5250 90 22 ancien
797 5251 134 22 camarade
949 5257 49 17 une
1015 5254 141 22 amertume
1173 5252 66 23 dont

689 5279 19 22 il
731 5285 32 16 ne
785 5280 134 26 parvenait
939 5282 72 26 point
1017 5277 33 27 'à
1072 5283 103 22 deviner
1197 5277 38 28 fes

690 5310 107 22 raisons.

718 5350 34 6 —
766 5340 58 22 Et...
840 5340 31 22 ta
885 5340 123 23 véritable
1022 5344 121 21 maman?
1161 5347 74 24 ques-

690 5370 145 23 tlonna-t-il,
868 5374 65 22 pour
963 5371 66 22 faire
1060 5374 132 26 diversion,
1208 5374 27 21 la

688 5399 97 22 vois-tu
801 5400 125 21 souvent?
1187 5413 17 9 -
1231 5391 7 30 I

719 5429 37 22 Le
772 5430 93 26 regard
881 5430 31 21 de
929 5430 85 23 Pierre
1031 5437 28 16 se
1077 5433 83 22 durcit
1177 5438 46 17 sou-

689 5458 67 23 dain.

721 5506 33 7 —
777 5496 105 26 Jamais,
909 5497 141 26 répondit-il
1076 5499 73 22 d'une
1172 5500 60 22 voix

689 5525 83 22 brève.
1090 5540 8 13 ,
1218 5539 12 12 „

719 5562 96 22 Marcel
836 5562 119 28 Bolsyval
975 5564 55 27 jeta
1052 5571 42 15 sur
1115 5570 47 18 son
1183 5566 51 22 ami

689 5597 36 17 un
743 5597 64 22 coup
826 5593 67 22 d'oeil
912 5594 130 27 stupéfait.

719 5640 33 6 —
766 5629 89 23 Est-ce
886 5636 49 22 que
966 5631 30 22 tu
1011 5632 27 22 la
1053 5633 178 26 mépriserais?

689 5660 163 27 suggéra-t-il
874 5661 59 22 d'un
955 5661 46 22 ton
1023 5662 34 22 où
1075 5663 101 27 perçait
1198 5668 36 18 un

688 5690 128 27 reproche.
832 5708 7 5 .

716 5738 33 5 —
761 5728 132 22 Comment
906 5728 107 27 peux-tu
1025 5733 124 23 supposer
1159 5731 80 21 cela?'

687 5758 44 22 Me
748 5758 107 28 çrois-tu
874 5763 72 17 assez
964 5758 35 22 vil
1016 5763 65 22 pour
1095 5760 90 26 jrougir
1201 5761 34 24 de.

686 5793 55 18 mes
754 5788 128 28 parents...
892 5792 68 24 pour
973 5789 38 22 les
1024 5789 89 27 renier,
1126 5789 19 23 à.
1158 5795 74 17 cause

1259 4769 59 22 d'un
1338 4771 166 27 changement
1523 4774 31 22 de
1574 4774 123 22 situation
1717 4775 33 21 dû
1771 4779 34 18 au

1259 4799 136 23 hasard?...
1648 4806 7 13 >

1288 4830 142 23 L'étudiant
1451 4837 31 17 en
1504 4834 67 21 droit
1592 4834 44 22 eut
1658 4839 35 16 un
1714 4834 79 22 hoche-

1257 4859 71 22 ment
1345 4860 31 22 de
1395 4861 52 22 tête
1464 4863 151 27 approbatlf.

1287 4899 33 6 —
1339 4889 30 22 Je
1389 4895 42 18 me
1451 4892 78 22 disais
1551 4894 76 25 aussi,
1649 4898 60 17 mon
1730 4894 75 21 vieux

1258 4919 87 22 Pierre
1368 4925 17 17 a
1409 4926 35 17 un
1467 4927 70 17 cœur
1560 4924 57 27 trop
1641 4924 68 26 loyal
1740 4929 64 22 pour

1258 4949 121 27 éprouver
1395 4951 44 22 des
1454 4953 149 22 sentiments
1619 4955 136 25 mesquins!

1288 4990 22 5 —
1309 4979 94 32 -_"*Kon:
1423 4982 60 22 non!
1504 4980 79 30 reprit
1601 4984 24 22 le
1643 4983 44 22 fils
1706 4984 88 22 d'Amé-

1257 5009 40 26 lie,
1321 5014 96 18 comme
1439 5016 32 17 en
1492 5013 102 26 parlant
1622 5014 18 21 &
1667 5014 136 26 lui-même,

1258 5044 29 18 ce
1301 5040 65 21 n'est
1381 5040 71 27 point
1466 5046 49 18 une
1532 5044 23 20 si
1570 5044 133 22 misérable
1718 5045 86 21 vanité

1258 5070 43 27 qui
1316 5075 41 16 me
1373 5070 89 27 sépare
1477 5072 31 22 de
1523 5077 44 18 ma
1582 5073 79 22 mère!

1287 5111 34 6 —
1333 5100 94 22 Alors?
1443 5101 53 26 Jeta
1510 5102 95 23 Marcel
1620 5108 106 22 presque
1741 5104 52 21 mal-

1258 5130 46 28 gré
1321 5131 41 20 lui.

1287 5160 86 24 Pierre
1397 5160 86 23 baissa
1506 5162 26 21 la
1558 5162 59 22 tête.
1652 5163 46 22 Ses
1722 5163 82 22 lèvres

1257 5190 163 22 tremblèrent
1436 5195 60 17 sous
1512 5197 49 16 une
1578 5192 63 22 onde
1658 5192 31 22 de
1705 5193 99 26 paroles

1257 5221 118 22 confuses
1391 5220 27 22 et
1434 5224 49 18 une
1499 5224 109 24 rougeur
1624 5222 120 22 soudaine
1762 5225 32 19 en-

1256 5251 73 22 vahit
1346 5255 46 17 son
1409 5250 94 27 visage.

1253 5276 4 18 :
1287 5292 33 5 —
1342 5279 107 23 Ecoute!
1473 5280 67 22 dit-il
1563 5280 184 28 brusquement,
1779 5282 25 26 Je

1257 5312 56 21 vais
1330 5310 27 23 te
1374 5310 97 22 confier
1487 5315 49 16 une
1554 5310 75 22 chose
1646 5316 48 21 que
1711 5311 26 26 je
1753 5311 52 22 n'ai

1256 5341 93 28 jamais
1370 5340 52 22 dite
1443 5339 18 23 à
1482 5344 131 23 personne.
1634 5340 55 22 Ton
1716 5342 88 22 amitié

1256 5373 27 21 te
1297 5372 81 22 donne
1389 5370 25 23 le
1427 5370 66 22 droit
1505 5370 18 21 à
1534 5375 49 16 une
1595 5369 59 22 telle
1667 5370 136 26 confiance,

1256 5408 41 20 en.
1305 5401 72 23 effet.

1286 5424 23 30 il
1323 5431 75 22 saisit
1409 5424 27 28 Ûl
1449 5430 70 22 main
1533 5429 31 23 de
1577 5429 97 22 Marcel
1689 5431 31 22 et,
1734 5430 60 27 plon-

1256 5461 80 29 geant
1354 5466 42 17 ses
1414 5460 106 27 regards
1540 5460 64 21 dans
1623 5458 38 23 les
1679 5460 125 26 prunelles

1256 5493 31 21 de
1303 5490 133 24 l'étudiant
1450 5495 33 17 en
1498 5489 74 23 droit

1284 5533 26 5 —
1309 5533 9 6 -
1338 5522 81 22 Entre
1439 5525 45 17 ma
1503 5520 77 25 mère,
1608 5523 44 17 ma
1681 5518 122 23 véritable

1256 5552 68 22 mère
1342 5552 27 22 et
1385 5551 59 25 mol,
1462 5550 19 23 il
1497 5555 33 17 ne
1548 5549 98 22 saurait
1664 5549 57 27 plus
1739 5550 53 21 exis-

1255 5582 41 22 ter
1310 5582 32 22 de
1356 5581 58 23 lien.

1285 5618 15 15 «
1324 5610 133 24 Comment
1487 5609 180 26 l'aimerais-Je,
1696 5608 105 23 hélas!...

1254 5642 118 28 puisqu'il
1390 5641 76 23 m'est
1485 5640 105 23 Interdit
1610 5639 32 23 de
1662 5638 138 23 l'estimer?

1285 5672 39 21 La
1347 5672 164 22 douloureuse
1535 5669 117 28 angoisse
1675 5668 45 28 qui
1742 5669 49 21 fris-

1255 5702 101 22 sonnait
1373 5702 65 22 dans
1457 5706 44 18 ces
1518 5700 100 28 paroles
1637 5698 35 22 fit
1690 5698 101 22 tressail-

1254 5732 34 21 lir
1301 5732 97 22 Marcel
1413 5731 126 27 Boisyval.

1286 5772 33 6 —
1342 5760 88 24 Grand
1452 5761 75 22 Dieu!
1554 5755 193 30 s'exclamà-t-fl,
1772 5757 30 23 ta

1255 5792 69 22 mère
1341 5791 163 22 aurait-elle...

1858 4787 33 5 —
1909 4776 55 22 Elle
1980 4781 20 17 a
2019 4776 104 21 commis
2142 4781 48 16 une
2210 4775 86 23 action
2314 4775 52 22 Indi-

1829 4811 56 26 gne,
1905 4811 36 17 un
1960 4805 120 22 véritable
2102 4806 83 24 crime,
2207 4806 27 21 et
2253 4805 24 22 si
2305 4805 71 22 toute

1828 4837 73 20 autre
1921 4835 88 28 qu'elle
2029 4839 28 17 se
2076 4835 44 22 fût
2139 4834 94 23 rendue
2253 4836 120 26 coupable

1828 4866 73 22 d'une
1916 4866 60 22 telle
1991 4859 91 31 action,
2096 4865 27 28 je
2138 4865 91 23 l'eusse
2246 4866 118 21 immédia-

1827 4896 97 22 tement
1940 4895 123 23 dénoncée
2080 4895 18 22 k
2113 4895 28 22 la
2156 4896 102 27 justice!

1859 4940 13 13 <
1886 4933 68 22 Mais
1967 4937 35 18 un
2013 4930 45 24 fils
2070 4937 31 16 ne
2115 4933 62 26 peut
2190 4933 75 27 juger
2278 4936 30 19 la
2323 4932 41 22 mè-

1828 4968 35 17 re.
1887 4963 23 22 Il
1932 4968 35 17 ne
1989 4960 62 30 peut
2073 4962 26 21 la
2124 4962 159 23 condamner.
2313 4963 61 21 Plus

1826 4992 69 22 forte
1917 4998 48 22 que
1987 4992 74 22 notre
2082 4992 105 26 volonté,
2210 4993 28 22 la
2258 4993 60 22 voix
2340 4994 33 21 du

1829 5027 65 23 sang
1914 5027 65 18 nous
2000 5021 131 23 arrtte'*et
2150 5028 65 17 nous
2236 5023 95 27 impose
2351 5023 24 22 le

1828 5053 99 21 silence.

1859 5096 12 13 <
1890 5089 68 22 C'est
1973 5087 121 29 pourquoi
2108 5088 26 27 je
2149 5094 42 17 me
2207 5090 53 21 suis
2277 5090 34 24 tu,
2330 5089 45 27 j'ai

1828 5120 118 21 renfoncé
1962 5119 64 22 dans
2039 5122 45 17 ma
2098 5123 78 23 gorge
2192 5119 24 22 lé
2233 5120 37 22 cri
2285 5120 32 21 de
2334 5124 31 17 co-

1826 5149 52 21 lère
1893 5150 27 21 et
1934 5149 31 22 de
1980 5144 104 28 dojùleur
2096 5148 57 22 tout
2166 5149 57 27 prêt
2238 5149 17 22 k
2272 5154 32 17 en
2317 5149 47 27 Jail-

1827 5177 42 23 lir!

1859 5221 15 15 «
1892 5216 67 21 Mais
1979 5215 17 22 à
2013 5214 82 28 partir
2112 5214 32 23 de
2162 5220 29 17 ce
2209 5215 66 27 jour,
2293 5216 26 27 Je
2339 5216 36 21 lui

1827 5245 26 22 ai
1867 5246 82 21 fermé
1964 5250 58 16 mon
2038 5249 74 16 cœur.
2129 5245 31 21 Je
2175 5250 32 17 ne
2222 5246 28 21 la
2264 5246 110 27 méprise

1826 5275 78 27 point
1924 5276 32 21 Je
1975 5275 105 26 l'igflore
2098 5274 27 22 et
2144 5280 43 17 ma
2205 5276 72 22 vraie
2297 5276 76 24 mère,

1827 5309 48 22 que
1889 5305 26 27 je
1928 5305 87 27 puisse
2027 5304 133 26 respecter,
2176 5305 63 22 c'est
2252 5305 28 22 la
2294 5310 80 17 veuve

1827 5335 31 21 de
1873 5340 60 17 mon
1950 5334 157 25 bienfaiteur,
2124 5335 62 21 c'est
2200 5339 105 18 maman
2319 5335 45 22 Ma-

1828 5365 130 22 rie-Anne!

1856 5402 96 22 Marcel
1975 5400 71 23 avait
2067 5400 92 24 assisté
2181 5401 192 27 profondément

1827 5431 58 22 ému
1905 5432 19 22 à
1944 5430 144 27 l'explosion
2109 5431 31 21 de
2168 5430 67 23 cette
2263 5431 109 25 douleur,

1827 5462 43 26 qui
1891 5462 62 21 chez
1975 5466 48 16 une
2045 5460 89 21 nature
2157 5460 81 23 calme
2262 5461 27 22 et
2310 5461 53 22 mal-

1826 5491 81 22 tresse
1929 5490 164 23 d'elle-même
2123 5491 97 21 comme
2250 5491 61 22 celle
2341 5491 32 21 de

1825 5520 93 27 Pierre,
1939 5518 102 30 prenait
2060 5522 36 18 un
2116 5520 129 23 caractère
2265 5524 108 24 presque

1826 5550 123 27 tragique.
1970 5561 8 6 -

1856 5580 124 22 Désireux
1998 5580 31 22 de
2047 5579 71 22 créer
2135 5585 49 17 une
2204 5580 131 25 diversion,
2354 5579 19 22 il

1826 5610 134 22 demanda:

1854 5637 4 19 '■
1857 5650 30 6 —
1906 5640 81 26 Ainsi,
2007 5639 34 26 tu,
2057 5642 33 19 ne
2111 5640 56 21 vols
2188 5644 106 22 presque
2315 5639 57 27 plus

1825 5670 69 22 Mme
1910 5670 109 21 Girodot.

1855 5711 33 5 _
1903 5700 107 21 Jamais!
2028 5699 24 26 je
2068 5698 53 22 sais
2136 5703 48 22 que
2200 5703 45 17 son
2262 5698 55 22 sort
2332 5698 41 21 est

1825 5730 89 24 assuré
1933 5730 28 21 et
1980 5734 48 21 que
2049 5733 30 17 sa
2098 5728 123 22 vieillesse
2241 5733 58 17 sera
2317 5727 45 28 pai-

1825 5760 62 21 sible
1901 5759 27 22 et
1942 5759 138 22 heureuw;.-

1855 5789 37 21 La
1913 5789 60 21 voix
1994 5788 35 22 du
2050 5787 75 27 jeun*
2146 5788 100 22 homme
2270 5787 100 22 i'altéra

2399 4777 27 22 et
2444 4778 17 21 il
2482 4778 101 25 acheva,
2604 4779 22 21 si
2644 4779 46 22 bas
2709 4784 48 22 que
2778 4785 45 16 son
2843 4781 52 21 ami
2913 4784 32 18 ne

2398 4807 48 27 put
2460 4808 143 22 l'entendre.

2427 4848 33 5 —
2478 4838 28 21 Si
2523 4838 121 22 toutefois
2664 4839 46 22 elle
2729 4840 40 21 est
2787 4840 17 22 4
2822 4840 73 22 l'abri
2914 4840 30 21 de

2398 4871 29 18 ce
2445 4867 93 22 hideux
2554 4868 124 23 fantôme:
2697 4870 24 21 le
2739 4870 123 22 remords!
2899 4888 7 6 .

2429 4902 14 15 «
2459 4898 54 21 Elle
2529 4898 40 22 est
2584 4898 74 23 drerre
2674 4899 30 22 de
2720 4899 147 27 compagrie
2883 4899 61 21 chez

2397 4931 36 18 un
2451 4927 69 23 riche
2539 4928 179 27 gentilhomme
2739 4931 43 25 qui
2801 4929 39 22 vit
2858 4928 19 22 à
2895 4928 39 21 Pa-

2398 4958 43 25 ris,
2458 4958 109 27 reprit-il
2581 4963 62 17 avec
2657 4959 86 22 effort.
2760 4958 84 27 Quatl
2858 4958 18 21 à
2889 4961 55 18 mes

2397 4988 89 25 frères,
2501 4988 58 22 tous
2574 4989 65 22 deux
2653 4988 58 23 sont
2725 4993 33 17 en
2768 4988 104 27 pension
2880 4986 64 26 dans

2398 5022 34 17 un
2447 5017 50 23 bor.
2514 5017 101 28 collège.

2426 5058 34 5 —
2479 5047 103 22 N'as-tu
2609 5052 48 23 pas
2685 5049 69 21 aussi
2783 5052 49 17 une
2854 5046 85 21 sœur?

2397 5077 149 27 questionna
2579 5078 102 22 Marcel.
2716 5079 42 21 Au
2795 5076 100 27 collège,
2913 5076 30 20 tu

2397 5107 66 22 m'en
2480 5107 95 28 parlais
2593 5107 161 28 quelquefois.

2428 5138 73 21 Celte
2519 5137 116 28 question
2652 5136 123 28 produisit
2793 5141 44 16 sur
2856 5135 86 21 Pierre

2397 5167 104 22 Girodot
2517 5172 35 17 un
2569 5167 65 22 effet
2649 5164 137 24 inattendu.

2427 5197 57 22 Une
2504 5198 87 26 pâleur
2603 5196 83 22 "livide
2704 5194 116 23 s'étendit
2838 5199 45 17 sur
2901 5197 41 17 ses

2398 5227 77 22 traits
2492 5231 27 18 et
2537 5227 18 22 11
2573 5226 88 22 frémit
2679 5226 31 21 de
2728 5225 58 21 tous
2804 5228 42 17 ses
2865 5228 67 16 mem-

2397 5256 58 22 bres
2474 5260 98 18 comme
2591 5256 29 25 si,
2641 5254 145 23 réellement
2805 5253 19 21 il
2844 5253 45 21 eût
2906 5257 35 17 vu

2399 5291 28 17 se
2445 5286 100 22 dresser
2562 5285 94 22 devant
2672 5284 36 22 lui
2727 5285 51 20 l'un
2795 5283 45 21 des
2859 5282 73 22 fantô-

2396 5321 55 17 mes
2475 5315 60 28 qu'il
2559 5313 117 28 évoquait
2698 5317 35 17 un
2757 5311 93 23 i"?tant
2884 5312 57 27 plus

2398 5346 45 21 tôt

2427 5386 32 5 —
2474 5375 55 21 Eile
2544 5374 39 22 rit
2598 5373 114 25 toujours
2715 5372 7 22 !
2740 5370 144 29 répondit-il
2901 5376 31 17 en-

2395 5404 40 22 fin
2448 5404 73 22 d'une
2533 5404 59 22 \oix
2605 5402 98 22 sourde.
2766 5394 4 27 i

2425 5433 96 23 Marcel
2536 5432 108 27 «ompr.t
2659 5436 48 23 que
2722 5436 42 16 c*.s
2778 5431 100 27 paroles
2892 5431 39 21 dis-

2396 5462 144 23 simulaient
2553 5461 104 28 quelque
2671 5460 99 22 sombre
2784 5460 111 28 mystère
2909 5462 32 24 et,

2398 5493 94 22 faisant
2515 5492 67 21 tiire
2603 5495 31 17 sa
2655 5489 124 27 curiosité,
2802 5490 107 23 affirma
2922 5486 21 27 *:

2425 5533 34 6 —
2481 5522 40 21 Ne
2552 5522 66 20 m'en
2648 5520 41 21 dis
2711 5524 47 22 p-s
2781 5519 64 28 plus,
2877 5521 63 21 ami!

2395 5552 77 25 Quels
2487 5555 48 23 que
2552 5550 83 22 soient
2650 5553 37 18 les
2706 5550 87 21 mo'-fs
2813 5551 43 26 qui
2870 5551 72 21 aient

2396 5587 35 22 pu
2447 5582 25 21 te
2488 5581 66 21 faire
2569 5580 64 26 agir,
2649 5579 26 27 Je
2690 5579 27 22 te
2732 5580 54 22 rais
2801 5580 58 27 trop
2875 5580 68 27 loyal

2397 5612 26 21 et
2444 5611 58 26 trop
2524 5609 124 27 généreux
2669 5613 64 22 pour
2754 5614 31 17 ne
2814 5614 33 23 po
2849 5610 6 14 :
2856 5610 30 22 nt
2914 5611 28 22 te

2395 5641 94 21 donner
2504 5644 85 16 rrufon
2607 5638 126 22 d'avance.

2425 5670 57 21 Une
2508 5668 135 27 énergique
2669 5667 106 28 poignée
2802 5669 31 22 de
2860 5670 82 21 malnâ

2395 5699 77 23 scella
2492 5698 67 22 cette
2581 5697 153 22 déclaration
2757 5699 116 23 cordiale.

2424 5729 68 22 Mais
2511 5728 60 26 déjà
2588 5728 87 22 Pierre
2694 5728 105 23 Girodot
2818 5729 64 23 était
2902 5734 30 17 re-

2395 5758 97 22 devenu
2516 5757 88 22 calme.
2628 5756 36 23 Et
2687 5762 29 17 ce
2739 5757 43 22 fut
2805 5758 58 22 d'un
2896 5759 44 22 ton

2394 5787 56 23 tout
2465 5787 121 23 différent
2602 5786 60 30 qu'il
2677 5787 91 30 reprit;

3042 4779 31 22 Je
3086 4778 27 22 te
3127 4776 119 23 remercie
3261 4776 26 22 et
3300 4775 152 22 n'attendais
3465 4779 48 23 pas

2967 4810 81 22 moins
3068 4808 32 22 de
3121 4807 46 22 ton
3188 4805 171 23 dévouement.
3381 4805 67 22 Mais
3471 4810 31 18 sa-

2967 4840 45 21 che
3033 4843 48 22 que
3104 4837 23 22 si
3150 4836 116 22 innocent
3287 4840 48 22 que
3356 4835 26 27 je
3405 4835 58 26 sois,
3485 4834 26 27 je

2967 4870 56 21 n'en
3042 4867 54 22 suis
3114 4871 47 23 pas
3180 4870 64 23 pour
3263 4866 56 22 cela
3338 4865 18 22 à
3374 4865 74 22 l'abri
3468 4864 44 23 des

2967 4897 131 28 reproches
3114 4896 31 22 de
3160 4900 44 17 ma
3219 4895 152 22 conscience.

2996 4933 15 15 <
3028 4926 53 27 Que
3097 4925 114 23 veux-tu!
3230 4925 49 22 Les
3302 4925 86 22 fautes
3405 4925 44 22 des
3467 4929 35 23 pa-

2966 4957 70 22 rents
3053 4955 141 23 retombent
3209 4960 46 17 sur
3270 4955 68 22 leurs
3355 4954 109 23 enfants.
3481 4955 31 21 Je

2965 4987 50 21 n'ai
3030 4990 48 23 pas
3092 4985 24 22 le
3131 4984 67 23 droit
3213 4985 32 22 de
3260 4985 69 23 lever
3344 4985 28 22 la
3386 4985 53 22 tête
3455 4984 58 22 tant

2966 5021 48 22 que
3034 5015 60 28 pèse
3116 5020 45 16 sur
3180 5020 60 17 mon
3260 5015 71 22 front
3351 5014 24 23 le
3396 5015 117 22 souvenir

2965 5046 31 22 de
3010 5046 26 21 la
3051 5045 129 21 mauvaise
3196 5045 84 22 action
3296 5045 31 22 de
3342 5050 43 17 ma
3402 5045 78 22 mère!

2997 5080 14 16 «
3029 5075 36 21 Et
3082 5075 62 21 c'est
3163 5079 65 22 pour
3253 5075 56 22 cela
3334 5080 48 22 que
3406 5075 47 26 j'ai
3471 5074 30 22 dé-

2967 5104 61 25 cidé,
3052 5105 73 21 sinon
3157 5104 31 22 de
3219 5104 119 26 l'oublier,
3364 5104 34 22 du
3429 5104 83 22 moins

2965 5135 32 21 de
3015 5134 104 27 l'expier
3135 5139 49 22 par
3201 5134 24 23 le
3242 5135 88 21 labeur
3348 5135 27 22 et
3392 5134 25 22 le
3435 5134 67 22 sacri-

2965 5164 58 22 fice.
3039 5163 89 23 Puisse
3146 5164 65 22 Dieu
3226 5164 37 22 lui
3281 5169 32 17 en
3328 5163 68 23 tenir
3414 5162 99 28 compte

2967 5199 32 16 au
3018 5194 59 27 Jour
3097 5194 33 22 où
3150 5186 47 30 eue
3224 5194 171 27 comparaîtra
3420 5193 94 22 devant

2966 5228 47 17 son
3027 5224 112 22 tribunal
3154 5224 125 28 suprême!

2996 5258 15 16 «
3029 5254 39 21 Tu
3086 5255 147 25 comprends
3253 5253 158 23 maintenant
3437 5256 64 23 pour-

2965 5283 59 27 quoi
3042 5284 27 26 je
3088 5284 74 22 mène
3182 5284 67 22 cette
3270 5283 125 23 existence
3415 5282 31 22 de
3473 5287 26 15 re-

2967 5313 60 25 clus,
3050 5313 122 28 pourquoi
3192 5313 28 27 Je
3241 5313 117 23 travaille
3379 5317 61 17 sans
3460 5311 41 22 trê-

2964 5348 55 16 ve...
3035 5344 122 27 pourquoi
3175 5344 28 21 tu
3221 5349 40 16 me
3278 5343 131 22 trouveras
3426 5341 34 22 ici
3477 5345 35 17 au

2965 5373 66 22 mois
3053 5374 85 21 d'août
3158 5374 69 21 alors
3247 5378 48 22 que
3315 5372 59 22 tous
3393 5375 55 17 mes
3469 5375 32 17 ca-

2964 5403 119 22 marades
3100 5403 59 22 sont
3176 5408 32 17 en
3217 5407 137 17 -vacances.

2997 5438 14 16 <
3028 5433 46 22 Ma
3088 5432 158 22 bienfaitrice
3260 5442 34 6 —
3309 5431 44 27 qui
3365 5434 66 24 pour
3444 5429 57 22 l'ins-

2965 5462 58 24 tant
3036 5468 28 17 se
3078 5463 86 26 soigne
3177 5462 18 22 à
3207 5460 187 23 Aix-les-Bains
3405 5469 34 6 —
3449 5458 52 23 m'a-

2965 5493 55 21 vait
3041 5492 122 22 demandé
3184 5492 32 22 de
3238 5491 73 22 venir
3331 5490 27 22 la
3378 5488 132 27 rejoindre.

2966 5522 63 22 Bien
3059 5527 48 21 que
3138 5521 56 22 cela
3216 5526 42 17 me
3280 5520 83 22 fendit
3384 5519 25 21 le
3434 5523 75 21 cœur,

2965 5552 46 26 J'ai
3032 5551 85 22 refusé
3138 5552 28 21 et
3187 5551 52 22 loin
3260 5550 31 22 de
3311 5549 71 22 toute
3405 5548 94 22 distrac-

2965 5582 61 24 tion.
3046 5581 26 27 Je
3092 5581 131 22 m'efforce
3242 5580 32 22 de
3293 5578 101 23 devenir
3413 5582 36 17 un
3470 5582 30 17 sa-

2965 5611 69 25 vant,
3052 5616 36 16 un
3114 5610 101 22 homme
3242 5608 125 23 vraiment
3386 5607 74 28 digne
3479 5607 31 22 de

2964 5646 29 17 ce
3008 5640 70 22 nom!

2997 5675 16 16 <
3032 5670 51 22 Car
3102 5669 100 25 vois-tu,
3221 5673 52 19 aux
3299 5667 91 23 heures
3415 5666 95 26 tristes,

2964 5705 51 16 aux
3032 5699 91 22 heures
3142 5698 144 22 mauvaises
3304 5697 33 22 où
3354 5697 24 22 le
3396 5697 114 22 meilleur

2964 5735 31 16 se
3014 5729 58 22 sent
3092 5728 147 27 découragé,
3268 5727 34 22 où
3329 5726 45 22 des
3404 5727 105 26 pensées

2964 5758 112 22 troubles
3097 5762 41 20 se.,
3153 5756 107 28 glissent
3280 5756 63 22 dans
3364 5756 72 23 notre
3456 5761 45 17 cer-

2964 5792 71 26 veau,
3051 5787 124 28 J'entends
3191 5792 34 18 au
3241 5786 62 24 fond
3319 5786 31 24 de
3367 5786 143 24 mol-même

3534 4780 50 17 une
3596 4775 60 22 voix
3666 4774 44 28 qui
3721 4779 42 18 me
3777 4774 48 22 dit:
3839 4778 15 17 <
3868 4772 147 23 Travaille...
4026 4772 44 22 tra-

3535 4805 97 22 vaille...
3649 4805 28 22 et
3693 4805 27 22 la
3737 4804 94 22 chance
3847 4803 27 22 te
3891 4802 189 23 favorisera!...»

3565 4846 33 6 —
3612 4836 36 20 La
3663 4834 103 23 chance!
3785 4834 122 21 Serais-tu
3923 4832 156 23 ambitieux?

3565 4875 33 6 —
3618 4864 49 22 Oui
3681 4864 27 23 et
3722 4864 85 23 non!...
3821 4864 32 22 Je
3868 4863 81 23 désire
3965 4862 58 28 plus
4038 4867 31 17 en-

3536 4899 58 18 core
3615 4899 48 23 que
3684 4899 30 17 ce
3733 4899 49 22 que
3802 4894 27 22 la
3847 4894 42 22 vie
3907 4904 34 6 —
3960 4892 121 28 pourtant

3538 4925 22 21 si
3577 4923 145 28 Indulgente
3738 4928 65 23 pour
3818 4922 53 23 mol
3885 4934 34 5 —
3933 4923 53 22 m'a
4000 4922 81 23 donné

3535 4954 99 28 jusqu'à
3649 4959 29 17 ce
3694 4954 79 27 jour...

3565 4984 38 22 Id
3620 4984 27 22 la
3662 4985 59 21 voix
3737 4983 35 22 du
3787 4983 75 28 jeune
3877 4982 101 23 homme
3995 4982 86 23 devint

3535 5014 57 28 plus
3608 5019 85 22 grave.
3708 5013 22 22 Il
3746 5013 44 22 eut
3805 5013 45 22 des
3865 5012 94 23 larmes
3972 5012 65 22 dans
4042 5012 39 21 les

3535 5049 73 22 yeux.
3625 5043 89 27 Quand
3731 5043 19 22 il
3767 5043 79 25 reprit
3863 5047 44 17 sur
3923 5047 36 18 un
3975 5042 45 22 ton
4038 5042 43 21 dé-

3536 5074 108 26 votleux,
3667 5076 26 19 et
3716 5072 137 23 martelant
3874 5072 96 27 chaque
3992 5071 55 23 mot
4071 5075 8 19 :

3565 5114 33 6 —
3609 5104 38 21 La
3661 5107 100 22 enance,
3776 5103 18 22 à
3806 5107 61 17 mon
3881 5103 62 25 avis,
3957 5106 60 17 mon
4032 5102 50 21 bon

3535 5133 102 26 Marcel,
3658 5133 63 22 c'est
3739 5137 50 18 une
3807 5133 78 21 douce
3904 5132 122 26 créature,
4045 5135 36 17 un

3536 5168 65 22 ange
3625 5161 32 23 de
3680 5162 111 22 candeur
3814 5161 26 22 et
3863 5161 32 22 de
3918 5161 95 28 pureté,
4036 5161 46 27 qui

3536 5192 99 27 compte
3663 5198 59 15 nu-as
3750 5191 75 23 doute
3846 5192 109 26 dix-sept
3974 5195 54 22 ans,
4058 5189 24 23 si

3535 5222 24 23 le
3581 5222 48 22 ciel
3648 5221 109 22 clément
3777 5226 18 17 a
3814 5221 104 27 protégé
3940 5226 41 16 ses
4001 5221 79 27 jours,

3535 5251 27 23 et
3578 5251 44 28 qui
3639 5251 140 27 s'epreHe...

3567 5291 29 7 --
3614 5281 49 25 Qui
3681 5280 132 28 s'appelle.,
3832 5280 34 22 fit
3882 5279 96 23 Marcel
3996 5280 73 22 boule-

3535 5311 72 21 versé
3628 5315 48 22 par
3696 5310 67 22 totte
3784 5308 138 24 révélation
3942 5310 71 22 aussi
4032 5310 37 22 im-

3534 5341 118 27 portante
3669 5340 175 27 q-i'lraprévuc.

3565 5370 66 22 Mais
3648 5369 59 27 drijà
3723 5369 85 22 Pierre
3827 5369 85 23 s'était
3930 5369 110 23 ressaisi
4057 5368 24 23 H

3536 5404 91 17 secoua
3645 5399 24 23 1?
3690 5399 52 22 lote
3762 5399 27 22 et
3807 5403 62 18 avec
3889 5404 35 17 un
3941 5401 90 20 ao:ent
4049 5399 33 22 de

3535 5429 122 27 profende
3679 5428 136 27 tenrfrerae,
3840 5428 19 22 il
3882 5429 116 28 répondit
4020 5429 50 22 sim-

3534 5458 121 28 plement:

3566 5496 4 13 i
3569 5497 30 7 —
3621 5487 69 23 Cest
3710 5491 60 18 mon
3792 5488 92 22 secret!

3564 5547 36 22 Le
3620 5547 96 22 bureau
3736 5548 35 22 du
3793 5548 126 23 directeur
3939 5548 34 22 du
3995 5547 87 24 casino

3534 5576 204 23 l'Alx-les-Balns
3763 5577 40 22 est
3834 5583 49 18 une
3914 5579 73 21 vaste
4011 5578 70 28 pièce

3534 5606 226 24 confortablement
3778 5608 120 23 meublée.

3564 5637 59 21 Aux
3643 5641 72 18 murs
3743 5637 46 23 des
3817 5639 109 22 affiches
3955 5638 126 23 alternent

3534 5671 62 18 avec
3613 5666 31 23 de
3661 5666 95 28 grands
3773 5669 89 21 cadres
3879 5668 80 26 dorés,
3977 5673 60 17 sous
4054 5668 27 22 la

3534 5697 65 22 vitre
3618 5697 115 27 desquels
3752 5698 113 22 sourient
3901 5698 38 22 les
3978 5698 102 27 effigies

3534 5727 144 27 gracieuses
3701 5727 31 23 de
3754 5728 86 22 toutes
3861 5727 38 23 les
3919 5727 161 23 charmantes

3533 5757 104 22 artistes
3657 5758 43 26 qui
3720 5758 45 23 ont
3784 5757 98 24 illustré
3900 5758 38 22 les
3959 5757 120 28 planches

3532 5787 35 22 du
3581 5786 109 27 théàtr*
3711 5781 38 26 >**
3893 5788 35 26 <A
3948 5788 114 29 suivre.).
