4024 5785
1023 35 9 2 _

1758 283 18 21 3
1809 284 40 19 La
1870 284 152 20 Dernière
2042 284 105 20 Heure
2183 283 19 21 3

72 349 104 60 LE
227 348 366 61 VOYAGE

93 434 60 47 DE
184 435 53 46 M.
272 435 301 47 MACDONALD

196 504 48 46 A
276 503 187 48 ROME

172 602 53 31 LES
244 601 245 31 COMMENTAIRES

125 647 41 30 DE
185 647 40 30 LA
245 647 111 30 PRESSE
376 646 164 30 ITALIENNE

95 710 79 22 Fome.
190 711 24 19 18
227 714 67 15 mars.
308 719 27 5 —
347 709 77 23 Esprit
438 707 98 23 réaliste,
551 713 29 16 vo-

70 734 62 21 lonté
147 735 27 19 de
189 735 60 23 paix,
262 734 164 20 collaboration
440 733 40 20 des
494 733 98 24 grandes

70 760 137 24 puissances,
225 759 43 20 tels
287 759 53 19 sont
370 758 32 20 les
433 758 55 20 trois
507 758 85 24 grands

71 785 75 23 points
164 788 42 20 que
224 783 149 23 développent
391 783 32 19 les
440 783 139 20 commentai-

70 813 36 16 res
124 809 28 19 de
172 809 23 18 la
214 812 75 20 presse
309 808 110 19 Italienne
438 808 120 19 consacrés
577 807 15 20 à

70 833 101 21 l'arrivée
183 833 29 19 de
226 833 31 19 M.
272 832 144 21 MacDonald
432 833 14 19 à
460 833 79 19 Rome.

96 858 41 19 Les
151 857 152 20 déc!arar!ons
317 857 70 20 faites
401 861 43 19 par
458 856 21 20 le
494 857 98 23 premier

70 881 114 22 ministres
202 882 88 22 anglais
308 881 15 20 à
341 881 77 20 Gênes
437 885 41 16 ont
496 882 37 19 été
552 886 27 15 ac-

70 907 98 21 cueillies
182 907 15 18 à
213 907 72 19 Rome
301 910 54 16 avec
370 906 177 20 enthousiasme.
561 907 30 18 Le

71 935 93 22 passage
181 931 57 20 dans
255 930 73 20 leouel
345 931 32 20 M.
393 929 144 22 MacDonald
554 930 25 19 af-

70 957 66 20 firme
155 960 27 15 sa
198 956 128 20 conviction
345 956 81 24 qu'une
444 955 82 20 étroite
544 954 35 20 col-

71 980 133 22 laboration,
218 980 162 24 spécialement
394 980 64 19 entre
474 979 32 19 les
522 983 57 18 gran-

71 1006 39 20 des
133 1007 93 18 nations
248 1006 31 19 du
302 1005 89 19 monde,
414 1003 125 25 permettra
563 1003 28 19 de

70 1030 68 21 tortir
151 1030 39 20 des
204 1028 125 21 difficultés
342 1028 114 23 actuelles,
468 1029 36 18 est
518 1027 60 24 parti-

71 1054 145 22 culièrement
231 1054 43 19 mis
290 1058 29 14 en
334 1052 72 20 relier.

95 1079 42 20 Les
151 1078 115 19 ministres
281 1076 94 24 anglais,
390 1076 55 20 écrit
458 1075 21 20 lc
497 1083 8 9 «
522 1075 68 20 Glor-

72 1103 50 21 nale
144 1102 27 20 û>
193 1103 94 18 Gcnova
311 1110 17 13 »,
351 1100 176 24 comprendront
547 1104 43 19 que

71 1128 33 20 les
118 1126 94 21 Italiens
227 1130 29 16 ne
274 1125 91 20 veulent
383 1129 41 19 pas
440 1124 151 25 transformer

71 1151 141 24 aujourd'hui
233 1155 29 15 en
282 1150 144 20 baïonnettes
443 1149 33 20 les
494 1153 49 16 socs
562 1149 27 20 dc

71 1177 58 20 leurs
146 1175 115 21 charrues.

95 1201 30 20 Le
145 1208 9 10 «
173 1200 88 20 Lavabo
277 1199 102 20 Fascîsta
399 1206 9 10 »
429 1198 56 21 écrit
504 1200 27 18 de
549 1202 41 15 son

71 1225 48 21 côté
141 1228 6 16 :
168 1224 32 20 les
217 1224 115 20 ministres
351 1222 88 24 anglais
457 1222 120 20 rencontre-

71 1251 50 20 ront
139 1249 55 20 chez
211 1249 20 19 le
247 1250 56 18 duce
321 1248 23 19 la
360 1247 115 20 meilleure
493 1246 84 24 Disposi-

70 1276 48 18 tion
131 1274 15 19 â
158 1273 124 20 collaborer
294 1273 14 20 &
322 1274 51 19 tout
387 1272 55 24 plan
456 1272 28 20 de
498 1275 80 16 recons-

71 1299 98 20 truction
184 1299 44 22 qui.
245 1297 65 24 après
328 1297 63 19 avoir
406 1296 72 20 revisé
493 1295 21 21 le
530 1295 48 24 régi-

70 1328 36 16 me
126 1322 113 24 européen
262 1321 82 22 actuel,
367 1321 55 24 peut
445 1319 108 21 conduire
576 1320 15 20 à

70 1352 44 16 une
130 1347 109 20 véritable
255 1350 54 21 paix
325 1346 65 20 entre
407 1345 33 20 les
457 1345 93 24 peuples
567 1345 24 20 et

70 1374 15 20 à
98 1372 23 20 la
136 1371 125 25 prospérité
277 1370 153 24 économique.
446 1380 27 5 —
487 1369 78 23 Belga.

92 1437 40 29 UN
160 1431 212 33 OCTOGÉNAIRE
400 1430 170 33 ASSASSINÉ

167 1507 42 21 (De
222 1505 66 20 notre
303 1504 196 24 correspondant.)

91 1537 71 22 Paris,
178 1537 25 19 18
220 1541 68 15 mars.
303 1546 27 4 —
346 1536 55 20 ("Par
417 1535 136 24 téléphone.)
571 1542 22 5 —

67 1563 36 20 Un
114 1562 75 21 crime,
199 1562 39 23 qui
248 1560 149 22 remonterait
407 1560 14 21 &
431 1560 58 20 deux
499 1561 69 21 jours,
579 1564 14 15 a

68 1587 35 21 été
117 1587 122 20 découvert
254 1586 128 21 seulement
397 1590 25 16 ce
440 1584 81 23 matin,
537 1585 15 20 à
569 1585 24 18 10

67 1612 87 21 heures,
167 1611 52 24 près
234 1611 28 21 de
278 1611 70 23 Lyon,
364 1610 15 20 à
394 1609 121 25 proximité
528 1610 28 20 de
570 1609 23 20 la

66 1641 118 17 commune
195 1636 28 21 de
235 1635 134 23 Quincieux.

92 1662 45 20 Des
149 1661 147 21 cultivateurs
309 1661 39 23 qui
362 1660 92 20 avaient
466 1659 14 20 à
490 1658 76 25 parler
579 1657 14 20 à

67 1687 31 20 M.
118 1686 100 23 Combet,
238 1685 150 22 octogénaire,
406 1685 58 20 dont
479 1683 23 21 la
521 1684 71 19 ferme

67 1713 35 19 est
117 1711 68 21 isolée
200 1716 31 15 en
247 1710 74 24 pleins
337 1709 101 23 champs,
454 1711 42 19 ont
510 1708 69 20 décou-

67 1737 50 20 vert
129 1741 42 16 son
184 1735 101 22 cadavre,
298 1734 83 21 étendu
394 1738 41 16 sur
447 1733 21 20 le
480 1733 41 21 sol,
534 1732 58 20 dans

66 1761 24 21 la
101 1761 84 22 grande
198 1760 56 21 salle
268 1761 31 19 du
312 1758 112 21 bâtiment
436 1756 155 22 d'habitation.

94 1785 97 21 Celui-ci
206 1784 56 22 était
277 1783 75 22 désert
364 1784 24 20 et
402 1783 21 21 le
438 1782 69 21 bétail
521 1781 70 21 errait

67 1810 14 21 à
92 1810 127 21 l'abandon.

92 1835 30 20 Le
145 1839 72 15 neveu
232 1835 27 19 de
272 1833 23 21 la
320 1832 97 23 victime,
429 1831 38 24 qui
492 1829 100 22 habitait

68 1864 52 17 avec
134 1859 43 21 elle
192 1858 79 24 depuis
285 1857 111 25 plusieurs
423 1855 91 23 années,
529 1855 62 21 avait

69 1886 95 22 disparu.

94 1910 28 19 Le
136 1908 81 21 défunt
229 1907 62 22 avait
305 1907 36 20 été
353 1906 39 22 tué
404 1907 29 20 de
448 1906 59 20 deux
520 1905 71 21 balles

70 1935 26 20 dp
108 1933 98 22 revolver
218 1932 58 21 dans
288 1932 23 21 la
324 1932 77 23 région
414 1931 31 20 du
457 1934 70 17 cceur.

93 1960 29 19 Le
137 1957 105 22 désordre
256 1958 39 23 qui
309 1956 89 24 régnait
414 1956 59 20 dans
489 1954 23 21 la
528 1954 62 25 pièce

68 1987 23 18 rt
106 1983 33 20 les
155 1983 67 20 salles
239 1982 96 20 voisines
369 1980 136 24 témoignait
521 1980 29 21 de
567 1979 25 20 la

68 2009 55 20 lutte
133 2008 108 20 farouche
251 2006 39 25 qui
300 2005 62 22 avait
372 2007 35 20 eu"
410 2005 46 21 Heu
467 2007 71 19 avant
548 2008 43 20 que

67 2033 21 21 la
107 2032 136 22 cultivateur
262 2031 95 23 tombât,
376 2030 81 24 frappé
476 2029 102 21 mortelle-

67 2060 70 19 ment.

92 2084 42 20 Les
145 2083 91 21 auteurs
248 2083 27 20 de
283 2081 24 21 la
319 2081 131 21 découverte
461 2079 132 25 prévinrent

67 2108 24 21 la
107 2107 154 25 gendarmerie
277 2108 31 20 et.
324 2105 88 24 d'après
424 2105 33 21 les
471 2103 121 26 premières

68 2132 173 23 constatations,
255 2132 22 21 le
292 2131 38 21 vol
342 2130 71 22 serait
427 2129 22 22 le
465 2128 81 22 mobile
561 2129 32 20 du

67 2159 77 19 crime.

92 2184 94 19 Aucune
202 2186 86 16 somme
303 2180 111 24 d'argent,
429 2179 86 21 honnis
530 2178 51 25 quel-

66 2212 56 19 ques
132 2208 85 19 francs,
227 2207 38 20 n'a
275 2210 32 20 pu
317 2205 48 21 être
376 2204 124 22 retrouvée.

93 2232 25 20 Si
131 2237 30 16 on
175 2231 58 21 croit
246 2231 21 21 le
283 2230 103 21 médecin
400 2229 39 24 qui
452 2228 108 21 examina
572 2227 21 21 le

67 2260 72 21 corps,
157 2255 177 25 quarante-huit
354 2254 82 22 heures
453 2259 25 16 se
494 2253 101 21 seraient

67 2281 90 26 passées
167 2282 64 20 entre
244 2280 21 21 le
277 2282 103 20 moment
392 2278 27 22 de
431 2278 23 21 la
466 2280 61 19 mort
536 2279 24 20 et
571 2278 23 20 la

65 2306 107 22 macabre
185 2305 132 21 révélation.

93 2332 45 19 Des
151 2330 133 21 recherches
296 2331 43 20 ont
351 2328 36 21 été
400 2327 195 21 Immédiatement

67 2356 135 24 entreprises
214 2360 57 19 pour
282 2355 118 19 retrouver
410 2354 21 20 le
444 2357 71 16 neveu
525 2352 28 21 de
563 2352 32 19 M.

68 2380 100 22 Combet,
179 2379 56 22 dont
245 2379 23 21 la
279 2379 57 20 fuite
348 2378 121 21 ressemble
479 2378 47 20 fort
537 2376 15 21 à
563 2381 32 16 un

68 2410 56 16 aveu
137 2406 27 20 de
177 2403 138 24 culpabilité.
346 2410 8 6 *

93 2431 37 20 On
143 2429 55 21 croit
211 2429 79 20 l'avoir
302 2433 36 18 vu,
348 2428 100 24 prenant
460 2426 21 22 le
493 2426 61 22 train
566 2432 29 15 en

67 2460 53 19 gare
131 2454 26 22 de
167 2454 135 23 Quincieux,
312 2453 14 20 à
337 2452 140 22 destination
486 2452 27 21 de
527 2451 69 24 Lyon.

638 736 93 23 Vienne,
746 737 24 20 18
780 741 68 16 mars.
861 747 27 4 —
898 736 137 23 Dénonçant
1047 736 79 20 l'immi-

612 766 72 16 nence
698 763 69 21 d'unt
777 761 110 21 tentative
900 762 27 20 de
939 766 59 19 coup
1010 761 77 21 d'Etat
1099 762 40 20 des

613 786 163 22 Helmwehxen,
790 786 105 24 quelques
907 786 95 23 députés
1015 786 112 21 social-dé-

613 812 111 19 mocrates
736 813 41 19 ont
789 811 89 23 déposé,
890 811 15 19 à
917 810 22 20 la
951 810 65 20 Diète
1030 811 27 20 de
1069 811 57 20 Vien-

613 840 36 18 ne,
664 841 45 15 une
725 836 169 23 interpellation
908 835 64 20 selon
988 835 96 24 laquelle
1099 837 40 19 des

612 861 145 22 contingents
787 860 100 20 seraient
918 860 105 21 casernes
1042 860 59 20 dans
1116 861 23 19 la

612 886 85 19 erande
710 884 111 21 banlieue,
831 884 50 21 afin
894 884 136 21 d'encercler
1040 885 23 21 la
1075 886 51 23 capi-

614 909 52 22 tale,
681 909 30 20 où
726 910 71 20 serait
815 909 75 21 tentée
906 914 45 16 une
968 910 85 23 action,
1069 910 21 22 le
1107 911 33 20 25.

613 935 25 18 26
653 939 60 15 mars
724 939 29 15 ou
767 934 13 18 2
794 933 63 21 avril.

637 957 193 25 L'interpellation
860 958 96 24 signale,
972 964 30 16 en
1019 960 73 22 outre,
1106 960 34 20 les

613 985 104 22 rapports
736 983 27 20 de
783 983 97 21 témoins
915 983 112 22 oculaires
1044 990 41 15 sur
1100 986 40 20 des

613 1009 154 19 mouvements
778 1008 169 22 inaccoutumés
959 1010 27 19 de
1000 1012 91 20 troupes
1103 1010 24 20 ré-

612 1032 95 22 gulières
733 1034 23 19 et
780 1032 141 23 irrégulières
947 1033 138 26 hongroises,
1110 1039 29 15 au

613 1057 80 20 abords
706 1057 39 20 rins
756 1057 98 21 stations
867 1058 122 21 frontières
999 1058 128 21 autrichien-

613 1086 46 15 nes.
673 1091 27 5 —
714 1082 83 20 Havas.

613 1125 10 11 «
636 1118 78 20 NOUS
726 1119 37 19 NE
776 1119 137 21 VOULONS
924 1121 54 19 PAS
992 1121 58 22 QUE
1064 1121 63 19 L'AU-

612 1143 110 20 TRICHE
740 1144 149 21 DEVIENNE
906 1145 59 20 UNE
982 1146 127 20 COLONIE
1129 1153 10 10 »

637 1173 94 23 Vienne.
749 1175 24 19 18
790 1179 67 17 mars.
874 1186 27 4 —
915 1176 20 20 Il
952 1181 28 16 ne
997 1176 84 21 semble
1098 1180 42 20 pas

612 1203 41 18 que
672 1198 149 25 l'impression
853 1201 110 23 produite,
978 1206 29 16 en
1025 1201 115 21 Autriche,

613 1228 41 16 oar
664 1223 32 23 les
710 1224 145 21 événements
868 1226 160 22 d'Allemagne,
1038 1225 45 21 soit
1095 1225 45 22 très

611 1247 91 25 propice
715 1249 14 20 à
741 1249 22 21 la
778 1249 63 21 thèse
853 1251 28 20 de
894 1250 144 20 l'Anschluss.

636 1273 39 20 On
689 1279 29 16 en
732 1276 53 19 veut
797 1279 56 18 pour
867 1279 82 19 preuve
963 1274 32 21 les
1008 1273 119 25 applaudis-

612 1300 101 19 sements
737 1299 167 21 enthousiastes
931 1299 52 24 qu'à
1011 1299 129 21 déchainés,

612 1323 59 21 dans
689 1328 46 17 une
757 1324 122 21 assemblée
898 1324 31 20 du
948 1323 105 22 syndicat
1072 1324 55 19 chré-

613 1348 54 22 tien,
679 1353 33 16 un
725 1348 101 22 discours
838 1349 30 20 du
882 1348 103 21 ministre
998 1348 28 20 de
1037 1348 102 20 l'Armée.

640 1379 10 11 ■
667 1372 64 21 Nous
746 1374 95 20 n'avons
858 1377 41 20 pas
914 1377 57 20 peur
985 1372 39 21 des
1039 1373 69 22 nazis,
1125 1377 13 15 a

615 1397 33 23 ■fit
662 1397 99 21 celui-ci.
774 1401 26 19 et
815 1403 57 16 nous
888 1403 28 15 ne
930 1398 94 19 voulons
1039 1402 41 19 pas
1095 1401 43 19 que

615 1423 121 26 l'Autriche
749 1424 109 19 devienne
872 1427 45 16 une
931 1422 93 20 colonie.

638 1447 61 21 Tant
712 1447 79 24 qu'elle
804 1452 29 16 ne
845 1452 50 15 sera
909 1451 42 19 pas
964 1446 59 21 fixée
1036 1451 40 16 sur
1085 1447 42 20 l'as-

614 1474 51 22 pect
676 1471 113 25 qu'aurait
802 1477 32 15 un
846 1471 190 24 rapprochement
1049 1476 90 16 austro-

615 1496 120 21 allemand,
747 1501 42 19 que
802 1501 110 19 personne
927 1501 30 16 ne
972 1496 83 21 touche
1070 1496 15 20 à
1097 1500 43 16 nos

615 1521 235 23 poteaux-frontières.
860 1528 10 10 -
882 1531 28 4 —
920 1521 84 20 Kavas.

189 2532 39 28 LE
253 2531 78 27 BEAU
356 2529 118 29 VOYAGE

169 2584 38 28 DE
233 2577 82 33 RENÉ
340 2580 162 29 LEFEBVRE

94 2652 62 25 Orly,
171 2653 25 20 18
210 2657 69 16 mars.
291 2662 28 5 —
332 2650 72 26 Après
418 2655 33 16 un
465 2654 85 21 voyage
565 2649 29 21 de

69 2678 70 20 30.000
156 2677 131 21 kilomètres
302 2677 14 20 à
333 2676 57 21 bord
408 2675 55 22 d'un
479 2674 69 21 avion
565 2674 29 20 de

68 2703 109 20 tourisme
192 2702 28 20 de
232 2702 25 19 45
273 2701 109 23 chevaux,
397 2700 119 20 l'aviateur
531 2700 63 20 René

68 2726 116 22 Lefébvre.
198 2726 28 20 de
242 2726 77 20 retour
333 2726 27 20 de
376 2725 92 24 Saigon,
483 2729 14 15 a
513 2723 81 21 atterri

68 2752 38 19 cet
123 2751 135 24 après-midi
274 2751 15 21 à
306 2750 147 21 l'aérodrome
468 2749 84 25 d'Orly.
568 2759 26 5 —

71 2777 85 20 Havas.

638 1659 91 21 Samedi
743 1658 132 23 après-midi
888 1660 53 20 s'est
953 1660 87 21 ouvprt.
1052 1665 30 16 au
1094 1660 33 20 Pa-

612 1684 43 20 lais
672 1685 41 19 des
732 1685 151 21 Beaux-Arts,
901 1684 22 21 le
942 1684 110 21 huitième
1069 1685 70 21 Salon

612 1709 39 20 des
660 1708 163 23 Xyloeraphes.

638 1734 29 19 le
684 1734 88 19 Comité
788 1733 159 22 organisateur
963 1733 62 22 avait
1039 1734 71 21 invité
1126 1733 15 22 k

612 1758 60 20 cette
683 1758 128 22 exposition
825 1759 32 20 les
880 1758 150 24 xylographes
1043 1759 99 22 italiens,

611 1782 39 23 aui
661 1783 88 21 étaient
759 1783 142 23 représentés
912 1788 43 18 par
963 1788 46 16 une
1021 1783 47 22 très
1079 1784 49 21 inté-

612 1808 102 20 ressante
734 1807 119 21 collection
868 1808 98 22 envoyée
986 1813 43 19 par
1045 1809 21 20 le
1085 1814 43 15 con-

611 1832 117 21 servateur
740 1833 31 21 du
782 1833 78 20 Musée
873 1833 39 20 des
923 1834 119 22 Estampes
1055 1833 27 21 de
1094 1834 35 20 Ro-

612 1861 43 16 me.

636 1887 78 21 Parmi
729 1887 33 22 les
798 1888 168 24 personnalités
998 1889 110 21 assistant
1127 1888 15 20 k

612 1912 184 23 l'inauguration,
823 1918 31 16 on
881 1914 141 23 remarquait
1050 1917 79 18 notam-

612 1939 64 19 ment
690 1938 57 20 MM.
759 1938 46 20 Jan
819 1938 93 21 Lasdin.
926 1939 104 20 ministre
1046 1938 28 21 de
1088 1939 41 20 Let-

613 1962 68 21 tonie,
694 1962 22 21 le
733 1964 74 20 comte
824 1963 116 21 Bonarelli
958 1963 24 20 di
999 1963 142 21 Castelhom-

612 1986 76 23 piano.
702 1984 84 26 chargé
817 1988 119 21 d'affaires
962 1988 96 22 d'Italie.
1072 1989 70 22 Nyns.

611 2012 122 21 secrétaire
750 2012 93 23 général
859 2013 31 20 du
908 2013 116 21 ministère
1042 2014 28 20 de
1086 2013 44 20 l'In-

611 2037 113 20 struction
740 2037 115 24 publique,
874 2036 162 26 représentant
1055 2037 22 21 le
1097 2038 33 20 mi-

613 2061 71 21 nistre
702 2062 106 24 Lippens,
826 2062 85 23 Cunéo,
927 2062 79 21 consul
1024 2062 89 22 d'Italie
1128 2062 16 22 à

613 2086 123 23 Bruxelles.
762 2087 178 22 Wauwermans,
968 2087 96 21 échevin
1078 2089 27 19 de
1121 2088 22 20 la

613 2111 52 21 »ille
676 2112 29 20 de
717 2111 124 22 Bruxelles,
852 2112 161 24 représentant
1025 2112 21 21 le
1059 2112 71 23 bourg-

614 2136 82 21 mestre
713 2137 63 22 Max,
793 2137 108 19 Fernand
917 2137 66 22 Cocq,
999 2137 81 20 ancien
1099 2141 31 16 mi-

615 2161 70 21 nistre
696 2162 29 20 de
739 2162 23 20 la
776 2161 95 23 Justice,
884 2161 21 20 le
917 2162 109 20 sénateur
1039 2162 104 23 Despret.

640 2192 43 21 Ces
696 2191 166 23 personnalités
876 2193 78 20 furent
965 2196 79 18 reçues
1056 2196 44 20 par
1112 2193 32 19 M.

614 2216 88 21 Sander
711 2217 100 21 Pierron,
819 2217 117 23 président
945 2216 29 21 de
985 2217 158 21 l'Association

615 2241 39 21 dss
684 2241 157 24 Xylographes
869 2241 83 23 belges,
979 2242 96 20 entouré
1103 2242 40 19 des

616 2266 110 21 membres
739 2266 27 21 de
781 2270 41 17 son
836 2266 90 23 comité,
940 2267 57 19 MM.
1010 2266 68 22 Louis
1090 2266 53 20 His-

616 2291 59 23 telle,
690 2291 61 21 Léon
766 2292 88 22 Perrin,
869 2292 52 20 Van
935 2291 132 21 Holsbeeck.

640 2322 32 21 Le
685 2321 70 21 Salon
767 2323 36 20 est
816 2321 47 22 très
876 2321 139 22 intéressant
1028 2323 31 21 et,
1070 2322 74 24 parmi

616 2346 32 21 les
662 2347 78 21 envois
754 2347 96 21 d'Italie,
865 2352 30 15 on
911 2352 126 19 remarque,
1050 2348 85 19 notam

617 2372 69 21 ment,
709 2371 39 21 des
772 2375 88 16 œuvres
884 2371 29 21 de
938 2371 57 20 MM.
1020 2371 124 23 Boccolari.

618 2396 115 21 Bianconl,
748 2396 78 21 Bruno
838 2396 88 20 Martili
942 2397 29 20 da
987 2396 85 23 Osimo,
1087 2397 44 19 Cas

617 2420 85 22 tellani.
714 2421 95 20 Casotti.
820 2421 28 20 de
860 2420 94 23 Carolls,
966 2421 103 23 Marcon,
1081 2421 51 20 Mor

617 2446 94 22 biducci,
724 2445 131 24 Ranigianl,
868 2445 92 21 Villanl.

642 2476 77 20 Parmi
731 2476 33 21 les
778 2476 82 24 belges,
873 2477 84 21 notons
973 2476 27 22 de
1014 2476 46 21 très
1075 2476 69 21 belles

617 2501 79 22 choses
709 2502 28 20 de
753 2502 45 19 Jan
824 2502 51 19 Van
903 2502 126 23 Cleemput.
1042 2502 101 19 Maurice

617 2526 90 22 Brocàs.
725 2526 116 20 Fieullien.
858 2526 40 20 Jef
914 2527 34 20 D;
963 2527 76 21 Pauw.
1053 2526 91 20 Roland

618 2549 50 22 Van
692 2550 96 22 Hoecke.
810 2550 63 24 Wils,
896 2551 88 24 Joseph
1008 2550 137 24 Hendrlckx,

618 2576 98 21 d'autres
725 2580 88 16 encore.

643 2607 65 20 Cette
724 2606 47 22 très
786 2606 58 21 belle
857 2606 126 23 exposition
999 2607 87 21 restera
1102 2611 29 16 ou

618 2633 61 19 verte
693 2632 104 24 jusqu'au
810 2631 25 20 29
846 2636 68 16 mars.
926 2641 28 5 —
963 2632 26 20 T.

70 2841 131 27 ZINGARA
216 2841 37 26 VA
275 2835 78 32 ÊTRE
375 2833 221 33 ÉLECTROCUTÉ

96 2908 87 22 Miami.
202 2909 23 19 18
239 2912 95 16 mars.—
350 2907 42 21 Joë
412 2907 106 23 Zingara,
537 2911 42 16 con-

74 2933 80 21 damné
172 2932 15 21 k
204 2933 60 20 mort
283 2936 57 20 pour
357 2932 21 20 le
396 2932 100 19 meurtre
515 2931 28 20 de
561 2932 32 19 M.

74 2958 99 23 Cermak,
189 2957 21 20 le
226 2957 73 20 maire
317 2957 28 20 de
364 2957 107 22 Chicago,
500 2957 38 23 qui
555 2956 38 20 fut

74 2982 163 21 mortellement
249 2981 72 21 blessé
335 2985 30 16 au
379 2985 65 16 cours
458 2981 28 20 de
500 2980 81 20 l'atten-

74 3008 35 19 tat
123 3008 74 20 contre
211 3007 32 20 M.
259 3005 127 24 Roosevelt,
402 3009 51 17 sera
468 3005 113 21 électrocu-

74 3031 24 22 té
110 3031 69 21 lundi.
192 3042 27 5 —
231 3031 93 20 Reuter.

71 3104 36 28 LA
128 3099 148 32 TEMPÊTE
302 3102 78 28 DANS
406 3102 37 27 LA
469 3102 127 28 MANCHE

96 3172 134 24 Cherbourg,
253 3173 25 19 18
301 3176 69 16 mars.
392 3181 28 5 —
439 3171 34 21 La
495 3171 99 24 tempête

70 3196 95 24 éprouve
179 3197 23 20 la
217 3197 139 24 navigation.
372 3196 38 20 Un
425 3200 59 20 coup
499 3196 28 19 de
541 3197 53 18 vent

71 3226 15 15 a
105 3222 43 19 mis
164 3226 31 16 en
212 3221 120 23 difficulté,
349 3225 42 20 par
408 3220 21 21 le
448 3222 89 19 travers
554 3220 40 20 des

72 3246 113 24 Casquets,
203 3250 46 18 une
267 3246 97 24 goélette
384 3245 123 23 française,
522 3245 39 26 qui
580 3250 14 14 a

71 3270 37 21 été
128 3271 102 23 rejointe,
251 3271 153 24 espère-t-on,
424 3274 44 20 par
490 3270 40 20 des
551 3274 31 15 na-

72 3295 57 20 vires
144 3295 27 20 de
185 3300 101 20 passage.

95 3326 42 20 Les
150 3330 156 20 remorqueurs
322 3334 10 9 «
346 3327 84 19 Nessus
446 3334 9 9 »
471 3326 25 20 et
511 3333 9 10 «
535 3326 59 19 Bar-

70 3350 60 20 fleur
146 3359 18 14 »,
177 3351 27 20 de
221 3352 23 19 la
260 3351 89 20 marine
365 3351 115 23 militaire,
494 3355 25 16 se
534 3351 49 19 tien-

70 3376 56 19 nent
139 3375 62 24 prêts
217 3376 14 20 à
247 3375 33 20 lui
296 3376 77 23 porter
388 3379 92 17 secours
496 3380 30 16 au
542 3380 39 20 pre-

72 3400 55 20 mier
143 3400 73 25 appel.
230 3410 28 5 —
270 3400 84 21 Havas.

160 3467 95 33 EXCÈS
274 3466 165 33 HITLÉRIEN
466 3472 39 27 EN

185 3518 295 38 TCHÉCOSLOVAQUIE

96 3591 95 24 Prague,
209 3591 25 20 18
252 3595 68 16 mars.
336 3601 28 4 —
379 3592 43 19 Les
439 3590 114 21 Incidents
567 3591 29 19 de

71 3615 186 25 Katharinaberg
269 3616 36 22 où,
317 3615 59 21 dans
388 3616 24 19 la
423 3616 52 19 nuit
487 3615 31 21 du
530 3616 24 19 15
566 3619 30 16 au

72 3640 25 20 16
118 3644 68 20 mars,
209 3640 39 20 des
269 3640 119 20 hitlériens
408 3640 127 20 allemands
556 3641 41 19 ont

70 3664 94 25 pénétré
175 3670 30 16 en
217 3665 113 20 territoire
342 3664 186 24 tchécoslovaque
540 3668 58 20 pour

70 3690 124 24 s'emparer
217 3690 27 20 de
264 3689 247 20 sociaux-démocrates
536 3689 49 23 fugi-

71 3714 47 23 tifs,
129 3716 24 18 et
165 3714 41 21 ont
219 3714 168 20 mortellement
399 3713 72 21 blessé
485 3718 32 16 un
529 3714 68 24 Jeune

72 3739 87 20 ouvrier
187 3739 186 23 tchécoslovaque
402 3739 39 24 qui
456 3743 25 16 se
497 3739 100 19 trouvait

73 3766 39 16 sur
123 3763 49 21 leur
184 3764 98 23 chemin,
294 3768 15 16 a
321 3768 28 16 eu
359 3768 44 16 son
414 3763 58 21 écho
483 3767 30 16 au
526 3763 72 21 Sénat

74 3787 188 26 tchécoslovaque.

99 3816 30 20 Le
151 3818 101 22 ministre
275 3818 28 21 de
322 3818 130 21 l'Intérieur
473 3823 16 16 a
508 3818 89 21 déclaré

73 3845 44 20 que
130 3841 38 20 des
180 3847 97 16 mesures
291 3844 87 20 étalent
391 3844 72 24 prises
477 3847 58 21 pour
547 3847 37 16 em-

73 3865 85 25 pêcher
175 3866 20 20 le
210 3870 77 18 retour
305 3868 28 20 de
353 3868 105 24 pareilles
477 3868 120 20 violations

73 3891 32 20 du
118 3890 111 21 territoire
243 3892 191 25 tchécoslovaque.

98 3920 52 21 Une
170 3920 118 22 démarche
308 3924 14 19 à
342 3928 26 16 ce
385 3923 63 23 sujet
468 3928 21 19 a,
508 3924 88 19 d'autre

73 3945 60 24 part,
150 3944 37 21 été
203 3945 56 20 faite
273 3947 14 20 à
302 3947 78 21 Berlin
396 3952 43 20 par
455 3948 24 20 la
495 3948 100 24 légation

73 3970 29 21 de
126 3969 200 25 Tchécoslovaquie
350 3973 24 19 et
397 3973 21 20 le
443 3973 105 20 ministre
567 3973 29 20 de

72 3994 210 23 Tchécoslovaquie,
295 3996 76 20 rentré
386 3997 27 20 de
429 3998 78 24 congé,
522 3998 62 19 inter-

73 4019 96 20 viendra
182 4023 82 15 encore
278 4021 209 24 personnellement,
502 4014 82 32 aujour-

75 4043 69 24 d'hui,
157 4042 83 25 auprès
251 4042 28 21 de
291 4044 32 19 M.
335 4048 44 16 von
390 4046 108 21 Neurath.
509 4057 28 6 —
546 4047 49 20 Ha-

74 4072 48 18 vaa.

109 4132 63 29 UNE
197 4132 157 28 CURIEUSE
379 4129 191 36 EXPÉRIENCE

101 4201 77 23 Oand,
193 4201 24 20 18
230 4205 68 17 mars.
311 4211 28 5 —
351 4201 51 20 Une
417 4202 99 21 curieuse
529 4205 54 24 expé-

75 4225 76 21 rience
165 4226 31 20 du
212 4226 106 20 domaine
333 4225 28 21 de
375 4225 23 20 la
411 4226 74 21 T.S.F.
498 4232 36 19 ou,
547 4230 50 23 plus

74 4251 146 19 exactement
238 4249 107 25 exprimé,
364 4250 72 24 ayant
467 4250 56 21 trait
552 4257 46 17 aux

76 4275 70 20 ondes
163 4275 140 23 herziennes,
320 4275 54 20 s'est
391 4274 105 21 déroulée
512 4278 86 19 samedi

75 4299 136 25 après-midi
226 4300 15 20 à
254 4300 181 23 Langerbrugge,
449 4304 30 15 en
494 4299 104 24 présence

76 4324 27 21 de
121 4324 112 24 plusieurs
251 4324 167 25 personnalités
451 4324 74 23 parmi
554 4325 44 19 les-

75 4349 52 24 quel
141 4350 58 19 MM.
215 4349 21 20 le
253 4348 93 25 général
363 4350 97 22 Duprez,
476 4348 20 20 le
514 4349 85 22 colonel

74 4374 97 22 Tancre,
188 4373 21 20 le
227 4373 75 24 major
319 4372 123 24 Tcirlinck,
458 4371 93 25 délégué
567 4375 33 20 du

75 4398 105 20 ministre
194 4398 28 20 de
235 4398 23 20 la
274 4397 98 21 Défense
387 4396 125 25 nationale,
525 4397 21 20 le
560 4403 27 16 ca-

75 4422 88 24 pitaine
178 4423 53 19 Van
247 4422 128 22 Driessche,
391 4421 22 20 le
431 4425 124 20 procureur
569 4424 31 19 du

76 4447 35 19 roi
124 4447 34 19 De
170 4447 79 23 Heem,
262 4447 50 21 etc.,
325 4446 60 20 ainsi
398 4450 44 18 que
457 4446 40 20 des
509 4446 79 20 notabi-

76 4470 53 20 lités
159 4471 33 19 dn
224 4471 83 19 monde
338 4470 181 24 radiophonique
537 4472 25 19 et
579 4471 22 20 le

77 4495 129 21 lieutenant
223 4494 41 20 des
282 4495 114 23 pompieos
415 4494 88 20 Galsse.

103 4518 156 24 L'expérience
275 4518 57 21 était
346 4519 58 20 faite
419 4523 43 20 par
476 4520 32 19 M.
522 4519 66 23 l'ingê

77 4542 68 21 nieur
160 4543 104 20 Edmond
279 4543 92 20 Vander
388 4543 91 23 Stegen,
495 4544 45 24 qui,
557 4543 32 21 s'é-

77 4568 54 19 tant
147 4567 88 21 alarmé
248 4567 41 20 des
303 4567 91 20 récents
410 4567 104 21 sinistres
529 4569 60 19 mari-

77 4592 68 20 times
163 4592 26 20 et
208 4592 78 20 autres
305 4591 159 24 catastrophes
483 4592 119 21 terrestres

77 4617 44 21 tels
136 4616 172 25 qu'explosions,
324 4616 63 20 avait
403 4618 57 18 tenu
475 4616 15 21 k
506 4616 84 21 démon-

76 4643 49 19 trer
136 4641 52 25 qu'à
201 4641 67 20 l'aide
282 4640 56 20 d'un
351 4640 81 24 simple
446 4641 102 23 appareil
561 4641 34 20 dé-

77 4667 93 24 cepteur
191 4666 29 20 de
241 4666 76 20 T.S.F.
338 4665 18 21 11
376 4666 37 19 est
434 4665 48 20 fort
505 4665 47 20 aisé
574 4666 27 20 de

77 4695 126 21 provoquer
217 4695 46 16 une
275 4690 59 21 mise
349 4689 15 21 k
377 4690 41 20 len
431 4694 30 16 ou
476 4694 44 16 une
535 4689 55 21 déto-

77 4717 87 20 nation.

102 4740 127 25 L'appareil
243 4740 121 24 récepteur
378 4739 94 20 servant
487 4738 15 21 à
517 4738 72 26 l'expé

79 4764 79 25 rtence,
174 4765 48 21 très
238 4765 144 22 concluante,
399 4764 90 24 captait
506 4763 34 21 les
558 4768 31 15 on

80 4788 38 21 des
130 4790 52 21 d'un
195 4789 103 26 appareil
311 4789 114 22 émetteur
438 4788 164 21 fonctionnant

80 4817 38 16 sur
131 4818 43 17 une
187 4815 112 25 longueur
314 4814 81 21 d'onde
412 4813 28 21 de
456 4814 26 20 35
498 4813 92 21 mètres.

103 4839 22 19 A
144 4839 65 21 l'aide
231 4840 56 21 d'un
308 4839 117 24 dispositif
446 4837 87 25 spécial
554 4838 48 20 fort

79 4861 85 27 simple,
182 4864 39 21 des
241 4864 127 21 vibrations
400 4862 188 22 électro-mécani-

80 4891 53 20 ques
147 4889 114 23 produites
288 4889 16 21 à
332 4889 24 20 la
384 4887 119 25 réception
519 4890 71 21 provo-

80 4913 69 22 quent
164 4917 31 16 un
212 4914 159 22 court-circuit
387 4913 40 25 qui
443 4917 26 16 se
487 4912 114 20 transmet

79 4940 43 20 par
140 4941 31 16 un
192 4938 26 21 fil
237 4938 148 23 conducteur,
404 4937 16 21 à
439 4941 33 17 un
493 4941 107 16 morceau

80 4960 123 27 d'amadou,
216 4964 38 24 qui
270 4964 45 20 fait
331 4962 99 22 flamber
446 4966 29 16 ou
491 4961 109 24 exploser,

78 4985 21 21 le
113 4990 29 17 ou
155 4987 32 21 les
201 4992 39 16 cas
254 4987 145 22 déterminés.

102 5011 60 21 Peur
178 5013 39 20 des
233 5013 81 21 motifs
331 5012 28 21 de
378 5010 105 24 sécurité,
499 5021 29 6 —
543 5010 46 22 l'ex-

78 5034 101 24 périence
199 5037 103 24 pourrait
322 5037 48 21 être
391 5037 85 24 reprise
496 5040 44 21 par
560 5035 40 21 des

79 5062 113 20 amateurs
210 5062 150 24 Imprudents,
378 5072 29 5 —
425 5065 59 16 nous
504 5065 31 16 ns
555 5064 32 22 pu

79 5083 69 22 blions
164 5090 41 20 pas
219 5086 33 21 les
266 5086 84 20 détails
365 5086 32 21 du
411 5085 146 22 mécanisme.

104 5109 80 22 Disons
211 5111 109 20 toutefois
346 5115 44 20 que
419 5110 149 25 l'expérience
585 5113 14 16 a

79 5133 161 23 parfaitement
254 5135 72 21 réussi
343 5135 14 20 à
373 5135 59 21 faire
448 5134 104 26 exploser
566 5138 33 17 un

80 5156 137 24 détonateur.

76 5228 38 29 AU
143 5231 37 29 1er
205 5226 162 33 RÉGIMENT
387 5231 212 28 D'ARTILLERIE

101 5298 92 25 Anvers,
205 5299 25 21 18
242 5303 69 17 mars.
320 5309 28 5 —
358 5298 158 23 Aujourd'hui,
526 5298 22 22 le
561 5300 37 19 ler

77 5320 109 24 régiment
203 5323 139 24 d'artillerie,
362 5323 115 20 cantonné
499 5328 31 17 au
551 5323 48 21 fort

77 5346 37 22 IV.
127 5348 15 20 à
156 5348 148 22 Vieux-Dieu,
319 5352 15 15 a
349 5347 87 21 célébré
451 5353 26 15 sa
492 5349 47 20 fête
554 5352 31 16 an

78 5371 79 21 nuelle.
175 5372 71 25 Après
265 5376 44 21 que
325 5371 22 21 le
366 5371 88 21 colonel
473 5374 66 19 Donv
559 5373 39 20 eut

78 5397 64 20 passé
157 5397 34 21 les
206 5397 93 24 troupes
312 5400 29 17 en
358 5400 75 18 revue,
448 5396 22 20 le
486 5396 112 24 régiment

77 5419 51 20 s'est
142 5420 73 21 rendu
230 5425 31 16 au
275 5420 135 20 monument
424 5424 46 17 aux
483 5423 72 20 morts
569 5422 28 19 de

79 5443 97 25 Mortsel.
197 5445 30 21 où
245 5449 45 16 une
311 5444 58 21 belle
390 5448 113 17 couronne
526 5450 15 15 a
562 5445 36 21 été

78 5466 92 25 déposée
186 5475 31 15 au
230 5474 55 16 nom
301 5469 32 19 du
348 5467 118 24 régiment.
481 5471 35 19 De
531 5475 55 16 nom-

78 5491 89 22 breuses
182 5492 111 21 autorités
308 5492 132 21 assistaient
455 5494 15 19 k
485 5493 60 22 cette
560 5494 26 20 cé-

80 5514 103 24 rémonie.

101 5540 50 21 Une
161 5541 116 24 réception
285 5545 14 16 a
309 5545 29 17 eu
347 5540 46 22 lieu
402 5540 88 24 ensuite
500 5546 31 18 au
539 5547 60 17 mess

80 5563 37 23 des
130 5566 108 21 officiers.

617 346 75 46 LE
716 346 172 48 COUP
912 337 227 57 D'ÉTAT

632 415 87 46 DES
752 416 321 47 HEIMWEHREN
1094 416 24 47 ?

662 512 56 30 DES
738 513 140 31 DEPUTES
898 513 194 32 SOCIALISTES

642 558 40 30 EN
702 551 187 38 DÉNONCENT
907 558 205 31 L'IMMINENCE

702 629 62 30 UNE
788 629 263 31 INTERPELLATION

684 674 22 30 A
725 675 40 29 LA
785 668 91 36 DIÈTE
896 674 41 30 DE
956 673 115 31 VIENNE

617 1593 35 26 LE
664 1593 56 26 8me
734 1592 96 27 SALON
846 1592 57 27 DES
919 1592 221 28 XYLOGRAPHES

665 2702 40 28 UN
732 2702 78 28 BEAU
839 2702 81 28 COUP
947 2703 38 27 DE
1011 2702 89 28 FILET

718 2772 42 22 (De
774 2771 65 20 notre
854 2771 195 24 correspondant.)

643 2802 71 22 Paris.
739 2803 23 19 18
784 2806 69 16 mars.
874 2812 28 5 —
926 2803 55 20 (Par
1002 2801 140 25 téléphone).

617 2838 27 4 —
664 2826 72 25 Après
758 2832 44 19 u_ne
825 2827 82 23 longue
925 2826 155 24 surveillance,
1102 2827 40 19 des

617 2851 103 23 policiers
733 2854 40 18 ont
785 2850 81 23 arrêté,
877 2851 65 24 place
956 2851 28 19 de
997 2851 23 19 la
1032 2851 97 23 Républi-

617 2880 49 19 que,
681 2875 60 21 alors
757 2875 65 25 qu'ils
839 2875 133 20 revenaient
988 2875 67 21 d'une
1073 2874 56 24 expé-

617 2900 73 20 dition
705 2904 29 16 en
747 2899 105 22 banlieue
868 2899 58 20 dans
942 2904 45 17 une
1003 2899 139 21 camionette

617 2923 94 22 dérobée
728 2929 45 15 aux
782 2924 81 24 .halles
880 2924 120 23 centrales,
1016 2924 52 24 cinq
1082 2924 46 20 dan-

617 2953 83 19 gereux
716 2948 167 25 cambrioleurs,
900 2949 52 21 tous
968 2948 112 25 plusieurs
1097 2948 45 21 fois

618 2972 145 22 condamnés.

644 3005 31 19 Ce
686 3004 54 21 sont
753 3003 76 22 André
843 3004 81 24 Royer,
937 3003 102 21 Maurice
1053 3003 90 25 Morlet,

617 3029 67 20 Louis
697 3029 142 23 Thouvenot,
852 3028 77 21 André
943 3028 83 24 Juigné
1040 3029 24 20 et
1077 3029 65 20 enfin

618 3054 100 23 Georges
734 3053 136 25 Vergniaud,
891 3052 124 22 domiciliés
1034 3054 60 23 tous,
1113 3058 29 15 en

618 3077 70 21 hôtel.

644 3107 72 24 Après
733 3107 180 25 interrogatoire,
929 3107 33 22 les
981 3107 52 25 cinq
1049 3107 82 22 malfai-

619 3132 63 20 teurs
697 3133 42 20 ont
756 3131 36 22 été
808 3131 97 25 envoyés
922 3137 30 15 en
965 3133 84 24 prison.

712 3210 38 27 LE
775 3209 59 28 FEU
858 3210 19 27 A
902 3210 79 27 BORD
1007 3209 40 28 DU

709 3265 20 16 «
746 3261 268 28 SCHWARZEUFELS
1030 3269 20 17 »

644 3312 93 21 Anvers.
751 3311 25 20 18
789 3315 68 17 mars.
868 3321 29 5 —
908 3311 31 20 Le
953 3310 39 22 feu
1005 3312 38 21 oui
1054 3315 14 17 a
1082 3309 48 22 écla-

618 3336 24 21 té
661 3336 15 20 à
688 3336 57 20 bord
763 3336 30 20 du
812 3336 99 19 steamer
927 3343 10 9 «
946 3334 178 24 Schvarzenfels
1132 3343 9 9 »

620 3362 36 19 n'a
673 3365 42 20 pas
731 3361 133 24 gravement
879 3360 86 20 atteint
981 3361 21 20 le
1018 3360 87 21 navire.

643 3386 70 20 L'eau
726 3389 15 16 a
753 3385 36 21 été
803 3383 94 25 pompée
909 3385 23 19 et
946 3384 23 20 la
983 3384 160 22 marchandise

618 3409 90 21 avariée
731 3408 97 22 enlevée.
850 3411 35 19 Au
906 3410 84 20 bateau
1012 3410 80 22 même,
1110 3410 33 19 les

619 3435 79 22 dégâts
713 3434 42 21 ont
767 3439 31 20 pu
811 3433 49 21 être
875 3433 176 24 complètement
1064 3433 80 25 réparé

620 3460 23 19 et
656 3459 21 20 le
691 3458 79 21 navire
782 3462 14 16 a
809 3462 31 21 pu
853 3458 85 25 quitter
950 3458 21 20 le
983 3459 52 24 port
1049 3462 57 21 pour
1119 3463 24 16 se

621 3483 80 21 rendre
715 3483 15 21 à
745 3483 137 23 Hambourg.

767 3547 57 28 LES
849 3541 140 34 BEAUTÉS

693 3599 39 28 DU
758 3598 308 29 CONTINGENTEMENT

785 3650 38 28 DU
851 3650 129 28 POISSON

645 3719 107 22 Ostende.
767 3719 25 20 18
805 3723 68 17 mars.
887 3729 27 5 —
927 3719 31 20 Le
973 3717 90 23 Conseil
1075 3717 55 25 supé-

619 3744 61 21 rieur
698 3745 28 20 de
744 3744 23 20 la
785 3744 70 25 pêche
873 3744 115 20 maritime
1005 3743 54 21 s'est
1077 3742 66 21 réuni

619 3769 87 20 samedi
728 3768 135 25 après-midi
885 3769 14 20 à
921 3767 108 25 Ostende,
1046 3771 53 17 sous
1120 3767 23 20 la

619 3793 131 24 présidence
767 3793 28 20 de
813 3794 31 19 M.
859 3791 75 22 Baels.

644 3820 21 19 A
674 3818 81 21 l'ordre
767 3818 31 21 du
809 3818 53 24 Jour
872 3817 95 24 figurait
975 3817 21 21 le
1008 3816 122 23 contingen-

619 3843 88 20 tement
723 3843 31 20 du
770 3842 99 26 poisson.

643 3869 43 19 Les
700 3867 111 25 pêcheurs
822 3867 24 20 et
860 3866 128 21 armateurs
1002 3870 24 17 so
1037 3867 106 20 trouvent

618 3892 145 24 aujourd'hui
776 3892 59 21 dans
847 3896 45 15 une
903 3891 112 21 situation
1026 3891 38 25 qui
1075 3891 68 20 laisse

618 3921 45 20 peu
682 3916 103 24 d'espoir,
804 3917 15 20 à
838 3916 75 21 moins
932 3920 43 20 que
995 3916 33 20 les
1047 3916 96 20 service?

618 3940 142 26 compétents
773 3940 194 21 n'Interviennent
982 3940 29 20 de
1026 3940 64 21 toute
1103 3943 29 17 ur-

618 3971 77 19 gence.

643 3992 21 20 H
681 3991 36 20 est
733 3995 30 16 en
780 3990 59 20 effet
856 3989 91 26 prouvé,
964 3994 43 20 que
1020 3989 24 20 la
1061 3989 82 21 fraude

617 4016 32 21 du
662 4016 98 24 poisson,
771 4015 50 21 créé
835 4019 42 21 par
890 4016 22 20 le
926 4014 218 24 contingentement,

617 4041 96 20 s'exerce
725 4041 68 20 d'une
805 4041 69 23 façon
885 4039 108 21 continue
1006 4041 23 20 et
1041 4043 45 17 une
1096 4038 35 21 lar-

618 4070 27 19 ge
659 4065 86 22 échelle
759 4065 15 21 à
789 4064 23 20 la
827 4064 117 21 frontière.

642 4091 47 20 Des
715 4088 116 27 quantités
860 4089 29 20 de
916 4088 92 26 poisson
1037 4087 105 25 étranger

617 4115 110 20 viennent
740 4113 97 21 Inonder
848 4113 21 21 le
883 4112 94 22 marché
990 4113 24 20 et
1027 4112 117 21 avilissent

617 4139 33 20 les
668 4140 52 24 prix
738 4143 32 18 au
788 4138 124 21 détriment
931 4138 40 20 des
990 4138 111 25 pêcheurs
1120 4138 24 20 ct

618 4165 134 21 armateurs.

642 4188 99 21 L'année
759 4189 49 20 1931
824 4192 15 16 a
856 4187 36 21 été
908 4187 61 26 prise
986 4191 87 16 comme
1089 4187 55 20 base

618 4217 57 19 pour
688 4213 24 21 la
726 4213 99 21 fixation
839 4212 32 21 du
885 4212 178 24 contingement.
1076 4211 21 21 H
1109 4211 35 20 est

618 4236 84 24 prouvé
716 4242 42 21 que
770 4242 58 21 pour
841 4237 34 20 les
889 4237 60 21 deux
962 4236 110 26 premiers
1085 4235 59 22 mois

619 4261 28 20 de
664 4262 89 21 l'année
772 4263 57 23 1933,
845 4267 42 16 nos
904 4262 112 25 pécheurs
1030 4262 41 20 ont
1088 4264 44 20 cap-

620 4285 50 22 turé
684 4287 51 24 plus
750 4287 28 20 de
795 4287 101 20 1.500.000
912 4287 36 24 kg.
963 4287 29 21 de
1007 4286 92 25 poisson
1114 4290 29 15 en

620 4309 50 23 plus
686 4316 42 19 que
741 4315 58 21 pour
813 4311 24 20 la
853 4312 73 20 même
940 4312 85 24 époque
1041 4311 29 20 de
1084 4312 47 20 l'an-

621 4332 41 21 née
678 4335 27 20 de
721 4337 164 23 comparaison.

646 4358 33 20 La
693 4360 142 22 commission
850 4360 88 26 prévolt
952 4359 103 27 qu'après
1069 4360 23 20 le
1104 4364 27 16 ca-

621 4380 67 25 rême,
709 4384 23 20 la
752 4385 51 24 plus
822 4386 86 23 grande
929 4385 75 26 partie
1026 4386 29 21 de
1077 4385 66 20 notre

622 4405 90 22 flottille
729 4413 50 15 sera
797 4409 85 25 obligée
900 4410 28 21 de
947 4410 99 22 chômer,
1064 4415 26 16 ce
1105 4409 38 25 qui

622 4431 69 19 serait
709 4437 31 16 un
757 4433 101 21 désastre
876 4439 58 20 pour
951 4435 34 20 les
1002 4435 95 21 milliers
1115 4434 29 21 de

623 4458 121 19 personnes
760 4458 38 23 qui
812 4459 77 20 vivent
906 4459 28 20 de
951 4459 60 22 cette
1024 4459 119 21 Industrie.

647 4478 32 20 I*
692 4481 142 21 commission
846 4483 146 25 interpellera
1005 4484 21 21 le
1038 4484 105 21 ministre

624 4502 127 24 compétent
764 4506 15 20 à
792 4511 25 15 ce
831 4508 68 23 sujet.

649 4527 140 23 Continuant
801 4535 41 16 son
854 4533 65 20 ordre
930 4533 31 20 du
974 4534 58 24 Jour,
1043 4533 24 21 la
1080 4538 50 17 com-

623 4551 92 22 mission
733 4552 60 23 émet
810 4556 21 20 le
846 4561 52 17 vœu
915 4557 29 20 de
960 4559 50 20 voir
1026 4559 117 20 renforcer

623 4576 33 18 les
674 4579 65 17 cours
758 4578 152 26 scientifiques
929 4587 58 18 pour
1005 4583 95 22 patrons
1119 4584 24 19 et

624 4600 116 22 apprentis
755 4602 15 20 à
786 4602 23 20 la
822 4604 77 24 pêche.

649 4623 32 20 Ils
702 4624 94 22 devront
813 4633 95 19 prouver
930 4631 64 24 qu'ils
1015 4633 82 20 savent
1117 4637 26 15 se

622 4651 12 16 s
649 4671 5 11 i
682 4652 12 15 r
724 4650 167 25 pratiquement
922 4655 39 20 des
993 4656 149 22 instruments

624 4672 160 25 scientifiques.

624 4697 73 36 fo£*ti
699 4697 36 21 nn
748 4698 29 35 _}"
792 4698 81 22 séance
874 4718 5 6 -
895 4707 30 16 on
937 4704 96 24 procéda
1049 4706 15 21 à
1078 4707 52 20 l'ins-

624 4721 105 21 tallation
748 4723 39 20 des
804 4728 118 19 nouveaux
940 4730 117 23 membres,
1071 4732 14 20 à
1104 4736 25 16 sa-

624 4748 49 17 voir
685 4746 56 21 MM.
754 4748 115 22 Maertens
881 4751 24 20 E.
919 4752 23 19 et
969 4754 129 22 Verstraete
1109 4757 22 20 R

624 4771 186 21 respectivement
820 4773 112 21 directeur
942 4776 23 20 et
975 4777 128 25 inspecteur
1113 4772 29 29 aii

624 4794 116 20 ministère
752 4795 40 20 des
801 4797 105 21 Travaux
918 4800 95 24 publics;
1027 4804 26 19 M
1071 4805 72 21 Bever

623 4818 31 22 E..
667 4818 159 24 représentant
842 4822 32 19 La
891 4823 85 23 Panne,
991 4827 101 21 Pauwels
1115 4830 27 18 de

623 4842 194 26 Blankenberghe,
833 4845 26 21 V.
875 4847 110 24 Steyaert.
1001 4855 57 19 pour
1073 4853 58 20 Nleu-

623 4867 58 23 port.
696 4867 51 20 Van
763 4868 141 22 Vlaenderen
920 4872 24 20 et
958 4873 136 24 Zonnekeyn
1109 4878 21 19 R

624 4895 58 19 pour
694 4892 107 20 Ostende.
1063 4889 12 12 *
1138 4892 6 9 ■

624 4955 36 28 LA
685 4949 141 35 DÉFENSE
851 4957 38 28 DE
913 4957 36 29 LA
973 4957 171 35 FRONTIÈRE

813 5007 39 28 DE
876 5008 88 29 L'EST

649 5074 42 21 Les
707 5074 94 21 comités
817 5076 28 20 de
860 5075 24 20 la
899 5076 113 22 Chambre
1030 5078 30 21 du
1076 5080 56 21 Com

622 5104 83 19 merce,
717 5099 31 21 du
761 5099 72 21 cercle
848 5107 9 9 »
873 5101 42 19 Les
927 5101 58 21 XXI
999 5110 18 13 »,
1029 5103 39 20 des
1080 5106 51 19 Ami-

623 5124 44 21 tiés
678 5124 140 23 Françaises,
832 5124 27 21 de
872 5124 23 20 la
908 5125 68 23 Ligue
988 5126 120 23 Wallonne
1120 5130 25 19 et

623 5150 28 20 de
669 5149 24 20 la
709 5148 137 21 Fédération
863 5149 40 20 des
919 5150 99 20 Anciens
1036 5152 96 21 Combat-

622 5174 65 21 tants
707 5174 72 23 ayant
798 5172 52 21 tous
869 5172 49 21 leur
937 5173 60 24 siège
1017 5173 16 22 k
1051 5175 94 25 Dinant,

622 5199 42 20 ont
681 5198 91 22 adressé
790 5202 30 15 au
837 5197 104 21 ministre
959 5199 28 20 de
1005 5198 24 21 la
1046 5200 98 21 Défense

622 5223 125 22 nationale,
760 5226 33 16 un
806 5222 66 20 ordre
887 5223 32 20 du
933 5222 52 24 jour
999 5223 59 21 dans
1073 5224 72 24 lequel

621 5248 30 21 ils
669 5247 128 26 protestent
815 5247 79 20 contre
914 5246 21 21 le
953 5247 79 21 retard
1050 5250 95 23 apporté

622 5273 60 21 dans
693 5271 136 22 l'exécution
842 5271 40 20 des
894 5270 97 22 travaux
1003 5272 30 20 de
1045 5274 56 19 mise
1115 5278 30 16 en

620 5298 51 21 état
685 5297 28 21 de
728 5296 93 21 défense
837 5296 27 20 de
878 5295 24 20 la
916 5295 109 21 frontière
1040 5297 29 20 de
1084 5298 59 20 l'Est.

647 5322 32 21 Ils
696 5321 126 21 réclament
839 5324 33 16 un
888 5324 65 19 corps
970 5321 122 20 autonome
1108 5322 24 20 ré-

621 5347 62 24 parti
700 5350 44 21 par
758 5345 112 20 fractions
886 5344 22 20 le
924 5344 54 24 long
995 5345 28 20 de
1040 5345 23 20 la
1079 5346 53 20 fron-

621 5371 57 21 tière
691 5371 28 21 de
733 5369 62 24 l'Est,
809 5368 143 22 c'est-à-dire
966 5369 89 24 mobile,
1067 5370 67 24 dispo-

620 5397 55 19 sant
693 5396 28 20 de
741 5395 76 20 toutes
848 5393 33 21 les
915 5397 74 17 armes
1007 5393 138 21 nécessaires

620 5425 59 20 pour
694 5420 33 20 lui
744 5419 123 25 permettre
884 5418 72 22 d'agir
971 5418 50 20 seul
1037 5419 24 20 et
1077 5423 68 16 parer

621 5450 30 16 au
667 5445 52 25 plus
736 5443 83 26 pressé.

646 5470 32 20 Us
694 5469 117 21 déclarent
826 5467 67 21 enfin
907 5471 44 20 que
965 5466 109 25 l'opinion
1088 5468 43 20 wal-

620 5493 69 21 lonne
703 5498 29 16 ne
745 5498 23 16 se
784 5493 94 20 laissera
892 5496 42 20 pas
947 5492 82 20 berner
1042 5496 42 20 par
1098 5496 46 17 une

620 5518 145 20 satisfaction
782 5517 99 20 illusoire
898 5517 24 20 et
940 5516 60 20 aussi
1016 5516 67 21 vaine
1100 5521 43 20 que

621 5542 24 20 la
661 5541 104 22 création
783 5542 56 20 d'un
859 5548 12 13 c
890 5540 113 25 régiment
1022 5541 28 20 de
1070 5541 60 20 Chas-

621 5571 63 15 seurs
699 5566 123 23 ardennais
837 5573 19 15 ».

1161 349 54 46 LE
1248 347 170 49 PRINCE
1434 348 61 46 DE
1517 348 170 47 SAVOIE

1227 421 78 37 DUC
1329 420 71 37 DES
1423 420 196 36 ABRUZZES

1226 472 118 37 VIENT
1379 472 54 36 DE
1467 471 60 36 MO
1529 471 93 36 URIR

1229 549 30 31 IL
1277 548 99 31 AVAIT
1395 547 156 31 SOIXANTE
1570 548 61 30 ANS

1236 619 62 31 UNE
1317 618 54 31 VIE
1389 618 71 30 .BIEN
1479 618 137 30 REMPLIE

1184 670 79 22 Rome,
1279 669 24 20 18
1319 673 66 16 mars.
1400 678 27 4 —
1441 668 30 21 Le
1486 668 78 24 prince
1577 668 67 20 Louis
1660 668 27 20 de

1159 694 88 23 Savoie,
1259 695 45 21 duc
1321 695 38 19 des
1376 692 111 20 Abruzzes
1500 696 25 18 et
1540 693 80 20 cousin
1636 697 39 19 ger-

1160 719 62 21 main
1238 720 30 20 du
1282 718 41 21 roi.
1335 720 35 19 est
1385 720 61 18 mort
1459 718 60 20 cette
1531 718 53 20 nuit
1599 722 30 16 au
1644 717 33 19 vil-

1160 744 49 23 lage
1220 743 53 24 qu'il
1285 743 62 21 avait
1358 741 70 22 fondé
1439 742 52 24 près
1502 743 28 19 de
1540 741 147 25 Mogadisque

1162 769 129 23 'Erythrée)
1307 773 25 17 et
1344 767 40 24 qui
1396 767 61 21 avait
1472 766 47 25 pris
1532 772 43 15 son
1586 771 62 16 nom.
1661 776 27 5 —

1160 793 82 20 Havas.

1254 823 43 21 UN
1310 822 103 21 GRAND
1430 821 164 21 VOYAGEUR

1182 854 64 18 Rome,
1259 854 20 16 IS
1291 856 59 13 mars.
1362 860 22 4 —
1395 852 25 16 Le
1434 852 64 18 prince
1512 852 56 16 Louis
1580 852 24 16 de
1617 852 67 16 Savoie

1161 879 48 16 était
1222 879 24 16 né
1258 882 24 12 en
1296 878 46 17 1973,
1357 878 11 15 X
1380 877 82 16 Madrid,
1475 876 52 16 alors
1538 880 36 15 que
1586 880 35 12 son
1635 877 49 18 père,

1161 904 17 16 le
1195 904 64 19 prince
1274 902 85 18 Amédée,
1376 903 36 15 duc
1428 902 81 17 d'Aoste,
1525 901 49 16 était
1589 902 29 15 roi
1632 902 43 15 d'Es-

1162 932 66 16 pagne.

1183 953 69 16 Inscrit
1265 955 71 14 comme
1351 954 73 14 mousse
1437 951 50 16 dans
1501 950 19 17 la
1534 951 73 16 msrlne
1621 951 63 18 royale

1161 981 25 13 en
1202 978 46 18 1879.
1262 977 13 16 11
1290 979 55 14 entra
1360 976 12 16 k
1386 975 113 17 l'Académie
1514 975 68 16 navale
1596 979 25 13 cn
1637 976 47 16 1884.

1162 1003 15 15 Il
1188 1002 25 16 fit
1224 1006 22 12 sa
1256 1002 91 19 première
1359 1001 87 16 croUlère
1457 1004 23 12 en
1491 1000 99 19 Amérique
1602 1001 25 15 du
1639 1000 44 17 Sud.

1162 1027 11 16 k
1190 1027 46 16 bord
1253 1027 22 15 de
1292 1026 12 16 1'
1313 1032 8 9 «
1339 1026 73 16 Améric
1428 1026 83 18 Vespuce
1528 1030 16 13 >,
1561 1025 66 16 d'août
1644 1025 40 16 1889

1162 1052 11 15 à
1188 1052 68 15 février
1270 1052 46 17 1891.
1331 1052 19 15 et
1365 1051 30 16 fut
1410 1050 74 16 nommé
1497 1050 36 16 duc
1546 1050 33 16 des
1593 1050 91 16 Abruzzes

1162 1080 34 15 par
1208 1080 34 12 son
1258 1076 58 18 oncle,
1332 1076 17 16 le
1364 1076 29 15 roi
1407 1075 91 16 Humbert
1512 1074 37 18 1er.
1563 1078 25 12 en
1604 1075 47 15 1890.

1182 1101 27 16 En
1223 1101 46 17 1900,
1282 1100 12 16 il
1307 1101 88 17 orRftnisa
1408 1103 44 13 avec
1459 1099 20 16 -le
1491 1099 86 16 vaisseau
1590 1104 9 10 «
1612 1099 63 16 L'Etoi-

1162 1126 16 15 le
1189 1125 73 16 Polaire
1273 1130 8 10 •
1294 1125 18 16 la
1324 1125 84 16 fameuse
1419 1124 107 19 expédition
1538 1127 24 12 au
1573 1123 43 16 Pôle
1628 1124 56 20 Nord,

1162 1153 24 13 au
1201 1153 55 13 couis
1270 1150 22 16 dc
1305 1149 79 19 laquelle
1399 1149 13 16 11
1428 1149 50 16 subit
1492 1148 134 20 l'amputation
1639 1148 45 16 d'un

1162 1174 56 19 doigt.

1182 1199 17 16 II
1213 1199 94 19 participa
1322 1199 114 16 activement
1450 1198 11 17 k
1475 1198 19 16 la
1509 1201 65 16 guerre
1587 1198 98 16 ltnlo-tur-

1162 1227 34 15 que
1209 1224 20 15 ct
1241 1224 30 15 fut
1283 1223 45 17 chef
1340 1223 133 19 d'état-major
1486 1223 23 16 de
1520 1223 19 16 la
1552 1223 73 16 marine
1639 1226 36 16 pen-

1161 1248 48 16 dant
1225 1247 20 17 la
1262 1248 71 19 grande
1351 1251 65 16 guerre
1435 1248 94 16 d'octobre
1548 1248 41 16 1915
1607 1251 12 12 a
1634 1250 51 14 mars

1162 1272 47 17 1917.

1182 1296 17 17 H
1216 1297 85 16 effectua
1315 1297 23 16 de
1356 1297 104 16 nombreux
1477 1300 81 15 voyages
1575 1297 69 16 autour
1660 1297 25 16 du

1161 1322 67 16 monde
1244 1323 19 15 et
1277 1322 88 19 organisa
1382 1322 93 19 plusieurs
1491 1321 118 20 expéditions
1624 1322 52 16 scien-

1161 1346 83 19 tifiques,
1266 1348 119 15 notamment
1405 1347 46 15 celie
1474 1347 23 15 de
1518 1346 120 19 l'Himalaya,
1661 1350 25 13 au

1161 1375 55 12 cours
1229 1371 23 16 de
1265 1371 86 19 laquelle,
1366 1375 23 12 en
1402 1372 40 15 mal
1456 1371 48 19 1909,
1519 1372 14 16 11
1547 1372 91 18 atteignit
1648 1375 38 13 une

1161 1396 81 16 altitude
1256 1396 23 16 de
1293 1396 49 18 7,500
1356 1396 76 16 mètres.

1181 1421 17 15 A
1214 1420 20 16 la
1251 1421 30 15 fin
1298 1421 23 15 de
1338 1421 19 16 la
1374 1424 72 16 guerre,
1461 1421 15 16 U
1494 1424 20 13 se
1530 1421 65 16 rendit
1612 1425 24 12 en
1651 1422 25 16 So-

1161 1445 62 17 malie,
1240 1445 24 16 où
1280 1445 13 17 il
1309 1449 21 13 se
1345 1449 93 13 consacra
1452 1446 12 16 k
1479 1446 140 19 l'exploitation
1635 1447 42 19 agri-

1160 1470 40 16 cole
1214 1471 20 15 et
1250 1470 125 18 industrielle.
1389 1479 24 4 —
1427 1471 64 19 Belga.

1163 1528 37 28 LE
1225 1528 101 28 PEROU
1352 1529 39 28 SE
1417 1529 99 28 FACHE
1533 1530 18 26 A
1567 1525 122 32 GENÈVE

1188 1583 99 24 Genève,
1304 1584 25 20 18
1342 1589 70 15 mars.
1426 1594 28 5 —
1469 1585 31 19 Le
1517 1585 90 20 Conseil
1625 1586 28 19 de
1666 1586 23 19 la

1161 1608 23 20 S.
1197 1609 28 20 D.
1238 1609 28 20 N.
1279 1613 14 15 a
1306 1609 90 24 adopté,
1409 1609 15 21 à
1438 1609 150 23 l'unanimité,
1602 1609 21 21 le
1635 1613 43 20 rap-

1161 1634 52 22 port
1227 1634 24 19 et
1262 1633 34 20 les
1310 1634 224 20 recommandations
1549 1634 38 23 qui
1602 1634 33 20 lui
1649 1635 40 19 ont

1161 1657 37 21 été
1213 1658 117 24 présentés
1348 1662 43 20 par
1406 1658 21 20 le
1447 1658 88 21 Comité
1554 1658 40 20 des
1613 1658 36 20 III
1666 1659 24 18 et

1162 1682 39 24 qui
1219 1684 42 19 ont
1281 1682 36 21 été
1337 1682 105 24 analysés
1459 1682 51 20 hier
1529 1687 43 20 par
1591 1683 99 23 l'agence

1162 1707 84 20 Havas.

1187 1732 34 19 La
1234 1727 115 25 Colombie
1366 1732 63 20 avait
1445 1732 92 23 accepté
1552 1732 21 20 le
1589 1734 101 21 rapport.

1162 1756 30 21 Le
1212 1756 162 24 représentant
1394 1757 30 20 du
1444 1756 73 20 Pérou
1535 1761 15 15 a
1570 1756 120 20 maintenu

1164 1781 104 23 Jusqu'au
1294 1781 55 20 bout
1372 1785 43 16 son
1439 1780 129 24 opposition
1590 1781 25 19 et
1635 1780 16 20 il
1676 1784 14 16 a

1163 1805 73 24 quitté
1258 1810 55 16 avec
1333 1805 60 21 éclat
1415 1806 22 19 la
1460 1805 60 21 table
1540 1805 31 21 du
1594 1805 96 22 Conseil,

1163 1834 54 16 sans
1229 1830 73 20 même
1314 1830 98 24 prendre
1426 1830 76 23 congé.

1188 1855 31 19 Le
1234 1854 118 24 président
1367 1859 14 15 a
1397 1855 48 23 pris
1458 1855 50 20 acte
1525 1854 27 21 de
1568 1854 110 24 l'accepta-

1164 1879 49 20 tion
1227 1879 109 20 unanime
1354 1879 31 20 du
1400 1880 95 23 rapport
1509 1880 24 19 et
1547 1878 40 21 des
1602 1883 75 16 recom-

1164 1904 153 20 mandations.
1330 1913 27 5 —
1371 1904 84 20 Havas.

1236 1962 136 34 RÉUNION
1399 1968 223 28 NATIONALISTE

1316 2019 225 27 INTERROMPUE

1187 2074 110 24 Louvain,
1310 2075 25 19 18
1347 2079 68 16 mars.
1427 2085 29 5 —
1467 2076 31 20 Ce
1510 2075 53 22 soir,
1574 2074 22 21 le
1608 2078 82 21 groupe

1164 2099 105 22 flamand
1289 2108 8 8 ■
1315 2100 126 20 Verdinaso
1460 2108 10 9 •
1491 2100 63 23 avait
1587 2099 105 23 organisé

1163 2129 46 16 une
1222 2124 104 23 réunion,
1337 2125 60 21 dans
1409 2129 43 16 son
1464 2124 59 21 local
1535 2125 27 20 de
1574 2125 24 20 la
1610 2129 41 16 rue
1664 2125 27 20 de

1163 2149 133 23 Tirlemont,
1306 2149 15 21 à
1332 2149 108 20 Louvain.

1189 2175 32 19 M.
1239 2174 52 20 Van
1307 2174 98 21 Severen
1423 2174 77 21 devait
1518 2178 15 20 y
1553 2174 97 24 prendre
1669 2174 23 20 la

1164 2198 83 24 parole,
1260 2199 58 21 mais
1329 2199 16 19 il
1355 2204 29 16 ne
1396 2199 47 20 '.ir.;
1457 2203 48 20 pas.

1189 2224 94 20 D'autre
1297 2225 59 22 part,
1371 2223 34 20 les
1419 2224 80 23 jeunes
1515 2223 81 24 gardes
1611 2223 69 20 collec-

1164 2248 88 21 tivistes
1262 2248 92 22 avalent
1362 2249 36 20 été
1409 2248 113 21 mobilisés
1532 2249 31 22 et,
1573 2248 40 20 dès
1622 2251 70 20 avant

1164 2273 12 20 8
1193 2273 88 23 heures,
1298 2273 22 21 la
1337 2278 40 16 rue
1393 2273 28 21 de
1435 2273 127 21 Tirlemont
1577 2273 58 21 était
1650 2278 30 16 en-

1165 2298 66 21 vahie
1246 2302 43 19 par
1301 2302 51 16 eux.

1189 2323 34 20 La
1239 2322 155 24 gendarmerie
1412 2322 89 23 gardait
1517 2322 33 20 l?s
1564 2322 82 21 abords
1661 2322 31 20 du

1165 2348 34 19 loc
1201 2347 27 20 ai.

1190 2372 56 21 Vers
1261 2372 13 20 8
1289 2372 22 20 h.
1328 2372 44 22 1/2,
1386 2371 33 22 les
1432 2372 79 24 jeunes
1527 2372 81 23 gardas
1622 2372 58 24 péné-

1165 2396 87 22 trèrent
1267 2397 58 21 dans
1339 2397 20 21 le
1373 2396 58 22 local
1445 2399 27 20 et
1485 2396 161 25 empêchèrent
1661 2397 29 19 M.

1165 2422 74 22 Thirs,
1254 2422 28 21 de
1296 2421 84 22 Thielt,
1396 2423 27 20 de
1439 2421 82 25 parler.
1534 2421 51 22 Une
1598 2421 95 24 bagarre

1164 2445 123 24 s'ensuivit,
1312 2449 25 19 et
1362 2451 88 16 comme
1476 2446 34 21 les
1536 2446 158 21 collectivistes

1166 2471 86 21 étaient
1265 2476 30 16 en
1309 2472 102 22 nombre,
1425 2471 49 21 leur
1486 2471 92 21 victoire
1592 2472 37 20 fut
1643 2471 37 20 iné-

1165 2496 89 21 vitable.

1191 2521 31 20 M.
1239 2521 69 21 Thirs
1325 2521 37 21 fut
1377 2521 55 21 roué
1447 2520 27 22 de
1492 2524 71 21 coups
1579 2522 25 20 et
1621 2520 72 22 Wessé

1165 2545 14 20 à
1191 2545 24 21 la
1227 2546 54 21 tête.
1294 2545 114 22 Plusieurs
1420 2547 29 20 de
1460 2551 38 16 ses
1510 2546 133 22 camarades
1655 2550 24 16 re-

1165 2572 81 22 çurent
1257 2570 39 21 des
1306 2570 100 21 horions.

1190 2595 33 20 La
1236 2595 156 23 gendarmerie
1406 2595 92 24 parvint
1509 2595 14 21 à
1536 2595 94 21 rétablir
1640 2595 41 21 Tor-

1165 2620 40 20 dre
1217 2622 25 19 et
1255 2620 15 20 à
1284 2620 100 21 refouler
1396 2619 34 21 les
1443 2620 170 21 manifestants-,

1189 2646 20 18 A
1223 2645 24 19 10
1261 2644 88 23 heures.
1360 2644 33 21 les
1406 2645 134 23 gendarmes
1552 2648 25 18 et
1589 2645 33 21 les
1634 2644 46 25 poli-

1165 2668 56 22 ciers
1232 2672 41 18 ont
1284 2669 88 21 escorté
1381 2670 33 20 les
1426 2677 9 10 *
1447 2669 161 22 nationalistes
1620 2680 10 10 »
1643 2670 38 24 jus-

1165 2694 51 24 qu'à
1228 2694 23 21 la
1262 2699 61 18 gare.

1190 2718 32 22 Us
1240 2719 79 21 furent
1337 2718 70 22 suivis
1423 2724 43 20 par
1481 2724 45 16 une
1545 2719 61 21 foule
1625 2724 54 16 nom-

1164 2743 86 23 breuse,
1265 2743 39 24 qui
1320 2749 30 16 ne
1366 2749 64 16 cessa
1443 2745 29 20 de
1489 2744 58 20 crier
1566 2748 6 16 :
1591 2752 10 9 «
1617 2744 21 21 A
1651 2744 41 20 bas

1163 2768 32 21 les
1206 2768 160 21 nationalistes
1375 2769 6 19 !
1395 2770 21 18 A
1426 2769 41 21 bas
1479 2768 74 21 Hitler
1563 2769 6 20 !
1582 2776 10 11 »

1195 2833 36 27 LA
1255 2833 121 27 FRAUDE
1392 2834 17 26 A
1432 2833 36 27 LA
1489 2827 175 33 FRONTIÈRE

1191 2888 93 24 Bruges,
1303 2888 25 20 18
1347 2892 70 16 mars.
1435 2899 28 4 —
1482 2888 33 20 La
1534 2888 157 24 gendarmerie

1166 2912 28 21 de
1213 2912 133 21 Moerkerke
1365 2913 38 20 fut
1423 2912 120 25 prévenue,
1577 2913 59 20 dans
1669 2913 22 20 la

1165 2937 59 23 nuit,
1236 2942 44 20 que
1294 2938 40 19 des
1350 2937 122 21 fraudeurs
1486 2937 159 21 conduisaient
1661 2938 31 20 du

1166 2962 70 20 bétail
1258 2961 15 21 à
1295 2963 89 19 travers
1408 2962 33 20 les
1463 2961 52 25 prés
1537 2962 155 20 d'Oostkerke.

1166 2986 108 23 Aussitôt,
1284 2986 26 20 la
1321 2986 87 23 chasse,
1420 2991 54 16 avec
1487 2986 67 20 l'aide
1566 2987 41 20 des
1619 2987 60 20 doua-

1166 3011 68 22 niers,
1248 3011 38 20 fut
1299 3010 124 25 organisée.
1437 3011 66 20 Trois
1517 3010 122 21 fraudeurs
1653 3011 26 20 fu-

1166 3036 53 19 rent
1237 3035 93 24 arrêtés,
1363 3039 33 16 un
1428 3035 127 24 quatrième
1589 3035 104 24 échappa

1166 3060 79 20 tandis
1263 3064 43 19 que
1325 3059 53 25 cinq
1396 3059 59 20 têtes
1474 3060 29 20 de
1523 3058 71 22 bétail
1614 3060 79 20 furent

1167 3083 149 24 confisquées.
1337 3085 42 19 Les
1400 3084 128 23 fraudeurs,
1550 3088 33 15 un
1604 3084 89 20 certain

1167 3108 111 23 Demilde,
1292 3109 28 20 de
1335 3108 153 24 Moldeghém,
1504 3108 24 20 et
1545 3108 60 21 deux
1620 3109 73 23 sujets

1167 3132 136 22 hollandais,
1319 3133 108 20 Rotsaert
1444 3133 22 19 L.
1483 3133 24 20 et
1524 3133 60 21 Smit
1597 3133 38 23 K„
1651 3132 28 21 dé-

1168 3157 89 21 clarent
1280 3157 64 20 avoir
1365 3158 37 23 agi
1425 3161 59 20 pour
1504 3157 22 20 le
1548 3159 91 22 compta
1662 3158 31 20 du

1168 3182 91 21 nommé
1277 3182 52 23 V...,
1346 3182 27 20 de
1391 3182 152 23 Maldeghem.
1558 3182 62 20 Tous
1637 3182 56 20 trois

1169 3207 41 19 ont
1225 3206 37 21 été
1279 3207 68 20 tenus
1365 3206 15 20 à
1397 3206 25 21 la
1437 3206 135 23 disposition
1588 3206 33 23 du
1638 3210 43 20 par-

1168 3231 62 25 quet.
1299 3258 77 3 _____

1260 3290 165 28 INCIDENTS
1446 3290 38 27 DE
1501 3284 100 34 GRÈVE

1223 3341 78 28 DANS
1319 3342 37 27 LE
1375 3341 74 28 PAYS
1468 3341 38 27 DE
1523 3341 117 28 GALLES

1262 3397 43 23 (De
1320 3397 65 20 notre
1400 3396 195 25 correspondant.)

1191 3428 107 23 Londres.
1316 3429 24 19 18
1353 3433 67 16 mars.
1435 3438 28 5 —
1481 3429 55 20 (Par
1551 3426 138 26 téléphone.)

1167 3463 27 5 —
1203 3454 46 19 Des
1260 3453 114 21 Incidents
1386 3453 93 20 miniers
1490 3457 24 16 se
1524 3453 54 21 sont
1590 3453 103 25 produits

1166 3477 58 21 dans
1237 3477 20 20 le
1273 3478 59 22 Pays
1347 3478 28 20 de
1389 3478 79 20 Galles
1483 3478 24 20 et
1522 3478 52 20 tout
1589 3476 89 25 particu-

1168 3501 120 21 lièrement
1306 3502 15 19 k
1338 3502 143 21 Trethomas.

1193 3526 39 22 TA,
1245 3531 33 15 un
1290 3526 89 21 certain
1391 3527 94 20 nombre
1497 3526 125 21 d'ouvriers
1635 3530 44 16 con-

1167 3551 92 21 tinuent
1269 3552 15 20 à
1294 3551 116 21 travailler
1421 3556 29 16 en
1461 3551 63 25 dépit
1533 3553 28 20 de
1572 3552 81 21 l'ordre
1664 3551 27 21 de

1168 3576 65 23 grève
1248 3575 75 21 donné
1338 3581 42 20 par
1392 3577 33 20 les
1439 3576 132 24 dirigeants.
1585 3578 43 19 Les
1643 3578 36 19 tra-

1167 3600 106 21 vailleurs
1285 3601 79 20 furent
1377 3601 96 20 assaillis
1485 3605 42 21 par
1539 3602 33 20 les
1584 3600 109 26 grévistes

1165 3625 23 19 et
1199 3624 24 20 la
1236 3625 71 23 police
1322 3625 42 20 dut
1376 3626 131 20 intervenir.

1191 3649 48 20 Elle
1259 3650 40 19 eut
1316 3650 74 20 même
1411 3651 16 20 à
1446 3650 113 21 effectuer
1585 3651 105 25 quelques

1167 3674 95 23 charges
1279 3678 57 21 pour
1354 3674 97 24 dégager
1468 3675 33 20 les
1519 3676 60 20 lieux
1597 3676 24 19 et
1639 3676 39 24 plu-

1166 3698 71 21 sieurs
1251 3698 164 22 manifestants
1429 3699 59 20 ainsi
1503 3704 43 20 que
1560 3700 60 21 deux
1632 3700 45 26 poli-

1165 3723 57 20 ciers
1235 3724 41 19 ont
1288 3728 53 19 reçu
1354 3725 40 19 des
1404 3724 117 22 blessures.

1202 3781 57 28 LES
1278 3782 124 28 DRAMES
1421 3783 37 27 DE
1476 3783 36 27 LA
1531 3778 116 33 MISÈRE

1262 3851 42 20 (De
1319 3852 66 18 notre
1398 3851 194 23 correspondant.)

1190 3880 108 23 Londres.
1315 3882 24 19 18
1351 3886 69 16 mars.
1434 3891 27 5 —
1480 3882 54 21 (Par
1549 3881 137 25 téléphone.)

1165 3915 26 4 —
1201 3906 30 19 Le
1243 3910 94 15 coroner
1347 3905 28 20 de
1385 3906 100 20 Widmer
1493 3907 51 19 End
1555 3912 14 16 a
1580 3909 56 19 tenu
1646 3912 30 15 au-

1165 3929 114 23 jourd'hui
1300 3934 27 16 sa
1347 3929 110 26 première
1479 3931 109 20 audience
1609 3936 40 17 sur
1666 3931 22 20 la

1165 3954 60 20 mort
1237 3954 32 21 du
1279 3954 92 21 nommé
1382 3956 101 22 Ivernee,
1493 3955 28 20 de
1533 3960 26 15 sa
1570 3957 85 20 femme
1665 3958 24 19 et

1165 3978 27 21 de
1204 3983 43 16 son
1259 3979 83 21 enfant
1355 3979 42 24 âgé
1409 3980 28 20 de
1448 3980 13 19 4
1473 3984 49 17 ans.

1190 4004 38 19 On
1242 4007 24 16 se
1284 4004 127 23 rappellera
1428 4008 43 21 que
1488 4005 40 20 des
1545 4005 83 22 voisins
1646 4010 29 16 en-

1165 4027 98 21 tendant
1281 4028 40 20 des
1338 4028 44 21 cris
1400 4029 38 24 qui
1456 4030 148 24 provenaient
1621 4032 29 20 de
1665 4032 23 20 la

1165 4051 105 21 demeure
1293 4052 40 20 des
1356 4053 93 20 Ivernee
1471 4058 25 16 se
1528 4053 160 26 précipitèrent

1165 4076 58 20 dans
1239 4077 143 21 l'habitation
1396 4078 30 21 où
1441 4082 33 16 un
1487 4079 98 21 horrible
1597 4080 79 24 specta-

1165 4101 34 19 cle
1211 4102 33 20 les
1259 4102 122 21 attendait.

1185 4125 31 20 Le
1227 4125 53 25 père
1289 4125 59 21 était
1358 4126 83 24 pendu,
1451 4126 24 20 la
1486 4126 62 21 mère
1559 4128 24 20 et
1593 4132 41 16 son
1646 4133 30 16 en-

1166 4150 52 20 fant
1235 4150 97 23 gisaient
1348 4153 72 18 morts
1436 4151 59 21 dans
1511 4152 22 20 la
1550 4153 107 21 chambre
1674 4153 14 20 à

1166 4175 103 20 coucher.
1291 4176 65 19 Deux
1375 4176 77 21 autres
1473 4176 101 26 enfants,
1595 4178 94 24 portant

1165 4200 132 20 d'horribles
1325 4200 111 20 blessures
1449 4201 14 20 à
1478 4201 23 19 la
1517 4206 73 20 gorge,
1606 4202 70 25 gémis-

1165 4223 81 21 saient.
1262 4224 151 24 Transportés
1430 4225 14 21 k
1461 4225 103 24 l'hôpital
1580 4228 33 19 les
1630 4227 58 21 deux

1166 4252 96 20 pauvres
1281 4253 75 19 gosses
1375 4249 53 20 sont
1447 4250 65 20 entre
1530 4250 23 21 la
1568 4252 36 20 vie
1622 4253 25 20 et
1664 4252 24 20 la

1166 4273 66 21 mort.

1190 4298 31 19 Le
1238 4297 102 22 médecin
1356 4297 79 25 légiste
1450 4299 39 24 qui
1503 4303 14 15 a
1532 4299 95 25 procédé
1644 4305 44 16 aux

1165 4322 121 24 premières
1301 4323 167 21 constatations
1483 4323 120 22 médicales
1619 4330 14 15 a
1648 4325 28 21 dé-

1166 4347 60 21 claré
1242 4351 43 19 que
1303 4347 22 19 la
1341 4347 62 21 mère
1418 4348 62 19 avait
1497 4347 100 24 défendu
1614 4351 23 20 la
1653 4351 35 20 vie

1165 4371 28 20 de
1210 4376 44 15 ses.
1260 4371 93 21 enfants
1371 4376 54 17 avec
1442 4372 105 24 l'énergie
1564 4374 31 20 du
1612 4373 64 22 déses-

1165 4396 55 22 poir.
1234 4397 30 20 Le
1277 4401 59 20 sang
1349 4395 104 25 répandu
1465 4398 100 23 partout,
1578 4399 21 20 le
1611 4399 66 21 désor-

1164 4421 40 20 dre
1216 4420 40 20 des
1269 4420 80 26 pièces,
1363 4421 49 21 tout
1423 4420 113 25 témoigne
1550 4423 66 21 d'une
1629 4425 58 20 lutte

1167 4444 142 23 formidable.

1192 4470 101 21 Ivernee.
1310 4469 39 25 qui
1364 4469 59 21 était
1439 4474 55 16 sans
1510 4470 84 21 travail
1608 4472 81 24 depuis

1166 4494 95 25 quelque
1277 4495 75 23 temps
1366 4494 123 25 paraissait
1504 4495 89 21 sombre
1609 4497 80 24 depuis

1164 4520 106 24 quelques
1284 4520 70 24 Jours.

1238 4578 40 28 UN
1297 4578 244 28 CONSERVATEUR
1560 4573 57 33 ÉLU

1340 4630 18 27 A
1374 4629 142 28 ASHFORD

1260 4686 44 20 (De
1319 4686 67 20 notre
1398 4685 194 23 correspondant.)

1191 4716 108 24 Londres,
1315 4716 24 21 18
1354 4720 69 16 mars.
1436 4725 28 6 —
1481 4716 55 20 (Par
1549 4715 141 25 téléphone).

1166 4751 27 5 —
1214 4742 39 20 On
1276 4745 16 16 a
1313 4741 97 24 procédé
1434 4740 145 24 aujourd'hui
1602 4741 15 20 à
1642 4746 46 16 une

1166 4765 97 21 élection
1280 4765 104 25 partielle
1404 4766 14 20 à
1436 4765 102 20 Ashford
1559 4766 84 20 (comté
1661 4767 28 20 de

1165 4790 73 21 Kent)
1255 4790 30 21 où
1299 4790 17 20 il
1331 4790 77 21 fallait
1423 4789 106 25 pourvoir
1543 4793 30 16 au
1588 4790 88 24 rempla-

1166 4815 90 20 cement
1272 4815 33 20 du
1324 4815 84 24 député
1426 4814 149 24 Knatchbull,
1594 4815 38 24 qui
1652 4815 37 20 fut

1166 4839 62 21 élevé
1243 4839 15 20 à
1273 4839 23 21 la
1313 4840 79 23 pairie.

1192 4864 61 22 C'est
1268 4864 21 20 le
1304 4864 162 21 conservateur
1480 4864 74 23 Spens
1569 4863 38 24 qui
1624 4868 14 15 a
1652 4864 37 20 été

1167 4887 37 21 élu
1223 4893 55 16 avec
1301 4889 69 20 16.051
1391 4889 52 20 voix
1465 4889 79 20 contre
1569 4888 68 20 11.433
1660 4893 29 15 au

1167 4912 110 21 candidat
1298 4913 80 21 libéral
1399 4914 26 20 et
1447 4913 57 21 6.178
1527 4917 30 16 au
1580 4912 110 21 candidat

1168 4937 140 20 travailliste.

1253 4995 40 27 UN
1312 4996 153 28 CROISEUR
1484 4996 39 27 EN
1542 4996 59 27 FEU

1262 5051 42 22 (De
1319 5052 67 20 notre
1398 5052 194 24 correspondant.)

1190 5080 107 24 Londres,
1314 5082 24 20 18
1351 5086 67 17 mars.
1433 5092 28 5 —
1479 5083 54 21 (Par
1549 5080 137 26 téléphone.)

1168 5112 27 6 —
1211 5104 38 20 Un
1266 5105 85 21 violent
1370 5107 103 20 incendie
1492 5107 54 20 s'est
1563 5106 93 25 produit
1673 5106 16 20 à

1166 5127 56 22 bord
1238 5129 31 21 du
1283 5130 99 20 croiseur
1400 5139 9 9 »
1427 5131 135 21 Greenwich
1580 5140 9 9 »
1609 5133 38 23 qui
1663 5135 25 16 se

1167 5152 78 21 trouve
1256 5154 15 20 à
1284 5155 104 23 Forsyth.

1194 5177 31 19 Ce
1243 5178 159 24 navire-dépôt
1417 5180 103 20 contient
1538 5184 45 16 une
1602 5179 86 24 grande

1167 5201 103 22 quantité
1300 5202 27 21 de
1358 5203 103 21 matériel
1489 5205 156 24 appartenant
1674 5205 14 21 à

1167 5225 74 21 l'Etat.
1253 5227 25 19 le
1290 5227 67 24 jauge
1369 5228 57 20 8.100
1438 5229 89 22 tonnes.

1192 5250 42 19 Les
1248 5251 113 24 pompiers
1385 5252 78 21 furent
1493 5253 195 22 immédiatement

1168 5273 94 21 mandés
1275 5279 41 16 sur
1331 5275 33 21 les
1378 5276 60 21 lieux
1450 5278 59 21 mais
1524 5278 17 20 U
1555 5279 50 20 leur
1620 5279 69 21 fallut

1168 5297 94 24 quelque
1278 5299 75 24 temps
1370 5301 70 20 avant
1456 5302 29 19 de
1502 5303 94 23 pouvoir
1612 5303 64 20 déter-

1167 5322 74 21 miner
1254 5322 51 21 d'où
1318 5325 149 23 provenaient
1481 5326 32 20 les
1525 5327 105 21 flammes

1192 5347 38 19 On
1245 5347 43 19 dut
1303 5348 102 24 perforer
1418 5349 34 20 les
1467 5351 99 23 épaisses
1583 5352 57 20 tôles
1657 5353 31 20 du

1167 5370 77 20 navire
1259 5375 57 21 pour
1329 5372 86 21 arriver
1428 5375 15 20 à
1456 5375 106 21 l'endroit
1574 5376 32 21 du
1619 5376 57 20 sinis-

1167 5394 41 20 tre.

1193 5418 71 25 Après
1276 5420 80 24 quatre
1367 5420 82 22 heures
1460 5423 104 20 d'efforts
1576 5424 34 20 les
1622 5429 53 20 pom-

1167 5444 59 23 piers
1242 5443 123 22 réussirent
1381 5446 15 20 à
1412 5450 24 17 se
1451 5448 81 20 rendre
1549 5448 83 21 maître
1648 5449 39 20 dea

1167 5468 111 21 flammes.
1292 5469 60 20 Mais
1367 5469 32 21 les
1414 5470 79 24 dégâts
1508 5472 79 20 causés
1599 5477 30 15 au
1644 5477 31 16 na-

1166 5493 45 19 vire
1222 5493 23 19 et
1256 5497 45 16 aux
1312 5494 170 21 marchandises
1493 5498 53 18 sont
1558 5497 128 20 considéra.

1166 5516 53 22 blés.

1192 5543 36 18 Au
1240 5541 102 21 moment
1354 5542 29 21 de
1397 5541 126 25 l'incendie,
1536 5543 51 26 plus
1598 5544 29 21 de
1634 5546 52 20 cent

1166 5566 86 21 marins
1262 5570 24 17 se
1298 5567 129 21 trouvaient
1438 5567 15 22 à
1462 5567 63 22 bord.

1712 347 170 49 LES
1927 339 307 58 FÊTES

1788 417 90 47 DU
1917 416 241 48 SAMEDI

1749 486 46 46 A
1828 485 365 48 BRUXELLES

1777 589 37 27 LE
1839 590 75 28 GALA
1940 591 37 27 DE
2005 589 164 28 L'AMICALE

1814 641 57 28 DES
1899 640 233 30 SANS-FILISTES

1734 709 92 21 Samedi
1851 710 53 22 soir,
1918 710 59 20 dans
1988 708 34 22 les
2047 708 99 21 luxueux
2159 708 78 22 salons

1708 734 54 21 d'un
1791 735 171 20 établissement
1994 733 28 21 de
2043 734 23 20 la
2086 733 51 22 ville
2158 734 79 21 haute,

1707 758 116 23 l'Amicale
1842 759 41 21 des
1901 758 162 22 Sans-Filistes
2079 764 14 15 a
2112 759 76 20 donné
2203 762 33 16 un

1707 783 52 24 gala
1777 784 100 23 dansant
1894 784 164 25 parfaitement
2074 783 79 21 réussi.

1733 808 79 21 Public
1827 809 133 22 nombreux,
1975 808 100 21 toilettes
2091 807 146 22 ravissantes,

1708 834 137 20 attractions
1857 839 31 16 on
1900 839 30 16 ne
1944 836 53 21 peut
2008 833 77 19 mieux
2095 832 103 21 choisies.

1733 858 21 19 Il
1766 862 15 18 y
1795 864 15 14 a
1825 858 29 23 là,
1868 863 57 20 paur
1939 857 99 22 recevoir
2053 857 33 21 les
2101 857 89 21 invités.
2204 857 32 19 M.

1708 882 21 21 le
1744 883 117 24 président
1876 882 118 22 Maréchal
2007 884 25 19 et
2047 886 36 16 ses
2095 882 58 21 bons
2166 881 57 21 colla-

1708 908 119 21 borateurs
1847 913 6 15 :
1872 909 58 19 MM.
1947 908 66 22 Neys,
2031 907 110 22 Crémers.
2159 907 77 19 Stein-

1708 932 66 22 haus.
1785 932 112 23 Nandrin,
1908 932 75 20 Patris
1992 934 24 18 et
2028 931 146 20 Lantsweert.

1733 957 30 20 Le
1776 957 112 21 directeur
1898 959 40 19 des
1948 956 65 21 fêtes,
2025 956 73 20 l'actif
2110 957 31 19 M.
2153 955 84 23 André,

1707 986 25 16 se
1746 982 108 23 prodigue
1870 987 86 16 comme
1971 981 14 20 à
1999 980 132 21 l'habitude.

1733 1006 150 22 L'assistance
1908 1008 88 19 réserve
2022 1009 33 16 un
2079 1005 158 22 enthousiaste

1708 1031 86 20 accueil
1806 1036 46 16 aux
1866 1040 9 8 «
1890 1030 106 22 numéros
2008 1029 108 25 spéciaux
2131 1038 8 9 »
2158 1034 6 16 :
2178 1034 59 16 nous

1709 1061 70 15 avons
1788 1056 44 20 cité
1842 1058 60 19 deux
1913 1055 108 22 aimables
2032 1055 148 20 fantaisistes,
2191 1059 47 16 une

1709 1081 122 20 excellente
1849 1081 132 21 cantatrice.
1998 1080 31 19 M.
2044 1080 51 20 Van
2113 1080 40 20 der
2169 1080 68 22 Leyn,

1709 1106 81 19 ancien
1803 1105 112 21 directeur
1928 1106 29 20 du
1973 1103 89 22 théâtre
2077 1105 29 20 de
2120 1104 23 21 la
2158 1104 79 22 Reine,

1709 1135 30 15 au
1754 1131 78 21 Front,
1847 1135 25 17 et
1886 1130 90 21 surtout
1992 1128 142 24 l'impayable
2151 1129 86 19 Marcel

1710 1155 104 22 Antoine,
1828 1155 22 20 le
1862 1155 96 24 speaker
1975 1153 132 23 humoriste,
2126 1153 59 20 dans
2200 1158 37 15 ses

1709 1179 114 21 dernières
1840 1180 119 20 créations.

1734 1204 56 21 Vers
1802 1204 90 21 minuit,
1905 1202 138 22 l'assemblée
2057 1202 97 25 procéda
2168 1202 15 20 à
2196 1202 29 20 l'é-

1709 1228 83 21 lection
1805 1230 28 19 de
1846 1229 23 21 la
1882 1229 70 20 Reine
1965 1228 27 20 de
2004 1227 22 21 la
2037 1227 74 20 Radio
2123 1229 24 19 et
2161 1227 27 20 de
2201 1231 37 16 ses

1712 1252 141 21 demoiselles
1876 1253 128 21 d'honneur
2029 1256 5 15 :
2059 1251 69 21 Mlle»
2149 1251 87 20 Rachel

1713 1278 166 24 Vanderpelen,
1903 1276 76 22 Renée
2002 1276 96 20 Dallons
2122 1276 24 20 et
2170 1275 66 23 Nelly

1713 1303 51 20 Van
1783 1304 27 20 de
1831 1303 67 20 Vliet.
1918 1300 158 22 L'événement
2097 1300 85 20 suscita
2204 1304 33 16 un

1712 1332 52 20 gros
1784 1327 85 21 intérêt
1889 1327 58 20 dans
1968 1325 134 20 l'auditoire.

1735 1353 37 20 On
1789 1353 102 19 acclama
1907 1352 145 21 longuement
2065 1352 24 19 et
2102 1349 123 21 chaleureu-

1709 1380 90 19 sement
1811 1379 32 19 les
1856 1376 119 21 lauréates.
1986 1374 60 20 Elle*
2057 1377 55 18 sont
2125 1374 113 21 d'ailleurs

1710 1403 145 20 ravissantes.

1734 1432 86 23 Quand
1835 1437 59 16 nous
1911 1430 102 24 quittons
2031 1429 34 22 les
2084 1429 68 22 lieux,
2170 1428 56 21 l'ani-

1710 1458 88 20 mation
1808 1459 35 19 est
1856 1457 15 20 à
1881 1461 42 16 son
1932 1455 86 20 comble
2031 1457 24 19 et
2065 1456 53 19 tout
2129 1454 44 21 fait
2185 1453 41 25 pré-

1710 1483 48 20 voir
1767 1482 79 24 qu'elle
1857 1482 58 21 n'est
1926 1485 42 19 pas
1979 1478 51 24 près
2042 1480 28 19 de
2081 1479 120 20 décroître.
2211 1488 27 5 —

1710 1508 23 21 J.

1711 1573 18 27 A
1753 1571 126 28 L'UNION
1914 1569 56 28 DES
2003 1568 235 36 COMMERÇANTS

1898 1620 157 29 D'IXELLES

1738 1679 33 20 La
1788 1679 64 20 vaste
1871 1677 56 21 salle
1945 1677 31 20 du
1995 1676 90 21 théâtre
2106 1675 131 22 communal

1714 1703 103 21 d'Ixelles
1836 1702 58 21 étalt
1911 1702 52 23 trop
1981 1700 78 25 petite,
2079 1700 87 21 samedi
2186 1701 52 22 soir,

1714 1727 57 24 tour
1786 1726 115 22 accueillir
1915 1725 107 21 l'énorme
2038 1724 115 21 affluence
2169 1725 39 24 qui
2223 1730 15 19 y

1714 1753 63 20 avait
1790 1752 69 20 attiré
1872 1751 118 20 l'annonce
2004 1750 31 21 du
2046 1749 74 25 grand
2133 1749 38 21 bal
2183 1750 54 24 paré

1714 1779 23 18 ot
1756 1776 103 22 travesti,
1877 1775 104 24 organisé
2012 1778 43 19 par
2086 1773 93 21 l'Union
2198 1774 40 20 des

1714 1800 173 24 Commerçants

1739 1827 21 19 A
1774 1826 93 20 l'entrée
1881 1829 58 16 nous
1954 1824 108 19 trouvons
2078 1822 21 21 le
2115 1822 123 25 président,

1715 1852 31 19 M.
1758 1852 27 19 R.
1797 1852 97 22 Cayron.
1905 1853 24 18 et
1941 1853 36 16 ses
1988 1848 126 20 nombreux
2125 1847 95 21 seconds
2230 1852 6 16 :

1715 1876 56 20 MM.
1792 1876 25 19 P.
1839 1876 87 21 Jamar,
1947 1874 99 22 Coenen,
2067 1873 34 20 De
2123 1873 71 19 Pauw
2214 1872 25 20 et

1715 1900 73 20 Collet
1803 1900 44 24 qui,
1862 1902 58 19 tous,
1932 1902 24 16 se
1966 1896 141 33 prodiguent
2120 1901 30 16 en
2164 1896 62 20 l'hon-

1715 1929 58 19 neur
1788 1924 28 21 dc
1830 1924 61 19 leurs
1905 1917 89 26 Invités.

1740 1950 43 19 Les
1800 1949 125 20 directeurs
1942 1948 40 19 des
2000 1946 65 21 fêtes.
2082 1946 58 20 MM.
2157 1946 82 23 Zegers

1715 1974 24 20 et
1756 1974 121 20 VeecKens.
1893 1972 130 22 s'occupent
2054 1971 28 20 de
2114 1969 74 25 régler
2206 1969 33 21 les

1715 1998 129 21 conditions
1862 1997 40 20 des
1919 2000 110 17 concours
2047 1995 28 21 de
2093 1998 120 17 costumes.

1740 2024 35 18 De
1794 2022 130 24 splendides
1943 2020 107 20 travestis
2082 2018 157 22 affronteront

1715 2047 89 21 bientôt
1818 2047 33 19 les
1865 2047 103 21 rigueurs
1981 2044 33 20 du
2029 2044 59 24 Jury.

1743 2073 31 19 La
1787 2072 68 19 tâche
1871 2071 27 20 de
1913 2075 26 16 ce
1954 2069 91 21 derr^er
2071 2068 37 21 est
2135 2068 49 20 loin
2210 2068 28 20 de

1716 2096 126 21 constituer
1857 2099 47 16 une
1918 2094 111 20 sinécure.

1740 2122 44 19 Les
1805 2120 83 20 heures
1908 2121 95 23 passent
2024 2122 87 17 comme
2132 2121 44 19 par
2196 2120 31 17 en

1716 2145 157 21 chantement.

1741 2169 194 21 L'enthousiasme
1958 2168 24 20 et
2002 2167 24 20 la
2047 2167 76 21 bonne
2144 2165 95 21 entente

1715 2195 111 20 croissent
1839 2198 31 16 au
1882 2194 38 20 fur
1931 2193 24 20 et
1967 2198 15 15 o
1996 2196 90 17 mesure
2099 2195 43 20 que
2156 2191 24 20 la
2192 2189 48 21 très

1716 2219 160 24 sympathique
1889 2217 97 21 réunion
1998 2221 25 16 se
2037 2215 115 25 prolonge.
2164 2225 29 5 —
2205 2215 22 20 J.

1817 2284 39 27 LE
1881 2283 56 27 BAL
1962 2282 38 27 DU
2021 2281 119 28 HOCKEY

1739 2341 32 21 La
1789 2340 87 21 section
1894 2340 28 20 de
1953 2338 87 23 hockey
2069 2335 172 25 d'Uccle-Sport

1714 2365 103 23 donnait,
1827 2364 93 24 samedi,
1931 2362 58 22 dans
1998 2362 21 21 lc
2029 2364 85 20 centre,
2125 2366 32 16 un
2168 2361 72 24 grand

1714 2391 61 20 bal...
1789 2390 28 21 de
1831 2390 162 20 circonstance.

1738 2415 68 20 Placé
1817 2419 53 16 sous
1881 2414 21 20 le
1913 2413 63 24 signe
1988 2411 27 23 de
2028 2412 22 20 la
2061 2416 81 17 crosse,
2151 2410 23 21 la
2185 2409 48 21 brll

1713 2439 64 22 lïnte
1791 2439 96 21 réunion
1901 2439 86 20 connut
1999 2442 33 16 un
2044 2436 47 22 très
2104 2435 46 22 réel
2163 2435 78 21 succès

1713 2466 25 20 et
1751 2464 28 22 de
1793 2464 52 21 chic
1855 2466 23 20 et
1892 2462 144 22 d'affluence.

1739 2490 31 20 M.
1783 2488 76 24 Fagel,
1872 2487 115 25 président
2000 2487 27 20 de
2041 2486 22 21 la
2073 2485 87 22 section
2173 2488 56 20 orga-

1714 2514 114 21 nisatrice.
1834 2521 4 4 -
1844 2513 50 21 aidé
1909 2518 42 19 par
1965 2512 57 20 MM.
2036 2512 81 21 Devos,
2130 2510 112 20 Lauwens

1714 2540 24 21 et
1750 2540 91 20 Derose,
1853 2538 83 21 semble
1952 2536 58 21 doué
2021 2536 32 20 du
2069 2537 45 19 don
2129 2534 100 24 d'ublqui

1714 2564 24 21 té
1747 2569 5 15 :
1768 2564 16 19 il
1795 2568 34 16 est
1842 2563 99 24 partout,
1953 2561 17 20 il
1982 2562 48 20 voit
2043 2561 57 21 tout.

1738 2589 21 20 A
1774 2589 25 19 21
1816 2588 81 20 heures
1924 2586 158 21 commencent
2098 2585 32 21 les
2136 2587 4 3 '
2156 2584 86 25 grands

1713 2613 103 22 tournois
1830 2614 28 20 de
1870 2612 76 23 bridge
1958 2613 25 20 et
1997 2611 28 20 de
2040 2609 76 22 tennis
2131 2609 27 22 de
2173 2609 68 20 table.

1738 2639 32 19 M.
1797 2638 106 22 Degryse,
1928 2635 158 25 juge-arbitre,
2113 2634 71 24 dirige
2208 2633 34 21 les

1714 2663 159 24 compétitions
1890 2666 53 16 avec
1956 2661 21 20 le
1993 2659 78 24 doigté
2086 2661 26 20 et
2127 2658 114 21 l'autorité

1713 2688 39 25 qui
1764 2688 21 21 le
1798 2686 188 22 caractérisent.-

1739 2712 106 21 Pendant
1857 2716 42 19 que
1913 2711 32 20 les
1959 2707 98 27 joueurs'
2064 2709 149 20 s'acharnent
2227 2707 14 21 à

1714 2737 124 21 décrocher
1849 2737 23 20 la
1886 2735 81 25 palme,
1979 2734 111 21 danseurs
2103 2735 24 20 et
2140 2733 88 20 danseu-

1714 2767 35 16 ses
1761 2760 177 24 tourbillonnent
1949 2759 15 22 à
1977 2759 73 23 l'envi,
2063 2763 45 17 aux
2119 2763 55 16 sons
2187 2757 55 21 d'un

1714 2788 49 24 jazz
1776 2785 150 22 merveilleux.

1739 2811 152 21 L'animation
1902 2811 27 20 de
1939 2808 119 25 l'élégante
2070 2808 72 22 cohue
2154 2811 30 17 ne
2197 2806 44 23 fait

1713 2842 43 19 que
1774 2836 108 21 croître...
1903 2838 54 19 afeo
1977 2835 179 24 .l'avancement
2172 2833 27 20 de
2218 2832 22 20 la

1713 2861 79 21 soirée:
1801 2870 28 5 —
1839 2860 20 21 I.
1869 2878 5 3 .
1881 2878 8 4 _.
1913 2858 39 14 **'
1969 2882 9 8 .

1749 2919 57 27 LES
1831 2926 19 18 «
1866 2918 134 28 ANCIENS
2018 2925 19 17 »
2064 2915 143 29 DANSENT

1740 2976 34 19 La
1793 2973 140 22 Fraternelle
1953 2973 40 20 des
2002 2971 109 23 "Anciens
2131 2972 97 21 Combat-

1716 2999 64 20 tants
1789 2999 41 20 des
1843 3000 37 19 ler
1892 3001 23 18 et
1926 2999 26 19 3c
1965 2998 122 21 régiments
2099 2998 41 20 des
2151 2996 77 20 carabi-

1717 3024 60 20 niers
1791 3025 23 20 et
1833 3024 36 19 ler
1886 3022 138 22 carabiniers
2043 3023 27 20 de
2088 3022 121 21 forteresse
2227 3025 13 15 a

1716 3048 75 20 donné
1802 3048 87 20 samedi
1898 3047 54 22 soir,
1962 3047 15 21 à
1986 3047 22 21 la
2019 3046 57 22 salle
2086 3046 29 21 de
2125 3047 24 20 la
2158 3045 70 22 Made-

1715 3072 66 24 leine,
1798 3077 41 15 son
1853 3072 73 23 grand
1942 3073 37 19 bal
1996 3071 93 22 annuel.

1741 3096 128 21 Chambrée
1896 3096 113 22 brillante,
2040 3096 74 24 parmi
2144 3095 96 24 laquelle

1716 3126 57 16 nous
1794 3125 72 16 avons
1886 3125 101 16 reconnu
2007 3122 58 19 MM.
2085 3119 101 23 Piérard.
2206 3121 35 19 De

1717 3146 92 22 Becker.
1832 3146 142 23 Labranchc,
1997 3145 145 24 Lambrecht,
2167 3144 74 22 Creul,

1716 3172 33 20 De
1762 3171 97 21 Brandt.
1871 3171 103 19 Boonen.
1986 3170 31 21 du
2029 3170 89 22 comité,
2132 3169 28 20 de
2174 3174 55 16 nom-

1716 3196 70 20 breux
1803 3195 110 23 officiers,
1927 3195 167 20 sous-officiers
2113 3195 24 19 et
2155 3194 86 20 soldats

1716 3220 31 21 du
1757 3221 25 19 4e
1794 3219 146 22 carabiniers,
1951 3219 60 20 ainsi
2022 3223 43 21 que
2076 3218 28 21 de
2116 3219 47 22 très
2174 3224 55 16 nom-

1716 3244 70 21 breux
1801 3244 101 20 anciens.

1742 3270 30 19 Lc
1789 3269 45 21 bal.
1847 3268 95 22 conduit
1958 3272 44 21 par
2017 3268 131 21 l'orchestre
2165 3268 28 20 de
2209 3268 32 21 M.

1717 3293 91 23 Vander
1823 3292 103 24 Nleulen.
1942 3293 38 20 fut
1995 3292 72 25 coupé
2082 3292 159 22 d'intermèdes

1717 3318 111 22 brillants,
1842 3317 38 25 qui
1895 3317 126 26 permirent
2035 3317 149 24 d'applaudir,
2194 3320 36 17 -no-

1716 3342 120 22 tamment.
1845 3344 63 19 Mme
1921 3342 92 20 Simone
2026 3342 28 20 de
2066 3343 50 22 Val,
2128 3342 100 20 cantatri

1717 3371 32 17 ce.
1773 3367 67 20 Mlles
1860 3367 102 20 Guerida
1987 3368 23 19 et
2034 3366 92 24 Bougie.
2150 3368 32 19 M.
2206 3368 34 19 De

1716 3391 131 24 GhisteUes.
1858 3391 39 24 qui
1908 3390 178 25 interprétèrent
2098 3391 52 21 tour
2162 3392 15 20 à
2189 3392 52 20 tour

1715 3415 40 20 des
1768 3416 82 21 danses
1864 3416 28 20 de
1903 3416 83 23 Monti,
1998 3417 70 23 Popy.
2077 3415 73 24 Falla.
2161 3417 79 20 Mous-

1715 3440 93 24 sorgsky
1823 3440 44 20 etc.

1741 3465 62 23 Bref,
1812 3465 72 21 soirée
1895 3464 130 24 excellente,
2035 3465 52 21 tout
2095 3465 14 22 k
2120 3465 121 24 l'honneur

1715 3488 40 22 des
1770 3489 145 22 carabiniers,
1929 3489 28 17 'la,
1971 3491 26 19 a.

1827 3557 20 17 «
1864 3555 67 35 ÇA...
1957 3554 130 28 CRIS'T'Y
2103 3556 20 19 »

1738 3616 43 20 Les
1794 3616 99 21 Anciens
1906 3615 73 21 élèves
1992 3616 28 20 de
2033 3615 81 22 l'Ecole
2126 3621 112 19 moyenne

1713 3641 32 22 A.,
1756 3641 92 21 avaient
1861 3640 85 24 monté,
1955 3641 87 20 samedi
2055 3641 46 21 soir
2113 3646 45 15 une
2170 3645 68 17 revue

1713 3665 108 24 satirique
1838 3666 75 25 «Ça...
1933 3665 109 25 cris't'y»,
2060 3670 31 17 au
2108 3665 73 25 profit
2199 3665 39 21 des

1713 3694 89 16 œuvres
1814 3690 32 20 du
1860 3689 79 22 cercle.

1737 3715 32 19 Le
1784 3719 74 18 revue,
1873 3718 77 16 œuvre
1966 3714 28 20 de
2008 3715 46 20 Léo
2068 3715 97 21 Nodrac.
2180 3717 57 19 mise

1712 3743 30 15 en
1757 3738 66 21 scène
1839 3743 43 20 par
1893 3740 32 21 M.
1939 3738 85 24 Valter,
2035 3740 25 20 et
2075 3739 57 21 dont
2147 3740 23 19 la
2184 3743 53 17 mu-

1712 3763 63 24 «ique
1792 3763 57 21 était
1865 3767 52 17 sous
1933 3763 24 20 la
1973 3763 112 22 direction
2101 3765 28 20 dc
2146 3764 33 21 M.
2194 3765 31 20 Le-

1713 3786 83 24 fébvre.
1811 3788 116 24 remporta
1942 3793 32 15 un
1990 3787 155 22 considérable
2161 3787 78 22 succès

1712 3812 85 21 devant
1813 3813 24 20 la
1857 3812 62 20 foule
1935 3811 103 24 élégante
2059 3814 24 18 et
2102 3813 135 21 nombreuse

1711 3838 39 21 qui
1770 3836 127 24 emplissait
1916 3838 32 20 la-
1958 3837 65 20 vaste
2042 3837 57 21 salle
2119 3837 41 21 des
2178 3837 59 21 fêtes

1713 3860 31 22 o;\
1756 3861 63 20 avait
1832 3861 47 20 lieu
1891 3862 61 19 cette
1964 3862 80 21 soirée.

1737 3890 38 23 Wn
1790 3892 52 23 bon,
1856 3897 31 15 un
1902 3891 47 20 très
1964 3892 47 20 bon
2026 3892 66 25 point
2108 3896 46 17 aux
2169 3896 67 20 orga-

1712 3914 113 25 nisnVurs
1841 3921 6 15 :
1859 3917 58 19 MM.
1930 3916 42 21 Ch.
1984 3916 52 20 Van
2048 3916 118 24 Halteren.
2178 3918 47 20 Car-

1711 3939 53 21 don.
1780 3940 118 24 Mignolet,
1915 3941 137 23 Huysmans,
2068 3941 117 24 Thiriaux,
2202 3943 34 20 De

1712 3964 67 24 Wolf.
1791 3965 75 22 Kean,
1879 3965 38 25 qui
1931 3969 30 15 ne
1973 3964 148 25 ménagèrent
2132 3970 42 21 pas
2186 3967 51 21 leur

1712 3988 66 23 peine
1793 3994 58 19 pour
1865 3989 23 21 la
1903 3988 95 22 réussite
2014 3990 28 20 de
2054 3990 60 20 cette
2129 3990 54 24 fête,
2197 3991 38 24 qui

1712 4013 36 20 fut
1761 4013 106 24 parfaite.
1879 4024 28 5 —
1918 4015 27 20 A.

1758 4084 77 28 ELLE
1861 4079 78 33 FÊTE
1970 4084 58 28 SES
2061 4085 48 28 DIX
2131 4085 61 29 ANS

1736 4152 34 20 La
1782 4151 51 25 plus
1848 4152 112 20 ancienne
1974 4152 132 22 fraternelle
2121 4152 114 26 régimen-

1712 4175 64 24 taire.
1796 4176 55 22 celle
1867 4178 32 20 du
1919 4177 37 20 19e
1976 4176 28 20 de
2023 4177 77 24 Ligne,
2119 4182 14 16 a
2153 4178 82 25 donné,

1711 4200 87 22 samedi
1808 4201 54 23 soir,
1873 4205 45 18 une
1930 4201 86 25 grande
2027 4201 71 21 soirée
2111 4203 118 25 artistique

1711 4225 15 20 k
1744 4225 121 21 l'occasion
1883 4226 31 21 du
1934 4227 37 19 10e
1987 4226 156 22 anniversaire
2161 4228 29 21 de
2208 4233 27 17 sa

1712 4249 128 22 fondation.

1737 4280 62 20 Mme
1816 4280 72 24 Délia,
1904 4282 32 19 M.
1954 4280 92 23 Geodel,
2063 4281 33 22 les
2114 4282 122 21 excellents

1711 4304 131 22 chanteurs,
1855 4306 32 20 les
1899 4304 73 22 élèves
1984 4304 28 21 de
2024 4306 31 20 M.
2069 4306 83 24 Poloff,
2164 4307 21 21 le
2199 4307 24 21 té-

1711 4332 42 16 nor
1768 4329 86 20 Robert
1872 4329 85 24 Aliard,
1975 4329 126 22 l'excellent
2119 4332 116 23 Mondore.

1711 4356 24 15 se
1750 4352 148 25 partagèrent
1912 4354 21 20 le
1947 4353 78 21 succès
2040 4355 27 20 de
2083 4356 60 20 cette
2158 4349 78 31 soirée',

1711 4377 56 21 dont
1787 4377 22 21 le
1829 4378 52 20 clou
1899 4379 39 20 fut
1957 4379 73 20 certes
2047 4380 24 20 la
2090 4379 133 25 représenta-

1711 4400 48 21 tion
1769 4401 28 21 de
1809 4410 9 9 ,,
1826 4403 33 20 La
1869 4407 90 20 pomme
1967 4402 65 25 d'Api
2041 4412 17 14 »,
2067 4403 24 20 la
2101 4405 135 21 charmante

1711 4425 101 22 opérette
1830 4427 160 22 d'Offenbacii.
2009 4428 137 24 interprétée
2164 4431 14 19 à
2196 4435 27 15 ra-

1711 4450 34 19 vir
1761 4455 43 19 par
1816 4452 62 19 Mme
1893 4451 73 25 Délia,
1980 4452 57 21 MM.
2054 4454 86 20 Geodel
2156 4456 24 20 et
2194 4456 30 20 Al-

1711 4473 57 22 iard.

1719 4507 7 28 f
1736 4505 38 20 Un
1788 4505 40 21 bal
1842 4506 109 20 continua
1965 4506 24 21 la
2004 4506 54 24 fête,
2072 4508 15 20 à
2100 4509 81 24 auquel
2197 4514 26 15 as-

1711 4528 106 22 sistaient
1845 4529 159 23 notamment,'
2011 4529 4 4 '
2025 4530 21 21 le
2075 4531 162 26 lieut-général

1711 4553 131 24 Hollmann,
1859 4555 21 19 le
1897 4554 233 25 lieutenant-général
2147 4558 82 20 Flébus

1711 4578 31 19 M.
1755 4579 34 18 De
1802 4579 126 25 Saedeleer,
1940 4578 117 27 président
2070 4581 28 20 de
2111 4581 124 26 1*U.F.A.C._

1711 4602 32 21 M.
1766 4603 54 20 Neri
1843 4604 70 23 Papa,
1935 4602 117 27 président
2074 4605 40 22 des
2137 4608 99 20 Anciens

1712 4626 154 22 combattants
1881 4627 98 25 italiens,
1994 4628 28 20 de
2034 4630 146 21 nombreuses
2195 4630 29 22 dé-

1712 4648 111 24 légations
1844 4652 28 20 de
1894 4652 143 22 fraternelles
2058 4653 178 25 régtmentalres,

1711 4675 30 20 et.
1760 4675 183 26 naturellement,
1957 4680 33 16 un
2007 4682 84 20 groupe
2110 4679 126 25 important

1712 4697 115 22 d'anciens
1841 4700 30 20 du
1887 4701 44 21 19e.
1944 4704 55 16 avec
2013 4701 50 21 leur
2076 4703 117 25 président
2203 4706 32 21 M.

1712 4722 96 21 l'avocat
1818 4724 76 21 Pierre
1905 4725 134 22 Fontainas.
2048 4737 27 5 —
2083 4728 27 21 A.

1711 4793 39 28 AU
1768 4793 215 29 GROUPEMENT
1997 4795 240 33 POST-SCOLAIRE

1844 4846 38 27 DE
1899 4845 203 31 SCHAERBEEK

1739 4912 108 24 Elégante
1863 4915 25 20 et
1905 4913 134 21 nombreuse
2057 4916 121 22 chambrée
2196 4923 38 16 sa-

1714 4937 60 20 medi
1786 4938 47 19 soir
1844 4942 30 15 en
1887 4937 23 20 la
1925 4937 56 21 salle
1994 4938 32 20 du
2039 4940 77 22 Musée
2130 4943 28 20 de
2172 4943 52 21 l'Hô-

1714 4961 31 20 tel
1762 4962 130 20 communal
1908 4961 29 21 de
1954 4962 149 26 Schaerbeek,
2120 4966 16 20 à
2153 4966 70 21 l'occa-

1713 4985 51 20 sion
1782 4986 32 20 du
1831 4986 53 24 gala
1904 4986 31 21 du
1953 4990 149 21 groupement
2120 4992 104 22 post-sco-

1713 5009 63 21 laire.

1739 5035 36 19 Au
1788 5035 98 23 premier
1899 5039 58 21 rang
1975 5039 6 16 :
1995 5035 32 21 M.
2040 5037 108 23 Fernand
2161 5040 67 20 Blum

1714 5058 94 21 échevin
1837 5059 28 20 de
1892 5059 156 22 l'Instruction
2075 5062 106 25 publique
2203 5066 27 19 M

1713 5082 110 21 l'èchevin
1845 5084 105 24 Soupart,
1971 5084 57 21 MM.
2050 5085 33 21 les
2106 5089 129 20 conseillers

1713 5112 153 16 communaux
1881 5110 33 18 De
1929 5108 200 26 Baerdemaecker,
2144 5113 85 20 Williot

1713 5132 135 24 Stevelinck,
1870 5133 78 20 Souris
1968 5132 24 20 et
2014 5134 61 20 Mme
2097 5136 84 24 Ensch,
2202 5138 31 20 M.

1713 5157 82 24 Raout,
1810 5158 32 19 M.
1856 5157 84 23 Ensch,
1953 5157 62 20 Mme
2032 5158 51 21 Van
2100 5160 75 25 Molle,
2191 5162 43 20 etc.

1738 5182 43 19 Les
1799 5182 113 20 membres
1932 5181 31 20 du
1981 5182 84 21 comité
2085 5184 32 20 du
2138 5190 83 20 groupe-

1712 5206 64 20 ment
1800 5211 6 16 :
1829 5207 57 19 MM.
1907 5206 73 22 Oscas
1997 5206 93 25 Biltlau,
2111 5209 122 25 président,

1712 5231 75 20 Pierre
1810 5231 93 22 Carton,
1925 5230 116 23 Alphonse
2062 5232 73 23 Ralff.
2155 5234 79 21 Albert

1713 5255 87 23 Lenoir,
1821 5255 78 20 Victor
1919 5255 128 23 Duquesne,
2069 5257 86 20 Marcel
2177 5258 56 21 Ver-

1712 5280 109 22 meersch,
1840 5279 102 20 Maurice
1961 5279 101 23 Fraikin,
2081 5281 98 24 Ehman,
2197 5281 36 22 De

1712 5304 93 21 Blonck.
1824 5304 57 20 MM.
1902 5303 90 22 Meiser,
2011 5304 100 21 Foucart
2131 5307 24 19 et
2175 5307 57 20 Tas-

1712 5328 51 20 nler
1778 5328 106 20 s'étaient
1902 5328 46 19 fait
1964 5331 100 17 excuser.

1737 5354 36 18 Au
1786 5356 143 20 programme
1944 5351 47 20 très
2003 5351 123 26 éclectique
2141 5354 28 21 de
2184 5354 36 21 cet-

1712 5377 23 20 te
1751 5376 71 21 soirée
1839 5376 124 23 figuraient
1979 5375 145 24 notamment
2144 5383 7 16 :

1736 5402 62 19 Mme
1819 5401 92 20 Simone
1932 5400 117 21 Thomson
2070 5412 28 5 —
2117 5402 23 20 la
2160 5403 72 24 petite

1712 5425 47 20 fille
1775 5426 31 20 du
1820 5424 87 21 célèbre
1921 5424 72 20 César
2005 5425 116 22 Thomson
2135 5437 28 5 —
2176 5427 44 20 har-

1712 5450 58 23 piste
1782 5449 68 20 d'une
1863 5448 126 21 sensibilité
2003 5452 58 20 rare,
2074 5450 39 24 qui
2127 5451 38 20 fut
2180 5451 40 21 lon-

1711 5475 108 22 guement
1837 5473 132 24 applaudie;
1991 5472 138 23 l'excellente
2149 5477 70 19 canta-

1712 5498 55 19 trice
1780 5498 61 19 Mme
1855 5497 82 20 Estelle
1949 5497 29 20 de
1991 5497 92 24 Marny;
2099 5499 22 20 le
2134 5499 98 20 danseur

1711 5521 124 20 GhisteUes
1849 5523 23 18 et
1887 5521 33 20 les
1933 5521 114 21 meilleurs
2059 5522 74 21 élèves
2147 5524 28 20 de
2189 5528 42 16 son

1709 5545 71 23 école;
1804 5545 20 20 le
1845 5545 83 24 Joyeux
1948 5546 125 20 humoriste
2094 5547 25 20 et
2139 5552 81 20 compo-

1710 5570 71 20 siteur
1803 5569 88 21 Marcel
1911 5570 109 25 Antoine;
2044 5572 33 20 M.
2101 5572 129 20 Guillaume

2259 346 523 49 L'ANGLETERRE

2378 416 289 48 RESTERA

2307 486 429 47 PROTECTIONNISTE

2274 583 62 31 UNE
2359 584 224 30 DECLARATION
2603 583 164 30 FORMELLE

2275 628 42 30 DE
2336 629 38 30 M.
2391 629 128 31 NEVILLE
2538 628 228 31 CHAMBERLAIN

2353 691 43 22 (De
2411 691 66 20 notre
2492 690 199 24 correspondant).

2285 722 107 21 Londres,
2409 722 24 20 18
2447 726 69 16 mars.
2530 732 28 4 —
2575 722 55 19 (Par
2644 720 141 25 téléphone).

2259 756 27 6 —
2304 747 32 19 M.
2357 746 86 20 Neville
2464 746 163 21 Chamberlain
2648 750 14 15 a
2681 745 37 21 été
2738 745 47 21 très

2259 771 144 23 catégorique
2422 771 146 23 aujourd'hui
2588 775 30 15 au
2636 770 61 23 sujet
2715 770 28 20 de
2762 770 23 20 la

2260 796 108 23 politique
2385 796 146 23 économique
2549 795 54 24 qu'il
2621 795 87 20 entend
2725 795 59 20 faire

2260 821 127 23 triompher
2408 825 31 15 en
2460 820 140 24 Angleterre.

2286 846 148 22 Prononçant
2460 849 33 15 un
2518 845 101 20 discours
2641 843 18 20 à
2681 844 90 20 Birmin-

2261 870 77 24 gham,
2355 869 17 20 il
2390 874 15 15 a
2423 874 30 15 en
2470 869 60 20 effet
2548 868 90 21 déclaré
2656 871 129 17 nettement

2260 899 43 19 que
2319 893 74 21 même
2411 895 20 19 si
2449 893 21 21 le
2489 894 83 20 monde
2589 893 75 20 entier
2682 894 103 19 revenait

2261 923 30 16 au
2310 918 97 23 système
2416 919 43 19 -du
2479 918 172 23 libre-échange
2673 922 100 15 commer-

2260 943 52 22 cial.
2333 943 147 24 l'Angleterre
2502 943 107 20 resterait
2631 941 68 21 fidèle
2723 943 15 19 à
2759 947 27 14 sa

2262 968 109 24 politique
2396 967 125 21 douanière
2547 966 129 25 poursuivie
2701 966 80 24 depuis

2261 997 42 20 que
2317 992 21 20 le
2352 993 178 23 gouvernement
2544 992 75 20 actuel
2632 994 36 19 est
2683 996 33 15 au
2728 996 45 18 pou-

2261 1017 54 20 voir.
2757 1032 8 11 ,

2293 1050 9 10 u
2318 1042 47 23 I_p3
2389 1041 131 24 condi^Jons
2543 1041 29 20 de
2597 1041 36 19 vie
2658 1044 44 21 que
2727 1044 58 16 nous

2262 1070 70 16 avons
2360 1066 20 20 si
2405 1065 155 23 péniblement
2586 1064 102 23 établies,
2716 1064 70 21 dlt-U,

2260 1092 53 19 sont
2329 1090 113 20 devenues
2459 1095 57 19 pour
2532 1095 58 15 nous
2607 1095 45 15 une
2669 1089 117 21 nécessité.

2261 1116 62 19 Nous
2343 1115 129 20 entendons
2492 1115 33 20 les
2546 1114 151 26 préserver».-

2287 1140 66 21 Cette
2370 1139 142 22 déclaration
2529 1144 14 16 a
2560 1140 37 20 été
2615 1138 129 24 applaudie.

2294 1212 37 27 LE
2356 1212 144 33 BANQUET
2526 1212 57 28 DES
2609 1205 151 34 LIBÉRAUX

2414 1263 215 28 D'ETTERBEEK

2288 1332 36 19 En
2350 1335 33 16 un
2407 1331 83 24 joyeux
2513 1331 103 24 banquet
2640 1332 28 20 de
2691 1330 95 25 quelque

2262 1356 38 20 300
2333 1359 112 19 couverts,
2485 1356 158 20 l'Assaciation
2685 1355 102 20 Libérale

2262 1380 143 21 d'Etterbeek
2423 1385 13 15 a
2455 1380 47 21 fêté
2518 1381 88 20 samedi
2624 1380 46 20 soir
2688 1380 23 20 la
2730 1380 56 20 belle

2263 1406 92 19 victoire
2379 1405 92 20 libérale
2495 1404 127 25 remportée
2645 1405 59 19 dans
2727 1406 60 19 cette

2262 1434 120 16 commune
2399 1429 22 20 le
2438 1430 13 19 9
2468 1429 91 20 octobre
2577 1429 98 21 dernier.

2287 1461 32 19 M
2335 1461 80 21 Wiser,
2431 1459 89 25 préside
2537 1460 23 20 la
2575 1460 62 20 table
2652 1460 136 22 d'honneur,

2263 1485 96 20 entouré
2382 1485 28 20 de
2434 1486 32 19 M.
2489 1484 113 23 Schmidt,
2625 1484 162 24 bourgmestre,

2263 1509 93 23 Devèze,
2374 1509 106 21 ministre
2499 1510 29 20 de
2547 1509 23 20 la
2589 1509 100 20 Défense
2711 1509 66 19 natio-

2263 1534 60 22 nale,
2339 1534 105 23 Dierckx,
2458 1533 110 21 sénateur
2583 1535 24 18 et
2622 1532 118 25 président
2757 1533 31 20 du

2263 1559 91 20 Conseil
2385 1558 112 22 national,
2530 1558 122 23 Raymond
2684 1558 105 21 Foucart,

2263 1583 86 20 Marcel
2371 1584 90 23 Jaspar,
2483 1582 46 21 Léo
2551 1582 140 21 Mundeleer.
2714 1582 61 24 dépu-

2264 1608 41 23 tés,
2327 1608 102 23 Démets,
2450 1607 116 23 sénateur,
2589 1608 62 19 Mme
2676 1606 112 23 Schmidt,

2263 1634 62 19 Mme
2347 1632 142 25 Heyninckx,
2509 1633 57 19 MM.
2588 1633 63 19 Piret
2670 1636 26 17 ct
2718 1632 71 22 Rans,

2263 1658 107 20 échevins
2399 1657 150 22 d'Etterbeek,
2577 1656 109 20 Fernand
2714 1656 75 23 Blum,

2263 1682 178 24 vice-président
2459 1683 28 20 de
2504 1682 23 19 la
2542 1680 139 21 Fédération
2695 1680 81 20 Libéra-

2263 1706 29 24 le,
2316 1707 122 23 Mettewie,
2462 1706 158 24 bourgmestre
2644 1705 28 20 de
2698 1705 78 20 Molen-

2263 1732 62 23 beek,
2342 1731 114 23 Bossaert,
2472 1731 155 23 bourgmestre
2645 1730 28 20 de
2689 1729 87 20 Koekel-

2263 1756 60 24 berg,
2342 1756 114 22 Lambert,
2489 1755 155 24 bourgmestre
2677 1754 100 21 d'Ander-

2263 1781 69 22 lecht,
2356 1781 97 22 Servais,
2476 1780 156 23 bourgmestre
2656 1779 29 20 de
2709 1778 78 20 Wolu-

2264 1805 240 23 wé-Saint-Lambert,
2542 1805 52 20 Van
2630 1804 157 24 Huyneghcm,

2264 1830 154 24 bourgmestre
2438 1830 27 20 de
2486 1829 69 25 Jette,
2575 1830 78 23 Leroy,
2672 1827 117 25 président

2264 1855 31 20 du
2310 1854 91 21 Conseil
2416 1854 132 25 provincial,
2565 1853 86 21 Marcel
2668 1853 121 23 Loumaye,

2263 1880 118 23 Pacqueur
2406 1879 168 22 (Anderlecht),
2597 1878 76 21 Labbé
2700 1878 89 20 (Saint-

2263 1905 84 21 Josse),
2377 1904 101 24 Dupont,
2505 1903 122 22 Blondiau,
2656 1903 133 22 Moureaux,

2264 1927 116 25 président
2399 1928 30 20 de
2451 1928 24 20 la
2495 1929 74 19 Jeune
2591 1927 77 21 Garde
2690 1927 87 20 d'Etter-

2264 1954 62 21 beek,
2342 1954 104 21 Sweerts,
2463 1952 193 23 Vanderstroden,
2673 1952 116 21 Jaumain,

2264 1978 118 21 Decleene.
2399 1978 63 20 Mme
2481 1977 119 22 Decleene,
2619 1978 62 19 Mme
2701 1976 88 21 Achille

2264 2004 34 18 De
2314 2003 85 23 Meyer,
2415 2003 32 19 M.
2462 2002 64 20 Jules
2542 2003 34 18 De
2593 2001 82 22 Boeck.
2692 2000 84 21 conseil-

2264 2027 33 20 ler
2310 2026 131 22 communal
2457 2027 28 20 de
2499 2026 125 22 Bruxelles,
2637 2027 76 22 Roger
2727 2026 63 20 Motz

2267 2052 173 23 (Schaerbeek),
2456 2051 54 21 Cari
2527 2051 105 24 Vincent,
2649 2051 44 20 etc.

2289 2083 31 19 Le
2338 2082 67 22 diner
2422 2082 38 20 fut
2473 2081 171 21 extrêmement
2660 2080 87 21 ébrdial
2766 2080 23 21 et

2265 2107 83 20 animé.
2368 2107 20 20 Il
2408 2112 15 20 y
2443 2108 40 18 eut
2501 2106 156 23 évidemment
2677 2105 113 24 plusieurs

2264 2133 73 19 toasts
2351 2131 145 21 chaleureux.

2290 2163 32 19 M.
2337 2162 86 20 Devèxe
2436 2162 30 20 fit
2480 2161 68 25 appel
2561 2162 16 20 à
2590 2161 88 20 l'union
2694 2161 28 20 de
2737 2161 40 20 tou-

2264 2188 36 19 tes
2321 2186 32 20 les
2375 2188 87 19 bonnes
2482 2186 103 20 volontés
2604 2186 60 20 dans
2685 2186 34 19 les
2740 2189 39 16 mo-

2264 2212 77 21 ments
2353 2211 109 20 difficiles
2474 2216 43 20 que
2530 2212 102 19 traverse
2645 2210 22 21 le
2682 2214 63 21 pays.
2759 2210 31 20 M

2264 2236 80 22 IViser,
2359 2236 117 24 président
2492 2236 110 19 remercia
2617 2236 52 19 tout
2685 2235 21 20 le
2723 2239 55 16 mon-

2265 2261 28 20 de
2307 2262 24 19 et
2344 2261 77 20 rendit
2433 2261 123 21 hommage
2571 2264 45 15 aux
2631 2260 117 23 pionniers
2762 2259 28 20 de

2265 2286 92 19 l'œuvre
2378 2285 93 20 libérale
2491 2285 15 19 à
2524 2285 129 21 Etterbeek.
2671 2285 32 19 M.
2723 2285 55 19 Mou-

2265 2315 70 14 reaux
2352 2310 67 20 salua
2437 2310 33 19 les
2486 2309 49 20 élus
2554 2309 143 21 d'Etterbeek
2715 2310 24 19 et
2757 2309 33 19 les

2265 2335 30 20 fit
2308 2335 119 20 acclamer.
2439 2335 62 19 Mme
2514 2334 63 20 Piret
2589 2335 24 19 et
2626 2338 45 16 une
2683 2333 54 24 Jolie
2750 2338 27 20 pe-

2265 2360 41 20 tite
2324 2359 49 20 fille
2392 2360 64 19 toute
2476 2359 28 20 de
2523 2359 52 20 bleu
2594 2358 67 20 vêtue
2680 2357 110 21 remirent

2265 2388 31 16 au
2307 2383 117 25 président
2438 2383 27 20 de
2479 2383 24 20 la
2515 2384 73 19 Jeune
2602 2382 77 21 Garde
2694 2387 32 16 un
2739 2386 39 16 ma-

2265 2409 102 24 gnifique
2387 2408 101 24 drapeau
2509 2408 59 22 bleu,
2589 2408 32 19 M.
2641 2407 104 22 Dierckx,
2766 2411 24 15 se

2265 2433 118 22 dédoubla,
2403 2433 93 23 parlant
2516 2432 190 20 successivement
2726 2435 52 17 com-

2265 2462 36 16 me
2319 2457 115 23 sénateur,
2450 2457 51 24 puis
2519 2461 88 16 comme
2623 2456 120 25 président
2759 2457 31 20 du

2265 2482 91 21 Conseil
2372 2481 114 24 national;
2505 2481 17 20 il
2537 2482 47 21 tint
2599 2481 116 21 d'ailleurs
2731 2481 59 20 deux

2266 2507 44 21 fois
2322 2507 21 20 le
2356 2507 73 20 mérile
2442 2506 247 24 langage/engageant
2701 2505 22 21 le
2736 2509 42 21 par-

2266 2533 18 19 ti
2306 2531 81 22 libéral
2411 2531 14 20 à
2449 2532 73 19 rester
2545 2531 175 21 farouchement
2745 2530 44 20 lui-

2265 2556 73 21 même
2353 2561 54 15 sans
2421 2560 24 16 se
2459 2556 175 23 compromettre
2649 2555 25 20 ni
2688 2555 14 20 à
2717 2554 73 21 droite

2265 2582 25 19 ni
2306 2581 16 20 à
2341 2581 95 24 gauche.
2451 2581 39 19 On
2508 2580 119 24 applaudit
2646 2580 131 23 vigoureuse-

2265 2608 65 19 ment
2349 2606 20 19 le
2387 2609 106 17 nouveau
2512 2604 118 24 président
2648 2605 33 20 du
2700 2604 90 21 Conseil

2265 2630 116 21 National.
2610 2626 6 13 :
2624 2633 6 4 -
2640 2628 6 3 -
2687 2634 4 4 -

2291 2662 32 19 M.
2347 2661 111 22 Schmidt,
2480 2660 163 24 bourgmestre,
2664 2660 40 24 qui
2728 2659 63 21 avait

2265 2686 102 20 entendu
2382 2690 42 20 pas
2437 2685 48 21 mal
2500 2685 97 24 d'éloges
2607 2689 31 19 .se
2651 2684 53 21 leva
2718 2684 72 24 enfin,

2264 2710 66 21 salué
2356 2715 43 20 par
2425 2714 46 16 une
2497 2709 160 21 interminable
2686 2709 102 23 ovation;

2265 2740 55 16 avec
2336 2736 120 23 beaucoup
2476 2734 28 21 de
2525 2734 84 24 flegme
2627 2737 25 17 et
2672 2733 29 21 de
2720 2738 70 20 sang-

2265 2760 61 20 froid
2340 2760 17 19 il
2369 2760 46 20 tira
2430 2760 23 20 la
2466 2759 66 24 leçon
2545 2759 28 20 de
2588 2759 23 20 la
2626 2759 93 20 victoire
2730 2758 48 24 libé-

2265 2785 48 20 rale
2328 2785 14 20 à
2357 2784 128 20 Etterbeek.
2501 2792 10 9 ■
2525 2784 20 19 II
2560 2783 58 21 novfs
2632 2788 15 15 a
2663 2780 65 26 fallu,
2744 2781 46 21 dit-

2265 2810 23 20 il.
2302 2809 28 20 de
2342 2809 65 24 longs
2420 2809 84 20 efforts
2518 2813 58 19 pour
2587 2808 109 25 parvenir
2709 2807 14 21 à
2738 2807 56 22 dés-,

2265 2834 129 23 intoxiquer
2419 2835 66 18 notre
2512 2833 58 21 belle
2597 2837 127 19 commune,
2752 2833 39 23 qui

2266 2859 63 20 avait
2342 2858 38 21 été
2394 2858 99 20 soumise
2510 2857 14 21 à
2540 2854 99 23 l'action*
2645 2855 146 26 ^quihquagé-

2263 2884 67 20 naire
2344 2883 40 20 des
2395 2882 141 25 stupéfiants
2548 2882 114 21 cléricaux
2672 2881 25 22 t»
2712 2887 10 16 t.
2742 2888 22 6 -•
2782 2890 12 13 ,-

2290 2915 33 19 M.
2333 2913 107 22 Schmidt
2451 2913 73 23 enfin,
2538 2918 88 16 comme
2639 2913 52 20 tous
2703 2912 33 21 les
2748 2916 30 17 au-

2265 2934 47 24 tres
2331 2939 111 23 orateurs,
2461 2938 35 20 dit
2515 2942 43 15 son
2577 2936 72 21 fermé
2667 2937 76 24 espoir
2763 2937 27 20 de

2265 2963 48 20 voir
2331 2963 21 19 le
2370 2963 63 24 parti
2450 2962 80 21 libéral
2548 2961 121 24 conquérir
2687 2966 32 16 un
2738 2961 52 24 Jour

2265 2987 15 21 k
2292 2987 122 21 Etterbeek
2427 2987 25 21 la
2465 2987 108 24 majorité
2587 2986 91 21 absolue
2689 2987 8 22 \
2743 3003 4 5 .
2774 3005 7 7 ,

2290 3018 30 20 Et
2337 3018 56 21 c'est
2411 3019 59 20 dans
2489 3018 20 20 le
2529 3018 51 24 plus
2598 3017 74 24 grand
2690 3017 87 21 enthou-

2264 3043 71 20 siaste
2349 3043 42 20 des
2404 3042 85 21 coudes
2503 3042 14 20 à
2532 3042 91 22 coudes,
2637 3046 43 21 que
2696 3046 25 16 se
2736 3046 41 20 pro-

2265 3068 81 23 longea
2360 3068 81 23 jusque
2457 3067 52 25 près
2523 3068 69 20 d'une
2605 3068 71 19 heure
2692 3067 101 22 du..ma-_

2265 3093 36 19 tin
2315 3093 60 19 cette
2391 3090 57 23 belle
2463 3092 48 20 fête
2525 3091 99 21 libérale.
2639 3102 28 4 —
2680 3091 30 21 G.

2263 3164 37 27 LA
2314 3158 78 33 FÊTE
2412 3158 162 38 ÉQUESTRE
2593 3164 37 27 DE
2648 3158 142 33 L'ETRIER

2289 3237 100 21 L'Etrier
2403 3237 97 21 donnait
2514 3238 88 20 samedi
2614 3235 47 23 sofr
2674 3248 28 5 —
2716 3239 23 20 et
2752 3237 25 21 ré-

2264 3262 61 21 édite
2342 3263 122 20 dimanche
2482 3262 15 20 à
2515 3263 24 19 14
2554 3263 23 20 h.
2594 3263 26 20 30
2636 3273 27 5 —
2679 3267 45 16 une
2743 3263 47 20 fort

2265 3287 54 24 jolie
2333 3287 47 20 fête
2392 3287 104 24 équestre
2509 3287 39 24 qui
2563 3289 39 18 eut
2616 3291 34 16 un
2662 3287 59 20 beau
2736 3291 41 16 suc-

2265 3312 37 20 cès
2318 3313 24 19 et
2359 3316 30 16 au
2405 3316 67 16 cours
2489 3312 28 20 de
2535 3311 96 25 laquelle
2648 3313 41 19 ont
2706 3312 34 21 vit
2759 3312 29 19 du

2266 3337 58 20 beau
2336 3336 121 24 spectacle.

2290 3368 31 19 Le
2346 3367 84 20 travail
2453 3366 29 21 de
2507 3365 86 26 pfcneys
2617 3367 105 26 présenté
2746 3372 42 20 par

2264 3394 32 18 M.
2309 3392 76 23 Krier,
2399 3392 126 20 l'excellent
2539 3392 148 21 sous-maître
2703 3392 85 25 d'équi-

2264 3416 82 23 tation,
2360 3416 38 20 fut
2411 3416 47 20 très
2474 3417 109 23 applaudi
2598 3418 24 19 et
2638 3417 46 20 l'on
2699 3418 90 20 admira

2266 3441 24 20 la
2312 3441 104 20 maitrise
2442 3441 28 20 dc
2495 3442 51 19 tout
2570 3442 83 23 Jeunes
2677 3442 111 20 cavaliers

2264 3470 88 16 comme
2372 3470 6 15 :
2398 3466 33 20 M:
2446 3465 87 21 Gérald
2550 3466 166 23 Lanckswecrt.
2733 3467 55 20 Mlle

2264 3490 131 24 Jacqueline
2417 3490 140 23 Gendebien,
2578 3491 55 20 Mlle
2655 3492 66 20 Anne
2729 3505 3 4 -
2743 3496 44 15 van

2265 3515 94 22 Derton,
2382 3514 57 23 Hile
2464 3514 122 22 Ghislaine
2611 3515 176 24 Nieuwenhuys,

2261 3539 59 21 (Mlle
2342 3539 133 24 Jacqueline
2498 3540 28 20 de
2547 3540 116 23 Trannoy,
2684 3541 32 20 M.
2738 3540 38 21 Oli-

2264 3565 47 19 vier
2328 3564 140 22 Gendebien.
2484 3565 31 19 M.
2533 3564 96 24 Thierry
2647 3565 28 20 de
2693 3566 94 19 Menton

2264 3589 28 20 de
2305 3589 78 20 Home
2396 3590 25 19 et
2431 3588 55 21 Mlle
2500 3587 96 23 Isabelle
2610 3589 28 21 de
2650 3590 96 20 Menten
2760 3590 27 21 de

2263 3614 84 19 Home.

2288 3645 32 19 Le
2345 3644 115 24 capitaine
2484 3649 46 15 van
2554 3644 47 21 den
2624 3645 110 20 Branden
2758 3645 28 21 do

2262 3669 75 20 Reeth
2356 3669 87 23 dirigea
2461 3669 89 20 ensuite
2568 3670 40 20 des
2625 3666 114 24 exercices
2758 3670 28 20 de

2263 3693 82 24 voltige
2363 3693 105 20 exécutés
2486 3698 42 20 par
2545 3694 41 20 des
2604 3694 87 20 soldats
2708 3694 66 24 dégui-

2262 3718 43 23 sés,
2323 3718 52 24 puis
2394 3719 32 19 M.
2446 3719 25 19 E.
2491 3719 28 20 de
2538 3719 68 23 Keyn
2627 3719 107 24 présenta
2757 3723 29 16 en

2262 3742 80 21 liberté
2355 3743 23 20 et
2390 3743 47 20 fort
2450 3743 59 24 bien,
2522 3743 21 20 le
2556 3744 80 19 cheval
2652 3753 8 7 ..
2670 3744 91 24 Captan
2769 3752 17 11 ».

2286 3774 44 19 Les
2346 3774 80 20 dames
2441 3774 25 20 et
2482 3774 33 20 les
2533 3774 81 24 Jeunes
2631 3774 67 23 filles,
2712 3774 74 20 élèves

2262 3797 31 21 du
2311 3798 116 23 capitaine
2447 3799 111 23 Verhelle,
2576 3799 147 20 exécutèrent
2742 3803 44 16 une

2262 3822 46 20 très
2328 3823 75 20 bonne
2422 3823 85 24 reprise
2528 3824 28 20 de
2576 3823 103 24 manège,
2699 3823 51 24 puis
2770 3822 15 21 1]

2261 3851 16 20 y
2297 3848 41 19 eut
2361 3851 45 17 une
2431 3848 74 25 partie
2530 3848 180 23 d'Indoor-Polo,
2732 3847 54 21 alll-

2262 3873 73 22 gnant
2347 3872 61 20 deux
2419 3872 94 24 équipes
2525 3873 28 20 de
2567 3873 24 20 la
2605 3872 110 21 cavalerie
2730 3877 44 17 con-

2262 3897 34 19 tre
2308 3896 60 21 deux
2382 3897 92 24 équipes
2488 3898 28 19 de
2529 3897 125 22 l'aviation.

2286 3927 132 21 L'Aviation
2441 3932 76 20 gagna
2539 3928 23 20 la
2583 3926 111 27 première
2716 3932 56 16 man-

2260 3952 53 23 che;
2334 3952 21 21 le
2375 3953 195 20 sous-lieutenant
2589 3953 104 20 aviateur
2712 3953 24 19 E.
2757 3952 28 21 de

2261 3977 138 24 Spoelberch
2420 3978 24 19 et
2464 3978 33 20 M.
2518 3977 87 21 Bracht
2626 3978 124 23 marquant
2772 3976 13 21 S

2261 4002 63 24 goals
2343 4002 15 20 à
2377 4003 20 20 2.
2417 4001 106 25 marqués
2542 4006 43 20 par
2604 4002 33 19 les
2658 4001 128 24 capitaines

2262 4027 66 20 Good
2343 4028 24 19 et
2381 4027 51 20 Van
2446 4027 95 20 Derton.
2556 4027 33 19 La
2604 4026 96 22 seconde
2717 4030 56 16 man-

2260 4052 43 20 che
2317 4056 24 15 se
2358 4052 100 20 termina
2473 4056 43 19 par
2531 4052 13 18 2
2561 4051 63 24 goals
2640 4051 15 20 à
2669 4050 21 20 2.

2285 4082 74 24 Après
2383 4086 32 16 un
2440 4081 110 21 entr'acte
2574 4081 29 21 de
2627 4081 35 20 30-
2677 4081 105 22 minutes,

2261 4107 73 20 Mmes
2351 4107 71 20 Denis
2441 4108 24 19 et
2482 4106 90 22 Colson,
2590 4105 67 21 Mlles
2674 4106 110 22 Léonard,

2261 4132 146 22 Cordemans,
2423 4131 84 24 Nlguet
2521 4131 26 20 et
2561 4130 168 24 Nieuwenh*ys
2744 4134 28 16 ex-

2260 4156 118 20 écutèrent
2396 4156 28 20 de
2444 4156 58 20 bons
2521 4159 109 21 parcours
2651 4154 134 23 d'obstacles

2260 4181 51 24 puis
2324 4186 26 16 ce
2364 4181 38 20 fut
2415 4185 45 17 une
2474 4180 109 21 fantaisie
2599 4180 56 22 1845,
2669 4180 47 20 fort
2730 4184 41 20 gra-

2260 4205 74 20 cieuse
2347 4204 15 21 à
2376 4204 96 25 laquelle
2488 4204 88 24 prirent
2590 4204 61 24 part.
2656 4203 68 21 Mlles
2737 4204 36 20 No-

2260 4230 54 23 blet,
2335 4230 109 20 montant
2468 4237 10 9 •>
2486 4229 74 20 Greta
2567 4237 18 16 »,
2609 4229 29 19 G.
2662 4228 109 20 Nieuwen-

2260 4255 65 23 huys,
2341 4254 108 21 montant
2481 4260 9 14 <
2498 4253 72 24 Apple
2600 4254 77 19 Green
2685 4261 17 15 »,
2733 4253 50 21 Van

2258 4279 102 23 Dievoet,
2377 4278 109 22 montant
2505 4287 9 8 «
2529 4278 73 24 Royal
2619 4275 84 27 Aspect
2717 4286 18 14 »,
2752 4279 32 19 M.

2261 4304 126 23 Visstthers,
2412 4303 109 21 montant
2547 4311 10 9 «
2566 4302 128 21 Géranium
2719 4303 61 20 Ocn-

2259 4328 41 21 dré
2308 4337 18 11 ».

2282 4359 61 20 Mais
2357 4360 21 20 le
2391 4358 62 24 régal
2467 4362 57 22 pour
2538 4358 33 20 les
2585 4357 110 22 cavaliers
2710 4358 37 20 fut
2761 4357 22 20 le

2259 4383 82 20 travail
2355 4383 27 21 de
2396 4382 145 22 haute-école
2554 4382 31 22 du
2598 4382 115 24 capitaine
2726 4383 46 19 Ver-

2259 4408 66 23 helle.
2334 4408 109 21 montant
2457 4416 8 9 »
2480 4407 121 21 Escamillo
2614 4415 18 15 »,
2644 4406 22 21 le
2677 4405 94 22 merveil-

2257 4432 52 22 leux
2321 4432 80 20 cheval
2412 4432 31 21 du
2454 4432 87 20 colonel
2551 4432 28 20 de
2590 4433 116 23 Trannoy.

2283 4464 33 20 La
2334 4463 48 21 fête
2399 4467 25 16 se
2440 4462 120 21 terminait
2577 4467 43 20 par
2637 4466 33 17 un
2687 4461 96 24 manège

2258 4487 28 21 de
2301 4488 95 24 vigueur
2409 4488 24 20 et
2448 4488 41 20 des
2502 4488 66 20 sauts
2580 4487 133 21 d'obstacles
2729 4487 41 20 exé-

2257 4511 64 22 cutés
2334 4516 44 21 par
2393 4512 26 20 24
2435 4511 205 21 sous-lieutenants
2656 4512 29 20 de
2702 4511 80 20 l'Ecole

2258 4536 173 25 d'Application,
2449 4540 54 17 sous
2521 4537 34 20 lea
2573 4536 77 21 ordres
2668 4535 33 21 du
2719 4536 52 25 capi-

2258 4561 64 20 taine
2335 4562 32 20 G:
2373 4565 47 17 van
2432 4562 94 20 Derton.

2283 4593 36 20 Au
2336 4591 53 20 kaki
2408 4591 28 20 de
2451 4595 43 16 nos
2512 4591 87 24 tenues,
2616 4595 31 17 on
2664 4592 77 21 voyait
2759 4595 24 16 se

2258 4616 71 21 mêler
2338 4616 22 19 le
2370 4615 46 26 gris
2426 4616 35 20 fer
2471 4615 40 22 des
2521 4616 126 20 uniformes
2657 4616 76 21 serbes
2743 4616 40 21 des

2258 4641 205 20 sous-lieutenants
2478 4640 144 21 Yancovitch
2645 4641 24 21 et
2686 4642 96 20 Trivon-

2258 4666 61 20 natz.

2282 4697 65 19 Dans
2361 4695 34 21 les
2409 4694 62 24 loges
2485 4694 24 21 et
2524 4699 46 16 aux
2584 4695 110 25 tribunes,
2708 4700 62 21 quan-

2259 4719 42 21 tité
2314 4720 28 20 de
2358 4720 66 24 Jolies
2441 4720 106 24 toilettes,
2563 4721 117 24 beaucoup
2695 4720 29 21 de
2741 4721 30 20 da-

2259 4749 54 18 mes,
2331 4744 40 20 des
2393 4746 80 22 jeunes
2494 4744 61 21 filles
2576 4745 146 25 ravissantes,
2743 4747 40 20 des

2258 4769 77 20 habits
2351 4769 68 23 noirs,
2435 4768 40 20 des
2490 4768 133 22 uniformes.

2283 4801 65 19 Dans
2362 4799 24 20 la
2398 4799 91 21 tribune
2503 4799 31 20 du
2549 4800 95 23 Comité,
2657 4800 22 20 le
2691 4800 91 24 général

2258 4824 32 21 du
2305 4825 50 22 Roy
2370 4824 28 20 de
2414 4823 101 25 Blicquy,
2531 4823 123 26 président,
2667 4825 58 21 était
2741 4830 30 17 en-

2259 4848 64 20 touré
2333 4849 29 20 de
2372 4849 57 19 MM.
2441 4848 89 24 Solvay.
2541 4849 108 24 Theunis.
2658 4849 21 20 le
2691 4849 91 24 général

2258 4873 76 23 Neefs.
2352 4873 21 21 le
2391 4872 88 20 colonel
2496 4873 97 25 Wiener,
2611 4875 22 20 le
2652 4874 87 21 colonel
2755 4876 27 20 de

2258 4898 86 20 Donca.

2283 4935 65 20 Dans
2358 4934 34 21 les
2403 4933 67 25 loges,
2480 4939 31 16 on
2522 4933 126 22 retrouvait
2658 4936 21 21 le
2689 4936 93 21 docteur

2259 4958 95 29 Coppée,
2371 4957 21 21 le
2410 4957 92 25 général
2519 4959 77 24 Denis,
2613 4961 32 20 M.
2658 4961 124 24 Lagrange,

2257 4982 117 24 président
2385 4983 31 21 du
2429 4983 78 21 Cercle
2518 4984 109 24 Equestre
2640 4984 28 21 de
2681 4986 99 23 Genval;

2257 5008 32 20 M.
2299 5008 172 23 Hye-Brabant,
2483 5008 21 20 le
2516 5008 88 21 colonel
2614 5009 124 25 Landrain,
2751 5011 31 22 M.

2258 5032 27 19 de
2304 5031 188 26 Baillet-Latour,
2507 5030 117 28 président
2643 5034 31 21 du
2693 5034 89 21 Comité

2256 5055 143 24 Olympique;
2411 5055 20 20 le
2441 5056 88 20 colonel
2539 5057 164 25 Lancksweert,
2712 5059 21 20 le
2743 5058 27 25 gé-

2257 5079 65 22 néral
2334 5080 132 24 Lemercier.
2478 5081 57 21 MM.
2547 5082 57 20 Paul
2615 5082 24 20 et
2651 5083 72 20 Henri
2736 5086 34 19 Ca-

2257 5104 189 24 simir-Lambert,
2457 5106 31 19 M
2501 5105 29 21 de
2542 5107 87 22 Macar,
2639 5107 21 20 le
2673 5106 108 23 sénateur

2256 5128 115 24 François.
2381 5130 56 19 MM.
2448 5130 114 24 Desprets,
2573 5131 77 24 Fariri,
2660 5133 21 19 le
2691 5133 89 21 notaire

2257 5153 113 24 Delporte.
2388 5154 32 20 M.
2438 5153 124 26 Vlsschers,
2579 5155 104 25 quantité
2703 5157 65 21 d'offi-

2257 5177 64 21 ciers.

2283 5203 31 19 Ce
2328 5202 38 21 fut
2380 5206 45 17 une
2440 5202 47 21 très
2500 5202 58 21 belle
2572 5203 79 23 soirée.
2664 5215 28 5 —
2705 5206 26 21 s.

2807 352 118 60 UNE
2949 350 383 62 ALLOCUTION

2808 438 83 47 DE
2930 439 52 46 M
2985 473 13 12 .
3030 437 121 49 SCH
3155 436 177 50 ACHT

2867 536 38 31 LE
2923 536 155 31 NOUVEAU
3098 530 172 37 PRÉSIDENT

2862 582 44 29 DE
2925 581 39 31 LA
2985 580 129 36 BANQUE
3133 581 151 30 D'EMPIRE

2808 652 15 12 «
2837 645 41 31 LA
2897 645 169 31 SITUATION
3080 644 86 31 DONT
3178 645 30 30 IL
3221 636 115 39 HÉRITE

2932 690 56 30 EST
3008 689 167 31 MAUVAISE
3185 692 18 13 »

2831 740 86 22 Berlin.
2935 740 25 20 18
2975 745 68 16 mars.
3060 750 28 5 —
3103 740 66 21 Dans
3184 745 46 16 une
3248 739 74 21 allocu-

2806 765 50 21 tion
2873 765 163 21 radiodiffusée
3057 765 60 20 dans
3134 766 64 19 toute
3220 764 102 21 l'Allema-

2806 794 51 19 gne,
2867 790 32 20 M.
2910 790 110 22 Schacht,
3029 794 105 16 nouveau
3145 788 117 25 président
3273 790 28 20 de
3313 788 21 21 la

2806 815 95 24 Banque
2927 815 122 23 d'Empire,
3075 814 127 24 invoquant
3215 813 25 21 la
3254 814 82 20 liaison

2806 842 68 19 entre
2876 837 42 23 "les
2931 842 117 21 questions
3062 839 139 21 financières
3213 842 25 19 et
3253 839 32 21 les
3297 839 25 19 in-

2806 864 70 21 térêts
2892 865 26 20 de
2933 864 131 21 l'économie
3078 864 125 22 nationale,
3217 869 15 15 a
3245 863 90 21 déclaré

2806 889 54 24 qu'il
2878 889 82 21 n'était
2977 894 43 19 pas
3037 888 97 25 possible
3153 893 29 16 ae
3202 888 83 23 diriger
3302 892 32 16 un

2807 914 92 21 institut
2908 913 130 21 d'émission
3049 917 55 17 sans
3114 912 48 22 être
3174 918 31 16 en
3217 913 118 20 harmonie

2807 943 54 16 avec
2871 940 32 19 les
2913 940 114 23 principes
3037 938 121 24 politiques
3169 938 31 20 du
3211 942 111 18 gouverne-

2807 964 70 21 ment.
2903 972 5 3 -

2833 989 69 20 aelon
2916 987 40 21 lul.
2970 995 10 10 ■
2995 990 25 19 la
3034 987 112 21 situation
3161 987 57 21 dont
3233 986 17 21 11
3263 986 72 22 hérite

2807 1017 36 18 est
2856 1012 116 22 mauvaise
2990 1021 18 12 ».
3023 1013 46 20 Des
3086 1012 128 21 Influences
3229 1011 106 24 artltral-

2808 1042 42 16 res.
2867 1042 84 16 venues
2969 1036 28 23 de
3016 1036 135 23 l'extérieur,
3168 1039 47 22 ont,
3233 1041 43 20 par
3292 1040 44 17 une

2808 1062 143 24 imprudente
2969 1061 109 25 politique
3097 1063 142 19 d'emprunts
3258 1062 66 20 étran-

2807 1092 57 19 gers,
2877 1086 107 21 desséché
2994 1087 131 21 l'économie
3137 1086 136 21 allemande.

2834 1112 83 21 Contre
2930 1112 11 19 3
2953 1112 111 21 milliards
3075 1112 39 19 300
3123 1111 99 21 millions
3232 1112 28 20 de
3272 1110 65 21 mark

2807 1142 30 15 en
2848 1141 27 16 or
2886 1139 25 19 et
2922 1136 94 23 devises,
3026 1141 43 19 que
3082 1137 23 19 la
3117 1138 95 21 Banque
3224 1135 113 24 d'Empire

2809 1162 113 23 possédait
2933 1167 29 15 en
2974 1163 107 20 réserves,
3090 1160 17 21 11
3118 1165 14 20 y
3144 1166 14 15 a
3168 1161 56 21 trois
3233 1164 50 19 ans,
3294 1159 43 22 elle

2809 1192 27 15 ne
2850 1186 92 25 possède
2956 1186 58 25 plus,
3026 1185 153 23 maintenant,
3191 1190 43 20 que
3247 1186 21 20 le
3279 1190 46 16 neu-

2809 1211 70 21 vième
2892 1212 28 20 de
2935 1212 59 20 cette
3006 1215 93 16 somme.

2834 1235 61 23 Seul,
2911 1236 21 21 le
2948 1237 102 20 contrôle
3066 1237 40 19 des
3122 1234 128 25 paiements
3267 1234 15 21 à
3297 1234 29 21 l'é-

2809 1263 93 21 tranger
2915 1266 14 16 a
2942 1260 121 21 maintenu
3074 1260 23 21 la
3109 1260 102 22 stabilité
3224 1260 30 21 du
3267 1259 71 22 mark,

2809 1291 29 15 en
2851 1286 66 24 dépit
2935 1286 28 20 de
2982 1290 25 16 ce
3025 1290 44 19 que
3088 1285 24 21 la
3129 1285 162 21 dénonciation
3310 1284 28 21 de

2809 1315 94 20 presque
2916 1312 52 20 tous
2978 1310 33 21 les
3022 1309 85 22 crédits
3118 1309 118 24 étrangers
3247 1311 15 19 k
3273 1311 65 19 court

2809 1340 78 18 terme,
2900 1339 44 20 par
2955 1335 33 21 les
3001 1335 128 21 créanciers
3142 1336 29 20 de
3184 1334 155 23 l'Allemagne,

2810 1362 51 19 unis
2871 1361 78 20 contre
2959 1360 51 22 elle,
3020 1365 14 15 a
3043 1360 113 21 nécessité
3166 1359 21 20 le
3196 1359 129 21 rembourse-

2810 1387 64 20 ment
2885 1386 28 21 de
2925 1385 38 21 dix
2975 1385 112 20 milliards
3098 1385 28 21 de
3137 1385 68 20 mark
3215 1386 17 19 a
3243 1384 83 21 l'étran

2809 1416 45 17 ger.

2838 1435 32 20 M.
2887 1434 105 21 Schacht
3011 1434 138 23 s'efforcera,
3169 1438 44 20 par
3232 1433 53 20 tous
3304 1433 34 20 les

2810 1463 105 20 moyens,-
2925 1461 157 21 d'augmenter
3099 1460 34 20 les
3149 1462 101 17 reserves
3267 1459 30 20 de
3315 1458 24 20 la

2810 1485 94 23 Banque
2917 1484 120 24 <nSmptr_,
3051 1489 29 16 en
3090 1488 28 17 or
3129 1485 25 19 et
3165 1488 30 17 en
3208 1483 95 23 devises,
3314 1484 25 19 et

2810 1513 78 17 assure
2902 1508 123 24 l'étranger
3038 1513 43 20 que
3095 1508 148 24 l'Allemagne
3257 1512 69 17 recon-

2810 1534 78 20 naîtra
2901 1533 176 24 Intégralement
3091 1537 36 16 ses
3140 1534 75 20 dettes
3227 1537 100 17 commer-

2809 1558 76 24 ciales,
2896 1558 59 20 mais
2965 1560 78 22 espère
3055 1562 44 20 que
3111 1558 21 20 le
3142 1558 60 20 reste
3214 1557 32 21 du
3256 1556 83 22 monde

2810 1583 65 23 agira
2889 1587 54 16 avec
2956 1582 148 24 l'Allemagne
3117 1587 59 19 pour
3187 1587 43 19 que
3244 1586 82 21 repren-

2811 1610 56 20 nent
2882 1607 33 21 les
2931 1608 128 24 paiements
3075 1607 194 22 Internationaux,
3284 1611 55 16 sans

2811 1632 96 24 lesqusls
2918 1632 33 21 les
2961 1632 114 24 échanges
3087 1633 29 19 de
3125 1631 173 21 marchandises
3309 1636 30 16 ne

2810 1657 118 21 sauraient
2938 1659 130 22 reprendre.

2834 1681 73 23 Après
2917 1681 97 24 l'exposé
3023 1682 29 21 de
3061 1685 42 17 son
3113 1684 144 21 programme
3270 1685 7 16 :
3288 1680 50 22 aide

2814 1706 15 20 à
2843 1703 154 27 l'agriculture
3012 1705 24 21 ct
3050 1705 16 21 à
3082 1705 135 24 l'industrie,
3233 1705 106 22 mantien

2810 1733 28 20 de
2859 1731 24 21 la
2904 1731 153 20 stabilisation
3077 1731 31 21 du
3130 1731 66 20 mark
3212 1730 67 22 basée
3300 1735 39 16 sur

2811 1761 44 16 une
2872 1755 132 24 vigoureuse
3025 1754 94 25 activité
3138 1755 154 24 économique,
3308 1756 31 19 M.

2810 1781 103 22 Schacht
2924 1785 15 17 a
2948 1780 82 21 conclu
3041 1785 42 20 que
3095 1780 21 21 le
3128 1781 178 23 gouvernement
3316 1781 23 20 et

2811 1806 22 21 la
2844 1806 95 23 Banque
2951 1804 112 25 d'Empire
3073 1804 167 22 collaboreront
3249 1804 79 22 unifor-

2811 1831 101 20 mément
2924 1831 59 20 dans
2998 1830 75 21 toutes
3086 1829 33 21 les
3131 1830 116 24 questions
3259 1829 68 21 flnan

2810 1855 71 22 elères
2894 1856 24 21 et
2929 1854 126 22 bancaires.
3067 1865 28 5 —
3107 1854 78 24 Belga.

2870 1919 195 29 POURSUITES
3083 1919 123 28 CONTRE
3224 1919 57 29 LES

2936 1971 140 28 CERCLES
3091 1971 38 28 DE
3144 1971 76 28 JEUX

2839 2038 144 24 Audenarde,
3013 2039 24 20 18
3065 2042 70 17 mars.
3149 2048 29 6 —
3191 2039 31 21 Le
3237 2038 102 21 tribunal

2814 2063 165 22 correctionnel
2992 2063 160 21 d'Audenarde
3166 2063 64 22 vient
3244 2065 28 20 de
3286 2067 42 16 ren-

2815 2088 40 20 dre
2874 2093 43 15 son
2937 2089 120 23 jugement
3077 2088 60 20 dans
3157 2087 34 21 les
3211 2088 130 25 poursuites

2814 2112 115 21 intentées
2948 2117 43 20 par
3010 2112 21 21 le
3051 2113 98 23 parquet
3179 2112 160 21 d'Andenarde

2814 2138 79 20 contre
2908 2138 33 19 les
2955 2137 104 20 nommés
3074 2136 109 24 Neuville,
3195 2137 80 24 Emile,
3290 2142 37 15 em

2814 2162 73 25 ployé,
2905 2162 136 20 demeurant
3071 2162 16 20 à
3118 2161 150 24 Schaerbeek,
3298 2166 42 16 rue

2814 2186 67 24 Jolly,
2897 2187 44 23 176,
2958 2186 30 21 né
3004 2186 15 20 à
3036 2186 224 23 Aische-en-Refait,
3275 2185 22 21 le
3316 2187 24 19 15

2814 2211 128 24 septembre
2960 2211 58 23 1877,
3034 2211 136 21 Delsemme,
3185 2210 149 21 Jules-Henri

2814 2235 110 25 employé,
2941 2235 30 21 né
2990 2238 15 18 a
3023 2236 75 23 Saive,
3116 2235 22 20 le
3156 2235 27 20 29
3201 2240 63 16 mars
3284 2236 57 22 1880,

2814 2262 25 19 et
2856 2260 113 21 domicilié
2984 2260 15 20 k
3016 2260 89 23 Fléron,
3121 2264 41 16 rue
3179 2260 114 24 Laplerre.
3308 2260 33 22 38,

2815 2286 24 19 et
2852 2285 79 20 Peters
2947 2284 117 24 Chrétien,
3078 2283 111 25 employé,
3204 2284 30 21 né
3250 2285 15 20 à
3280 2285 60 19 Bae-

2815 2309 184 22 len-sur-Ncthc,
3012 2308 21 22 le
3047 2309 13 20 2
3074 2309 51 24 Juin
3138 2309 57 23 1873,
3207 2311 25 19 et
3244 2309 84 20 domici-

2815 2334 30 21 lié
2867 2334 15 20 à
2904 2334 56 23 Goé,
2980 2334 138 20 demeurant
3139 2333 165 26 actuellement
3326 2334 15 20 à

2814 2359 150 21 Schaerbeek,
2994 2362 41 16 rue
3065 2359 27 19 A.
3122 2358 120 24 Détienne,
3260 2358 33 22 42,
3309 2358 32 20 du

2815 2383 53 21 chef
2884 2383 93 23 d'avoir,
2992 2382 15 21 k
3022 2382 134 24 Sotteghem
3173 2383 24 20 et
3213 2382 16 20 à
3244 2383 95 22 Renaix,

2814 2408 82 24 depuis
2911 2408 21 20 le
2948 2408 25 19 28
2987 2411 63 17 mars
3065 2407 107 24 jusqu'au
3186 2407 14 20 6
3215 2407 58 20 avril
3291 2407 50 20 1932

2815 2433 24 20 et
2854 2433 15 20 â
2882 2432 97 23 Renaix,
2993 2432 21 20 le
3030 2432 12 20 6
3058 2432 58 20 avril
3132 2432 50 20 1932
3200 2436 7 16 :

2841 2459 24 18 a)
2882 2458 62 19 Tous
2956 2456 33 20 les
3002 2457 57 19 trois
3076 2461 7 16 ;
3100 2460 88 17 comme
3203 2455 94 22 auteurs
3311 2461 30 15 ou

2815 2482 140 23 co-auteurs,
2968 2481 45 20 soit
3027 2485 30 16 en
3072 2483 71 21 ayant
3157 2480 94 22 exécuté
3264 2481 21 21 le
3299 2480 29 22 dé-

2815 2506 28 20 lit
2860 2510 29 17 ou
2906 2510 30 16 en
2955 2505 72 25 ayant
3044 2504 95 26 coopéré
3157 2505 151 21 directement
3326 2505 15 21 à

2815 2535 42 16 son
2869 2527 127 28 exécution;
3008 2530 65 20 avoir
3084 2526 105 28 exploité,
3202 2534 31 16 en
3246 2529 95 26 quelque

2815 2555 46 22 lieu
2875 2559 30 16 ou
2920 2559 53 16 sous
2988 2554 95 26 quelque
3099 2555 74 20 forme
3188 2559 44 19 que
3248 2559 26 16 ce
3290 2554 51 22 soit,

2816 2581 39 18 cies
2866 2581 55 22 jenx
2934 2578 28 22 de
2973 2579 93 23 hasard,
3076 2579 45 20 soit
3133 2576 30 23 eh
3174 2583 16 20 y
3200 2579 141 24 participant

2812 2609 46 21 par
2875 2602 143 23 eux-mêmes
3036 2607 30 17 ou
3085 2607 45 21 par
3148 2603 62 20 leurs
3228 2603 113 25 préposés,

2815 2632 24 19 et
2851 2627 30 22 eri
2893 2628 113 24 stipulant
3019 2627 14 21 à
3045 2628 50 20 leur
3106 2626 113 25 avantagé
3232 2628 40 21 des
3285 2633 43 16 con-

2815 2654 84 20 ditions
2916 2651 56 23 dent
2986 2652 75 22 l'effet
3073 2654 37 20 est
3124 2653 28 20 de
3166 2657 92 20 rompre
3271 2652 58 24 l'éga-

2815 2678 41 20 lité
2871 2675 43 23 "des
2933 2678 105 23 chances,
3047 2678 59 22 'etc.,
3125 2681 55 16 avec
3198 2677 25 21 la
3239 2677 89 21 circons-

2815 2704 68 19 tance
2897 2706 44 21 que
2957 2702 21 20 le
2994 2701 93 23 nommé
3101 2701 103 21 Neuville
3220 2705 25 17 se
3261 2702 80 20 trouve

2815 2732 30 16 en
2865 2728 50 20 état
2935 2727 28 20 de
2982 2726 98 21 récidive
3101 2726 72 24 légale
3192 2730 60 20 pour
3271 2726 68 23 avoir,

2814 2756 31 17 en
2862 2754 66 18 vertu
2944 2752 28 20 de
2990 2751 24 21 la
3031 2751 31 21 loi
3080 2751 31 20 du
3128 2751 27 20 24
3172 2751 92 20 octobre
3284 2751 56 22 1902,

2815 2777 142 20 concernant
2978 2775 22 21 le
3021 2776 47 24 Jeu,
3088 2776 38 20 été
3147 2775 128 21 oondamné
3298 2780 43 20 par

2813 2801 65 20 arrêt
2894 2801 29 20 de
2941 2801 25 19 la
2983 2802 62 19 Cour
3062 2800 90 24 d'appel
3169 2800 29 20 de
3216 2800 124 22 Bruxelles,

2816 2830 29 16 en
2864 2826 53 19 date
2935 2826 33 19 du
2988 2826 24 19 10
3030 2827 63 19 mars
3113 2825 56 23 U>2_,
3189 2824 63 23 arrêt
3269 2826 72 22 ayant

2816 2851 77 23 acquis
2905 2850 63 20 force
2979 2849 76 24 Jugée;

2841 2875 25 21 b)
2880 2874 110 23 .Neuville
3008 2875 24 20 et
3048 2874 87 23 Peters,
3153 2877 30 17 en
3201 2873 59 25 plus,
3278 2874 63 21 avoir

2816 2898 95 25 outragé
2922 2899 22 20 le
2957 2898 154 22 commlssaiae
3124 2898 29 20 de
3166 2896 72 27 police
3252 2898 28 21 de
3293 2899 35 20 Re-

2815 2924 59 21 naix
2890 2926 23 17 et
2931 2927 43 17 son
2992 2923 91 24 adjoint
3102 2923 58 22 dans
3177 2923 116 20 l'exercice
3312 2922 28 22 de

2815 2948 61 21 leurs
2889 2948 125 24 fonctions.

2841 2973 42 20 Les
2905 2972 112 25 prévenus
3038 2970 67 26 après
3127 2972 64 20 avoir
3212 2971 93 22 Installé
3326 2971 15 21 à

2816 2997 76 22 Gand,
2924 2995 34 23 uri
2971 3015 4 4 .
2987 2996 72 21 cercle
3079 2996 36 21 dlt
3135 3004 10 9 «
3165 2996 64 21 Eden
3250 2996 58 21 club
3329 3005 9 9 »

2814 3021 107 21 s'étalent
2952 3021 86 20 rendus
3068 3020 16 21 k
3114 3021 123 23 Sottegem,
3256 3021 51 24 puis
3326 3020 14 21 à

2815 3046 96 24 Renaix,
2931 3049 30 17 ou
2982 3050 30 15 en
3031 3045 61 20 cette
3112 3044 104 21 dernière
3237 3045 53 20 ville
3311 3045 29 20 ils

2811 3071 97 20 avaient
2920 3069 52 21 loué
2986 3069 23 21 la
3023 3069 55 21 salle
3092 3069 15 21 k
3119 3074 98 19 manger
3227 3070 57 20 d'un
3296 3069 31 21 hô-

2816 3095 31 20 tel
2863 3095 15 20 à
2894 3095 23 19 la
2936 3099 53 20 gare
3008 3094 28 21 de
3053 3094 96 23 Renaix,
3166 3099 59 19 pour
3242 3094 27 25 y'.
3274 3094 65 24 Jouer

2814 3120 15 20 à
2845 3119 23 21 la
2882 3119 105 21 roulette.
3007 3129 3 3 ■
3048 3136 3 4 .

2839 3143 34 21 La
2887 3143 111 25 première
3013 3142 71 22 soirée
3099 3143 41 20 eut
3154 3143 47 21 ïieu
3216 3143 22 21 le
3254 3144 13 19 5
3281 3143 58 21 avril

2814 3169 30 21 et.
2858 3168 22 21 le
2893 3169 13 19 6
2919 3168 58 23 avril
2990 3168 57 21 1932.
3061 3172 39 16 sur
3115 3167 81 21 l'ordre
3209 3168 33 21 du
3256 3172 71 21 procu-

2814 3197 54 16 reur
2881 3194 37 19 du
2927 3193 43 23 roi,
2986 3192 169 25 procès-verbal
3169 3192 39 21 fut
3224 3193 75 21 dressé
3315 3194 24 19 et

2814 3218 21 20 le
2853 3217 103 21 matériel
2973 3217 55 20 saisi

2839 3243 32 20 M.
2886 3242 103 23 Godeau,
3003 3242 130 24 professeur
3144 3241 30 21 de
3188 3241 138 21 mathémati-

2814 3271 56 20 ques
2884 3266 16 21 k
2915 3266 143 20 l'Université
3075 3266 30 20 de
3120 3265 74 25 Liège,
3210 3271 17 15 a
3242 3265 84 22 démon-

2815 3291 35 21 tré
2861 3291 60 21 dans
2934 3295 33 16 un
2978 3290 54 25 long
3044 3291 95 23 rapport
3152 3295 43 20 que
3209 3290 21 21 le
3244 3291 39 24 Jeu
3295 3295 43 20 que

2814 3316 33 20 les
2867 3315 112 25 prévenus
2998 3315 150 25 exploitaient
3169 3315 58 21 était
3247 3320 33 16 un
3299 3316 39 24 Jeu

2814 3341 27 20 de
2855 3340 94 22 hasard.

2839 3365 31 20 Le
2883 3364 101 22 tribunal
2999 3369 14 15 a
3025 3364 129 21 condamné
3167 3364 34 20 les
3214 3363 58 22 trois
3285 3364 41 25 pré-

2813 3393 79 19 venus,
2909 3392 58 21 pour
2984 3389 65 20 avoir
3065 3389 56 20 tenu
3140 3393 33 16 un
3191 3389 39 24 Jeu
3247 3389 29 20 de
3294 3390 31 19 ha-

2813 3415 60 23 sard,
2891 3413 15 21 à
2924 3414 59 20 deux
3003 3413 44 21 fois
3065 3414 39 20 300
3122 3414 79 20 francs
3218 3413 120 21 d'amende

2814 3438 58 25 plus'
2878 3438 43 20 les"
2926 3437 100 22 décimes
3040 3438 45 20 soit
3099 3438 59 20 deux
3174 3438 45 20 fois
3235 3438 58 21 2.100
3309 3438 29 22 fr.

2813 3463 119 20 d'amende
2953 3465 25 19 et
2999 3462 33 20 les
3054 3462 104 21 nommés
3178 3462 114 21 Neuvilles
3313 3464 25 20 et

2813 3489 91 19 Peeters
2917 3491 58 20 pour
2990 3487 107 24 outrages
3110 3486 15 22 à
3139 3487 24 20 la
3176 3487 73 24 police
3263 3487 15 21 à
3292 3492 45 16 une

2813 3512 97 21 amende
2930 3512 28 20 de
2979 3512 26 20 30
3026 3512 45 20 fols
3091 3512 13 20 7
3125 3512 87 23 francs,
3232 3511 46 21 soit
3298 3512 39 21 210

2813 3537 85 20 francs.

2838 3562 43 19 Les
2901 3560 74 21 tables
2995 3560 26 21 et
3041 3560 21 21 le
3083 3560 104 21 matériel
3208 3561 94 20 servant
3322 3560 16 22 à

2812 3585 165 24 l'exploitation
2996 3585 29 21 de
3047 3589 26 18 ce
3093 3585 40 24 Jeu
3153 3590 16 16 a
3188 3585 38 22 été
3247 3584 90 22 déclaré

2813 3609 124 26 confisqué.

2812 3688 85 28 MORT
2911 3688 156 32 TRAGIQUE
3084 3688 72 27 D'UN
3183 3688 155 34 BANQUIER

2836 3754 220 24 New-Wilmingdon
3079 3755 136 20 (Delaware)
3220 3756 31 22 ,18
3270 3759 67 17 mars.

2813 3789 24 13 r-
2847 3780 31 19 M.
2889 3780 86 19 Howell
2987 3780 77 23 Getty,
3076 3779 116 25 président
3204 3780 28 21 de
3242 3781 24 21 la
3277 3780 61 21 First

2811 3804 108 20 National
2936 3804 73 22 Bank,
3026 3809 14 16 a
3057 3804 37 21 été
3109 3805 80 20 trouvé
3202 3806 62 19 mort
3279 3806 60 18 dans

2810 3833 42 16 son
2868 3830 167 23 appartement,
3051 3829 82 24 frappé
3150 3829 67 21 d'une
3230 3829 67 21 balle.

2836 3853 50 20 Une
2901 3854 54 19 note
2971 3853 80 21 laissée
3066 3857 43 20 par
3121 3853 33 20 lui
3168 3853 114 24 indiquait
3294 3858 43 20 que

2811 3878 20 20 le
2844 3879 108 19 montant
2964 3878 31 20 de
3006 3882 28 16 sa
3045 3878 71 24 police
3131 3878 151 24 d'assurance,
3292 3879 45 19 soit

2810 3903 71 20 50.000
2899 3903 90 22 dollars,
3006 3902 61 21 étalt
3082 3902 113 21 suffisant
3208 3907 62 19 pour
3284 3907 41 20 per-

2810 3928 83 19 mettre
2909 3927 23 20 la
2948 3927 152 24 réouverture,
3113 3927 28 21 de
3159 3927 23 20 la
3197 3927 96 24 banque.
3311 3936 27 6 —

2811 3952 92 20 Reuter.

2257 5282 146 21 Mombaerts.
2414 5281 21 21 le
2448 5282 100 24 pianiste
2561 5283 99 21 virtuose
2672 5281 21 24 si
2705 5286 61 24 Juste-

2256 5307 65 20 ment
2336 5306 111 25 apprécié.
2460 5307 62 20 Mme
2535 5308 71 24 Daisy
2621 5310 73 19 Grâce
2708 5315 25 17 et
2747 5312 33 20 M.

2255 5331 95 24 Denoly.
2362 5331 38 24 qui
2414 5331 177 24 interprétèrent
2603 5333 176 24 quelques-unes

2257 5355 40 20 des
2313 5355 127 21 meilleures
2458 5355 78 21 scènes
2555 5356 28 22 de
2600 5361 80 17 revues
2699 5359 29 20 de
2747 5355 35 25 M.'

2256 5380 100 24 Georges
2368 5379 125 23 Vaxelaire.
2504 5380 67 21 enfin
2583 5385 34 16 un
2629 5382 69 23 jeune
2713 5382 66 22 ténor

2257 5403 90 24 basque.
2362 5405 30 19 M.
2409 5404 150 24 Santalouna,
2572 5406 39 23 qui
2627 5406 38 20 fut
2680 5406 24 21 la
2718 5407 47 21 véri-

2256 5428 63 20 table
2334 5428 125 23 révélation
2475 5429 28 20 de
2518 5429 61 20 cette
2596 5430 82 24 soirée;
2696 5436 32 16 on
2746 5432 31 20 lui

2254 5452 32 20 fit
2301 5457 33 16 un
2351 5452 78 21 succès
2446 5454 38 23 qui
2501 5453 45 21 fait
2562 5454 54 21 bien
2634 5459 97 20 augurer
2749 5457 28 21 de

2255 5481 43 16 son
2311 5478 79 19 avenir
2404 5477 60 20 dans
2478 5477 54 20 l'art
2547 5478 31 20 du
2592 5478 80 21 chant.

2281 5500 20 21 H
2311 5506 15 19 y
2337 5502 40 19 eut
2386 5501 67 20 enfin
2464 5505 34 16 un
2508 5502 76 24 grand
2594 5502 45 23 bal,
2651 5504 38 23 qui
2701 5504 64 21 main-

2256 5525 46 20 tint
2315 5526 79 23 jusque
2409 5525 47 20 très
2470 5526 53 20 tard
2536 5531 46 16 une
2598 5528 112 23 bruyante
2725 5529 40 19 ani-

2256 5549 88 20 mation
2359 5554 52 15 sous
2425 5549 33 20 les
2473 5551 102 20 marbres
2590 5552 31 20 du
2635 5552 74 24 palais
2724 5557 40 17 mu-

2255 5573 85 24 nicipal
2357 5574 28 20 de
2402 5574 149 22 Schaerbeek.
2567 5585 27 6 —
2609 5576 31 20 G.

2840 4012 53 31 LES
2912 4012 182 31 TRAMWAYS
3114 4012 192 31 BRUXELLOIS

3040 4074 53 17 AVIS

2833 4099 16 17 A
2865 4099 55 18 dater
2935 4099 26 17 du
2975 4099 55 18 lundi
3043 4100 23 18 20
3080 4103 51 13 mars
3149 4100 50 19 1933,
3214 4102 20 14 et
3251 4101 83 19 pendant

2811 4118 19 17 1k
2851 4119 56 16 durée
2924 4119 32 16 dei
2975 4121 81 15 travaux
3072 4120 26 17 du
3113 4119 144 18 détournement
3276 4121 23 17 de
3315 4121 19 17 1a

2811 4138 62 16 Senne
2882 4142 45 14 «eus
2939 4139 19 17 la
2971 4141 41 14 voie
3024 4142 24 14 en
3059 4139 65 17 boucle
3136 4139 22 17 de
3169 4140 19 17 la
3200 4140 55 18 Place
3267 4141 68 16 Salnc-

2812 4157 71 20 teletCe,
2897 4158 28 17 les
2940 4160 61 15 trams
3013 4162 19 16 n.
3047 4159 20 16 14
3083 4159 54 16 barri
3150 4160 21 16 et
3187 4159 21 17 IS
3220 4160 64 20 barré,
3299 4164 25 13 au-

2812 4178 43 15 ront
2871 4177 42 16 leur
2928 4178 92 18 terminus
3037 4178 75 20 reporté
3129 4183 26 13 au
3172 4177 99 19 carrefour
3301 4180 34 17 des

2811 4196 110 17 boulevards
2932 4197 91 18 d'Anvers
3033 4198 20 17 et
3063 4198 59 17 Emile
3131 4199 99 19 Jacqmain
3245 4200 86 18 (Comm.)

2933 4222 111 18 SERVICES
3057 4224 136 17 RENFORCES

2831 4247 104 17 Dimancbe
2951 4249 20 16 10
2986 4252 51 13 mars
3053 4249 47 18 1033.
3115 4257 24 5 —
3151 4250 15 16 A
3183 4250 20 16 14
3219 4249 20 18 h.
3254 4250 81 18 Courses

2811 4266 11 17 k
2836 4267 140 19 l'Hippodrome
2994 4268 22 16 de
3034 4269 99 17 Boitsfort.
3151 4269 24 16 Le
3189 4272 71 15 service
3275 4274 21 14 n.
3315 4271 19 17 16

2810 4289 43 14 sera
2862 4287 87 17 renforcé
2960 4288 12 16 à
2984 4288 61 19 pwtlr
3057 4288 23 17 de
3091 4289 19 17 13
3122 4288 23 17 h.-
3152 4288 20 17 50
3183 4293 36 16 par
3229 4290 33 17 dea
3273 4292 61 16 trama

2810 4306 89 19 spéciaux
2914 4308 80 18 partant
3008 4307 23 18 de
3049 4307 19 17 la
3086 4307 56 18 Porte
3159 4308 24 17 de
3197 4309 77 17 Namur.

2832 4325 15 16 A
2867 4326 19 16 15
2903 4325 69 18 hetires
2993 4330 5 13 :
3017 4327 66 16 Match
3101 4328 22 16 de
3143 4327 85 22 football,
3249 4329 84 17 Division

2805 4345 106 17 d'honneur
2938 4346 63 17 Union
3031 4347 166 17 Saint-Oillolse—
3196 4348 88 20 Mallnes,
3305 4352 25 13 au

2810 4365 72 16 terrain
2897 4366 23 16 de
2936 4365 77 18 l'Union
3030 4366 145 18 Balnt-Qillolse
3192 4371 25 13 au
3231 4368 48 17 Parc
3294 4369 28 15 Du-

2810 4383 42 17 den.
2866 4384 35 16 Les
2915 4386 81 15 service»
3007 4389 20 15 n.
3042 4387 25 18 14,
3081 4386 21 17 53
3114 4389 20 14 et
3147 4387 22 17 80
3181 4389 66 15 «rent
3258 4387 74 18 renfor-

2809 4402 31 17 cés
2855 4402 12 17 k
2880 4404 62 18 partir
2955 4403 23 17 de
2995 4404 19 17 13
3030 4404 19 17 h.
3066 4405 28 17 45.
3173 4407 158 20 (Communiqué).

3355 346 109 47 LES
3491 343 389 50 ENTRETIENS

3393 418 128 38 BONNE
3521 418 175 37 T-CHAMB
3697 416 160 39 ERLAIN'-
3865 433 29 20 =.

3354 496 53 30 LES
3429 495 137 31 HOMMES
3591 487 116 38 D'ÉTAT
3728 491 155 34 SERAIENT

3421 533 137 38 ARRIVÉS
3577 539 86 31 AUN
3682 538 130 32 ACCORD

3381 602 107 22 Londres,
3506 602 24 19 18
3547 605 69 16 mars.
3632 611 27 5 —
3675 601 32 20 M.
3723 600 99 24 Bonnet,
3836 599 35 22 mi-

3356 627 70 20 nistre
3439 626 40 20 des
3489 626 113 20 Finances
3612 625 108 23 français,
3731 624 154 24 accompagné

3357 651 27 20 de
3401 652 32 20 M.
3450 651 80 21 Rueff.
3547 650 94 22 attaché
3657 649 115 21 financier
3788 649 15 21 à
3817 649 77 21 l'am""

3357 675 95 21 bassade
3469 675 29 21 de
3513 675 95 22 France,
3624 675 55 20 s'est
3694 673 80 24 rendu,
3791 678 25 17 ce
3833 676 51 17 ma-
3892 676 8 9 r

3355 700 43 22 tin.
3411 704 31 16 au
3453 699 117 20 ministère
3585 699 32 21 du
3632 700 137 21 Commerce,
3780 698 31 21 où
3824 698 23 21 11-
3854 701 31 18 y»
3893 705 7 7 ■

3355 724 97 23 étudier,
3472 728 55 16 avec
3547 725 32 20 M.
3598 723 88 22 Walter
3704 723 138 23 Runciman.
3860 720 26 23 là

3356 750 75 24 partie
3446 748 146 24 économique
3606 748 30 22 de
3650 748 81 20 l'ordre
3745 748 32 20 du
3790 748 54 24 jour
3856 746 34 23 de'

3358 774 21 20 la
3392 773 135 21 conférence
3539 773 154 24 économique.

3382 798 32 21 Le
3433 798 104 20 ministre
3558 797 32 21 du
3611 799 130 19 Commerce
3761 796 91 25 anglais
3871 800 26 22 ».

3357 823 90 20 déclaré
3460 827 47 16 aux
3520 822 148 24 journalistes
3681 821 55 25 quil
3750 826 30 17 ne
3795 820 92 26 pensait

3356 852 43 20 pas
3416 852 43 20 que
3475 847 34 20 les
3536 847 171 20 conversations
3736 851 26 15 se
3780 846 95 24 poursui-

3357 872 91 21 vraient
3461 872 58 20 dans
3535 871 158 24 l'après-midi.
3707 880 29 6 —
3750 871 102 20 Reuterr
3862 880 36 5 —

3397 902 121 21 ACCORD
3539 902 58 21 SUR
3617 896 39 27 DÉ
3676 901 172 21 NOMBREUX

3568 926 109 21 POINTS

3458 958 43 22 (De
3514 957 67 20 notre
3596 956 196 25 correspondant.)
3850 971 6 4 .
3878 970 7 5 .

3385 988 108 22 Londres.
3509 989 25 19 18
3548 992 69 17 mars.
3631 998 28 5 —
3676 988 55 21 (Par
3745 986 142 26 téléphone).

3360 1022 27 6 —
3405 1013 30 20 Le
3456 1021 9 9 «
3474 1014 66 19 News
3559 1012 121 22 Chronicle
3689 1021 9 9 »
3719 1012 105 24 apprend
3842 1016 55 22 que-

3360 1037 22 21 le
3403 1038 105 20 ministre
3531 1037 40 21 des
3593 1038 120 22 Finances,
3734 1037 33 20 M.
3788 1037 100 22 Bonnet,

3361 1063 53 19 s'est
3430 1062 28 20 de
3475 1066 105 16 nouveau
3596 1062 124 19 entretenu
3739 1061 151 24 longuement

3362 1086 146 24 aujourd'hui
3524 1091 55 15 avec
3594 1086 32 22 M.
3642 1086 138 24 Runclman,
3795 1086 22 20 le
3832 1085 64 25 pré»"

3361 1111 76 20 sident
3455 1111 32 20 du
3506 1111 77 20 Board
3601 1111 25 20 of
3644 1110 83 21 Trade.

3387 1136 34 20 La
3444 1135 105 24 question
3572 1135 32 21 du
3627 1135 218 23 contingentement,
3863 1136 25 20 et

3361 1160 40 20 des
3420 1160 69 20 tarifs
3509 1160 122 20 douaniers
3650 1159 38 21 fut
3705 1160 53 21 tout
3777 1159 98 26 spéciale-

3362 1186 65 19 ment
3446 1184 107 21 discutée.

3387 1210 43 20 Les
3451 1210 61 20 deux
3534 1209 117 21 ministres
3672 1208 131 22 tombèrent
3824 1209 52 22 d'ac-

3363 1234 55 20 cord
3442 1238 41 16 sur
3507 1233 29 21 de
3559 1234 128 20 nombreux
3710 1234 80 24 points
3814 1234 24 20 et
3863 1232 24 22 la

3362 1259 104 24 question
3489 1258 29 21 de
3539 1258 24 20 la
3583 1258 137 21 conférence
3740 1258 149 25 économique

3362 1283 115 22 mondiale
3501 1283 38 20 fut
3562 1283 140 21 activement
3725 1282 103 25 poussée.
3853 1291 10 16 .-

3387 1309 44 20 Les
3448 1309 59 20 deux
3525 1307 117 21 ministres
3661 1307 102 21 seraient
3780 1308 50 21 fort
3848 1304 29 26 dé-

3362 1334 76 19 sireux
3460 1333 29 20 de
3513 1333 49 19 voir
3585 1332 24 21 la
3631 1332 137 21 conférence
3791 1331 98 25 adopter

3362 1358 41 20 des
3414 1357 94 21 accords
3522 1357 40 24 qui
3573 1355 101 23 seraient
3686 1356 131 25 incorporés
3830 1357 61 21 dans

3363 1387 44 17 une
3426 1382 146 20 convention.

3388 1408 65 19 Dans
3464 1406 34 21 les
3510 1406 94 21 milieux
3617 1406 159 25 britanniques
3789 1410 32 17 on
3833 1410 44 17 con-

3363 1432 72 19 sidère
3453 1436 44 19 que
3513 1431 34 20 les
3562 1431 158 25 négociations
3740 1431 42 21 ont
3798 1430 46 22 falt
3860 1429 30 23 de

3363 1457 84 23 grands
3464 1456 100 24 progrès.

3910 645 33 14 ..a

3898 1062 25 16 .11

3391 1558 132 47 POUR
3545 1552 230 53 VOYAGER
3833 1550 37 59 £

3547 1626 64 47 EN
3646 1626 218 50 FRANCE

3399 1703 70 18 Visiter
3485 1704 181 18 avantageusement
3682 1704 20 17 la
3717 1704 42 17 côte
3775 1705 75 21 d'Aïur,

3402 1729 21 17 la
3439 1730 100 20 Provence,
3556 1729 28 17 lea
3597 1729 99 20 Pyrénées,
3714 1731 28 16 Im
3754 1730 62 22 Alpes,
3833 1726 34 27 lai.'

3403 1755 62 20 Corse,
3478 1756 20 16 et
3509 1756 63 16 toutes
3583 1755 75 20 réglons
3670 1757 129 19 touristiques.
3828 1757 15 17 7.
3864 1766 6 6 *

3460 1802 255 33 ADRESSEZ-VOUS
3738 1804 47 31 AU

3454 1857 337 49 TOURISME
3846 1868 10 35 :

3454 1932 338 60 FRANÇAIS

3401 2010 28 19 99.
3441 2011 29 16 Bd
3480 2011 40 16 Em.
3530 2011 107 21 Jacqmain,
3649 2013 81 16 Bruiell.
3742 2013 22 16 T.
3777 2013 77 18 17.71.47

3423 2045 65 18 Progr.
3499 2044 69 16 lllustr.
3580 2048 21 13 n.
3612 2045 10 16 1
3635 2046 48 17 grat.
3695 2048 35 14 «ur
3739 2045 94 17 demande

3437 2091 142 38 POUR
3607 2083 236 54 PAQUES"

3404 2154 145 31 VOYAGES
3569 2154 40 30 DE
3629 2154 216 32 PROPAGANDE

3470 2200 23 29 A
3519 2199 75 31 PRIX
3620 2194 155 37 SPÉCIAUX

3401 2342 82 58 1_,E
3529 2345 80 44 1er
3647 2340 217 55 AVRIL,

3399 2412 79 19 aura
3496 2400 62 32 lieu
3578 2400 30 31 le
3624 2402 21 29 2
3647 2407 18 11 m
3666 2407 11 12 °
3692 2400 116 39 Tirage
3823 2402 43 31 dé

3401 2452 25 48 7
3474 2452 60 58 1/2
3553 2470 4 3 ■
3576 2451 292 53 MILLIONS

3402 2522 42 29 DE
3462 2521 199 31 L'EMPRUNT
3678 2522 22 30 A
3718 2521 86 32 LOTS
3818 2522 43 32 DU

3397 2596 60 45 ■s
3505 2576 257 76 Crédit
3802 2580 62 64 S;

3401 2674 459 76 Communal

3411 2768 65 12 ■~™
3527 2769 206 22 COMPORTANT
3753 2775 8 16 :

3783 2769 42 13 —
3824 2769 26 16 ■

3496 2832 13 21 1
3521 2831 35 21 lot
3581 2832 29 21 de
3622 2832 14 20 2
3648 2831 101 22 millions

3809 2816 8 9 ■
3820 2816 30 12 ______■

3502 2879 11 20 1
3526 2878 34 24 lot
3586 2879 28 20 de
3628 2879 12 21 I
3653 2878 90 23 million

3500 2926 12 20 1
3524 2925 35 21 lot
3584 2925 29 22 de
3626 2925 84 24 500,000
3724 2926 30 20 fr.

3496 2973 13 20 3
3522 2972 45 21 lots
3581 2973 27 20 de
3622 2973 84 23 100,000
3723 2973 32 21 (r.

3498 3020 14 20 8
3524 3019 45 21 lots
3582 3020 29 20 de
3641 3020 72 23 50,000
3729 3020 31 21 fr.

3474 3066 39 21 132
3524 3066 46 21 lots
3583 3067 28 21 de
3640 3067 71 23 25,000
3727 3067 31 21 fr.

3831 3086 8 16 :

3398 3163 140 49 Pendant
3545 3165 19 48 5
3572 3169 72 49 ans.
3653 3170 41 43 un
3701 3164 107 55 urage
3818 3164 43 51 de

3489 3229 20 48 7
3529 3224 52 58 1/2
3602 3229 164 48 mimons

3413 3292 26 51 :
3488 3292 75 49 tous
3579 3292 52 49 les
3646 3294 20 47 3
3684 3293 85 50 mois

3409 3376 41 20 ON
3467 3375 76 21 PEUT
3560 3375 128 22 OBTENIR
3703 3376 55 22 DES
3771 3376 89 23 OBLI-.

3410 3407 128 22 GATIONS
3552 3406 78 22 DANS
3645 3408 52 21 LES
3710 3408 138 25 BANQUES

3799 3434 58 18 (DM»

3575 3521 74 31 Plus
3667 3520 41 31 de

3534 3574 45 73 13
3606 3570 255 77 MILLIONS

3454 3670 65 16 seront
3542 3669 101 17 distribues
3666 3671 25 14 en
3712 3671 31 17 qq.
3766 3668 55 19 Jonn

3422 3694 37 21 "*/
3487 3695 31 17 En
3533 3695 130 17 économisant
3678 3694 105 18 seulement

3569 3721 13 17 à
3598 3721 63 20 partir
3676 3720 24 18 de

3454 3757 17 27 9
3495 3756 119 28 FRANCS
3640 3756 58 27 PAR
3724 3754 76 30 MOIS

3477 3802 47 13 tous
3546 3799 81 16 derenca
3649 3797 126 21 propriétaire

3469 3819 132 16 d'obligation,
3621 3818 24 17 de
3663 3818 59 16 l'Etat
3743 3818 56 18 Belge

3428 3838 20 16 et
3466 3842 46 13 tous
3531 3839 102 18 participez
3655 3837 162 17 Immédiatement

3529 3859 12 15 k
3560 3859 45 16 tous
3619 3857 29 17 les
3666 3859 72 18 tirages

3464 3890 111 16 Souscrirez
3591 3893 38 13 aux
3644 3889 119 19 Obligations
3778 3889 25 17 de

3398 3925 142 37 l'Emprunt
3549 3924 32 30 de
3597 3925 25 28 la
3638 3925 141 28 Confiance
3795 3923 63 30 1932

3602 3968 20 15 et
3635 3967 26 17 du

3454 3995 86 31 Crédit
3560 3996 150 30 Communal
3733 3995 64 30 1932

3427 4039 48 17 dont
3490 4040 48 15 voici
3555 4038 28 18 ln
3600 4039 103 19 prochain*
3720 4039 73 19 tirage»
3810 4041 8 15 :
3827 4052 3 3 .
3838 4040 29 17 u_l

3404 4072 22 16 2S
3439 4074 53 14 mars
3641 4071 10 16 1
3670 4070 29 17 lot
3718 4071 24 16 de
3766 4071 89 18 5,000.000

3644 4090 21 17 33
3675 4090 39 17 lou
3724 4090 25 17 de
3786 4090 78 17 <S.0IM«'

3407 4111 32 16 ler
3450 4110 49 17 ..m
3511 4110 7 17 *.
3651 4110 10 17 1
3704 4114 11 12 >
3768 4110 56 16 MM.
3825 4111 32 15 cm
3870 4116 6 10 ■

3650 4130 10 16 1
3704 4133 11 13 >
3769 4130 88 16 1.000.000

3651 4149 11 17 1
3705 4153 11 13 >
3786 4150 37 15 MO.
3826 4159 36 6 ______

3649 4169 11 17 S
3703 4173 12 12 >

3650 4189 11 16 t
3704 4193 11 12 >
3796 4189 61 15 30.O0O
3865 4202 10 6 .

3628 4209 32 16 133
3703 4212 11 13 >
3796 4203 97 22 is.tmr*

3465 4234 108 17 Demandes
3592 4238 67 14 encore
3678 4233 122 20 aujourd'hui

3405 4263 46 14 sans
3471 4265 61 11 an»un
3551 4261 125 18 engagement
3695 4260 24 17 de
3739 4262 53 14 votre
3812 4261 56 18 par.",

3426 4281 20 16 la
3464 4281 62 16 notice
3548 4280 112 20 explicative
3682 4280 83 20 gratuite
3785 4279 14 18 à
3812 4278 23 19 lft
3852 4276 22 25 "J

3472 4300 43 19 plus
3527 4298 116 22 Importante
3656 4299 69 18 société
3737 4300 52 19 belge

3488 4333 273 38 COMPTOIR

3415 4385 110 37 VAN
3562 4385 272 38 BUYLAERE

3204 5032 139 32 COMME

2964 5234 434 86 Bouillon

2963 5348 49 30 de
3036 5352 43 26 ia
3115 5332 67 50 GÏS
3217 5345 182 39 LIEBIG

3343 5074 55 29 AU
3425 5074 98 31 CAFE

3343 5121 75 21 vous
3432 5112 184 39 dégusterez
3631 5126 60 21 une
3707 5116 104 32 bonne

3342 5156 85 25 tasse
3446 5151 43 31 de
3508 5154 150 31 véritable
3676 5155 134 32 bouillon

3342 5188 42 31 de
3404 5191 113 30 viande
3539 5195 95 35 grâce
3654 5204 41 21 au

3237 5416 7 4 '
3264 5411 59 21 _."'.T
3339 5407 148 27 fortifiant,
3502 5408 85 23 facil»

3338 5433 16 21 b
3372 5434 112 26 digérer
3502 5441 84 20 parce

3338 5465 55 20 que
3419 5461 167 26 dégraissé.

3183 5514 26 22 le
3217 5513 74 24 flocon
3299 5517 31 21 de
3338 5516 39 27 1/5
3384 5517 85 23 del/fre
3476 5529 9 5 -
3492 5517 42 23 Tri.
3542 5518 62 27 12,—

3263 5543 66 24 (pour
3341 5549 49 16 en».
3406 5543 31 22 25
3450 5545 81 26 lasses)

1270 5708 19 11 m
