3984 5663
1795 139 19 22 2
1856 140 42 22 La
1918 141 154 24 Dernière
2091 141 108 23 Heure

251 265 6 4 -

114 307 205 26 Aujourd'hui
337 310 87 23 lundi

110 372 97 20 Monnaie,
219 374 11 16 8
243 374 26 19 h..
283 379 10 11 «
307 374 131 16 Eeclarmonde
452 378 19 13 ».

110 398 54 19 Parc.
176 400 12 17 9
199 400 26 18 h.,
238 405 12 12 e
261 400 67 17 Mateh
339 404 18 13 >.
368 410 28 6 —
406 400 96 17 Dernière.

110 426 92 19 Galeries,
216 427 11 15 8
240 426 27 20 h.,
282 431 10 11 «
306 425 117 18 L'Homicide
437 430 17 13 ».

110 451 83 19 Molière,
210 453 10 15 8
236 453 18 16 h.
273 452 36 19 1,2,
337 457 9 11 «
362 452 27 16 La
404 451 80 18 Passion
509 451 26 18 dn
560 451 38 17 Fils
614 450 22 17 de

131 471 93 18 l'Homme
233 476 19 13 ».

110 497 63 20 Galté,
186 498 12 16 S
211 498 20 17 b.
245 497 37 19 1/3.
296 502 11 12 c
320 497 27 17 La
359 497 62 17 Petite
434 499 51 15 Grue
499 497 26 17 du
538 497 22 16 Se
573 501 18 12 ».

110 524 108 17 Alhambra.
229 524 12 17 a
251 524 20 17 b.
284 523 37 20 1/2,
334 523 45 17 «Les
390 523 79 17 Cloches
479 523 24 17 de
514 522 121 17 CornevLUe».

110 550 110 17 Capucines.
237 550 11 16 I
264 551 19 15 û.
302 550 36 18 1/3,
356 554 10 12 a
383 550 24 16 La
424 551 63 17 Doyen
505 549 33 16 des
554 549 79 15 Enlanti

131 569 24 18 de
167 570 70 17 Chœur
250 574 17 13 ».

110 595 112 18 Vaudeville,
239 595 11 17 8
266 596 19 16 h.
301 595 38 19 1/3.
356 599 10 12 c
382 594 53 18 Jules
457 593 108 18 couche-toi
580 596 19 13 a,
612 598 21 7 —

109 621 82 18 Théâtre
203 620 98 20 Flamand,
314 621 10 17 8
335 621 26 18 b..
375 626 9 11 <
397 621 43 16 Erm
452 623 31 14 mo
494 621 69 18 proper
574 622 17 12 ».

109 645 156 21 râtles-Bergère,
278 648 11 15 8
302 647 25 19 h.,
342 647 37 16 «De
392 646 44 17 Reis
448 645 48 18 rond
508 644 24 17 de
544 642 90 18 Wereld».

109 674 63 16 Palais
185 673 53 16 d'Eté
255 673 12 17 •
278 673 20 17 b.
311 672 37 19 1/3,
360 671 94 22 spectacle
466 669 59 18 varié.

649 207 180 51 NOS
898 199 307 61 ÉCHOS

319 716 33 16 des
369 714 82 17 cinéma»
467 714 20 15 «t
502 712 23 16 da
540 711 22 16 T.
578 711 19 16 8.
614 711 17 15 F

258 747 24 11 en
297 742 69 19 petites
380 741 103 15 anneneee.

111 788 252 26 Communiqués
386 787 62 22 des
470 783 164 24 Théâtres

266 822 38 22 et
317 819 162 23 Concerts

202 889 22 17 le.
238 895 24 7 —
275 888 25 17 Ce
315 886 59 18 lundi,
391 885 7 16 i

107 913 56 14 cours
178 909 25 17 fle
218 909 51 16 Mme
283 907 99 17 Clairbert,

416 885 24 17 30
454 884 13 16 h
475 896 5 6 .
495 886 46 15 avec
555 883 18 17 le
588 886 46 14 con-

428 904 132 16 Eaciarmonde
578 907 17 12 ».
612 910 23 5 —

107 929 69 19 Mardi,
191 929 12 15 à
217 920 21 24 jô
253 928 19 16 b.
287 930 51 16 .avec
352 925 18 17 le
377 920 99 22 'concoure
489 923 24 17 de
526 923 27 17 M.
567 923 67 15 Verte-

107 950 51 16 neull
176 948 92 19 première
282 945 150 18 représentation
448 944 96 18 (reprise),
555 942 24 16 de
593 942 41 16 .31-

107 969 48 17 curd
165 973 18 12 ».
193 976 25 5 —
228 966 97 18 Mercredi.
337 966 12 16 A
359 965 22 16 30
391 964 25 18 b..
429 968 10 11 <
450 963 107 17 Cavalleria
569 962 54 16 Rustl-

107 993 49 12 cana
170 993 16 13 ».
201 992 12 12 •
226 986 91 17 PaUlasse
331 989 10 11 »
355 985 21 16 et
390 989 10 10 .
414 984 75 16 cretna
502 983 64 16 Oreen
580 986 18 12 ».
611 988 23 5 —

106 1008 61 17 Jeudi,
184 1007 11 17 k
209 1007 23 16 to
247 1006 25 18 b..
289 1010 11 11 «
314 1005 25 16 Le
352 1003 67 17 Soldat
432 1003 24 16 de
471 1001 93 18 chocolat
578 1005 18 13 ».
612 1008 22 5 —

106 1027 110 17 Vendredi*
223 1026 13 16 à
253 1026 22 16 J»
291 1024 27 18 h.,
336 1027 45 13 arec
398 1023 18 16 le
433 1025 92 14 concours
542 1021 24 16 de
582 1021 52 16 Mme

105 1048 100 17 Clatrtert.
220 1050 12 12 «
243 1043 134 19 Baclarmonde
391 1047 17 12 ».
423 1050 21 4 —
458 1041 82 18 Samedi,
555 1044 24 13 en
592 1043 31 13 ma-

106 1067 58 18 tinée,
176 1070 10 13 a
199 1064 88 18 Madame
300 1062 96 19 Butterfly
410 1067 15 12 ».
440 1065 45 12 arec
498 1061 50 16 Mme
561 1060 22 16 A.
594 1059 29 16 Ta-

106 1087 59 17 lifert.
183 1087 20 15 et
220 1090 10 11 «
247 1083 89 20 Tafllonl
352 1082 46 17 chea
414 1081 83 16 Musette
516 1084 18 14 »;
552 1079 18 17 le
587 1079 46 19 soir,

107 1111 10 11 .
129 1107 58 15 Faust
199 1110 17 11 ».
228 1112 23 4 —
261 1102 110 18 Dimanche,
383 1105 24 13 en
418 1100 83 17 matinée
513 1105 9 9 ■
535 1099 68 19 Stgurd
616 1104 17 12 »,

106 1129 46 13 avec
165 1126 21 16 M
206 1122 116 19 Verîeneull;
337 1122 18 16 le
368 1121 45 18 soir,
429 1126 9 10 c
452 1120 35 17 Les
502 1119 93 16 Pécheurs
610 1118 23 16 de

105 1145 65 17 Parles
185 1137 16 26 ',.
215 1146 45 15 avec
273 1143 50 16 Mme
336 1140 82 17 Talllert
431 1140 20 16 et
464 1140 27 16 M.
504 1138 129 19 Bogauhers-

106 1166 24 16 tv
154 1167 19 14 et
189 1163 19 18 le
225 1161 96 19 deuxième
339 1162 43 15 acte
399 1160 24 16 de
441 1165 10 10 «
469 1158 90 21 Coppélla
577 1162 18 12 ».
611 1164 23 6 —

104 1184 63 17 Lundi
176 1184 22 17 23
216 1188 11 11 a
237 1182 59 18 Thaïs
307 1186 11 11 »
336 1184 45 12 avec
392 1180 51 16 Mme
453 1179 67 16 Luart.
534 1186 20 5 —
562 1177 70 18 Mardi,

106 1211 9 10 «
134 1204 94 19 aigoietto
237 1199 3 4 '
246 1207 17 15 »,
282 1204 44 14 avec
343 1201 27 15 M.
387 1200 22 16 A.
427 1198 86 19 d'Arkor.
531 1198 20 16 et
570 1202 11 11 «
598 1197 35 16 Les

105 1225 54 16 De'ox
175 1224 71 16 Bossus
264 1226 17 12 ».
300 1228 22 5 —
340 1219 99 17 Mercredi.
460 1223 10 11 «
489 1217 107 19 Lohengrin
616 1221 16 12 ».

105 1248 46 12 avec
164 1244 27 16 M.
205 1241 71 18 Marcel
290 1239 104 19 wlttiisch.
423 1238 82 20 premier
529 1236 56 18 ténor
610 1236 23 16 de

105 1263 77 19 l'Opéra
192 1262 24 16 de
225 1260 71 18 Berlin.
305 1267 24 7 —
337 1258 63 19 Jeudi,
411 1263 10 11 c
432 1258 79 19 Mignon
522 1262 17 14 »,
551 1259 45 13 avec
607 1256 25 16 M.

106 1284 15 16 A
143 1282 85 17 d'Arkri.
244 1288 22 5 —
282 1278 100 19 Vendredi,
398 1283 10 11 e
425 1277 68 19 Slgurd
511 1282 16 13 ».
545 1279 45 13 avec
606 1276 27 16 M.

105 1302 113 17 Ve-teneuiL
234 1308 24 6 —
272 1298 82 19 Samedi,
372 1301 25 13 en
412 1296 90 19 matinée,
521 1301 10 11 c
547 1296 35 16 Les
598 1294 26 17 Pé-

106 1324 68 15 cheurs
183 1321 24 17 de
216 1320 64 17 Perles
289 1324 17 13 ».
318 1321 46 13 avec
373 1318 51 16 Mm»
434 1316 82 17 Talllert
526 1318 21 14 et
557 1315 27 17 M.
594 1315 39 16 Ro-

106 1341 119 18 catchevsïj.
240 1341 21 15 et
276 1343 11 12 «
301 1337 93 20 Myosotis
408 1340 19 15 »:
442 1336 18 16 le
473 1336 46 17 soir.
533 1340 11 12 <
559 1335 74 16 Lohen-

105 1362 44 17 erle
167 1362 11 15 1
202 1362 46 14 avee
266 1358 27 17 M-
310 1357 106 18 Wlttiisch.
435 1356 82 19 premier
536 1353 56 18 ténor
610 1354 23 16 de

105 1372 77 27 fdoéra
199 1380 24 16 de
240 1378 72 17 Berlin.
330 1385 23 5 —
370 1376 112 18 Dimanche,
500 1378 25 13 en
543 1373 89 18 matinée.

107 1406 8 12 ■
136 1399 132 18 Esc'armonde
286 1402 18 14 ».
322 1400 47 14 avec
386 1396 51 16 Mme
455 1395 21 17 C.
495 1394 101 18 clairbert;
616 1393 17 16 le

107 1421 44 19 soir,
166 1426 9 9 .
190 1419 60 17 Faust
264 1422 18 12 ».
297 1427 27 5 —
336 1416 63 17 Lundi
412 1416 28 18 20,
457 1420 10 10 c
481 1415 59 15 Thaïs
555 1418 17 14 »,
588 1416 45 13 avec

105 1442 50 15 Mme
165 1439 65 17 Luart.

127 1466 54 16 Pare.
191 1473 24 6 —
225 1464 25 16 Oe
260 1463 41 17 soir
312 1461 59 18 lundi,
383 1460 87 18 dernière
480 1459 24 17 de
516 1464 10 11 «
537 1458 67 17 Match
616 1463 16 13 ».

105 1486 20 18 la
136 1484 54 22 pièce
202 1485 19 16 la
233 1483 43 21 plus
289 1481 92 21 originale
393 1481 20 17 et
425 1481 21 16 U
457 1480 43 18 plus
512 1477 84 19 discutée
609 1477 24 16 de

105 1506 19 17 la
135 1505 70 17 saison.

126 1530 91 17 Galeries.
234 1537 25 5 —
275 1528 52 17 Cest
344 1530 28 14 un
389 1525 95 20 spectacle
501 1522 131 28 particulier^

104 1552 54 17 ment
173 1549 116 18 Intéressant
303 1551 36 14 oue
354 1547 50 16 cette
418 1548 46 14 uvre
478 1544 23 17 de
515 1543 50 17 Léon
580 1543 52 15 Ruth

107 1577 10 10 «
136 1569 117 18 L'Homicide
271 1573 17 13 ».
306 1566 99 21 présentée
423 1568 36 17 par
477 1564 18 17 le
513 1563 76 17 théâtre
607 1562 26 16 du

105 1590 72 18 Marais
189 1592 37 14 aux
238 1587 92 18 Galeries.
341 1587 29 15 Du
384 1586 20 16 19
416 1588 25 13 au
453 1584 21 16 2S
486 1583 56 20 avril,
553 1582 28 17 les
592 1582 40 16 Oa-

105 1610 55 16 lertes
172 1608 107 17 donneront
292 1611 11 13 c
313 1605 48 18 Vieil
371 1604 112 19 Heldelberg
496 1608 16 12 ».

126 1634 112 20 Capucines.
263 1640 24 5 —
314 1637 9 11 «
339 1632 25 16 Le
380 1631 65 18 Doyen
462 1629 33 16 dea
510 1628 83 16 Enfants
609 1626 24 17 de

105 1656 69 16 Chœur
188 1660 17 13 ».
219 1653 41 17 volt
272 1652 87 18 toujours
371 1654 36 13 son
421 1649 65 17 succès
499 1648 23 16 de
536 1647 63 20 put-lie
613 1648 19 14 et

106 1676 23 16 de
144 1674 50 19 gaité
207 1677 22 13 se
244 1671 109 19 maintenir.
366 1671 51 16 Mals
432 1669 58 18 aussi,
506 1667 60 20 quelle
581 1666 52 20 pièce

105 1695 101 16 amusante
222 1692 118 18 constituent
357 1694 31 13 ces
405 1689 47 17 trois
469 1689 54 16 actes
539 1689 26 15 au
581 1686 52 19 suiet

104 1707 88 27 original.

126 1740 84 17 Molière.
226 1746 23 5 —
264 1738 27 17 Le
306 1737 60 17 mème
383 1735 20 17 et
420 1732 131 19 enthousiaste
567 1731 66 18 succès

106 1760 89 18 accueille
214 1759 11 16 à
244 1758 73 19 chaque
335 1754 158 22 représentation,
513 1758 10 12 «
542 1753 28 16 La
586 1752 37 16 Pas-

104 1781 44 17 sion
161 1780 25 17 du
198 1779 39 17 Fils
250 1778 23 17 de
285 1777 92 17 l'Homme
389 1780 18 12 ».

127 1805 63 17 Gaité.
203 1812 24 5 —
238 1801 200 20 Incontestablement,
452 1803 21 13 ce
486 1802 45 14 sera
545 1801 45 14 avec
603 1800 21 14 re-

105 1827 42 18 gret
162 1829 36 16 que
212 1825 38 16 l'on
264 1826 57 14 verra
336 1827 10 11 c
360 1822 27 16 La
402 1820 62 18 petite
478 1820 51 16 Drue
545 1818 25 17 du
585 1818 21 16 6e
621 1821 11 12 »

106 1846 71 18 quitter
194 1844 87 17 l'affiche
298 1845 49 17 pour
365 1840 56 23 çjéder
439 1839 156 20 prochainement
614 1838 19 15 la

105 1866 54 16 nlace
171 1865 12 16 à
195 1868 26 13 un
234 1862 105 18 vaudeville
351 1864 39 14 non
402 1860 62 17 moins
477 1858 72 17 célèbre
562 1858 20 16 et
593 1860 40 13 non

105 1886 62 16 moins
180 1884 84 19 comique
279 1886 6 13 :
299 1887 10 11 «
322 1880 77 18 L'HStel
412 1880 26 16 du
450 1878 152 18 Libre-Echange
616 1881 17 12 ».

127 1910 108 17 Alhambra.
247 1917 23 5 —
281 1908 20 17 SI
312 1907 43 17 leur
366 1905 95 21 principal
472 1903 56 18 héros
540 1902 93 17 masculin

105 1935 13 13 a
129 1932 37 16 fait
177 1930 48 17 trois
236 1929 37 17 fols
284 1928 17 17 le
311 1928 44 17 tour
366 1926 26 17 du
402 1924 75 19 monde.
488 1929 9 11 »
509 1924 35 16 Les
555 1922 78 17 Cloches

105 1952 24 16 de
140 1949 105 19 Coraevllle
257 1952 10 13 <
278 1948 49 16 l'ont
337 1946 39 16 fait
386 1945 43 20 plus
439 1944 24 17 de
475 1944 69 16 trente.
554 1943 26 16 Le
589 1945 34 13 suc-

106 1971 31 17 cès
155 1970 34 20 qui
206 1967 89 19 accueille
314 1967 49 16 cette
382 1965 38 18 fols
437 1967 67 14 encore
522 1962 21 17 1»
560 1962 73 17 célèbre

105 1990 85 21 opérette
201 1993 24 12 en
237 1988 30 17 est
277 1987 20 17 la
307 1989 77 17 preuve.

127 2014 114 18 Vaudeville.
252 2020 26 6 —
290 2017 11 12 <
312 2009 168 21 Jules,couehe-toi
492 2013 17 15 »,
523 2008 56 20 qu'on
593 2007 40 17 s'en

104 2036 109 18 souvienne,
227 2037 25 13 ne
265 2033 46 20 peut
324 2031 54 17 avoir
391 2034 35 16 que
441 2030 58 16 douze
513 2028 110 19 représenta-

105 2056 57 18 tion*
179 2055 20 17 1»
213 2052 84 19 matinée
314 2051 23 17 de
353 2049 100 19 dimanche
468 2056 23 5 —
506 2048 32 20 qui
555 2050 44 14 sera
614 2047 20 16 la

105 2075 87 17 dernière
202 2082 23 5 —
236 2072 99 20 comprise.

127 2099 83 18 Théâtre
221 2097 99 17 Flamand.
331 2104 23 6 —
365 2097 26 16 Ce
401 2095 59 18 lundi,
473 2093 12 17 à
497 2093 21 17 20
530 2093 26 19 h.,
569 2092 65 20 reprè-

105 2120 99 18 aentatlon
221 2122 26 14 au
264 2117 86 17 bénéfice
369 2116 24 17 de
410 2116 27 16 M.
456 2114 84 17 Maurice
558 2113 75 15 Water-

104 2141 63 17 achot.
184 2140 29 16 Au
230 2140 118 18 programme
368 2139 7 14 :
393 2140 10 12 c
420 2135 45 16 Erm
482 2137 31 14 mo
529 2135 69 18 proper
616 2136 17 14 »,

104 2164 57 14 revue
172 2159 118 17 bruxelloise.

126 2184 157 20 Folles-Berg«re.
293 2191 24 5 —
325 2183 51 17 Toua
386 2181 28 17 les
424 2180 55 19 soirs,
491 2178 12 18 i
514 2179 21 16 20
546 2178 26 19 h..
584 2182 11 12 <
605 2178 28 16 De

105 2206 45 17 Rels
166 2205 49 17 rond
230 2204 24 16 de
269 2202 74 18 Wereld
358 2206 17 14 ».
392 2201 24 17 de
432 2200 32 17 Jef
479 2199 66 17 Orban
561 2198 20 17 at
595 2197 38 17 Jan

105 2226 86 18 Immers,
204 2227 45 14 avec
262 2226 31 14 ces
306 2222 49 17 deux
368 2220 102 18 excellente
482 2219 85 17 auteurs.

127 2250 64 17 Palais
205 2249 59 16 d'Eté.
278 2255 23 6 —
314 2248 25 16 Le
353 2247 43 19 plus
409 2245 91 17 amusar.l
515 2246 119 17 programme

105 2271 24 17 de
147 2271 19 16 la
184 2270 64 17 saison
267 2268 38 17 fait
324 2266 67 18 défiler
411 2265 134 17 actuellement
563 2266 33 14 sur
613 2262 22 17 la

105 2292 56 15 scène
172 2290 23 17 de
205 2290 56 16 notre
271 2287 110 18 music-hall
392 2286 32 16 dix
435 2284 115 17 attractions
561 2285 63 14 remar-

105 2310 77 20 quables
194 2308 103 17 entourant
307 2307 20 17 la
337 2306 73 20 grande
421 2304 110 17 fantaisiste
542 2303 92 16 Italienne

105 2331 64 16 Maria
181 2329 86 19 Valente,
279 2327 48 17 dont
339 2327 91 16 l'entrain
442 2326 21 15 et
473 2323 75 20 l'esprit
561 2322 73 17 restent

106 2348 127 19 Irrésistibles.

127 2402 90 15 Concert»
231 2400 82 20 Georges
326 2398 71 16 Pitsch.
410 2404 24 5 —
444 2397 26 16 La
482 2394 94 21 prochain
589 2397 35 13 con-

106 2423 41 16 cert
158 2422 31 16 est
200 2420 40 17 fixé
253 2423 25 13 au
290 2419 54 17 lundi
356 2418 22 17 30
390 2416 54 19 avril,
457 2416 12 16 à
481 2416 11 16 8
504 2415 20 17 h.
538 2414 37 19 1/2.
586 2413 48 17 aalle

106 2442 26 17 du
146 2440 144 18 Conservatoire
304 2439 23 16 de
341 2437 102 19 Bruxelles,
459 2435 14 18 11
487 2438 43 14 sera
544 2434 90 17 consacré

106 2461 13 17 à
132 2461 34 17 des
180 2463 74 14 Œuvres
267 2459 23 17 de
303 2458 81 18 Mozart.

128 2486 30 17 Un
175 2486 68 17 récitai
260 2485 23 16 de
299 2483 62 20 poésie
378 2486 36 15 par
430 2481 87 16 Soiann.
533 2479 36 17 Bla
586 2482 48 13 aura

107 2507 38 16 lieu
158 2506 18 17 le
189 2505 91 17 vendredi
292 2504 22 17 20
328 2503 53 20 avril,
395 2502 13 17 A
421 2502 22 17 20
456 2502 20 16 h.
490 2501 27 18 SO.
531 2503 26 13 au
571 2498 62 17 Palais

106 2527 34 17 des
152 2526 124 17 Beaux-Arts.

106 2593 32 20 M.
150 2591 107 21 Poncelet
269 2590 24 22 et
304 2590 35 21 les
351 2594 28 16 cu
378 2587 61 21 muls
449 2584 121 27 politiques

130 2640 39 20 On
179 2637 47 23 sait
241 2642 42 20 que
298 2637 33 20 M.
344 2634 114 22 Poncelet,
473 2630 118 28 président
604 2630 28 21 de

104 2665 24 20 la
143 2663 121 23 Chambre,
277 2667 16 16 a
305 2659 122 28 prononcé,
440 2659 47 20 lors
500 2657 29 21 de
542 2656 24 20 la
580 2656 40 20 der-

106 2689 63 21 nière
183 2687 90 23 rentrée
286 2684 183 27 parlementaire,
484 2687 34 17 un
533 2682 101 20 discours

105 2715 60 20 dans
182 2713 73 24 lequel
273 2712 17 21 11
307 2710 120 25 regrettait
445 2709 34 21 les
495 2709 53 23 trop
566 2711 55 16 nom-

106 2740 70 20 breux
194 2737 89 22 cumuls
298 2738 28 20 de
344 2734 110 22 mandats
471 2733 37 24 lég
507 2734 8 19 i
515 2732 46 21 slat
561 2732 7 20 i
570 2731 22 22 fs
610 2731 24 20 et

106 2765 28 21 de
147 2763 108 22 mandats
268 2764 160 19 communaux.

131 2790 33 20 M.
177 2788 115 23 Poncelet,
309 2786 40 25 qui
366 2786 58 21 était
439 2782 121 23 lui-même
578 2787 44 17 con-

107 2815 74 21 seiller
201 2812 131 23 communal
352 2821 28 5 —
398 2810 26 21 et
444 2808 39 22 cal
502 2808 39 21 fut
561 2807 74 20 même

106 2836 96 24 échevin
211 2849 27 4 —
249 2837 16 20 à
275 2835 162 22 Neufchâteau
450 2833 80 24 depuis
543 2833 28 21 de
583 2832 40 20 lon-

106 2868 55 20 gues
175 2862 93 23 années,
282 2861 64 21 vient
360 2860 28 22 de
402 2864 25 16 se
440 2858 113 22 démettre
568 2858 28 21 de
607 2862 27 16 sa

106 2889 104 21 fonction
222 2885 145 25 municipale.

131 2914 33 20 M.
178 2912 108 22 Poncelet
300 2910 105 21 fera-t-il
419 2909 61 22 école
488 2908 13 21 ?

132 2939 26 20 Si
173 2938 45 23 oui,
234 2937 50 21 cela
300 2937 52 20 fera
370 2936 23 21 le
409 2934 106 21 bonheur
533 2933 28 22 de
581 2932 53 21 cent

104 2963 132 24 vingt-cinq
254 2961 130 22 conseillers
400 2958 142 26 suppléants,
560 2962 40 17 car
617 2958 17 20 11

106 2989 72 21 existe
190 2998 28 6 —
231 2987 17 21 à
260 2992 26 16 ce
300 2990 43 20 que
358 2986 46 20 l'on
417 2984 108 25 rapporte
540 2993 27 5 —
580 2983 54 20 cent

106 3013 130 25 vingt-cinq
257 3010 96 26 députés
374 3010 39 24 qui
432 3010 55 20 sont
507 3013 32 17 en
559 3007 75 21 même

107 3039 75 24 temps
194 3036 157 22 mandataires
363 3038 159 19 communaux.
537 3043 29 6 —
580 3033 30 21 G.

106 3075 100 21 Purifiez
217 3074 65 21 votre
293 3078 59 19 sang

132 3123 34 20 La
178 3120 159 26 Salsepareille
347 3118 93 22 iodurée
452 3117 152 25 Gripekoven.
610 3116 22 21 le

98 3147 61 26 .plus
170 3147 106 24 puissant
290 3144 116 25 dépuratif
419 3143 105 25 prévient
537 3143 25 20 et
575 3141 44 25 gué-

107 3172 33 21 rit
149 3172 76 21 toutes
234 3171 34 21 les
280 3169 124 22 affections
415 3169 29 20 de
454 3168 24 21 la
488 3172 60 21 peau
562 3167 69 22 (D443

107 3209 76 24 Magie
193 3208 66 21 noire

663 313 41 20 La
717 311 239 24 Température

751 367 111 16 INSTITUT
877 368 220 18 METEOROLOGIQUE

841 394 31 15 DI
884 394 118 17 BELGIQUE

756 453 114 17 BULLETIN
883 453 32 17 DU
929 453 21 16 15
962 454 71 16 AVBIL
1044 454 43 16 1931

724 485 95 16 Situation
832 485 158 19 atmosphérique,
1004 486 12 16 A
1029 487 10 16 1
1051 487 69 16 heures

678 512 26 16 La
716 510 132 21 perturbation
859 503 110 28 CyclonSue
981 512 32 19 qui
1024 516 12 12 a
1048 512 85 16 traversé
1144 512 42 17 hier

656 531 40 16 soir
712 531 19 16 la
748 531 88 20 Belgique
851 534 22 14 se
890 533 72 18 trouve,
979 535 21 13 ce
1017 532 68 19 matin,
1102 532 44 20 près
1163 532 23 16 de

657 551 114 19 Hambourg.

678 570 37 16 Des
728 570 119 20 dépressions
860 571 118 19 cycloniques
991 575 53 13 assez
1057 572 72 16 actives
1143 573 43 15 sont

656 589 94 19 signalées
761 593 33 14 sur
807 587 128 23 l'Atlantique.
947 591 13 16 A
972 591 68 17 l'ouest
1052 591 24 16 de
1087 591 98 18 l'Irlande;

657 609 45 16 elles
730 610 113 19 pourraient
872 610 108 18 Influencer
1009 611 76 17 demain
1105 611 20 17 la
1143 611 34 17 Bel-

655 628 61 20 gique.

678 648 50 17 Nous
745 649 108 21 observons,
870 653 21 13 ee
908 650 68 19 matin,
994 650 33 17 des
1045 650 55 17 vents
1117 649 68 17 faibles

656 668 23 16 de
689 668 42 19 sud,
743 669 33 16 des
787 672 72 17 nuages
870 669 23 17 de
904 670 69 16 niveau
984 673 68 16 moyen
1063 670 20 16 et
1094 669 33 17 dea
1137 670 38 16 tem-

656 687 99 20 pératures
767 688 23 17 de
803 689 21 16 12
836 689 12 16 â
862 689 20 16 16
894 689 72 20 degré*.

821 722 68 19 Temps
901 721 98 20 présumés
1012 732 7 6 •

676 746 60 18 Vents
750 747 85 17 modérée
849 747 12 16 A
876 751 54 13 assex
943 747 56 19 forts,
1012 747 78 17 surtout
1103 747 23 16 de
1139 747 47 16 sud-

656 768 29 15 est
699 767 12 16 â
724 767 106 18 sud-ouest,
844 767 49 16 beau
907 767 12 16 â
933 767 40 16 très
986 770 88 16 nuageux
1090 768 96 16 (menaces

656 786 23 16 de
696 787 89 19 quelques
802 786 61 21 pluies
880 786 60 17 même
956 790 101 15 orageuses
1073 788 72 15 venant
1162 788 24 14 de

655 805 109 19 sud-ouessi
779 810 53 13 assez
844 806 62 17 chaud
919 806 12 16 A
943 806 56 17 doux.

747 833 35 16 Les
795 831 144 20 températures,
953 833 12 15 â
979 832 11 16 7
1003 832 69 16 heurea
1086 836 8 12 i

678 858 20 16 3°
715 858 12 16 â
745 858 124 19 Helsingfors.
887 859 73 19 Dorpat
977 858 21 16 et
1014 857 112 20 Reykjavik,
1144 856 11 17 t
1173 857 12 15 A

655 877 45 17 Oslo
716 879 19 15 et
749 878 115 18 Stockholm.
878 878 12 16 5
904 878 12 16 A
931 877 132 20 Copenhague.
1079 878 11 15 0
1104 877 12 16 à
1130 876 54 19 Riga,

656 897 11 16 9
681 898 12 15 a
708 897 95 18 Varsovie.
819 898 19 15 11
853 897 12 16 â
879 897 61 17 Berne
954 898 21 16 et
988 897 70 19 Berlin,
1074 896 21 17 12
1109 895 12 17 â
1135 896 40 16 Lon-

656 916 49 19 dres,
720 916 55 17 Paris
795 916 86 20 Chirnay,
895 916 87 20 utrecht,
996 916 97 20 Budapest
1108 915 19 17 et
1143 915 32 16 Ma-

656 936 48 18 drid,
724 936 20 16 13
760 933 21 20 â'
789 937 73 19 Prague
879 938 21 15 et
918 936 61 20 Alger,
997 936 20 16 14
1034 935 13 17 à
1064 934 83 18 Ostende
1166 937 18 13 et

655 955 53 19 Brtr,
723 956 21 16 15
756 956 13 16 â
781 956 72 16 Vienne
866 956 20 16 et
899 956 22 16 16
934 956 12 16 à
958 955 104 17 Bruxelles.
1128 951 6 13 '

722 981 135 17 Observations
871 980 19 17 â'
897 981 63 19 Uecle.
974 981 12 16 à
1001 981 11 16 7
1025 980 68 16 heures
1108 985 8 11 •

655 1007 109 16 Baromètre
782 1007 50 17 (1021
846 1007 93 16 millibars
953 1007 19 18 1)
1059 1017 15 6 -
1094 1005 72 17 765mm
1173 1005 10 15 9

654 1026 135 20 Température
805 1027 104 16 maximum

654 1046 135 18 Température
808 1046 100 17 minimum

656 1065 98 17 Humidité
977 1074 49 8 -.—
1069 1073 8 7 .

654 1084 40 17 Eau
709 1085 94 17 recueillie
1017 1087 20 15 •,,
1059 1082 23 23 ,,'

654 1104 97 18 Direction
766 1105 111 17 dominante
891 1105 27 16 du
931 1104 47 18 vent
1063 1113 15 7 -

653 1124 73 18 Vitesse
739 1128 93 15 moyenne
845 1124 26 17 du
883 1124 46 17 vent
944 1127 27 13 ...:

653 1138 44 22 Soif
698 1143 13 17 il
723 1147 7 13 :
740 1144 51 16 lever
800 1144 12 16 4
821 1144 21 17 b.
852 1143 29 19 4S;
891 1143 83 17 coucher
985 1143 20 16 16
1016 1142 19 16 h.
1047 1141 27 17 38.

653 1163 53 16 Lune
719 1166 6 14 :
736 1163 51 17 lever
797 1164 11 15 5
819 1164 20 16 h.
851 1164 28 19 18;
891 1163 81 17 coucher
983 1163 22 15 22
1015 1162 20 17 h.
1048 1162 26 16 16.

653 1183 73 16 Heurea
738 1183 24 17 de
773 1183 55 17 soleil
976 1193 43 7 -..-
1020 1193 27 5 —
1048 1191 29 7 ....

654 1202 121 17 Déclinaison
792 1202 120 20 magnétique

846 1235 34 16 Les
895 1233 74 18 maries
985 1236 9 13 i

654 1260 84 18 Ostende
749 1264 6 13 ;
767 1261 9 16 1
787 1261 58 17 heure
854 1260 21 17 04
884 1261 22 16 et
916 1260 21 16 13
947 1259 68 16 heures
1025 1258 29 17 3*.

656 1280 72 17 Anvers
740 1284 6 13 ;
758 1281 11 16 4
779 1280 69 17 heures
860 1279 20 17 12
892 1280 19 16 et
924 1279 20 17 16
955 1279 69 17 heures
1035 1278 29 17 44.

1141 1024 42 16 «•I

1144 1044 17 14 ll
1167 1044 16 14 -J

1140 1063 43 18 79*

1124 1082 61 16 em.1

1131 1179 52 17 Th.»

1111 1200 72 16 »»31'0.

655 1340 34 21 An
703 1340 88 20 Conseil
805 1338 125 26 provincial
943 1339 32 20 dn
987 1337 106 21 Brabant

678 1387 31 21 Le
728 1386 91 21 Conseil
837 1384 127 26 provincial
983 1385 32 21 du
1033 1383 107 22 Brabant
1158 1388 24 16 se

654 1411 91 21 réunira
774 1416 31 16 en
832 1410 89 22 session
949 1409 182 22 extraordinaire
1161 1409 22 20 le

654 1436 64 21 lundi
731 1436 26 20 23
769 1437 103 22 courant,
886 1434 16 21 à
917 1435 26 20 14
953 1435 90 22 heures,
1057 1439 58 20 pour
1128 1439 42 20 pro-

653 1461 67 22 céder
734 1466 6 16 :
755 1461 21 20 1)
791 1461 15 21 à
817 1459 113 23 rélection
942 1459 56 21 d'un
1008 1459 111 22 sénateur
1129 1463 42 21 pro-

654 1486 82 21 vincial
749 1490 30 16 en
791 1485 179 25 remplacement
982 1486 29 20 de
1017 1485 33 20 M.
1056 1484 126 25 Petitjean;

652 1512 22 20 2)
694 1511 15 21 à
724 1512 25 20 la
762 1510 145 21 vérification
925 1509 200 25 complémentaire
1142 1510 41 20 des

653 1536 104 24 pouvoirs
771 1536 28 21 de
815 1535 131 22 conseillers
962 1534 150 26 provinciaux
1127 1539 44 20 sup-

653 1560 99 26 pléants;
774 1561 23 20 3)
819 1560 15 21 à
853 1560 25 22 la
896 1560 168 22 consolidation
1083 1560 24 21 et
1126 1559 16 21 à
1160 1560 24 20 la

654 1586 103 24 garantie
774 1586 142 24 d'emprunts
931 1584 101 23 destinés
1046 1584 16 21 à
1078 1585 41 21 des
1133 1585 38 20 tra-

654 1615 59 16 vaux
728 1610 210 22 d'assainissement
956 1610 29 22 de
1002 1610 24 21 la
1044 1609 107 24 Woluwé,
1169 1606 14 24 à

655 1636 189 22 l'électrification
858 1635 139 26 provinciale
1009 1635 24 22 et
1047 1640 30 17 au
1092 1634 81 23 détour-

654 1660 94 22 nement
760 1662 24 22 et
796 1660 134 23 voutement
942 1660 28 23 de
982 1660 25 22 la
1019 1660 84 21 Senne.
1115 1670 28 6 —
1155 1660 27 20 X.

654 1699 35 21 An
701 1699 68 21 canal
782 1698 80 21 Albert

678 1746 57 20 MM.
750 1746 33 21 les
796 1745 117 22 ministres
929 1746 27 21 de
972 1744 149 25 Broqueville,
1137 1745 47 25 Sap

654 1771 23 21 et
689 1771 89 20 Janson
789 1775 25 17 se
826 1770 112 22 rendront
951 1775 25 17 ce
988 1770 66 21 lundi
1066 1770 76 21 matin
1154 1775 30 16 en

654 1796 55 21 auto
722 1801 45 16 aux
781 1796 117 20 chantiers
911 1795 31 22 du
954 1795 68 21 canal
1035 1794 79 23 Albert
1126 1800 57 20 pour

654 1826 23 16 se
704 1821 83 22 rendre
815 1821 90 24 compte
932 1821 29 21 de
988 1820 51 21 visu
1062 1821 30 21 de
1119 1819 64 22 l'état

654 1846 174 22 d'avancement
843 1846 39 22 des
897 1847 104 21 travaux.

679 1872 45 21 Sur
736 1872 22 21 le
774 1871 91 22 chemin
879 1871 31 21 du
925 1870 85 24 retour,
1020 1870 30 22 lls
1063 1870 120 23 visiteront

654 1897 20 20 le
687 1901 107 17 nouveau
806 1897 48 21 fort
868 1896 183 22 d"Eben-Emael.
1061 1906 29 6 —
1102 1896 30 21 X.

655 1934 30 20 Le
696 1933 74 21 secret
784 1933 33 21 da
828 1932 78 22 succès

679 1981 34 20 Ne
727 1985 57 16 vous
796 1979 127 22 demandez
934 1984 44 20 pas
991 1980 112 25 pourquoi
1116 1987 11 11 ■
1143 1980 38 21 Un

654 2005 32 20 tel
703 2013 9 10 •
730 2004 85 22 réussit
831 2009 30 17 en
880 2004 104 24 affaires,
1003 2004 71 21 faites
1092 2009 89 17 comme

654 2029 32 21 lui
709 2034 7 16 :
737 2030 89 20 utilisez
845 2029 34 21 les
900 2030 88 20 Petites
1007 2030 123 20 Annonces
1153 2030 28 20 de

655 2062 9 10 «
680 2054 33 21 La
730 2054 109 21 Dernière
854 2054 76 21 Heure
946 2062 20 16 »,
981 2054 40 24 qui
1038 2059 30 16 ne
1086 2054 95 21 coûtent

653 2083 44 20 que
709 2079 12 20 1
731 2079 30 21 fr.
770 2079 60 20 25'la
840 2078 70 25 ligne.
1059 2078 120 24 (D4497/31

654 2117 45 21 Des
711 2115 143 26 expéditions
866 2122 30 18 en
908 2117 95 21 nombre

679 2164 99 20 L'année
808 2163 52 21 1934
885 2167 67 18 verra
969 2163 120 25 .quelques
1114 2163 70 21 belles

655 2188 142 26 expéditions
820 2188 157 25 scientifiques
1001 2193 31 17 ou
1056 2188 115 25 d'explora-

654 2214 56 21 tion.

680 2240 38 20 On
729 2242 55 22 peut
796 2240 74 23 noter,
882 2243 88 18 comme
982 2246 10 11 «
1006 2239 99 24 grandes
1115 2239 56 24 expé-

654 2264 85 21 ditions
766 2273 18 15 »,
811 2264 39 21 dix
876 2264 125 21 tentatives
1026 2264 158 24 scientifiques

654 2289 129 25 organisées
801 2294 43 21 par
861 2290 52 25 plus
931 2289 29 22 de
978 2289 131 25 vingt-cinq
1126 2294 58 20 pays

654 2319 30 17 en
698 2315 170 21 collaboration.
882 2314 81 22 Citons
980 2318 7 17 :

679 2339 137 26 Expédition
828 2339 59 22 dans
900 2339 126 22 l'intérieur
1037 2339 103 22 inconnu
1154 2339 31 21 du

654 2364 143 24 Groenland;
827 2364 132 25 expédition
988 2370 31 16 au
1047 2365 79 20 centre
1155 2364 29 21 de

655 2390 137 23 l'Australie;
809 2389 131 26 expédition
954 2391 23 21 le
990 2390 56 24 long
1059 2391 41 20 des
1113 2390 71 21 forêts

653 2414 87 25 vierges
767 2414 32 22 du
822 2413 201 25 Haut-Amazone;
1052 2414 131 25 expédition

654 2440 58 21 dans
725 2440 24 20 la
763 2439 125 22 cordillière
903 2441 40 20 des
957 2440 84 23 Andes,
1055 2445 30 16 au
1099 2440 83 23 Pérou;

654 2465 142 25 expéditions
810 2466 58 20 dans
881 2465 110 23 l'Alaska;
1007 2465 16 21 &
1036 2465 24 21 la
1073 2465 70 21 Terre
1156 2465 27 20 de

654 2491 56 22 Peu;
727 2495 32 16 au
774 2492 66 20 mont
855 2490 102 24 Everest;
975 2491 60 21 dans
1049 2490 35 22 les
1097 2490 87 21 déserts

654 2516 75 23 glacés
745 2515 32 22 du
794 2515 156 23 Kamchatka;
970 2515 59 22 dans
1045 2515 34 22 les
1096 2515 44 22 lies
1154 2515 30 21 de

654 2540 142 23 llnsulinde;
814 2542 31 22 et,
857 2539 74 25 enfin,
947 2541 56 21 celle
1019 2540 40 24 qui
1074 2540 64 21 vient
1155 2540 28 21 de

654 2566 73 25 partir
739 2570 58 21 pour
806 2565 47 22 l'Ile
866 2566 29 21 de
907 2565 95 25 Pâques.
1014 2576 28 5 —
1053 2566 27 20 A.

654 2603 75 23 Avant
741 2603 51 20 1950
804 2602 28 23 ils
843 2603 79 20 seront
933 2603 73 22 mort*

678 2650 34 21 La
732 2649 84 22 société
836 2650 41 22 des
895 2649 131 25 ingénieurs
1047 2649 137 22 américains

654 2675 70 24 vient,
739 2680 33 17 au
790 2680 67 16 cours
875 2675 67 22 d'une
960 2675 83 24 longue
1062 2675 75 21 année
1156 2676 27 21 de

654 2701 98 20 travaux
781 2700 81 24 divers,
895 2700 29 21 de
957 2700 141 22 condamner
1128 2705 56 16 sans

655 2725 118 22 rémission
786 2725 34 22 les
831 2725 132 25 gratte-ciel
975 2727 25 21 et
1012 2725 78 22 autres
1102 2733 9 10 •
1124 2725 60 22 skies

653 2755 104 20 scrapers
768 2758 19 13 ».

680 2776 38 21 On
732 2781 16 16 a
761 2775 110 24 constaté,
881 2781 31 16 en
924 2775 68 24 effet,
1004 2776 69 25 qu'au
1085 2775 58 22 bout
1156 2778 28 20 de

655 2800 39 21 dix
711 2805 50 19 ans,
778 2800 53 23 tout
847 2805 31 17 au
894 2800 60 26 plus,
969 2801 25 21 la
1012 2801 126 24 charpente
1156 2801 28 21 de

655 2830 37 17 ces
711 2825 126 22 bâtiments
857 2825 81 25 géants
958 2825 111 25 s'affalse,
1088 2830 26 18 se
1135 2830 36 18 cre-

656 2855 71 18 vasse,
736 2855 25 16 se
776 2858 10 9 •
800 2851 58 21 fond
871 2859 10 10 ■
895 2851 134 21 lentement.

680 2875 96 26 D'après
787 2875 33 21 les
832 2875 91 24 calculs,
933 2876 17 20 il
961 2875 133 22 semblerait
1106 2881 43 19 que
1161 2876 23 21 la

654 2901 93 24 plupart
771 2900 41 22 des
837 2901 132 23 gratte-ciel
995 2900 28 22 de
1047 2901 138 24 New-York,

655 2925 73 22 même
747 2930 57 17 ceux
823 2926 125 21 construits
968 2925 67 26 après
1054 2926 25 21 la
1098 2931 86 19 guerre,

654 2951 53 20 sont
719 2951 101 22 destinés
831 2950 16 21 à
858 2950 121 23 s'écrouler
988 2952 59 21 dans
1059 2956 34 17 un
1106 2951 79 22 avenir

656 2975 46 22 très
714 2976 91 24 proche.

682 3008 10 10 •
706 3002 34 19 En
756 3001 53 22 tout
822 3006 47 18 cas,
884 3002 35 21 dit
933 3002 22 21 le
969 3003 103 23 rapport,
1085 3006 32 17 en
1133 3002 51 20 1950

655 3026 16 20 il
683 3027 122 21 n'existera
818 3026 52 25 plus
883 3031 34 17 un
930 3027 50 21 seul
993 3027 132 24 gratte-ciel
1139 3032 46 16 aux

655 3051 136 21 Etats-Unis
806 3056 7 16 :
826 3051 30 22 ils
867 3053 85 20 auront
963 3053 54 21 tous
1028 3053 101 24 disparu,
1140 3052 45 22 soit

656 3080 52 18 sous
724 3077 24 20 la
765 3076 81 25 pioche
862 3076 32 21 du
911 3076 154 24 démolisseur,
1080 3077 46 22 soit
1142 3082 44 21 par

657 3101 177 22 écroulement...
849 3102 121 25 spontané.
985 3112 10 11 .
1011 3112 28 6 —
1052 3103 26 20 A.

657 3139 42 21 Les
709 3139 39 21 dix
762 3139 77 20 fléaux

133 3257 66 21 Dans
218 3260 25 17 ce
262 3253 80 26 procès
361 3254 40 24 qui
419 3252 122 26 passionne
559 3256 32 17 en
610 3255 26 17 ee

108 3281 104 21 moment
227 3280 148 24 l'Angleterre
390 3278 25 23 et
432 3279 56 21 dont
507 3285 9 10 ■
530 3277 34 21 La
576 3277 48 20 Der-

107 3307 63 21 nière
184 3306 76 21 Heure
275 3314 10 10 »
302 3310 14 16 a
330 3304 74 21 rendu
418 3303 96 25 compte,
528 3303 108 20 retenons

108 3337 26 17 oe
150 3332 46 21 fait
216 3336 7 15 :
241 3335 26 17 ce
284 3329 53 26 qu'à
352 3329 86 21 l'heure
456 3327 96 22 actuelle
568 3327 19 21 il
599 3328 36 21 est

107 3361 82 16 encore
202 3357 41 21 des
257 3359 125 21 personnes
397 3354 39 24 qui
450 3352 156 22 s'intéressent
621 3351 15 22 à

107 3381 24 22 la
142 3381 82 24 magie.

133 3406 97 21 Charles
250 3406 28 21 de
299 3404 81 22 Coster
397 3408 16 16 a
433 3403 35 21 dit
487 3408 26 17 ce
533 3402 54 25 qu'il
605 3407 31 16 en

108 3431 88 22 coûtait
210 3430 69 21 d'être
294 3430 84 21 sorcier
388 3434 55 17 sous
456 3427 181 24 Charles-Quint

106 3457 27 21 et
148 3455 106 25 Philippe
268 3456 32 19 n.
317 3453 62 22 Mais
396 3458 44 20 que
458 3453 129 20 d'horreurs
605 3456 31 17 on

108 3482 116 20 racontait
239 3480 61 21 alors
314 3480 41 21 des
368 3483 98 21 pauvres
480 3478 85 21 vieilles
581 3477 56 22 dont

108 3507 22 21 le
144 3503 54 25 seuî
208 3505 70 21 crime
294 3504 64 23 était,
372 3509 31 16 en
418 3502 87 24 réalité,
517 3502 71 22 d'être
603 3507 34 16 un

108 3536 46 20 peu
168 3529 120 24 démentes
303 3531 25 20 et
344 3530 28 21 de
387 3528 77 26 parler
479 3529 49 20 mal
541 3527 31 21 du
588 3528 36 19 voi-

108 3557 36 19 sin
155 3558 5 20 !

134 3582 62 21 C'est
209 3582 44 23 par
265 3579 94 22 milliers
373 3579 69 25 qu'en
454 3578 107 24 Belgique
572 3588 28 5 —
614 3577 23 21 et

109 3606 59 21 dans
179 3606 35 21 les
226 3604 77 23 autres
315 3609 57 21 pays
383 3614 28 5 —
421 3604 35 21 les
466 3602 109 23 sorcières
584 3603 54 20 sont

109 3630 104 21 montées
226 3635 31 16 au
270 3627 93 23 bûcher.

135 3656 54 21 Ceci
202 3654 132 25 n'empêche
350 3659 42 20 pas
409 3653 68 26 qu'au
492 3653 56 20 XX'
564 3652 74 24 siècle,

110 3680 17 22 Il
138 3685 30 17 en
182 3681 36 21 est
231 3684 82 17 encore
328 3680 39 24 qui
380 3679 147 23 s'imaginent
540 3682 44 21 que
597 3678 41 20 des

110 3705 157 21 incantations
282 3705 24 20 et
321 3704 40 22 des
376 3703 139 22 cérémonies
529 3702 110 25 spéciales

109 3731 153 24 permettront
275 3730 100 21 d'entrer
385 3734 31 16 en
427 3728 111 22 relations
550 3732 55 16 avec
616 3727 22 21 le

111 3756 81 21 diable,
208 3756 30 20 de
253 3754 95 25 pouvoir
362 3754 59 24 jeter
437 3754 40 21 des
493 3753 60 22 sorts
570 3754 24 20 et
610 3753 27 20 de

111 3780 118 21 découvrir
240 3779 34 22 les
286 3778 86 22 trésors
382 3778 89 22 cachés.

135 3805 35 22 La
184 3803 110 23 crédulité
307 3803 110 23 humaine
432 3804 40 21 n'a
485 3808 43 19 pas
543 3803 27 22 de
585 3803 42 20 bor-

110 3835 48 17 nes.
169 3840 28 8 —
207 3830 27 21 L.

111 3867 64 21 Ainsi
183 3867 49 21 s'en
241 3867 57 21 vont
307 3866 35 22 les
353 3873 12 13 «
376 3865 70 25 styles
456 3873 12 12 »
476 3865 9 21 !

136 3913 160 25 Lorsqu'après
306 3913 22 21 le
339 3912 134 21 voutement
483 3912 28 21 de
523 3913 25 21 la
558 3911 82 24 Senne,

111 3939 117 21 Bruxelles
241 3939 31 21 fit
283 3943 60 20 peau
357 3942 80 19 neuve,
450 3942 32 16 on
496 3937 34 21 vit
544 3937 59 21 dans
616 3936 23 21 la

97 3969 6 7 •
110 3963 99 25 capitale
239 3968 47 16 une
317 3962 181 22 extraordinaire
529 3961 109 22 floraison

112 3988 155 22 d'immeubles
280 3987 29 22 de
323 3987 162 28 pseudo-itjjle.

137 4014 31 21 Oe
187 4013 79 23 furent
283 4013 92 21 surtout
392 4012 33 22 les
441 4012 71 24 styles
530 4011 45 22 dits
592 4011 35 21 fla-

111 4038 83 21 mands
219 4042 6 17 :
249 4038 155 21 Renaissance
425 4039 25 20 et
468 4037 112 24 Baroque,
601 4036 40 24 qui

95 4058 95 34 ^furent
206 4062 45 22 mis
266 4062 16 21 à
299 4061 161 22 contribution.
477 4062 37 21 On
528 4061 112 21 s'évertua

97 4083 4 7 '
112 4088 14 21 à
140 4088 132 21 ressusciter
286 4092 55 17 avec
354 4091 46 18 une
414 4087 109 21 fantaisie
538 4086 102 25 comique

112 4113 33 21 les
171 4112 102 22 malsons
299 4111 107 22 décorées
431 4112 30 21 de
489 4111 95 23 festons,
612 4111 28 21 de

112 4137 129 25 girandoles
254 4138 26 22 et
298 4138 28 20 de
346 4136 98 25 pignons
463 4137 27 21 de
506 4137 24 20 la
548 4136 92 26 période

111 4162 128 25 espagnole.

108 4195 4 5 ■
137 4188 38 20 On
186 4188 56 24 peut
253 4187 50 20 voir
313 4191 31 17 en
355 4191 25 16 ce
391 4187 103 21 moment
505 4191 46 17 une
562 4186 77 24 espèce

100 4212 40 22 "de
154 4212 102 21 monstre
270 4211 95 24 hybride
379 4215 87 18 avenue
478 4212 28 21 de
519 4212 25 20 la
556 4211 84 21 Toison

112 4237 61 21 d'Or.
201 4237 61 20 C'est
289 4241 33 16 un
350 4236 129 21 immeuble,
497 4236 96 20 imitant
619 4235 21 22 le

112 4262 106 24 baroque,
236 4261 54 20 daté
305 4262 29 20 de
353 4261 57 20 1881.
428 4260 138 24 Seulement,
583 4265 57 20 pour

113 4291 30 15 en
155 4286 58 21 faire
225 4290 33 17 un
271 4285 105 24 magasin
387 4285 115 24 spacieux,
514 4290 45 17 aux
569 4285 72 24 lignes

113 4311 119 21 modernes
245 4311 24 21 et
281 4310 53 21 bien
347 4309 89 24 éclairé;
449 4315 30 16 on
492 4310 64 22 vient
569 4311 71 19 d'am-

113 4336 67 45 ?uter
198 4341 38 16 ses
255 4334 144 22 décorations
418 4335 105 24 Jusqu'au
529 4353 6 4 .
543 4336 98 24 premier

128 4361 57 23 tage.
204 4361 29 19 Et
247 4364 31 17 on
296 4360 48 21 voit
357 4359 108 22 succéder
481 4360 53 21 tout
550 4359 17 21 k
582 4365 60 19 coup

114 4390 45 16 aux
179 4384 154 22 horizontales
353 4386 24 20 et
397 4388 46 17 aux
462 4384 120 22 verticales
602 4384 40 22 des

115 4410 94 23 volutes,
222 4410 40 21 des
275 4409 113 24 colonnes,
401 4408 39 21 des
452 4409 102 25 pinacles
566 4409 25 22 et
602 4410 41 22 des

115 4434 72 22 fleurs
199 4433 120 26 sculptées.

140 4459 26 21 Si
181 4458 141 22 l'immeuble
340 4458 63 21 avait
421 4457 37 22 été
475 4459 29 21 de
522 4459 59 24 style
599 4463 29 16 au-

116 4484 125 24 thentique,
257 4488 32 16 on
303 4482 42 22 eût
359 4487 32 20 pu
407 4483 59 21 crier
482 4488 30 16 au
527 4484 115 21 scandale.

116 4508 187 22 Heureusement,
315 4513 25 16 ce
354 4508 59 21 n'est
424 4508 70 23 qu'un
506 4508 57 21 faux
576 4509 39 24 qui
629 4513 14 16 a

116 4533 37 22 été
164 4533 88 21 mutilé.
262 4543 28 5 —
301 4532 25 21 L.

680 3186 161 25 L'apocalypse
860 3187 30 21 de
909 3186 64 22 saint
991 3186 60 22 Jean
1069 3191 31 16 ne
1121 3187 66 20 citait

656 3215 43 20 que
723 3211 81 24 quatre
828 3210 80 22 fléaux
934 3216 7 16 :
966 3212 26 21 la
1015 3212 123 24 Conquête,
1161 3213 24 20 la

656 3236 94 23 Guerre,
763 3236 24 21 la
800 3236 96 22 Famine
908 3238 26 20 et
946 3238 25 21 la
983 3237 74 21 Peste.

680 3261 35 21 De
724 3265 43 17 nos
777 3261 71 25 Jouis,
858 3262 58 20 les...
927 3261 116 22 médecins
1054 3264 42 20 ont
1106 3262 80 22 trouvé

656 3286 85 23 mieux;
766 3291 31 16 en
820 3286 135 22 examinant
978 3287 35 22 les
1034 3291 72 17 maux
1129 3287 57 21 dont

656 3311 87 22 souffre
754 3311 22 21 le
787 3311 52 25 plus
848 3311 146 25 l'humanité;
1006 3311 30 23 ils
1046 3312 55 21 sont
1112 3313 74 21 arrivé

656 3335 14 20 à
682 3336 83 21 classer
778 3344 9 9 •
800 3337 39 21 dix
849 3336 79 21 fléaux
939 3337 32 21 du
982 3341 69 20 genre
1062 3338 98 21 humain
1168 3346 18 12 ».

681 3362 44 21 Ces
737 3361 40 21 dix
791 3362 85 23 fléaux,
891 3366 38 17 ces
944 3362 39 21 dix
997 3362 99 24 grandes
1110 3362 62 21 mala-

657 3386 54 24 dies,
728 3386 61 24 sont,
808 3387 59 21 dans
885 3386 81 22 l'ordre
983 3387 29 21 de
1029 3388 51 21 leur
1098 3387 75 25 impor-

656 3412 67 21 tance
737 3416 8 16 :

681 3437 34 19 La
729 3436 74 24 Peste,
819 3437 24 21 la
855 3436 80 22 Plèvre
951 3437 84 23 Jaune,
1050 3438 22 20 le
1084 3438 101 24 Typhus,

657 3461 22 21 la
690 3461 78 25 Lèpre,
779 3462 24 21 la
814 3462 159 23 Tuberculose,
984 3463 24 21 la
1019 3462 87 25 Grippe
1119 3467 54 20 espa-

657 3487 72 22 gnole,
739 3487 23 21 la
768 3486 109 25 Malaria,
886 3487 25 21 la
920 3486 102 26 Syphilis
1029 3489 26 21 et
1064 3489 49 21 la...
1124 3489 50 19 Neu-

658 3511 116 21 rasthénie
783 3512 7 20 !
801 3522 28 5 —
840 3513 27 20 A.

658 3547 62 24 Goût
734 3548 107 22 d'actrice

682 3595 51 21 Une
748 3594 89 22 célèbre
854 3594 85 22 actrice
956 3594 138 22 américaine
1110 3600 16 17 a
1141 3596 46 21 fait

657 3620 104 20 installer
779 3624 46 18 une
843 3620 110 21 chambre
973 3621 15 20 à
1005 3621 99 20 coucher
1123 3625 51 17 com-

658 3644 125 25 plètement
803 3649 31 17 en
856 3649 71 17 verre.
948 3645 63 22 Tous
1030 3646 36 21 les
1085 3646 103 21 meubles

658 3670 52 20 sont
726 3669 117 25 composés
858 3670 29 20 de
916 3674 89 20 grosses
1033 3670 95 25 plaques
1157 3676 30 16 en

652 3695 84 26 cristal
752 3694 134 22 incassable.

646 3713 21 6 ~
684 3719 138 22 L'ensemble
842 3719 36 21 est
909 3729 28 6 —
955 3720 107 24 paraît-il
1081 3729 29 6 —
1140 3719 48 23 très

659 3744 61 21 froid
735 3744 94 22 d'allure
844 3745 60 21 dans
918 3744 24 21 la
957 3743 95 26 journée
1067 3745 65 24 mais,
1148 3745 40 23 dès

659 3773 43 20 que
722 3768 33 22 les
773 3769 107 22 lumières
900 3769 111 24 donnent,
1031 3769 21 21 le
1074 3769 68 21 décor
1160 3775 28 16 se

660 3794 138 21 transforme
812 3798 88 17 comme
914 3799 43 20 par
971 3794 180 21 enchantement
1164 3797 24 19 et

660 3818 97 22 scintille
774 3819 28 21 de
819 3819 62 21 mille
898 3819 57 21 feux
970 3820 136 24 splcndides.
1123 3829 28 6 —
1166 3820 22 21 J.

660 3855 32 20 La
704 3855 60 22 carie
776 3857 32 20 dn
820 3856 102 20 monde...

118 4595 278 46 DERNIÈRE
424 4602 219 39 MINUTE

278 4747 66 16 BOXE

88 4783 16 15 A
126 4783 45 15 Z....;
202 4783 16 17 iî
226 4783 76 18 nancht
324 4784 45 19 soli.
392 4784 38 17 Kid
452 4784 68 19 David,
543 4785 18 17 le

65 4821 104 20 Champion
183 4822 23 16 de
219 4822 89 20 Belgique
322 4823 33 16 d»
368 4823 55 19 poids
436 4823 102 21 mouches,,
548 4826 14 14 a

65 4861 58 18 battu
139 4862 90 20 Georges'
238 4864 84 16 Bataillé
337 4867 37 17 par
391 4864 94 17 abandon'
496 4868 26 13 au
539 4865 21 17 7e
592 4868 16 9 -

65 4902 69 18 xoond.
152 4903 25 17 Ce
194 4905 76 15 combat
287 4906 94 19 comptait
396 4909 50 17 pour
461 4906 21 16 la
499 4905 61 18 deml-

65 4943 62 17 tiza'.e
142 4944 23 17 du
183 4947 137 18 --.-r.pioaaa*.
335 4947 100 21 d'Europe.

686 3903 37 21 Sir
752 3903 88 24 George
873 3903 75 24 Pelsh,
977 3902 147 26 préconisant
1155 3908 34 16 un

660 3927 90 23 remède
770 3928 78 22 contre
868 3928 24 22 la
913 3929 64 23 crise,
997 3927 63 23 avait
1078 3933 31 17 eu
1129 3928 59 21 cette

661 3952 74 25 Image
752 3957 6 16 :
773 3953 16 20 r
803 3960 11 11 «
828 3953 122 22 humanité
963 3954 35 21 est
1010 3953 93 21 malade
1118 3961 18 13 ».

686 3978 66 21 Cette
772 3978 130 25 expression
921 3980 35 21 est
971 3978 15 21 à
1005 3978 140 25 rapprocher
1161 3977 28 21 de

660 4003 55 21 celle
727 4007 43 20 que
782 4003 79 22 donna
873 4003 71 25 Lloyd
957 4003 96 24 George,
1064 4008 46 20 peu
1122 4002 67 26 après

661 4028 24 21 la
697 4032 86 20 guerre.

688 4060 10 10 «
712 4052 31 23 Le
757 4052 90 24 monde,
858 4053 104 24 disait-il,
975 4055 36 21 est
1024 4053 86 22 atteint
1122 4053 68 22 d'une

661 4077 46 22 très
726 4078 60 21 forte
807 4078 60 22 carie
891 4083 7 16 :
917 4077 25 22 la
962 4082 86 21 guerre.
1064 4078 22 21 H
1105 4078 84 25 s'agira

661 4107 56 20 pour
730 4105 33 20 les
775 4103 93 24 peuples
881 4104 28 21 de
922 4105 92 20 trouver
1026 4104 21 20 le
1060 4104 53 24 plus
1125 4103 51 24 rapi-

661 4127 93 23 dement
773 4128 97 24 possible
889 4132 34 17 un
943 4128 98 22 dentiste
1058 4133 64 16 assez
1141 4127 47 21 fort

661 4157 57 20 pour
731 4152 97 22 extraire
840 4152 59 22 cette
913 4154 57 21 dent
981 4153 91 24 rongée.
1085 4154 32 20 Ce
1131 4154 45 20 den-

660 4178 54 20 tiste
727 4182 53 17 sera
794 4178 146 22 l'honnêteté,
954 4178 23 22 la
992 4178 121 22 courtoisie
1126 4179 25 21 et
1164 4178 23 22 la

661 4202 91 22 fidélité
761 4202 15 22 à
788 4203 24 21 la
824 4204 77 24 parole
913 4201 95 24 donnée.
1022 4211 10 11 »
1046 4213 28 6 —
1084 4203 28 21 A.

662 4240 139 21 Evolution...
811 4240 137 22 Révolution

687 4287 33 20 La
733 4287 73 21 Chine
819 4288 37 21 est
869 4291 33 17 un
914 4291 58 21 pays
985 4286 29 23 où
1028 4287 35 21 les
1075 4286 103 21 transfor-

662 4312 99 21 mations
777 4313 55 21 sont
848 4311 79 24 lentes,
945 4312 24 22 et
986 4312 130 24 cependant
1132 4312 57 21 voici

661 4342 42 19 que
726 4337 40 21 des
787 4337 77 24 signes
887 4338 99 21 certains
1005 4337 138 21 d'évolution
1164 4341 24 16 se

662 4362 52 20 font
726 4361 78 22 sentir.

686 4386 73 24 Voilà,
777 4392 30 16 en
827 4386 66 25 effet,
913 4386 53 26 qu'C
986 4391 16 21 y
1022 4393 15 16 a
1056 4392 47 17 une
1123 4387 66 20 mode

662 4412 102 21 chinoise
784 4411 39 25 qui
847 4416 25 16 se
896 4412 51 21 crée
970 4414 25 20 et
1019 4412 39 24 qui
1083 4416 106 17 conserve

663 4436 128 25 cependant
802 4442 29 16 sa
843 4436 162 25 personnalité.
1017 4437 49 21 Elle
1079 4437 58 21 n'est
1149 4441 42 21 pas

662 4461 76 25 copiée
757 4466 41 16 sur
816 4461 126 24 l'occident,
961 4461 42 22 elle
1022 4461 82 22 reflète
1122 4462 68 20 l'une

663 4486 23 20 et
699 4487 21 21 le
735 4485 54 25 goût
801 4490 82 20 propre
898 4487 27 21 de
939 4486 23 21 la
976 4486 106 21 Chine...'
1089 4487 102 21 N'est-ce

663 4515 41 20 pu3
721 4516 33 16 un
769 4510 142 25 phénomène
926 4511 54 20 bien
996 4511 53 25 plus
1066 4512 125 24 marquant

663 4540 43 19 que
726 4536 58 20 celui
802 4536 39 24 qui
859 4536 46 20 fait
923 4536 96 24 adopter
1037 4540 46 19 aux
1102 4536 39 21 fils
1160 4536 31 22 du

664 4560 47 21 Ciel
734 4561 66 21 notre
824 4562 128 21 armement
972 4562 26 21 et
1020 4565 42 18 nos
1083 4561 108 24 procédés

665 4585 179 24 scientifiques...

689 4610 103 23 Longues
804 4610 74 25 Jupes,
889 4610 90 21 blouses
991 4610 85 22 droites
1087 4611 26 21 et
1124 4615 55 17 mon-

666 4634 81 22 tantes,
760 4634 28 22 de
807 4635 60 24 ligne
886 4635 48 22 très
949 4635 89 25 simple,
1057 4635 65 22 telles
1138 4636 55 20 sont

665 4659 33 21 les
715 4659 196 25 caractéristiques
925 4660 28 21 de
966 4660 25 21 la
1008 4661 65 21 mode
1091 4660 101 22 chinoise

665 4684 102 21 actuelle.
779 4694 28 6 —
819 4685 23 20 S.

665 4721 30 21 Le
712 4721 164 24 Guadalqnivir
892 4721 97 23 déborde

1208 316 29 20 Le
1252 316 68 21 chien
1334 316 29 21 de
1377 315 70 24 Lloyd
1463 315 86 21 George

1232 364 20 20 A
1267 363 102 20 Addlson
1383 361 72 23 Road,
1470 358 151 25 Kensington,
1636 359 24 20 la
1674 359 59 20 mal-

1207 392 41 16 son
1264 388 28 21 de
1308 388 32 20 M.
1354 386 71 24 Lloyd
1441 385 88 23 George
1544 385 36 20 est
1594 382 83 25 gardée
1692 388 43 20 par

1207 417 32 17 un
1253 413 69 21 chien
1336 412 64 21 chow
1414 411 39 23 qui
1467 408 87 25 répond
1569 412 31 16 au
1615 412 54 16 nom
1684 408 49 23 gal-

1207 438 42 25 lqls
1262 438 28 21 de
1305 436 93 23 Direidi.
1411 435 38 25 qui
1462 434 92 24 signifie
1570 441 9 10 «
1595 432 81 22 malice
1690 441 18 12 ».

1232 468 48 20 Son
1299 471 61 18 nom,
1377 466 21 21 le
1408 465 72 22 .chow
1498 464 22 21 le
1537 463 92 24 justifia
1647 462 74 24 ample-

1207 494 63 20 ment
1289 492 56 22 hier,
1356 491 88 23 lorsque
1457 489 55 21 trois
1524 488 143 20 malandrins
1679 488 43 21 s'in-

1207 517 148 21 troduisirent
1370 516 59 20 dans
1446 514 23 21 la
1486 513 106 21 demeure
1608 513 33 20 du
1657 512 65 25 politi-

1207 543 51 20 cien
1272 541 93 22 célèbre.

1232 572 93 23 Direidi,
1342 571 38 25 qui
1397 570 79 21 faisait
1492 573 45 16 une
1554 568 71 21 ronde
1642 572 55 17 avec
1713 567 21 22 le

1207 598 117 24 Jardinier,
1339 596 94 24 aperçut
1447 595 33 20 les
1494 593 162 21 cambrioleurs
1671 593 24 20 et
1709 598 25 16 se

1207 622 67 24 lança
1290 626 39 16 sur
1345 625 44 17 eux
1403 625 29 16 en
1449 619 99 23 aboyant
1564 618 28 21 de
1608 618 75 20 toutes
1698 622 37 16 ses

1207 648 80 20 forces.

1231 678 22 20 Il
1269 678 52 20 n'en
1337 676 69 21 fallut
1422 679 41 20 pas
1479 674 51 25 plus
1546 678 58 20 pour
1619 673 58 21 faire
1694 672 28 22 dé-

1207 707 92 20 camper
1311 702 33 20 les
1357 701 75 20 Intrus
1441 700 6 20 !
1462 709 27 5 —
1500 699 26 21 L.

1207 740 29 21 Le
1247 738 54 21 Prix
1312 737 108 21 Bouvier-
1423 736 108 19 Farvillez

1231 784 145 21 L'Académie
1388 783 64 24 telge
1463 784 30 20 de
1505 783 93 23 Langue
1608 781 25 22 et
1645 782 28 20 de
1685 781 37 20 Lit-

1206 810 100 21 térature
1332 808 134 24 françaises,
1490 812 31 16 en
1545 813 28 15 sa
1597 807 83 21 séance
1707 806 28 21 de

1206 834 93 23 samedi,
1316 840 14 15 a
1345 832 96 22 décerné
1459 833 21 21 le
1498 832 51 25 prix
1566 832 167 21 Bouvier-Par-

1206 860 64 20 villez
1283 859 15 20 à
1312 859 31 20 M.
1358 858 101 22 Maurice
1474 857 116 21 Gauchez.

1229 891 33 21 Ce
1277 889 51 26 prix
1343 890 35 20 est
1394 888 89 21 destiné
1500 896 10 10 •
1525 888 16 21 à
1556 892 33 17 un
1604 888 130 21 littérateur

1205 915 62 24 belge
1283 915 28 21 de
1328 914 83 24 langue
1428 913 114 24 française
1556 915 24 20 et
1596 913 28 21 de
1641 913 92 21 fortune

1205 940 101 21 modeste
1319 938 57 22 dont
1391 939 33 21 les
1440 943 90 17 œuvres
1545 937 101 26 publiées
1662 938 60 21 attes-

1205 965 50 21 tent
1269 968 46 17 une
1330 963 93 22 activité
1438 962 121 26 prolongée
1575 972 18 11 ».
1607 964 21 20 H
1642 963 36 21 est
1693 962 28 21 dé-

1205 989 67 21 cerné
1285 990 51 20 tous
1350 991 34 20 les
1396 990 81 23 quatre
1489 993 49 16 ans.

1228 1020 31 22 Le
1283 1020 60 24 Jury,
1367 1024 59 20 pour
1449 1019 23 21 la
1494 1019 91 25 période
1612 1019 120 22 1930-1933,

1203 1045 57 21 était
1281 1045 105 24 composé
1407 1046 28 20 d»
1456 1045 57 20 MM.
1534 1045 67 21 Louis
1622 1044 111 22 Delattre,

1204 1070 88 21 Hubert
1315 1070 88 22 Krains
1427 1071 24 20 et
1476 1070 101 24 Georges
1601 1070 85 23 Rency.
1707 1078 26 6 —

1207 1095 195 25 (Communiqué).

1204 1139 72 21 Noces
1288 1140 29 20 de
1330 1139 107 21 diamant

1229 1186 128 22 Dimanche
1371 1188 43 20 ont
1432 1186 36 21 été
1485 1185 112 22 célébrées
1611 1184 16 21 à
1643 1185 91 23 Tubize,

1204 1215 30 18 au
1244 1211 79 21 milieu
1335 1212 54 21 d'un
1400 1212 73 24 grand
1484 1215 110 17 concours
1605 1210 28 22 de
1644 1209 90 25 monde,

1204 1236 31 22 les
1249 1241 69 16 noces
1332 1237 28 22 de
1375 1237 105 21 diamant
1494 1236 40 22 des
1548 1236 73 24 époux
1635 1235 98 21 MooseJ-

1205 1266 78 16 mans-
1284 1262 73 20 Aerts.

1229 1287 34 20 De
1283 1287 148 21 nombreuses
1451 1285 113 23 festivités
1584 1286 93 22 avaient
1697 1284 37 22 été

1204 1312 128 24 organisées
1344 1316 58 21 pour
1412 1312 34 21 les
1457 1312 174 21 circonstances.
1643 1321 26 5 —
1679 1311 29 20 3C

1206 1350 28 21 Le
1247 1350 52 24 port
1312 1351 28 20 de
1352 1350 118 20 Bruxelles

1230 1397 92 21 Durant
1337 1395 90 23 l'année
1443 1396 57 23 1933,
1516 1396 39 20 912
1571 1395 91 21 navires
1681 1395 54 21 (soit

1205 1422 83 23 473,707
1315 1422 83 21 tonnes
1424 1422 125 20 Moorsom)
1577 1422 54 20 sont
1658 1420 77 21 entrés

1205 1447 58 21 dans
1277 1447 21 21 le
1308 1448 57 22 jxwt
1377 1447 27 21 de
1418 1447 125 22 BruxeUes,
1555 1446 46 21 soit
1616 1451 6 15 :
1638 1446 39 20 259
1691 1450 31 17 an-

1205 1471 63 24 glais,
1283 1471 39 21 283
1338 1471 152 24 néerlandais,
1507 1472 37 20 134
1560 1471 135 23 allemands,
1709 1471 26 20 68

1205 1496 96 24 suédois,
1314 1496 26 21 44
1353 1496 141 24 norvégiens,
1508 1497 25 19 43
1547 1496 88 23 danois,
1649 1496 25 20 18
1687 1496 36 20 fin-

1206 1522 96 23 landais,
1321 1522 24 20 17
1363 1522 83 24 belges,
1462 1522 25 20 16
1505 1522 92 22 lettons,
1616 1521 25 20 13
1657 1521 78 20 estho-

1207 1547 71 23 niens,
1295 1547 13 20 6
1325 1551 82 19 russes,
1423 1547 13 20 6
1453 1547 109 23 français,
1579 1547 13 19 2
1608 1546 128 25 espagnols,

1206 1572 11 20 1
1231 1576 59 20 grec,
1305 1572 11 20 1
1331 1572 104 24 polonais
1448 1573 25 20 et
1487 1573 11 19 1
1513 1571 132 26 panamien.

1229 1604 32 21 Le
1284 1603 101 24 tonnage
1408 1603 48 21 réel
1477 1603 131 25 transporté
1631 1607 44 20 par
1698 1607 37 16 ces

1206 1628 90 23 navires
1311 1633 29 16 en
1358 1628 50 20 1933
1425 1634 14 15 a
1454 1628 37 21 été
1507 1629 27 21 de
1551 1628 45 24 24,6
1608 1633 59 20 pour
1682 1629 53 20 cent

1205 1653 118 25 supérieur
1336 1653 14 21 à
1365 1653 58 21 celui
1437 1653 28 22 de
1481 1653 56 21 1932.

1230 1685 62 21 Pour
1306 1685 33 21 les
1357 1684 57 22 trois
1431 1684 110 25 premiers
1559 1684 58 22 mois
1632 1685 28 21 de
1680 1684 56 23 1934,

1207 1709 189 24 l'augmentation
1411 1710 30 21 du
1456 1710 69 20 trafic
1540 1710 114 21 maritime
1669 1711 24 20 et
1706 1709 31 21 du

1206 1735 69 21 trafic
1296 1734 81 21 fluvial
1399 1740 15 16 a
1434 1733 44 24 été,
1498 1739 43 20 par
1561 1736 96 23 rapport
1677 1734 16 21 à
1713 1734 23 21 la

1206 1759 90 25 période
1314 1759 192 24 correspondante
1524 1760 27 22 ds
1566 1760 57 24 1933,
1641 1760 27 22 de
1683 1760 53 25 près

1207 1785 27 22 de
1247 1785 85 24 250,000
1343 1785 89 21 tonnes.
1445 1795 27 5 —
1484 1784 30 21 X.

1208 1834 71 18 Direra.

1229 1878 46 16 Paul
1290 1877 84 17 Cauchle
1387 1881 68 16 expose
1470 1880 30 14 ses
1514 1877 104 20 peintures,
1633 1881 34 13 rue
1682 1877 23 18 de
1718 1877 20 18 la

1206 1897 40 19 Loi,
1263 1897 27 19 84,
1307 1897 12 17 à
1336 1897 103 19 Bruxelles,
1457 1897 25 17 du
1501 1898 20 16 15
1539 1901 25 13 au
1581 1897 21 16 28
1619 1897 55 19 avril,
1692 1901 45 13 avec

1207 1918 63 16 Pierre
1287 1917 86 19 Delcour,
1391 1917 160 18 Prenz-Monelat,
1569 1918 62 16 Maur.
1648 1917 90 19 Pauwels,

1207 1937 49 17 Jean
1267 1938 61 18 Roger
1340 1938 19 16 et
1371 1937 85 16 Edmond
1469 1938 41 16 Van
1522 1937 62 17 Melle.

1228 1963 26 17 Le
1273 1962 75 17 ConseU
1366 1962 77 20 central
1462 1962 24 17 de
1504 1962 19 17 la
1543 1963 56 18 Ligue
1618 1963 23 16 de
1659 1963 70 17 l'Ensei-

1208 1983 89 19 gnement
1309 1986 12 13 a
1333 1982 47 17 émis
1390 1982 18 17 le
1420 1986 49 15 vœu,
1481 1986 25 13 au
1517 1986 56 13 cours
1584 1982 23 17 de
1617 1986 24 13 sa
1653 1983 86 16 dernière

1206 2002 76 20 séance,
1296 2002 23 17 de
1333 2003 41 16 voir
1388 2002 88 17 modifier
1489 2002 27 16 les
1529 2003 37 16 art.
1581 2003 20 15 14
1615 2003 19 16 et
1647 2003 21 15 23
1683 2002 23 17 de
1720 2003 19 16 la

1206 2022 26 17 loi
1249 2022 103 20 organique
1369 2022 23 16 da
1409 2022 156 19 l'enseignement
1581 2022 97 20 primaire,
1696 2022 42 16 afin

1207 2042 23 16 de
1248 2042 103 19 permettre
1368 2042 146 19 l'organisation
1531 2042 24 16 de
1572 2043 71 15 classes
1661 2044 67 17 provin-

1206 2061 58 17 ciales
1281 2061 162 20 d'enseignement
1460 2061 70 20 spécial
1547 2061 148 17 subventionnés
1702 2065 36 15 par

1207 2081 58 17 l'Etat
1275 2084 26 15 au
1310 2081 61 17 même
1381 2081 46 17 titre
1437 2085 36 16 que
1483 2081 28 17 les
1522 2081 70 17 classes
1603 2081 134 17 communales.

1228 2107 27 16 M.
1271 2107 68 16 Ernest
1354 2103 78 21 Clossdn
1448 2107 43 16 fera
1507 2107 17 16 le
1540 2107 62 17 mardi
1619 2107 21 16 17
1656 2107 54 19 avril,
1726 2106 12 17 à

1208 2127 21 16 17
1243 2127 26 19 h.,
1284 2130 37 13 une
1335 2126 113 17 conférence
1461 2130 35 13 sur
1511 2132 9 10 c
1536 2127 35 16 Les
1585 2126 79 17 maîtres
1678 2127 51 16 musi-

1206 2147 53 16 ciens
1276 2147 26 17 du
1319 2147 125 17 romantisme
1458 2146 93 21 classique
1568 2151 17 15 >,
1603 2150 34 13 rue
1653 2146 26 17 du
1695 2147 33 16 Mu-

1206 2166 38 19 sée,
1257 2166 17 17 9.

1228 2192 34 17 Les
1276 2193 60 17 époux
1351 2192 150 16 Guaismet-Van
1515 2191 71 20 Bemtt,
1600 2192 113 17 demeurant
1726 2192 12 16 k

1206 2212 269 19 Salnt-Giiles-lez-Bruxeles,
1492 2215 34 14 rue
1542 2212 86 18 Sterckx.
1644 2212 28 20 33,
1689 2212 39 16 fête-

1207 2233 45 15 ront
1264 2232 51 17 leurs
1328 2236 56 12 noces
1398 2232 42 16 d'or
1453 2232 18 17 le
1485 2232 20 16 13
1519 2232 40 17 mal
1572 2233 20 15 et
1604 2233 66 16 seront
1684 2235 54 17 reçus

1207 2251 143 17 officiellement
1363 2251 13 17 à
1388 2252 69 16 l'Hôtel
1470 2251 24 17 de
1507 2252 52 16 Ville.

1227 2278 26 16 Le
1267 2278 91 18 prochain
1373 2277 62 20 tirage
1448 2281 24 13 aa
1487 2278 40 15 sort
1541 2277 33 16 des
1588 2277 114 19 obligations
1715 2278 23 16 de

1207 2297 103 19 l'emprunt
1325 2297 11 17 à
1352 2297 38 17 lots
1404 2297 24 17 de
1443 2297 43 16 18S8
1501 2297 25 16 da
1541 2297 64 19 Congo
1619 2297 55 19 Belge
1690 2301 48 13 aura

1206 2317 38 17 lieu
1257 2321 11 12 a
1280 2317 103 19 Bruxelles,
1395 2317 18 17 le
1425 2317 91 17 vendredi
1527 2317 22 16 30
1561 2318 87 18 courant,
1660 2317 13 16 à
1685 2317 21 16 10
1718 2317 20 16 h.

1206 2336 27 17 du
1247 2337 69 17 matin.
1331 2337 16 16 D
1362 2340 44 13 sera
1421 2337 38 16 tiré
1473 2340 25 13 au
1511 2338 42 15 sort
1567 2337 22 16 55
1604 2336 59 17 séries
1678 2337 24 16 de
1717 2337 21 16 25

1206 2356 90 17 numéros
1306 2356 75 17 chacun
1392 2360 48 16 pour
1451 2357 19 16 la
1481 2356 121 20 désignation
1612 2357 24 16 de
1648 2357 42 16 1375
1701 2357 37 16 lou

1206 2377 34 18 qui
1257 2377 66 16 seront
1342 2378 91 18 payables
1451 2380 72 13 comme
1541 2377 40 16 suit
1601 2379 6 13 :
1628 2377 9 15 1
1657 2376 29 17 lot
1703 2380 36 16 par

1208 2396 70 18 100,000
1289 2393 34 22 ir.;
1339 2396 9 16 1
1363 2396 28 16 lot
1404 2400 36 15 par
1453 2396 50 18 2.000
1517 2396 33 18 fr.;
1564 2396 11 16 3
1588 2396 38 17 lots
1639 2400 37 16 par
1690 2397 49 18 1,000

1207 2415 66 17 francs
1289 2416 82 17 chacun:
1389 2416 21 16 30
1427 2416 37 16 lots
1480 2419 36 16 par
1532 2416 32 16 750
1581 2416 23 17 fr.
1621 2416 75 16 chacun
1719 2417 20 15 et

1208 2435 48 19 1,350
1269 2435 38 17 lots
1318 2439 37 16 par
1367 2436 32 16 335
1411 2436 67 16 francs
1491 2436 81 17 chacun.

1228 2461 25 17 Le
1267 2461 66 18 prlnee
1349 2461 70 18 Ghlka,
1434 2461 88 17 ministre
1537 2461 23 17 de
1576 2461 104 19 roumanle.
1696 2461 43 17 fera

1207 2481 17 17 le
1240 2481 89 17 vendredi
1346 2482 21 16 18
1381 2481 46 19 mai,
1443 2485 12 13 a
1470 2481 22 16 20
1507 2482 20 16 h.
1543 2481 27 18 30,
1586 2485 25 12 au
1625 2481 65 17 Palais
1705 2481 34 17 des

1206 2501 126 19 Beaux-Arts,
1352 2504 37 14 une
1408 2501 86 17 causerie
1513 2501 12 16 k
1544 2501 70 16 b&tons
1634 2505 77 16 rompus
1733 2504 5 13 :

1208 2526 9 10 <
1230 2521 27 16 La
1269 2521 111 19 diplomatie
1393 2520 12 17 &
1419 2521 75 16 travers
1505 2520 28 17 les
1546 2521 45 19 âges
1603 2526 17 12 ».
1632 2521 107 17 L'émlnent

1207 2539 103 20 diplomate
1323 2542 40 15 met
1377 2540 51 17 ainsi
1440 2544 36 13 son
1491 2544 34 13 ion
1539 2541 62 16 talent
1615 2540 13 17 à
1641 2540 20 17 la
1675 2541 54 20 dispo-

1205 2560 60 17 sition
1284 2560 25 17 du
1328 2560 74 17 Comité
1420 2560 118 19 belgo-ru&se
1556 2560 63 17 d'aide
1639 2564 38 13 aux
1696 2560 32 17 étu-

1205 2579 67 17 diants
1283 2583 64 13 russes
1359 2584 24 13 en
1396 2580 95 19 Belgique.
1504 2581 35 16 Les
1550 2580 65 20 places
1627 2584 48 16 pour
1688 2581 51 16 oette

1206 2599 61 17 soirée
1279 2600 23 16 de
1314 2600 44 19 gala
1371 2601 82 18 peuvent
1465 2600 41 17 être
1518 2601 89 16 retenues
1619 2600 37 17 soit
1669 2600 69 21 auprès

1207 2619 33 16 des
1254 2619 93 17 membres
1361 2619 26 17 du
1402 2617 79 21 ComïR.
1496 2620 43 18 soit,
1554 2620 17 19 5,
1586 2623 34 14 rue
1634 2620 23 17 de
1672 2620 20 16 la
1706 2620 23 17 Bi-

1206 2639 113 19 bliothèque,
1334 2639 27 19 33,
1377 2643 34 13 rue
1424 2640 123 16 Ravensteln.

1227 2665 140 16 L'Association
1383 2665 33 16 des
1431 2664 93 17 Vétérans
1539 2665 24 17 de
1577 2665 20 16 la
1612 2665 56 17 Foire
1682 2666 46 16 Com-

1207 2685 89 16 merciale
1309 2685 23 17 de
1345 2685 97 16 Bruxelles
1456 2687 45 14 s'est
1516 2685 65 17 réunie
1593 2689 26 13 en
1632 2689 27 13 un
1673 2686 55 18 déjeu-

1207 2708 34 13 ner
1256 2705 73 17 Intime,
1344 2708 45 13 sous
1402 2705 20 16 la
1435 2704 110 21 présidence
1559 2705 24 17 de
1597 2706 26 16 M.
1638 2705 62 19 Edgar
1715 2705 24 16 de

1206 2724 91 17 Cooman.
1311 2725 26 16 M.
1352 2725 17 16 le
1382 2724 103 20 président,
1500 2728 25 13 au
1539 2724 65 17 milieu
1617 2725 24 16 de
1655 2725 73 20 l'appro-

1207 2743 67 18 bation
1286 2743 95 22 générale,
1393 2748 13 12 a
1417 2744 54 17 salué
1482 2744 20 17 la
1515 2744 89 20 présence
1616 2744 24 17 de
1651 2745 27 16 M.
1691 2745 48 16 Cas-

1206 2767 49 15 pers.
1268 2764 129 16 commissaire
1404 2764 163 19 général-adjoint
1579 2764 23 17 de
1614 2764 124 20 l'Exposition

1208 2783 23 17 de
1244 2784 97 16 Bruxelles
1354 2784 56 18 11935.
1425 2785 19 16 et
1458 2788 12 12 a
1483 2784 72 19 promis
1568 2784 19 16 la
1601 2784 137 16 collaboration

1208 2803 33 16 des
1252 2803 33 16 300
1296 2803 89 17 vétérans
1397 2803 87 20 présents
1496 2804 12 16 à
1519 2804 124 20 l'Exposition
1655 2804 23 16 de
1689 2804 39 16 Bru-

1207 2822 58 17 xelles
1279 2822 48 17 1935.
1338 2823 23 13 '—
1373 2824 41 16 Cm.

1228 2848 27 16 La
1270 2848 125 17 Commission
1410 2848 117 20 provinciale
1543 2848 24 17 de
1580 2850 82 16 Bourses
1677 2849 61 16 d'eta-

1207 2867 33 17 des
1254 2868 25 16 dn
1293 2868 87 16 Brabant
1393 2869 59 16 attire
1465 2868 111 17 l'attention
1590 2869 34 16 des
1637 2868 102 17 Intéressés

1206 2891 35 13 sur
1254 2888 86 16 l'affiche
1354 2888 68 19 qu'elle
1433 2888 55 17 vient
1501 2888 23 17 de
1537 2888 79 20 publier,
1630 2889 21 16 et
1664 2892 65 13 annon-

1207 2908 46 18 çant
1264 2907 21 17 la
1296 2910 84 14 vacance
1392 2908 23 16 de
1427 2908 78 17 bourses
1517 2908 48 17 dont
1576 2908 19 16 la
1608 2908 91 17 collation
1710 2908 30 16 lul

1207 2927 117 19 appartient.
1340 2927 35 16 Les
1391 2927 104 17 demandes
1511 2931 24 13 en
1551 2928 100 17 obtention
1667 2928 24 16 de
1707 2931 32 13 cea

1207 2946 77 17 bourses
1298 2947 77 16 doivent
1388 2948 96 18 parvenir,
1498 2951 46 13 avec
1558 2947 63 21 pièces
1634 2948 13 16 k
1660 2949 77 19 l'appui,

1207 2969 26 14 au
1243 2966 115 17 secrétariat
1370 2966 23 17 de
1405 2967 19 16 la
1436 2967 130 18 Commission.
1580 2968 26 19 13,
1618 2968 55 20 place
1684 2968 24 17 de
1719 2969 20 16 la

1208 2986 65 16 Vieille
1286 2986 55 17 Halle
1355 2990 39 13 aux
1406 2986 50 20 Blés,
1469 2987 13 16 à
1495 2987 103 20 Bruxelles,
1613 2989 60 16 avant
1686 2988 18 17 le
1718 2989 21 16 13

1207 3005 50 20 juin.

1229 3032 52 16 P.-A.
1294 3031 62 17 Masei
1370 3035 68 17 expose
1449 3036 32 13 ses
1493 3036 74 13 oeuvres
1580 3033 26 17 du
1619 3034 21 16 19
1653 3034 48 16 avril
1713 3037 26 14 a»

1208 3052 11 16 3
1231 3052 45 19 mal,
1289 3052 55 19 place
1356 3052 26 17 du
1394 3053 51 15 Petit
1458 3053 78 20 Sablon.
1549 3053 26 19 11,
1589 3053 13 16 à
1614 3054 104 17 Bruxellea.

1230 3077 72 16 Société
1322 3077 54 19 belge
1396 3077 24 17 de
1439 3077 131 19 pédotechnle.
1591 3086 23 5 —
1633 3079 106 17 Assemblée

1208 3097 87 19 générale
1305 3097 91 17 vendredi
1407 3098 22 16 20
1440 3098 54 19 avril,
1507 3098 12 16 k
1530 3098 22 16 20
1562 3098 27 19 h.,
1601 3098 47 17 salle
1659 3098 23 17 de
1693 3102 37 14 con-

1208 3117 86 17 férences
1305 3117 23 17 de
1340 3117 64 17 l'école
1416 3121 20 13 n.
1448 3118 27 18 10,
1486 3121 34 13 rue
1532 3118 22 16 de
1565 3118 106 19 Rolletoeek,
1683 3119 29 17 33.
1723 3120 17 16 A

1208 3136 74 19 l'ordre,
1290 3137 26 16 du
1329 3137 44 19 Jour
1388 3140 6 13 :
1408 3137 165 17 Communication
1587 3138 22 16 de
1624 3139 25 15 M.
1663 3139 17 15 le
1695 3138 34 17 doc-

1209 3157 43 15 teur
1264 3156 100 17 MIcbaélls
1378 3160 6 13 :
1398 3162 10 10 «
1421 3157 35 16 Les
1468 3157 162 20 Interprétations
1642 3157 34 18 des
1688 3161 51 14 eom»

1207 3177 118 18 portements
1338 3177 20 16 et
1370 3176 52 17 leurs
1434 3176 139 20 conséquences
1585 3182 19 13 ».

1229 3202 156 19 L'inauguration
1402 3202 25 16 do
1443 3206 86 13 nouveau
1545 3203 48 18 pont
1608 3206 33 13 snr
1656 3203 83 17 l'Escaut

1208 3221 13 16 à
1234 3222 54 19 Peeq,
1302 3222 33 19 qui
1348 3222 79 19 portera
1439 3222 18 16 le
1470 3225 46 13 nom
1530 3222 24 16 de
1568 3228 9 9 «
1590 3223 51 16 Poot
1653 3223 87 17 Maurice

1207 3241 76 20 Leynen
1297 3247 9 10 >
1320 3245 24 13 en
1355 3241 90 17 souvenir
1457 3241 26 17 du
1495 3242 244 19 capitaine-commandant

1207 3261 86 16 Maurice
1305 3262 81 18 Leynen-,
1402 3261 69 17 enfant
1485 3261 23 16 de
1522 3262 54 19 Pecq,
1592 3262 32 19 qui
1638 3262 65 17 donna
1716 3266 23 13 sa

1207 3281 31 16 vie
1251 3284 49 17 pour
1313 3281 20 16 la
1346 3281 95 19 Belgique,
1456 3284 49 13 aura
1519 3281 38 16 lieu
1570 3281 18 17 le
1602 3281 102 17 dimanche
1719 3283 21 16 10

1208 3300 48 19 Juin.
1269 3301 29 16 En
1310 3301 90 16 souvenir
1413 3300 26 17 du
1453 3301 29 16 roi
1495 3300 70 19 Albert.
1580 3301 14 17 11
1608 3305 12 12 a
1633 3300 106 20 également

1209 3320 30 16 été
1253 3320 65 17 décidé
1331 3320 25 17 de
1369 3320 73 17 donner
1456 3320 12 16 à
1480 3320 21 16 la
1514 3324 34 13 rue
1562 3320 26 17 du
1601 3321 77 19 Rivage,
1693 3325 36 13 con-

1208 3339 78 17 duisant
1303 3343 25 13 au
1345 3343 86 13 nouveau
1447 3341 48 19 pont
1510 3341 20 16 et
1546 3340 13 16 à
1575 3339 79 18 l'entrée
1670 3340 24 17 de
1710 3341 19 16 la-

1207 3359 62 20 quelle
1283 3359 14 17 11
1309 3359 50 17 était
1371 3363 50 13 venu
1435 3360 82 19 planter,
1532 3363 24 13 en
1570 3360 48 18 1916.
1632 3360 70 17 l'arbre
1715 3361 24 16 de

1208 3379 19 16 ht
1237 3379 81 20 Liberté,
1328 3379 18 17 le
1357 3383 44 13 nom
1413 3379 23 16 de
1448 3384 11 11 «
1469 3383 34 13 rue
1514 3379 65 17 Albert
1591 3380 31 16 ler
1633 3385 17 11 ».
1660 3380 28 16 La
1697 3383 33 13 sec-

1208 3398 42 17 tion
1268 3399 34 16 des
1313 3395 87 20 'anciens
1418 3398 132 17 combattants
1568 3398 24 17 de
1610 3399 48 20 Pecq
1678 3403 11 13 a
1708 3399 31 17 été

1207 3418 82 19 chaînée
1301 3418 24 17 de
1337 3421 107 17 convoquer
1457 3419 63 16 toutes
1533 3419 27 16 les
1572 3418 81 17 sociétés
1665 3419 65 24 patrio-

1208 3438 62 19 tiques
1286 3438 25 16 de
1327 3438 175 16 l'arrondissement
1519 3438 23 17 de
1559 3438 90 16 Tournai.
1665 3438 25 17 Le
1707 3442 22 13 co-

1208 3457 48 18 mité
1267 3458 32 16 est
1311 3457 66 17 assuré
1390 3458 24 16 de
1427 3458 21 16 la
1459 3458 139 19 participation
1610 3458 24 16 de
1647 3458 20 17 la
1680 3459 59 15 musl-

1208 3480 37 33 ?ue
1264 3477 25 16 du
1308 3477 22 17 3e
1348 3477 94 20 régiment
1460 3477 24 17 de
1502 3477 102 17 chasseurs
1622 3477 13 16 à
1653 3477 44 20 pied
1716 3477 23 18 de

1222 3496 77 18 'ournai.

1306 3564 98 28 MOINS
1430 3564 39 28 DE
1493 3563 149 29 CHOMAGE

1235 3640 164 24 Luxembourg,
1414 3639 25 21 15
1453 3639 64 21 avril.
1531 3649 27 5 —
1570 3640 37 20 Au
1623 3639 37 20 ler
1675 3639 63 27 avfil,

1210 3665 20 21 le
1249 3665 94 21 nombre
1361 3665 42 22 des
1419 3665 103 20 ouvriers
1553 3663 97 25 occupés
1680 3664 59 21 dans

1211 3690 125 23 l'industrie
1351 3690 70 22 totale
1437 3690 31 21 du
1483 3688 175 22 Grand-Duché
1672 3694 15 16 a
1702 3688 36 22 été

1211 3715 27 21 de
1256 3714 77 24 28,377,
1350 3714 79 21 contre
1447 3714 71 24 27,810
1534 3718 31 17 au
1584 3714 37 20 ler
1636 3718 64 17 mars
1715 3714 24 21 et

1211 3740 70 24 27,673
1294 3744 31 16 au
1339 3740 37 20 ler
1389 3738 90 22 février.
1495 3751 6 6 .

1238 3771 77 20 Parmi
1337 3775 25 17 ce
1384 3770 102 23 nombre,
1505 3774 31 16 on
1557 3769 90 24 compte
1669 3769 71 23 22,746

1212 3795 204 24 Luxembourgeois
1430 3796 25 20 et
1469 3795 58 23 9,901
1544 3793 124 26 étrangers,
1684 3794 56 22 dont

1214 3820 55 24 1,111
1285 3820 88 25 Belges.
1389 3830 27 5 —
1431 3819 78 25 Belga.

1284 3904 38 28 LA
1346 3898 161 34 DEUXIÈME
1534 3904 129 28 MISSION

1240 3955 39 29 DU
1306 3955 101 29 FONDS
1430 3955 135 34 JACQUES
1589 3955 119 29 CASSEL

690 4767 32 22 Le
742 4767 166 24 Guadalquivir
927 4772 130 17 commence
1077 4767 15 20 k
1111 4768 70 21 débor-

664 4791 47 24 der,
723 4796 88 17 comme
823 4792 88 25 chaque
923 4793 73 22 année
1007 4792 16 21 k
1033 4793 94 25 pareille
1137 4793 43 25 épo-

664 4821 50 20 que.

691 4842 66 21 Alors
770 4842 66 25 qu'en
850 4841 43 24 été,
906 4842 18 21 il
936 4842 36 21 est
982 4844 97 20 souvent
1092 4842 76 21 réduit
1179 4843 15 19 k

665 4871 32 17 un
719 4867 82 25 simple
823 4867 52 22 filet
897 4867 73 22 d'eau,
992 4867 51 21 tout
1066 4872 30 16 au
1119 4868 74 20 moins

666 4892 58 21 dans
738 4892 34 21 les
787 4891 96 25 plaines,
898 4897 26 16 ce
939 4892 83 23 fleuve,
1035 4891 42 23 dès
1091 4892 24 20 la
1128 4892 64 21 fonte

666 4916 40 22 das
720 4916 76 24 neiges
808 4917 28 21 d:
850 4916 24 21 la
887 4917 96 21 Canada
997 4917 28 21 de
1039 4917 36 20 las
1088 4917 104 23 Fuentes;

666 4942 81 24 grossit
763 4941 200 22 instantanément
978 4947 30 16 en
1025 4941 127 25 puissance.

692 4967 126 21 Charriant
832 4966 40 22 des
883 4971 60 16 eaux
956 4966 47 22 très
1017 4966 143 23 limoneuses,
1173 4966 20 21 le

666 4992 74 21 fleuve
753 4997 16 16 a
780 4991 94 24 conquis
885 4996 42 17 sur
937 4991 25 21 la
973 4996 50 17 mer
1034 4991 161 24 d'Importants

666 5017 106 21 terrains'
779 5016 39 25 qui
833 5021 30 17 ne
875 5016 61 22 sont,
948 5021 32 16 en
994 5015 87 23 réalité,
1096 5021 44 19 que
1155 5016 39 20 des

666 5041 130 24 marécages
820 5041 59 21 dans
901 5041 97 24 lesquels
1019 5045 31 16 on
1074 5040 61 22 élève
1155 5041 39 20 des

666 5068 112 20 taureaux
793 5066 15 22 k
824 5066 61 21 demi
899 5070 119 19 sauvages,
1033 5064 101 22 destinés
1150 5069 43 18 aux

667 5092 113 22 fameuses
794 5093 25 21 et
833 5091 96 22 cruelles
942 5090 105 21 corridas.
1064 5100 24 6 —
1104 5091 26 20 A.

666 5129 84 22 Contre
763 5130 34 20 les
808 5129 84 25 esprits
905 5127 135 24 maléfiques

691 5176 31 22 Le
740 5180 114 19 voyageur
869 5175 39 24 qui
927 5174 114 24 débarque
1056 5173 16 20 k
1090 5173 55 23 Port
1165 5178 29 16 au

666 5201 80 20 Prince
770 5200 85 21 (Haïti)
877 5202 36 19 est
934 5199 104 24 toujours
1059 5203 65 16 assea
1142 5203 41 16 sur-

666 5226 54 25 pris,
736 5225 37 21 s'il
791 5224 139 25 entreprend
947 5225 24 20 la
989 5224 66 20 visite
1074 5223 31 22 du
1125 5224 57 20 cime-

667 5250 57 21 tière
739 5250 28 21 de
782 5250 25 21 la
819 5249 60 23 ville,
893 5247 31 24 dé
934 5249 50 21 voir
999 5249 76 21 toutes
1086 5247 35 23 les
1135 5248 48 21 tom-

667 5275 40 21 bes
727 5275 143 21 recouvertes
890 5274 55 21 d'un
965 5273 81 22 réseau
1067 5272 48 23 très
1134 5272 62 22 serré

668 5300 27 21 de
710 5299 27 21 fil
750 5299 28 21 de
792 5299 36 21 fer
840 5298 98 22 barbelé.

693 5324 43 21 Les
753 5323 119 24 Indigènes
890 5323 134 22 s'efforcent
1043 5323 152 24 simplement,

668 5352 43 21 par
726 5353 25 16 ce
768 5347 103 25 procédé,
885 5348 143 24 d'empêcher
1043 5347 33 21 les
1092 5349 104 19 mauvais

669 5373 82 24 esprits
780 5383 27 4 —
835 5372 16 21 k
879 5372 129 23 l'existence
1036 5373 103 24 desquels
1168 5373 28 21 ils

670 5397 88 21 croient
778 5397 44 21 dur
841 5401 89 17 comme
951 5398 37 22 fer
1008 5408 27 5 —
1056 5397 28 22 de
1107 5398 87 21 venir...

671 5422 103 22 s'asseoir
786 5427 40 17 sur
839 5422 35 23 lu
883 5422 129 25 sépultures
1020 5422 7 22 I
1041 5432 30 6 —
1081 5422 24 22 J.

1154 5498 6 20 i

1234 4038 51 21 Une
1298 4037 54 22 note
1367 4037 31 21 du
1410 4037 136 22 secrétariat
1556 4038 28 21 de
1594 4035 146 24 l'Université

1210 4062 65 22 Libre
1289 4062 28 22 de
1330 4062 118 22 Bruxelles
1462 4067 58 17 nous
1534 4063 103 23 apprend
1650 4067 44 20 que
1709 4063 30 19 M.

1211 4088 22 19 E.
1257 4087 136 24 Dartevelle,
1416 4087 111 22 assistant
1550 4087 28 21 de
1602 4087 99 24 géologie
1725 4087 15 20 k

1211 4111 150 25 l'Université,
1375 4111 84 25 chargé
1472 4113 29 21 de
1515 4113 23 20 la
1553 4111 117 23 deuxième
1684 4112 45 21 mis-

1210 4137 51 21 sion
1275 4137 32 21 du
1322 4137 77 21 Fonds
1415 4137 97 24 Jacques
1528 4137 78 20 Cassel
1622 4137 72 25 partit
1710 4141 30 16 au

1211 4161 72 21 début
1292 4161 82 21 d'avril
1386 4161 28 21 de
1426 4161 47 20 l'an
1486 4161 97 20 dernier.
1589 4160 21 20 Il
1616 4162 125 23 parcourut

1211 4187 92 20 d'abord
1324 4187 24 21 la
1369 4186 75 25 partie
1466 4187 30 21 du
1517 4187 139 23 Bas-Congo
1676 4191 51 16 com

1210 4212 59 24 prise
1284 4212 66 21 entre
1364 4212 73 21 Borna
1451 4213 25 20 et
1489 4211 101 24 l'Océan,
1604 4212 21 21 le
1639 4211 55 25 long
1709 4212 31 20 du

1211 4237 74 21 fleuve
1299 4238 85 22 Congo.

1233 4267 36 22 La
1283 4267 95 21 mission
1391 4266 70 23 suivit
1476 4267 88 22 ensuite
1579 4267 21 21 le
1614 4266 88 22 littoral
1717 4267 24 21 et

1210 4292 30 21 fit
1254 4294 40 20 des
1307 4292 135 26 recherches
1456 4291 164 22 Intéressantes
1635 4292 58 20 dans
1707 4293 33 20 les

1211 4317 100 23 falaises,
1323 4322 32 17 en
1368 4316 87 25 grande
1469 4316 74 25 partie
1557 4316 140 26 inexplorées
1710 4317 30 21 du

1210 4343 78 23 Congo
1298 4342 63 24 belge
1372 4341 26 22 et
1409 4341 28 22 de
1449 4341 108 22 l'enclave
1569 4341 130 25 portugaise
1712 4342 27 21 de

1211 4373 111 22 Cabinda.

1234 4404 49 22 Elle
1302 4404 106 21 remonta
1430 4404 90 22 ensuite
1542 4404 21 21 le
1586 4403 86 21 fleuve'
1685 4404 54 20 Shi-

1211 4429 81 24 loango
1303 4433 31 17 en
1345 4429 93 25 pirogue
1449 4433 58 20 pour
1518 4432 86 21 gagner
1615 4428 125 23 l'intérieur

1211 4454 31 22 du
1252 4458 57 21 pays
1318 4456 25 20 et
1353 4454 21 21 le
1386 4453 130 24 Mayumbe.

1235 4485 74 21 Toute
1327 4484 60 21 cette
1404 4484 80 24 région
1501 4484 123 25 paraissait
1642 4484 86 25 dépour-

1212 4513 41 17 vue
1271 4509 198 22 d'affleurements
1483 4509 106 21 rocheux.
1606 4509 32 21 M.
1655 4509 78 20 Darte<

1211 4533 64 25 velle,
1289 4535 59 20 dans
1361 4538 38 17 ses
1413 4533 161 25 explorations,
1587 4535 37 20 est
1638 4538 102 21 parvenu

1211 4558 15 22 k
1239 4564 29 17 en
1283 4558 119 21 découvrir
1415 4563 33 16 un
1461 4558 89 22 certain
1563 4559 95 21 nombre
1670 4560 23 20 et
1702 4559 38 20 'les

1213 4584 90 21 fouilles
1322 4583 54 25 qu'il
1395 4583 103 21 effectua
1516 4584 34 20 lui
1569 4583 109 22 livrèrent
1695 4589 46 16 une

1213 4608 85 24 grande
1311 4608 106 25 quantité
1432 4609 28 21 de
1476 4608 95 23 fossiles,
1586 4609 57 21 dont
1658 4608 83 22 l'étude

1212 4633 105 22 détaillée
1332 4633 76 21 fixera
1421 4632 67 22 d'une
1504 4632 101 23 manière
1617 4633 86 25 précise
1718 4635 23 20 la

1212 4657 99 25 géologie
1324 4659 28 21 de
1365 4659 24 20 la
1400 4657 85 24 région.

1238 4689 72 25 Après
1325 4689 63 20 avoir
1403 4692 112 21 parcouru
1529 4688 109 22 l'enclave
1652 4690 28 20 de
1695 4690 34 20 Ca-

1213 4714 77 23 binda,
1304 4715 30 18 M.
1351 4713 129 22 Dartevelle
1494 4713 68 21 visita
1578 4714 23 20 la
1618 4714 79 24 région
1714 4714 27 21 de

1213 4739 80 22 Pointe
1309 4738 68 22 Noire
1397 4737 103 25 (Afrique
1515 4738 144 24 Equatoriale
1675 4739 54 20 fran-

1214 4764 79 23 çaise).

1238 4795 65 20 Dans
1320 4799 38 16 ces
1375 4793 161 25 explorations,
1553 4799 47 16 non
1614 4794 127 22 seulement

1215 4823 32 17 un
1266 4818 104 22 matériel
1386 4817 129 25 géologique
1534 4820 24 20 et
1577 4818 164 25 paléontologi-

1213 4848 43 20 que
1267 4843 155 22 considérable
1435 4849 14 15 a
1460 4843 37 21 été
1508 4843 73 24 réuni,
1592 4844 59 21 mals
1661 4849 81 17 encore

1214 4868 39 21 dss
1272 4867 135 22 documents
1426 4869 141 21 concernant
1584 4868 25 21 la
1628 4868 71 22 faune
1717 4870 25 19 et

1214 4893 23 20 la
1251 4893 58 21 flore
1327 4894 40 20 d»
1384 4892 91 24 réglons
1492 4897 138 20 parcourues
1647 4894 42 21 ont
1705 4894 37 21 été

1214 4917 119 25 rapportés
1347 4918 25 20 et
1388 4918 80 20 seront
1485 4917 78 24 l'objet
1580 4917 102 22 d'études
1700 4924 30 19 ap-

1215 4942 131 25 profondies
1358 4946 42 21 par
1412 4943 40 21 des
1464 4942 146 25 spécialistes.
1622 4953 27 5 —
1663 4944 67 21 (Com-

1217 4966 126 25 muniqué).

1757 204 84 48 LA
1876 205 275 52 FRAUDE
2186 205 95 48 DU

1911 275 218 50 TABAC

1755 371 24 32 A
1793 371 41 32 LA
1852 370 178 36 FRONTIÈRE
2047 370 238 37 FRANCO-BELGE

1876 445 42 30 DE
1932 445 122 34 BONNES
2066 444 106 33 PRISES

1782 507 154 25 Hazebrouck,
1958 510 24 20 15
2000 509 64 22 avril.
2080 518 28 6 —
2127 507 36 21 Au
2183 506 47 22 lieu
2251 505 33 21 dit

1757 538 9 11 ■
1788 532 33 20 La
1840 536 72 21 queue
1933 534 27 20 de
1981 535 71 20 vache
2072 542 19 14 »,
2110 532 33 21 les
2163 531 122 21 douaniers

1756 556 75 21 Priem
1862 559 25 20 et
1918 558 99 23 Plancke
2048 555 173 25 remarquèrent
2253 559 32 17 un

1755 585 84 20 groupe
1860 582 28 21 de
1909 583 56 21 trois
1985 583 115 22 individus
2120 579 165 25 accompagnés

1755 606 28 21 d;
1803 607 52 23 sept
1872 607 80 22 chiens
1968 609 163 24 spécialement
2152 604 88 23 dressés
2261 606 24 20 et

1756 632 104 23 porteurs
1875 632 27 21 de
1917 633 114 23 ceintures
2045 631 109 25 chargées
2168 632 28 19 de
2211 630 74 20 tabac.

1781 655 43 21 Les
1837 657 121 22 douaniers
1970 665 25 15 se
2008 659 85 20 mirent
2105 656 15 21 à
2133 657 23 20 la
2169 655 116 25 poursuite

1755 680 41 22 des
1818 681 57 21 trois
1897 681 131 26 fraudeurs;
2052 683 49 20 l'un
2123 680 72 23 d'eux,
2218 679 68 21 Louis

1756 706 122 22 Pittilioen.
1891 706 27 20 24
1932 712 48 19 ans,
1996 708 29 22 de
2041 705 149 26 Poperinghe,
2207 704 78 20 tomba

1755 733 23 20 et
1794 731 42 23 put
1851 730 48 21 être
1916 732 152 24 appréhendé.
2083 731 21 21 Il
2119 730 57 21 était
2192 730 93 24 porteur

1755 755 67 20 d'une
1835 755 102 23 ceinture
1950 757 126 22 contenant
2087 756 14 21 9
2112 754 58 22 kilos
2183 755 27 20 de
2223 754 50 24 ciga-

1755 780 71 20 rettes
1837 781 28 20 de
1877 780 59 22 luxe.

1780 804 194 26 Précédemment,
1998 808 33 21 les
2055 805 86 22 mêmes
2162 804 123 21 douaniers

1754 829 106 22 s'étaient
1878 831 44 21 mis
1939 832 13 19 à
1970 832 24 20 la
2010 830 118 27 poursuite
2146 829 54 21 d'un
2218 829 66 20 autre

1755 859 84 19 groupe
1862 854 29 22 de
1914 856 57 22 trois
1993 856 128 22 fraudeurs.
2140 854 32 21 Us
2192 854 93 20 avalent

1755 879 75 20 arrêté
1842 879 22 22 le
1879 881 92 21 nommé
1983 882 58 21 Paul
2055 878 192 25 Swynghedauwe
2262 879 23 20 et

1754 904 54 20 saisi
1827 904 25 20 53
1871 904 59 22 kilos
1949 906 28 21 de
1997 907 69 20 tabac
2084 903 139 23 abandonné
2242 908 43 21 par

1755 929 32 21 les
1803 929 128 24 fraudeurs,
1946 936 30 16 au
1990 932 47 21 lieu
2049 931 35 21 dit
2097 937 10 9 ■
2122 928 102 25 Papoote
2241 936 18 12 ».

1780 955 20 20 A
1815 955 141 23 Mbrbeecke,
1970 956 34 22 les
2019 954 122 24 douaniers
2156 952 128 22 donnèrent

1755 979 21 20 la
1791 979 80 21 chasse
1886 979 15 20 à
1915 980 60 21 deux
1989 980 115 22 individus
2117 979 25 21 et
2156 977 128 21 arrêtèrent

1754 1004 19 21 le
1788 1004 92 20 nommé
1893 1004 158 25 Serghevaert,
2063 1005 26 20 25
2101 1008 50 17 ans,
2162 1003 28 21 de
2201 1003 83 20 Steen-

1754 1029 89 22 voorde,
1873 1030 94 23 porteur
1997 1031 68 21 d'une
2095 1028 103 21 ceinture
2230 1032 54 16 avec

1753 1054 25 19 30
1790 1054 58 20 kilos
1860 1054 27 20 de
1900 1054 75 22 tabac.
1985 1056 54 21 Une
2047 1053 151 24 surveillance
2210 1052 74 22 active

1753 1080 34 20 est
1801 1079 93 21 exercée
1908 1080 58 20 dans
1979 1080 24 22 la
2013 1080 85 25 région.
2108 1088 28 6 —
2149 1078 85 20 Havas.

1756 1144 36 27 LA
1810 1144 94 27 REINE
1923 1144 38 28 DE
1976 1145 82 29 TOUS
2082 1143 58 29 LES
2163 1142 121 29 SPORTS

1779 1201 87 24 Depuis
1880 1200 123 23 dimanche
2016 1201 82 23 matin,
2110 1199 47 23 très
2172 1199 82 23 matin,
2269 1199 16 20 il

1754 1226 57 21 était
1835 1226 13 19 2
1872 1226 89 24 heures,
1984 1226 118 22 Bruxelles
2124 1224 91 25 compte
2238 1228 47 17 une

1754 1251 72 21 Reine
1840 1251 28 21 de
1881 1251 58 24 plus.

1780 1276 34 20 La
1827 1277 115 22 gracieuse
1955 1277 97 24 majesté
2062 1276 35 22 est
2109 1274 91 23 blonde,
2212 1279 31 16 on
2256 1278 29 17 ne

1755 1302 55 23 peut
1825 1301 53 25 plus
1892 1301 91 24 blonde,
1997 1303 25 21 et
2036 1301 65 26 porte
2115 1305 28 16 sa
2159 1299 126 23 chevelure,

1755 1331 30 16 en
1799 1326 95 24 longues
1908 1326 25 20 et
1947 1331 136 21 vaporeuses
2094 1325 96 23 volutes,
2204 1324 81 25 jusque

1755 1356 40 16 sur
1806 1351 34 21 les
1852 1350 100 25 épaules.

1781 1376 21 20 H
1814 1376 69 24 s'agit
1896 1376 28 20 de
1938 1377 55 22 Mlle
2006 1378 96 20 Yvonne
2115 1374 90 24 Labory
2217 1384 28 6 —
2258 1375 28 20 de

1756 1401 219 24 Bruxelles-Sportif
1984 1412 28 6 —
2023 1401 40 27 qui
2074 1401 65 21 vient
2152 1399 70 22 d'être
2236 1399 50 21 élue

1756 1436 26 5 —
1798 1431 30 17 en
1843 1427 72 23 grand
1933 1427 61 21 arroi
2007 1437 29 6 —
2049 1426 73 22 Beine
2140 1426 28 21 de
2184 1425 53 21 tous
2254 1424 32 21 les

1756 1451 87 25 Sports.

1782 1477 32 20 Ce
1829 1476 55 21 titre
1898 1476 105 23 enviable
2015 1478 33 20 lul
2062 1477 39 21 fut
2116 1475 97 21 décerné
2228 1475 59 21 dans

1757 1506 45 17 une
1824 1501 105 24 coquette
1948 1502 58 22 salle
2028 1503 31 21 du
2077 1501 78 21 centre
2176 1504 44 20 par
2241 1504 46 16 une

1757 1526 61 22 foule
1836 1526 166 25 enthousiaste,
2019 1526 67 27 après
2101 1531 34 16 un
2152 1526 52 20 vote
2221 1529 53 17 scru-

1757 1552 90 24 puleux.

1783 1577 94 21 Comme
1895 1576 88 25 chaque
2001 1576 80 23 année,
2095 1576 25 21 la
2136 1575 111 22 vaillante
2263 1579 25 16 et

1757 1602 20 20 si
1797 1601 161 25 sympathique
1980 1601 138 22 association
2138 1600 78 22 s'était
2235 1604 41 17 sur-

1757 1625 79 26 passée
1848 1631 59 20 pour
1918 1628 118 23 organiser
2046 1628 25 20 la
2081 1625 80 23 soirée.

1783 1652 147 23 Programme
1959 1652 129 23 attachant,
2115 1650 174 23 excellemment

1758 1676 131 25 interprété.
2107 1672 16 16 '

1783 1701 86 24 Quand
1882 1703 31 19 M.
1927 1703 87 21 Marcel
2027 1702 98 22 Antoine
2137 1705 100 21 apparut
2249 1705 40 17 sur

1757 1726 67 21 scène
1846 1732 55 16 avec
1922 1727 55 22 Mlle
1998 1728 88 23 Labory
2105 1727 25 21 et
2150 1730 38 16 ses
2209 1725 80 24 dignes

1759 1752 117 22 suivantes
1890 1762 28 5 —
1931 1753 56 21 Mlle
2001 1752 66 25 Nelly
2080 1752 52 20 Van
2146 1751 27 21 de
2188 1750 62 23 Vliet
2263 1761 27 5 —

1759 1777 22 20 la
1795 1777 64 22 toute
1874 1776 135 23 charmante
2022 1786 10 10 ■
2047 1777 57 22 Miss
2118 1776 67 25 Cycle
2200 1784 10 10 •
2225 1786 28 5 —
2266 1776 24 20 et

1759 1802 54 22 Mlle
1841 1801 91 22 Andrée
1960 1802 132 24 Dumoulin,
2119 1806 33 16 un
2180 1801 109 20 tonnerre

1758 1827 244 24 d'applaudissements
2034 1828 26 21 et
2093 1825 196 23 d'interminables

1759 1852 74 22 vivats
1842 1853 33 21 les
1887 1852 163 22 accueillirent.
2058 1872 3 4 .

1785 1876 59 23 Noté
1861 1877 60 21 dans
1936 1878 148 23 l'assistanoe,
2100 1877 24 22 la
2137 1875 108 26 présence
2263 1876 27 21 de

1759 1903 56 20 MM.
1843 1902 84 23 Benoit
1953 1903 97 25 Bayens,
2077 1901 124 27 président,
2228 1902 62 21 Léon

1759 1927 161 24 Coekelbergh,
1944 1928 52 21 Van
2022 1927 159 26 Opdenbosch,
2205 1927 85 23 Adant,

1760 1952 96 24 Decock,
1870 1952 136 22 Vanhaelen
2020 1953 25 23 et
2058 1953 33 22 les
2105 1951 73 23 frères
2192 1952 61 21 Jean
2267 1953 24 20 et

1761 1977 104 25 Philippe
1876 1978 119 23 Drognier.

1785 2003 36 20 Au
1836 2002 66 23 total,
1915 2003 78 21 succès
2008 2002 104 25 complet,
2125 2002 55 21 bien
2194 2002 60 21 dans
2267 2002 24 20 la

1761 2028 111 21 tradition
1888 2029 28 20 de
1934 2035 9 11 ■
1959 2027 219 24 Bruxelles-Sportif
2194 2036 18 12 ».
2228 2038 27 5 —
2270 2028 19 20 J,

1280 5045 59 28 VOL
1363 5045 79 28 DANS
1468 5045 63 28 UNE
1552 5046 124 32 BANQUE

1308 5115 43 22 (De
1368 5114 66 21 notre
1451 5114 195 24 correspondant.)

1243 5146 71 23 Paris,
1329 5146 25 21 15
1368 5145 64 21 avril.
1447 5156 26 5 —
1491 5146 55 20 (Par
1561 5145 137 25 téléphone.)
1715 5158 27 5 —

1218 5177 134 23 Dimanche,
1362 5170 15 28 i
1388 5177 13 20 9
1413 5177 82 21 heures
1507 5176 32 21 du
1551 5177 81 23 matin,
1644 5181 33 17 un
1689 5183 40 19 gar-

1217 5213 42 19 çon
1270 5207 29 22 de
1310 5208 86 21 bureau
1408 5207 28 22 de
1449 5207 22 21 la
1484 5208 89 23 banque
1585 5207 79 23 Albert
1675 5209 54 20 Han-

1217 5242 48 19 sen,
1275 5238 58 21 dont
1343 5239 34 20 les
1388 5239 102 21 bureaux
1501 5240 54 20 sont
1565 5237 72 22 situés
1649 5243 30 17 au
1691 5244 38 16 cin-

1217 5269 88 24 quième
1321 5269 72 24 étage,
1408 5274 40 17 rue
1463 5269 40 21 des
1518 5269 112 24 Colonies,
1645 5275 15 16 a
1674 5275 56 16 cons-

1218 5300 48 22 taté
1278 5300 70 24 qu'un
1359 5302 101 20 inconnu
1471 5299 78 23 s'était
1559 5300 112 23 introduit
1683 5301 59 21 dans

1218 5330 185 22 rétablissement
1421 5330 86 23 durant
1525 5331 24 21 la
1568 5333 50 19 nuit
1636 5332 25 21 et
1678 5333 64 20 avait

1218 5361 100 22 fracturé
1332 5361 21 21 le
1367 5362 141 21 coffre-fort.

1243 5392 30 22 Le
1292 5392 36 21 vol
1345 5392 72 22 serait
1434 5392 29 22 de
1479 5393 85 23 200,000
1581 5393 79 22 francs
1676 5394 53 21 envi-

1217 5427 50 18 ron.

1826 2087 19 28 A
1868 2086 179 30 L'INSTITUT
2071 2086 58 29 DES
2145 2086 80 29 ARTS

1874 2152 10 6 -
1928 2138 39 29 ET
1991 2133 137 34 MÉTIERS

1786 2195 21 21 Il
1826 2195 64 23 vient
1907 2194 71 22 d'être
1997 2196 111 24 question,
2138 2199 32 17 au
2198 2195 92 21 Conseil

1761 2221 215 21 d'Administration
1996 2221 28 22 de
2043 2220 113 22 l'Institut
2176 2219 41 24 des
2236 2220 54 22 Arts

1762 2247 23 19 et
1796 2245 102 24 Métiers,
1909 2246 28 21 de
1950 2250 66 18 cours
2027 2246 16 22 k
2053 2245 63 23 créer
2128 2245 15 21 à
2155 2245 82 21 l'Ecole
2249 2246 42 20 des

1761 2270 119 24 Tailleurs.

1787 2296 66 22 Cette
1871 2295 61 22 école
1949 2296 36 21 est
2001 2295 165 22 extrêmement
2182 2294 107 26 prospère

1761 2321 23 21 et
1795 2321 34 21 les
1839 2320 109 22 résultats
1960 2322 28 20 de
1999 2326 43 17 son
2052 2320 173 24 enseignement
2235 2321 55 22 sont

1761 2346 40 21 des
1824 2346 51 24 plus
1903 2346 188 24 encourageants.
2120 2345 49 21 Elle
2198 2346 91 24 compte

1761 2371 163 22 actuellement
1939 2372 39 20 239
1993 2370 74 23 élèves
2079 2370 100 25 répartis
2194 2375 30 16 en
2238 2375 38 17 sec-

1762 2396 60 21 tions
1837 2396 31 21 du
1883 2396 53 24 jour
1951 2397 24 20 et
1989 2397 31 21 du
2034 2396 53 21 soir.
2101 2395 107 22 Certains
2223 2400 67 16 cours

1761 2422 53 20 sont
1829 2422 84 21 mixtes
1931 2426 7 16 :
1955 2426 58 17 ceux
2029 2421 39 26 qui
2081 2426 25 16 se
2121 2420 138 25 rapportent
2274 2421 15 20 à

1761 2447 24 20 la
1800 2446 132 21 confection
1959 2447 32 21 du
2018 2441 117 27 vêtement
2163 2446 29 21 de
2221 2445 68 21 dame

1763 2479 9 10 »
1789 2476 69 19 genre
1872 2471 93 21 tailleur
1979 2479 18 11 »■

1787 2497 42 20 Les
1842 2501 67 17 cours
1922 2501 120 17 nouveaux
2053 2496 139 21 concernent
2204 2495 22 22 le
2239 2495 38 21 mé-

1762 2522 44 21 tier
1825 2522 29 21 de
1874 2522 101 24 giletière
1995 2523 24 21 et
2037 2522 28 21 de
2082 2520 127 23 culottière.
2229 2521 61 21 C'est

1762 2551 44 17 une
1821 2547 105 24 question
1940 2546 53 26 déjà
2008 2547 110 21 ancienne
2133 2546 38 24 qui
2185 2546 105 25 resurgit.

1761 2572 33 21 La
1809 2572 57 22 Ville
1883 2572 27 21 de
1926 2572 118 23 Bruxelles
2057 2574 25 20 et
2095 2571 24 21 la
2135 2571 110 21 Province
2261 2571 27 22 de

1761 2597 105 21 Brabant
1886 2597 94 21 avalent
1998 2596 54 25 déjà
2070 2596 111 24 examiné,
2201 2596 18 21 il
2238 2601 16 20 y
2274 2601 15 16 a

1761 2622 113 24 plusieurs
1891 2621 92 25 années,
2001 2620 161 27 l'opportunité
2181 2622 29 21 de
2228 2625 49 17 sem-

1761 2647 74 21 blable
1850 2646 109 22 création.
1972 2647 67 23 Mais,
2051 2647 34 21 les
2099 2647 94 21 anciens
2207 2647 82 21 locaux

1761 2672 28 22 de
1810 2672 82 21 l'Ecole
1914 2672 41 22 des
1981 2672 112 22 Tailleurs
2120 2671 89 21 étaient
2237 2672 52 24 trop

1761 2697 78 25 exigus
1854 2702 58 20 pour
1925 2697 79 25 qu'elle
2019 2696 42 26 pût
2075 2697 48 21 être
2137 2697 121 24 envisagée
2274 2697 14 21 à

1761 2728 25 16 ce
1806 2724 109 20 moment.
1934 2723 43 21 Les
2007 2722 109 29 superbes
2146 2722 82 21 locaux
2261 2722 28 22 de

1762 2747 111 22 l'Institut
1889 2748 41 22 des
1948 2748 54 21 Arts
2018 2745 25 25 et
2046 2744 108 24 'Métiers
2171 2748 41 20 ont
2230 2747 46 21 heu-

1762 2776 130 20 reusement
1904 2774 81 20 ouvert
1998 2772 157 22 des-horizons
2168 2776 120 17 nouveaux

1761 2798 15 21 à
1788 2798 61 21 cette
1861 2797 61 21 école
1934 2798 21 21 si
1970 2798 135 21 florissante.

1787 2822 32 21 M.
1837 2822 180 22 Huisman-Van
2032 2823 60 20 -den
2121 2821 64 24 Nest,
2215 2822 74 20 l'actif

1761 2846 97 22 échevin
1876 2848 28 20 de
1922 2846 154 22 l'Instruction
2093 2846 107 25 publique
2219 2847 28 21 de
2264 2847 24 21 la

1761 2872 52 21 ville
1826 2872 28 21 de
1865 2872 125 22 Bruxelles,
1999 2876 30 16 va
2039 2871 48 22 très
2098 2871 191 25 prochainement

1761 2897 125 21 soumettre
1903 2901 30 17 au
1948 2895 89 26 Collège
2050 2897 25 20 la
2089 2896 103 21 création
2208 2896 28 22 de
2251 2898 38 20 cet

1762 2922 177 24 enseignement,
1960 2926 56 20 pour
2037 2921 113 25 giletières
2169 2925 25 20 et
2213 2921 74 21 culot-

1762 2947 69 21 tières
1844 2947 39 24 qui
1898 2947 90 23 rendra,
2002 2951 56 17 sans
2073 2951 76 16 aucun
2165 2946 75 22 doute,
2254 2946 34 21 les

1762 2972 51 25 plus
1834 2972 86 25 grands
1940 2971 102 23 services.
2067 2971 192 25 (Communiqué.)

1800 3038 446 51 MONITEUR

1926 3097 26 18 du
1969 3098 21 17 15
2007 3098 48 16 avril
2073 3098 48 17 1934.

1976 3150 95 18 JUSTICE

1783 3179 34 16 Est
1833 3177 74 18 insérée
1923 3180 39 14 une
1977 3177 27 17 loi
2020 3177 79 17 relative
2115 3176 13 17 à
2144 3177 107 17 l'électorat
2267 3178 20 16 et

1762 3202 38 14 aux
1816 3198 92 17 élections
1923 3201 49 16 pour
1985 3197 21 18 la
2021 3198 105 16 formation
2143 3197 24 18 de
2184 3197 103 17 tribunaux

1761 3219 24 17 de
1799 3221 111 15 commerce*

1782 3239 32 16 Un
1829 3238 64 17 arrêté
1908 3237 54 19 royal
1977 3238 77 17 modifie
2069 3238 20 16 la
2104 3238 27 16 loi
2147 3237 24 17 de
2187 3238 90 16 coordina-

1762 3259 41 16 tion
1819 3258 34 17 des
1869 3258 122 18 dispositions
2005 3258 90 17 relatives
2111 3261 26 14 au
2152 3258 86 17 contrôle
2254 3258 33 17 des

1761 3279 53 17 films
1828 3278 213 19 cinématographiques.

1782 3299 32 17 Un
1831 3298 64 17 arrêté
1913 3299 52 18 royal
1983 3298 65 17 décide
2066 3302 35 16 que
2119 3298 28 17 les
2166 3298 70 19 greffes
2254 3298 33 16 des

1761 3319 80 19 Justices
1856 3319 23 16 de
1893 3318 46 19 paix
1953 3318 24 17 de
1989 3319 86 19 Soignies
2089 3319 20 16 et
2123 3318 24 17 de
2162 3318 67 18 Rœulx
2245 3319 43 16 sont

1762 3340 77 16 ouverts
1851 3339 28 16 les
1892 3334 54 23 jours
1958 3342 39 14 non
2009 3339 58 16 fériés
2080 3339 23 16 de
2116 3339 11 16 8
2139 3338 20 17 h.
2173 3339 22 16 30
2208 3338 11 16 à
2234 3339 21 15 12
2267 3338 20 17 h.

1784 3360 60 15 Ordre
1857 3358 106 18 Judiciaire.
1974 3366 23 6 —
2007 3359 49 17 Sont
2068 3358 99 19 acceptées
2179 3358 28 17 les
2219 3358 60 17 démis-

1762 3379 52 17 sions
1829 3383 6 13 :
1847 3379 28 17 De
1889 3380 25 15 M.
1927 3379 96 17 Buisseret
2034 3380 28 17 R.,
2077 3382 104 17 procureur
2193 3379 27 16 du
2234 3379 29 16 roi
2275 3378 12 17 à

1762 3399 87 17 Nivelles.

1782 3420 29 16 De
1824 3420 25 16 M.
1864 3419 83 16 Durleux
1960 3419 32 17 E...
2006 3419 66 18 avoué,
2087 3419 12 16 k
2111 3419 56 17 Mons

1784 3439 49 17 Sont
1848 3438 86 18 nommés
1951 3443 6 13 :
1973 3440 47 19 Juge
2035 3439 104 20 suppléant
2155 3439 11 16 à
2183 3439 22 16 la
2219 3439 70 20 Justke

1762 3460 23 16 de
1800 3459 46 19 paix
1859 3459 25 17 de
1898 3459 103 19 Thourout,
2015 3460 27 17 M.
2057 3463 39 13 van
2111 3459 24 17 de
2150 3459 60 17 Walle
2225 3460 23 18 J.,
2264 3460 24 16 de

1761 3481 79 17 Bruges.

1783 3500 86 16 Huissier
1885 3499 13 17 k
1914 3499 137 20 Neufch&teau,
2070 3500 24 16 M.
2111 3500 95 17 Demanet
2223 3500 23 19 J.,
2264 3500 24 17 de

1762 3520 78 16 Namur.

1784 3540 33 16 Est
1829 3539 77 20 désigné
1917 3543 72 14 comme
1998 3540 45 20 Juge
2055 3540 135 17 d'instruction
2202 3539 12 18 à
2226 3540 62 18 Mons.

1763 3560 25 16 M.
1802 3560 78 17 Kebers.

1784 3579 95 17 Notariat.
1894 3587 24 7 —
1931 3580 27 17 La
1973 3580 54 21 place
2043 3581 24 17 de
2082 3580 76 17 notaire
2174 3583 12 14 a
2203 3581 85 16 Stavelot

1762 3600 30 16 est
1806 3599 117 18 maintenue.

1878 3625 159 19 INSTRUCTION
2053 3627 119 19 PUBLIQUE

1783 3651 160 18 Administration
1961 3653 90 17 centrale.
2068 3661 24 5 —
2109 3653 81 17 Cabinet
2208 3653 25 16 da
2253 3654 35 16 mi-

1763 3671 67 17 nlstre.
1842 3679 24 6 —
1879 3672 110 17 Démission.
2002 3680 26 6 —
2037 3673 130 17 Nomination.
2180 3681 23 5 —
2216 3675 16 14 D
2238 3674 50 16 '■::;'.--

1762 3691 45 18 sion
1823 3692 30 16 est
1870 3692 90 17 accordée
1976 3692 13 17 à
2003 3694 27 16 M.
2047 3694 94 16 Bauwens
2156 3693 28 19 L.,
2201 3692 45 18 chef
2263 3693 26 18 du

1763 3712 77 16 cabinet
1855 3712 26 17 du
1896 3712 97 18 ministère
2008 3714 24 17 de
2047 3713 132 18 l'Instruction
2195 3713 94 20 publique.

1784 3732 27 17 lit.
1827 3732 57 17 Louis
1900 3733 58 16 Camu
1974 3734 30 17 est
2020 3733 75 18 nommé
2112 3733 46 17 chef
2172 3733 24 17 de
2213 3734 77 17 cabinet

1763 3751 26 18 du
1802 3752 87 17 ministre
1902 3753 24 17 de
1937 3753 132 18 l'Instruction
2081 3753 95 21 publique.

1976 3780 97 19 JUSTICE

1785 3805 61 17 Ordre
1857 3805 24 16 de
1891 3805 20 17 la
1922 3806 106 18 Couronne.
2038 3814 23 5 —
2072 3807 26 16 M.
2109 3806 98 18 Bulséeret
2219 3807 27 17 R..
2259 3807 31 16 est

1762 3825 76 17 nommé
1854 3826 146 18 commandeur..

1879 3852 159 19 INSTRUCTION
2054 3853 119 19 PUBLIQUE

1784 3878 71 17 Ordres
1867 3878 112 18 nationaux.
1990 3887 25 6 —
2025 3879 125 18 Promotions.
2162 3887 24 5 —
2198 3879 80 17 Nomina-

1763 3897 57 18 tions.
1836 3906 24 5 —
1875 3899 26 16 M.
1917 3899 70 20 Joseph
2003 3900 79 20 Jongen,
2098 3898 150 21 grand-officier
2265 3899 23 17 de

1762 3918 75 17 l'Ordre
1851 3919 23 17 de
1887 3918 81 20 Léopold
1980 3920 25 17 II.

1784 3938 25 17 M.
1829 3938 60 20 Dalcq
1908 3938 47 22 Alb.,
1974 3940 135 18 commandeur
2128 3939 24 18 de
2170 3939 75 18 l'Ordre
2265 3940 23 17 ie

1762 3958 81 20 Léopold
1857 3958 26 18 n.

1783 3979 26 16 M.
1824 3979 42 16 Van
1879 3979 99 20 Dlngenen
1990 3981 24 19 J.,
2029 3979 96 20 chevalier
2138 3980 24 17 de
2175 3980 75 19 l'Ordre
2264 3980 24 16 de

1762 3998 81 20 Léopold
1856 3998 26 18 n.

1783 4019 26 17 M.
1824 4019 87 16 Controls
1923 4020 27 19 L.,
1965 4020 11 16 à
1990 4015 105 25 Jemafpes,
2109 4019 78 18 officier
2200 4020 24 17 de
2237 4020 41 17 l'Or-

1762 4038 34 17 dre
1809 4038 24 17 de
1846 4039 20 17 la
1879 4040 106 18 Couronne.

1784 4059 26 16 M.
1833 4059 77 17 Peeters
1932 4060 24 20 J.,
1980 4060 13 17 k
2015 4060 226 20 wetteren-Quatrecht,-
2258 4060 31 16 est

1761 4079 77 16 nommé
1851 4079 95 18 chevalier
1959 4080 24 17 de
1996 4081 74 18 l'Ordre
2084 4081 23 17 de
2120 4080 82 20 Léopold
2215 4080 26 17 H.

1783 4098 26 17 M.
1822 4098 71 18 Bulcke
1906 4100 27 18 E.,
1947 4099 13 18 k
1973 4100 122 20 Schaerbeek,
2110 4100 30 17 est
2153 4099 76 18 nommé
2243 4100 35 17 che-

1762 4118 60 17 valier
1836 4118 23 17 de
1872 4118 75 18 l'Ordre
1960 4120 24 18 de
1995 4121 87 20 Léopold.

1783 4138 27 17 M.
1825 4138 66 17 Alfred
1906 4139 69 21 HoIIer,
1991 4140 12 17 6
2019 4141 70 20 Eupen,
2106 4140 30 17 est
2151 4139 75 18 nommé
2242 4139 35 18 che-

1762 4158 60 17 valier
1835 4159 23 17 de
1871 4158 73 18 l'Ordre
1957 4160 23 17 de
1992 4161 20 17 la
2024 4161 106 17 Couronne.

1784 4177 48 18 Sont
1851 4180 86 16 nommés
1956 4183 25 15 ou
2000 4184 78 16 promus
2098 4180 50 17 dans
2168 4179 75 18 l'Ordre
2264 4179 23 17 de

1761 4197 81 20 Léopold
1859 4202 5 13 :

1784 4219 153 17 Grand-officier
1954 4223 6 14 :
1978 4222 24 16 M.
2019 4221 71 16 Wodon
2106 4220 62 17 Louis.

1784 4238 139 18 Commandeur
1937 4243 6 13 :
1956 4240 46 18 MM.
2015 4240 83 21 Liégeois
2110 4241 27 19 C,
2151 4240 70 16 Pcteau
2233 4239 21 17 F.
2267 4239 21 17 et

1762 4258 92 17 Huisman
1868 4259 26 17 M.
2233 4263 11 19 /
2253 4269 3 4 .

1784 4278 81 17 Officier
1882 4282 6 13 :
1903 4280 46 16 MM.
1965 4281 51 17 Colle
2030 4281 30 18 G.,
2076 4281 70 19 Jaspar
2161 4280 27 19 P.,
2203 4279 84 17 Hlssetta

1762 4297 26 19 L.,
1806 4298 103 17 Hansenne
1925 4300 24 19 J.,
1966 4301 113 20 Tlberghlen
2095 4301 29 19 A.,
2141 4300 43 17 Van
2200 4300 77 19 Langen-

1763 4317 62 18 donck
1840 4318 28 19 C,
1884 4319 79 18 Moreau
1980 4322 25 18 F.,
2023 4321 62 17 Tlhon
2101 4321 27 16 A..
2145 4320 98 17 Rousseau
2260 4320 27 16 P..

1762 4337 40 17 Brii
1815 4337 25 19 L.,
1852 4339 78 17 Aenden
1941 4340 58 18 Boom
2011 4342 26 18 L.,
2049 4340 103 17 Chautelot
2164 4340 29 19 Q.,
2205 4340 50 16 Baes
2266 4340 21 15 F.

1770 4369 5 3 -
1784 4357 99 17 Chevalier
1898 4363 6 13 :
1917 4360 46 17 MM.
1977 4361 69 17 Dauwe
2058 4361 27 19 P.,
2096 4360 97 17 Dembour
2206 4360 26 18 E.,
2246 4359 41 17 Flr-

1762 4376 33 18 ket
1811 4377 25 19 J.,
1853 4378 88 18 Frédéric
1956 4380 28 20 L.,
2000 4381 72 17 Harsin
2088 4381 27 18 P.,
2132 4379 109 19 Kluyskens
2257 4379 30 19 A-,

1762 4397 42 17 Van
1815 4397 121 22 Pottelbergh
1947 4400 29 19 R.,
1989 4401 50 17 Mme
2051 4400 79 17 Vanden
2143 4399 144 17 Ostende-Van-

1762 4416 35 17 der
1811 4417 73 18 Bracht
1899 4419 15 16 L
1926 4420 23 18 I.,
1965 4421 45 16 mm.
2026 4420 94 18 Lemaltre
2135 4420 30 18 O.,
2181 4419 66 17 Boisée
2262 4419 24 19 J.,

1762 4436 69 18 RIeder
1843 4438 26 18 L.,
1884 4438 72 18 Patron
1969 4441 27 20 P.,
2007 4442 77 16 Meesen
2096 4440 27 18 L-,
2136 4440 42 16 Van
2191 4439 52 17 Hove
2257 4439 30 18 O.,

1762 4456 89 17 Wasnalr
1867 4458 27 18 E-,
1912 4459 88 18 Demesse
2015 4461 29 18 E..
2060 4460 109 19 Boulanger
2184 4459 27 19 P.,
2229 4459 58 17 Jadin

1763 4477 27 18 A.,
1806 4476 117 19 Nokermans
1938 4480 26 18 C,
1981 4480 77 18 Calozet
2071 4480 24 18 J.,
2110 4480 62 16 Baras
2187 4479 24 19 J.,
2227 4479 61 17 Male-

1763 4499 32 14 vez
1819 4497 29 18 R.,
1874 4498 94 18 Landrieu
1990 4500 28 19 L.,
2042 4499 55 18 Mlles
2119 4498 115 18 Brendonck
2258 4499 29 18 U.,

1761 4516 88 17 Frltsché
1862 4517 27 19 E.,
1902 4518 47 18 MM.
1962 4520 74 17 Delleré
2048 4520 24 17 J..
2087 4518 117 18 Vandevelde
2219 4519 26 18 P..
2260 4518 28 17 De

1763 4536 54 17 Hoon
1831 4537 27 19 C,
1873 4537 84 18 Roosens
1970 4540 27 19 L.,
2011 4540 44 17 Blot
2068 4540 26 17 E..
2109 4539 56 18 Gohy
2179 4538 24 19 J.,
2218 4538 71 17 Camus

1762 4555 29 19 R.,
1804 4556 43 17 Van
1859 4557 117 22 Wayenberg
1988 4560 29 18 H..
2032 4559 152 17 Trolsfontaines
2196 4558 30 19 O.,
2240 4558 38 17 Bos-

1763 4576 45 18 quet
1827 4576 27 19 L..
1873 4577 84 18 Henrlon
1976 4579 35 19 L...
2021 4579 83 18 Canneel
2123 4579 24 17 J..
2167 4577 73 18 Crabbé
2260 4579 27 18 A.,

1764 4595 26 19 A.,
1808 4596 69 17 Creten
1893 4598 28 17 V..
1937 4598 64 19 Hallet
2016 4600 29 18 A..
2061 4600 27 16 De
2102 4598 149 17 Keersmaecker
2267 4599 23 18 E,

1782 4616 49 16 Sont
1844 4617 85 18 nommés
1944 4622 25 13 ou
1984 4623 77 17 promus
2077 4619 49 17 dans
2141 4618 74 17 l'Ordre
2231 4618 23 18 de
2271 4616 20 18 1'

1762 4636 100 17 Couronne
1880 4640 8 14 :

1785 4656 46 17 MM.
1848 4656 67 18 Gilson
1928 4658 30 19 G.,
1974 4659 84 18 Braecke
2073 4659 27 18 P.,
2116 4657 67 18 Minne
2196 4657 20 18 J.

1784 4676 139 18 Commandeur
1941 4682 5 12 :
1965 4679 26 16 M.
2007 4678 100 18 Vanneras
2123 4679 19 16 J.

1785 4695 80 17 OfMcier
1882 4700 6 14 :
1903 4698 46 16 MM.
1964 4699 83 20 Campus
2061 4699 26 17 F-,
2103 4698 94 18 Chlepner
2211 4697 25 19 S.,
2251 4698 30 16 De-

1763 4715 31 17 nis
1808 4716 28 17 R.,
1851 4717 102 20 Ounzburg
1967 4719 28 19 N.,
2010 4720 84 15 Neuman
2106 4718 27 18 F,
2148 4717 100 18 Olbrechts
2261 4717 30 19 R-,

1763 4734 81 18 Plumier
1861 4736 26 19 L,
1908 4737 66 18 Simon
1994 4739 27 19 C,
2043 4738 53 17 Ulrix
2117 4737 27 18 E..
2165 4738 77 17 Peeters
2262 4737 28 19 P.,

1763 4755 120 20 Asselberghs
1898 4757 26 18 E..
1940 4758 76 18 Oieters
2030 4759 24 19 J.,
2069 4757 117 18 Verschoren
2202 4757 26 19 P.,
2243 4757 38 17 Cor-

1763 4774 27 17 nil
1813 4775 28 17 O..
1862 4776 95 18 Roemana
1979 4779 25 17 E..
2028 4779 63 16 Neven
2113 4777 30 18 H..
2165 4777 74 17 Ohalon
2262 4778 26 18 A-,

1763 4795 59 16 Mmes
1834 4796 181 20 Horvath-Lechein
2027 4799 23 18 J-,
2063 4797 133 19 Draye-Devos
2208 4797 24 19 J.,
2245 4797 39 17 MM

1763 4814 83 18 Marslck
1859 4816 26 18 A.,
1901 4816 115 20 Cluysenaer
2031 4819 28 17 A.,
2074 4816 81 17 Wolfers
2169 4817 27 16 M.

1784 4835 99 17 Chevalier
1899 4839 6 13 :
1919 4837 46 17 MM.
1979 4838 27 17 De
2020 4838 53 17 Smet
2085 4837 30 18 G.,
2127 4836 60 17 Neute
2200 4837 28 18 R.,
2243 4837 47 17 Dom

1763 4854 93 17 Philibert
1879 4855 94 20 Schmidt,
1996 4858 97 19 Delpierre
2117 4856 31 18 G.,
2172 4856 119 17 Defrécheux

1763 4874 27 18 C.
1809 4875 109 19 Hacquaert
1938 4877 29 17 H..
1986 4877 99 21 Populaire
2105 4876 26 18 P..
2151 4876 96 17 Bertrand
2266 4877 23 19 J.,

1763 4894 116 17 Keukelinck
1896 4896 27 17 A..
1944 4897 62 19 Reyns
2027 4898 28 18 A..
2071 4896 45 17 Mlle
2135 4896 62 19 Herry
2216 4896 28 18 E..
2264 4897 25 16 M,

1765 4913 128 18 Vandervorst
1915 4916 24 18 J..
1964 4917 56 18 Mlles
2044 4916 79 18 Lorrain
2148 4916 32 16 M..
2205 4915 86 18 Léandre

1763 4933 23 18 J.,
1803 4934 47 17 MM.
1867 4935 76 17 Guisset
1960 4937 26 17 E..
2003 4937 42 17 Van
2062 4935 87 17 Elsiande
2166 4935 31 18 M.,
2215 4936 76 19 Ringlet

1764 4953 25 18 E..
1802 4954 75 17 Cardon
1889 4955 30 18 G-,
1931 4956 97 18 Moerman
2038 4957 27 17 A-
2078 4955 99 17 Claesseas
2188 4956 29 17 H..
2228 4956 53 16 Wam

1763 4973 55 17 bers*
1837 4974 26 17 E..
1883 4974 62 18 Blette
1964 4976 28 19 A.,
2012 4977 57 17 Artus
2086 4975 25 17 J-.
2129 4975 117 19 Meylemans
2264 4975 27 20 L.,

1763 4993 107 17 Dubuisson
1891 4995 27 18 A.,
1939 4996 47 17 MM.
2007 4995 110 20 Jacqaemln
2138 4995 28 17 A..
2187 4995 63 17 Kunel
2267 4995 18 17 J.

1763 5013 45 16 Mlle
1824 5014 39 16 Cox
1880 5014 23 17 J..
1917 5015 51 17 Mme
1984 5016 88 17 Lambert
2087 5014 31 19 H..
2134 5014 46 17 Mlle
2196 5015 85 19 Magnlet

1763 5033 20 16 te
1798 5033 27 18 E.,
1840 5034 46 16 MM.
1902 5034 78 20 Briquet
1993 5036 31 19 X.,
2040 5035 89 17 Wllmont
2144 5034 24 18 J„
2180 5034 68 17 Skivée
2263 5035 27 18 B..

1763 5052 62 17 Smets
1842 5053 28 17 H..
1886 5054 122 21 Champagne
2024 5056 26 17 E..
2066 5055 28 16 De
2108 5054 63 19 Taeye
2187 5055 26 17 A..
2230 5055 62 18 Fabry

1764 5072 26 18 E..
1812 5073 77 16 Marller
1907 5074 30 18 G..
1959 5075 94 20 Mauquoy
2074 5074 27 18 C
2122 5074 48 16 Poot
2187 5074 33 19 M.,
2241 5075 51 16 Mme

1764 5092 40 16 Van
1818 5092 49 20 Zype
1879 5093 25 19 J.,
1915 5094 47 17 MM.
1974 5095 101 19 WaUchap
2086 5094 31 18 G.,
2129 5094 55 16 Maas
2196 5094 32 19 M.,
2241 5095 50 16 Mme

1763 5112 59 17 Hoste
1841 5112 26 20 M,

1785 5132 47 16 Sont
1851 5133 84 16 nommés
1952 5134 49 18 dans
2016 5134 73 18 l'Ordre
2106 5133 24 17 de
2147 5132 81 20 Léopold
2245 5133 21 19 Q

1785 5152 80 17 Officier
1886 5156 5 13 :
1910 5154 45 16 MM.
1974 5154 28 17 De
2020 5155 71 16 Boever
2108 5153 25 19 J.,
2151 5153 28 17 De
2194 5153 52 17 Smet
2264 5153 28 19 F.,

1763 5171 76 17 Servals
1857 5172 18 17 J.
1893 5172 42 17 Van
1952 5168 88 26 Obbërgh
2056 5173 21 17 L.

1785 5191 99 17 Chevalier
1898 5196 6 13 :
1915 5193 47 17 MM.
1975 5194 53 17 Bocn
2040 5194 29 18 O,
2083 5192 57 17 Jehin
2150 5192 31 18 G.,
2194 5192 97 17 Maréchil

1763 5211 28 17 A..
1806 5211 50 17 Mme
1870 5211 129 20 Lanney-Van
2014 5212 99 18 Driersche
2127 5212 28 18 V.,
2170 5212 45 17 Mlle
2230 5212 61 17 Kerk-

1763 5230 45 17 hofs
1829 5232 26 16 A.,
1879 5232 25 16 M.
1926 5233 27 16 De
1974 5234 83 19 Saegher
2079 5233 29 17 H..
2130 5232 60 16 Mmes
2212 5232 79 20 Rigaux.

1764 5251 68 18 épouse
1849 5251 85 19 Stiénon,
1955 5253 152 17 Gevaert-Tixon
2128 5251 24 18 J.,
2172 5251 56 17 Peter
2229 5252 58 16 s-Wa-

1765 5272 38 14 tria
1822 5271 14 15 E
1844 5283 4 4 .
1871 5271 180 21 Barbette-Lejeune
2073 5272 23 18 J,
2118 5271 169 17 Lambermont-81-

1764 5290 62 18 monls
1840 5291 28 18 A.,
1883 5291 45 17 Mile
1944 5292 116 18 Bernimolln
2075 5292 31 17 M..
2122 5291 27 16 M.
2163 5290 83 17 Dehotte
2261 5291 30 18 H.,

1764 5310 44 17 Mlle
1822 5310 51 19 Bury
1886 5311 24 18 J..
1924 5312 46 16 MM.
1984 5313 50 17 Délit
2048 5312 24 17 J..
2085 5310 102 17 Kriescher
2200 5310 25 18 J„
2235 5310 57 17 Thls-

1763 5333 35 14 sen
1815 5330 25 18 J.,
1857 5330 74 17 Baland
1948 5331 29 19 V.,
1991 5331 121 18 Barthélémy
2129 5330 28 19 C,
2174 5330 71 19 Dengls
2263 5330 26 18 R.,

1764 5350 75 19 Depont
1856 5350 26 18 E..
1901 5351 45 16 Mlle
1964 5352 77 17 Polrille
2057 5351 24 17 J..
2096 5350 46 16 MM.
2160 5349 25 17 Le
2202 5350 42 19 Roy
2261 5350 28 17 G.,

1763 5370 96 19 Marcotty
1880 5370 30 18 H.,
1932 5371 77 18 Masson
2029 5372 27 18 E.,
2078 5371 28 16 De
2126 5370 54 16 Smet
2200 5369 28 19 T.,
2250 5369 42 17 Van

1763 5389 133 19 Wonterghem
1910 5390 26 18 P.,
1953 5391 102 17 Veld-man
2072 5391 20 16 A.

1786 5409 60 16 Ordre
1863 5410 23 16 de
1899 5410 20 16 la
1935 5410 105 18 Couronne.
2057 5417 23 6 —
2095 5408 116 18 Promotion.
2227 5416 22 6 —
2265 5409 25 17 M.

1764 5430 92 16 Bauwens
1873 5429 27 20 L.,
1918 5431 31 16 est
1966 5434 67 17 promu
2049 5428 154 22 grand-officier.

2314 199 224 48 RÉSULTATS
2553 208 73 38 DES
2639 209 175 39 COURSES

2449 282 124 16 DIMANCHE
2586 281 22 17 U
2620 281 72 17 AVBIL

2342 338 468 52 BOITSFORT

2330 426 16 16 I.
2361 434 21 5 —
2398 426 58 17 PEIX
2474 427 29 15 DE
2520 425 129 16 BELLE-VUE
2668 425 57 19 (6,000
2740 425 33 19 frs,
2789 426 49 17 2.200

2309 447 43 16 m.).
2371 454 23 5 —
2416 447 15 17 1.
2452 446 87 19 Legatas,
2559 445 12 16 à
2592 445 50 16 Mme
2661 445 22 16 B.
2701 445 65 19 Leens,
2786 446 53 18 19/10

2313 465 137 18 (Brackeleer);
2468 466 16 18 2.
2501 465 62 20 Mlcky
2578 465 71 19 Mouse,
2666 464 12 17 à
2694 465 50 17 Mme
2760 465 21 17 P.
2797 466 42 17 Van

2309 485 80 20 Deuren,
2407 486 41 19 13/4
2465 486 33 16 iM.
2512 485 120 17 Kerchoven)
2638 489 4 15 ;
2658 486 17 16 3.
2690 484 79 20 Rapide,
2785 484 12 18 à
2812 485 26 17 M.

2310 505 19 17 E.
2348 506 86 18 Boulvin.
2454 506 41 18 11/1
2518 504 142 19 (Vanderoost).

2331 525 41 16 Non
2390 525 63 19 placés
2476 528 5 13 :
2511 524 116 19 Malicieuse,
2659 524 41 18 11/2
2733 524 104 18 (Shifner).

2309 545 59 17 Reine
2384 545 59 20 Lowe,
2460 545 41 18 17/4
2520 548 3 10 <
2529 545 91 18 Denaigrc
2624 549 14 12 t.

2331 564 32 18 3/4
2376 564 58 20 long.;
2449 565 33 18 3/4
2494 564 51 19 long.

2330 585 69 18 Pesage
2416 588 5 12 :
2438 584 54 19 12.50.
2505 584 45 17 7.30;
2565 584 46 17 8-—.

2331 604 77 17 Pelouse
2425 607 6 13 :
2448 604 26 17 11.
2475 612 22 4 —
2497 616 6 7 ,
2517 604 18 17 9.
2535 612 23 4 —
2559 607 5 14 ;
2579 604 18 16 9.
2597 611 23 5 —
2619 615 7 6 .

2329 631 22 15 II.
2369 638 24 5 —
2409 630 59 17 PRIX
2484 630 31 16 DE
2533 629 218 17 MONT-SAINT-JEAN
2771 629 68 18 (19.000

2306 650 31 18 fr..
2349 651 50 17 2,200
2412 652 42 14 m.l.
2468 658 21 4 —
2505 650 15 16 1.
2534 650 76 18 Altona,
2622 649 12 16 à
2647 650 26 16 M.
2687 650 21 16 F.
2722 650 25 17 du
2761 649 41 19 Roy
2815 649 23 16 de

2306 671 82 18 Blicquy.
2401 671 33 17 4/0
2447 670 104 18 (Merckx);
2564 670 16 16 2.
2593 669 138 19 PeUrionium.
2743 669 12 17 k
2767 669 26 17 M.
2804 669 35 17 Ed.

2306 690 86 18 Boulvin.
2405 690 32 19 5/2
2452 690 121 19 (Denalgre);
2587 690 17 16 3.
2617 689 73 20 Kazak,
2703 689 12 17 à
2727 689 27 17 M.
2764 689 21 17 F.
2797 689 42 17 Van

2306 710 52 19 Brée,
2372 710 32 19 5/1
2421 710 136 17 iBrackeleer).

2327 730 41 17 Non
2388 730 64 20 placés
2471 733 5 14 :
2495 730 68 19 Rotllt,
2581 729 42 19 14/1
2641 729 120 19 (Palllaua):
2781 729 55 16 Billt-

2307 754 40 15 coq,
2363 750 43 18 40/1
2425 751 88 17 (Evans);
2531 750 97 20 Satyrlon,
2645 749 32 20 5/3
2695 750 144 18 (Vanderoost).

2328 772 10 15 5
2350 770 57 19 long.;
2421 771 11 16 6
2444 770 49 19 long.

2328 791 70 18 Pesage
2412 794 5 12 :
2433 791 45 19 8.—,
2492 790 45 17 8.50;
2553 790 45 17 8.50.

2328 810 78 17 Pelouse
2420 815 6 12 :
2441 810 26 17 11.
2467 818 23 5 —
2490 822 5 7 ,
2508 810 47 18 6.—;
2569 811 46 17 8.—.

2332 836 32 16 m.
2381 844 22 4 —
2418 836 59 17 PRIX
2492 836 33 17 DU
2541 836 163 17 BEAU-SEJOUR
2720 836 68 17 (30.000
2805 835 34 19 frs,

2310 855 50 17 2.100
2377 856 42 17 m.).
2437 864 23 4 —
2476 856 16 16 1.
2507 855 80 21 Teltale,
2604 856 12 16 1
2633 856 26 17 M.
2677 856 18 16 J.
2713 855 78 19 Quayle.
2808 856 33 18 4/8

2312 876 95 17 (Carter);
2425 875 17 16 2.
2463 875 38 20 Cir,
2521 876 11 15 à
2553 876 27 15 M.
2600 875 35 17 Ch.
2657 876 129 18 K'.elnerman,
2808 875 31 18 3/1

2313 895 120 19 (Denalgre);
2448 895 17 17 3.
2480 896 36 16 Roi
2530 895 63 19 Soleil,
2608 896 12 15 à
2634 896 25 16 M.
2673 896 20 16 E.
2706 896 87 18 Boumn,
2808 896 31 16 8/1

2311 914 87 18 (Shifner
2401 917 14 16 t.

2331 935 42 16 Non
2390 933 63 22 placés
2470 938 6 13 :
2491 934 98 19 L'Eridan.
2607 935 41 19 12/1
2668 935 84 20 (Speer);
2769 934 69 18 Orlan-

2309 954 46 18 dlnl.
2370 954 31 16 3/1
2417 954 81 18 fPratt).

2330 974 71 16 Courte
2416 977 49 13 enc.:
2482 974 10 16 3
2507 974 50 19 long.

2331 994 70 19 Pesage
2418 998 6 13 :
2440 994 44 19 8.10.
2499 994 45 17 850;
2559 994 45 17 7.90.

2331 1014 78 17 Pelouse
2426 1017 6 13 :
2446 1014 44 19 8.10,
2503 1014 47 18 6.—;
2565 1013 46 19 7.50.

2329 1039 31 17 IV.
2380 1047 23 5 —
2422 1039 60 17 PRIX
2500 1039 192 17 SAINTE-GCDUUK
2715 1039 68 18 (50.000
2804 1040 34 17 fr».

2308 1059 50 21 2,700
2371 1060 44 17 m).
2427 1067 23 5 —
2466 1060 15 16 1.
2495 1059 42 18 Sire
2551 1060 116 19 d'IIalewyn.
2682 1060 11 15 à
2708 1059 27 17 M.
2749 1060 24 15 H.
2790 1060 38 19 Cop-

2309 1083 38 14 pez.
2369 1080 33 17 2/7
2424 1079 92 19 (Morjau)
2521 1082 5 13 :
2548 1080 17 16 2.
2587 1079 68 17 Luron,
2675 1079 12 16 à
2708 1079 26 16 M.
2755 1079 21 18 F.
2797 1079 42 17 Van

2307 1099 54 21 Brée.
2382 1100 32 18 8/1
2439 1099 138 18 (Brackeleer);
2599 1099 18 17 3.
2636 1099 84 19 Hasard,
2740 1099 12 17 à
2773 1099 26 18 M.
2818 1100 19 15 P.

2308 1119 108 20 Klelnberg.
2431 1119 32 19 8/1
2481 1119 29 17 (E.
2525 1119 64 17 Ellis)!

2330 1140 42 16 Non
2389 1139 54 20 placé
2462 1143 5 13 :
2484 1139 64 19 Junia,
2565 1139 41 19 11/1
2626 1139 119 19 (Denalgre*.

2330 1160 11 16 2
2353 1160 59 19 long.;
2427 1160 11 16 2
2451 1159 51 20 long.

2330 1180 70 19 Pesage
2415 1183 6 13 :
2435 1179 45 20 5.50.
2493 1178 47 19 8.10;
2557 1178 54 18 10.W.

2330 1199 79 17 Pelouse
2424 1203 5 12 :
2445 1199 44 19 8—,
2504 1198 45 19 5.50;
2562 1200 47 17 9.—.

2329 1225 23 17 V.
2369 1233 24 5 —
2409 1225 60 17 FRIX
2489 1225 44 17 DES
2554 1224 138 17 ECLAIRCIES
2716 1225 5 13 f
2725 1224 58 17 10.000
2804 1224 34 17 fra.

2308 1245 11 16 3
2326 1246 32 16 400
2373 1246 43 17 m.l.
2431 1253 24 5 —
2468 1245 16 18 1.
2501 1245 97 19 Cinglant,
2615 1244 12 17 à
2642 1245 40 17 Mrs
2698 1244 20 17 P.
2734 1244 56 19 Levy,
2807 1244 30 17 8/1

2311 1265 112 19 (Deboodt);
2443 1266 17 16 3.
2481 1264 92 17 Fouatelll
2592 1264 71 19 Pacha,
2683 1264 12 16 i
2714 1264 27 17 M.
2759 1264 21 17 F.
2797 1264 42 17 Van

2308 1285 54 19 Brée,
2381 1286 42 17 11/4
2443 1284 139 18 iBrackeleer);
2600 1284 17 17 3.
2633 1284 25 17 Le
2676 1283 92 21 Shlmmy,
2786 1283 12 18 à
2812 1284 26 17 M.

2309 1305 20 17 E.
2342 1305 87 20 Boulrln,
2443 1305 32 19 5/1
2490 1304 120 20 (Denalgre).

2331 1325 42 16 Non
2390 1325 64 19 placés
2470 1328 7 14 :
2494 1324 114 19 Llndbergh.
2626 1324 31 22 7/1
2676 1323 103 20 (Morjau);
2796 1323 34 17 Flo-

2309 1348 38 13 wer
2360 1345 47 17 Glrl.
2421 1345 32 18 3/1
2470 1345 82 17 (Pratt);
2566 1343 94 20 Phrynéa,
2675 1343 42 19 1S/3
2733 1343 85 19 (Baest).

2334 1365 8 16 1
2355 1365 9 15 2
2378 1365 58 18 long.;
2450 1365 10 16 3
2475 1365 31 19 1/3
2519 1364 51 20 long.

2332 1385 70 19 Pesage
2420 1388 5 13 :
2441 1385 55 18 42.50.
2512 1384 56 19 19-50;
2584 1384 46 17 9.—.

2332 1404 79 18 Pelouse
2427 1408 6 13 :
2447 1404 27 17 52.
2474 1413 24 4 —
2497 1419 6 6 .
2519 1404 56 19 17.—;
2590 1405 16 15 8.
2606 1412 24 6 —
2629 1416 6 6 .

2331 1431 30 15 VI.
2382 1438 24 5 —
2425 1431 60 17 FRIX
2505 1431 34 16 DU
2560 1429 134 18 CHATELAIN
2718 1429 68 19 (11,000
2807 1429 32 19 fr..

2309 1450 50 18 2.200
2372 1452 43 15 n.l.
2429 1459 23 4 —
2466 1451 16 16 1.
2495 1451 64 16 Jnana
2574 1451 93 17 d'Amore,
2681 1450 12 17 ft
2707 1451 27 16 M.
2746 1450 28 17 M.
2787 1450 42 17 Bau-

2310 1474 56 15 wens,
2389 1471 75 17 185/100
2487 1472 84 18 (Speer):
2593 1471 17 16 2.
2633 1471 51 18 Kyra
2706 1470 100 20 Kyrallna,
2828 1470 12 16 ft

2310 1492 25 16 M.
2346 1492 18 15 J.
2375 1491 170 19 Verheyleweghen
2562 1491 32 18 9/4
2609 1491 27 17 (8.
2647 1491 65 18 Ellis);
2723 1490 17 18 S.
2752 1490 87 21 Daphné,

2310 1511 12 16 à
2337 1512 26 15 M.
2378 1511 54 17 Edm.
2447 1511 86 18 Boulvin.
2550 1511 32 19 9/1
2602 1511 119 19 (Denalgre).

2331 1530 42 17 Non
2392 1531 54 19 placé
2467 1535 6 13 :
2493 1532 65 19 Queen
2577 1532 57 19 Rosa,
2654 1531 32 19 9/2
2708 1531 28 20 (E.
2755 1530 63 19 Ellis).

2332 1551 11 15 2
2360 1551 58 19 long.;
2436 1551 11 16 2
2466 1551 30 19 1/2
2513 1552 108 19 longueurs.

2332 1571 71 19 Pesage
2424 1575 6 13 :
2452 1572 54 19 13.—,
2527 1572 45 16 6.50:
2594 1572 45 17 6.50.

2333 1591 78 17 Pelouse
2432 1594 7 14 ;
2459 1591 56 21 20.—,
2536 1592 46 19 7.50;
2604 1592 46 17 7.50.

2347 1659 104 47 BOIS
2474 1660 59 47 DE
2556 1659 255 50 BOULOGNE

2335 1757 16 19 I.
2371 1766 23 5 —
2412 1758 59 17 PRIX
2490 1758 31 16 DE
2541 1758 118 17 CIIAILLOT
2682 1757 57 19 (8.000
2759 1758 33 18 frs.
2813 1757 33 17 900

2314 1780 43 15 m.).
2377 1787 23 4 —
2419 1779 15 16 i.
2454 1778 42 17 Pull
2515 1778 56 19 Over,
2590 1777 12 17 ft
2621 1778 27 16 M.
2665 1777 66 17 James
2747 1775 99 22 Hennessy

2317 1798 102 17 (Robson):
2437 1798 16 17 2.
2471 1798 60 19 Gipsy
2548 1798 71 20 Queen.
2637 1798 12 16 ft
2665 1798 27 16 M.
2708 1798 21 16 E.
2746 1798 95 18 Ounnlng-

2315 1817 33 17 ton
2368 1818 29 17 (C.
2410 1818 107 19 Bouillon);
2532 1818 17 18 3.
2565 1818 71 16 Martin
2639 1821 16 17 v,
2671 1821 26 14 au
2712 1817 61 17 baron
2789 1817 23 17 de
2826 1817 19 17 la

2314 1837 78 18 Bastide
2410 1838 98 18 'Vatard).

2337 1857 41 17 Non
2393 1858 63 19 placés
2471 1861 6 14 ;
2492 1858 36 16 Art
2542 1858 91 16 Militaire
2650 1857 143 18 (Valxelflsch);
2808 1857 29 16 Ro-

2315 1877 34 17 che
2368 1878 55 16 Grise
2444 1878 29 18 IR.
2493 1877 89 18 Brethés)
2587 1881 7 16 ;
2614 1877 86 17 Rutland
2719 1878 39 19 Ar..
2778 1877 59 19 Brtdg

2314 1896 64 18 land);
2397 1898 53 16 Liarl
2471 1898 109 17 (Sautour):
2610 1897 92 17 Rainbow
2734 1897 100 17 (Semblât)

2315 1917 89 18 Katusha
2420 1918 135 19 (Tbompson):
2569 1918 49 16 Shut
2632 1918 30 19 Up
2678 1917 106 20 (Leplnte);
2798 1917 48 17 Che-

2315 1940 66 15 vieuse
2399 1937 131 19 (Woodland);
2546 1937 83 17 Disraeli
2647 1938 91 19 (Fortin).

2339 1957 30 18 1/2
2384 1957 59 19 long.;
2459 1961 49 15 enc.;
2524 1958 11 16 2
2550 1958 31 17 1/2
2595 1957 51 20 long.

2337 1977 74 17 Mutuel
2429 1981 6 12 :
2452 1978 59 18 62.->
2523 1977 56 19 17.50;
2598 1977 56 19 10.50;
2670 1978 56 18 19.—.

2337 2003 25 17 U.
2376 2012 23 5 —
2411 2003 60 17 PRIX
2482 2004 45 17 DES
2539 2004 174 16 MARRONNIERS
2730 2003 68 19 (15.000
2812 2003 33 18 frs,

2317 2023 48 18 1.800
2380 2024 42 17 m.).
2437 2033 22 4 —
2475 2024 15 16 1.
2505 2024 50 16 Pons
2570 2023 80 20 Legend,
2666 2023 12 17 ft
2691 2024 26 16 M.
2733 2024 21 16 A.
2768 2023 79 17 Scfawob

2318 2043 115 17 (Rochettl);
2452 2044 17 16 2.
2487 2043 86 19 Bézique,
2592 2044 12 16 ft
2620 2043 52 20 Lady
2689 2043 90 17 Granard
2800 2043 37 17 (Du-

2316 2063 71 19 rerez);
2403 2064 17 16 3.
2433 2063 56 17 Férid
2511 2063 12 17 ft
2536 2064 26 17 M.
2577 2064 24 17 G.
2617 2063 124 17 Wlldensteln
2758 2063 80 19 (Rabbe)

2337 2083 41 16 Non
2392 2083 64 19 placés
2471 2087 6 13 :
2490 2082 92 20 Epicurus
2597 2083 111 17 (Semblât);
2723 2082 66 20 Rallye
2803 2084 39 15 Pul-

2316 2106 45 16 saye
2379 2103 99 18 (Vatard);
2495 2103 62 17 Silver
2571 2103 45 16 Bow
2633 2102 85 19 (Féger);
2734 2103 41 17 The
2789 2103 58 17 Sbelk

2318 2123 91 19 (Lynch);
2425 2124 117 16 Kancaneur
2557 2122 88 20 (Hervé);
2661 2123 66 16 Rallus
2745 2123 100 18 (Hatton);

2315 2143 87 19 Patagon
2423 2143 27 18 (E.
2468 2143 98 18 Durand);
2584 2143 25 19 Le
2625 2143 71 17 Parthe
2716 2142 122 19 (Johnstone)

2338 2163 71 16 Courte
2423 2162 48 20 tête;
2487 2163 9 16 1
2513 2161 31 20 1/2
2556 2162 59 20 long.;
2631 2163 11 17 3
2657 2163 50 19 long.

2335 2183 75 16 Mutuel
2424 2186 6 13 :
2446 2183 56 20 94.50.
2516 2183 59 19 29.—;
2590 2183 56 19 11.—;
2663 2183 54 18 17.50.

2338 2209 34 15 m.
2390 2217 23 5 —
2429 2209 59 16 PRIX
2504 2210 32 16 DE
2551 2209 91 17 LCTECE
2660 2209 30 17 (20
2696 2209 33 16 000
2746 2208 35 21 frs,
2798 2209 49 19 2.600

2316 2229 43 17 m.).
2373 2237 23 5 —
2412 2229 15 16 1.
2441 2229 53 19 Trop
2508 2229 71 20 Pressé,
2595 2229 12 17 ft
2621 2229 28 17 M.
2661 2229 23 17 R.
2698 2229 70 17 Slbllat
2786 2229 51 17 (Sem-

2315 2248 59 18 blât):
2390 2249 17 17 2.
2421 2248 83 20 8ilva.no,
2518 2249 12 17 ft
2542 2249 26 16 M.
2581 2249 23 16 R.
2618 2249 72 17 Lazard
2708 2254 3 7 •
2716 2249 79 16 Brethés
2799 2254 15 15 r,
2829 2250 15 17 3.

2315 2268 118 20 L'Zndlgéne.
2448 2269 12 16 ft
2472 2269 50 17 Mme
2537 2268 126 20 Fockenberg.
2680 2269 85 18 (Rervet.

2338 2288 42 16 Non
2396 2288 64 20 placés
2477 2292 5 13 :
2499 2288 47 17 Blue
2561 2289 40 16 Roc
2618 2289 105 18 (Rochettl)
2729 2292 5 16 ;
2750 2289 96 17 Metchou)

2319 2308 98 17 (Maucau)
2422 2312 5 13 ;
2447 2308 87 17 Vasistas
2557 2308 80 19 (Rabbe)
2642 2312 5 16 ;
2667 2309 68 17 Manet
2753 2309 20 17 II
2793 2309 44 19 (Pec-

2315 2329 79 18 queux);
2408 2328 101 20 Dellghted
2525 2328 106 20 (Sibbritt).

2337 2350 11 14 a
2361 2348 58 19 long.;
2435 2349 67 16 courte
2515 2352 49 15 enc;
2581 2349 46 18 tête.

2337 2368 74 17 Mutuel
2429 2371 6 14 :
2452 2368 54 19 14.50,
2522 2369 46 19 6.50;
2585 2368 56 18 10.—;
2658 2368 55 20 H.—.

2338 2394 31 17 IV.
2384 2403 22 4 —
2421 2394 59 17 PRIX
2495 2395 95 16 D'AVRIL
2607 2395 69 19 (15.000
2691 2395 34 19 frs,
2739 2395 50 19 2,200
2802 2397 34 17 m.)

2316 2422 22 5 —
2349 2414 16 18 1.
2376 2414 93 19 Belarlus,
2483 2414 12 17 ft
2508 2415 26 17 M.
2545 2416 18 16 J.
2574 2415 58 16 Stern
2646 2415 108 18 (Dufores);
2767 2416 17 16 3.
2796 2416 45 17 Fou-

2315 2434 72 18 laubln.
2411 2434 12 17 ft
2443 2435 26 16 M.
2492 2435 24 17 H.
2539 2434 81 17 Randon
2646 2435 100 17 (Semblât)
2751 2440 6 12 :
2781 2435 17 18 S.
2820 2436 25 17 Le

2316 2454 96 20 Chelrghl.
2428 2455 12 16 ft
2454 2455 27 16 M.
2496 2455 22 16 R.
2533 2454 59 20 Leroy
2608 2455 142 18 (Valxelfisch).

2337 2474 42 16 Non
2394 2474 63 19 placés
2471 2478 6 13 :
2493 2474 66 17 Nilson
2577 2475 99 17 (Vatard):
2693 2475 82 17 Comet's
2788 2475 56 20 Light

2318 2494 78 16 (Goldin
2399 2495 5 15 )
2410 2498 5 14 ;
2437 2495 61 16 Antar
2519 2497 5 13 (
2527 2494 95 18 Bouillon)
2627 2498 6 15 ;
2652 2495 83 17 Foxidor
2757 2495 77 19 (Hervé)
2838 2499 5 13 :

2315 2514 67 17 Rosier
2400 2514 91 18 (Rabbe):
2506 2515 132 17 Pormutérus
2654 2515 116 19 (Rochettl);
2785 2515 59 20 Quick

2318 2534 132 19 (Johnstone);
2467 2534 107 17 Grenadier
2589 2534 20 17 II
2628 2535 97 20 (Dupuit).

2339 2554 31 18 1/2
2384 2553 51 21 long.
2454 2555 11 15 2
2479 2554 59 20 long,;
2555 2555 8 16 I
2578 2554 51 20 long.

2336 2574 74 17 Mutuel
2425 2578 5 12 :
2446 2574 55 18 60.50.
2516 2574 58 19 33.30;
2589 2575 57 17 34.—:
2662 2575 55 17 31.—.

2336 2600 23 18 V.
2377 2609 24 5 —
2415 2601 59 16 PRIX
2494 2601 140 17 GREFFULHE
2656 2601 68 20 (40,000
2742 2601 34 20 frs,
2795 2602 51 18 3.100

2314 2621 43 17 m.).
2370 2628 23 5 —
2407 2621 16 17 1.
2437 2620 114 19 Maravédis.
2566 2621 12 17 ft
2591 2621 27 17 M.
2632 2621 23 18 H.
2669 2622 100 19 Ternynck
2785 2622 49 17 (Rab-

2314 2640 41 17 be);
2368 2643 17 15 2.
2398 2641 43 18 Mas
2453 2640 103 20 d'Antibes.
2570 2641 12 17 ft
2594 2642 21 16 la
2626 2642 96 18 princesse
2733 2642 40 19 Aga
2785 2642 58 17 Khan

2317 2659 88 20 (Hervé);
2418 2662 17 17 3.
2450 2661 110 20 Antlochus,
2575 2661 12 16 ft
2601 2661 26 16 M.
2641 2661 26 17 M.
2682 2662 83 17 Boussac
2783 2662 50 18 (Sem-

2314 2679 58 20 blât).

2336 2700 42 16 Non
2395 2700 63 19 placés
2476 2704 7 13 :
2498 2700 26 17 Le
2538 2700 81 20 Magnat
2638 2701 103 19 (Robson);
2757 2701 82 20 Oaphar-

2313 2723 59 13 naum
2392 2720 88 20 (Dupuit)
2485 2724 6 14 ;
2520 2721 77 16 Boucan
2631 2721 97 16 (Dufores)
2734 2724 5 15 ;
2759 2722 83 15 Revend!

2319 2740 44 15 (Bre
2365 2739 42 17 thés
2410 2742 4 12 i
2420 2743 6 16 ;
2453 2740 51 18 Q-xai
2528 2739 83 20 d'Orsay
2641 2741 105 18 (Rochettl)
2751 2744 6 15 :
2779 2741 65 17 Jlehan

2316 2760 99 17 (Vatard):
2431 2760 100 17 Garbenzo
2547 2760 99 19 (Hatton);
2662 2760 72 17 Viviers
2751 2761 90 20 (Keoghi.

2335 2780 32 17 3/4
2379 2779 58 19 long.;
2452 2780 31 16 1/2
2496 2779 59 19 long.;
2568 2780 11 16 3
2591 2780 51 19 long.

2335 2799 72 17 Mutuel
2427 2803 6 13 :
2452 2800 55 18 25.50.
2524 2800 47 16 9.—:
2588 2800 47 17 9.—;
2653 2799 55 18 14.—.

2334 2825 31 16 VL
2381 2833 23 5 —
2418 2825 60 17 PRIX
2493 2826 31 16 DE
2538 2826 29 17 LA
2583 2825 122 17 JONCHERE
2723 2826 68 18 (40.000
2806 2827 34 19 frs,

2314 2845 49 17 1.400
2376 2845 43 18 m.).
2434 2853 22 5 —
2471 2845 15 16 1.
2501 2845 90 18 Rodosto.
2606 2845 12 16 ft
2631 2844 20 17 la
2666 2846 94 18 prinœsse
2775 2846 24 17 de
2812 2847 29 16 P.-

2313 2865 82 19 Luclnge
2416 2864 106 18 (Brethés);
2540 2865 17 16 2.
2575 2864 78 19 Quartz,
2669 2864 12 17 fc
2698 2865 26 17 M.
2743 2866 20 17 P.
2781 2866 62 17 Wert-

2313 2884 74 17 heimer
2405 2884 134 19 (Johnstone);
2559 2884 16 16 3.
2594 2885 26 16 Le
2637 2884 87 20 Cacique,
2743 2888 13 14 a
2775 2886 26 16 M.
2819 2886 24 16 R.

2313 2903 75 18 Fouard
2407 2904 89 17 (Rabbe).

2334 2924 42 17 Non
2391 2924 63 19 placés
2471 2927 5 13 :
2493 2923 115 17 Vénération
2627 2924 113 20 (Bouillon);
2754 2924 25 18 Le
2794 2925 39 17 Cen

2313 2943 56 17 taure
2388 2943 108 19 (Lavlalle).

2336 2964 9 16 1
2361 2964 31 17 1/2
2406 2963 58 20 long.:
2480 2964 11 16 3
2506 2964 31 17 1/3
2549 2963 58 19 long.;
2623 2962 46 19 tête.

2332 2984 74 17 Mutuel
2423 2987 5 13 :
2442 2983 45 20 9.50.
2502 2984 46 17 6—;
2563 2983 40 17 T.—
2603 2994 6 5 .

2333 3009 41 17 VTT.
2391 3018 23 4 —
2428 3009 60 16 PRIX
2504 3009 31 16 DE
2551 3009 30 16 LA
2595 3009 74 17 REINE
2685 3009 158 17 MARGUERITE

2315 3030 68 17 (20.000
2395 3029 31 17 fr..
2438 3029 50 16 3.300
2499 3030 44 17 m.).
2554 3038 23 4 —
2589 3029 16 16 1.
2617 3029 110 17 Somervllle
2745 3029 13 17 fc
2768 3030 28 17 M.
2807 3031 28 16 Ca-

2311 3049 52 16 mille
2379 3049 78 16 Boulier
2476 3049 128 18 iVillecourt);
2620 3049 18 16 3.
2652 3049 75 19 Broom,
2744 3053 25 13 au
2783 3053 55 17 marq

2311 3068 24 17 de
2348 3068 60 17 Llano
2423 3068 99 19 (Vatard);
2537 3068 17 17 3.
2567 3068 93 20 Orphlno,
2673 3069 13 16 à
2698 3070 26 16 M.
2737 3069 51 17 Léon
2800 3070 44 17 Vol-

2312 3089 52 16 terra
2381 3088 129 19 (Brldgland).
2816 3098 5 9 ,

2333 3108 41 16 Non
2391 3108 64 20 placés
2473 3112 5 12 :
2494 3108 27 16 La
2537 3108 120 20 Bourrasque
2676 3108 106 19 'Dufore»),
2798 3109 47 17 Lalo

2314 3127 109 19 (Semblât).
2443 3128 65 17 Baron
2528 3128 66 17 d'Urfé
2622 3128 114 19 (Delaurle).
2761 3129 84 17 Yamato

2314 3147 94 20 (Emiser),
2428 3148 46 17 Star
2493 3148 52 16 Shell
2568 3148 112 19 (BooUlon),
2700 3149 76 20 Grlszly
2795 3149 48 17 Bear

2315 3168 122 18 (Perqueux),
2459 3167 81 17 Fifrelln
2565 3168 96 20 (Dupuit),
2683 3168 91 19 Kouyrou
2799 3169 37 17 (Ro-

2311 3186 78 20 chettl).
2410 3187 77 17 Jéricho
2511 3187 105 18 (Sibbritt).
2635 3187 119 19 Arbalétrier
2772 3188 63 18 Pelât)

2310 3206 76 18 Rahere
2400 3207 133 19 (Thompson).
2545 3208 41 16 Duc
2597 3207 82 21 d'Anjou
2694 3208 84 19 (Pavée),
2787 3208 58 17 Louis

2312 3227 95 18 Quatorze
2422 3227 105 16 "TourniéV

2336 3247 7 15 I
2350 3246 16 16 '2
2381 3246 44 20 long
2435 3251 4 12 :
2455 3247 31 17 3/4
2501 3247 58 19 long.;
2575 3247 32 19 1/3
2621 3247 51 20 long.

2333 3266 74 16 Mutnel
2424 3269 6 13 :
2447 3266 55 19 13.50,
2521 3267 56 18 15.—;
2595 3267 57 19 16.50;
2669 3266 23 17 38
2724 3279 6 6 .

2341 3329 480 50 GROENENDAEL

2427 3429 61 18 Lundi
2501 3430 22 16 16
2537 3431 54 18 avril,
2605 3430 13 17 &
2631 3430 23 17 14
2667 3429 20 18 h.
2701 3430 28 17 19.

2344 3503 197 28 PROGRAMME
2557 3503 39 29 ET
2613 3502 201 29 PRONOSTICS

2314 3575 58 16 PRIX
2384 3575 31 16 DE
2428 3575 29 16 LA
2470 3573 132 17 MONTAGNE
2619 3574 67 19 (13,000
2699 3573 32 20 fr..
2746 3573 49 20 1,800
2807 3578 20 13 m
2834 3575 7 18 )

2313 3601 53 16 Edm.
2382 3597 88 19 Boulvin'

2313 3620 24 16 H.
2354 3620 74 19 Coppez

2314 3640 21 16 F.
2348 3640 43 16 Van
2404 3638 49 18 Brée

2314 3660 51 16 Mme
2378 3659 23 16 B.
2414 3659 60 15 Leens

2314 3679 18 16 J.
2345 3677 44 18 Van
2403 3677 60 18 Stalle

2314 3699 18 16 J.
2346 3698 43 17 Van
2403 3697 61 17 Stalle

2314 3718 66 16 Comte
2395 3717 70 18 Cornet
2479 3716 23 17 de
2517 3716 56 19 Ways

2314 3737 36 17 Jhr
2366 3737 21 17 C.
2402 3736 93 20 Repelaer

2314 3757 35 17 Pn.
2366 3757 28 16 De
2412 3756 59 17 Oroel

2314 3777 40 17 Mrs
2368 3776 21 17 P.
2403 3775 49 20 Lévy

2314 3797 51 16 Mme
2378 3796 22 16 B.
2414 3796 60 16 Leens

2314 3816 24 17 H.
2355 3816 74 19 Coppez

2584 3599 10 15 3
2605 3598 60 17 Athoa

2584 3618 12 17 3
2606 3618 55 17 Galle
2674 3618 49 17 Face
2813 3618 31 19 531

2583 3638 11 16 3
2605 3638 84 16 Coroner
2813 3639 31 18 84)

2583 3657 11 16 3
2605 3657 91 17 Gourdon
2814 3659 30 16 541

2584 3677 10 16 3
2605 3677 160 18 Rembembrance
2782 3689 20 6 ...
2813 3677 32 19 541

2584 3696 10 16 3
2605 3697 82 18 Joyeuse
2813 3697 22 17 54

2584 3716 9 15 3
2604 3716 77 17 Plaméo
2813 3716 22 18 53

2584 3736 10 16 3
2605 3736 89 17 BrlmfuU
2813 3736 21 17 53

2584 3755 10 16 S
2604 3755 91 22 Patroyal
2813 3755 22 17 58

2584 3775 10 14 s
2605 3774 104 18 Némélowe
2813 3775 22 17 SS

2583 3794 10 16 3
2603 3794 75 18 Oulnée
2807 3792 37 21 *31

2584 3814 11 17 3
2606 3814 61 17 Route
2679 3814 26 17 du
2717 3814 52 17 Nord
2782 3825 19 6 ...
2812 3814 31 18 531

2334 3842 52 17 Nous
2402 3841 102 20 désignons
2520 3844 6 13 :
2542 3840 96 18 BrlmfuU;
2654 3840 56 17 Galle
2726 3841 56 17 Face.

2350 3874 59 17 PRIX
2424 3874 44 16 DES
2483 3873 101 17 ROSIERS
2603 3874 57 18 (5.000
2675 3873 32 20 fr.,
2722 3874 33 17 900
2770 3874 34 19 m.)

2316 3902 24 18 (A
2350 3900 70 18 vendre
2433 3903 37 14 aux
2481 3899 105 19 enchères.)
2599 3899 36 18 Les
2647 3900 85 16 chevaux
2743 3903 25 14 ne
2777 3900 67 17 seront

2334 3924 36 17 pas
2383 3920 12 17 ft
2408 3919 92 18 réclamer
2511 3919 61 17 avant
2583 3919 20 17 la
2615 3922 73 14 course.

2314 3946 19 17 F.
2349 3946 42 16 Van
2404 3945 48 17 Brée

2314 3966 23 16 R.
2349 3965 65 17 Visart
2425 3964 24 17 do
2461 3963 111 18 Bocarme...

2314 3985 66 17 Comte
2395 3984 70 16 Cornet
2480 3983 23 16 de
2517 3983 56 19 Ways

2315 4005 20 18 F,
2348 4004 25 17 du
2385 4004 41 19 Roy
2438 4002 23 18 de
2473 4002 99 20 BUcquy...

2312 4025 23 16 R.
2348 4023 94 17 peellaert

2312 4044 27 16 M.
2356 4042 93 17 Bauwens

2314 4063 18 17 J.
2346 4063 43 16 Van
2403 4061 60 18 Stalle

2313 4083 18 16 J.
2346 4080 171 21 verheyleweghen

2313 4102 24 16 G.
2353 4100 120 18 Parmentier

2314 4122 20 16 F.
2350 4122 47 16 Rom

2313 4142 23 16 O.
2347 4140 96 17 Lambeau
2538 4150 33 6 .....

2313 4161 20 16 P.
2350 4159 55 18 Lorie
2523 4169 13 10 v

2314 4180 51 16 Edm.
2381 4178 82 17 Boulvin

2313 4200 23 16 P,.
2351 4199 68 19 GUbey
2545 4208 31 7 -...

2584 3944 11 16 3
2605 3944 81 19 Thymol
2773 3944 40 19 30.0
2823 3944 21 17 57

2584 3963 11 17 3
2606 3963 31 17 Sir
2648 3964 61 18 Aston
2773 3964 39 19 30,0
2823 3964 20 16 57

2584 3983 11 16 2
2606 3983 98 19 Sofogène'
2773 3983 40 19 30,0
2823 3983 20 16 67

2584 4003 11 15 2
2606 4003 78 19 Galway
2773 4003 39 19 20,0
2823 4003 21 16 57

2584 4022 10 16 2
2604 4022 73 19 Régate
2773 4021 40 20 20,0
2823 4022 21 16 56

2584 4042 10 16 3
2605 4041 103 18 Donatella
2772 4042 40 18 30,0
2823 4042 21 16 56

2584 4061 11 16 3
2606 4061 144 17 Caracoleuse...
2773 4061 40 20 30,0
2823 4061 21 16 56

2584 4081 10 15 2
2605 4081 69 17 Maeva
2773 4080 39 19 20.0
2822 4080 22 17 58

2584 4100 10 16 2
2605 4100 63 19 Scylla
2773 4100 39 18 30,0
2822 4100 22 16 56

2584 4120 10 16 3
2605 4119 72 17 Crlstef
2773 4119 39 19 30,0
2823 4120 21 15 :6

2584 4139 10 16 3
2605 4139 91 17 Rondelle
2773 4138 39 19 20,0
2823 4139 21 16 56

2584 4159 11 16 2
2605 4158 78 18 Cabane
2772 4158 40 19 30,0
2823 4158 21 17 56

2583 4178 11 16 3
2605 4178 78 16 Suarlée
2772 4177 39 19 30,0
2822 4178 21 16 56

2583 4198 11 16 2
2604 4197 72 17 Hardie
2694 4209 62 6 .........
2772 4196 39 20 30.0
2822 4197 22 17 56

2333 4225 52 17 Nous
2405 4224 102 20 désignons
2528 4226 8 15 :
2556 4223 87 21 Galway;
2664 4223 79 20 Régate.

2311 4257 60 17 PRIX
2386 4257 32 17 DE
2435 4256 154 17 L'EXPANSION
2608 4256 68 20 (15,000
2693 4256 31 20 fr..
2740 4255 51 21 3,100
2806 4257 34 17 m.*

2312 4284 23 16 R,
2348 4282 94 18 Peellaert

2313 4303 20 16 P.
2347 4302 41 16 Van
2402 4301 48 17 Brée

2313 4322 17 17 J.
2343 4322 43 16 Van
2400 4320 60 18 StaUe

2312 4342 21 16 C.
2346 4341 138 17 Kleinermann

2314 4362 50 15 Edm.
2380 4360 80 18 Boùlvln

2312 4381 23 16 H.
2347 4380 86 17 Dumont
2482 4391 38 5 ......

2334 4407 51 17 Nous
2405 4406 102 19 désignons

2584 4282 9 15 5
2604 4281 82 19 Dlocftrt
2823 4281 21 17 63

2586 4301 9 16 3
2605 4301 39 17 Vin
2654 4301 39 16 Pur

2584 4320 9 16 1
2604 4320 161 20 Méphlstophélés

2583 4340 10 16 3
2603 4340 32 17 Cif
2822 4341 22 16 80

2585 4360 9 15 t
2605 4360 74 16 Fanfan
2692 4359 20 17 la
2724 4359 43 18 Tul.
2791 4372 19 5 ...
2822 4360 22 16 58

2584 4380 10 16 3
2605 4379 104 17 Vermouth
2724 4379 41 19 Gin
2790 4390 21 8 —
2822 4380 22 17 57

2555 4405 87 20 Dlocart;
2663 4405 37 18 Vin
2720 4406 46 17 Pur.

2322 4438 59 17 PRIX
2394 4439 44 16 DES
2452 4438 135 17 TONNELLES
2604 4439 68 18 (13.000
2685 4438 33 20 fr.,
2732 4439 50 19 1,300
2795 4440 35 18 m.)

2313 4464 34 17 Ch.
2363 4463 76 17 Stokvls

2313 4484 17 16 J.
2345 4484 43 16 van
2402 4482 60 18 Stalle

2314 4504 62 15 Baron
2391 4503 112 19 Brugmann
2530 4514 26 5 ....

2313 4523 20 16 P.
2347 4523 48 16 Rom
2523 4532 33 11 -v..

2313 4542 89 16 Baronne
2414 4542 23 16 de
2450 4542 90 17 Crawhes
2553 4554 3 5 ,

2314 4562 52 16 Edm.
2380 4561 81 18 Boulvin

2583 4464 10 16 5
2603 4464 64 19 Saucy
2680 4464 83 19 Captaln

2584 4483 10 16 4
2605 4483 87 20 Surprise
2706 4484 60 19 Party
2791 4496 19 5 ...
2822 4484 27 17 6L

2583 4503 9 15 4
2604 4503 84 19 Engrace
2822 4504 21 16 61

2583 4523 11 16 3
2604 4523 38 16 Far
2655 4523 57 19 Away

2584 4542 9 16 3
2604 4542 55 16 False
2672 4543 40 18 Bay

2584 4562 11 16 3
2606 4562 120 16 Chanterelle
2823 4562 21 17 53

2333 4588 52 16 Nous
2400 4587 102 21 désignons
2519 4591 6 13 :
2540 4588 63 20 Saucy
2617 4588 91 21 Captaln;
2724 4588 38 18 Far
2777 4589 63 19 Away.

2346 4620 59 17 PRIX
2416 4621 31 17 DE
2458 4621 30 16 LA
2500 4620 75 17 SENNE
2589 4621 68 18 (10.000
2668 4620 32 20 fr.,
2712 4621 49 19 1,600
2772 4621 35 18 m.)

2461 4646 108 21 (Handicap
2581 4646 114 19 ascendant)

2314 4672 20 16 F.
2347 4672 26 16 du
2385 4672 40 19 Roy
2438 4671 23 17 de
2472 4671 92 20 BUcquy..

2313 4692 17 16 J.
2345 4691 170 19 Verheyleweghen

2314 4711 17 17 J.
2343 4711 23 17 N.
2378 4711 76 19 Kayser

2313 4731 21 16 C.
2346 4730 140 17 Kleinermann

2313 4750 35 17 Ch.
2365 4750 63 19 Bourg

2314 4769 52 18 Edm.
2382 4769 80 19 Boulvin

2314 4790 50 16 Mme
2377 4789 22 16 B.
2413 4789 60 17 Leens

2313 4809 64 16 Baron
2392 4809 111 19 Brugmann

2313 4828 18 17 J.
2345 4827 169 20 Verheyleweghen

2314 4848 50 16 Mme
2377 4848 22 16 B.
2413 4847 61 17 Leens
2495 4858 12 5 ..

2314 4868 26 16 M.
2353 4867 29 16 De
2394 4866 68 20 Kimpe

2314 4887 36 16 Jhr
2361 4887 21 16 C.
2394 4886 92 20 Repelaer

2334 4912 52 17 Nous
2402 4912 103 19 désignons

2583 4672 10 16 4
2604 4672 55 16 Gallo

2583 4691 9 16 5
2603 4691 90 16 Hoboken
2820 4690 16 17 51

2584 4711 10 16 5
2605 4710 57 20 Sport
2680 4710 80 19 Elevage
2779 4721 20 5 ...
2810 4709 22 16 53

2586 4730 10 16 4
2607 4730 63 16 Mume
2810 4728 22 17 54

2585 4750 9 14 s
2605 4749 63 19 Karry
2681 4749 30 16 On
2809 4748 23 17 M

2584 4769 10 16 5
2604 4769 25 16 Le
2645 4768 86 19 Shlmmy

2586 4788 10 16 5
2608 4788 81 18 Legatas

2584 4808 8 15 4
2603 4806 74 20 Eguilly

2583 4827 10 16 5
2604 4826 96 16 Walcourt

2583 4846 9 16 4
2603 4846 74 16 Marius
2757 4856 3 5 ,

2584 4865 10 16 7
2604 4865 49 17 Jean
2665 4864 79 18 Mouton

2583 4885 10 16 5
2603 4883 77 18 London

2547 4910 105 18 Walcourt:
2670 4909 79 20 Eguilly.

2793 4779 4 4 .
2810 4768 30 16 491

2808 4787 22 15 47

2370 4944 58 17 PRIX
2442 4945 30 16 DE
2487 4944 29 17 LA
2529 4943 72 17 FOIRE
2614 4941 171 19 COMMERCIALE

2468 4969 68 19 (13,000
2547 4969 31 18 fr.,
2590 4968 50 17 2.700
2650 4969 34 16 m.)

2521 4988 113 18 iHandicapi

2314 5016 27 16 Dr
2353 5015 20 16 B.
2386 5013 67 18 Swolfs
2573 5012 20 18 18
2602 5011 97 20 BragatUt
2809 5011 22 16 63

2315 5035 25 16 H.
2356 5035 92 16 Bauwens
2582 5031 10 16 8
2603 5031 46 19 Iago
2809 5030 22 17 60

2314 5054 17 17 J.
2346 5053 44 17 Van
2402 5052 60 18 StaUe
2582 5051 11 16 5
2603 5050 59 16 Train
2675 5050 47 17 Bleu
2809 5050 22 16 60

2314 5074 23 16 H.
2351 5072 69 18 Lenoir
2582 5070 10 16 4
2603 5069 75 20 Allegr*
2809 5068 22 17 U

2314 5093 23 16 H.
2351 5092 69 17 Lenoir
2582 5089 11 17 «
2604 5088 109 20 Pattllogna
2735 5100 14 6 „
2810 5088 30 18 52)

2314 5112 66 16 Comte
2394 5110 70 17 Cornet
2479 5110 23 16 de
2515 5109 56 19 Waya
2582 5109 11 15 5
2603 5109 93 16 Glenrosa
2808 5107 33 19 481

2314 5131 65 17 Comte
2391 5129 148 19 d'Ansembourg
2553 5140 17 5 ...
2582 5128 11 17 5
2602 5128 80 17 Pervers
2809 5127 22 16 45

2314 5151 63 16 Baron
2393 5150 110 18 Brugmann
2530 5159 19 5 ...
2560 5144 34 23 ..|8
2603 5147 45 17 Acol
2809 5146 23 17 44

2334 5176 52 17 Nous
2405 5175 102 18 déslfinois
2529 5177 7 14 :
2555 5173 54 20 Iago;
2630 5173 60 18 Train
2709 5172 53 18 Bleu.

2416 5249 39 28 LE
2480 5248 60 29 FEU
2564 5247 52 33 QUI
2641 5246 97 29 RUINE

2338 5324 77 22 Gand,
2427 5324 24 20 15
2463 5322 64 23 avril.
2539 5333 27 5 —
2577 5323 20 20 A
2608 5321 159 25 Wachtebeke,
2779 5322 58 20 dans

2314 5350 22 21 la
2349 5348 159 22 Groenstraat,
2521 5351 33 18 un
2565 5346 105 21 Incendie
2683 5351 15 16 a
2705 5345 97 22 dévasté
2815 5347 23 20 la

2313 5378 84 20 grange
2410 5374 25 20 et
2447 5372 33 21 lea
2493 5372 86 21 étables
2592 5371 56 21 ches
2660 5370 24 22 la
2696 5375 71 17 veuve
2780 5371 57 21 Ver-

2314 5398 121 25 plancken;
2454 5397 33 20 les
2502 5396 81 25 dég&ts
2597 5401 25 16 se
2637 5395 114 22 chiffrent
2765 5395 16 22 k
2794 5399 31 18 en-

2314 5423 64 21 viron
2393 5422 83 24 150,000
2489 5421 85 21 francs.

2908 210 193 65 LES
3158 208 733 69 FAITS=DIVERS

2884 331 58 20 VOL
2964 331 70 20 D'UN
3056 331 228 20 PORTEFEUILLE.
3306 341 26 5 —
3351 331 37 20 Un

2858 355 126 21 audacieux
3011 355 78 22 valeur
3112 356 55 22 s'est
3193 355 119 23 introduit,
3339 355 50 21 hier

2860 380 141 24 après-midi,
3015 380 59 22 dans
3087 380 20 22 le
3121 380 87 22 bureau
3222 380 27 21 de
3263 381 62 21 Mme
3340 381 36 19 Ga-

2858 404 77 22 brielle
2954 404 111 23 Léonard,
3083 404 60 22 situé
3163 405 58 20 dans
3240 409 32 17 un
3292 404 95 22 arrière-

2859 429 120 23 bâtiment,
2989 434 39 16 rue
3042 430 40 20 des
3094 429 100 23 Plantes,
3208 428 44 25 120,
3264 430 14 20 k
3291 429 86 21 Schaer-

2858 453 62 21 beek.

2886 478 19 20 Il
2922 478 54 21 s'est
2994 477 92 25 emparé
3103 478 54 21 d'un
3176 478 142 25 portefeuille
3336 483 41 16 ren-

2861 502 102 21 fermant
2974 507 46 17 une
3032 507 86 16 somme
3131 503 147 24 importante.
3290 514 27 4 —
3325 504 29 20 D.

2887 546 30 19 IL
2932 545 154 21 SUFFISAIT
3102 546 47 19 D'Y
3166 546 159 19 SONGER.—
3340 546 50 24 Que

2863 570 27 21 de
2911 570 45 21 fols
2976 570 147 21 n'avez-vous
3144 569 37 21 été
3201 570 142 21 embarrassé
3361 575 30 16 en

2861 599 56 16 vous
2934 594 143 22 demandant
3095 594 30 21 où
3142 599 56 16 vous
3214 595 105 25 pourriez
3336 599 55 16 vous

2862 623 108 20 procurer
2983 618 31 21 tel
3027 623 30 16 ou
3069 618 31 21 tel
3113 618 64 24 objet
3185 619 12 19 ?
3211 619 61 21 C'est
3285 623 44 20 que
3336 623 55 16 vous

2861 645 93 19 n'aurez
2967 647 42 20 pas
3021 642 71 25 songé
3105 643 15 20 k
3133 643 116 20 consulter
3261 643 33 20 les
3305 643 87 20 Petites

2861 668 124 20 Annonces
3004 667 30 21 de
3057 675 9 10 •
3089 668 34 20 La
3144 666 110 22 Dernière
3275 667 76 21 Heure
3374 674 18 18 ■,

2862 692 97 21 classées
2973 696 42 20 par
3029 692 125 23 rubriques,
3166 692 25 19 et
3204 691 40 24 qui
3258 695 55 17 vous
3327 692 53 20 four-

2862 717 80 21 niront
2959 716 49 21 très
3027 716 174 25 probablement
3219 716 22 21 le
3261 716 118 24 renseigne-

2862 743 66 19 ment
2947 740 81 23 désiré.
3271 739 121 22 <DMâ7-32

2888 778 141 20 ATELIERS
3048 777 223 21 CAMBRIOLÉS.—
3288 776 106 22 Pendant

2861 803 23 20 la
2896 802 59 25 nuit,
2969 803 41 21 des
3023 801 91 22 voleurs
3126 808 26 16 se
3165 804 55 19 sont
3233 801 132 22 introduits,
3379 801 15 20 à

2861 827 66 22 l'aide
2947 828 28 21 de
2994 827 89 21 fausses
3103 826 52 23 clés,
3171 826 59 22 dans
3249 826 34 21 les
3302 826 91 21 ateliers

2861 853 40 21 des
2914 852 72 22 frères
2998 851 116 24 Declerck,
3127 856 40 18 rue
3181 852 31 21 du
3224 850 126 24 Maelbeek,
3363 851 31 22 16,

2861 877 15 21 à
2889 877 128 22 Etterbeek.

2887 903 32 20 Us
2932 903 43 21 ont
2986 901 79 23 enlevé
3079 907 46 16 une
3139 901 107 22 machine
3261 900 15 20 à
3290 901 104 22 calculer,

2861 927 35 22 six
2908 927 130 25 compteurs
3049 931 59 21 pour
3118 926 95 22 billards
3224 930 84 19 russes,
3318 926 76 20 trente

2864 953 83 24 mètres
2966 952 28 22 de
3011 952 58 25 drap
3088 953 51 19 vert
3157 950 28 23 de
3204 950 84 22 billard
3307 953 24 20 et
3349 956 45 16 une

2863 978 69 21 valls;
2946 977 128 22 contenant
3089 976 39 21 400
3142 976 79 22 francs
3235 981 30 16 en
3280 975 74 25 pièces
3367 976 27 21 de

2863 1003 114 19 monnaie.
2990 1012 27 5 —
3029 1002 29 21 D.

3161 1036 98 17 TOMATE
3271 1046 10 5 -
3294 1041 46 14 TOtu
3353 1042 46 13 »TC1

3183 1060 38 15 uae
3236 1061 57 15 sarpe
3309 1061 25 14 os
3361 1062 38 13 OIM

3181 1080 57 13 uuce
3263 1078 76 19 czqolM
3358 1079 35 17 ln,-

3182 1097 139 17 •.ar.-.arJrr.tT.:.

3167 1119 183 20 TOMATE-prodult
3366 1122 32 19 qui

3184 1143 20 13 h
3220 1140 86 18 rarutlt
3323 1144 34 17 p*r
3375 1145 22 14 H

3184 1159 118 19 auptrlortlt.

3171 1180 96 16 TOMATE
3275 1187 8 5 -
3291 1181 106 18 .upéeleute

3184 1199 13 16 A
3210 1199 19 16 !■
3245 1200 100 17 meilleure.

3165 1219 98 17 TOMATE
3271 1228 8 4 -
3287 1220 108 19 Teptéatnaa

3185 1238 43 20 pris
3242 1240 20 15 ie
3278 1240 19 16 80
3312 1245 16 14 p.
3343 1245 15 12 c.
3374 1244 21 14 ce

3184 1256 20 19 la
3211 1261 146 16 eonummmttoo
3365 1262 30 16 ,é.

3184 1278 41 18 rait
3238 1279 23 19 da
3272 1279 20 19 la
3303 1280 92 20 Saltlo-re.

3339 1299 55 21 Mil

2889 1330 108 22 BLESSE
3016 1330 60 21 PAB
3091 1330 36 21 LE
3147 1331 91 20 TRAM.
3256 1342 26 5 —
3301 1331 91 22 Samedi

2864 1356 53 24 soir,
2932 1356 22 22 le
2970 1354 93 23 nommé
3079 1355 64 22 Jules
3157 1355 92 24 Lamon,
3265 1356 42 25 âgé
3322 1357 28 22 de
3367 1358 26 19 48

2865 1386 50 18 ans,
2935 1381 136 22 demeurant
3091 1385 40 17 rue
3151 1380 208 25 Vanderstichelen,
3378 1382 15 21 à

2865 1405 142 24 Molenbeek,
3027 1411 30 17 en
3079 1406 131 21 traversant
3230 1406 20 22 le
3272 1407 121 21 boulevard

2865 1431 32 22 du
2910 1430 83 24 Jubilé,
3006 1435 15 16 a
3032 1429 37 23 été
3081 1431 106 22 renversé
3199 1431 24 22 et
3235 1432 72 22 blessé
3319 1437 43 21 par
3372 1432 21 22 le

2866 1457 61 21 tram
2940 1456 92 21 vicinal.
3045 1456 35 21 La
3091 1456 92 21 victime
3197 1461 15 16 a
3225 1457 36 22 été
3275 1458 106 24 transpor-

2865 1481 36 23 tée
2916 1481 16 22 k
2947 1481 104 25 l'hôpital
3066 1481 141 24 Brugmann.
3221 1492 28 6 —
3261 1483 28 20 D.

3168 1519 29 16 LE
3210 1519 57 17 P1DS
3279 1520 14 16 e

3169 1539 101 16 Chambres
3277 1540 42 19 dep.
3326 1541 22 16 sa
3355 1541 24 15 fr.

2868 1558 55 16 Thé*.
2931 1557 75 18 Dîners.
3014 1557 97 17 Concerts.
3118 1558 27 19 43.
3153 1559 24 17 bd
3184 1559 84 20 Raipall.
3275 1560 61 17 Paris.
3343 1560 48 17 H734

2892 1590 205 25 INQUIETANTE
3111 1591 226 22 DISPABITION.—
3350 1593 34 20 De-

2865 1616 52 25 puis
2929 1616 22 22 le
2964 1616 24 21 13
3001 1616 104 23 courant,
3117 1620 51 18 vers
3180 1617 12 20 1
3204 1617 22 20 h.
3240 1617 45 23 1/2,
3293 1617 22 21 le
3328 1622 54 17 nom-

2866 1641 37 22 mé
2919 1641 99 25 Jacques
3035 1641 97 23 Dupalx,
3149 1641 29 21 né
3196 1647 29 16 en
3241 1642 57 23 1900,
3316 1647 14 16 a
3348 1642 35 21 dis-

2866 1671 58 20 paru
2948 1667 28 21 de
2999 1670 44 17 son
3067 1666 102 23 domicile
3193 1667 123 21 boulevard
3335 1668 48 21 Ans

2867 1692 67 24 pach,
2947 1692 45 23 161,
3004 1691 15 21 à
3030 1691 124 21 Bruxelles.

2892 1717 86 20 Toutes
3009 1716 34 22 les
3071 1716 136 23 recherches
3238 1717 70 22 faites
3339 1722 58 20 pour

2866 1743 119 20 retrouver
2999 1746 37 17 ses
3051 1742 75 22 traces
3140 1744 54 20 sont
3208 1742 85 22 restées
3307 1742 77 21 infruc-

2867 1767 98 21 tueuses.

2893 1793 38 20 On
2953 1791 76 23 craint
3050 1797 33 17 un
3105 1792 111 22 accident.
3237 1793 34 21 La
3291 1793 72 25 police
3382 1797 14 17 a

2868 1818 110 21 transmis
2990 1817 21 22 le
3024 1817 153 24 signalement
3190 1817 31 22 du
3233 1819 92 25 disparu
3338 1818 59 22 dans

2869 1843 76 21 toutes
2955 1843 33 21 les
3001 1843 130 21 directions.
3142 1853 27 6 —
3179 1844 28 21 D.

2894 1880 79 20 DANS
2986 1880 39 21 LA
3038 1879 250 24 STBATOSPHEBE_
3299 1887 16 20 y
3327 1882 66 21 a-t-il

2868 1904 41 21 des
2920 1904 75 23 mites,
3006 1908 76 20 puces,
3093 1905 114 24 punaises,
3219 1906 105 21 cafards?
3335 1908 58 22 Non,

2868 1933 56 16 sans
2940 1929 76 21 doute.
3032 1930 34 20 De
3083 1929 81 25 même,
3180 1930 58 21 dans
3254 1931 63 21 votre
3333 1932 58 21 mal-

2868 1957 49 20 son,
2928 1953 29 22 où
2967 1954 24 21 la
3001 1954 88 22 Poudre
3099 1955 134 21 KEATTNG
3244 1960 15 16 a
3268 1955 72 25 passé,
3349 1960 30 17 au-

2869 1982 58 17 cune
2946 1977 28 22 de
2994 1982 37 17 ces
3049 1978 75 25 pestes
3142 1983 29 18 ne
3189 1980 130 23 subsistera.
3337 1982 42 20 Em-

2869 2002 79 25 ployez
2961 2004 142 21 KEATING.
3119 2005 34 20 En
3168 2004 72 22 boites
3255 2005 28 22 de
3296 2006 14 20 4
3324 2006 29 20 fr.
3366 2006 26 21 et

2869 2027 13 20 7
2899 2027 30 22 fr.
2946 2028 26 20 50
2989 2028 59 21 dans
3066 2029 74 22 toutes
3157 2029 34 21 les
3207 2030 143 24 pharmacies
3367 2030 24 22 et

2869 2052 136 24 drogueries.
3308 2056 82 21 (H2459

2892 2089 60 21 VOL
2967 2089 88 21 D'UNE
3070 2090 194 22 AUTOMOBILE
3281 2092 20 20 A
3319 2093 61 21 BRU-

2868 2114 117 21 XELLES.
3000 2125 27 6 —
3041 2116 99 23 Samedi,
3154 2121 51 17 vers
3219 2116 91 25 minuit,
3324 2118 32 20 M.
3371 2118 21 21 J.

2867 2139 94 24 George,
2979 2142 160 23 commerçant,
3156 2141 135 23 demeurant
3308 2143 71 21 chaus-

2867 2164 36 23 sée
2926 2165 27 22 de
2975 2165 97 24 Tamise,
3094 2167 19 23 5,
3135 2166 15 22 k
3168 2167 223 24 Strombeek-Bever,

2867 2190 63 22 avait
2945 2189 137 23 abandonné
3097 2196 42 17 son
3156 2192 137 22 automobile
3308 2193 84 21 devant

2867 2219 32 16 un
2913 2216 120 22 immeuble
3049 2217 32 21 du
3096 2216 122 22 boulevard
3234 2218 71 22 Emile
3322 2218 57 25 Jacq-

2866 2240 70 21 main.

2891 2265 106 22 Pendant
3012 2271 44 16 son
3070 2267 102 24 absence,
3190 2268 40 22 des
3247 2268 144 22 malfaiteurs

2866 2291 41 20 ont
2919 2291 78 22 enlevé
3010 2292 23 22 la
3045 2292 95 24 voiture,
3152 2298 45 16 une
3211 2293 107 22 conduite
3330 2293 50 22 inté-

2865 2316 80 24 rieure,
2962 2317 94 25 portant
3073 2317 25 22 la
3114 2318 83 25 plaque
3212 2323 167 19 gouvernemen-

2866 2340 45 23 tale
2923 2342 30 20 N*
2966 2342 82 21 385802.
3059 2343 33 20 La
3104 2343 72 24 police
3189 2348 15 16 a
3216 2344 109 22 transmis
3338 2348 42 17 aus-

2865 2366 55 23 sitôt
2933 2367 21 21 le
2970 2367 153 24 signalement
3139 2368 28 22 de
3184 2368 24 21 la
3225 2369 87 22 voiture
3329 2368 63 22 volée

2865 2391 58 23 dans
2936 2393 75 21 toutes
3023 2393 34 22 les
3068 2393 129 21 directions.
3209 2404 28 5 —
3248 2394 29 20 D.

2889 2428 39 21 EN
2939 2429 126 24 RETARD,
3076 2429 79 22 VOUS
3166 2430 79 21 n'avez
3256 2435 43 20 pas
3310 2434 82 18 encore

2866 2453 78 25 essayé
2958 2453 22 21 le
2995 2453 114 22 Lavécire.
3133 2455 63 20 Chez
3223 2454 22 21 le
3271 2455 122 24 droguiste,

2867 2477 155 22 l'échantillon
3051 2479 38 20 est
3119 2479 94 24 gratuit.
3242 2480 98 24 Essayez
3353 2484 41 16 sur

2866 2503 89 21 meuble
2970 2508 29 17 ou
3013 2504 104 24 parquet.
3131 2504 62 21 Vous
3207 2508 78 17 verrez
3299 2509 44 20 que
3371 2504 22 21 le

2866 2527 105 22 Lavécire
2983 2528 112 25 décrasse,
3106 2528 51 22 lave
3168 2530 26 21 et
3203 2529 55 22 cire.
3271 2529 122 22 (H3T77-11

2882 2564 152 23 RENVERSÉ
3047 2566 59 21 PAR
3118 2566 61 21 UNE
3192 2566 202 21 AUTOMOBILE.

2865 2600 25 5 —
2904 2590 92 21 Samedi
3007 2590 53 24 soir,
3075 2591 106 22 l'ouvrier
3194 2591 137 21 cordonnier
3344 2592 36 21 Au-

2863 2615 65 24 guste
2941 2616 51 21 Van
3009 2617 116 21 L-.etaem,
3140 2615 44 25 âgé
3200 2617 28 21 de
3243 2616 27 21 40
3286 2621 50 19 ans,
3352 2617 28 21 de-

2864 2642 107 21 meurant
2980 2641 74 21 Petite
3066 2645 41 17 rue
3119 2642 29 21 de
3159 2641 107 24 l'Olivier,
3272 2641 16 21 à
3294 2642 87 22 Schaer-

2864 2665 62 23 beek,
2950 2666 122 21 traversait
3091 2666 22 22 le
3136 2666 125 21 boulevard
3284 2667 97 20 Lamber-

2866 2692 70 22 mont,
2943 2690 15 22 â
2971 2691 149 23 Schaerbeek,
3125 2691 101 25 lorsqu'il
3238 2692 40 22 fut
3288 2692 107 21 renversé

2864 2720 43 20 par
2916 2716 154 22 l'automobile
3082 2720 43 21 que
3137 2716 129 23 conduisait
3276 2717 21 22 le
3309 2717 73 22 chauf-

2864 2740 52 22 feur
2927 2741 86 22 Amédé
3025 2741 152 25 SchoonJans,
3189 2742 109 22 habitant
3309 2746 41 18 rue
3363 2743 30 21 du

2865 2766 133 21 Collecteur.

2888 2791 52 22 Une
2957 2796 55 16 roue
3030 2791 31 22 du
3075 2791 102 22 véhicule
3195 2797 15 17 a
3226 2792 67 25 passé
3309 2797 41 17 sur
3366 2797 26 16 sa

2863 2815 83 25 jambe.
2958 2817 21 21 B
2991 2822 14 16 a
3017 2816 37 21 été
3065 2818 134 23 gravement
3210 2817 72 22 blessé
3294 2819 24 21 et
3330 2823 15 16 a
3357 2818 35 20 été

2864 2841 130 24 transporté
3007 2842 15 21 â
3033 2841 110 25 l'hôpital.
3155 2852 29 5 —
3195 2843 29 20 D.

2889 2876 43 21 UN
2952 2877 167 20 DESESPERE
3140 2878 20 20 A
3181 2878 203 20 LODELINSART

2865 2911 27 6 —
2907 2902 31 20 M.
2954 2902 91 21 Gaston
3060 2903 57 22 II...,
3133 2902 42 25 âgé
3190 2903 29 21 de
3234 2903 26 20 30
3276 2908 49 18 ans,
3339 2904 54 21 s'est

2865 2927 78 24 pendu
2964 2927 59 21 dans
3043 2927 22 21 le
3086 2928 90 24 grenier
3197 2928 28 21 de
3247 2928 146 22 l'habitation

2865 2952 54 24 qu'il
2935 2952 105 24 occupait
3058 2957 55 17 avec
3128 2957 39 17 ses
3184 2954 102 23 parents,
3303 2957 41 18 rue
3362 2953 31 21 du

2866 2976 106 21 Château
2987 2977 77 23 d'Eau,
3078 2976 16 22 à
3108 2977 151 22 Lodellnsart.

2892 3002 31 20 Le
2944 3001 118 25 désespéré
3082 3003 64 20 avait
3164 3002 124 21 manifesté
3307 3002 16 21 à
3341 3002 41 26 plu-

2866 3026 73 21 sieurs
2953 3027 99 24 reprises
3064 3027 132 21 l'intention
3211 3028 29 20 de
3255 3032 24 17 se
3296 3031 58 20 tuer.

2892 3051 42 21 UN
2950 3051 60 21 VOL
3028 3052 20 20 A
3065 3052 117 21 PIETON.
3200 3062 27 5 —
3244 3053 34 20 La
3295 3053 53 21 nuit
3366 3053 28 21 de

2866 3076 88 21 samedi
2968 3077 16 21 k
2995 3077 132 23 dimanche,
3139 3077 42 22 des
3193 3077 91 21 voleurs
3298 3078 29 21 de
3339 3082 44 20 pro-

2867 3101 86 21 fession
2968 3103 42 19 ont
3025 3101 64 21 forcé
3103 3102 25 21 la
3142 3103 65 23 porte
3224 3102 28 21 de
3267 3101 83 25 l'église
3366 3103 28 20 de

2867 3126 82 21 Piéton
2966 3128 26 20 et
3009 3131 17 20 y
3043 3128 42 20 ont
3103 3126 110 25 fracturé,
3244 3127 95 20 arraché
3370 3128 25 21 et

2867 3151 52 22 vidé
2936 3152 53 21 tous
3005 3152 34 21 les
3056 3153 78 20 troncs
3151 3156 54 18 avec
3223 3157 45 17 une
3285 3151 109 23 véritable

2867 3177 139 24 sauvagerie.

2893 3202 38 20 On
2948 3207 16 16 a
2980 3201 106 22 retrouvé
3101 3202 61 21 deux
3191 3202 30 22 de
3250 3207 37 17 ces
3317 3202 78 22 troncs

2867 3225 150 23 abandonnés
3032 3227 59 21 dans
3104 3227 21 23 le
3139 3227 123 21 cimetière.

2891 3261 44 21 PN
2949 3261 144 21 INCENPD3
3109 3262 20 19 A
3146 3262 245 19 MONT-SUR-MAR-

2867 3286 139 22 CHEBNNE.
3020 3296 28 5 —
3063 3287 93 20 Samedi
3172 3287 53 25 soir,
3241 3291 33 16 un
3289 3287 103 20 incendie

2866 3310 33 22 dû
2911 3311 17 22 k
2941 3311 170 25 l'imprudence,
3124 3316 16 16 a
3153 3311 58 21 failli
3226 3311 80 22 coûter
3319 3311 24 21 la
3356 3312 36 20 vie

2866 3336 16 22 â
2897 3336 13 20 3
2926 3340 132 21 personnes,
3074 3337 15 21 à
3105 3336 287 21 Mont-sur-Marohienne.

2891 3361 57 21 Vers
2966 3362 26 19 22
3010 3362 89 24 heures,
3117 3366 34 16 un
3168 3361 123 21 chauffeur
3308 3361 84 24 d'auto,

2866 3386 32 21 M.
2912 3387 86 23 Joseph
3012 3386 69 24 Léon,
3095 3386 135 21 demeurant
3244 3391 29 15 au
3288 3391 22 15 n.
3325 3386 24 19 43
3364 3387 26 20 rie

2866 3410 23 22 la
2907 3416 42 17 rue
2968 3412 41 21 des
3029 3411 138 23 Goutteaux,
3186 3410 80 22 voulut
3283 3409 109 27 procéder

2866 3441 31 16 au
2915 3436 122 25 nettoyage
3055 3436 29 21 de
3103 3435 127 22 vêtements
3248 3435 24 21 et
3289 3440 58 20 pour
3364 3440 26 16 ce

2865 3461 60 22 faire
2942 3462 17 20 il
2976 3461 96 21 commit
3089 3460 161 25 l'imprudence
3269 3460 28 21 de
3315 3464 76 17 verser

2865 3486 23 26 3,
2898 3486 65 21 litres
2983 3486 113 21 d'essence
3117 3485 58 22 dans
3195 3489 33 17 un
3247 3489 63 20 seau,
3330 3485 61 21 alors

2866 3511 54 25 qu'il
2934 3516 26 16 se
2977 3511 101 23 trouvait
3093 3510 52 25 près
3161 3511 32 20 du
3208 3510 46 21 feu.

2891 3536 104 20 Soudain
3012 3536 106 20 l'essence
3137 3535 31 21 fit
3185 3534 117 25 explosion
3319 3535 25 21 et
3360 3539 31 16 en

2865 3565 33 17 un
2913 3560 46 23 c»"
2974 3560 64 22 d'oeil
3052 3560 22 21 le
3090 3560 39 20 feu
3144 3564 26 17 se
3184 3558 92 22 déclara
3290 3559 100 25 partout.

2866 3586 128 24 Craignant
3004 3589 60 21 pour
3074 3585 24 20 la
3110 3585 34 20 vie
3157 3584 28 21 de
3196 3588 43 17 son
3250 3583 91 24 enfant,
3351 3585 39 24 qui

2865 3610 101 26 reposait
2985 3610 16 21 à
3020 3609 88 25 l'étage,
3128 3609 62 21 Mme
3209 3608 63 22 Léon
3290 3608 100 24 s'élança

2864 3635 17 22 à
2899 3636 88 21 travers
3004 3634 34 22 les
3054 3635 108 20 flammes
3178 3634 25 21 et
3221 3638 73 17 sauva
3310 3633 24 22 la
3349 3634 29 20 fil-

2865 3660 63 21 lette.

2891 3685 107 20 Pendant
3011 3689 26 16 ce
3052 3684 74 24 temps
3142 3688 31 16 on
3187 3683 136 21 combattait
3336 3683 41 21 l'in-

2864 3710 80 21 cendie
2958 3709 39 25 qui
3010 3709 114 24 menaçait
3138 3709 28 20 de
3179 3708 98 25 prendre
3292 3708 28 21 de
3334 3708 44 21 l'ex-

2866 3735 96 21 tension.

2890 3760 63 20 Mme
2968 3758 62 21 Léon
3045 3758 62 21 avait
3123 3757 37 22 été
3175 3757 78 22 brûlée
3269 3762 46 17 aux
3330 3758 60 24 bras,

2865 3788 46 19 aux
2928 3783 88 25 jambes
3033 3784 24 21 et
3073 3787 46 18 aux
3137 3787 96 20 genoux.
3250 3783 39 20 On
3307 3783 43 21 dut
3366 3783 24 21 la

2866 3808 142 25 transporter
3023 3808 15 21 à
3054 3807 105 25 l'hôpital
3174 3808 29 21 de
3219 3807 126 25 Oharleroi,
3360 3807 31 22 où

2865 3833 42 22 elle
2921 3834 36 20 est
2971 3832 73 22 restée
3058 3837 31 17 en
3104 3832 141 22 traitement.

2890 3858 80 23 Quant
2986 3858 15 21 â
3017 3858 32 21 M.
3065 3857 69 23 Léon,
3148 3857 17 21 11
3182 3863 15 16 a
3213 3856 37 22 été
3265 3856 65 23 brûlé
3346 3862 46 16 aux

2865 3883 70 25 pieds,
2951 3883 61 21 mals
3027 3887 44 18 son
3088 3882 50 22 état
3155 3883 60 21 n'est
3230 3887 44 21 pas
3290 3887 76 20 grave.

2890 3919 80 21 AUTO
2980 3918 119 21 CONTRE
3109 3917 152 23 CYCLISTE.
3269 3929 29 5 —
3306 3919 21 21 A
3334 3919 44 20 Zee-

2863 3942 92 25 brugge,
2968 3943 32 20 M.
3013 3942 96 24 Bertier,
3122 3942 94 24 Joseph,
3228 3942 111 23 habitant
3350 3947 42 17 rue

2864 3966 28 22 de
2911 3967 135 24 Eysensluis,
3063 3967 86 21 roulait
3167 3967 123 21 dimanche
3308 3967 16 22 &
3341 3967 51 22 vélo

2863 3991 21 21 ln
2903 3991 55 25 long
2977 3991 28 22 de
3023 3992 26 20 la
3067 3990 110 22 chaussée
3197 3990 29 24 de
3245 3992 146 23 Lisseweghe,

2864 4015 98 25 lorsqu'il
2975 4016 39 21 fut
3027 4015 90 25 projeté
3130 4016 29 21 de
3172 4021 29 16 sa
3214 4015 120 25 bicyclette
3348 4020 44 21 par

2864 4044 33 17 un
2910 4044 59 20 coup
2981 4040 31 22 de
3024 4039 63 23 vent.

2889 4065 36 20 Au
2937 4064 74 22 même
3024 4064 110 25 moment,
3145 4069 47 18 une
3204 4064 57 22 auto
3272 4069 76 21 passa.
3359 4066 31 20 Le

2864 4088 92 24 cycliste
2967 4089 39 21 fut
3016 4089 78 25 happé
3104 4093 43 21 par
3158 4089 25 23 la
3193 4090 89 22 voiture
3293 4090 26 22 et
3330 4089 49 26 griè-

2864 4114 93 21 vement
2974 4113 79 22 blessé.

3436 330 119 21 FRAUDE
3580 330 163 21 D'ESSENCE.
3766 341 28 7 —
3816 333 115 27 L'enquéta

3409 356 94 20 ouverte
3516 354 15 21 à
3545 354 99 21 Mallnes
3657 358 31 18 au
3700 355 62 24 sujet
3776 356 27 22 de
3818 358 22 22 la
3852 360 79 25 fraude

3410 379 121 24 d'essence,
3541 380 39 23 qui
3591 379 76 23 auralt
3676 379 37 22 été
3723 382 105 22 commise
3838 388 39 21 par
3888 392 42 17 un»

3410 404 68 21 firme
3496 402 120 24 mallnolse
3634 408 31 17 au
3682 404 116 25 préjudice
3815 408 27 23 de
3860 410 71 25 l'Etat

3410 429 117 22 continue.
3914 425 17 15 *

3437 454 21 21 n
3471 454 84 22 résulte
3570 454 28 21 de
3613 454 60 22 cette
3688 454 96 26 enquête
3799 461 41 21 que
3854 459 22 22 1a
3888 462 41 22 fir.

3412 482 36 18 me
3463 483 31 16 en
3509 479 111 23 question,
3635 479 39 24 qui
3690 479 80 24 faisait
3784 480 21 23 le
3820 483 110 26 transport

3412 503 27 20 de
3456 504 94 21 benzine
3566 508 30 17 en
3612 504 133 25 Allemagne
3761 506 24 21 et
3800 511 29 18 en
3843 510 87 24 Pranct

3412 528 77 20 aurait
3505 528 75 21 vendu
3597 533 46 17 une
3658 529 86 25 grande
3760 533 102 22 quantité
3875 524 55 34 d>2

3412 556 67 17 sence
3490 557 31 16 en
3531 553 107 24 Belgique
3649 557 56 17 sans
3716 559 29 16 en
3756 556 62 21 avoir
3828 563 29 15 au
3868 562 49 20 pr*a

3413 576 59 21 lable
3495 578 58 23 payé
3576 579 24 19 la
3622 581 52 18 taxe
3697 578 43 22 due
3762 580 15 21 à
3797 581 66 24 l'Etat
3889 589 42 17 soit

3415 601 10 20 1
3439 601 29 21 fr.
3482 602 26 20 54
3522 606 43 20 par
3579 603 59 20 litre.
3864 599 6 7 '
3912 598 19 14 w

3440 626 55 20 U>rs
3509 627 68 20 d'une
3592 627 106 22 descente
3711 628 28 22 de
3753 629 23 22 la
3790 632 69 23 police
3874 636 58 20 tudi.

3414 651 69 20 claire
3505 655 30 17 au
3554 651 61 23 siège
3635 652 28 21 de
3684 652 23 21 la
3726 653 73 27 firme,
3817 657 31 22 les
3868 664 52 17 auto-

3414 675 103 20 camions
3532 678 39 21 qui
3587 675 109 23 faisaient
3711 677 21 22 le
3747 680 114 25 transport
3875 671 55 34 a'rîî

3414 702 43 18 oue
3472 700 32 20 les
3517 699 67 22 Uvres
3596 701 28 20 de
3638 701 23 21 la
3675 704 151 24 comptabilité
3846 696 93 34 ontéS-

3414 724 73 21 saisis.
3909 722 24 12 w
3935 730 4 3 -

3441 748 38 21 On
3492 749 38 20 n'a
3543 753 38 21 pu,
3593 750 110 25 Jusqu'ici,
3717 752 80 23 établir
3810 756 20 21 le
3842 760 90 21 nomb»

3415 775 67 18 exact
3503 774 40 20 des
3564 774 63 21 litres
3648 776 112 22 d'essence
3781 781 38 22 qui
3838 785 39 19 ont
3897 786 35 19 él*

3416 797 100 24 fraudés,
3532 799 58 22 mals
3606 802 89 20 ceux-ci
3709 807 25 16 se
3750 803 151 25 chiffreraient
3916 811 15 17 à

3416 821 52 24 plus
3483 823 55 21 d'un
3555 824 87 22 million
3658 825 29 22 de
3703 827 69 23 litres.
3787 831 42 20 Les
3844 831 88 23 fraud»

3417 847 106 21 auraient
3540 848 36 21 été
3592 851 119 22 commises
3727 852 84 23 durant
3827 854 105 28 plusieuS

3443 909 201 25 INQUIETANTE
3656 914 191 25 DISPABITION
3863 930 25 6 _
3898 923 36 20 On

3416 937 24 17 se
3457 937 89 20 montre
3562 941 63 18 assez
3639 938 86 25 Inquiet
3740 941 15 21 à
3770 942 163 25 Hever-Schln.

3418 959 80 21 .aeken
3508 960 28 22 de
3547 961 23 21 la
3581 962 134 26 disparition
3726 965 27 22 de
3764 967 58 21 Jean
3833 962 101 30 DuridaL

3417 984 96 24 ouvrier,
3527 985 42 25 âgé
3583 986 28 23 de
3626 988 26 20 30
3666 993 49 19 ans,
3729 991 39 24 qui
3783 992 37 20 n'a
3836 993 48 23 p'us
3898 987 36 29 ttl

3417 1012 58 20 paru
3487 1009 15 21 à
3514 1014 43 17 son
3570 1011 103 24 domicile
3686 1014 79 25 depuis
3777 1021 33 17 un
3822 1018 62 22 mois.

3443 1034 31 21 le
3494 1035 148 24 malheureux
3660 1039 58 22 était
3737 1045 56 17 sans
3812 1044 81 21 travail
3910 1046 27 21 et

3418 1059 61 22 avait
3489 1059 36 22 été
3535 1062 91 24 expulsé
3636 1063 28 21 de
3671 1069 27 16 sa
3709 1066 88 21 maison
3807 1071 66 21 parce
3884 1070 55 23 quï

3418 1082 57 24 était
3493 1085 59 23 dans
3571 1087 169 25 l'impossibilité
3760 1091 28 22 de
3808 1096 69 21 payer
3894 1099 41 18 son

3417 1110 68 24 loyer.

3442 1147 52 23 LES
3512 1149 164 24 ACCIDENTS
3693 1154 108 22 D'AUTO
3819 1156 40 20 AU
3875 1156 59 22 UT-

3417 1173 102 22 TORAL.
3533 1186 27 5 —
3573 1177 19 20 A
3605 1177 190 26 Heyst-sur-Mer,
3809 1180 126 26 dimanche,

3417 1201 49 18 vers
3479 1199 24 21 13
3514 1200 81 22 heures
3607 1202 32 23 20,
3651 1202 59 23 deux
3723 1205 66 20 autos
3801 1206 39 24 qui
3851 1210 25 17 se
3887 1207 35 21 sui-

3416 1223 77 23 vaient
3505 1224 165 26 débouchaient
3680 1232 41 18 sur
3732 1229 23 21 la
3767 1232 65 19 route
3845 1231 90 25 Royale,

3416 1248 57 21 dans
3487 1249 23 21 la
3524 1250 110 23 direction
3649 1253 28 21 de
3691 1254 101 21 Knocke.

3440 1274 92 23 Arrivée
3544 1276 16 20 à
3572 1276 99 22 hauteur
3683 1278 28 21 de
3725 1279 23 21 la
3759 1280 75 21 Petite
3847 1280 90 22 Chaus»

3414 1297 45 24 sée,
3479 1299 24 20 la
3521 1301 154 22 camionnette
3695 1306 156 22 appartenant
3870 1307 15 20 â
3904 1307 35 22 fit

3415 1323 109 24 Eneman,
3536 1326 107 24 habitant
3655 1328 92 24 Bruges,
3759 1329 91 24 obliqua
3862 1334 40 17 sur
3913 1331 24 22 la

3415 1349 65 19 route
3493 1349 30 21 du
3537 1353 66 19 tram.

3441 1373 36 20 Au
3496 1373 72 23 même
3588 1378 101 20 moment
3706 1378 44 22 elle
3770 1379 39 22 fut
3826 1379 60 25 prise
3906 1381 32 23 eà

3417 1397 96 25 écharpe
3534 1403 41 20 par
3595 1400 23 21 la
3638 1402 86 22 voiture
3744 1403 28 21 de
3793 1404 60 21 deux
3873 1409 51 18 com-

3416 1423 114 22 merçants
3545 1424 27 21 de
3585 1426 193 27 Blankenberghe.

3441 1446 34 21 le,
3485 1448 152 22 camionnette
3647 1451 37 22 fut
3694 1452 101 24 démolie,
3805 1454 78 21 tandis
3892 1459 43 20 que

3416 1471 24 20 la
3455 1472 87 21 voiture
3557 1474 123 23 abordante
3694 1478 58 22 était
3766 1479 169 24 endommagée.

3442 1496 21 20 H
3475 1497 37 25 n'y
3525 1503 14 16 a
3552 1501 41 21 pas
3605 1498 28 22 de
3645 1500 88 23 blessés.

3443 1534 59 21 VOL
3519 1535 38 20 DE
3574 1536 57 20 6.000
3647 1537 119 23 FRANCS.
3781 1551 27 5 —
3824 1543 20 20 A
3859 1542 78 24 Gand.

3417 1558 40 21 des
3470 1559 161 22 cambrioleurs
3642 1565 25 18 se
3678 1563 54 20 sont
3743 1563 120 23 introduits
3877 1567 60 21 dana

3418 1583 22 21 la
3456 1584 52 22 nuit
3522 1584 28 22 de
3564 1585 87 21 samedi
3665 1586 15 21 â
3694 1586 127 27 dimanche,
3834 1593 41 21 par
3889 1594 51 18 uno'

3418 1608 89 21 fenêtre
3524 1609 31 20 du
3572 1610 97 25 premier
3685 1610 65 25 étage
3766 1612 57 21 dans
3839 1614 40 21 des
3893 1615 30 22 bu-

3418 1636 77 20 reaux,
3508 1638 40 17 rue
3562 1633 31 22 du
3607 1635 111 21 Cuirassé.

3444 1658 32 21 Us
3490 1663 14 19 y
3517 1659 42 20 ont
3572 1659 101 22 fracturé
3686 1661 22 20 le
3721 1661 102 22 mobilier
3835 1663 24 20 et
3871 1665 62 22 perc*
3963 1679 6 8 .

3418 1681 21 23 le
3453 1683 139 22 coffre-fort.
3962 1678 7 20 •

3443 1708 51 21 Une
3504 1713 86 18 somme
3600 1709 28 22 de
3640 1710 58 21 6.000
3708 1710 79 21 franes
3797 1716 14 16 a
3823 1711 35 23 été
3868 1714 61 25 volée.

3418 1732 50 23 Une
3481 1733 96 25 enquête
3588 1735 37 21 est
3637 1735 99 22 ouverte.

3443 1771 85 21 ISSUE
3545 1772 118 21 FATALE.
3678 1782 29 7 —
3722 1772 119 23 L'éclusier
3856 1775 76 23 Vîlkin

3418 1796 45 25 qui,
3477 1795 18 21 il
3510 1801 15 20 y
3540 1801 16 16 a
3571 1796 107 25 quelques
3693 1798 70 23 jours,
3779 1802 16 16 a
3808 1798 38 22 été
3862 1799 70 24 écrasé

3419 1824 42 21 par
3473 1825 45 18 une
3534 1822 60 23 auto,
3609 1822 65 25 place
3688 1822 32 21 du
3734 1822 69 24 Nord,
3818 1823 15 21 â
3846 1825 88 27 Anvers,

3419 1850 14 15 a
3447 1846 119 21 succombé
3583 1847 121 22 dimanche
3721 1848 15 21 à
3752 1848 108 25 l'hôpital,
3876 1850 27 21 où
3916 1853 18 20 a

3417 1871 63 21 avait
3495 1871 37 22 été
3547 1872 136 25 transporté.

3442 1916 59 21 UNE
3522 1917 98 21 CHUTE
3640 1918 121 21 FATALE.
3780 1928 28 7 —
3826 1920 109 22 L'ouvrier

3417 1941 50 21 Van
3481 1941 45 21 den
3540 1942 84 24 Eynde,
3639 1942 44 25 âgé
3696 1943 29 23 de
3736 1943 31 20 -24
3782 1948 49 18 ans,
3843 1944 80 23 demeu-

3416 1967 53 20 rant
3483 1966 14 21 â
3511 1967 148 28 Borgerl^ut,
3672 1973 17 17 a
3701 1967 46 23 fait
3760 1972 45 17 une
3819 1968 66 23 chute
3898 1970 24 21 di-

3415 1991 97 22 manche
3525 1992 14 21 â
3550 1992 56 21 bord
3617 1992 56 21 d'un
3684 1993 87 21 navire,
3783 1993 20 21 n
3815 1993 52 23 s'est
3875 1994 48 21 bles-

3414 2016 25 21 sé
3449 2020 46 17 aux
3504 2017 53 20 bras
3567 2017 23 21 et
3601 2021 45 17 aux
3656 2018 90 25 Jambes
3755 2019 24 21 et
3789 2022 15 17 a
3814 2017 37 22 été
3860 2017 64 23 trans-

3414 2042 64 23 porté
3493 2041 119 25 d'urgence
3626 2043 15 21 à
3656 2043 109 24 l'hôpital.

3433 2078 136 19 DEPLIANTS,
3590 2079 113 20 catalogues,
3727 2080 77 18 albums,
3828 2081 43 19 prix
3892 2084 43 13 eon.

3414 2100 60 18 rants.
3487 2099 82 19 DEVCT,
3582 2099 27 20 39,
3622 2103 34 14 rue
3669 2100 118 19 Neufchfttel.
3799 2101 58 17 Brux.
3873 2101 64 19 tD738|

3413 2180 139 28 BAGARRE
3580 2180 102 28 ENTRE
3713 2175 223 35 LÉGIONNAIRES

3478 2232 39 28 ET
3540 2231 120 29 GARDES
3673 2231 201 29 SOCIALISTES

3439 2301 74 25 Liège,
3529 2302 24 20 15
3569 2301 65 21 avril.
3648 2311 29 6 —
3689 2301 138 23 Dimanche,
3841 2299 57 22 dans
3910 2300 20 23 li

3414 2326 108 24 matinée,
3539 2327 35 20 les
3591 2325 152 25 légionnaires
3761 2325 94 22 avaient
3871 2329 50 22 orga-

3414 2351 50 21 nisé
3481 2355 33 16 un
3532 2351 101 24 meeting
3650 2350 76 25 public
3743 2349 60 22 mals
3818 2353 49 18 non
3882 2354 35 17 con-

3415 2376 138 24 tradictoire,
3568 2375 59 21 dans
3640 2379 46 17 une
3700 2375 58 21 saBe
3771 2374 30 22 de
3815 2374 59 22 Visé.

3440 2402 21 20 A
3472 2405 34 16 un
3518 2401 103 21 moment
3634 2399 83 25 donné,
3730 2399 61 22 alors
3805 2399 69 25 qu'un
3886 2404 41 16 on.

3415 2425 51 20 teur
3478 2425 105 24 occupait
3594 2425 25 20 la
3631 2425 98 23 tribune,
3741 2424 28 22 de
3780 2423 109 22 violentes
3898 2424 22 21 In-

3416 2449 140 25 terruptions
3574 2449 135 23 s'élevèrent
3727 2451 76 23 parmi
3821 2449 35 21 les
3873 2449 48 21 audi-

3416 2474 69 21 teurs.

3442 2500 44 20 Ces
3499 2499 168 25 interrupteurs
3681 2498 112 22 n'étaient
3807 2498 74 21 autres
3894 2503 37 20 qua

3416 2523 40 21 des
3470 2524 82 25 gardes
3565 2523 133 24 socialistes,
3712 2524 39 24 qui
3765 2522 104 23 s'étaient
3882 2523 39 25 glis-

3416 2548 37 21 sés
3470 2549 60 20 dans
3546 2549 25 20 la
3588 2548 64 23 salle,
3668 2548 26 22 et
3712 2553 26 17 ce
3756 2548 39 21 fut
3812 2548 84 21 bientôt
3910 2548 23 22 la

3416 2573 96 25 bagarre
3529 2578 6 16 :
3550 2573 34 21 les
3597 2574 89 20 chaises
3699 2573 25 21 et
3737 2573 34 21 les
3784 2572 72 22 tables
3867 2573 54 21 servi-

3416 2600 53 19 rent
3482 2598 28 21 de
3525 2598 134 24 projectiles'
3668 2597 25 22 et
3706 2599 33 20 les
3753 2598 130 24 matraques
3894 2602 27 17 en-

3417 2622 89 22 trèrent
3526 2622 60 21 dans
3606 2623 24 20 la
3651 2622 78 23 danse,
3751 2621 78 22 tandis
3849 2626 40 20 que
3907 2622 26 22 ds

3416 2647 127 21 nombreux
3564 2648 81 24 jeunes
3667 2647 83 25 gardes
3770 2647 39 24 qui
3830 2651 25 17 se
3875 2648 46 20 trou-

3416 2672 80 22 vaient
3512 2672 59 21 dans
3589 2672 24 21 la
3629 2676 41 19 rue
3688 2671 119 23 tentèrent
3821 2671 29 22 de
3865 2671 68 22 forcer

3416 2697 93 21 l'entrée
3524 2697 32 21 du
3569 2697 66 21 local.

3441 2728 34 20 La
3496 2727 158 25 gendarmerie
3675 2727 25 22 et
3721 2727 26 22 la
3768 2727 72 25 police
3862 2726 71 22 furent

3415 2752 103 23 alertées,
3526 2752 28 21 et
3566 2757 25 16 ce
3604 2753 60 21 n'est
3675 2756 43 20 pas
3729 2756 56 16 sans
3797 2752 67 24 peine
3875 2751 58 25 qu'ils

3415 2777 135 22 rétablirent
3563 2777 88 21 l'ordre.
3664 2778 21 20 Il
3698 2782 16 20 y
3726 2777 65 20 avait
3803 2776 42 21 des
3857 2775 74 23 blessés
3961 2789 5 11 ,

3415 2802 28 21 de
3463 2803 54 23 part
3537 2802 24 20 et
3580 2801 94 26 d'autre,
3694 2801 39 25 qui
3752 2801 81 22 furent
3851 2800 80 25 soignés

3415 2826 59 21 dans
3484 2826 34 20 les
3529 2826 144 24 pharmacies
3684 2825 105 22 voisines.
3963 2827 6 19 I

3428 2855 6 5 *
3440 2851 44 20 Les
3506 2850 153 25 légionnaires
3680 2849 86 22 durent
3788 2850 62 21 êtr«*
3857 2853 77 17 reoon-
3963 2845 8 24 F

3415 2874 63 21 dults
3495 2879 54 16 sous
3564 2875 88 21 escorte
3669 2875 16 21 à
3702 2875 24 20 la
3743 2879 62 19 gare.
3821 2875 35 20 De
3872 2878 52 17 nom-

3415 2900 72 20 breux
3498 2898 192 25 procès-verbaux
3700 2900 42 21 ont
3751 2899 37 21 été
3799 2898 91 21 dressés.

3439 2973 117 39 LES
3580 2974 327 40 FAILLITES

3439 3056 38 17 Par
3489 3056 98 20 jugement
3601 3056 25 16 du
3641 3056 21 16 13
3675 3055 49 17 avril
3738 3055 48 19 1934,
3800 3059 13 13 a
3825 3055 31 17 été
3870 3055 68 17 déclaré

3418 3079 25 14 en
3461 3076 43 16 état
3520 3076 24 16 de
3562 3075 76 19 faillite,
3657 3078 34 14 sur
3709 3079 46 12 aveu
3779 3075 60 19 Delay
3857 3075 82 17 Florent-

3417 3096 139 19 Chrj-505tome.
3575 3097 136 17 entrepreneur
3728 3095 148 16 d'installations
3893 3094 38 17 élec-

3417 3116 78 19 triques,
3513 3115 94 17 domicilié
3623 3114 13 16 k
3652 3114 120 19 Anderlecht,
3791 3118 34 13 rue
3841 3115 46 18 Aug.
3904 3115 26 15 Ge-

3417 3137 60 17 vaert,
3495 3135 28 17 11.
3538 3135 96 19 Juge-corn
3636 3138 18 13 m
3657 3135 36 16 Iss*
3695 3135 34 18 ire.
3746 3135 27 16 M.
3790 3134 76 19 Scbeys.
3882 3134 48 17 Cura-

3418 3155 49 18 teur,
3480 3155 32 17 Me
3525 3154 65 18 Lebbc,
3605 3155 67 15 avocat
3686 3154 12 16 à
3712 3154 102 18 Bruxelles,
3827 3154 75 16 Clôture
3915 3153 24 17 do

3418 3174 139 20 procès-verbal
3576 3173 23 17 de
3618 3173 121 17 vérification
3759 3173 33 17 des
3811 3173 94 19 créances,
3922 3172 19 17 le

3417 3193 93 17 mercredi
3524 3194 19 15 16
3555 3193 40 16 mal
3608 3193 47 18 1934,
3669 3193 13 15 k
3694 3193 11 16 9
3718 3193 68 16 heures
3799 3192 26 17 du
3837 3192 67 19 matin,
3917 3195 24 14 ea

3417 3213 20 17 la
3447 3213 48 17 salle
3505 3214 21 15 B.
3539 3213 76 17 Débats,
3627 3212 18 17 le
3655 3212 74 17 samedi
3739 3212 12 17 3
3761 3212 44 20 juin
3817 3212 48 19 1934,
3876 3212 14 16 à
3900 3212 12 17 8
3921 3211 20 17 h.

3417 3233 26 17 du
3455 3232 67 20 matin,
3536 3236 25 13 en
3573 3232 19 17 la
3605 3232 48 17 salle
3665 3233 21 15 A.

3437 3298 38 17 Par
3490 3297 97 20 Jugement
3603 3296 25 17 du
3645 3296 21 17 13
3682 3296 49 17 avril
3747 3296 48 19 1934,
3811 3296 35 17 ent
3862 3295 31 17 été
3909 3295 33 17 dé-
3962 3292 6 28 j

3416 3312 61 22 claréâ
3491 3321 26 12 en
3530 3317 42 16 état
3585 3316 24 16 de
3623 3316 76 19 faillite,
3715 3319 33 13 sur
3763 3319 48 13 aveu
3827 3319 7 13 :
3850 3316 15 16 1.
3880 3315 62 17 Veuva

3415 3337 56 16 Louis
3489 3337 75 17 Ferain,
3583 3335 105 17 domiciliée
3706 3335 13 18 k
3737 3336 72 18 Forest,
3829 3338 35 14 rue
3882 3334 60 17 Henri

3415 3356 80 18 Maubel,
3507 3357 19 16 4:
3539 3356 11 16 2
3569 3355 68 17 Ferain
3649 3354 212 18 Alfred-Louls-Deslré,
3875 3355 57 19 impri-

3414 3379 59 15 meur,
3490 3375 94 17 domicilié
3598 3375 13 16 k
3626 3374 62 20 TTcele.
3704 3378 34 13 rue
3753 3374 66 18 Victor
3834 3374 73 17 Allard;
3924 3374 17 19 3,
3960 3379 7 11 i

3414 3395 74 17 faisant
3502 3395 94 16 ensemble
3609 3394 18 17 le
3641 3397 109 15 commerce,
3765 3397 34 13 rue
3812 3394 60 16 Henri
3885 3394 47 16 Mau-

3414 3415 36 19 bel,
3466 3415 15 17 4.
3499 3414 13 17 il
3526 3415 72 18 Forest.
3613 3417 46 13 sous
3674 3414 20 17 la
3709 3413 144 17 dénomination
3869 3418 10 12 c
3895 3413 36 16 Eta-

3413 3434 119 17 blissements
3545 3433 136 20 d'Imprimerie
3693 3433 57 17 Louis
3761 3433 75 19 Ferain,
3849 3436 59 13 veuve
3921 3433 20 17 L.

3413 3454 75 18 Ferain,
3500 3454 113 16 Successeur
3626 3457 19 15 *;
3659 3454 17 16 L,
3688 3453 62 17 Veuve
3763 3453 63 16 Pierre
3839 3452 102 20 Flamand;

3413 3474 17 16 2.
3451 3473 93 17 Flamand
3563 3473 66 19 Henri,
3650 3472 138 17 ex-fabricants
3808 3472 24 17 de
3852 3472 90 19 meubles,

3413 3493 104 16 domiciliés
3533 3492 99 17 ci-devant
3647 3491 14 18 à
3676 3492 125 18 Ruvsbroeck,
3818 3491 37 19 154,
3871 3491 61 17 chaus-

3412 3513 32 16 sée
3458 3513 24 16 de
3496 3511 154 22 Grand-^lgard,
3665 3511 134 17 actuellement
3812 3511 13 17 k
3839 3511 103 20 Bruxelles,

3414 3536 33 13 rue
3458 3532 25 17 de
3493 3532 88 18 Malines.
3594 3532 27 17 19.
3631 3531 186 20 Juge-commlssalre
3828 3531 27 16 M.
3865 3530 77 19 Scheys.

3413 3552 100 19 Curateur,
3526 3553 30 16 Me
3568 3551 66 19 Lebbe,
3647 3552 69 15 avocat
3727 3551 12 16 à
3750 3550 104 17 Bruxelles.
3865 3550 77 17 Clôtura

3413 3571 26 17 du
3450 3571 142 20 procès-verbal
3604 3571 23 17 de
3639 3570 122 17 vérification
3773 3570 33 16 des
3818 3570 94 18 créances,
3923 3569 18 17 le

3414 3591 92 16 mercredi
3520 3591 21 16 16
3553 3591 40 16 mal
3607 3591 47 17 1934.
3667 3590 13 16 k
3693 3590 11 16 9
3716 3590 69 17 heures
3798 3589 25 17 du
3837 3589 66 19 matin,
3917 3592 25 14 en
3960 3598 4 3 -

3413 3610 21 17 la
3445 3610 47 17 saUe
3503 3611 22 16 B.
3537 3610 77 18 Débats,
3627 3610 18 17 le
3655 3610 74 17 samedi
3740 3610 12 16 3
3762 3609 44 20 Juin
3818 3609 47 19 1934,
3877 3609 12 16 &
3901 3609 11 16 9
3921 3609 20 17 h,

3414 3630 26 17 du
3451 3630 68 19 matin,
3532 3633 24 14 en
3567 3629 20 17 la
3598 3629 48 17 salle
3658 3631 21 15 A.

3434 3683 39 17 Par
3485 3682 98 20 jugement
3595 3682 26 17 du
3633 3682 22 17 14
3667 3681 52 17 avril-
3729 3680 47 20 1934,
3790 3681 34 17 ont
3837 3680 30 17 été
3880 3680 51 17 décla-

3414 3702 31 17 rés
3459 3705 24 14 en
3498 3702 41 17 état
3553 3702 24 17 de
3590 3702 76 18 faillite,
3680 3705 35 13 sur
3728 3701 120 20 assignation
3864 3703 6 14 :
3883 3700 57 17 Pelle-

3413 3722 56 19 grlno
3486 3722 101 18 Giovanni,
3605 3721 107 19 négociant,
3730 3720 95 17 domicilié
3841 3720 13 16 k
3870 3720 70 17 Molen-

3414 3742 80 16 beek-Sa
3497 3742 38 15 int-
3536 3742 48 15 Jean
3608 3742 36 16 16a.
3661 3743 74 14 avenue
3748 3741 50 16 Jean
3813 3740 94 19 Dubrucq;
3921 3738 19 17 la

3412 3760 71 18 société
3498 3757 120 24 coopérative
3633 3760 115 17 Cimenterie
3761 3759 107 18 Nationale,
3884 3758 56 20 ayant

3414 3783 36 15 son
3463 3780 52 20 siège
3528 3780 61 17 social
3603 3780 13 16 k
3629 3780 98 17 Bruxelles
3741 3779 36 18 Ile,
3793 3779 45 20 quai
3853 3778 33 17 dos
3899 3778 32 17 Usi-

3414 3803 40 16 nes,
3467 3800 37 17 197.
3516 3800 192 19 Juge-commlssalre,
3720 3800 26 16 M.
3757 3799 76 19 Scheys.
3844 3799 95 17 Curateur,

3414 3820 32 17 Me
3464 3819 97 21 Hellporn,
3582 3820 68 17 avocat
3669 3819 12 17 à
3700 3818 103 18 Bruxelles.
3823 3818 75 17 Clôture
3916 3817 23 17 du

3414 3839 141 20 procès*verbal
3575 3839 24 17 de
3618 3839 122 17 vérification
3759 3838 33 17 des
3812 3838 93 19 créances,
3923 3836 16 17 le

3416 3859 92 16 mercredi
3522 3859 20 16 16
3555 3859 39 17 mal
3609 3858 47 19 1934,
3671 3858 12 17 à
3696 3859 11 16 9
3719 3858 68 16 heures
3800 3858 25 16 du
3838 3857 66 18 matin,
3917 3859 22 14 en
3959 3855 15 18 1

3414 3878 21 17 la
3446 3878 49 17 salle
3502 3879 25 18 B.
3538 3878 78 19 Débats,
3627 3878 18 16 le
3655 3878 74 17 samedi
3739 3878 12 16 2
3762 3877 43 20 juin
3818 3877 47 20 1934,
3877 3876 14 18 à
3900 3876 11 17 9
3920 3876 18 17 fc.

3415 3898 28 18 du
3452 3898 68 20 matin,
3531 3900 26 15 ea
3566 3898 21 17 la
3594 3897 49 19 salle
3653 3899 22 16 a.

3436 3943 39 17 Par
3487 3943 98 20 Jugement
3599 3942 26 17 du
3639 3942 21 17 14
3674 3942 48 17 avril
3736 3942 48 18 1934,
3799 3945 12 13 a
3825 3941 31 17 été
3869 3939 68 19 déclaré

3415 3966 25 14 en
3456 3963 42 18 état
3513 3963 24 16 de
3553 3962 76 20 faillite,
3645 3965 34 13 sur
3695 3965 53 15 aveu,
3766 3961 107 17 Clauwaert
3888 3961 50 17 Jean,

3415 3982 102 19 négoolant
3527 3986 24 12 en
3561 3981 117 18 confections
3690 3984 47 15 pour
3748 3982 90 16 ouvriers,
3850 3978 89 19 domicilié

3415 4005 34 14 rue
3467 4001 98 19 Ransfort,
3584 4001 27 18 95,
3630 4000 13 17 k
3660 4000 207 17 Molenbeek-St-Jean.
3886 4000 53 18 Juge-

3415 4021 134 18 commissaire,
3562 4021 27 16 M.
3601 4021 47 18 Day.
3662 4020 99 19 Curateur,
3774 4020 31 16 Me
3817 4020 66 18 Lebbe,
3898 4023 42 12 avo-

3415 4041 34 16 cafr
3459 4040 12 17 k
3483 4039 102 18 Bruxelles.
3597 4039 76 17 Clôture
3685 4039 26 17 du
3722 4039 141 20 procès-verbal
3875 4039 23 16 de
3910 4037 20 17 vé-

3415 4060 97 16 rification
3524 4059 33 17 des
3568 4058 95 19 créances,
3675 4058 17 17 le
3705 4058 92 17 mercredi
3809 4059 21 16 16
3842 4059 39 16 mal
3894 4058 45 19 1934.

3415 4079 12 17 à
3441 4079 11 16 9
3465 4079 69 17 heures
3547 4078 25 17 du
3585 4078 68 19 matin,
3667 4081 24 14 en
3705 4078 20 16 la
3738 4077 47 17 salle
3798 4078 21 16 B.
3834 4078 76 18 Débats,
3924 4077 16 17 le

3413 4099 74 16 samedi
3498 4098 11 16 2
3521 4098 44 20 Juin
3577 4098 48 19 1934,
3638 4101 12 13 a
3662 4097 12 17 9
3686 4097 68 17 heures
3767 4097 25 17 du
3805 4095 68 19 matin,
3887 4101 24 12 en
3922 4096 18 18 la

3413 4117 48 18 salle
3473 4118 21 16 A.

2877 5346 32 21 Ce
2928 5347 66 21 robot
3017 5347 158 26 gigantesque,
3193 5349 39 28 qni
3249 5349 61 23 obéit
3327 5353 46 16 &u
3387 5348 212 21 commandements
3615 5348 29 20 de

2876 5375 43 16 son
2942 5379 12 11 «
2976 5371 106 23 créateur
3105 5382 18 14 »,
3139 5374 133 24 l'ingénieur
3292 5373 126 22 américain
3434 5378 43 19 que
3497 5373 46 20 l'on
3561 5374 45 18 voit
3627 5372 16 21 à

2876 5395 79 24 droite,
2978 5396 89 23 obtient
3089 5403 34 17 nn
3138 5399 58 20 beau
3207 5398 77 21 succès
3295 5397 83 25 anprès
3389 5399 29 20 de
3427 5403 39 15 ces
3476 5399 60 20 deux
3547 5398 94 20 blondes

3050 5423 61 24 girls,
3125 5424 40 25 qui
3178 5423 130 21 l'admirent
3322 5428 31 16 en
3365 5422 110 22 souriant.

3682 4197 53 32 LES
3752 4197 128 31 ROUGES
3903 4196 37 33 ET

3691 4243 54 32 LES
3764 4242 164 32 CAMELOTS

3710 4300 115 25 Béthune,
3841 4301 24 20 15
3880 4298 59 23 avril

3688 4343 22 5 -
3725 4334 31 19 M.
3772 4333 101 22 Masson,
3888 4332 49 24 juge

3683 4364 162 21 d'iDStruction
3863 4362 14 21 k
3894 4360 31 22 Bé-

3685 4395 80 24 thune,
3788 4396 39 25 qui
3849 4391 88 25 instruit

3686 4427 102 21 l'affaire
3831 4424 105 23 d'Henin-

3684 4458 100 24 Liétard,
3831 4457 105 23 occupera

3686 4490 53 21 tous
3765 4490 34 21 les
3826 4489 58 25 Jours
3910 4485 28 21 de

3686 4521 61 22 cette
3761 4520 98 22 semaine
3870 4517 15 21 à
3898 4516 39 21 des

3686 4551 181 25 interrogatoires
3911 4545 26 23 et

3687 4584 40 21 des
3756 4579 180 25 confrontations

3713 4616 32 22 Le
3759 4616 52 24 juge
3825 4619 14 16 a
3852 4607 84 27 Inculpé

3686 4648 22 22 le
3720 4646 92 23 nommé
3823 4643 54 23 Paul
3884 4643 41 19 Car-

3688 4678 96 26 pentier,
3796 4677 26 20 20
3836 4679 46 18 ans,
3896 4670 29 23 mi-

3686 4714 58 17 neur
3766 4708 16 21 à
3803 4701 131 27 Henin-Iilé-

3687 4740 60 23 tard,
3774 4739 99 21 memhre
3899 4734 36 21 de»

3687 4773 116 24 jjunesses
3841 4766 85 24 socialis-

3687 4804 42 22 tes,
3753 4803 40 24 qui
3816 4807 15 16 a
3854 4793 80 27 déclaré

3687 4834 64 21 avoir
3784 4830 91 28 pénétré
3906 4830 28 19 un

3687 4866 41 21 des
3761 4864 107 26 premiers
3900 4859 34 22 des

3685 4895 167 23 contre-manif
3852 4890 80 25 estants

3688 4928 58 21 dans
3757 4928 25 20 la
3793 4927 55 21 salle
3855 4925 29 21 du
3890 4918 44 26 catt

3686 4958 31 22 oft
3740 4959 17 21 n
3777 4957 76 22 s'était
3874 4952 45 24 ba*
3918 4954 15 18 0

3686 4994 56 17 avec
3772 4990 34 22 les
3835 4983 99 27 camelot»

3687 5020 30 22 du
3732 5021 41 21 roi.

3706 5051 136 26 Carp:ntier
3855 5049 34 22 est
3902 5047 24 22 in-

3685 5083 67 25 culpé
3775 5084 28 21 de
3827 5086 66 20 coups
3912 5075 22 23 «*

3690 5114 114 22 blessures
3827 5108 106 26 volontaJf

3684 5149 44 17 res.

3710 5177 31 22 Le
3756 5178 53 24 juge
3822 5176 113 22 d'instruo-

3684 5207 50 22 tlon
3741 5212 14 16 a
3762 5207 112 24 interrogé
3889 5207 48 21 tous

3684 5236 32 21 les
3729 5235 163 22 manifestants
3901 5230 35 30 qui

3681 5268 56 20 sont
3756 5268 136 21 convaincus
3908 5264 27 21 d»

3682 5298 68 22 s'être
3776 5299 58 21 livré
3859 5298 15 21 à
3899 5295 36 21 ds»

3682 5329 120 25 violences,
3823 5335 56 21 pour
3898 5331 25 17 sa-

3682 5361 49 21 voir
3744 5361 16 21 à
3774 5362 51 25 quel
3840 5360 58 26 parti
3909 5358 26 22 O»

3682 5391 184 26 appartiennent.

3681 5422 85 23 Havas.
