4090 5768
1867 100 40 25 10
1944 102 41 22 La
2001 104 156 21 Dernière
2175 102 108 20 Hcuro
2321 100 40 24 10

154 245 20 37 ^
213 242 117 34 POUR
366 243 57 32 LA
464 236 137 38 PÊCHE
637 240 93 33 AUX
764 239 241 32 OCCASIONS
1044 235 21 39 t

393 287 163 25 UTILISEZ
581 286 42 24 LA
648 286 104 22 LIGNE
778 284 45 24 DE

154 331 21 40 ?
303 329 210 39 PETITES
537 326 281 41 ANNONCES
843 325 69 40 DE

371 382 65 58 La
452 380 226 59 Dernière
693 379 154 58 Heure
1043 365 20 72 i

881 438 120 18 IS.E.P.4497
1043 439 19 19 +

1895 438 219 33 MERCREDI
2134 437 21 30 8
2177 433 81 33 MAI
2281 433 86 32 1940

3189 184 97 24 i.m
3290 184 36 22 si
3332 183 35 22 iT
3495 178 63 22 in
3726 175 56 22 m

3206 228 83 41 LE
3317 222 216 44 TEMPS
3560 218 126 42 EST
3716 209 302 68 PRÉCIEUX

3212 282 60 22 mili
3291 285 56 17 tou»
3366 281 114 22 dépense»
3495 279 33 18 lu
3549 278 82 17 neures
3651 276 57 18 sans
3733 274 111 23 compter,
3870 280 52 20 pour
3948 284 68 23 rtuati,

3212 314 46 18 une
3274 308 94 23 aflair-e.
3401 307 132 22 Oan«aores
3548 303 68 23 donc,
3630 301 93 25 chaque
3738 300 60 25 joui,
3813 304 105 25 quelipie»
3932 311 81 23 mlnut.

3211 339 17 22 k
3247 338 25 22 U
3291 337 89 22 lectwe
3399 335 43 22 des
3461 332 91 24 Petite»
3563 332 125 20 Annoncée
3699 328 32 22 de
3742 335 10 12 •
3765 329 34 21 Lt
3810 329 107 27 Dernière
3927 324 90 40 Hsorï?

3213 367 63 22 Von»
3294 370 15 20 j
3329 366 22 21 ir
3350 369 17 17 u
3368 368 27 18 m
3396 367 15 18 e
3410 368 12 16 r
3422 367 27 18 e»
3467 360 174 24 certainement
3656 359 25 21 et
3698 356 52 26 plu»
3765 361 97 19 souvent
3877 364 43 22 qne
3932 368 50 22 Ton»
3995 377 22 13 r.
4029 360 3 30 !

3214 395 23 23 le
3256 397 89 22 ezoje*,
3367 392 121 21 l'occasion
3502 389 31 21 de
3549 388 60 21 faire
3625 390 47 18 une
3687 384 126 22 excellente
3829 386 87 25 affaire.
3995 381 22 15 m
4030 381 4 34 \

3342 438 4 20 I
3350 437 17 22 I
3371 437 15 21 I
3390 436 17 22 I
3411 435 77 23 IIII
3490 431 336 26 IIIIIIIIITTIIIIII
3830 433 35 22 II
3868 422 167 49 IIlMi.J

274 922 89 83 B

482 886 10 19 11

275 1016 14 12 o
311 1009 14 13 o
343 1014 13 12 o

281 1033 34 23 P"*.'
317 1033 5 12 J
321 1032 26 18 .'*.1

380 978 148 96 m"'

494 1013 12 39 i
518 1027 13 4 "
542 1025 8 27 i

254 1351 66 22 Mille
332 1351 81 21 francs
425 1350 16 21 à
454 1350 25 20 la
491 1349 125 25 réception,
629 1349 117 20 Madame.
760 1348 61 20 Pour
836 1347 34 20 les
883 1347 40 19 200
939 1346 79 20 francs
1033 1345 108 21 restants,
1156 1349 60 15 nous

188 1382 59 17 vous
259 1377 93 22 offrons
364 1377 26 21 10
403 1381 32 16 ou
447 1376 26 20 20
487 1375 59 21 mois
559 1375 29 20 de
603 1374 74 21 crédit
692 1374 7 21 !
886 1372 85 21 Dessin
988 1370 75 21 inédit
1079 1370 30 21 de
1125 1370 91 20 Lenoir.

193 2399 30 8 —
234 2389 64 20 Noss'
311 2387 102 22 Mêlante
426 2393 15 15 a
453 2392 55 20 reçu
520 2392 48 15 une
579 2386 51 21 lett"
643 2391 116 20 anonyme
771 2385 53 21 hier
839 2385 6 21 !
863 2384 59 26 Quoi
936 2384 54 25 qu'il
1003 2384 54 21 faut
1070 2389 30 16 en
1113 2384 61 20 faire
1182 2384 12 20 ?

193 2424 29 8 —
233 2414 161 21 R'tournez-la
412 2413 16 21 à
446 2412 156 25 l'expéditeur,
621 2412 79 21 Mâme
715 2411 87 20 Camus
810 2411 7 20 !
886 2410 85 21 Dessin
985 2409 74 21 inédit
1074 2410 28 20 de
1109 2409 113 24 Ray-Mu.

1351 1532 4 6 ■
1367 1521 49 23 Dis,
1431 1525 69 20 papa,
1514 1519 113 25 pourquoi
1642 1518 55 26 qu'il
1711 1518 36 22 est
1761 1518 21 21 si
1796 1517 90 26 maigre
1895 1519 31 20 ?..,

1351 1557 6 5 ■
1368 1547 73 20 Parce
1457 1546 55 24 qu'il
1527 1550 31 16 ne
1574 1544 81 21 bouffe
1672 1549 43 20 que
1732 1544 33 20 les
1780 1544 66 24 jours
1858 1548 57 16 sans
1931 1542 85 23 viande
2033 1543 31 22 !_.
2095 1546 6 5 '

2019 1569 84 22 Dessin
2121 1567 76 22 Inédit
2216 1569 29 22 de
2262 1569 101 25 Dorchy.

2682 1573 29 17 ;":
2756 1586 2 3 .
2776 1573 5 5 '

3829 1053 40 28 La
3893 1061 142 35 restauratio,

3841 1099 66 29 d'un
3927 1103 45 29 de*
3989 1118 15 22 p
4005 1110 26 31 |,

3857 1145 87 31 beaux
3958 1160 63 23 reste.

3824 1192 36 27 de
3885 1193 158 42 Parchitecfc»,

3850 1239 78 29 civile
3944 1245 84 34 ogivele

3862 1296 36 17 en
3915 1288 108 38 Belgiqne

3863 1342 30 18 s*
3913 1341 108 29 poursuit,

3827 1391 71 21 (Pour
3913 1394 62 22 notre
3988 1407 8 10 «
4009 1401 38 25 cod

3824 1422 30 22 de
3866 1423 119 26 l'Amateur
3996 1439 8 11 .
4020 1438 27 18 r»,

3823 1455 34 20 M.
3874 1455 43 22 Ch.
3933 1446 78 41 Varley,'
4022 1469 25 20 „

3825 1486 28 21 de
3872 1487 23 21 la
3914 1488 93 30 Cambre,
4020 1496 24 21 lu

3857 1519 172 29 Woluwe-Saiat-

3890 1552 113 26 Lambert)

1327 1647 87 66 gg
1451 1660 147 51 g~gg

1601 1703 22 34 V

1739 1654 89 30 &apiî

1895 1710 143 91 ~Mf§

1954 2134 11 23 r
1960 2080 141 77 fef#:

1975 2201 125 32 ï-vaY*-

1927 2313 169 26 25¥=^>Vtifi

1330 2388 30 6 —
1372 2378 153 21 N'avez-vous
1542 2382 44 20 pas
1600 2382 46 16 une
1661 2377 46 21 clef
1722 2376 39 26 qui
1775 2382 30 15 va
1819 2382 41 15 sur
1874 2376 78 21 toutes
1965 2376 35 20 les
2013 2376 36 20 vis
2064 2377 12 20 ?

1329 2414 29 5 —
1370 2404 60 23 Non,
1445 2403 61 21 mais
1520 2403 21 20 si
1556 2407 58 17 vous
1632 2402 86 25 voulez,
1736 2402 41 26 j'ai
1795 2407 47 18 une
1860 2402 91 21 bouche
1969 2401 39 25 qui
2026 2407 30 15 va
2074 2406 41 16 sur

1308 2430 53 20 tous
1376 2429 33 20 les
1424 2434 78 15 verres
1518 2429 29 21 !..
1792 2427 86 22 Dessin
1895 2427 75 21 inédit
1987 2424 105 28 d'Ancià,

493 3226 187 21 GRAMMAIRE

214 3262 29 6 —
254 3252 127 21 Dites-moi
398 3257 26 16 ce
440 3256 45 20 que
498 3256 57 16 vous
567 3257 67 15 savez
648 3251 29 20 de
690 3251 24 20 la
726 3251 99 24 syntaxe
839 3251 13 21 ?

213 3287 31 6 —
254 3278 63 21 C'est
337 3282 48 16 une
405 3277 107 20 nouvelle
526 3277 54 20 taxe
593 3276 197 25 supplémentaire
803 3281 48 16 aux
863 3276 53 25 cinq
930 3277 66 21 taxes

189 3303 136 24 primitives,
349 3302 127 21 Monsieur.
660 3302 86 20 Dessin
762 3301 75 22 inédit
852 3302 31 21 de
899 3303 73 25 Coup.

219 4164 38 20 LE
271 4164 79 21 CHEF
364 4164 177 21 CANNIBALE.
553 4175 29 4 —
592 4164 50 21 Moi
654 4169 42 19 pas
709 4164 95 25 pouvoir
816 4169 98 20 manger
926 4164 74 21 Blanc

194 4189 169 24 aujourd'hui...
385 4189 63 21 C'est
457 4189 56 22 jour
527 4195 57 15 sans
598 4190 86 20 viande
700 4190 31 21 !_.

537 4215 84 20 Dessin
634 4214 75 23 inédit
722 4215 30 22 de
763 4215 89 22 Marcel
865 4215 109 21 Antoine.

1334 3052 29 5 —
1375 3042 79 20 Alerte
1472 3042 19 20 !!
1510 3041 79 21 Pierre
1601 3041 67 22 fume
1681 3046 32 17 un
1727 3046 77 17 curare
1817 3042 30 21 de
1859 3047 44 16 son
1916 3042 57 20 colis
1986 3042 55 24 qu'il
2053 3041 66 25 vient

1309 3067 29 21 de
1353 3067 102 21 recevoir
1471 3067 19 21 !!
1708 3067 86 21 Dessin
1808 3067 75 22 inédit
1896 3067 31 21 de
1941 3068 150 20 Blommaert.

3189 1638 17 19 V
3217 1641 10 12 *
3272 1633 24 13 '*-'

3487 1629 197 18 'mr"T<rffi:'-'',i,;:i:,r-

2191 2457 45 27 Un
2252 2457 154 31 hydravion
2424 2458 36 26 de
2477 2457 228 28 reconnaissance
2723 2457 104 32 anglais
2844 2457 139 32 s'apprête
3000 2459 18 26 à
3034 2456 126 29 survoler

2428 2490 40 28 les
2483 2490 90 31 fjord»
2588 2491 37 26 de
2641 2490 136 31 Norvège.
2793 2505 43 5 —
2850 2489 61 29 AT.

1327 3193 228 48 Moulin
1592 3192 213 50 classé

2420 3121 129 27 Exercice
2571 3121 233 27 d'entraînement
2817 3121 36 27 de
2867 3130 117 23 passage
2998 3122 50 27 des
3061 3121 137 32 barbelés,

2662 3170 37 17 en
2714 3161 115 26 France.
2844 3174 43 5 —
2903 3159 39 29 M.

3412 3096 175 31 LORSQUE
3608 3096 176 28 JEUNESSE
3804 3094 155 29 S'AMUSE

3340 3129 82 28 Trois
3438 3139 117 18 oursons
3576 3133 52 24 ont
3642 3130 100 28 décidé
3757 3129 112 28 d'orner
3881 3138 39 18 un
3934 3128 95 32 grillage

3529 3165 18 27 à
3562 3163 60 27 leur
3636 3163 86 30 façon
3736 3164 9 27 !
3758 3177 43 5 —
3814 3162 32 29 B.

1926 3970 46 27 Un
1988 3971 97 29 métier
2101 3971 47 32 qui
2165 3971 131 31 disparaît
2317 3980 9 18 s

1993 4005 70 27 celui
2081 4005 36 27 de
2135 4004 122 27 vannier.

1912 4035 83 21 (Envoi
2011 4035 32 22 du
2057 4033 78 24 soldat
2152 4037 26 19 A.
2195 4036 35 20 De
2246 4035 96 25 Ruyter,

2033 4060 83 23 Armée
2133 4061 81 25 belge.)

1030 4362 38 28 Le
1084 4364 104 28 moulin
1204 4365 36 26 de
1256 4364 303 30 Leerne-Saint-Martin
1582 4367 110 33 (1821)
1714 4379 19 17 a
1751 4370 45 27 été

1030 4396 87 27 classé
1143 4407 50 21 par
1218 4398 28 26 la
1270 4399 185 27 Commission
1484 4400 51 27 des
1562 4401 177 28 Monuments
1767 4406 29 24 et

1347 4432 49 27 des
1415 4433 79 27 Sites.

1018 4460 83 21 (Envoi
1118 4460 29 21 de
1163 4461 28 21 R.
1209 4461 140 26 Goeminne,
1365 4463 79 22 chaus.
1461 4463 28 21 de
1505 4464 114 27 Courtrai,
1636 4466 44 25 115,
1695 4467 110 24 Deynze.)

1961 4844 42 6 —
2020 4833 76 29 SUIS
2096 4835 50 28 JE
2163 4832 120 29 BEAU?

1886 4862 71 22 (Pour
1971 4864 69 22 notre
2057 4875 9 9 «
2084 4865 60 22 Coin
2159 4864 29 22 de
2204 4864 127 21 l'Amateur

1909 4892 44 20 par
1968 4889 33 21 M.
2015 4890 26 21 P.
2055 4892 72 23 Dury,
2141 4889 138 25 Meereigen,
2296 4890 45 24 123,

2007 4915 112 25 Merxem,
2134 4916 104 21 Anvers.)

2017 4985 42 28 m
2076 4971 15 39 i

2133 4991 89 33 Y-jSÎ

232 5512 126 33 Quelque
374 5518 61 27 part
451 5522 35 18 en
503 5513 139 34 Belgique,
657 5525 54 17 une
732 5517 80 32 leçon
824 5528 45 18 sur
881 5519 39 27 les
933 5529 50 23 gaz
997 5520 129 28 intéresse
1139 5521 73 26 deux
1225 5520 82 32 petits
1320 5521 96 27 frères.
1423 5541 6 7 .
1436 5541 6 7 .
1460 5522 94 32 Quant
1567 5527 18 26 à
1598 5525 28 27 la
1640 5531 133 24 mascotte

310 5546 38 27 du
361 5551 141 28 régiment,
516 5547 52 27 elle
582 5548 59 27 doit
653 5549 78 28 avoir
751 5560 102 23 aperçu
869 5561 37 18 un
924 5553 124 27 confrère
1066 5563 57 18 non
1141 5553 57 28 loin
1215 5553 36 27 de
1273 5553 64 28 là...
1355 5567 42 6 —
1414 5554 60 28 AT.
1499 5555 49 32 (N°
1572 5556 121 34 1/345).

1879 5520 20 19 II
1916 5519 46 22 fait
1977 5521 67 22 beau.
2061 5523 43 21 Cet
2120 5522 108 22 amateur
2245 5522 28 21 de
2290 5523 76 24 kayak

1877 5545 67 24 porte
1970 5551 43 16 son
2039 5547 160 22 embarcation
2225 5547 92 25 Jusqu'à
2342 5548 25 21 la

1957 5571 74 26 plage,
2049 5573 16 22 à
2084 5573 109 23 Ostende.
2211 5584 28 5 —
2256 5573 31 22 X.

2706 3330 5 11 •

4086 3899 4 18 1

2688 4116 169 129 Le
2910 4118 899 137 rhumatisme

2733 4339 66 36 est
2809 4333 99 42 bien
2920 4334 228 43 l'affection
3159 4351 86 37 que
3256 4341 158 39 chacun
3424 4340 134 43 craint
3568 4342 38 42 le
3618 4346 94 49 plus
3723 4355 80 41 par

2733 4409 50 28 sa
2804 4395 181 43 douleur
3003 4398 145 49 aiguë.
3168 4399 69 41 Ne
3258 4414 164 37 pensez
3442 4404 171 49 jamais:
3641 4419 79 37 «ça
3741 4407 60 40 ira

2735 4458 136 41 mieux
2883 4457 213 50 demain»,
3105 4473 75 28 car
3189 4474 97 28 sans
3299 4464 107 41 soins
3419 4464 38 41 le
3470 4466 80 41 mal
3566 4474 102 43 peut
3677 4468 112 41 deve-

2737 4520 60 40 nir
2811 4519 241 52 chronique.
3064 4523 121 40 Aussi
3202 4537 53 27 ne
3269 4524 148 42 suffit-il
3432 4540 80 37 pas
3525 4527 223 53 d'apaiser
3760 4530 40 41 la

2738 4580 178 42 douleur
2928 4595 81 37 par
3018 4596 53 27 un
3083 4584 275 53 quelconque
3372 4588 296 44 médicament.
3680 4592 23 40 II
3712 4592 92 41 faut

2738 4656 87 38 que
2850 4655 51 29 ce
2923 4644 174 42 remède
3117 4646 165 42 élimine
3303 4647 61 42 les
3385 4652 197 41 matières
3603 4654 198 41 nuisibles

2738 4705 72 50 qui
2825 4718 48 27 se
2887 4712 94 34 sont
2993 4708 266 42 accumulées
3273 4709 108 43 dans
3398 4712 58 41 les
3470 4715 175 43 muscles
3659 4722 41 34 et
3711 4716 77 41 arti-

2739 4766 216 42 culations.
2971 4768 262 52 L'Aspirine
3251 4774 190 49 possède
3455 4782 112 35 cette
3583 4779 218 50 propriété

2740 4833 43 35 et
2801 4829 212 51 supprime
3034 4844 80 39 par
3132 4831 56 52 là,
3207 4833 61 43 les
3287 4848 154 30 causes
3457 4839 159 42 mêmes
3631 4840 57 42 du
3704 4840 96 42 mal.

2732 4898 1061 135 Aspirine

2781 5037 74 26 IsE
2902 5039 301 32 PROnilIT
3245 5047 33 26 »
3296 5048 29 26 E
3372 5049 389 31 CONFIANCE

2768 5319 161 38 .l'Aspirine
2950 5325 150 35 n'attaque
3122 5330 29 29 ni
3166 5331 30 29 le
3219 5339 101 27 coeur,
3337 5336 29 28 ni
3383 5337 167 33 l'estomac,
3567 5340 30 28 ni
3613 5340 47 29 les
3676 5340 84 28 reins

3920 5578 131 34 IPSOS/TI-I*
