3919 5706
824 296 305 189 LA
1208 294 385 187 VIE
1684 294 181 187 A

117 607 124 13 jjuu\f\j\f\nri
243 606 26 10 ri\-
274 606 26 10 -i-i
302 606 11 4 -*
317 606 11 4 —
331 606 11 4 —
345 606 12 4 —
360 605 40 5 -■-■*
404 605 11 5 —
418 605 12 5 —
434 604 118 6 --»*»■■■■»-».

361 650 238 58 Aquarelle

138 747 162 68 TOUTE
342 745 104 29 baignée
489 745 112 23 d'ombre

239 775 79 25 bleue,
341 775 15 22 à
379 775 57 27 part
460 775 24 22 la
505 773 96 29 grande

237 803 87 23 coulée
362 802 57 23 d'or
457 802 64 22 clair
558 802 43 28 qui

142 833 136 28 s'échappe
295 833 32 22 de
344 832 25 22 la
384 837 44 17 nie
445 831 31 22 de
493 830 24 23 la
533 831 57 22 Mon-

151 863 80 27 tagne,
243 862 24 22 la
278 861 80 22 mette
370 866 50 16 aux
431 859 112 23 trottoirs
555 859 35 22 mi-

143 889 118 23 nuscules
285 887 146 29 dégringole
455 886 35 23 du
513 886 87 29 parvis

143 917 137 25 ensoleillé.

173 947 74 24 Nulle
275 946 104 28 voiture,
408 946 57 23 bien
494 951 48 23 peu
569 944 32 23 de

142 976 147 23 marcheurs
303 976 25 21 la
340 974 146 27 gravissent.
499 974 33 22 Le
546 974 56 27 flux

143 1004 45 23 des
202 1004 115 30 passants
331 1003 87 22 dévale
431 1004 15 22 à
460 1009 48 16 une
521 1002 80 22 allure

147 1031 154 29 qu'accélère
327 1030 22 21 le
372 1030 39 22 sol
436 1029 105 24 déclive,
566 1034 29 16 ce

144 1060 102 25 dernier
265 1060 140 28 contrefort
424 1059 35 22 du
480 1060 122 21 Treuren-

144 1090 60 28 berg
214 1096 9 20 ;
238 1088 32 23 ils
285 1090 60 21 vont
361 1095 96 16 comme
472 1087 45 22 des
531 1088 58 22 auto-

143 1120 86 24 mates,
246 1118 57 22 bras
321 1117 114 25 ballants,
453 1117 98 22 ventres
568 1121 32 16 en

143 1152 100 25 proues.

175 1176 62 22 Tout
249 1174 101 25 là-haut,
362 1173 32 23 de
406 1180 29 16 ce
447 1173 76 22 cadre
534 1179 54 16 som-

145 1204 44 24 bre
203 1205 24 22 et
240 1203 73 28 exigu
328 1203 31 22 de
373 1202 110 23 maisons
498 1202 102 22 étroites

144 1231 124 31 épaulées,
286 1231 24 23 la
329 1229 132 30 Collégiale
480 1229 119 23 déborde.

174 1260 125 24 Précédée
320 1260 31 23 de
372 1265 47 16 son
442 1260 68 22 -taste
532 1265 57 16 esca-

145 1290 49 23 lier
210 1290 15 22 à
242 1288 91 24 double
351 1294 74 22 repos
444 1287 50 29 qui,
513 1287 34 23 tel
566 1293 33 17 un

153 1318 92 24 double
269 1320 25 21 et
318 1317 73 23 blanc
416 1315 130 30 piédestal,
572 1316 24 22 la

146 1348 85 23 dresse
263 1352 91 17 encore
385 1345 56 29 pîus
473 1345 68 25 haut,
571 1350 29 17 sa

144 1382 82 18 masse
236 1375 159 30 gigantesque
404 1373 80 29 surgit
493 1379 33 17 au
535 1378 55 17 som-

145 1408 51 21 met
210 1405 32 22 de
256 1406 25 22 la
295 1404 99 23 colline.

183 1433 147 23 Par-dessus
346 1433 35 22 les
398 1432 83 23 riches
497 1432 24 22 et
538 1430 50 23 déli-

145 1464 69 22 cates
231 1462 141 28 sculptures
390 1462 31 23 de
438 1467 39 17 ses
495 1459 105 30 portails

146 1491 104 27 noircis,
290 1492 25 22 la
353 1489 120 24 colossale
511 1489 88 28 façade

145 1520 91 23 hausse
252 1526 56 17 vers
323 1519 23 23 le
362 1520 48 22 ciel
426 1518 23 23 la
464 1517 137 23 blancheur

145 1548 33 23 de
201 1555 40 16 ses
265 1549 69 21 tours
358 1548 152 27 imposantes
520 1552 10 20 ;
553 1545 47 24 elle

145 1577 64 23 étale
253 1576 240 29 complaisamment,
538 1574 63 23 dans

146 1604 211 28 l'éparpillemenl
381 1603 56 21 d'or
460 1602 31 22 de
515 1601 25 22 la
563 1601 26 22 lu-

144 1634 86 25 mière,
248 1634 121 28 l'exquise
387 1633 152 29 coquetterie
557 1632 44 22 des

145 1667 124 18 meneaux
286 1663 31 22 de
335 1669 40 16 ses
392 1661 118 29 fenêtres,
528 1661 31 22 de
578 1660 24 23 la

146 1691 142 23 balustrade
308 1691 16 22 à
344 1691 57 27 jour
422 1690 43 29 qui
486 1691 72 21 court
578 1689 22 22 le

145 1720 60 27 long
224 1719 31 23 de
275 1725 40 16 ses
337 1718 65 25 toits,
424 1720 24 21 et
468 1717 133 29 l'élégance

148 1748 110 24 extrême
270 1749 43 28 qui
323 1748 133 28 fleuronne
466 1747 132 28 jusqu'aux

144 1778 129 22 moindres
286 1778 114 22 crochets
412 1778 31 22 de
453 1784 40 16 ses
504 1777 86 22 contre-

143 1806 65 29 forts
227 1807 25 23 et
271 1806 31 23 de
321 1812 40 16 ses
381 1805 80 29 légers
480 1804 121 30 pinacles.

488 1840 82 23 JOSE.

108 1879 228 11 VW^g^^^^«««ft/v*A*

697 601 210 74 Chronique
950 599 186 63 musicale

869 693 44 20 par
927 687 100 20 Antoine
1041 687 108 19 YSAYE.

108 1916 521 109 ECHOS

465 2085 163 24 Ouverture—

130 2123 33 21 On
177 2129 53 15 nous
243 2122 88 21 informe
346 2128 39 16 aue
399 2120 159 25 l'inauguration
573 2119 52 21 offi-

99 2152 50 21 celle
160 2151 36 22 des
204 2152 69 21 salons
283 2152 26 20 de
319 2151 21 20 la
352 2148 272 22 Rôtisserie-Cabaret-Res-

102 2183 83 18 taurant
196 2178 120 24 Hellénique
326 2184 52 16 aura
387 2179 48 22 lieu,
444 2184 27 14 en
482 2176 65 25 privé,
557 2182 23 14 ce
591 2176 22 20 di-

100 2210 88 20 manche
200 2210 25 19 2S
237 2210 93 20 courant,
340 2207 60 21 entre
413 2212 22 14 12
449 2209 21 18 et
483 2210 24 20 15
520 2204 79 21 heures.

126 2237 40 20 Les
180 2237 100 22 membres
294 2235 110 21 accrédités
417 2235 27 21 de
457 2236 21 20 la
493 2234 69 21 Presse
577 2235 47 19 sont

100 2265 147 22 cordialement
256 2265 81 21 invités.
346 2265 44 21 Nul
399 2265 63 21 doute
472 2270 40 18 que
522 2262 54 22 cette
584 2263 40 21 fête

100 2294 115 22 recueillera
234 2296 17 20 le
268 2294 69 21 succès
356 2300 39 17 que
414 2292 71 21 mérite
502 2292 21 21 la
541 2291 82 21 louable

101 2323 101 21 initiative
218 2324 28 21 de
261 2329 39 15 son
315 2321 145 25 sympathique
478 2320 145 25 organisateur,

100 2352 33 21 M.
143 2351 122 22 Peisimeris:

349 2393 12 11 •
372 2395 8 8 •

258 2411 62 25 Avis
334 2419 50 17 aux
398 2410 197 25 automobilistes

233 2445 43 30 qui
294 2449 147 19 retournent
459 2451 31 16 en
508 2442 118 30 province

125 2479 66 23 Etant
203 2480 69 21 donné
286 2480 18 20 le
318 2479 65 24 grand
396 2479 86 21 nombre
496 2477 27 24 de
537 2476 86 26 réfugiés

99 2510 38 24 qui
151 2508 91 22 arrivent
258 2507 153 25 régulièrement
427 2513 27 14 au
471 2505 75 22 Centre
561 2505 51 21 d'Ac-

97 2538 52 21 cueil
159 2538 29 21 du
199 2542 32 20 79,
242 2538 116 21 Boulevard
370 2535 104 25 Poincaré,
484 2541 53 15 nous
548 2540 62 19 rappe-

98 2567 47 21 lons
157 2572 41 15 aui
210 2565 165 23 automobilistes
388 2567 36 23 qui
437 2566 84 24 partent
534 2571 26 14 en
573 2569 39 19 pro-

99 2595 66 23 vince,
176 2597 21 18 et
209 2595 36 24 qui
256 2595 169 21 éventuellement
436 2595 94 20 auraient
542 2600 40 15 une
594 2598 27 15 ou

98 2623 100 26 plusieurs
210 2624 67 23 places
290 2622 130 26 disponibles,
433 2622 59 25 qu'ils
506 2621 115 20 rendraient

99 2657 30 15 un
139 2653 65 24 grand
216 2653 75 20 service
302 2659 41 15 aux
355 2651 93 25 réfugiés,
458 2658 27 14 en
497 2656 84 19 passant
592 2649 29 21 les

99 2681 87 26 prendre
196 2687 27 15 au
235 2681 53 22 sièse
298 2682 27 20 de
336 2681 89 20 l'œuvre.
437 2679 29 25 Ce
477 2680 61 21 serait
550 2680 20 21 là
581 2685 41 15 une

98 2708 70 22 action
183 2708 143 22 humanitaire.

357 2736 12 11 *
380 2737 3 3 -

260 2772 135 20 Locataires
415 2771 26 20 et
460 2769 167 26 propriétaires

127 2802 35 21 Un
173 2802 139 24 propriétaire,
323 2802 96 21 habitant
431 2800 129 24 Molenbeek,
572 2805 52 16 nous

101 2836 75 19 expose
195 2837 24 15 sa
237 2830 101 21 situation
358 2831 93 22 critique.
471 2829 59 21 Nous
550 2833 76 15 savons

102 2858 145 25 parfaitement
269 2859 50 23 qu'il
339 2857 63 22 existe
423 2856 36 22 des
480 2855 145 26 propriétaires

102 2888 37 24 qui
156 2887 59 22 n'ont
233 2886 91 22 d'autres
341 2891 113 16 ressources
472 2891 40 19 que
531 2885 18 21 le
567 2884 57 25 loyer

100 2916 27 21 de
143 2916 54 21 lecrs
214 2915 125 22 immeubles.
356 2915 55 21 Mais
428 2915 59 20 notre
504 2918 109 19 correspon-

99 2943 53 23 dant
171 2947 31 18 est
221 2942 84 21 victime
323 2944 62 21 d'une
405 2942 130 25 imprudence
555 2946 68 19 grave.

100 2972 50 26 qu'il
166 2980 14 14 a
196 2972 96 21 commise
308 2978 26 15 en
353 2971 75 21 faisant
446 2970 112 21 construire
576 2975 47 15 sans

94 3006 29 15 ou
130 3006 50 15 avec
188 3006 40 19 peu
233 2998 100 27 d'argent,
340 2999 85 26 puisque
432 3004 38 16 son
476 2997 110 21 immeuble
593 2999 31 18 est

98 3033 62 24 grevé
174 3032 61 22 d'une
249 3031 133 26 hypothèque
396 3031 27 21 de
437 3030 46 26 plus
498 3030 26 21 de
540 3035 83 18 200,000

98 3061 76 22 francs.

125 3090 35 22 S'il
174 3097 27 15 ne
215 3095 53 19 paye
282 3095 37 19 pas
332 3089 29 22 les
376 3088 84 22 intérêts
474 3087 26 21 de
515 3086 53 23 cette
583 3086 29 25 hy-

97 3118 113 25 pothèque,
223 3118 58 21 a-t-il
295 3118 62 24 songé
371 3118 13 20 à
398 3117 20 22 la
431 3116 100 22 situation
544 3116 27 21 de
585 3121 38 15 son

98 3147 84 25 prêteur
191 3147 11 20 ?
216 3146 71 25 Quant
299 3153 41 14 aux
353 3146 157 23 contributions,
523 3151 26 15 en
563 3146 59 18 vertu

98 3175 28 23 de
136 3175 84 22 l'article
232 3176 32 23 16,
275 3176 65 20 alinéa
352 3181 19 18 4,
382 3175 26 22 de
419 3175 20 20 la
450 3175 29 21 loi
489 3174 30 20 du
532 3179 23 14 22
569 3178 53 15 mars

100 3209 57 19 X040,
171 3204 15 21 S
199 3207 51 21 peut
264 3203 113 21 introduire
391 3202 74 25 auprès
479 3202 28 20 du
522 3201 101 21 directeur

98 3233 37 22 des
154 3231 152 22 contributions
324 3238 42 15 une
384 3230 102 21 demande
505 3230 26 21 de
551 3229 61 21 modé-

98 3260 70 21 ration
191 3267 29 15 ou
244 3261 26 23 de
293 3259 175 21 remboursement
493 3258 25 22 de
541 3257 81 25 l'impôt

100 3289 79 21 foncier
195 3288 22 20 et
232 3289 37 22 des
285 3288 78 24 impôts
379 3294 72 19 perçus
468 3293 35 15 sur
518 3286 22 20 la
557 3286 66 20 même

100 3317 49 23 base
165 3323 54 20 pour
234 3317 30 22 les
280 3317 97 21 exercices
394 3316 85 21 écoulés.

329 3373 116 20 Pensions
467 3371 161 22 d'ancienneté

126 3403 58 22 Dans
203 3404 59 19 notre
281 3403 85 21 numéro
385 3403 29 21 du
435 3408 24 14 10
479 3401 72 25 juillet,
571 3407 52 15 nous

101 3437 66 17 avons
181 3432 71 24 publié
268 3438 28 15 un
312 3432 145 23 communiqué
473 3432 29 20 du
519 3430 105 21 secrétaire

102 3460 81 24 général
202 3459 30 22 du
252 3460 103 22 ministère
374 3459 37 20 des
431 3458 105 24 Finances,
557 3457 67 21 relatif

102 3494 41 15 aux
169 3494 96 19 pensons
290 3487 147 21 d'ancienneté.
465 3485 39 23 Ces
530 3485 95 25 pensions

102 3516 86 22 doivent
202 3517 45 21 être
262 3516 75 25 payées
353 3514 161 23 intésralement.

108 3551 38 5 —
331 3540 79 21 ♦H^

677 767 30 19 Je
725 772 59 15 vous
802 767 66 20 avals
887 767 54 20 bien
960 767 35 20 dit
1014 766 103 23 qu'enfin
1136 766 41 19 des

653 795 59 23 joies
737 795 123 20 musicales
887 795 102 20 intenses
1015 793 103 20 seraient
1144 792 24 20 ré-

654 822 93 20 servées
769 827 46 15 aux
837 823 120 19 auditeurs
979 823 32 19 du
1034 822 94 19 concert
1150 822 28 19 de

652 850 111 20 vendredi
784 850 74 23 dirigé
879 855 43 18 par
942 850 97 19 Charles
1060 850 90 23 Strony.

680 877 47 20 Dès
755 879 33 19 les
815 877 126 25 premières
968 882 104 15 mesures
1099 878 28 19 de
1156 878 21 18 la

653 905 85 23 courte,
760 905 61 20 mais
842 905 140 23 suggestive,
1003 906 124 19 ouverture
1149 905 27 19 de

652 934 34 20 La
707 933 100 20 Fiancée
828 934 95 20 Vendue
943 934 29 19 de
993 933 111 19 Smetana
1128 936 39 15 'au-

652 961 53 21 teur
725 960 99 25 tchèqug
845 961 72 23 ayant
938 960 111 20 conservé
1071 961 58 19 dans
1149 965 28 14 sa

655 988 106 23 musique
783 988 21 18 le
827 987 118 20 caractère
967 987 105 20 national
1094 988 24 18 et
1139 991 31 20 po-

655 1016 89 24 pulaire
759 1016 27 20 de
800 1017 23 18 la
836 1016 109 22 Bohême,
960 1016 29 20 où
1004 1021 25 15 se
1043 1015 134 24 mélangent

655 1046 49 21 très
730 1046 229 20 harmonieusement
987 1047 33 19 les
1048 1046 129 20 influences

654 1074 78 18 slaves
746 1077 23 18 et
784 1074 183 23 germaniques),
983 1078 29 15 en
1028 1074 42 23 put
1085 1078 25 15 se
1127 1077 40 15 ren-

652 1104 41 20 dre
713 1105 92 22 compte
824 1109 45 19 que
888 1105 21 19 le
929 1104 55 20 chef
1003 1103 66 20 était'
1082 1102 86 21 entière-

653 1134 65 18 ment
744 1131 84 20 maître
854 1132 30 20 de
910 1132 139 19 l'orchestre.
1076 1131 69 19 Celui-
1150 1132 27 21 ci,

651 1159 92 25 jusqu'à
766 1159 100 24 présent,
889 1165 29 14 ne
940 1165 59 14 nous
1020 1159 65 20 avait
1106 1159 71 24 guère

651 1186 95 21 habitué
764 1187 16 20 à
798 1188 41 19 des
858 1187 133 20 exécutions
1008 1186 113 23 soignées.
1141 1187 36 18 On

652 1215 93 23 sentait,
771 1221 29 14 en
825 1214 101 24 général,
952 1220 44 19 que
1021 1214 78 21 c'était
1124 1216 53 22 trop

652 1242 86 23 brossé,
764 1247 45 20 que
834 1243 188 20 l'enthousiasme
1048 1242 23 19 et
1096 1244 23 19 la
1143 1242 36 20 foi

651 1271 112 20 faisaient
782 1272 53 23 trop
856 1272 98 19 souvent
972 1271 88 23 défaut,
1080 1271 24 18 et
1123 1271 54 24 qu'il

650 1303 16 19 y
686 1299 65 20 avait
772 1304 32 15 un
825 1299 89 20 certain
935 1299 104 22 malaise,
1060 1299 117 24 provoqué

654 1325 117 21 d'ailleurs
794 1330 44 19 par
862 1326 27 18 de
913 1325 119 24 multiples
1056 1327 23 18 et
1103 1325 64 24 légiti-

651 1361 50 14 mes
723 1356 97 19 raisons.
842 1356 20 19 Il
883 1359 16 20 y
921 1356 45 22 eut,
988 1355 61 22 cette
1071 1355 52 23 fois,
1145 1361 31 15 un

650 1385 65 18 souci
734 1384 41 19 des
796 1389 102 15 nuances
918 1384 46 23 qui,
985 1389 56 14 sans
1061 1384 116 20 atteindre

650 1412 23 19 la
690 1411 129 24 perfection
835 1412 41 18 des
893 1412 87 23 grands
996 1411 131 20 orchestres
1142 1411 26 20 -ré-

650 1438 74 24 putés,
742 1438 124 20 mettaient
883 1439 54 20 bien
954 1444 29 15 en
1001 1439 82 20 valeur
1099 1440 78 19 toutes

651 1467 34 19 les
708 1467 127 19 intentions
859 1468 31 18 du
914 1467 161 23 compositeur.
1112 1467 65 20 Nous

653 1498 73 16 avons
746 1492 76 24 goûté,
843 1494 152 21 nota:nment,
1015 1494 21 19 le
1056 1493 71 20 début
1148 1494 28 19 de

650 1524 145 20 l'Ouverture
812 1522 36 24 ^û,
867 1529 28 14 en
912 1523 116 23 sourdine,
1045 1525 33 19 les
1095 1524 81 20 Rordes

653 1553 140 21 reprennent
812 1551 55 18 tour
884 1550 16 20 â
920 1554 58 18 tour,
999 1555 28 16 en
1047 1555 45 15 une
1112 1555 62 15 sorte

650 1581 30 21 de
699 1586 82 17 canon,
801 1586 32 15 un
853 1580 78 20 thème
953 1581 91 23 rythmé
1064 1581 104 20 certaine-

651 1610 65 19 ment
736 1608 88 24 inspiré
845 1609 32 19 du
899 1609 104 20 folklore.

680 1641 32 20 Le
727 1640 99 21 Prélude
842 1640 15 20 à
873 1640 154 24 l'Après-midi
1044 1641 54 19 d'un
1114 1641 51 19 Fau-

652 1679 35 17 ne,
702 1674 29 19 de
745 1673 86 20 Claude
846 1673 112 23 Debussy,
973 1670 133 25 transporte
1122 1673 44 21 l'au-

652 1701 76 20 diteur
746 1701 60 19 dans
826 1706 45 14 une
891 1700 147 23 atmosphère
1059 1700 53 20 bien
1131 1700 36 20 dif-

653 1729 96 20 férente.
770 1729 68 20 Cette
860 1734 58 19 page
941 1730 35 19 est
997 1729 169 19 incontestable-

653 1759 64 19 ment
742 1762 46 15 une
811 1758 42 19 des
879 1757 129 19 meilleures
1034 1757 83 19 sorties
1144 1758 30 18 du

653 1790 98 16 cerveau
774 1786 29 19 de
827 1790 26 15 ce
877 1785 66 24 génie
980 1785 53 20 bien
1069 1785 105 23 français

653 1814 74 24 qu'est
750 1814 98 20 l'auteur
882 1814 29 19 de
946 1812 97 20 Pelléas.
1079 1813 95 19 Celui-ci

654 1840 80 20 s'est-il
748 1840 134 20 réellement
896 1840 86 23 inspiré
997 1839 31 20 du
1042 1839 81 24 poème
1138 1844 27 15 as-

653 1873 38 15 sez
703 1870 83 19 obscur
797 1870 27 18 de
836 1869 116 23 Stéphane
963 1868 136 20 Mallarmé?
1112 1869 60 20 C'est

651 1900 100 23 possible
769 1899 69 25 après
856 1899 58 25 tout,
932 1899 66 23 mais,
1016 1904 46 16 une
1081 1900 45 19 fois
1145 1899 29 20 de

652 1928 58 23 plus,
732 1929 23 19 la
776 1926 131 23 littérature
929 1927 42 24 est,
991 1928 37 23 ici,
1049 1927 125 25 superflue.

650 1955 62 20 C'est
732 1956 28 19 de
780 1956 24 19 la
823 1955 105 24 musique
949 1956 94 21 coulant
1062 1956 29 19 de
1110 1960 56 15 sour-

652 1988 32 15 ce.
709 1984 51 19 Elle
785 1985 36 18 est
845 1984 121 23 diaphane,
992 1983 98 23 éthérée,
1115 1984 60 19 mais

650 2012 44 19 elle
713 2017 58 14 vous
790 2013 135 22 transporte
944 2012 60 19 dans
1024 2017 32 15 un
1076 2012 98 21 sublime

651 2044 99 20 presque
773 2039 149 23 douloureux,
945 2039 53 21 tant
1022 2039 151 24 l'impression

651 2067 174 25 physiologique
846 2069 36 19 est
901 2068 68 19 forte.
989 2068 99 19 Peut-on
1109 2068 67 20 affi>

649 2100 51 15 mer
717 2100 45 19 que
779 2096 22 20 le
817 2096 50 19 solo
884 2096 29 20 de
930 2095 59 20 flûte
1007 2098 37 19 est
1061 2101 45 15 une
1123 2096 43 20 évo-

650 2124 79 19 cation
748 2124 31 19 du
799 2123 63 20 désir
866 2124 11 19 ?
898 2124 37 19 Un
955 2124 69 24 appel
1044 2130 30 14 au
1095 2125 80 23 plaisir

649 2151 41 19 des
711 2156 54 14 sens
770 2151 11 19 ?
803 2152 37 18 Un
861 2152 110 19 souvenir
991 2153 29 18 de
1041 2152 116 20 lascivités
1162 2153 12 19 ?

649 2178 66 20 Cette
734 2178 106 25 musique
858 2189 27 5 —
902 2185 31 15 on
950 2179 109 20 voudrait
1078 2184 97 19 presque

651 2206 118 23 employer
794 2206 21 19 le
839 2206 140 24 néologisme
1003 2206 170 20 d'inouissance

650 2241 59 19 pour
737 2236 130 24 l'exprimer
894 2237 53 20 bien
975 2237 200 23 imparfaitement

648 2273 27 5 —
699 2267 37 18 est
760 2269 90 15 comme
873 2270 33 14 un
931 2264 124 20 frôlement
1080 2266 93 19 d'ondes

649 2293 66 20 entre
732 2291 67 22 l'âme
817 2294 24 19 et
858 2293 33 19 les
910 2298 58 15 sens.

674 2325 56 21 Mon
757 2327 120 20 embarras
901 2327 129 25 d'évoquer,
1056 2333 44 19 par
1132 2329 40 19 des

648 2356 68 21 mots,
736 2356 21 18 le
777 2360 54 16 sens
852 2355 107 25 poétique
979 2357 41 18 des
1040 2357 134 19 harmonies

649 2383 154 23 debussystes.
830 2383 121 20 démontre
976 2384 54 24 qu'il
1055 2384 37 19 est
1117 2384 55 20 vain

648 2411 29 19 de
702 2411 112 20 chercher
838 2411 16 20 à
879 2412 116 23 exprimer
1019 2412 145 23 l'inexprima-

650 2437 43 21 ble.

671 2475 22 19 Il
711 2479 17 20 y
746 2475 65 20 avait
831 2476 131 24 longtemps
982 2481 45 19 que
1046 2482 59 14 nous
1125 2477 39 20 n'a-

647 2503 67 19 vions
740 2508 29 15 eu
794 2504 21 19 le
841 2504 81 23 plaisir
946 2504 30 19 de
999 2504 52 20 voir
1075 2505 97 19 Charles

647 2531 86 23 Strony
748 2536 32 15 au
796 2531 93 24 pupitre
905 2532 60 20 dans
980 2532 40 20 des
1037 2537 91 15 ceuvres
1144 2533 29 19 de

645 2559 72 19 haute
740 2558 81 24 portée
844 2558 135 26 esthétique.
1003 2560 32 20 Sa
1057 2560 113 20 direction

646 2586 36 20 est
703 2587 68 21 sobre
791 2587 25 20 et
837 2587 102 21 incisive.
960 2588 83 20 Aucun
1064 2589 58 19 abus
1144 2589 28 19 de
1180 2590 2 8 :

645 2614 83 24 gestes.
749 2615 96 20 Chacun
865 2617 29 20 de
913 2617 89 18 ceux-ci
1022 2619 36 19 est
1078 2617 92 19 naturel

645 2642 24 20 et
688 2644 115 19 constitue
821 2649 33 15 un
873 2645 80 23 rappel
972 2645 41 19 des
1032 2645 139 20 indications
1180 2643 2 29 j

648 2674 44 19 que
705 2670 22 19 le
738 2670 57 19 chef
807 2675 15 14 a
835 2671 76 19 donné
924 2671 15 19 à
952 2671 24 20 la
989 2670 131 25 répétition.
1134 2672 36 20 On
1180 2675 2 13 1

645 2701 54 19 sent
722 2701 56 19 chez
801 2701 33 19 lui
857 2701 108 20 l'homme
988 2702 30 19 de
1041 2702 83 20 métier
1147 2704 21 18 et

647 2726 98 20 l'artiste
761 2727 28 19 de
805 2726 63 25 goût,
884 2731 24 16 Ft
924 2733 60 14 nous
998 2733 101 15 sommes
1116 2730 45 18 heu

646 2762 57 15 reux
720 2758 29 20 de
765 2758 83 20 rendre
864 2758 30 19 ici
910 2763 33 15 un
959 2759 123 23 hommage
1098 2759 15 20 à
1128 2764 40 14 son

633 2784 5 20 I
644 2786 82 19 talent

633 2814 5 24 I
673 2819 75 24 Après
770 2818 117 22 l'émotion
908 2820 112 20 musicale
1042 2821 130 24 provoquée

649 2851 43 19 par
714 2847 120 20 l'audition
855 2848 32 19 du
910 2847 104 24 Prélude,
1038 2849 16 19 il
1076 2853 38 15 me
1135 2850 38 19 fut

651 2873 133 23 impossible
832 2873 115 20 d'écouter
994 2875 180 20 attentivement

633 2904 5 27 j
647 2903 75 20 Mmes
742 2904 63 23 Thys
825 2905 59 19 dans
904 2910 32 16 un
956 2905 47 20 duo
1022 2905 29 21 de
1071 2906 57 20 Lalo
1148 2907 24 19 et

646 2936 46 15 une
712 2931 99 22 mélodie
831 2932 30 21 de
881 2933 140 19 Schumann.
1043 2934 128 19 J'entendis

648 2960 61 20 deux
735 2960 54 19 voix
814 2960 195 20 admirablement
1035 2960 138 25 équilibrées

646 2988 56 19 dont
715 2988 35 19 les
763 2993 56 14 sons
832 2988 110 20 venaient
955 2994 38 15 me
1007 2990 96 23 frapper
1117 2991 45 18 dou-

648 3017 92 19 cement
768 3016 100 23 l'oreille,
896 3022 83 16 encore
1007 3018 53 23 trop
1087 3019 60 23 empl
1151 3019 20 18 ie

648 3042 40 19 des
704 3042 104 20 suavités
823 3042 158 25 précédentes.
996 3043 120 21 Peut-être
1132 3050 38 14 ce3

645 3073 54 19 voix
720 3072 125 20 féminines
866 3073 228 24 prolongèrent-elles
1116 3081 55 13 mon

646 3100 95 20 extase?
760 3101 32 19 Ce
809 3102 74 20 serait
901 3101 24 21 là
942 3102 21 20 le
981 3103 53 23 plus
1052 3102 37 20 bel
1107 3103 65 24 éloge

647 3134 44 19 que
705 3129 45 19 l'on
763 3130 106 22 pourrait
883 3130 51 21 leur
946 3130 69 21 faire.*
1078 3131 26 19 A.
1119 3131 26 20 Y.

2139 597 104 40 PETITS
2266 591 137 45 MÉTIERS
2428 598 99 37 D'UNE
2551 597 138 38 GRANDE
2716 597 90 39 VILLE

1203 686 173 92 Ici,
1416 708 153 58 on
1626 687 260 79 loue
1944 688 213 78 des
2210 687 593 79 témoins...

1644 843 48 31 Un
1718 849 153 33 reportage
1893 844 37 30 de
1954 844 159 37 Raymond
2138 844 231 37 DUQUENNE

1323 911 57 20 (Suite
1392 911 21 18 de
1425 911 17 18 ta
1455 912 81 19 première
1549 912 51 19 paie)

1223 950 27 5 —
1263 940 59 20 Och!
1337 941 51 19 J*en
1403 942 21 18 ai
1440 940 53 24 déjà
1506 946 31 14 vu
1551 941 40 19 des
1605 939 116 24 mariages

1201 969 29 19 ici
1242 969 27 19 !...
1296 969 31 19 Et
1353 969 40 22 j'ai
1420 969 54 23 déjà
1500 968 36 20 été
1564 968 88 20 témoin
1680 969 41 18 des

1200 999 88 19 mêmes
1302 1004 126 19 personnes
1443 999 53 19 d'un
1511 999 103 23 mariage
1630 1000 23 18 et
1666 998 53 19 d'un

1200 1029 93 18 divorce
1308 1028 89 21 (resic).

1225 1067 27 4 —
1271 1058 54 19 Cela
1345 1062 86 19 prouve
1451 1063 44 16 aue
1513 1058 34 18 les
1565 1058 83 20 clients
1667 1058 53 18 sont

1200 1089 107 18 contents
1318 1088 29 19 de
1359 1092 64 16 vous,
1434 1087 120 23 puisqu'ils
1565 1088 136 18 reviennent
1713 1087 8 18 !

1225 1126 27 5 —
1268 1117 60 19 Bien
1360 1117 101 20 entendu
1473 1117 29 22 !...
1532 1117 61 20 Mais
1613 1118 15 19 il
1647 1117 73 20 existe

1200 1148 78 23 quand
1295 1146 75 20 même
1387 1148 40 18 des
1445 1152 40 14 cas
1502 1147 102 19 bizarres
1614 1147 5 18 !
1639 1147 80 21 Tenez,

1200 1177 60 19 deux
1271 1177 65 23 jours
1349 1179 72 18 avant
1432 1177 24 19 la
1468 1180 89 20 guerre,
1569 1177 47 18 moi
1629 1178 23 18 et
1665 1181 53 14 mon

1199 1207 48 18 ami
1260 1206 41 19 Jef
1316 1207 49 23 (qui
1380 1208 35 18 est
1429 1206 129 23 chômeur),
1573 1211 58 14 nous
1645 1205 75 20 étions

1199 1236 64 20 loués
1280 1237 52 20 tous
1349 1237 33 19 les
1398 1236 65 22 deux,
1481 1237 23 18 et
1520 1241 59 14 nous
1595 1241 72 15 avons
1684 1240 28 15 as-

1199 1265 62 23 sisté,
1275 1270 54 16 sous
1342 1266 21 20 le
1378 1266 84 23 porche
1476 1266 28 20 de
1518 1264 84 21 l'Hôtel
1617 1265 27 20 de
1659 1264 53 21 vill*

1198 1295 15 19 à
1225 1300 45 15 une
1283 1296 91 23 dispute
1388 1297 65 19 entre
1464 1296 34 19 les
1511 1296 77 18 futurs
1601 1295 46 23 qui,
1659 1296 52 18 fina-

1198 1325 93 22 lement,
1304 1326 54 18 sont
1371 1325 75 24 partis
1458 1325 91 19 chacun
1563 1326 27 18 de
1604 1325 50 19 leur
1668 1323 51 20 côté

1199 1360 55 15 sans
1270 1360 25 15 se
1312 1355 86 19 marier
1408 1355 27 20 !...

1221 1394 27 4 —
1268 1385 71 18 Votre
1359 1385 35 18 sa*.
1403 1385 42 19 :ire
1466 1385 52 19 n'en
1539 1384 39 23 fut
1598 1388 44 19 Que
1664 1384 52 23 plus

1199 1416 171 22 promptement
1383 1415 76 23 gagné
1470 1415 8 17 !
1612 1431 9 8 ,

1223 1454 27 4 —
1267 1444 51 23 Oui,
1334 1445 24 19 et
1374 1449 28 18 ça
1419 1444 98 19 tombait
1533 1444 15 20 à
1564 1443 37 25 pic
1608 1442 14 20 Y
1637 1441 82 22 i'-valt*

1198 1474 128 23 justement
1340 1474 60 19 deux
1415 1474 116 23 mariages
1546 1479 26 14 ce
1586 1473 39 23 joi:
1629 1478 3 8 :
1658 1478 11 13 j

1223 1513 26 4 —
1264 1504 98 21 D'après
1377 1504 22 18 la
1415 1504 38 23 loi,
1467 1508 57 14 vous
1540 1508 29 13 ne
1584 1507 86 19 pouvez
1687 1503 23 18 té-

1198 1534 92 22 moigne
1292 1538 7 9 1
1297 1538 6 5 '
1335 1534 60 18 dans
1415 1538 32 14 un
1468 1534 104 22 mariage
1592 1538 56 13 sans
1669 1533 49 18 être

1198 1564 83 22 parent
1293 1568 30 13 ou
1336 1565 50 17 tout
1398 1568 30 13 au
1443 1564 75 18 moins
1529 1567 57 16 seins
1598 1563 121 19 connaître

1198 1593 34 19 les
1243 1593 91 22 fiancés
1348 1598 28 13 ou
1391 1593 22 18 la
1426 1591 89 25 famille
1527 1593 10 18 f

1223 1632 27 4 —
1263 1622 52 22 Oui,
1330 1623 19 18 si
1365 1627 57 15 vous
1437 1622 98 19 voulez...
1550 1622 61 19 Maife
1626 1622 19 19 si
1660 1626 58 14 vous

1197 1656 82 18 croyez
1294 1652 67 23 qu'on
1379 1657 15 18 y
1409 1652 97 24 regarde
1522 1652 28 19 de
1565 1653 19 18 si
1600 1651 54 24 près
1664 1652 5 18 !
1687 1651 30 19 Et

1197 1682 58 23 puis,
1267 1682 73 21 tenez,
1353 1681 36 23 ici,
1401 1687 43 18 par
1456 1682 110 23 exemple,
1578 1687 30 14 on
1621 1687 28 14 ne
1662 1682 55 22 peut

1196 1716 42 19 pas
1249 1712 49 19 dire
1310 1716 44 18 que
1366 1716 64 16 nous,
1442 1716 29 14 on
1482 1717 29 14 ne
1522 1716 25 15 se
1558 1710 94 20 connait
1664 1716 51 19 pas:

1197 1746 30 14 on
1243 1746 15 14 a
1275 1741 31 19 bu
1322 1740 78 20 tantôt
1417 1741 116 20 ensemble
1551 1741 60 19 deux
1627 1746 12 12 c
1648 1740 71 19 demi-

1196 1775 86 19 gueuze
1291 1776 11 12 >
1316 1770 93 20 sortant
1423 1771 27 19 de
1465 1771 23 19 la
1501 1770 76 20 même
1591 1770 108 19 bouteille
1711 1770 5 18 !

1222 1800 147 19 L'interview
1385 1801 168 20 occasionnelle
1570 1801 48 22 prit,
1632 1800 77 19 subite-

1196 1831 65 19 ment
1282 1830 36 19 fin
1328 1835 5 14 :
1357 1830 67 20 d'une
1445 1830 53 19 voix
1519 1830 27 19 de
1567 1831 97 21 stentor,
1686 1834 30 15 un

1195 1860 102 19 huissier
1313 1860 85 21 venait,
1416 1864 29 16 en
1463 1860 65 22 effet,
1546 1860 141 19 d'annoncer
1697 1864 5 15 :

1221 1899 27 5 —
1263 1889 131 19 L'Echevin
1413 1890 28 20 de
1459 1887 126 22 l'état-civil
1596 1889 5 19 !

1221 1919 20 20 Il
1254 1919 58 20 était
1325 1923 55 16 onze
1393 1919 85 19 heures
1491 1919 148 23 vingt-cinq...

1221 1948 51 20 Une
1288 1949 46 19 fois
1350 1948 126 22 terminées
1491 1949 35 19 les
1541 1948 144 20 cérémonies
1702 1947 13 20 â

1195 1979 24 19 la
1233 1979 83 20 mairie
1330 1980 24 18 et
1368 1977 15 20 à
1397 1978 93 24 l'église.
1506 1977 119 20 Monsieur
1639 1978 77 22 Louis,

1196 2014 30 15 en
1244 2009 46 20 bon
1307 2009 165 22 commerçant,
1491 2008 46 20 tint
1555 2007 16 20 à
1589 2007 121 24 présenter

1196 2043 57 15 avec
1265 2037 93 21 naïveté
1372 2040 23 18 et
1410 2038 123 24 gaucherie
1548 2043 37 14 ses
1600 2043 67 14 vœux
1682 2038 34 18 les

1197 2069 117 19 meilleurs
1335 2073 46 14 aux
1402 2073 122 15 nouveaux
1545 2067 80 24 époux.
1648 2067 29 19 Et
1700 2067 14 18 i!

1197 2103 59 15 nous
1277 2098 77 24 quitta
1376 2102 41 16 sur
1438 2098 61 19 cette
1521 2098 85 23 phrase
1628 2096 87 20 clichée

1197 2128 54 24 qu'il
1266 2128 76 19 débite
1355 2126 16 21 à
1386 2129 52 20 tous
1453 2133 38 15 ses
1506 2128 82 19 cllvuts
1599 2132 6 14 :

1222 2168 27 4 —
1266 2158 28 19 Je
1311 2162 38 15 me
1367 2158 163 20 recommande
1548 2158 41 20 des
1608 2157 45 20 fois
1671 2162 45 19 que

1198 2193 57 14 vous
1275 2188 78 19 auriez
1373 2192 45 16 une
1438 2188 122 19 naissance
1581 2192 30 15 ou
1631 2192 33 15 un
1684 2187 22 20 di-

1197 2222 87 15 vorce...

1223 2247 20 20 Il
1259 2252 16 18 y
1292 2252 15 14 a
1324 2247 55 19 chez
1395 2252 26 15 ce
1439 2253 11 13 «
1458 2247 140 20 Beulemans
1624 2247 38 24 qui
1681 2247 32 19 dit

1197 2278 51 19 tout
1268 2277 62 20 droit
1350 2277 84 22 dehors
1454 2282 25 15 ce
1499 2277 54 23 qu'il
1573 2281 70 19 pense
1651 2283 12 11 »
1683 2282 32 14 un

1197 2311 100 19 manque
1312 2307 27 20 de
1353 2308 49 18 tact
1415 2307 38 23 qui
1466 2307 46 19 fait
1525 2307 95 21 sourire,
1634 2307 23 19 et
1672 2311 43 15 un*»

1197 2335 108 21 sinc-érité
1318 2337 39 23 qui
1371 2337 61 19 ravit
1444 2336 89 24 malgré
1545 2337 58 20 tout.
1617 2336 97 20 Peut-or.

1196 2367 33 19 lui
1246 2367 60 22 jeter
1322 2366 23 20 la
1362 2367 75 23 pierre
1452 2367 29 24 si,
1499 2367 58 18 dans
1575 2371 41 15 son
1634 2365 82 20 métier

1197 2395 105 24 original,
1317 2396 15 18 il
1347 2396 96 23 possède
1457 2396 53 20 l'art
1523 2396 28 20 de
1566 2396 59 20 faira
1640 2395 75 20 flèche

1197 2426 28 19 de
1238 2427 52 18 tout
1302 2425 50 20 bois
1364 2425 32 21 ?...

1440 2473 11 10 *
1461 2472 11 11 *

1223 2484 74 25 Après
1318 2483 49 22 être
1388 2484 60 20 ainsi
1467 2485 163 20 fortuitement
1650 2484 65 21 entré

1197 2519 29 15 en
1242 2516 96 22 rapport
1354 2519 56 15 avec
1427 2520 30 14 un
1473 2514 87 20 témoin
1576 2515 139 24 profession-

1768 913 65 19 Dans
1845 918 45 14 une
1903 913 70 23 petite
1986 918 40 15 rue
2039 913 82 19 étroite
2136 914 26 19 de
2175 914 22 19 la
2211 915 52 18 ville

1742 941 84 24 bordée
1842 942 147 20 d'anciennes
2004 943 103 19 maisons
2123 943 28 19 de
2167 951 13 11 «
2194 944 68 19 cavit-

1743 971 36 23 jes
1789 977 10 13 »
1814 972 23 18 et
1852 971 27 20 de
1895 972 87 19 vieilles
1998 972 113 22 bicoques,
2128 973 53 20 d'un
2196 973 66 19 autre

1743 999 51 25 âge,
1815 1005 59 15 ncus
1894 1006 73 15 avons
1988 1000 130 24 cependant
2139 1001 121 20 découver:

1744 1035 45 16 une
1812 1030 136 23 inscription
1971 1031 100 23 typique.
2106 1031 51 19 Unc
2191 1034 65 17 carte

1744 1059 104 24 épinglée
1861 1065 40 15 sur
1913 1060 21 20 le
1947 1061 149 19 chambranle
2109 1062 72 18 noirci
2195 1062 66 18 d'un?

2289 919 30 15 un
2336 915 88 23 maigre
2441 914 147 24 supplément
2604 916 104 20 combien
2727 916 71 26 appré-

2290 942 34 21 cié
2343 944 129 23 cependant
2484 944 4 18 !
2510 945 19 19 Il
2548 946 58 19 n'est
2625 946 51 23 plus
2695 947 28 19 ici
2743 953 56 18 ques-

2289 973 49 19 tion
2358 974 28 19 de
2405 979 11 11 «
2425 974 138 19 Eeulemans
2572 981 10 12 »
2600 975 15 19 à
2635 976 22 19 la
2676 977 52 19 face
2748 978 50 18 rubi-

2289 1003 70 19 conde
2372 1005 22 18 et
2407 1003 15 19 à
2433 1004 95 20 l'accent
2541 1005 128 25 marollien,
2681 1008 59 19 mais
2753 1007 53 19 d'un

2289 1033 118 20 monsieur
2419 1034 116 23 distingue
2548 1036 151 20 connaissant
2711 1036 34 20 les
2759 1037 39 19 mil-

2289 1062 20 19 le
2330 1064 22 18 et
2374 1067 44 16 une
2438 1064 188 24 chauss^-trapes
2646 1066 68 19 d'une
2735 1066 71 20 admi-

1755 2172 23 23 A
1791 2173 101 23 l'ombre
1905 2173 30 23 de
1947 2174 24 23 la
1982 2177 58 19 tour
2052 2172 30 24 de
2096 2171 140 29 St-Michel,
2249 2172 22 23 le
2284 2181 137 17 commerce
2435 2175 42 24 des
2491 2174 107 24 témoins
2611 2179 37 20 est
2661 2175 137 30 prospère...

1210 2658 107 87 14

141 3579 165 46 Music-Hall
318 3579 37 44 du
372 3579 217 45 Saint-Sauveur

128 3677 32 19 Le
170 3679 107 17 nouveau
286 3675 116 24 spectacle
412 3675 30 20 de
452 3675 62 20 cette
523 3675 104 20 semaine

105 3705 40 19 est
158 3704 169 20 extrêmement
341 3703 98 24 copieux
449 3709 6 18 ;
472 3705 66 18 outre
554 3705 21 19 le
590 3704 38 19 bel

108 3733 119 20 orchestre
245 3733 28 19 de
291 3732 80 24 Sykes,
388 3733 17 20 il
422 3737 59 16 nous
498 3733 37 18 est
552 3731 76 20 donné

108 3761 125 19 d'admirer
249 3760 40 20 dix
304 3761 147 19 attractions.

133 3789 65 19 Nous
221 3793 113 19 revoyons
357 3792 57 16 avec
436 3789 81 23 plaisir
539 3789 89 19 Marcel

108 3816 100 21 Antoine
221 3818 41 23 qui
276 3821 16 14 a
305 3816 106 23 toujours
425 3818 84 19 autant
523 3816 104 19 d'ennuis

112 3849 57 16 avec
193 3845 82 19 Slache
299 3845 25 18 et
347 3845 72 22 Olive,
442 3849 57 15 sans
523 3845 106 23 compter

109 3873 157 20 Toutouneke.
281 3873 60 24 Suzy
355 3873 58 23 Roy,
428 3874 23 18 la
465 3873 77 19 Zarah
555 3872 74 19 Léan-

110 3901 44 20 der
167 3901 73 23 belge,
256 3906 31 14 au
302 3901 76 19 talent
392 3900 42 20 sûr
450 3902 25 19 et
489 3900 65 23 âpre,
569 3905 59 15 nous

109 3929 87 20 chante
212 3928 111 24 quelques
340 3929 87 23 grands
444 3927 81 21 succès
543 3933 24 19 et
584 3930 36 19 ter-

109 3956 65 20 mine
189 3960 45 20 par
248 3962 13 13 «
267 3956 32 19 Le
314 3957 57 19 vent
386 3956 47 20 m'a
448 3956 35 20 dit
496 3961 47 15 une
558 3957 71 19 chan-

95 4003 3 3 .
114 3989 41 14 sen
163 3991 18 16 »,
204 3985 42 24 qui
269 3984 37 20 est
328 3984 210 24 magnifiquement
561 3984 61 20 Inter-

109 4012 75 26 prété.

137 4042 32 19 Le
182 4040 68 22 ténor
262 4041 116 22 Mouchet,
389 4041 107 23 toujours
508 4041 64 19 aussi
584 4041 36 20 cal-

110 4074 39 17 me
160 4072 25 20 et
195 4069 122 24 olympien,
327 4068 69 25 après
408 4074 58 16 nous
475 4069 67 20 avoir
552 4068 77 25 régalé

111 4097 72 21 d'airs
198 4097 133 23 classiques,
345 4097 85 20 chante
445 4097 65 19 enfin
525 4102 12 13 <
545 4097 85 23 Aimer,

110 4126 66 21 boire
191 4128 25 21 et
230 4125 98 20 chanter
335 4130 20 17 »,
370 4125 52 19 tout
437 4130 31 14 un
484 4129 146 19 programme

110 4154 56 25 qu'il
193 4153 88 21 semble
307 4151 216 26 particulièrement
550 4152 73 24 appré-

108 4183 53 20 cier
170 4183 7 20 !

137 4212 34 20 Le
194 4211 112 25 gracieux
329 4209 89 24 couple,
442 4209 71 23 Serge
536 4209 25 19 et
583 4210 50 19 MIa

108 4241 97 20 Karine,
225 4238 128 25 interprète
372 4243 46 15 une
437 4238 64 21 valse
520 4237 104 20 acrobati-

108 4274 46 20 que
168 4268 49 23 très
230 4269 54 19 bien
298 4266 94 21 enlevée
406 4270 24 20 et
444 4265 117 20 accueillie
575 4270 56 15 avec

218 5013 35 23 Le
269 5012 74 24 ténor
357 5014 160 23 MOUCHET.

108 5056 86 20 faveur
207 5060 45 20 par
265 5055 22 21 le
301 5055 84 24 public.
400 5056 108 22 Luciana,
524 5061 32 15 un
570 5055 60 24 petit

108 5085 99 20 Rubens
225 5083 131 24 malicieux,
374 5084 38 19 est
429 5088 33 15 un
479 5084 91 23 peintre
589 5085 41 23 qui

108 5111 123 25 n'emploie
249 5116 43 20 paa
311 5112 28 20 de
359 5112 113 23 pinceaux
489 5116 60 19 pour
566 5116 55 15 exer-

107 5146 42 16 cer
161 5146 44 15 son
218 5140 46 23 art,
276 5140 61 20 mais
351 5140 54 20 bien
417 5140 30 20 de
460 5139 119 24 mufciples
591 5144 30 20 pe-

109 5169 45 23 tits
182 5169 106 21 chiffons
321 5167 52 22 (des
405 5173 13 14 <
425 5167 81 24 loques
515 5173 12 14 >
559 5167 72 20 disait

108 5198 95 22 Slache)
222 5197 47 26 qui,
288 5195 104 26 disposés
410 5200 57 16 avec
484 5196 39 19 art
538 5200 43 16 sur
596 5201 34 14 un

109 5227 95 20 tableau
228 5226 31 21 ad
283 5226 51 23 hoc,
359 5225 106 24 figurent
487 5223 91 21 bientôt
602 5224 29 19 de

106 5256 139 22 Charmants
259 5257 129 22 paysagesv

132 5285 107 24 Gaspard
254 5282 63 25 Féri,
329 5282 79 22 viclon
422 5281 93 25 tzigane
529 5281 25 19 ot
567 5281 63 19 Mme

104 5314 67 21 Félie
187 5312 131 24 Doehaerd,
333 5310 138 25 cantatrice,
487 5309 144 20 enchantent

103 5348 94 17 comme
214 5341 109 25 toujours
342 5340 34 20 les
394 5339 153 25 spectateurs,
566 5337 64 21 ravis

103 5377 47 22 par
170 5376 34 17 un
225 5371 76 23 talent
322 5375 30 16 en
373 5368 78 26 pleine
472 5367 112 21 maturité
605 5367 25 19 et

102 5402 44 20 des
160 5401 60 21 dons
234 5398 69 22 innés
316 5398 42 25 qu!
372 5402 26 18 se
412 5397 83 25 jouent
509 5396 41 20 des
565 5395 55 20 diffi-

100 5429 85 24 cultés.

127 5460 83 22 Enfin,
228 5464 42 15 nos
288 5457 61 22 amis
365 5456 82 22 Rhum
462 5455 26 21 et
502 5453 127 22 Fernando

99 5488 129 25 apportent
243 5487 25 22 la
282 5487 78 21 bonne
376 5485 55 22 note
447 5484 113 25 comique.

538 5513 24 26 J.
576 5513 28 22 I»

684 3195 88 48 Pour
790 3195 54 48 les
863 3197 281 47 automobilistes

743 3299 96 74 Les
886 3302 197 87 permis

708 3412 65 73 de
801 3413 314 73 circulation

1197 3306 80 25 Notre
1295 3308 173 28 photographe
1485 3316 14 15 a
1517 3307 104 24 déniché
1653 3310 65 21 cette

1194 3338 89 29 plaque
1294 3347 47 21 que
1353 3339 121 29 plusieurs
1485 3339 106 23 lecteurs
1603 3339 102 23 connais-

1238 3374 77 19 sent...
1334 3370 166 24 Schaerbeek:
1525 3378 33 21 14,
1578 3371 96 24 Place...

1198 3415 43 22 nel,
1258 3414 66 21 l'idée
1341 3421 58 15 nous
1415 3416 51 20 vint
1482 3416 28 19 de
1526 3421 58 15 nous
1600 3417 85 20 mettre
1701 3416 12 19 à

1198 3445 24 18 la
1233 3445 123 20 recherche
1369 3446 28 19 de
1409 3446 163 23 quelques-uns
1584 3447 27 19 de
1623 3451 37 15 ses
1672 3446 36 20 col-

1199 3474 78 23 lègues
1296 3475 27 18 de
1342 3474 200 24 l'agglomération
1559 3475 138 20 bruxelloise

1223 3502 65 21 Nous
1305 3508 72 16 avons
1393 3504 68 23 passé
1477 3505 27 20 de
1520 3505 96 24 longues
1631 3505 84 19 heures

1198 3534 85 19 autour
1301 3533 41 20 des
1360 3535 103 18 maisons
1482 3535 158 21 communales
1659 3534 15 20 à
1693 3535 20 19 ls

1198 3562 137 20 découverte
1351 3563 140 20 d'écriteaux
1504 3564 128 24 proposant
1646 3565 24 19 Ta
1685 3565 26 19 1^

1199 3592 78 20 cation
1294 3592 28 20 de
1340 3592 106 20 témoins.
1463 3593 21 19 A
1500 3594 51 19 vrai
1568 3594 56 22 dire,
1641 3594 28 20 ils
1686 3599 30 15 nt

1199 3622 53 19 sont
1268 3627 42 18 pas
1327 3622 146 21 nombreux...

1739 2230 66 23 porte
1818 2228 130 23 vénérable,
1962 2230 87 23 portait
2063 2234 38 17 ces
2115 2229 74 24 lignes
2202 2230 55 19 dont

1739 2264 58 14 nous
1815 2260 135 22 respectons
1967 2260 23 19 la
2006 2260 115 23 plaisante
2140 2259 111 24 orthogra-

1740 2289 43 24 phe
1794 2294 5 14 :

1765 2324 12 13 €
1793 2319 33 19 Ici
1843 2320 39 18 ont
1900 2324 44 18 peu
1961 2319 64 19 louez
2041 2319 40 22 dez
2098 2319 86 19 témoin
2201 2325 57 18 pour

1741 2349 136 22 marriages.
1893 2349 105 19 divorces
2016 2350 23 18 et
2057 2348 121 20 naisenses
2198 2349 52 20 (son-

1740 2379 28 18 né
1783 2379 56 19 trois
1853 2379 66 22 fois),
1933 2380 52 20 prix
1998 2378 118 20 modérées
2124 2383 18 13 ».

1765 2409 20 19 Il
1801 2409 117 23 s'agissait
1935 2409 54 19 d'un
2004 2409 71 19 brave
2090 2409 100 21 homme,
2207 2408 44 20 chô-

1740 2443 66 15 meur
1819 2438 151 22 nécessiteux,
1984 2438 47 21 très
2045 2438 161 22 débrouillard,
2220 2439 38 24 qui

1739 2473 25 15 se
1781 2468 99 24 plaignit
1896 2467 144 21 amèrement
2056 2469 86 19 devant
2158 2473 59 15 nous
2234 2479 24 4 —

1740 2503 28 15 en
1781 2503 31 14 un
1824 2498 99 23 langage
1936 2499 75 20 voisin
2023 2499 27 19 de
2063 2499 59 19 celui
2135 2498 28 20 de
2176 2499 82 20 Slache

1739 2538 26 4 —
1779 2528 28 20 de
1821 2528 23 19 la
1858 2527 133 24 dénatalité,
2005 2529 28 19 de
2047 2530 24 19 la
2084 2529 62 19 forte
2161 2528 89 20 diminu-

1740 2559 49 20 tion
1804 2559 30 18 du
1848 2558 96 19 nombre
1959 2558 40 20 des
2014 2558 84 20 unions
2112 2564 29 14 en
2155 2564 39 14 ces
2209 2559 41 19 der-

1740 2589 62 19 niers
1818 2589 81 23 temps,
1916 2590 23 18 et
1954 2588 28 21 de
1997 2588 23 19 la
2034 2588 76 20 baisse
2128 2589 39 19 des
2184 2589 66 18 divor-

1741 2623 39 14 ces
1790 2618 27 23 !...
1841 2617 84 20 C'était
1947 2617 30 23 là,
2000 2623 30 14 on
2054 2618 48 20 s'en
2126 2618 76 22 doute,
2226 2623 32 14 un

1741 2648 118 24 plaidoyer
1874 2654 12 12 c
1893 2653 42 18 pro
1952 2648 67 19 domo
2027 2653 17 18 »,
2061 2650 23 18 et
2100 2653 46 15 non
2163 2653 31 15 un
2211 2649 38 23 api-

1740 2678 112 19 toiement
1886 2677 90 20 sincère
1996 2678 87 20 devant
2102 2680 38 18 cet
2159 2678 51 20 état
2230 2679 28 18 de

1738 2708 87 19 choses.

1766 2737 21 20 A
1804 2736 152 22 Schaerbeek,
1974 2741 58 16 nous
2050 2742 72 15 avons
2140 2743 31 18 pu
2189 2739 61 18 inter-

1739 2767 85 19 viewer
1842 2766 119 19 Monsieur
1977 2766 93 23 Marcel,
2088 2772 32 15 un
2137 2768 50 19 vrai
2206 2768 51 18 chic

1741 2797 62 25 type,
1815 2798 83 18 accent
1909 2796 70 28 pariai
1981 2801 35 19 ai,
2028 2797 161 19 conversation
2202 2796 52 20 inté-

1742 2827 109 18 ressante.
1961 2831 3 5 ■
1976 2821 24 24 ."*

1766 2863 27 6 —
1805 2854 124 20 Efes-vous
1942 2859 82 17 encore
2037 2855 81 23 appelé
2131 2856 64 18 aussi
2208 2860 42 14 sou-

1741 2886 56 17 vent
1812 2884 16 18 à
1844 2884 129 23 témoigner
1988 2885 110 23 qu'avant
2114 2885 23 18 la
2153 2890 83 19 guerre
2248 2886 9 18 f

1741 2913 33 19 lui
1789 2913 211 20 demandons-nous
2014 2920 29 13 en
2057 2914 121 19 liminaire.

1765 2953 26 4 —
1791 2943 36 19 Oh
1839 2943 5 19 !
1857 2942 41 20 sûr
1908 2949 43 18 que
1963 2948 45 15 non
2020 2944 6 19 !
2038 2944 63 20 Vous
2111 2949 87 19 pouvez
2209 2950 48 15 car^-

1741 2972 91 21 rément
1847 2973 48 20 dire
1909 2973 15 20 à
1939 2978 41 15 vos
1993 2975 100 20 lecteurs
2107 2979 44 19 que
2166 2975 56 20 c'est
2237 2976 21 18 ie

1740 3008 116 15 marasme
1868 3003 21 19 le
1902 3003 50 24 plus
1964 3004 100 23 complet
2075 3004 59 20 dans
2145 3009 56 15 mon
2211 3005 37 20 mé-

1740 3033 50 20 tier.
1801 3033 61 18 Rien
1873 3037 29 15 ne
1913 3033 93 19 marche
2017 3038 6 15 :
2036 3034 24 19 ni
2071 3034 33 19 les
2116 3034 135 20 naissances

1741 3062 24 19 ni
1782 3064 34 19 les
1834 3063 203 20 reconnaissances
2055 3064 111 23 d'enfant,
2184 3065 25 19 ni
2226 3065 22 19 di-

1741 3096 86 18 vorces,
1848 3092 23 19 ni
1890 3094 122 22 mariages,
2032 3093 24 19 ni
2076 3093 74 20 même
2183 3093 74 21 décès.

1741 3121 60 20 C'est
1815 3121 15 20 à
1844 3121 73 20 croire
1931 3127 43 19 que
1989 3124 33 18 les
2036 3127 57 19 gens
2108 3127 28 15 ne
2151 3126 104 17 meurent

1741 3151 52 23 plus
1803 3151 28 20 !...

1766 3189 28 6 —
1812 3181 109 19 Combien
1938 3182 94 19 coûtent
2051 3187 41 14 vos
2109 3182 101 20 services
2221 3183 10 18 t

1765 3219 28 5 —
1804 3210 33 20 Le
1851 3211 70 20 client
1934 3211 75 20 donne
2023 3217 25 14 ce
2063 3212 54 23 qu'il
2131 3213 60 18 veut.
2206 3213 43 19 Evi-

1741 3240 125 22 demment,
1887 3245 58 18 nous
1964 3246 103 19 pouvons
2086 3242 31 19 lui
2137 3242 50 19 dire
2207 3248 44 18 que

1741 3269 187 23 ordinairement,
1947 3276 58 14 nous
2025 3274 110 17 recevons
2154 3272 54 18 telle
2227 3277 29 14 ou

1741 3299 53 20 telle
1814 3304 102 15 somme..
1942 3300 60 20 Mais
2020 3301 21 20 si
2061 3300 20 20 le
2102 3301 98 19 chaland
2222 3305 33 16 esl

1740 3333 45 15 une
1800 3329 70 20 brave
1885 3330 70 22 petite
1969 3331 86 18 femme
2070 3331 80 19 timide
2164 3333 24 17 et
2202 3336 54 15 sans

1740 3358 21 19 le
1774 3363 42 16 sou
1828 3368 26 4 —
1866 3363 28 19 ça
1907 3360 74 19 arrive
1992 3360 5 19 !
2012 3371 25 4 —
2050 3360 68 22 alors,
2131 3360 55 20 c'est
2199 3366 57 18 pour

1740 3387 70 22 rien..

1765 3418 37 19 Au
1815 3423 68 14 cours
1897 3418 27 20 de
1937 3424 42 16 nos
1993 3419 191 24 pérégrinations,
2198 3425 58 15 nous

1740 3451 72 16 avons
1826 3448 64 20 aussi
1904 3448 120 21 rencontré
2039 3454 31 15 un
2085 3450 103 23 emploj-é
2203 3456 44 18 pen-

1739 3476 81 20 sionné
1833 3478 28 19 de
1873 3476 132 25 l'état.-civil,
2017 3479 39 23 qui
2068 3483 58 15 nous
2139 3479 67 20 offrit
2219 3485 36 14 ses

1739 3507 101 19 services
1855 3512 58 14 aveo
1928 3508 129 20 courtoisie.
2074 3508 66 23 Cest,
2157 3515 28 14 en
2202 3509 53 21 tous

1740 3537 83 22 points,
1845 3536 94 22 suivant
1958 3540 24 18 la
2003 3539 99 20 formule
2125 3540 123 19 consacrée

1739 3570 31 15 un
1784 3566 78 23 «petit
1875 3566 68 20 vieux
1956 3568 52 19 bien
2022 3572 103 20 propre»
2139 3568 115 23 jouissant

1739 3594 68 20 d'une
1834 3595 105 20 modeste
1966 3598 96 23 pension
2080 3599 23 18 et
2119 3603 24 15 se
2161 3599 87 19 faisant

1739 3629 43 19 par
1794 3625 33 20 les
1839 3624 158 27 témoignages
2010 3627 67 24 qu'on
2090 3628 32 19 lul
2135 3628 113 20 demande

1514 3724 181 79 EN
1770 3724 705 87 PROVINCE

1365 3896 28 59 A
1429 3895 118 73 Liège

1231 3982 118 20 HAUSSE
1363 3982 131 21 ABUSIVE
1508 3983 164 20 REPRIMEE

1218 4018 20 19 Il
1256 4018 108 20 convient
1382 4018 27 19 de
1427 4018 65 19 louer
1509 4018 136 20 hautement
1663 4018 39 19 l'es-

1194 4046 46 23 prit
1260 4046 137 20 d'initiative
1418 4046 28 19 de
1467 4048 23 19 la
1509 4046 73 24 pcllce
1603 4046 107 24 liégeoise

1192 4076 45 23 qui,
1259 4075 86 20 durant
1365 4075 23 20 la
1409 4075 102 20 semaine
1533 4075 143 24 précédente,
1698 4081 13 14 a

1193 4102 88 22 intenté
1295 4104 25 19 63
1334 4103 192 24 procès-verbaux
1540 4105 15 19 à
1568 4105 40 19 des
1623 4104 79 20 contre-

1194 4132 98 19 venants
1323 4137 46 14 aux
1398 4131 89 21 arrêtés
1519 4132 139 20 interdisant
1689 4133 22 19 la

1192 4161 85 19 hausse
1292 4160 40 21 des
1347 4161 57 22 prix.
1419 4161 44 19 Les
1477 4161 175 19 marchandises
1666 4162 35 18 sai-

1194 4189 47 20 sies
1267 4190 145 22 comportent
1436 4188 54 24 près
1514 4189 55 19 d'un
1594 4189 58 20 total
1677 4190 28 19 de

1193 4217 70 19 50.000
1279 4217 49 23 kgs.
1345 4217 62 19 Onze
1423 4221 126 20 personnes
1565 4219 41 18 or.it
1623 4217 36 21 été
1675 4223 27 15 ar-

1194 4245 81 22 rêtées,
1295 4246 192 20 soixante-et-une
1511 4245 137 21 Infractions
1671 4247 40 19 ont

1194 4273 37 20 été
1255 4273 108 23 relevées,
1387 4274 145 21 constituant
1555 4275 46 19 soit
1626 4275 84 20 hausse

1194 4302 85 22 illicite,
1306 4302 47 19 soit
1380 4303 68 19 vente
1474 4302 29 20 de
1531 4302 95 19 denrées
1654 4307 56 16 sans

1193 4330 102 22 timbres,
1308 4331 46 19 soit
1368 4333 68 17 vente
1451 4331 149 22 clandestine,
1614 4333 45 21 soit
1673 4331 27 20 dé-

1194 4358 147 19 tournement
1363 4359 28 19 de
1414 4359 103 23 prcduiits
1539 4359 125 22 rationnés.

1234 4414 109 20 COMME
1365 4415 42 20 ON
1428 4416 37 20 SE
1486 4416 167 20 RETROUVE
1664 4416 7 21 î

1219 4457 36 19 On
1266 4457 34 19 les
1313 4457 63 19 avait
1388 4458 110 21 attendus
1509 4458 53 20 bien
1574 4459 136 24 longtemps,

1194 4489 38 15 ces
1248 4485 175 23 sympathiques
1440 4486 70 23 petits
1528 4492 11 13 «
1548 4486 68 20 kakis
1624 4493 19 17 »,
1659 4492 42 19 par-

1195 4514 30 21 tis
1242 4514 97 23 quelque
1358 4517 53 20 part
1429 4515 58 18 dans
1506 4516 22 18 la
1546 4516 88 23 grande
1651 4516 50 20 Alle-

1198 4546 89 19 magne.
1309 4543 31 18 Et
1361 4542 63 23 jeudi
1447 4542 97 23 dernier,
1564 4542 68 24 Liége
1654 4544 57 19 était

1195 4569 57 20 fière
1266 4570 27 19 de
1306 4571 75 19 revoir
1393 4571 61 20 leurs
1467 4571 137 20 frimousses
1616 4572 86 21 inchan-

1194 4597 60 25 gées.
1273 4599 99 19 Partout
1392 4604 29 14 en
1440 4599 59 24 ville,
1519 4601 191 23 attroupements,

1196 4627 100 23 parlotes
1318 4632 5 14 :
1346 4627 27 22 ils
1392 4630 54 20 sont
1464 4628 116 23 vraiment
1599 4631 53 18 tous
1672 4635 29 19 ga-

1195 4655 67 22 lants,
1277 4660 42 14 nos
1332 4660 55 19 gars
1401 4657 113 19 «anciens
1528 4657 170 21 combattants»
1702 4659 6 19 !

1194 4685 21 19 A
1233 4683 22 20 la
1274 4684 101 19 terrasse
1395 4684 40 20 des
1453 4684 65 20 cafés
1538 4686 70 23 aussi,
1626 4691 31 15 on
1676 4687 34 20 les

1195 4719 15 14 a
1222 4716 50 18 vus,
1285 4712 104 23 lampant
1402 4712 104 25 gaîment
1519 4715 33 20 les
1566 4715 57 19 bons
1638 4716 72 20 demis

1195 4745 43 19 que
1250 4741 50 19 leur
1312 4741 123 23 apportent
1446 4742 28 20 de
1487 4742 66 23 jolies
1564 4747 146 19 personnes...

1195 4769 59 19 Mais
1271 4770 24 18 la
1312 4768 60 24 piété
1390 4770 72 19 filiale
1480 4770 117 24 l'emporte
1614 4772 96 23 bientôt,

1196 4797 30 21 oï,
1246 4796 106 21 désireux
1372 4798 29 19 de
1421 4799 76 19 revoir
1517 4799 50 21 leur
1587 4799 68 21 chère
1676 4801 26 19 fa-

1195 4825 69 22 mille,
1284 4831 43 16 nos
1347 4826 121 21 militaires
1489 4827 41 20 ent
1550 4827 54 24 déjà
1624 4829 35 19 dit
1679 4835 30 14 au

1195 4854 76 19 revoir
1289 4859 45 15 aux
1352 4855 151 22 scl.iciteuses
1522 4856 27 20 de
1568 4857 77 20 toutes
1662 4862 40 15 sor-

1195 4883 43 22 tes,
1254 4884 24 19 et
1294 4887 25 15 se
1335 4882 83 24 hâtent
1432 4889 54 14 vers
1502 4884 21 20 le
1539 4885 44 19 toV:
1601 4887 109 22 paternel.

1194 4912 64 19 Nous
1275 4911 33 21 les
1324 4916 72 17 avons
1413 4912 173 26 accompagnés,
1603 4915 27 19 de
1646 4920 64 15 cœur

1195 4940 24 19 et
1237 4940 29 20 de
1284 4939 91 24 pensée,
1394 4941 106 24 jusqu'au
1520 4942 73 21 terme
1612 4942 29 20 de
1661 4944 50 19 leur

1194 4973 87 19 voyage
1298 4967 130 24 émouvant

1353 5026 84 21 POUR
1458 5027 98 20 AIDER

1195 5055 56 20 LES
1272 5055 148 21 ARTISTES
1442 5055 269 23 PROFESSIONNELS

1349 5084 43 20 DE
1405 5085 39 20 LA
1459 5084 98 21 SCENE

1220 5126 50 20 Une
1294 5131 79 15 œuvre
1398 5127 31 19 du
1451 5126 53 24 plus
1527 5127 76 24 grand
1627 5126 85 22 Intérêt

1193 5154 64 20 vient
1275 5155 71 20 d'être
1364 5155 122 25 organisée
1503 5155 60 20 dans
1582 5155 21 21 le
1621 5156 42 22 but
1681 5158 27 19 de

1192 5183 67 20 venir
1276 5189 29 15 en
1322 5184 53 20 aide
1394 5189 46 16 aux
1458 5184 95 21 artistes
1571 5185 130 23 profession-

1193 5213 49 21 nels
1261 5213 28 19 de
1308 5213 24 20 la
1350 5212 76 24 scène.
1445 5214 48 22 Des
1512 5212 197 25 représentations

1191 5242 81 19 seront
1285 5241 101 23 données
1399 5243 16 20 à
1426 5241 70 26 Llége
1510 5242 24 20 et
1547 5243 59 21 dans
1618 5242 24 19 la
1654 5243 45 19 ban-

1192 5270 65 19 lieue.
1277 5270 30 21 M.
1327 5271 162 24 Defralcheux,
1510 5272 27 19 de
1557 5270 153 23 l'Université,

1192 5303 16 15 a
1223 5297 36 22 été
1275 5299 92 20 nommé
1384 5299 124 25 président.

1342 5338 28 60 A
1399 5339 155 61 Anvers

1249 5419 40 19 LE
1305 5418 151 22 WEIMARE
1476 5421 176 20 r>€TJTSCHES

1298 5447 303 24 NATIONALTHEATER

1216 5481 140 21 L'ensemble
1372 5484 31 20 du
1418 5485 147 21 «Weimarer
1578 5485 131 21 Deutsch'es

1193 5510 202 22 Natlonaltheater
1401 5518 13 15 »
1445 5515 42 23 qui
1515 5517 122 23 comporte
1668 5516 40 21 260

1737 3894 141 24 exécutants,
1905 3900 26 15 se
1961 3896 129 24 produirait
2119 3898 125 22 prochaine-

1736 3926 64 19 ment
1820 3923 15 19 à
1855 3924 96 22 Anvers.
1971 3927 32 18 Le
2024 3930 147 19 programme
2191 3932 51 14 com-

1737 3951 64 22 porte
1818 3950 33 22 les
1868 3951 81 24 opéras
1966 3955 51 19 «La
2034 3953 90 21 fiancée
2141 3955 110 20 vendue»

1735 3982 22 18 et
1779 3979 151 24 «TIefland».

1760 4013 45 21 Les
1829 4014 196 24 représentations
2051 4016 119 21 suivantes
2194 4020 56 18 sont

1734 4040 130 25 également
1879 4043 96 24 prévues
1994 4051 5 14 :
2017 4052 11 12 «
2038 4045 80 20 Minna
2134 4046 27 19 de
2178 4046 72 20 Barn-

1733 4070 61 19 helm
1809 4078 11 12 »
1835 4072 23 19 et
1873 4073 12 18 r
1900 4074 165 20 «Enlèvement
2080 4074 40 21 des
2135 4075 115 20 Sabines».

1761 4099 140 22 L'ensemble
1919 4107 25 16 se
1962 4103 109 25 produira
2089 4101 129 25 également
2235 4104 16 20 à

1734 4128 62 23 Lille,
1814 4130 81 19 Rouen
1913 4132 24 20 et
1953 4133 31 20 Le
2001 4132 84 21 Havre.

1760 4164 35 19 On
1822 4165 100 21 s'attend
1951 4166 129 26 également
2108 4167 15 21 à
2150 4172 27 15 ce
2205 4173 44 18 que

1735 4193 132 20 l'orchesitre
1894 4195 198 24 philharmonique
2117 4196 28 19 de
2171 4197 78 19 Berlin

1734 4220 74 21 donne
1825 4222 113 23 plusieurs
1954 4224 105 21 concerts
2075 4224 58 20 dans
2151 4225 22 21 la
2189 4226 50 23 capi-

1733 4249 52 20 tale.
1801 4250 105 24 Certains
1922 4253 86 20 d'entre
2023 4257 45 16 eux
2081 4255 81 18 seront
2176 4252 64 21 réser-

1733 4277 39 23 vés
1791 4283 45 15 aux
1852 4280 121 24 militaires
1990 4281 135 21 allemands.

1907 4376 28 59 A
1964 4375 115 61 Gand

682 3518 37 21 En
734 3524 44 14 vue
793 3520 28 19 de
834 3520 24 18 la
873 3519 101 20 revision
989 3520 41 20 des
1044 3519 87 25 permis
1145 3520 28 19 de

652 3548 137 20 circulation
806 3554 60 18 pour
881 3551 35 20 les
934 3549 117 20 véhicules
1068 3550 97 19 automo-

652 3578 64 23 biles,
730 3578 116 20 l'autorité
861 3579 131 20 allemande
1006 3580 46 19 fait
1065 3580 80 24 porter
1158 3579 14 20 à

652 3608 24 19 la
689 3608 167 20 connaissance
871 3608 31 19 du
916 3608 77 24 public
1007 3613 44 19 que
1065 3614 60 18 pour
1138 3608 25 20 ré-

651 3637 66 20 duire
729 3638 85 19 autant
824 3642 45 19 que
881 3637 99 25 possible
992 3639 34 21 les
1038 3638 132 19 demandes.

650 3667 18 19 il
682 3671 17 19 y
714 3671 16 15 a
744 3667 47 19 lieu
807 3667 28 19 de
853 3672 141 19 remarquer,
1010 3672 44 19 que
1070 3669 7 18 1
1086 3668 74 18 autori
1177 3671 192 30 ^•«•••e»««
1372 3673 56 19 S99
1430 3673 75 19 «««c
1507 3674 605 22 90e9999e80C0S99eec09#AAse99eetto<

653 3697 79 19 satlon
743 3696 27 20 de
781 3697 99 19 circuler
889 3702 29 14 en
928 3697 140 20 automobile
1079 3702 29 14 ne
1119 3698 78 24 peul^

658 3725 49 20 être
723 3725 114 20 formulée
847 3731 6 14 :
1177 3723 20 18 •

679 3762 32 20 A)
727 3762 24 19 Si
763 3762 146 20 l'utilisation
922 3763 102 19 d'autres
1036 3766 96 20 moyens
1145 3762 51 20 de*>

652 3792 120 23 transport
788 3793 36 19 est
839 3792 106 23 possible,
961 3792 44 20 tels
1020 3797 45 19 que
1076 3797 6 14 :
1100 3794 70 19 tram-
1175 3784 20 36 J

652 3825 70 19 ways,
742 3821 141 23 bicyclettes,
903 3822 44 19 etc.
951 3827 6 18 ;
1174 3821 20 19 •

677 3850 31 22 B)
727 3850 84 23 Quand
827 3851 17 19 il
861 3855 29 14 ne
906 3851 68 23 s'agit
990 3855 44 20 que
1051 3851 28 20 de
1095 3850 84 20 l'utili-,

652 3880 77 19 sation
759 3880 169 19 occasionnelle
959 3880 96 23 d'autos,
1074 3881 96 19 attendu

652 3914 45 19 que
714 3914 58 19 pour
790 3914 26 14 ce
833 3914 40 15 cas
891 3910 40 19 des
948 3910 61 19 taxis
1026 3911 54 19 sont
1097 3910 65 24 dispo-

653 3939 80 19 nibles.

678 3975 45 19 Les
739 3974 86 24 permis
842 3976 95 23 portant
952 3975 34 20 les
1002 3974 109 21 numéros
1127 3975 12 19 1
1156 3976 13 19 à

653 4003 44 23 500,
714 4003 58 23 5,001
787 4003 16 20 à
818 4004 59 21 6,000
892 4008 30 15 ou
938 4003 70 22 12,001
1024 4004 16 20 à
1054 4004 71 21 12,500
1141 4009 29 14 ne

654 4033 93 20 doivent
769 4038 43 19 pas
835 4033 49 20 être
907 4032 135 22 renouvelés
1063 4034 98 20 actuelle-

653 4062 71 19 ment
741 4062 37 20 En
796 4067 26 16 ce
839 4063 40 23 qui
896 4063 34 21 les
948 4067 119 20 concerne,
1085 4064 15 19 il
1118 4068 51 15 sera

654 4090 77 21 statué
745 4091 197 20 ultérieurement.

679 4127 46 19 Les
746 4128 87 23 permis
854 4133 84 19 rouges
960 4127 98 22 délivrés
1080 4129 89 23 jusqu'à

655 4155 93 25 présent
779 4158 23 19 et
833 4158 95 23 portant
944 4158 101 19 d'autres
1062 4158 108 20 numéros

655 4185 94 20 doivent
767 4185 48 20 être
834 4186 134 20 renouvelés
998 4192 59 19 pour
1088 4188 81 19 autant

655 4214 67 23 qu'ils
739 4215 105 19 tombent
871 4221 56 14 sous
957 4215 156 25 l'application
1142 4217 28 19 de

655 4243 162 21 l'ordonnance
831 4244 119 21 ci-dessus.

680 4279 45 19 Les
738 4279 85 24 permis
836 4285 83 19 rouges
932 4282 88 19 restent
1033 4286 29 15 en
1075 4282 92 23 vigueui

655 4308 108 24 jusqu'au
774 4313 104 17 moment
889 4310 28 19 de
928 4310 51 20 leur
990 4311 83 19 retrait
1084 4315 29 14 ou
1125 4311 37 22 jus-

657 4337 54 24 qu'à
732 4338 88 19 l'octroi
843 4339 66 19 d'une
932 4339 104 20 nouvelle
1059 4340 104 19 autorisa-

655 4367 59 21 tion.

682 4403 45 20 Les
747 4403 86 24 permis
853 4404 152 23 temporaires
1025 4404 80 21 blancs
1126 4408 37 16 res-

657 4433 52 20 tent
720 4437 29 15 en
762 4433 97 23 vigueur
871 4438 58 19 pour
940 4434 24 19 la
975 4433 70 20 durée
1058 4435 39 22 qui
1109 4439 15 19 y
1137 4436 34 19 est

657 4461 113 25 indiquée.
780 4462 34 19 La
826 4462 160 24 prolongation
997 4463 28 20 de
1036 4468 39 16 ces
1086 4464 86 23 permis

657 4493 49 19 doit
718 4491 50 20 être
780 4491 117 24 sollicitée,
910 4497 32 14 au
953 4497 84 18 moyen
1049 4493 28 19 de
1091 4494 23 18 la
1127 4494 37 18 for-

657 4522 62 20 mule
734 4520 93 26 prévue,
843 4522 72 19 avant
929 4522 51 19 leur
995 4522 136 23 expiration.

683 4559 64 19 Pour
758 4558 34 22 les
804 4557 86 24 permis
902 4557 80 22 blancs
994 4557 109 20 accordés
1115 4563 58 18 pour

657 4594 32 15 un
705 4589 77 23 temps
798 4586 153 20 indéterminé
968 4591 31 15 ou
1013 4586 16 21 à
1044 4587 55 21 titre
1117 4589 47 18 tem-

655 4619 99 24 poraire,
765 4622 45 15 une
822 4616 105 20 nouvelle
939 4616 113 21 demande
1064 4616 49 20 doit
1124 4616 49 21 être

656 4647 127 22 introduite
802 4645 200 21 immédiatement
1019 4650 41 15 sur
1077 4646 24 19 la
1118 4651 46 14 nou-

655 4678 60 20 velle
731 4676 108 21 formule.

682 4711 191 24 Conformément
903 4711 16 21 à
948 4710 163 21 l'ordonnance
1143 4711 29 19 du

654 4744 14 20 9
686 4744 52 24 juin
756 4743 60 26 1940,
834 4735 155 27 l'admission^
996 4741 43 19 des
1056 4740 117 20 véhicules

655 4775 37 19 est
707 4774 59 20 faite
781 4777 45 20 par
841 4772 21 20 le
878 4770 173 25 Bourgmestre,
1067 4774 40 15 Bur
1122 4770 51 19 avis

655 4804 68 20 d'une
743 4803 149 20 commission
911 4799 121 25 composée
1050 4800 29 19 de
1099 4799 65 24 repré-

655 4834 108 20 sentants
779 4833 28 20 de
823 4832 24 19 la
862 4830 116 21 Chambre
995 4829 29 19 de
1039 4828 133 20 Commerce

655 4865 24 19 et
697 4862 103 20 d'autres
820 4861 152 24 organismes.

678 4898 46 22 Les
737 4896 126 21 intéressés
875 4897 56 19 sont
944 4893 63 26 priés
1020 4893 28 21 de
1062 4894 110 20 remettre

654 4928 62 20 leurs
728 4926 126 21 demandes
865 4924 16 20 à
891 4925 24 19 la
926 4924 91 19 Maison
1027 4924 144 21 communale

654 4962 32 15 au
698 4957 53 24 pîus
764 4955 53 20 tard
831 4956 21 19 le
865 4954 13 19 3
891 4952 57 21 août
961 4952 57 20 1940.

679 4994 46 19 Les
742 4991 127 21 demandes
887 4989 96 20 remises
1013 4988 68 25 après
1111 4990 60 19 cette

651 5025 55 19 date
725 5022 81 21 seront
827 5019 100 22 classées
947 5025 59 19 pour
1026 5025 96 17 examen
1141 5022 24 19 ul-

651 5051 97 23 térieur;
771 5051 34 19 les
825 5049 126 20 demandes
972 5048 148 24 incomplètes
1140 5054 26 15 se-

654 5079 56 20 ront
722 5076 107 25 rejetées.

679 5115 33 19 Le
731 5113 143 20 demandeur
893 5111 49 21 doit
959 5111 92 20 fournir
1068 5112 34 22 les
1120 5117 42 15 ren-

655 5142 158 26 seignements
832 5140 105 21 suivants
946 5145 7 16 :

679 5179 25 21 1)
723 5180 105 19 Prouver
845 5176 55 25 qu'il
917 5178 36 20 est
970 5177 152 25 propriétaire
1139 5178 31 20 du

651 5209 105 21 véhicule
769 5210 25 19 et
807 5213 45 19 que
865 5206 78 23 toutes
955 5209 34 19 les
1002 5210 66 20 taxes
1081 5211 42 19 ont
1135 5209 37 21 été

654 5235 96 27 payées;

679 5265 25 21 2)
722 5265 111 24 Indiquer
848 5269 28 15 sa
892 5265 139 23 profession;

681 5295 25 21 3)
721 5294 110 20 Justifier
842 5299 29 15 sa
884 5293 119 21 demande.

680 5332 48 20 Des
748 5331 102 20 affiches
870 5331 54 19 sont
943 5331 111 24 apposées
1075 5337 41 15 sur
1135 5333 34 19 les

655 5366 65 16 murs
738 5361 42 20 des
797 5360 103 21 diverses
918 5365 134 16 communes
1071 5362 28 21 de
1117 5362 43 25 l'ag

650 5390 155 26 glomération
828 5389 139 21 bruxelloise
991 5391 25 19 et
1037 5392 94 23 portent
1154 5391 16 21 à

654 5422 24 20 la
699 5420 168 21 connaissance
888 5419 31 20 du
940 5419 77 24 public
1038 5420 77 22 toutes
1137 5422 33 19 les

654 5451 131 21 conditions
800 5449 55 25 qu'il
870 5449 54 20 faut
938 5449 96 24 remplir
1049 5455 59 18 pour
1121 5450 40 20 l'in-

651 5480 134 21 troduction
800 5479 68 20 d'une
883 5478 114 21 demande
1011 5479 29 20 de
1054 5480 87 23 permis
1155 5479 14 20 H

648 5514 25 23 U
694 5510 140 24 circulation
855 5509 131 22 ultérieure.
1174 5527 4 7 ,

2283 2230 125 20 nistration
2423 2229 28 21 où
2467 2232 14 19 il
2498 2237 68 18 passa
2581 2232 33 19 les
2629 2232 59 19 deux
2703 2232 56 19 tiers
2775 2232 26 19 dc

2282 2265 26 14 sa
2324 2261 42 19 vie.

2309 2297 29 21 Si,
2352 2297 59 19 dans
2425 2297 101 20 certains
2539 2297 71 23 cafés,
2624 2303 30 14 on
2668 2298 80 19 trouve
2762 2299 41 18 des

2284 2326 100 21 témoins
2405 2327 75 24 parmi
2502 2328 33 19 les
2555 2327 115 26 habitués,
2691 2328 59 20 dans
2771 2329 33 19 1er

2283 2355 75 22 hôtels
2379 2356 27 21 de
2427 2357 58 22 ville,
2505 2362 30 15 on
2554 2359 62 22 peut,
2636 2362 98 20 presque
2753 2359 41 18 tou-

2283 2385 71 24 jours,
2376 2385 48 21 être
2445 2386 131 24 également
2596 2386 44 20 tiré
2661 2387 141 20 d'embarras

2283 2420 29 15 en
2328 2418 99 22 prenant
2444 2417 22 18 la
2481 2421 115 19 personne
2611 2417 68 23 qu'on
2694 2422 30 16 ne
2739 2422 55 14 man-

2283 2450 44 19 que
2340 2446 66 23 point
2420 2446 27 19 de
2462 2451 56 15 vous
2533 2447 176 19 recommander
2722 2452 29 15 en
2765 2452 30 19 pa

2283 2475 64 20 reîlîe
2365 2480 145 17 occurrence.
2529 2477 44 19 Les
2591 2476 52 24 prix
2661 2479 53 17 sont
2732 2478 62 19 sensi-

2283 2505 102 21 blement
2405 2506 86 23 pareils
2511 2506 58 19 dans
2589 2506 64 21 toute
2673 2506 121 25 l'agglomé-

2283 2535 77 20 ration
2380 2536 144 19 bruxelloise.
2544 2536 117 20 Maria;<s
2672 2542 5 14 :
2699 2536 25 19 12
2744 2536 15 21 à
2778 2537 23 19 lf

2282 2565 86 21 francs,
2385 2566 91 19 maison
2493 2567 145 19 communale
2656 2566 72 22 seule;
2746 2567 26 19 20
2788 2566 12 20 à

2282 2594 26 19 25
2327 2595 28 21 fr.
2375 2599 56 15 avec
2450 2596 130 20 assistance
2598 2596 15 20 à
2631 2595 93 25 l'église.
2743 2597 50 23 Bap-

2282 2624 73 20 têmes
2367 2630 5 14 :
2389 2624 25 20 10
2428 2626 29 19 fr.
2471 2625 111 20 Divorces
2594 2632 5 13 :
2615 2626 27 19 15
2655 2627 30 19 fr.

2307 2662 45 19 Les
2371 2660 101 21 témoins
2491 2663 181 24 professionnels
2692 2664 110 19 seraient-

2281 2691 28 20 Ils
2323 2690 125 25 syndiqués
2461 2693 23 19 et
2497 2694 68 18 tenus
2578 2693 28 19 de
2619 2693 78 20 suivre
2709 2695 21 18 le
2744 2694 57 19 tarif

2282 2720 46 20 fixé
2347 2726 44 19 par
2409 2722 23 19 la
2450 2722 148 23 corporation
2609 2722 11 19 ?
2639 2722 66 20 Nous
2724 2723 69 24 l'igno-

2283 2755 61 20 rons,
2360 2752 60 20 mais
2438 2756 26 15 ce
2479 2756 45 20 que
2540 2757 59 15 nous
2615 2757 104 19 pouvons
2736 2754 58 18 affir

2281 2785 50 15 mer
2341 2785 56 17 sans
2408 2781 89 20 crainte
2509 2781 27 20 de
2548 2782 108 23 démenti,
2667 2783 53 19 c'esi
2734 2783 67 24 qu'ils

2281 2815 30 15 ne
2324 2810 132 20 réclament
2472 2811 127 21 nullement
2616 2812 22 19 la
2654 2813 104 19 semaine
2774 2813 28 18 dp

2283 2842 113 21 quarante
2413 2840 90 21 heures,
2520 2841 23 18 ni
2560 2842 34 18 les
2608 2840 85 24 congés
2711 2841 84 24 payés..

2308 2867 72 21 Trêve
2397 2869 27 19 de
2440 2869 168 24 plaisanteries.
2623 2870 39 19 «Il
2678 2870 37 24 n'y
2729 2875 16 15 a
2759 2875 42 19 pas

2282 2898 28 21 de
2326 2899 49 19 sots
2392 2898 101 23 métiers,
2509 2900 15 19 il
2540 2900 38 23 n'y
2593 2905 15 14 a
2624 2905 43 19 que
2685 2900 27 20 de
2727 2903 74 17 sottes

2282 2932 57 19 gens
2347 2934 18 17 »,
2384 2933 80 15 assure
2484 2930 20 19 le
2524 2929 118 24 proverbe.
2662 2930 31 20 E:
2710 2931 22 19 le
2751 2935 42 19 pro-

2283 2958 67 20 verbe
2366 2963 15 14 a
2396 2959 78 19 raison
2485 2958 5 20 !

2307 2994 65 21 Nous
2401 3000 29 15 ne
2460 2996 96 21 voulons
2587 2996 109 24 dénigrer
2725 3002 74 15 aucun

2281 3029 83 19 moyen
2380 3024 100 21 honnête
2496 3027 27 19 de
2539 3031 89 19 gagner
2642 3031 28 15 sa
2685 3027 36 20 vie
2736 3037 25 4 —
2778 3030 20 17 et

2281 3055 58 19 celui
2351 3056 39 23 qui
2402 3060 59 15 nous
2473 3060 85 19 occupe
2570 3061 29 15 en
2611 3058 36 18 est
2660 3061 30 14 un
2709 3057 19 18 II
2742 3062 58 15 nous

2282 3085 36 18 est
2337 3085 52 19 bien
2409 3086 86 22 permis
2515 3086 110 19 toutefois
2645 3086 28 20 de
2691 3091 110 19 marquer

2281 3115 66 19 notre
2363 3114 150 21 étonnement
2527 3116 73 19 hilare
2615 3117 23 20 et
2651 3116 141 24 compréhen-

2282 3144 56 19 sible
2358 3149 58 18 pour
2436 3149 25 15 ce
2480 3144 84 20 métier
2584 3146 131 23 fantasque.
2735 3146 56 20 Com-

2281 3175 64 18 ment
2362 3173 66 20 l'idée
2445 3174 28 21 de
2491 3179 26 16 ce
2534 3175 85 20 travail
2636 3175 123 24 ingénieux
2777 3182 22 14 a-

2281 3203 62 20 t-elle
2361 3208 30 19 pu
2408 3209 93 18 germer
2517 3204 59 21 dans
2593 3205 20 20 le
2630 3210 99 15 cerveau
2746 3206 53 19 d'un

2280 3232 92 19 homme
2384 3232 11 19 ?
2408 3232 44 23 Qui
2463 3234 59 19 donc
2534 3232 39 22 eût
2584 3234 71 24 songé
2667 3240 31 14 un
2710 3236 88 18 instant

2281 3261 14 20 à
2309 3267 25 15 se
2349 3263 79 19 lancer
2442 3263 59 20 dans
2516 3269 44 14 une
2576 3264 53 20 telle
2644 3264 154 20 «carrière»?

2281 3291 69 23 Quels
2374 3292 64 21 dons,
2463 3293 64 23 quels
2551 3294 136 22 penchants,
2711 3295 87 22 quelles

2281 3321 149 24 dispositions
2442 3322 76 20 faut-il
2531 3324 138 19 manifester
2680 3329 58 18 pour
2751 3329 40 19 per-

2281 3356 39 15 cer
2339 3352 58 19 dans
2417 3353 60 18 cette
2497 3354 130 22 profession
2647 3353 99 24 spéciale
2766 3354 24 20 ré-

2279 3380 79 20 servée
2382 3386 45 14 aux
2450 3387 126 18 personnes
2599 3382 52 20 d'au
2674 3384 75 19 moins
2773 3384 12 18 2

2894 603 78 59 Nos
3009 603 276 59 travailleurs

2926 703 51 43 en
3022 688 244 69 Allemagne

2853 790 120 20 Recevant
2988 791 28 18 de
3031 789 48 21 très
3095 789 150 20 nombreuses
3260 790 83 18 deman-

2828 819 40 19 des
2889 819 29 19 de
2939 819 198 22 renseignements
3158 816 142 20 concernant
3321 817 33 18 les

2829 847 129 20 conditions
2979 847 27 20 de
3028 847 83 19 travail
3132 844 123 20 accordées
3276 845 15 19 à
3311 850 42 14 nos

2829 874 165 24 compatriotes
3017 874 38 24 qui
3079 873 41 19 ont
3143 872 94 23 arcepté
3261 878 30 14 un
3317 876 26 14 en-

2828 904 124 22 gagement
2971 908 28 13 en
3018 902 142 22 Allemagne,
3179 906 58 14 nous
3256 906 98 18 croyons

2835 928 51 20 bîsa
2910 928 58 20 faire
2992 932 27 15 c:i
3044 931 66 19 icpro
3120 927 83 19 iuisar.î
3231 924 120 24 inté.Trale-

2830 962 64 19 ment
2916 964 46 15 une
2983 958 68 21 lettre
3072 958 39 24 qui
3133 962 58 14 nous
3213 956 107 24 parvient
3340 955 15 20 à

2829 987 110 19 l'instant.

2924 1017 94 17 Monsieur
3034 1017 17 15 !«
3069 1017 103 17 Directeur,

2856 1041 29 15 Au
2905 1043 44 13 coin
2972 1040 44 15 d'un
3038 1038 129 16 détachement
3190 1038 22 15 rie
3235 1037 118 17 travailleurs

2834 1061 62 17 be'ses
2913 1060 60 19 partis
2991 1061 16 16 le
3024 1061 9 15 i
3051 1059 60 19 Juillet
3128 1063 46 14 poar
3191 1058 127 19 l'Allemagne,
3338 1059 16 15 le

2834 1085 69 15 ;;:ojj;ie
2923 1083 22 14 tle
2965 1086 21 11 dj
3007 1082 82 15 hommes
3108 1084 36 15 que
3163 1081 19 17 je
3201 1080 49 18 repr"
3254 1082 51 14 ser.te
3325 1083 29 13 est

2834 1103 86 15 -ratifiait
2940 1103 24 15 du
2985 1102 74 18 régime,
3080 1103 22 15 de
3121 1102 150 17 l'heberprment,
3294 1103 23 14 de
3336 1102 17 15 la

2831 1124 105 16 nourritura
2955 1126 19 14 et
2994 1124 26 16 du
3038 1125 29 13 trs
3070 1123 47 17 val!;
3136 1123 27 15 les
3182 1123 107 15 AHe.-nar.ds
3308 1123 41 15 sont

2834 1146 39 14 tr-js
2892 1145 89 15 cordiaux
2999 1145 13 15 &
3031 1145 53 15 r.itre
3104 1145 57 17 égard
3181 1146 17 14 et
3219 1143 103 19 empressés
3341 1143 13 15 â

2832 1170 46 12 nous
2891 1167 98 15 ïat-Efaire
3005 1166 47 16 dans
3066 1166 19 16 la
3099 1169 73 12 mesure
3186 1166 25 15 du
3228 1166 85 18 passible.

2856 1189 29 14 Au
2900 1187 75 17 travail.
2992 1187 65 18 Bclses
3071 1188 20 14 et
3106 1186 108 17 Allemands
3228 1188 43 14 sont
3286 1189 66 15 tgau?:.

2856 1209 50 15 Pour
2927 1208 81 16 combîer
3030 1209 53 15 notre
3105 1209 120 14 sa.-.sf-**ct;on
3248 1208 19 15 et
3289 1208 65 15 rendre

2832 1231 52 14 noire
2899 1230 64 17 séjour
2978 1229 86 16 a*:r(3bîe
3082 1229 18 16 la
3116 1234 9 9 *
3142 1229 68 16 Nation
3226 1230 54 16 Beiçe
3298 1234 10 9 »
3321 1232 21 13 fe-

2832 1251 38 16 rait
2883 1251 20 15 la
2916 1251 101 15 bienvenue
3033 1251 22 15 ici
3070 1252 59 17 parmi
3144 1254 52 13 nous,
3211 1254 33 12 car
3257 1254 33 13 e..e
3305 1254 46 13 nous

2834 1272 115 19 apporterait
2968 1272 32 15 des
3018 1271 92 17 nouvelles
3128 1272 23 15 de
3168 1272 52 15 notre
3240 1272 43 16 cj.cr
3300 1276 51 14 pays.

2834 1294 33 15 S'il
2889 1295 29 13 est
2940 1292 85 20 possible.
3051 1293 94 16 Monsieur
3166 1294 16 15 ie
3205 1293 102 18 Directeur,
3331 1294 22 15 de

2835 1315 80 15 recevoir
2929 1318 35 12 une
2980 1314 36 16 fois
3032 1317 34 16 par
3079 1315 83 16 semaine
3179 1315 15 16 le
3210 1315 79 19 journ.il,
3307 1318 45 12 non?

2834 1336 71 15 serions
2925 1336 38 16 très
2982 1336 86 16 heureux.
3090 1336 81 15 Vsuillez
3190 1339 47 13 nous
3256 1337 48 15 faire
3323 1339 22 12 sa-

2834 1357 45 16 voir,
2896 1359 34 15 par
2944 1357 62 15 retour
3021 1357 23 15 du
3060 1357 86 16 courrier,
3162 1361 21 12 ce
3196 1360 35 15 que
3246 1360 46 12 nous
3307 1360 45 12 vous

2835 1377 68 16 devonn
2919 1381 46 15 pour
2980 1377 26 16 les
3022 1378 47 16 Irais
3084 1378 78 17 d'envol.

2856 1399 75 18 Agrtez,
2952 1400 50 15 etc.

3010 1421 33 15 DH
3061 1420 120 18 VEYLDER.
3201 1421 105 17 MARCEL,

3010 1442 158 17 Barakl:en!agsr.
3186 1442 13 15 à.
3216 1442 113 17 Aken-Eibe,

3105 1463 40 15 Deu
3147 1464 27 14 tse
3176 1463 11 15 h
3188 1463 5 8 1
3189 1474 5 4 .
3195 1463 43 15 and.

2856 1492 30 21 M.
2913 1493 122 24 Dormans,
3077 1495 139 19 intellectuel
3230 1509 5 8 ,
3262 1496 39 23 qui
3340 1500 15 14 a

2828 1522 95 23 accepté
2938 1523 31 18 du
2987 1523 83 19 travail
3088 1524 91 19 manuel
3197 1528 58 18 pour
3271 1529 85 14 sauver

2827 1551 30 18 de
2875 1550 23 19 la
2916 1549 84 20 misère
3017 1556 28 15 sa
3063 1551 70 23 petite
3152 1551 95 21 famille,
3264 1557 14 14 a
3296 1551 59 20 écrit

2827 1577 15 20 à
2862 1584 27 13 sa
2909 1579 92 21 femme,
3021 1581 23 17 et
3064 1580 86 19 c?Ile-ci
3170 1581 55 19 veut
3244 1579 52 20 bien
3317 1585 37 15 me

2828 1606 90 20 confier
2937 1611 26 14 cc
2983 1608 38 22 qui
3041 1607 55 19 suit:

2858 1637 11 12 «
2884 1632 26 19 Je
2930 1633 64 18 viens
3013 1633 27 18 de
3056 1633 103 19 recevoir
3177 1633 40 20 des
3234 1634 119 19 nouvelles

2827 1664 28 20 de
2874 1669 54 14 mon
2948 1665 69 21 mari;
3039 1666 15 18 il
3074 1664 35 19 est
3127 1664 48 21 très
3194 1665 96 19 content
3308 1666 37 18 d'a-

2827 1692 51 19 voir
2899 1692 49 23 pris
2969 1694 22 18 la
3012 1692 101 21 décision
3135 1694 28 20 de
3184 1693 120 21 travailler
3325 1699 27 13 en

2827 1720 141 23 Allemagne.
2987 1721 20 19 Il
3026 1725 37 14 me
3082 1721 35 19 dit
3135 1727 44 18 que
3198 1722 34 19 les
3250 1726 95 15 camara-

2828 1748 41 19 des
2894 1749 128 19 allemands
3045 1752 54 18 sont
3122 1749 49 19 très
3208 1749 85 23 gentils
3331 1751 22 18 et

2827 1776 66 23 qu'Us
2913 1776 54 19 sont
2987 1781 90 17 comme
3096 1778 41 19 des
3157 1777 80 21 frères.
3258 1784 11 12 »
3304 1787 9 10 •

2853 1804 29 21 Je
2907 1805 108 19 continue
3041 1805 14 20 à
3080 1807 122 19 conseiller
3227 1807 127 19 fortement

2827 1831 14 20 à
2862 1833 53 18 tous
2936 1833 33 19 les
2990 1832 122 21 chômeurs
3134 1835 28 18 de
3183 1835 121 23 s'engager
3325 1840 28 14 en

2827 1860 141 23 Allemagne.
2991 1861 28 21 Je
3041 1862 48 19 suis
3112 1862 113 24 persuadé
3248 1863 54 23 qu'il
3325 1869 27 14 en

2828 1887 114 21 résultera
2967 1890 33 18 les
3024 1891 51 22 plus
3101 1891 86 22 grands
3225 1892 128 23 avantages
3362 1884 4 35 j
3376 1891 15 14 n
3392 1886 5 7 '
3398 1891 16 14 a
3430 1891 31 18 PU
3480 1886 83 20 établir
3581 1892 42 14 son
3642 1887 101 25 identité,
3758 1894 39 16 .son
3811 1892 56 25 signa-

2828 1915 118 23 matériels
2970 1919 24 18 et
3018 1923 44 18 que
3086 1919 87 22 l'esprit
3197 1919 29 21 de
3250 1923 104 16 camara-
3376 1915 87 19 lement
3484 1921 15 14 a
3520 1915 37 20 été
3580 1917 111 19 transmis
3713 1922 27 15 en
3760 1918 47 23 tous
3823 1921 44 22 lieux

2828 1944 63 19 derio
2917 1944 78 21 naîtra
3020 1945 24 20 et
3071 1946 118 21 fortifiera
3213 1948 21 20 le
3260 1947 94 20 contact
3362 1936 4 29 I
3376 1945 76 19 utiles.

3374 598 219 107 FAITS
3626 600 257 113 DIVERS

3403 758 135 20 BLESSEE
3558 760 63 19 PAR
3640 761 43 19 UN
3702 760 146 26 CYCLISTE.
3862 779 19 9 „

3375 787 68 19 Jeudi
3460 788 53 21 soir,
3530 788 62 20 Mme
3608 790 107 22 Augusta
3730 791 47 22 R...,
3794 792 86 27 rendant

3376 815 15 20 à
3408 817 288 23 Molenbcck-Saint-Jean,
3714 823 40 15 rue
3771 820 105 28 Delaunoy

3376 851 15 14 a
3406 845 36 20 été
3458 846 121 20 renversée
3596 852 40 19 pir
3654 852 31 15 un
3701 848 100 23 cycliste.
3815 851 43 23 Elle
3869 862 10 15 t

3377 874 22 19 la
3412 875 77 23 tempe
3503 875 66 22 lésée,
3584 880 23 15 et
3621 882 24 13 se
3660 877 74 23 plaint
3749 878 27 18 de
3790 878 88 27 douleuri

3378 904 58 20 dans
3457 905 23 19 la
3500 904 80 24 région
3602 906 27 19 de
3650 906 24 18 la
3693 906 116 21 clavicule.
3827 911 52 24 L'li&.

3378 934 98 22 pruden:
3496 934 111 23 pédaleur
3624 940 15 14 a
3658 935 95 23 disparu
3772 941 52 17 sans
3840 941 38 23 lai*,

3377 967 37 14 ser
3428 963 27 18 de
3469 964 83 18 traces.

3404 997 64 20 UNE
3484 998 129 19 NOYADE
3628 999 18 18 A
3663 999 146 22 OSTENDE.
3821 1012 23 7 —
3853 1006 24 23 ^

3375 1028 70 22 jeune
3461 1028 169 23 Waterschoot,
3646 1029 44 24 âgé
3708 1031 27 19 de
3751 1031 26 19 16
3791 1037 44 20 ans,
3848 1038 28 21 ha-

3376 1057 78 19 hitant
3471 1062 27 14 ru
3500 1066 12 14 e
3530 1058 30 19 du
3577 1059 103 19 Docteur
3696 1060 123 25 Verhaege,
3833 1064 43 25 était

3376 1085 44 20 allé
3441 1091 74 19 nager
3534 1092 28 14 cn
3583 1088 137 23 compagnie
3741 1088 27 20 de
3788 1093 87 26 quelque

3376 1116 60 18 amis
3455 1116 24 18 et
3495 1121 26 14 se
3541 1117 119 23 proposait
3679 1117 140 27 d'atteindre,
3833 1124 13 20 à
3858 1127 15 19 j.

3377 1148 66 19 nage,
3463 1145 21 19 le
3504 1146 168 23 bateau-phare
3691 1147 86 20 échoué
3795 1155 12 14 <
3823 1152 52 23 Wao.

3377 1173 78 19 delaer
3473 1180 19 15 ».
3510 1175 21 19 A
3551 1179 31 15 un
3603 1178 103 18 moment
3726 1176 78 25 donné,
3821 1186 24 17 on
3859 1186 14 20 le

3377 1203 34 19 vit
3434 1202 146 25 disparaître.
3607 1204 203 27 Immédiatement,
3831 1212 43 23 dem

3377 1232 73 19 solda:
3453 1241 11 13 s
3487 1233 129 19 allemands
3637 1237 159 22 accoururent,
3815 1244 21 15 se
3851 1243 23 21 J».

3377 1262 76 18 terent
3469 1261 16 19 à
3502 1262 58 19 l'eau
3578 1266 23 18 et
3619 1262 133 25 réussirent,
3770 1267 76 25 malgré
3857 1273 16 19 !e

3377 1292 98 18 courant
3499 1291 93 23 violent,
3615 1292 15 20 à
3654 1297 107 16 ramener
3783 1296 19 19 le
3821 1299 31 23 jetj
3852 1307 21 16 ne

3376 1320 92 22 homme
3482 1325 41 15 sur
3536 1321 24 19 la
3573 1323 62 18 terre
3649 1323 81 19 ferme.
3744 1324 81 25 Malgré
3836 1329 36 23 tout

3377 1354 25 14 ce
3420 1350 68 23 qu'on
3508 1350 66 19 tenta
3592 1356 58 18 pour
3669 1351 21 19 le
3708 1353 103 26 ranimer,
3826 1357 13 21 U
3852 1364 9 14 n
3863 1367 9 14 e

3376 1378 43 24 put
3440 1380 131 22 cependant
3592 1379 49 20 être
3662 1381 93 23 rappelé
3775 1383 14 20 à
3806 1385 20 21 la
3841 1389 25 21 vie

3376 1407 78 20 Détail
3476 1408 145 25 dramatique
3647 1416 5 14 :
3683 1410 23 19 la
3733 1412 62 20 veille
3818 1418 53 21 seul*

3376 1438 71 20 ment,
3464 1437 21 20 le
3502 1438 69 23 jeune
3588 1439 93 19 homme
3699 1441 76 19 venait
3790 1443 24 23 de
3829 1447 42 21 rein-

3377 1466 78 24 tégrer
3470 1467 23 19 la
3509 1468 90 19 maison
3616 1468 133 24 paternelle.

3405 1502 64 18 UNE
3506 1501 157 20 PASSANT-
3701 1503 37 20 SE
3771 1505 100 28 TROUVE

3378 1532 71 22 MAL,
3461 1531 108 20 TOMBE
3583 1532 60 20 SUR
3657 1533 38 19 LA
3710 1534 71 21 VOIE
3793 1537 72 25 PUBLI-

3379 1560 62 24 QUE
3465 1562 40 18 ET
3528 1562 158 20 TREPASSE
3709 1564 59 20 PEU
3789 1567 82 26 APBEg,

3375 1602 26 4 —
3418 1593 22 18 A
3457 1592 149 24 Anderlecht,
3624 1593 63 24 jeudi
3706 1595 61 22 midi,
3784 1597 35 23 des
3834 1606 31 17 pro-

3376 1626 109 15 meneurs
3507 1622 81 19 furent
3612 1622 98 21 témoins
3733 1625 27 19 de
3781 1627 20 19 la
3819 1631 50 21 chute

3376 1651 67 18 d'une
3471 1652 110 22 passante
3610 1652 46 23 qui,
3682 1658 29 15 en
3738 1654 97 24 heurtant
3854 1661 14 19 le

3376 1680 100 22 trottoir,
3491 1686 25 17 se
3530 1681 76 20 blessa
3621 1680 141 26 grièvement
3775 1684 14 20 à
3801 1686 19 20 la
3830 1689 37 21 tétc.

3376 1709 229 20 L'auto-ambulance
3626 1711 27 19 de
3672 1712 23 19 la
3714 1717 40 15 rue
3771 1714 45 22 Vaa
3830 1718 38 22 Lim

3376 1738 137 24 transporta
3537 1739 23 19 la
3583 1740 160 21 malheureuse
3765 1748 37 14 san
3804 1753 9 14 3
3831 1752 31 16 con-

3376 1769 122 19 naissance
3512 1769 15 19 à
3541 1769 104 23 l'hôpital
3658 1770 60 23 civil,
3731 1776 38 15 rce
3782 1773 25 20 de
3818 1775 51 22 Neer-

3376 1797 64 24 pede.
3462 1798 89 23 Malgré
3574 1799 39 19 des
3635 1799 50 19 soin
3686 1809 12 14 s
3718 1803 119 23 empressés,
3852 1807 16 20 îa

3377 1827 67 19 dame
3465 1828 36 18 est
3521 1829 75 19 morte
3618 1828 59 20 dans
3698 1829 23 20 la
3740 1831 72 23 soirée,
3828 1840 39 16 sam

3376 1857 66 19 avoir
3462 1857 75 23 repris
3559 1858 172 20 connaissance.
3751 1860 81 22 Comme
3847 1869 20 12 na

2828 1973 27 19 de
2878 1974 59 18 deux
2960 1979 65 14 races

3048 1980 38 17 qui

3109 1974 157 24 s'ignoraient.

3249 2003 32 20 M.

3045 2028 76 20 <•■*♦

2875 2064 37 46 La
2935 2065 168 47 circulation
3126 2071 44 42 est
3192 2066 119 48 rétablie

2984 2131 212 53 partiellement

2827 2190 17 47 à
2855 2192 29 46 la
2902 2192 136 47 frontière
3055 2193 297 56 belgo-néerlandaise

2851 2282 33 20 La
2903 2282 137 21 circulation
3058 2283 90 22 réduite
3166 2284 15 20 à
3199 2285 23 19 la
3240 2284 113 21 frontière

2826 2309 236 24 beigo-nêerlandaise
3085 2312 65 21 vient
3172 2311 72 23 d'être
3266 2313 77 20 autori-

2829 2340 39 14 sée
2887 2337 15 19 à
2921 2341 104 15 nouveau
3053 2337 49 20 Elle
3122 2339 65 19 entre
3207 2339 134 19 immédiate-

2824 2367 65 19 ment
2909 2372 28 14 en
2956 2368 104 23 vigueur.

2855 2393 51 19 Elle
2924 2399 25 15 se
2968 2394 49 20 liiii
3028 2400 13 14 e
3061 2399 47 15 aux
3127 2400 126 18 personnes
3273 2395 77 24 poesé-

2825 2422 64 23 dant,
2906 2424 91 23 jusqu'à
3015 2430 26 15 ce
3059 2426 58 23 jour,
3135 2431 45 15 une
3198 2427 154 20 autorisation

2826 2451 28 20 de
2877 2456 81 19 passer
2981 2453 22 19 la
3026 2453 112 21 frontière
3162 2454 23 19 et
3207 2457 40 22 qui
3269 2460 74 19 appar-

2825 2479 105 21 tiennent
2948 2480 16 20 à
2983 2486 32 15 un
3034 2482 40 19 des
3093 2487 99 19 groupes
3212 2484 28 20 de
3259 2489 83 19 person-

2824 2512 43 15 nes
2888 2508 108 24 ci-après:

2850 2537 24 19 a)
2894 2537 166 23 Agriculteurs,
3078 2539 38 24 qui
3134 2544 58 19 pour
3209 2540 33 19 les
3259 2541 92 20 besoins

2826 2564 29 19 de
2880 2565 62 19 leurs
2966 2567 100 19 travaux
3090 2568 114 22 agricoles
3230 2570 23 18 et
3277 2570 28 19 de
3330 2570 22 20 la
3374 2568 46 19 sait

3403 1980 62 19 VOL
3497 1980 94 19 DTNE
3623 1981 190 24 AUTOMOBILE
3836 1988 30 20 EX

3380 2009 95 19 PLEIN
3498 2010 88 23 JOUR,
3609 2011 81 21 BANS
3714 2012 37 20 LA
3774 2014 58 22 RUE.
3848 2028 19 6 -

3375 2040 32 19 Le
3423 2040 153 24 propriétaire
3593 2041 67 20 d'une
3677 2043 85 21 voiture
3777 2047 88 22 autorisée

3375 2069 15 20 à
3410 2069 99 20 circuler
3528 2070 65 20 avait
3612 2071 79 24 rangé,
3710 2077 28 15 en
3757 2075 45 19 face
3818 2077 47 21 d'une

3376 2099 92 19 maison
3490 2100 29 18 de
3540 2099 24 20 la
3586 2105 41 15 rue
3649 2101 40 19 des
3710 2103 80 22 Halles,
3808 2106 52 20 l'auto-

3376 2128 83 19 mobile
3474 2128 55 24 qu'il
3544 2129 137 22 conduisr.it.
3696 2132 108 21 Profitant
3816 2136 11 19 d
3827 2145 10 14 e
3847 2142 18 15 ce

3376 2160 54 23 qu'il
3452 2160 79 22 s'était
3552 2161 96 24 éloigné,
3670 2167 31 14 un
3723 2163 89 21 inconnu
3828 2168 30 19 s'in-

3376 2189 110 20 troduisit
3506 2190 59 19 dans
3586 2192 23 19 la
3629 2191 95 23 voiture,
3744 2194 39 19 mit
3799 2195 17 19 le
3830 2201 27 14 mo-

3376 2218 53 20 teur
3453 2224 29 14 en
3506 2220 95 19 marche
3625 2221 25 19 et
3673 2221 106 25 s'éloigna
3797 2223 12 21 à
3826 2225 35 20 rive

3376 2248 80 21 allure.
3478 2249 34 19 La
3534 2250 108 19 machine
3664 2251 36 19 est
3722 2256 41 15 une
3784 2254 77 21 conduite

3376 2276 126 21 intérieure
3531 2283 71 19 genre
3631 2279 55 22 taxi,
3715 2280 15 20 à
3754 2285 107 18 carrosrerie

3376 2306 52 20 bleu
3444 2306 74 22 foncé,
3534 2309 176 19 recouvrement
3725 2310 52 21 noir.
3789 2311 48 21 Dans
3847 2313 15 20 le

3375 2336 76 19 ceffre
3472 2336 94 23 arrière,
3588 2342 25 16 se
3634 2339 80 19 trouve
3734 2344 29 15 un
3781 2345 47 19 pneu
3842 2342 19 19 de

3376 2366 116 23 rechange
3513 2367 62 19 neuf.
3595 2368 31 18 Le
3646 2367 94 20 numéro
3758 2369 24 19 de
3797 2370 18 20 la
3829 2371 27 24 pla-

3376 2399 44 19 que
3437 2396 220 22 gouvernementale
3675 2398 35 19 est
3725 2398 78 20 411.670.
3816 2400 39 19 D'ac-

3375 2423 60 21 tivés
3450 2425 138 21 recherches
3603 2426 54 20 sont
3672 2431 29 15 en
3716 2432 67 15 cours.

3401 2454 106 20 GRAVE
3533 2455 161 25 ACCIDENT,
3718 2457 88 21 PLACE
3833 2459 28 21 DU

3374 2481 125 22 SABLON.
3512 2493 27 4 —
3551 2484 37 19 Un
3603 2486 153 23 campagnard
3769 2486 24 22 de
3803 2487 56 19 Heret

3374 2511 161 24 op-den-Berg,
3561 2512 30 19 M.
3618 2513 110 23 François
3751 2514 105 24 Vermae.ea,

3373 2539 25 19 38
3413 2544 50 18 ans,
3478 2540 29 21 de
3522 2545 99 20 passage
3636 2541 15 20 à
3665 2542 118 23 Bruxelles,
3795 2543 61 20 cond-i-

2304 3455 89 19 Autant
2405 3455 27 20 de
2444 3456 118 23 questions
2574 3461 43 18 que
2629 3461 58 17 nous
2699 3457 98 20 laissons

2280 3489 56 14 sans
2350 3484 103 24 réponse,
2467 3490 58 16 nous
2539 3486 137 19 contentant
2689 3487 28 20 de
2730 3488 60 19 souli

2279 3518 58 19 gner
2349 3518 43 19 que
2405 3515 33 19 les
2450 3514 100 20 témoins
2563 3516 28 19 de
2604 3515 82 20 métier
2699 3517 95 20 rendent

2280 3544 52 18 tous
2348 3544 33 19 les
2396 3544 65 23 jours
2479 3545 39 19 des
2535 3546 101 19 services
2653 3545 105 21 évidents
2777 3555 3 7 ■

2281 3578 49 18 que,
2349 3573 47 22 s'ils
2415 3574 147 20 n'existaient,
2591 3580 43 18 pas
2665 3575 58 20 dans
2754 3581 44 15 une

2280 3603 88 22 grande
2388 3603 52 19 ville
2459 3608 90 16 comme
2568 3604 126 24 Bruxelles,
2713 3605 15 21 il
2748 3606 41 19 fau-

2277 3631 62 19 drait
2355 3633 33 18 les
2405 3632 111 19 inventer.

2280 3415 43 14 ans

2847 3436 21 18 D
2895 3438 41 18 ont
2958 3439 102 23 possédé,
3083 3442 91 23 jusqu'à
3196 3448 26 15 ce
3244 3445 56 24 jour,

2820 3464 85 22 permis
2925 3466 28 18 de
2973 3471 98 20 passage
3090 3469 28 19 de
3137 3471 23 18 la
3178 3471 122 25 frontière;

2846 3491 22 21 2)
2886 3493 180 23 appartiennent
3080 3497 15 19 à
3110 3503 31 14 un
3156 3498 41 20 des
3212 3499 53 25 cinq
3280 3488 58 36 g'rou

2820 3523 40 19 pes
2882 3520 106 25 indiqués
3010 3524 118 20 ci-dessus.

2846 3548 32 20 Le
2901 3549 93 20 dernier
3016 3554 146 23 paragraphe
3185 3556 40 21 des
3248 3556 89 21 instruc-

2820 3574 62 21 tions
2902 3576 86 20 définit
3010 3584 50 19 que,
3082 3582 29 20 de
3133 3587 26 14 ee
3180 3584 54 22 jour
3254 3590 31 15 au
3307 3586 39 20 1er

2820 3605 132 22 septembre
2973 3606 57 23 1940,
3053 3609 28 19 de
3115 3611 118 20 nouvelles
3269 3614 77 19 cartes

2821 3630 125 22 frontières
2969 3634 95 22 doivent
3089 3636 49 23 être
3176 3638 101 26 établies,

2824 3658 182 22 remplacement
3027 3662 27 19 de
3056 3670 11 14 s
3088 3664 132 24 anciennes,
3243 3669 56 21 t!ont
3321 3668 22 19 la

2781 3686 172 36 '•^possession
2973 3691 93 21 devient
3085 3694 136 23 obligatoire
3239 3697 16 20 à
3274 3700 74 23 partir

2800 3716 52 25 ©du
2876 3717 38 19 ler
2936 3720 132 21 septembre
3090 3722 57 19 1940.

2799 3743 19 19 •
2847 3743 45 21 Ces
2917 3747 117 20 nouvelles
3060 3751 76 18 cartes
3162 3752 125 22 frontières
3312 3760 36 15 se-

2798 3773 77 28 ^ront
2894 3773 132 24 imprimées
3046 3781 44 19 par
3109 3778 33 20 les
3162 3780 63 20 soins
3245 3783 28 18 de
3294 3783 54 20 l'ad-

2797 3797 184 42 -gminisU-ation
3010 3803 148 23 provinciale,
3175 3806 34 19 les
3233 3808 110 20 adminis-

1295 3838 60 20 «M
1357 3839 56 19 ttt
1415 3839 76 20 WM
1491 3838 19 20 «
1511 3838 38 21 M
1549 3840 20 20 »
1577 3842 49 20 Wt
1621 3842 375 23 _mH«.C^HHH
1995 3845 79 20 WW
2075 3845 39 21 M
2113 3846 58 20 W
2171 3847 273 23 MmtmMl_W
2444 3850 17 20 t
2456 3861 15 5 _
2466 3851 57 20 W
2522 3852 116 20 M^
2638 3852 79 20 MM
2717 3826 270 53 MM<:rlts^^

2825 2593 90 19 culture
2936 2594 120 23 sylvestre,
3077 2600 26 14 se
3125 2595 78 20 voient
3224 2596 77 21 forcés
3323 2599 28 20 de

2823 2625 82 18 passer
2922 2622 33 19 les
2974 2622 130 21 fiontières.

2854 2647 25 18 b>
2898 2648 117 22 Ouvriers,
3030 2650 57 18 dent
3103 2650 33 19 les
3151 2651 79 19 usines
3245 2656 24 17 se
3286 2652 53 19 trou-

2824 2680 55 18 vent
2898 2678 29 19 de
2946 2678 82 20 l'autre
3047 2679 51 21 côté
3117 2681 29 21 de
3164 2682 24 19 la
3206 2681 118 21 frontière.

2850 2708 22 16 c)
2900 2706 183 25 Commerçants,
3108 2711 39 23 qui
3172 2710 42 18 ont
3239 2710 50 21 leur
3313 2710 28 20 dé-

2824 2733 89 20 bouché
2926 2735 60 19 dans
3002 2737 32 18 les
3050 2742 135 15 communes
3199 2739 152 24 limitrophes.

2850 2762 26 20 d)
2904 2761 192 23 Fonctionnaires
3123 2765 23 19 et
3171 2766 117 24 employés
3313 2768 29 18 de-

2825 2791 56 18 vant
2905 2795 82 18 passer
3010 2792 24 20 la
3057 2793 119 23 frontière,
3201 2800 29 14 en
3253 2800 45 15 vue
3321 2797 30 19 de

2823 2817 118 21 l'exercice
2962 2820 28 18 de
3012 2820 61 20 leurs
3094 2822 124 19 fonctions.

2853 2846 24 18 e>
2900 2844 124 24 Médecins,
3045 2844 152 25 vétérinaires
3218 2854 29 15 ou
3267 2855 72 15 accou-

2823 2874 97 19 cheuses
2940 2875 39 24 qui
3001 2877 94 20 doivent
3113 2882 96 17 exercer
3229 2880 51 20 leur
3299 2886 52 18 pror

2823 2902 94 23 fession,
2934 2904 29 18 de
2979 2904 82 22 l'autre
3077 2905 52 21 côté
3145 2907 29 20 de
3191 2907 23 20 la
3230 2908 120 20 frontière.

2853 2928 62 19 Pour
2933 2931 34 20 les
2984 2935 126 19 personnes
3128 2933 168 23 suenor:i..iécs,
3315 2935 32 19 les

2823 2959 95 19 anciens
2940 2962 86 21 permis
3047 2964 55 18 sont
3123 2963 103 21 valables
3248 2970 59 19 pour
3329 2966 21 19 le

2822 2992 99 19 passage
2939 2989 30 19 de
2986 2990 23 19 la
3027 2990 119 24 frontière,
3163 2993 59 20 dans
3240 2994 22 19 le
3280 2995 69 20 cadre

2823 3014 69 22 d'une
2915 3016 136 21 circulation
3078 3019 97 24 réduite;
3200 3026 39 14 ces
3263 3024 86 21 permis

2821 3042 95 21 doivent
2935 3043 50 22 être
3004 3046 126 23 complétés
3149 3053 43 18 par
3211 3054 45 17 une
3275 3050 66 20 décla-

2823 3071 76 19 ration
2918 3072 31 20 du
2967 3073 160 24 bourgmestre
3146 3076 139 25 compétent,
3303 3081 46 21 qui,

2823 3103 54 15 sous
2902 3105 28 15 sa
2955 3103 184 23 responsabilité,
3165 3105 114 21 confirme
3305 3112 44 19 que

2823 3127 20 18 le
2859 3127 95 23 porteur
2968 3130 31 19 du
3014 3133 86 21 permis
3116 3133 93 24 remplit
3224 3134 32 20 les
3272 3135 67 20 condi-

2823 3156 61 19 tions
2907 3157 111 23 stipulées
3042 3159 112 22 ci-dessus
3177 3166 59 19 pour
3259 3163 23 20 la
3305 3164 35 20 cir-

2822 3183 103 21 culation
2948 3185 90 21 réduite
3059 3187 16 20 à
3097 3189 23 19 la
3142 3189 118 21 frontière.

2847 3211 68 20 Cette
2941 3212 193 24 réglementation
3159 3218 127 23 provisoire
3312 3221 36 18 est

2823 3239 90 20 valable
2938 3241 107 24 jusqu'au
3071 3244 39 19 1er
3134 3245 131 23 septembre
3291 3248 57 20 1940.

2847 3266 215 23 L'administration
3080 3273 141 23 provinciale
3239 3276 30 19 du
3287 3276 51 20 Lim-

2826 3293 73 25 bourg
2924 3295 70 20 attire
3021 3296 166 24 spécialement
3214 3301 130 21 l'attention

3447 2573 32 15 un
3506 2568 91 20 chariot
3623 2570 140 21 lourdement
3795 2571 61 20 chané.

3373 2596 83 20 Arrivé
3480 2597 65 23 place
3567 2598 32 19 du
3623 2598 90 23 Sablon,
3734 2599 20 19 le
3773 2599 84 23 voituritr,

3373 2629 59 18 pour
3449 2629 46 15 une
3513 2630 27 14 ra
3541 2625 6 13 ;
3549 2630 43 16 son
3609 2626 102 23 fortuite,
3728 2626 66 25 perdit
3807 2626 45 25 l'équi-

3374 2652 63 22 libre,
3463 2652 23 19 et
3509 2653 108 23 disparut
3640 2659 54 15 soua
3717 2656 31 19 les
3770 2661 52 14 roues
3838 2656 21 19 tu.

3373 2681 97 20 chariot.
3493 2681 83 23 Quand
3598 2688 31 14 on
3649 2683 21 19 le
3691 2683 78 24 releva,
3787 2685 12 19 il
3814 2685 44 19 svsit

3373 2709 23 20 la
3419 2709 78 23 jambe
3520 2711 91 22 g?_uche
3633 2710 145 21 entiè-rement
3794 2711 63 24 broyée.

3374 2737 124 19 Souffrant
3519 2737 151 25 atrocement,
3690 2740 17 19 il
3726 2745 14 14 a
3759 2739 30 20 été
3803 2740 54 19 admis

3372 2764 15 20 à
3404 2764 110 25 l'hôpital,
3532 2765 30 20 où
3579 2767 45 20 l'on
3640 2768 69 23 jugea
3723 2773 40 15 son
3776 2767 37 21 état
3824 2767 34 20 fort

3371 2798 78 18 grave.
3804 2808 15 12 m

3397 2820 65 20 UNE
3477 2821 139 21 MODISTE
3631 2822 160 21 MYSTIFIEE
3803 2833 22 5 —
3835 2823 23 20 De

3372 2854 101 18 passage
3509 2849 17 20 à
3564 2851 126 23 Bruxelles,
3726 2851 54 20 Mme
3810 2845 48 25 ïrèce

3372 2875 127 25 Mayaerts,
3538 2878 101 20 modiste
3676 2879 16 20 à
3727 2871 130 30 Asschebfoè,

3371 2905 65 19 avait
3451 2905 74 24 rangé
3540 2911 43 16 sur
3597 2908 22 20 le
3633 2906 127 25 terre-plein
3773 2908 26 19 du
3810 2906 47 21 tram,

3371 2933 126 20 boulevard
3513 2934 119 25 d'Anvers,
3647 2941 32 14 un
3694 2936 75 23 panier
3781 2941 24 15 en
3816 2934 42 22 osier

3371 2961 128 21 contenant
3513 2967 60 19 pour
3586 2964 41 19 des
3641 2964 113 20 centaines
3766 2964 24 19 de
3801 2964 56 19 francs

3371 2989 117 21 d'articles
3501 2991 30 20 de
3545 2992 74 19 mode.
3634 2992 114 20 Profitant
3761 2993 24 18 de
3796 2997 22 14 sa
3828 2992 24 19 dis-

3372 3018 107 23 traction,
3500 3024 32 14 un
3554 3020 101 20 Inconnu
3675 3019 53 20 s'est
3746 3019 77 24 emparé
3836 3019 21 18 du

3371 3044 109 24 précieux
3501 3047 152 24 chargement
3673 3047 23 20 et
3715 3047 50 21 s'est
3782 3046 43 20 hâ'é
3838 3046 19 18 ds

3371 3073 146 24 disparaître.
3540 3075 36 20 On
3597 3081 30 15 ne
3648 3074 94 26 possède
3760 3075 57 25 qu'un
3832 3079 19 14 va-

3370 3107 45 18 gue
3436 3103 155 23 signalement
3611 3105 32 19 du
3662 3105 110 23 coupable.

3397 3129 77 21 VOLS
3496 3131 142 21 REPETES
3659 3132 42 19 DE
3733 3131 87 23 POKCS,
3843 3130 13 18 A

3370 3157 188 22 L'ABATTOIR.
3579 3170 28 5 —
3626 3160 45 20 Les
3692 3161 135 23 escroqueries
3841 3159 14 18 et

3371 3185 96 21 méfaits
3492 3188 29 19 de
3545 3187 53 20 tout
3623 3193 70 19 genre
3727 3185 129 22 s'intensifient

3370 3214 68 19 d'une
3460 3214 104 23 manière
3585 3215 48 21 très
3654 3216 131 24 regrettable
3801 3215 13 20 à
3828 3213 22 19 Cu-

3370 3243 101 23 reghem.
3492 3243 38 20 Un
3549 3245 128 19 marchand
3697 3245 28 21 de
3743 3243 91 25 porcelets
3846 3246 9 14 a

3370 3269 37 20 été
3429 3270 95 22 victime
3546 3272 41 20 des
3608 3273 148 23 agissements
3776 3271 43 20 d'un
3834 3273 16 15 es-

3369 3303 60 18 croc,
3447 3300 40 22 qui
3506 3299 32 20 lui
3556 3306 16 14 a
3589 3300 58 24 payé
3664 3301 12 19 3
3693 3306 63 19 porcs
3771 3304 46 15 avec
3829 3298 26 18 da

3369 3326 58 20 bons
3444 3327 94 21 d'achat
3555 3328 118 21 invalidés.
3690 3329 31 19 Le
3736 3327 65 20 même
3814 3327 41 19 frau¬

2822 3323 40 19 des
2880 3325 202 23 administrations
3101 3331 158 20 communales
3277 3337 41 15 sur
3326 3334 21 20 la
3356 3348 4 6 .

2821 3351 149 25 déclaration,
2993 3360 44 18 que
3058 3357 129 21 seulement
3207 3360 41 19 des
3270 3363 77 19 cartes
3368 3354 58 20 deur
3442 3360 16 14 a
3474 3355 114 21 détourné
3605 3357 25 19 10
3646 3362 66 19 porcs
3727 3357 60 19 d'une
3800 3354 55 20 valeur

2821 3378 124 22 frontières
2968 3386 100 20 peuvent
3089 3385 50 22 être
3160 3387 119 24 octroyées
3300 3395 47 14 aux
3355 3391 4 12 '
3370 3382 37 23 gl°
3408 3382 14 19 b
3424 3383 36 20 ale
3484 3384 29 19 de
3537 3384 71 20 12.500
3631 3385 34 22 fr.,
3689 3384 15 20 à
3725 3390 30 14 un
3775 3385 79 18 comme!--

2820 3412 125 18 personnes
2965 3411 48 23 qui:
3369 3409 55 23 çant
3448 3411 31 21 de
3504 3411 253 20 St-Amand-lez-Puers.
3778 3410 36 20 Les
3832 3406 22 20 1*

1807 4467 174 23 REFECTION
2001 4470 59 19 DES
2079 4469 98 20 PONTS

1762 4508 125 23 L'autorité
1905 4512 64 24 belge
1988 4518 15 14 a
2021 4511 44 21 fait
2084 4515 92 19 preuve,
2197 4516 42 18 pen-

1736 4536 57 20 dant
1811 4538 23 19 la
1851 4543 88 21 guerre,
1956 4542 53 20 d'un
2027 4539 66 24 génie
2112 4541 27 19 de
2158 4541 22 18 la
2200 4542 39 18 des-

1735 4565 103 20 truction
1857 4569 145 22 regrettable.
2024 4570 46 18 Pas
2090 4573 32 15 un
2143 4570 56 21 pont
2220 4574 28 14 *ie

1736 4594 38 22 fut
1795 4594 100 25 épargné
1916 4600 16 21 à
1954 4597 73 22 Gand,
2048 4598 24 18 et
2094 4597 59 19 celui
2176 4598 27 18 de
2227 4598 21 18 3a

1737 4622 64 23 porte
1822 4623 155 23 Saint-Liévin
1996 4626 38 19 fut
2055 4626 9 18 t
2073 4625 118 19 )talement
2213 4625 28 21 dé-

1733 4650 64 20 truit

1760 4693 44 19 Les
1828 4693 76 22 débris
1927 4698 31 19 du
1981 4696 56 24 pont
2060 4694 86 21 détruit
2168 4697 79 18 seront

1735 4721 82 20 retirés
1838 4723 26 19 de
1884 4724 58 20 l'eau
1963 4727 23 19 et
2007 4729 29 15 on
2056 4724 138 23 construira,
2214 4725 24 19 in-

1735 4753 160 21 cessamment,
1914 4758 31 16 un
1965 4754 55 24 pont
2040 4752 132 24 provisoire.

1760 4784 32 20 Ce
1811 4787 56 21 pont
1884 4788 142 24 magnifique
2053 4787 82 20 n'était
2160 4787 86 20 achevé

1734 4818 44 19 que
1799 4814 80 23 depuis
1901 4822 31 14 un
1954 4822 37 19 an,
2012 4816 67 24 après
2103 4816 27 19 de
2151 4816 95 23 longues

1733 4841 86 21 années
1839 4847 28 15 ce
1885 4844 90 24 travail,
1992 4846 25 19 et
2035 4845 64 19 avait
2118 4844 67 20 coûté
2205 4845 41 19 des

1738 4870 106 21 millions.
1862 4872 20 19 Il
1900 4875 101 20 assurait
2027 4875 23 19 la
2075 4872 82 20 liaison
2184 4874 66 18 entre

1737 4899 66 21 Gand
1815 4899 24 20 et
1851 4900 68 21 Ledei
1926 4907 42 21 erg
1979 4907 43 20 par
2035 4903 33 19 les
2080 4902 75 20 trams
2169 4902 12 19 1
2194 4902 24 19 et
2230 4902 20 21 9,

1734 4926 24 19 et
1771 4928 102 20 assurait
1885 4931 64 19 aussi
1962 4933 20 19 le
1995 4934 98 21 passage
2106 4930 28 19 de
2149 4932 22 18 la
2186 4930 60 23 ligne

1734 4960 51 16 vers
1802 4956 145 23 Meirelbeke.

1759 4991 68 20 Alors
1842 4993 67 23 qu'on
1921 4994 127 22 travaillait
2063 4993 140 22 activement
2217 4998 30 15 au

1737 5020 56 23 pont
1806 5020 28 19 de
1848 5021 23 20 la
1882 5022 155 25 Kelzerpoo.-t,
2050 5021 39 25 qui
2101 5025 81 16 assure
2196 5021 53 23 déjà

1738 5046 21 20 le
1777 5053 98 20 passage
1893 5051 40 20 des
1952 5050 90 25 piétons
2061 5050 24 19 et
2103 5051 30 19 du
2151 5050 62 20 tram
2231 5050 19 21 2,

2399 3906 28 58 A
2458 3906 184 60 Ostende

2298 3991 253 22 PERSONNALITES
2566 3994 207 20 RENTRANTES

2299 4029 108 20 L'ancien
2422 4029 95 21 échevin
2532 4031 42 19 des
2588 4032 120 22 Finances,
2724 4032 61 19 Vroo

2274 4061 45 19 me,
2335 4058 36 18 est
2387 4057 78 20 rentré
2481 4060 15 19 à
2512 4059 109 22 Ostende,
2636 4060 156 23 accompagné

2277 4086 30 19 du
2324 4087 120 20 conseiller
2460 4089 131 19 communal
2608 4090 78 19 Porti.

2304 4129 274 23 COMMUNICATIONS
2595 4132 171 20 RETABLIES

2299 4167 50 20 Une
2372 4169 196 20 communication
2592 4169 113 24 régulière
2728 4171 65 19 entre

2275 4195 90 20 Furnes
2386 4197 23 18 et
2430 4197 33 19 La
2484 4197 87 23 Panne,
2590 4198 39 19 via
2649 4198 143 23 Coxyde-les-

2275 4225 71 19 Bains
2363 4230 14 14 a
2393 4230 31 19 pu
2441 4226 49 20 être
2506 4226 83 20 établie
2606 4227 40 19 dès
2661 4228 15 20 à
2691 4227 101 24 présent.

2416 4295 29 57 A
2483 4295 159 72 Bruges

2340 4382 136 20 REPRISE
2494 4384 60 20 DES
2573 4385 151 20 «AFFAIRES

2297 4417 36 20 On
2349 4417 56 24 peut
2420 4418 55 22 dire,
2491 4424 55 14 sans
2561 4418 93 24 hésiter,
2669 4420 53 23 qu'à
2738 4421 47 18 Bru-

2271 4450 40 18 ges
2334 4447 24 18 et
2380 4446 115 22 environs,
2518 4448 22 18 la
2562 4448 37 20 vie
2622 4448 115 20 ordinaire
2762 4454 23 15 re-

2271 4474 72 21 prend
2363 4478 43 14 son
2426 4479 74 15 cours.

2296 4501 44 20 Les
2360 4506 53 15 rues
2433 4503 103 20 donnent
2555 4507 45 16 une
2620 4503 76 24 image
2716 4504 68 19 vivan-

2270 4530 24 18 te
2311 4529 28 21 de
2355 4530 87 23 grande
2459 4530 101 20 activité.
2578 4532 34 18 Au
2630 4532 94 19 marché
2742 4533 44 19 heb-

2269 4557 140 23 domadaire,
2428 4558 21 19 le
2467 4559 95 20 nombre
2580 4560 41 19 des
2639 4559 114 25 échoppes
2771 4564 23 16 et

2272 4585 41 20 des
2337 4586 122 19 acheteurs
2485 4589 133 21 augmente;
2646 4588 37 22 les.
2703 4593 83 19 campa-

2272 4613 87 23 gnards
2384 4614 77 19 refont
2485 4615 51 19 leur
2559 4620 88 19 voyage
2672 4616 114 19 hebdoma-

2273 4640 63 19 daire
2353 4640 15 19 à
2383 4641 90 23 Bruges
2488 4646 59 19 pour
2561 4647 15 18 y
2592 4643 60 19 faire
2669 4643 61 19 leurs
2747 4648 36 15 em-

2271 4669 89 24 plettes.

2296 4698 88 23 Depuis
2404 4699 26 18 15
2450 4700 71 22 jours,
2541 4701 22 19 la
2584 4700 105 24 musique
2709 4702 31 20 du
2761 4701 25 21 ré-

2271 4725 89 23 giment
2374 4727 75 20 donne
2466 4728 40 19 des
2523 4728 105 20 concerts
2644 4729 88 23 publics
2747 4729 47 20 très

2272 4754 126 24 appréciés.

2273 4810 178 55 Palais
2478 4813 73 54 de
2582 4814 210 55 Justice

2316 4915 156 20 TRIBUNAL
2491 4916 260 23 CORRECTIONNEL

2424 4944 43 19 DE
2485 4944 157 21 COURTRAI

2405 4978 57 20 Acte
2478 4979 28 19 de
2522 4979 141 21 banditisme

2297 5013 33 20 Le
2354 5014 103 19 tribunal
2482 5014 39 20 eut
2545 5015 16 20 à
2585 5016 118 25 s'occuper
2726 5018 68 19 d'une

2272 5046 71 18 grave
2367 5042 86 19 affaire
2478 5043 29 18 de
2531 5043 145 24 banditisme,
2701 5047 39 22 qui
2766 5047 28 19 fit

1738 5075 21 19 le
1772 5077 58 22 pont
1843 5078 29 19 de
1884 5078 101 26 laporte
1999 5077 156 22 Salnt-Liévin
2169 5066 95 32 restait"
2272 5069 68 40 ^^
2333 5074 12 15 c
2346 5074 46 19 oup
2417 5070 38 39 de^
2473 5070 63 21 bruit
2561 5072 59 19 dans
2647 5073 23 20 la
2708 5074 79 23 région

1736 5105 59 19 dans
1805 5109 33 16 un
1849 5105 50 22 état
1910 5108 122 25 pitoyable.
2039 5107 32 19 Le
2083 5106 70 24 trafic
2164 5112 16 20 y
2192 5107 58 20 était

1736 5136 59 19 pour
1817 5133 61 21 ainsi
1902 5136 49 21 dire
1975 5134 179 25 complèten-ent
2179 5135 61 19 Inter-

1736 5165 88 19 rompu,
1841 5162 24 20 et
1883 5163 33 20 les
1935 5165 127 20 nombreux
2079 5164 169 23 commerçants

1737 5189 30 19 du
1794 5190 119 26 voisinage
1939 5199 25 15 se
1992 5192 144 25 plaignaient
2162 5191 78 20 amère-

1736 5218 70 21 ment
1820 5220 73 20 Toute
1908 5221 108 22 l'activité
2030 5226 25 15 se
2069 5220 115 24 déplaçait
2197 5225 52 17 vers

1736 5247 22 21 la
1778 5247 156 24 Keizerpoort
1954 5252 21 19 II
1995 5257 15 19 y
2031 5251 64 21 avait
2122 5249 54 20 bien
2203 5254 45 14 une

1736 5276 86 24 barque
1841 5277 40 24 qui
1902 5280 101 21 assurait
2024 5280 21 19 le
2065 5282 104 20 passage,
2189 5278 60 19 niais

1736 5305 50 20 cela
1798 5304 88 21 coûtait
1897 5307 27 19 de
1936 5307 104 25 l'argent,
2052 5308 24 19 et
2088 5306 50 21 tout
2151 5309 21 19 ]e
2186 5310 54 15 mon-

1736 5333 28 19 de
1781 5333 50 21 doit
1848 5335 111 23 regarder
1974 5337 17 20 à
2008 5340 37 15 ses
2066 5334 91 21 deniers
2175 5340 30 14 en
2222 5340 27 15 ce

1734 5362 109 20 moment.

1758 5397 66 21 Cette
1842 5397 112 23 situation
1971 5405 30 16 ne
2019 5400 95 23 pouvait
2132 5399 76 20 durer.
2226 5398 20 21 Il

1733 5426 59 19 n'est
1811 5426 59 21 donc
1887 5431 43 19 pas
1946 5431 141 21 surprenant
2104 5431 44 19 que
2166 5427 81 23 depuis

1735 5455 110 25 quelques
1860 5456 64 24 jours
1940 5463 30 16 on
1986 5456 106 21 travaille
2108 5455 141 22 activement

1731 5485 16 20 à
1756 5484 96 21 rétablir
1863 5486 24 19 la
1898 5484 194 22 communication
2103 5484 66 20 entre
2179 5485 68 21 Gand

1733 5513 24 21 et
1771 5512 124 25 Ledeberg,

2272 5098 120 21 agression
2417 5099 40 23 qui
2482 5099 38 20 fut
2544 5100 111 22 commise
2680 5101 106 20 dernière-

2271 5124 65 20 ment
2357 5130 42 15 sur
2421 5126 23 20 la
2466 5127 52 19 voie
2539 5127 115 25 publique,
2676 5129 15 20 à
2713 5130 81 19 Harle-

2271 5152 65 22 beke,
2356 5158 44 18 par
2420 5153 61 21 deux
2500 5155 120 20 habitants
2641 5157 28 19 de
2690 5157 103 23 Deerlijk

2271 5185 42 15 sur
2325 5181 24 20 la
2361 5185 114 18 personne
2489 5183 30 19 du
2533 5184 93 20 nommé
2639 5185 73 20 Henri
2726 5184 68 22 Baul-

2272 5207 60 23 heid,
2354 5208 66 24 qu'ils
2441 5209 146 25 délestèrent
2609 5217 55 15 sous
2686 5218 108 15 menaces

2270 5236 29 19 de
2317 5238 68 20 mort,
2402 5237 29 19 de
2446 5242 44 16 eon
2507 5239 144 22 portefeuille
2669 5241 126 19 contenant

2271 5268 46 15 une
2335 5269 89 14 somme
2444 5265 140 24 importante

2296 5292 45 19 Les
2357 5292 60 20 deux
2432 5293 117 24 gaillards,
2567 5296 32 19 les
2615 5296 105 21 nommés
2736 5296 57 21 Noël

2272 5319 33 23 V.,
2332 5319 135 25 cabaretier,
2493 5323 24 18 et
2543 5322 102 25 Georges
2671 5324 31 23 L.,
2728 5325 57 19 tisse-

2272 5348 65 22 rand,
2362 5349 154 19 encoururent
2541 5351 89 21 chacun
2655 5358 31 14 un
2712 5354 72 23 empri-

2272 5376 138 19 sonnement
2432 5377 30 18 de
2486 5378 61 19 deux
2570 5384 44 14 ans
2639 5384 56 16 avec
2720 5385 64 15 arres-

2271 5404 75 20 tation
2366 5403 140 21 immédiate.
2685 5410 19 20 9

2296 5432 60 19 Tout
2374 5432 22 19 le
2414 5432 99 20 barreau
2531 5432 77 21 s'était
2626 5435 117 22 vivement
2761 5437 23 19 in-

2271 5458 88 21 téressé
2379 5459 17 20 à
2416 5459 23 20 la
2460 5459 101 24 défense,
2583 5461 48 20 fort
2652 5463 142 21 habilement

2271 5486 121 25 présentée
2408 5492 43 19 par
2467 5487 38 20 Me
2521 5488 87 24 Joseph
2625 5489 119 27 Goemare,
2759 5497 26 17 se-

2271 5515 59 21 nior.

2819 3883 28 21 de
2869 3885 76 19 cartes
2968 3887 123 21 frontières

2820 3912 92 22 qu'elles
2938 3913 105 23 désirent

3029 3943 94 20 -OGO

3120 3895 106 18 nouveau
3248 3896 94 24 modèle,

2892 3971 379 55 Radio-Bruxelles

2860 4056 191 39 Programme
3073 4062 221 39 d'aujourd'hui

2887 4102 120 20 Projframme
3023 4107 84 18 flamand
3118 4114 6 12 :

2847 4123 6 16 r
2870 4124 18 16 h.
2906 4126 23 15 45
2939 4129 5 13 :
2963 4127 139 20 Informations.

2877 4150 59 13 îeures
2947 4151 5 13 :
2972 4149 84 20 Musique
3074 4154 91 18 Classique
3183 4156 66 19 légère.

3034 4173 35 17 ■olk
3083 4177 61 15 treedt
3157 4180 36 13 aan
3206 4183 10 10 >
3233 4180 105 22 (Pcleman-

2952 4175 10 9 *
2974 4171 39 16 Een

2841 4167 11 16 S
2866 4168 15 16 h,

2820 4188 79 17 Merteis

2889 4212 120 19 Programme
3025 4217 83 19 français
3119 4224 6 12 :

2967 4236 140 21 Informations.

2842 4233 10 15 9
2869 4234 64 16 heures

2840 4255 12 15 «
2866 4256 18 15 h.
2900 4257 22 15 15
2932 4260 6 12 :

2841 4277 10 15 9
2869 4278 19 15 h.

2819 4297 70 18 Jeanne

2841 4321 16 15 1.
2880 4322 60 16 Sonai.

2820 4342 78 20 Arrang.
2916 4344 21 16 w

2920 4268 17 15 _.
2952 4260 84 32 Mus.quç
3050 4262 92 20 classique
3155 4266 60 19 légère
3232 4268 105 20 (Disques).

2919 4283 10 11 ■>
2940 4290 5 4 -
2964 4281 71 18 aécital
3053 4284 12 15 à
3083 4286 48 16 deux
3148 4288 70 19 pianos,
3238 4294 35 15 par
3289 4292 50 18 lime

2920 4304 44 13 iseie
2981 4306 18 13 et
3016 4305 50 16 lime
3083 4306 99 20 Catherine
3198 4312 54 18 Auny

2915 4325 33 33 £e
2968 4328 23 12 ea
3012 4326 27 16 Re
3059 4332 73 15 majeur
3155 4333 8 17 t
3163 4332 38 17 W.-
3201 4334 18 16 A
3219 4345 5 6 .
3246 4335 32 16 Mo
3279 4340 9 12 Z
3289 4339 40 17 art>

3003 4372 18 14 h.
3036 4373 22 14 io
3069 4383 5 5 .
3086 4373 92 20 Emission
3191 4381 98 16 consacrée
3301 4385 38 14 aux

3368 3437 36 21 tes
3428 3439 78 20 volées
3530 3440 54 19 sont
3607 3439 119 26 marquées
3747 3445 28 15 au
3794 3436 60 22 chiff"

3367 3466 28 20 R.
3412 3466 25 20 C.
3454 3467 32 21 Le
3502 3467 155 24 signalement
3671 3470 32 19 du
3718 3467 100 25 coupable,
3829 3463 25 25 qui

3367 3495 37 19 est
3426 3494 56 21 vêtu
3503 3496 56 21 d'un
3582 3495 190 26 cache-poussière
3789 3494 42 25 gris,
3844 3497 10 15 a

3368 3521 36 21 été
3423 3523 114 20 transmis
3556 3524 101 25 partout

3586 3558 86 20 -<►■♦
3838 3559 10 6 "

3397 3591 51 64 La
3490 3594 125 64 ration
3659 3595 45 63 de
3744 3604 91 53 sucre

3443 3686 120 63 serait
3591 3687 210 76 augmentée

3394 3802 33 20 Le
3449 3803 121 20 Ministère
3594 3805 27 22 de
3643 3804 24 20 la
3688 3801 66 23 Santé
3773 3798 79 27 publiq*

3368 3831 108 23 projette,
3492 3837 59 19 pour
3565 3834 22 19 le
3602 3834 59 19 mois
3676 3832 78 22 d'août,
3768 3828 84 24 d'ajouter

3367 3860 15 19 à
3401 3861 24 19 la
3441 3861 77 20 ration
3537 3862 28 20 de
3584 3868 66 14 sucre
3668 3861 87 26 prévue,
3770 3863 37 16 une
3818 3858 34 17 ctT-

3368 3889 49 20 tain
3419 3899 12 14 e
3448 3891 105 23 quantité
3571 3897 58 19 pour
3644 3892 24 19 la
3682 3888 131 27 préparation
3824 3884 27 18 dei

3366 3920 138 21 confitures.
3521 3921 19 19 Il
3557 3927 29 15 en
3602 3928 14 13 a
3632 3919 108 22 demandé
3755 3913 96 24 l'autorisi-

3368 3948 48 20 tien
3432 3954 47 15 aux
3493 3951 113 22 autorités
3621 3949 141 21 allemande?.

3449 4024 151 60 Marcel
3632 4025 159 59 Etienne

3404 4111 32 48 le
3458 4114 72 46 vrai
3555 4111 178 49 Fernandel
3754 4107 75 55 belge

3390 4204 20 20 Il
3433 4206 36 18 est
3491 4210 86 15 revenu
3600 4211 28 14 en
3650 4203 109 24 Belgique.
3778 4199 36 19 Son

3364 4237 62 19 sage,
3449 4233 53 19 bien
3524 4238 76 15 connu
3622 4234 28 19 de
3671 4233 49 19 tant
3739 4230 25 20 de
3782 4225 26 20 sol
3809 4223 21 19 1111
3831 4223 18 17 **

3364 4259 36 20 est
3421 4259 62 21 resté
3504 4261 125 20 semblable
3649 4260 15 20 à
3684 4258 55 20 eelu!
3757 4259 37 20 que
3809 4253 21 16 "°

3364 4287 79 20 eûmes
3460 4289 101 19 maintes
3577 4289 46 20 fois
3638 4289 21 20 le
3675 4286 76 26 plaisir
3763 4278 59 26 d-app"
3822 4279 20 16 30
3841 4282 7 5 "

3052 4503 59 17 .Unan.
3134 4507 28 15 Au
3184 4509 55 17 piano
3250 4514 5 12 :
3276 4512 49 17 p,-..
3329 4518 10 11 e

2939 4545 50 13 j.aoo
3001 4554 4 5 .
3024 4545 20 16 p,
3046 4550 40 13 erre
3100 4549 25 15 Le
3126 4553 73 16 emansJ
3318 4543 8 10 »

2853 4566 348 42 APj.as,^'^^^"*-
3220 4576 119 21 >Sc__.er.j;

2843 4602 19 15 14
2883 4604 65 18 heurea
2958 4610 6 12 ;
2992 4603 146 26 Informations'

2819 4625 72 16 mande.

2819 4515 89 17 Leemans

2818 4540 42 13 men

2821 4563 33 12 son
2875 4564 6 14 i
2884 4561 15 15 V

3200 4618 67 19 langue
3293 4622 44 17 aile-

2818 4648 102 38 enïant'ine.
2925 4650 37 16 151
2995 4652 83 20 PrograD
3079 4660 36 13 ^
3137 4659 99 21 français;
3269 4665 69 18 séance

2818 4691 49 37 thVo
2879 4692 341 49 ^oie^n^srrr'
3239 4708 97 19 d,rection:

2822 4735 66 17 IA.-M.
2912 4737 87 18 Grttni-
3018 4724 22 26 V.
3054 4724 14 13 e
3064 4746 5 9 r
3069 4724 22 26 tP
3092 4724 42 16 nale
3148 4728 19 14 et
3181 4727 79 19 Procns.
3277 4732 60 17 Ballet

2820 4740 519 77 S«*££?£55-*ë

2841 4822 22 37 ^
2877 4846 13 14 h
2911 4853 23 8 ...
2945 4829 6 25 ^
2966 4826 102 39 l'âf'ô™,*'
3068 4835 12 11 0
3080 4835 12 12 "
3093 4836 9 11 5
3117 4836 23 13 "
3153 4835 67 20 ***"
3236 4840 99 19 »-*"«'"•

2818 4887 46 17 Paul
2885 4890 68 17 GMon.
2986 4894 19 16 i,
3017 4877 23 11 "
3043 4900 11 11 u
3047 4878 19 12 "
3068 4901 20 11 er
3081 4880 46 32 Y,£
3126 4881 46 31 ?**ï°
3173 4880 47 19 """'
3238 4884 98 19 "^«^J

2820 4977 202 22 (Rimsky-KorsaJioff

2817 5045 111 18 carnage;
2946 5024 312 46 ZaZTÏÏZg™™™
3274 5041 61 20 *-■

2818 5067 99 40 ssrn-
2925 5070 106 40 jart
3043 5062 124 52 b»^
3166 5060 85 18 ~
3267 5063 69 40 «s

2899 5134 56 39 "'ai
2954 5137 167 36 ■?•..**.*!£•
3139 5143 147 30 «***._-•-*«

3115 4926 5 9 '
3129 4922 132 22 L'Après-mid:

3112 4944 15 31 ■■J
3145 4946 109 20 Aquarium.
3284 4952 53 18 Trots

3111 4967 18 16 •4.
3150 4968 77 19 Caprice
3243 4972 94 22 Espagnol

3206 5126 41 17 BIst
3264 5130 24 16 du
3307 5131 29 17 bel

2920 5158 51 12 r„imt
2987 5164 9 6 .
3028 5152 28 18 ~i.
3068 5152 53 7 •""*"■'
3139 5152 67 11 "-mue
3225 5149 32 17 bef
3257 5156 4 10 (

2920 5158 52 17 Geint
2986 5164 16 13 ,,
3034 5163 79 18 chantée
3143 5171 35 14 par
3206 5170 50 18 Mme
3285 5176 53 15 Flore

2817 5133 36 15 mir
2860 5137 9 10 >

2821 5156 34 15 mel
2857 5159 11 12 n
2870 5160 22 13 en

2818 5175 63 20 Maas;
2903 5178 18 17 3.
2946 5179 78 18 Prélude
3045 5176 115 28 de'choraT

2818 5199 39 15 mft
2872 5202 36 14 uns
2921 5201 30 16 die
2967 5203 77 18 Stlmme

3197 5190 76 20 Wachet
3294 5198 36 15 auf

3052 5208 73 38 "cC_
3127 5209 16 16 R
3144 5211 172 52 -;Lry4*£o
3313 5220 12 15 d
3317 5245 9 12 r
3326 5252 10 6 _

3245 5263 46 15 pour
3305 5267 30 12 or-

2817 5242 63 39 £».:
2897 5245 20 17 5,
2935 5246 61 19 Tr,p,c
3012 5238 221 36 nà?^urSJZ
3234 5241 12 12 B

2817 5268 40 16 SU',
2878 5271 36 14 par
2932 5269 87 18 Edouard
3036 5273 102 19 Chaœbon.

2839 5288 23 15 17
2879 5289 18 16 h.
2917 5291 22 15 15

2817 5312 37 14 aux
2868 5310 86 20 réfugiés.

2956 5291 13 16 A
2987 5293 22 16 IS
3026 5294 82 19 heures:
3126 5298 93 20 EmI_-io„
3237 5307 11 13 C
3247 5308 88 16 on_a_rt_

2838 5400 23 16 20
2875 5379 26 38 l'
2910 5390 22 27 ,'5
2965 5385 109 32 S™
3094 5391 23 12 '"
3137 5392 67 17 ■"W
3224 5394 104 19 »'len.an_e

2838 5447 23 16 20
2874 5448 19 16 h.
2909 5449 22 15 45
2941 5453 6 12 :
2963 5450 119 20 Programme
3098 5455 83 18 flamand
3192 5461 4 12 :

2816 5470 58 17 danaa
2894 5471 89 19 (Disques

3213 5458 85 22 Musique
3312 5464 23 16 de

2817 5504 87 31 -...gui.
2904 5494 23 16 15
2938 5494 13 17 *
2962 5495 22 17 21
2996 5507 20 6 "**
3031 5497 21 17 **
3062 5501 6 14 :
3080 5499 81 18 EmlMl0
3161 5504 13 13 "'
3186 5505 98 17 «Maerte
3297 5510 38 14 au»

3362 5035 34 23 So
3422 5036 69 29 lippe
3517 5037 112 27 ingénue,
3656 5039 45 18 son
3725 5021 75 33 regard

3364 5065 58 22 coin
3433 5073 9 16 :
3469 5067 60 22 c'est
3556 5067 57 23 bien
3638 5065 68 22 notre
3730 5060 61 21 rem
3790 5060 46 40 ijjj

3362 5094 77 29 belge,
3469 5101 125 23 personne
3624 5100 29 17 ne
3678 5089 55 31 peut
3754 5092 11 17 s
3771 5091 15 20 y

3561 5132 17 22 P
3579 5123 89 24 rendre
3669 5139 6 6 '
3770 5142 67 23 ._„_(.

3360 5163 43 20 dir.
3430 5164 31 20 Sa
3486 5163 61 21 lèvre
3573 5160 119 27 pendante,
3714 5159 34 17 s»
3769 5156 69 31 "*_^,

3361 5190 68 23 dents
3453 5192 179 24 sympathiques,
3655 5192 36 16 ses
3712 5189 8 6 *
3719 5186 33 16 ,eu
3751 5184 29 15 "'"
3786 5207 7 15 I
3792 5194 45 28 _jiW.

3360 5219 140 22 finissables,
3523 5224 46 14 non
3590 5218 52 20 tout
3663 5217 34 18 est
3717 5215 28 17 au

3359 5247 50 19 rien
3427 5248 39 19 n'a
3483 5246 98 24 changé!
3795 5247 42 24 _„*

3385 5284 26 5 —
3433 5274 108 25 J'espère,
3563 5278 58 16 nous
3642 5269 56 22 a-t-il
3717 5268 36 18 dit,
3771 5268 36 38 g£
3821 5275 15 23 j,

3359 5304 119 19 remonter
3505 5308 39 14 sur
3571 5303 32 19 les
3629 5296 121 27 planches-
3812 5305 24 19 ^

3359 5331 45 19 n'ai
3423 5331 50 19 rien
3492 5330 72 24 perdu
3582 5329 31 19 du
3630 5325 60 22 désir
3705 5323 14 19 d
3726 5322 85 35 ""Jj
3811 5337 9 15 )
3819 5328 17 22 H'

3359 5363 53 15 core
3432 5359 21 19 le
3473 5358 77 23 public
3569 5357 28 20 de
3615 5356 23 19 la
3656 5349 92 27 capitale
3764 5354 70 33 \^.

3360 5386 68 19 leurs.
3452 5386 44 19 Ah!
3522 5390 65 15 non.-
3610 5383 56 19 Bien
3688 5382 28 16 au
3736 5376 55 18 cow
3807 5376 28 29 g

3384 5413 31 19 Et
3432 5413 146 20 maintenant
3596 5416 43 19 que
3656 5411 54 17 noua
3712 5407 72 34 fy.
3799 5414 35 24 jr»

3359 5442 20 19 le
3396 5442 52 19 vrai
3465 5440 129 20 Fernandel
3611 5438 62 22 belge
3689 5432 34 21 est
3737 5432 27 17 Ici
3775 5432 13 12 »
3804 5438 29 25 ^

3357 5470 78 22 xelles,
3449 5474 59 15 nous
3521 5472 102 20 pouvons
3635 5462 111 24 annoncer
3756 5460 13 18 q
3805 5465 27 28 p

3362 5495 96 23 bientôt,
3473 5500 59 16 nous
3545 5497 85 16 aurons
3644 5490 15 20 à
3671 5490 58 18 nouv
3769 5503 50 18 .,„«

3357 5527 30 19 de
3402 5526 22 22 le
3440 5526 51 21 voir
3506 5530 42 17 sur
3563 5527 46 17 une
3624 5519 66 23 «cène
3704 5513 115 24 bruxeiw—

2538 5675 17 8 -
