4043 5752
630 2 11 8 •■
638 1 46 24 ^
687 1 18 14 i''
703 1 13 17 ,)
717 6 2 8 l
721 1 13 22 j
737 1 6 12 E
744 1 105 32 ,;y,i^

161 257 43 31 LES
219 256 95 32 COHTES
329 255 31 32 DE
374 255 32 31 U
420 265 10 18 i
442 253 93 32 KJLTIOfl
550 251 77 33 BELGE
638 261 10 20 i

175 331 109 77 La
315 327 321 79 Chèvre

142 439 59 51 et
230 433 59 55 la
321 430 347 58 Grenouille

176 536 66 20 Vols-
245 536 32 23 tu,
293 534 71 26 dis-je
378 534 15 20 à
406 533 101 24 Josette,
522 533 76 21 assise
612 532 55 25 prOs

141 566 30 20 de
184 565 55 23 moi,
251 568 42 16 sur
306 564 21 20 le
341 562 62 21 tiède
417 562 72 24 fossé,
503 568 31 15 on
545 562 50 20 doit
607 560 61 21 faire

141 594 23 20 le
186 593 102 25 portrait
309 592 29 20 de
358 591 119 25 Biquette.
498 591 51 20 Elle
570 590 22 19 le
614 588 53 22 sait,

140 623 60 19 c'est
212 624 115 23 pourquoi
341 620 44 20 elle
398 625 16 15 a
426 619 83 26 soigné
522 623 27 15 sa
561 619 77 18 tenue.

168 660 29 4 —
208 648 99 21 A-t-elle
320 647 54 21 lavé
386 653 28 15 sa
425 648 55 20 robe
499 647 11 19 ?

172 688 29 5 —
216 676 82 21 Plutôt
330 677 48 20 mis
410 676 24 20 la
466 674 126 21 meilleure,
609 671 59 21 celle

142 706 137 20 d'hermine.
297 705 33 20 Et
348 704 100 26 regarde
465 707 39 16 ses
521 700 82 21 sabots
622 699 35 21 élé-

141 735 80 25 gants,
234 738 39 16 ses
287 738 84 15 cornes
385 734 34 19 les
432 731 79 20 mieux
523 728 115 26 plantées.

177 772 30 5 —
222 762 96 25 Quelles
334 762 55 20 sout
403 761 60 19 donc
477 757 72 21 fines!

170 801 31 5 —
214 791 52 21 Elle
280 792 38 19 est
332 790 72 26 piète,
418 792 28 15 sa
459 787 73 20 barbe
548 785 77 21 reluit.

172 819 93 21 Josette
278 818 101 22 s'amuse
391 816 85 20 autant
488 819 45 21 que
545 814 54 23 mol,
611 812 57 27 peut

142 848 74 21 être.,.
235 848 20 19 Il
274 847 47 21 fait
339 846 20 19 si
378 845 45 19 bon
441 848 32 15 au
492 842 104 26 premier
615 841 53 20 vrai

143 876 77 21 soleil!
241 876 31 19 Et
291 878 59 16 nous
369 871 153 21 considérons
540 870 25 20 la
583 870 86 20 chèvre

142 905 42 25 qui
201 909 32 15 va
250 903 60 20 dans
329 901 24 20 la
371 900 94 26 prairie,
484 898 31 20 où
534 898 41 20 des
593 898 76 19 fleurs

143 933 43 20 ont
205 932 58 21 l'air,
282 933 92 16 comme
393 928 114 20 l'affirme
527 931 46 15 une
592 925 66 21 méta-

150 961 73 25 phore
244 958 65 21 aussi
331 956 78 21 vieille
429 954 188 28 qu'audacieuse,
639 953 29 20 de

144 989 96 26 gouttes
258 987 28 20 de
303 986 45 21 lait
365 985 107 21 tombées
489 983 29 21 de
536 988 43 16 son
596 983 43 26 pis.

172 1027 29 4 —
212 1015 69 24 Mais,
293 1015 35 20 dit
340 1013 99 23 Josette,
451 1012 22 20 le
485 1010 181 27 photographe?

214 1044 65 20 C'est
295 1047 31 15 un
339 1042 100 25 peintre,
453 1040 30 20 hé
497 1040 43 19 toi!
556 1040 112 19 Madame

142 1073 70 24 exi^e
225 1076 43 15 son
284 1071 78 24 image
378 1074 30 16 en
423 1068 114 21 couleurs.

176 1092 23 28 À
211 1100 45 25 pic,
269 1097 63 23 voilà
343 1102 46 21 que
400 1098 22 19 le
435 1097 141 20 bonhomme
589 1095 78 20 arrive

142 1134 59 16 avec
214 1133 28 16 sa
254 1128 63 20 tH.ite
330 1130 24 17 et
368 1131 43 16 son
424 1125 83 26 pliant.
521 1125 20 20 Il
554 1125 68 25 porte
636 1129 33 15 un

142 1156 116 28 pantalon
273 1156 29 20 de
318 1155 57 20 toile
389 1157 24 18 et
428 1159 32 15 un
474 1154 107 25 chapeau
596 1153 70 23 d'été;

143 1186 17 20 il
179 1185 93 20 installe
290 1189 43 15 son
350 1182 109 21 chevalet
478 1187 55 15 sous
551 1186 33 15 un
602 1185 56 22 pom-

142 1214 62 21 mier
216 1218 29 15 en
258 1212 81 20 fleurs.

179 1251 28 5 —
221 1241 20 20 Il
255 1245 16 16 a
284 1245 33 15 un
330 1240 90 22 rhume,
436 1238 88 20 souffle
538 1237 101 21 Josette.

173 1270 192 22 Effectivement,
385 1268 29 20 de
431 1269 79 24 temps
526 1271 16 16 a
558 1267 76 24 autre,
652 1266 16 20 il

142 1297 82 24 tousse
238 1302 57 16 avec
309 1297 138 25 précaution
460 1300 60 21 pour
532 1300 30 16 ne
576 1299 45 22 pas
634 1294 26 22 ef-

144 1325 84 27 frayer
251 1326 24 20 la
298 1325 93 20 chèvre.
415 1324 104 24 Celle-ci,
543 1323 127 22 d'ailleurs,

143 1360 28 15 n-
166 1360 8 7 1
189 1354 108 27 s'occupe
312 1354 25 19 ni
352 1354 29 19 de
395 1353 40 23 lui,
450 1354 26 19 ni
490 1352 29 21 de
535 1356 67 16 nous.
618 1352 52 19 Elle

144 1382 130 26 s'applique
294 1382 15 20 &
328 1385 125 22 promener
471 1385 29 15 sa
518 1381 73 20 barbe
609 1378 61 23 dans

144 1411 22 21 le
179 1410 65 20 soleil
258 1409 130 21 tremblant
401 1409 32 19 du
445 1412 98 22 gazon...

178 1438 64 21 C'est
251 1437 22 21 le
283 1437 106 21 momeut
399 1437 29 20 de
439 1437 72 20 saisir
521 1437 24 19 la
555 1436 64 24 ligne
630 1440 27 15 os-

145 1472 69 16 seuse
226 1467 29 20 de
266 1471 44 17 son
321 1470 79 21 corps;
415 1465 30 21 de
457 1465 123 25 découper,
594 1469 42 16 sur
648 1464 22 21 le

144 1496 60 20 fond
220 1496 59 23 vert,
296 1499 29 17 sa
340 1495 50 20 tête
405 1494 119 20 vraiment
540 1493 119 25 capricieu-

144 1529 36 16 se;
196 1524 29 20 de
238 1528 97 21 camper
347 1528 39 15 ses
398 1521 81 27 pattes
491 1521 110 23 fuselées,
615 1521 54 20 bien

143 1556 46 21 que
201 1552 118 20 hérissées
331 1551 29 21 de
373 1550 67 27 poil3.
451 1549 33 22 t*
495 1550 71 20 vieux
576 1549 93 26 peintre

145 1579 110 21 travaille
274 1579 76 21 ferme
369 1579 26 20 et
412 1583 60 16 nous
491 1582 61 16 nous
571 1582 89 21 rappro-

143 1607 76 21 chons
231 1612 61 21 pour
306 1607 20 20 le
341 1607 120 25 regarder.

174 1634 36 22 On
222 1639 136 17 commence
370 1636 15 19 à
398 1636 52 19 voir
462 1639 46 21 que
519 1635 25 20 la
556 1633 86 22 chèvre
655 1638 16 16 a

144 1664 43 20 des
206 1668 28 16 os
251 1664 25 19 et
293 1667 46 16 une
357 1667 70 21 peau;
447 1668 39 15 ses
504 1667 84 15 cornes
605 1667 65 15 aussi

144 1693 55 19 sont
216 1696 43 16 sur
275 1696 29 16 sa
321 1691 59 23 tète;
400 1690 63 21 mais
482 1690 17 21 il
516 1690 34 20 lui
568 1695 102 20 manque

144 1724 85 17 encore
244 1723 46 17 une
303 1723 83 22 queue.

179 1758 29 5 —
221 1747 34 20 Et
269 1752 28 16 sa
311 1746 91 21 barbe?
418 1746 36 21 dit
467 1746 101 20 Josette.

174 1787 29 4 —
216 1777 32 20 Le
260 1775 123 21 Monsieur
394 1776 24 20 la
429 1776 54 20 fera
494 1780 106 20 pousser.

174 1805 63 21 Tout
252 1804 17 21 à
287 1809 67 21 coup,
373 1808 45 17 une
438 1803 109 25 musique
567 1803 103 25 spéciale

145 1838 72 22 passa
231 1838 45 21 par
290 1833 22 20 le
327 1837 44 16 nez
385 1832 29 21 de
428 1831 102 21 l'artiste
544 1831 124 24 enrhumé;

147 1862 16 21 U
179 1862 40 20 u'a
232 1866 45 21 que
293 1861 21 21 le
329 1863 79 24 temps
422 1860 29 21 de
466 1860 82 21 lâcher
564 1864 39 16 ses
619 1860 40 25 pin-

146 1894 83 19 ceaux,
246 1892 25 18 et
286 1889 16 21 il
318 1890 97 19 èternue
431 1888 60 21 dans
507 1893 33 16 un
556 1888 114 21 immense

144 1918 126 20 mouchoir
288 1922 108 21 pourpre.

175 1945 110 26 Biquette
301 1946 80 20 bondit
396 1945 24 21 et
434 1950 26 15 se
473 1945 132 20 retourne...
619 1944 52 21 Elle

144 1973 114 26 •perçoit,
269 1974 15 18 à
295 1973 40 20 dix
346 1978 45 20 pas
400 1973 68 20 d'elle
479 1973 126 20 au-dessus
617 1973 55 20 d'un

145 2001 123 25 r-^tangie
282 2001 47 20 mis
343 2006 43 15 sur
400 2001 60 20 trois
473 2001 73 25 pieds,
560 2005 47 16 une
623 2001 49 20 tète

145 2030 41 25 qui
197 2029 106 21 retombe
314 2029 60 20 dans
385 2028 146 26 l'aveuglant
541 2029 130 20 mouchoir.

145 2057 53 21 Elle
208 2058 51 20 voit
271 2061 81 22 rouge,
365 2057 59 20 c'est
435 2057 22 20 le
468 2062 42 15 cas
522 2056 29 22 de
562 2057 22 20 le
598 2057 50 21 dire
664 2057 6 20 !

148 2085 125 23 Keeulant,
285 2085 22 21 le
317 2086 69 19 iront
396 2085 50 22 bas,
459 2085 44 20 elle
514 2084 102 22 s'élance
627 2089 42 16 sur

146 2118 39 18 Be*
200 2117 80 23 pattes
294 2115 16 19 à
326 2116 108 21 ressorts,
451 2116 26 18 et
490 2119 46 21 par
549 2114 85 21 dessus
648 2114 23 20 le

145 2146 94 22 pemire
261 2142 111 21 renversé
395 2147 43 16 sur
460 2142 26 20 la
506 2142 97 26 palette,
626 2142 45 21 elle

144 2170 91 21 achève
246 2175 45 16 son
301 2170 104 26 portrait
419 2175 29 16 en
460 2175 18 21 y
489 2170 130 25 enfonçant
631 2175 40 16 ses

145 2202 85 18 cornes
243 2202 25 17 et
281 2199 44 21 elie
340 2198 123 26 l'emporte
477 2203 32 16 au
523 2199 103 20 sommet
638 2198 33 21 du

145 2227 74 21 fossé,
233 2232 62 21 pour
308 2227 23 21 îe
347 2227 113 26 regarder
475 2226 17 21 &
505 2227 108 20 l'envers.

174 2255 94 20 Josette
282 2255 73 21 criait
373 2260 8 16 ;

173 2293 32 5 —
217 2283 36 25 Çà
267 2283 32 20 l*a
313 2283 93 25 fâchée,
419 2283 123 25 lui-dis-je,
556 2283 17 20 il
586 2283 85 21 n'était

144 2316 46 22 pas
204 2311 165 21 ressemblant.

173 2340 65 20 Mais
250 2339 44 21 elle
307 2344 29 16 ne
350 2344 73 21 pense
437 2340 56 25 déjà
506 2339 54 26 plus
573 2344 32 16 au
618 2344 45 21 por-

144 2367 68 21 trait.

174 2406 28 5 —
215 2395 46 21 Oh!
276 2395 41 21 ch!
330 2395 102 21 fait-elle
445 2400 85 16 encore
543 2396 129 20 essoufflée

147 2424 90 21 d'avoir
257 2428 81 20 couru,
360 2428 92 17 comme
472 2424 36 20 les
529 2424 67 20 bêtes
616 2426 55 18 sont

147 2453 139 20 méenantes
305 2452 7 21 ï

178 2491 28 4 —
215 2480 106 21 Hélas!...
330 2480 65 21 C'est
405 2485 92 16 comme
507 2480 24 21 la
541 2480 130 26 grenouille

147 2513 33 16 eu
195 2509 87 24 jLirdin.

178 2546 29 5 —
221 2537 81 24 (quelle
316 2536 130 26 grenouille
463 2536 13 20 ?

182 2575 31 4 —
227 2566 36 19 Tu
278 2569 31 16 ne
326 2565 44 20 l'as
386 2569 45 21 pas
446 2569 85 16 encore
548 2564 63 20 vue?

176 2593 110 24 Rentrés,
304 2598 61 16 noua
382 2598 61 16 noua
480 2593 102 21 rendons
619 2594 55 20 tout

146 2621 64 21 droit
222 2626 33 16 au
266 2623 61 24 patit
340 2622 82 20 bassin
434 2622 42 25 qui
487 2622 55 20 rêve
555 2623 67 19 entre
635 2626 39 16 ses

147 2654 69 16 murs
236 2650 107 23 chaulés;
366 2654 47 16 une
433 2654 47 16 eau
499 2650 174 25 transparente,

146 2679 57 19 unie
221 2682 92 16 comme
329 2683 33 15 un
378 2683 70 15 verre
464 2682 43 16 sur
521 2683 33 15 un
570 2678 59 20 fond
645 2678 28 20 de

146 2708 97 23 C*mei)S;
258 2706 59 20 dont
329 2706 36 20 les
379 2706 72 20 bords
466 2711 26 15 se
506 2706 115 20 couvrent
634 2706 40 25 pé-

145 2734 131 21 ni^îmeat
290 2734 55 20 d'un
359 2738 47 21 peu
420 2734 29 20 de
464 2738 102 15 mousse.
581 2734 91 19 D'ordi-

147 2762 75 24 Daîre*,
233 2763 60 19 c'est
301 2762 17 20 à
328 2762 68 25 peine
408 2762 28 24 si,
446 2761 17 20 à
474 2762 89 20 l'heure
574 2762 33 20 du
618 2762 55 21 soir.

145 2790 23 20 le
182 2790 75 26 cyzîse
271 2790 54 20 tout
336 2790 88 25 proche
436 2789 49 21 fait
496 2789 115 20 trembler
622 2790 40 24 jus-

146 2819 72 24 qu'ici
232 2818 98 20 l'ombre
345 2818 29 20 de
388 2822 41 15 ses
443 2817 77 20 fleurs
534 2817 55 26 plus
605 2822 57 15 nom-

145 2846 99 21 breuses
258 2851 45 21 que
317 2850 40 17 ses
370 2845 115 21 feuilles...
498 2845 64 21 Mais
576 2845 86 26 aujour-

150 2873 71 23 d'hui,
238 2874 17 20 il
271 2879 17 20 y
306 2878 22 17 a.
345 2874 36 19 les
398 2878 64 20 yeux
480 2873 109 20 arrondis
608 2874 26 19 et
650 2873 24 20 la

149 2901 67 21 fente
235 2902 29 20 de
283 2906 29 15 sa
330 2901 91 20 bouche
440 2906 55 15 vers
515 2901 22 20 le
556 2901 52 24 ciel,
627 2905 46 16 une

150 2929 55 21 bête
225 2929 55 26 trop
299 2931 73 22 verte,
392 2929 41 25 qui
453 2934 30 15 ne
504 2930 77 24 bouge
602 2929 73 25 guère

148 2961 25 16 et
184 2958 40 19 oui
235 2958 89 20 semble
335 2957 109 21 attendre
454 2962 47 15 une
511 2958 66 24 proie
586 2957 78 20 chimé-

148 2986 68 25 rique
232 2990 30 16 en
277 2991 27 15 se
319 2986 125 20 soulevant
459 2990 42 15 sur
515 2985 77 21 l'onde
609 2985 56 21 inha-

148 3013 72 21 bile.

178 3042 117 25 Sorprise.
311 3041 94 21 Josette
422 3041 107 26 regarde,
545 3041 36 20 les
597 3042 79 20 mains

147 3074 34 16 au
198 3072 104 17 menton.

179 3108 29 4 —
224 3097 127 25 Qu'est-ce,
370 3097 43 23 dis,
431 3102 39 15 me
487 3097 110 25 fait-elle,
617 3097 17 21 à
651 3098 25 20 la

147 3126 44 20 fin.

177 3165 27 3 —
220 3154 53 20 Une
289 3154 130 25 grenouille
436 3154 129 20 monstre...
583 3153 92 21 Prends

149 3181 85 27 garde;
249 3183 42 20 des
305 3182 157 20 moucherons
476 3182 152 23 l'entourent;
646 3182 30 20 ils

149 3213 59 17 vent
227 3210 25 20 îa
270 3211 62 19 faire
351 3210 91 20 bondir.

179 3239 93 20 Josette
292 3238 84 22 recule,
396 3243 43 15 car
458 3238 26 20 la
504 3243 76 21 gorge
600 3238 30 20 de
650 3238 25 20 la

148 3266 56 21 bête
225 3267 43 19 bat
287 3266 56 21 d'un
363 3267 62 25 petit
442 3266 47 20 flot
508 3266 31 20 né
558 3266 32 20 du
609 3267 64 19 vent.

180 3305 29 4 —
226 3295 77 23 Tiens,
321 3295 44 20 elle
383 3296 63 18 reste
464 3294 119 20 immobile
604 3295 7 19 :

178 3334 31 4 —
224 3323 51 20 Elle
290 3323 40 20 n'a
342 3327 45 21 pas
400 3323 69 23 faim,
483 3327 57 15 sans
552 3322 79 21 doute.

179 3351 69 20 Deux
265 3352 104 21 oiseaux,
388 3351 23 20 le
428 3351 43 20 bec
490 3351 64 25 plein
572 3351 30 20 de
620 3351 44 20 ché-

157 3380 76 21 ri"^.?,
249 3384 26 16 se
289 3379 157 25 poursuivent
460 3379 26 19 et
500 3380 83 19 rasent
597 3379 22 20 le
635 3379 41 20 ba-

147 3409 93 20 trac.en
256 3408 121 25 singulier.

179 3447 29 4 —
220 3436 22 20 n
257 3439 38 18 est
309 3437 70 23 mort,
393 3436 37 20 dit
443 3436 109 23 l'enfant,
566 3440 56 16 sans
635 3441 39 16 me

152 3464 122 26 rc^irder.

182 3503 27 4 —
225 3492 65 20 Mais
304 3493 58 20 non!
378 3492 22 20 H
415 3492 40 20 n'a
470 3497 45 20 pas
530 3497 65 21 peur,
612 3493 64 20 voilà.

150 3521 62 20 tcnL

180 3549 55 20 AÏ3"
253 3549 25 25 je
295 3553 56 16 sens
369 3553 44 21 que
432 3553 57 15 mon
507 3548 40 25 jeu
566 3553 25 16 se
609 3549 64 25 gâte;

150 3577 61 20 c'est
226 3577 18 20 à.
259 3581 73 16 cause
348 3577 30 20 de
395 3576 90 24 Médor,
502 3576 133 20 l'imbécile!
655 3577 21 20 D

152 3605 79 20 rêvait
248 3605 62 20 dans
329 3610 28 15 sa
376 3604 77 24 niche,
471 3605 26 19 et
515 3604 23 20 le
555 3603 63 22 voilà
636 3605 41 26 qui

152 3633 103 20 s'iveiîle
269 3638 30 15 en
313 3633 104 22 hurlant,
432 3637 93 16 comme
539 3632 22 20 si
576 3637 31 16 on
619 3638 47 15 vou-

151 3661 46 20 lait
212 3661 157 20 l'assassiner.

180 3690 92 19 Josette
286 3691 51 18 met
350 3694 33 15 un
396 3689 75 25 poing
486 3688 16 20 à
518 3693 28 15 sa
560 3689 72 24 taille,
647 3690 30 22 et,

152 3716 24 21 le
194 3717 68 26 doigt
278 3717 74 20 tendu
368 3722 57 16 vers
440 3717 26 20 la
483 3716 137 26 grenouille,
639 3722 38 15 me

156 3745 36 19 dit
206 3750 59 15 avec
279 3750 32 15 un
326 3746 92 19 sourire
434 3750 46 21 que
494 3745 26 25 je
535 3744 117 21 déchiffre
672 3750 6 16 :

158 3777 14 14 <
187 3772 51 21 Elle
251 3773 111 20 n'entend
375 3778 52 21 pas,
441 3778 58 15 sans
513 3773 73 20 doute
600 3773 32 20 >?

187 3802 30 18 Ai
221 3806 43 17 :rs,
286 3802 44 20 elle
351 3802 44 20 bat
418 3803 43 20 des
483 3803 87 23 mains,
593 3802 86 20 souffle

156 3833 61 15 cias
227 3834 11 14 2
242 3834 24 15 es
276 3830 67 24 j^ues
354 3835 56 15 sc-is
421 3836 29 15 sa
459 3831 114 25 capeline,
584 3831 26 19 et
619 3830 60 25 jette

162 3857 19 20 à.
195 3857 26 20 la
234 3857 56 20 hÊta
305 3858 44 20 des
363 3859 104 20 cailloux
481 3858 124 21 ramassés
620 3858 61 20 dans

163 3885 49 20 l'ail
214 3886 34 20 -5-î-
261 3886 30 20 Je
304 3887 63 20 crois
379 3888 100 24 pouvoir
490 3887 133 22 intervenir
635 3891 47 16 uns

161 3916 105 18 c-:-rri-lr=
282 3916 45 19 ::i.=
344 3919 23 16 s*.
381 3919 22 16 :z
418 3921 86 15 zr-nze
519 3917 71 19 ainsi:

190 3954 30 4 —
239 3943 59 21 Fais
317 3943 55 21 bien
391 3945 120 20 attention
534 3945 6 20 !
561 3945 26 21 SI
606 3945 29 21 tu
654 3946 23 20 la

163 3973 101 20 tciches
288 3974 29 19 ta
339 3973 147 20 l'entendras
516 3979 101 20 pousser
649 3978 33 16 un

159 4002 155 20 coassement
330 4002 108 20 affreux!

184 4041 31 4 —
226 4031 65 20 Maï3
303 4030 94 21 Jcc-=tte
411 4031 58 25 jJ-ge
482 4036 46 20 que
542 4036 43 16 son
598 4032 84 25 plaisir

154 4060 26 19 et
192 4064 42 15 ma
245 4059 94 20 crainte
351 4059 68 20 n'ont
429 4064 46 21 que
486 4060 56 25 trop
552 4059 66 21 duré.
630 4060 52 21 Elle

155 4088 87 20 tcume
258 4092 57 15 vers
333 4088 51 19 moi
400 4092 30 15 sa
447 4087 57 21 face
520 4088 120 25 prévenue
658 4089 25 19 et

154 4120 41 15 s^2
210 4120 64 16 vrux
291 4115 44 21 ont
350 4115 82 21 tcotes
463 4115 67 21 leurs
561 4115 121 27 paillettes

155 4144 78 19 c-i-lI
246 4144 43 20 elle
304 4149 11 9 =
325 4144 60 20 écrie
400 4149 6 14 :

184 4182 31 5 —
234 4171 48 25 Qimû
304 4172 77 20 est-ce
401 4172 42 25 qui
463 4176 18 16 a
500 4171 58 26 déjà,
578 4171 105 21 entendu

153 4204 100 16 c-i^3=r
269 4205 48 15 urne
335 4200 132 25 grencwiiïle
504 4205 33 16 ea
573 4200 110 21 celluloïd

154 4228 100 20 ■fwrh<ée:
264 4233 33 16 as
310 4228 82 21 Grani
404 4229 80 19 Bazar
501 4228 13 19 ?

414 4256 30 20 D.
458 4256 25 20 J.
496 4256 158 21 rrORBATX.

843 242 27 30 C
873 240 163 31 YCLISM
1041 240 22 29 E

713 306 34 44 Le
776 303 201 52 Championnat
999 302 35 44 de
1054 301 136 53 Belgique

729 377 51 34 sur
798 370 83 40 route
901 366 51 44 des
968 364 208 54 indépendants

752 449 16 32 Il
783 456 25 24 se
823 448 111 38 disputera
948 448 21 30 le
980 447 15 32 S
1006 447 49 37 juin
1069 446 13 32 à
1098 446 44 37 Huy

718 498 30 20 Le
772 497 173 24 Championnat
967 496 28 19 de
1018 495 111 25 Belgique
1150 494 58 20 Indé-

692 522 115 24 pendants
820 526 41 15 sur
875 524 65 17 route
955 526 24 15 se
995 520 119 24 disputera
1127 519 16 20 à
1155 520 61 23 Huy,

690 548 20 19 le
723 547 13 19 5
748 547 57 23 juin.

718 570 114 25 Organisé
847 575 42 19 par
903 571 23 19 la
940 570 53 19 ville
1007 570 27 19 de
1049 569 60 23 Huy,
1123 573 57 15 avec
1196 568 20 19 le

690 601 113 15 concours
830 596 31 19 du
887 595 78 23 Eapid
990 594 60 20 Club
1076 594 92 20 Huto.s,
1187 597 27 15 ce

690 621 168 23 championnat
884 622 36 18 est
945 618 83 25 appelé
1047 617 17 21 À
1085 619 130 22 remporter

691 646 119 23 beaucoup
824 645 27 19 de
867 643 87 21 succès.

717 669 126 25 L'épreuve
867 674 25 15 se
915 668 120 24 disputera
1058 672 41 15 sur
1119 667 22 20 le
1165 671 43 19 par-

690 700 68 15 cours
781 695 100 21 suivant,
904 693 39 24 qui
966 694 35 19 est
1025 692 119 21 excellent,
1166 691 48 20 très

690 720 100 22 roulant,
812 719 116 25 profitant
949 718 21 19 le
994 717 51 24 plus
1066 718 100 19 couvent
1187 716 27 19 de

691 748 78 17 routes
783 741 191 22 macadamisées.
988 741 125 25 L'éprouve
1128 740 87 25 répond

690 774 30 15 on
739 774 29 15 ne
787 772 55 20 peut
861 768 77 19 mieux
957 766 15 21 à
989 772 26 15 ce
1034 767 55 24 qu'il
1105 766 109 19 convient

692 795 26 19 de
738 794 86 20 choisir
842 798 59 20 pour
921 797 32 15 un
971 792 177 23 championnat:
1170 795 45 19 peu

692 817 218 26 d'agglomérations
923 816 14 20 à
950 818 126 21 traverser;
1092 816 59 19 deux
1165 820 41 18 pas-

690 849 68 19 sages
770 843 16 20 à
799 842 86 20 niveau
896 841 30 21 où
939 842 20 21 le
971 841 77 25 grand
1059 841 71 20 trafic
1142 840 65 21 ferro-

690 868 73 21 viaire
778 873 28 14 ne
822 870 56 22 peut
893 868 88 18 donner
998 867 45 19 lieu
1059 865 15 21 à
1090 870 76 15 aucun
1182 864 25 21 In-

690 892 87 25 cident;
803 894 79 18 routes
905 891 47 20 très
976 892 76 22 larges
1074 889 89 21 semées
1187 889 27 20 de

691 917 64 21 côtes
777 917 47 20 très
847 915 152 23 accidentées,
1023 916 27 18 de
1073 917 96 21 longues
1191 915 16 19 li-

691 948 56 19 gner-
765 942 86 20 droites
869 944 23 17 et
911 941 28 20 de
957 941 120 20 descentes
1095 944 46 20 peu
1161 939 44 20 dan-

691 972 117 19 gereuses:

715 993 55 23 Huy
789 991 76 25 (place
883 990 158 21 St-Germain)
1064 994 6 19 ;
1089 990 97 19 Braives
1207 994 5 17 ;

690 1017 98 20 Hannut
807 1015 35 23 (23
857 1016 69 22 km.);
942 1016 141 20 Burdinnes;
1100 1015 115 19 Bierwart

692 1044 36 18 ■U4
747 1041 47 20 km.
812 1041 61 21 500);
895 1040 93 22 Lavoir;
1010 1040 55 23 Huy
1086 1040 37 20 (15
1143 1039 69 22 km.);

692 1065 128 25 Ben-Ahtn;
837 1066 113 19 Antienne
968 1064 37 21 (13
1021 1065 70 22 km.);
1107 1064 65 24 Ohoy
1192 1064 22 20 (9

695 1090 69 23 km.);
786 1090 72 23 Cincy
878 1088 114 23 (contrôle
1011 1089 91 21 volant)
1124 1089 25 19 15
1169 1089 46 19 km.

693 1116 48 22 500;
766 1114 108 24 Bamou;
901 1115 99 19 Modave
1027 1115 23 20 (3
1074 1114 47 20 km.
1146 1114 67 22 500);

695 1142 54 23 Huy
776 1140 214 22 (ravitaillement);
1016 1139 146 21 Promenr.de
1188 1139 29 20 do

694 1167 48 19 l'Ile
763 1166 35 21 (11
819 1165 69 24 km.);
908 1165 166 24 Long-Thiere;
1095 1165 66 20 Strèe
1180 1165 36 19 St-

693 1191 56 20 Vitu
769 1192 23 20 (9
810 1191 70 22 km.);
899 1191 118 19 Fraineux
1037 1191 23 20 (5
1077 1190 67 23 km.),
1163 1191 52 19 Om-

695 1216 52 22 bret
773 1216 24 21 (T
821 1216 69 23 km.);
916 1216 62 24 Huy,
1002 1215 104 21 contrôla
1130 1216 86 21 volant.

690 1243 35 20 Gd
742 1243 70 20 Place
830 1243 24 21 (S
870 1243 67 23 km.),
953 1242 178 24 Longs-Thiers;
1150 1242 67 20 Strée

690 1272 91 19 St-Ylth
795 1271 24 23 (9
830 1271 69 24 km.);
911 1270 118 21 Fraineux
1042 1271 23 21 (5
1075 1270 70 23 km.);
1158 1270 59 24 Huy,

690 1300 91 20 arrivée
798 1300 23 21 v9
837 1300 47 20 km.
898 1299 61 22 500):
977 1299 59 21 total
1051 1300 40 19 1S2
1104 1299 48 20 km.

716 1329 65 19 Nous
798 1328 106 20 donnons
922 1327 127 21 ci-dessous
1067 1328 23 20 la
1107 1328 52 19 liste
1177 1327 40 20 des

691 1358 111 16 coureurs
835 1353 108 24 désignés
977 1353 178 20 officiellement
1187 1357 31 16 ou

692 1383 72 23 ayant
780 1382 114 20 demande
909 1382 51 19 leur
975 1381 155 24 engagement
1139 1386 6 15 :

703 1411 19 19 1.
735 1409 82 24 Adam,
834 1410 90 23 Franc.,
941 1409 261 24 Stockay-St-Georges;

704 1436 19 18 2.
738 1434 85 25 Billles,
840 1434 87 23 .Albert,
943 1434 161 24 Deux-Âcren;

703 1459 20 19 S.
737 1459 116 23 Bruneau,
869 1459 83 22 Emile,
966 1458 155 25 Hyan-Ciply;

702 1485 19 18 4.
735 1484 116 21 Bruneau,
871 1483 110 23 Gustave,
1001 1483 155 24 Hyon-Ciply;

703 1508 20 20 5.
736 1508 75 22 Cools,
827 1508 86 23 Victor,
929 1508 88 23 Kethy;

702 1533 19 19 6.
735 1533 121 22 Cùrthout,
869 1533 124 24 Alphonse,
1005 1532 76 23 Fulle;

704 1558 19 19 7.
737 1558 124 22 Gravillon,
877 1557 115 23 Fernand,
1010 1557 136 23 Blanmont;

706 1582 19 20 S.
739 1583 34 19 Dj
792 1583 91 23 Geeter,
902 1582 98 22 Hubert,
1018 1581 185 24 Nederbrackel;

703 1607 20 20 9.
736 1607 35 20 Do
785 1607 67 24 Loro,
869 1607 108 23 Gustaaf,
992 1608 151 23 Antwerpen;

692 1632 32 20 10.
737 1632 134 23 Delrviière,
888 1633 160 23 Symphorien,
1064 1632 98 23 Binehe;

690 1657 32 19 11.
733 1657 36 20 De
782 1657 89 23 Putter,
878 1656 34 23 E.,
919 1657 296 22 Vondeïen-Denderhaut.;

691 1682 31 19 12.
736 1682 36 19 De
785 1681 74 24 Kyck,
874 1681 183 23 Jean-Baptiste,
1073 1682 142 23 Maxenzele;

691 1706 31 20 13.
736 1707 35 19 De
785 1707 123 24 Schepper,
920 1707 112 23 Auguste,
1044 1706 133 24 Meerbeke;

692 1731 31 19 14.
737 1730 94 26 Dignef,
849 1730 106 24 Antoine,
974 1731 77 23 Velm;

692 1756 30 19 15.
737 1755 73 25 Dony,
827 1756 111 22 Maurice,
953 1755 128 23 Couthuin;

691 1780 32 19 \6.
737 1781 108 23 Georges,
863 1781 93 21 Lucien.
975 1779 116 25 Châtelet;

692 1805 31 19 17.
737 1804 95 23 Gérard,
848 1805 107 24 Léopold,
970 1804 83 26 Kngis;

692 1829 32 20 13,
737 1830 114 23 Gernacy.
866 1830 87 22 Victor,
970 1829 136 23 Hansbeke;

693 1853 32 20 19.
738 1854 76 24 Gigot,
838 1855 56 21 Jos..
919 1854 296 23 Tourinnes-St-Lambert;

691 1879 31 19 20.
736 1879 123 23 Goossons,
877 1880 55 22 Pol.,
950 1879 124 24 Mortagne
1091 1880 32 19 du
1141 1879 74 23 Nord.

692 1904 32 19 21.
737 1903 137 25 Hardlquet,
886 1904 77 21 Louis.
976 1904 149 24 Houg.ierde;

691 1928 32 20 22.
739 1929 131 24 Heyninck,
884 1929 108 23 Georges,
1006 1929 130 23 Bruxelles;

693 1954 32 19 23.
738 1953 114 23 Houbion.
869 1954 112 23 Auguste,
996 1954 100 23 Dinant;

693 1980 25 13 •4-1
737 1979 12 11 -t
759 1984 34 6 ~—
789 1979 82 20 .-laert,
887 1979 86 20 Pierre.
992 1978 74 20 Gand.

692 2003 32 20 2Z\
737 2003 94 24 Lepine,
847 2003 81 22 Henri,
945 2002 117 24 Echezée;

693 2028 31 20 Sft.
737 2029 12 13 T
754 2029 103 19 ivacrt-\
872 2028 93 21 Lucien.
981 2027 183 25 Bracquegnles;

693 2052 32 20 27.
738 2053 124 20 Malbreco.
877 2052 72 22 René.
962 2053 57 20 Ath:

691 2077 32 20 2S.
736 2077 112 23 Msthieu.
861 2075 103 24 Charles,
977 2077 239 23 St-Servals-Namur;

694 2102 32 19 29.
739 2102 125 22 Mattheys,
881 2102 110 23 Gc-'—^es,
1008 2102 147 25 Pellenberg;

691 2126 33 21 50.
739 2126 174 24 Meulenbcrgh,
925 2127 59 22 Eloi,
998 2127 115 23 Ransart;

692 2152 33 19 31.
739 2151 92 21 Michel.
849 2152 109 21 Celestin.
975 2152 106 23 Marche;

692 2176 32 20 32.
738 2176 159 22 Moerenhout,
917 2176 95 24 Joseph,
1032 2176 151 20 Cherscam^-

692 2201 32 19 33.
737 2201 88 24 Monty,
843 2201 95 21 Robert,
957 2201 33 20 La
1008 2201 124 23 Louvière;

690 2225 33 20 34.
736 2225 137 23 Noterman,
889 2226 111 20 Richard.
1014 2226 109 21 Paricke;

693 2251 32 19 35.
739 2250 113 24 Pansard,
869 2251 97 22 Urbain,
984 2251 159 22 Troïs-Ponts;

691 2275 33 19 36.
737 2275 103 22 Peeters,
856 2275 120 24 François,
995 2274 135 24 Wa-^nelée;

693 2300 32 19 37.
739 2301 60 21 Pire.
814 2299 81 24 Ow-»r,
911 2301 85 19 Amr.v:

693 2324 32 20 35.
739 2325 107 22 Rassart.
858 2324 82 21 Henri.
953 2325 110 23 Thisnes;

693 2349 32 20 39.
738 2350 78 21 Roel?,
831 2350 77 21 Louis,
921 2349 110 22 Hamme;

694 2374 32 19 40.
739 2375 83 21 Smets.
839 2374 117 24 Hypolite.
970 2374 115 23 Rinsartr

693 2399 32 19 41.
737 2393 162 27 VandenbeV?,
914 2399 123 23 Augustin.
1052 2398 166 24 MontignesPo

693 2424 32 18 41.
737 2421 162 27 Vandeaberg,
920 2424 66 23 Aug.,
1007 2423 210 21 Montisrnies-s.-S.:

692 2448 32 19 42.
737 2448 185 23 Yar.derhaegcn
931 2447 28 23 J.,
969 2448 113 20 Jeumont
1093 2448 123 20 (France):

691 2473 33 19 43.
736 2472 53 20 Van
808 2472 112 24 EesVck,
938 2472 29 21 J..
983 2472 234 24 Leval-Trahe-smies;

692 2497 32 19 44.
738 2497 111 23 Willem»,
867 2497 78 20 Louis.
961 2498 44 19 Les
1022 2497 85 23 Awirs;

694 2522 32 19 45.
739 2522 118 23 Dernuax,
878 2523 96 21 Achille,
994 2522 106 22 Marcke;

693 2547 33 19 46.
739 2547 145 19 Waelckens.
899 2547 110 22 Georges,
1023 2546 143 24 Harlebeke;

694 2571 33 19 47.
740 2571 73 21 Maes,
825 2572 102 23 Syïvcre,
938 2571 122 23 Zevecote;

694 2596 34 19 48e.
740 2596 134 22 Lcsnaer^s,
889 2596 82 21 Fmns.
986 2596 151 22 Bras=chaet;

694 2620 33 19 49.
740 2621 52 19 Van
804 2621 136 20 Veltbovcn.
953 2620 94 23 Marc*»!,
1059 2621 150 19 Wuestwezel
1214 2626 5 17 ;

696 2645 32 19 «o.
740 2646 51 14 -•-->
812 2644 90 25 Hassel,
921 2645 83 22 Frans,
1021 2645 125 24 Schocten;

695 2670 32 19 51.
741 2670 112 22 Sottiaux,
870 2670 82 21 Emile,
967 2670 119 23 Auvelais;

695 2695 31 18 52.
741 2695 70 23 rvry,
829 2694 103 22 Eugène,
949 2695 128 22 Waterloo;

695 2719 31 19 53.
740 2719 87 23 Siquet,
845 2719 94 23 Joseph.
957 2719 230 23 Villers-le-Temple;

695 2743 31 20 54.
740 2743 170 23 Cocqucreaux,
937 2743 110 24 Maurice,
1073 2744 139 23 Lennicq-St

722 2767 108 24 Quentin.

837 2828 10 18 >
855 2829 20 17 E
888 2828 101 18 GRAND
1002 2829 72 17 PRIX

771 2851 39 18 DU
831 2851 133 18 PLATEAU
984 2851 40 18 DE
1041 2851 101 19 HOTE

895 2873 123 18 JUNIORS

748 2895 32 17 La
798 2894 105 23 première
921 2896 93 17 manche
1031 2897 36 16 est
1082 2894 85 23 gagnée

883 2921 40 18 par
942 2918 87 17 Pietkin

719 2945 32 18 La
766 2945 104 22 première
885 2946 92 18 manche
991 2946 28 18 du
1034 2946 74 18 Grand
1122 2946 53 18 Prix
1189 2945 28 18 du

697 2967 92 18 Plateau
811 2968 25 18 de
857 2968 73 18 Hervé
952 2972 54 18 pour
1025 2972 106 14 coureurs
1151 2969 26 18 de
1197 2968 20 17 la

697 2989 110 22 catégorie
828 2990 85 22 Junlore
934 2991 55 17 s'est
1010 2994 80 16 courue
1111 2995 25 13 ce
1158 2990 60 18 lundi

697 3015 40 14 sur
750 3015 29 14 un
796 3016 104 18 parcours
915 3016 27 14 en
957 3012 78 18 circuit
1050 3013 26 17 de
1091 3013 23 18 80
1129 3012 79 19 kilomè-

697 3035 53 16 tres.
772 3033 137 24 Vingt-deux
929 3036 143 19 concurrents
1094 3038 15 19 y
1131 3035 77 23 partici-

699 3055 82 23 pèrent.
796 3056 62 18 Voici
872 3056 19 18 lo
907 3056 132 19 classement
1051 3061 6 14 :

722 3084 17 19 L
756 3084 148 23 PIETQUrN.
922 3090 27 13 en
966 3086 12 17 2
993 3085 23 18 h.
1033 3085 23 19 35
1073 3090 40 17 m.;
1130 3085 18 19 2.
1167 3086 42 18 Gré-

697 3107 67 21 goire,
777 3107 14 17 à
803 3107 11 18 3
826 3107 128 22 longueurs;
968 3108 17 17 3.
999 3108 126 20 Duc?iesne;
1139 3108 17 19 4.
1170 3107 49 19 Del-

697 3129 45 18 maî
764 3129 26 19 :5.
809 3128 93 23 Gérard;
920 3130 18 17 6.
957 3129 95 20 Jeunen;
1071 3130 18 18 7.
1108 3130 110 19 Neuville:

697 3151 18 18 S.
734 3151 94 20 Bodart;
846 3152 17 17 9.
882 3150 82 22 Piette:
984 3152 28 18 10.
1031 3152 70 18 Meers
1108 3156 5 17 ;
1133 3152 29 18 11.
1180 3152 30 18 Le-

696 3177 51 18 roy;
763 3173 30 18 12.
808 3173 86 21 Orban;
909 3174 30 18 13.
954 3174 92 18 Gérono.

722 3202 33 17 La
775 3203 93 17 seconde
889 3203 93 17 manche
1004 3202 26 18 de
1051 3202 59 19 cette
1130 3202 82 18 intéres-

698 3225 64 17 sante
785 3224 96 23 épreuve
905 3229 51 13 sera
979 3224 101 23 disputée
1103 3229 25 14 ce
1151 3224 70 19 mardi

697 3250 40 14 sur
751 3246 19 19 le
786 3246 70 18 même
873 3251 112 18 parcours.

1377 233 242 33 NATATION

1256 284 35 45 Le
1320 284 204 53 Championnat
1554 282 35 43 de
1619 281 136 53 Belgique

1277 348 51 44 des
1357 348 157 53 plongeons
1537 346 34 44 lie
1592 345 67 45 bâti
1681 345 45 43 vol

1288 431 16 31 Il
1319 437 25 24 se
1359 430 111 36 disputera
1486 429 21 31 le
1521 429 14 30 5
1549 428 47 37 juin
1612 427 12 31 à
1640 426 82 32 Renaix

1262 478 30 18 Le
1310 477 21 19 S.
1349 476 24 19 C.
1392 477 118 17 Renaisien
1528 474 103 24 organise
1649 478 42 14 une
1710 473 54 17 belle

1242 499 44 20 fdte
1301 500 20 17 lo
1336 499 117 18 dimanche
1467 500 12 16 5
1493 499 55 22 juin.
1564 498 30 17 Le
1610 496 157 22 championnat

1242 522 25 18 •ie
1289 522 118 22 plongeons
1428 525 49 14 sera
1498 520 113 19 sûrement
1632 518 19 19 le
1671 519 49 16 clou
1741 521 26 13 ae

1237 544 58 19 cette
1312 543 91 19 réunion
1420 543 26 18 de
1463 543 57 23 plein
1536 543 40 16 air.
1594 541 32 18 De
1643 540 121 18 nombieux

1241 566 66 19 relata
1330 566 125 18 animeront
1478 565 22 18 la
1524 565 52 18 fête.
1600 563 33 18 La
1656 560 110 22 QenUche

1241 587 216 24 Zwemvereeal£tag
1472 590 104 16 animera
1592 590 39 13 son
1647 584 78 23 équipe
1741 584 24 17 Je

1242 611 152 18 mouvements
1413 607 133 21 d'ensemble
1566 609 23 19 et
1608 608 19 17 le
1647 606 70 19 cercifc
1738 606 19 17 lo-

1239 633 34 18 cal
1293 633 141 18 rencontrera
1454 635 40 15 son
1514 630 71 19 voisin
1604 630 20 18 le
1643 629 75 18 Cercle
1739 628 26 17 de

1240 655 106 19 Natation
1369 654 27 18 de
1418 654 97 18 Tournai
1537 658 27 14 en
1587 656 30 14 un
1640 651 74 19 match
1739 650 25 18 do

1242 676 127 24 water-polo
1388 676 49 18 bien
1457 675 113 23 équilibré.

1263 700 31 18 La
1312 699 45 18 fête
1375 699 120 18 s'annonce
1512 698 54 17 dons
1583 700 53 15 sous
1655 700 30 14 'es
1703 698 52 17 meu-

1239 721 18 19 le
1267 726 30 14 irs
1312 721 109 23 auspices,
1438 721 103 17 d'autant
1557 720 47 22 plus
1619 722 42 19 que
1677 718 32 18 les
1725 721 28 13 na-

1241 747 65 20 geurs
1324 744 31 19 les
1373 743 48 23 plus
1438 743 92 17 fameux
1547 742 38 18 des
1602 739 108 20 Flandres
1727 739 38 17 ont

1241 766 97 21 répondu
1355 765 13 19 à
1387 764 79 23 l'appel
1482 765 39 16 des
1538 761 174 26 organisateurs.

1265 788 63 18 Voici
1364 787 240 22 ravant-programmo
1640 784 27 19 do
1703 782 60 20 cette

1241 810 101 18 réunion:

1264 833 11 17 3
1289 832 20 19 h.
1325 832 32 18 15:
1373 831 34 19 100
1420 835 28 14 m.
1464 830 77 19 brasse
1556 828 126 20 débutants.
1684 828 11 18 3
1710 827 54 24 prix.

1262 855 12 17 3
1287 855 21 18 h.
1322 854 32 17 20:
1368 853 23 19 66
1405 857 28 14 m.
1448 857 57 16 na?e
1519 852 54 18 libre
1587 851 83 19 cadets.
1683 850 11 19 3
1710 850 54 22 pr'x.

1262 877 12 18 3
1286 877 22 18 h.
1321 876 32 18 25:
1369 875 163 22 Championnat
1545 874 26 18 do
1587 873 110 23 Belgique.
1701 872 53 17 Plon-

1240 903 68 18 geons
1329 898 79 20 cirafe.
1429 901 120 19 p.nn^eons
1570 895 93 19 .m^oséi*
1684 898 41 20 par
1744 893 22 18 la

1240 917 139 22 Fédération.
1395 920 12 17 3
1423 915 68 27 prix.~

1262 943 12 18 3
1286 943 22 18 h.
1322 943 32 18 40:
1367 942 67 18 relais
1448 942 11 17 3
1472 941 43 19 fois
1528 940 22 19 66
1564 944 29 14 m.
1607 940 77 17 brasje
1697 938 57 18 débu-

1239 966 69 19 tants.
1324 965 11 17 6
1352 964 56 23 prix.

1261 987 13 18 3
1291 987 21 19 h.
1330 987 33 18 45:
1383 986 34 19 100
1433 990 29 14 m.
1480 989 57 18 nage
1555 984 54 19 libre
1630 982 105 21 Couvert),
1753 981 11 19 8

1240 1009 55 24 prix.

1261 1032 12 17 3
1288 1031 20 18 h.
1324 1031 32 18 50:
1373 1029 119 24 plongeons
1507 1028 29 19 du
1551 1027 102 24 tremplin
1675 1027 11 18 3
1700 1026 64 19 sauts

1239 1058 29 14 au
1283 1053 72 19 choix,
1370 1052 12 18 3
1397 1051 55 19 nrix.

1263 1075 12 19 4
1295 1075 33 18 h.:
1352 1073 153 19 mouvements
1528 1071 135 20 d'ensemble
1686 1070 70 20 (réser-

1238 1097 45 19 vé).

1261 1120 11 17 4
1289 1119 21 19 h.
1329 1119 32 19 15:
1380 1118 10 18 4
1406 1117 44 19 fois
1467 1117 22 18 66
1506 1121 28 14 m.
1552 1120 57 18 nage
1627 1114 53 19 libre
1696 1114 56 19 débu-

1238 1142 68 19 tants.
1322 1141 12 18 S
1349 1144 55 20 prix.

1262 1164 12 18 4
1287 1164 22 18 h.
1324 1163 33 18 20:
1373 1162 35 19 200
1422 1166 30 15 m.
1467 1161 76 19 brasse
1561 1159 106 21 (ouvert),
1682 1158 11 19 3
1708 1158 55 23 prix.

1261 1186 12 18 4
1287 1186 22 17 h.
1324 1185 33 18 30:
1374 1184 96 19 traction
1485 1183 13 18 à
1514 1183 22 18 la
1551 1182 64 18 corde
1632 1185 39 19 pir
1684 1180 79 24 équipe

1238 1208 27 18 de
1280 1208 12 18 3
1307 1208 99 17 hommes
1424 1205 116 20 ueservê).
1556 1204 12 19 3
1584 1204 56 23 prix.

1260 1230 12 18 4
1292 1228 21 21 h.
1333 1230 33 17 40:
1388 1228 35 19 400
1442 1232 29 14 m.
1492 1227 66 19 relais
1579 1226 14 18 à
1614 1224 149 20 l'américaine

1241 1252 76 20 (relais
1337 1255 16 15 a
1374 1250 88 19 volonté
1484 1254 40 19 par
1545 1248 78 24 équipe
1646 1248 25 18 Je
1693 1247 11 19 3
1725 1251 39 14 nu-

1239 1273 84 24 geurs),
1339 1273 12 18 6
1368 1273 54 22 prix.

1239 1292 6 5 *
1261 1297 12 18 4
1283 1296 22 18 h.
1317 1296 34 18 50:
1363 1294 130 23 water-polo
1507 1297 39 20 par
1557 1290 138 25 invitation.?
1708 1291 54 23 prix.

1308 1349 60 45 Une
1386 1348 74 45 belle
1477 1348 61 44 fête
1556 1345 18 45 à
1595 1345 94 55 Eupen

1240 1434 43 32 Elle
1298 1439 53 26 ai:ra
1366 1432 43 32 lieu
1425 1438 28 25 au
1465 1430 140 32 Weîz'arbad
1620 1430 20 32 le
1651 1430 114 33 dimanche

1464 1481 15 31 5
1498 1481 47 36 ;iïn

1267 1530 52 21 Une
1338 1529 88 25 grande
1445 1528 48 21 fête
1512 1533 53 16 sera
1583 1527 122 26 organisée
1724 1531 40 20 par

1242 1556 41 20 l'A.
1299 1556 26 20 P.
1341 1555 27 21 B.
1384 1555 22 20 J.
1422 1554 29 22 S.,
1468 1554 21 20 le
1506 1554 124 20 dimanche
1646 1554 13 19 5
1675 1553 57 24 juin,
1748 1551 15 20 à

1243 1581 122 20 l'occaeion
1385 1580 28 20 de
1433 1579 181 24 l'inauguration
1635 1579 30 20 du
1684 1577 80 21 bassin

1242 1607 27 20 de
1286 1606 107 20 natation
1409 1605 105 24 d'Eupen
1530 1610 12 14 c
1549 1604 148 21 Wetzlarbad
1705 1609 18 14 ».

1269 1632 33 20 La.
1326 1630 104 23 réunion,
1453 1629 122 25 organisée
1596 1635 56 15 bous
1675 1630 33 19 les
1731 1627 25 21 rè-

1243 1657 114 24 glements
1383 1657 28 19 de
1435 1656 23 20 la
1481 1655 141 21 Fédération
1646 1655 65 23 belge
1736 1653 28 20 de

1241 1682 112 21 Natation
1370 1684 23 18 et
1408 1682 28 20 de
1451 1681 138 24 Sauvetage,
1603 1686 57 15 avec
1675 1680 22 20 le
1711 1684 43 15 con-

1241 1714 68 15 coure
1327 1708 31 19 du
1374 1708 80 20 Cercle
1470 1707 75 25 Royal
1562 1707 27 20 dû
1606 1706 113 20 Natation
1735 1704 28 20 de

1243 1733 126 24 Bruxelle*,
1393 1733 31 20 du
1448 1733 76 24 Royal
1547 1732 108 21 Brussels
1685 1730 79 20 Swlm-

1241 1761 67 24 ming
1319 1759 65 24 Club,
1398 1760 40 20 des
1452 1760 92 20 Cercles
1556 1759 29 22 de
1597 1758 107 20 natation
1716 1757 39 19 for-

1242 1787 67 17 mant
1327 1785 21 19 la
1367 1784 93 20 district
1478 1784 28 20 de
1523 1782 77 25 Liège,
1619 1783 39 19 des
1676 1781 88 20 Aache-

1241 1814 42 17 ner
1294 1810 187 22 Schwlmvereln,
1493 1810 40 19 des
1544 1809 122 19 Aachoner
1676 1806 88 20 Schim-

1242 1834 131 22 menehaft
1389 1836 24 20 et
1430 1835 41 20 der
1487 1835 109 24 Euptmer
1613 1832 151 21 Schwlmmer

1242 1861 148 24 comportora
1404 1861 23 19 lo
1441 1864 148 21 programme
1605 1858 103 20 suivant:

1268 1887 13 19 2
1296 1886 22 20 h.
1332 1887 26 19 30
1376 1892 5 14 :
1397 1886 111 23 Discours
1524 1884 146 21 d'ouverture
1685 1887 43 20 par
1742 1882 23 20 le

1242 1912 163 20 bourïrme-stre
1422 1912 28 19 de
1468 1913 23 19 la
1508 1911 58 20 Ville
1585 1910 110 22 d'Eupen.

1268 1938 13 19 2
1294 1937 21 20 h.
1327 1938 35 20 35:
1365 1938 91 20 Vitesse
1468 1941 43 19 par
1523 1935 100 24 équipes.
1634 1935 13 18 4
1662 1936 19 19 X
1696 1934 26 19 50
1734 1938 30 15 m.

1247 1963 111 24 (épreuve
1380 1961 105 22 réservée
1507 1965 47 15 aux
1574 1964 101 19 nageurs
1698 1959 59 19 d'Eu-

1243 1989 65 24 pen).

1269 2014 13 19 2
1298 2014 21 19 h.
1335 2014 26 19 45
1380 2019 5 14 :
1402 2013 38 19 100
1455 2017 30 15 m.
1501 2016 60 19 nage
1575 2011 59 20 libre
1652 2010 103 21 (Interna-

1246 2039 92 21 tional).

1271 2066 13 19 2
1300 2066 22 19 h.
1339 2065 34 20 PO:
1391 2065 39 19 100
1446 2069 30 14 m.
1493 2068 61 18 nage
1570 2063 58 19 libre
1648 2060 117 22 (réservée

1244 2095 46 14 aux
1306 2088 91 22 Cerclée
1414 2088 31 19 du
1460 2087 99 20 District
1576 2087 28 19 de
1620 2085 90 25 Liège).

1270 2116 14 19 3
1300 2116 26 19 h:
1345 2115 38 19 100
1400 2119 31 15 m.
1447 2118 61 19 nage
1524 2118 42 15 sur
1582 2113 21 20 le
1621 2112 42 21 do.»
1683 2113 81 20 (inter-

1244 2139 124 20 na:ïonal).

1270 2164 13 20 3
1299 2164 21 20 h.
1337 2164 25 19 10
1381 2168 6 14 :
1404 2163 26 20 50
1445 2168 30 14 m.
1491 2167 60 19 nage
1565 2167 43 15 sur
1623 2162 21 20 îe
1661 2162 41 20 dos
1721 2161 38 22 (ré-

1243 2189 67 20 servé
1322 2193 46 15 aux
1380 2189 91 20 Cercles
1485 2189 30 19 du
1526 2188 100 20 District
1637 2188 28 19 de
1676 2186 89 25 Liège).

1269 2215 14 19 3
1301 2214 22 19 h.
1340 2214 26 19 15
1387 2219 6 14 :
1412 2214 39 19 200
1470 2218 30 16 m.
1518 2213 81 20 brasse
1619 2213 139 21 (internatio-

1244 2240 59 19 nal).

1269 2265 13 19 3
1299 2265 22 19 h.
1338 2264 26 20 30
1384 2270 6 14 :
1410 2265 38 19 100
1465 2269 30 15 m.
1512 2264 81 20 brasse
1613 2263 103 21 (réservé
1733 2268 32 15 au

1244 2290 92 20 Cercles
1352 2290 31 20 du
1398 2289 99 21 District
1514 2290 27 20 de
1556 2289 89 25 Liège).

1268 2315 14 20 3
1303 2315 23 20 h.
1346 2315 27 20 40
1397 2320 6 15 :
1426 2315 71 20 Trick
1518 2315 138 23 Swimming
1683 2315 24 20 et
1729 2313 28 21 dé-

1243 2341 156 19 monstration
1413 2340 27 20 de
1453 2341 135 23 sauvetage,
1602 2339 107 21 exécutés
1722 2345 44 19 par

1244 2367 21 19 le
1277 2367 73 23 Royal
1362 2366 108 20 Brussels
1482 2366 137 23 Swimming
1630 2366 64 22 Club,
1705 2370 60 19 nage

1245 2392 28 19 de
1294 2391 131 21 fantaisie).

1269 2417 14 20 3
1301 2417 22 19 h.
1342 2417 26 19 55
1389 2422 7 14 :
1417 2417 148 19 Exhibitions
1585 2416 28 20 de
1638 2416 127 24 plongeons

1247 2443 138 20 (internatio
1393 2442 51 21 t1).

1270 2469 12 18 4
1300 2468 22 19 h.
1340 2468 25 19 15
1385 2472 6 15 :
1410 2468 86 19 Course
1515 2467 28 20 de
1560 2467 69 20 relais
1646 2472 42 19 par
1705 2466 51 25 équi-

1244 2498 41 19 pes
1307 2498 6 15 :
1332 2493 121 20 Bruxelles
1472 2493 80 19 contre
1570 2492 195 24 Aix-la-Chapelle

1248 2518 36 21 (10
1306 2520 20 19 X
1348 2518 27 20 50
1394 2518 41 21 m.)

1272 2544 12 19 4
1307 2543 22 20 h.
1350 2543 27 20 40
1401 2548 6 14 :
1438 2543 161 20 Mouvements
1629 2541 137 22 d'ensemble

1246 2568 107 20 exécutés
1369 2574 44 18 par
1427 2569 22 19 le
1464 2569 79 19 Cercle
1559 2569 75 23 Royal
1651 2569 28 20 de
1694 2568 63 20 Nata-

1246 2594 48 19 tion
1316 2594 27 19 de
1363 2595 127 19 Bruxelles.

1271 2620 13 18 5
1302 2619 23 20 h.
1347 2624 6 14 :
1373 2620 131 23 Plongeons
1523 2619 182 23 humoristiques
1723 2624 44 19 par

1246 2645 30 19 M.
1291 2645 34 19 De
1340 2645 109 20 Wallons,
1465 2644 124 24 champion
1605 2645 28 19 de
1649 2645 117 24 Belgique,

1246 2669 107 24 présenté
1373 2675 43 18 par
1435 2670 31 20 M.
1486 2670 101 19 Corbeel.

1272 2695 12 19 5
1301 2695 21 20 h.
1339 2695 25 19 25
1384 2700 6 14 :
1408 2695 81 19 Match
1505 2695 28 19 de
1549 2695 136 23 water-polo
1702 2695 64 20 entre

1245 2720 22 19 le
1284 2720 28 19 R.
1329 2720 26 19 B.
1374 2720 21 19 S.
1413 2720 24 19 C.
1458 2720 134 23 (champion
1611 2720 27 19 de
1655 2721 111 23 Belgique

1246 2745 61 21 1931)
1326 2745 23 19 et
1366 2745 20 19 le
1403 2745 24 20 C.
1444 2746 28 20 R.
1488 2745 29 20 N.
1532 2746 27 20 B.
1578 2746 94 20 (ancien
1689 2746 69 19 cham-

1246 2771 53 23 pion
1317 2771 27 18 de
1361 2770 132 24 Eelgique).

1270 2795 93 20 Arbitre
1382 2796 30 19 M.
1430 2796 35 19 De
1483 2797 86 20 Rneve,
1587 2795 124 20 secrétaire
1728 2795 30 26 gé-

1245 2820 65 20 néral
1330 2821 27 19 de
1375 2822 24 18 la
1416 2821 26 19 F.
1460 2821 28 20 R.
1505 2821 27 20 B.
1549 2821 29 19 N.
1596 2821 22 19 S.

1269 2846 35 20 Le
1318 2846 80 20 bassin
1412 2845 17 20 à
1442 2846 26 20 50
1483 2851 30 14 m.
1530 2846 28 20 de
1573 2848 60 23 long.

1456 2885 116 21 -♦■♦—

709 3313 37 18 LE
768 3314 215 18 CHAMPIONNAT
1003 3314 39 17 DE
1063 3314 148 22 BELGIQUE

797 3336 55 17 DES
868 3336 255 18 PROFESSIONNELS

723 3365 17 16 Il
755 3370 9 8 «
773 3371 4 6 ■
792 3365 114 21 disputera
919 3364 15 18 à
948 3365 32 18 La
993 3365 72 22 Hnlpe
1078 3365 21 18 le
1113 3365 22 18 12
1149 3365 49 22 juin

720 3393 30 17 Le
774 3393 162 23 Chaaipiornat
959 3393 27 19 de
1009 3394 105 23 Belgique
1138 3394 74 22 profes-

697 3415 97 18 sionnels
812 3420 39 13 sur
870 3416 63 17 route
951 3416 54 18 dont
1023 3416 167 22 l'organisation
1208 3420 14 13 a

698 3438 35 17 élé
750 3438 87 18 confiée
858 3438 11 17 \
889 3438 22 18 la
930 3438 82 18 société
1031 3438 192 22 philanthropique

699 3465 11 12 «
726 3460 42 17 Les
784 3460 53 18 Gais
853 3460 86 18 Lurons
955 3466 18 16 »,
990 3466 24 14 se
1030 3460 114 23 disputera
1159 3465 14 13 a
1190 3460 32 18 La

698 3482 79 22 Hu"pe,
797 3486 39 14 sur
854 3482 19 18 îe
893 3482 85 19 Circuit
995 3483 26 17 de
1040 3482 144 23 l'Argentine,
1203 3482 20 18 le

699 3504 115 18 dl—iarcie
829 3505 22 17 12
863 3505 56 21 juin.

722 3533 43 17 Dès
782 3538 9 13 i
806 3534 122 19 air-tenant,
945 3533 22 18 la
983 3533 95 19 location
1093 3533 39 19 des
1148 3533 75 23 places

699 3559 54 18 pour
768 3555 23 18 la
805 3555 89 19 tribune
909 3556 27 17 de
952 3556 22 17 la
990 3556 58 21 ligne
1065 3556 108 19 d'arrivée
1189 3557 34 17 est

697 3578 98 17 ouverte.
812 3578 33 18 On
863 3578 52 22 peut
930 3578 123 18 s'adresser
1067 3582 29 14 au
1106 3578 67 23 .siège
1189 3582 24 14 so-

699 3600 43 17 cial
759 3600 26 18 de
802 3599 23 19 la
842 3600 11 11 T
861 3604 50 17 «gue
928 3600 168 23 Vélocipéiique
1112 3600 75 23 Belge,
1204 3600 18 19 8,

699 3622 61 22 place
774 3622 38 18 des
826 3622 105 21 ilartyrs,
944 3622 15 18 à
972 3618 122 25 Erùselles,
1108 3622 115 23 téléphone

699 3644 94 20 IT.D-ï-55;
810 3644 14 18 à
840 3644 23 18 la
877 3645 100 18 Taverne
993 3645 40 17 Del
1035 3645 72 22 vigne.
1123 3645 30 20 79,
1171 3645 41 18 bou-

699 3666 76 18 levard
795 3667 46 17 Ar.=
871 3666 35 19 ch.
928 3665 38 21 tél.
987 3667 91 20 11.22.18.
1100 3667 122 18 Bruxelles.

699 3690 21 16 e*
739 3689 52 17 chez
807 3689 29 17 2-i.
855 3689 117 22 Deîobeîle,
992 3689 29 21 IS,
1039 3693 85 15 avenue
1142 3690 82 18 Ernest

699 3710 36 19 Sel
737 3715 28 14 va
766 3715 21 17 v,
803 3711 17 18 à.
837 3713 9 3 "
860 3723 8 6 .
885 3711 80 23 Hulpe,
984 3711 36 18 tél.
1039 3711 84 19 Genval
1140 3712 42 19 239.

723 3743 42 20 Les
780 3743 159 23 engagements
954 3743 90 19 doivent
1059 3744 46 18 ôtre
1120 3743 103 19 adressés

700 3769 28 14 au
743 3765 135 19 Secrétariat
894 3766 90 23 Sportif,
1000 3767 18 19 8,
1034 3766 61 23 pîace
1111 3766 39 19 des
1165 3766 50 18 Mar-

700 3788 54 21 tyrs.
769 3784 18 21 "6
806 3787 121 23 BrnxaUes,
944 3789 105 22 jusqu'au
1067 3788 61 19 lundi
1145 3789 13 18 6
1177 3788 46 18 ■'uin

700 3809 14 18 à
732 3810 86 18 minuit.
837 3811 71 17 Passé
925 3811 59 18 ce*te
1003 3810 58 20 date,
1082 3811 49 23 plus
1150 3814 73 14 aucun

702 3834 145 20 engagement
862 3837 27 13 ne
905 3837 52 13 sera
973 3832 97 23 accepté.

832 3917 69 17 Ventt
921 3917 173 22 exceptionnelle

770 3939 172 18 D'AFFICHES
961 3940 192 22 ARTISTIQUES

877 3961 16 18 à
909 3962 49 22 prix
974 3962 73 18 réduit

158 4339 76 73 La
252 4339 217 75 Nation
493 4340 185 92 Belge

181 4432 70 22 étant
258 4431 43 23 hw
314 4432 65 23 dans
391 4434 58 22 tous
549 4433 34 22 ▲

196 4466 24 16 iî
235 4466 18 6 -
259 4477 11 3 ...
287 4466 43 15 t-j/
352 4467 26 15 «
549 4453 34 23 ▼

176 4500 112 47 PETITES
303 4501 144 48 mmi
467 4500 197 54 EOttMItKS

289 4557 34 40 ♦
526 4559 129 23 procurent

451 4583 166 24 TOUJOURS
630 4584 25 22 le

175 4624 205 31 RESULTAT
414 4624 251 32 RECHERCHE

726 4023 41 19 Les
782 4026 113 18 amateurs
911 4026 24 17 et
949 4026 182 19 collectionneurs
1147 4026 67 18 d'affi-

704 4045 51 18 ches
769 4050 73 16 seront
856 4048 113 18 satisfaits
984 4048 146 23 d'apprendre
1144 4052 43 19 que
1202 4048 22 18 la

705 4067 129 22 Ccnipircie
855 4071 11 17 i
876 4070 93 20 Orléans
989 4073 45 15 met
1054 4075 28 13 en
1101 4071 65 18 vente
1187 4070 37 18 dix

691 4092 5 23 ;
704 4089 94 19 affiches
815 4092 128 18 artistiques
961 4093 132 18 différentes
1110 4093 39 18 des
1166 4092 57 19 Chft-

704 4112 67 17 t=a-_-x
787 4113 26 17 de
830 4114 21 18 la
869 4111 70 22 Lo'ïre.
957 4119 30 13 au
1006 4115 48 18 crix
1071 4114 152 23 exceptionnel

704 4133 27 18 de
747 4133 24 19 20
785 4135 37 19 fr..
839 4136 57 19 frais
912 4136 88 19 d'envoi
1006 4133 39 22 "en
1061 4141 39 14 sus
1120 4137 103 20 (France,

705 4155 29 20 fr.
748 4156 52 21 2.50;
814 4157 103 23 étranger
929 4158 13 19 7
955 4159 51 19 fr.).

726 4183 89 20 L'envoi
829 4187 33 18 «st
876 4187 44 18 fait
935 4188 74 17 contre
1023 4187 94 19 mandat
1130 4191 29 15 ou
1172 4187 42 18 <.hè

704 4210 43 18 que
764 4207 71 21 postal
853 4209 94 23 (compte
964 4210 65 18 Parts
1046 4210 56 19 1204)
1121 4209 102 19 adressés

704 4232 30 14 as
749 4228 86 20 Service
850 4230 25 18 de
891 4231 21 18 la
930 4231 113 21 Publicité,
1060 4232 18 20 1,
1094 4231 62 24 place
1172 4232 50 18 Val-

704 4249 86 23 hebert.
804 4251 15 18 à
833 4252 64 19 Paris
914 4253 98 19 (XIHe).

728 4279 34 18 Os
778 4280 52 21 p«t:t
845 4280 123 23 égal-ment
983 4287 25 13 s*
1024 4282 33 18 les
1072 4286 104 19 procurer
1192 4282 30 18 dl-

704 4301 121 19 rect::c*nt
843 4303 14 17 k
876 4304 63 18 Paris
960 4305 42 18 soit
1021 4305 15 18 à
1055 4305 119 18 l'adresser
1194 4304 29 19 ci-

703 4327 45 35 fe-.
772 4323 42 21 101,
834 4328 85 16 avenue
941 4326 40 19 des
1003 4326 99 24 Champs
1132 4327 91 20 Elysées

720 4349 70 15 *«sn».
808 4346 43 18 toit
867 4351 45 14 aux
930 4349 100 18 Azences
1046 4345 37 22 de'
1090 4349 23 18 la
1131 4349 91 22 Compa-

704 4367 51 19 znle
774 4367 118 21 i'Orléans.
911 4370 29 20 16,
957 4370 120 19 toalevard
1094 4371 41 18 des
1152 4371 71 23 Capu-

702 4389 62 19 cteei
780 4390 25 18 et
819 4390 42 19 !26.
877 4391 118 19 boulevard
1010 4393 99 23 Raspail.
1125 4397 30 15 ou
1170 4393 16 19 à
1201 4393 23 17 la

704 4415 54 16 rare
772 4410 27 19 ie
813 4411 130 24 Paris-Quai
958 4415 94 22 d'Orsay
1070 4414 98 19 (Bureau
1184 4414 39 19 des

704 4433 215 23 BenseîijTîements).

726 4461 45 19 Ce»
781 4461 98 20 aiitehmm
892 4464 50 18 sont
954 4464 27 19 de
994 4463 119 22 vérltàbleg
1125 4465 99 19 tabeaux

703 4483 67 19 d'usé
784 4484 84 22 gTac-d-e
882 4486 76 18 valeur
971 4487 164 19 documentaire
1149 4488 24 18 et
1188 4491 36 15 ar-

704 4506 78 27 tistlqu
782 4510 14 14 *
811 4506 26 19 «t
853 4505 48 20 l*nr
916 4508 114 20 collection
1048 4509 51 19 fera
1116 4509 107 19 certalne-

703 4531 63 15 n:«s:
781 4532 61 18 pnne
857 4528 56 19 dass
928 4530 104 23 quelques
1046 4530 90 20 années.

727 4557 61 18 Pour
805 4557 50 23 pics
873 4558 84 22 amples
974 4562 187 21 r-nsegn^nienu,
1180 4561 44 17 s*a-

703 4578 90 19 «Irescwr
804 4582 30 15 aa
848 4579 87 18 Bureau
948 4580 106 20 Commun
1067 4582 39 19 de»
1120 4582 104 19 Chemins

704 4601 28 19 de
752 4600 37 19 îer
808 4600 107 22 fras^als,
935 4601 30 22 25,
986 4603 119 20 boulevard
1126 4604 98 23 Adolphe

704 4623 61 20 Max*
786 4622 17 19 â
823 4621 121 25 Bmzfiîîeiz,
966 4624 23 18 et
1009 4629 45 15 auz
1076 4627 100 20 Agences
1198 4626 27 18 de

1277 2947 119 56 Pension
1420 2947 33 56 lie
1480 2946 110 57 Famille

1621 2952 94 19 Interne

1624 2988 100 19 Externe

1315 3013 29 19 de
1360 3013 96 21 Jonker.
1473 3014 30 18 10.
1503 3023 27 5 —
1546 3013 86 20 Excell.
1646 3013 90 19 cuisine

1247 3104 35 36 ON
1304 3104 134 37 DEMANDE
1480 3102 225 51 ^TEUS
1739 3102 29 46 %

1249 3154 93 21 rapport
1361 3157 31 14 ou
1411 3152 150 24 d'agrément,
1581 3153 60 19 ainsi
1661 3157 44 19 qut
1726 3153 40 19 des

1248 3177 124 20 industries
1395 3182 29 15 en
1446 3180 15 17 t.
1485 3183 64 18 genr.
1573 3177 101 22 Fermes,
1696 3177 63 20 chat.

1248 3203 103 20 brasser.,
1367 3203 42 18 etc.
1424 3202 54 24 Cap.
1494 3208 21 18 p.
1530 3207 83 15 comm.
1627 3207 52 17 ass.,
1691 3206 15 17 e
1705 3203 60 20 ntât

1249 3227 26 19 de
1287 3226 77 20 sociét.
1376 3227 62 20 Plac.
1450 3227 28 20 de
1490 3228 73 19 titres.
1576 3228 52 19 Ecr.
1642 3228 125 23 BANQUE

1250 3250 152 23 D'ETUDES,
1417 3257 36 14 av.
1470 3252 28 20 de
1514 3253 64 20 Juin.
1593 3253 31 21 19.
1642 3253 119 19 Bruxelles

1453 3289 88 20 -«-M

1270 3325 58 35 Les
1357 3326 144 35 Cinémas
1531 3327 18 34 à
1581 3327 162 35 Bruxelles

1271 3393 173 22 LUTETIA.\—
1458 3395 65 23 Mary
1539 3396 57 18 Glor
1623 3396 56 18 dans
1697 3402 12 13 «
1725 3396 43 18 Les

1248 3416 125 18 Chevaliers
1391 3417 26 18 de
1436 3417 22 18 la
1475 3418 119 22 Montagne
1613 3422 21 18 »;
1655 3424 11 13 <
1684 3418 84 19 Double

1248 3437 68 20 mètre
1331 3442 27 15 ne
1372 3439 45 18 s'en
1433 3439 42 18 fait
1491 3444 39 18 pas
1545 3446 19 12 >.
1579 3449 24 4 —
1617 3440 98 19 Enfants
1730 3440 38 18 ad-

1248 3459 41 19 Ji-s.

1271 3482 161 19 MARIVAUX.
1454 3492 25 5 —
1499 3483 125 19 Annabella
1656 3484 24 18 et
1712 3484 56 19 Jean

1248 3503 74 19 Murât
1343 3504 54 18 dans
1419 3510 11 12 «
1450 3505 235 19 Paris-Méditerranée
1705 3512 20 13 >.
1744 3514 25 6 —

1249 3525 96 18 Enfants
1361 3526 78 18 admis.

1272 3548 141 18 MONNAIE.
1432 3558 23 4 —
1473 3549 30 18 Le
1520 3549 50 18 film
1589 3549 26 19 de
1634 3549 51 19 Cari
1703 3550 65 18 Froe-

1249 3569 42 19 lich
1316 3573 7 15 :
1346 3575 11 13 c
1378 3570 82 19 Jeunes
1481 3571 67 19 Filles
1570 3576 27 14 en
1621 3572 114 18 Uniforme
1758 3577 11 12 »

1251 3591 96 18 (version
1371 3592 128 21 allemande,
1523 3594 73 18 textes
1620 3594 99 22 français
1743 3594 26 19 de

1250 3614 56 18 Mme
1324 3614 109 19 Collette).
1452 3624 18 4 —
1490 3616 97 18 Enfants
1605 3620 43 14 non
1665 3616 80 18 admis.

1274 3636 227 20 PATHE-PALACE.
1526 3647 24 5 —
1575 3638 92 19 Charles
1693 3639 76 19 Van-1.

1250 3658 18 19 G
1285 3658 53 18 biiel
1364 3658 86 22 Gabrio,
1477 3660 74 18 Pierre
1576 3661 113 18 Blanchar
1714 3661 56 17 dans

1249 3686 10 11 «
1280 3680 41 18 Les
1342 3680 65 18 Croix
1425 3681 25 18 de
1469 3682 52 18 Bois
1539 3688 11 12 >
1577 3683 87 23 d'après
1684 3683 85 18 Roland

1249 3701 111 23 Dorgelês.
1378 3711 23 5 —
1417 3703 96 19 Enfants
1529 3703 79 20 admis.

1271 3724 100 18 PLAZA.
1384 3733 24 5 —
1421 3730 11 13 *
1445 3725 89 23 Ourang
1547 3732 19 12 ».
1579 3735 24 6 —
1615 3727 98 20 Enfants
1726 3730 49 15 non'

1247 3745 80 19 admis.

1272 3768 122 22 QUEEN'S
1416 3768 84 20 HALL.
1522 3779 25 5 —
1568 3770 67 18 Clark
1657 3770 69 19 Gable
1748 3771 22 17 et

1250 3790 95 18 Vallace
1362 3790 71 22 Beery
1448 3791 55 18 dans
1520 3797 12 13 c
1548 3792 78 18 Titans
1642 3792 29 19 du
1688 3792 46 19 Ciel
1750 3798 19 12 ».

1250 3821 21 5 —
1288 3812 98 18 Enfants
1403 3812 78 19 admis.

1272 3833 15 20 S
1289 3833 82 20 CALA.
1394 3843 22 5 —
1439 3836 76 18 Albert
1536 3836 93 22 Préjean
1651 3837 23 18 et
1695 3837 65 18 Anna-

1249 3856 57 19 bella
1322 3856 55 18 dans
1394 3861 12 13 c
1421 3856 34 19 Un
1471 3857 46 19 Fils
1532 3857 140 24 d'Amérique
1688 3866 20 14 »,
1723 3858 38 19 d'a-

1248 3878 50 23 près
1312 3878 74 19 Pierre
1400 3878 71 19 Véber
1484 3881 22 18 et
1520 3880 82 19 Marcel
1615 3880 119 22 Gerbidon..
1746 3889 24 5 —

1251 3897 96 23 Enfants
1363 3904 42 14 non
1421 3901 77 18 admis.

1272 3923 116 18 SELECT.
1407 3932 22 4 —
1446 3924 76 22 Henry
1539 3924 69 19 Garât
1624 3926 22 17 et
1663 3925 50 23 Mey
1730 3925 39 18 Le-

1249 3945 99 18 monnier
1360 3945 56 18 dans
1428 3951 11 12 «
1452 3945 19 19 Il
1483 3947 34 18 est
1529 3947 117 19 charmant
1657 3953 20 13 ».
1689 3956 24 5 —
1725 3947 35 19 En-

1249 3967 62 18 fants
1330 3967 79 18 admis.

1271 3989 106 19 STUDIO
1401 3989 83 19 (Palais
1506 3990 37 18 des
1565 3991 160 20 Beaux-Arts).
1745 4000 25 5 —

1248 4011 111 19 Simonoff
1373 4011 55 18 dans
1443 4017 11 12 c
1467 4012 77 19 Artem
1558 4012 20 20 le
1593 4013 72 18 Géant
1677 4017 68 19 rouge
1758 4018 12 13 >

1248 4033 87 23 d'après
1353 4033 97 19 Maxime
1469 4034 76 23 Gorki;
1565 4041 12 14 <
1595 4036 35 18 Au
1648 4036 76 18 Milieu
1744 4035 26 19 de

1249 4055 88 19 l'Océan
1355 4055 39 18 des
1411 4055 76 19 Sables
1504 4063 19 12 ».

1271 4077 139 19 TRIANON.
1428 4087 26 4 —
1468 4078 93 19 Florelle
1579 4079 56 19 dans
1654 4085 11 13 c
1683 4080 76 18 Vacan-

1246 4104 39 13 ces
1301 4105 18 15 »,
1337 4099 96 19 comédie
1449 4100 166 24 humoristique.
1632 4111 25 5 —
1672 4102 98 18 Fnfants

1247 4121 80 19 admis.

1272 4143 146 19 VICTORIA.
1435 4152 25 5 —
1477 4143 30 19 Le
1523 4144 49 19 film
1591 4145 26 18 de
1635 4145 50 19 Cari
1705 4146 64 18 Froe-

1249 4165 43 19 llch
1318 4169 11 20 :.
1347 4170 12 13 «
1380 4165 84 18 Jeunes
1484 4166 66 18 Filles
1572 4172 27 13 en
1622 4167 114 19 Uniforme
1759 4173 11 12 »

1251 4187 97 18 (version
1371 4187 130 21 allemande,
1526 4188 72 19 textes
1621 4190 100 20 français
1744 4189 26 18 de

1249 4210 57 18 Mme
1321 4209 112 19 Collette).
1449 4218 20 5 —
1485 4210 97 19 Enfants
1597 4216 42 13 non
1653 4210 80 20 admis.

1270 4232 107 18 AGORA.
1396 4240 25 4 —
1439 4232 122 21 Perchicot,
1581 4234 101 18 Suzanne
1701 4234 68 18 Bour-

1248 4254 41 22 dry
1303 4254 57 18 dans
1374 4259 12 13 «
1401 4253 89 19 Pomme
1505 4254 106 19 d'Amour
1626 4262 18 15 »,
1660 4256 100 21 film-opé-

1247 4277 65 18 rette.

1273 4297 200 19 AMEASSADOR.
1494 4306 24 6 —
1538 4298 120 20 Madeleine
1679 4300 91 18 Renaud

1250 4322 21 17 Jt
1289 4320 74 18 P'erre
1379 4319 112 18 Blanchar
1507 4320 56 18 dans
1580 4327 11 12 «
1608 4321 32 19 La
1657 4322 104 19 Couturiè-

1248 4346 24 14 re
1285 4343 26 17 de
1324 4341 113 19 Lunévllle
1450 4347 18 16 »,
1482 4341 99 20 d'Alfred
1594 4343 84 19 Savoir.
1690 4353 24 5 —
1727 4345 32 18 En-

1249 4364 62 18 fants
1326 4367 42 14 non
1384 4363 80 18 admis.

1271 4385 152 20 CAPITOLE.
1442 4394 25 5 —
1485 4385 60 19 René
1564 4386 114 22 Lefebvre.
1699 4388 72 18 Diana

1247 4408 24 18 et
1291 4408 124 18 Madeleine
1436 4407 79 22 Guitty
1535 4408 55 21 dang
1613 4415 11 12 c
1646 4410 35 18 Un
1703 4410 67 19 Chien

1247 4430 37 23 qui
1301 4430 104 21 rapporte
1420 4435 19 14 ».
1454 4438 26 5 —
1495 4430 97 19 Enfants
1608 4435 44 14 non
1668 4431 79 20 admis.

1271 4452 107 19 CAMEO.
1398 4460 26 6 —
1444 4451 119 20 Lawrence
1595 4454 89 18 Tibbett
1715 4455 56 17 dan*

1248 4480 12 12 c
1278 4474 32 18 Ls
1330 4474 104 18 ChanSon
1454 4473 38 18 des
1512 4474 43 18 Iles
1575 4481 18 14 »,
1614 4476 49 18 film
1683 4477 87 22 parlant

1247 4496 86 21 anglais
1356 4495 137 19 (sous-titrer-
1512 4497 118 23 français).

1271 4518 153 19 COLISEUM.
1440 4527 24 5 —
1478 4518 103 19 Fernand
1596 4520 94 22 Gravey,
1706 4521 64 18 Mona

1248 4540 63 22 Gcya
1334 4541 23 18 et
1379 4540 60 18 Nina
1462 4540 72 22 Myral
1557 4541 56 19 dans
1637 4548 11 13 <
1672 4542 100 19 Coiffeur

1249 4567 21 18 pr
1319 4562 83 18 Dames
1418 4567 19 13 ».

1273 4584 107 19 CIGALE
1394 4593 26 5 —
1436 4589 12 12 c
1463 4583 99 19 Atlantis
1577 4590 18 13 ».
1611 4585 55 19 Mise
1682 4591 26 13 en
1726 4586 36 18 scè-

1248 4611 27 14 ne
1290 4607 87 17 d'E.-A.
1392 4605 97 24 Dupont.
1503 4615 26 5 —
1542 4606 99 20 Enfants
1655 4608 79 19 admis.

1272 4628 148 19 MAJESTIC.
1433 4637 24 5 —
1469 4628 81 18 Raimu
1563 4628 56 19 dans
1632 4635 11 12 c
1656 4630 71 18 Mariu
1730 4637 10 13 3
1754 4636 17 13 ».

1248 4660 25 5 —
1290 4650 99 19 Enfants
1405 4649 80 19 admis.

1815 239 59 50 ki
1897 236 164 53 Théâtres
2081 235 17 51 à
2124 235 176 51 Bruxelles

1815 327 138 18 IKEATRfc.
1966 325 97 19 HOYAL
2074 324 39 18 DE
2126 324 37 18 LA
2175 323 104 19 UONNA
2282 324 9 9 t
2295 324 24 18 b1.

1793 350 146 21 Aujourd'hui
1954 346 107 21 mercredi
2075 347 30 18 1"
2120 347 54 22 juin,
2188 346 14 18 à
2217 346 23 18 20
2255 346 21 18 h.
2289 346 29 20 30.

1794 373 17 16 Il
1816 376 10 13 i
1850 370 175 25 représentation
2050 370 25 17 Je
2099 375 11 12 «
2132 370 98 17 Ëo-ecace
2254 375 18 11 #.
2297 376 22 6 —

1790 393 66 19 Jaudl
1870 395 18 19 2,
1906 395 13 17 à.
1935 394 23 18 20
1973 393 21 17 h.
2011 392 29 19 30.
2059 397 10 12 «
2086 392 83 17 Lakmâ
2188 397 17 11 ».
2221 399 23 5 —
2262 390 46 18 Ven-

1792 416 61 17 dredi
1869 417 18 20 3,
1905 417 14 17 à
1936 416 24 18 20
1976 415 21 18 h.
2015 414 29 20 30,
2062 413 100 18 dernière
2181 412 127 23 représenta-

1793 439 44 17 tion
1858 438 26 18 de
1905 445 11 12 «
1937 439 31 17 La
1989 436 96 18 Bohême
2106 442 10 11 »
2137 437 22 17 et
2180 441 11 12 «
2211 435 62 18 Suite
2292 435 26 17 de

1792 460 86 18 Danses
1897 467 18 12 ».
1932 469 23 4 —
1972 458 88 18 Samedi
2076 458 18 21 4,
2111 458 13 17 &
2142 458 23 18 20
2182 458 20 17 h.
2230 457 19 20 0,
2266 457 42 18 deu-

1792 482 70 19 xième
1879 480 176 26 représentation
2072 480 27 18 de
2116 485 11 12 «
2144 480 98 18 Eoccace
2259 484 18 12 ».
2294 487 25 5 —

1792 505 122 18 Dimanche
1934 505 17 18 5.
1972 504 14 17 à
2006 503 22 18 20
2047 502 29 20 h.,
2096 506 55 14 avec
2171 501 19 18 le
2210 504 108 15 concours

1793 526 26 19 de
1842 527 58 19 Mme
1923 527 65 18 Clara
2011 524 110 19 Claiibert
2144 530 11 12 «
2178 524 30 18 Le
2230 523 45 18 Par
2278 522 40 19 ion

1793 549 25 17 de
1837 549 108 19 Ploermel
1964 557 18 11 ç.
2001 556 25 5 —
2044 546 72 18 Lundi
2133 546 19 20 0,
2172 546 14 17 à
2205 546 23 18 20
2247 545 21 19 h.
2287 545 30 21 30,

1792 575 55 14 avec
1866 571 20 19 le
1905 574 106 15 concours
2031 569 25 17 de
2076 568 52 19 Mlle
2148 568 82 19 Bunlet
2250 569 22 17 et
2292 567 25 18 de

1792 593 29 18 M.
1846 592 178 25 Rogatchevsky,
2049 590 107 23 première
2179 589 129 24 représenta-

1793 615 44 18 tion
1855 616 101 23 (reprise)
1973 614 26 17 de
2015 619 11 12 «
2042 613 83 18 Fidéiio
2142 619 17 11 ».
2175 621 24 5 —
2213 612 70 18 Mardi
2299 612 17 22 î,

1790 637 14 18 A
1817 637 23 19 20
1851 638 21 18 h.
1887 645 10 12 «
1910 637 70 19 Faust
1993 642 18 12 ».

1816 665 170 20 ALHAMERA.
2011 672 26 5 —
2061 669 11 13 «
2082 662 93 19 Phi-Phi
2185 668 11 12 »
2221 666 14 15 a
2260 666 47 14 rem-

1793 688 66 22 porté,
1883 689 14 17 k
1919 688 21 19 la
1962 685 113 24 première,
2098 684 20 19 le
2141 684 77 19 succès
2241 684 75 22 prévu.

1791 710 72 21 Roels,
1884 711 116 18 Germaine
2021 707 89 21 Ducios,
2130 707 26 18 de
2178 706 129 23 l'Opéra-Co-

1791 732 80 23 mique,
1890 732 79 21 Badès,
1989 730 112 20 Mauville,
2119 729 97 23 Jacques
2235 729 81 21 Pierre,

1791 755 22 17 et
1831 754 116 19 Germaine
1966 752 73 19 Broka
2057 757 23 15 se
2099 754 49 16 sont
2167 747 44 24 fait
2227 750 80 21 longue-

1790 778 62 17 ment
1864 776 117 24 applaudir
1995 776 21 17 et
2032 774 106 24 rappeler,
2154 773 70 19 Grfl.ce
2238 776 14 15 a
2267 772 39 19 l'es-

1792 799 43 22 prit
1855 800 28 18 du
1904 799 59 18 texte
1981 797 23 18 et
2023 800 29 14 au
2072 797 89 17 charme
2181 796 26 18 do
2228 795 20 18 la
2269 798 37 15 mu-

1792 821 69 22 sique.
1888 828 10 12 «
1909 819 90 21 Fhi-Phi
2009 825 11 12 »
2044 819 35 17 est
2102 822 30 14 un
2157 816 110 25 spectacle
2292 816 25 18 de

1792 844 94 22 premier
1904 843 71 19 ordre,

1814 872 152 18 GALERIES.
1987 879 24 5 —
2031 868 134 20 Solidement
2187 867 128 20 construite,

1791 894 45 18 fort
1855 895 50 18 bien
1925 891 107 24 imaginée
2052 892 22 18 et
2093 891 70 23 jouée,
2185 890 22 19 la
2225 890 90 22 joyeuse

1791 920 66 15 revue
1876 923 11 12 «
1896 916 57 19 Tout
1971 918 28 14 va
2018 914 49 17 bien
2078 919 9 12 »
2106 912 92 18 connaît
2215 913 102 21 toujours

1791 938 18 19 le
1826 939 71 18 même
1913 936 83 22 succès.
2013 936 43 18 Les
2073 935 120 19 excellents
2210 934 96 22 interprè-

1791 960 33 18 tes
1842 961 109 18 Deltenre.
1969 958 89 19 Rittche
2076 958 21 18 et
2114 957 103 18 Fest-rat
2234 960 14 19 y
2265 956 52 18 «ont

1790 983 46 18 fort
1854 982 124 24 applaudis.
1996 980 33 18 La
2050 980 93 18 location
2163 980 34 17 est
2216 977 99 21 ouverte.

1814 1011 138 20 MOLIERE.
1968 1018 25 5 —
2008 1008 42 19 Les
2067 1007 77 20 scènes
2161 1007 113 19 nouvelles
2289 1007 26 17 de

1791 1033 20 18 la
1829 1038 66 14 revue
1913 1034 27 17 de
1957 1032 99 18 Gustave
2073 1030 84 19 Libcail
2177 1037 10 10 «
2197 1030 105 18 XL-Boui
2310 1038 5 4 •

1789 1060 45 14 se»
1852 1055 127 20 i>cueillent
1998 1057 30 15 un
2044 1052 63 20 aussi
2126 1053 33 17 vif
2177 1050 77 22 «uoeàa
2273 1055 41 19 que

1790 1078 32 18 les
1838 1078 146 23 précédentes.
1999 1076 30 18 Le
2043 1075 95 18 Thcâtro
2153 1074 89 19 Molière
2256 1078 49 14 com-

1790 1104 102 15 mencera
1909 1098 179 25 prochainement
2105 1101 26 14 sa
2149 1097 75 17 saison
2242 1096 62 23 d'opé-

1790 1124 76 17 rettes.

1813 1148 259 22 FOLIES-BERGERE.
2097 1156 26 5 —
2146 1148 20 18 A
2190 1147 23 19 20
2236 1147 22 18 h.
2285 1147 28 18 35.

1790 1179 11 12 «
1810 1174 76 18 Hedde
1906 1173 21 18 al
1947 1176 26 14 ne
1992 1170 127 19 certificaat
2130 1176 18 15 »,
2167 1170 12 18 3
2198 1170 69 19 actes,
2288 1169 26 17 de

1789 1196 70 18 Henri
1871 1196 49 18 Van
1934 1193 74 20 Daele.
2021 1192 102 19 Demain,
2137 1191 107 19 dernière.
2259 1192 46 17 Ven-

1790 1218 61 18 dredi
1883 1216 105 25 première
2013 1215 27 17 de
2066 1221 11 11 «
2086 1214 110 22 Mijnheer
2220 1214 95 17 Pastoor

1788 1240 31 23 blj
1836 1241 27 18 de
1880 1240 91 23 rijken»,
1987 1238 13 18 5
2015 1237 62 18 actes
2095 1237 26 17 de
2139 1236 67 18 Clém.
2225 1235 87 19 Vautel.

1813 1266 195 23 VAUDEVILLE.
2024 1275 27 5 —
2068 1266 30 18 Le
2116 1265 124 18 vaudeville
2260 1271 11 12 «
2281 1264 32 19 La

1788 1292 89 19 Femme
1892 1291 27 19 de
1932 1294 49 15 mon
1997 1288 45 18 ami
2051 1294 10 11 »>
2076 1288 34 18 est
2125 1287 50 23 joué
2189 1291 55 15 avec
2259 1287 53 20 brio.

1789 1314 30 18 Le
1836 1313 73 24 public
1926 1313 29 18 rit
1971 1311 130 22 largement.
2120 1310 95 18 Pout-on
2232 1313 27 14 en
2278 1309 25 18 de-

1789 1336 93 19 mander
1899 1336 48 22 pî*jj
1956 1334 11 18 ï

1812 1362 183 22 WAUX-HALL.
2011 1371 26 5 —
2052 1360 113 19 L'endroit
2183 1359 57 20 idéal
2258 1363 50 20 pou:

1789 1388 32 18 les
1835 1389 114 17 daj-.seurs.
1966 1385 42 18 Les
2024 1384 112 18 meilleurs
2151 1383 124 19 orchestres
2291 1382 21 18 et

1789 1410 32 18 les
1840 1409 111 19 dernières
1969 1405 143 23 nouveautés,

1810 1438 104 19 PALAIS
1932 1435 92 20 D'ETE.
2042 1444 26 5 —
2084 1433 108 20 Mercredi
2210 1434 23 19 et
2250 1433 61 23 jeudi

1789 1461 36 17 (on
1840 1460 70 20 soirée
1925 1457 140 20 seulement),
2080 1457 59 18 deux
2152 1455 111 20 dernières
2278 1460 23 14 re-

1791 1482 163 23 présentations
1978 1480 39 18 des
2042 1486 11 11 «
2063 1479 173 21 Satlmbanques
2245 1482 21 17 »;
2294 1477 18 18 si

1789 1509 55 13 vous
1859 1504 77 19 n'avez
1950 1507 39 18 pas
2004 1506 77 14 enearo
2096 1499 106 25 applaudi
2217 1500 19 19 le
2250 1500 62 19 chef-

1788 1527 97 18 d'œuvre
1901 1526 26 19 de
1942 1524 66 20 Louis
2024 1525 83 20 Ganne,
2124 1522 120 22 interprété
2258 1526 54 15 avec

1787 1553 29 13 un
1840 1549 88 18 entrain
1951 1546 170 23 indescriptible.
2144 1545 15 19 Il
2182 1545 51 18 faut
2256 1549 57 13 vous

1787 1570 70 21 h&ter.
1877 1569 115 21 Vendredi,
2013 1568 83 22 grande
2116 1567 107 24 première
2242 1566 26 20 de
2289 1567 20 17 la

1787 1597 66 15 revue
1872 1599 11 13 <
1891 1593 65 19 Paris
1974 1595 39 15 sur
2031 1591 71 18 Senne
2112 1596 19 14 ».

1789 1658 171 37 TABLEAU
1981 1656 69 37 DES
2071 1653 237 39 SPECTACLES

1900 1733 151 21 MERCKEDI
2075 1733 30 18 1"
2128 1732 68 19 JUIN

1788 1765 107 21 Monnaie.
1913 1773 26 6 —
1953 1763 24 18 20
1994 1762 21 18 h.
2033 1762 33 18 30:
2087 1767 11 13 <
2108 1762 97 18 Boccace
2215 1767 18 13 t.

1786 1793 106 19 Gnlorics.
1907 1802 24 5 —
1945 1793 23 18 20
1981 1792 21 19 h.
2018 1791 24 18 30
2060 1795 5 14 :
2082 1797 11 12 «
2110 1791 56 18 Tout
2181 1795 29 14 va
2226 1790 48 19 bien
2290 1796 19 12 ».

1787 1823 126 18 AlhamliriE.
1929 1831 25 5 —
1967 1821 24 19 20
2005 1820 21 19 h.
2043 1820 33 19 30:
2094 1820 126 19 «Phl-Fhl».

1789 1852 95 18 Mnltore.
1905 1860 23 5 —
1948 1850 23 19 20
1991 1849 22 19 h.
2034 1850 29 20 30.
2087 1849 30 18 La
2139 1853 65 15 revue
2227 1854 11 14 <
2247 1847 63 20 X.-L.

1810 1874 83 18 Bourse
1902 1879 19 13 >.

1788 1902 134 19 Vaudeville.
1941 1910 23 6 —
1983 1900 23 20 20
2024 1900 22 19 h.
2066 1900 24 19 30
2111 1905 6 13 :
2139 1906 10 13 <
2170 1899 30 20 L»
2221 1900 88 18 Femme

1810 1925 26 17 de
1850 1929 51 14 mon
1915 1924 49 18 Ami
1979 1929 17 12 ».

1786 1953 184 22 Folles-Bereère.
1986 1960 26 6 —
2024 1951 25 19 20
2063 1951 22 19 h.
2103 1951 22 19 15
2145 1955 6 14 :
2168 1957 11 13 <
2196 1951 76 19 Hedde
2289 1950 21 18 al

1810 1980 27 14 ne
1855 1975 130 20 Certificaat
2003 1980 12 12 »

1789 1998 74 18 râlais
1879 1998 71 18 d'F.té.
1965 2006 24 5 —
2004 1997 12 17 8
2030 1995 22 19 h.
2069 1995 24 19 30
2111 2000 6 14 :
2136 2001 11 13 «
2164 1995 42 19 Le»
2222 1995 78 19 Saltim-

1813 2020 119 23 banques».

2012 2055 90 18 ♦a-»-

1790 2092 130 62 Echos
1944 2092 45 61 et
2014 2090 299 61 Informations

1967 2178 22 38 a
1990 2167 129 55 gricole
2120 2178 18 38 s

1814 2249 45 20 Les
1892 2248 158 25 exportations
2081 2246 174 21 néerlandaises
2285 2247 29 20 de

1787 2275 83 20 beurre
1885 2273 138 21 accentuent
2036 2277 83 15 encore
2134 2273 51 20 leur
2198 2273 115 20 tendance

1788 2298 15 21 à
1824 2300 23 19 la
1869 2298 130 25 régression
2023 2297 143 24 enregistrée
2188 2298 82 24 depuis
2291 2298 22 19 le

1787 2325 85 20 second
1885 2325 117 19 trimestre
2015 2323 28 20 de
2056 2323 47 20 l'an
2115 2323 99 20 dernier.
2226 2324 21 19 A
2259 2327 44 15 con-

1787 2350 89 20 sidérer
1888 2350 34 20 les
1936 2350 60 19 deux
2009 2349 113 24 premiers
2136 2348 59 20 mois
2209 2348 29 20 de
2252 2349 61 18 cette

1790 2375 93 23 années,
1895 2376 55 19 elles
1962 2374 64 20 n'ont
2038 2374 52 23 plus
2103 2373 86 20 atteint
2200 2378 45 19 que
2258 2373 57 20 1.914

1789 2401 89 22 tonnes,
1892 2401 79 19 contre
1984 2398 58 22 4.096
2055 2399 84 19 tonnes
2153 2397 90 21 l'année
2256 2398 58 22 1931.

1789 2425 75 20 même
1877 2425 92 24 période
1983 2424 151 20 (diminution
2147 2424 28 19 de
2187 2424 83 19 l'ordre
2285 2424 28 19 de

1787 2451 25 19 52
1827 2456 22 19 p.
1863 2451 40 21 c).
1917 2451 38 19 Un
1969 2449 82 20 défaut
2064 2449 143 24 quelconque
2223 2448 16 20 à
2254 2449 49 19 l'ori-

1787 2477 54 23 gine
1857 2477 29 19 de
1901 2481 38 15 ces
1954 2474 158 25 exportations
2127 2475 37 19 est
2178 2473 76 21 donné
2269 2479 43 19 par

1788 2502 21 19 le
1830 2502 45 19 fait
1892 2506 44 19 que
1953 2501 52 19 tous
2023 2500 34 19 les
2075 2499 83 20 clients
2176 2499 42 20 ont
2236 2498 78 20 réduit

1789 2527 63 19 leurs
1868 2526 81 20 achats
1964 2522 47 23 aux
2026 2524 125 25 Pays-Bas.
2169 2524 63 20 Pour
2246 2525 68 18 notre

1789 2557 63 19 pays,
1868 2552 22 19 le
1905 2552 100 21 tonnage
2021 2550 29 19 de
2065 2550 84 19 beurre
2165 2548 148 20 néerlandais

1792 2575 98 26 importé
1905 2576 36 21 est
1954 2574 77 22 tombé
2045 2575 29 20 de
2087 2574 39 20 650
2139 2573 15 21 à
2167 2574 45 20 206.

2036 2622 11 12 •
2058 2622 11 11 a

1814 2648 167 22 L'Allemagne,
2003 2645 87 21 durant
2109 2644 90 21 l'année
2220 2645 58 23 1931,
2300 2650 15 14 a

1789 2672 98 25 importé
1898 2672 71 23 55,000
1978 2672 83 20 tonnes
2072 2671 28 19 de
2109 2671 82 19 bovins
2202 2675 42 15 sur
2253 2670 60 24 pied,

1790 2698 23 19 et
1828 2703 29 14 en
1871 2703 15 14 a
1900 2696 93 25 exporté
2007 2695 73 23 23,250
2094 2696 84 19 tonnes
2194 2694 26 22 (à
2235 2695 78 20 raison

1791 2723 28 19 de
1837 2722 38 20 600
1893 2722 59 20 kilos
1970 2726 44 20 par
2030 2720 68 22 tête).

1814 2748 38 19 En
1868 2747 96 20 viandes
1980 2747 103 20 diverses
2100 2747 24 20 et
2139 2745 58 22 lard,
2214 2745 92 24 l'Impor-

1791 2773 74 19 tation
1886 2773 65 19 nette
1969 2772 39 20 fut
2027 2772 29 19 de
2076 2770 85 23 121,600
2180 2772 90 18 tonnes.

1816 2798 63 19 Pour
1892 2798 33 19 les
1937 2802 75 20 porcs,
2023 2797 23 19 la
2058 2797 98 19 balance
2169 2796 38 19 fut
2219 2800 31 15 au
2262 2800 44 15 con-

1791 2822 71 20 traire
1877 2822 125 22 favorable,
2007 2822 66 19 'avec
2086 2826 32 15 un
2132 2820 111 20 excédent
2257 2820 51 20 d'ex-

1792 2847 129 25 portations
1939 2848 28 19 de
1982 2847 85 23 140,200
2083 2846 68 20 têtes.

1815 2873 80 23 Quelle
1910 2873 36 19 est
1958 2873 22 19 la
1993 2873 54 23 part
2059 2872 63 24 prise
2135 2876 43 19 par
2190 2871 34 19 les
2237 2870 77 20 divers

1790 2903 63 19 pays,
1866 2898 60 19 dans
1938 2903 27 14 ce
1977 2897 148 20 mouvement
2137 2896 149 21 commercial
2303 2895 12 19 ?

1815 2924 33 18 Le
1864 2923 135 19 Danemark
2015 2923 101 24 importa
2133 2927 29 15 en
2179 2921 136 24 Allemagne

1787 2949 72 21 31,800
1872 2950 83 18 tonnes
1968 2949 28 18 de
2007 2944 95 23 bovidés
2115 2948 53 20 vifs,
2180 2946 72 22 41,700
2264 2947 41 19 ton-

1790 2979 42 15 nes
1842 2974 28 19 de
1880 2973 97 20 viandes
1988 2974 23 19 et
2022 2973 28 19 de
2059 2972 64 20 lards
2134 2973 24 19 et
2167 2971 59 23 7.G00
2236 2976 78 19 porcs;

1791 2999 22 19 la
1835 2999 131 22 Lithuanie,
1987 2998 71 22 11,300
2079 2998 83 19 tonne9
2183 2997 29 20 de
2233 2996 83 20 bovins

1790 3024 52 21 vifs.
1860 3023 59 22 2,350
1937 3024 83 19 tonnes
2038 3024 29 19 de
2085 3022 98 20 viandes
2202 3022 24 20 et
2244 3022 70 19 lards,

1790 3050 24 19 et
1837 3049 72 22 69,700
1931 3053 77 20 porcs;
2033 3048 33 20 les
2091 3047 126 24 Pays-Bas,
2243 3047 72 22 enfin,

1792 3074 69 23 19,700
1875 3075 83 19 tonnes
1973 3074 28 19 de
2014 3073 97 20 viandes
2126 3073 103 19 diverses
2244 3073 24 19 et
2282 3071 35 20 les

1791 3105 56 19 pays
1864 3099 152 24 d'Amérique,
2031 3098 71 23 59,500
2116 3099 84 19 tonnes
2215 3097 29 20 de
2258 3097 57 20 lard.

1816 3125 80 20 Parmi
1908 3125 34 19 les
1954 3125 129 22 acheteurs,
2097 3129 30 14 on
2140 3124 55 19 note
2207 3122 102 25 spéciale

1791 3151 65 19 ment
1874 3155 6 14 :
1896 3150 24 20 la
1935 3150 92 19 France
2044 3150 26 23 (y
2085 3149 102 22 compris
2202 3148 22 19 le
2239 3147 66 20 Terri-

1791 3176 59 20 toire
1863 3175 28 20 de
1903 3176 24 18 la
1939 3175 88 22 Sarre),
2039 3179 57 16 avec
2109 3173 71 23 22,900
2185 3174 91 19 -tonnes
2288 3173 29 19 de

1790 3200 94 20 bovidés
1901 3199 94 21 vivante
2013 3205 30 14 ou
2059 3199 96 20 abattus
2172 3199 24 20 et
2212 3198 28 20 de
2257 3198 58 21 lard,

1793 3227 24 19 et
1832 3225 85 22 157,500
1931 3230 69 19 porcs
2016 3225 100 19 vivants.

1817 3307 125 20 L'Institut
1959 3307 29 19 de
2006 3306 136 20 zootechnie
2159 3306 30 19 de
2207 3305 103 20 l'Univer-

1793 3332 44 20 sité
1854 3332 29 20 de
1902 3332 69 19 Halle
1987 3332 45 20 a/S
2048 3331 79 24 publie
2155 3331 35 19 les
2208 3329 111 21 résultats

1793 3357 197 19 d'alimentations
2009 3355 134 25 comparées
2162 3356 41 19 des
2232 3355 88 20 vaches

1792 3382 109 20 laitières,
1919 3387 30 14 en
1968 3382 132 19 betteraves
2119 3379 149 25 fourragères
2289 3384 30 15 ou

1792 3406 121 20 sucrières.
1926 3406 34 19 La
1972 3406 77 19 ration
2061 3405 142 24 comportait
2215 3405 12 19 2
2239 3405 39 23 kg.
2290 3405 29 18 de

1793 3432 49 19 foin
1854 3432 30 19 de
1896 3432 99 22 luzerne,
2008 3431 13 19 3
2033 3431 39 23 kg.
2083 3430 26 20 25
2122 3430 132 20 d'aliments
2266 3434 44 17 con-

1794 3456 92 20 centrés
1900 3456 29 23 et,
1942 3456 95 19 suivant
2050 3456 21 19 le
2084 3460 47 17 cas,
2143 3454 26 20 50
2181 3455 38 23 kg.
2231 3454 29 20 de
2272 3454 40 19 bet

1793 3482 93 19 teraves
1899 3479 148 25 fourragères
2060 3485 30 15 ou
2103 3480 26 19 20
2141 3479 39 24 kg.
2194 3479 28 20 de
2234 3478 77 21 sucriè-

1794 3511 44 15 res.

1819 3532 34 19 La
1867 3531 138 24 production
2020 3535 29 15 en
2062 3530 44 19 lait
2121 3528 91 21 s'avéra
2225 3529 86 20 Inchan-

1795 3555 42 24 gée
1854 3556 60 19 dans
1932 3555 34 19 les
1984 3555 60 19 deux
2062 3560 47 16 cas,
2126 3559 58 15 avec
2202 3559 46 14 une
2266 3558 47 20 aug-

1794 3580 130 20 mentation
1940 3580 30 19 de
1986 3579 98 21 matière
2101 3584 81 19 grasse
2202 3579 42 21 (4.4
2262 3583 22 19 p.
2301 3583 12 15 c

1795 3611 28 14 en
1838 3610 115 19 moyenne
1967 3610 31 14 au
2012 3605 47 19 lieu
2073 3604 29 20 de
2114 3604 46 20 4.18
2173 3609 21 19 p.
2208 3603 39 22 c),
2262 3603 59 20 dans

1794 3631 27 19 de
1836 3630 173 20 rationnement
2024 3630 153 23 comprenant
2190 3628 41 20 des
2246 3628 64 20 bette-

1799 3658 67 15 raves
1887 3652 120 21 sucrières.

1819 3740 21 20 A
1853 3739 134 21 considérer
1999 3739 24 20 la
2037 3738 94 25 période
2146 3739 74 19 allant
2236 3738 31 20 du
2281 3738 40 19 1er

1794 3764 91 24 janvier
1899 3769 30 15 au
1942 3764 26 20 30
1980 3764 125 20 novembre
2118 3763 58 20 1931.
2189 3764 35 18 les
2237 3764 75 22 impor-

1794 3790 88 19 tations
1898 3789 161 24 britanniques
2077 3789 28 19 de
2123 3789 84 19 beurre
2227 3787 94 22 (369,800

1795 3815 93 20 tonnes)
1909 3815 42 18 ont
1969 3813 126 24 augmenté
2113 3813 29 20 de
2158 3813 27 19 18
2202 3818 21 18 p.
2242 3818 19 15 c.
2278 3817 44 20 par

1794 3839 97 24 rapport
1903 3838 17 20 à
1934 3838 69 20 celles
2017 3838 29 20 de
2058 3839 25 19 la
2096 3838 76 20 même
2185 3837 94 25 période
2293 3838 29 19 de

1794 3864 52 19 1930
1861 3863 95 22 (313,900
1968 3863 103 21 tonnes).
2084 3863 37 20 On
2134 3867 123 20 remarque
2270 3862 42 19 l'ac-

1794 3889 154 20 croissement
1964 3887 160 21 considérable
2139 3888 41 19 des
2195 3888 82 19 ventes
2294 3887 28 20 de

1797 3912 132 19 l'Australie
1944 3911 231 20 (Nouvelle-Zélande
2186 3911 135 24 comprise),

1794 3939 58 20 dont
1861 3940 24 19 la
1894 3940 133 23 quote-part
2037 3943 68 20 passe
2116 3938 29 20 de
2155 3938 26 19 35
2191 3937 15 20 à
2214 3938 46 19 41.2
2270 3942 22 20 p.
2302 3942 20 15 c.

1793 3981 5 5 .
1820 3965 35 19 La
1873 3964 85 20 Russie
1979 3964 37 19 est
2034 3962 90 21 arrivée
2143 3962 17 21 à
2177 3963 93 19 fournir
2289 3962 33 20 5.3

1794 3994 22 19 p.
1827 3994 20 15 c.
1859 3989 31 19 du
1901 3988 66 23 total,
1979 3988 80 20 contre
2072 3988 32 20 2.5
2116 3993 22 19 p.
2149 3992 21 15 c.
2183 3992 30 15 en
2225 3987 59 20 1930.

1820 4014 32 19 Le
1866 4013 143 23 Danemark,
2023 4013 35 20 s'il
2073 4019 16 13 a
2102 4012 89 20 avancé
2204 4012 70 20 d'une
2288 4012 26 19 fa-

1794 4043 44 19 çon
1850 4038 102 22 absolue,
1962 4038 90 20 n'entre
2063 4037 131 24 cependant
2205 4037 52 24 plus
2269 4036 54 25 qu'à

1795 4067 157 16 concurrence
1963 4063 28 19 de
2002 4063 26 19 31
2040 4068 22 18 p.
2073 4068 20 14 c.
2104 4063 42 19 des
2158 4062 163 25 importations

1794 4088 81 20 brutes
1887 4088 29 19 de
1927 4087 59 24 1931,
1998 4088 80 20 contre
2090 4087 27 20 34
2130 4092 21 19 p.
2163 4091 20 16 c.
2196 4091 29 16 en
2238 4086 58 21 1930.

1819 4169 162 23 L'Allemagne
1994 4168 65 20 avait
2071 4167 101 25 exporté,
2185 4173 28 15 en
2227 4168 94 20 octobre

1795 4194 51 19 1931
1878 4192 98 24 dernier,
1991 4193 73 22 13,937
2094 4198 75 19 porcs,
2202 4194 47 22 net,
2265 4192 58 21 dont

1795 4218 71 23 11,886
1881 4217 16 21 à
1913 4218 143 20 destination
2072 4217 32 21 du
2120 4217 118 21 territoire
2255 4217 29 20 de
2298 4217 24 20 la

1795 4243 76 20 Sarre.

1820 4268 51 19 Elle
1885 4267 65 21 avait
1963 4266 99 25 Importé
2074 4267 60 20 dans
2147 4267 21 20 le
2181 4266 76 21 même
2269 4266 52 25 laps

1795 4293 28 19 de
1839 4294 83 23 temps,
1938 4292 72 22 12,733
2027 4293 84 19 tonnes
2127 4293 41 19 net
2185 4292 30 20 de
2230 4292 92 22 viande,

1795 4317 51 20 lard
1864 4318 24 19 et
1904 4317 120 20 saindoux.
2041 4317 46 20 Les
2104 4317 138 24 principaux
2259 4317 55 20 four-

1795 4342 104 20 nisseurs
1914 4341 97 21 avaient
2024 4342 77 20 vendu
2116 4341 204 25 respectivement:

1795 4367 33 20 les
1842 4366 144 24 Etats-Unis,
2000 4365 59 23 6,336
2073 4367 84 19 tonnes
2173 4366 49 23 net;
2238 4366 22 20 le
2276 4366 37 20 Da-

1795 4391 105 23 nemark,
1918 4391 60 22 3,732
1996 4392 84 19 tonnes
2098 4392 41 20 net
2156 4391 25 20 et
2198 4391 35 20 les
2251 4391 71 24 Pays-

1795 4416 54 23 Bas,
1864 4416 58 23 2,315
1936 4416 85 20 tonnes
2035 4416 47 20 net.

1819 4502 151 24 L'Australie,
1984 4503 87 20 durant
2083 4501 89 22 l'année
2185 4502 137 25 budgétaire

1795 4527 118 23 1930-1931,
1933 4528 66 20 avait
2019 4527 95 25 exporté
2133 4527 85 24 120,146
2238 4528 84 20 tonnes

1794 4553 29 20 de
1838 4553 97 20 viandes
1950 4552 121 24 congelées
2089 4552 36 22 (5D
2140 4557 22 19 p.
2177 4557 20 16 c.
2213 4552 29 20 de
2257 4552 66 20 bœuf

1796 4578 24 20 et
1832 4577 26 20 41
1871 4582 23 20 p.
1907 4581 20 16 c,
1942 4577 27 20 de
1984 4577 117 24 mouton),
2115 4576 57 22 dont
2187 4576 71 23 91,893
2272 4577 50 20 ton-

1795 4607 41 15 nés
1846 4601 16 21 à
1872 4601 145 21 destination
2026 4602 28 20 de
2065 4602 24 20 la
2100 4602 222 24 Grando-Brctngne

1795 4627 24 20 et
1830 4626 72 24 11,144
1915 4627 84 20 tonnes
2010 4625 16 22 à
2038 4626 142 21 destination
2193 4626 29 21 de
2234 4626 24 20 la
2272 4625 41 22 Bel-

1795 4652 76 24 gique.

2346 240 169 95 Par
2550 236 85 95 T.
2680 236 75 95 S.
2792 234 79 101 F.

2345 380 161 20 PROGRAMMES
2522 379 33 18 DU
2571 378 126 19 MERCKEDI
2715 380 29 15 i"
2758 376 55 22 JUIN*
2830 381 41 15 igji

2347 426 102 23 Institut
2476 423 119 24 National
2621 421 77 29 Belge
2722 420 31 24 de
2779 419 82 23 Radio

2372 458 130 24 diffusion.

2344 488 126 18 LONGUEUR
2490 485 90 19 D'ONDE
2590 490 6 12 :
2614 485 50 20 seS.5
2682 489 22 13 m.
2724 491 20 5 —
2762 483 19 18 P.
2800 487 21 13 i«
2839 483 24 17 k»

2368 510 76 20 \Lang<mt
2462 509 81 21 ImffiM
2554 508 6 16 >

2367 536 18 13 u
2401 532 17 17 h.
2428 537 5 13 :
2449 530 90 19 Orchestre
2553 528 41 18 Max
2609 528 68 20 Alexys.

2366 557 19 14 U
2401 561 17 11 a,
2432 558 37 16 so:
2485 551 65 19 Météo.
2565 550 71 21 Reprise
2650 549 23 17 du
2687 550 75 16 concert.

2366 579 20 16 17
2400 575 19 19 h,
2429 580 4 13 :
2449 573 80 20 Causerie
2543 574 75 20 protesta
2620 574 35 14 nie.

2366 602 20 14 i?
2404 597 18 18 h.
2442 602 20 13 îo
2472 601 5 14 :
2494 597 66 15 l'j:.-i**>
2576 593 24 18 du
2618 592 133 19 Suut-Sauveur

2366 620 20 16 18
2400 619 18 18 b.
2434 623 19 16 15
2464 623 5 13 :
2485 617 42 19 Trio
2537 622 4 12 :
2558 614 95 19 Fanliisie*
2667 619 30 14 iur
2711 614 25 19 les
2750 612 86 22 opérettes
2849 611 20 19 de

2341 639 33 19 Ch.
2389 640 73 21 Lecocq.
2684 656 5 7 ,
2842 654 5 9 ,

2366 667 20 15 19
2400 662 17 18 h.
2435 666 19 17 15
2465 667 4 12 :
2484 661 35 18 Le»
2530 658 82 22 enquêtes
2626 657 24 19 du
2666 657 53 18 micro
2727 657 45 23 :,La
2787 657 82 17 situation

2341 683 111 21 économique
2468 683 23 18 de
2508 681 86 22 l'Europe,
2612 685 31 16 par
2660 679 26 18 M.
2704 678 76 21 Miswn.

2366 710 20 16 19
2405 706 18 17 h.
2440 710 23 17 30
2472 710 5 13 :
2497 704 100 20 Chronique
2616 701 82 19 médicale
2716 705 31 17 par
2765 700 15 18 le
2799 700 26 18 Dr
2843 700 26 17 De

2341 727 60 18 Block.
2414 728 72 20 Journal
2497 725 54 23 parlé,

2364 753 21 13 ao
2406 749 18 19 h.
2434 753 5 13 :
2461 749 72 18 Concert
2554 751 31 17 par
2606 746 15 18 le
2641 749 65 17 groupe
2727 745 126 16 Diwrlimentu
2863 747 5 14 ;

2341 769 84 19 Concerto
2439 768 152 23 bratulebourgcois
2606 773 18 13 n.
2642 772 7 13 1
2665 771 20 15 en
2703 766 16 18 fa
2735 765 66 21 majeur
2818 764 51 22 (J.-S.

2342 792 65 20 Huchi;
2424 792 63 19 Choral
2501 797 43 16 pour
2558 791 49 18 ténor
2621 789 44 21 «lo!
2682 788 61 18 extrait
2757 787 21 18 de
2793 787 15 17 la
2825 787 45 18 Can.

2341 815 36 16 ta.e
2389 814 71 18 Wachet
2474 814 30 18 aul
2519 819 17 13 n.
2552 818 31 14 140
2600 811 50 23 tJ.*S.
2664 811 65 20 Bach),
2741 810 74 18 soliste:
2831 807 38 20 Fié-

2340 835 45 18 dêt?c
2399 836 88 21 Anspach;
2503 836 30 18 Air
2546 840 43 16 pojr
2601 839 73 16 soprano
2687 833 42 19 solo,
2743 832 61 18 extrait
2818 831 21 18 de
2853 831 16 18 ia

2341 857 74 18 Cantate
2434 862 43 15 pour
2494 857 17 19 U
2530 858 41 17 l'en:
2578 857 44 18 -côte
2642 855 49 22 (J.-S.
2711 854 65 22 Bach),
2795 853 59 19 soliste
2863 858 5 14 ;

2341 879 48 18 Mme
2401 879 56 21 Lydia
2468 879 108 19 TouroweU;
2591 879 41 18 Duo
2642 882 44 18 pour
2698 881 73 17 soprano
2783 878 18 16 et
2814 875 55 21 ténor,

2340 901 61 17 extrait
2416 901 22 17 de
2450 901 18 17 la
2482 901 57 18 Messe
2552 906 22 13 en
2587 901 15 18 si
2618 901 67 17 mineur
2697 898 44 22 (J.-S
2763 897 65 20 Bach),
2843 901 26 14 -so-

2341 922 46 18 lUte.*
2397 928 5 12 :
2419 923 48 18 Mme
2480 923 56 20 Lydia
2548 923 101 18 Tourowelx
2663 926 17 15 et
2696 921 25 18 M.
2735 920 77 18 Frédéric
2827 920 43 17 Ans-

2340 944 52 21 p-ich;
2417 944 85 18 Concerto
2521 949 44 16 pour
2585 945 46 18 deux
2650 945 61 20 pianos
2731 942 49 22 (J.-S.
2804 941 65 20 Bach)-,

2339 964 81 21 fdlites;
2438 966 51 18 Mlles
2504 965 78 21 Sunano
2598 967 98 17 Hennebrrt
2711 968 18 15 et
2745 965 79 18 Suranné
2839 963 29 18 Du

2342 987 44 19 Bols.
2402 996 25 4 —
2443 988 86 20 •Quc'riues
2545 991 44 15 mots
2606 988 121 21 d'explication
2745 991 31 17 par
2791 986 26 18 M.
2835 985 26 18 Ch

2340 1010 37 17 Van
2391 1009 33 18 den
2437 1009 72 20 Eorrrn;
2524 1009 63 18 Sonata
2602 1010 48 18 Pima
2663 1009 106 21 (Albinoni-;
2784 1008 77 21 Sympho-

2340 1031 37 17 nie*
2388 1037 16 12 n.
2418 1031 19 18 II
2449 1035 19 15 et
2479 1032 25 17 VI
2516 1031 57 19 (C.-F.
2587 1032 60 20 Abel).

2363 1058 22 12 :o
2399 1054 17 17 h.
2430 1058 21 16 45
2462 1058 5 12 :
2484 1053 70 18 Poèmes
2568 1053 22 18 de
2602 1054 60 18 Victor
2675 1053 58 21 Hugo,
2747 1053 48 21 Ju'e*
2809 1051 59 19 Lalor-

2339 1080 38 15 pue.
2393 1075 44 18 Edm
2460 1075 82 20 Rostand,
2556 1075 35 19 dits
2604 1081 32 15 par
2650 1076 48 18 Mine
2713 1075 51 21 Mary
2780 1075 87 20 Marquet,

2338 1097 22 18 de
2376 1098 17 17 la
2407 1096 178 21 Comédie-Françai-àe
2603 1097 92 20 (disques^.

2363 1124 19 12 ji
2396 1118 18 18 h.
2424 1123 21 17 45
2456 1123 5 13 :
2474 1118 73 18 Concert
2557 1118 22 18 de
2591 1120 16 16 la
2616 1119 45 18 Salle
2673 1119 88 20 Memlinc,
2774 1118 11 18 &
2795 1118 72 18 Anvers.

2362 1145 20 13 îï
2396 1140 17 18 h.
2424 1145 5 13 :
2441 1140 72 21 Journal
2525 1140 54 21 parlé.

2362 1167 20 12 u
2397 1162 17 18 b.
2431 1166 19 13 10
2460 1167 5 12 :
2481 1161 70 22 Reprise
2564 1162 24 17 du
2601 1164 73 16 concert.

2362 1188 21 16 33
2395 1183 12 19 b
2424 1189 5 12 :
2444 1183 76 19 Conseils
2532 1183 88 22 pratiques
2633 1189 33 13 aux
2677 1183 133 22 colombophiles
2823 1188 43 17 pour

2339 1211 33 15 ju:r

2757 1263 21 18 F.
2796 1266 21 14 10
2833 1263 26 17 kw

2340 1262 128 18 LONGUEUR
2486 1261 91 18 D'ONDE
2586 1266 5 13 i
2610 1262 50 20 «8.1

2364 1288 4 10 *
2373 1284 69 20 Langue
2457 1284 99 17 Uamanae.i

2362 1310 19 13 u
2396 1306 18 18 h.
2423 1310 6 14 :
2444 1305 90 19 Orchestre
2548 1305 41 17 Max
2604 1304 68 21 Alexys.

2363 1332 18 13 u
2397 1328 18 17 h.
2428 1332 22 17 jo
2459 1332 6 13 :
2482 1326 65 19 Météo.
2562 1326 70 21 Reprise
2645 1326 24 18 du
2683 1328 74 17 concert.

2362 1354 20 16 17
2396 1349 19 18 h.
2424 1354 6 13 :
2445 1348 80 19 Causerie
2539 1351 111 18 protestante.

2362 1376 20 15 17
2399 1371 17 18 h.
2437 1375 21 14 10
2467 1375 6 13 :
2481 1377 2 2 *
2490 1370 91 18 Orchestre
2598 1368 132 22 sym-j»honique,
2748 1368 32 19 dû*.
2798 1368 67 20 Meule-

2338 1396 48 15 ■Stant
2394 1398 6 13 :
2418 1397 68 13 ouvres
2503 1392 21 18 de
2542 1391 121 19 Mendelssoho
2672 1396 6 13 :
2696 1391 106 21 Symphonie
2819 1391 45 18 écos-

2336 1414 51 22 Nitse;
2407 1414 61 18 Rondo
2483 1414 94 21 capricioso
2592 1418 44 16 pour
2651 1413 58 21 piano,
2725 1413 59 20 solitte
2792 1418 6 13 :
2817 1414 48 17 Mme

2338 1437 86 19 Meunier;
2443 1436 40 22 Ruy
2498 1436 46 20 Blas,
2558 1438 97 15 ouverture.

2361 1460 20 16 iS
2397 1458 11 19 h
2425 1463 5 14 ;
2448 1458 75 21 Dùques
2532 1462 5 14 :
2554 1457 56 19 Prière
2629 1456 136 21 tHasselmans);
2781 1456 84 19 Sérénade

2340 1481 84 20 (Drasal;
2440 1481 50 18 Show
2503 1480 19 18 ol
2536 1480 61 20 shows,
2611 1478 31 19 sél.
2656 1478 98 22 (Starkey).

2363 1504 19 17 îS
2399 1503 18 17 h.
2437 1507 19 16 15
2467 1507 5 14 ;
2490 1502 73 18 Lecture
2577 1506 32 16 par
2626 1502 21 18 O.
2665 1501 27 18 De
2709 1500 98 19 Laodsheer
2814 1505 7 14 :
2836 1500 28 18 De

2337 1525 112 20 \W>nwagen
2462 1529 34 13 van
2510 1524 25 18 Dr
2548 1523 74 19 Doliltle
2638 1522 60 22 (Hugh
2713 1522 88 22 Lolting).

2362 1548 20 16 îS
2401 1547 18 18 h.
2436 1551 22 17 30
2468 1551 5 14 :
2493 1546 75 20 Disques
2578 1558 4 6 .
2602 1546 46 18 Ouv.
2667 1545 60 18 Prince
2745 1545 40 20 Igor
2803 1544 61 21 (Boro-

2337 1568 47 20 dïne)
2390 1573 5 16 ;
2416 1568 85 19 Concerto
2516 1573 45 17 pour
2579 1567 57 19 violon
2656 1569 17 16 et
2692 1566 85 19 orchestre
2794 1566 69 21 (Tchai-

2337 1591 90 21 kowsky);
2446 1590 112 18 Chevauchée
2574 1588 30 21 d»
2619 1589 96 21 Walkyries
2732 1588 97 21 Wagner).

2361 1613 20 17 18
2397 1612 17 18 h.
2431 1617 19 16 15
2460 1617 6 13 :
2481 1612 81 18 Causerie
2575 1617 31 15 pur
2618 1612 16 20 J.
2647 1611 38 18 Van
2700 1611 100 21 Limbergen
2809 1616 5 13 :
2831 1610 33 19 Les

2337 1638 57 14 autres
2409 1634 69 18 mondes
2493 1634 68 18 srmt-ils
2577 1633 77 19 habités?

2361 1660 20 16 19
2400 1655 12 19 h
2438 1661 23 15 30
2470 1661 6 13 :
2494 1655 100 22 Chronique
2612 1655 29 18 des
2661 1654 110 19 événements
2789 1654 67 19 interna-

2336 1677 77 19 tionaux.
2427 1678 71 21 Journal
2511 1677 48 22 parlé

2360 1705 22 12 so
2396 1700 18 18 h.
2424 1704 5 13 :
2444 1700 64 18 Séance
2522 1700 29 17 des
2564 1698 71 21 Sonates
2648 1704 32 16 par
2692 1698 74 22 Jacques
2781 1697 81 19 Gaillard,

2336 1720 128 20 violoncelliste,
2482 1721 39 21 prof
2545 1726 22 13 au
2584 1720 130 19 Conservatoire
2732 1720 21 19 de
2770 1720 92 20 Bruxelles,

2335 1745 18 15 et
2364 1743 20 18 M
2404 1743 42 21 Jeun
2459 1743 23 18 du
2495 1743 90 21 Chastaîn,
2597 1743 80 21 pianiste,
2689 1742 44 22 prof,
2746 1747 21 13 nu
2781 1740 81 21 CoDSWV.

2336 1765 20 19 de
2370 1764 51 23 Liège
2430 1771 5 13 :
2449 1765 63 19 Sonate
2524 1770 44 16 pour
2581 1764 42 20 colla
2635 1767 17 16 et
2665 1764 53 22 piano
2729 1764 97 19 (Brahms).

2360 1792 21 13 :o
2395 1787 18 18 h.
2428 1792 37 16 30*
2480 1787 74 21 Di-ques
2564 1792 5 13 :
2586 1787 73 18 Gavotte
2674 1787 106 20 (Rameau);
2798 1786 65 18 Danses

2336 1809 21 18 de
2368 1808 29 19 bal
2409 1809 21 18 de
2442 1809 17 18 la
2469 1809 53 20 Cour,
2534 1809 46 18 valse
2594 1809 96 20 (Lanncr);
2706 1809 64 21 Zampa
2783 1808 80 20 (Herold-

2336 1831 85 21 Winter);
2434 1831 25 19 Le
2471 1830 34 19 bon
2517 1831 50 18 vieux
2580 1834 61 18 temps,
2654 1831 47 18 valse
2713 1831 46 21 (Joh,
2774 1830 85 21 Strauss):

2336 1853 25 18 La
2377 1857 4 11 t
2386 1854 69 16 '.'■:*:*.-:-.
2463 1860 4 9 l
2484 1859 9 6 *
2509 1859 22 11 v,:\
2547 1853 91 18 venticello
2655 1853 93 21 (Rossini);
2767 1852 51 18 Fant.
2834 1857 29 13 sur

2337 1874 52 20 Faust
2405 1875 99 20 (Gounod).

2359 1901 21 14 ai
2397 1897 17 18 h.
2424 1901 6 14 :
2448 1896 56 19 Soirée
2519 1897 22 18 de
2556 1896 43 18 Café
2615 1896 82 18 chantant
2713 1896 91 20 anver-sols,
2821 1901 41 13 avec

2337 1918 53 20 Frans
2402 1918 81 22 Lampcx,
2499 1919 47 21 Jules
2562 1918 76 20 Dirickx,
2655 1919 21 18 V.
2692 1918 78 18 Clément
2786 1921 17 15 et
2820 1918 42 21 Lizy

2336 1939 61 19 Dorée.

2359 1967 20 12 31
2393 1962 19 18 h.
2421 1966 6 14 :
2440 1962 71 21 Journal
2524 1961 52 22 parlé,

2359 1988 20 13 13
2395 1983 18 18 h.
2432 1988 20 13 10
2462 1989 5 12 :
2483 1983 73 18 Concert
2572 1988 21 13 en
2607 1983 17 18 la
2639 1982 45 19 Salle
2700 1982 89 19 Memlinc

2555 2011 20 21 *
2589 2011 21 23 •
2623 2012 20 21 «

2337 2048 392 24 Radio-Schaerbcek-Bruxelles
2736 2055 6 17 :
2758 2054 64 22 245,9
2830 2053 33 19 OL

2361 2085 18 13 iî
2396 2080 18 18 h.
2424 2085 6 12 :
2448 2079 151 21 Concert-apéritif
2616 2079 96 19 commenté
2727 2082 18 16 et
2761 2079 54 20 dirigé
2831 2084 32 16 p^r

2336 2102 65 17 Marcel
2419 2102 80 17 Antoine.
2515 2101 107 21 Programme
2638 2102 22 17 de
2676 2101 79 22 musique
2771 2101 57 19 variée
2845 2104 17 15 et

2335 2124 61 17 chants
2410 2124 61 18 divers,

2360 2150 20 15 13
2393 2146 18 17 h.
2424 2150 21 15 45
2455 2150 5 13 :
2475 2145 32 17 Fin
2519 2145 24 18 du
2555 2148 67 15 concert
2624 2144 82 22 -apéritif.
2719 2145 142 20 Communiqués.

2361 2172 19 15 13
2393 2167 18 18 h.
2426 2168 21 19 4$
2457 2172 5 12 :
2478 2167 122 18 Informations
2613 2167 74 18 diverses
2699 2169 19 16 et
2730 2167 75 18 cn-'-rie
2817 2167 37 18 d'in-

2337 2188 43 19 térêt
2392 2189 51 17 social

2361 2215 20 17 14
2397 2211 18 18 b.
2425 2215 6 14 :
2450 2210 31 18 Fin
2497 2210 22 19 de
2534 2210 100 19 l'émission.

2554 2231 21 24 *
2588 2232 21 23 #
2622 2233 20 22 C

2338 2261 186 25 Binche-Radio
2537 2269 7 17 :
2560 2268 80 22 219,50
2652 2269 33 17 m.
2698 2261 27 24 P.
2738 2267 37 23 0,3
2786 2261 48 23 kw.

2361 2298 20 13 10
2398 2293 18 18 b.
2434 2297 23 17 30
2466 2298 5 13 :
2490 2292 73 19 Concert
2579 2292 52 18 varié.
2647 2301 25 5 —
2688 2292 101 21 Chronique
2805 2292 22 18 de
2845 2292 16 18 la

2336 2315 55 19 m-ode.

2545 2337 20 20 •
2589 2335 18 22 *
2631 2336 19 21 «

2339 2369 389 24 Radio-Conférence-Bruxelles
2748 2374 7 18 :
2773 2368 44 24 216
2831 2376 30 16 m.

2361 2405 18 13 13
2395 2400 18 18 h.
2422 2405 6 13 :
2446 2400 100 18 Récréation
2562 2399 106 19 commentée
2684 2404 32 17 par
2731 2399 80 19 Faustui.

2361 2427 19 15 13
2393 2422 18 18 b.
2424 2427 22 16 30
2456 2427 5 12 :
2476 2422 108 21 Programme
2595 2422 30 17 des
2636 2421 93 19 auditeurs.

2360 2448 20 16 14
2395 2444 19 18 h.
2423 2449 6 12 :
2446 2443 123 18 Informations
2590 2443 102 21 Spectacles.

2360 2470 21 13 30
2396 2465 19 19 h,
2430 2470 22 16 45
2461 2470 6 13 :
2484 2465 74 18 Concert
2572 2465 127 21 -symphonique
2712 2468 18 15 et
2745 2465 56 22 vocal.

2359 2491 20 14 11
2394 2487 19 19 b.
2422 2492 6 13 :
2440 2487 96 18 Actualités
2551 2487 95 21 littéraires,
2659 2492 32 17 par
2705 2487 26 18 M.
2745 2487 69 19 Gerver.

2360 2514 19 12 iî
2394 2509 19 18 b.
2430 2513 19 17 15
2459 2514 5 13 :
2480 2509 79 18 Concert.

2360 2535 19 12 33
2395 2530 18 19 h.
2421 2535 8 13 .*
2445 2531 89 18 Diffusion
2548 2531 23 18 du
2587 2530 92 19 Marathon
2695 2530 21 19 de
2731 2530 58 20 danse.

2360 2557 19 12 33
2394 2552 18 19 h.
2426 2557 21 18 45
2457 2557 6 14 :
2478 2552 128 19 Informations.

2555 2574 20 23 *
2587 2574 22 23 •
2622 2573 20 24 «

2339 2603 160 25 Radio-Paris
2512 2610 8 17 :
2542 2610 56 22 1725
2615 2611 32 17 m.
2665 2603 28 25 P.
2711 2610 43 17 100
2770 2604 47 24 kw.

2360 2639 9 15 7
2384 2634 18 18 h.
2417 2639 22 17 45
2448 2639 6 14 :
2468 2635 81 21 Disques.

2359 2656 10 17 S
2384 2656 18 18 h.
2412 2661 5 14 ;
2423 2656 138 18 -Informations.
2577 2656 59 18 Revue
2649 2655 22 20 de
2685 2655 18 18 la
2715 2661 63 16 presse.

2360 2682 19 13 13
2395 2678 18 17 h.
2422 2683 6 7 •
2442 2678 111 18 Conférence,

2361 2705 18 11 12
2393 2700 18 18 h.
2424 2704 22 16 30
2456 2703 11 14 r*
2475 2700 74 21 Disques
2567 2699 70 22 Opéras.

2358 2722 27 17 Au
2398 2727 49 12 cours
2461 2721 24 18 du
2498 2724 68 15 concert
2576 2727 5 12 :
2597 2720 119 20 informations
2731 2721 106 20 financières.

2360 2744 21 17 18
2395 2743 18 19 h.
2427 2748 23 16 30
2460 2748 5 13 :
2479 2743 54 18 Cours
2545 2746 18 15 et
2577 2743 119 18 informations
2709 2743 80 19 diverses.

2361 2769 20 16 19
2396 2765 18 18 h.
2423 2770 6 14 :
2446 2765 105 18 Conférence
2566 2770 28 13 sur
2610 2766 17 17 la
2640 2765 95 18 littérature
2751 2765 95 18 allemande
2855 2770 5 12 :

2336 2785 24 21 Lt
2375 2787 68 20 lyrisme
2457 2787 22 19 de
2495 2788 43 19 1S70
2553 2786 11 18 i
2580 2792 33 13 no»
2625 2786 54 21 jours.

2361 2813 19 16 19
2397 2808 18 18 h.
2430 2813 24 16 30
2462 2813 7 14 :
2486 2808 106 19 Conférence
2606 2808 82 18 médicale
2696 2813 6 13 :
2718 2808 33 18 Les
2767 2809 88 20 renseigne-

2336 2833 56 15 ment*»
2407 2830 65 18 fournis
2486 2835 32 16 par
2531 2831 16 17 le
2562 2830 102 21 microscope
2679 2830 43 17 dans
2737 2829 16 20 le
2767 2830 94 21 diagnostic

2336 2851 30 19 des
2377 2855 77 15 tumeurs
2465 2852 23 18 du
2502 2852 43 18 sein.

2361 2878 20 16 19
2398 2874 18 18 h.
2431 2878 22 16 45
2463 2879 6 13 :
2486 2873 55 19 Cours
2556 2873 130 18 commerciaux.

2360 2900 21 13 30
2398 2895 18 18 h.
2427 2901 4 12 :
2448 2896 82 18 Lectures
2547 2895 91 20 littéraires
2652 2895 97 21 présentées
2765 2900 32 16 par
2814 2895 48 19 Mme

2337 2917 77 19 Suzanne
2430 2917 75 21 Després
2513 2922 5 13 :
2536 2917 25 18 La
2578 2917 103 18 Châtelaine
2697 2917 22 19 de
2735 2917 62 21 Vergy.

2360 2944 21 13 jo
2392 2937 20 21 %,
2429 2944 23 15 30
2461 2944 6 13 :
2483 2939 128 18 Informations.
2626 2939 64 18 Météo.

2360 2966 22 12 so
2395 2961 18 19 h.
2427 2966 22 16 40
2459 2966 5 13 :
2480 2961 99 21 Chronique
2593 2961 21 18 de
2629 2961 17 17 la
2660 2961 56 18 mode.

2360 2988 21 13 ;o
2394 2983 18 18 h.
2426 2988 21 16 45
2457 2988 5 13 :
2477 2983 131 19 Radio-concert
2617 2988 5 13 :
2637 2983 131 21 Surimpression
2781 2983 81 22 poétique

2337 3009 28 13 sur
2377 3005 29 17 des
2419 3009 65 13 œuvres
2496 3005 22 18 de
2531 3005 121 18 Mendeluohn
2663 3010 5 13 :
2682 3005 26 18 La
2719 3008 56 18 grotte
2786 3005 22 18 de
2822 3005 40 18 Fin-

2336 3027 34 20 sal.
2385 3026 81 21 Caprices
2481 3027 53 19 (Léon
2551 3027 88 20 Kartun);
2656 3027 97 18 Ouverture
2767 3027 24 18 du
2807 3027 55 21 Songe

2336 3049 53 18 d'une
2400 3049 45 18 Xuît
2456 3049 51 18 d'été.
2519 3049 70 18 Poèmes
2600 3049 21 18 de
2634 3050 18 17 M
2656 3054 14 12 m
2673 3055 16 12 es
2702 3049 41 18 Cita
2755 3052 18 15 et
2785 3049 78 18 Suzanne

2338 3070 73 21 Malard,
2425 3076 42 13 avec
2481 3071 16 18 le
2510 3076 81 13 concours
2602 3071 22 18 de
2638 3071 57 18 Mmes
2709 3071 101 20 Raymonde
2824 3071 39 18 Fer-

2338 3093 33 19 nel.
2389 3093 97 21 Sarraîlion,
2504 3093 57 18 Renée
2579 3093 70 21 Garcia;
2669 3093 49 19 MM.
2736 3093 80 22 Philippe
2832 3093 23 18 Ri-

2337 3114 51 18 chard
2402 3118 18 16 et
2433 3115 71 20 Sylvain
2518 3115 59 18 Itkine

2361 3141 20 13 11
2396 3136 19 19 h.
2427 3141 23 17 30
2459 3141 5 13 :
2479 3136 90 21 Disques:
2584 3136 73 19 L'Ecole
2671 3136 131 22 Romantique:
2817 3136 38 19 Con-

2338 3160 47 16 certo
2398 3163 21 13 en
2435 3158 24 19 mi
2473 3158 57 19 bémol
2545 3158 67 21 majeur
2628 3159 63 20 (Liszt)
2697 3164 5 15 ;
2720 3164 44 16 pour
2778 3158 54 22 piano
2846 3161 18 16 et

2338 3180 92 20 orchestre;
2445 3180 87 18 L'Amour
2544 3183 17 15 et
2575 3181 16 17 la
2605 3181 32 17 Vie
2650 3181 52 18 d'une
2717 3181 69 18 Femme
2803 3181 53 19 (Schu-

2339 3202 71 20 mann);
2431 3202 24 17 La
2473 3202 46 18 Xuit
2536 3202 95 18 eniorce?ée
2649 3202 104 21 (Chopin-L.
2772 3203 72 19 Aubert)
2856 3208 6 15 ;

2339 3223 85 19 Carnaval
2438 3224 72 20 romain,
2522 3229 40 15 ouv.
2579 3224 95 21 (Berlioz);
2691 3224 69 19 Double
2774 3224 90 22 Concerto,

2339 3246 62 21 -allegro
2418 3246 96 20 (Brahms).

2557 3268 22 22 m
2591 3267 22 24 *
2627 3268 19 21 «

2339 3297 69 24 Tour
2426 3297 76 24 Eiffel
2515 3304 8 17 :
2543 3298 79 28 1445.8
2637 3304 33 17 m.
2686 3297 29 24 P.
2733 3304 27 17 12
2775 3297 47 26 kw,

2364 3329 21 16 18
2399 3328 18 18 h.
2432 3332 22 17 45
2464 3333 5 13 :
2486 3328 97 18 Réflexions
2597 3333 29 13 sur
2639 3328 17 18 !»
2671 3328 85 22 musique.

2364 3355 21 15 19
2400 3350 18 18 b.
2428 3355 5 13 :
2451 3349 128 19 Informations.

2365 3376 21 15 19
2398 3371 19 19 h.
2433 3371 22 22 4J
2464 3377 6 13 :
2487 3372 96 20 Magazine.

2364 3398 21 13 10
2397 3393 18 18 h.
2429 3398 22 16 30
2460 3398 6 14 :
2478 3393 32 18 B2I
2521 3396 74 15 musette
2606 3398 33 16 par
2649 3393 60 18 l'orch.
2720 3393 24 18 du
2755 3393 108 18 Tourbillon:

2341 3414 78 19 Rumous
2434 3415 22 18 de
2473 3415 86 20 Guitarra,
2576 3420 41 16 paso
2634 3415 51 18 doble
2704 3415 31 20 (V.
2752 3415 95 21 Schwartz)
2858 3421 5 15 ;

2342 3436 91 22 Pirouette,
2449 3437 47 18 valse
2510 3439 75 16 musette
2599 3437 28 19 (L.
2644 3437 69 21 Péguri)
2719 3442 5 16 ;
2742 3437 26 19 La
2784 3437 82 21 Compar-

2341 3458 39 20 slta,
2404 3461 52 18 tango
2480 3459 65 19 (Matto
2567 3459 115 21 Rodriguez);
2706 3459 92 22 Radieuse,
2820 3459 47 18 valse

2341 3483 74 16 muette
2430 3481 28 19 (L.
2476 3480 79 21 Péguri).

2364 3507 22 13 30
2403 3502 18 19 h.
2438 3506 23 17 50
2469 3507 5 13 :
2493 3502 73 18 Concert
2582 3502 133 22 symphonique,
2733 3502 32 19 dir.
2782 3503 28 19 M.
2826 3502 40 19 Fla-

2342 3527 46 15 ment
2397 3529 6 13 :
2422 3524 106 21 Symphonie
2544 3524 82 19 italienne
2645 3524 146 21 (Mendellsohn).

2365 3551 20 14 îl
2398 3546 12 18 b
2429 3551 37 16 33:
2481 3546 48 18 Suite
2542 3546 24 18 du
2580 3549 82 16 concert:
2677 3546 40 19 Solo
2730 3546 22 19 de
2765 3546 58 19 violon
2835 3551 32 17 par

2342 3568 27 19 M.
2384 3568 97 19 Chantrelle
2490 3573 6 14 :
2513 3568 62 18 Indian
2591 3568 81 21 Rapsody
2686 3568 100 21 (Noletty);
2802 3568 33 19 Sur
2850 3569 17 17 la

2341 3590 44 21 piste
2402 3590 86 21 indienne.
2505 3590 27 18 Au
2549 3590 42 18 bord
2608 3591 24 17 du
2649 3590 95 21 Michigan,
2762 3591 58 17 Danse
2835 3591 31 17 des

2341 3612 96 21 Mohlcans,
2455 3612 27 18 En
2498 3612 68 18 fumant
2584 3612 17 18 le
2618 3612 80 21 calumet,
2716 3612 56 21 Galop
2789 3612 42 19 dans
2849 3613 17 18 la

2342 3633 69 21 prairie;
2430 3634 30 19 des
2475 3633 45 19 deux
2535 3634 71 21 pigeons
2624 3634 115 21 (Messager);
2759 3634 63 19 Entrée
2838 3635 29 18 des

2343 3655 81 22 tziganes.
2438 3656 54 18 Scène
2505 3659 18 15 et
2537 3661 32 16 pas
2581 3656 31 18 des
2624 3656 45 18 deux
2682 3656 78 21 pigeons;
2778 3656 58 19 thème
2849 3659 18 16 et

2342 3678 98 20 variations,
2457 3677 148 22 Diversement,
2622 3678 59 18 Danse
2698 3677 95 22 hongroise.
2811 3678 56 20 Final.

2560 3700 19 21 «
2595 3699 19 22 «
2629 3700 19 20 «

2346 3728 59 25 Cille
2419 3728 186 26 (P.T.T.Nord)
2614 3736 6 17 :
2638 3729 43 29 265
2694 3736 34 17 m.
2740 3728 127 30 P.o.skw.

2367 3765 19 12 n
2401 3759 18 19 h.
2434 3765 22 16 30
2465 3764 6 14 ;
2487 3759 74 19 Concert
2572 3762 18 17 et
2603 3759 74 22 disques.

2366 3787 20 15 19
2400 3781 18 18 b.
2428 3787 5 13 :
2449 3781 81 21 Disques.

2367 3808 21 13 îo
2403 3803 19 19 h.
2431 3808 6 13 :
2454 3803 56 19 Soirée
2525 3803 22 18 de
2561 3803 74 21 cabaret,
2650 3808 42 13 avec
2706 3802 48 19 MM.
2770 3802 47 19 Léon
2833 3803 28 18 Mi-

2342 3825 44 20 chel,
2401 3825 86 21 Soupleix,
2503 3825 67 22 Demy,
2583 3825 43 22 Jean
2643 3825 68 18 Marsac
2726 3827 19 16 et
2761 3825 44 18 Mlle
2822 3825 46 21 Suzy

2343 3847 54 18 Pwka
2409 3847 96 21 (fpeaker).

2366 3874 20 12 si
2402 3868 18 19 h.
2430 3873 5 14 :
2450 3868 90 19 Orchestre
2549 3873 6 14 :
2571 3868 48 19 C'est
2632 3872 44 18 pour
2691 3873 40 13 mon
2746 3873 47 16 papa
2808 3868 60 19 (Ober-

2343 3890 55 21 îc.d);
2417 3891 73 20 Aragon,
2508 3896 42 15 paso
2566 3891 52 18 doble
2634 3890 83 21 (Sentis);
2735 3890 87 18 Fatimata
2838 3890 30 20 (R.

2343 3913 99 21 Sylviano);
2463 3913 27 18 La
2508 3912 56 19 Violet
2566 3917 33 15 era,
2618 3912 71 18 scotlish
2710 3912 90 21 espagnole
2821 3912 47 21 (José

2344 3934 84 21 Padilla);
2444 3934 71 21 Arthur,
2529 3935 45 18 fant.
2590 3934 113 21 (Christine);
2719 3933 49 22 Olga,
2782 3938 33 14 one
2829 3937 38 18 step

2343 3957 81 18 (Howard
2446 3956 77 22 Fiynn);
2547 3956 90 21 Kadubec,
2658 3956 45 18 lant.
2726 3956 37 20 (M.
2782 3955 67 22 Yvain)
2860 3960 6 17 ;

2343 3978 67 21 Louise,
2424 3978 71 21 fox-trpt
2509 3978 103 21 (Whitlng).

2366 4005 20 14 23
2401 4001 19 17 h.
2430 4006 5 13 :
2451 4000 58 19 Heure
2522 4000 30 18 des
2567 4000 93 18 auditeurs.

2552 4022 20 21 «
2595 4022 19 21 «
2637 4021 20 21 *

2344 4054 242 30 Radio-Strasbourg
2607 4054 27 23 P.
2643 4053 30 24 T.
2680 4052 51 25 T.:
2752 4058 65 24 345,2
2836 4059 31 17 m.

2367 4090 21 16 17
2403 4085 19 18 h.
2431 4090 6 14 :
2452 4085 84 21 Musique
2550 4084 23 20 de
2586 4085 43 21 jazz.

2367 4108 20 16 18
2409 4107 18 18 h.
2448 4112 23 15 30
2481 4112 5 13 :
2507 4106 90 19 Orchestre
2606 4111 6 13 :
2632 4105 96 18 Ouverture
2748 4104 22 19 de
2791 4104 78 19 Precloaa

2345 4129 87 20 (Weber);
2453 4128 45 19 Fant
2523 4128 75 18 Mireille
2616 4127 100 21 (Gounod);
2736 4127 59 18 Danse
2813 4131 49 13 maca-

2342 4151 31 18 bre
2392 4151 124 20 (Saïnt-Saens)
2522 4155 5 16 ;
2550 4149 93 22 Callirboé,
2662 4149 46 19 suite
2729 4149 120 19 (Chaminade*
2862 4154 5 15 ;

2344 4173 56 21 Pump
2417 4172 35 19 and
2466 4173 129 19 circonstances,
2612 4171 69 19 marche
2700 4170 79 22 (Elgar).

2367 4200 21 16 19
2404 4194 19 23 h.
2440 4199 22 17 43
2471 4199 7 15 .'
2496 4195 41 17 Voir
2552 4194 48 18 Tour
2615 4193 61 19 Eiffel.

2367 4222 21 13 13
2403 4217 18 19 h.
2439 4221 20 17 15
2469 4222 6 13 :
2492 4216 81 20 Disques.

2366 4243 22 13 30
2403 4238 19 18 h.
2439 4243 22 16 50
2470 4243 6 13 :
2493 4237 73 19 Concert
2579 4236 128 22 symplonique
2724 4240 31 17 par
2771 4235 98 19 l'orchestre

2343 4260 100 21 municipal.
2464 4259 75 19 Festival
2560 4259 98 17 Beethoven
2667 4263 6 14 :
2694 4257 106 22 Symphonie
2819 4262 18 14 n.
2860 4261 8 14 t

2343 4287 21 13 en
2378 4285 20 16 ut
2412 4281 72 22 majeur,
2497 4286 29 16 op.
2540 4285 29 16 si;
2585 4280 87 19 Romance
2686 4285 21 13 en
2720 4280 26 18 sol
2760 4279 66 21 majeur
2839 4284 29 17 op.

2343 4309 30 16 40;
2388 4304 87 18 Romance
2486 4308 21 13 en
2520 4302 18 19 fa
2549 4302 66 21 majeur
2627 4307 29 16 op.
2668 4306 29 17 50;
2710 4301 106 22 Symphonie
2828 4306 18 14 n,
2857 4306 11 17 3

2343 4331 21 13 en
2380 4326 23 18 mi
2417 4325 56 19 bémol
2488 4324 66 21 majeur
2567 4329 29 17 op.
2612 4328 22 18 5s
2649 4323 87 21 (EioTcà),

2366 4353 20 13 32
2400 4348 19 18 b.
2430 4352 23 15 30
2462 4352 6 14 ;
2482 4346 72 19 Danses.

2550 4367 19 22 ë
2597 4367 18 23 «
2643 4366 18 24 •

2345 4401 219 24 Radio-Toulouse
2577 4407 7 17 :
2601 4401 64 27 385,1
2679 4407 32 16 m.
2726 4399 28 24 P.
2765 4400 15 23 8
2793 4399 44 23 kw,

2368 4433 20 17 18
2402 4431 34 20 h.:
2455 4431 73 19 Chant:
2546 4430 48 20 M—
2593 4431 46 20 ■MM
2657 4429 92 22 (Delara);
2768 4429 34 19 Le»
2818 4433 51 14 noces

2342 4454 22 18 de
2376 4454 61 21 Figaro
2449 4453 95 22 (Mozart);
2559 4453 99 18 Guillaume
2670 4452 38 18 Tell
2722 4451 83 21 (Rowinl)
2811 4456 5 17 ;
2831 4450 31 19 Pel

2344 4477 34 18 léaa
2390 4478 18 17 et
2422 4476 95 18 Mé:iiand»
2528 4474 105 22 (Debuvy).

2367 4498 20 18 18
2402 4497 17 19 h.
2437 4503 17 15 ij
2465 4502 6 15 ;
2486 4500 28 13 un
2521 4498 53 16 iir-tic-
2590 4495 84 22 argentin.

2367 4520 20 18 18
2398 4519 11 19 h
2426 4522 23 21 41
2457 4523 7 16 1
2476 4519 96 19 Orchestre.

2368 4546 20 17 19
2404 4541 18 20 b,
2439 4546 20 17 is
2469 4546 5 14 :
2492 4539 90 20 Orchc-lro
2596 4538 126 23 lympihonlque
2732 4543 5 14 :
2754 4537 68 22 Allegro
2837 4537 32 21 (J.-

2343 4563 17 20 S.
2374 4563 66 22 Bach);
2454 4562 86 20 Amiante,
2552 4561 86 20 Carnaval
2650 4563 65 17 romain
2731 4559 91 22 (Berlioz).

2367 4590 20 17 19
2400 4585 18 19 h.
2430 4589 22 18 4S
2462 4589 5 15 !
2483 4585 72 18 Daniel.
2798 4601 6 7 ,
2814 4601 5 7 ,
2840 4601 6 7 ,

2367 4612 22 14 îo
2405 4607 19 19 h,
2433 4612 5 14 :
2459 4606 83 22 Musique
2561 4605 80 19 militaire
2650 4609 5 14 :
2676 4602 71 21 Marche
2767 4602 102 18 américaine

2345 4629 80 22 Mou*»);
2443 4627 72 22 MMflbl
2530 4627 22 20 de
2568 4626 74 20 Carmen
2661 4626 78 20 (Blzet);
2758 4623 71 19 Marche
2844 4623 24 18 du

2345 4656 27 15 1er
2385 4651 83 23 régiment
2482 4650 21 20 do
2516 4649 59 24 garde»
2588 4647 124 23 (Beethoven).

2918 224 21 13 30
2953 218 19 20 b.
2988 223 20 16 is
3018 223 6 14 :
3040 218 91 20 Orchestre
3144 218 85 22 argentin,

2918 246 21 13 îo
2952 241 17 18 b.
2981 246 23 15 30
3014 246 4 12 :
3031 240 164 22 Opéras-comiques.
3207 240 65 18 Chant.

2918 268 21 12 11
2956 263 17 17 h.
2983 267 6 13 :
3005 262 58 18 Chant
3073 267 5 13 :
3096 263 66 18 Manon
3180 262 115 20 (Massenet);
3313 260 25 19 Le
3354 260 33 18 Roi
3402 259 22 19 de

2894 284 66 19 Lahore
2974 284 51 20 (id.).

2918 311 20 13 iî
2952 306 18 18 h.
2983 311 23 16 30
3015 311 5 12 :
3035 305 73 19 Concert
3120 311 32 16 par
3160 306 18 19 la
3190 305 38 20 5oc.
3241 305 25 18 La
3277 304 123 18 Toulousaine.

2917 333 20 13 11
2953 328 18 17 h.
2985 333 21 15 45
3017 332 5 13 :
3036 327 90 19 Orchestra
3138 328 78 20 areentin

3114 357 20 21 «
3148 358 20 22 *
3183 359 20 19 *

2895 387 166 29 Langenberg
3074 393 7 17 :
3097 393 66 24 4724
3174 395 33 17 m.
3218 387 30 25 P.
3261 392 27 24 17
3302 389 25 21 et
3340 391 29 23 75
3377 385 39 23 kw

2918 422 9 16 7
2943 417 18 22 h.
2975 421 22 17 as
3006 422 7 13 :
3027 417 82 21 Disques.

2918 444 9 16 7
2941 439 17 19 b.
2971 444 23 16 30
3003 444 5 13 :
3023 438 80 20 CoDcert.

2919 466 18 13 u
2952 461 18 18 b.
2980 466 6 13 :
2999 461 81 20 Disque».

2919 488 19 15 13
2957 483 19 18 b.
2985 487 6 14 :
3008 482 90 19 Orchestre
3106 487 6 14 :
3131 482 63 20 Donna
3211 483 64 20 Diana,
3293 487 40 14 ouv.
3354 481 69 21 (Berni*

2894 505 41 19 cek)
2940 509 5 16 ;
2969 504 92 20 Bourgeois
3082 504 83 22 viennois,
3186 505 47 19 valse
3254 504 87 21 (Zlebrer)
3346 509 5 16 ;
3376 503 46 18 Tieî-

2895 527 44 18 i.iml.
2956 527 30 17 fél.
3002 526 104 21 (d'Albert);
3124 526 76 19 Solitude
3214 527 22 19 de
3253 528 17 18 la
3286 527 45 21 nuit,
3347 525 76 19 andante

2893 548 69 21 symph.
2981 547 100 22 (Clémus);
3099 548 26 19 La
3142 548 34 20 Fée
3192 548 75 23 Poupée,
3284 549 31 18 sél.
3332 547 71 22 (Geyer)
3416 552 4 15 ;

2894 570 87 19 Fantaisie
2993 570 102 22 rapsodiaue
3111 570 84 20 (Urban),

2918 597 20 15 14
2954 592 18 19 b.
2988 597 23 16 30
3020 597 6 13 :
3043 591 72 19 Inform.
3130 595 18 16 et
3162 592 75 22 disques.

2917 618 20 17 15
2951 613 19 19 h.
2983 618 23 16 30
3015 618 5 14 :
3034 613 60 19 Heure
3107 613 95 20 enfantine,
3225 629 4 5 .
3240 628 5 6 ,

2918 640 19 16 17
2954 636 18 18 h.
2982 640 5 13 :
3004 635 85 21 Stuttgart
3100 641 5 12 :
3122 635 80 20 Concert.

2918 658 20 17 18
2952 657 12 18 h
2985 662 23 16 40
3017 662 5 13 :
3040 656 106 20 Conférence
3159 662 41 14 avec
3214 658 74 21 disques.

2918 684 21 13 10
2960 679 33 19 h.:
3016 678 104 20 Orchestre:
3143 679 71 21 Lorelel,
3235 679 79 23 prélude.
3327 678 75 21 (Bmch)
3414 684 5 14 ;

2894 701 94 22 Méphisto.
3005 701 46 19 valse
3067 701 94 21 (Strauss);
3177 701 51 21 Aida,
3243 702 30 22 sel.
3289 701 79 22 (Verdi);
3387 701 28 19 Ro-

2893 728 60 15 mance
2971 722 153 22 (Tchatkowsky);
3145 723 58 20 Dan^e
3221 729 35 14 aux
3275 724 98 18 flambeaux
3391 723 30 19 de*

2893 745 75 20 fiancées
2990 745 131 20 (Rubinsteinl;
3143 745 67 19 Dan-'es
3228 745 55 20 slaves
3302 751 19 14 n.
3343 750 9 17 7
3373 748 18 17 et
3409 746 12 17 8

2895 767 100 21 (Dvnrak);
3012 767 32 19 Lm
3059 767 41 20 trois
3113 767 84 19 aouhatts.
3213 768 95 21 pot-pourri
3326 767 94 21 (Ziehrer).

2916 794 20 13 31
2952 789 18 18 h.
2986 793 19 17 15
3015 794 5 14 :
3035 789 33 19 Les
3079 788 64 22 joyeux
3157 789 97 21 musiciens,
3268 795 28 16 np.
3312 789 109 23 romantique

2893 810 21 20 de
2927 811 20 18 C.
2962 811 92 21 Brentann,
3067 816 44 13 mu*,
3123 811 21 18 de
3156 810 21 19 E.
3189 810 23 19 T.
3225 812 22 18 A.
3259 811 104 19 Hoffmann.

2916 837 20 14 33
2953 832 19 19 h.
2989 837 21 17 45
3027 833 79 21 (Itudnpe
3115 833 17 20 t)
3144 837 5 13 :
3167 832 90 20 Orchestre
3274 833 73 21 tsigane.

3111 861 21 22 *
3147 860 20 24 •
3180 860 20 24 *

2892 897 288 31 Stuttgart-Muhlacker
3194 904 7 17 :
3222 898 42 28 360
3280 905 33 17 m.
3330 904 29 22 75
3374 898 43 23 kw.

2917 929 20 18 16
2956 928 18 19 b.
2984 933 6 14 :
3011 928 72 19 Concert
3094 933 5 14 :
3120 928 70 20 Chœur,
3208 927 67 20 ballade
3290 931 18 16 et
3326 928 53 19 danse
3395 929 24 18 du

2893 950 103 18 Pensionnat
3017 950 75 21 vSuppé)
3097 955 5 16 ;
3122 950 77 21 Dolorés,
3216 950 47 19 valse
3281 950 120 20 (Waldteufel)
3413 955 5 16 ;

2893 972 53 19 Scène
2968 972 89 22 populaire
3079 973 22 17 de
3123 972 131 19 L'Kvannëliste
3278 972 92 21 (Kienzï);
3395 972 26 19 La

2892 994 77 19 Czarine.
2986 994 80 18 mazurka
3082 995 88 19 (Ganne);
3189 995 70 17 Samson
3276 997 18 16 et
3310 994 63 22 Dalilt,
3389 995 31 18 sél.

2892 1016 122 20 (Saint-Saens*
3020 1021 5 15 ;
3044 1017 71 18 Marche
3129 1016 70 20 (Blon).

2916 1043 19 16 17
2951 1038 19 18 h.
2979 1043 6 13 :
3003 1038 107 19 Programme
3125 1038 52 18 varié.

2914 1065 21 14 33
2949 1060 18 19 h.
2981 1065 21 13 îo
3011 1065 6 13 :
3032 1059 86 22 Budapc.-t
3129 1065 5 13 :
3149 1059 45 18 Orch
3215 1059 73 21 tzigane.

3110 1081 21 23 *
3144 1080 22 24 *
3178 1080 21 24 ê

2891 1112 128 29 Daventry
3040 1112 96 28 (progr.
3154 1111 107 25 natior.)
3278 1117 7 18 :
3314 1117 55 23 1554
3387 1117 29 17 m.

2919 1143 81 24 Puiss.
3013 1149 7 18 :
3038 1149 29 23 35
3083 1142 47 25 kw.

2914 1179 18 13 is
2946 1174 18 20 h.
2974 1179 5 13 :
2994 1173 63 22 Orgue.

2913 1201 19 13 11
2946 1196 17 19 h.
2975 1201 22 16 45
3006 1201 7 13 .*
3025 1195 81 21 Disques.

2914 1223 20 16 13
2949 1218 18 18 h.
2980 1223 23 16 30
3012 1223 6 12 :
3033 1218 16 20 J.
3065 1217 65 19 Martin
3144 1219 17 16 et
3175 1221 31 14 son
3220 1216 90 20 orchestrt.

2913 1245 20 16 14
2948 1240 18 18 h.
2979 1244 24 17 40
3011 1244 6 14 :
3032 1239 26 19 Le
3072 1239 58 21 Derby
3144 1238 90 22 d'Epsom.

2914 1266 19 18 ij
2950 1262 17 18 h.
2983 1266 23 17 30
3015 1266 5 14 ;
3038 1261 90 18 Orchestre
3143 1261 81 21 militaire
3233 1266 5 13 :
3254 1260 45 19 Ouv.
3316 1259 102 22 Eurynntbe

2890 1284 89 22 (Wcber);
2993 1283 50 19 Trois
3055 1283 61 19 danses
3128 1283 95 18 bavaroises
3239 1283 80 21 (E.gftr);
3335 1283 33 18 Le*
3381 1282 37 19 db«

2888 1310 57 16 niants
2963 1306 85 22 (Hespc);
3068 1305 81 19 Cat:?erie
3167 1305 38 21 gaie
3224 1304 107 23 (Brignua);
3353 1304 64 19 Mrrrie

2888 1329 79 19 En-Iand
2980 1328 103 21 (Gcrman);
3098 1327 65 19 Là-bas
3175 1333 22 13 en
3211 1327 83 19 Alabama
3307 1326 107 22 (Edwards);

2886 1351 81 20 Andante
2984 1354 18 17 et
3021 1350 63 18 Rondo
3102 1349 109 22 CaprIccIo«o
3232 1349 150 20 (Mendrlssohn):
3405 1353 10 14 s

2886 1373 56 21 pièces
2958 1372 106 22 (Fletcèer);
3081 1372 80 20 Gavotte,
3176 1372 27 17 Fif
3206 1373 58 19 inerte,
3277 1372 78 20 Marche.
3368 1371 49 19 Folle

2887 1395 74 22 bergère;
2981 1394 72 19 L'adieu
3070 1394 22 19 de
3107 1394 68 20 Wot-m,
3195 1394 79 21 musique
3292 1393 23 20 du
3335 1393 29 19 feu
3383 1393 32 21 (R.

2887 1417 81 22 Wagner)
2972 1430 5 5 .

2911 1440 20 17 16
2943 1439 18 18 h.
2976 1443 22 17 45
3008 1444 5 13 :
3028 1438 62 22 Orgue.

2910 1459 21 22 i>
2944 1461 19 19 h.
2979 1466 19 16 15
3008 1466 5 14 :
3029 1460 74 19 L'heure
3117 1459 95 20 enfantine.

2911 1483 20 17 18
2944 1482 18 19 h.
2976 1487 22 17 30
3008 1487 6 14 :
3027 1483 33 18 Les
3074 1482 49 19 bases
3134 1482 22 18 dr
3170 1482 16 17 la
3199 1481 85 21 musique.

2910 1505 20 17 îS
2945 1505 11 17 h
2978 1509 22 16 50
3009 1509 5 14 :
3029 1504 25 19 Le
3068 1503 62 19 monde
3145 1503 90 19 étonnant.

2910 1531 21 15 19
2944 1526 19 19 b.
2978 1531 22 17 30
3009 1532 6 12 :
3032 1526 86 21 Discours.

2910 1552 20 14 3o
2942 1548 19 18 b.
2970 1553 5 13 :
2990 1547 89 20 Orchertre
3089 1553 5 14 :
3110 1547 41 18 Fête
3164 1546 89 22 populnlre
3265 1546 93 22 (Jonnen);
3374 1546 39 18 Wa.«

2886 1572 29 15 not
2930 1576 10 12 a
2954 1570 51 19 blade
3019 1570 19 19 of
3054 1569 61 20 Gn»7
3131 1569 140 21 (Tchalkowsty)
3278 1574 4 16 ;
3301 1569 35 18 Ohl
3355 1569 59 21 quand

2885 1591 17 20 je
2914 1592 39 18 dors
2968 1592 74 22 (Liszt);
3058 1592 57 18 Pltcea
3129 1591 76 21 lyriques
3218 1596 17 14 n.
3249 1596 11 16 4
3273 1592 17 17 et
3305 1595 9 17 5
3331 1590 79 21 (Grieg);

2886 1613 24 18 Le
2922 1614 35 17 soir
2970 1619 29 13 sur
3011 1614 18 18 la
3044 1617 99 17 montngne;
3162 1614 15 17 A
3193 1612 38 19 cftté
3246 1613 23 18 du
3285 1613 80 21 berceau;
3384 1613 29 19 Un

2885 1635 46 21 rêve;
2951 1636 71 19 Pensées
3040 1642 22 13 au
3079 1636 99 21 crépu-'cule
3196 1636 88 19 (IViii*);
3305 1635 40 18 Bois
3362 1635 43 18 silen-

2884 1657 49 18 cieux
2951 1658 96 20 (Dvorak);
3069 1658 68 19 (ïr-rindc
3156 1657 81 20 fant.iMe
3256 1657 133 22 (Salnt-Sacns).

2908 1684 20 13 si
2944 1679 19 18 b.
2977 1684 22 17 35
3009 1685 5 13 :
3030 1679 82 20 Théâtre.

2909 1706 20 12 ii
2944 1700 18 19 h.
2977 1705 22 18 33
3009 1706 5 13 :
3030 1701 81 22 Musique
3124 1701 21 18 dr
3160 1700 58 19 dnn'e.

3092 1724 20 21 0
3139 1723 18 22 *
3185 1723 19 20 *

2886 1754 100 25 Huizen
2999 1763 6 17 :
3025 1757 56 28 1875
3096 1763 34 17 m.
3143 1756 28 24 P.
3186 1756 37 29 8,5
3238 1758 25 22 et
3279 1755 28 24 60
3322 1754 47 25 kw.

2908 1790 10 16 7
2931 1785 19 19 b.
2965 1790 21 17 35
2996 1791 5 13 :
3018 1786 80 22 Disques.

2907 1812 11 16 9
2930 1807 18 19 b.
2960 1813 23 15 40
2992 1813 5 13 :
3012 1807 68 19 Chvur.

2909 1834 20 13 10
2942 1829 19 18 h.
2978 1835 20 13 10
3007 1835 5 13 :
3030 1830 44 18 Pour
3087 1830 25 18 les
3125 1830 79 18 malade».

2909 1855 22 14 id
2945 1851 18 18 h.
2979 1856 22 16 40
3010 1857 6 12 :
3032 1852 120 19 Hîirmonium,

2909 1877 19 14 11
2942 1870 18 21 h'.
2974 1878 21 16 55
3005 1878 6 13 :
3025 1873 89 19 Orchestre
3126 1877 18 16 et
3155 1873 59 19 chant.

2909 1900 20 15 14
2943 1894 18 19 h.
2974 1899 23 17 40
3006 1900 5 13 :
3026 1895 78 20 Quatuor

2909 1917 20 17 16
2945 1916 17 21 h.
2977 1921 22 16 40
3007 1921 7 14 ;
3031 1917 45 18 Pour
3091 1918 24 17 les
3129 1917 75 19 enfants.

2909 1939 20 16 18
2943 1938 17 18 h.
2976 1943 22 16 40
3007 1943 6 13 :
3029 1938 74 19 L'heure
3118 1939 75 18 frisonne
3210 1937 141 22 (déclamation).

2909 1965 20 15 19
2943 1960 18 18 b.
2976 1964 21 17 55
3007 1964 5 14 :
3026 1960 89 18 Orchestre
3124 1966 5 12 :
3145 1960 87 18 Fantaisie
3246 1960 25 19 La
3282 1960 82 19 Traviata
3379 1959 32 21 (G.

2884 1982 71 20 Verdi);
2974 1982 24 17 La
3014 1982 39 18 voix
3068 1982 31 18 des
3113 1983 66 17 cloches
3196 1982 86 22 (Lulglnl)
3288 1987 5 16 ;
3314 1981 97 23 Pot-pourri

2883 2009 31 13 sur
2929 2005 32 17 Les
2978 2004 73 19 Cloches
3064 2004 22 18 de
3102 2004 97 18 Cornevilie
3215 2004 130 22 (Planquette);
3365 2004 39 18 Mar-

2884 2026 32 18 che
2930 2026 21 18 de
2966 2026 16 17 la
2996 2026 76 19 Victoire
3083 2026 23 18 du
3120 2026 32 18 Cid
3166 2027 113 21 (Ma'Senel).

2908 2053 21 13 30
2942 2048 18 17 h.
2974 2053 22 15 40
3005 2053 5 13 :
3028 2048 44 18 Pour
3086 2048 16 18 la
3115 2049 83 20 jeunesse.

2908 2075 20 13 11
2950 2070 18 18 h.
2991 2075 19 12 10
3020 2075 6 12 :
3048 2070 48 18 Suite
3114 2070 23 18 du
3158 2072 68 17 concert
3236 2075 5 13 :
3263 2069 83 23 Musique
3367 2075 44 16 pour

2884 2091 85 18 orchestre
2989 2091 206 22 (Borcbgreving-Gren);
3217 2092 49 18 Suite
3284 2097 21 14 en
3323 2092 25 18 sol
3369 2091 41 20 maj.

2887 2113 69 19 'Faschi
2962 2119 5 15 ;
2993 2113 72 19 Prélude
3085 2113 26 18 La
3131 2114 81 18 Croisade
3232 2114 30 18 des
3282 2114 75 18 Enfants
3380 2113 30 21 (G.

2886 2136 79 19 Pierné);
2980 2135 24 18 Le
3017 2135 63 18 Collier
3091 2135 22 19 de
3125 2136 70 21 Saphirs
3207 2135 50 21 (id.).

2908 2162 20 13 33
2945 2157 19 18 b.
2983 2162 20 13 10
3013 2163 5 12 :
3035 2157 81 22 Disques.

3096 2179 20 21 «
3139 2179 19 21 «
3181 2179 20 20 *

2885 2211 127 30 Budapest
3025 2218 7 17 :
3049 2218 65 22 550,5
3126 2219 33 16 m.
3172 2211 27 25 P.
3213 2218 28 23 23
3254 2212 47 23 kw.

2908 2247 20 16 17
2944 2243 17 18 h.
2976 2247 21 17 35
3007 2247 5 13 :
3028 2243 80 20 Disques.

2910 2265 19 17 18
2944 2265 17 17 h.
2977 2269 30 16 50:
3022 2264 74 18 Concert
3117 2264 90 21 Quintette
3221 2269 44 16 pour
3279 2264 51 21 piano
3344 2266 17 17 et
3375 2269 28 14 cor-

2884 2286 30 18 des
2927 2292 20 13 en
2964 2287 19 17 fa
2998 2287 67 18 mineur
3079 2286 99 20 (Brahms);
3196 2286 91 21 Quintette
3300 2292 44 16 pour
3358 2287 54 21 piano

2884 2312 17 14 et
2916 2308 58 18 cordes
2988 2314 21 13 en
3024 2309 14 19 si
3053 2308 68 18 mineur
3133 2308 119 20 (Goldmark).

2908 2335 21 13 so
2944 2331 18 17 h.
2978 2335 22 16 40
3009 2335 6 13 :
3033 2330 100 20 Frairments
3148 2330 104 21 d'opérettes
3268 2330 97 21 hongroises
3380 2335 32 17 par

2884 2352 98 18 l'orchestre
2995 2352 22 18 de
3032 2353 74 20 l'Opéra.

2907 2379 20 13 33
2942 2374 18 19 b.
2975 2379 23 16 30
3007 2379 5 13 :
3027 2374 91 18 Orchestre
3131 2374 74 21 tzigane.

3103 2395 21 23 *
3137 2395 21 24 •
3171 2395 21 23 *

2884 2425 80 24 Rome
2977 2433 7 17 :
3000 2432 41 23 441
3055 2433 33 17 m.
3101 2425 27 23 P.
3142 2432 28 21 75
3182 2425 48 24 kw.

2909 2462 19 15 17
2944 2457 18 17 h.
2978 2462 21 15 30
3008 2462 6 13 :
3032 2456 73 18 Concert
3120 2456 55 18 vocal.

2909 2484 19 15 17
2947 2478 18 19 b.
2984 2483 22 17 45
3016 2484 5 13 :
3041 2478 73 19 Concert
3133 2478 46 18 varié
3188 2483 6 13 :
3214 2477 83 19 Madame
3312 2477 22 19 de
3352 2477 59 19 Thébe

2886 2500 123 21 (Lombardo);
3024 2501 26 18 La
3062 2500 43 18 Fille
3115 2500 23 19 de
3148 2500 47 21 Jorio
3209 2499 127 22 (Franchettl);
3351 2500 60 18 Bonne

2884 2523 44 19 nuit.
2944 2523 82 18 Madame
3043 2522 93 21 (Padilla);
3157 2522 47 18 Petit
3218 2522 58 21 jardin
3294 2522 85 20 (Casier);
3401 2526 8 13 3

2884 2544 97 18 intermezzi
2995 2544 81 21 (Jaooe).

2907 2571 21 13 so
2943 2566 18 18 h.
2975 2571 21 16 45
3007 2571 5 13 :
3028 2566 32 19 Les
3074 2566 92 20 Puritains,
3182 2565 103 19 mélodrame
3297 2570 22 14 en
3333 2570 12 16 4
3358 2566 52 17 actes.

3471 622 182 49 TOUTE!

3471 680 109 47 VOS
3611 678 200 50 SOURIS^

3473 737 63 44 EN
3583 739 103 45 UNE
3733 740 115 46 NUIT

3513 799 26 24 Si
3550 799 66 28 Rats,
3639 800 86 25 Sourit
3751 806 27 20 et
3805 802 91 26 Mulali

3512 834 137 25 détruisant
3657 844 45 16 vot
3709 841 143 24 provision,
3862 846 33 16 ou

3513 871 112 21 fouillent
3636 879 45 15 vos
3692 872 120 27 allmants,
3822 874 62 22 ache-

3512 908 40 19 tés
3560 905 32 23 du
3601 905 81 24 Ratas.
3691 906 73 24 Ratas
3774 907 52 23 lora
3834 915 63 20 pour

3510 946 63 16 vous
3582 947 31 16 ca
3627 940 58 27 qu'il
3692 949 15 15 a
3717 941 44 24 fait
3770 950 62 19 pour
3842 946 54 21 tant

3510 973 109 25 d'autras
3628 983 8 15 :
3654 975 15 23 Il
3686 984 62 15 vous
3766 977 117 23 débarras-

3511 1015 55 14 sera
3586 1009 192 24 définitivement
3802 1010 32 24 da
3852 1019 45 17 vol

3508 1046 59 23 rats,
3577 1047 80 20 souris
3666 1048 27 20 at
3707 1045 89 24 mulots
3805 1054 31 16 en
3847 1055 48 16 un*

3508 1078 59 21 nuit.
3575 1077 73 24 Ratas
3655 1082 78 24 opéra
3742 1088 97 16 coitima
3850 1088 45 21 pal*

3548 1115 82 24 magie
3647 1117 27 20 at
3698 1117 74 21 coûte
3798 1123 56 20 peu.

3546 1159 139 26 Achatez-en
3711 1163 56 23 chas
3794 1168 63 20 votre

3544 1187 116 29 Droguiste
3671 1199 28 15 ou
3711 1191 142 25 Pharmacien

3465 1220 140 29 Dépositaire
3625 1233 7 15 .-
3653 1225 95 25 Maison
3767 1228 166 27 Melndertma

3466 1257 14 17 ■*>
3480 1257 13 17 5
3494 1268 5 7 -
3518 1257 12 17 R
3532 1263 22 12 "«
3575 1258 24 19 4.
3620 1258 103 21 D.n.m.rk.
3741 1262 27 18 39
3850 1265 84 19 Bru..»..

3569 1341 263 26 MONT-THABOR

3464 1374 94 24 Abbaye
3572 1375 27 19 de
3613 1375 162 19 Marche-ies-i.
3779 1379 78 18 -aines,
3870 1373 95 21 Institut

3440 1399 23 19 ir
3483 1403 74 19 repos,
3575 1400 75 22 grand
3667 1400 35 20 air
3719 1401 24 19 et
3758 1400 206 19 suralimentation

3439 1428 55 19 pour
3518 1424 97 20 fillettes
3637 1426 23 18 et
3682 1425 82 23 Jeûnas
3786 1424 62 20 filles
3870 1424 94 21 d-sbllea.

3438 1450 47 18 S!t°
3505 1449 117 19 ravissant
3643 1448 53 22 près
3715 1449 90 20 Vamur
3830 1449 62 21 Pour
3911 1451 53 18 tous

3441 1474 200 21 renselEnementa
3654 1474 129 21 s'adresser
3796 1473 13 21 ti
3826 1475 22 20 la
3865 1475 101 18 l'Heure.

3538 1520 23 19 Si
3579 1522 54 14 votis
3651 1519 77 18 voulss
3745 1520 35 16 ail-
3789 1524 10 13 r
3815 1523 47 15 aux

3565 1541 114 19 GORGES
3698 1541 39 19 DC
3755 1542 80 18 TARN

3632 1567 78 19 passez
3730 1568 39 18 par

3599 1585 203 20 ROCAMAUOCB

2903 2620 34 18 L«s
2952 2621 95 20 paquebots
3062 2620 22 18 dt
3099 2620 17 18 la
3132 2619 107 22 "Compapile
3252 2619 90 19 Maritime
3359 2619 52 22 Belge

2882 2642 62 21 (L'oyd
2961 2643 64 20 Royal)
3044 2642 17 21 S.
3079 2642 21 18 A.
3118 2641 107 19 mentionnés
3243 2642 92 17 ci-dessous
3353 2643 58 16 icront

2884 2669 20 13 en
2918 2664 144 18 communication
3076 2669 31 16 par
3120 2664 34 18 T.S
3162 2663 26 21 F.,
3202 2664 16 18 le
3232 2663 81 18 mercredi
3329 2667 9 15 I
3338 2664 20 13 M
3371 2662 38 22 Juin

2884 2691 48 16 19712.
2947 2691 42 13 avec
3003 2687 24 17 les
3041 2686 73 18 stations
3126 2685 72 20 côtières
3212 2685 73 21 ci-après
3294 2689 5 13 :

2904 2708 100 18 Albertville
3024 2710 18 16 et
3062 2707 129 18 ElisabclhviUe
3213 2707 94 21 (Bruxelles
3326 2705 64 22 Radio)
3402 2711 5 16 ;

2883 2730 87 21 Thysville
2985 2730 73 20 (Anvers
3071 2729 73 20 Radio).

2884 2802 45 21 Cse
2943 2801 85 24 départ
3041 2801 16 20 k
3070 2801 71 21 céder
3154 2801 32 24 pi.
3199 2800 212 21 ADMIK.-DEIE-

2884 2822 64 25 GTJÊ
2958 2827 60 19 dans
3028 2827 45 19 aff.
3083 2827 33 18 1*'
3127 2825 49 21 ord.
3188 2825 66 21 Gros.
3264 2825 54 20 Dét.
3328 2826 83 19 Bonne

2884 2852 80 20 situât
2979 2852 53 19 Bail
3048 2852 13 19 8
3076 2856 21 15 a.
3111 2851 76 24 Loyer
3200 2856 66 14 couv.
3282 2851 127 19 Situation:

2884 2877 50 20 doit
2950 2877 128 25 reprendre
3094 2875 168 25 participation
3278 2876 31 20 fr.
3327 2875 85 20 260.000

2884 2901 87 21 cédant
2985 2903 64 19 reste
3064 2901 115 21 intéressé
3196 2901 31 20 fr.
3243 2901 92 20 240.000.
3352 2901 59 19 Mise

2884 2932 31 15 au
2931 2932 63 17 cour.
3009 2927 46 19 fac.
3069 2926 102 20 Curieux
3186 2927 23 19 et
3225 2926 92 20 lnterm.
3332 2926 78 19 t'abat.

2885 2952 70 20 Meill.
2969 2950 44 21 réf.
3027 2952 54 20 Ecr.
3096 2951 27 20 G.
3137 2952 23 20 S.
3172 2951 27 21 V.
3215 2951 32 24 82,
3262 2951 43 25 Ag.
3320 2951 91 20 Kossel.

3336 2976 73 22 (2531)

2888 3058 172 38 IXELLES
3077 3057 134 39 SALLE
3226 3058 52 37 DE
3292 3056 119 39 BAINS

2886 3120 76 23 Types
2982 3119 108 24 garantis
3111 3119 46 23 875,
3177 3119 65 22 1,050,
3260 3118 65 22 tABO,
3345 3118 65 23 9,650.

2887 3145 24 18 12
2926 3144 78 23 pièces
3019 3148 58 15 avec
3092 3144 67 19 distr.
3175 3144 104 23 Rénova,
3294 3143 56 20 bain
3367 3144 34 18 Bu

2886 3169 76 21 dénis,
2976 3169 64 20 solde
3053 3169 69 20 W.-C.
3135 3169 45 21 250,
3193 3169 84 20 lavabo
3291 3169 44 20 150.
3348 3169 60 19 bidet

2888 3195 42 20 195.
2944 3194 53 19 bain
3010 3194 45 21 4£0,
3067 3193 65 20 évier
3144 3194 33 20 90.
3190 3203 26 6 —
3229 3193 82 20 Usine:
3324 3194 33 20 58.
3370 3198 41 15 rue

2886 3219 29 20 de
2931 3218 176 24 l'Arbre-Bénlt,
3124 3218 89 20 Ixelles.
3230 3220 12 18 5
3261 3224 20 19 p.
3297 3223 20 15 c
3333 3219 29 19 de
3379 3224 25 15 re-

2887 3245 57 19 mise
2961 3244 83 24 jusque
3061 3244 36 20 fin
3113 3244 108 24 courant.

3459 1628 156 20 Rocamadour
3636 1629 38 27 qui
3695 1629 58 23 joint
3773 1629 15 19 à
3810 1633 25 15 ia
3856 1628 109 21 situation

3436 1651 152 19 merveilleuse
3605 1651 22 20 et
3642 1655 14 15 a
3672 1656 40 14 son
3730 1651 125 24 pèlerinage
3872 1651 92 23 oâlèbr»,

3436 1673 19 18 le
3480 1672 106 25 privilège
3609 1673 70 19 d'être
3703 1677 30 15 un
3757 1673 109 19 excellent
3890 1673 75 19 centre

3435 1695 139 19 d'excursion
3592 1695 57 19 dans
3668 1695 19 19 le
3705 1696 168 24 Haut-Quercy,
3893 1696 34 19 est
3944 1694 21 21 la

3435 1717 100 19 meilleur
3550 1717 61 24 point
3626 1718 26 18 de
3669 1717 79 24 départ
3763 1722 54 19 pour
3833 1722 29 14 un
3880 1721 85 19 voyage

3434 1744 45 14 aux
3494 1739 84 22 Gorges
3592 1739 30 20 du
3636 1740 67 19 Tarn.
3718 1740 35 18 Un
3768 1739 112 20 ensemble
3894 1739 27 20 de
3935 1738 21 21 si-

3434 1762 35 18 tes
3489 1762 148 23 pittoresques
3657 1762 52 19 relie
3729 1766 27 14 en
3776 1762 58 19 effet
3854 1762 19 19 le
3892 1761 74 20 Haut*

3434 1784 86 23 Qu^rcy
3539 1784 15 19 à
3572 1784 59 19 cette
3649 1784 76 23 région
3745 1784 19 19 si
3784 1783 101 20 curieuse
3903 1784 23 20 et
3945 1785 20 18 le

3433 1805 80 19 circuit
3531 1805 90 19 ramène
3641 1805 19 20 le
3679 1810 114 19 voyageur
3811 1810 41 19 par
3869 1806 19 19 le
3908 1806 57 19 beau

3436 1832 54 19 pays
3506 1828 26 18 de
3548 1828 129 22 l'Albigeois
3693 1829 22 18 et
3731 1827 28 20 du
3776 1828 124 23 Rouergue.

3459 1851 31 17 Ixi.
3510 1854 85 19 voyage
3616 1854 81 19 pourra
3717 1855 24 14 se
3761 1851 58 19 faire
3838 1849 128 24 également

3435 1877 26 14 en
3474 1872 12 19 6
3501 1872 62 22 jours
3579 1876 40 19 par
3633 1877 30 14 un
3677 1872 80 19 circuit
3772 1873 116 19 d'autocar
3903 1873 52 20 fonc-

3435 1895 102 17 tionnant
3552 1894 29 19 du
3596 1895 12 18 5
3622 1894 48 23 juin
3684 1899 30 14 au
3730 1894 23 19 13
3767 1894 125 23 septembre
3907 1894 57 23 1932;

3433 1921 26 15 ce
3473 1916 80 19 circuit
3569 1917 123 23 permettra
3707 1917 140 19 notamment
3862 1917 22 19 la
3900 1917 65 19 visite

3434 1939 29 18 du
3483 1939 94 19 Gouffre
3596 1939 27 18 de
3641 1938 103 20 Padirac.
3763 1939 27 18 de
3810 1939 108 22 Conques,
3937 1938 28 20 da

3434 1961 23 18 la
3477 1961 71 19 vallée
3569 1962 28 18 du
3619 1961 49 21 Lot,
3689 1961 39 18 des
3749 1959 85 24 Go*rges
3854 1963 29 17 du
3905 1961 61 19 Tarn

3434 1983 63 19 entre
3515 1983 174 19 Sainte-EnirAle
3707 1984 23 18 et
3747 1983 28 20 Le
3795 1983 85 21 Rozier,
3899 1983 26 20 de
3942 1984 24 19 la

3434 2006 78 18 Grotte
3530 2006 27 18 de
3576 2005 79 19 l'Aven
3673 2005 108 21 Armand,
3800 2005 26 19 de
3846 2006 76 19 Millau
3942 2006 24 19 et

3434 2028 149 23 St-Affrique,
3608 2028 80 21 d'Albi,
3713 2028 26 18 de
3763 2027 152 20 Vlllefranche
3938 2028 28 19 de

3435 2051 118 21 Rouergue
3562 2057 4 4 -
3574 2050 24 19 et
3620 2050 92 21 Cahors,
3736 2049 38 19 des
3797 2049 77 20 décors
3896 2050 58 19 chan-

3434 2073 80 22 geants
3534 2072 29 19 du
3584 2076 123 18 panorama
3727 2072 137 19 d'Amblalet
3883 2073 23 18 et
3925 2072 41 19 dei

3435 2094 82 19 vallées
3533 2094 29 19 du
3579 2093 42 20 Lot
3636 2095 22 18 et
3675 2094 28 19 du
3720 2094 58 19 Celé.

3460 2117 53 18 Prix
3539 2117 27 18 de
3591 2118 115 21 transport
3733 2121 55 19 pour
3812 2117 21 18 le
3858 2119 108 20 parcours

3434 2139 96 23 complet
3550 2143 6 14 :
3574 2139 37 19 445
3628 2139 29 18 fr.
3678 2138 155 23 (Supplément
3850 2138 27 19 de
3895 2139 22 18 12
3934 2138 30 19 fr.

3434 2165 54 19 pour
3502 2161 19 19 le
3535 2161 69 22 trajet
3618 2166 27 14 en
3660 2161 84 23 barque
3757 2161 27 19 de
3798 2161 22 18 la
3834 2161 86 18 JUalène
3934 2164 31 15 an

3435 2183 76 23 cirque
3537 2183 39 19 des
3602 2184 105 19 Baume).
3734 2183 111 19 Parcours
3871 2182 94 24 partiels

3433 2205 103 22 acceptés
3553 2206 57 18 dans
3626 2205 22 18 la
3666 2209 86 15 mesure
3770 2205 40 21 des
3828 2205 73 24 places
3919 2205 35 19 dis-

3433 2226 100 25 ponibles
3550 2231 45 15 aux
3614 2227 84 23 étapes.

3457 2250 59 18 Pour
3530 2249 192 22 renseignements
3736 2249 23 19 et
3773 2249 81 21 billets,
3868 2249 86 19 s'adres-

3433 2276 37 13 ser
3486 2272 139 18 notamment
3644 2276 6 14 :
3666 2276 46 14 aux
3728 2272 101 22 Agences
3845 2271 27 19 de
3888 2271 22 19 la
3925 2270 40 20 Cla

3433 2294 117 19 d'Orléans
3573 2294 29 20 16,
3626 2293 120 19 boulevard
3769 2294 39 18 des
3831 2293 133 23 Capucines,

3433 2316 23 19 et
3470 2316 41 21 126,
3527 2316 120 18 boulevard
3662 2316 92 23 Raspail
3768 2320 29 14 ou
3811 2316 14 18 à
3840 2316 22 19 la
3877 2315 88 19 Maison

3433 2339 26 17 de
3476 2339 93 21 France,
3586 2338 41 21 101,
3644 2342 86 15 avenue
3747 2338 38 19 des
3801 2338 153 23 Champs-Ely-

3433 2360 56 21 sées,
3508 2360 14 18 k
3540 2360 75 21 Paris;
3635 2365 45 14 aux
3699 2360 133 23 principales
3850 2364 66 19 gares
3933 2363 31 15 an

3433 2382 79 18 réseau
3531 2382 127 22 d'Orléans;
3676 2382 15 19 à
3709 2383 29 19 M.
3758 2382 60 22 Lalo,
3837 2382 15 19 à
3869 2381 96 20 Gramat

3434 2409 27 14 ou
3478 2404 15 18 à
3509 2404 220 23 Rocamadour-gnre
3749 2405 60 19 (Lot)
3816 2409 6 17 ;
3841 2408 46 15 aux
3905 2404 47 23 prin-

3433 2426 68 23 cipes
3520 2428 101 21 Agences
3638 2427 26 18 de
3682 2427 111 22 Voyages.

3458 2448 60 19 Pour
3541 2448 50 23 plus
3615 2448 86 23 amples
3725 2448 192 24 renseignements
3941 2448 25 20 et

3434 2471 65 18 vente
3519 2471 39 18 des
3577 2471 82 21 billets,
3680 2471 124 18 s'adresser
3822 2475 30 14 au
3873 2471 91 18 Bureau

3434 2493 108 19 Commun
3564 2493 39 18 des
3624 2493 105 19 Chemins
3750 2493 27 19 de
3798 2493 37 19 fer
3855 2492 109 23 français,

3433 2515 29 22 25,
3480 2514 121 20 boulevard
3616 2515 100 24 Adolphe
3731 2515 60 22 Max,
3807 2515 16 19 à
3838 2515 126 20 Bruxelles,

3481 2571 132 19 CHEMINS
3636 2572 38 17 DE
3696 2572 58 17 FER
3775 2571 39 19 DE
3835 2571 83 19 L'EST

3492 2593 73 21 Paris,
3583 2593 22 19 le
3624 2594 44 18 T.ac
3687 2594 88 22 Majeur
3792 2594 24 19 et
3835 2594 69 18 Milan

3562 2620 42 18 par
3627 2616 22 18 le
3674 2616 158 22 Loetsohberg.

3456 2659 21 18 A
3498 2658 71 24 partir
3589 2658 30 19 du
3640 2658 24 19 22
3684 2658 45 19 mai
3750 2659 53 21 1932,
3825 2658 23 19 la
3867 2658 98 19 relation

3433 2680 76 24 rapide
3527 2682 24 17 d-e
3568 2680 51 23 jour
3635 2681 64 18 entre
3717 2681 65 19 Paris
3799 2681 23 18 et
3838 2680 71 19 Milan
3925 2680 40 19 via

3432 2703 151 22 Loetschberg
3598 2702 146 23 comprendra
3759 2703 33 18 les
3806 2703 57 18 trois
3878 2702 87 20 classes

3432 2725 60 19 tout:
3511 2725 98 21 l'année;
3627 2725 29 18 du
3674 2725 24 18 22
3714 2725 45 18 mal
3775 2725 15 18 à
3806 2725 85 19 l'heure
3907 2724 48 20 d'hi-

3433 2751 44 18 ver,
3494 2747 39 18 des
3549 2747 99 18 voitures
3663 2747 96 20 directes
3773 2747 27 19 de
3815 2747 76 19 toutes
3906 2746 48 20 clas-

3433 2774 36 13 ses
3490 2769 134 18 circuleront
3645 2769 62 19 entre
3729 2769 154 20 Paris-Milan.

3456 2791 30 19 Le
3502 2791 79 23 départ
3596 2791 26 19 de
3638 2791 65 18 Parla
3718 2795 52 15 sera
3784 2791 48 19 fixé
3847 2792 14 17 à
3876 2792 13 17 9
3903 2791 21 18 h.
3941 2791 23 18 40

3433 2819 25 12 en
3475 2813 37 19 été
3527 2814 24 18 et
3566 2814 14 18 à
3595 2814 12 18 8
3622 2813 22 20 h.
3661 2813 24 19 00
3699 2817 28 14 en
3743 2813 70 22 hiver,
3831 2813 102 18 l'arrivée
3949 2812 17 19 B

3433 2835 72 19 Berne
3520 2835 15 19 à
3551 2835 23 19 17
3589 2835 22 20 b.
3627 2835 30 21 45,
3672 2835 15 19 k
3703 2835 78 19 Stresa
3796 2836 14 17 k
3826 2836 23 17 22
3865 2836 21 18 h.
3904 2836 29 20 15,
3949 2834 16 19 à

3434 2858 76 17 Arona
3525 2857 20 18 k?
3555 2857 24 18 22
3595 2857 22 19 h.
3634 2857 31 20 34.
3682 2857 14 19 à
3713 2857 69 19 Milan
3798 2857 16 19 à
3830 2857 23 19 23
3869 2857 22 19 h.
3908 2856 31 20 50.

3459 2880 33 17 "n
3512 2883 52 14 sens
3583 2879 88 18 Inverse
3690 2883 28 14 en
3738 2879 92 23 partant
3848 2879 28 18 de
3894 2879 71 19 Milan

3434 2902 14 18 k
3463 2901 13 19 7
3491 2901 23 19 h.
3532 2901 30 22 00,
3582 2902 97 17 d'Aror.a
3696 2901 15 18 à
3727 2901 13 19 8
3755 2901 23 19 b.
3795 2901 30 23 29.
3842 2901 28 19 da
3886 2901 79 19 Stresa

3433 2924 15 18 k
3459 2923 13 19 8
3483 2923 21 19 h.
3517 2923 30 22 49,
3560 2923 27 19 de
3599 2924 72 18 Berne
3683 2923 15 19 à
3710 2923 22 19 13
3744 2923 23 19 h.
3779 2923 29 19 45.
3822 2928 28 14 on
3862 2923 102 20 arrivera

3434 2945 14 19 à
3464 2945 66 19 Paris
3546 2946 14 17 à
3578 2946 22 18 21
3617 2946 21 18 h.
3656 2946 24 17 50
3697 2950 25 13 en
3741 2946 35 17 été
3793 2946 22 17 et
3831 2946 15 18 à
3862 2946 23 18 21
3902 2946 21 18 h-
3942 2945 22 19 10

3434 2972 27 14 en
3477 2967 71 20 hiver.

3455 2990 61 18 Pour
3534 2989 52 19 tous
3605 2989 192 23 renseignements
3816 2988 137 24 complémen-

3433 3011 76 21 taires,
3526 3011 124 19 s'adresser
3664 3011 16 19 à
3696 3011 23 19 la
3735 3012 58 18 Gare
3809 3011 27 20 de
3851 3011 65 22 l'Est,
3933 3016 32 14 au

3436 3034 90 18 Bureau
3552 3034 39 18 des
3617 3034 201 22 Renseignements
3846 3034 115 19 (Botsarls

3433 3056 65 19 49-90)
3522 3060 28 15 ou
3572 3060 30 14 au
3624 3056 90 18 Bureau
3736 3056 27 19 de
3791 3056 116 19 Tourisme
3936 3055 29 20 da

3434 3078 87 18 l'Union
3538 3078 119 18 Nationale
3675 3078 38 19 des
3730 3078 101 23 Agenoes
3847 3079 28 19 de
3889 3079 75 22 Voya-

3435 3100 103 23 (Elysées
3555 3101 58 18 78-22
3629 3101 25 18 et
3671 3100 42 20 23).

3457 3222 60 37 LA

3533 3193 17 8 .
3579 3172 239 32 PROPAGEZ

3546 3223 196 35 NATION
3771 3221 169 38 BELGE

2892 3310 51 87 r

3006 3378 425 91 MALADIES
3472 3382 47 91 II
3560 3378 299 91 FEMME

3433 3505 67 29 LA
3541 3498 247 35 MÉTRITE

3325 3550 77 21 Toute
3424 3551 89 20 femme
3536 3551 59 20 dont
3619 3551 36 20 les
3673 3551 77 24 règles
3768 3550 54 21 sont
3840 3550 54 20 îrré-

3299 3575 102 25 gullères
3422 3576 25 20 et
3467 3576 176 22 douloureuses,
3662 3580 80 16 secoua
3745 3574 103 26 nagnées
3866 3575 29 20 de

3299 3600 115 25 Coliques,
3434 3601 71 19 Maux
3524 3601 29 20 de
3572 3601 23 19 R
3600 3601 57 22 elns,
3693 3605 108 15 aouie\.-*
3835 3600 60 20 dans

3300 3625 22 20 le
3345 3625 144 23 bas-ventre;
3515 3625 58 20 celle
3599 3626 40 24 qui
3670 3627 37 19 est
3737 3626 87 23 sujette
3848 3630 47 15 aux

3299 3651 83 20 Pertes
3423 3651 119 23 blanches,
3563 3655 52 16 aux
3643 3650 175 25 Hémorragies,
3848 3655 48 15 aux

3298 3676 73 20 Maux
3393 3676 140 21 d'Estomac,
3558 3675 36 20 Vo
3600 3676 158 23 mlssements,
3782 3675 112 24 Renvois,

3299 3701 120 24 Aigreurs,
3456 3701 102 24 Manque
3600 3700 125 26 d'Appétit,
3753 3705 47 16 aux
3827 3699 68 21 Idées

3300 3726 84 22 noires,
3409 3726 51 20 doit
3481 3726 111 20 craindre
3619 3726 24 20 la
3657 3725 102 21 Métiite.

3323 3757 36 20 La
3389 3757 98 21 Femme
3517 3757 107 21 atteinte
3641 3758 29 20 de
3688 3759 23 18 M
3714 3758 10 19 é
3727 3758 29 19 tri
3759 3758 23 19 te
3799 3756 97 26 guérira

3299 3781 122 22 sûrement
3440 3787 30 16 en
3490 3776 92 27 faisant
3600 3787 74 20 usage
3690 3783 29 20 de
3733 3783 24 19 la

2966 3838 667 79 JQUVENCEdelABBE
3656 3836 237 79 SOURY

3000 3942 33 21 Le
3050 3942 94 21 remède
3161 3942 37 20 eat
3215 3941 123 21 Infaillible
3354 3939 16 22 à
3408 3941 25 20 la
3440 3940 121 21 condition
3571 3941 57 24 qu'il
3638 3940 47 21 soit
3697 3940 105 24 employé
3813 3941 54 20 tout
3877 3940 23 21 le

2972 3967 77 24 temps
3065 3966 140 21 nécessaire.

2999 4006 35 20 La
3064 4005 165 22 JOUVENCE
3256 4005 31 21 de
3317 4003 81 22 l'Abbé
3423 4004 101 20 SOUBT
3550 4004 48 21 fait
3621 4004 119 21 merveille
3765 4005 83 20 contra
3872 4004 25 20 la

2972 4031 101 22 Métrite,
3096 4035 71 20 parce
3189 4030 83 24 qu'elle
3294 4030 37 20 est
3352 4028 125 25 composée
3495 4029 28 20 de
3539 4029 93 24 plantes
3649 4028 115 25 spéciales
3781 4030 75 24 ayant
3871 4029 25 20 la

2971 4055 119 25 propriété
3108 4056 28 20 de
3152 4055 61 21 faire
3229 4054 101 21 circuler
3344 4053 22 21 le
3380 4059 66 20 sang,
3465 4054 29 20 de
3513 4053 210 25 décongestionner
3740 4054 35 21 lea
3793 4059 102 20 organe,

2971 4081 105 20 malades
3094 4085 28 16 en
3140 4080 77 20 même
3234 4081 77 22 temps
3327 4078 83 25 qu'elle
3425 4079 34 20 Iôs
3473 4079 116 20 cicatrise.

2997 4120 34 19 La
3046 4118 163 21 JOUVENCE
3223 4118 30 20 de
3268 4117 99 21 l'ABBE
3387 4116 102 21 SOUBT
3509 4118 37 19 est
3563 4117 22 20 le
3604 4117 137 24 régulateur
3759 4118 41 20 dea
3819 4117 77 25 règlea

2969 4149 43 19 par
3031 4144 130 20 excellence
3179 4144 25 19 et
3220 4143 79 19 toutes
3316 4142 35 20 les
3366 4143 100 19 femmes
3481 4142 95 20 doivent
3589 4147 29 15 en
3632 4143 61 19 faire
3707 4147 73 20 usage
3793 4141 17 21 à
3823 4142 64 20 Inter-

2973 4169 72 20 valles
3060 4168 114 24 réguliers
3186 4172 60 20 pour
3260 4166 109 25 prévenir
3379 4168 24 18 et
3413 4166 89 24 guérir:
3516 4167 123 24 TitTnewra,
3649 4167 110 24 Cancers,
3769 4167 130 23 Fibromes,

2973 4194 134 20 Mauvaises
3121 4193 75 20 sui*es
3211 4192 29 20 de
3256 4192 113 22 Oouches,
3383 4192 174 23 Hémorragies.
3570 4192 82 19 Pertes
3665 4192 119 23 blanches,
3797 4192 102 23 Varices,

2973 4218 166 20 Hémorroïdes
3146 4233 7 9 ,
3173 4217 125 23 Phlébite»,
3325 4216 128 24 Faiblesse.
3473 4216 185 23 Neurastbénie;
3678 4216 83 21 contre
3784 4217 33 20 iee
3838 4216 52 21 acci-

2974 4243 69 20 dents
3061 4243 32 20 du
3111 4242 89 20 Retour
3216 4241 83 24 d'Age:
3319 4241 120 24 Chaleurs,
3459 4241 115 24 Vapeurs,
3595 4241 185 25 Etouffertemts,
3800 4242 45 20 «ta

2997 4274 21 20 11
3035 4275 36 20 est
3089 4274 46 20 bon
3152 4274 28 19 de
3197 4273 61 20 faire
3275 4273 91 23 chaque
3381 4273 55 23 jour
3445 4286 5 4 ■
3455 4272 40 20 des
3515 4272 126 24 Injections
3660 4277 58 16 avec
3737 4272 159 21 l'HTGIEXl-

2973 4300 74 18 TI.NE
3064 4298 43 20 dea
3123 4297 113 21 DAMES.
3251 4298 35 20 La
3303 4296 63 22 boita
3383 4302 6 15 :
3404 4296 47 21 8.50
3463 4297 82 21 francs
3559 4297 86 25 belges.

2998 4337 35 20 La
3049 4336 164 21 JOUVENCE
3228 4336 30 21 de
3273 4335 82 21 l'Abbé
3374 4335 110 24 SOUBY,
3513 4335 113 26 préparée
3655 4341 48 16 aux
3730 4336 167 21 Laboratoire*

2973 4362 63 24 Mag.
3055 4362 193 22 DUMONTIER,
3267 4360 16 21 à
3300 4361 84 20 Rouen
3403 4360 123 25 (France),
3543 4366 27 15 se
3587 4361 84 21 trouve
3689 4362 60 20 dans
3767 4363 78 19 toutes
3861 4362 35 21 lea

2973 4388 157 18 Pharmacies.
3715 4398 9 12 ,

3339 4417 99 24 Liquide

3339 4442 88 20 Pilules

3028 4432 76 19 PRTX
3124 4436 7 15 :
3149 4431 22 21 le
3189 4432 79 19 flacon

3495 4432 58 20 14.50
3569 4432 83 20 franc*
3668 4432 79 24 belge*

2998 4498 59 20 Bien
3072 4498 79 24 exiger
3165 4497 24 21 la
3202 4497 115 21 véritable
3330 4497 167 22 JOUVENCE
3515 4498 31 21 de
3564 4498 81 21 l'Abbé
3664 4498 102 21 80UBT
3785 4498 41 24 qui
3845 4497 52 21 doit

2973 4524 80 23 porter
3069 4523 22 20 le
3106 4522 102 25 portrait
3223 4522 30 20 de
3268 4521 81 22 l'Abbé
3370 4523 102 20 SOUBY
3486 4523 26 21 et
3524 4523 25 21 la
3562 4523 123 24 signature
3699 4523 63 25 M»g.
3778 4523 110 20 DUMON-

2974 4548 74 19 TIER
3062 4552 30 15 en
3105 4551 79 20 rouge.

3023 4583 105 23 AUCUN
3148 4583 100 23 AUTRE
3271 4584 138 24 PRODUIT
3429 4584 42 24 NE
3492 4585 80 23 PEUT
3595 4585 36 23 LA
3656 4584 187 24 REMPLACER

157 4728 30 21 Zn
201 4735 13 15 <
227 4730 91 21 Kmtltsa
332 4730 76 27 Belge
421 4735 16 16 *
448 4730 36 22 «Isa
494 4731 45 22 Isr
548 4730 57 27 jazh.
615 4731 68 21 1932.

179 4793 80 59 Le
284 4794 383 60 Candélabre

276 4872 65 44 du
368 4870 200 59 Temple

322 4949 47 24 par
381 4942 96 25 DELL
477 4941 32 26 Y.

198 5017 32 6 —
248 5008 64 26 Allez
332 5011 50 26 rite
399 5013 117 30 piréçarer
534 5018 34 18 -sa
587 5011 91 26 cordial

165 5044 63 22 pour
237 5043 58 20 cette
303 5047 84 20 tetan*
404 5043 93 30 Stàzer,
506 5047 27 21 «t
540 5050 64 24 pour
612 5043 68 26 Mme

166 5069 31 23 de
215 5068 113 28 Hakenao
344 5075 42 30 qui
402 5082 19 18 t
435 5074 41 27 tké
491 5075 66 25 anssi
573 5075 52 25 uH
640 5074 30 26 ef-

167 5100 92 29 frayée,
277 5103 103 27 oritxoLx
396 5106 25 26 \e
437 5107 105 31 primas,-

199 5132 66 24 Mme
285 5132 81 28 S'ilzer
382 5145 27 18 «
428 5139 59 25 Uz*
504 5138 99 32 tttibtir,
621 5146 48 24 pen-

164 5165 60 22 dant
245 5171 47 22 que
313 5164 101 30 livrât»
434 5170 155 27 htrttrktUmit
609 5170 71 32 Siep-

163 5196 54 23 bert
230 5195 60 24 dans
303 5195 23 25 le
338 5199 57 27 -petit
405 5201 97 30 pmUiir,
513 5201 35 27 eà
560 5202 19 25 »
591 5201 90 32 déptm

163 5227 91 24 Rachel
269 5234 43 17 sur
326 5235 27 17 ia
366 5230 79 28 chais*
457 5234 95 31 longue.

197 5259 113 30 Myriam,
333 5259 55 25 d'un
415 5269 66 23 geste
510 5265 113 31 MsiwO.
643 5265 36 27 M

162 5298 95 22 aian-;a
273 5298 32 16 un
325 5289 105 29 fauteaif
438 5296 29 25 M
482 5297 25 25 J»
522 5298 118 26 remetda.
655 5303 26 21 et

162 5324 80 23 t'assit
259 5322 55 31 pré»
330 5322 30 25 de
376 5323 94 33 Kaefcel,
484 5329 59 26 .foet
558 5329 18 26 ït
590 5330 50 31 frit
654 5330 26 26 b

161 5355 75 29 petite
252 5354 65 24 main
332 5355 99 30 maigre.

194 5398 32 7 —
246 5385 70 26 Vous
336 5386 65 25 voila
420 5387 55 26 Mea
493 5393 127 27 tretoœii'jie
640 5393 40 29 ici,

161 5422 163 25 maintenant;
343 5418 16 24 il
377 5418 53 26 faut
446 5427 61 20 rocts
521 5416 91 35 ednter
627 5431 53 20 tout

161 5449 16 24 i
199 5449 54 29 hit,
273 5457 40 17 mz
333 5449 72 26 chère
426 5451 92 32 enfant,
536 5455 63 27 4it4l
619 5464 61 20 avee

162 5481 113 29 douceur,
297 5489 31 17 en
352 5488 152 25 remarquant
525 5486 37 26 les
582 5489 98 27 sot/bte-

162 5517 66 20 était
247 5520 109 18 nerveux
373 5514 42 31 qui
433 5515 117 30 agitaient
565 5519 27 25 te
605 5520 75 32 petite

163 5542 60 28 itï.t.
239 5544 34 28 £t
289 5552 48 19 une
353 5551 71 21 autre
441 5546 56 29 foi»,
512 5548 18 26 îl
546 5556 33 20 ac
594 5552 86 27 httdf»

705 4731 56 31 pis»
776 4729 75 26 sortir
867 4733 81 21 tontes
963 4730 63 26 deux
1043 4740 56 17 sans
1116 4733 51 25 être
1184 4741 41 18 ac-

705 4761 166 32 compmgnécs.

738 4793 114 31 Myriam,
867 4792 103 31 occupée
986 4793 16 25 k
1018 4795 95 26 enlever
1127 4797 24 25 le
1167 4797 56 25 cha-

704 4832 64 25 peaa
786 4825 31 26 de
836 4832 28 18 sa
883 4832 72 21 tœur,
973 4825 54 25 leva
1045 4827 35 24 les
1098 4836 65 22 yeux
1182 4836 42 19 sur

703 4857 45 26 foi.
768 4876 7 4 .

735 4901 34 7 —
784 4888 39 26 Ce
840 4895 56 18 fEtra
914 4886 142 32 iinpewible,
1073 4891 108 30 Altesse;
1199 4893 25 25 la

705 4925 113 21 servante
833 4920 31 25 de
881 4919 67 25 Mine
964 4919 85 26 Sotzer
1064 4922 102 27 n'aurait
1180 4931 44 24 pas

702 4951 25 26 le
737 4956 86 27 temp-t.

734 4996 34 7 —
784 4984 39 25 La
840 4986 112 22 servante
969 4982 31 25 fie
1018 4983 66 25 Mme
1101 4985 122 28 Sul-ter?...

704 5014 67 27 Mai»
786 5015 29 32 je
833 5021 104 25 suppose
955 5021 47 24 que
1019 5022 61 19 voas
1099 5024 60 18 avez
1177 5027 46 17 une

705 5046 89 26 femme
813 5047 31 25 de
862 5046 114 26 chambre
993 5046 110 26 atttehée
1120 5049 17 25 i
1155 5055 68 20 votre

705 5078 110 26 service?

736 5109 36 26 te
788 5109 61 27 teint
868 5109 88 27 délicat
973 5108 31 27 de
1021 5109 105 31 Uyrban
1145 5113 79 31 rougit

702 5143 68 28 léger
770 5148 87 20 emetit.

734 5191 34 7 —
785 5179 71 26 Xt-ra*
874 5180 103 26 n'avons
996 5186 139 25 personne,,.
1155 5181 69 27 Cette

703 5209 104 32 dépense
822 5211 61 26 était
898 5217 54 20 tout
966 5211 17 26 i
1000 5210 48 26 fait
1063 5211 84 26 inutile
1164 5213 60 26 dans

699 5246 70 21 notre
777 5243 112 29 potKion.
898 5243 61 26 M-an
969 5242 93 27 service
1072 5248 37 21 est
1119 5243 51 27 Ion
1179 5253 45 23 peu

704 5273 140 32 eomp'iqrté,
863 5275 33 26 da
916 5279 72 28 reste,
1006 5278 26 23 et
1071 5275 50 25 moi
1161 5277 63 26 seule

704 5304 121 32 «'•sscBfÊe
839 5306 31 25 de
884 5306 100 27 Sachet

735 5335 112 33 Siegbert
857 5343 42 21 eut
908 5346 34 18 un
956 5338 150 26 froncement
1116 5338 31 27 de
1157 5347 67 19 j-snr-

704 5366 53 28 «ils,

734 5411 35 8 —
775 5399 61 27 Cela
844 5405 58 23 veut
911 5401 54 27 dire
973 5410 47 24 que
1030 5409 61 19 rms
1101 5403 123 26 travaillez

703 5429 124 34 Uatttimp
843 5433 94 31 trop?„,
955 5433 34 28 %t
1006 5434 118 32 pourquoi
1142 5442 83 25 regar-

703 5460 118 29 de&<nms
832 5463 17 26 £
860 5471 74 25 ptryet
945 5465 36 27 les
992 5473 75 25 gages
1080 5466 70 27 d'une
1164 5467 61 26 fem-

704 5500 40 20 me
760 5494 32 26 de
809 5494 119 28 chambre,
946 5496 84 27 E*t--ce
1047 5505 54 24 que,
1119 5506 46 24 par
1182 5498 43 26 h*»-

705 5524 65 30 ssrd,
788 5525 71 27 GieH-i
876 5527 166 33 filgfigerait»,

737 5556 24 25 U
775 5556 171 28 Jiatetremtiit
961 5567 31 19 m
1008 5565 89 23 vev»«
1112 5561 25 27 '»
1152 5562 73 27 teinte

1250 4735 116 31 pourprée
1382 4734 41 30 qui
1439 4734 110 25 couvrait
1564 4735 22 24 le
1601 4735 82 31 visage
1700 4736 30 25 de
1746 4737 24 23 la

1249 4768 73 29 jeune
1338 4766 96 25 femme.

1279 4811 33 7 —
1323 4798 64 29 Non,
1401 4797 70 26 Glotz
1484 4801 36 22 est
1532 4798 111 30 toujours
1656 4800 102 29 parfaite-

1249 4834 65 21 ment
1329 4834 77 24 ejcâct,
1421 4829 91 25 (îit-elle
1526 4837 59 17 avec
1601 4838 32 16 un
1650 4831 109 26 frémisse-

1249 4866 65 20 ment
1328 4862 60 24 dans
1401 4861 25 25 la
1440 4861 64 25 voix

1282 4894 66 24 Mme
1364 4893 85 26 Sulzer
1464 4893 88 24 entrait
1569 4901 29 17 en
1615 4901 28 18 ce
1658 4899 111 24 moment,

1248 4929 25 21 et
1292 4925 106 30 Myriam
1417 4925 66 24 bénit
1502 4932 43 17 son
1564 4925 101 30 arrivée,
1685 4934 42 18 car
1747 4928 22 24 le

1248 4957 83 31 prince
1343 4956 66 25 avait
1421 4957 24 24 la
1457 4956 164 30 physionomie
1634 4958 56 25 d'un
1703 4959 55 25 hom-

1247 4996 39 17 me
1298 4988 95 31 disposé
1404 4988 16 25 i
1431 4995 100 24 pousser
1542 4989 111 30 jusqu'au
1665 4991 57 24 bout
1734 4992 35 24 les

1249 5020 164 31 explications.

1281 5052 105 31 Myriam
1402 5051 32 25 fit
1447 5051 68 25 boire
1529 5052 15 24 i
1559 5060 26 16 sa
1601 5061 64 16 sœur
1678 5054 23 24 le
1716 5062 42 17 cor-

1248 5083 48 26 dial
1308 5084 101 30 préparc
1419 5091 44 23 par
1474 5083 34 26 les
1519 5084 65 24 soins
1596 5085 28 24 de
1637 5086 65 24 Mme
1715 5087 42 25 Sul-

1248 5122 48 18 zer.
1314 5115 115 26 L'enfant
1444 5115 108 25 semblait
1569 5123 26 17 se
1611 5122 109 21 remettre
1737 5126 31 17 un

1248 5153 46 24 peu
1316 5154 8 22 ;
1355 5148 60 24 mais
1433 5154 44 17 son
1494 5148 88 29 regard
1613 5150 94 29 prenait
1722 5158 47 17 une

1249 5178 139 31 expression
1410 5178 95 25 désolée
1526 5179 80 30 quand
1629 5180 17 25 il
1670 5183 99 24 tombait

1248 5217 43 17 sur
1302 5210 23 25 le
1338 5210 96 26 coussin
1448 5210 32 26 où
1493 5210 125 27 s'étendait
1632 5212 126 27 habituelle-

1249 5245 65 21 ment
1328 5242 25 25 la
1368 5249 91 24 pauvre
1473 5242 137 26 Roetzchen.

1279 5285 32 7 —
1324 5274 24 25 A
1362 5274 24 25 la
1401 5274 91 31 grande
1508 5281 71 23 sœur,
1593 5275 147 27 maintenant
1761 5278 7 24 I

1249 5302 36 27 dit
1302 5304 117 32 Siegbert.

1282 5342 21 25 11
1319 5344 49 31 prit
1384 5345 24 24 la
1424 5345 74 30 petite
1515 5345 97 25 assiette
1630 5352 139 25 supportant

1250 5372 22 26 i«
1290 5376 87 25 second
1393 5383 71 19 verre
1481 5381 25 20 et
1523 5376 85 26 l'offrit
1625 5377 16 25 i
1658 5379 111 30 Myriam.

1282 5404 36 28 L»
1333 5406 72 32 jeune
1420 5408 88 25 femme
1524 5408 80 31 rougit
1618 5409 152 31 légèrement.

1281 5448 32 9 —
1332 5437 86 28 C-ltait
1439 5439 119 26 vraiment
1578 5440 90 27 inutile.
1688 5442 30 31 Je
1739 5450 30 17 ne

1251 5467 51 27 sais
1323 5476 45 24 pas
1391 5471 66 26 aussi
1481 5472 213 29 impressionnable
1717 5482 46 18 nue

1251 5499 95 28 Kactel,

1281 5543 23 8 —
1303 5544 11 8 »
1335 5531 147 44 Cependant,
1505 5543 62 18 vous
1589 5537 113 25 tremblez
1727 5545 29 18 en-

1251 5569 62 24 core,
1324 5563 60 28 flNl
1395 5566 114 28 observer
1520 5574 59 20 avec
1590 5575 33 19 un
1635 5570 133 34 coup,d'ceil

1796 4746 40 16 sur
1849 4739 22 23 la
1886 4738 64 24 main
1963 4737 40 31 qui
2018 4738 93 29 prenait
2125 4738 22 25 le
2162 4745 75 18 verre.
2252 4737 64 26 Mais

1796 4777 59 17 vous
1877 4770 50 24 êtes
1949 4777 147 23 courageuse
2118 4773 23 22 et
2162 4777 61 18 vous
2246 4776 70 18 savez

1795 4801 101 30 prendre
1909 4807 42 19 sur
1962 4808 81 18 vous...
2056 4801 158 30 Maintenant,
2225 4801 25 31 je
2264 4801 52 25 vain

1796 4840 37 17 me
1856 4832 87 25 retirer
1966 4840 60 23 pour
2050 4832 91 26 donner
2165 4833 42 25 des
2232 4832 84 26 ordre»

1796 4864 132 25 immédiats
1942 4871 31 18 au
1989 4864 64 30 sujet
2068 4864 29 25 de
2113 4872 43 17 vos
2171 4872 145 24 agresseurs.

1796 4896 186 24 Pourricz-vous
2002 4896 141 31 m'indiquer
2162 4896 16 25 i
2197 4904 45 23 peu
2262 4896 54 31 près

1794 4927 53 24 leur
1868 4927 173 31 signalement?
2071 4928 134 30 ajouta-t-il
2229 4935 29 17 en
2290 4935 26 18 se

1794 4958 87 26 levant.

1827 4990 89 30 Quand
1936 4990 104 31 Myriam
2061 4991 33 25 lui
2118 4995 39 21 eut
2178 4991 95 31 dépeint
2294 4991 22 25 le

1795 5021 81 25 mieux
1887 5022 85 31 qu'elle
1984 5026 42 27 put
2037 5023 35 25 les
2083 5023 63 24 deux
2159 5023 157 27 malfaiteurs,

1795 5053 16 25 il
1831 5053 117 25 demanda
1964 5053 16 25 à
1997 5054 98 28 Rachcl,
2113 5055 58 24 dont
2189 5055 22 24 le
2229 5055 87 30 regard

1795 5085 105 30 profond
1916 5089 24 21 et
1956 5085 96 25 sérieux
2067 5093 31 17 ne
2112 5086 23 24 le
2151 5086 96 30 quittait
2261 5094 55 22 pas:

1825 5129 31 7 —
1872 5117 135 28 Dites-moi,
2023 5117 93 30 enfant,
2130 5125 61 17 vous
2205 5118 111 28 ferais-je

1794 5148 83 30 plaisir
1892 5156 29 17 en
1938 5156 60 17 vous
2014 5149 94 25 offrant
2122 5157 33 16 un
2172 5149 59 30 petit
2247 5150 69 24 chien

1794 5187 61 23 pour
1871 5187 60 18 vous
1947 5180 129 25 distraire?

1813 5224 33 7 —
1845 5211 39 26 Oh
1890 5212 7 24 I
1910 5219 60 17 vous
1982 5211 50 25 êtes
2043 5216 54 26 trop
2109 5213 47 23 bon
2164 5213 6 23 I
2180 5212 35 24 Ce
2223 5220 30 16 ne
2263 5220 53 16 sera

1794 5250 43 23 pas
1855 5243 137 29 Rœtzchen,
2009 5244 61 25 mais
2085 5244 27 30 je
2128 5245 115 23 l'aimerai
2261 5245 55 24 bien

1795 5274 49 26 vite
1857 5275 98 25 autant!

1825 5326 32 5 —
1876 5312 37 26 En
1932 5320 28 17 ce
1979 5321 48 20 cas,
2045 5313 26 29 je
2089 5313 53 24 vais
2161 5313 76 24 écrire
2256 5321 60 23 pour

1795 5351 60 18 vous
1871 5352 30 17 en
1918 5344 63 25 faire
1996 5352 105 23 envoyer
2116 5352 41 18 un.

1828 5382 32 25 Se
1872 5386 114 21 tournant
1997 5390 56 17 vers
2065 5383 112 30 Myriam,
2190 5383 17 25 il
2219 5383 83 32 ajouta
2309 5391 6 18 :

1825 5426 32 6 —
1870 5413 32 26 Et
1916 5414 16 24 il
1947 5422 38 16 me
1997 5414 67 25 vient
2078 5422 47 18 une
2139 5414 59 27 idée.
2212 5415 104 33 Puisque

1795 5452 61 17 vous
1871 5453 32 17 ne
1919 5445 122 31 paraissez
2058 5453 44 24 pas
2118 5446 108 32 disposée
2243 5460 31 8 —
2290 5447 26 33 je

1795 5484 30 17 ne
1841 5477 48 24 sais
1905 5478 116 37 pourquoi
2035 5490 32 7 —
2080 5477 16 26 i
2111 5486 61 18 vous
2186 5479 91 27 donner
2293 5480 23 26 la

1796 5509 141 24 commodité
1956 5509 70 24 d'une
2045 5509 87 26 femme
2149 5510 31 26 de
2197 5511 120 31 chambre,

1795 5547 60 18 vous
1870 5547 38 17 me
1922 5544 142 26 permettrez
2078 5541 30 26 de
2121 5548 62 20 vous
2197 5543 72 26 offrir
2283 5551 32 18 un

1795 5570 71 26 chien
1886 5579 46 23 que
1950 5571 27 32 je
1995 5572 101 32 possède
2117 5573 59 27 dans
2197 5582 40 18 ma
2259 5576 57 26 roii-

2242 5607 9 19 •

2342 4737 74 26 denec
2429 4737 28 25 de
2471 4735 137 26 Gœlbrunn.
2622 4733 65 24 C'est
2700 4739 46 16 une
2758 4730 54 25 bête
2826 4736 28 17 su-

2342 4769 78 32 perbe,
2443 4769 29 23 de
2493 4767 24 24 la
2539 4774 54 16 race
2615 4765 29 23 de
2666 4762 198 27 Saint-Bernard,

2343 4800 169 25 extrêmement
2525 4797 72 25 fidèle
2611 4801 23 20 et
2647 4796 49 25 très
2709 4795 81 27 douce,
2804 4793 61 24 mais

2342 4832 39 31 qui
2398 4840 26 17 se
2439 4835 121 21 montrera
2575 4836 33 16 un
2624 4827 98 25 terrible
2736 4826 128 24 défenseur

2343 4868 23 21 et
2381 4871 32 17 un
2429 4863 74 30 garde
2519 4861 32 24 du
2567 4868 69 22 corps
2652 4860 60 24 dans
2727 4862 79 21 toutes
2821 4864 43 17 vos

2342 4894 163 32 promenades.

2374 4933 90 25 Rachel
2479 4931 97 25 s'écria:

2372 4984 33 6 —
2419 4971 134 30 Justement
2570 4969 105 29 Myriam
2692 4967 71 25 disait
2780 4966 84 26 l'autre

2341 5003 57 30 jour
2412 5003 84 30 qu'elle
2512 5001 73 24 serait
2598 5003 111 22 contente
2724 4998 93 27 d'avoir
2833 5006 31 17 un

2342 5035 70 24 chien
2430 5041 61 23 pour
2509 5034 189 28 l'accompagner
2706 5031 29 26 I...
2755 5031 31 27 Et
2804 5030 60 32 puis,

2342 5067 23 23 la
2376 5066 61 27 nuit,
2449 5073 62 16 nous
2522 5071 76 17 avons
2612 5062 150 32 quelquefois
2774 5071 32 17 un
2819 5070 45 25 peu

2342 5105 66 22 peur,
2425 5104 42 16 car
2482 5097 25 23 la
2521 5096 92 24 maison
2630 5099 36 21 est
2682 5096 54 24 bien
2754 5095 79 26 isolée.

2372 5141 32 6 —
2416 5129 69 23 Vous
2498 5135 75 23 voyez
2586 5127 62 26 donc
2661 5127 130 32 qu'IInmid
2805 5134 60 20 vous

2343 5168 53 17 sera
2415 5160 51 24 fort
2483 5159 65 25 utile.
2566 5159 29 31 Je
2612 5158 53 27 vais
2682 5167 61 18 vous
2759 5160 23 25 le
2802 5159 62 27 faire

2341 5192 134 30 expédier...
2488 5191 64 30 Non,
2567 5198 42 24 pas
2623 5191 29 26 de
2667 5192 197 28 remerciement»,

2341 5224 26 29 je
2380 5230 60 17 vous
2455 5230 29 18 en
2499 5222 51 31 prie
2558 5223 6 25 !
2580 5223 64 27 C'est
2659 5231 32 18 un
2707 5223 83 32 plaisir
2805 5230 60 26 pour

2342 5254 47 25 moi
2411 5254 29 26 de
2461 5262 61 19 vous
2543 5255 22 26 le
2587 5255 99 31 donner,
2708 5263 41 19 enr
2770 5255 25 33 je
2816 5255 49 27 ittln

2341 5286 56 31 qu'il
2412 5293 54 19 sera
2481 5286 75 32 choyé
2571 5286 38 27 Ici.
2623 5287 93 31 Allons,
2731 5295 30 19 bu
2777 5287 87 29 revoir,

2341 5317 72 32 petite
2439 5317 58 31 fille,
2527 5322 24 22 et
2582 5315 92 30 oubli»
2697 5326 28 20 ce
2756 5319 108 27 mouvais

2341 5349 139 33 après-midi
2488 5351 6 25 1

2375 5388 33 27 Sa
2430 5388 64 27 main
2517 5389 86 32 longue
2626 5393 23 23 et
2670 5390 50 27 flna
2743 5398 67 19 icrr»
2831 5390 34 27 loi

2342 5419 78 33 doigts
2433 5420 105 32 maigres
2551 5422 29 26 de
2595 5421 96 31 Kuclicl,
2706 5420 54 35 pull
2774 5429 25 20 i«
2815 5429 49 18 Mi-

2342 5452 35 25 dit
2397 5460 57 19 vers
2475 5452 112 33 Myriam.
2609 5453 36 27 La
2673 5453 74 33 Jeune
2777 5453 87 28 femme

2343 5488 127 23 rencontra
2488 5491 30 20 en
2536 5484 77 27 mémo
2631 5489 77 29 temps
2727 5493 31 19 un
2779 5486 86 32 regard

2342 5515 57 27 dont
2422 5516 24 26 la
2469 5516 106 26 douceur
2597 5516 99 27 ardents
2719 5517 24 27 la
2767 5517 97 32 pénétra

2342 5547 55 26 d'un
2413 5547 92 26 trouble
2519 5548 124 31 profond,..
2658 5548 67 27 Avec
2742 5556 46 20 une
2803 5548 50 28 hési-

2343 5577 75 27 tation
2439 5578 85 27 visible
2544 5579 44 27 elle
2608 5579 43 27 mit
2672 5587 27 19 ta
2718 5580 65 27 main
2805 5581 59 27 dans

2891 4728 58 24 celle
2967 4727 40 30 qui
3026 4726 33 25 lui
3077 4726 58 25 était
3154 4726 100 30 offerte,
3272 4726 80 26 tandis
3369 4734 46 24 que

2890 4759 99 25 tombait
3002 4766 40 17 sur
3055 4766 38 17 ses
3105 4759 78 24 beaux
3194 4766 64 23 yeux
3270 4759 67 25 émus
3349 4758 55 26 l'om-

2890 4792 42 23 bre
2951 4791 153 25 frémissante
3120 4791 42 25 des
3179 4791 43 25 cils
3239 4790 78 26 dorés.

2923 4822 66 26 Mme
3012 4822 92 31 Sulzer,
3128 4822 58 26 dont
3207 4823 23 25 le
3251 4822 83 32 visage
3357 4821 59 27 était

2891 4861 90 17 comme
3000 4855 84 31 crispé,
3098 4854 149 26 -reconduisit
3268 4862 43 18 sou
3329 4854 87 26 maître

2890 4885 96 31 jusqu'à
3005 4887 22 24 b
3047 4890 69 28 porte
3137 4886 31 25 du
3188 4886 124 26 vestibule.
3333 4886 82 26 Avant

2890 4917 53 25 d'en
2955 4917 109 26 franchir
3076 4918 22 25 le
3111 4918 59 26 seuil
3184 4918 118 31 ,Slegbert
3315 4917 101 27 l'arrêta

2890 4953 23 22 et
2932 4957 25 18 se
2974 4954 87 21 tourna
3079 4957 56 19 vers
3152 4950 23 25 la
3193 4949 79 27 vieille
3288 4950 95 27 femme,

2922 4994 31 7 —
2969 4981 21 27 lt
3007 4981 53 27 faut
3077 4982 54 26 bien
3147 4982 36 26 les
3200 4981 104 32 soigner,
3323 4981 91 27 Sulzer.

2891 5013 114 26 L'enfant
3028 5017 37 23 est
3087 5013 49 26 très
3158 5013 69 31 frêle,
3248 5017 26 23 et
3297 5013 66 26 Mme
3385 5013 30 25 de

2891 5045 119 26 Hakcnau
3025 5044 87 27 semble
3125 5045 65 26 aussi
3204 5052 32 19 un
3250 5052 45 25 peu
3307 5045 108 26 délicate.

2922 5089 31 7 —
2968 5075 52 29 Elle
3036 5077 60 26 n'est
3113 5077 132 32 cependant
3261 5076 88 32 jamais
3365 5083 40 19 ma-

2891 5108 60 30 lade,
2970 5108 75 27 Votre
3061 5108 103 27 Altesse.
3183 5109 123 26 Peut-être
3322 5109 93 25 a-t-elle

2892 5147 31 18 un
2939 5147 44 25 peu
2997 5139 123 28 d'anémie.

2922 5184 31 7 —
2969 5171 39 27 Ne
3025 5179 26 19 îo
3067 5172 170 32 futlgue-t-elte
3254 5172 82 31 pas?...
3352 5170 32 28 Et
3400 5170 16 26 à

2891 5211 27 18 ce
2938 5211 93 24 propos,
3051 5204 116 32 pourquoi
3187 5204 118 25 n'a-t-elle
3322 5211 44 25 pas
3385 5203 29 26 de

2893 5234 87 27 femme
2998 5235 30 27 de
3046 5235 129 27 chambre?

2922 5279 31 8 =-
2963 5266 52 28 Elle
3025 5267 39 26 .l'a
3074 5267 89 32 jamais
3174 5267 72 26 voulu
3258 5275 30 18 en
3301 5267 114 27 entendre

2892 5299 86 32 parler,
2995 5302 24 23 et
3035 5298 59 28 tient
3111 5298 15 27 i
3142 5299 61 26 faire
3221 5299 132 26 elle-même
3371 5306 44 20 ion

2891 5330 59 32 petit
2967 5329 107 34 ménage,
3091 5337 29 20 en
3139 5338 30 19 ne
3187 5330 99 27 laissant
3303 5330 15 27 i
3335 5331 70 27 Doro-

2891 5361 53 27 thée
2964 5369 46 25 que
3029 5362 22 27 le
3071 5369 57 26 gros
3147 5369 114 23 ouvrage.
3288 5367 6 11 '

2922 5405 31 9 —
2970 5393 85 32 Quelle
3071 5393 130 33 singulière
3217 5394 88 26 luée!,,.
3322 5394 93 26 Arran-

2890 5432 116 24 ges-veug
3022 5432 62 26 peur
3099 5433 46 25 que
3161 5426 52 26 cela
3230 5433 74 24 cette,
3322 5426 92 30 Sulzer,

2894 5458 30 29 l'y
2940 5456 61 27 tient
3015 5456 170 28 abielument...
3201 5456 31 29 Et
3248 5458 29 30 il,
3293 5465 60 25 pour
3368 5466 46 18 une

2892 5488 79 27 raison
2991 5495 32 20 ou
3043 5496 61 25 pour
3125 5496 46 20 une
3191 5494 76 27 autre,
3287 5497 39 19 tes
3346 5498 57 18 reve-

2890 5527 46 18 nus
2958 5527 32 19 ne
3013 5524 55 22 tont
3089 5527 43 24 pas
3157 5520 137 30 suffisants,
3318 5521 95 26 dites-le

2891 5550 47 26 moi
2956 5551 172 26 franchement.

2921 5594 32 14 n
2973 5582 48 27 Pat
3043 5583 129 27 suffisants
3178 5583 7 27 I
3208 5584 65 30 Mai;
3293 5585 45 26 elle
3358 5585 65 33 n'en/

3440 4728 77 30 prend
3530 4734 61 25 pour
3606 4727 45 25 elle
3666 4731 23 22 et
3705 4735 26 18 sa
3747 4735 64 17 sœur
3824 4727 87 31 qu'une
3926 4727 41 31 peA

3441 4758 44 26 tite
3503 4759 77 31 partie
3597 4760 29 25 de
3644 4759 53 25 rien
3715 4759 32 26 du
3764 4760 66 25 toutl
3850 4759 34 27 Le
3904 4762 63 23 reste

3442 4790 50 26 s'en
3507 4799 32 17 va
3553 4798 50 18 aux
3617 4791 91 26 bonnes
3724 4799 116 18 œuvres...
3855 4791 67 25 Mme
3937 4790 31 26 de

3441 4822 120 26 Hakcnau
3574 4823 36 25 vit
3622 4823 51 26 très
3685 4823 156 31 simplement,
3852 4823 46 26 fait
3911 4823 56 25 elle-

3441 4854 77 26 même
3535 4855 34 25 les
3586 4855 133 25 vêtements
3737 4856 29 25 de
3782 4855 90 25 Rachel
3891 4859 23 21 et
3931 4855 36 25 les

3442 4885 71 27 tiens.
3527 4886 65 26 Mais
3605 4887 26 31 je
3643 4887 41 31 n'y
3696 4888 54 30 puis
3765 4887 59 29 rien,
3838 4895 41 17 car
3893 4887 44 26 elle
3951 4893 17 18 a.

3441 4918 124 31 beaucoup
3589 4919 30 25 de
3643 4919 104 29 volonté,
3773 4927 57 18 sous
3855 4927 43 17 son
3923 4918 40 26 air

3441 4950 73 31 doux,
3531 4954 24 22 et
3572 4951 80 31 quand
3668 4959 47 17 une
3733 4951 49 26 fois
3798 4952 45 25 elle
3858 4951 35 25 dit
3910 4957 58 23 non,

3441 4989 62 24 pour
3522 4982 119 26 certaines
3660 4983 107 26 choses...
3897 4985 19 23 ,'
3919 4991 13 22 \

3475 5020 111 32 Siegbert
3605 5021 115 32 répliqua,
3738 5022 56 26 d'un
3812 5026 42 21 ton
3873 5022 40 31 qui
3931 5020 24 27 té-

3441 5051 117 33 moignait
3577 5052 71 27 d'une
3668 5053 56 26 vive
3744 5054 157 26 contrariété:

3472 5102 32 8 —
3516 5089 85 31 Enfin,
3615 5092 78 31 quelle
3708 5092 80 26 raison
3802 5100 61 18 vous
3877 5092 89 25 donne-

3441 5122 66 25 t-elle
3521 5122 30 26 de
3566 5127 62 22 cette
3643 5124 106 26 manière
3764 5124 93 31 d'agir?

3472 5166 33 7 —
3521 5154 53 27 Elle
3594 5163 31 18 ne
3643 5155 62 26 m'en
3723 5156 78 25 donne
3820 5164 50 23 pas,
3888 5156 78 25 Votre

3440 5184 104 29 Altetae,

3474 5224 35 28 Le
3524 5224 83 32 prince
3624 5226 55 24 leva
3695 5226 35 25 les
3748 5226 103 31 épaules.

3472 5273 32 10 •—
3515 5262 65 27 C'est
3592 5271 46 24 que
3651 5272 60 18 vous
3724 5272 30 17 ne
3767 5273 70 17 savez
3848 5272 43 23 pas
3904 5272 60 18 vous

3439 5301 19 25 y
3474 5294 110 32 prendre.
3603 5295 20 25 Il
3644 5296 52 25 doit
3715 5296 89 25 exister
3822 5296 24 25 là
3864 5297 100 30 quelque

3442 5326 156 31 exagération
3616 5327 31 25 de
3665 5328 145 29 délicatesse,
3829 5328 57 24 dont
3903 5333 61 19 vous

3441 5358 83 26 auriez
3541 5359 32 26 dû
3590 5359 70 25 avoir
3677 5359 88 25 raison.

3473 5396 34 27 Le
3519 5397 61 25 teint
3591 5397 70 30 jauni
3675 5397 29 24 de
3718 5397 66 24 Mme
3798 5396 84 27 Sulzer
3895 5397 57 25 s'em-

3440 5435 111 24 pourpra.

3454 5478 32 6 —
3497 5466 77 25 Votre
3587 5466 95 25 Altesse
3694 5466 60 25 croit
3767 5466 61 26 donc
3842 5475 65 23 que...
3916 5475 46 24 que

3439 5498 25 29 je
3479 5497 47 25 n'ai
3541 5505 43 23 pas
3598 5498 82 29 rempli
3694 5505 55 18 mon
3764 5499 84 24 devoir
3862 5500 55 29 près
3932 5501 31 25 de

3439 5530 67 23 Mme
3526 5528 30 25 de
3575 5529 137 24 Hakcnau?
3731 5529 177 31 bégaya-t-clle.

3755 5587 37 30 £A
3811 5588 111 29 tutvrtj.

535 5735 3 3 .
567 5730 6 9 i
588 5738 2 3 .

1811 5671 4 7 .
