3932 5721
1266 12 3 3 .

62 156 291 133 jjfoNIALE

65 273 77 43 F>m
154 283 27 16 "*'
193 279 12 16 s
206 274 51 19 ""'"
258 272 10 17 é
268 277 9 12 '

69 303 33 55 Ji,
111 325 20 33 21
144 314 134 42 sepiembre
297 306 64 33 1845

68 347 27 18 "
104 369 15 17 »
128 365 15 16 ».
155 360 18 17 "
184 358 6 18 l
189 359 16 13 "
205 352 9 18 é
214 352 16 17 "
229 353 29 15 M5

36 384 243 74 jflRAGE

44 448 15 29 I
83 438 17 44 '„
108 462 15 15 *
133 451 65 22 i-»""
211 447 28 16 1!>t
242 447 8 14 "'
263 448 24 12 au
352 445 16 32 s

102 488 44 30 ntS
156 475 213 40 BEM-ARTSS

53 501 57 33 m

3052 0 53 67 v

523 448 58 24 40""
603 447 145 25 ANNEE
767 457 34 6 —
820 447 33 24 N"
874 446 49 25 254

522 484 87 33 MARDI
633 486 28 31 11
684 483 153 34 SEPTEMBRE
860 484 63 32 1945

1212 412 61 44 Le
1297 412 107 50 plus
1430 413 153 48 grand
1607 412 181 50 journal
1812 412 156 49 belge,
1992 412 47 43 le
2063 414 157 42 mieux
2243 411 248 49 renseigné

1215 485 50 35 52,
1287 482 74 34 RUE
1386 482 54 34 DU
1467 481 225 41 PONT-NEUF,
1714 485 51 36 52,
1790 482 205 34 BRUXELLES
2024 498 17 9 -
2070 476 72 40 TÉL.
2153 494 9 21 :
2175 483 140 32 17.22.30
2335 483 34 37 (5
2384 481 106 40 lignes)

2780 441 193 30 EDITION
2994 447 8 21 :
3040 442 21 24 *
3098 442 21 23 *
3157 442 21 23 »

2780 492 36 24 Le
2837 488 119 26 numéro
2968 492 8 21 :
2999 486 47 26 CN
3067 484 115 27 FRANC

3345 146 41 35 L*
3409 147 109 31 studio

3346 190 249 32 ultra-moderne
3617 186 150 33 eomb.né

3377 233 111 21 Canapé-lit
3502 232 148 17 transformable
3677 231 59 21 5,900

3376 255 81 19 s'aaiy-m
3675 252 57 20 4.900

3376 274 87 17 Fauteuil

3377 295 85 16 Armoire
3479 293 97 18 combinat,
3676 292 22 20 aj

3377 315 58 17 Table

3366 335 123 17 Installation
3507 333 93 21 complète
3618 332 129 20 ultra-rapide

3367 359 25 14 au
3408 356 76 17 dernier
3500 354 46 21 goût
3562 354 26 17 du
3605 353 43 20 Jour
3665 353 23 16 de
3703 353 44 16 tous

3366 376 80 21 studios,
3470 375 68 18 hàatclr-,
3565 375 94 17 tavernes,
3685 371 61 19 villas,

3484 400 144 22 MOBIVOG

3358 427 33 22 97,
3409 430 41 17 rue
3467 426 29 20 de
3513 424 113 23 Brabant,
3643 422 119 21 Bruxelles

3356 457 110 20 Exposition
3479 456 126 20 permanente
3618 455 24 17 de
3654 454 11 16 9
3678 454 12 16 k
3705 452 20 18 19
3738 450 20 20 h.

3356 478 25 16 Le
3394 476 107 20 dimanche,
3514 475 24 18 de
3553 476 21 17 10
3586 477 12 16 k
3611 475 19 16 13
3643 475 19 17 h.
3680 475 16 16 al
3709 474 49 16 D8»6

68 750 791 135 ISENHOWER

88 914 86 41 Mùn
188 903 138 46 orgueil
341 909 59 31 est
415 902 118 38 d'être
547 904 52 36 ici
613 902 39 37 le
666 903 181 42 représen-

87 972 61 39 tant
163 974 18 25 s
186 967 11 30 t
210 959 50 37 de
274 956 117 37 ù'êtie
407 967 78 32 que
508 955 100 41 cela,
625 955 54 37 de
701 961 86 30 tous
806 954 59 37 Jes

88 1014 107 43 eoldO'S
206 1009 62 42 qui
280 1010 65 32 ont
354 1004 149 38 franchi
511 1004 42 37 Ja
560 1016 81 25 mer
648 1015 106 26 avec
760 1005 79 35 moi
848 1019 16 16 »

211 1067 210 39 (Eisenhower
442 1076 42 23 en
504 1069 141 36 réponce
663 1076 43 22 au
721 1064 145 33 discours

211 1111 42 33 du
268 1111 222 38 bourgmestre
504 1105 45 36 de
565 1105 171 41 Bruxelles)

92 1204 35 11 ...
141 1191 101 26 moues'le,
261 1189 144 21 Eisenhower
425 1194 24 15 se
469 1188 118 21 considère
607 1188 150 24 uniquement
777 1191 88 17 comme

98 1228 4 14 i
121 1215 136 27 rtaréscntint
273 1213 29 20 de
318 1218 36 15 ses
370 1212 93 23 soldats,
481 1213 77 24 quand
575 1212 17 20 il
608 1212 73 24 reçoit
696 1217 31 15 en
743 1212 51 20 leur
810 1216 55 15 nom

98 1232 13 33 f
135 1243 120 20 hrj-nma^es,
280 1237 23 19 la
329 1237 189 19 reconnaissance
544 1236 40 20 des
608 1235 154 25 populations.
789 1234 77 21 Haute

108 1256 63 33 n'-les'c
180 1264 25 20 de
215 1259 120 24 caractère,
347 1260 58 20 mais
417 1260 38 24 qui
466 1264 30 16 ne
507 1260 35 19 dit
552 1263 43 20 pas
606 1258 57 21 tout.
676 1258 40 21 S'il
727 1258 138 24 représente,

81 1288 3 6 ■
106 1287 69 25 n'fftèt,
188 1290 42 17 une
242 1289 35 19 gr:
284 1284 45 19 nde
342 1283 78 20 armée
434 1284 24 19 et
472 1283 33 20 les
519 1282 118 21 sacrifices
650 1281 55 21 d'un
719 1281 74 25 grand
808 1286 57 20 peu-

99 1322 4 5 •
120 1318 28 16 nte
159 1311 52 22 aus-i
225 1312 30 16 un
269 1307 73 24 grand
356 1306 98 23 homme,
468 1304 40 22 fils
522 1306 102 20 éminent
639 1306 29 20 de
681 1306 24 20 la
719 1304 146 22 démocratie,

61 1325 93 29 itîF'.'ïiU
164 1335 25 20 dû
200 1333 22 20 la
234 1330 79 21 liberté
327 1331 35 19 est
375 1331 24 19 la
411 1329 62 21 mère
487 1330 28 20 de
528 1330 24 20 ia
564 1329 88 25 dignité
665 1329 111 20 humaine
790 1330 24 19 et
827 1328 39 25 qui

69 1349 94 32 ^JSnoir
172 1359 24 19 de
208 1357 21 19 la
240 1353 143 21 civilisation.

72 1374 43 32 ïL'r
128 1390 32 16 oar
172 1386 23 16 sa
207 1376 60 23 seule
281 1377 121 22 existence,
417 1380 43 21 par
475 1377 33 20 les
522 1376 62 21 idées
598 1374 54 26 qu'il
667 1376 102 22 incarne,
784 1380 43 20 par
842 1375 24 20 la

77 1399 17 29 !b
117 1401 100 27 icawmplie
228 1405 29 17 au
270 1405 55 15 nom
337 1400 28 20 de
378 1405 42 15 son
433 1403 56 21 pays
502 1401 24 19 et
538 1400 28 20 de
579 1401 53 19 tous
644 1400 33 19 les
690 1399 75 24 Alliés,
778 1399 87 20 consti-

77 1419 61 34 Hm
150 1427 68 23 vivant
233 1426 55 19 dont
304 1422 21 22 le
341 1429 53 15 sens
408 1423 100 25 profond
524 1423 49 21 doit
588 1423 50 21 être
653 1423 99 24 compris
767 1426 32 17 au
814 1421 52 21 delà

102 1459 47 17 .(tons
159 1449 125 27 populaires.
468 1453 17 11 •

121 1486 11 14 il
168 1482 72 18 drame
276 1478 22 19 1"
327 1476 52 24 Plus
398 1471 58 21 traie
467 1471 24 21 et
502 1471 153 24 répandaient
665 1470 50 21 leur
727 1470 63 24 peste
801 1470 59 20 dans

121 1510 28 17 tut
159 1503 75 24 Jamais
245 1500 60 26 Jetée
319 1500 60 21 l'hu-
402 1492 33 23 les
460 1496 77 20 autres
562 1499 63 20 pays,
652 1495 141 24 apparurent
818 1497 47 17 aux

118 1515 36 33 ï
169 1534 5 5 ■
187 1527 78 21 re-uib-i
279 1530 4 12 i
293 1528 44 17 ans
352 1527 27 16 sa
402 1518 141 22 Américains
564 1523 88 16 comme
673 1522 33 17 un
726 1517 65 21 fléau
810 1517 55 25 qu'il

74 1539 143 29 ."^s-an'-ipur
234 1548 21 20 le
273 1547 51 20 nlus
342 1546 37 21 bel
400 1542 77 21 fallait
495 1543 67 20 coûte
580 1547 43 20 que
642 1542 67 21 coûte
726 1542 89 21 écarter
835 1542 28 20 de

63 1557 104 43 PJisC
176 1575 20 19 et
195 1578 4 15 ;
216 1570 71 22 moral
306 1567 30 23 de
355 1569 24 21 la
401 1567 24 20 la
438 1567 143 21 civilisation.

134 1591 22 22 '»■
174 1597 41 21 don
234 1593 97 24 complet
350 1593 30 20 tle
426 1597 152 21 L'exaltation
602 1596 119 25 religieuse
746 1596 31 21 du
803 1595 60 23 chef,

85 1615 34 34 Çta
130 1622 53 23 tâche
198 1618 36 22 oui
248 1617 34 20 lui
296 1616 83 23 échoit,
400 1621 81 20 fuhrer
495 1625 30 16 ou
538 1621 73 22 autre,
623 1621 21 20 si
657 1620 69 21 facile
739 1620 15 21 à
767 1620 96 20 susciter

86 1640 10 27 ï
101 1647 80 23 cMsique
193 1642 20 20 et
226 1640 85 20 morale
324 1643 55 19 ega-
401 1645 15 20 ^
431 1645 23 21 la
470 1645 45 20 fols
531 1645 55 20 cllea
601 1645 33 20 les
649 1650 34 15 5a(
682 1645 32 24 iiq
715 1648 40 17 Ues
769 1646 31 19 en
815 1643 49 21 mal

119 1672 18 20 et
155 1668 125 20 conscience,
305 1664 74 19 calme
399 1669 29 20 je
447 1669 122 20 s'adonner
588 1668 15 21 à
623 1668 61 21 leurs
704 1668 113 22 cruautés,
839 1667 24 20 et

95 1692 56 27 g-jnité
165 1687 78 23 devant
260 1687 33 18 les
311 1687 66 18 mm-
400 1693 55 20 chez
471 1693 32 20 ies
519 1692 10 21 f
530 1698 14 15 a
545 1692 56 21 ibies
615 1696 59 24 pour
689 1692 39 25 qui
744 1692 23 20 la
782 1691 80 21 liberté

95 1726 9 15 s
110 1714 73 26 hasards
192 1712 29 20 du
232 1712 53 18 sort.
298 1712 80 16 ncerte
397 1721 74 16 raiSsa
472 1717 19 19 jt
505 1716 15 21 a
534 1717 63 23 juste
603 1716 55 20 titre
666 1721 45 15 aux
719 1715 146 26 concitoyens

89 1742 41 20 «Ht
140 1738 27 21 les
179 1734 56 22 faits,
251 1736 84 20 mépris
349 1732 30 19 de
399 1739 173 24 d'Eisenhower,
601 1744 89 17 comme
719 1740 21 20 le
768 1736 94 30 prélude

69 1764 53 22 ude
131 1762 18 20 la
160 1755 140 24 domination,
315 1758 63 16 com-
398 1763 69 21 dune
486 1763 118 25 explosion
623 1763 30 20 de
672 1762 118 21 l'hérédité
811 1763 54 20 bar-

94 1802 3 9 ,
109 1788 28 20 des
154 1787 13 20 P
168 1786 8 15 :
170 1790 8 4 "
178 1786 20 15 rs
196 1804 5 8 ,
199 1783 68 17 onn?3
268 1805 5 7 ,
276 1801 13 11 J
290 1803 43 9 „„
340 1782 29 16 ae
368 1787 13 18 ?
400 1787 55 20 bare
469 1787 39 24 qui
522 1786 56 22 rôde
590 1789 84 18 encore
687 1786 60 21 dans
762 1786 33 21 les
808 1784 54 23 bas-

101 1811 45 20 •iMe
157 1806 25 20 de
196 1804 28 26 la.
233 1802 114 23 prudence
366 1805 15 15 a
400 1808 69 24 fonds
482 1810 29 21 de
523 1810 24 22 Ja
559 1815 32 17 na
592 1811 52 21 ture
655 1811 118 20 humaine,

88 1836 30 16 mut
125 1830 38 22 cfl»
174 1825 52 23 voué
240 1829 13 16 a
268 1826 8 19 1
283 1825 97 19 edinca-

87 1838 56 39 Xce
155 1849 82 26 capable
254 1848 28 20 de
298 1846 83 21 libérer

303 1879 4 6 ■
336 1871 43 22 «M

458 1853 228 35 Inoubliable
701 1854 105 42 leçon

107 1914 8 17 r
122 1906 25 22 est
156 1908 28 17 un
196 1899 104 26 éloquent
311 1903 68 16 nom-
426 1904 74 24 Aussi,
512 1903 40 22 dès
564 1904 22 21 le
598 1904 104 21 moment
714 1904 30 22 où
757 1903 107 24 d'autres,

87 1942 5 9 ■
98 1928 53 26 société
162 1924 164 23 démocratique,
340 1924 40 21 qui
401 1928 52 25 piyj
476 1928 152 21 directement
653 1927 127 24 intéressés,
804 1928 61 20 mais

87 1959 9 15 t
101 1956 18 21 dt
128 1951 74 23 s'élever
213 1948 25 20 et
250 1947 29 19 de
295 1947 85 22 porter,
400 1952 106 25 aveugles
521 1952 14 22 k
549 1952 23 20 la
586 1952 115 24 grandeur
716 1952 30 21 où
760 1952 49 20 leur
823 1952 40 20 de-

81 1970 28 31 ii
117 1974 52 27 grand
182 1972 48 20 bien
245 1970 31 20 du
290 1970 90 21 monde,
400 1976 48 20 volr
471 1976 32 21 lcs
525 1980 15 21 p
541 1980 67 16 0U5sa
609 1976 8 20 i
618 1977 17 23 ti
656 1976 125 22 laissaient,
804 1975 14 21 à
841 1975 23 21 la

80 1992 123 35 ^personnelle
218 1993 24 21 et
260 1996 42 16 son
321 1992 37 19 aet
369 1999 11 6 -
401 2000 111 24 premlère
533 2000 94 22 défaite,
648 1999 90 22 tomber
759 1999 104 21 définiti-

57 2024 45 25 IJw
110 2024 34 24 plus
155 2019 51 21 haut
220 2019 66 25 dÇgre
303 2019 77 15 aciii-
401 2025 91 19 vement
509 2024 59 20 leurs
584 2028 75 16 armes
674 2025 24 19 ct
714 2024 150 23 renonçaient

61 2041 16 23 -J
82 2054 11 17 6
100 2051 17 17 m
128 2041 79 23 sontaet
223 2041 66 18 dune
309 2041 72 20 giou-e
400 2048 15 21 à
433 2048 6 20 ,
441 2052 15 16 a
473 2048 65 23 luttC|
556 2052 38 16 cr0
594 2052 14 19 y
609 2052 31 16 an
641 2048 11 19 t
669 2047 153 24 puérilement
838 2052 26 15 se

67 2066 13 21 E
82 2075 14 20 n
101 2073 24 23 j»s
134 2066 51 25 grise.
401 2072 88 20 donner
502 2072 60 20 ainsi
574 2072 41 20 des
628 2071 66 21 titres
708 2071 15 21 k
736 2071 23 21 la
772 2071 91 28 problé-

154 2091 58 36 pelnt
231 2114 11 11 Y
247 2091 93 34 '_52ÏJÎP
340 2093 15 16 e
358 2093 22 32 J
400 2095 102 25 matique
528 2095 116 24 gratitude
672 2095 28 20 de
727 2093 137 26 l'éphémère

124 2120 36 20 dit-i

231 2114 101 20 Londres
358 2111 22 21 le

401 2119 132 25 vainqueur,
555 2119 135 24 l'Amérique
711 2118 154 25 commençait

65 2132 43 13 met.
123 2134 15 7 .—
156 2132 13 7 —
181 2139 6 6 ,
218 2137 8 11 ,
296 2136 21 12 -,
357 2135 7 9 .
404 2132 8 8 .
414 2132 32 8 «.
447 2132 7 5 -
454 2132 15 8 M
471 2132 7 5 -
476 2132 15 8 ..
495 2132 11 8 1
508 2132 6 8 1
514 2132 8 8 .
527 2132 6 12 ,
555 2132 8 8 »
570 2132 120 12 »»a»»a»»^AV
711 2132 105 7 VJ....ana.
819 2132 12 10 ï
832 2132 30 6 ...i

65 2140 56 32 ajiajf
131 2141 36 22 doit
180 2140 98 20 toujours
294 2140 48 16 être
358 2140 21 16 le
401 2143 15 21 &
439 2144 88 20 bander
550 2143 76 21 toutes
647 2148 38 15 ses
708 2143 75 20 forces
807 2147 57 20 pour

65 2162 64 30 Ko».
137 2169 28 20 flO'
175 2162 65 23 reçoit
252 2162 39 18 des
302 2162 77 17 aeela-
401 2172 38 16 ma
441 2167 75 21 itriser
529 2167 22 21 le
562 2168 103 20 monstre
678 2167 24 20 et
714 2167 112 20 l'écraser.

65 2181 90 28 Ciliées
172 2190 38 19 par
230 2184 21 19 le
271 2187 59 19 sang
351 2182 29 20 de

105 2214 5 5 •
116 2218 9 16 s
132 2211 17 21 et
158 2210 18 20 le
187 2206 100 22 sacrifice
301 2206 29 20 de
344 2209 37 16 ses
426 2204 49 22 Elle
498 2204 78 24 voyait
600 2204 130 21 nettement
754 2207 44 20 que
822 2207 42 17 son

400 2229 48 21 sort
466 2228 24 21 et
508 2228 59 21 celui
584 2228 29 21 de
632 2226 136 23 l'humanité
786 2227 78 21 c'était

88 2262 14 17 4
108 2263 25 16 du
143 2259 26 18 un
182 2252 141 22 Eisenhower
341 2249 40 21 oui
401 2252 52 21 tout
467 2256 40 18 un.

63 2269 38 31 I!?
108 2269 91 35 BoUtrie
209 2299 5 5 .
236 2269 143 30 personnelle

427 2282 142 21 Inoubliable
584 2282 66 23 leçon
665 2282 28 21 de
707 2281 118 23 solidarité
839 2281 26 22 et

420 2330 152 23 L'humanité,
579 2330 84 21 sauvée
674 2330 67 25 grâce
751 2329 15 22 à
777 2330 87 21 l'Union

59 2298 43 35 J,
109 2305 27 21 Bit
146 2303 19 20 la
179 2302 114 23 puissance
313 2301 68 20 quon
401 2307 28 20 de
445 2306 157 25 clairvoyance

59 2323 59 28 Ktd
124 2326 27 25 qui
160 2328 30 30 <*,
192 2323 112 35 ^T^n
325 2347 15 11 n
342 2319 40 39 }£
420 2330 152 23 L'humanité,
579 2336 26 15 sa

59 2346 16 15 t
76 2354 26 24 lt
109 2355 21 11 ™
144 2347 58 22 ferait
218 2346 28 20 de
264 2348 42 17 son
305 2371 11 4 _
325 2346 56 17 nom
402 2354 40 21 des
455 2354 94 25 peuples
561 2354 32 21 llb
593 2359 12 6 ..
606 2358 23 17 es
648 2359 31 16 ne
692 2354 56 25 peut
762 2359 11 16 s
774 2355 5 7 .
780 2356 72 19 ena0r
853 2364 3 5 .

77 2380 5 21 ,
90 2378 13 21 t
116 2369 86 25 discordes
229 2368 153 23 dangereuses
401 2378 45 20 mir
464 2382 40 17 sUf
523 2378 8 21 ,
532 2383 15 16 a
565 2378 101 24 victoire|
684 2378 26 21 nl
727 2383 92 20 rompre
837 2382 19 16 g.

65 2400 66 25 ïsW-

135 2425 19 20 et
176 2427 33 16 ses
237 2419 145 23 concitoyens

81 2444 37 32 ["iâ
133 2448 85 20 tommes
247 2441 133 26 supérieurs,

3 3451 46 16 ■Mal»
55 3448 7 15 >

3 3471 33 17 nerle

16 3492 36 14 carr

5 3509 34 17 D.H.
44 3510 7 14 3

401 2402 117 21 solidarité
531 2403 59 20 dans
601 2396 24 27 îa
637 2401 87 23 liberté.

426 2441 47 20 Des
492 2440 108 21 instincts
620 2439 115 24 barbares,
755 2440 59 21 Issus
835 2440 29 20 de

83 2460 70 32 îàCaient
156 2460 40 33 "pas
206 2466 52 26 qu'il
269 2470 14 20 y
295 2465 35 21 ait
340 2460 42 25 des'
400 2464 23 21 la
437 2464 101 21 servilité
550 2465 25 20 et
588 2465 30 20 de
633 2464 121 21 l'idolâtrie
768 2468 95 20 person-

85 2493 48 25 jhnt
145 2495 78 18 essence
244 2488 138 24 supérieure,
401 2486 65 25 nelle,
478 2488 127 20 subsistent
618 2488 76 24 parmi
706 2488 34 20 les
753 2488 111 21 hommes.

90 2520 34 20 .-il
130 2515 97 23 naissance
238 2515 30 18 ou
278 2513 24 19 la
314 2511 68 21 fonc-
401 2513 50 23 Que
468 2512 41 21 des
526 2512 87 20 formes
630 2512 151 24 quelconques
799 2512 53 21 d'ab-

400 2535 119 21 solutisme
546 2535 59 21 total
632 2539 31 17 ou
690 2531 79 29 mitigé
797 2534 70 21 s'éta-

321 2570 25 17 II
400 2559 103 23 blissent,
525 2558 92 25 qu'elles
638 2558 135 25 pratiquent
795 2558 72 21 l'édu-

105 2578 42 31 itrle
155 2577 216 30 nerSOIinelle
400 2582 79 21 cation
501 2582 15 21 â
537 2582 96 20 rebours
655 2582 39 22 qui
715 2580 94 21 réveille
830 2585 38 16 ces

156 2607 13 12 r
400 2605 111 24 primitifs
524 2605 115 23 instincts,
651 2603 137 21 lliumanité
801 2607 68 17 verra

125 2636 30 20 que
169 2628 129 23 l'adoration
318 2629 64 17 ram-
400 2627 209 25 d'apocalyptiques
640 2628 90 20 retours
759 2626 110 21 offensifs

99 2650 79 28 fâteiigle
204 2650 63 22 avilit
299 2648 85 22 autaht
402 2649 29 22 de
447 2650 23 21 la
486 2651 134 24 sauvagerie
636 2649 136 23 ancestrale.

99 2680 20 20 M
130 2675 105 23 l'accueille,
257 2677 44 21 que
321 2670 61 22 celui
428 2681 76 20 Guerr
505 2686 12 15 -,
537 2681 15 20 d
552 2685 43 16 ono
614 2680 15 21 à
647 2680 24 21 la
688 2679 101 22 servilité
808 2679 25 22 et
851 2679 15 21 â

100 2697 12 22 i
127 2701 90 30 ptUgue,
246 2697 30 20 de
305 2698 76 17 même
402 2704 121 21 ^idolâtrie
546 2704 149 25 personneUe,
719 2704 148 21 fondements

99 2720 57 26 fctlon
166 2724 48 20 d'un
229 2722 94 20 homme
339 2722 43 20 par
402 2729 111 25 premiers
525 2728 29 21 de
565 2728 8 21 i
574 2733 15 16 a
600 2729 108 24 tyrannie
716 2728 8 22 !

99 2743 55 30 Joine
164 2746 27 22 les
202 2744 66 23 avilit
281 2744 53 20 tous
348 2743 35 19 les

147 2795 25 7 _
187 2791 23 11 .•
223 2790 104 12 mt,™.»,
344 2785 39 17 nul
427 2776 75 21 Telles
530 2775 61 27 sont,
618 2775 143 23 brièvement
789 2775 76 26 exprl-

73 2786 32 32 tfti
112 2799 25 21 pis
147 2796 27 18 un
184 2789 144 39 gsenhower
344 2786 40 25 qui
402 2800 63 21 mées
494 2800 60 22 d8Qj
584 2791 50 30 1(m
707 2800 37 21 ^
772 2804 39 17 m0
811 2786 26 35 £
838 2800 21 21 Ie

99 2821 27 24 M
140 2816 73 35 KSSL
224 2816 159 35 'paMitoSa
402 2824 108 25 quelques
522 2824 87 25 parties
620 2824 33 21 du
664 2824 80 21 vivant
756 2828 110 19 message,

149 2866 22 11 ™
166 2843 13 20 P
198 2852 34 25 m'il
255 2840 128 37 Gérerait
402 2848 97 24 apporté
515 2848 15 22 k
547 2848 91 21 chacun
654 2847 212 21 individuellement

147 2882 104 20 .■intitulât
273 2890 9 9 ..
292 2880 90 21 Cheva-
403 2873 62 20 aussi
484 2872 53 21 bien
556 2872 84 24 qu'aux
659 2871 94 25 peuples
773 2871 80 25 séparé-

402 2897 65 19 ment
487 2896 34 21 -et
546 2896 188 22 collectivement,
762 2899 43 21 par
833 2898 34 18 un

363 2934 4 11 ,
402 2919 151 23 Eisenhower,
590 2919 161 25 représentant
789 2923 76 16 exem-

117 2944 7 15 '
131 2942 32 20 aPP
162 2960 20 20 de
200 2959 21 21 la
244 2936 87 42 diSté
355 2940 29 34 dé
403 2948 15 20 P
419 2944 56 20 lalre
487 2943 32 21 du
530 2943 74 24 grand
615 2943 82 25 Peuple
708 2942 133 22 américain.

107 2989 29 16 je
148 2983 59 21 oltion
225 2981 40 24 qui
284 2978 98 25 méprise
405 2981 17 5 -

105 3008 34 21 Bat
148 3007 22 21 du
179 3004 62 23 chien
256 3003 87 22 devant
360 3002 22 21 le

92 3051 137 28 icltojtadela
240 3051 58 21 libre
309 3048 69 22 Amé-

88 3077 49 23 Hïtst
146 3078 18 20 ai
173 3080 27 17 un
213 3075 76 22 devoir
304 3074 27 20 ni
347 3075 32 18 un

81 3096 35 27 il.
126 3100 55 22 acier
196 3101 29 20 les
244 3098 83 23 fautes,
346 3097 34 20 les

81 3126 27 21 kta
114 3125 20 21 Ks
142 3123 92 23 faiblesses
248 3124 55 20 d'un
320 3120 60 22 chef.

63 3150 66 22 jlHtt
137 3148 19 21 de
160 3148 110 24 proclamer
277 3145 104 26 qu'étant

63 3166 61 34 fi,'.:.,
132 3174 35 23 peut
177 3178 18 15 se
207 3171 106 24 tromper,
326 3167 54 27 qu'il

94 3197 13 21 's
112 3197 45 23 «roi!!,
167 3197 60 20 même
242 3195 59 22 celui
313 3193 29 22 de
356 3197 25 17 se

102 3254 4 17 i
117 3250 79 23 natalité
222 3250 33 22 et-
274 3248 107 28 pareilles

95 3276 44 21 »».,
148 3275 10 20 à
168 3280 27 16 ses
207 3279 63 21 yeux,
285 3274 15 21 à
314 3274 67 25 peine

99 3298 16 20 (s
123 3299 78 24 Caraïbes,
219 3304 30 16 ou
268 3298 42 21 des
329 3297 53 26 plus

101 3324 8 18 >
115 3323 78 24 peuplades
210 3323 27 21 de
254 3321 125 23 l'Achanti;

100 3348 24 21 .tu
131 3351 16 16 en
157 3347 103 24 Amérique
276 3349 44 22 que
335 3346 47 20 l'on

93 3367 28 23 110
126 3370 63 24 poétiBer
200 3371 22 21 la
233 3369 105 29 servilité,
353 3374 29 15 en

114 3393 7 20 I
129 3397 27 18 «ne
170 3394 81 22 auréole
271 3394 111 24 héroïque

142 3444 10 22 il
157 3445 60 22 Hitler
227 3446 24 22 et
260 3448 38 19 ses
309 3446 72 20 escla-

138 3473 8 16 i.
153 3472 42 20 avec
207 3470 20 21 le
240 3471 56 20 faux
311 3469 71 21 évan-

77 3489 26 24 Ê'
106 3494 67 22 limage
184 3494 81 21 animal
279 3497 43 22 par
337 3493 44 21 les-

80 3515 132 24 W«-atltaimt
222 3519 58 20 dans
292 3518 21 20 le
326 3521 57 21 peu-

126 3545 9 15 aï
140 3539 14 22 1»
164 3542 120 24 sauvagerie
301 3545 81 17 ances-

77 3461 91 31 IHttt,ai

402 3011 39 41 Le
455 3009 74 43 chef
542 3009 98 43 d'une
653 3014 215 47 organisation

403 3066 244 44 internationale
655 3065 20 44 ?

429 3144 108 24 Lontlres,
561 3144 25 20 10
603 3143 135 24 septembre.
753 3155 29 5 —
802 3143 56 21 L'en

402 3166 68 26 quête
483 3172 41 15 sur
537 3168 24 20 le
574 3167 70 20 trafic
659 3167 48 20 d'or
722 3167 25 20 et
760 3166 29 21 de
803 3166 53 21 devi-

402 3194 36 17 ses
451 3190 66 21 entre
531 3190 25 21 la
569 3190 225 24 Grande-Bretagne
806 3190 26 20 et
846 3190 23 20 la

401 3213 95 24 France,
520 3213 82 22 menée
626 3212 175 29 parrallèlement
826 3217 43 20 par

404 3237 32 20 les
452 3237 86 24 polices
554 3236 104 24 anglaise
674 3237 25 20 et
714 3235 123 25 française,
856 3241 14 15 a

404 3259 81 22 amené
503 3259 163 24 l'arrestation,
683 3258 14 21 à
715 3256 108 27 Londres,
841 3259 29 20 de

404 3283 31 21 M.
458 3283 130 24 Bodenson,
610 3285 35 18 un
666 3281 130 26 important
819 3282 38 20 dia

404 3306 123 21 mantaire.

430 3335 35 21 Au
478 3339 66 16 cours
556 3333 30 22 de
597 3334 25 21 la
633 3333 151 30 perquisition
796 3333 62 22 effec-

405 3354 53 25 tuée
469 3358 16 21 à
496 3361 44 17 son
551 3357 113 24 domicile,
676 3362 32 16 on
720 3362 16 16 a
746 3357 124 21 découvert

404 3381 61 21 deux
480 3381 63 21 mille
559 3381 69 20 livres
643 3385 32 16 en
690 3379 75 26 pièces
782 3381 48 20 d'or
846 3380 24 20 et

404 3404 83 25 quatre
503 3403 101 21 millions
620 3403 29 21 de
665 3404 80 20 francs
761 3403 109 25 français.

405 3426 121 25 L'Inculpé,
545 3427 68 24 qu'on
632 3426 59 21 croit
709 3425 50 21 être
776 3425 22 21 le
817 3424 53 23 chef

404 3450 69 21 d'une
499 3449 158 24 organisation
690 3448 181 21 Internationale

405 3473 29 21 de
451 3473 124 21 fraudeurs
591 3472 30 21 de
637 3472 79 24 bijoux
733 3472 25 20 et
775 3472 29 20 de
820 3471 38 21 mé-

406 3496 56 20 taux
476 3495 113 25 précieux,
604 3494 158 25 comparaîtra
776 3495 83 24 aujour-

405 3518 64 21 d'hui
481 3518 86 21 devant
578 3519 34 20 les
623 3517 134 24 magistrats
769 3520 58 22 pour
838 3521 33 17 un

406 3542 99 24 premier
523 3540 183 25 Interrogatoire.
724 3550 29 6 —
770 3541 76 20 A.P.P.

898 614 337 155 Monty
1282 612 309 127 mardi
1636 620 193 117 soir

896 784 47 63 à
974 770 379 79 Bruxelles

939 887 58 38 He
1009 890 31 36 is
1057 901 25 25 a
1098 888 72 37 fine
1190 887 142 46 chapl,,

918 953 31 22 Le
969 954 115 23 maréchal
1103 955 158 26 Montgomery
1279 953 73 24 arrive

888 986 27 16 ce
932 981 73 22 mardi
1019 982 56 26 soir,
1090 981 14 22 à
1121 982 127 22 Bruxelles.

919 1007 72 27 Ainsi,
1006 1014 28 16 en
1049 1008 98 27 tespace
1161 1008 69 22 d'une
1245 1007 110 28 semaine,

890 1033 119 23 Bruxelles
1032 1041 58 16 aura
1113 1041 54 20 reçu
1189 1036 23 21 la
1235 1034 66 23 visite
1323 1035 30 22 de

889 1060 61 22 deux
968 1062 43 21 des
1030 1063 54 25 plus
1104 1062 85 25 grands
1209 1062 67 26 chefs
1296 1061 48 23 mili-

890 1087 69 22 taires
974 1094 45 21 que
1035 1087 116 24 l'Histoire
1166 1090 34 21 ait
1215 1093 100 22 connus;
1331 1090 24 20 la

890 1113 131 26 population
1037 1115 29 22 de
1083 1117 24 21 la
1123 1116 96 26 capitale
1236 1116 118 22 réservera

888 1141 161 23 certainement
1062 1148 29 16 au
1105 1143 126 26 vainqueur
1242 1142 30 22 de
1285 1143 69 21 Rom-

890 1169 44 21 mel
949 1169 43 22 des
1009 1167 103 24 ovations
1129 1170 65 22 aussi
1209 1169 134 22 enthousias-

889 1197 36 20 tes
946 1201 45 20 que
1012 1195 71 23 celles
1103 1196 56 22 dont
1179 1197 45 21 elle
1244 1203 15 15 a
1280 1196 75 25 salué,

890 1221 57 27 hier,
966 1222 22 22 le
1008 1222 173 27 généralissime
1202 1223 41 22 des
1263 1224 91 21 armées

888 1248 89 23 alliées.

920 1275 53 28 Car,
992 1276 22 26 si
1032 1276 158 32 Montgomery
1208 1283 15 16 a
1242 1276 79 23 inscrit
1339 1275 15 22 à

888 1307 44 16 son
963 1301 59 28 actif
1053 1304 29 21 de
1118 1303 114 26 multiples
1265 1304 88 21 actions

888 1327 83 24 d'éclat
985 1342 30 4 —
1031 1336 28 16 en
1074 1328 77 29 Sicile,
1164 1337 29 15 en
1208 1330 146 28 Normandie,

890 1362 29 15 en
933 1355 120 29 Belgique,
1067 1363 29 16 en
1111 1357 123 26 Hollande,
1249 1364 28 16 en
1293 1358 49 22 Alle-

890 1387 81 20 magne
984 1396 31 4 —
1028 1387 58 23 pour
1099 1390 58 16 nous
1171 1385 17 21 il
1201 1386 88 20 restera
1302 1389 42 16 sur-

889 1411 50 20 tout
959 1411 23 21 le
1003 1409 127 27 vainqueur
1148 1411 30 21 de
1200 1411 111 25 Rommel,
1331 1412 22 20 le

890 1442 12 14 <
910 1439 36 19 rat
967 1437 32 21 du
1020 1436 78 22 désert
1107 1443 22 21 >,
1150 1438 22 21 le
1195 1435 158 24 commandant

888 1463 30 21 de
936 1466 58 19 cette
1010 1463 115 27 glorieuse
1141 1465 25 20 8*
1183 1464 76 23 armée
1276 1465 47 28 qui,
1340 1464 15 21 à

890 1496 31 15 un
936 1490 43 22 des
996 1491 111 21 moments
1124 1491 35 21 les
1177 1490 52 27 plus
1246 1491 108 27 critiques

889 1516 29 22 de
933 1518 23 21 la
970 1522 81 22 guerre
1069 1516 188 27 (rappelez-vous
1272 1519 23 20 la
1309 1518 46 21 ter.
1375 1517 91 23 armées
1484 1517 161 27 britanniques.
1663 1517 82 23 Parlez
1761 1518 29 22 de
1808 1518 33 22 lui

889 1542 58 23 rible
978 1548 93 18 menace
1101 1542 129 24 allemande
1260 1551 43 16 sur
1333 1544 21 23 le
1376 1544 14 22 à
1414 1551 30 15 un
1467 1545 30 22 de
1520 1551 40 16 ses
1582 1545 89 22 soldats
1696 1548 23 19 et
1742 1545 16 22 il
1782 1550 58 16 vous

890 1570 67 21 canal
975 1571 31 21 de
1025 1570 84 27 Suez),
1126 1578 16 14 a
1162 1571 114 26 remporté
1296 1573 58 20 cette
1376 1570 113 26 répondra
1500 1578 8 15 :
1538 1577 13 15 <
1559 1570 79 28 Monty
1666 1574 37 20 est
1732 1577 31 17 un
1792 1571 49 22 chic

890 1596 92 22 victoire
1011 1596 168 23 (TEl-Alamein
1209 1598 40 26 qui
1278 1597 76 22 devait
1377 1599 52 24 type
1441 1597 9 22 !
1460 1605 12 14 »
1490 1599 28 22 Et
1535 1598 55 22 c'est
1607 1598 31 27 là,
1653 1604 56 16 sans
1725 1598 78 27 doute,
1818 1598 23 21 le

890 1622 48 23 être
954 1624 14 21 à
984 1624 24 21 la
1024 1625 55 21 base
1094 1625 29 21 de
1140 1625 22 21 la
1177 1624 95 23 déroute
1289 1625 65 22 nazie
1377 1625 52 22 titre
1447 1626 57 21 dont
1523 1626 17 21 il
1560 1628 36 20 est
1617 1627 21 20 le
1660 1626 52 25 plus
1732 1625 52 26 fier.
1805 1625 35 22 Au

890 1655 29 16 en
935 1649 96 29 Afrique
1045 1651 32 22 du
1093 1650 69 24 Nord.
1377 1656 67 18 cours
1456 1652 30 22 de
1498 1658 27 16 sa
1538 1652 65 22 visite
1616 1652 15 22 à
1642 1652 129 27 Bruxelles,
1783 1656 58 17 nous

920 1676 65 23 Cette
1001 1678 92 22 victoire
1108 1679 30 25 fit
1153 1679 28 21 de
1197 1678 157 27 Montgomery
1376 1681 141 23 prouverons
1538 1685 53 20 que,
1611 1683 59 22 pour
1690 1684 59 17 nous
1768 1678 74 26 aussi,

890 1702 106 24 l'homme
1026 1705 23 22 le
1080 1705 53 26 plus
1163 1705 119 27 populaire
1311 1705 44 23 des
1377 1712 13 15 <
1397 1705 81 28 Monty
1491 1706 21 22 is
1527 1713 15 14 a
1555 1706 50 27 fine
1621 1705 58 27 chap
1690 1704 10 24 /
1708 1711 20 16 >.
1742 1718 32 4 —
1789 1706 52 22 R.P.

1888 652 35 40 «
1959 606 92 96 La
2100 616 331 86 sécurité
2478 616 507 102 économique
3036 597 95 98 de
3180 610 215 84 toute
3444 595 349 115 l'Europe

1893 732 486 99 occidentale
2424 729 303 119 dépend
2777 730 97 96 de
2921 729 305 95 l'avenir
3275 724 97 96 de
3418 723 70 96 la
3535 718 195 100 Ruhr
3760 766 32 41 »

1895 877 242 65 déclare
2158 877 61 65 le
2239 876 255 81 général
2510 873 76 67 de
2604 873 210 68 Gaulle

1885 999 109 24 Londres,
2009 998 25 22 10
2047 999 137 25 septembre.
2196 1008 29 6 —
2237 1006 13 12 «
2256 996 21 23 Jl
2290 999 39 23 n'y
2348 1002 84 17 encore
2442 1002 6 17 :
2464 1004 13 12 «
2483 998 51 24 Que
2547 997 150 25 l'Angleterre
2711 997 35 22 ait
2759 1000 56 18 con-

1860 1034 16 16 a
1892 1035 44 19 r-s
1953 1030 30 20 de
2000 1030 70 20 doute
2088 1033 43 21 que
2149 1029 27 24 ,.,
2194 1030 16 21 à
2226 1029 103 23 l'avenir,
2349 1022 134 21 -Uàun
2493 1021 206 44 ^'r-^^la
2705 1021 110 44 question

2349 1073 27 16 ce
2386 1068 60 21 n'est
2457 1069 43 24 pas
2512 1067 128 22 seulement
2651 1067 96 21 Irritant
2758 1069 58 23 peur

1859 1061 33 20 les
1907 1058 135 23 'ambitions
2069 1059 143 21 allemandes
2238 1065 23 13 se
2288 1059 27 20 dé-

1860 1090 109 20 chaînent
2002 1095 46 16 une
2079 1090 46 20 fois
2155 1088 30 22 de
2215 1089 59 25 plus,
2305 1089 25 20 la

1860 1121 88 21 Frahce
1968 1121 25 20 et
2013 1121 24 20 la
2059 1119 225 24 Grande-Bretagne
2304 1123 25 16 se

1860 1151 183 21 retrouveraient
2060 1150 52 21 côte
2128 1149 16 21 à
2160 1149 51 21 côte
2219 1155 19 18 »,
2255 1155 16 15 a
2288 1149 39 19 dé-

1862 1181 60 20 c'aré
1935 1181 22 20 le
1969 1180 95 25 général
2078 1181 29 20 de
2121 1180 83 21 Gaulle
2218 1185 31 15 au
2262 1183 67 16 cours

2349 1091 97 24 celle-ci,
2468 1091 60 21 mais
2550 1091 55 21 c'est
2626 1092 62 20 aussi
2710 1096 33 15 un
2765 1091 51 21 acte

2349 1115 99 21 absurde
2463 1114 109 22 vis-à-vis
2587 1113 30 23 de
2632 1115 110 24 l'Europe.
2750 1120 12 12 >a

2376 1145 13 12 «
2402 1139 21 20 Il
2445 1138 51 20 doit
2518 1140 15 22 y
2555 1138 64 21 avoir
2642 1139 15 21 à
2679 1138 83 20 l'ouest
2783 1140 34 18 un

2350 1161 127 25 règlement
2499 1161 30 20 de
2550 1162 85 20 nature
2657 1161 15 21 à
2695 1160 122 25 équilibrer

2350 1185 63 21 celui,
2427 1185 28 21 de
2473 1184 58 24 l'est,
2550 1190 15 16 a
2583 1184 36 21 dit
2636 1185 22 20 le
2676 1183 94 25 général
2787 1184 30 21 de

1860 1211 69 20 d'une
1941 1210 119 21 interview
2073 1209 110 22 accordée
2196 1214 31 17 au
2240 1214 88 16 corres-
2350 1209 84 21 Gaulle
2454 1209 16 21 à
2489 1212 84 20 propos
2593 1208 41 21 des
2655 1204 113 24 décisions
2789 1207 28 21 dé

1860 1242 106 23 pondant
1981 1241 32 20 du
2028 1247 12 12 «
2048 1241 77 20 Times
2131 1248 14 11 aa
2159 1241 16 22 à
2189 1240 73 21 Paris.

2349 1231 116 21 Potsdam.
2489 1228 51 24 Les"
2554 1234 70 18 zones
2647 1231 46 21 clés
2716 1231 55 20 soht
2793 1229 24 23 la

2350 1254 123 22 Rhénanie
2484 1256 26 19 et
2520 1255 25 20 la
2556 1255 73 21 Ruhr.
2641 1255 61 20 Pour
2714 1254 103 21 chacune

1887 1290 13 13 «
1907 1284 85 25 Quand
2019 1284 25 24 je
2070 1283 66 25 parle
2162 1284 56 21 d'un
2246 1283 84 22 accord
2350 1279 84 22 d'elles,
2446 1282 33 17 un
2491 1277 127 25 règlement
2629 1278 86 24 spécial
2727 1277 91 21 devrait

1860 1308 67 21 entre
1941 1308 25 20 la
1980 1308 90 20 France
2083 1308 26 20 et
2122 1308 26 20 la
2161 1307 167 21 Grande-Bre-
2350 1302 50 21 être
2415 1300 97 23 élaboré.
2528 1300 33 22 La
2577 1301 129 23 Rhénanie,
2723 1303 12 18 c
2742 1300 75 21 est-à-

1861 1332 76 22 tagne,
1966 1336 15 15 a
2009 1330 91 21 déclaré
2129 1331 21 20 le
2179 1330 93 24 général
2299 1330 31 21 de
2350 1326 50 20 dire
2411 1325 23 21 la
2445 1325 50 20 rive
2505 1325 89 24 gauche
2605 1325 31 20 du
2648 1325 70 23 Rhin,
2731 1324 86 20 consti-

1861 1352 89 25 Gaùlle,
1972 1355 24 23 je
2016 1355 60 20 crois
2097 1354 68 24 qu'on
2187 1357 30 18 ne
2238 1354 92 21 devrait
2350 1349 39 21 tue
2409 1352 47 17 une
2476 1348 101 21 marche.
2598 1348 61 21 Pour
2679 1348 24 21 la
2723 1348 88 20 Fretnce

1861 1382 45 19 pas
1920 1382 84 19 penser
2020 1377 15 21 à
2053 1382 47 17 une
2117 1377 139 22 «alliance»
2274 1377 14 21 à
2305 1377 25 22 la
2350 1373 62 20 cette
2427 1371 95 22 marche
2538 1371 125 25 comprend
2679 1371 101 24 Cologne
2795 1370 25 21 et

1861 1401 103 20 manière
1978 1401 141 23 d'autrefois,
2134 1401 60 21 mais
2207 1398 78 27 plutôt
2298 1406 31 16 au
2349 1394 89 22 s'étend
2456 1394 90 25 Jusqu'à
2566 1395 24 21 la
2608 1393 114 23 frontière
2739 1399 79 16 suisse,

1862 1424 154 24 rajustement
2044 1424 30 21 de
2103 1425 50 20 leur
2182 1423 149 26 coopération
2350 1419 25 21 Si
2397 1419 23 20 la
2440 1419 89 20 France
2551 1422 25 17 se
2595 1418 93 21 retirait
2708 1417 30 21 de
2758 1417 62 21 Cette

1864 1448 111 21 mutuelle
1988 1454 13 12 >a
2351 1442 80 24 région
2454 1441 67 25 après
2544 1441 9 20 1
2560 1442 64 20 avoir
2647 1440 104 26 occupée,
2775 1441 45 20 elle

1887 1475 98 21 Parlant
1999 1475 40 20 des
2053 1474 98 22 intérêts
2166 1471 164 25 communTde
2351 1470 14 19 P
2364 1489 9 15 t
2366 1470 12 15 e
2379 1464 163 40 ^Li?riti
2543 1470 12 15 e
2559 1488 30 16 «n
2592 1469 23 15 m
2616 1488 75 16 m«m»
2691 1469 13 16 e
2719 1462 100 42 SSSÎ-nî

1861 1498 23 20 la
1902 1499 88 20 France
2008 1498 24 21 et
2049 1497 30 22 de
2095 1498 24 21 la
2137 1498 192 21 Grande-Breta-
2349 1488 93 38 5*Aj
2441 1487 272 39 MS^tetxtFxS*,,,
2717 1491 102 35 tSKS»

1863 1526 52 20 gnq,
1926 1522 22 20 le
1959 1521 94 24 général
2065 1522 29 20 de
2106 1520 84 22 Gaulle
2202 1527 15 16 a
2228 1521 102 22 déclaré:
2350 1511 92 30 don.de
2457 1511 24 21 la
2495 1511 123 21 Rhénanie
2633 1513 42 23 par
2691 1511 23 21 la
2730 1512 90 20 France

1887 1546 51 20 «Le
1949 1545 184 21 Proche-Orient
2143 1546 37 20 est
2190 1545 24 21 la
2225 1549 56 17 zone
2293 1545 37 23 où,

1863 1573 31 15 en
1907 1568 54 21 tant
1974 1573 44 20 que
2031 1569 133 24 puissances
2178 1568 154 22 occidentales

1864 1592 24 20 et
1902 1596 31 16 en
1949 1592 54 20 tant
2017 1596 44 20 que
2076 1592 134 24 puissances
2225 1591 108 22 mondia-
2361 1588 86 31 .^™P,
2443 1588 14 14 e
2463 1588 63 31 -..°Vi
2525 1588 5 13 :
2530 1588 23 28 'î
2552 1606 9 13 3
2555 1588 12 13 e
2567 1588 51 31 ">;~
2619 1588 13 14 e
2631 1605 23 14 0(
2670 1588 30 31 i"»
2696 1588 15 17 p
2705 1588 116 31 nJ".e,t.l

1864 1614 32 17 l«
1937 1615 20 16 ira
1994 1614 225 17 nw.airio-nri(r.aarao
2251 1616 25 15 pt
2308 1614 23 17 ]«
2351 1605 96 21 l'avenir
2461 1604 29 22 de
2504 1604 24 21 la
2542 1605 73 21 Ruhr.
2630 1605 26 21 Si
2670 1605 8 20 1
2685 1605 136 26 Allemagne

2351 1535 39 21 fut
2402 1535 23 20 le
2438 1534 95 24 prélude
2547 1535 30 20 de
2590 1534 62 21 cette
2664 1536 88 23 guerre.

2376 1559 34 20 La
2427 1557 98 22 sécurité
2543 1557 147 26 économique
2708 1557 29 22 de
2756 1558 63 20 toute

2351 1581 106 25 l'Europe
2489 1579 143 23 occidentale
2666 1580 91 25 dépend
2790 1581 31 21 de

1863 1613 44 25 les,'
1936 1614 25 22 la
1993 1615 226 26 Grande-Bretagne
2250 1615 27 21 et
2308 1613 26 24 la

1863 1639 88 20 France
1966 1638 109 21 auraient
2087 1638 32 21 dû
2133 1632 65 28 avoir
2211 1641 46 18 une
2271 1639 60 25 polN
2351 1632 227 35 r^ljKjEr^ïï5
2577 1653 15 14 M
2591 1632 38 35 2ïi
2641 1632 7 16 '
2650 1634 13 15 a
2665 1633 32 34 -,f
2699 1633 11 15 r
2711 1632 28 31 ??
2736 1653 12 14 n
2741 1633 28 15 UC
2766 1632 44 35 S?i'

1865 1662 62 24 tique
1942 1665 147 17 commune.»
2103 1677 157 16 ,..-._
2271 1644 16 20 P
2289 1684 29 9 „.
2361 1652 109 37 Kr
2479 1657 26 16 "
2519 1656 88 37 e,T,
2615 1650 123 43 Mii*
2737 1652 61 41 ^

1890 1685 98 21 Parlant
1998 1685 92 20 ensuite
2102 1684 31 22 du
2145 1685 117 25 problème
2274 1684 46 23 alle-

1863 1708 79 24 mand,
1960 1709 23 20 le
2000 1708 95 25 généra^
2113 1709 29 21 de
2161 1709 85 21 Gaulle
2263 1714 16 17 a
2295 1709 38 21 dit

887 1800 96 70 Le
997 1801 534 70 désarmement
1539 1802 126 69 des
1680 1802 233 69 forces
1916 1805 414 92 japonaises

1111 1927 76 44 se
1212 1905 338 93 poursuit
1578 1928 165 43 sans
1771 1901 358 70 incidents

912 2018 79 23 Tokio.
1007 2019 12 20 9
1034 2019 136 25 «septembre.
1184 2030 28 5 —
1225 2018 35 23 La
1273 2020 68 21 démo

886 2041 118 22 bilisation
1030 2044 25 20 et
1082 2043 21 21 le
1123 2043 170 21 désarmement
1313 2044 42 20 des
1375 2045 55 20 Mac
1445 2043 95 21 Arthur.
1556 2054 27 4 —
1599 2043 93 21 Reuter.

886 2065 75 21 forœs
975 2066 132 24 japonaises
1119 2067 93 22 suivent
1225 2067 49 20 leur
1288 2071 67 17 coure

886 2092 56 17 sans
958 2089 121 21 inoldents.

912 2112 34 20 La
961 2113 178 22 neutralisation
1154 2113 41 21 des
1211 2114 60 20 deux
1287 2114 68 20 bases

887 2136 94 21 navales
995 2136 29 21 de
1037 2137 105 20 Kutsura
1154 2137 25 20 et
1191 2137 31 21 de
1235 2137 118 23 Katsuya-

887 2160 39 19 tna
939 2159 61 22 dans
1011 2159 23 21 la
1048 2159 52 21 baie
1113 2161 29 19 de
1156 2160 72 21 Tokio
1242 2165 43 19 par
1298 2160 43 21 l'ar-

886 2182 50 21 mée
947 2183 25 20 et
980 2182 24 22 la
1014 2183 89 21 marine
1114 2183 97 24 opérant
1221 2184 29 21 de
1260 2185 95 20 concert

887 2209 13 16 a
920 2206 132 21 commencé
1071 2207 129 20 dimanche.

912 2230 153 24 Entretemps,
1082 2230 30 21 de
1127 2230 118 21 nouvelles
1259 2230 96 24 troupes

886 2252 152 22 américaines
1052 2254 43 20 ont
1110 2249 114 29 débarqué
1239 2258 32 16 au
1278 2253 77 25 Japon

887 2276 23 20 et
921 2281 27 16 se
957 2276 117 25 déplodent
1086 2277 95 23 suivant
1192 2282 34 16 un
1238 2277 56 24 plan
1306 2278 35 20 soi-

887 2301 151 21 gneusement
1054 2300 77 21 établi.
1148 2301 21 19 Il
1185 2301 37 20 est
1237 2305 46 23 peu
1299 2305 43 20 pro-

887 2322 67 21 bable
967 2323 55 24 qu'U
1035 2324 47 20 soit
1096 2323 97 26 procédé
1207 2323 16 22 à
1237 2319 116 26 l'arresta-

888 2345 50 23 taion
952 2344 43 23 des
1010 2347 117 20 criminels
1142 2347 31 21 de
1189 2352 82 19 guerre
1287 2348 55 23 japo-

887 2369 53 22 nais
952 2371 72 20 avant
1036 2375 44 18 que
1091 2370 34 21 les
1137 2371 73 21 forces
1225 2371 129 24 taponaises

885 2392 66 23 aient
967 2393 37 21 été
1020 2393 137 22 désarmées.
1173 2404 29 5 —
1217 2395 95 21 Reuter.

965 2423 40 25 La
1019 2424 86 24 Corée
1120 2430 17 18 a
1151 2423 124 29 capitulé

913 2459 70 25 Keijo
1001 2460 87 21 (Séoul)
1111 2461 100 22 (Corée).
1226 2461 13 20 9
1253 2461 88 24 septem-

887 2482 47 22 bre.
953 2493 29 5 —
1001 2484 32 20 Le
1052 2483 93 25 général
1166 2480 114 29 Nobuyuk
1299 2485 56 23 Abe,

888 2510 143 20 gouverneur
1043 2506 92 25 général
1146 2507 31 21 de
1188 2507 23 21 la
1223 2507 71 22 Corée
1305 2507 37 22 mé-

887 2530 119 21 ridionale,
1032 2535 16 16 a
1074 2530 65 25 signé
1166 2531 130 24 dimanche,
1323 2536 32 16 au

887 2552 81 26 palais,
984 2553 66 22 l'acte
1065 2554 31 21 de
1111 2555 158 23 capitulation.

898 2584 51 23 Les
963 2584 137 29 Japonais
1116 2583 118 25 devront
1250 2583 77 25 obéir
1340 2583 8 25 !

913 2616 79 25 Tokio.
1005 2617 13 23 9
1030 2619 136 25 septembre.
1178 2631 28 5 —
1217 2621 33 20 Le
1263 2621 92 23 général

888 2642 54 21 Mac
955 2642 88 22 Arthur
1055 2648 16 16 a
1082 2643 91 21 déclaré
1186 2648 44 20 que
1243 2644 34 20 les
1289 2645 52 19 trou-

893 2670 41 20 pes
958 2666 161 25 d'occupation
1139 2666 80 21 alliées
1243 2667 115 24 agiraient

889 2689 193 25 principalement
1103 2694 90 17 comme
1212 2694 34 17 un
1267 2691 77 20 instru-

889 2714 65 19 ment
968 2713 85 24 auquel
1066 2713 19 20 dl
1100 2714 105 23 paumait
1219 2714 102 20 recourir
1335 2714 21 21 si

888 2735 78 22 c'était
1003 2735 129 23 nécessaire
1168 2741 60 24 pour
1263 2732 93 26 obtenir

890 2760 8 20 1
905 2759 131 21 obéissance
1052 2758 16 22 à
1083 2764 38 17 ses
1135 2756 86 25 ordres.

916 2783 63 20 Tous
992 2783 34 21 les
1039 2786 95 21 moyens
1147 2785 80 21 seront
1240 2783 89 22 donnés
1342 2782 16 22 à

891 2805 135 25 l'empereur
1040 2806 32 21 du
1086 2806 77 29 Japon
1176 2807 25 20 et
1214 2807 16 20 à
1242 2808 45 19 son
1300 2811 46 22 gou-

888 2830 135 20 vernement
1029 2829 29 21 de
1068 2829 85 21 mettre
1157 2834 57 17 saans
1223 2829 131 23 contrainte

890 2850 62 23 leurs
964 2851 80 23 ordres
1056 2851 16 22 à
1085 2852 128 22 exécution.

915 2876 44 22 Les
971 2876 65 21 civils
1048 2876 107 26 japonais
1167 2877 80 20 seront
1259 2876 98 25 dégagés

889 2898 29 21 de
933 2907 10 9 «
959 2899 65 21 toute
1037 2900 156 20 intervention
1204 2904 48 17 non
1267 2901 75 19 autori-

890 2922 35 20 sée
941 2930 17 15 aa,
969 2922 61 21 mais
1040 2923 80 20 œront
1132 2923 69 20 tenus
1211 2923 88 20 d'obéir
1309 2928 47 16 aux

889 2945 49 24 lois,
952 2946 180 24 proclamations
1145 2947 25 20 et
1184 2947 79 20 ordres
1277 2946 66 21 trans-

889 2968 44 22 mis
949 2971 44 22 par
1008 2969 22 21 le
1048 2965 179 28 gouvernement
1242 2969 113 25 Impérial,

1376 2019 15 22 à
1407 2020 24 21 la
1443 2020 61 21 sudte
1519 2020 30 21 de
1565 2019 120 22 directives
1700 2019 33 22 du
1749 2018 94 25 général
1866 2020 165 20 commandant
2047 2019 29 23 de
2092 2019 24 21 la
2132 2019 68 23 flotte
2215 2018 105 23 britanni-

1865 2048 44 19 que
1920 2043 32 20 du
1962 2043 124 24 Pacifique,
2097 2048 15 16 a
2124 2043 74 24 quitté
2209 2043 123 21 dimanche

1866 2066 72 21 Tokio
1952 2066 15 21 à
1983 2066 56 22 bord
2055 2067 28 20 de
2098 2071 43 16 son
2154 2067 81 21 navire
2250 2066 83 21 amiral

1409 2081 36 23 Le
1460 2081 91 23 calme
1565 2079 84 30 règne
1663 2080 18 23 à
1696 2079 114 29 présent

1506 2111 18 24 à
1540 2111 176 28 Hong-Kong

1402 2147 20 20 A
1432 2146 58 22 bord
1501 2147 31 21 du
1545 2155 9 9 «
1563 2146 65 21 Duke
1639 2147 25 20 of
1675 2146 63 21 York
1746 2146 43 29 ..JJj

1379 2170 93 22 tembre.
1473 2181 27 4 —
1506 2169 107 22 L'amiral
1626 2170 39 22 Sir
1678 2171 73 20 Bruse

1407 2242 295 58 Séparatistes

1406 2305 46 37 et
1471 2300 294 56 léopoldistes

1428 2368 52 21 «La
1496 2367 68 21 Libre
1582 2367 135 25 Belgique»,
1736 2366 15 21 à
1768 2370 42 22 pro-

1402 2395 41 20 pos
1478 2391 29 20 de
1541 2390 25 21 la
1599 2390 160 25 réapparition
1792 2390 32 20 du

1408 2423 3 7 a
1418 2414 99 21 Gaulois
1525 2422 18 15 ..,
1565 2413 78 21 s'écrie
1664 2417 45 21 que
1729 2414 20 20 si
1770 2413 53 21 tous

1401 2437 33 20 les
1457 2436 173 25 antiroyalistes
1652 2441 32 16 ne
1704 2436 55 21 sont
1781 2439 42 21 pas

1401 2460 156 24 séparatistes,
1569 2460 52 20 tous
1631 2460 34 20 les
1674 2459 151 25 séparatistes

1402 2484 54 20 sont
1475 2483 178 27 antiroyalistes.

1428 2506 84 21 Erreur
1523 2507 5 20 !
1560 2507 26 20 Si
1613 2506 35 20 les
1675 2505 149 25 séparatistes

1402 2529 102 23 wallons,
1533 2529 55 20 bien
1617 2533 45 19 peu
1691 2530 134 21 nombreux,

1403 2553 54 20 sont
1487 2551 198 26 antiléopoldlens,
1716 2553 50 20 cela
1795 2556 31 16 ne

1402 2575 57 20 veut
1472 2579 42 20 pas
1529 2579 83 17 encore
1627 2574 50 22 dire
1691 2574 66 25 qu'ils
1771 2574 55 22 sont

1401 2598 179 24 antiroyalistes.

1428 2621 62 21 Mais
1505 2625 46 17 une
1567 2621 70 21 chose
1651 2621 36 21 est
1703 2621 103 21 certaine
1816 2625 5 16 :

1402 2644 56 21 c'est
1480 2649 43 20 que
1546 2645 51 19 tous
1619 2645 34 19 les
1674 2644 150 25 séparatistes

1403 2667 124 23 flamands,
1544 2667 105 27 pendant
1665 2667 159 25 l'occupation,

1403 2695 24 15 se
1461 2691 138 22 rangeaient
1626 2689 107 22 "derrière
1766 2689 45 22 Léo-

1403 2713 55 29 pold
1484 2714 37 19 III
1544 2714 28 19 et
1597 2714 54 20 sont
1677 2713 148 24 aujourd'hui

1403 2732 141 32 léqpoldiens
1561 2737 55 20 cent
1632 2740 59 21 pour
1708 2736 61 22 cent.

1431 2760 28 19 Et
1474 2764 27 15 ce
1514 2759 40 24 qui
1568 2759 37 20 est
1619 2763 49 17 non
1683 2759 76 21 moins
1775 2762 37 18 cer-

1405 2782 58 24 tain,
1479 2782 55 20 c'est
1550 2786 44 20 que
1609 2783 23 20 le
1647 2782 64 24 parti
1726 2782 87 21 catholi-

1404 2809 51 20 que,
1470 2809 27 16 sa
1511 2809 79 20 presse
1605 2806 25 20 et
1644 2810 44 16 son
1702 2804 76 26 clergé
1792 2806 35 20 les

1405 2827 132 25 ménagent.

1429 2851 32 20 Le
1475 2850 65 23 refus
1553 2850 30 21 de
1597 2851 25 21 la
1636 2850 76 22 droite
1726 2851 29 21 de
1770 2855 43 21 par-

1404 2873 82 25 ticiper
1512 2873 15 21 à
1552 2873 114 21 l'examen
1692 2874 32 20 du
1749 2875 78 24 projet

1404 2897 80 22 relatif
1487 2897 47 23 ._à.
1543 2897 33 22 Ja.
1594 2898 70 23 .perte
1684 2897 47 23 des.
1753 2897 73 20 droits

1406 2919 123 24 politiques
1552 2923 58 20 pour
1633 2919 35 20 les
1691 2918 132 26 inciviques,

1404 2946 31 17 en
1453 2942 36 21 est
1507 2941 74 22 l'aveu
1598 2942 146 22 irrécusable.

1886 2090 65 21 Duke
1967 2090 26 20 of
2009 2089 63 22 York
2080 2098 8 9 "
2093 2105 4 8 ,
2113 2089 16 21 à
2145 2090 142 22 destination
2304 2090 28 20 de

1867 2112 154 30 Hông-Kang.
2046 2112 21 21 U
2091 2113 102 21 arrivera
2210 2113 61 21 dans
2287 2112 46 22 l'île

1867 2138 51 19 vers
1933 2136 22 22 le
1969 2136 79 21 milieu
2061 2133 29 24 de
2105 2137 25 20 la
2143 2136 110 21 semaine.

1892 2167 37 20 On
1943 2172 106 16 annonce
2061 2171 44 20 que
2112 2167 149 24 Hong-Kong
2273 2171 16 17 a
2296 2166 37 22 été

1866 2191 74 20 calme
1951 2190 129 24 dimanche,
2091 2190 69 25 après
2170 2191 34 21 les
2214 2190 119 21 déœirdreâ

1867 2213 125 25 provoqués
2024 2218 44 25 par
2091 2213 108 26 quelques
2222 2214 112 20 Jaoonai;

1866 2237 39 24 qui
1923 2239 43 20 ont
1984 2236 65 22 tenté
2064 2238 30 20 de
2114 2237 47 20 fuir
2179 2237 34 21 les
2231 2238 103 22 Chinois,

1867 2257 51 25 tifin
1929 2261 29 21 de
1971 2266 25 16 se
2009 2261 84 20 rendre
2103 2265 48 16 aux
2163 2261 170 24 Britanniques.

1892 2291 91 21 L'ordre
1993 2296 15 16 a
2017 2290 37 22 été
2064 2288 83 24 rétabli
2156 2293 43 22 par
2209 2292 21 20 le
2241 2292 92 21 contre-

1866 2315 83 20 amiral
1964 2315 121 23 Harcourt,
2101 2315 38 23 qui
2156 2314 45 21 fait
2217 2315 116 21 fonctions

1867 2336 34 26 de|
1922 2342 142 20 gouverneur
2085 2338 31 21 de
2133 2335 47 25 l'Ile
2198 2338 90 24 jusou"à
2307 2340 27 19 Ce

1867 2361 71 25 qu'un
1950 2366 143 20 gouverneur
2104 2361 54 22 civil
2169 2362 36 21 ait
2216 2361 36 22 été
2265 2366 56 17 nom-

1868 2383 43 25 mé.
1924 2395 28 5 —
1964 2385 93 21 Reuter.

2351 1676 60 20 lions
2420 1675 31 21 de
2461 1675 90 24 tonnes,
2562 1675 59 21 ainsi
2633 1679 43 21 que
2687 1675 41 21 des
2734 1674 73 21 -indus-

2351 1694 56 25 tries
2425 1698 29 21 de
2472 1698 25 21 la
2513 1698 73 23 Ruhr,
2604 1698 44 21 elle
2666 1697 155 22 retrouverait

2350 1724 28 19 sa
2405 1721 122 29 puissance
2555 1721 148 29 économique
2730 1720 31 24 et,
2789 1725 32 17 en

2352 1744 76 22 même
2439 1746 81 23 temps,
2532 1744 22 22 le
2566 1748 83 20 moyen
2660 1741 29 25 de
2700 1744 122 22 redevenir

2353 1773 46 16 une
2413 1770 101 19 mehâce.
2529 1768 24 21 SI
2568 1768 23 21 la
2604 1768 67 21 Ruhr
2684 1764 26 25 et
2722 1768 22 21 le
2757 1767 64 22 Rhin

2352 1792 90 21 étaient
2454 1791 219 24 internationalisés,
2684 1791 30 21 ils
2727 1791 81 20 devien-

2353 1816 91 20 draient
2469 1820 35 16 un
2528 1815 65 29 foyer
2618 1814 31 22 de
2673 1814 149 26 coopération

2352 1838 151 25 européenne.
2520 1837 72 22 Entre
2608 1839 34 21 les
2659 1838 76 21 mains
2753 1837 68 22 d'une

2352 1861 63 22 seule
2434 1861 89 23 nation,
2543 1867 27 16 ce
2588 1859 73 24 serait
2679 1866 33 17 un
2731 1859 78 24 instru-

2352 1885 66 21 ment
2433 1885 29 22 de
2476 1885 172 22 domination,»
2662 1895 28 5 —
2704 1886 78 20 A.F.P.

2369 1958 36 34 .e
2419 1936 171 67 général
2605 1935 55 57 de
2674 1936 147 55 Gaulle

2454 2013 27 49 à
2507 2006 214 57 Bruxelles

2402 2081 140 25 Répondant
2564 2081 15 21 à
2602 2080 138 22 l'invitation
2763 2080 33 21 du

2377 2106 79 24 prince
2475 2105 82 24 régent
2574 2105 24 21 et
2618 2106 31 19 du
2669 2107 114 22 gouverne-

2377 2130 65 20 ment
2454 2130 69 23 hrl^e,
2530 2129 22 21 le
2565 2128 93 26 général
2671 2127 28 22 de
2707 2128 89 21 Gaulle,

2377 2152 118 25 président
2540 2151 32 22 du
2617 2153 180 25 gouvernement

2377 2178 123 43 ?trovisoire
2535 2177 29 21 de
2595 2177 26 21 la
2654 2176 141 23 République

2389 2200 110 25 française,
2522 2198 96 24 viendra
2640 2200 15 22 à
2678 2198 118 23 Bruxelles

2377 2225 60 20 dans
2453 2225 25 20 la
2495 2225 110 24 première
2624 2225 121 24 quinzaine
2764 2223 32 22 du

2376 2249 60 21 mois
2452 2249 120 23 d'octobre.
2588 2261 27 4 —
2632 2250 26 20 T.

1022 3020 235 83 Dans
1282 3018 83 85 le
1398 3020 321 83 monde

126 3618 61 67 E
210 3622 131 63 LES
370 3620 449 65 ETATS-UNIS

0 3696 169 89 ...M
190 3712 359 65 FRANCE...

1 3822 68 22 tstÏo
87 3805 112 39 rfi'i?^re-
213 3831 27 4 —
254 3820 32 20 T-e
300 3822 85 21 voyage
406 3817 243 21 franco-américaines
661 3817 107 21 auraient
779 3816 14 22 &
803 3815 66 23 souf-

1 3837 25 32 ^«
33 3852 15 17 i*>
56 3847 13 16 »
84 3836 54 33 «"/3S
138 3836 4 19 1
145 3836 53 28 **le
209 3843 15 21 à
235 3843 152 24 Washington
406 3841 42 20 frir
466 3842 55 19 d'un
538 3845 131 16 renouveau
686 3840 136 23 d'agitation
840 3844 30 17 ou

1 3862 7 31 i
20 3861 49 31 r&*
83 3861 39 32 te^
137 3864 89 29 "ijfcrnls
243 3868 29 19 de
292 3867 94 23 dissiper
408 3865 66 20 d'une
491 3864 160 24 prolongation
666 3865 29 20 de
712 3864 159 22 l'incertitude,

1 3886 67 31 *rw»j!
83 3884 137 33 SfiMÎf&us.
243 3893 44 18 Les
309 3890 78 20 Etats-
409 3889 57 19 mais
481 3893 37 14 ces
532 3888 100 19 réserves
646 3888 136 20 n'étonnent
797 3887 75 25 guère,

1 3908 71 30 ~ïP^
84 3908 69 30 SSir
152 3913 9 18 3
160 3916 12 17 *
183 3916 133 19 retrouvent
334 3917 55 15 avec
410 3912 31 18 les
458 3910 137 20 Etats-Unis
612 3915 31 15 ne
659 3909 143 21 dissimulai"

101 3931 148 32 JJ'itoosphère
265 3934 125 22 habituelle
411 3933 28 20 de
451 3933 61 20 leurs
524 3933 139 23 orgueilleux
676 3934 108 20 desseins.

15 3980 30 28 --.î
55 3995 19 13 «
84 3969 122 39 fSîPtaent
220 3981 117 26 optimiste
351 3984 40 17 sur

57 3996 5 15 E
61 3996 40 30 X
98 3996 5 17 l
102 4000 177 33 2?rrurn:m-de
303 4004 89 21 Gaulle.

96 4025 101 33 jjfhlités
211 4028 105 23 admises,
328 4028 16 21 il
356 4027 36 21 est

87 4048 58 25 SHit
152 4058 72 16 serrer
237 4053 28 20 de
277 4052 52 26 plus
340 4051 52 26 près

4 4106 32 19 Tft.
44 4102 25 17 a?I
81 4097 53 32 a?F
134 4100 31 21 &ut
172 4106 29 20 P°
201 4101 47 21 rfcer
260 4100 28 21 i'&
290 4100 37 20 lde
340 4104 51 16 ma_

1 4123 64 26 Uft^
79 4120 133 32 ^Amérique
227 4125 27 23 à,
258 4125 22 20 la
296 4123 95 22 France.

1 4144 53 28 i"^
58 4146 4 16 1
79 4144 116 26 ïSwmettra
205 4148 138 24 d'envisager
354 4147 36 22 sé-

1 4180 3 15 >
6 4174 18 17 ui
39 4171 23 27 ^
77 4178 30 20 .v*:
119 4167 108 26 exécution
253 4173 56 21 d'un
334 4169 56 27 plan

1 4193 34 30 ifiS'
50 4207 12 16 g
77 4189 29 34 ii
114 4194 157 29 instruction,
289 4195 101 26 puisque,

1 4232 126 40 e'^SS*
142 4239 26 21 du
181 4243 56 21 Cana
238 4245 33 21 ^-
289 4245 8 20 l
299 4249 11 15 e
311 4248 12 17 S
341 4243 37 21 cré
380 4253 10 5 ~

1 4273 11 12 11
29 4264 37 31 'if
81 4260 50 35 orft
146 4267 36 16 S0n
182 4265 10 30 ^
207 4268 96 21 «cordés
320 4267 69 21 attei-

1 4290 65 30 "flM"
81 4282 57 38 K
139 4290 14 16 Q
164 4288 83 23 milliard
259 4292 28 21 de
300 4291 84 21 d0llarS
385 4306 5 5 -

21 4305 132 42 ^OTlfiffl
166 4313 120 26 Possibilités
304 4315 85 24 dépen-

90 4331 33 34 iSÎ
131 4333 12 32 ?
143 4336 10 17 e
165 4331 20 25 Ia
199 4339 139 24 conjoncture
353 4339 37 20 in-

93 4357 29 31 J*
133 4357 17 20 la
163 4359 76 24 France
255 4363 55 24 peut
327 4367 63 17 com-

95 4379 21 28 b
117 4380 89 33 «gvisager
225 4385 90 22 l'avenir
335 4390 56 18 avec

98 4401 89 36 "^œ.
205 4409 33 21 On
255 4414 65 17 verra
339 4411 52 23 plus

118 4430 71 26 •—.du
203 4433 68 22 moins
288 4438 31 17 on
336 4434 56 25 peut

98 4452 69 32 tfJPfw
177 4454 28 21 les
216 4455 102 24 élections
330 4450 60 28 (foc-

99 4474 58 34 wjode
166 4477 104 24 électorale
276 4482 66 21 étant
347 4483 45 23 peu

95 4497 39 35 J*
145 4501 67 23 grands
224 4505 88 25 projets.

103 4523 18 12 ■-
134 4523 14 17 u
160 4523 42 22 faut
214 4529 72 22 porter
301 4529 91 21 surtout

89 4547 42 33 ■tiJ
130 4547 19 33 ?i
160 4550 20 17 re
182 4549 33 31 >
225 4552 131 22 Etats-Unis
367 4554 25 20 et

89 4567 45 28 M*
143 4567 19 22 1&
170 4570 72 26 régime
253 4577 28 20 de
293 4576 24 21 la
329 4577 63 21 Rhé-

83 4592 62 35 ,fi»Ja
158 4593 60 25 Ruhr.
232 4600 34 20 On
281 4601 80 20 estime
378 4601 15 21 à

86 4616 60 36 ■KL
156 4621 17 17 €l
172 4622 10 30 i
180 4623 13 16 x
205 4621 82 25 ^ons
301 4624 92 21 doivent

84 4644 52 25 ■ffr,'
136 4644 10 14 5
145 4644 12 30 ?,
172 4644 12 19 à
201 4644 21 21 la
235 4648 158 21 Souveraineté

121 4666 13 14 *
146 4666 37 20 ion
197 4669 49 21 veut
262 4671 69 21 éviter
348 4675 45 17 une

98 4688 37 31 .J
135 4690 6 15 1
141 4691 17 17 *-
173 4691 57 22 Cette
245 4695 95 21 solution
357 4696 35 20 fe-

9 4711 176 31 ^^rAJE»vec
198 4714 28 23 les
242 4720 151 23 amputations

84 4737 78 33 .ODfB?
179 4742 13 16 a
212 4741 69 22 subies
302 4744 15 20 à
337 4743 56 24 l'est,

131 4762 57 24 F«e
203 4762 47 30 trop
265 4766 98 22 radicale
380 4767 14 20 à

118 4784 63 31 J^xoi
195 4784 48 26 qu'il
258 4793 30 17 en
304 4791 51 23 soit,
372 4791 22 21 le

88 4810 25 27 fc
118 4805 27 36 g
153 4809 74 22 soumis
244 4816 13 17 s,
275 4813 23 21 la
314 4813 79 23 confé-

119 4828 26 13 ■
153 4833 102 23 ministres
267 4836 38 22 des
318 4838 41 21 Aff
360 4839 33 20 ai-

162 4857 34 22 qui
211 4859 103 24 s'ouvrira
331 4860 64 23 lundi

103 4894 67 43 •ïï^iï
177 4903 21 34 ï
206 4908 149 23 «Nveraineté
368 4910 14 21 d
381 4914 14 17 «

136 4928 32 32 tfii
188 4949 3 2 -
196 4929 76 23 0chlne
284 4932 57 22 n,€st
354 4938 16 20 p
369 4938 27 16 35

121 4950 54 35 «£5*
186 4955 14 23 o.
198 4956 15 16 11
216 4976 5 9 ,
226 4957 114 24 remarque
353 4961 43 21 Que

101 4977 63 28 ™*2i,
169 4978 10 15 e
194 4977 7 18 *
202 4977 22 19 ul
239 4978 99 23 donnent
355 4985 41 20 pas

101 4996 46 35 'tfi
154 4996 96 35 gercer.
263 5003 20 20 Il
297 5003 100 23 faudrait

108 5022 72 34 e^je
188 5022 58 23 toute
256 5030 99 21 urgence,
364 5033 33 17 un

50 5040 156 42 aï?5ffiW
207 5047 13 21 U
220 5052 24 30 1.
268 5050 129 25 portant,

10 5066 51 36 ï*?
86 5066 91 36 ^S°??
176 5067 38 23 ible
223 5071 49 22 den
282 5079 86 17 assurer
377 5076 21 21 le

20 5096 28 23 ?ré
47 5094 14 32 1
86 5091 54 35 iflS»
146 5091 36 35 nih
196 5098 21 16 se
217 5099 14 27 V
232 5096 31 21 les
276 5102 123 19 ressources

10 5112 55 33 nasj
86 5116 42 29 "Ht*
135 5112 113 33 J^onale.

14 5145 48 31 î*»
89 5133 187 43 L^St^ï^
290 5145 67 25 ^on
370 5148 29 20 de

15 5161 92 24 s^S»
114 5159 99 28 rhSïïAfce
231 5167 168 20 indirer.t^mpnt.

650 3968 22 22 J.
682 3968 164 20 BARSALOU.

945 3134 21 17 *à
975 3135 26 16 Le
1023 3133 98 19 ministère
1144 3135 26 17 du
1179 3137 3 7 '
1193 3136 108 16 Commerce
1324 3135 24 17 de

978 3155 82 19 Turquie
1077 3159 12 13 a
1104 3155 76 17 décrété
1198 3156 20 16 la
1237 3156 57 17 saisie
1313 3156 34 17 des

980 3176 145 16 marchandises
1152 3177 130 19 appartenant
1311 3180 38 13 aux

979 3197 111 19 puissances
1104 3197 25 17 de
1141 3197 58 17 l'Axe.
1214 3205 23 5 —
1251 3197 64 17 A.F.P.

944 3215 22 23 0
976 3217 26 16 La
1014 3217 54 17 radio
1081 3217 23 17 de
1116 3216 131 22 Luxembourg
1260 3219 88 16 annonce

979 3238 70 19 qu'une
1078 3237 158 18 administration
1264 3238 85 17 centrale

980 3259 35 16 des
1031 3257 86 18 Chemins
1134 3258 23 18 de
1174 3258 30 18 fer
1219 3259 105 17 allemands
1338 3263 12 14 a

980 3278 31 18 été
1037 3278 99 20 organisée
1163 3279 11 17 à
1200 3280 97 17 Blelcleld.
1324 3283 24 14 en

981 3299 123 19 Westphalle.
1133 3299 51 18 C'est
1217 3298 18 19 le
1267 3301 83 19 premier

981 3320 109 19 organisme
1114 3320 58 17 remis
1197 3323 38 14 aux
1257 3320 94 18 autorités

982 3340 118 17 allemandes
1113 3339 49 18 dans
1178 3341 18 16 la
1213 3345 46 13 zone
1275 3343 65 15 d'occu-

981 3362 67 18 pation
1066 3361 128 20 britannique.
1209 3370 24 5 —
1247 3361 77 18 Reuter.

949 3381 20 22 9
980 3382 91 19 L'agence
1083 3381 47 17 Tass
1144 3386 86 13 annonce
1242 3383 24 17 de
1277 3383 73 17 Vienne

981 3402 56 19 qu'au
1048 3404 56 15 cours
1113 3402 26 17 du
1149 3403 71 16 conseil
1231 3404 23 16 di
1266 3404 82 18 cabinet,
1359 3413 4 6 .

980 3423 33 19 qui
1037 3423 46 17 s'est
1107 3426 45 13 tenu
1176 3423 20 17 l»
1215 3425 10 16 $
1242 3424 106 19 septembre

982 3443 82 19 dernier,
1084 3443 18 17 le
1121 3445 148 18 gouvernement
1289 3444 51 17 autri-

982 3464 55 16 chien
1053 3468 12 13 a
1079 3463 96 21 approuvé
1189 3464 20 17 la
1222 3465 118 17 nationalisa-

981 3484 42 17 tion
1039 3485 34 17 des
1090 3485 95 16 centrales
1200 3485 99 20 d'énergie,
1313 3486 36 17 des

980 3504 67 19 mines,
1067 3504 34 17 des
1123 3506 79 19 champs
1220 3500 127 26 pétrolières,

979 3525 25 17 de
1021 3524 108 19 l'industrie
1146 3526 150 21 métallurgique,
1314 3527 35 17 des

978 3546 66 17 usines
1058 3546 144 18 d'automobiles
1216 3547 19 17 et
1248 3546 24 18 de
1286 3546 51 19 maté-

979 3565 36 18 riel
1029 3565 23 20 de
1065 3566 76 18 chemin
1154 3568 23 16 de
1189 3567 36 17 fer.
1235 3576 23 5 —
1271 3569 76 15 Reuter.

949 3586 20 17 *È
980 3587 91 19 L'agence
1086 3587 49 17 Tass
1148 3590 87 15 annonce
1251 3588 23 17 de
1288 3590 50 14 Buca-

982 3608 37 16 rest
1038 3609 36 18 que
1090 3607 27 18 M.
1133 3606 111 22 Radacanu,
1262 3609 87 18 ministre

980 3628 26 16 du
1019 3624 82 22 Travail,
1117 3631 12 14 a
1143 3628 84 18 démenti
1240 3629 97 18 l'Informa-

979 3647 42 18 tion
1037 3648 138 18 radiodiffusée
1189 3651 37 19 par
1244 3650 20 16 la
1283 3654 9 12 «
1300 3651 47 17 voix

980 3669 24 16 de
1027 3668 113 21 l'Amérique
1148 3675 15 13 »,
1186 3670 104 17 affirmant
1313 3673 37 18 que

980 3686 29 19 lés
1020 3688 97 19 ministres
1132 3691 105 16 socialistes
1250 3692 100 16 roumains

980 3709 80 18 avalent
1077 3710 85 21 protesté
1181 3711 66 18 contre
1262 3712 19 17 la
1298 3715 41 14 com-

979 3730 85 20 position
1092 3731 26 17 du
1144 3733 156 18 gouvernement.
1326 3739 25 7 —

981 3751 77 17 Reuter.

948 3770 21 22 #
979 3773 29 15 Au
1022 3775 56 13 cours
1090 3772 24 17 de
1128 3772 20 17 la
1163 3773 94 17 kermesse
1272 3775 68 19 organi-

983 3792 31 17 sée
1035 3792 11 17 k
1062 3793 80 17 Roanne
1166 3792 88 21 (France)
1275 3798 37 15 par
1333 3794 17 18 le

981 3813 51 19 parti
1060 3810 132 23 communiste,
1215 3815 27 17 M.
1268 3815 83 20 Jacques

981 3832 75 20 Duclos,
1071 3833 103 18 secrétaire
1188 3834 27 18 du
1231 3836 58 19 parti,
1305 3837 35 18 pre-

982 3854 50 16 nant
1053 3852 20 18 la
1093 3854 72 20 parole,
1188 3854 45 18 s'est
1254 3856 97 19 prononcé

984 3873 66 17 contre
1064 3874 44 17 tout
1124 3874 42 17 bloc
1182 3876 107 17 occidental
1305 3877 20 15 et
1340 3880 12 13 a

983 3893 99 19 préconisé
1101 3897 39 14 une
1158 3895 90 20 politique
1265 3896 86 16 d'amitié

983 3916 46 13 avec
1042 3913 29 17 les
1084 3915 48 15 trois
1146 3915 81 19 grandes
1241 3915 110 20 puissances

984 3932 71 18 alliées.
1067 3941 23 5 —
1104 3934 64 19 A.F.P.

1393 3134 21 17 *A
1426 3135 20 17 23
1462 3134 43 17 tués
1529 3135 20 17 et
1575 3136 21 16 35
1615 3135 70 17 blessés
1707 3136 35 17 ont
1764 3136 31 18 été

1427 3155 118 19 dénombrés,
1560 3155 76 21 Jusqu'à
1650 3156 83 20 présent.
1749 3157 12 17 &
1775 3157 20 17 la

1427 3176 50 17 suite
1495 3177 26 16 du
1540 3177 132 17 déraillement
1689 3178 27 16 du
1734 3178 62 19 grand

1424 3198 78 18 express
1518 3197 146 20 panaméricain
1681 3199 73 15 venant
1770 3198 24 18 de

1426 3218 96 19 Laqulaca
1540 3217 95 20 (Bolivie).
1649 3227 24 4 —
1685 3219 65 17 A.F.P.

1397 3248 21 22 %
1428 3248 30 17 On
1482 3252 87 14 annonce
1592 3249 93 19 l'arrivée,
1710 3253 11 13 a
1744 3250 45 17 Was-

1431 3269 86 20 hington,
1539 3270 23 16 de
1583 3270 42 17 lord
1648 3270 83 18 Halifax,
1756 3272 32 15 am-

1429 3288 106 18 bassadeur
1563 3290 23 17 de
1615 3289 184 22 Grande-Bretagne

1430 3313 38 15 aux
1490 3310 118 20 Etats-Unis,
1630 3311 32 20 qui
1681 3312 118 19 participera

1431 3333 38 15 aux
1487 3332 106 16 entretiens
1611 3332 106 17 financiers
1732 3333 67 19 anglo-

1430 3351 120 18 américains.
1568 3360 22 4 —
1589 3359 3 7 i
1609 3353 78 17 Reuter.

1396 3382 21 22 0
1427 3382 54 17 Dsns
1500 3386 35 13 son
1554 3382 80 21 rapport
1651 3383 11 17 à
1682 3382 117 18 l'assemblée

1429 3402 84 18 fédérale
1537 3404 66 18 suisse,
1628 3407 33 13 sur
1685 3403 113 18 l'extension

1429 3424 35 16 des
1479 3424 81 17 services
1575 3424 147 20 diplomatiques
1739 3426 25 16 de
1779 3425 19 17 la

1430 3443 65 18 Suisse
1517 3445 12 16 à
1552 3444 108 20 l'étranger,
1683 3445 18 17 le
1724 3446 74 15 Conseil

1430 3464 73 17 fédéral
1518 3469 12 12 a
1544 3465 93 17 confirmé
1651 3469 21 13 sa
1684 3465 77 18 volonté
1774 3466 24 17 de

1429 3488 93 14 renoncer
1564 3486 154 17 définitivement
1761 3490 38 13 aux

1428 3506 62 18 droits
1515 3506 176 17 d'exterritorialité
1714 3507 49 17 dont
1778 3508 19 16 la

1428 3524 64 19 Suisse
1500 3526 90 20 Jouissait
1599 3531 24 13 en
1632 3527 66 17 Chine.
1704 3536 24 4 —
1733 3526 65 19 A.F.P.

1395 3551 21 24 0
1426 3553 25 17 Lé
1467 3554 53 19 Stage
1538 3553 23 18 de
1579 3554 68 17 l'Ecole
1665 3555 91 16 militaire
1773 3555 26 17 de

1429 3574 107 20 Westpoint
1546 3572 89 22 (Ù.S.A.),
1643 3575 32 19 qui
1689 3575 32 17 fut
1734 3574 64 18 réduit

1429 3594 12 18 à
1466 3594 48 18 trois
1529 3598 36 14 ans
1588 3596 74 16 durant
1679 3596 20 16 la
1723 3598 73 18 guerre,

1429 3615 70 17 durera
1510 3616 104 17 désormais
1627 3616 11 17 à
1651 3620 86 13 nouveau
1751 3621 36 14 qua-

1430 3636 28 18 tre
1482 3636 78 17 années.
1585 3636 36 17 Les
1645 3636 62 17 élèves
1732 3637 66 17 seront

1429 3656 66 17 initiés
1514 3657 11 16 à
1541 3656 100 18 l'aviation
1661 3657 19 17 et
1699 3661 47 13 ceux
1766 3658 32 19 qui

1430 3674 106 20 Choisiront
1551 3678 50 17 cette
1616 3681 53 13 arme
1682 3678 52 17 Iront
1748 3678 51 17 dans

1429 3696 28 18 leè
1478 3698 75 17 centres
1573 3698 112 20 appropriés
1706 3699 56 20 après
1779 3699 19 17 la

1430 3719 59 16 sortie
1503 3719 24 17 de
1541 3718 71 20 l'école.
1626 3728 24 4 —
1661 3719 64 17 A.F.P.

1396 3751 20 23 %
1426 3753 54 16 Dans
1502 3756 27 14 un
1548 3754 79 19 rapport
1649 3752 76 18 adressé
1748 3753 12 17 k
1778 3753 20 17 la

1430 3774 121 17 commission
1565 3775 33 16 des
1611 3774 73 17 Crimes
1694 3775 24 16 de
1732 3773 67 22 gilerre

1432 3795 33 16 des
1489 3794 81 17 Nations
1594 3795 64 19 Unies,
1683 3793 26 18 M.
1734 3794 63 19 Wobb.

1429 3815 83 37 firemler
1534 3815 103 20 magistrat
1662 3816 26 17 du
1713 3816 85 19 Queens-

1439 3837 41 15 ;in.l,
1503 3835 74 17 déclare
1595 3837 36 18 qUe
1651 3836 24 16 de
1695 3837 104 15 nombreux

1431 3856 73 16 soldats
1517 3857 83 19 nippons
1617 3859 20 14 se
1654 3857 44 16 sont
1712 3856 57 17 livrés
1787 3859 11 14 a

1430 3876 185 20 l'anthropophagie,
1650 3876 93 17 dévorant
1780 3876 20 16 la

1432 3897 54 15 chair
1504 3897 24 16 de
1547 3897 117 19 prisonniers
1682 3897 117 16 australiens

1431 3917 20 15 et
1467 3917 119 18 américains,
1601 3917 21 16 et
1635 3917 60 15 même
1710 3917 23 18 de
1748 3917 52 16 leurs

1430 3938 80 18 propres
1522 3937 67 17 morts.
1603 3944 24 5 —
1640 3934 71 19 Reuter

1886 2445 75 56 Les
1978 2453 196 60 journées
2195 2442 140 71 belgo*

1922 2515 418 69 luxembourgeoise!

1928 2597 43 23 (De
1987 2598 67 21 notre
2070 2598 86 24 envoyé
2173 2597 101 25 spécial)

1895 2629 163 24 Luxembourg.
2078 2629 12 20 9
2107 2628 136 25 seapWhibre.
2259 2639 28 5 —
2303 2629 32 21 Le

1868 2651 64 37 so^il
1952 2660 16 16 a
1987 2655 74 22 boudé
2079 2656 24 20 la
2123 2656 22 20 2'
2166 2657 41 20 des
2227 2655 107 25 journées

1868 2681 300 26 bêlgo-luxe«nb(2»urgcoi5es
2202 2682 134 21 consacrées

1869 2710 16 21 k
1898 2710 172 21 l'anniversaire
2086 2710 28 21 de
2129 2709 24 22 la
2166 2707 124 24 libération
2304 2710 32 21 du

1869 2736 183 21 Grand-Duché.

1894 2767 33 20 Le
1942 2771 67 21 corps
2024 2767 30 20 de
2070 2766 105 26 musique
2190 2766 42 22 des
2248 2766 88 22 Guides

1869 2798 31 17 en
1910 2794 39 22 fut
1960 2798 84 18 encore
2055 2794 23 20 le
2090 2793 76 22 héros.

1894 2823 54 22 TJtie
1962 2824 89 25 grande
2065 2824 76 25 païUe
2156 2824 31 21 de
2201 2823 25 22 la
2240 2822 96 26 Journée

1870 2856 15 16 a
1893 2866 4 6 .
1905 2850 38 22 été
1963 2850 103 22 réseirvée
2086 2850 16 21 à
2122 2851 25 20 la
2167 2851 54 20 ville
2241 2850 95 21 d'Bsch-

1870 2877 146 24 9i2aT-a\lzette.
2026 2878 24 20 la
2059 2877 126 25 métropole
2194 2877 143 21 industrielle

1870 2905 216 24 luxembourgeoise,
2104 2905 29 19 où
2152 2904 22 21 la
2192 2904 104 24 musique
2313 2903 25 21 et

1871 2931 33 22 les
1922 2931 169 25 personnalités
2111 2931 77 24 belges
2209 2928 128 24 arrivèrent

1870 2958 17 21 à
1902 2958 25 21 10
1941 2962 90 26 neutres.
2145 2971 8 12 ,

1896 2988 89 21 Tandis
2002 2992 46 20 que
2072 2987 35 23 les
2132 2986 97 22 sociétés
2253 2986 85 22 locales

1871 3014 127 24 défilaient,
2016 3016 47 19 une
2083 3014 118 25 réception
2225 3014 42 21 «ut
2291 3011 47 24 lieu

1871 3041 60 22 dans
1951 3042 23 21 le
1994 3041 83 25 coquet
2096 3040 65 22 hôtel
2180 3041 30 21 de
2228 3041 59 23 ville,
2307 3040 31 21 où

1870 3069 33 21 M.
1922 3068 103 24 Dombel,
2044 3068 99 25 premier
2161 3067 104 24 échêvto,
2283 3071 54 17 sou-

1872 3095 66 22 hdlta
1952 3095 25 22 la
1990 3095 128 21 bienvenue
2132 3099 47 17 aux
2194 3094 132 25 personnali-

1872 3118 36 27 tés
1927 3122 81 25 belges.
2028 3123 58 20 MM.
2105 3121 77 22 Franz
2199 3121 95 21 Fischer
2313 3120 24 20 et

1872 3142 52 29 V-in
1947 3150 31 22 de
2001 3149 161 21 Meulebroeck
2189 3148 150 25 répondirent

1833 3184 15 24 -f
1872 3180 56 18 a\«ec
1936 3177 107 23 humour,
2053 3176 132 25 cependaîjvt
2196 3181 44 20 que
2250 3177 32 20 M.
2288 3177 50 19 Du-

1840 3197 24 33 \
1872 3204 113 23 bouisson,
1995 3208 32 16 aiu
2037 3208 56 16 nom
2102 3204 30 20 de
2142 3203 24 21 la
2175 3202 89 22 colonie
2274 3203 64 23 belge

1872 3231 89 23 d'Esch,
1977 3230 108 21 célébrait
2100 3229 95 22 l'amitié
2209 3230 25 20 et
2248 3229 23 21 la
2286 3228 38 22 fra-

1872 3254 85 22 ternité
1974 3252 306 27 belgo-luxembourgeolses.

1897 3283 43 23 Les
1957 3284 83 22 invités
2058 3284 77 25 belges
2151 3284 44 21 ont
2212 3283 66 22 visité
2296 3287 41 18 en-

1871 3309 60 21 suifce
1944 3308 24 21 la
1981 3308 49 21 très
2042 3307 155 22 intéressante
2209 3308 129 23 exposition

1872 3330 120 22 consacrée
2012 3336 44 20 par
2075 3331 24 21 la
2118 3331 54 21 ville
2191 3331 83 21 d'ESch
2291 3334 47 17 aux

1872 3354 107 22 horreurs
1995 3354 79 21 nazies
2093 3356 25 20 et
2137 3354 16 21 à
2169 3354 25 21 la
2213 3354 125 21 résistance

1872 3378 214 24 luxembourgeoise.
2117 3379 34 19 La
2172 3376 105 26 musique
2299 3376 40 22 des

1872 3402 87 22 Guides
1985 3402 79 20 donna
2090 3406 34 17 un
2143 3401 94 22 concert
2255 3405 41 17 sur
2315 3399 24 22 la

1873 3426 144 24 grand'place
2046 3425 33 21 du
2107 3423 103 22 Marché.
2238 3423 33 22 Ce
2298 3423 39 21 fut

1871 3453 83 22 encore
1966 3453 47 17 une
2025 3448 46 21 fols
2083 3452 33 18 un
2128 3447 49 22 très
2189 3450 53 22 gros
2253 3448 85 23 succès,

1871 3473 25 21 et
1908 3473 22 21 le
1942 3471 168 24 commandant
2121 3472 36 22 De
2168 3468 120 25 Ceuninck
2300 3471 38 21 fut

1872 3493 68 27 fleuri
1954 3496 187 20 abondamment.

1873 3520 6 21 !
1897 3517 21 29 À
1937 3523 24 23 13
1978 3524 89 24 heures,
2085 3529 34 19 un
2137 3524 84 25 Joyeux
2236 3524 103 24 banquet

1871 3548 78 22 réunit;
1966 3548 129 22 musiciens,
2114 3546 169 26 personnalités
2289 3544 36 25 bel-

1872 3576 39 19 ges
1923 3573 26 20 et
1963 3571 111 21 autorités
2089 3571 89 21 locales.
2193 3571 36 21 Au
2244 3571 93 23 dessert,

1871 3596 32 20 M.
1919 3595 109 21 Wilhelm
2044 3595 93 23 Foevin,
2155 3595 145 24 remplaçant
2316 3594 22 21 le

1871 3616 163 27 bourgmestre,
2061 3616 91 23 célébra
2178 3620 46 19 une
2244 3617 46 22 fois
2309 3617 29 21 de

1872 3642 52 24 plus
1940 3641 162 22 l'indéfectible
2122 3638 80 24 amitié
2222 3641 40 21 des
2278 3642 60 20 deux

1871 3669 57 21 pays
1939 3666 25 21 et
1976 3664 34 22 lt»
2020 3664 112 23 bienfaits
2143 3664 30 22 de
2185 3664 87 21 l'union
2284 3663 53 22 éco-

1871 3688 108 21 nomiaue
1996 3687 293 26 belge-luxembourgeoise.
2307 3687 26 20 M

1871 3711 52 21 Van
1935 3711 145 22 Cauwelaert
2093 3711 33 21 lui
2138 3711 81 21 donna
2231 3712 24 20 la
2267 3707 58 28 répli-

1871 3739 43 20 que
1924 3736 25 20 ét
1958 3740 27 16 ce
1996 3734 38 21 fut
2042 3737 58 22 pour
2110 3732 89 24 exalter
2208 3733 131 23 l'héroïsme

1872 3759 199 24 luxembourgeois.

1861 3807 6 6 ,
1897 3790 33 20 Oe
1945 3789 60 22 n'est
2021 3788 52 25 qu'à
2091 3787 25 22 16
2133 3788 82 22 heures
2232 3793 44 19 que
2291 3788 47 21 l'on

1871 3816 102 20 regagna
1997 3811 165 25 Luxembourg,
2186 3811 31 22 où
2243 3811 95 25 l'après-

1871 3832 57 24 ittdi
1940 3835 107 21 s'acheva
2059 3838 43 21 par
2115 3838 32 17 un
2158 3834 74 25 grand
2245 3835 93 20 concert

1872 3857 76 23 donné
1969 3862 43 21 par
2033 3858 33 21 les
2087 3857 87 22 Guides
2195 3857 16 21 à
2232 3857 24 21 la
2270 3857 69 25 place

1872 3881 16 24 d
1888 3877 9 16 f
1894 3883 86 20 Armes.
1992 3882 66 20 Dans
2069 3880 25 22 la
2104 3881 80 23 soirée,
2196 3881 17 20 il
2225 3885 16 19 y
2252 3882 40 20 eut
2305 3886 33 15 un

1872 3902 67 23 diner
1950 3904 94 22 officiel,
2056 3904 78 21 tandis
2146 3907 44 20 que
2199 3904 24 20 la
2235 3904 103 22 musique

2859 955 137 64 Tout
3029 954 125 63 luxe
3185 976 128 40 sera
3347 950 204 65 absent

2861 1041 76 64 de
2970 1039 49 64 la
3045 1034 373 68 Conférence
3445 1035 76 64 de
3547 1033 247 65 Londres

2966 1151 56 39 M.
3041 1151 122 39 Bevin
3183 1161 52 28 ne
3256 1148 126 40 désire
3403 1160 71 36 pas
3490 1146 94 49 qu'il
3599 1161 27 33 y
3641 1149 57 36 ait
3714 1145 82 40 fête

2964 1200 105 41 alors
3097 1214 76 33 que
3202 1197 69 41 des
3301 1198 170 39 millions
3500 1204 49 31 de
3582 1208 214 37 personnes

2966 1258 90 31 soht
3074 1256 205 33 menacées
3295 1249 50 39 de
3362 1249 152 38 famine

2866 1324 109 26 Londres,
2986 1326 12 21 9
3009 1325 135 27 septembre.
3154 1336 27 5 —
3190 1321 62 24 Tbut
3262 1321 53 24 luxe
3323 1327 55 18 sera
3387 1323 83 22 absent
3480 1323 29 21 de
3518 1323 26 21 la
3552 1322 100 22 réunion
3662 1322 41 22 des
3713 1322 69 21 minis-

2840 1350 47 22 tres
2900 1351 40 20 des
2953 1348 103 22 Affaires
3068 1347 134 26 étrangères
3213 1348 39 26 qui
3263 1352 27 17 se
3302 1347 98 24 tiendra,
3413 1348 14 20 à
3441 1346 107 23 Londres,
3562 1347 76 21 mardi
3652 1346 143 25 aprè6-mldi.

2866 1375 42 20 Les
2921 1372 106 27 délégués
3040 1372 121 25 étrangers
3172 1372 80 20 seront
3264 1370 62 26 logés
3339 1370 210 21 confortablement
3561 1368 60 23 dans
3634 1370 33 20 les
3680 1368 116 22 meilleurs

2841 1398 75 21 hôtels
2930 1397 29 21 de
2974 1395 108 25 Londres,
3095 1395 61 21 mais
3169 1395 17 20 il
3200 1394 38 25 n'y
3252 1395 58 20 aura
3324 1398 42 24 pas
3380 1398 33 16 un
3427 1394 75 24 grand
3516 1393 91 25 étalage
3621 1392 29 22 de
3664 1393 133 21 nourriture

2841 1422 25 20 et
2877 1422 30 20 de
2920 1421 111 22 boissons,
3044 1424 90 16 comme
3147 1423 26 16 ce
3186 1418 39 21 fut
3237 1417 23 21 le
3272 1422 40 16 cas
3325 1423 15 15 a
3353 1417 117 21 Potsdam.
3484 1417 43 20 Les
3540 1421 82 16 menus
3636 1417 41 20 des
3690 1416 106 26 délégués

2840 1449 31 16 ne
2885 1443 163 26 présenteront
3062 1442 126 21 désormais
3202 1441 53 25 plus
3270 1445 90 17 aucune
3375 1440 80 21 valeur
3469 1440 182 24 d'information,
3667 1442 88 19 comme
3770 1445 26 16 ce

2840 1468 39 21 fut
2890 1468 62 21 aussi
2964 1467 21 20 le
2997 1471 41 16 cas
3048 1467 15 21 à
3075 1465 117 21 Potsdam.

2864 1492 67 22 Oette
2945 1491 102 21 décision
3054 1493 24 17 -a
3092 1489 38 21 été
3144 1490 60 22 prise
3218 1487 87 22 déllbé-
3325 1487 61 25 siège
3400 1487 32 22 du
3445 1487 139 24 mécanisme
3597 1488 139 24 permanent
3749 1492 44 20 que

2840 1515 89 22 rément
2942 1519 43 20 par
2997 1514 32 20 M.
3042 1514 83 20 Ernest
3137 1512 80 22 Bevin.
3229 1511 76 22 secré-
3326 1512 22 21 le
3360 1509 84 23 conseil
3456 1508 41 25 des
3509 1511 118 21 ministres
3639 1512 40 20 des
3691 1511 102 22 Affaires

2840 1531 57 29 taire
2911 1543 31 16 au
2955 1537 98 24 Foreign
3060 1536 84 22 Office,
3151 1539 68 20 parce
3226 1535 81 25 quielle
3326 1535 133 24 étrangères
3470 1539 92 21 compte
3574 1534 88 23 établir.
3662 1546 27 4 —
3700 1535 94 21 Reuter.

2838 1562 35 22 est
2884 1562 120 20 conforme
3010 1565 45 16 aux
3062 1559 143 21 restrictions
3218 1558 88 22 actuel-
3345 1573 29 11 -,
3402 1573 114 14 „..„,-.
3537 1572 40 15 „.
3601 1572 64 15 ,,,„
3688 1572 90 15 _„■„,«.

2842 1585 38 21 les.
2904 1587 51 19 Aux
2979 1583 150 26 précédent»
3153 1582 155 23 conférences,
3344 1574 38 23 M-
3402 1574 115 23 Bidault
3537 1574 43 23 est
3601 1574 66 24 bien
3687 1574 91 23 arrivé

2840 1609 34 20 les
2895 1609 67 20 Trois
2986 1607 94 21 Grands
3103 1607 25 21 et
3151 1605 61 22 leurs
3235 1606 73 20 suites
3352 1609 108 23 Londres,
3475 1610 14 20 9
3505 1608 136 26 septembre.
3658 1620 28 5 —
3703 1608 32 24 M.
3751 1609 42 22 Bl-

2840 1632 93 21 avaient
2955 1631 79 21 besoin
3056 1631 69 20 d'une
3145 1629 163 21 amélioration
3327 1632 67 23 dault
3431 1634 36 21 est
3498 1633 76 21 arrivé
3599 1633 16 21 à
3639 1633 114 25 Croydon,
3779 1638 16 17 a

2839 1660 39 16 sur
2888 1655 51 22 teur
2949 1658 71 17 manu
3027 1653 122 23 ordinaire,
3156 1652 68 23 étint
3230 1652 77 21 donné
3331 1658 24 19 15
3372 1657 83 20 heures
3469 1657 33 21 40.
3516 1667 28 5 —
3557 1657 77 21 AJP.

2840 1678 33 22 les
2892 1678 128 26 privations
3038 1678 58 20 dues
3121 1675 16 23 à
3163 1675 24 22 la
3220 1678 87 21 guerre.

2840 1700 149 23 Maintenant
3003 1706 44 19 que
3062 1699 24 22 la
3101 1701 82 24 gUerre
3197 1703 37 18 e6t
3250 1700 57 20 finie

2840 1726 25 20 et
2880 1730 43 21 que
2938 1726 22 21 le
2976 1727 99 22 manque
3090 1724 30 20 de
3135 1724 133 20 nourriture
3281 1727 26 16 se

2841 1748 45 22 fait
2922 1749 74 21 sentir
3021 1748 60 21 dans
3105 1747 24 21 la
3154 1747 95 26 plupart
3267 1746 41 21 des

2841 1772 90 24 régions
2949 1773 113 26 d'Europe
3081 1771 26 21 et
3126 1767 81 27 d'aisie,
3227 1769 46 21 l'on
3292 1774 15 16 e

2841 1791 80 26 estimé
2943 1799 43 21 que
3005 1794 62 21 cette
3088 1793 144 24 conférence,
3254 1797 41 20 pre-

2842 1820 57 20 mier
2918 1818 105 25 chapitre
3042 1818 32 20 du
3090 1817 128 24 règlement
3235 1816 31 22 de
3284 1815 22 21 la

2841 1842 60 26 paix,
2924 1843 90 21 devrait
3035 1841 62 22 tenir
3120 1841 91 25 compte
3232 1840 30 21 de
3284 1840 24 21 la

2842 1866 85 22 réalité.
2940 1867 32 20 M.
2984 1865 74 21 Bevin
3070 1870 31 16 ne
3113 1864 73 21 désire
3199 1868 43 20 pas
3254 1863 54 25 qu'il

2842 1895 14 20 y
2868 1890 35 23 ait
2914 1890 54 22 fêite.
2981 1889 62 21 alors
3056 1893 44 20 que
3112 1888 41 21 des
3166 1888 101 20 millions
3280 1887 29 21 de

2842 1918 124 21 personnes
2977 1913 54 21 sont
3043 1911 120 21 menacées
3173 1911 29 20 de
3214 1911 94 20 famine.

2868 1937 68 21 Selon
2949 1937 33 20 les
2995 1936 93 20 milieux
3099 1935 101 20 officiels
3211 1935 30 19 de
3247 1935 48 19 Lon-

2842 1959 57 24 dres,
2924 1958 108 26 l'adjoint
3057 1959 29 21 de
3122 1958 32 21 M.
3173 1958 75 24 Wang
3265 1956 44 22 Shi

2842 1984 71 21 Shieh
2932 1988 53 16 œra
3004 1983 22 20 le
3044 1983 31 19 D'
3092 1981 140 24 Wellington
3251 1981 57 22 Koo,

2843 2007 163 21 ambassade3ir
3024 2005 29 22 de
3073 2005 76 23 Chine
3166 2004 16 21 è
3201 2005 108 21 Londres,

2842 2035 24 17 et
2880 2035 47 17 non
2943 2029 22 22 le
2981 2029 22 21 D
3004 2032 7 9 r
3027 2028 135 24 Hollington
3176 2027 72 24 Tong,
3264 2032 31 16 an-

2843 2054 51 21 cien
2907 2049 107 26 ministre
3027 2050 91 23 chinois
3131 2049 30 25 de
3175 2050 121 22 l'Informa-

2843 2078 55 20 tion.
2920 2078 38 20 On
2984 2076 60 21 croit
3072 2080 44 20 que
3145 2075 107 23 l'adjoint
3281 2074 28 20 de

2843 2102 30 20 M.
2892 2101 107 21 Molotov,
3022 2097 157 23 commissaire
3202 2100 47 18 aux
3266 2097 31 21 Af-

2843 2124 71 21 faires
2934 2123 133 24 étrangères
3087 2122 30 21 de
3142 2121 88 22 Russie,
3257 2125 53 18 sera

2842 2149 31 20 M.
2885 2148 73 21 Fedor
2969 2147 84 20 Gu»ev.
3061 2145 163 22 ambassadeur
3234 2144 62 21 sovié-

2842 2172 62 22 tique
2920 2171 15 21 à
2951 2170 109 21 Londres.
3296 2187 9 11 ,

2868 2195 32 22 Le
2911 2194 67 21 choix
2992 2194 29 21 de
3033 2193 60 21 deux
3106 2192 177 21 ambassadeurs
3295 2196 14 15 a

2843 2218 100 21 Londres
2965 2221 31 17 en
3018 2215 87 26 qualité
3126 2215 127 24 d'adjoints
3274 2215 37 20 est

2843 2241 116 22 considéré
2973 2244 89 17 comme
3073 2244 45 16 une
3131 2238 128 22 indication
3267 2243 43 19 que

2843 2266 100 20 Londres
2972 2264 37 21 est
3035 2262 139 26 susceptible
3194 2261 73 22 d'être
3289 2262 21 20 le

2843 2687 73 47 On
2933 2690 156 43 atteint

2846 2746 185 51 58,000
3051 2750 157 39 tonnes

2379 2355 106 62 La
2513 2349 483 67 dévaluation

2376 2433 99 63 du
2505 2432 226 64 franc
2758 2429 346 75 français

2381 2527 72 25 Paris,
2477 2527 12 22 9
2512 2527 138 26 septembre.
2672 2539 28 4 —
2724 2526 99 22 Suivant
2868 2527 37 21 En
2915 2531 26 16 ce
2953 2525 38 26 qui
3003 2526 113 19 concerne
3127 2522 143 26 l'amplitude
3282 2522 30 21 de

2356 2555 47 17 une
2419 2550 101 26 dépêche
2544 2551 110 25 d'âgehee
2677 2550 146 24 américaine,
2843 2549 24 22 la
2884 2548 156 23 dévaluation,
3059 2551 31 17 on
3114 2551 31 17 en
3168 2547 37 21 est
3228 2549 83 17 encore

2356 2579 33 16 un
2407 2574 164 25 représentant
2588 2573 104 25 français
2717 2573 15 21 à
2757 2572 66 22 Was-
2843 2573 77 21 réduit
2936 2575 46 17 aux
2998 2570 145 25 hypothèses.
3160 2569 48 21 Elle
3224 2569 87 23 dépen-

2357 2598 99 24 hington
2489 2598 78 20 aurait
2599 2597 91 20 déclaré
2723 2599 45 22 que
2799 2594 25 23 la
2843 2596 44 21 dra
2913 2595 30 21 de
2969 2594 26 22 la
3019 2593 106 22 nouvelle
3145 2591 76 26 parité
3242 2591 69 22 livre-

2355 2621 89 20 France
2459 2616 123 25 entendait
2597 2619 128 22 maintenir
2740 2619 83 22 encore
2843 2619 81 21 dollar.

2356 2643 106 25 pendant
2481 2643 62 21 deux
2564 2647 44 17 ans
2629 2644 23 20 le
2674 2643 68 20 franc
2763 2642 15 21 &
2799 2642 24 21 la
3057 2655 40 8 ^.
3202 2654 2 9 ,

2356 2666 75 25 parité
2451 2665 104 22 actuelle.
2581 2667 31 20 Le
2638 2664 119 22 ministère
2782 2665 40 21 des

2356 2690 113 20 Finances
2491 2694 15 16 a
2528 2689 46 21 fait
2596 2689 83 23 savoir,
2700 2689 29 20 de
2750 2688 72 29 Paris,

2356 2717 44 23 que
2418 2713 21 20 si
2458 2717 47 16 une
2523 2712 55 21 telle
2597 2711 144 22 déclaration
2760 2709 63 23 avait

2356 2735 37 21 été
2411 2736 66 24 faite,
2493 2735 44 21 elle
2555 2734 148 25 n'engageait
2719 2738 45 21 que
2780 2738 43 17 son

2356 2758 91 22 auteur.

2383 2781 21 21 A
2419 2780 25 22 la
2458 2780 80 24 vérité,
2554 2780 88 23 malgré
2660 2780 33 21 les
2709 2780 114 21 démentis

2357 2804 30 21 de
2399 2804 65 21 toute
2478 2804 85 21 nature
2576 2808 40 20 qui
2629 2804 43 21 ont
2685 2803 37 21 été
2735 2803 89 21 donnés

2357 2832 47 17 aux
2420 2826 75 22 bruits
2511 2827 29 21 de
2556 2826 156 24 dévaluatioh,
2728 2827 34 20 les
2778 2826 33 20 mi-

2357 2851 61 21 lieux
2431 2850 127 21 financiers
2571 2850 29 20 de
2612 2850 66 20 Paris
2690 2849 54 21 sont
2756 2849 56 21 abso-

2356 2873 92 21 lument
2462 2872 126 26 persuadés
2603 2877 45 20 que
2662 2873 24 20 la
2701 2872 76 25 parité
2793 2872 32 20 du

2358 2897 69 20 franc
2442 2900 56 17 avec
2514 2896 25 21 la
2554 2896 58 20 livre
2626 2895 25 21 et
2666 2895 22 21 le
2704 2895 74 21 dollar
2795 2899 30 16 va

2357 2919 50 20 être
2421 2917 118 22 rabaissée
2553 2918 60 21 dans
2627 2923 34 15 un
2675 2919 80 19 avenir
2771 2922 42 23 pro-

2358 2942 77 20 chain.
2450 2942 34 21 La
2498 2941 107 25 question
2619 2941 36 20 est
2669 2941 29 20 de
2714 2943 76 18 savoir
2806 2941 19 20 si

2358 2969 26 16 ce
2396 2969 53 16 sera
2459 2964 73 21 avant
2543 2969 31 15 ou
2585 2963 67 25 après
2664 2963 33 21 les
2708 2963 117 22 élections.

2384 2988 31 20 Le
2437 2987 182 25 gouvernement
2639 2986 104 25 français
2763 2986 50 21 dési-

2358 3010 73 21 rerait
2444 3014 45 21 que
2501 3015 27 15 ce
2542 3009 39 21 fût
2594 3009 73 24 après.

2384 3034 61 20 Mais
2457 3034 21 19 si
2491 3034 25 20 la
2528 3033 56 20 livre
2597 3032 97 24 sterling
2706 3037 26 16 se
2744 3032 70 21 décro-

2359 3056 71 24 chait,
2447 3060 44 20 par
2508 3056 98 24 rapport
2622 3057 31 19 au
2670 3055 81 24 dollar,
2769 3056 15 20 à
2802 3055 24 21 la

2359 3079 60 21 suite
2433 3079 40 21 des
2486 3078 173 21 conversations
2672 3078 40 29 qui
2724 3078 43 21 ont
2780 3078 46 21 lieu

2359 3101 164 22 actuellement
2533 3101 67 22 entre
2610 3101 102 21 Londres
2723 3102 25 20 et
2758 3100 55 22 Was-

2359 3125 99 24 hington
2477 3125 15 20 à
2510 3128 83 21 propos
2611 3124 29 21 de
2658 3125 23 20 la
2700 3124 36 20 fin
2755 3124 28 21 de
2802 3123 24 22 la

2359 3148 31 21 loi
2408 3156 8 9 a.
2426 3147 112 25 prêt-bail
2547 3156 17 14 a,,
2579 3147 17 21 il
2612 3147 37 21 est
2670 3147 90 21 certain
2782 3147 44 25 que

2359 3172 22 20 le
2406 3172 68 20 franc
2499 3170 98 22 suivrait
2620 3170 207 23 immédiatement,

2360 3193 75 21 même
2453 3194 20 20 si
2491 3193 62 21 cette
2570 3193 140 21 éventualité
2728 3198 26 16 se
2771 3197 43 21 pro-

2359 3217 87 20 duisait
2464 3217 75 21 avant
2564 3217 34 20 les
2622 3216 110 21 élections
2757 3215 57 22 fran-

2360 3240 79 24 çaises.

2868 2817 36 23 La
2928 2818 139 24 production
3091 2817 33 21 du
3150 2817 103 21 charbon
3278 2819 32 17 au

2846 2843 58 21 mois
2918 2840 80 24 d'août
3012 2842 55 21 s'est
3082 2841 77 22 élevée
3175 2840 15 22 k
3206 2837 104 24 1.270.000

2846 2868 89 23 tonnes,
2954 2866 80 21 contre
3054 2863 103 24 1.165.0O0
3176 2865 84 21 tonnes
3278 2868 32 17 en

2846 2891 81 25 Juillet.

2871 2919 41 22 Ur
2917 2920 138 25 production
3067 2918 141 27 journalière
3220 2918 46 26 quli
3279 2922 31 17 au

2846 2944 71 22 début
2944 2945 32 20 du
3001 2944 65 24 mois,
3093 2941 148 27 n'atteignait
3268 2946 42 21 pas

2846 2968 71 21 60.000
2933 2969 90 23 tonnes,
3037 2972 16 17 a
3067 2967 87 21 atteint
3168 2967 72 21 64.000
3256 2966 41 21 ton-

2847 2996 40 17 nes
2903 2991 16 22 à
2936 2993 23 20 la
2977 2992 35 21 fin
3028 2992 30 21 de
3074 2992 24 20 lê>
3114 2990 112 26 première
3242 2990 55 26 quin-

2846 3016 66 22 zaine
2926 3016 26 22 et
2968 3017 70 20 58.000
3056 3016 82 20 tonnes
3155 3016 15 21 k
3186 3015 23 21 la
3226 3013 37 23 lin
3277 3013 33 22 du

2847 3039 64 23 mois.

2871 3070 23 22 Il
2922 3075 16 24 y
2967 3075 16 16 a
3012 3070 60 21 donc
3101 3073 47 17 une
3178 3069 133 25 progesslon

2847 3093 106 26 sensible;
2985 3093 67 25 mais,
3082 3093 176 24 normalement,
3287 3093 24 21 la

2847 3118 136 45 Sroduction
3002 3117 141 26 journalière
3162 3117 91 22 devrait
3273 3116 37 21 at-

2862 3142 75 21 îindrè
2949 3140 72 23 80.000
3036 3143 84 20 tonnes
3134 3140 25 23 et
3171 3139 76 23 même
3261 3140 50 21 être

2847 3166 114 25 dépassée.
2978 3167 37 20 On
3031 3165 79 26 espère
3125 3170 47 16 une
3187 3165 110 21 améliora-

2847 3190 49 21 tion
2925 3190 141 25 importante
3095 3190 43 24 par
3167 3189 60 21 suite
3256 3188 54 21 d'un

2848 3213 84 26 emploi
2957 3213 53 25 plus
3036 3214 90 21 Intense
3153 3214 30 20 de
3209 3212 102 22 mineurs
3321 3210 6 33 j
3333 3215 90 20 France
3452 3212 77 23 toutes

2847 3234 129 26 allemands
2990 3237 147 26 prisonniers.
3150 3247 28 6 —
3191 3237 28 22 T.
3322 3233 5 28 |
3335 3238 19 20 A
3355 3238 55 22 J\P.

3346 1717 264 45 Rénovation

3344 1775 57 43 de
3417 1772 358 55 l'enseignement

3354 1836 32 21 Le
3398 1836 102 25 Congrès
3511 1836 98 25 Decroly
3621 1836 38 25 qui
3671 1836 55 21 s'est
3739 1836 56 21 tenu

3328 1865 32 17 au
3372 1860 70 21 début
3456 1861 32 20 du
3500 1861 58 20 mois
3570 1861 16 21 à
3598 1860 144 21 l'Université
3756 1860 26 20 Li-

3330 1884 39 21 bre
3388 1885 29 20 de
3436 1884 124 24 Bruxelles,
3579 1890 15 15 a
3612 1884 68 21 réuni
3699 1883 97 26 quelque

3329 1908 52 24 cinq
3395 1908 65 21 cents
3472 1908 131 22 adhérents.
3617 1909 33 21 La
3663 1908 133 25 présidence

3329 1931 59 25 était
3404 1932 93 22 exercée
3513 1937 44 20 par
3573 1933 21 20 le
3611 1932 95 21 docteur
3723 1931 73 22 Henit

3331 1957 95 23 Wallon,
3451 1956 130 25 professeur
3603 1960 32 17 au
3658 1955 86 26 collège
3767 1956 29 20 de

3330 1981 94 20 France.
3446 1980 74 22 Outre
3540 1981 33 20 les
3593 1980 79 21 visites
3693 1978 103 25 d'écoles,

3330 2005 32 20 les
3380 2004 127 21 nombreux
3525 2004 114 21 membres
3657 2005 30 21 de
3705 2004 77 21 l'ensei-

3330 2029 109 24 gnement
3455 2029 65 24 belge
3534 2029 39 24 qui
3588 2027 89 22 étalent
3691 2028 105 21 présents

3329 2053 84 24 purent
3427 2053 113 21 entendre
3554 2053 29 21 de
3597 2052 127 22 nombreux
3738 2056 43 21 rap-

3330 2077 64 24 ports
3414 2077 25 20 et
3459 2081 46 16 une
3526 2077 117 21 trentaine
3662 2077 31 20 de
3713 2077 82 24 petites

3329 2101 148 21 conférences
3497 2100 102 22 données
3618 2105 43 20 par
3681 2101 40 21 des
3741 2105 42 21 pro-

3330 2125 99 20 fesseurs
3444 2125 26 21 et
3486 2125 40 21 des
3541 2125 117 21 médecins
3674 2124 122 22 êmihents.

3330 2147 20 23 Il
3369 2148 39 22 fut
3425 2148 97 25 procédé
3542 2148 15 21 à
3576 2149 23 20 la
3619 2148 103 21 création
3741 2148 55 21 d'un

3330 2173 130 24 organisme
3476 2173 138 24 permanent
3628 2172 31 22 de
3675 2173 107 21 coordina-

3330 2195 49 23 tion
3402 2199 24 20 et
3448 2195 29 23 de
3499 2195 120 23 diffusion.
3640 2197 32 20 Le
3695 2196 102 26 Congrès

3330 2221 57 21 émit
3399 2221 62 21 aussi
3476 2221 22 20 le
3511 2225 54 17 vœu
3579 2221 29 21 de
3621 2221 49 20 Voir
3679 2224 58 18 àsous
3751 2225 45 21 peu

3331 2248 45 17 une
3394 2245 135 21 rénovation
3555 2245 28 21 de
3609 2244 188 24 l'enseignement

3331 2269 98 29 inspirée
3447 2269 39 21 des
3504 2268 121 22 méthodes
3642 2268 31 21 du
3691 2269 40 21 Dr.
3749 2269 34 20 De-

3330 2293 68 23 croly,
3419 2293 39 25 qui
3478 2297 89 17 comme
3586 2297 31 16 on
3636 2293 22 22 le
3678 2293 46 21 sait
3742 2293 55 21 sont

3331 2316 79 22 basées
3426 2321 40 17 sur
3482 2316 22 21 le
3519 2316 104 25 principe
3638 2317 30 21 de
3685 2316 22 21 la
3725 2326 9 9 .
3744 2321 40 25 per-

3331 2341 91 25 ception
3437 2341 90 25 globale
3535 2350 9 10 >
3560 2341 25 21 et
3598 2345 41 16 sur
3652 2341 22 22 le
3689 2340 95 26 dévelop-

3331 2366 94 24 pement
3445 2365 57 21 libre
3523 2365 30 21 de
3572 2362 175 24 l'Individualité
3768 2365 29 21 de

3330 2390 89 24 chaque
3432 2389 92 21 enfant.

3355 2414 39 20 Un
3407 2413 102 24 Congrès
3521 2413 167 22 international
3700 2412 98 24 Decroly

3331 2440 51 18 sera
3399 2437 105 25 organisé
3522 2437 16 22 k
3554 2436 118 23 Bruxelles
3689 2442 31 16 en
3739 2437 58 22 1946.

3332 2472 25 5 -
3370 2461 29 22 N.

3334 2521 135 54 Laval,
3489 2541 127 27 comme
3638 2520 161 53 Pétain,

3332 2582 173 43 travaillait
3520 2597 78 37 pour
3612 2581 32 43 le
3659 2582 74 42 bien

3331 2640 43 42 da
3392 2639 31 43 la
3445 2640 113 41 France
3574 2640 9 40 !
3594 2637 9 43 I

3358 2707 72 23 Paris,
3443 2707 13 21 9
3469 2706 136 26 septembre.
3618 2716 28 6 —
3659 2713 11 10 «
3677 2705 29 22 Je
3718 2709 32 17 ne
3761 2708 40 19 ma

3332 2729 48 22 Suis
3398 2734 44 24 pas
3460 2729 85 25 occupé
3563 2729 32 21 de
3612 2729 26 21 la
3655 2728 86 25 Légion
3758 2727 44 22 des

3332 2752 140 22 volontaires
3489 2752 105 25 français
3612 2752 80 21 contre
3710 2751 22 21 le
3749 2751 52 21 bol-

3332 2777 122 20 chevisme.
3486 2776 62 21 C'est
3578 2775 97 21 Benoist
3706 2774 95 21 Méchin

3332 2800 46 44 ?ul,
3388 2803 55 17 sous
3454 2799 22 21 le
3487 2794 121 26 ministère
3618 2798 31 21 de
3661 2798 97 24 Darlan,
3768 2802 34 18 en

3344 2820 27 23 ùt
3390 2822 84 24 chargé
3483 2830 18 16 »,
3520 2827 16 15 a
3555 2821 91 21 déclaré
3666 2820 78 22 Laval.

3359 2846 20 20 H
3401 2850 16 16 a
3438 2844 115 26 prétendu
3573 2847 45 22 que
3637 2844 67 22 l'Idée
3726 2844 30 21 de
3776 2843 25 21 la

3332 2868 103 22 création
3448 2869 30 20 de
3492 2868 24 21 la
3530 2867 86 25 Légion
3629 2867 42 21 des
3683 2866 104 22 volontai-

3333 2896 37 17 res
3386 2893 37 20 est
3440 2892 46 20 due
3503 2896 31 16 au
3552 2891 62 28 parti
3632 2890 127 24 doriotiste,
3777 2889 24 22 et

3333 2915 54 23 qu'il
3396 2921 17 15 a
3424 2914 81 21 assisté
3517 2913 163 22 fortuitement
3690 2913 15 21 à
3718 2913 70 21 l'Inau-

3332 2938 109 24 guration
3457 2938 28 19 de
3502 2937 23 20 la
3543 2940 95 17 caserne
3655 2937 40 19 des
3711 2936 77 24 légion-

3333 2961 78 21 naires
3427 2961 14 21 à
3459 2960 129 24 Versailles,
3605 2959 30 22 où
3651 2959 18 21 il
3684 2959 40 22 fut
3740 2958 48 25 griè-

3333 2983 94 22 vement
3439 2983 79 21 blessé.

3358 3007 36 21 AU
3411 3007 62 24 sujet
3489 3007 40 20 des
3546 3005 151 22 félicitations
3715 3005 53 25 qu'il
3786 3010 14 16 a

3334 3030 135 20 transmises
3483 3034 44 23 par
3543 3028 66 21 radio
3626 3032 46 18 aux
3686 3028 115 21 membres

3336 3052 29 22 de
3388 3052 25 22 la
3435 3048 87 31 Légion
3543 3050 42 22 des
3608 3050 146 25 volontaires,
3777 3051 23 21 le

3333 3077 12 20 6
3362 3076 50 24 1uih
3428 3076 57 23 1943,
3501 3075 17 21 il
3532 3075 89 24 répond
3636 3075 15 21 à
3666 3075 90 20 l'instar
3771 3075 30 20 de

3334 3099 83 22 Pétain
3427 3104 5 15 :
3463 3107 8 9 »
3480 3099 29 20 Je
3535 3098 127 25 prononçai
3687 3097 115 21 certaines

3332 3122 92 25 paroles
3439 3122 59 20 dans
3513 3121 102 21 l'intérêt
3628 3121 30 21 de
3672 3125 57 18 mon
3743 3125 57 25 pays

3332 3150 59 23 pour
3402 3145 74 21 éviter
3487 3144 87 21 d'avoir
3586 3145 15 21 à
3613 3142 124 26 accomplir
3750 3147 37 17 cer-

3333 3168 64 22 tains
3414 3168 70 21 actes.
3502 3168 46 21 J'ai
3565 3167 94 26 accepté
3678 3167 30 20 de
3725 3167 76 20 courir

3334 3192 51 22 tous
3398 3192 34 20 les
3444 3191 88 24 risques
3544 3194 60 21 pour
3616 3191 121 20 conserver
3750 3189 15 23 k
3777 3189 24 22 la

3621 3213 106 21 chances.
3735 3222 9 9 .,
3774 3222 27 5 —

2513 3331 119 106 I)tt
2672 3331 89 115 S
2761 3375 23 49 )
2779 3338 310 97 ^à2Mj2*S
3133 3364 77 69 Qt
3250 3336 402 97 éiodûhj^

2387 3482 36 29 Un
2431 3482 90 35 prince
2532 3480 94 30 libéral
2637 3485 26 25 et
2673 3481 128 29 méconnu
2896 3481 47 29 Les
2954 3480 116 30 abonnés
3081 3486 35 23 an
3129 3480 136 35 téléphone

3679 3481 120 19 nouveaux

2385 3541 39 20 On
2444 3545 16 16 a
2478 3539 37 22 dit
2534 3539 98 22 souvent
2652 3537 29 23 de
2699 3538 127 22 l'archiduc
2872 3540 85 24 274,306
2986 3539 168 22 abonnemehts
3181 3537 130 27 têléphonl-

2359 3567 120 24 Rodolphe
2507 3570 44 21 que
2579 3565 79 21 c'était
2684 3570 35 16 un
2746 3565 80 25 prince
2846 3564 56 24 ques
2928 3562 89 23 étaient
3042 3562 166 22 immatriculés
3234 3563 16 21 à
3275 3563 36 20 fin

2359 3592 125 26 alcoolique
2498 3593 26 20 et
2537 3591 119 22 débauché
2672 3596 50 20 que,
2739 3592 87 21 fatale-
2847 3588 77 24 juillet
2944 3588 58 21 1945.
3028 3586 89 26 Malgré
3143 3590 51 21 que,
3212 3586 61 21 dans
3292 3584 24 23 la

2359 3619 71 24 ment,
2456 3619 131 21 l'existence
2612 3618 79 21 devait
2716 3618 110 21 conduire
2845 3606 84 39 Ëll^
2930 3610 12 22 t
2940 3606 225 39 ^J^l!.*S55
3164 3609 15 21 è
3178 3606 136 39 %.*J^

2359 3650 31 16 au
2403 3644 94 22 suicide.

2846 3633 72 21 breux
2941 3633 103 21 abonnés
3067 3633 97 21 d'avant
3185 3634 25 20 la
3232 3633 82 24 guerrs

2819 3672 6 5 .
2847 3657 66 21 n'ont
2927 3660 43 22 pas
2984 3658 84 19 ehcore
3082 3658 33 24 pu
3129 3655 50 21 être
3195 3655 120 22 raccordés

2385 3675 35 21 La
2436 3675 37 20 vie
2490 3674 111 25 politique
2618 3674 29 21 de
2664 3673 112 21 l'héritier
2795 3674 32 21 du
2846 3680 16 21 ^
2887 3680 113 23 nouveau,
3018 3680 27 20 Ce
3070 3676 85 24 chiffre
3175 3678 30 21 de
3230 3676 84 25 274,306

3336 3479 98 25 possible
3462 3478 29 22 de
3516 3478 78 26 placer

3336 3503 76 21 câbles
3428 3503 149 22 souterrains.
3592 3514 29 5 —
3635 3508 27 23 r,

3364 3548 95 28 Kamur
3464 3549 98 27 honore
3573 3548 27 28 la
3609 3548 123 28 mémoire
3741 3547 33 29 de

3490 3595 34 27 M,
3537 3595 111 27 Bovesse

3361 3652 44 21 Les
3417 3651 61 22 fêtes
3487 3651 155 24 provinciales
3656 3650 29 23 de
3698 3652 25 20 la
3735 3650 55 22 Libé-

3336 3675 77 21 ration
3426 3675 43 21 ont
3481 3674 37 21 été
3532 3674 126 25 marquées,
3672 3674 131 24 dimanche,

2385 3680 35 15 L,a
2436 3680 37 15 vie
2491 3680 110 18 politique
2618 3680 29 15 ae
2665 3680 111 14 ineriuer
2795 3680 32 15 au
2847 3680 15 20 h.
2887 3681 106 19 nouveau
3018 3680 27 20 Ce
3070 3680 85 20 chiffre
3175 3680 30 19 de
3230 3680 85 21 274,300
3336 3680 77 16 ration
3426 3680 43 16 ont
3481 3680 37 15 eee
3532 3680 126 19 marquées,
3672 3680 131 18 aunanene,

2361 3701 67 21 trône
2444 3701 135 21 d'Autriche
2596 3700 60 22 était
2673 3700 65 21 toute
2755 3700 72 21 dlffé-
2846 3702 98 24 dépasse
2961 3694 60 29 Celui
3039 3701 41 22 des
3098 3700 104 23 abonnés
3220 3701 95 21 d'avant
3335 3697 15 22 k
3366 3698 96 23 Namur,
3475 3702 50 24 par.
3534 3701 33 17 un
3580 3694 131 32 pèlerinage
3726 3701 39 17 sur
3779 3696 24 22 la

2395 3726 29 7 ...
2453 3723 20 10 a.a
2495 3725 10 8 —
2507 3723 38 10 ..a_
2556 3728 16 5 ..
2603 3723 71 10 .—...—.
2698 3726 19 7 ,.
2740 3726 24 7 —r
2776 3723 18 10 ...
2807 3728 18 5 ..
2873 3726 19 7 _>
2911 3726 50 7 ./.m
3338 3722 6 11 I
3349 3720 66 13 asas.Ka,
3453 3722 28 11 ,1,.
3518 3721 97 12 l'aaasnlfiai
3654 3724 143 9 a.a.aaaral.liOlla.

953 3974 717 19 ^■^w%^-Aff.^j%.'s.^rwn^w.v%fl-n^."\^vwwv%%'vww

1663 3936 48 17 ■uter
1834 3924 15 28 ï
1871 3927 138 24 municipale
2024 3926 100 22 donnait
2138 3929 32 18 un
2184 3927 99 20 concert.
2299 3926 38 21 Un
2347 3934 5 13 1
2386 3926 197 22 L'autoritarisme

1834 3948 15 21 ?
1872 3949 38 21 bal
1926 3949 119 25 populaire
2060 3948 90 22 clôtura
2164 3948 24 22 la
2203 3948 102 25 Journée.
2311 3960 28 4 —
2361 3949 86 24 Joseph
2458 3950 38 20 fut
2506 3954 46 15 une
2563 3949 40 21 des
2615 3964 5 6 .

1663 3976 188 18 avwwwvf
1873 3971 27 29 fT;
1913 3973 25 20 E.
2348 3969 5 22 I
2362 3972 28 20 de
2403 3972 134 24 Meyérling.
2549 3982 27 5 —
2588 3972 28 21 T.

2360 3727 72 21 rente.
2453 3724 21 24 Il
2494 3724 84 24 s'éleva
2597 3726 80 22 contre
2698 3727 23 20 le
2740 3726 87 26 régime
2846 3726 49 21 mai
2911 3726 57 20 1940.

2359 3753 161 25 autocratique
2532 3754 29 20 de
2575 3758 43 16 son
2630 3752 61 26 père,
2704 3752 123 26 François-
2875 3756 66 20 Dan»
2957 3754 52 22 tout
3024 3753 23 22 le
3062 3757 57 23 pays
3137 3754 29 21 de
3181 3753 48 22 très
3245 3757 67 18 nom-

2360 3780 92 28 Joseph,
2465 3781 24 20 et
2500 3780 80 21 voulut
2592 3784 44 21 que
2646 3779 38 21 fût
2695 3780 130 24 proclamée
2848 3777 92 23 brèuses
2958 3779 126 21 demandes
3103 3778 89 22 restent
3210 3779 31 20 en
3260 3779 51 20 suê-

2359 3807 189 25 l'indépendance
2566 3806 41 22 des
2624 3806 128 22 nombreux
2769 3809 57 22 peu-
2836 3825 4 4 .
2849 3807 57 20 pens
2925 3802 24 21 et
2966 3803 51 20 rien
3033 3801 53 26 qu'à
3104 3801 118 22 Bruxelles
3242 3801 70 23 13,000

2360 3830 48 24 pies
2428 3829 79 22 réunis
2528 3827 60 24 dans
2606 3830 23 22 le
2648 3829 65 25 vaste
2733 3828 94 26 empire,
2847 3828 125 23 personnes
2985 3825 125 22 attendent
3121 3829 30 21 qu
3157 3825 18 20 il
3187 3830 15 24 y
3214 3825 35 22 ait
3260 3829 54 19 pos-

2361 3853 118 28 Rodolphe
2496 3853 144 21 entretenait
2658 3853 40 20 des
2716 3850 111 23 relations
2846 3848 85 22 slbilité
2947 3849 28 21 de
2990 3849 50 20 leur
3056 3848 89 21 donner
3160 3846 154 23 satisfaction,

2360 3879 54 18 aveo
2433 3875 36 21 les
2488 3876 116 23 Journaux
2625 3876 29 20 de
2674 3875 153 25 l'opposition,
2875 3879 65 21 Dans
2954 3879 23 20 la
2991 3879 95 25 plupart
3099 3879 40 20 des
3154 3877 114 26 quartiers
3282 3878 32 21 du

2360 3899 110 24 auxquels
2485 3898 17 21 11
2517 3899 122 20 collabora.
2850 3898 218 28 Grand-Bruxelles,
3085 3900 77 23 toutes
3179 3901 34 22 les
3230 3902 83 21 instal-

2630 3927 30 21 de
2705 3927 123 24 François*
2849 3925 86 22 lations
2965 3926 56 21 sont
3052 3924 151 27 surchargées
3233 3926 26 21 et
3290 3926 25 20 la

2614 3953 80 17 causes
2705 3949 32 21 du
2748 3950 80 21 drame
2849 3949 112 22 situation
2996 3953 31 18 ne
3047 3952 98 23 «pourra
3180 3949 134 22 réellement

2848 3973 140 21 s'améliorer
3006 3977 45 22 que
3074 3972 102 27 lorsqu'il
3199 3976 58 19 aura
3276 3971 38 23 été

3078 4028 230 13 \/VWVW\A/W

113 5170 104 27 "tiSiE"!
231 5166 168 26 Indirectement

71 5182 149 39 _t,4<R™*,à
235 5190 81 25 l'égard
332 5195 28 20 de
376 5196 24 20 la

48 5233 16 18 t>
82 5233 145 38 -^^reque
243 5237 8 21 i
251 5243 24 16 es
294 5241 106 22 relations

13 5295 4 4 •
29 5276 34 30 ""1
82 5291 10 15 ■
122 5289 8 11 •
180 5270 4 7 '
243 5281 6 5 '

14 5296 49 107 %
82 5288 129 109 ^
224 5310 111 47 «bre

16 5425 50 35 '.S*.
84 5433 29 27 «T
121 5428 21 21 de
151 5426 76 34 l'AwrS
226 5429 7 19 t
233 5432 78 23 *»bre.
329 5446 26 5 -
372 5437 31 20 Le

17 5481 45 31 \m*
83 5477 108 35 SnS«e
198 5477 14 32 5
220 5479 16 28 i
232 5481 25 21 U!>
259 5484 13 19 P
273 5485 29 16 rK
301 5483 54 20 ision
374 5484 29 20 du

17 5497 47 29 -V
83 5496 97 32 ^«totet.
199 5496 14 17 *
220 5500 72 25 'lande
305 5506 14 22 à
333 5508 71 23 partir

21 5535 20 16 -.-7.
46 5541 3 2 ■
209 5527 18 15 *-
234 5534 22 13 *.
267 5527 24 23 P.

204 5544 73 177 i

414 4072 201 99 Tout
656 4074 415 97 Bruxelles
1118 4114 105 59 au
1274 4074 135 97 Bal
1458 4076 113 99 de
1620 4078 69 95 la
1710 4076 375 97 Victoire

436 4217 39 20 Un
495 4220 38 20 an,
555 4219 96 21 presque
671 4216 54 25 jour
744 4219 59 22 pour
822 4216 54 25 Jour
896 4220 34 17 un
954 4216 114 25 spectacle
1093 4218 68 21 d'une
1185 4217 67 25 grâce
1277 4217 83 21 infinie
1385 4217 121 22 s'écrouler
1525 4222 54 18 sous
1599 4218 33 22 les
1651 4219 75 21 vivats
1736 4220 6 21 !
1764 4218 30 22 Et
1813 4219 24 25 je
1856 4218 34 21 vis
1910 4218 42 21 des
1970 4221 57 22 gens
2047 4217 40 25 qui

411 4240 67 25 après
490 4245 27 16 sa
529 4240 121 21 libération
661 4240 25 21 et
693 4240 61 21 alors
760 4240 114 25 qu'entre-
894 4241 59 20 dans
964 4245 32 17 un
1008 4241 68 21 cadre
1086 4241 177 29 Incomparable.
1270 4242 90 23 C'était,
1385 4241 132 26 pleuraient
1527 4243 5 21 I

413 4264 81 25 temps,
511 4265 23 20 la
549 4268 80 20 guerre
644 4269 16 16 a
675 4268 32 21 pu
723 4264 49 21 être
788 4264 86 21 terras-
897 4269 46 16 aux
955 4267 60 22 yeux
1029 4265 29 21 de
1072 4265 58 24 tous,
1145 4264 147 23 l'Irrésistible
1306 4264 54 22 élan
1411 4266 30 20 Et
1453 4266 59 24 puis,
1525 4266 24 21 la
1561 4265 58 22 salle
1632 4265 38 22 fut
1682 4265 141 22 subitement
1835 4265 98 26 plongée
1944 4262 61 24 dans
2017 4264 69 22 l'obs-

412 4288 38 21 sée
473 4289 100 24 partout,
594 4288 75 21 même
692 4292 31 17 au
745 4289 84 23 Japon,
851 4288 24 20 la
895 4288 70 21 d'une
989 4289 79 21 saison
1095 4290 125 20 mondaine
1246 4290 40 24 qui
1312 4294 53 16 sera
1385 4289 80 21 curlté.
1479 4289 30 21 Et
1523 4287 40 23 des
1578 4290 143 24 projecteurs
1735 4290 73 20 firent
1822 4289 74 22 sortir,
1905 4289 33 21 du
1951 4289 59 23 noir,
2024 4293 33 15 un
2072 4287 15 22 à

414 4312 104 24 capitale,
534 4313 115 20 renouant
664 4316 47 17 une
727 4312 29 21 de
771 4317 36 16 ses
823 4312 53 24 plus
897 4312 68 24 digne
989 4313 29 20 de
1042 4313 119 20 Bruxelles
1184 4314 26 20 et
1232 4312 42 22 des
1297 4312 68 22 hôtes
1385 4316 39 19 un,
1436 4308 33 25 ies
1479 4311 103 26 glorieux
1593 4313 118 25 drapeaux
1722 4313 29 21 de
1762 4317 42 17 nos
1815 4308 70 25 Alliés
1895 4314 26 19 et
1930 4313 23 20 le
1964 4313 83 20 fanion
2057 4311 30 21 de

413 4332 172 29 sympathiques
607 4335 130 24 traditions,
759 4340 16 16 a
796 4336 79 20 trans-
897 4335 60 21 amis
971 4335 25 21 et
1010 4335 66 21 alliés
1089 4335 81 24 qu'elle
1185 4336 110 21 accueille
1309 4341 56 16 avec
1385 4336 24 20 la
1424 4336 98 24 Brigade
1538 4336 76 21 Piron.
1631 4337 29 19 Et
1673 4337 34 20 les
1722 4337 98 24 hymnes
1834 4336 134 21 montèrent
1981 4335 106 25 rythmés

413 4359 74 22 formé
501 4360 22 20 le
536 4360 44 21 Bal
592 4359 30 22 de
634 4359 24 22 la
672 4359 100 22 Victoire
783 4364 32 16 en
828 4364 47 16 une
896 4364 44 15 son
954 4360 39 20 art
1006 4359 119 22 instinctif
1138 4359 31 21 de
1181 4359 157 25 l'hospitalité.
1384 4362 44 22 par
1440 4360 34 20 les
1486 4359 80 21 Bands
1578 4359 122 21 militaires
1713 4359 144 24 américains,
1871 4365 52 15 sous
1935 4360 25 20 la
1972 4359 115 21 direction

1619 4383 32 21 du
1670 4383 111 21 Warrant
1800 4384 89 20 Officer
1909 4384 79 20 James
2007 4383 81 23 Boyer,

1619 4405 26 22 et
1658 4407 75 24 repris
1747 4411 31 16 en
1792 4407 82 20 chœur
1888 4411 43 24 par
1945 4411 48 16 une
2006 4405 69 22 multi-

1621 4430 55 20 tude
1690 4430 39 24 qui
1743 4430 96 21 clamait
1852 4429 136 25 l'allégresse
2002 4429 30 21 de
2045 4432 43 18 son

1620 4454 63 20 salut
1695 4453 24 21 et
1731 4454 30 20 de
1771 4458 28 16 sa
1810 4453 130 21 délivrance
1951 4452 5 22 I

1645 4482 73 24 Alors,
1743 4481 109 22 l'estrade
1876 4487 47 16 aux
1947 4482 141 21 exhibitions

1620 4507 39 20 fut
1670 4505 88 21 rendue
1769 4506 15 21 à
1796 4510 57 16 ceux
1865 4507 40 23 qui
1917 4505 89 22 étalent
2018 4507 69 19 char-

1620 4529 40 44 §és
1673 4530 113 20 d'animer
1798 4530 25 20 la
1835 4529 48 21 fête
1895 4530 25 20 et
1932 4530 58 20 dont
2002 4530 18 20 il
2032 4530 55 20 fau-

1637 4553 47 21 rait
1698 4563 27 4 —
1740 4552 60 21 mais
1815 4553 24 20 la
1853 4552 66 25 place
1933 4553 37 20 est
1984 4550 104 23 mesurée

1620 4586 28 4 —
1665 4576 50 20 dire
1734 4580 32 17 en
1785 4575 89 25 détails,
1887 4572 23 26 le
1929 4574 76 23 talent
2022 4576 26 20 et
2066 4576 23 20 le

1619 4599 146 24 dynamisme
1775 4604 5 16 :
1807 4599 33 21 les
1864 4599 73 20 bands
1961 4600 30 20 de
2015 4599 74 21 danse

1620 4623 90 24 anglais
1730 4623 24 20 et
1773 4622 147 24 américains;
1942 4622 33 21 les
1995 4622 81 21 orches-

1621 4647 48 20 tres
1689 4646 89 21 d'Yvon
1798 4647 35 19 De
1853 4646 43 20 Blé
1915 4646 25 20 et
1960 4646 30 20 de
2009 4646 79 23 Bobby

1620 4669 79 24 Naret,
1728 4669 33 21 les
1788 4669 174 24 cornerjiùseurs
1990 4668 98 22 écossais

1625 4692 168 25 (appartenant
1807 4694 15 20 à
1836 4688 142 32 la3EJlvlsion
1993 4693 39 24 qui
2046 4691 29 21 dé-

1621 4720 73 20 gagea
1710 4716 122 23 l'Escaut);
1850 4714 24 25 lé
1889 4720 66 20 corps
1971 4716 29 20 de
2017 4715 72 21 ballet

1621 4740 28 19 cle
1665 4739 24 22 la
1705 4738 112 22 Monnaie
1833 4742 55 18 avec
1903 4738 94 22 Marthe
2014 4738 75 22 Coeck

1621 4764 24 19 et
1662 4762 78 21 André
1758 4763 52 20 Van
1827 4763 99 20 Damme
1942 4763 26 20 et
1984 4763 33 20 les
2034 4767 41 19 pre-

1621 4785 69 21 miers
1718 4785 119 24 danseurs,
1866 4786 122 24 Raymond
2015 4787 73 22 Heux,

1622 4809 95 20 Simone
1729 4810 90 23 Lepage
1832 4809 25 20 et
1870 4809 63 21 Rosa
1945 4810 106 23 Lagasse,
2064 4805 26 25 et

1622 4833 76 20 toutes
1710 4832 34 21 les
1755 4831 81 22 dames
1848 4832 124 25 coryphées
1984 4833 39 24 qui
2034 4832 42 21 exé-

1622 4855 106 21 cutèrent
1750 4856 23 20 le
1796 4855 92 21 French
1911 4857 102 22 Cancan,
2037 4856 52 24 puis

1622 4878 161 21 entraînèrent
1796 4879 65 20 toute
1874 4878 26 22 la
1912 4879 58 21 salle
1982 4880 60 20 dans
2055 4883 34 17 un

1622 4902 135 24 cramignon
1785 4901 92 24 liégeois
1904 4902 133 28 impétueux
2065 4903 25 20 et

1622 4925 109 24 bruyant;
1741 4926 33 20 les
1786 4925 103 21 officiers
1900 4926 30 20 de
1942 4924 146 26 là62'High-

1623 4948 56 21 land
1694 4948 104 21 Division
1811 4949 25 20 et
1851 4949 32 20 les
1898 4950 77 20 A.T.S.
1990 4948 86 21 écossai-

1623 4976 37 15 ses
1671 4972 38 24 qui
1720 4971 127 21 dansèrent
1858 4972 40 20 des
1909 4972 79 24 gigues
1999 4973 30 20 de
2040 4973 49 19 leur

1623 4998 65 21 pays;
1713 4994 22 21 le
1756 4995 106 21 souriant
1883 4995 96 25 speaker
2001 4995 88 21 Marcel

1623 5018 99 20 Antoine
1742 5019 26 20 et
1787 5023 44 16 son
1851 5019 162 24 sympathique
2033 5023 44 17 con-

1623 5040 62 21 frère
1718 5041 90 25 anglais
1841 5041 102 25 Captain
1975 5042 114 21 Richards

1624 5065 81 23 Evans,
1723 5065 30 20 de
1770 5065 25 20 la
1812 5066 88 22 B.B.C.;
1919 5065 25 21 et
1961 5065 129 21 n'oublions

1623 5092 43 19 pas
1680 5087 23 21 le
1718 5087 69 22 Show
1802 5088 29 21 de
1846 5088 78 25 Bobby
1939 5089 79 24 Naret,
2034 5093 55 17 avec

1622 5115 37 16 ses
1676 5111 131 23 danseuses,
1825 5116 37 16 ses
1879 5112 125 20 chanteurs
2021 5113 25 19 et
2064 5117 26 15 ce

1622 5133 81 25 couple
1717 5134 31 21 de
1762 5135 145 20 fantaisistes
1922 5135 167 24 flegmatiques,

1622 5158 35 20 les
1669 5157 95 21 fameux
1776 5158 117 22 Bruneels.
1905 5157 60 22 dont
1976 5158 23 21 le
2011 5158 79 21 succès

1622 5180 135 25 particulier
1770 5182 40 20 fut
1823 5178 89 24 mérité.

1586 5214 94 23 PLACE
1696 5216 39 21 DE
1751 5216 38 21 LA
1804 5217 139 21 MONNAIE

1414 5250 158 26 L'expérience
1584 5251 78 22 tentée
1674 5256 44 21 par
1730 5254 50 20 «Le
1792 5253 72 21 Soir»
1875 5256 26 18 et
1912 5253 53 21 «La
1976 5252 112 21 Dernière
2100 5248 6 24 I

428 5127 50 24 Les
500 5126 213 25 détachements
727 5126 156 25 d'honneur
897 5127 79 28 belge
990 5127 30 24 et
1034 5126 80 25 alliés
1129 5127 136 24 viennent
1277 5127 35 24 de
1324 5127 206 24 s'Immobiliser
1542 5131 36 20 en

785 5161 40 19 un
839 5156 172 30 Impeccable
1026 5157 85 29 garde
1125 5157 19 24 à
1158 5161 92 21 vous...

422 5225 123 30 apothéose
559 5225 30 27 de,
603 5225 53 26 joie,
670 5224 130 25 d'élégance
815 5225 24 21 et
854 5224 29 22 de
931 5225 22 21 II
965 5228 16 22 y
993 5225 41 21 eut
1048 5225 59 21 dans
1121 5225 62 21 cette
1195 5225 54 22 nuit
1261 5225 30 21 de
1304 5225 67 21 liesse

422 5250 177 24 philanthropie.
903 5250 41 21 des
970 5250 115 21 moments
1111 5250 114 21 d'intense
1250 5250 103 21 émotion
1363 5254 6 17 :

2111 5097 71 44 Sur

2112 5158 37 43 la
2171 5156 114 46 Place

2111 5218 54 42 de

448 5274 32 20 Ce
495 5274 43 22 fut,
552 5278 30 17 en
595 5273 79 24 vérité,
688 5277 47 16 une
748 5272 52 21 nuit
815 5272 67 21 inou-
904 5275 79 26 quand
1013 5275 148 25 apparurent,
1192 5279 32 17 au
1252 5275 61 21 haut
1342 5275 29 20 de
1389 5272 101 33 Heure}),
1489 5303 11 2 _
1505 5272 178 28 organisateurs'
1691 5276 32 20 du
1736 5276 50 24 Bal,
1801 5278 25 19 et
1840 5277 39 24 qui
1893 5276 92 21 tendait
1998 5277 15 21 k
2027 5276 60 20 faire
2112 5279 7 17 1
2123 5293 25 17 n
2155 5277 40 26 M
2198 5293 52 17 ,-,,•,
2254 5283 85 27 .«.-j--

421 5296 89 21 bliable.
523 5298 33 20 La
568 5297 109 21 Monnaie
690 5296 64 21 avait
765 5295 118 22 réinstallé
904 5301 111 21 rescalier
1031 5301 16 21 à
1064 5300 84 21 double
1164 5300 70 24 volée,
1251 5299 35 21 les
1303 5300 67 20 hom-
1390 5298 111 21 déborder
1515 5298 25 21 la
1554 5299 49 20 fête
1617 5298 121 25 jusqu'aux
1753 5300 86 20 limites
1855 5300 28 20 de
1898 5300 23 20 la
1937 5300 69 20 Place

422 5324 43 17 son
487 5321 94 20 fameux
604 5321 110 24 plancher
737 5320 83 21 mobile
843 5324 41 16 sur
904 5329 25 16 m
929 5329 25 16 es
965 5324 30 20 de
1007 5324 24 21 la
1042 5323 93 22 Guards
1147 5324 104 20 Division
1262 5322 39 26 qui
1313 5323 57 21 libé-
1389 5322 116 24 Monnaie,
1522 5328 15 14 a
1552 5321 37 21 été
1604 5325 46 17 une
1666 5323 166 21 retentissante
1845 5322 103 21 réussite.
1965 5323 31 20 Le
2012 5322 75 24 temps

423 5343 73 25 lequel
525 5343 138 25 évoluèrent,
693 5342 103 26 pendant
826 5343 58 21 neuf
905 5341 79 27 rèrent
996 5347 125 23 Bruxelles,
1134 5351 56 16 ceux
1202 5347 30 20 de
1243 5347 129 20 l'Airbome
1389 5345 59 21 était
1460 5345 178 21 heureusement
1648 5346 63 20 doux
1722 5346 16 20 à
1749 5346 95 21 souhait
1855 5346 31 24 et,
1899 5350 46 17 aux
1957 5346 77 20 lueurs
2046 5345 41 20 des

424 5368 81 21 heures
528 5368 121 24 d'horloge,
673 5367 41 21 des
736 5367 95 21 milliers
854 5367 31 21 de
904 5371 104 20 Division
1028 5371 39 24 qui
1087 5370 149 20 défendirent
1255 5370 116 24 Bastogne
1389 5368 148 25 protecteurs,
1550 5369 23 20 le
1586 5369 38 20 bal
1638 5373 31 16 en
1681 5369 64 24 plein
1758 5370 36 20 air
1807 5369 107 21 mobilisa
1926 5369 53 25 plus
1992 5369 29 20 de
2035 5368 53 21 huit

2112 5353 78 27 une

425 5392 89 23 couples
537 5392 154 24 infatigables.
715 5392 30 20 Et
768 5391 33 20 les
825 5391 60 20 deux
904 5393 81 21 contre
1004 5398 46 16 von
1068 5392 133 22 Rundstedt
1219 5391 25 22 et
1262 5388 108 29 rèpondi-
1389 5391 63 21 mille
1467 5396 131 20 personnes.
1616 5392 66 20 Cette
1698 5393 63 20 foule
1777 5388 79 29 happa
1871 5392 167 21 littéralement
2054 5392 34 20 les
2176 5397 44 17 i...
2271 5397 7 17 1

424 5415 82 21 lustres
539 5416 81 24 géants
653 5416 29 19 de
715 5416 67 19 notre
814 5416 71 23 opéra
905 5418 53 19 rent
974 5424 11 10 «
993 5418 58 18 Nuts
1060 5424 11 10 »
1086 5417 15 20 à
1117 5421 36 15 ses
1168 5416 125 21 insolentes
1308 5419 62 17 som-
1389 5415 174 21 détachements
1577 5415 121 20 militaires
1712 5417 79 23 quand
1805 5416 90 20 ceux-ci
1909 5416 123 20 voulurent
2045 5415 41 21 dé-
2113 5411 192 28 mUltltUGe

424 5438 97 24 jetaient
534 5440 40 20 des
587 5439 84 20 clartés
683 5438 164 21 éblouissantes
859 5439 26 20 et
905 5441 108 22 mations,
1024 5444 57 16 ceux
1092 5440 29 20 de
1131 5434 26 26 la
1166 5440 103 20 Division
1280 5440 91 19 Leclerc
1390 5439 52 20 filer
1461 5439 25 20 et
1503 5438 45 21 elle
1565 5438 34 21 les
1618 5438 50 21 fêta
1686 5444 89 16 comme
1793 5439 15 21 à
1827 5439 133 23 l'intérieur,
1979 5439 60 20 mais
2058 5438 30 21 de

425 5462 39 21 des
479 5462 80 21 reflets
575 5463 108 23 flatteurs
698 5467 40 15 sur
752 5462 34 20 les
800 5462 85 22 habits,
906 5464 38 24 qui
960 5458 90 29 prirent
1065 5458 66 25 Paris
1146 5463 25 20 et
1187 5462 145 23 Strasbourg,
1347 5463 25 19 et
1390 5462 68 23 façon
1475 5462 76 20 moins
1569 5461 115 21 ordonnée
1702 5463 25 20 et
1743 5462 76 24 plus...
1839 5462 147 20 individuelle
1997 5463 5 19 !
2022 5462 65 20 Dans
2111 5458 128 33 J-nrap

425 5484 32 22 les
473 5487 124 19 uniformes
613 5487 25 20 et
652 5486 33 21 les
699 5485 101 21 toilettes
815 5484 68 22 fémi-
906 5490 56 17 ceux
977 5486 30 20 de
1022 5486 69 20 notre
1106 5481 69 25 Piron
1191 5486 38 20 oui
1246 5484 80 22 furent
1340 5489 32 17 en
1389 5486 52 19 tous
1453 5485 34 20 les
1502 5485 182 20 établissements
1697 5485 26 21 et
1736 5489 40 17 sur
1790 5485 23 21 la
1827 5485 69 21 Place
1908 5485 138 23 elle-même,
2060 5488 27 18 ce
2111 5481 68 20 m**MS
2183 5481 83 21 a********

425 5509 66 21 nlnes
502 5510 55 20 d'un
570 5509 55 25 goût
636 5509 80 25 exquis
727 5509 26 21 et
765 5509 54 21 d'un
832 5509 53 20 luxe
906 5509 141 21 Normandie
1059 5510 25 20 et
1095 5513 32 17 au
1138 5504 69 26 canal
1219 5508 33 21 de.
1260 5508 109 22 Wessel...
1389 5508 38 21 fut
1439 5507 79 25 cohue,
1532 5515 13 12 «
1551 5508 177 20 fraternisation
1734 5515 20 18 aa,
1766 5508 92 25 rythme
1871 5509 25 21 et
1907 5509 46 25 joie
1965 5509 123 24 jusqu'aux

426 5533 192 25 impressionnant
631 5534 23 21 et
666 5532 129 23 inattendu.
802 5531 84 24 C'était
906 5533 29 22 Je
961 5537 54 17 crus
1042 5535 45 23 que
1114 5532 24 22 la
1166 5532 111 22 Monnaie
1304 5532 68 22 allait
1388 5532 79 21 lueurs
1478 5532 30 21 de
1520 5532 82 21 l'aube.
1613 5541 28 7 —
1653 5532 71 22 O.W.
2106 5544 13 6 -

2382 5081 69 57 Le
2476 5106 27 28 «
2525 5086 82 52 roi
2627 5105 28 28 »
2681 5081 74 57 du
2784 5081 233 58 marché
3044 5088 123 52 noir

2849 5169 111 23 l'am-rrnde
2972 5171 57 22 mise
3041 5170 15 22 à
3068 5171 24 23 la
3100 5172 85 25 charge
3198 5173 115 21 deMlnne

2848 5195 36 21 est
2897 5194 29 22 de
2942 5195 39 20 834
2995 5195 107 24 millions,
3116 5200 28 17 ce
3157 5196 40 29 qui
3211 5197 66 22 porte
3292 5197 22 20 le

2849 5215 58 23 total
2921 5216 30 22 de
2964 5217 24 22 la
3002 5223 88 19 somme
3104 5219 44 21 due
3161 5224 17 16 a
3191 5224 54 20 puis
3258 5220 55 21 d'un

2849 5240 98 21 milliard
2962 5242 29 20 de
3009 5242 80 20 francs
3099 5242 5 20 I

2874 5264 31 20 Lé
2920 5264 107 23 Boucher,
3044 5265 38 24 qui
3099 5265 36 21 est
3150 5265 163 22 actuellement

2848 5285 85 23 détenu
2947 5287 16 21 à
2976 5286 24 22 la
3014 5287 77 24 prison
3108 5288 29 21 de
3151 5289 64 23 Loos,
3229 5294 17 16 a
3259 5293 54 20 reçu

2429 5168 44 25 (De
2484 5169 67 21 notre
2563 5169 195 26 correspondant.)

2388 5208 71 23 Paris,
2471 5208 13 20 9
2494 5208 136 24 septembre.
2641 5219 22 4 —
2662 5219 7 4 -
2678 5208 20 20 Il
2710 5210 15 21 y
2737 5211 14 18 a
2763 5208 52 24 quel-

2363 5235 55 20 ques
2428 5231 64 23 mois,
2503 5236 31 16 on
2546 5231 97 21 arrêtait
2654 5231 14 20 à
2680 5231 147 21 Hazebroucfc

2363 5259 31 15 un
2415 5254 99 20 boucher
2534 5254 93 21 nommé
2646 5253 78 22 André
2741 5253 86 24 Minne,

2362 5278 79 20 contre
2454 5277 74 24 lequel
2542 5280 45 18 une
2601 5277 98 23 enquête
2713 5278 63 22 avait
2790 5278 37 22 été
2848 5296 19 10 „,

2362 5299 166 47 aSI
2544 5301 203 46 pro"Kiteï
2763 5307 23 15 m
2787 5307 39 15 "-
2848 5311 116 36 '>«
2975 5296 142 36 -t£somm
3109 5296 13 13 U
3119 5317 13 15 e
3125 5296 12 13 e
3142 5296 78 37 éuT„
3229 5296 83 37 SnSl-

2362 5329 11 15 C
2375 5324 97 44 ^t^
2471 5329 12 15 S
2476 5325 111 46 enqU^°
2587 5324 9 20 f
2595 5325 87 44 sSnble
2700 5328 64 41 a^ir
2785 5348 41 21 dé-
2847 5334 127 21 «"««n**
2990 5334 97 24 «WNe

2363 5369 89 23 montré
2468 5375 43 20 que
2526 5371 81 21 Minne
2620 5372 37 20 est
2672 5371 21 21 le
2709 5377 9 12 •
2726 5371 35 21 roi
2770 5380 8 9 »
2794 5372 33 20 du

2363 5394 92 20 marché
2470 5394 59 22 noir,
2542 5394 134 21 autrement
2683 5394 43 21 .dit
2738 5395 22 20 le
2775 5395 52 23 plus

2363 5417 73 23 grand
2454 5417 131 25 trafiquant
2602 5422 44 20 que
2664 5418 23 20 la
2705 5422 80 20 guerre
2802 5419 25 20 et

2363 5441 151 23 l'occupation
2537 5441 64 21 aient
2620 5441 81 21 révélé.

2387 5463 36 21 En
2439 5464 66 22 effet,
2522 5464 22 20 le
2560 5465 110 20 montant
2686 5465 41 20 des
2743 5465 85 23 profits

2363 5487 65 20 saisis
2442 5491 44 20 par
2500 5487 21 21 le
2536 5487 83 21 comité
2632 5488 28 20 de
2675 5488 151 20 confiscation

2363 5515 14 15 a
2388 5510 37 21 été
2438 5510 75 21 aiTêté
2524 5511 15 20 k
2550 5511 24 20 la
2584 5515 88 17 somme
2683 5511 29 21 de
2723 5511 39 20 208
2774 5512 40 19 mil-

2363 5533 66 22 lions.
2443 5533 96 24 D'autre
2556 5538 60 21 pan,
2633 5534 23 22 le
2672 5534 110 22 montant
2798 5535 29 21 de

2849 5383 127 45 L'union
2990 5387 324 42 inienarlemeniaîre

2872 5462 100 24 Genève,
2986 5464 13 20 8
3012 5462 135 26 septembre,
3161 5474 27 5 —
3202 5464 43 21 Les
3261 5463 36 21 tra-

2846 5491 61 16 vaux
2938 5486 29 21 de
2996 5487 91 20 l'Union
3119 5487 178 24 interparlemen-

2844 5510 62 21 taire
2924 5511 188 22 commenceront
3130 5510 77 23 mardi
3226 5511 16 22 à
3263 5512 34 20 Ge-

2845 5534 65 21 nève.
2927 5542 6 5 '
2957 5543 6 5 -

3337 3716 78 25 tombe
3452 3721 29 21 de
3518 3718 99 23 l'ancien
3654 3722 149 23 gouverneur,

3337 3744 31 21 M.
3387 3744 111 24 François
3515 3744 104 23 Bovesse,
3638 3743 54 25 puis
3710 3747 43 24 par
3772 3747 32 17 un

3337 3771 13 15 x
3356 3767 33 20 Te
3422 3768 74 20 Deum
3504 3772 18 17 »,
3554 3766 84 25 auquel
3672 3763 133 24 assistèrent

3338 3789 76 22 toutes
3429 3789 35 21 les
3480 3786 112 24 autorités
3608 3789 158 25 provinciales.

3363 3818 72 26 Après
3450 3821 48 19 une
3512 3818 83 21 remise
3610 3818 31 22 de
3656 3818 118 25 drapeaux
3790 3818 15 22 à

3337 3842 135 24 I'O.M.B.R.,
3485 3842 35 21 les
3531 3846 97 20 groupes
3642 3842 28 21 de
3683 3838 122 25 résistants

3336 3866 25 20 et
3384 3866 35 20 les
3443 3864 170 25 personnalités
3636 3865 123 22 fleurirent
3783 3865 21 20 le

3338 3889 137 20 monument
3487 3887 128 26 provincial
3629 3891 46 18 aux
3688 3888 74 22 morts
3776 3887 29 21 de

3336 3912 24 21 la
3374 3913 87 23 guerre.

3362 3939 170 26 L'après-midi,
3554 3945 35 16 un
3612 3939 90 25 cortège
3726 3942 65 23 somp-

3336 3964 78 24 tueux,
3432 3967 56 18 avec
3503 3964 76 22 chars,
3595 3967 98 20 groupes
3709 3962 83 22 histori-

3336 3990 62 20 ques,
3411 3989 87 22 groupe
3510 3983 120 32 populaire
3643 3983 116 29 évoquant
3772 3987 33 20 les

3338 4009 77 21 aaTrois
3435 4008 114 22 Grands»,
3567 4009 51 24 etc.,
3637 4008 126 26 parcourut
3781 4009 24 20 la

3337 4032 53 20 ville
3407 4036 58 20 pour
3483 4032 92 21 aboutir
3591 4031 66 26 place
3675 4032 129 21 Saint-Au-

3335 4054 56 22 baln
3409 4054 30 22 où
3458 4059 26 17 se
3501 4053 97 24 déroula
3616 4059 46 16 une
3681 4055 122 25 grandiose

3336 4078 128 20 cérémonie
3482 4077 59 22 dont
3558 4078 21 21 le
3597 4078 52 21 clou
3666 4076 39 23 fut
3722 4078 70 21 incon-

3336 4100 164 22 testablement
3520 4101 34 21 les
3575 4101 84 21 danses
3680 4101 43 22 des
3743 4097 47 26 célè-

3336 4123 53 23 bres
3407 4124 117 21 aaChinelS')
3543 4124 29 22 de
3589 4124 86 22 Fosses.

3362 4167 101 29 Grande
3473 4167 145 29 cérémonie
3626 4169 155 34 patrioliqne

3523 4215 16 27 à
3551 4213 68 29 Mos.

3363 4273 21 20 A
3402 4271 122 22 l'occasion
3544 4273 30 21 de
3594 4270 23 24 la
3639 4272 152 22 commémora-

3338 4294 51 22 tion
3411 4296 28 21 de
3463 4295 24 21 la
3509 4295 122 22 libération
3653 4297 31 20 de
3706 4297 24 20 la
3753 4295 53 22 ville

3338 4319 94 23 d'Alost,
3451 4319 30 20 de
3500 4315 100 28 grandes
3619 4318 60 22 fêtes
3698 4315 96 29 patrioti-

3339 4345 56 21 ques
3409 4342 42 20 ont
3465 4346 30 16 eu
3509 4342 46 21 lieu
3570 4338 130 26 dimanche.

3364 4370 44 22 Les
3418 4371 36 21 65'
3466 4370 25 23 et
3502 4369 36 24 56'
3549 4370 125 23 bataillons
3685 4372 40 25 qui
3736 4371 58 22 achè-

3339 4394 56 20 vent
3420 4393 50 22 leur
3496 4393 139 22 instruction
3660 4393 61 23 dans
3746 4395 62 22 Cette

3339 4417 53 20 ville
3409 4418 109 23 reçurent
3535 4418 92 20 chacun
3646 4422 34 17 un
3697 4419 111 24 drapeau.

3337 4440 33 21 La
3385 4439 129 22 cérémonie
3530 4445 24 16 se
3568 4440 102 24 déroula,
3686 4441 23 21 le
3723 4441 83 24 matin,

3339 4468 39 16 sur
3392 4463 23 21 la
3429 4464 164 21 Grand'Place.
3608 4469 29 16 en
3651 4464 109 23 présence
3774 4465 30 20 de

3338 4487 23 20 la
3387 4487 105 25 musique
3517 4488 33 21 du
3575 4488 36 20 21'
3638 4487 114 24 régiment
3777 4488 30 21 de

3338 4510 71 24 Ligne
3430 4510 160 23 reconstituée,
3612 4510 30 22 de
3665 4510 47 22 très
3734 4514 54 18 nom-

3337 4533 92 21 breuses
3444 4534 168 24 personnalités
3627 4534 78 22 civiles
3720 4535 26 22 et
3759 4535 46 23 mit

3337 4557 87 20 lilaires
3439 4557 26 21 et
3479 4558 41 20 des
3535 4557 142 25 délégations
3691 4554 29 25 de
3735 4563 57 19 grou-

3338 4579 106 25 pements
3464 4579 119 22 d'anciens
3604 4577 158 26 combattants
3782 4581 25 22 et

3339 4601 29 23 de
3383 4603 24 21 la
3421 4603 132 21 résistance-

3366 4633 31 20 M.
3412 4634 28 20 G.
3453 4634 34 19 De
3501 4632 133 25 Stobbeléir,
3648 4633 118 25 président
3780 4634 29 21 de

3337 4656 23 20 la
3373 4655 136 22 Fédération
3524 4657 105 19 alostolse
3645 4657 39 20 des
3698 4657 94 24 Groupe-

3339 4679 75 20 ments
3432 4679 157 24 patriotiques,
3607 4680 70 20 remit
3695 4679 32 27 les
3746 4681 59 19 deux

3339 4701 122 25 drapeaux,
3476 4704 24 19 et
3512 4701 87 25 évoqua
3613 4702 21 21 le
3647 4703 106 21 souvenir
3766 4703 40 21 des

3341 4724 60 21 deux
3415 4728 99 21 guerres.

3365 4755 38 20 Un
3427 4754 71 21 défilé
3522 4754 138 24 impeccable
3683 4756 41 20 des
3748 4756 59 21 deux

3341 4775 123 23 bataillons
3480 4775 101 24 termina
3597 4778 60 21 cette
3673 4774 136 26 cérémonie.

3384 4820 99 27 Uerslal
3491 4824 82 24 remet
3583 4821 46 27 ries
3636 4820 127 35 diplômes

3450 4872 16 27 à
3478 4879 43 20 ses
3533 4873 162 33 prisonniers

3364 4928 184 22 L'anniversaire
3572 4929 29 22 de
3627 4929 25 22 la
3676 4929 131 23 Libération

3339 4955 15 17 a
3376 4950 38 22 été
3437 4949 151 24 commémoré
3612 4952 14 23 à
3649 4953 94 22 Herstal
3764 4956 44 22 par

3340 4975 41 20 des
3402 4975 98 21 services
3520 4975 116 25 religieux,
3659 4977 78 21 tandis
3758 4981 50 21 que,

3341 4996 158 26 l'après-midi,
3512 5002 34 17 un
3559 4997 93 26 cortège
3665 5003 15 17 a
3694 5004 114 20 parcouru

3340 5019 33 22 les
3385 5020 88 22 artères
3484 5020 139 26 principales
3635 5022 28 21 de
3676 5024 22 19 la
3710 5023 98 21 localité,

3339 5043 64 21 salué
3420 5047 43 21 par
3477 5045 34 20 les
3526 5044 166 22 acclamations
3706 5045 88 21 enthou-

3340 5067 82 20 siastes
3438 5067 30 21 de
3485 5067 23 21 la
3525 5067 68 21 foule.
3611 5069 38 20 On
3666 5069 142 23 remarquait

3340 5090 22 20 la
3376 5090 163 25 participation
3554 5090 28 21 de
3596 5089 126 23 nombreux
3737 5095 57 20 grou-

3339 5114 105 22 pements
3459 5113 157 24 patriotiques,
3632 5114 61 21 ainsi
3707 5118 44 23 que
3766 5115 40 21 des

3340 5135 141 24 délégations
3503 5139 55 17 avec
3579 5136 105 25 musique
3705 5136 41 22 des
3767 5142 27 16 ar-

3339 5158 61 21 mées
3431 5158 84 23 alliées,
3545 5159 148 21 notamment
3723 5160 30 21 de
3783 5160 23 20 la

3338 5182 22 19 3'
3373 5181 98 21 division
3485 5181 90 22 blindée
3589 5181 139 22 américaine
3739 5183 26 21 et
3777 5184 29 20 de

3338 5205 92 23 troupes
3452 5204 133 24 françaises,
3607 5205 29 20 de
3657 5205 23 20 la
3701 5205 104 28 musique

3336 5227 30 20 du
3381 5228 33 19 12"
3429 5228 29 20 de
3470 5226 77 26 Ligne,
3562 5227 41 22 des
3617 5228 100 21 diverses
3730 5224 60 25 socié-

3336 5249 34 21 tés
3390 5250 174 24 herstaliennes,
3585 5251 41 21 des
3646 5251 97 22 enfants
3761 5253 42 20 des

3335 5272 79 24 écoles,
3427 5274 45 20 etc.

3364 5300 31 23 Le
3413 5301 70 22 défilé
3503 5302 54 21 s'est
3575 5302 98 22 terminé
3691 5303 67 25 place
3777 5305 29 20 de

3339 5322 22 24 la
3376 5324 88 24 Licour,
3478 5324 30 22 où
3523 5324 31 22 M.
3567 5325 91 23 Lhoest,
3673 5326 120 24 bourgmes-

3339 5346 42 24 tre,
3396 5352 15 16 a
3425 5347 110 22 remercié
3550 5349 34 20 les
3597 5348 167 23 manifestants
3776 5350 30 21 de

3335 5370 48 20 leur
3396 5370 114 24 présence-

3363 5400 73 22 Apres
3449 5399 23 21 la
3485 5400 82 21 remise
3581 5401 40 20 des
3634 5400 112 25 diplômes
3758 5406 47 17 aux

3338 5422 61 20 mille
3426 5423 140 23 prisonniers
3593 5428 44 16 oue
3663 5427 92 21 compte
3791 5430 15 14 rra.

3339 5449 121 17 commune
3484 5446 28 20 de
3537 5443 99 26 HersEtl.
3661 5447 31 21 M.
3715 5442 91 27 ïaédent

3337 5468 76 20 confia
3437 5469 15 19 à
3474 5469 203 21 l'administration
3699 5474 91 17 commu-

3334 5491 53 20 nale
3402 5492 21 19 le
3438 5491 59 21 banc
3511 5492 30 20 de
3556 5492 23 21 la
3594 5492 87 22 liberté,
3696 5493 40 24 qui
3751 5494 50 20 dô't

3334 5513 122 25 perpétuer
3470 5514 23 21 le
3507 5514 107 22 souvenir
3631 5515 29 22 de
3675 5515 24 21 la
3715 5515 85 22 libéra-
