4068 5782
1814 204 118 19 NATION
1949 204 109 23 BELOF!.
2077 205 25 18 17
2121 204 57 19 MAT
2196 204 51 19 1ÏÏ35

126 280 25 71 A
166 280 177 71 TRAVERS
364 282 65 69 LES
452 280 197 71 JOURNAUX

704 282 289 91 Pilsudski,
1028 298 235 63 sauveur
1286 280 71 81 de
1392 280 53 81 la
1474 280 237 91 Pologne

215 413 13 14 «
249 408 153 20 N'AVOUEZ
422 407 112 20 JAMAIS
543 407 7 20 !
572 412 14 14 »

152 444 35 24 Le
212 443 95 30 Peuple
331 444 60 22 s'est
416 442 57 24 ému
498 450 78 21 parce
603 450 48 22 que

120 478 66 21 iio.tw
204 473 37 23 lui
260 479 78 18 avons
355 471 48 30 fait
422 478 147 23 remarquer
585 484 34 4 —
636 472 15 22 à

120 506 97 24 propos
235 500 76 24 d'une
331 500 127 23 brochure
484 499 102 29 stupide
605 499 45 23 des

119 528 95 25 Jeunes
236 528 95 23 Gardes
352 527 151 28 socialistes,
524 527 126 24 brochure

121 556 34 24 oà
170 557 37 23 les
223 556 158 30 catholiques
395 557 59 23 sont
470 555 104 25 accusés
590 555 51 23 d'ai-

120 591 57 17 mer
191 585 26 23 la
230 590 91 24 guerre
336 596 34 5 —
385 591 48 22 que
448 584 75 27 seuls,
539 582 110 24 certains

120 613 141 23 socialistes
275 612 93 28 belges,
381 614 33 22 de
427 612 82 24 l'aveu
523 612 81 23 même
617 612 32 22 de

119 641 37 25 M;
172 640 181 28 Vandervelde,
371 640 146 25 souhaitent
536 641 24 22 la
578 646 62 22 guer-

120 675 36 18 re.
178 669 130 28 Interrogé
331 675 31 17 en
384 669 68 22 toute
474 668 59 23 hiVe.
556 674 47 22 par
626 667 22 23 le

117 697 107 30 Peuple*
234 696 32 25 M.
281 696 173 24 Vandervelde
468 704 15 16 a
497 696 42 24 nié
554 697 22 22 le
591 701 46 23 pro-

118 731 57 24 pos.

149 753 24 24 Jl
194 759 65 18 nous
281 752 117 25 souvient
418 752 53 29 fort
493 753 59 22 bien
574 757 66 23 pour-

119 782 55 24 tant
192 781 100 24 d'avoir
309 782 27 22 lu
355 788 34 16 un
408 780 91 24 article
517 781 35 23 du
572 787 13 15 «
604 779 36 23 mi-

118 809 82 24 nistre
218 810 85 23 d'Etat
323 811 25 21 et
366 815 60 18 sans
447 807 160 31 portefeuille
627 815 21 17 »,

119 836 91 25 article
232 837 65 23 dans
318 837 83 29 lequel
423 843 27 16 se
472 835 111 24 trouvait
605 841 33 23 pa-

119 865 175 24 ternellement
314 864 143 27 morigénés
477 864 110 24 certains
608 870 32 16 ex-

119 893 125 24 trémistes
262 894 36 24 du
316 893 75 29 parti,
409 892 45 29 qui
473 894 60 22 vont
549 891 99 30 jusqu'à

118 921 116 24 attendre
261 922 80 24 d'une
374 919 186 31 conflagration
577 926 61 17 euro-

117 949 100 30 péenne
233 950 24 24 le
273 949 128 29 triomphe
415 950 34 23 de
465 950 25 22 la
505 948 142 24 révolution

117 978 130 23 marxiste.
266 978 28 22 Si
313 978 24 22 le
356 977 95 35 Peuple
472 978 58 22 vent
549 976 88 24 absolu-

118 1007 70 22 ment
210 1012 34 16 un
268 1006 74 26 texte,
365 1005 20 23 il
408 1005 86 25 l'aura,
518 1004 129 23 dussions-

117 1040 65 18 nous
202 1040 107 23 pousser
344 1032 169 28 l'abnégation
549 1030 99 31 jusqu'à

114 1061 78 24 relire
209 1063 68 22 toute
295 1062 25 22 la
336 1060 141 24 littérature
495 1059 150 30 pontificale

115 1091 35 23 de
163 1097 48 17 son
225 1097 13 16 «
250 1090 92 29 patron
355 1096 21 17 >.
391 1090 33 22 Ce
438 1096 32 16 ne
484 1089 77 23 serait
575 1088 61 24 d'ail-

116 1118 69 24 leurs
200 1125 46 22 pas
261 1118 26 23 la
301 1117 126 29 première
441 1117 50 29 fois
507 1124 48 22 que
571 1116 76 24 celui-

117 1147 31 26 ci.
156 1142 84 28 durait
252 1146 147 23 totalement
413 1146 82 28 perdu
508 1146 32 23 de
556 1151 46 18 vue
617 1151 29 17 ce

117 1174 62 29 qu'il
193 1181 17 17 a
223 1180 35 24 pu
272 1174 58 23 dire
344 1180 32 17 ou
392 1173 82 24 écrira
489 1180 31 17 en
536 1173 109 23 d'autres

117 1203 89 29 temps.
229 1202 90 29 Quand
341 1202 23 22 le
386 1202 94 29 Peuple
502 1202 82 27 ajoute
608 1207 28 17 ce-

116 1230 115 33 pendant
249 1230 91 29 qu'une
358 1229 58 23 telle
432 1229 158 24 déclaration
610 1230 37 22 est

117 1258 157 30 impossible,
292 1265 14 16 c
322 1258 55 23 cela
396 1265 31 17 va
444 1258 32 23 de
493 1258 40 22 soi
548 1265 22 19 »,
586 1263 60 17 sans

115 1286 78 24 doute
205 1292 78 23 parce
297 1292 48 25 que
359 1286 23 22 le
396 1286 144 23 socialisme
554 1287 37 22 est
605 1285 31 23 né-

117 1315 180 24 cessairement
319 1314 137 29 pacifique,
478 1313 19 23 il
519 1314 73 28 suffit
613 1314 33 22 de

117 1342 37 23 lui
172 1349 111 23 opposer
302 1344 39 21 cet
361 1343 71 22 antre
451 1343 74 25 texte,
546 1341 48 24 *îrè
614 1346 31 18 ne

115 1370 17 24 r
132 1370 163 28 Alternative,
309 1370 65 23 livre
388 1369 88 25 récent
490 1371 32 22 de
535 1371 31 22 M.
583 1370 51 22 Van-

113 1399 129 23 dervelde.
255 1398 121 29 Jusqu'en
390 1398 69 27 191't,
473 1397 118 29 explique
606 1400 38 21 cet

114 1428 98 26 auteur,
228 1428 36 23 les
281 1426 143 24 socialistes
442 1434 13 15 «
472 1425 172 26 admettaient,

115 1455 63 24 dans
198 1455 111 23 certains
326 1461 51 21 cas,
395 1455 24 22 la
438 1460 89 22 guerre
546 1460 98 17 comme

114 1484 155 23 instrument
290 1484 32 22 de
343 1483 125 28 politique
498 1483 148 22 internatio-

115 1511 66 28 nale^
197 1515 28 20 «t
244 1517 28 18 se
292 1511 139 24 refusaient
450 1509 81 25 même
552 1511 13 23 à
584 1517 50 17 con-

115 1540 106 23 damner
235 1541 68 22 toute
317 1545 89 22 guerre
421 1538 125 24 offensive
560 1546 21 15 ».
595 1539 50 23 Par

114 1567 123 29 exempte,
256 1568 72 23 Marx
354 1569 24 22 et
404 1566 100 29 Engels,
524 1573 31 16 en
575 1566 68 26 18ïS\

114 1603 16 16 €
151 1595 164 24 cherchaient
339 1596 15 23 à
377 1595 55 27 agir
453 1601 44 18 sur
519 1594 123 28 l'opinion
651 1600 68 23 (avec
738 1602 23 20 la
781 1601 95 23 plupart
894 1601 41 19 des
954 1599 107 20 officiers
1079 1598 111 23 français,

112 1623 124 30 publique
268 1623 121 28 anglaise,
420 1629 66 22 pour
517 1622 125 28 l'engager
660 1626 57 21 était
729 1631 41 15 sur
781 1627 22 19 le
814 1626 66 19 front
894 1625 37 21 (G.
942 1624 27 24 Q.
980 1624 34 22 G.,
1027 1622 163 25 états-majors

113 1652 64 23 dans
189 1658 49 17 une
249 1658 90 19 guerre
351 1652 89 23 contre
451 1652 23 22 la
487 1651 97 23 Russie.
596 1658 13 15 »

233 1693 296 22 RENSEIGNEZ-VOUS,

178 1728 7 3 -
221 1722 103 20 CHERS
336 1721 186 21 CONFRERES
532 1721 7 20 !

146 1757 115 24 Certains
284 1757 127 24 écrivains
433 1759 114 28 français
571 1764 63 23 pous-

112 1788 58 22 sent
188 1793 33 17 un
239 1793 49 22 peu
306 1786 53 23 loin
378 1786 25 22 la
421 1786 107 28 légèreté
547 1787 24 22 et
589 1786 54 22 Vcs-

112 1815 55 29 prit
187 1814 150 29 superficiel
357 1815 85 28 quand
464 1814 19 22 il
503 1814 74 27 s'agit
597 1815 46 22 des

113 1843 161 23 événements
296 1843 129 27 étrangers
448 1849 33 16 ou
503 1842 46 23 des
572 1841 61 24 insti-

112 1871 96 23 tutions
224 1870 151 29 étrangères.
391 1871 69 24 Xous
475 1877 91 17 savons
584 1869 57 24 bien

113 1906 49 22 que
181 1907 13 14 «
214 1899 24 22 le
257 1899 122 28 Français
400 1901 37 21 est
458 1906 33 16 un
513 1898 129 23 monsieur

113 1929 44 25 qui
169 1927 87 27 ignore
269 1928 25 24 la
303 1926 154 30 géographie
468 1934 21 20 ?,
503 1934 64 16 niais
578 1926 65 23 «r/oï7-

112 1956 20 22 it
148 1956 103 27 ignorer
267 1956 69 23 aussi
351 1955 159 24 absolument
526 1956 25 22 la
567 1954 65 29 diffé-

112 1990 77 17 rence
226 1985 70 23 entre
332 1985 92 21 autour
443 1986 25 21 et
487 1983 155 23 alentour?...

111 2012 71 23 Nous
206 2019 31 16 en
259 2012 101 24 serions
384 2012 59 22 bien
468 2011 99 23 marris.
592 2012 50 22 Par

111 2041 115 28 exemple
242 2047 9 16 :
264 2040 96 28 Depuis
374 2047 49 22 que
437 2040 115 23 l'illustre
564 2040 31 22 M.
609 2039 32 23 de

109 2069 60 23 Man
183 2069 48 28 fait
245 2070 82 27 partie
342 2069 45 23 des
404 2068 109 24 conseils
527 2068 35 23 du
578 2067 63 23 Gon-

112 2098 154 26 vernement,
281 2097 19 23 il
312 2096 63 24 n'est
389 2103 45 21 pas
448 2097 32 22 de
493 2097 58 27 jour
565 2096 75 28 qu'un

110 2124 137 30 publicisle
285 2124 248 29 d'outre-Quiévrain
570 2124 61 24 n'im-

110 2153 84 29 prime
208 2154 55 22 tout
277 2159 45 17 cru
338 2159 48 23 que
401 2161 13 12 «
429 2154 8 22 ï
446 2160 5 5 '
466 2152 60 29 plan
542 2152 35 23 du
593 2152 39 22 tra-

112 2182 52 23 vail
186 2183 38 22 est
246 2187 32 18 en
302 2188 75 16 cours
400 2179 184 31 d'application
610 2186 30 17 en

109 2209 122 29 Belgique
246 2217 21 17 ».
285 2209 236 28 Renseignez-vous,
537 2210 33 23 de
586 2208 46 27 grâ-

111 2244 36 17 ce.
165 2239 56 22 MM.
238 2238 37 22 les
292 2237 158 29 spécialistes
468 2237 141 28 étrangers!

140 2266 68 22 Dans
229 2272 32 16 un
281 2265 134 23 interview
434 2264 95 26 récent,
551 2265 23 22 le
594 2264 37 23 mi-

110 2294 80 24 nistre
204 2302 13 14 «
230 2294 44 24 des
290 2293 116 24 Travaux
419 2293 100 29 publics
534 2296 24 20 et
570 2295 32 22 de
617 2294 24 22 la

110 2323 145 28 résorption
267 2323 34 23 du
316 2322 121 28 chômage
449 2329 13 14 »
478 2322 82 28 (ouf!)
575 2329 16 16 a
602 2322 38 24 dit

111 2349 128 26 lui-même
252 2350 62 33 qu'il
327 2358 28 16 se
367 2356 122 18 consacre
502 2356 32 18 en
547 2357 28 16 ce
590 2356 40 17 mo-

110 2381 70 21 ment
197 2380 16 23 â
229 2380 25 23 la
270 2378 149 24 réalisation
437 2379 61 24 d'un
518 2378 60 27 pian
596 2376 45 31 qui

109 2408 66 23 n'est
187 2414 45 21 pas
244 2409 22 22 le
279 2407 63 23 sien.
355 2407 60 23 Cela
426 2406 148 30 n'empêche
586 2412 53 23 pas,

107 2442 50 22 par
170 2434 122 27 èxemole,
305 2436 36 23 lés
354 2435 135 25 Nc::velles
503 2434 136 24 littéraires

110 2465 33 23 de
163 2464 57 23 dire
238 2463 24 24 te
281 2463 129 23 contraire
430 2470 48 22 par
497 2463 67 22 deux
582 2462 57 28 fois.

112 2492 55 25 Vne
180 2492 51 27 fois
244 2498 60 17 sous
319 2492 24 23 la
359 2492 85 28 plume
459 2493 33 22 de
506 2492 32 22 M.
552 2491 88 22 Pierre

109 2520 154 30 Dominique
283 2520 26 25 (*
326 2520 35 22 Le
381 2520 60 26 plan
460 2522 32 22 de
511 2520 66 26 Man,
596 2518 45 30 qui

109 2555 34 17 on
160 2549 23 22 le
200 2548 56 25 sait,
273 2550 37 21 est
328 2548 120 36 appliqué
464 2554 66 23 pour
547 2548 23 23 le
585 2554 42 17 mo-

109 2580 71 20 ment
199 2583 30 16 en
246 2576 121 28 Belgiaue
384 2574 40 27 ■>};
444 2582 50 17 une
512 2576 50 28 fois
580 2582 60 16 sons

110 2605 26 23 la
156 2605 86 29 plume
261 2605 32 23 de
313 2605 32 23 M.
366 2604 122 23 Frédéric
509 2604 130 28 Lefebvre.

111 2633 108 24 Celui-ci
235 2640 16 16 a
267 2639 72 19 nasse
357 2640 14 15 «
386 2639 49 17 une
452 2633 79 23 heure
548 2638 61 17 avec
625 2640 12 13 »

109 2661 26 23 l'i
153 2663 65 22 itenr
237 2662 62 23 d'An
321 2662 58 23 delà
400 2661 34 23 du
455 2661 142 23 Marxisme.
618 2660 22 23 //

110 2690 84 23 aurait
215 2690 58 23 bien
291 2690 33 23 dû
362 2697 30 14 t..
430 2689 108 30 profiler
575 2695 65 23 pour

110 2718 110 23 éclairer
232 2725 29 16 sa
274 2719 121 23 lanterne.
410 2718 62 24 Mais
486 2718 66 22 non!
565 2717 23 22 le
603 2716 27 23 ré-

111 2747 36 23 cit
164 2748 33 23 de
215 2747 135 23 l'entrevue
368 2752 147 17 commence
534 2752 47 22 par
599 2751 41 16 c?s

109 2776 67 23 mots
191 2782 8 15 :
214 2783 15 14 c
239 2776 38 23 En
291 2774 125 29 Belgique,
430 2782 33 16 on
477 2776 37 22 est
527 2781 32 16 en
574 2773 66 23 train

109 2803 156 26 de'féaliser
281 2803 24 23 le
320 2803 59 29 pla**
397 2803 35 23 du
448 2802 110 26 Travait,
574 2802 36 23 du
627 2801 15 23 à

109 2832 43 23 M..
159 2832 34 23 de
211 2833 59 23 Mon
288 2831 104 31 y.'-Cççt
409 2831 119 26 absurde,
545 2831 33 24 M.
598 2830 44 26 f,e-

108 2855 97 33 fflv'rè.
219 2861 69 22 C'est
302 2858 115 27 ridittde,
431 2860 33 22 ?ï.
479 2858 161 29 Dominique.

122 2883 23 14 ai
142 2882 91 34 Qiîand
255 2895 33 16 un
310 2886 96 30 enfant',
417 2888 85 22 tombe
523 2888 65 22 dans
611 2892 30 16 ce

110 2917 105 25 travers,
233 2923 34 16 on
284 2922 33 17 ne
335 2923 26 16 re
377 2914 62 30 gêne
456 2922 46 22 pas
520 2920 66 23 pour
603 2913 37 22 lui

108 2942 198 27 dfirei^Tnas
320 2950 48 16 une
381 2944 96 29 langue,
490 2949 60 17 nom
563 2942 76 24 d'une

109 2970 282 32 pip&'iltenseigiïe-toï
404 2971 80 25 donc!
495 2978 18 16 »
541 2990 69 6 ...

136 3021 111 26 BIANÇ,
256 3021 72 20 PUIS
337 3020 86 23 NOIR,
431 3020 70 20 PUIS
509 3018 104 21 BLANC

141 3065 23 24 //
181 3066 38 22 est
235 3064 113 30 difficile
366 3065 32 23 de
416 3064 122 24 concilier
556 3063 25 23 ta
598 3062 32 23 dé-

109 3093 116 28 magogie
240 3099 62 18 avec
318 3093 24 23 le
359 3093 51 23 bon
425 3098 66 17 sens.
507 3091 59 24 Cela
582 3091 59 22 s'est

110 3128 33 21 vu
154 3128 49 18 une
210 3122 54 29 fois
273 3122 34 24 dé
318 3121 57 28 plus
387 3128 50 16 aux
447 3120 193 23 commentaires

108 3151 66 23 dont
190 3151 37 23 les
242 3150 128 29 journaux
385 3149 142 24 socialistes
544 3149 44 22 ont
603 3154 29 16 sa-

110 3179 46 24 luer
165 3180 37 23 les
215 3177 161 26 événements
392 3176 177 28 (regrettables
582 3177 13 25 )
609 3177 32 22 de

110 3207 127 24 T-amines.
254 3207 35 23 Le
309 3205 113 29 premier
439 3206 66 28 jour,
524 3212 34 17 on
575 3212 16 16 a
609 3211 32 17 vu

109 3235 25 23 le
149 3235 96 24 Pétrole
262 3238 24 20 et
301 3241 41 17 ses
358 3235 122 27 epigones
498 3238 143 25 approuver

108 3271 61 17 sans
180 3264 100 23 réserve
292 3264 25 21 la
329 3262 120 24 conduite
461 3262 46 22 des
519 3260 123 24 ouvriers.

109 3292 61 24 Puis
191 3292 27 24 la
237 3291 125 29 réflexion
384 3292 38 22 est
444 3296 81 17 venue
547 3296 9 16 :
578 3289 64 23 dans

108 3327 49 19 son
174 3319 107 25 numéro
298 3320 33 24 de
348 3319 136 25 mercredi,
501 3319 24 22 le
541 3316 101 30 journal

109 3348 130 25 socialiste
259 3356 29 17 se
306 3348 99 24 montre
426 3348 133 27 beaucoup
585 3345 57 29 plus

109 3377 117 24 réticent.
244 3377 35 22 Le
297 3379 159 21 mouvement
474 3375 32 23 de
523 3375 77 28 grève
619 3373 24 22 et

109 3406 34 24 dt
157 3405 167 29 protestation
338 3406 38 22 est
388 3404 110 23 attribué
512 3404 15 22 à
541 3402 93 24 l'initia-

110 3434 52 23 tive
187 3433 176 24 communiste.
387 3433 21 23 Il
431 3431 127 27 s'agissait
583 3430 60 23 d'un

109 3462 125 30 complotr
247 3465 24 21 et
288 3468 65 16 ceux
369 3462 43 27 qui
427 3460 118 23 l'avaient
562 3458 80 23 tramé

110 3498 35 16 ou
162 3491 68 23 suivi
249 3490 95 24 étaient
361 3488 158 24 sévèrement
540 3487 102 24 blâmés.

126 3526 4 4 ■
142 3519 36 32 Qr
193 3519 19 23 H
227 3527 28 16 se
270 3519 47 29 fail
334 3524 55 23 que,
404 3518 64 23 dans
483 3515 159 26 Vintervalle,

111 3546 37 25 les
166 3549 105 27 patrons
289 3545 120 25 faminois
426 3546 44 23 ont
487 3545 48 28 fait
553 3543 81 25 certai-

109 3582 47 18 nes
173 3575 173 28 concessions^
354 3581 51 16 aux
421 3574 115 23 ouvriers
553 3579 32 17 au
603 3578 29 16 su-

109 3604 39 29 jet
161 3604 46 24 des
223 3603 114 24 salaires.
355 3603 39 22 Du
413 3608 74 22 coup,
505 3602 24 23 le
545 3600 96 28 Peuple

110 3638 120 18 renverse
245 3637 94 18 encore
354 3636 49 18 une
418 3630 50 28 fois
482 3630 25 22 la
521 3634 96 23 vapeur
634 3634 8 15 :

112 3660 20 24 il
149 3661 92 23 chante
260 3659 115 24 victoire.
393 3659 62 23 Mais
473 3659 24 22 si
514 3658 61 23 c'est
593 3662 50 17 une

112 3688 107 24 victoire
226 3695 37 18 £n
276 3688 70 28 effet,
359 3686 48 24 elle
419 3694 16 16 a
447 3686 40 24 été
498 3684 144 30 remportée

112 3716 75 29 qrâce
200 3709 41 35 af
247 3724 13 15 «
274 3715 113 29 complot
401 3722 13 15 »
428 3714 116 24 dénoncé
558 3720 47 22 par
620 3712 7 16 }
628 3719 14 16 c

110 3744 103 31 Peuple.
221 3745 43 22 -De
278 3745 82 22 toutes
373 3744 98 28 façons,
487 3745 24 21 et
525 3743 33 25 de
573 3741 59 29 quel-

113 3780 49 21 que
173 3773 112 24 manière
297 3772 77 26 qu'où
386 3773 90 21 tourne
489 3770 117 29 l'affaire,
620 3769 23 23 le

112 3798 102 33 journal
232 3800 130 25 socialiste
380 3800 61 23 s'est
459 3798 48 26 mis
528 3799 24 23 le
571 3797 71 27 doigt

113 3830 76 26 dans'
194 3830 70 26 l'œil,
280 3830 50 23 soit
348 3835 32 17 en
396 3828 205 28 désapprouvant
620 3825 23 24 le

114 3861 161 21 mouvement
295 3857 103 23 ouvrier
418 3857 33 23 de
473 3855 117 24 Tamines
618 3855 24 22 et

116 3906 30 4 _._
156 3886 165 23 'Vatlribuant
337 3886 15 23 à
369 3884 147 29 l'influence
533 3889 100 18 commu-

111 3915 77 27 niste,
199 3915 51 23 soit
265 3921 31 16 en
311 3913 129 24 célébrant
455 3914 23 22 le
492 3911 104 24 résultat
611 3911 32 23 de

97 3936 46 37 [ce
162 3945 161 22 mouvement
342 3947 98 18 comme
459 3947 49 16 une
528 3940 115 23 victoire.

145 3971 69 24 Telle
233 3973 38 21 est
289 3969 188 24 l'incohérence
496 3969 45 24 des
559 3967 74 24 déma-

110 4006 96 23 gogues
218 4006 12 20 ;
241 4000 24 23 si
279 4005 48 23 peu
341 4000 31 22 de.
385 3997 86 23 raison
486 3996 74 30 qu'ils
575 3995 56 24 vien-

110 4030 65 22 nent
192 4029 16 25 à
224 4025 158 31 manifester,
401 4027 31 22 ils
451 4027 58 21 sont
529 4024 113 28 toujours

112 4057 97 27 obligés
224 4063 34 16 un
271 4056 58 28 jour
343 4062 32 17 ou
389 4055 89 23 l'xiutre
491 4054 32 24 de
538 4053 53 24 s'en
605 4058 28 17 re-

111 4085 95 30 pentir.
223 4085 66 23 C'est
305 4090 50 18 une
371 4089 90 17 course
478 4083 16 22 à
509 4081 101 27 l'excès,
627 4080 16 23 ù

112 4113 140 24 Voutrance
268 4115 25 21 et
307 4112 16 23 à
338 4112 25 23 la
378 4110 128 26 mauvaise
521 4108 46 30 foi.

259 4162 42 20 ET
313 4161 42 20 LA
367 4159 127 22 RUSSIE*

143 4200 35 23 Le
194 4200 56 23 XXe
269 4198 82 25 Siècle
368 4199 52 22 met
437 4204 32 17 en
487 4197 75 23 scène
580 4202 61 17 avec

113 4228 81 30 esprit
211 4228 26 25 la
256 4227 112 30 position
386 4228 33 23 de
438 4226 110 24 certains
569 4232 13 15 <
600 4224 33 24 Ob-

115 4258 108 27 jecteurs
246 4256 35 23 de
304 4254 154 24 conscience
480 4260 23 19 »,
527 4259 48 23 par
597 4251 36 24 ail-

113 4282 69 27 leurs
196 4284 94 30 grands
299 4283 176 25 .admirateurs
492 4282 33 23 de
541 4282 25 22 la
581 4281 52 23 Rus-

114 4315 39 22 sie
169 4312 149 30 soviétique,
335 4310 109 30 laquelle
463 4314 37 20 est
519 4316 31 16 en
569 4313 73 25 passe

114 4340 33 26 de
158 4341 107 25 devenir
278 4341 26 23 la
314 4341 135 29 puissance
463 4339 24 23 la
501 4338 57 29 plus
571 4345 14 15 «
598 4335 35 24 mi-

115 4370 136 26 litariste.*
267 4370 39 24 da
317 4368 94 25 monde
429 4374 9 17 ;

140 4417 29 8 —
180 4406 56 24 C'est
248 4407 45 21 fort
304 4409 49 19 tout
364 4406 26 22 de
404 4404 66 23 même
476 4404 5 22 !
496 4403 106 23 s'exclame
617 4408 23 15 ce

115 4434 103 25 aadaliste
234 4436 30 21 dn
283 4434 48 25 plus
348 4435 54 21 beau
420 4439 71 18 rouge.
511 4432 57 21 Vous
587 4432 54 21 dites

116 4463 54 22 donc
183 4470 40 18 que
233 4464 20 21 le
267 4463 40 22 fait
317 4464 28 21 de
356 4469 28 15 ne
395 4468 38 18 pas
446 4468 21 15 se
481 4461 104 25 présenter
598 4466 42 15 aux

116 4492 80 25 appels
206 4491 108 22 militaires
325 4497 46 16 sera
383 4491 52 23 puni
446 4490 26 21 de
484 4490 51 20 trois
548 4488 61 22 mois*
614 4488 26 21 de

116 4521 89 20 ttavaux
222 4519 87 22 forcés?
328 4518 121 25 Avouez-le,
468 4518 49 20 c'est
535 4516 85 25 exagéré
633 4515 6 21 î

116 4548 27 25 Je
164 4548 50 26 suis,
235 4548 51 25 moi,
306 4548 94 25 partisan
421 4547 27 21 de
471 4546 119 25 l'objection
613 4544 27 22 de

116 4577 134 22 conscience...

125 4614 31 13 j—
155 4615 14 7 -
178 4605 63 22 Alors
250 4605 84 23 l'article
345 4605 25 19 61
377 4610 58 17 .vous
447 4608 104 16 concerne.
561 4601 20 21 H
588 4606 53 17 vous

115 4637 82 21 promet
214 4633 33 23 six
266 4633 54 22 mois
337 4633 27 21 de
383 4634 89 20 travaux
491 4631 67 21 forcés
577 4633 23 18 et
618 4630 22 21 la

114 4661 138 23 confiscation
270 4661 62 22 d'une
349 4660 67 24 partie
433 4660 28 21 de
478 4666 39 15 vos
535 4659 66 21 biens.
618 4657 22 23 Si

112 4697 56 15 voua
180 4686 60 27 faites
253 4690 21 21 la
286 4689 95 22 moindre
394 4687 133 26 propagande
541 4690 35 18 3-*
579 4687 6 13 :
586 4686 54 22 "nIi-

113 4719 80 24 tariste,
206 4719 21 21 la
238 4718 67 22 même
317 4717 60 26 peine
388 4719 51 22 peut
452 4722 54 16 vous
516 4715 44 22 être
573 4714 56 25 appli-

114 4747 55 25 quée
175 4748 109 24 .rf^iPonr
290 4745 120 26 4'esemple,
424 4751 55 16 vous
494 4750 56 16 serez
566 4742 63 25 immé-

114 4776 116 24 diatement
242 4774 73 26 appelé
324 4779 53 17 sous
390 4774 28 22 les
433 4779 74 16 armes.
521 4771 34 23 En
569 4773 72 23 avant,

113 4804 96 22 aaarebo!
228 4804 59 21 Avec
304 4803 108 21 tambours
431 4804 22 18 et
472 4803 143 23 trompettes...

138 4842 32 8 —
179 4832 28 25 Je
221 4831 99 22 refuserai
333 4829 80 23 d'obéir
417 4831 6 20 !

139 4870 22 7 —
160 4870 9 6 -
180 4859 67 24 Alors,
260 4864 53 17 vous
326 4858 80 22 subirez
411 4860 5 13 :
417 4859 20 20 le
450 4857 76 25 régime
539 4856 101 22 cellulaire

111 4888 98 25 pendant
226 4894 82 16 un-an.
323 4886 37 25 £n
369 4889 77 22 -temps
461 4886 28 23 de
504 4886 56 25 paix,
577 4884 16 22 H
607 4888 33 19 «st

114 4917 54 25 vrai,
179 4922 37 16 car
226 4922 28 15 en
266 4915 85 26 période
364 4915 26 22 de
404 4920 77 20 guerre,
495 4920 53 16 vou3
562 4913 79 25 paierez

113 4947 57 22 Dette
182 4943 153 24 désobéissance
347 4943 27 23 de
387 4945 62 21 votre
460 4942 63 23 tête...

140 4983 29 7 —
180 4972 149 22 Reconnaissez
348 4977 41 19 que
409 4972 69 21 toutes
499 4976 32 16 ces
550 4975 90 16 mesures

113 5003 52 20 sont
184 5001 48 22 bien
254 5001 61 21 faites
335 5005 56 20 pour
409 4999 78 22 exciter
507 5002 22 19 et
551 4999 90 21 révolter

114 5032 63 21 notre
192 5030 42 20 bon
251 5029 79 23 peuple,
344 5031 32 21 et.
381 5028 104 21 l'orienter
499 5033 47 16 vers
561 5026 19 22 le
594 5027 47 22 bol-

114 5056 115 23 cbevisme!

140 5095 29 6 —
179 5085 58 21 Mais
247 5085 36 24 qui
293 5090 53 16 vous
356 5084 59 25 parle
424 5084 28 22 de
462 5086 60 19 notre
533 5084 43 21 bon
588 5089 40 19 peu-

115 5113 50 25 ple?
182 5113 40 22 Les
240 5118 69 19 peines
326 5118 41 19 que
385 5113 21 24 je
425 5118 53 16 vous
496 5112 77 24 signale
591 5113 50 20 sont

116 5141 60 22 celles
188 5141 86 24 prévues
286 5146 39 19 par
338 5142 18 20 le
370 5139 58 23 Code
441 5140 62 25 pénal
516 5141 27 21 de
556 5139 84 22 l'Union

115 5169 41 22 des
174 5169 141 25 Républiques
332 5168 116 24 Socialistes
467 5168 151 25 Soviétiques...

345 5206 49 24 >\%4

159 5242 41 31 Un
221 5242 96 32 double
336 5244 145 30 assassinat
498 5244 16 29 à
535 5241 73 32 Lima

438 5323 68 24 Lima,
524 5323 25 20 16
566 5321 50 22 mai.

142 5352 33 22 M-
197 5350 160 27 Miroquesada.
366 5355 23 18 et
408 5358 24 16 sa
452 5352 77 21 femme
548 5353 40 20 ont
609 5350 34 23 été

117 5379 109 23 As&iainés
238 5386 28 16 au
279 5383 95 19 moment
387 5378 29 23 où
428 5380 25 21 ih
461 5385 22 15 te
490 5378 92 24 dirigeai.
586 5380 23 19 nt
617 5377 26 22 de

117 5408 70 23 l'hôtel
201 5408 87 22 Bolivar
301 5414 28 17 au
343 5407 55 23 Club
409 5407 102 23 national.
524 5407 111 22 L'assassin

118 5435 74 26 Carlos
197 5435 4 4 '
207 5436 73 25 Spiers,
296 5442 25 19 29
336 5442 45 18 ans,
394 5443 15 15 a
421 5435 41 22 tiré
474 5436 48 25 sept
537 5441 65 19 coups
617 5435 27 21 de

115 5466 45 21 ieu.
178 5465 33 22 M.
225 5463 151 27 Méroquesada
391 5471 15 15 a
422 5464 111 22 succombé
549 5463 95 23 aussitôt.

144 5494 18 21 L
163 5494 7 10 f
169 5493 87 26 assaspin
267 5499 14 15 a
294 5493 58 22 tenté
364 5492 26 22 de
403 5493 49 25 fuir,
463 5492 52 23 mais
527 5498 22 17 se
564 5493 81 24 voyant

117 5523 44 24 pris
173 5528 39 24 par
222 5521 22 23 la
254 5521 73 28 police,
339 5520 14 22 il
364 5520 48 27 i'ept
425 5515 38 27 tir-*
475 5515 56 27 deux
541 5525 66 20 coups
617 5520 27 21 de

118 5550 35 22 feu
168 5556 27 16 au
209 5555 56 16 cœur
276 5551 23 20 et
311 5548 15 24 i
338 5549 21 22 la
373 5550 42 29 teje
425 5550 23 21 et
460 5551 32 20 est
504 5548 80 25 tombé,
597 5553 38 21 gra-

119 5581 85 20 vement
217 5578 71 23 bkiôe.

700 421 21 22 Il
741 422 37 21 est
795 420 45 22 des
858 419 118 28 légendes
993 419 43 28 qui
1054 421 44 21 ont
1116 417 24 24 la
1156 416 41 23 vie

670 448 70 25 dure.
760 448 129 23 Certaines
910 447 117 23 résistent
1047 453 61 15 avec
1127 446 61 22 éner-

669 476 39 29 gie
724 483 49 16 aux
787 477 92 22 efforts
895 476 31 22 de
942 481 64 17 ceux
1022 474 43 28 qui
1083 474 114 28 pensent,

670 511 62 16 avec
757 505 95 25 raison,
877 510 48 22 quo
950 503 36 22 les
1012 502 81 24 droits
1117 502 31 23 de
1172 501 24 23 la

667 531 85 23 Vérité
783 531 147 28 Historique
961 530 160 28 l'emportent
1153 534 43 17 sur

668 560 134 30 n'importe
824 559 57 30 quel
901 564 76 23 genre
999 559 30 22 de
1051 557 134 23 considéra-

668 589 75 22 tions.

700 617 34 22 f.e
757 615 101 28 général
883 614 30 23 H.
937 614 121 27 Monlacq
1083 613 64 22 da.ns
1172 611 23 22 le

667 644 65 23 livre
753 644 60 28 qu'il
838 643 85 29 public
946 640 169 30 aujourd'hui,
1136 646 60 17 sous

665 673 25 22 le
705 673 58 22 titre
781 680 11 12 «
802 672 46 21 J.es
864 670 128 28 Légendes
1008 671 30 22 de
1054 670 24 21 ia
1095 668 99 23 Grnnde

667 700 93 23 Guerre
770 708 11 11 »
808 699 38 25 (1)
872 698 105 23 n'hésite
999 697 73 29 point
1093 703 14 16 a
1129 696 65 22 fixer

666 728 111 23 certains
808 727 86 29 points
924 726 140 26 d'histoire,
1094 724 90 29 généra-

667 758 67 21 teurs
757 756 32 22 de
813 757 176 21 controverses
1013 753 43 29 qui
1080 759 32 17 ne
1138 752 56 22 sont

667 791 46 22 pas
735 790 93 17 encore
850 782 123 30 apaisées,
995 781 95 28 malgré
1113 781 21 21 le
1156 785 27 16 re-

666 813 41 22 cul
731 812 33 22 du
786 813 89 26 temps.
896 811 33 22 Le
950 809 102 29 général
1072 808 122 28 Moniacq

664 843 38 20 est
721 840 52 22 loin
792 839 78 23 d'être
888 845 34 16 un
941 839 113 21 inconnu
1074 843 65 22 pour
1157 836 37 21 les

666 868 109 23 lecteurs
800 868 31 22 de
855 867 23 22 la
902 865 93 23 .Xation
1018 864 81 28 Belge.
1125 864 58 22 L'an-

666 896 58 23 cien
747 896 59 23 chef
831 895 33 23 du
889 895 105 22 Cabinet
1019 892 120 24 militaire
1163 891 30 24 de

667 924 165 23 Clemenceau
857 929 15 16 a
898 923 137 27 largement
1060 919 134 24 contribué

666 952 14 23 à
711 952 65 22 faire
806 951 93 23 rendre
929 949 91 29 justice
1048 949 15 22 à
1091 947 103 24 l'armée

665 979 79 29 belge.
762 979 115 23 Certains
895 977 134 26 écrivains,
1048 978 53 21 tant
1119 975 74 23 civils

668 1014 48 23 que
749 1007 142 25 militaires,
923 1005 127 23 n'avaient
1084 1003 110 23 attribué

665 1036 77 29 qu'un
761 1035 54 23 rôle
834 1035 31 22 de
885 1034 94 23 second
1000 1033 69 28 plan,
1087 1033 14 22 à
1121 1033 72 21 notre

665 1062 92 28 armée,
779 1064 63 22 dans
864 1063 67 22 leurs
952 1061 77 23 récits
1052 1061 30 22 de
1105 1060 23 22 la
1152 1060 30 21 ba-

665 1092 68 22 taille
752 1093 24 21 et
793 1091 31 23 de
842 1091 23 22 la
882 1090 107 23 victoire
1007 1090 31 22 de
1056 1088 85 25 l'Yser.
1160 1088 32 22 Le

664 1119 101 28 général
782 1119 130 28 Mordacq,
929 1117 133 24 remctlmnt
1079 1116 36 22 les
1134 1115 49 23 cho-

664 1154 40 17 ses
723 1149 15 22 à
755 1147 55 24 leur
827 1146 80 28 place,
926 1153 14 17 a
958 1145 82 23 rendu
1059 1144 14 23 à
1091 1143 101 23 l'armée

665 1176 70 26 belge
758 1175 149 27 l'hommage
930 1172 89 30 qu'elle
1042 1171 119 24 méritait.

697 1196 68 31 N'eus
791 1204 144 26 extrayons,
962 1201 30 23 de
1017 1207 47 16 son
1090 1199 103 23 dernier

664 1231 72 26 livre,
758 1231 120 28 quelques
902 1235 84 23 pages,
1009 1228 98 29 pleines
1129 1227 53 22 d'in-

664 1260 71 26 térêt,
751 1265 44 16 sur
812 1258 101 23 l'action
932 1257 112 23 décisive
1062 1257 33 22 du
1113 1255 69 23 maré-

665 1288 57 22 chal
748 1286 135 26 Pilsudski,
907 1285 75 23 héros
1007 1283 112 24 national
1144 1288 47 23 que

665 1316 21 22 la
703 1314 109 29 Pologne
828 1313 95 30 pleure,
939 1314 63 22 dans
1018 1313 23 22 la
1057 1313 60 22 lutte
1133 1317 48 17 con-

665 1344 37 23 tre
727 1343 37 24 les
787 1342 181 26 Bolchevistes,
993 1347 32 16 en
1052 1340 69 22 1920.

690 1379 37 19 En
744 1378 59 20 avril
820 1377 52 20 1920
887 1378 33 20 les
936 1375 147 21 Bolcheviks,
1099 1374 40 24 qui
1157 1378 27 15 ve-

663 1404 81 18 naient
767 1401 115 21 ri'êcracer
903 1402 33 19 les
959 1399 91 22 armées
1073 1399 28 19 de
1123 1399 70 19 Deni-

663 1429 55 18 kine
734 1428 23 19 et
773 1427 131 20 Koltschak
920 1426 83 23 jugent
1020 1424 123 21 l'eccasion
1158 1424 26 18 fa-

663 1454 95 18 vorable
774 1454 23 18 et
815 1451 152 20 envahissent
982 1451 22 19 la
1020 1450 109 22 Pologne.
1146 1448 47 19 PU-

662 1478 83 19 sucLski
768 1478 68 19 court
860 1481 46 15 aux
929 1475 133 24 frontières,
1085 1474 108 23 parvient

662 1508 54 15 vers
736 1503 22 19 le
778 1503 47 19 Sud
847 1501 15 20 à
882 1500 91 20 arrêter
992 1500 34 20 les
1048 1500 77 19 forces
1144 1498 38 19 bol-

661 1528 132 23 cheviques,
820 1526 63 19 mais
912 1525 101 20 celles-ci
1041 1524 151 24 progressent

664 1557 53 14 vers
737 1552 22 19 le
781 1551 72 20 Nord.

687 1577 21 19 A
723 1582 26 14 ce
764 1575 110 22 moment,
889 1576 22 19 le
926 1573 94 26 général
1036 1574 93 23 Henrys
1145 1571 46 25 qui,

663 1653 22 17 et
711 1656 68 18 corps
801 1651 29 19 de
854 1650 94 23 troupe)
975 1649 73 23 reçoit
1071 1648 28 19 de
1122 1646 68 21 Paris

662 1677 84 19 l'ordre
769 1676 83 20 formel
875 1681 11 12 «
894 1674 28 20 de
944 1675 93 18 rentrer
1058 1677 57 15 avec
1137 1674 54 17 tous

661 1706 37 15 ses
714 1701 105 20 cfflcler.3
834 1700 16 20 à
863 1699 140 20 Varsovie».
1016 1699 38 19 En
1069 1698 55 20 vain
1140 1701 51 20 pro-

661 1726 112 21 tcste-t-il,
791 1725 121 20 montrant
930 1723 76 21 l'effet
1023 1724 75 18 moral
1115 1721 67 24 déplo-

662 1751 64 19 rable
741 1750 70 24 qu'un
827 1750 33 19 tel
876 1749 68 19 ordre
959 1753 31 15 va
1007 1747 109 25 produire
1131 1747 60 19 dans

661 1775 93 20 l'armée
783 1774 125 24 polonaise.
928 1774 20 20 II
976 1778 76 19 gagne
1079 1773 111 23 quelques

660 1802 65 22 jours
740 1800 60 21 mais
816 1799 83 22 l'ordre
914 1800 36 19 est
963 1797 139 21 néanmoins
1116 1797 65 20 main-

661 1828 63 19 tenu.
744 1824 84 22 C'était
846 1825 112 22 montrer,
976 1823 138 22 nettement,
1133 1822 16 20 à
1167 1821 24 19 la

661 1851 104 24 Pologne
788 1854 47 19 que
860 1848 118 20 l'Entente
1001 1853 27 15 se
1052 1846 129 21 désintéres-

659 1877 47 19 sait
729 1875 66 20 d'elle
814 1875 25 19 et
859 1873 83 26 qu'elle
964 1872 58 20 était
1042 1872 55 20 bien
1118 1870 71 21 livrée

696 1905 37 18 ses
753 1905 97 19 propres
870 1900 83 19 forces.

686 1926 68 18 Alors
785 1928 135 16 commence
949 1923 62 19 cette
1040 1922 86 24 longue
1155 1927 26 15 re-

661 1950 71 20 traite
750 1954 41 15 sur
810 1950 52 23 plus
879 1949 28 19 de
925 1948 39 20 500
981 1948 47 19 km.
1046 1949 24 18 et
1087 1948 34 19 les
1137 1947 43 19 Bol-

660 1975 96 20 cheviks
775 1975 112 19 finissent
907 1974 40 19 (en
965 1973 85 23 juillet)
1070 1977 45 19 par
1132 1970 49 21 arri-

660 2006 42 14 ver
713 2005 55 14 sous
782 1999 34 21 les
831 2004 64 15 murs
910 2000 28 19 de
952 1997 113 21 Varsovie
1081 1997 25 21 (à
1113 1996 76 21 moins

660 2025 28 19 de
707 2026 26 19 10
749 2025 67 21 km.).
835 2023 144 24 Cependant,
997 2029 41 15 sur
1055 2027 39 16 ces
1114 2022 66 19 entre-

661 2051 77 21 faites,
760 2050 21 18 le
806 2048 95 24 général
924 2049 94 23 Henrys
1042 2054 16 14 a
1080 2047 44 19 fini
1145 2051 45 19 par

660 2076 92 19 obtenir
783 2074 46 21 (fin
856 2074 62 23 juin)
949 2078 45 19 que
1022 2073 34 19 les
1083 2072 106 20 officiers

660 2100 104 24 français
778 2099 77 20 soient
869 2097 113 24 renvoyés
997 2098 59 20 dans
1070 2099 34 20 les
1119 2097 70 21 états-

659 2126 89 23 majors
769 2125 51 24 (qui
839 2129 30 14 en
887 2123 95 20 avaient
1001 2123 76 23 grand
1096 2122 90 21 besoin)

659 2152 24 17 et
698 2151 59 19 dans
774 2150 34 20 les
824 2154 67 19 corps
908 2149 29 19 de
954 2148 89 23 troupe.
1059 2147 67 20 Cette
1142 2151 39 14 me-

660 2180 54 14 sure
738 2174 115 24 produisit
877 2178 32 14 un
934 2173 61 19 effet
1017 2172 170 22 considérable;

660 2201 33 19 les
706 2200 110 19 Polonais
828 2199 79 19 virent
920 2203 31 17 au
963 2197 77 21 moins
1052 2202 45 19 que
1112 2199 77 21 parmi

659 2225 33 20 les
708 2224 77 22 Alliée,
802 2226 25 18 ia
842 2224 98 22 France,
956 2223 50 22 elle,
1021 2227 30 15 ne
1067 2222 33 20 les
1118 2222 62 19 aban-

660 2250 100 19 donnait
787 2254 49 19 pas.
867 2248 37 19 On
935 2247 134 23 annonçait,
1097 2246 92 19 d'autre

659 2275 59 23 part,
735 2273 107 21 l'arrivée
858 2273 100 20 d'armes
974 2274 24 19 et
1016 2273 28 19 de
1059 2271 129 20 munitions

660 2304 43 19 par
722 2300 22 19 le
765 2299 89 19 couicir
873 2298 28 19 de
922 2297 109 24 Dantzig.

684 2325 81 22 Enfin,
783 2324 22 19 le
824 2324 25 19 25
867 2323 83 24 juillet,
970 2327 46 15 une
1034 2321 98 20 mlcslon
1150 2325 30 15 en-

658 2349 73 24 voyée
751 2353 45 20 par
819 2349 34 19 lis
874 2347 72 21 Alliés
968 2348 24 19 et
1015 2345 124 25 composée
1159 2346 29 20 de

659 2375 31 19 M.
707 2373 137 21 Jusserand.
862 2373 31 19 du
913 2371 94 25 généra]
1026 2371 122 24 Weygand
1165 2371 24 19 et

659 2400 28 19 de
706 2400 51 19 lord
776 2400 110 19 Abernon
908 2397 127 25 (Anglais),
1055 2396 99 20 arrivait
1174 2395 14 19 à

658 2424 120 22 Varsovie.

686 2450 73 21 Alors,
778 2454 27 14 ce
823 2448 39 20 fut
881 2448 24 19 la
923 2446 156 25 foudroyante
1097 2446 92 19 contre-

658 2474 116 21 offensive
791 2474 29 19 de
836 2472 127 21 Pilsudski.
980 2472 44 20 Les
1040 2471 148 21 Bolcheviks,

658 2498 90 22 arrêtés
770 2499 95 19 d'abord
887 2497 89 20 devant
995 2497 119 21 Varsovie,
1135 2496 52 23 puis

659 2523 109 20 menacés
787 2524 28 19 de
834 2523 52 20 voir
904 2523 67 22 leurs,
987 2522 75 23 lignes
1081 2521 28 19 de
1127 2525 52 15 com-

658 2549 158 20 munications
854 2547 106 24 coupées,
994 2546 128 21 s'enfuient
1159 2551 28 14 en

658 2575 65 19 toute
739 2573 57 20 hâte
812 2578 54 15 vers
883 2573 21 19 le
921 2573 65 19 Nord
1005 2572 25 19 et
1045 2576 54 15 vers
1117 2570 68 24 l'Est;

659 2600 52 19 bref
733 2599 34 19 les
789 2598 109 20 victoires
923 2598 28 19 de
974 2597 113 20 Varsovie
1109 2597 26 19 et
1156 2595 32 19 du

657 2624 101 20 Niémen
780 2625 41 22 qui
844 2621 127 22 sauvèrent
992 2623 25 19 la
1037 2621 104 24 Pologne
1165 2621 23 18 et

661 2648 143 21 délivrèrent
835 2647 112 25 l'Europe
979 2646 147 20 occidentale
1157 2645 30 19 de

659 2674 123 20 l'invasion
805 2672 137 25 soviétique.

685 2742 39 21 Or,
752 2746 59 19 pour
839 2740 25 20 la
891 2739 89 25 grande
1008 2738 110 24 majorité
1146 2737 42 20 des

660 2767 121 24 Français,
804 2766 62 20 cette
890 2765 98 19 victoire
1012 2765 42 19 de3
1078 2764 111 20 Polonais

660 2792 73 19 serait
752 2792 46 19 due
818 2791 15 19 à
851 2790 139 20 l'exécution
1009 2790 55 19 d'un
1084 2789 56 22 plan
1158 2788 31 19 du

660 2816 121 20 maréchal
802 2815 71 23 Foch,
894 2819 46 20 que
961 2815 22 19 le
1006 2813 95 25 général
1122 2813 59 22 Wey-

660 2842 63 24 gand
750 2841 80 20 aurait
855 2838 99 26 apporté
979 2839 16 19 à
1021 2839 113 20 Varsovie
1160 2842 30 15 en

659 2866 76 24 juillet
751 2866 59 22 1920,
828 2870 31 15 au
876 2864 106 20 moment
997 2863 32 20 où
1044 2864 35 18 les
1098 2861 92 21 armées

660 2891 141 23 soviétiques
821 2890 148 19 marchaient
987 2893 43 15 sur
1049 2889 22 18 la
1090 2887 101 24 capitale

659 2916 28 19 de
703 2917 23 19 la
742 2915 104 23 Pologne
862 2916 24 17 et
901 2914 53 18 n'en
970 2912 89 20 étaient
1075 2910 116 25 éloignées

657 2944 45 21 qu.?
721 2941 29 18 de
769 2939 111 24 quelques
899 2937 144 20 kilomètres.

685 2965 62 20 C'est
761 2964 26 20 là
802 2962 132 25 cependant
950 2966 46 16 une
1012 2966 60 19 pure
1087 2960 104 24 légende.

659 2991 24 20 Si
707 2990 25 20 la
755 2985 104 28 Polbgne
884 2994 15 14 a
924 2986 37 20 été
984 2986 93 23 sauyée,
1100 2991 28 14 ce
1151 2986 38 19 fut

659 3015 71 25 grâce
754 3018 47 22 asjx
825 3013 154 23 dispositions
1001 3012 75 23 prises
1101 3015 44 19 par
1170 3010 20 19 le

659 3039 118 21 maréchal
792 3038 120 21 Pilsudski
925 3038 40 24 qui
979 3038 38 19 fut
1030 3036 61 24 bien,
1105 3036 15 20 à
1127 3034 62 20 cette

660 3065 95 24 époque,
773 3065 22 18 le
814 3068 102 16 sauveur
932 3062 30 19 de
980 3067 42 16 son
1041 3066 65 19 pays.

685 3090 59 20 D'où
766 3090 66 19 vient
855 3088 62 19 cette
941 3086 113 25 légende?
1078 3087 49 18 Par
1148 3086 40 23 qui

658 3116 87 19 a-t-elle
764 3114 38 21 été
817 3113 88 22 lancée,
923 3111 136 25 répandue?
1077 3111 112 20 Combien

659 3146 65 18 nous,
739 3140 121 23 Français,
876 3142 142 16 avons-nous
1034 3135 87 21 intérêt
1136 3136 16 20 à
1166 3137 23 18 la

661 3164 117 22 détruire?
797 3164 64 20 C'e=t
878 3168 27 15 ce
922 3167 46 20 que
985 3167 60 14 nous
1063 3161 75 21 allons
1156 3165 25 14 es-

660 3196 69 19 sayer
745 3190 29 20 de
790 3188 106 21 montrer
912 3193 32 15 au
961 3192 68 15 cours
1047 3186 28 19 de
1091 3191 27 15 ce
1136 3186 45 19 cha-

661 3216 67 24 pitre.

685 3241 50 19 Une
753 3240 46 20 fois
817 3239 28 19 de
862 3239 59 23 plus,
938 3238 54 19 bien
1010 3236 110 22 entendu,
1138 3235 51 19 afin

661 3266 114 20 d'aboutir
797 3264 16 20 à
834 3265 23 20 la
879 3262 81 23 vérité,
982 3263 17 19 il
1022 3267 59 15 nous
1104 3261 86 19 faudra

663 3290 104 20 recourir
790 3289 16 21 à
830 3289 68 20 notre
922 3287 109 21 méthode
1056 3286 134 21 habituelle,

663 3314 138 21 c'est-à-dire
832 3314 62 20 faire
925 3312 146 24 l'historique
1103 3311 30 20 de
1166 3310 23 19 la

661 3336 113 28 question.
792 3340 50 23 Que
861 3338 80 21 s'est-il
960 3337 60 20 donc
1038 3336 68 24 passé
1125 3339 56 16 exac-

663 3365 88 20 tement
771 3370 29 14 en
822 3365 58 21 1920,
901 3369 44 14 sur
967 3363 33 21 les
1022 3362 70 21 bords
1114 3361 29 20 de
1166 3361 23 18 la

661 3390 103 21 Vistule?

687 3460 46 20 Dès
754 3461 59 19 avril
832 3460 58 20 1920,
910 3461 33 18 les
963 3457 147 22 Bolcheviks,
1130 3456 50 19 déci-

663 3486 41 20 dés
725 3486 16 20 à
761 3486 60 19 faire
843 3485 94 19 rentrer
960 3485 24 19 la
1006 3484 102 22 Pologne
1132 3482 59 19 dans

661 3512 101 23 l'empire
778 3512 39 19 des
831 3511 70 20 tsars,
915 3508 161 21 franchissent
1089 3508 23 18 la
1127 3508 53 18 fron-

662 3536 58 19 tière
737 3537 23 18 et
775 3537 78 18 voient
868 3535 28 18 de
910 3533 83 21 succès
1008 3538 29 17 en
1051 3531 88 21 succès.
1154 3531 37 19 En

661 3561 35 20 fin
713 3561 83 24 juillet;
813 3561 34 20 les
865 3559 111 20 Polonais
994 3560 42 18 ont
1053 3557 78 21 reculé
1148 3561 42 14 sur

661 3587 51 23 plus
728 3586 28 19 de
771 3586 39 19 450
824 3586 48 21 km.
888 3585 24 19 et
927 3585 34 19 les
977 3583 141 20 Bolcheviks
1135 3582 53 20 sent

691 3611 40 20 100
746 3611 47 19 km.
809 3610 16 20 à
841 3609 67 25 peine
925 3609 29 20 de
971 3608 118 20 Varsovie.

686 3636 62 20 C'ait
758 3636 20 20 -à
792 3640 27 15 ce
835 3636 105 18 moment
956 3639 45 19 que
1017 3637 134 16 commence
1167 3631 22 20 le

662 3661 80 20 drame
765 3659 40 26 qui
828 3665 60 14 nous
909 3658 121 25 intéresse.

687 3687 49 23 Que
749 3686 105 20 valaient
867 3685 34 20 lea
915 3685 61 19 deux
991 3682 91 23 armées
1097 3688 29 14 en
1140 3681 41 26 pré-

662 3712 84 19 sence?

686 3743 12 12 «
706 3737 95 19 Comme
825 3735 105 20 effectifs
937 3740 19 18 »,
985 3734 35 21 les
1032 3733 157 20 "Bolcheviks

661 3761 145 24 comptaient
821 3761 96 19 environ
931 3760 85 20 150.000
1030 3759 113 22 hommes,
1157 3758 34 21 les

661 3787 110 20 Polonais
791 3786 91 20 100.000.

686 3813 49 19 De3
753 3812 62 19 deux
832 3809 66 22 côtés
916 3810 29 20 l'e
952 3809 140 20 instruction
1101 3815 12 13 >
1132 3808 49 20 mili-

661 3837 61 19 taire
744 3836 59 20 était
824 3836 42 19 dea
889 3836 53 24 plus
964 3835 171 23 défectueuses,
1157 3834 34 18 les

664 3862 80 20 cadres
761 3866 45 19 peu
822 3860 115 24 brillante,
954 3862 24 19 et
994 3861 16 19 il
1025 3865 17 19 y
1058 3860 66 19 avait
1141 3863 42 15 sur-

660 3888 53 19 tout
733 3886 89 25 grande
842 3885 97 24 pénurie
959 3885 129 20 d'officiers
1110 3883 81 21 d'état-

660 3912 84 23 major.

686 3938 49 19 Par
764 3937 87 20 contre,
880 3936 56 20 chez
963 3936 35 19 les
1027 3934 111 21 Polonais
1166 3934 25 19 la

665 3963 67 19 force
764 3968 12 13 «
785 3961 89 21 morale
881 3967 12 13 »
926 3960 59 21 était
1009 3961 99 23 grande,
1137 3964 43 15 con-

660 3988 79 19 fiance
760 3988 96 20 absolue
879 3986 58 20 dans
959 3986 22 19 le
1002 3984 120 21 maréchal
1145 3985 35 19 Pil-

660 4012 83 20 sudski
758 4013 68 19 d'une
842 4013 55 22 part
912 4012 30 21 et,
959 4011 90 20 d'autre
1065 4011 60 23 part,
1141 4014 41 20 per-

660 4038 93 24 ception
772 4037 49 21 très
841 4037 65 19 nette
924 4036 55 24 qu'il
996 4036 79 20 fallait
1094 4035 95 20 vaincre

697 4064 52 19 tout
770 4062 53 24 prix
843 4063 20 19 si
884 4062 46 20 l'on
951 4062 90 20 voulait
1061 4065 86 15 sauver
1167 4061 23 19 la

661 4088 82 24 patrie.
759 4088 21 20 II
795 4092 30 15 en
842 4086 57 20 était
915 4086 48 21 loin
980 4086 73 20 d'être
1068 4085 29 20 de
1113 4085 76 20 même

660 4114 56 19 chez
729 4114 35 19 les
780 4113 140 21 Bolcheviks
935 4111 30 20 où
980 4112 21 19 le
1017 4116 55 19 gros
1087 4111 41 19 des
1141 4111 40 19 for-

660 4143 39 16 ces
715 4143 26 14 Fe
759 4137 130 24 composait
906 4138 28 20 de
951 4141 102 20 paysans
1071 4135 118 20 ramassés

660 4168 32 17 un
706 4167 46 21 peu
767 4167 31 15 au
812 4164 85 18 naaar'
915 4163 23 18 et
952 4166 74 15 venus
1040 4161 24 20 là
1076 4166 57 15 sans
1149 4165 31 14 au-

661 4193 45 15 cun
722 4188 174 20 enthousiasme
915 4188 41 20 (au
972 4188 105 18 m:ment
1092 4187 28 19 de
1135 4186 46 19 l'ou-

660 4213 95 20 verture
774 4212 42 20 des
833 4211 134 25 opérations
985 4217 30 15 on
1033 4212 65 18 avait
1115 4211 67 19 incor-

659 4238 57 24 poré
731 4243 33 15 un
780 4238 97 19 nombre
894 4236 159 21 considérable
1069 4237 28 20 de
1113 4235 67 20 déser-

662 4264 85 21 teurs).

687 4289 37 19 Au
743 4288 67 24 point
829 4288 28 20 de
875 4292 45 15 vue
939 4287 28 20 de
986 4287 28 20 T*
1022 4285 131 21 armement
1160 4292 12 13 »
1182 4291 6 14 :

661 4313 59 22 dans
733 4312 95 22 l'armée
844 4312 119 25 polonaise
978 4313 15 20 il
1009 4312 58 20 était
1081 4312 42 21 des
1138 4311 52 24 plus

660 4338 133 24 disparates
812 4339 24 19 et
855 4338 35 19 les
907 4337 129 22 munitions
1054 4342 45 19 peu
1119 4337 61 19 abon-

662 4363 90 20 dantes.
773 4363 21 20 II
815 4363 39 24 n'y
876 4362 66 20 avait
962 4367 43 19 pas
1028 4367 29 14 en
1079 4362 61 19 effet
1160 4361 30 19 de

661 4388 120 24 fabriques
800 4389 28 19 de
848 4388 128 20 munitions
995 4392 29 14 en
1044 4387 103 23 Pologne
1166 4387 23 18 et

660 4414 46 19 l'on
727 4418 30 17 ne
780 4413 97 23 pouvait
899 4413 105 24 compter
1026 4417 45 19 que
1092 4417 42 15 sur
1155 4412 34 19 les

662 4439 80 19 envois
762 4438 58 20 faits
838 4442 45 19 par
898 4438 25 19 la
940 4438 98 19 France.

687 4464 80 24 Quant
785 4468 47 15 aux
848 4463 96 22 Ru£se3,
962 4462 71 24 grâce
1049 4467 47 15 aux
1114 4462 75 23 priées

661 4489 67 23 qu'ils
747 4488 111 19 venaient
878 4488 29 19 de
925 4486 98 21 réaliser
1041 4493 41 15 sur
1100 4488 34 19 les
1153 4492 28 14 ar-

660 4513 63 20 mées
741 4513 28 19 de
787 4513 132 19 Kcltschak
935 4513 25 19 et
976 4512 28 19 de
1021 4512 123 23 Deniklne,
1161 4512 28 19 Us

661 4538 145 24 disposaient
821 4539 54 19 d'un
891 4538 132 20 armement
1042 4536 117 23 (matériel
1166 4538 25 19 et

661 4563 139 22 munitions)
825 4562 51 21 très
898 4562 120 21 suffisant.

683 4587 106 21 L'armée
808 4587 153 24 bolchevique
979 4587 59 21 était
1058 4592 122 15 «comman-

662 4613 41 20 dée
711 4620 12 12 »
740 4618 44 19 par
800 4618 33 14 un
850 4611 95 25 général
961 4613 29 20 de
1006 4613 26 19 28
1048 4617 50 17 ans,
1114 4612 76 20 Touk-

661 4638 146 22 hatchevski,
824 4638 40 23 qui
879 4637 123 24 provenait
1018 4637 32 20 du
1066 4642 68 19 corps
1149 4638 40 19 des

661 4664 81 19 cadets
766 4664 25 18 et
812 4662 79 20 s'était
913 4661 97 22 conduit
1031 4662 160 20 brillamment

661 4689 105 23 pendant
783 4689 24 19 la
823 4692 92 20 guerre.
932 4686 76 21 D'une
1025 4687 115 20 ambition
1156 4686 25 20 fé-

662 4718 59 19 roce,
734 4719 30 15 en
777 4718 65 16 mars
854 4713 53 19 1917
920 4712 17 20 U
949 4711 79 22 s'était
1040 4712 46 20 mis
1099 4717 30 16 au
1143 4717 39 14 ser-

660 4739 52 20 vice
732 4739 29 19 de
778 4738 109 25 Troteky.
906 4738 20 20 Il
944 4737 66 20 avait
1027 4738 77 20 certes
1120 4737 61 20 beau-

661 4769 60 19 coup
742 4764 110 20 d'ardeur
870 4763 60 20 mais
950 4762 124 24 manquait
1091 4762 91 25 complè-

661 4789 90 20 tement
767 4789 29 19 de
814 4788 91 20 culture
922 4788 132 24 technique.

687 4815 39 20 Du
749 4813 53 21 côté
824 4813 41 21 des
888 4813 117 21 Polonais,
1027 4814 22 19 Je
1071 4811 119 21 maréchal

662 4838 119 21 Pilsudski
799 4840 104 21 exerçait
922 4843 29 14 en
969 4837 76 20 même
1063 4838 78 24 temps
1158 4838 32 19 les

663 4864 117 20 fonctions
799 4865 29 18 de
844 4864 55 19 chef
915 4862 80 21 d'Etat
1010 4863 25 19 et
1051 4862 29 20 de
1096 4862 95 24 général

663 4894 28 15 en
704 4890 61 24 chef,
779 4889 94 21 énorme
887 4889 117 23 avantage
1016 4889 40 23 qui
1068 4888 123 22 contribua

662 4915 172 24 puissamment
850 4913 17 21 à
883 4914 33 21 lui
934 4917 96 16 assurer
1047 4913 23 20 la
1087 4913 104 20 victoire.

687 4940 66 20 Nctis
781 4939 97 20 n'avons
905 4943 43 21 pas
975 4938 132 19 l'Intention
1134 4938 49 20 d'es-

661 4969 72 20 sayer
754 4965 29 19 de
806 4964 92 20 donner
920 4964 29 19 ici
973 4968 46 15 une
1042 4962 51 21 idée
1118 4963 29 20 de
1169 4965 23 19 la

662 4989 122 25 puissante
806 4990 24 20 et
851 4990 22 19 si
897 4988 114 24 originale
1034 4988 157 24 personnalité

664 5015 31 20 du
714 5015 120 21 maréchal
854 5014 130 24 Pilsudski;
1006 5013 43 20 elle
1068 5015 37 18 est
1124 5014 59 20 suffi-

663 5041 118 19 samment
803 5045 91 15 connue
917 5044 59 19 pour
997 5043 46 19 que
1067 5039 45 19 l'on
1134 5039 56 19 n'ait

661 5070 45 20 pas
723 5065 81 21 besoin
823 5065 37 25 d'y
877 5065 99 20 revenir.
993 5064 122 21 Toutefois
1132 5069 60 14 nous

660 5092 88 21 .tenons
764 5089 16 20 à
796 5089 96 21 insister
907 5094 44 15 sur
969 5094 31 15 un
1017 5088 51 22 côte
1086 5088 28 20 de
1130 5090 62 19 cette

662 5114 160 26 personnalité
835 5115 47 24 qui,
898 5119 28 15 en
941 5115 98 21 France,
1053 5114 59 20 n'est
1127 5114 66 25 peut-

658 5141 56 19 xtre
733 5146 42 18 pas
796 5139 178 21 suffisamment
992 5144 86 15 connu:
1100 5139 22 20 le
1140 5138 53 22 côté

664 5164 111 24 cérébral,
814 5164 148 21 intellectuel.
1000 5164 126 25 Beaucoup
1165 5164 29 19 de

662 5191 115 24 Français
801 5189 108 25 ignorent
931 5189 171 21 certainement
1122 5190 71 24 qu'au

665 5215 66 25 point
755 5215 29 20 de
808 5220 45 16 vue
878 5215 91 20 culture
993 5213 115 25 générale,
1134 5214 50 20 mili-

663 5240 67 22 taire,
746 5239 116 22 littéraire
880 5240 25 19 et
922 5240 94 22 sociale,
1033 5241 22 19 le
1072 5239 121 20 maréchal

664 5265 119 20 Pilsudski
800 5264 134 26 représente
948 5269 45 18 une
1009 5264 147 25 intelligence
1164 5263 30 21 de

665 5291 52 20 tout
733 5290 103 25 premier
854 5289 75 20 ordre.

688 5365 67 20 Nous
767 5369 102 14 sommes
885 5368 31 16 au
929 5363 60 21 mois
1002 5363 79 20 d'août
1094 5363 61 20 1920:
1171 5363 22 19 le

665 5389 120 21 maréchal
802 5388 120 22 Pilsudski
939 5389 66 20 vient
1023 5388 30 20 de
1071 5389 92 20 rentrer
1179 5386 17 20 à

664 5413 115 23 Varsovie
799 5414 24 19 (2
841 5413 76 23 août),
935 5413 68 25 après
1022 5413 68 20 avoir
1106 5411 87 26 essayé,

667 5444 28 16 en
715 5439 63 22 vain,
796 5438 31 21 de
847 5439 99 22 monter,
966 5442 42 16 sur
1027 5438 22 19 le
1069 5438 59 24 Bug,
1148 5441 46 16 une

666 5464 187 23 contre-attaque
868 5468 61 20 pour
944 5463 92 21 arrêter
1051 5464 33 22 les
1099 5462 87 21 Eolche

664 5490 60 24 vlks.
851 5493 7 17 ;

692 5515 36 21 La
750 5514 113 20 situation
889 5514 35 20 est
948 5518 78 19 grave.
1050 5513 88 24 Depuis
1162 5517 33 16 un

696 5577 36 24 U/
748 5577 15 19 i:
769 5575 147 23 Uimmarion,
935 5574 54 22 ôdit.
1007 5573 77 23 Paria,

1219 419 59 19 mois
1302 418 34 20 les
1361 418 116 21 Polonais,
1502 417 169 20 abandonnant
1695 417 49 19 leur

1219 442 119 22 frontière,
1359 444 42 18 ont
1422 442 77 20 reculé
1522 442 28 19 de
1571 442 39 19 500
1632 442 47 19 km.
1700 441 45 19 Les

1220 466 73 21 Alliés
1317 468 42 19 ont
1383 467 46 20 fait
1453 467 21 19 le
1500 468 66 22 geste
1592 466 153 19 d'intervenir

1220 492 59 19 mais
1305 492 33 19 les
1364 492 90 19 Soviets
1480 493 41 18 ont
1547 491 110 23 repoussé
1681 491 62 19 cette

1218 517 155 19 Intervention
1392 518 24 19 ct
1434 516 100 20 déclaré:
1556 516 67 23 qu'ils
1640 520 30 15 ne
1688 515 47 20 trai

1215 541 101 20 teralent
1338 540 95 24 qu'avec
1455 541 24 18 la
1501 541 103 23 Pologne
1626 542 24 18 et
1671 540 64 19 direc-

1216 567 88 18 tement
1320 570 57 14 avec
1395 566 49 18 elle.
1461 565 73 25 Seule,
1551 565 23 21 la
1589 565 90 19 France
1695 565 49 18 met

1218 595 43 14 une
1278 590 96 19 mission
1391 590 14 19 à
1422 590 21 19 la
1462 589 137 23 disposition
1616 591 28 18 de
1660 589 23 20 la
1700 590 35 18 Po-

1215 615 73 23 logne,
1304 614 96 20 mission
1416 615 39 23 qui
1471 615 77 20 arrive
1562 614 15 19 à
1594 614 112 19 Varsovie
1722 614 20 18 le

1212 639 25 19 2>
1254 639 75 23 juillet
1348 644 58 14 avec
1423 640 20 18 le
1460 638 95 24 général
1573 638 127 24 Weygand.

1241 663 32 21 La
1296 664 102 22 Pologne
1420 664 37 18 est
1478 662 59 21 donc
1558 662 90 20 réduite
1669 662 16 20 à
1705 667 32 14 se

1216 693 96 19 propres
1332 689 83 20 forc&s,

1239 714 21 18 A
1281 712 151 23 l'êtut-major
1453 713 105 23 polonais
1579 718 30 13 on
1630 711 110 23 délibère;

1214 737 21 20 le
1270 736 94 25 général
1399 737 176 19 Rozwadowski
1613 737 66 20 (chef
1713 737 29 18 de

1218 761 160 25 L'état-major)
1407 764 24 18 et
1455 762 21 19 le
1501 761 95 24 général
1623 761 120 24 Weygand

1216 787 134 19 examinent
1370 787 26 21 de
1417 789 95 17 concert
1530 787 24 19 la
1573 786 119 19 situation.
1711 786 32 19 Le

1215 811 118 21 maréchal
1349 812 119 19 Pilt-udski
1483 811 84 20 assiste
1582 818 15 13 a
1612 811 62 19 leurs
1690 810 44 21 déli-

1215 836 117 20 bérations
1349 837 59 18 mais
1424 841 56 16 sans
1497 840 130 20 prononcer
1642 840 46 15 une
1704 841 30 18 pa-

1215 862 54 19 role.

1240 887 32 19 Le
1291 885 95 25 général
1405 886 119 24 Weygand
1545 890 84 19 expose
1646 886 22 19 le
1687 885 55 23 plan

1214 912 31 19 du
1262 910 118 20 maréchal
1398 911 73 19 Foch:
1490 910 71 19 «Une
1577 909 96 20 défense
1690 909 53 23 pied

1214 937 15 18 à
1246 936 52 23 pied
1317 941 40 14 sur
1374 936 65 19 front
1457 936 95 19 continu
1569 940 29 14 no
1617 935 56 23 peut
1690 939 43 15 con-

1214 961 66 19 duire
1299 960 16 20 à
1336 960 56 20 rien.
1411 962 20 19 II
1451 961 53 19 faut
1523 960 85 21 mettre
1628 964 42 15 eur
1689 960 52 23 pied

1215 990 44 14 une
1280 985 207 19 contre-offensive
1505 984 59 20 dans
1583 985 22 19 le
1623 989 71 18 genre
1714 984 28 19 de

1214 1010 57 19 celle
1288 1010 29 19 de
1333 1010 79 20 Joffre
1431 1009 15 20 à
1462 1010 24 19 la
1503 1010 88 19 Marne.

1240 1040 12 13 »
1266 1035 64 19 Pour
1354 1035 52 19 cela
1428 1035 92 19 utiliser
1543 1036 24 18 la
1589 1034 91 20 Vistule
1702 1035 41 23 qui

1214 1059 75 19 forme
1309 1064 31 14 un
1357 1059 110 19 obstacle.
1484 1060 20 18 A
1521 1063 42 14 son
1580 1059 59 23 abri,
1655 1063 31 14 on
1705 1059 27 18 de-

1215 1089 41 15 vra
1281 1083 147 25 réorganiser
1450 1084 33 19 les
1507 1084 102 23 troupes,
1629 1089 17 19 y
1669 1083 66 20 incor-

1213 1113 68 19 porer
1297 1109 33 20 les
1347 1108 118 20 nouvelles
1481 1107 76 20 levées
1574 1111 23 17 et
1612 1109 34 19 les
1663 1109 69 18 volon-

1214 1133 78 22 taires.
1315 1134 37 19 On
1375 1138 87 19 pourra
1485 1132 83 25 même,
1591 1138 31 14 au
1644 1134 45 19 sud
1713 1133 28 19 de

1212 1158 90 21 Lublin,
1321 1158 125 24 prolonger
1464 1158 118 22 l'obstacle
1603 1158 28 18 de
1650 1159 23 19 la
1692 1157 39 21 Vis-

1211 1182 48 20 tule
1273 1188 43 19 par
1330 1183 20 19 le
1365 1182 47 20 San
1425 1184 23 18 et
1461 1183 51 19 cela
1523 1182 93 24 jusqu'à
1628 1183 113 23 Przf-myl.

1213 1207 55 19 Cela
1290 1207 51 21 fait,
1364 1212 30 14 on
1416 1207 96 20 lancera
1535 1211 45 15 une
1604 1206 136 23 vigoureuse

1213 1233 187 22 contre-attaque
1425 1238 13 13 *
1462 1236 43 19 par
1529 1231 61 20 l'aile
1613 1232 91 23 gaucho
1730 1237 11 12 »

1213 1257 59 19 dans
1286 1257 24 21 la
1326 1256 80 24 région
1422 1256 29 19 de
1467 1256 94 19 Modlin.
1578 1263 12 12 »

1240 1281 62 20 C'est
1324 1286 27 14 ce
1374 1286 45 18 que
1440 1281 116 20 confirme
1579 1281 21 19 le
1623 1280 119 21 maréchal

1216 1306 121 20 Pilsudski
1361 1306 59 22 dans
1444 1310 44 14 son
1514 1305 67 20 livre:
1608 1312 12 13 «
1645 1305 96 20 l'Année

1214 1331 56 22 1920.
1292 1337 12 13 »

1239 1356 31 19 Le
1286 1357 13 18 6
1316 1355 62 23 août,
1394 1356 21 21 le
1432 1355 119 22 maréchal
1568 1355 119 21 Pilsudski
1704 1360 28 14 en-

1213 1381 77 23 voyait
1312 1381 83 19 l'ordre
1414 1381 96 19 suivant
1530 1380 15 20 à
1564 1380 94 20 l'armée
1679 1381 53 22 polo-

1212 1406 74 19 naise:
1304 1412 12 13 «
1331 1407 35 18 La
1381 1406 149 23 progression
1547 1406 80 22 rapide
1643 1406 28 18 de
1688 1406 44 18 l'en-

1213 1431 62 19 nemi
1294 1430 15 20 à
1328 1429 128 21 l'intérieur
1474 1430 30 19 du
1522 1435 58 19 pays
1598 1433 24 17 et
1638 1435 39 15 ses
1694 1430 38 19 vio-

1214 1456 59 18 lents
1294 1455 86 19 efforts
1399 1460 60 19 pour
1479 1455 107 19 franchir
1605 1456 21 18 le
1646 1455 52 24 Bug
1718 1457 23 18 et

1214 1481 108 18 marcher
1346 1485 41 15 sur
1414 1480 116 20 Varsovie,
1556 1480 138 19 conduisent
1720 1480 21 19 le

1211 1505 205 19 commandement
1434 1510 30 15 en
1485 1505 55 19 chef
1559 1505 15 20 à
1593 1505 147 23 transporter

1213 1530 21 18 le
1257 1530 66 20 front
1345 1530 105 19 nord-est
1471 1534 41 16 sur
1534 1530 24 19 la
1581 1529 62 24 ligne
1667 1529 28 20 de
1718 1530 23 19 la

1212 1554 90 20 Vistule
1321 1556 24 18 et
1363 1554 16 20 à
1399 1554 109 24 accepter
1525 1558 47 15 une
1591 1554 89 23 grande
1701 1554 30 19 ba-

1211 1579 65 19 taille
1296 1584 55 15 sous
1372 1579 133 25 Varsovie...

1257 1604 78 20 L'Idée
1357 1604 28 19 de
1409 1609 136 14 manœuvre
1569 1603 31 20 du
1622 1608 108 16 comman-

1211 1628 95 21 dement
1327 1634 29 15 en
1379 1629 55 19 chef
1455 1633 60 19 pour
1538 1630 23 19 la
1583 1628 95 24 période
1699 1629 40 24 qui

1209 1654 92 21 s'ouvre
1321 1655 45 19 est:

1234 1685 11 12 «
1259 1679 22 18 1°
1300 1679 37 18 Au
1355 1679 50 22 sud,
1424 1679 62 20 fixer
1503 1679 114 23 l'ennemi,
1637 1684 29 14 en
1685 1684 44 15 cou-

1210 1704 71 18 vrant
1297 1704 77 19 Lwcw
1392 1705 23 18 et
1433 1704 32 18 les
1485 1704 63 22 puits
1566 1704 29 19 de
1613 1703 98 24 pétrole;

1235 1734 13 13 «
1261 1728 23 19 2°
1297 1729 36 18 Au
1349 1728 66 22 nord,
1430 1728 112 20 interdire
1557 1728 16 21 à
1587 1728 107 21 l'ennemi
1711 1727 28 20 de

1211 1757 58 15 nous
1287 1752 115 21 déborder
1420 1753 21 19 le
1459 1754 56 24 long
1533 1753 29 19 de
1582 1754 24 19 la
1626 1753 113 20 frontière

1209 1778 138 23 allemande,
1367 1777 123 21 l'affaiblir
1510 1783 29 14 en
1561 1778 32 20 lui
1614 1778 126 25 infligeant

1210 1802 29 20 de
1262 1803 124 23 sanglants
1409 1802 82 21 échecs
1514 1804 87 19 devant
1623 1803 33 20 les
1679 1802 60 21 têtes

1211 1827 29 19 de
1263 1829 58 22 pont
1345 1828 28 19 de
1397 1828 114 19 Varsovie
1534 1828 56 23 qu'il
1614 1828 126 24 attaquera

1210 1852 243 20 vraisemblablement
1458 1858 6 17 ;

1236 1883 12 12 «
1261 1877 23 19 3"
1298 1877 32 19 Le
1349 1877 80 20 centre
1448 1885 15 14 a
1482 1882 46 15 une
1548 1878 95 19 mission
1663 1878 66 19 offen-

1207 1902 60 20 sive:
1284 1903 141 18 rassembler
1439 1902 147 27 rapidement
1600 1908 46 14 une
1660 1902 79 23 armée

1209 1931 28 15 ae
1260 1932 137 14 manœuvre
1420 1932 42 15 sur
1485 1928 21 18 lo
1528 1928 43 19 bas
1594 1928 99 23 Wieprz,
1715 1929 24 18 la

1209 1952 61 23 jeter
1290 1957 42 15 sur
1352 1952 21 19 le
1396 1952 65 20 flanc
1484 1955 23 17 et
1531 1953 32 18 le.s
1585 1951 101 21 arrières
1710 1952 28 20 de

1210 1977 106 19 l'ennemi
1335 1977 126 23 attaquant
1478 1977 113 20 Varsovie
1608 1979 24 18 et
1650 1978 21 19 le
1689 1978 41 19 bat-

1209 2002 36 19 tre
1269 2003 43 18 etc.
1328 2007 12 13 »

1234 2076 66 19 Dans
1321 2076 24 20 la
1364 2076 53 19 nuit
1439 2077 30 18 du
1490 2077 26 19 12
1537 2081 30 14 au
1587 2077 26 20 13
1634 2077 62 22 août,
1715 2077 23 19 le

1208 2100 120 21 maréchal
1360 2101 120 20 Pilsudski
1514 2101 75 24 quitte
1625 2102 112 20 Varsovie

1209 2130 59 19 pour
1286 2126 59 20 aller
1361 2126 90 23 diriger
1469 2126 118 20 lui-même
1605 2127 24 21 la
1647 2128 92 19 contre-

1210 2150 116 20 offensive
1357 2151 29 19 de
1417 2150 94 21 l'armée
1542 2151 28 20 de
1601 2156 137 15 manœuvre

1211 2176 33 20 (4'
1261 2175 89 22 armée)
1371 2177 23 18 et
1411 2176 94 20 surtout
1521 2176 24 21 la
1562 2175 112 24 préparer
1690 2181 39 14 mo-

1209 2201 121 20 ralement.

1244 2231 2 13 :
1265 2226 44 21 Les
1329 2225 77 20 unités
1425 2226 112 21 viennent
1555 2226 140 23 d'atteindre
1714 2228 24 19 la

1209 2249 80 24 région
1308 2251 29 19 de
1356 2252 183 22 concentration,
1560 2251 58 20 écrit
1638 2253 21 18 le
1678 2252 51 19 colo-

1209 2275 37 18 nel
1269 2276 104 23 français
1395 2277 85 23 Faury,
1501 2276 98 21 détaché
1618 2276 16 21 à
1653 2278 23 20 la
1695 2277 42 20 IV*

1207 2299 86 20 armée.
1314 2301 87 19 Toutes
1422 2302 56 19 sont
1498 2301 126 24 fatiguées:
1650 2303 33 20 les
1705 2302 24 19 ef-

1208 2325 80 19 fectifs
1308 2326 56 18 eont
1385 2325 117 22 diminués
1523 2331 43 19 par
1586 2328 24 19 la
1630 2327 98 24 dysente-

1208 2350 43 23 rie;
1269 2349 22 20 le
1308 2349 142 21 dénuement
1465 2352 36 18 est
1517 2350 109 22 extrême.
1642 2352 32 20 Le
1690 2357 39 14 ma-

1209 2374 78 21 réchal
1311 2375 49 19 voit
1385 2376 78 19 toutes
1489 2376 33 20 les
1548 2377 102 23 troupes,
1672 2378 66 22 parle

1208 2404 47 15 aux
1275 2400 106 19 officiers
1403 2403 24 16 et
1446 2406 47 15 aux
1512 2401 97 21 soldats,
1633 2402 104 19 remonte

1213 2424 33 20 les
1272 2429 123 19 courages;
1421 2425 16 19 il
1463 2425 57 21 hâte
1544 2426 193 23 l'incorporation

1209 2449 40 21 des
1265 2451 110 20 renforts,
1391 2451 24 19 la
1430 2450 59 19 mise
1505 2455 29 15 en
1551 2450 50 20 état
1617 2451 31 19 du
1665 2451 64 19 maté-

1208 2475 49 22 riel,
1282 2475 34 19 les
1341 2475 194 23 ravitaillements
1560 2481 29 14 en
1611 2477 78 19 vivres
1714 2477 24 18 et

1254 2499 136 21 munitions.

1229 2529 13 13 »
1256 2524 110 20 Pendant
1385 2526 34 19 les
1437 2525 59 19 trois
1515 2525 109 23 journées
1643 2526 58 20 dont
1720 2527 16 19 11

1210 2549 101 24 disposa.
1335 2548 120 21 Pilsudski
1481 2549 86 20 réussit
1590 2550 16 20 à
1631 2550 108 20 réveiller

1208 2574 56 19 chez
1285 2576 60 20 tous,
1369 2574 81 23 depuis
1473 2575 22 19 le
1519 2576 169 19 commandant
1709 2576 29 19 de

1209 2598 94 19 l'armée
1334 2599 109 23 jusqu'au
1474 2599 95 20 dernier
1599 2601 85 22 soldat,
1714 2601 25 19 la

1208 2624 123 19 confiance
1348 2626 24 17 et
1388 2623 75 21 l'élan.
1480 2631 12 13 »

1232 2690 46 21 Les
1296 2691 32 22 14,
1345 2692 25 19 15
1387 2692 24 19 et
1427 2692 26 19 16
1470 2690 57 23 août
1543 2692 35 22 les
1596 2692 141 20 Bolcheviks

1207 2716 125 24 attaquent
1345 2721 43 14 tur
1402 2717 51 20 tout
1467 2716 21 20 le
1503 2718 74 22 front;
1594 2718 27 20 ils
1636 2722 93 18 rempor-

1207 2742 52 19 tent
1273 2742 111 23 quelques
1400 2741 82 20 succès
1498 2743 84 19 locaux
1598 2743 67 22 mais,
1681 2743 48 18 mal-

1207 2766 42 23 gré
1267 2767 62 19 leurs
1349 2767 92 21 efforts,
1461 2771 29 15 ne
1510 2770 102 20 peuvent
1632 2769 106 18 entamer

1209 2792 34 17 ies
1260 2791 75 23 lignes
1353 2792 138 22 polonaises.
1509 2793 32 20 Le
1560 2793 31 21 16,
1609 2793 34 21 les
1661 2792 77 20 unités

1210 2815 163 24 bolcheviques
1396 2816 133 23 paraissent
1551 2816 55 24 déjà
1627 2816 112 24 épuisées.

1210 2840 62 19 C'est
1292 2840 67 19 alors
1376 2845 45 17 que
1442 2841 21 18 le
1484 2840 120 20 maréchal
1625 2842 67 19 lance
1711 2847 28 13 sa

1210 2864 208 22 centre-offensive
1441 2869 47 15 -^ur
1516 2865 63 19 leurs
1607 2865 75 23 lignes
1711 2866 28 19 de

1210 2889 216 20 communications.
1440 2890 43 18 Les
1498 2889 105 20 hommes
1618 2891 28 18 de
1660 2890 23 19 la
1696 2890 39 18 IV-

1211 2912 79 21 armée
1320 2913 47 27 qui,
1399 2913 58 20 trois
1488 2913 65 23 jours
1584 2915 154 21 auparavant,

1212 2938 102 23 abattue,
1339 2938 53 21 n'en
1416 2940 107 22 pouvant
1547 2938 59 23 plus,
1631 2937 108 20 s'étaient

1211 2963 44 19 mis
1274 2962 16 21 à
1308 2963 96 20 couvert
1421 2962 103 20 derrière
1543 2963 21 19 le
1581 2963 99 23 Wieprz,
1698 2962 32 20 s'é-

1210 2988 95 20 lancent
1323 2988 16 20 à
1357 2989 7 18 1
1373 2989 96 23 attaque
1488 2993 57 15 avec
1564 2988 175 20 enthousiasme

1210 3014 22 18 et
1248 3013 122 19 culbutent
1384 3013 54 19 tout
1452 3013 87 20 devant
1554 3018 22 14 ei
1583 3018 22 15 x.

1234 3037 32 19 Le
1282 3038 54 22 soir,
1355 3039 52 19 tous
1424 3039 34 19 les
1475 3038 109 23 objectifs
1601 3037 88 21 étaient
1704 3038 26 20 at-

1209 3060 72 22 teints
1300 3064 23 17 et
1340 3062 76 20 même
1434 3062 117 24 dépassés.

1233 3087 33 19 Le
1283 3087 139 22 lendemain,
1439 3088 23 20 la
1478 3089 43 18 IV
1536 3087 86 22 armée,
1639 3088 99 23 rejointe

1208 3116 44 20 par
1273 3112 24 21 la
1319 3112 54 24 III*.
1396 3112 82 25 balaye
1502 3114 77 21 toutes
1603 3114 34 20 les
1661 3114 78 19 forces

1212 3137 164 24 bolcheviques
1401 3138 40 23 qui
1467 3142 25 15 se
1517 3139 112 18 trouvent
1653 3138 87 20 devant

1210 3162 50 20 elle.
1280 3162 37 19 En
1340 3162 61 20 deux
1423 3163 65 23 jours
1509 3163 34 19 les
1566 3163 61 20 deux
1648 3163 92 20 armées

1211 3189 141 22 parcourent
1370 3187 54 24 près
1445 3188 28 19 de
1491 3188 27 20 S0
1537 3188 47 20 km.

1236 3211 46 22 Dès
1300 3213 23 19 la
1339 3212 76 20 soirée
1432 3213 30 19 du
1481 3213 25 20 17
1523 3213 33 21 les
1573 3213 113 20 divisions
1704 3219 30 14 fo-

1210 3236 113 24 viétiques
1338 3238 40 23 qui
1394 3239 42 18 ont
1452 3238 97 24 attaqué
1564 3238 120 23 Varsovie,
1700 3243 31 18 ap-

1210 3264 99 22 prenant
1329 3263 61 19 cette
1408 3263 97 23 attaque
1523 3267 41 16 sur
1582 3264 64 19 leurs
1664 3264 75 23 lignes

1211 3287 27 21 de
1258 3288 210 20 communications
1489 3289 163 19 commencent
1670 3289 16 20 à
1705 3294 26 14 re-

1211 3312 70 23 culer.

1236 3337 32 19 Le
1291 3338 26 19 18
1340 3337 62 22 août,
1425 3339 35 18 les
1483 3338 141 21 Bolcheviks
1645 3338 95 20 battent

1208 3366 29 15 en
1255 3362 98 20 retraite
1370 3368 42 14 sur
1429 3362 66 21 toute
1513 3364 25 20 la
1555 3363 68 24 ligne.

1236 3393 61 20 C'est
1312 3394 61 20 alors
1390 3399 44 19 que
1450 3396 20 18 le
1486 3394 120 20 maréchal
1620 3394 119 21 Pilsudski

1210 3418 80 20 décide
1310 3420 29 19 de
1356 3424 25 17 3e
1401 3420 84 19 rendre
1505 3419 200 21 immédiatement
1725 3419 15 20 à

1211 3445 112 19 Varsovie
1339 3450 12 13 «
1370 3450 58 18 pour
1444 3445 123 23 organiser
1584 3446 24 19 et
1623 3445 118 19 ordonner

1210 3469 15 21 à
1240 3470 23 19 la
1278 3470 45 20 fois
1338 3470 23 19 la
1374 3470 120 23 poursuite
1510 3472 22 18 et
1547 3470 111 24 l'attaque
1672 3469 59 25 géné-

1211 3495 61 19 rales
1289 3500 19 14 ».
1327 3493 109 21 Décision
1454 3495 56 24 qu'il
1529 3496 131 22 regrettera
1677 3495 54 20 d'ail-

1210 3519 63 20 leurs
1295 3518 145 22 amèrement
1461 3520 60 19 dans
1542 3520 23 20 la
1585 3521 68 21 suite.

1238 3544 142 24 Cependant,
1400 3544 16 21 à
1436 3550 26 17 Ce
1483 3547 105 18 moment
1610 3546 36 19 (18
1665 3545 76 22 août),

1209 3575 29 14 ea
1254 3569 110 24 présence
1379 3570 58 19 dans
1452 3572 23 19 la
1490 3570 101 24 capitale
1606 3570 135 21 n'était-elie

1213 3600 42 18 pas
1279 3594 132 20 nécessaire
1421 3596 12 19 ?
1464 3596 63 20 Tcus
1551 3596 33 19 les
1611 3596 122 23 renseigne-

1211 3620 77 20 ments
1304 3625 67 18 reçus
1389 3620 28 22 de
1431 3625 39 19 ses
1486 3620 180 22 commandants
1682 3622 51 20 d'ar-

1211 3644 51 20 mée
1282 3645 29 19 de
1330 3646 24 19 la
1373 3645 81 24 région
1474 3646 28 22 de
1524 3645 113 20 Varsovie
1656 3650 31 16 ne
1706 3646 34 20 lui

1212 3670 182 20 montraient-ils
1420 3676 43 19 pas
1487 3671 67 23 qu'ils
1580 3670 88 21 étaient
1693 3671 47 20 loin

1210 3695 29 19 de
1257 3695 113 24 partager
1386 3701 28 14 sa
1431 3696 140 20 confiance?

1236 3726 13 13 «
1267 3722 22 19 A
1308 3721 120 22 Varsovie,
1448 3720 59 21 écrit
1528 3721 21 19 le
1569 3720 127 25 maréchal,
1716 3721 24 24 Je

1210 3744 93 21 trouvai
1318 3745 33 20 les
1368 3746 150 23 dispositions
1534 3745 96 25 d'esprit
1646 3751 31 15 un
1694 3751 45 20 peu

1210 3769 129 21 différenes
1361 3770 28 20 de
1410 3771 69 20 celles
1500 3775 46 20 que
1566 3771 128 24 j'espérais.
1715 3772 25 20 Si

1210 3795 32 24 j'y
1261 3795 117 19 constatai
1397 3795 28 20 de
1444 3795 24 20 la
1486 3796 47 23 joie
1554 3797 24 19 et
1597 3803 32 14 un
1649 3797 90 19 certain

1210 3820 128 19 sentiment
1357 3821 28 18 de
1405 3821 168 23 soulagement,
1592 3820 32 20 dû
1643 3827 31 14 au
1694 3822 46 19 fait

1211 3850 44 19 que
1278 3846 113 20 Varsovie
1414 3845 59 20 était
1497 3848 76 18 moins
1595 3846 136 21 immédiate-

1210 3870 66 20 ment
1291 3869 93 25 pressée
1401 3875 44 19 par
1459 3870 115 22 l'ennemi,
1590 3871 16 19 il
1622 3877 16 18 y
1652 3872 78 19 subsis-

1210 3895 46 20 tait
1271 3900 83 17 encore
1370 3900 45 15 une
1428 3895 90 25 grande
1532 3895 154 24 inquiétude...

1237 3925 12 13 »
1271 3921 35 20 La
1329 3921 91 19 crainte
1443 3923 23 18 et
1489 3921 124 24 l'angoisse
1634 3924 61 20 pour
1716 3921 24 20 la

1208 3944 80 22 sûreté
1302 3946 29 19 de
1345 3946 23 20 la
1382 3946 101 24 capitale
1496 3952 22 19 y.
1528 3946 88 21 étaient
1628 3947 23 19 si
1663 3947 76 19 fortes

1210 3971 24 19 et
1251 3972 33 20 les
1302 3970 96 25 progrès
1413 3971 156 24 subséquents
1587 3973 28 19 de
1631 3972 108 19 l'ennemi

1209 4001 52 15 vers
1280 3996 90 20 l'Ouest
1385 3996 89 20 étaient
1490 3997 21 19 si
1527 3997 212 23 impressionnants

1211 4025 45 19 que
1279 4021 48 19 l'on
1351 4020 135 21 n'obéissait
1510 4021 96 24 qu'avec
1631 4022 68 23 peine
1724 4020 16 21 â

1210 4050 55 15 mon
1285 4046 132 24 impulsion.
1437 4052 13 14 »

1236 4070 108 23 Certains
1367 4071 76 20 même
1465 4076 30 15 ne
1516 4076 26 16 se
1566 4072 173 20 conformaient

1211 4100 42 19 pas
1270 4095 16 20 à
1303 4101 37 16 ses
1360 4097 90 19 ordres:
1471 4096 16 20 à
1503 4097 24 20 la
1543 4097 31 19 V*
1593 4097 85 23 armée,
1695 4103 44 19 par

1211 4121 110 25 exemple,
1343 4126 29 15 on
1401 4121 65 21 avait
1494 4121 97 25 attaqué
1619 4122 62 21 droit
1708 4127 31 14 au

1209 4146 65 20 Nord
1303 4151 32 15 au
1365 4146 47 21 lieu
1440 4147 135 24 d'attaquer
1596 4152 54 15 vers
1673 4147 65 23 l'Est,

1210 4176 90 15 comme
1320 4172 81 20 l'avait
1423 4172 101 23 pret-crlt
1544 4173 22 18 le
1586 4171 127 21 maréchal.

1235 4197 62 19 C'est
1317 4197 63 19 alors
1400 4202 45 19 que
1466 4197 120 20 Pilsudski
1608 4198 66 19 lance
1695 4202 43 15 son

1210 4222 69 19 ordre
1296 4222 31 20 du
1344 4223 26 18 18
1388 4221 57 20 août
1461 4222 58 21 dans
1536 4222 76 23 lequel
1629 4222 16 20 à
1661 4223 77 20 toutes

1209 4250 37 16 ses
1264 4246 93 21 armées
1380 4247 116 21 (chacune
1516 4247 137 24 équivalant
1671 4247 16 21 à
1706 4253 32 15 un

1210 4271 59 23 petit
1293 4276 68 19 corps
1384 4270 124 24 d'armée),
1531 4272 16 20 il
1569 4272 101 23 prescrit
1692 4277 47 15 une

1212 4302 11 12 «
1249 4295 120 24 poursuite
1400 4295 132 26 énergique,
1563 4297 115 20 Intensive
1709 4297 30 20 de

1211 4321 114 20 l'ennemi.
1344 4327 12 13 »

1451 4347 8 12 r
1467 4348 12 11 •

1456 4363 12 11 •
1478 4362 11 13 •

1236 4382 236 25 Malheureusement,
1498 4384 22 18 le
1547 4383 119 21 maréchal
1694 4383 36 20 Pil-

1209 4407 82 19 sudski
1313 4412 31 15 ne
1367 4407 96 24 pouvait
1484 4407 50 21 être
1555 4409 102 23 partout.
1680 4409 50 19 Pen-

1210 4432 58 20 dant
1287 4437 51 19 que,
1356 4433 59 19 dans
1432 4433 25 20 la
1473 4432 81 25 région
1572 4434 29 19 de
1619 4434 119 22 Varsovie,

1209 4457 16 19 il
1246 4458 105 20 secouait
1370 4463 38 15 ses
1429 4459 181 21 commandante
1629 4458 108 22 d'armée,

1209 4482 24 20 la
1247 4483 42 20 IV'
1305 4482 85 23 armée,
1405 4482 101 24 chargée
1520 4484 29 19 de
1563 4485 24 19 la
1603 4487 135 17 manœuvre

1210 4512 41 14 sur
1271 4508 34 20 les
1325 4508 74 24 lignes
1421 4509 28 19 de
1472 4508 210 23 communications
1702 4513 28 16 so-

1208 4531 113 25 viétiques
1344 4534 25 19 et
1389 4534 39 23 qui
1450 4534 65 20 avait
1536 4534 20 19 si
1577 4534 54 19 bien
1653 4534 84 19 débuté

1211 4557 33 21 les
1261 4558 26 19 16
1304 4558 25 19 et
1345 4558 26 19 17
1388 4558 63 21 août,
1467 4558 16 19 à
1499 4558 76 23 partir
1590 4558 32 20 du
1637 4559 27 20 18
1681 4558 58 20 août

1209 4587 30 15 au
1261 4582 47 20 lieu
1331 4583 29 19 de
1382 4583 138 23 poursuivre
1541 4584 33 19 les
1597 4583 141 21 Bolcheviks

1210 4606 70 25 l'epée
1296 4607 59 20 dans
1373 4608 34 20 les
1423 4608 70 23 reins,
1509 4608 78 25 perdit
1601 4613 44 15 son
1661 4609 77 24 temps

1208 4632 16 21 à
1241 4637 119 16 ramasser
1376 4634 40 22 des
1432 4633 151 24 prisonniers,
1599 4632 16 22 à
1630 4633 108 25 nettoyer

1209 4658 21 21 le
1247 4658 90 19 terrain
1354 4659 23 19 et
1392 4658 16 21 à
1425 4659 128 23 s'emparer
1566 4660 29 21 de
1611 4658 82 24 dépôts
1709 4660 28 20 de

1208 4683 77 19 vivres
1306 4687 31 16 ou
1359 4684 28 19 de
1409 4683 114 21 matériel.
1545 4684 32 20 Et
1597 4684 58 21 c'est
1676 4685 61 20 ainsi

1209 4712 46 19 que
1274 4708 24 20 la
1316 4708 95 24 plupart
1428 4708 40 20 des
1487 4708 92 20 drmées
1596 4707 141 26 soviétiques

1209 4733 87 23 purent
1314 4733 117 24 échapper
1449 4739 31 15 au
1498 4732 112 25 désastre,
1628 4735 33 18 les
1680 4739 58 15 unes

1211 4762 29 15 en
1260 4762 27 16 se
1306 4757 121 26 réfugiant
1447 4763 29 16 en
1497 4759 87 20 Prusse
1604 4764 30 16 ou
1654 4764 29 16 en
1702 4759 37 20 Ld-

1213 4782 104 24 thuanie,
1341 4783 34 20 les
1400 4783 80 20 autres
1506 4788 29 15 en
1560 4785 132 23 regagnant
1717 4785 21 18 le

1220 4808 119 20 territoire
1369 4809 114 21 national.
1514 4808 66 21 Elles
1613 4808 126 21 laissèrent

1212 4832 143 23 néanmoins,
1378 4839 31 14 au
1431 4839 69 15 cours
1524 4834 69 20 d'une
1615 4834 60 20 lutte
1698 4834 40 24 qui

1211 4858 60 20 dura
1283 4858 54 24 près
1351 4859 28 20 de
1393 4859 39 20 dix
1447 4860 71 23 jours,
1533 4860 66 19 entre
1613 4860 32 19 les
1661 4860 78 19 mains

1215 4883 41 19 des
1281 4884 119 22 Polonais,
1424 4884 72 20 70.000
1522 4884 151 25 prisonniers.
1698 4885 39 19 250

1211 4913 88 18 canong
1319 4910 24 19 ct
1364 4914 30 15 un
1414 4909 86 19 millier
1517 4910 30 19 de
1566 4909 172 20 mitrailleuses.

1236 4933 60 20 Bien
1317 4938 45 18 que
1384 4939 29 15 ne
1434 4935 105 20 donnant
1559 4939 43 20 pas
1624 4935 115 24 complète

1209 4958 151 20 satisfaction
1393 4965 32 16 au
1459 4959 118 21 maréchal
1612 4959 125 24 Pilsudski;

1211 4983 78 21 c'était
1309 4983 138 21 néanmoins
1467 4990 31 14 un
1517 4985 60 21 becu
1597 4984 80 21 succès
1698 4986 40 23 qui

1211 5009 94 20 mettait
1325 5009 36 19 fin
1389 5009 16 20 à
1433 5010 23 19 la
1482 5010 107 20 croisade
1609 5002 129 33 soviétique

1211 5039 59 19 pour
1286 5034 85 20 mettre
1386 5035 23 19 la
1425 5034 64 20 main
1502 5039 43 15 -sur
1559 5036 23 19 la
1597 5035 102 24 Pologne
1716 5035 24 19 et

1213 5064 116 19 propager
1349 5061 28 20 de
1397 5059 29 22 là,
1446 5065 28 17 en
1496 5060 119 22 Occident,
1633 5062 24 19 la
1675 5060 58 21 révo-

1211 5084 74 20 lution
1309 5084 179 24 prolétarienne.

1468 5112 11 11 *
1492 5115 3 4 ■

1458 5127 11 12 *
1479 5127 12 11 *

1233 5147 67 20 Cette
1316 5152 136 16 manœuvre
1467 5148 27 20 de
1507 5148 112 21 Varsovie
1633 5149 39 24 qui
1686 5154 44 20 pro-

1213 5177 57 15 cura
1294 5173 40 20 des
1359 5172 112 21 résultats
1493 5173 21 20 si
1539 5173 142 23 importants
1705 5173 37 19 est

1213 5200 83 16 encore
1323 5197 49 20 très
1402 5196 156 21 intéressante
1579 5197 16 21 à
1616 5202 32 16 un
1671 5199 69 19 autre

1211 5222 67 23 point
1293 5222 28 20 de
1336 5228 50 17 vue.
1401 5223 52 19 Elle
1468 5223 116 19 constitue
1598 5223 24 20 la
1637 5227 93 15 manœu-

1212 5252 40 17 vre
1266 5246 145 25 stratégique
1426 5253 45 19 par
1484 5248 137 23 excellence,
1635 5247 57 21 celle
1699 5250 40 22 qui

1212 5276 100 20 procura
1333 5272 107 24 toujours
1464 5273 34 21 les
1519 5274 53 23 plus
1595 5274 88 23 grands
1706 5272 34 21 mé-

1210 5297 85 20 sultats
1307 5302 5 15 :
1329 5297 95 21 l'action
1439 5302 41 15 sur
1495 5298 33 21 les
1543 5299 75 22 lignes
1634 5298 28 20 de
1678 5303 52 16 com-

1212 5321 145 21 munication
1380 5322 125 26 ennemies.
1528 5323 136 20 Manœuvre
1688 5328 44 20 par-

1215 5346 171 21 ticulièrement
1410 5346 69 22 chère
1505 5353 46 16 aux
1575 5349 52 23 plus
1652 5347 89 26 grands

1214 5371 130 24 capitaines
1366 5373 24 19 et
1412 5374 147 19 notamment
1580 5373 16 21 à
1619 5373 121 24 Napoléon

1212 5397 37 20 V.
1264 5397 61 20 Mais
1341 5397 56 20 c'est
1411 5398 65 20 auesi
1490 5403 46 17 une
1550 5402 136 17 manœuvre
1700 5399 40 23 qui

1215 5427 28 14 ne
1264 5422 144 24 s'improvise
1429 5428 50 19 pas,
1499 5423 40 24 qui
1561 5424 66 23 exige
1648 5423 29 21 de
1697 5428 44 16 son

1214 5446 85 21 auteur
1319 5446 29 23 de
1367 5448 97 24 longues
1485 5448 158 22 méditations,
1661 5453 43 16 car
1724 5449 17 19 il

1213 5478 15 19 y
1242 5472 67 21 entre
1324 5477 45 15 une
1384 5473 63 20 foule
1463 5473 28 21 de
1507 5474 105 21 facteurs
1628 5475 57 20 dont
1701 5478 31 15 au-

1214 5502 45 15 cun
1276 5502 30 16 ne
1322 5498 91 21 saurait
1428 5498 50 21 être
1494 5498 93 26 négligé
1604 5501 21 17 ct
1643 5503 29 16 en
1689 5503 43 19 par-

1215 5523 92 20 ticulier
1325 5522 34 21 les
1378 5523 77 20 forces
1472 5525 108 19 morales.

1238 5548 33 20 Le
1293 5546 119 22 maréchal
1433 5548 119 21 Pilsudski
1574 5549 41 20 eut
1634 5549 107 21 d'autant

1215 5573 52 25 plue
1288 5573 29 22 de
1336 5572 83 23 mérite
1439 5573 17 22 à
1475 5574 24 21 la
1518 5574 93 21 monter
1632 5580 45 19 que
1696 5579 51 17 eon,

1839 284 55 54 Un
1921 286 148 52 forcené
2098 285 121 53 blesse

1869 358 16 34 à
1907 369 88 33 coups
2016 354 35 39 de
2067 360 121 33 couteau

1795 424 36 23 un
1853 407 110 41 homme
1990 414 28 34 et
2046 408 73 40 deux
2144 408 119 40 femmes

1951 469 16 34 à
1996 463 108 40 Anvers

1782 537 46 19 (De
1844 538 68 18 notre
1929 538 184 23 correspondant
2130 537 147 23 particulier)

2049 562 99 23 Anvers,
2165 561 25 20 16
2207 560 55 20 mal.

1794 586 37 19 Au
1847 586 98 20 numéro
1963 586 13 19 6
1993 586 28 19 de
2039 587 23 19 la
2080 591 41 15 rue
2140 587 27 19 de
2185 588 23 18 la
2226 587 55 18 Mon-

1767 611 53 19 naie
1839 610 15 20 à
1872 611 90 21 Anvers
1982 612 113 22 habitent,
2115 616 41 15 sur
2175 611 20 19 le
2215 611 75 20 même

1768 636 80 22 palier,
1868 636 123 21 Diebosch,
2012 635 43 23 âgé
2076 636 28 19 de
2125 636 25 19 66
2172 641 49 19 ans,
2245 641 45 14 une

1767 660 134 24 Française,
1916 661 61 19 Mme
1992 660 80 24 Tapet,
2086 660 57 22 âgée
2158 661 28 18 de
2201 662 25 17 38
2240 667 49 15 ans,

1767 689 56 15 avec
1845 686 39 22 qui
1927 686 14 19 il
1962 686 113 19 entretint
2097 686 131 23 longtemps
2250 686 40 19 des

1769 709 111 20 relations
1898 710 23 19 et
1937 710 62 18 l'ami
2017 710 26 19 de
2060 710 87 20 celle-ci
2164 710 23 19 C.
2203 710 86 19 Bosch-

1768 739 74 15 mnns.

1789 759 115 20 Diebosch
1924 759 23 19 et
1967 759 146 20 Eoschmans
2133 759 156 24 paraissaient

1764 782 131 21 s'entendre
1912 783 49 20 très
1980 783 58 21 bht.
2057 784 114 20 Mercredi
2191 785 53 21 soir,
2263 784 27 19 ils

1766 806 89 21 étalent
1881 808 72 19 sortis
1979 808 130 22 ensemble.'
2137 809 34 18 Ile
2204 810 84 17 eurent

1763 833 112 22 pourtant
1894 837 45 14 une
1959 833 129 20 discussion
2106 838 30 14 a\i
2154 833 62 23 sujet
2236 834 53 19 d'un

1762 856 65 21 billet
1850 858 27 18 de
1898 858 38 19 100
1959 859 28 18 fr.
2009 858 56 19 dont
2087 858 116 19 Diebosch
2224 858 65 19 avait

1762 882 107 19 constaté
1888 882 23 21 la
1932 882 145 24 disparition.

1789 907 69 18 Jeudi
1878 906 82 23 matin,
1985 907 115 19 Diebosch
2123 909 85 22 irappa
2230 907 15 19 à
2267 908 21 18 Ie

1763 931 66 22 porte
1845 932 28 19 de
1891 932 61 19 Mme
1966 932 81 22 Tapet,
2062 932 39 24 qui
2118 936 30 16 ne
2164 932 32 19 lui
2212 932 77 19 ouvrit

1765 960 49 18 pas.
1840 956 108 22 Furkux,
1987 956 117 19 Diebosch
2137 961 87 19 poussa
2257 957 31 18 les

1763 980 70 21 hauts
1847 980 53 21 crio.
1917 980 60 20 Tout
1993 987 26 13 ce
2035 982 86 23 tapage
2137 982 72 20 attira
2227 982 62 19 Mme

1763 1005 67 22 Hilie,
1854 1005 22 21 la
1898 1005 110 21 locataire
2031 1006 128 23 principale
2181 1006 29 19 do
2232 1006 46 19 l'im-

1762 1030 98 22 meuble,
1876 1030 40 24 qui
1931 1031 80 19 voulut
2026 1030 135 25 intervenir.
2176 1032 36 18 Au
2228 1036 52 14 com-

1763 1054 37 21 ble
1820 1054 29 19 de
1869 1054 23 19 la
1913 1054 82 22 colère,
2015 1055 116 20 Diebosch
2160 1055 22 20 1**
2205 1056 83 23 frappa

1764 1079 52 19 d'un
1842 1084 60 19 coup
1927 1080 28 18 de
1980 1080 99 19 couteau
2102 1079 16 20 à
2142 1080 23 19 la
2189 1081 99 22 poltrino

1762 1107 24 18 et
1809 1103 23 20 la
1854 1105 110 18 terrassa.

1787 1128 52 19 Aux
1850 1129 80 23 appels
1945 1129 25 19 d.?
1986 1129 61 19 Mme
2062 1128 67 23 Hille,
2142 1130 146 19 Boschmani»

1763 1155 22 17 et
1808 1153 62 19 Mme
1892 1153 75 24 Tppet
1989 1153 120 20 ruvrirent
2139 1154 50 19 leur
2216 1155 71 22 porte.

1767 1177 116 20 Diebosch
1898 1184 26 14 se
1940 1178 49 23 jeta
2004 1183 42 15 sur
2062 1183 43 14 eux
2122 1181 23 19 et
2162 1178 32 19 le^
2211 1179 77 19 blessa

1762 1201 14 20 â
1793 1207 71 18 coups
1883 1202 28 19 de
1926 1204 100 18 couleau
2041 1202 15 20 à
2073 1203 21 18 !a
2110 1203 77 23 figure
2203 1205 24 19 et
2242 1209 45 15 aux

1763 1227 82 20 mains.

1789 1251 48 21 Des
1862 1251 88 19 voisins
1976 1250 162 21 désarmèrent
2162 1252 125 22 Diebosch.

1763 1275 66 24 qu'ils
1851 1276 112 19 remirent
1982 1277 66 18 entre
2068 1278 34 18 les
2122 1276 77 20 mains
2219 1277 29 20 de
2267 1278 22 18 la

1765 1300 79 23 police.

1788 1325 62 19 Mme
1867 1325 68 23 Hille,
1954 1325 57 20 dont
2028 1325 64 20 l'état
2110 1327 36 18 est
2163 1326 124 20 alarmant,

1766 1355 14 14 a
1797 1349 36 22 été
1848 1349 147 24 transportée
2011 1350 16 19 à
2041 1350 110 24 l'hôpital.

2341 274 66 30 UNE
2430 274 132 30 TROUPE
2585 273 224 31 PERMANENTE

2331 316 47 31 AV
2401 316 154 31 THEATRE
2576 316 62 31 DES
2660 316 159 31 GALERIES

1784 1406 69 48 Aux
1880 1405 183 50 Chasseurs
2083 1405 183 49 Ardcnnais

1763 1492 35 31 La
1812 1495 215 30 reconnaissance
2042 1494 35 30 du
2090 1493 61 30 chef
2166 1493 32 30 de
2213 1504 76 26 corps

1840 1535 35 30 du
1893 1537 27 28 2"
1940 1541 172 31 groupement
2130 1537 80 29 mixte

1932 1577 32 31 de
1987 1577 131 37 Bastogne

1789 1619 77 20 Mardi
1885 1624 15 15 a
1918 1625 30 14 eu
1966 1620 46 19 lieu
2031 1619 16 20 à
2064 1620 126 23 Bastogr.e,
2208 1620 24 20 la
2253 1625 25 15 re-

1763 1645 169 19 connaissance
1954 1645 111 20 officielle
2087 1650 43 18 par
2150 1646 21 19 le
2192 1645 94 24 généra"

1763 1669 131 23 Jaeqmain,
1920 1670 168 19 commandant
2114 1671 21 18 le
2163 1675 69 18 corps
2260 1670 27 19 de

1763 1694 125 20 chasseurs
1906 1694 132 24 ardennals,
2058 1695 31 19 du
2108 1699 106 15 nouveau
2233 1695 54 18 chef

1764 1719 31 19 du
1818 1719 26 19 2e
1869 1720 155 23 groupement
2048 1718 79 24 mixte,
2153 1720 20 19 le
2198 1720 88 18 colonel

1763 1744 133 20 Daumerie.

1788 1769 21 18 A
1825 1771 61 18 cette
1903 1769 114 21 occasion,
2033 1769 65 19 toute
2113 1770 23 18 la
2151 1769 135 23 population

1763 1793 28 20 de
1804 1794 125 23 Bastogne,
1944 1799 55 15 sans
2014 1795 135 18 distinction
2164 1794 28 20 do
2205 1795 74 19 classe

1763 1818 59 21 était
1835 1819 130 19 descendue
1978 1819 59 20 dans
2050 1819 23 19 la
2085 1823 48 18 rue,
2147 1820 82 19 tenant
2242 1823 45 15 une

1763 1844 45 19 fois
1824 1844 28 19 de
1866 1844 53 22 plus
1933 1843 16 20 à
1962 1844 110 19 affirmer
2087 1849 43 14 son
2144 1844 142 20 admiration

1763 1873 59 19 pour
1838 1868 93 20 l'armée
1949 1869 24 19 et
1990 1873 27 15 sa
2034 1869 33 19 foi
2084 1869 148 23 patriotique.

1788 1893 21 18 A
1824 1893 25 18 15
1865 1893 22 20 h.
1903 1894 20 19 le
1939 1892 95 25 général
2051 1894 59 19 suivi
2127 1894 28 19 de
2172 1898 42 14 son
2232 1894 53 19 chef

1763 1917 172 24 d'Etat-major,
1958 1918 20 19 le
1999 1918 89 19 colonel
2110 1918 131 19 Chardome
2263 1920 24 18 et

1763 1944 30 18 du
1808 1943 169 19 commandant
1991 1943 107 21 Kremer,
2114 1943 80 19 arriva
2208 1948 41 14 sur
2265 1944 22 18 la

1762 1967 70 20 Place
1850 1967 31 19 du
1899 1967 71 20 Carré
1988 1967 30 19 où
2034 1968 33 20 les
2085 1968 95 23 troupes
2198 1967 87 20 étaient

1762 1991 110 25 massées.
1887 1992 75 24 Après
1979 1993 66 19 avoir
2060 1992 65 22 salué
2141 1993 33 19 les
2190 1993 96 19 anciens

1762 2018 161 19 combattants
1946 2019 25 18 et
1993 2018 21 19 le
2037 2018 87 20 conseil
2146 2018 134 19 communal

2312 393 35 30 Ce
2361 405 49 26 que
2425 404 65 19 nous
2507 393 37 30 dit
2558 393 35 29 M.
2610 392 108 30 Charles
2732 392 106 30 Gontier

2333 456 32 18 Le
2393 455 101 19 Théâtre
2525 454 40 19 des
2593 454 105 19 Galeries
2728 454 34 18 n'a
2794 458 43 19 pas

2309 488 83 14 encore
2412 482 74 20 fermé
2506 488 37 13 ses
2564 484 79 22 portes
2665 482 67 23 qu'on
2752 487 16 18 y
2787 481 41 24 pré-

2306 517 58 18 pare
2379 511 54 23 déjà
2448 512 23 18 la
2487 511 78 18 saison
2581 511 133 23 prochaine.

2333 547 66 18 Ainsi
2417 547 84 19 fait-on
2522 546 59 18 dans
2600 546 77 19 toutes
2696 546 33 18 les
2748 545 89 19 bonnes

2309 575 110 19 maisons.
2441 575 31 19 Ce
2496 574 59 20 n'est
2576 579 42 18 pas
2640 578 83 15 encore
2746 574 20 18 le
2790 578 38 14 mo-

2308 604 65 18 ment
2393 603 28 18 do
2440 603 128 18 soumettre
2587 602 31 20 M.
2637 602 86 19 Lucien
2744 602 92 18 Fonson

2310 635 30 14 au
2365 631 175 22 cmestlonaaire
2564 630 102 23 d'usage.
2692 630 60 18 Mais
2776 630 59 18 voici

2308 659 31 19 M.
2354 659 97 19 Charles
2468 659 98 19 Cîontier
2582 659 39 22 qui
2639 663 29 14 va
2687 663 59 14 nous
2762 657 66 19 dévoi-

2308 687 34 19 ler
2359 691 45 14 une
2421 687 75 23 partie
2511 687 40 19 des
2567 687 89 23 projets
2673 685 104 20 caressés
2794 691 44 18 par

2316 716 73 18 l'actif
2410 717 117 18 directeur
2547 715 28 20 de
2597 716 22 18 la
2640 714 68 21 scène
2730 715 31 19 du
2783 715 46 19 Pas-

2308 748 63 18 sage.

2341 778 31 20 M.
2393 779 96 19 Charles
2510 779 97 20 Gontier
2628 784 35 14 ne,
2679 779 159 19 rencuveîlera

2310 811 42 18 pas
2374 811 43 14 son
2440 807 95 18 contrat
2558 811 58 14 avec
2638 807 21 18 le
2682 805 101 20 Théâtre
2806 806 31 19 du

2308 835 61 19 Parc
2386 834 30 19 où
2434 835 16 18 il
2467 840 15 14 a
2500 835 51 21 fait,
2570 834 81 20 l'hiver
2669 834 99 22 dernier,
2788 835 40 22 plu-

2308 863 75 19 sieurs
2401 862 118 19 créations
2539 863 154 23 importantes
2712 867 55 15 sans
2787 862 51 23 pré-

1867 2716 34 24 Le
1921 2716 100 23 colonel
2038 2715 136 25 Daumerie

1763 2766 73 23 eyant
1849 2765 15 20 à
1877 2771 27 15 sa
1916 2765 48 21 tête
1978 2766 21 20 le
2012 2767 169 22 bourgmestre,
2194 2766 32 20 M.
2239 2766 41 20 Ma-

1763 2792 73 22 terne,
1856 2792 21 18 le
1894 2790 96 24 général
2009 2792 120 23 prononça
2149 2792 86 19 devant
2254 2792 34 20 lea

1763 2816 61 19 deux
1851 2816 125 20 bataillons
2005 2816 61 24 figés
2088 2822 30 13 au
2140 2822 13 13 €
2174 2816 78 20 Garde
2273 2816 15 19 à

1764 2844 59 15 vous
1846 2846 13 13 >
1882 2841 24 19 la
1930 2841 102 20 formule
2057 2841 176 20 traditionnelle
2258 2841 29 18 de

1764 2865 202 18 reconnaissance.
2044 2878 6 3 -
2074 2881 6 4 .

1788 2885 75 25 Après
1884 2888 24 17 la
1927 2885 137 22 cérémonie,
2084 2887 23 16 le
2127 2889 159 19 groupement,

1762 2912 107 22 musique
1892 2912 30 18 en
1942 2909 55 22 tête",
2018 2909 140 20 commandé
2180 2913 44 19 par
2245 2915 41 15 son

1764 2940 107 15 nouveau
1895 2935 62 21 chef,
1982 2934 73 20 défila
2079 2935 209 23 impeccablement

1763 2961 59 20 dans
1840 2961 24 19 la
1875 2958 146 22 -Grand'RUe
2042 2960 24 19 et
2084 2960 79 19 rendit
2180 2960 33 19 les
2231 2960 47 19 hon-

1763 2991 73 15 neurs
1855 2990 29 16 en
1904 2986 53 19 face
1977 2985 27 20 de
2024 2984 85 20 l'Hôtel
2130 2985 28 19 de
2178 2985 60 20 Ville
2259 2984 30 20 où

1763 3011 96 19 avaient
1878 3011 49 22 pris
1946 3010 67 24 place
2040 3010 29 21 le>
2086 3009 96 24 général
2203 3012 25 18 et
2245 3015 44 15 son

1763 3035 156 30 Etat-major^
1924 3035 61 20 ainsi
2001 3039 45 20 que
2062 3036 34 19 les
2113 3035 97 19 anciens
2226 3040 53 14 com-

1764 3061 107 19 battants
1889 3061 24 19 et
1931 3061 21 18 le
1972 3060 86 19 conseil
2078 3061 140 20 communal.

1790 3086 21 19 A
1831 3086 76 19 l'issue
1928 3086 31 19 du
1979 3084 77 24 défilé,
2076 3086 21 18 le
2116 3086 90 18 colonel
2226 3085 54 20 Dau-

1764 3112 73 19 merie
1852 3111 69 19 offrit
1934 3110 15 20 à
1963 3110 78 20 l'hôtel
2055 3110 94 19 Lebrun
2163 3115 32 14 un
2211 3111 69 18 Cham-

1763 3141 77 19 pagne
1862 3136 128 19 d'honneur
2010 3140 31 15 au
2046 3131 112 27 'général
2178 3135 110 19 Jacrriain

1764 3162 22 19 et
1802 3166 46 14 aux
1861 3160 134 20 notabilités
2010 3162 28 19 de
2052 3160 24 20 la
2090 3160 63 23 ville;
2168 3160 21 20 le
2205 3160 74 24 bourg-

1765 3187 87 19 mestre
1871 3186 114 21 Materne,
2004 3186 32 18 lui
2055 3185 110 21 souhaita
2184 3185 23 19 la
2227 3186 53 19 bien-

1766 3216 74 15 venue
1852 3216 31 14 au
1897 3216 55 14 nom
1964 3210 28 21 de
2006 3213 23 18 la
2041 3210 136 24 population
2192 3211 27 19 de
2233 3211 48 19 Bas-

1765 3237 77 21 togne.
2049 3239 17 19 *A

1790 3262 67 19 Deux
1881 3260 165 25 télégrammes
2070 3260 81 20 furent
2176 3259 109 25 envoyés:

1766 3291 33 16 un
1817 3291 31 15 au
1866 3287 56 19 Roi:
2027 3285 4 4 '
2057 3291 7 5 -

1790 3317 12 14 €
1818 3312 45 19 Les
1881 3311 106 19 officiers
2005 3311 40 21 des
2062 3310 124 20 chasseurs
2205 3311 73 19 arden-

1766 3337 52 21 nals
1830 3337 28 19 de
1869 3337 126 23 Bastogne,
2009 3335 78 21 réunis
2100 3337 85 18 autour
2199 3336 27 19 de
2239 3336 50 19 leur

1766 3366 108 15 nouveau
1888 3362 56 19 chef
1959 3361 27 20 do
2002 3366 74 20 corps,
2091 3360 16 21 à
2121 3360 124 21 l'occasion
2262 3361 28 19 de

1764 3392 28 14 sa
1806 3386 126 24 réception,
1946 3386 91 20 élèvent
2052 3391 47 15 uno
2112 3385 84 25 pensée
2213 3386 75 23 pleine

1767 3412 173 21 d'admiration,
1972 3412 28 19 do
2032 3412 98 22 respect,
2162 3411 118 19 d'attache-

1765 3439 66 18 ment
1851 3436 149 20 indéfectible
2020 3441 53 15 vers
2094 3437 62 19 leurs
2177 3435 112 24 Majestés

1766 3462 21 20 U
1799 3462 45 19 Roi
1857 3463 23 18 et
1892 3462 23 19 la
1926 3462 75 19 Reine
2014 3461 24 21 et
2049 3461 93 21 saluent
2155 3461 54 19 d'un
2220 3461 70 24 triple

1764 3487 65 19 vivat
1856 3488 34 19 les
1924 3487 96 20 enfants
2053 3491 94 20 royaux,
2169 3486 33 19 les
2230 3486 58 20 trois

1767 3512 108 20 maillons
1896 3512 28 20 de
1944 3513 24 19 la
1987 3510 84 22 chaîne
2091 3511 140 24 dynastique
2251 3515 38 20 qui

1765 3539 110 18 assurent
1891 3537 97 20 l'avenir
2004 3539 29 19 de
2048 3535 23 21 là
2086 3535 86 21 Patrie.

1952 3568 12 13 »
1984 3562 94 23 Colonel
2097 3560 192 21 DAUMERIE.»

1766 3587 83 20 l'autre
1866 3592 32 15 au
1913 3587 108 20 ministre
2039 3587 28 20 de
2085 3588 23 19 la
2123 3585 103 21 Défense
2242 3586 35 19 Na-

1767 3613 95 19 tionale:

1791 3643 13 14 <
1825 3638 32 19 Le
1879 3642 69 20 corps
1971 3637 40 21 des
2032 3638 106 19 officiers
2160 3636 41 20 des
2222 3636 58 19 chas-

1766 3668 67 15 seurs
1850 3663 127 21 ardennais
1994 3663 27 20 de
2037 3663 125 23 Bastogne,
2179 3661 47 20 féal
2243 3666 39 15 ser-

1765 3688 78 20 viteur
1865 3688 30 19 du
1907 3693 64 18 pays,
1993 3687 66 21 réuni
2080 3689 86 18 autour
2188 3687 27 19 de
2238 3688 51 19 leur

1766 3714 56 19 chef
1840 3713 28 20 de
1887 3718 75 19 corps,
1982 3712 15 21 à
2017 3713 123 20 l'occasion
2160 3712 28 20 de
2209 3716 28 15 sa
2256 3711 25 20 ré-

1767 3738 93 24 ception
1880 3743 82 15 assure
1983 3738 21 20 le
2025 3738 109 20 ministre
2155 3737 28 20 de
2203 3737 24 20 la
2246 3736 35 21 Dé-

1766 3764 67 20 fense
1845 3764 127 20 Nationale
1987 3764 27 20 de
2028 3769 27 14 sa
2068 3764 72 20 haute
2154 3762 136 20 conscience

1768 3789 28 20 do
1818 3789 52 20 leur
1890 3789 104 23 mission,
2018 3789 28 20 de
2068 3794 27 14 si
2118 3788 115 24 vigilance
2255 3792 27 14 ar-

1768 3814 76 23 dente,
1865 3814 28 20 de
1914 3819 43 15 son
1977 3814 175 20 enthousiasme
2172 3812 82 22 lucide,
2260 3836 7 6 ^
2276 3813 15 18 il

1764 3840 96 22 honore,
1877 3844 90 15 comme
1986 3839 137 20 fondement
2142 3838 29 20 de
2188 3836 101 25 l'armée,

1765 3865 33 20 les
1816 3865 53 23 plus
1887 3863 130 21 éclatantes
2035 3865 81 20 vertus
2133 3863 123 23 mlitaires,
2273 3863 16 19 il

1765 3890 65 20 salue
1845 3894 57 15 avec
1918 3888 101 21 émotion
2036 3894 29 15 en
2080 3890 52 19 leur
2146 3888 108 20 ministre
2270 3888 19 19 si

1767 3915 98 19 attentif
1882 3919 47 15 aux
1946 3913 127 21 nécessités
2091 3915 28 19 de
2136 3914 87 19 l'heure
2241 3912 43 25 pré

1767 3940 73 23 sente,
1857 3940 20 19 le
1894 3939 142 21 rénovateur
2051 3940 29 20 de
2098 3938 99 21 l'armée.

1950 3977 14 14 »
1984 3971 94 20 Colonel
2096 3969 193 21 DAUMERIE.»

1789 4005 32 20 Le
1841 4004 53 22 soir,
1912 4004 34 21 les
1965 4004 106 19 ofilciers
2089 4003 95 20 avaient
2202 4002 45 19 fait
2265 4002 23 20 la

1766 4030 103 23 surprise
1882 4034 31 14 au
1924 4029 90 20 colonel
2022 4028 37 20 del
2066 4028 92 20 'Inviter
2167 4033 13 14 o
2193 4032 32 15 un
2236 4027 46 19 ban-

1764 4056 56 22 quet
1838 4054 15 20 à
1872 4053 80 21 l'hôtel
1970 4054 101 20 Lebrun.
2091 4053 32 20 Ils
2143 4052 95 20 avaient
2258 4057 29 15 eu

1767 4080 23 19 la
1811 4079 137 20 délicatesse
1970 4079 116 20 attention
2109 4079 28 19 de
2161 4078 93 19 convier
2276 4077 14 20 à

1764 4105 62 20 cette
1846 4104 159 24 réjouissance
2025 4104 63 20 Mme
2109 4104 24 19 et
2152 4103 54 20 Mlle
2226 4103 53 19 Dau-

1764 4131 79 22 merie,
1860 4130 61 19 ainsi
1937 4134 45 19 que
2000 4129 21 20 le
2037 4125 162 28 bourgmestre
2218 4128 24 20 et
2260 4132 25 16 sa

1763 4155 94 20 femme.

1791 4181 38 19 Au
1850 4179 153 25 Champagne,
2026 4179 68 24 après
2117 4178 67 20 avoir
2205 4178 31 19 bu
2259 4182 30 15 au

1767 4205 45 20 Roi
1827 4206 24 20 et
1866 4205 16 19 à
1897 4206 23 18 la
1935 4205 99 19 Famille
2051 4203 95 25 Royale,
2164 4204 21 19 le
2200 4204 89 19 colonel

1766 4231 126 19 Daumerie
1916 4231 26 19 et
1962 4230 21 20 le
2006 4229 162 25 bourgmestre
2191 4233 89 19 pronon-

1763 4255 81 21 cèrent
1861 4255 93 21 chacun
1972 4259 32 15 un
2024 4254 104 20 discours
2147 4254 39 23 qui
2207 4254 78 19 furent

1767 4281 28 20 de
1814 4280 126 20 véritables
1958 4279 144 24 professions
2122 4279 28 20 de
2170 4279 40 22 foi,
2230 4279 51 20 d'en-

1763 4306 145 20 thousiasme
1929 4305 149 27 patriotique,.

1790 4331 52 23 Peu.
1856 4331 28 21 de
1900 4331 77 27 temps
1992 4334 31 16 au
2025 4326 56 27 patii
2083 4333 46 16 van
2131 4329 11 20 t
2157 4328 58 21 était
2231 4329 48 20 arri-

1759 4355 47 26 vée
1816 4356 30 25 la.
1852 4353 98 26 réponse
1949 4358 4 4 -
1963 4355 30 19 du
2005 4354 94 20 mlnltre
2112 4350 28 25 de
2152 4354 23 19 la
2185 4353 103 21 Défense

1762 4381 132 20 Nationale.

1841 4411 12 14 «
1872 4405 94 20 Colonel
1985 4405 132 22 Daumerie,

1788 4437 12 12 »
1814 4430 29 20 Je
1857 4435 57 15 vous
1929 4429 87 21 félicite
2032 4430 40 20 des
2087 4430 140 20 sentiments
2242 4429 34 20 éle-

1764 4455 40 20 vés
1817 4455 116 25 exprimés
1944 4460 46 21 par
2000 4459 64 16 voua-
2070 4460 31 14 au
2114 4460 54 14 nom
2182 4455 27 20 de
2223 4455 65 19 votre

1762 4486 69 18 corps
1846 4480 128 21 d'officiers
1989 4481 24 19 et
2027 4480 48 21 suis
2089 4480 104 20 heureux
2208 4480 29 19 de
2251 4485 26 14 sa-

1764 4506 50 20 voir
1827 4510 45 19 que
1887 4506 21 20 le
1922 4509 58 20 pays
1995 4506 56 23 peut
2063 4505 107 23 compter
2183 4509 42 17 sur
2237 4506 51 19 leur

1764 4531 33 19 foi
1814 4530 160 22 enthousiaste
1991 4530 24 21 et
2029 4530 52 20 leur
2096 4530 115 23 vigilance
2229 4530 59 19 dans

1763 4556 24 20 la
1802 4554 67 21 noble
1886 4555 98 20 mission
2002 4553 106 25 qUi'^teMr
2125 4555 47 24 est,
2175 4554 99 20 confiée.

1835 4585 12 14 »
1868 4579 108 22 Ministre
1997 4579 104 21 Défense
2121 4579 133 20 ITatlOhale.
2275 4586 12 13 »

2407 1607 58 23 Mlle
2487 1607 140 24 Madeleine
2649 1607 90 23 Barrés

2624 1641 80 17 (Photo
2720 1640 90 19 Alban.)

2305 1677 77 24 judice
2401 1678 27 19 de
2448 1676 110 20 l'activité
2576 1677 54 23 qu'il
2647 1682 14 13 a
2678 1676 109 23 déployée
2805 1680 31 14 au

2307 1706 91 19 service
2422 1706 31 18 du
2479 1705 135 23 répertoire.
2639 1705 19 18 U
2683 1709 69 18 passe
2778 1709 57 14 avec

2305 1738 77 15 arnica
2409 1735 23 17 et
2458 1733 103 23 bagages
2588 1737 48 14 aux
2660 1732 112 19 Galeries.
2798 1733 37 18 On

2306 1762 46 19 sait
2369 1762 54 22 qu'il
2441 1766 15 14 a
2472 1760 36 20 été
2526 1765 59 19 pour
2600 1761 120 23 beaucoup
2738 1761 59 19 dans
2815 1761 21 18 le

2307 1790 80 23 regain
2405 1790 27 18 de
2450 1790 85 18 faveur
2554 1789 57 20 dont
2628 1790 20 19 le
2668 1788 93 21 théâtre
2779 1789 48 19 clas-

2305 1820 66 22 sique
2398 1817 115 21 bénéficie
2542 1818 167 19 actuellement
2735 1817 16 20 à
2777 1817 50 20 Bru-

2304 1847 79 19 xelles.

2332 1882 19 19 Il
2369 1882 36 19 est
2422 1882 59 19 donc
2497 1882 93 20 naturel
2609 1886 45 19 que
2671 1886 59 15 nous
2749 1882 31 18 lui
2799 1881 27 20 de-

2306 1910 124 20 mandions
2445 1910 34 19 s'il
2496 1915 25 14 se
2537 1914 98 19 propose
2655 1910 28 18 de
2700 1908 136 26 persévérer

2305 1943 47 14 aux
2371 1938 105 19 Galeries
2498 1938 58 19 dans
2577 1938 23 19 la
2621 1938 50 19 voie
2692 1937 29 20 où
2743 1938 15 18 il
2780 1937 56 20 s'est

2306 1965 96 25 engagé.

2332 2011 27 5 —
2374 2002 29 18 Je
2421 2003 92 21 compte
2530 2006 29 14 en
2580 2002 68 22 effet,
2664 2006 59 14 nous
2740 2000 98 24 répond-

2305 2027 22 21 il,
2345 2027 91 19 donner
2454 2031 46 15 une
2519 2027 60 18 série
2598 2027 29 18 de
2645 2026 116 20 matinées
2778 2027 49 18 clas-

2310 2053 79 23 siques
2401 2054 24 17 ct
2437 2053 127 19 littéraires
2577 2053 39 22 qui
2628 2053 135 19 rentreront
2777 2052 59 19 dans

2307 2077 21 19 le
2350 2077 70 18 cadre
2441 2077 29 18 de
2489 2081 51 14 mes
2559 2077 195 23 préoccupations
2774 2077 54 18 habi-

2307 2102 89 19 tuelles.
2413 2102 64 18 Elles
2496 2107 25 14 se
2539 2102 173 23 distingueront
2729 2102 41 19 des
2786 2102 42 23 pré-

2306 2127 110 19 cédentes
2435 2131 44 19 par
2498 2132 45 14 une
2564 2127 52 23 plus
2636 2127 91 23 grande
2747 2127 90 19 v-iriété

2307 2153 60 18 dans
2383 2153 21 18 le
2421 2153 69 18 choix
2509 2153 41 18 des
2567 2153 50 22 pic-:
2620 2157 30 14 ■"■>'.
2666 2152 46 20 J'ai
2730 2153 107 18 constaté

2307 2182 29 14 en
2356 2178 59 22 effet
2435 2178 55 22 qu'il
2509 2179 35 18 est
2564 2178 99 22 difficile
2685 2177 28 20 de
2731 2178 107 19 soutenir

2306 2203 101 19 l'intérêt
2434 2208 29 13 en
2489 2204 77 17 visant
2596 2203 106 22 toujours
2726 2207 31 15 au
2784 2204 53 22 plus

2307 2228 64 19 haut.
2386 2228 66 19 Nous
2466 2232 74 14 avons
2556 2230 56 17 tenu
2626 2230 93 20 compte
2734 2228 41 19 des
2790 2229 47 18 exi-

2296 2250 4 20 I
2308 2257 86 18 genres
2423 2253 117 23 légitimes
2571 2253 32 18 du
2633 2253 78 23 public
2739 2258 43 15 sur
2811 2258 27 14 ce

2296 2272 4 34 [
2308 2278 73 23 point,
2402 2279 31 22 et,
2452 2278 109 23 puisqu'il
2581 2283 28 14 en
2629 2279 54 22 faut
2703 2284 60 18 pour
2783 2280 53 18 tous

2307 2303 32 19 l:s
2351 2304 77 22 goûts,
2440 2308 60 15 nous
2512 2307 74 16 avons
2598 2304 67 23 puisé
2676 2309 32 14 un
2720 2308 44 20 peu
2776 2304 59 19 dans

2307 2329 53 18 tous
2376 2329 33 19 les
2424 2333 91 18 genres.
2531 2329 60 19 C'est
2607 2329 61 19 ainsi
2683 2330 68 22 qu'au
2767 2334 69 14 cours

2307 2353 27 19 dr.
2354 2354 23 18 la
2393 2355 80 18 saison
2491 2353 135 24 prochaine,
2641 2354 23 22 je
2681 2355 117 18 monterai
2815 2356 21 19 le

2307 2377 107 20 Médecin
2440 2378 90 24 malgré
2558 2379 39 21 lui,
2624 2380 39 22 qui
2689 2380 109 22 fournira
2822 2380 15 18 à

2308 2403 105 20 Darman
2435 2404 123 19 l'occasion
2580 2405 68 19 d'une
2672 2405 93 18 rentrée
2786 2409 42 14 sen-

2312 2430 139 18 sationnelle
2468 2429 60 20 dans
2544 2430 21 19 le
2581 2430 48 19 rôle
2645 2430 28 19 de
2689 2430 148 23 Saanarelle;

2306 2453 92 23 Cyrano
2417 2454 28 18 de
2463 2454 128 23 Bergerac;
2612 2455 21 18 le
2651 2455 138 18 Testament
2809 2455 28 19 de

2306 2478 73 20 César
2395 2479 121 22 Giraudot,
2536 2483 46 17 une
2598 2480 64 23 pièce
2679 2480 99 19 d'Emile
2795 2481 43 17 Fa-

2308 2504 40 18 bre
2372 2505 39 22 qui
2435 2505 36 17 est
2494 2505 91 19 tombée
2611 2505 60 19 dans
2693 2510 33 13 un
2748 2505 89 24 Injuste

2312 2530 75 21 oubli;
2405 2531 21 18 le
2445 2530 111 19 Carrosse
2574 2530 31 19 du
2623 2530 120 20 Saint-Sac
2746 2535 48 15 rem
2797 2532 42 18 en*

2307 2554 29 18 de
2356 2555 103 22 Prosper
2478 2555 124 22 Mérimée;
2621 2555 91 22 Knock,
2733 2556 21 18 le
2775 2556 64 22 chef-

2306 2578 102 20 d'œuvre
2421 2580 28 18 de
2462 2580 67 19 Jules
2543 2581 121 22 Romains,
2680 2581 39 22 qui
2733 2581 38 18 n'a
2785 2581 53 23 plus

2307 2605 37 18 été
2361 2605 55 22 joué
2436 2605 15 18 à
2468 2605 122 20 Bruxelles
2609 2606 82 22 depuis
2712 2606 51 18 huit
2782 2610 55 20 ans;

2307 2629 19 19 Il
2346 2634 30 14 ne
2396 2630 54 20 faut
2470 2630 66 23 jurer
2556 2631 28 19 de
2605 2631 58 21 rien,
2684 2631 104 22 d'Alfred
2809 2631 29 18 de

2313 2654 106 24 Musset;
2435 2656 25 19 et
2476 2655 112 24 Martine,
2605 2655 29 20 de
2650 2655 56 21 J.-J.
2720 2655 116 21 Bernard.

2305 2680 29 18 Je
2353 2684 74 19 songe
2447 2681 132 22 également
2597 2686 14 14 a,
2631 2685 47 15 une
2699 2682 89 22 reprise
2809 2682 28 18 de

2306 2705 87 22 Patrie,
2411 2706 29 19 de
2460 2706 120 20 Victorien
2598 2706 98 21 Sardou.

2333 2746 17 7 —
2349 2746 13 7 -
2384 2737 71 23 Quels
2480 2738 82 19 seront
2583 2738 35 20 les
2641 2737 114 21 éléments
2781 2738 58 20 dont

2307 2770 58 15 vous
2399 2766 132 23 disposerez
2564 2771 60 19 pour
2656 2766 122 24 présenter
2811 2772 27 14 ce

2307 2799 71 14 menu
2396 2795 144 23 composite?

2332 2839 28 5 —
2377 2829 77 19 L'idée
2472 2829 29 19 de
2520 2829 31 20 M.
2570 2829 89 19 Lucien
2677 2830 101 22 Fonson,
2798 2830 40 23 qui

2307 2852 118 19 d'ailleurs
2444 2854 126 18 rencontre
2589 2854 22 18 la
2632 2854 102 24 mienne,
2752 2855 37 18 est
2809 2854 29 19 de

2315 2875 161 19 reconstituer
2495 2881 32 14 au
2547 2876 103 20 Théâtre
2667 2877 43 20 des
2730 2877 107 20 Galeries

2306 2904 47 13 vne
2383 2901 84 21 troupe
2497 2903 154 19 permanente
2681 2902 98 22 capable
2810 2903 28 17 de

2307 2923 61 22 faire
2385 2924 54 21 face
2456 2928 46 14 aux
2521 2925 123 22 exigences
2660 2925 31 19 du
2710 2926 128 22 répertoire

2307 2946 116 23 classique
2453 2948 23 18 et
2504 2948 32 18 du
2563 2949 129 22 répertoire
2720 2950 118 19 ■moderne.

2309 2971 62 19 C'est
2389 2971 29 24 là,
2435 2972 16 18 à
2468 2973 68 19 notre
2553 2973 58 23 avis,
2628 2973 23 19 la
2669 2973 120 19 condition
2807 2974 24 18 in-

2307 2995 148 23 dispensable
2477 2996 32 19 du
2532 2997 44 19 bon
2598 2997 91 19 travail.
2711 2998 33 19 Le
2765 2997 64 25 systè-

2308 3023 38 16 me
2365 3020 42 18 des
2422 3020 114 24 vedettes,
2555 3022 32 19 tel
2605 3022 54 22 qu'il
2678 3023 37 18 est
2731 3023 109 23 pratiqué

2308 3044 151 22 aujourd'hui
2487 3046 57 17 chez
2573 3050 67 19 nous,
2670 3047 109 22 présente
2810 3047 29 19 de

2308 3073 85 18 graves
2425 3069 179 21 inconvénients
2636 3071 114 23 auxquels
2781 3075 60 15 nous

2011 4602 49 25 HN

1761 4635 64 45 Fris
1844 4635 73 45 dans
1931 4645 56 35 une
2002 4636 123 53 tempête
2139 4634 36 44 de
2195 4633 92 52 neige,

1760 4702 37 34 un
1812 4692 84 44 avion
1918 4693 100 49 capote
2033 4691 72 44 dans
2118 4691 43 44 les
2177 4690 110 53 Tapes

1840 4766 38 19 (De
1891 4768 47 16 notre
1951 4768 131 19 roruipondant
2096 4764 114 25 tarticutlar),

1989 4804 5 5 .
2008 4805 4 3 .
2030 4787 116 23 Verviers,
2164 4787 25 20 16
2206 4786 55 21 mal.

1784 4812 37 20 Un
1846 4812 69 20 avion
1947 4812 158 24 appartenant
2131 4812 15 20 à
2170 4817 30 15 un
2226 4812 57 19 Allrc

1761 4837 77 22 mand,
1863 4837 31 20 M.
1916 4837 147 24 Eyeensteln,
2086 4837 28 22 de
2135 4837 153 23 Nuremberg,

1761 4861 71 24 piloté
1854 4865 42 17 oar
1918 4865 42 16 son
1981 4861 154 25 propriétaire
2156 4863 24 18 ot
2200 4866 87 16 venant

1758 4888 28 19 de
1800 4887 62 21 cette
1877 4885 106 22 dernière
1997 4886 60 24 ville,
2071 4892 25 16 se
2111 4886 110 24 dirigeait
2233 4890 54 16 vers

1761 4911 127 21 Bruxelles.
1909 4911 20 19 "1
1952 4911 79 20 venait
2053 4912 28 21 de
2104 4912 106 21 survoler
2232 4912 39 20 Ma
2280 4921 6 4 -

1761 4935 70 27 médy
1855 4937 24 20 et
1904 4941 26 16 se
1955 4935 104 21 trouvait
2091 4936 123 20 uu-desaus
2246 4936 40 21 des

1761 4960 107 21 contrées
1889 4960 104 21 désertes
2013 4961 27 21 de
2062 4962 22 21 la
2103 4962 86 23 Fagni,
2209 4961 78 24 quand

1761 4986 118 26 l'appareil
1903 4986 36 20 fut
1963 4985 49 25 pris
2036 4986 58 20 dans
2118 4991 45 15 une
2187 4986 96 21 violenu

1759 5011 103 25 tempête
1881 5012 29 21 de
1927 5011 68 24 neige
2016 5011 23 20 et
2057 5012 29 19 de
2105 5011 68 24 pluie.

1784 5036 126 25 Incapable
1930 5035 28 21 de
1976 5036 137 25 poursuivre
2129 5042 27 14 sa
2185 5038 61 21 oute,
2264 5038 21 19 le

1760 5062 71 24 pilote
1848 5061 83 21 décida
1950 5061 124 21 d'atterrir.
2093 5061 61 21 Mais
2172 5066 30 15 au
2220 5065 68 16 coura

1762 5088 26 19 de
1805 5088 23 21 la
1845 5090 142 18 manœuvre,
2005 5085 58 25 gé»:é
2081 5091 44 20 par
2142 5086 20 21 le
2181 5087 55 19 v^nt
2252 5087 25 20 fu-

1762 5112 72 22 rieux,
1859 5110 85 22 l'avion
1970 5111 115 21 accrocha
2110 5116 32 16 un
2168 5112 69 19 arbre
2263 5114 23 19 et

1760 5137 91 24 capota.

1787 5161 49 20 Pur
1858 5166 45 15 une
1929 5161 88 20 chance
2044 5161 193 23 extraordinaire,
2263 5162 19 19 K

1759 5187 72 24 pilote
1854 5187 23 20 et
1900 5191 31 15 un
1953 5187 47 19 ami
2024 5188 40 21 qui
2087 5186 201 24 l'acc:mpagnalt,

1761 5213 30 21 M.
1813 5212 91 22 Robert
1924 5212 132 22 Con.'.taete,
2079 5211 171 21 foncMcnnalro
2272 5209 15 22 à

1761 5236 127 24 Bruxelles,
1918 5242 20 16 .e
1962 5238 54 19 sont
2040 5235 101 25 dégagés
2173 5236 65 22 sains
2265 5236 20 20 M

1760 5261 68 21 saufs
1850 5262 40 20 des
1912 5261 77 21 débris
2010 5261 28 21 de
2058 5261 91 21 l'avion.

1764 5305 13 10 -
1786 5303 11 14 »
1804 5302 22 15 m-
1823 5303 13 14 a
1843 5303 130 13 ••*)•••*
1980 5303 52 12 ■»■■»■»
2039 5302 246 14 »•♦>•»•••■>•»<

1761 5323 51 21 Idée
1823 5324 28 20 do
1863 5327 137 17 manœuvre
2013 5327 62 20 «par
2085 5324 24 19 la
2122 5321 75 21 drolto
2206 5328 11 14 »
2229 5321 58 21 était

1761 5348 134 21 combattue
1907 5347 16 22 à
1937 5347 56 22 fond
2007 5353 44 19 par
2063 5347 23 22 la
2100 5348 94 23 plupart
2208 5347 27 20 do
2249 5350 38 18 ses

1761 5373 179 21 commandants
1962 5370 102 22 d'armé.;
2087 5370 23 22 et
2131 5372 93 21 surtout
2245 5376 44 20 par

1760 5404 42 15 son
1819 5399 56 20 chef
1890 5397 167 25 d'Stat-major:
2077 5398 21 20 le
2116 5395 94 26 général
2230 5397 58 20 Roz-

1761 5423 139 25 wadowsky.

1789 5447 194 22 Heureusement.
2008 5449 21 22 }e
2055 5447 125 23 maréchal,
2206 5452 29 15 en
2259 5451 29 15 en

1759 5473 82 21 double
1861 5472 89 26 qualité
1971 5473 29 20 de
2020 5472 175 25 généralissime
2215 5474 24 18 et
2259 5472 28 20 de

1761 5499 54 21 chef
1830 5498 88 24 d'Etat,
1934 5498 42 25 put
1993 5498 102 24 imposer
2110 5502 28 16 sa
2153 5497 94 22 volonté
2264 5497 24 20 et

1760 5524 76 21 briser
1856 5523 79 22 toutes
1954 5524 35 21 les
2010 5522 147 23 r&tâtanceâ.
2179 5522 62 20 C'est
2260 5526 28 16 ce

1761 5549 40 24 qui
1820 5554 73 16 sauva
1914 5549 24 21 la
1956 5548 112 24 Pciogno;
2090 5553 57 16 avec
2167 5554 31 16 un
2220 5547 68 21 autre

1761 5574 87 26 régime
1867 5574 112 26 politique
1998 5574 44 21 elle
2060 5574 58 22 était
2136 5573 94 27 perdue.

2437 3815 32 23 M.
2488 3815 102 24 Charles
2609 3813 102 24 Gontier

2310 3870 74 14 avons
2402 3866 45 18 hon
2464 3866 78 23 espoir
2558 3865 28 20 de
2601 3863 115 20 remédier
2731 3863 29 19 de
2776 3864 62 17 cette

2309 3891 106 18 manière
2442 3895 57 14 sans
2526 3889 111 24 pourtant
2664 3892 114 14 renoncer
2806 3891 33 15 au.

2310 3918 115 16 concours
2445 3915 41 19 des
2508 3913 131 20 comédiens
2657 3914 24 18 ct
2703 3913 41 18 des
2763 3912 66 19 comé-

2313 3939 98 18 diennes
2434 3943 31 14 en
2486 3943 53 18 vue,
2560 3937 61 20 seids
2644 3935 110 25 qualifiés
2776 3941 60 18 pour

2310 3964 105 18 certains
2429 3963 69 19 râles.

2336 3988 31 18 M.
2385 3988 88 19 Lucien
2491 3988 94 18 Fonson
2601 3991 15 14 a
2634 3986 88 23 prouvé
2742 3990 29 15 en
2789 3985 50 24 plu^

2309 4012 77 19 sieurs
2420 4012 180 22 circonstances,
2633 4012 24 18 et
2690 4010 149 19 notamment

2310 4036 60 19 dans
2398 4036 22 19 le
2448 4036 86 20 travail
2563 4036 160 23 préparatoire
2755 4034 29 20 de
2816 4034 23 20 la

2308 4060 106 22 Passion,
2430 4061 56 23 qu'il
2501 4060 97 24 possède
2615 4060 33 19 les
2665 4058 100 25 qualités
2782 4059 55 20 d'un

2309 4085 114 19 excellent
2439 4085 103 19 metteur
2558 4089 29 15 en
2602 4085 77 19 scène.
2699 4084 19 19 Il
2735 4089 32 14 va
2783 4088 45 19 pou-

2310 4109 51 19 voir
2386 4110 91 18 donner
2502 4114 28 15 sa
2555 4113 92 15 înesure
2674 4109 24 18 et
2725 4108 23 24 je
2775 4109 63 18 serai

2310 4134 104 18 heureux
2429 4134 29 19 de
2473 4134 21 19 lo
2508 4133 119 20 seconder.

2332 4159 90 18 Autant
2437 4163 44 18 que
2495 4158 107 23 possible,
2615 4162 59 15 nous
2689 4162 146 19 engagerons

2312 4182 41 19 des
2359 4183 5 4 '
2378 4183 96 19 artistes
2498 4182 85 24 belges,
2605 4183 40 23 qui
2668 4182 171 20 constitueront

2308 4208 21 19 le
2346 4212 77 19 noyau
2441 4208 28 18 de
2486 4208 23 19 la
2526 4210 88 19 troupe.
2629 4207 46 19 J'ai
2692 4207 145 20 iînmédiate-

2312 4234 64 17 ment
2397 4232 73 23 songé
2492 4232 16 19 A
2530 4231 131 19 Madeleine
2683 4231 88 19 Barrèa
2793 4231 47 24 qui,

2309 4257 70 23 après
2404 4256 29 20 de
2460 4257 75 18 beaux
2559 4256 62 20 états
2644 4256 29 19 de
2696 4256 89 19 service
2807 4260 32 15 au

2311 4282 100 18 Théâtre
2436 4280 32 19 du
2493 4282 69 22 Parc,
2586 4285 16 14 a
2630 4281 36 18 été
2693 4281 104 23 engagée
2822 4281 16 18 à

2309 4305 96 19 l'Odéon
2425 4306 30 19 oit
2476 4305 43 20 elle
2541 4311 15 14 a
2579 4305 158 20 brillamment
2756 4305 82 20 réussi.

2308 4330 52 19 Elle
2391 4330 101 23 tie7idra,
2524 4330 59 19 dans
2615 4330 68 20 notre
2714 4330 125 23 phaonge,

2312 4354 102 23 l'emploi
2436 4354 29 19 do
2488 4354 70 23 jeune
2582 4354 115 23 première
2722 4354 117 24 classique

2309 4379 40 23 qui
2367 4380 36 18 est
2423 4379 21 18 le
2462 4379 58 19 sien.
2539 4379 20 19 A
2580 4384 38 14 ses
2637 4378 64 21 côtés
2720 4383 32 15 on
2769 4383 69 15 verra

2307 4404 56 18 Max
2382 4404 107 22 Hermès,
2511 4404 40 22 qui
2571 4403 57 20 s'est
2648 4403 189 23 précédemment

2309 4428 118 23 distingué
2447 4432 32 14 au
2499 4428 117 22 Gymnase
2635 4428 29 19 de
2684 4427 78 24 Liège,
2780 4428 60 19 Dar-

2308 4457 59 16 mor,
2386 4457 33 14 un
2438 4452 120 19 comédien
2579 4452 112 23 éprouvé;
2709 4454 24 18 et
2752 4453 77 19 Mauri-

2309 4482 26 13 ce
2352 4476 93 22 Gillain,
2461 4478 39 21 qui
2518 4482 16 13 a
2550 4477 93 19 montré
2659 4476 59 20 dans
2734 4477 46 19 Dix
2796 4477 33 19 mi-

2310 4500 69 20 nutes
2403 4500 56 20 alibi
2485 4501 69 24 qu'on
2578 4501 97 24 pouvait
2699 4501 75 20 tabler
2796 4506 42 15 sur

2308 4525 39 20 lui.

2332 4550 30 18 Je
2380 4550 110 19 continue
2507 4554 50 15 vies
2575 4550 150 24 pourparlers
2743 4552 23 18 et
2785 4550 53 20 d'ici

2308 4577 46 21 peu
2374 4573 86 25 j'aurai
2478 4574 114 24 complété
2612 4578 50 16 mes
2681 4575 112 23 effectifs.

2331 4595 3 16 '■
2333 4607 26 4 —
2377 4597 71 24 Quels
2468 4599 54 19 sont
2540 4598 34 21 les
2592 4599 103 19 renforts
2713 4598 123 25 étrangers

2308 4627 113 23 auxquels
2438 4631 57 16 vous
2513 4627 64 20 ferez
2595 4627 84 24 appel?

2334 4665 28 4 —
2379 4656 36 19 De
2433 4660 26 15 ce
2478 4656 60 23 côté,
2555 4660 60 15 nous
2633 4660 103 15 sommes
2754 4661 85 15 encore

2317 4678 60 21 dans
2395 4679 173 25 l'expectative,
2583 4681 24 20 et
2623 4679 61 22 dans
2701 4685 40 16 ces
2758 4680 69 21 condi-

2316 4703 63 22 tions
2392 4705 25 24 je
2430 4704 95 26 préfère
2539 4710 30 16 ne
2584 4709 44 21 pas
2640 4704 63 22 citer
2714 4705 31 21 de
2759 4710 76 16 noms.

2316 4729 39 20 Au
2365 4729 105 25 surplus,
2481 4730 24 24 je
2516 4734 59 17 vous
2587 4730 39 23 l'ai
2637 4730 43 26 dit,
2691 4730 104 22 l'intérêt
2807 4730 29 22 de

2306 4757 68 19 notre
2396 4756 114 21 tentative
2530 4761 30 15 ne
2580 4757 67 23 porto
2668 4761 44 20 pas
2732 4761 42 15 sur
2797 4762 39 15 ces

2308 4782 168 22 engagements
2492 4781 180 24 exceptionnels.
2688 4782 21 20 Il
2725 4782 36 19 est
2777 4781 60 20 dans

2306 4805 22 19 la
2350 4807 81 18 retour
2451 4807 16 18 A
2489 4810 46 15 une
2560 4805 113 21 tradition
2695 4806 39 24 qui
2756 4806 79 20 s'était

2307 4830 229 20 malhaureusement
2564 4830 94 24 perdue.
2685 4831 74 19 Notre
2790 4831 48 23 but,

2307 4856 24 18 et
2346 4854 57 20 c'est
2418 4855 116 20 lA-dessus
2553 4860 44 18 que
2613 4860 59 16 nous
2689 4856 97 21 vpulons
2802 4857 26 18 at-

2308 4879 58 20 tirer
2387 4880 141 23 l'attention,
2549 4881 37 18 est
2608 4880 29 19 de
2659 4881 122 23 présenter
2803 4886 32 14 au

2307 4904 78 24 publia
2403 4904 41 20 des
2463 4904 129 23 spectacles
2610 4905 93 23 soignés
2724 4905 60 19 dans
2804 4906 33 19 les

2307 4929 118 20 moindres
2442 4929 91 24 détails,
2549 4930 39 23 qui
2607 4930 145 23 témoignent
2768 4929 69 21 d'une

2306 4954 109 19 cohésion
2434 4954 103 24 parfaite
2555 4954 59 21 dans
2634 4954 201 23 l'interprétation.

2331 4988 27 4 —
2373 4978 72 20 Votre
2464 4977 96 22 activité
2575 4977 137 22 s'étendrait
2729 4978 59 21 donc
2806 4984 29 15 en

2314 5007 84 20 dehors
2412 5008 30 19 du
2456 5008 107 20 domaine
2577 5006 30 21 où
2620 5008 65 20 votre
2699 5008 138 24 compagnie

2305 5034 78 21 s'était
2403 5035 131 20 cantonnée
2552 5035 123 25 jusqu'Ici?

2329 5074 28 5 —
2379 5065 62 19 C'est
2463 5069 30 16 cn
2515 5065 60 23 effet
2597 5064 132 21 l'intention
2751 5065 29 19 de
2802 5065 31 19 M.

2305 5089 88 21 Lucien
2411 5089 93 20 Fonson
2522 5089 39 24 qui
2577 5094 25 14 se
2622 5093 98 21 propose
2737 5089 30 20 de
2784 5093 41 21 pro-

2305 5114 66 20 duire
2387 5115 61 18 cette
2465 5115 82 22 troupe
2564 5114 152 24 permanente
2732 5114 59 20 dans
2809 5118 26 15 ce

2307 5142 43 20 que
2365 5138 46 20 Von
2425 5139 106 23 pourrait
2545 5139 95 23 appelor
2657 5138 33 19 les
2705 5138 131 24 spectacles

2306 5163 30 20 de
2352 5163 66 20 série.

2333 5194 31 20 Ce
2377 5195 59 20 n'est
2451 5200 43 19 pas
2509 5195 56 20 tout.
2582 5196 36 18 En
2633 5194 85 20 dehors
2732 5195 42 19 des
2787 5198 39 15 ma-

2313 5220 74 21 tinées
2408 5220 128 25 classiques
2557 5221 23 19 et
2601 5220 127 20 littéraires
2748 5221 25 19 et
2778 5229 4 4 ■
2794 5220 41 19 des

2306 5245 77 24 pièces
2403 5245 61 19 dites
2486 5246 132 22 courantes,
2637 5248 45 20 que
2702 5249 60 16 nous
2784 5248 42 20 pro-

2305 5269 125 20 mènerons
2458 5269 131 23 également
2617 5274 29 15 en
2673 5270 111 22 province
2811 5270 24 18 et

2305 5293 60 21 dans
2381 5295 21 19 lo
2418 5294 65 20 Nord
2498 5294 29 20 de
2543 5293 24 21 îa
2583 5294 98 23 France,
2697 5294 21 19 lo
2734 5293 101 20 Théâtre

2305 5318 41 21 des
2374 5318 105 21 Galeries
2506 5319 145 23 organisera,
2679 5323 59 15 aveo
2766 5318 68 20 notre

2306 5348 121 18 concours,
2437 5348 33 16 un
2485 5343 64 24 cycle
2562 5343 28 21 de
2602 5342 153 24 conférences
2770 5344 57 23 agré-

2305 5368 106 20 mentées
2431 5368 29 20 de
2480 5369 138 19 récitations
2639 5368 28 19 de
2688 5368 102 24 poèmes,
2811 5369 24 18 et

2307 5393 39 24 qui
2363 5393 128 25 prêteront,
2507 5393 22 20 le
2547 5397 41 16 cas
2606 5392 106 26 échéant,
2728 5394 15 18 A
2761 5394 23 19 la
2800 5398 26 14 re-

2307 5425 160 23 présentation
2482 5425 28 20 de
2526 5426 78 23 pièces
2616 5430 29 15 en
2658 5429 33 15 un
2707 5425 53 19 acte
2773 5424 64 21 d'avr-

2307 5450 65 18 teurs
2389 5449 78 24 belges
2484 5453 29 15 ou
2528 5450 129 23 étrangers.

2332 5474 96 18 Comme
2453 5478 58 15 vous
2537 5475 20 19 le
2582 5477 78 21 voyez,
2684 5474 94 21 conclut
2803 5474 31 20 M.

2306 5498 97 21 Charles
2423 5498 104 22 Gontier.
2550 5502 60 16 r.ous
2632 5503 73 15 avons
2726 5498 32 21 du
2779 5492 56 30 pain

2306 5527 41 15 sjtr
2365 5524 23 19 la
2405 5523 53 24 plan
2470 5523 14 22 V
2492 5528 18 15 ".
2528 5524 46 19 J'ai
2592 5523 44 20 bon
2656 5523 77 24 espoir
2751 5528 44 19 quo
2813 5523 21 20 le

2304 5548 78 24 public
2396 5552 59 16 nous
2469 5547 81 21 aidera
2563 5548 15 19 à
2592 5549 21 19 le
2630 5548 90 19 débiter
2733 5548 44 24 par
2789 5553 45 15 son

2306 5571 114 24 assiduité
2443 5574 23 19 et
2489 5577 45 22 par
2557 5575 39 18 ses
2618 5574 214 24 enoourugements,

2900 300 277 185 SPA

2886 543 100 61 Les
3020 542 336 74 Expositions

2885 669 28 20 I.a
2928 668 57 23 Mine
2998 666 109 23 Souriante
3120 675 72 18 expose
3205 677 12 13 ;i
3231 670 18 20 la
3264 669 80 21 Galerie
3356 669 25 20 de

2858 697 18 20 la
2890 696 76 21 Toison
2981 697 57 21 d'Or.
3049 697 47 23 Oui,
3109 697 14 21 il
3136 703 13 17 y
3160 703 13 14 a
3186 704 72 15 encore
3272 699 35 19 des
3321 701 58 21 types

2859 725 41 24 qui,
2916 725 75 23 malgré
3009 726 18 19 la
3044 725 88 20 trL.te.-se
3147 724 25 21 de
3187 725 82 23 l'heure,
3283 729 97 17 trouvent

2858 759 72 15 encore
2947 753 18 20 le
2981 758 87 19 courage
3086 752 25 21 de
3129 751 78 24 rigoler.
3224 753 32 20 M,
3272 753 65 21 Henri
3355 754 25 20 de

2858 781 87 20 ilornier
2961 781 58 21 avait
3037 781 67 20 raison
3121 780 25 22 de
3164 780 17 21 K*
3199 781 113 22 proclamer
3329 782 52 20 dans

2858 815 37 14 son
2913 809 121 20 immortel'c
3051 807 50 22 FSle
3119 808 25 20 de
3161 807 83 20 Roland
3255 814 8 13 :
3282 808 68 21 Gloire
3368 809 13 20 â

2858 843 21 15 ce
2897 843 52 18 pays
2965 836 35 23 qui
3019 842 25 15 en
3061 842 34 15 ces
3111 838 67 21 temps
3195 836 25 20 de
3238 836 63 21 honte
3317 840 21 17 ct
3355 837 26 20 de

2858 864 72 20 mUérc

2885 891 81 22 Trouve
2984 897 62 15 encor
3063 892 36 20 des
3115 892 84 20 loustics
3216 892 92 23 lorsqu'il
3325 895 29 17 fst

3216 917 119 24 [nécessaire
3347 919 7 20 !

2887 948 27 21 lis
2930 951 47 18 sont
2994 949 65 20 même
3076 947 40 21 très
3133 948 120 23 nombreux,
3269 953 40 15 une
3326 950 55 17 trer-

2859 977 60 20 taine.
2937 976 58 21 Tous
3013 982 51 15 avec
3082 976 29 20 du
3132 976 64 20 talent
3215 978 21 18 et
3255 975 25 21 de
3300 975 83 22 l'esprit.

2859 1004 68 25 Esprit
2944 1005 60 23 qu'ils
3019 1007 94 18 exercent
3131 1010 41 14 aux
3190 1004 77 23 dépens
3283 1003 37 21 d;S
3333 1003 38 21 ridi-

2859 1033 60 23 cules,
2935 1033 36 20 des
2988 1033 60 22 vices,
3065 1033 36 20 des
3118 1034 54 19 tares
3190 1032 46 23 plus
3251 1038 74 14 encore
3342 1037 40 17 que

2859 1061 35 20 des
2911 1067 117 18 personnes.
3044 1060 55 21 Mais
3115 1066 80 15 comme
3212 1066 26 14 on
3257 1063 50 20 peut
3324 1059 50 21 diffi-

2859 1088 100 24 cilement,
2976 1095 25 14 en
3019 1089 119 22 caricature,
3154 1088 103 21 dénoncer
3275 1094 39 14 une
3332 1091 51 19 tare,

2859 1123 28 14 un
2903 1117 50 22 vice,
2970 1122 28 15 un
3017 1116 83 21 ridicule
3116 1122 48 15 sans
3182 1116 18 20 le
3218 1118 74 19 mettre
3310 1121 34 16 sur
3362 1115 19 21 la

2860 1145 65 23 figure
2941 1145 26 20 de
2984 1144 119 24 quelqu'un,
3121 1145 13 20 il
3151 1144 67 21 arrive
3234 1150 40 17 que
3291 1143 41 21 l'on
3351 1149 21 15 re-

2860 1172 104 21 connais
2983 1178 36 17 pas
3038 1173 41 20 mal
3097 1172 25 20 de
3140 1171 173 25 contemporains.

2885 1201 38 19 Les
2943 1201 45 22 plus
3008 1200 90 21 notoires
3118 1207 24 14 cn
3164 1202 45 19 tout
3230 1199 87 23 premier
3336 1199 47 21 lieu.

2858 1227 68 22 Toute
2941 1229 19 20 la
2974 1229 88 22 séquelle
3079 1228 105 25 politique,
3200 1227 93 22 d'abord.
3308 1227 65 21 Minis-

2860 1259 46 20 tres,
2926 1256 93 23 d'iputéa,
3039 1256 120 22 conseillers.
3180 1256 52 20 Kien
3251 1256 13 20 à
3285 1255 51 21 dire.
3355 1255 28 20 Us

2858 1287 47 18 sont
2921 1284 62 24 payés
2999 1290 52 17 pour
3066 1284 48 21 cela.
3130 1284 48 21 Puis
3193 1284 37 21 des
3244 1283 88 23 artistes,
3347 1289 37 15 aes

2858 1315 91 20 avocats,
2965 1312 35 21 des
3017 1312 151 23 gensdelcttres,
3184 1312 35 21 des
3235 1312 93 20 hommes
3344 1318 28 14 no-

2859 1340 69 20 toires.
2942 1340 29 21 La
2986 1340 101 21 notoriété
3101 1347 21 14 se
3138 1340 45 21 naie
3190 1340 4 20 !

2885 1368 56 21 Ainsi
2959 1368 47 21 celle
3023 1369 25 20 de
3067 1368 31 20 M.
3115 1368 58 20 Max.
3190 1367 56 22 Ma's
3263 1368 18 20 le
3298 1374 73 18 sympa-

2859 1396 71 23 thique
2949 1397 140 23 bourgmestre
3107 1396 56 21 est-il
3181 1395 45 25 plus
3243 1396 81 20 notoire
3343 1401 40 19 que

2858 1423 85 25 Happy,
2960 1430 38 15 son
3017 1425 42 23 fox,
3077 1430 27 15 ou
3122 1426 63 19 est-ce
3204 1423 78 26 Happy
3299 1424 36 24 qui
3351 1426 31 18 est

2859 1452 45 24 plus
2917 1453 81 21 notoire
3013 1458 39 18 que
3065 1459 37 14 son
3117 1452 87 21 maître?
3221 1452 33 21 Un
3269 1453 51 23 i>etit
3334 1458 38 19 pro-

2859 1480 64 21 blème
2941 1487 40 18 que
2997 1481 32 20 M.
3046 1481 79 21 Marcel
3142 1481 89 20 Antoine
3247 1481 69 20 résout
3332 1486 50 15 avec

2858 1514 27 15 un
2903 1509 44 20 brio
2964 1509 108 21 étonnant.
3089 1509 31 21 En
3137 1511 73 22 quatre
3227 1509 124 23 opérations,
3368 1508 14 20 il

2858 1537 38 20 fait
2908 1537 25 22 de
2945 1537 58 23 Max,
3016 1537 77 24 Happy
3107 1540 20 18 et
3139 1538 14 20 il
3166 1536 125 21 transforme
3304 1536 79 24 Happy

2856 1571 25 15 en
2897 1565 62 21 Max!
2976 1565 59 21 Mme
3051 1565 75 22 Denise
3142 1565 55 20 Beeli
3212 1570 53 15 nous
3280 1563 102 21 introduit

2857 1593 74 24 auprès
2948 1594 25 20 de
2992 1594 32 20 M.
3042 1594 91 21 Bastien,
3150 1592 33 21 M.
3201 1592 21 24 J.
3241 1592 32 21 M.
3293 1591 88 22 Canneel

2858 1627 75 19 croque
2947 1622 31 20 M.
2991 1621 128 21 Paul-Henri
3132 1619 75 25 Spaak.
3221 1620 33 21 Un
3267 1626 47 18 gros
3333 1626 49 14 nor-

2856 1655 49 14 ceau
2917 1650 35 23 qui
2965 1652 55 17 tente
3032 1648 53 21 aus.-i
3097 1648 93 23 l'appétit
3202 1648 93 22 d'Albert
3306 1648 76 22 Lenrir

2855 1679 23 18 ct
2899 1677 26 20 de
2950 1677 79 20 Robert
3054 1683 40 14 van
3119 1676 36 21 der
3178 1676 102 22 Straeten.
3303 1677 79 23 Jeanne

2857 1704 83 21 Hovine
2960 1711 52 14 nous
3031 1705 68 20 donne
3119 1705 97 23 quelques
3235 1704 102 21 attitudes
3357 1704 25 20 de

2857 1733 67 21 Marie
2941 1733 80 21 Dubas.
3036 1733 32 20 M.
3086 1733 125 22 Lempereur
3227 1732 74 21 s'élève
3319 1732 26 21 de
3362 1732 20 20 la

2858 1761 111 21 caricature
2989 1767 26 15 au
3036 1761 82 21 tableau
3138 1761 26 21 de
3184 1766 66 18 genre,
3270 1760 26 22 de
3316 1760 67 21 même

2856 1789 32 20 M.
2905 1795 40 15 van
2962 1788 115 24 Cleemput.
3094 1788 71 23 Citons
3180 1794 73 16 encore
3267 1789 28 20 les
3310 1788 72 21 envois

2857 1816 25 22 de
2903 1817 41 21 Léo
2966 1817 34 24 Jo,
3021 1816 144 25 Hcnderyckx,
3188 1817 73 24 Henry
3283 1816 99 24 Lemaire,

2857 1845 63 21 Louis
2937 1846 52 23 Lou,
3006 1845 120 23 Scouflaire,
3143 1844 53 24 Rali,
3213 1844 70 24 T'Sas,
3300 1844 83 21 Wilcar.

2856 1873 27 21 Et
2897 1874 49 21 c'est
2958 1874 96 24 toujours
3066 1874 19 21 le
3097 1880 77 18 crayon
3187 1873 25 21 de
3226 1874 89 24 Jacques
3328 1873 55 21 Ochs

2856 1902 36 23 qui
2905 1902 39 21 sait
2959 1902 17 22 le
2992 1902 66 20 mieux
3073 1902 57 21 saisir
3144 1902 18 20 le
3176 1902 108 23 caractère,
3300 1902 51 20 fixer
3364 1901 18 21 le

2857 1934 133 19 personnage,
3005 1936 47 15 sans
3069 1932 48 21 trop
3131 1930 20 20 le
3166 1929 78 24 griffer.

2884 1996 80 22 Galerie
2986 1997 117 24 Portenart,
3124 1998 111 20 l'excellent
3257 1998 126 20 dessinateur

2857 2026 183 23 gentlcman-ridcr
3059 2026 36 23 qui
3113 2032 21 15 se
3154 2026 60 21 cache
3233 2026 150 21 modestement

2856 2060 50 14 sous
2918 2054 28 21 les
2959 2054 89 21 initiales
3061 2054 25 21 E.
3099 2054 25 21 L.
3136 2054 25 21 L.
3174 2060 53 15 nous
3241 2054 63 21 invite
3317 2054 14 20 à
3344 2060 38 15 son

2856 2082 116 23 exposition
2985 2083 94 20 annuelle
3094 2083 25 20 de
3135 2082 80 24 croquis
3231 2085 20 18 et
3265 2082 26 21 de
3306 2083 76 21 dessins

2856 2110 121 24 empruntés
2996 2111 13 20 à
3029 2111 19 20 la
3069 2110 74 23 chasse,
3163 2117 26 14 au
3211 2111 71 21 cheval
3301 2113 22 19 et
3341 2116 41 15 aux

2857 2141 74 21 sports.

2884 2167 33 20 Un
2932 2173 61 18 genre
3009 2166 43 25 qui,
3067 2173 25 14 en
3109 2166 125 25 Angleterre,
3250 2166 38 21 fait
3304 2167 77 24 fureur,

2858 2195 51 21 mais
2926 2195 35 24 qui
2977 2198 31 18 est
3025 2201 54 15 assez
3096 2195 85 21 délaissé
3197 2195 32 21 ici.
3248 2195 54 21 C'est
3319 2195 61 23 qu'en

2858 2223 38 20 fait
2912 2223 25 21 de
2953 2223 92 21 chevaux
3062 2229 37 15 nos
3116 2224 88 23 peintres
3220 2230 25 14 ne
3261 2224 120 22 pratiquent

2857 2251 60 24 guère
2940 2257 40 19 que
3002 2252 18 21 le
3041 2252 100 20 chevalet.
3164 2251 32 20 Au
3221 2251 70 21 besoin
3315 2251 25 20 ils
3360 2257 23 14 se

2856 2279 137 21 souviennent
3009 2280 36 20 des
3061 2285 109 15 canassons
3187 2280 62 23 qu'on
3266 2279 44 20 leur
3326 2284 46 14 ame-

2857 2307 44 22 nait
2919 2307 14 22 à
2950 2308 130 22 l'Acadcimie,
3097 2308 51 20 dans
3166 2307 20 20 la
3204 2307 62 20 classe
3284 2307 37 20 des
3337 2306 35 20 ani-

2858 2335 87 24 maliers,
2961 2336 51 20 mais
3029 2338 47 18 tout
3094 2342 21 15 ce
3133 2335 36 22 qui
3187 2340 98 15 concerne
3302 2335 17 20 le
3336 2334 37 20 che-

2858 2363 34 21 val
2911 2363 44 21 leur
2974 2363 97 24 échappe.
3091 2362 59 21 Alors
3170 2362 50 23 qu'il
3240 2368 14 18 y
3274 2368 12 13 a
3304 2367 80 18 encore,

2858 2391 51 21 dans
2925 2394 31 18 cet
2972 2391 37 22 âsc
3025 2391 25 21 de
3065 2390 141 22 l'automobile
3223 2392 20 19 et
3259 2389 26 21 de
3301 2389 83 24 l'avion,

2858 2419 36 21 des
2909 2425 49 17 gens
2975 2419 53 20 dont
3046 2419 18 20 le
3082 2419 72 20 cheval
3171 2421 30 18 est
3216 2418 60 21 sinon
3293 2418 91 24 l'unique

2859 2447 51 21 mais
2925 2448 18 20 le
2957 2447 100 23 principal
3070 2447 65 21 souci.

2884 2475 58 20 Ainsi
2956 2474 25 22 E.
2995 2475 25 20 L.
3035 2475 25 20 L.
3073 2475 42 21 Dès
3129 2474 49 23 qu'il
3193 2481 12 14 a
3220 2474 78 21 devant
3312 2474 29 21 lui
3356 2480 27 14 un

2859 2503 79 24 cheval,
2955 2509 28 15 un
3002 2503 52 21 beau
3073 2503 72 21 cheval
3161 2503 25 21 d?
3205 2503 62 23 main,
3284 2502 46 21 bien
3347 2508 27 15 en-

2859 2531 70 24 tendu,
2943 2537 22 15 ce
2981 2537 40 17 que
3036 2531 80 21 Buffon
3130 2531 107 21 entendait
3253 2537 38 17 par
3305 2531 19 20 la
3338 2530 47 24 plus

2860 2559 60 21 noble
2933 2560 101 23 conquête
3047 2559 26 22 de
3086 2559 105 23 l'homme,
3204 2559 13 20 il
3229 2565 22 15 se
3264 2561 44 19 sent
3321 2565 53 18 pous-

2857 2593 34 15 ser
2908 2588 28 20 du
2956 2587 72 22 talent.
3045 2587 35 22 Un
3099 2588 65 20 talent
3184 2587 40 21 réel
3243 2587 36 24 qui
3297 2586 29 21 lui
3345 2586 39 21 fait

2858 2616 59 21 saisir
2930 2616 18 21 le
2962 2616 72 20 cheval
3048 2616 51 21 dans
3113 2616 19 21 la
3146 2615 65 21 vérité
3223 2615 27 22 de
3261 2621 39 15 son
3313 2615 71 23 allure,

2859 2644 26 20 de
2902 2650 39 15 son
2960 2644 109 23 caractère,
3088 2644 26 21 de
3131 2650 24 15 sa
3173 2644 34 21 vie
3225 2643 110 24 profonde.
3356 2642 29 22 Ce

2860 2672 72 24 talent,
2948 2672 95 23 naguère,
3058 2672 102 21 s'arrêtait
3175 2678 26 14 au
3219 2671 95 22 cavalier.
3329 2671 56 21 Mais

2859 2700 81 21 celui-ci
2957 2706 25 15 ne
3001 2700 64 21 fait-il
3083 2707 36 18 pas
3137 2700 66 23 partie
3221 2700 115 22 intégrante
3354 2700 29 20 du

2859 2728 86 21 cheval?
2963 2729 18 20 U
3000 2731 30 18 est
3047 2735 38 14 son
3101 2728 138 24 complément
3255 2727 74 25 obtlsé,
3346 2733 38 16 son

2859 2756 109 22 accessoire
2990 2756 156 25 indispensable,
3167 2762 40 17 son
3227 2759 59 18 autre
3307 2756 78 21 moitié.

2858 2784 18 20 A
2892 2791 38 14 eux
2944 2784 53 21 deux
3013 2785 23 21 ils
3052 2785 92 21 forment
3158 2785 19 21 le
3193 2784 115 22 Centaure!
3324 2784 60 21 Aussi

2858 2815 59 18 notre
2936 2813 78 23 artiste,
3031 2819 48 15 sans
3098 2813 67 20 forcer
3180 2819 38 15 son
3237 2812 73 26 talent,
3326 2819 14 15 a
3357 2818 25 16 su

2858 2840 81 22 l'élever
2952 2840 14 21 à
2980 2840 91 22 traduire
3084 2841 54 23 aussi
3151 2844 32 18 cet
3198 2843 59 19 autre
3271 2844 71 21 aspect;
3355 2841 29 21 dn

2859 2868 71 21 cheval
2952 2868 35 24 qui
3007 2871 31 19 est
3060 2869 104 21 l'homme.
3185 2869 110 21 L'homme
3314 2875 29 15 ou
3363 2868 21 21 la

2859 2895 85 21 femme!
2968 2896 28 20 Ce
3016 2897 37 22 qui
3072 2903 52 14 nous
3144 2899 51 18 vaut
3215 2897 29 20 les
3264 2897 120 20 silhouettes

2860 2923 26 20 de
2903 2925 47 18 tout
2968 2929 24 18 ce.
3008 2930 41 17 que
3065 2924 19 21 le
3104 2930 12 14 «
3125 2924 76 20 crottin
3209 2930 13 14 y
3238 2924 27 21 de
3283 2925 20 20 la
3322 2924 63 21 haute

2859 2950 75 21 société
2947 2951 120 22 bruxelloise
3080 2954 82 20 compte
3175 2951 25 22 de
3215 2952 73 21 mieux.
3302 2951 28 23 Et
3338 2953 47 20 c'est

2861 2976 41 23 très
2917 2981 97 19 amusant
3028 2979 14 21 à
3057 2979 100 24 regarder.

3295 3006 25 24 C.
3335 3008 26 21 B.

3249 294 42 23 Un
3306 300 53 23 peu
3373 294 32 23 de
3419 293 80 24 fruits
3514 297 26 20 et
3554 294 36 23 du
3606 294 76 23 soleil

3217 329 150 29 d'Espagne
3388 335 65 17 vous
3474 331 61 23 suut
3555 329 126 30 aiipurlOs

3217 364 68 23 dans
3304 363 215 31 Spa-Orangina,
3537 364 40 24 cet
3595 369 73 19 excel-

3217 398 56 24 lent
3288 397 135 30 breuvage
3440 397 125 33 coniposû
3581 398 32 24 de
3628 398 54 31 jus,

3216 434 32 22 di;
3268 433 81 30 pulpe
3370 432 120 25 naturels
3510 433 126 29 d'orange
3656 434 25 22 t't

3216 468 77 24 d"cau
3311 468 31 23 de
3361 466 218 33 Spa-Monopole.
3640 467 37 30 (0)

2862 3096 50 32 Les
2933 3099 40 29 29
2994 3103 27 27 et
3042 3099 39 30 30
3102 3099 68 36 juin,
3192 3098 34 31 de
3246 3098 145 32 nombreux

2917 3140 95 37 Belges
3032 3142 135 29 visiteront
3186 3152 36 19 an
3241 3140 87 31 Havre

2911 3182 25 31 le
2963 3182 135 39 paquebot
3124 3194 18 20 «
3152 3182 159 32 Normandie
3323 3194 18 19 »

2889 3269 28 21 Le
2935 3270 106 23 paquebot
3057 3269 128 21 Xormandic
3202 3276 12 14 a
3231 3268 66 25 quitte
3315 3268 68 22 Saint-

2860 3295 87 23 Kazaire
2961 3298 18 20 le
2991 3301 12 20 S
3016 3298 48 21 mai.
3077 3298 63 23 Après
3153 3297 35 21 des
3199 3297 61 22 essais
3272 3297 26 20 de
3309 3296 72 21 vitesse

2860 3331 27 15 cn
2899 3325 63 23 haute
2974 3331 50 19 nier,
3038 3326 13 21 il
3063 3326 48 22 s'est
3124 3326 63 20 rendu
3200 3332 27 15 au
3240 3325 76 21 Havre.
3329 3324 53 22 C'est

2862 3352 20 21 là
2897 3353 49 24 qu'il
2960 3354 73 21 attend
3046 3354 29 21 les
3088 3359 113 19 voyageurs
3216 3353 42 24 qui,
3270 3353 19 21 le
3304 3358 24 19 29
3336 3358 31 14 m3
3365 3352 18 24 -'h

2861 3384 120 18 monteront
2993 3382 12 21 à
3019 3382 60 21 bord.

2888 3410 29 20 La
2934 3410 126 24 Compagnie
3077 3410 90 23 ccnêrale
3184 3409 170 24 transatlantique
3370 3414 12 14 a

2861 3438 89 24 compris
2962 3444 40 18 que
3013 3439 19 20 la
3046 3439 49 21 mise
3106 3445 25 14 en
3138 3438 74 21 service
3220 3438 28 20 du
3255 3435 126 22 Sormandk

2862 3466 50 21 était
2927 3466 45 25 plus
2988 3467 64 23 qu'un
3066 3467 120 20 événement
3203 3465 93 24 français.
3312 3464 44 22 Elle
3371 3470 12 15 a

2860 3494 64 21 voulu
2942 3501 15 17 y
2974 3495 86 20 associer
3076 3495 20 20 la
3112 3494 98 24 Belgique
3227 3496 20 18 et
3265 3493 20 20 la
3303 3493 77 21 marine

2861 3521 64 25 belge,
2940 3528 26 15 en
2982 3522 117 24 organisant
3115 3524 28 19 les
3158 3526 24 16 -O
3196 3524 21 18 ct
3232 3526 27 19 30
3273 3520 52 25 juin,
3342 3526 40 15 une

2861 3550 92 22 croisière
2970 3556 38 17 par
3025 3551 18 20 le
3060 3550 71 21 Prince
3147 3549 117 23 Baudouin,
3281 3549 44 21 afin
3342 3554 40 19 que

2861 3584 37 15 nos
2915 3578 145 24 compatriotes
3077 3578 90 24 puissent
3184 3583 69 18 passer
3268 3583 40 15 une
3324 3577 49 25 jour-

2860 3606 37 21 née
2915 3611 38 16 sur
2973 3606 18 21 le
3011 3605 127 21 Normandie
3158 3608 22 18 et
3202 3604 111 25 participer
3332 3611 51 15 avec

2860 3634 89 20 d'autres
2963 3634 96 20 touristes
3072 3633 14 21 à
3101 3639 40 15 une
3157 3634 127 23 magnifique
3300 3634 41 21 fête
3357 3634 26 20 de

2860 3661 52 21 nuit.

2884 3689 59 21 Nous
2959 3695 65 16 avons
3042 3689 48 25 déjà
3107 3690 75 24 donne,
3200 3690 14 21 il
3231 3695 16 20 y
3263 3695 13 16 a
3295 3689 88 26 quelque

2859 3718 73 23 temps,
2949 3717 35 22 des
3002 3717 74 22 détails
3093 3724 35 16 sur
3144 3724 22 15 ce
3184 3724 87 18 voyage.
3288 3717 59 22 Voici
3365 3717 19 22 le

2858 3749 136 20 programme,
3009 3746 49 21 sauf
3072 3744 94 26 imprévu
3177 3751 6 16 :

2884 3778 24 19 29
2921 3773 51 25 juin.
2983 3784 29 5 —
3023 3773 80 25 Départ
3117 3773 101 23 d'Anvers
3231 3780 25 16 en
3269 3774 55 21 train
3337 3774 36 25 spé-

2857 3800 45 25 cial,
2918 3801 14 21 à
2950 3805 11 21 7
2979 3801 22 22 h.
3017 3801 104 24 (Central)
3129 3808 6 16 :
3153 3802 56 21 arrêt
3226 3802 14 21 à
3259 3802 61 21 Gand
3337 3808 47 15 vers

2857 3830 13 19 S
2882 3829 22 21 h.
2916 3833 36 20 15;
2965 3829 78 23 arrivée
3056 3830 12 21 à
3080 3830 151 24 Ostende-quai
3244 3836 47 15 vers
3297 3830 42 21 oh.
3348 3835 36 21 15;

2856 3858 171 25 embarquement
3042 3865 35 15 sur
3091 3859 19 21 le
3125 3859 72 20 Prince
3213 3859 123 25 Baudouin;
3352 3866 24 14 ar-

2859 3885 53 22 rivée
2928 3892 26 15 au
2970 3886 71 22 Havre
3055 3886 14 21 à
3085 3888 25 18 18
3125 3887 22 21 h.
3161 3892 37 19 30;
3213 3888 172 25 embarquement

2857 3920 36 15 sur
2909 3914 19 21 le
2945 3912 142 27 Normandie;
3104 3915 61 22 dîner
3181 3916 14 21 à
3213 3922 24 15 20
3255 3916 32 25 h.;
3306 3916 35 22 bal
3359 3916 26 21 de

2858 3942 56 24 gala;
2931 3943 103 23 logement
3050 3944 13 20 à
3078 3944 61 22 bord.

2883 3976 26 18 30
2923 3971 52 25 juin.
2987 3982 28 4 —
3027 3971 64 22 Visite
3104 3972 94 22 détaillée
3212 3973 28 21 du
3255 3972 72 22 navire
3336 3973 15 24 (•
3375 3981 10 13 ^

2859 4005 63 16 messe
2938 4006 45 15 sera
3003 4000 42 21 dite
3063 4000 13 21 à
3094 4006 12 17 q
3125 4000 21 21 h.
3165 4000 52 22 dans
3236 4000 20 22 la
3275 4001 111 24 chapelle).

2860 4026 182 26 Embarquement,
3059 4028 14 22 à
3092 4034 22 15 11
3134 4029 21 21 h.
3173 4034 33 19 30,
3224 4035 35 15 sur
3276 4030 18 20 le
3314 4030 72 20 Prince-

2858 4055 118 22 Baudouin.
2988 4056 79 25 Départ
3080 4057 13 22 à
3104 4057 58 21 midi.
3174 4057 84 22 Arrivée
3270 4057 13 21 à
3295 4058 91 22 Ostende

2857 4084 14 21 à
2888 4089 24 16 21
2931 4084 22 21 h.
2970 4085 80 24 Départ
3068 4085 107 22 immédiat
3193 4092 26 16 en
3237 4086 54 21 train
3309 4086 76 26 spécial

2859 4118 54 19 pour
2928 4113 85 21 Anvers.
3030 4113 60 22 Arrêt
3106 4114 13 21 à
3136 4112 61 23 Gand
3214 4120 46 16 vers
3276 4120 24 15 22
3318 4115 21 21 h.
3355 4118 32 22 15.

2858 4139 85 23 Arrivée
2958 4141 14 22 à
2987 4141 80 23 Anvers
3081 4142 13 21 à
3110 4148 23 18 23
3150 4142 22 22 h.
3189 4147 24 20 15
3229 4141 115 25 (Central).

2887 4168 129 23 Conditions.
3031 4180 28 5 —
3072 4171 30 22 Le
3118 4170 46 26 prix
3180 4171 25 22 de
3222 4175 37 21 5-^3
3276 4171 26 21 fr.
3318 4171 68 24 belges

2860 4198 111 23 comprend
2982 4204 6 15 :
3014 4199 29 21 Le
3066 4199 63 23 trajet
3153 4206 25 14 en
3202 4199 80 22 chemin
3306 4200 26 21 de
3354 4200 33 21 fer

2860 4225 21 20 2'
2895 4226 63 23 classe
2973 4227 88 21 Anvers-
3063 4227 90 22 Ostende
3169 4230 21 19 et
3206 4230 80 23 retour;
3302 4228 29 21 les
3337 4233 38 20 par-

2859 4260 60 16 cours
2931 4255 112 22 maritimes
3056 4255 130 22 Ostendc-Le
3198 4256 71 21 Havre
3281 4259 22 19 et
3315 4259 70 19 retour

2858 4288 36 16 sur
2903 4283 18 21 le
2933 4283 71 21 Prince
3016 4283 117 24 Baudouin,
3145 4285 117 21 nourriture
3274 4291 42 16 non
3327 4291 46 15 com-

2860 4311 63 25 prise;
2938 4312 19 21 le
2970 4312 60 21 dîner
3042 4313 29 20 du
3087 4318 24 18 29
3125 4312 52 25 juin,
3190 4313 47 21 vins
3250 4313 99 25 compris;
3365 4312 19 21 le

2859 4339 104 25 logement
2974 4343 21 18 et
3007 4341 19 20 le
3038 4341 52 24 petit
3103 4341 98 24 djjeuner
3213 4342 28 20 du
3255 4346 26 20 30
3294 4341 43 24 juin
3349 4347 36 15 sur

2859 4367 19 23 le
2899 4367 135 23 Normandie.
3052 4380 29 5 —
3101 4369 29 22 Le
3151 4370 45 24 prix
3215 4376 27 15 au
3263 4369 74 25 départ
3358 4369 26 21 de

2861 4395 60 22 Gand
2939 4399 30 18 est
2989 4397 40 21 fixé
3048 4397 14 21 à
3081 4401 38 21 510
3139 4397 26 22 fr.
3185 4400 20 19 ct
3224 4401 21 18 et
3263 4402 26 17 au
3310 4397 73 25 départ

2859 4424 111 22 d'Ostende
2981 4425 113 22 seulement
3106 4426 13 22 à
3131 4428 38 22 465
3182 4426 25 20 fr.

2886 4453 186 24 Renseignements.
3088 4465 29 4 —
3134 4454 89 21 Enfants
3234 4461 6 14 :
3260 4453 124 26 demî-placc

2859 4481 82 25 jusqu'à
2956 4487 25 15 10
2996 4489 43 15 ans.
3052 4483 31 20 La
3097 4485 62 19 tenue
3174 4482 25 21 de
3212 4482 65 22 soirée
3291 4488 44 15 s^-ra
3351 4487 22 15 re-

2860 4510 56 23 quise
2935 4516 54 19 pour
3006 4511 18 21 le
3042 4511 60 21 dîner
3120 4514 22 19 et
3160 4511 19 21 le
3197 4511 35 22 bal
3250 4511 13 20 à
3280 4510 54 22 bord
3354 4510 28 21 du

2860 4537 134 23 Normandie.
3015 4539 39 22 Les
3075 4545 59 19 repas
3153 4538 13 22 à
3187 4539 53 21 bord
3261 4538 28 22 du
3312 4537 71 23 Prince

2859 4566 111 22 Baudouin
2990 4566 68 25 (trois)
3083 4574 26 15 ne
3128 4569 47 20 sont
3196 4574 36 18 pas
3252 4566 89 26 compris
3361 4569 21 19 et

2859 4595 84 22 coûtent
2962 4600 24 19 is
3004 4596 26 21 fr.
3045 4596 74 25 belges.

2884 4630 59 22 Nous
2961 4631 118 23 donnerons
3097 4631 81 22 demain
3198 4631 89 21 d'autres
3307 4629 63 22 rensei-

2860 4661 107 22 gnements
2980 4666 36 15 sur
3031 4666 22 15 ce
3067 4664 78 20 voyage
3160 4662 21 19 ct
3195 4665 37 16 sur
3245 4659 20 21 la
3279 4659 60 22 visite
3353 4658 28 21 du

2860 4687 131 25 gigantesque
3005 4688 112 24 paquebot.

2858 4725 334 23 rorxKX>cooocooo^^

2854 5455 36 23 La
2919 5453 77 30 petite
3025 5452 52 23 Eva
3107 5450 123 26 Einhorn,
3261 5449 61 30 âgée
3350 5447 32 24 de

2852 5482 15 23 t,
2892 5489 46 16 ans
2970 5483 23 22 et
3022 5480 75 24 demi,
3127 5479 44 30 qui
3199 5479 115 23 donnera
3344 5482 33 18 un

2854 5510 89 24 récital
2975 5509 30 23 de
3040 5508 77 30 piano
3152 5514 32 17 an
3220 5506 83 24 Palais
3336 5504 44 25 des

2852 5538 159 26 beaux-Arts,
3046 5537 24 22 le
3101 5536 71 28 jeudi
3206 5534 31 24 23
3271 5534 62 27 mai,
3362 5532 18 24 à

2842 5567 8 36 J
3055 5565 29 23 16
3100 5564 25 25 h,
3140 5563 40 25 30a

3428 543 60 50 Les
3510 542 162 52 Théâtres
3695 544 18 49 à
3738 547 170 47 Lruxeiles

3427 648 144 18 MONWAIE.
3584 658 25 5 —
3622 649 153 23 Aujourd'hui,
3790 651 12 17 &
3817 651 23 18 20
3853 652 30 21 h.,
3898 652 36 19 lr«

3404 671 182 21 représentation,
3610 676 27 13 en
3660 676 81 18 langue
3763 674 120 21 iran(,ais«,
3907 674 28 17 d«

3404 699 9 11 *
3429 692 100 18 Gludltt.'i
3544 698 17 14 »,
3575 696 54 14 avec
3643 693 70 18 Mmt-s
3727 695 58 16 Kate
3802 695 88 20 Walter,
3906 694 27 18 de

3404 713 80 22 Qavre,
3511 714 52 17 MM.
3587 714 53 17 José
3663 715 14 18 J
3686 719 70 16 .nson,
3784 715 83 21 Mayer,
3893 716 30 17 Co-

3403 736 71 20 lonne,
3493 735 113 21 Toutenel,
3625 736 79 21 Boyer.
3722 745 23 4 —
3763 737 89 18 Samedi
3870 737 29 21 18,
3917 742 16 14 a.

3401 757 23 19 20
3436 758 29 20 h.,
3480 762 11 14 «
3504 757 32 18 La
3549 756 93 19 Passion
3655 767 18 10 *,
3687 761 54 14 avec
3754 758 69 18 Mmes
3836 759 95 22 Stradel,

3403 779 85 21 Doulin,
3503 779 118 19 FloriHVal,
3636 779 52 17 MM.
3703 780 179 21 Ro^utchevsky,
3895 780 29 19 Ri-

3402 800 75 23 chard,
3495 800 91 21 Resnik,
3603 800 103 18 Colonne.
3723 810 23 4 —
3763 801 122 19 Dimanche
3902 803 29 20 1W,

3401 827 28 13 t-n
3447 823 104 20 matinée,
3571 822 15 18 à
3605 823 22 16 14
3645 822 30 20 h.,
3696 828 10 11 «
3725 822 95 19 Car.nen
3839 831 18 14 »,
3876 828 56 14 avec

3403 844 69 18 Mmes
3494 843 77 19 Livine
3604 844 105 19 Mertens,
3743 844 114 22 Rambert,
3879 846 53 18 MM.

3404 865 62 20 Uens,
3486 865 104 18 Richard.
3610 866 31 17 Le
3671 866 51 20 soir,
3742 866 14 17 à
3787 867 23 17 20
3829 867 29 21 h.,
3878 874 11 12 «
3909 868 23 17 Si

3402 887 73 20 jetais
3495 888 40 17 Roi
3554 893 18 15 »,
3591 891 55 14 avec
3665 887 70 17 Mmes
3753 887 116 22 Clalrbert,
3891 889 30 17 Dé-

3402 908 41 19 nié,
3458 909 53 18 MM.
3525 909 89 20 Thomé,
3629 908 105 21 Andrien,
3751 909 82 21 Mayer,
3849 910 81 22 Parny,

3404 929 76 21 Boyer.
3497 939 23 4 —
3537 931 71 18 Lundi
3624 931 29 20 20,
3670 934 15 18 à
3700 931 24 18 20
3738 931 29 20 h.,
3785 936 11 12 «
3813 931 82 18 Manon
3912 938 18 15 *,

3402 954 55 13 avec
3473 951 57 17 Mme
3546 952 119 21 Florlaval,
3683 952 53 17 MM.
3753 952 97 22 Alcaïde,
3867 953 26 17 de
3910 954 23 17 la

3403 970 65 19 Scalb,
3481 972 26 17 de
3520 973 74 21 Milan,
3609 974 105 20 Andrien,
3729 974 82 17 Wilkln
3823 982 24 5 —
3861 975 70 18 Mardi

3404 991 29 22 21,
3448 993 13 17 â
3476 993 22 18 20
3511 994 28 19 h.,
3554 995 23 17 2e
3592 995 176 22 représentation
3785 996 107 18 (création
3906 1001 27 13 en

3404 1014 80 21 langue
3502 1014 129 23 française),
3649 1017 26 17 de
3694 1023 10 12 «
3722 1017 100 18 Gluditta
3842 1024 17 14 »,
3877 1022 56 14 avec

3404 1035 57 18 Mme
3476 1036 58 17 Kate
3548 1037 90 21 Walter,
3654 1039 22 17 S.
3691 1039 26 17 de
3732 1039 79 21 Gavre,
3828 1039 52 18 MM.
3895 1040 27 17 Jo-

3404 1057 24 17 sé
3449 1057 92 21 Janson,
3564 1058 102 22 Colonne,
3702 1061 83 21 Mayer.
3819 1061 113 20 Toutencl,

3405 1078 78 22 Boyer.
3504 1088 25 4 —
3549 1079 107 19 Mercredi
3677 1081 29 18 22.
3728 1087 13 16 ^
3762 1082 23 17 20
3806 1082 29 21 h.,
3859 1088 11 12 «
3892 1083 42 17 Les

3405 1099 100 22 Dragons
3522 1101 26 17 de
3565 1101 81 19 VUlara
3664 1107 17 17 »,
3697 1106 55 15 avec
3768 1104 70 17 Mmes
3856 1104 77 19 Livine

3405 1121 103 22 Mertens,
3525 1123 114 22 Rambert,
3656 1124 52 18 MM.
3725 1125 88 21 Thomé,
3829 1126 103 22 Colonne,

3405 1144 117 22 Marcotty,
3546 1144 12 17 f
3563 1149 64 17 arny.
3647 1154 24 4 —
3690 1145 66 19 Jeudi
3777 1147 28 21 23,
3826 1147 14 18 à
3860 1148 24 20 2o
3903 1149 30 19 h-,

3405 1169 10 14 «
3432 1165 71 18 Fauat
3520 1171 18 15 »,
3556 1169 54 15 avec
3626 1166 69 18 Mmes
3713 1168 86 21 Deulln,
3817 1169 114 20 Rambert,

3405 1186 52 18 MM.
3471 1187 64 19 Lena,
3550 1187 48 18 Van
3612 1188 108 23 Obbergh,
3734 1190 94 19 Mancel.
3840 1199 24 5 —
3876 1191 48 18 Ven-

3405 1208 60 18 dredi
3479 1208 29 20 21,
3523 1209 94 19 relâche.

3427 1230 152 19 GALERIES.
3590 1240 24 5 —
3624 1231 30 20 Le
3665 1232 115 18 deuxième
3792 1236 141 18 programme

3404 1250 38 18 des
3459 1251 84 18 Ballets
3559 1257 75 14 russes
3650 1254 26 17 de
3693 1254 65 17 Paris
3774 1254 61 17 vient
3850 1254 72 18 d'obte-

3405 1273 34 17 nir
3454 1277 29 13 un
3498 1273 76 19 succès
3590 1275 49 21 plus
3653 1274 120 22 triomphal
3789 1279 41 17 que
3846 1275 32 18 le*
3893 1280 28 14 au-

3405 1295 51 17 tres.
3477 1295 59 18 C'est
3554 1296 83 18 devant
3657 1299 42 14 une
3719 1296 55 18 salle
3793 1296 128 20 enthousias-

3405 1316 47 18 mée
3474 1318 22 16 et
3517 1317 64 21 après
3604 1318 24 16 28
3648 1317 88 22 rappels
3757 1322 42 18 que
3819 1319 23 17 la
3861 1319 71 19 soirée

3403 1336 55 19 s'est
3474 1334 114 22 terminée.

3427 1359 41 18 Ces
3482 1360 94 17 chiffres
3589 1359 53 18 sont
3654 1359 50 24 plus
3716 1360 115 23 éloquents
3844 1366 41 18 que
3899 1363 32 17 les

3405 1381 147 22 qualificatifs
3572 1381 32 17 les
3623 1381 48 23 plus
3690 1382 108 22 élogieux.
3817 1384 65 18 Jeudi
3902 1385 29 20 16,

3405 1403 103 18 vendredi
3530 1403 28 20 17,
3578 1403 85 18 samedi
3683 1403 23 18 18
3725 1405 22 16 et
3767 1404 115 19 dimanche
3903 1406 28 19 19,

3403 1425 35 17 six
3455 1424 119 18 dernières.
3592 1424 95 21 Samedi,
3706 1425 96 18 matinée
3821 1426 112 22 populaire

3403 1446 14 18 â
3433 1447 49 21 prix
3498 1446 90 18 réduits.

3429 1467 170 24 ALHAMBRA,
3623 1477 25 4 —
3672 1467 33 18 La
3729 1467 152 23 présentation
3905 1470 30 18 du

3406 1489 104 21 prochain
3531 1489 117 22 spectacle,
3672 1489 22 17 la
3713 1489 84 22 grande
3818 1494 67 14 revue
3905 1490 28 19 du

3405 1510 93 18 Concert
3521 1511 73 22 Mayol
3630 1516 11 12 «
3664 1510 52 18 Nu..
3738 1510 23 18 35
3784 1517 18 15 »,
3826 1511 108 19 nécessite

3405 1532 167 22 d'importantes
3590 1532 199 18 transformations
3806 1533 26 17 de
3849 1533 22 17 la
3888 1538 37 13 ma-

3404 1553 95 19 chinerie
3514 1554 26 17 de
3556 1554 23 17 la
3593 1553 73 21 scène,
3681 1554 82 18 travail
3777 1554 38 22 qui
3829 1555 63 21 exige
3907 1556 25 17 de

3404 1575 57 18 faire
3480 1576 88 17 relâche
3588 1575 104 22 Jusqu'au
3712 1575 59 22 jeudi
3790 1576 22 18 23
3830 1577 101 22 compris.

3404 1597 110 18 Vendredi
3529 1597 30 20 24,
3575 1596 106 23 première
3697 1597 26 18 de
3739 1603 11 11 «
3765 1597 59 18 Nu...
3839 1598 23 18 35
3878 1603 17 14 ».

3428 1619 95 17 GAITE.
3539 1627 25 4 —
3579 1624 10 11 «
3606 1618 113 18 Monsieur
3733 1619 107 21 Peperbol
3856 1625 11 12 »
3882 1624 37 14 con-

3404 1640 61 18 tinue
3483 1644 55 13 -sans
3557 1640 62 17 arrêt
3638 1644 40 14 son
3698 1640 113 19 éclatante
3830 1641 98 20 carrière.

3405 1662 50 17 Mlle
3471 1661 72 18 Ninon
3559 1661 94 23 Dolnay,
3668 1662 53 17 dont
3735 1662 22 18 la
3771 1662 66 18 santé
3851 1664 33 17 est
3896 1664 23 18 ré-

3405 1683 74 20 tablie,
3513 1683 120 22 reprendra
3664 1683 143 21 aujourd'hui
3839 1684 19 18 le
3887 1686 43 17 rôle

3404 1705 78 22 qu'elle
3496 1709 15 13 a
3523 1704 57 19 créé.
3595 1705 95 20 Samedi,
3706 1705 103 20 matinée,
3824 1706 15 17 à
3852 1706 21 18 15
3884 1707 21 17 h.

3429 1726 139 18 MOLIERE.
3585 1736 26 4 —
3628 1727 34 17 On
3680 1730 101 14 annonce
3800 1727 32 18 les
3849 1728 72 18 derniè-

3404 1751 36 15 res
3459 1748 27 18 de
3506 1754 11 12 «
3537 1748 34 18 La
3588 1749 77 17 Rîvue
3683 1748 55 18 chez
3757 1748 88 19 Molière
3863 1755 11 13 »
3894 1749 38 23 qui

3405 1771 142 22 marqueront
3561 1770 22 17 la
3595 1770 85 18 clôture
3695 1770 26 18 de
3735 1770 22 18 la
3771 1771 80 18 saison.
3865 1771 19 18 Il
3898 1771 35 17 est

3405 1791 56 18 donc
3484 1792 81 20 urgent
3588 1795 42 19 que
3654 1795 55 14 vous
3732 1792 64 17 alliez
3818 1792 117 23 applaudir

3405 1813 64 18 Made
3489 1813 95 21 Brenda,
3607 1813 56 18 Paul
3686 1813 77 20 Mérin,
3786 1814 93 20 Hlzette,
3902 1814 31 17 les

3405 1835 85 18 France
3505 1835 83 18 Slsters
3601 1836 24 17 et
3639 1835 61 18 toute
3716 1835 23 18 la
3753 1836 84 21 troupe.
3853 1836 33 17 La
3900 1839 24 14 re-

3405 1856 152 22 présentation
3577 1856 165 22 d'aujourd'hui
3761 1856 104 19 vendredi
3885 1860 51 14 sera

3403 1878 84 18 donnée
3501 1883 29 13 au
3546 1878 68 23 profit
3628 1878 38 18 des
3680 1878 91 18 artistes
3785 1879 37 21 qui
3835 1878 100 18 animent

3403 1904 25 13 ce
3446 1900 111 21 spectacle
3575 1904 56 13 avec
3648 1904 44 13 une
3711 1900 81 21 fougue
3810 1900 114 23 exception-

3404 1921 63 17 nelle.

3428 1942 199 19 VAUDEVILLE.
3641 1952 25 4 —
3681 1942 31 18 Le
3726 1943 109 22 spectacle
3849 1942 20 19 le
3886 1943 48 23 plus

3405 1965 106 17 amusant
3527 1964 27 18 de
3571 1964 115 18 Bruxelles
3701 1964 56 19 c'est
3773 1970 11 12 «
3801 1965 50 17 Mon
3866 1964 66 22 Cui'é,

3404 1990 26 13 sa
3444 1986 64 17 Sœur
3521 1986 23 17 et
3557 1986 43 17 Mol
3615 1992 18 16 y>,
3647 1990 55 14 avec
3716 1986 101 18 Germain
3832 1986 101 22 Luclgny

3405 2007 22 18 et
3445 2008 58 21 Suzy
3521 2007 106 22 Marquis.
3644 2008 112 21 Spectacle
3772 2008 26 18 de
3816 2008 91 18 famille,

3429 2029 106 19 PALAIS
3551 2030 92 17 D'ETE.
3661 2039 24 3 —
3701 2029 71 21 Jeudi,
3790 2034 27 13 en
3835 2029 97 18 matinée

3404 2051 23 18 et
3442 2050 77 22 soirée,
3536 2051 57 18 deux
3609 2050 110 19 dernières
3734 2051 30 18 du
3780 2051 152 18 sensationnel

3404 2072 111 23 spectacle
3537 2078 12 12 «
3571 2072 128 23 Hollywood
3721 2073 93 21 Variety
3837 2078 19 15 »,
3879 2076 55 14 avec

3402 2097 36 14 ses
3453 2094 95 22 grandes
3563 2094 99 18 vedettes
3677 2095 22 17 et
3713 2094 128 18 l'ensemble
3855 2093 27 18 de
3896 2098 36 13 aes

3403 2116 103 18 numéros
3523 2116 27 18 de
3565 2116 71 20 choix,
3655 2116 95 18 termine
3768 2120 27 13 en
3813 2115 121 21 apothéose

3402 2142 43 13 une
3460 2137 56 18 série
3532 2138 27 17 de
3575 2137 189 24 représentations
3780 2136 145 22 triomphales

3427 2159 89 18 GAITY
3533 2159 145 19 CABARET,
3695 2168 25 4 —
3738 2158 30 18 M.
3784 2158 87 17 Walter
3888 2158 48 18 oré-

3402 2181 63 17 isente
3479 2181 20 17 le
3513 2184 140 19 programme
3667 2180 92 17 suivant
3776 2183 6 13 :
3798 2179 73 18 Lolita
3882 2179 53 18 Fer-

3404 2202 92 19 nandez.
3517 2203 110 17 danseuse
3647 2201 120 21 espagnole
3789 2207 5 14 ;
3817 2200 77 18 Denlle
3914 2201 22 17 et

3403 2224 106 20 Valaeda,
3530 2223 106 22 l'élégant
3653 2223 79 21 couple
3750 2222 104 18 mondain
3878 2228 5 14 ;
3904 2222 31 18 les

3404 2245 107 21 Claytonrs
3535 2245 89 19 Sisters,
3648 2243 123 18 denseuses
3795 2243 140 19 fantaisistes

3404 2267 123 21 anglaises;
3547 2266 32 17 les
3597 2265 143 22 Overbury's,
3758 2265 50 23 st^p
3827 2265 108 18 acrobati-

3405 2292 53 18 quer
3481 2292 6 15 ;
3506 2287 42 17 Illa
3565 2287 23 17 et
3605 2287 85 21 Eugen,
3709 2287 32 17 les
3758 2287 106 21 gracieux
3881 2287 42 17 dan-

3405 2313 63 14 seurs
3483 2308 116 18 mondains
3613 2308 155 23 acrobatiques
3784 2314 5 14 :
3805 2309 59 17 Litte
3877 2309 58 18 Har-

3405 2334 33 18 ry,
3458 2330 127 18 animateur
3601 2334 54 14 sans
3673 2330 76 23 pareil,
3767 2330 23 19 et
3809 2330 126 19 l'orchestre

3406 2352 26 18 de
3448 2352 40 17 Joë
3503 2352 87 22 Heyne.

3411 2407 172 38 TABLEAU
3606 2408 70 37 DES
3698 2408 238 38 SPECTACLES

3539 2485 154 17 VENDREDI
3711 2485 23 17 17
3750 2485 56 18 MAI

3406 2533 111 18 Monnaie.
3533 2543 26 4 —
3575 2533 24 19 20
3615 2534 23 19 h.
3660 2539 6 14 :
3686 2540 11 13 <
3716 2533 102 19 Gluditta
3835 2540 19 13 ».

3406 2555 107 18 Galeries.
3525 2564 24 5 —
3562 2555 23 18 21
3600 2555 22 18 h.
3636 2560 5 13 :
3656 2555 85 19 "Ballets
3756 2560 83 14 russes.

3407 2577 129 18 Alhambra.
3549 2586 26 4 —
3588 2577 104 18 Relâche.

3406 2598 72 18 Gaité.
3497 2608 23 4 —
3539 2599 24 17 20
3580 2598 16 18 h
3621 2599 25 18 30
3667 2602 6 14 :
3695 2606 12 14 <
3726 2599 112 18 Monsieur
3856 2598 79 22 Feper*

3431 2620 35 18 bol
3476 2626 18 12 ».
3597 2616 5 6 '

3407 2642 96 17 Molière.
3520 2650 24 6 —
3562 2641 23 19 20
3602 2642 23 18 h.
3641 2641 25 19 30
3686 2645 6 15 :
3712 2649 13 16 <
3742 2643 34 18 La
3792 2642 75 18 Revus
3882 2642 55 19 -ches

3431 2663 89 18 Molière
3536 2669 20 13 ».

3407 2685 137 19 Yardevllle.
3559 2695 24 4 —
3598 2685 23 22 2o
3635 2685 23 18 h.
3674 2685 24 19 30
3714 2690 7 13 :
3739 2691 11 13 <
3765 2685 51 19 Mon
3830 2685 64 23 Curé,
3910 2690 26 14 ta.

3430 2708 65 17 Sœur
3508 2708 22 17 et
3545 2707 45 18 Mol
3603 2713 19 12 ».

3408 2729 75 18 Palais
3500 2730 73 17 d'Eté.
3590 2738 24 5 —
3631 2729 24 18 20
3669 2729 23 18 h.
3710 2729 23 18 30
3754 2734 6 13 :
3780 2739 11 12 «
3809 2729 127 22 Hollywood

3433 2751 92 21 Variety
3552 2757 18 12 ».
3595 2750 111 19 Matinées
3731 2750 135 22 dimanches,
3891 2751 35 22 jeu-

3429 2773 34 17 dis
3480 2774 22 16 et
3519 2772 65 21 fêtes,
3601 2773 14 17 à
3631 2773 22 17 15
3669 2773 21 17 h.

3408 2794 74 18 Palais
3499 2794 27 17 de
3543 2794 22 18 la
3581 2794 71 18 danse
3668 2794 183 18 Salnt-Sanvenr.
3865 2803 25 6 —
3903 2794 33 19 De

3428 2816 12 17 4
3452 2815 23 18 h.
3490 2816 34 19 1/2
3537 2816 15 17 à
3565 2816 12 18 7
3589 2818 23 17 et
3626 2816 26 18 Ce
3665 2816 12 17 9
3690 2816 22 18 h.
3725 2820 15 18 à
3750 2816 90 18 minuit.

3408 2838 89 19 Gaity-C
3504 2843 12 11 a
3520 2838 51 17 bure
3574 2839 15 15 t.
3613 2846 24 5 —
3660 2838 59 17 Tous
3750 2837 32 18 les
3813 2838 62 20 soirs,
3905 2837 29 18 M.

3428 2858 87 19 Walter
3530 2858 102 23 présente
3647 2863 31 13 un
3693 2859 67 17 choix
3775 2859 156 19 d'attractions.

3633 2882 105 19 ^♦■H^-

3444 2902 43 31 LA
3503 2902 154 31 JOURNÉE
3671 2903 45 30 DE
3732 2902 167 32 VENDREDI

3434 2980 24 5 —
3470 2971 55 18 Parais
3538 2972 30 18 drs
3581 2972 112 19 Beaux-Arts.
3707 2973 28 19 10,
3750 2977 29 13 me
3794 2973 64 20 RoynIe
3865 2976 8 13 .*
3885 2976 42 16 «po-

3411 2992 51 17 sition
3480 2992 31 19 dits
3528 2993 83 18 membres
3626 2994 23 17 de
3665 2993 117 19 l'Association
3800 2994 29 17 des
3844 2992 54 18 -Élèves
3914 2994 19 15 et

3412 3014 68 17 anciens
3498 3014 56 18 élèves
3573 3015 22 18 de
3614 3014 103 19 l'Académie
3737 3014 64 20 Roy«Ie
3819 3014 29 17 des
3868 3013 64 17 Beiux-

3412 3035 40 17 Arti
3466 3035 22 17 de
3503 3035 86 18 BrjxeK-w
3605 3036 90 20 (jifc-qiTau
3711 3037 22 16 22
3749 3036 43 17 mai)

3435 3064 23 5 —
3469 3056 37 18 Nos
3527 3056 82 19 Peinlres.
3630 3057 29 17 30.
3679 3061 31 13 rue
3727 3055 23 18 du
3771 3055 29 16 Ma
3802 3053 54 18 rcM-a
3858 3058 28 11 m-
3888 3052 34 17 Pou-

3413 3076 31 18 lets
3453 3081 6 13 :
3474 3077 94 21 expos:tion
3585 3077 88 21 «Aspects
3688 3077 21 17 d*
3724 3076 101 17 Bruxelles»
3841 3074 89 20 (jusqu'au

3412 3099 21 17 25
3450 3098 52 19 mai).

3433 3128 23 4 —
3468 3120 42 17 J'j:c
3525 3118 120 19 d'Anderlecht
3653 3123 8 13 ;
3676 3117 93 21 «position
3786 3116 21 18 G.
3825 3116 73 20 Bogacrt
3912 3117 21 16 et

3411 3140 44 17 Lode
3471 3140 26 17 De
3512 3141 57 16 Totter
3586 3139 88 21 (Jusqu'au
3689 3139 10 17 2
3714 3138 47 20 juin)

3432 3169 25 5 —
3476 3160 58 18 Cercle
3554 3160 94 19 Artistique
3668 3161 17 15 et
3704 3158 96 18 Littéraire.
3820 3157 112 21 Waux-HiU,

3410 3181 16 19 5,
3441 3186 30 12 rue
3483 3181 21 18 de
3519 3181 15 17 la
3550 3180 37 18 Loi:
3604 3180 92 19 exposition
3710 3179 21 19 de
3746 3178 119 20 l'Association
3879 3179 54 20 Belge

3409 3202 21 18 de
3446 3201 128 20 Phot:icrn.phie.

3430 3231 23 4 —
3465 3222 66 17 Galerie
3544 3222 88 18 Manteau,
3647 3221 29 19 62.
3691 3221 25 17 Bd
3730 3221 21 17 de
3764 3220 88 18 Waterloo
3860 3224 6 14 :
3881 3225 52 15 expo-

3408 3242 72 21 poâltioa
3500 3242 81 18 Michaux
3600 3242 89 20 (jusqu'au
3708 3243 23 16 25
3749 3242 53 18 mai).

3428 3272 24 4 —
3464 3263 66 18 Galerie
3544 3263 22 18 de
3580 3263 17 17 !a
3611 3263 63 17 Toison
3688 3263 49 19 d'Or,
3754 3264 28 18 13,
3797 3267 67 13 avenue
3877 3262 23 17 de
3916 3262 17 17 Is

3407 3284 61 18 Toison
3485 3284 42 18 d'Or
3536 3289 6 12 :
3562 3284 34 17 Vie
3613 3284 51 18 Salon
3681 3284 31 18 des
3729 3284 109 17 Humoristes
3854 3283 79 20 organisé

3406 3310 31 15 par
3449 3305 15 17 la
3477 3309 10 12 «
3496 3305 48 18 Mine
3556 3305 104 17 souriante»

3428 3334 23 5 —
3463 3326 66 17 Gulerie
3545 3326 95 19 Portenart,
3655 3326 30 18 47,
3700 3329 32 14 rue
3746 3325 23 18 de
3783 3324 68 19 Namur
3860 3329 6 13 :
3883 3329 44 16 expo-

3406 3347 50 18 sition
3475 3347 62 18 K.L.L.
3558 3346 91 21 (jusqu'au
3669 3347 21 17 25
3711 3347 52 18 mai).

3427 3376 24 4 —
3463 3367 56 19 Palais
3535 3367 31 18 des
3583 3366 112 21 Beaux-Arts,
3714 3368 28 18 10.
3760 3372 31 12 rue
3808 3366 66 21 Royale
3883 3371 5 13 :
3905 3371 28 14 cx-

3406 3388 72 21 positinn
3497 3388 22 18 de
3538 3393 11 12 «
3557 3388 84 21 Paysages
3662 3388 68 17 italiens
3737 3392 11 13 »
3766 3388 23 18 de
3809 3388 39 17 Don
3869 3387 65 21 Angclo

3407 3404 71 25 Kescallï
3496 3410 90 19 (jusqu'au
3603 3411 22 16 22
3641 3409 53 18 mai).

3426 3439 25 5 —
3462 3430 61 18 Musée
3542 3430 32 18 des
3595 3431 106 17 Beaux-Arts
3722 3429 80 18 d'ixelles
3811 3434 6 13 :
3838 3430 95 20 expcwUan

3405 3451 44 19 d'art
3462 3451 129 21 contemporain
3606 3451 91 21 (jusqu'au
3712 3452 22 17 22
3749 3451 53 19 mai).

3428 3481 25 4 —
3469 3473 16 17 A
3503 3472 78 22 FIiaaïjK
3597 3473 44 17 Nos!
3643 3477 25 12 re-
3670 3472 61 17 Dame.
3751 3472 76 20 Imp-sse
3854 3471 30 19 des
3901 3471 24 18 Ca-

3405 3493 55 18 deaux
3482 3494 27 19 (6.
3527 3499 31 12 rue
3577 3493 195 18 Marché-aux-Herbes)
3796 3498 5 12 :
3835 3494 23 16 I\v
3868 3493 34 16 ■*■-';
3906 3498 13 10 ;.-
3922 3498 10 11 a

3406 3515 107 19 GrosemanrrS,
3531 3514 16 18 I.
3564 3514 94 21 Gyselinck
3675 3517 18 15 ct
3708 3514 22 19 V.
3748 3514 50 18 Pétré
3815 3527 6 5 .
3841 3514 90 21 (Jusqu'au

3404 3536 22 17 23
3442 3535 52 19 mai).

3428 3565 23 4 —
3464 3555 56 20 Palais
3532 3556 30 17 des
3576 3556 113 19 Beaux-Arts,
3703 3557 28 18 10,
3745 3560 31 13 rue
3791 3556 64 20 Royale
3864 3561 5 12 :
3882 3560 42 16 expo-

3405 3577 52 18 sition
3469 3577 46 18 d'art
3529 3577 130 21 contemporain
3676 3577 91 20 (jusqu'au
3783 3577 20 18 21
3820 3577 51 18 mai).

3427 3607 26 5 —
3466 3599 58 18 Petite
3538 3598 74 20 Galerie,
3627 3599 18 18 3,
3659 3603 29 14 av.
3703 3598 69 18 Louise:
3789 3598 48 18 salon
3852 3598 21 17 de
3887 3597 36 21 prin-

3405 3621 56 19 temps
3479 3619 91 21 (jusqu'au
3585 3620 21 17 31
3624 3619 52 18 mai).

3428 3649 25 5 —
3468 3640 67 21 Galerie.
3551 3641 43 17 Pan.
3610 3641 22 17 50
3650 3640 25 17 Bd
3691 3640 22 18 de
3729 3640 94 18 Waterloo:
3839 3639 90 21 expositio»

3406 3664 57 16 comte
3477 3662 69 19 Euïeen
3561 3662 80 17 Ledebur
3656 3661 91 20 (jusqu'au
3761 3662 22 16 24
3799 3661 50 19 mat).

3430 3691 25 5 —
3466 3682 70 20 Collège
3551 3683 70 20 St-Jean
3636 3682 111 19 Berchmajis,
3762 3684 18 17 4,
3796 3687 29 13 rue
3838 3681 29 18 des
3880 3680 49 18 Ursu-

3408 3703 44 19 lines
3461 3709 5 13 :
3483 3703 96 21 exposition
3595 3704 31 18 des
3642 3708 66 13 œuvres
3723 3704 31 17 des
3770 3703 67 18 anciens
3850 3702 53 18 élèves
3918 3701 11 18 à

3408 3724 91 19 l'occasion
3511 3725 25 18 du
3548 3725 100 18 centenaire
3658 3725 23 18 de
3693 3725 138 18 l'établissement
3844 3723 86 21 (jusqu'au

3408 3747 21 17 21
3445 3746 53 19 mai).

3431 3775 24 5 —
3467 3767 45 18 Salle
3529 3767 98 21 Terminus,
3646 3767 41 19 544.
3705 3772 29 13 av.
3754 3766 96 20 Brucmann
3860 3770 5 13 :
3884 3765 46 18 salon

3408 3789 64 18 annuel
3489 3789 74 18 d'Uccle
3580 3788 64 19 Centre
3659 3788 50 19 d'Art
3729 3788 88 20 (jusqu'au
3838 3788 20 16 16
3876 3786 54 21 juin).

3430 3818 25 4 —
3466 3810 79 17 Semaine
3565 3810 94 17 Maritime.
3677 3818 9 5 -
3703 3809 73 20 Journée
3793 3807 87 19 consacrée
3898 3811 33 13 «ux

3408 3831 68 18 navires
3487 3832 24 17 de
3522 3836 60 14 cuerre
3596 3831 78 20 français.
3689 3832 19 16 11
3722 3831 18 17 h.
3754 3831 28 19 30,
3797 3829 91 21 Réception
3900 3828 30 17 des

3407 3852 78 18 oificiers
3499 3853 12 17 à
3525 3853 17 17 la
3556 3852 55 21 Li#u?
3625 3851 87 20 Maritime
3727 3851 56 19 B-rlm?.
3797 3851 27 18 De
3838 3852 21 16 14
3874 3850 18 18 h.
3908 3850 21 17 30

3408 3874 12 18 à
3439 3874 23 18 20
3481 3874 18 18 li.
3519 3875 23 16 30
3552 3878 5 13 :
3578 3873 50 18 visite
3645 3873 24 18 du
3687 3873 86 17 Mercator
3790 3877 32 15 par
3839 3872 16 17 le
3873 3870 56 21 public

3412 3894 93 22 (Bnw-el'a
3521 3895 56 20 Royal
3592 3894 56 18 Yacht
3664 3894 49 19 Club,
3731 3896 42 18 pont
3789 3893 36 17 Van
3842 3892 65 18 Praet).

3432 3924 24 6 —
3469 3917 21 17 15
3509 3916 26 20 h..
3554 3916 57 18 Palais
3628 3916 25 17 du
3672 3914 145 21 Cinquantenaire
3826 3918 5 14 :
3850 3916 80 15 concourt

3407 3937 92 21 Hppique.
3933 3942 13 13 4

3432 3967 25 5 —
3470 3959 20 17 15
3510 3958 19 19 h.
3548 3959 29 18 30.
3597 3957 72 19 Institut
3689 3956 90 21 Supérieur
3798 3955 92 18 d'Histoire
3908 3954 22 18 de

3410 3980 45 18 l'Art
3475 3982 18 16 et
3512 3979 132 20 d'Archéologie,
3664 3979 17 18 9,
3702 3982 30 13 rue
3750 3978 23 17 du
3792 3977 60 18 Musée
3861 3981 5 13 :
3887 3980 10 13 c
3904 3975 25 18 La

3410 4002 80 17 Peinture
3505 4006 22 13 en
3545 4001 74 17 Italie»,
3635 4005 31 15 par
3682 3999 25 19 M.
3724 3998 32 18 Ed.
3771 3998 28 19 De
3815 3998 63 19 Bruyn.

3431 4031 26 5 —
3467 4022 35 19 Vie
3521 4022 74 21 Congre-
3613 4021 23 19 de
3656 4019 115 19 l'Association
3791 4018 90 19 Nationale
3897 4017 31 17 des

3410 4043 67 19 Cercles
3494 4041 139 20 Universitaires"
3639 4042 23 18 de
3678 4040 108 23 Propagande
3802 4038 124 20 aéronautique.

3411 4066 21 16 17
3449 4065 25 18 h..
3490 4065 97 17 Pèlerinage
3600 4064 31 18 des
3647 4063 62 18 C.P.A.
3724 4061 89 18 hnixeV.ois
3827 4066 22 12 au
3864 4059 53 17 mémo-

3409 4086 31 18 rial
3456 4086 23 18 du
3497 4087 32 17 Rot
3543 4086 84 17 aviateur,
3643 4090 22 12 au
3682 4086 97 15 monument
3793 4082 30 18 des
3837 4080 86 18 Aviat-rurs

3407 4110 20 15 et
3443 4107 12 18 à
3473 4107 17 19 la
3505 4107 57 18 tombe
3578 4106 19 19 E.
3614 4105 101 19 Calembert.
3730 4113 9 6 -
3754 4105 22 16 20
3791 4104 23 17 h..
3830 4102 91 17 Ouverture

3408 4128 24 18 du
3447 4128 74 22 Congrès
3536 4132 22 14 ao
3573 4127 56 18 Palais
3643 4127 29 17 des
3688 4125 102 18 Beaux-Arts
3806 4123 38 19 Crue
3858 4122 64 16 Kaven-

3406 4150 56 18 stein)
3488 4151 18 16 ct
3528 4149 102 18 conférence
3651 4147 96 20 publique:
3771 4148 41 14 «M
3835 4144 85 16 mentalité

3408 4171 124 20 Léronautique
3546 4175 23 13 -en
3586 4170 79 19 Belgique
3672 4172 16 14 î-.
3705 4172 30 15 par
3750 4166 17 17 le
3781 4165 134 27 lieutenant-colo-

3407 4193 29 17 nel
3460 4191 97 21 Daumerie,
3579 4190 82 19 directeur
3683 4188 22 18 de
3729 4186 148 19 l'Administration
3898 4185 24 16 de

3409 4213 146 19 l'Aéronautique.
3729 4228 6 7 ,
3766 4227 11 3 _
3817 4226 11 9 .,

3430 4244 26 4 —
3466 4235 22 17 20
3506 4234 25 18 h..
3548 4234 64 17 Séance
3627 4230 82 22 publique
3723 4228 24 18 du
3763 4226 66 20 Conseil
3846 4230 68 14 commu-

3408 4256 30 18 nal
3454 4256 23 18 de
3491 4255 110 19 Schaerheek.
3726 4270 6 7 ,
3762 4269 14 4 _
3816 4268 11 9 .,

3429 4286 26 6 —
3465 4277 23 18 20
3506 4276 24 19 h..
3547 4276 63 18 Séance
3625 4272 81 22 publique
3720 4271 23 17 du
3761 4271 67 17 Conseil
3845 4273 70 13 commu-

3409 4298 29 19 nal
3452 4298 23 18 de
3487 4298 53 20 Jette.
3772 4311 6 6 .
3801 4311 10 8 ,
3837 4310 5 5 .
3891 4310 27 9 __

3431 4328 24 6 —
3466 4320 22 16 20
3503 4318 11 18 h
3541 4317 72 18 ThéAtre
3626 4313 86 20 Flamand,
3724 4317 30 13 rue
3767 4311 22 18 de
3801 4311 76 18 T.aeken.
3891 4311 26 15 Re-

3409 4340 115 21 présentation
3542 4337 105 20 dramatique
3665 4336 23 17 de
3705 4333 114 19 bienfaisance
3839 4335 86 17 organise*

3408 4367 32 13 nar
3459 4362 17 17 le
3493 4361 55 18 cercle
3565 4357 147 23 philanthropique
3731 4359 11 13 «
3749 4354 71 18 L'Essor
3839 4353 22 18 de
3882 4352 43 17 Bru-

3408 4373 74 28 iclte*.
3499 4387 23 13 au
3536 4380 51 21 profit
3601 4379 23 18 do
3639 4378 68 19 l'œuvre
3722 4375 41 19 «Le
3781 4375 74 18 Berceau
3870 4373 13 18 d
3890 4374 25 17 An-

3407 4403 77 19 derlecht
3490 4408 18 13 ».
3524 4403 27 17 Au
3567 4403 117 18 programme:
3700 4397 89 18 «Atout...
3808 4400 45 13 cœur
3860 4399 17 15 »,
3885 4397 41 15 tro»

3407 4428 47 16 actes
3467 4425 23 17 de
3505 4424 46 18 Félix
3566 4422 82 19 Gandera.

3429 4454 24 6 —
3465 4446 22 17 20
3504 4445 12 18 h
3539 4445 28 18 15.
3583 4443 75 18 Sciences
3672 4439 160 19 transcendentales,
3849 4439 29 16 45.
3894 4440 30 13 rue

3407 4467 23 19 de
3443 4466 66 20 Lnoram
3519 4471 5 13 :
3541 4471 11 11 «
3560 4465 23 18 -U
3598 4462 60 22 pensée
3671 4461 31 21 qui
3717 4459 55 22 guérit
3779 4464 17 15 »,
3811 4464 31 15 par
3856 4458 26 18 M.
3898 4457 27 17 De

3407 4488 91 19 Vleminck
3517 4486 113 21 (expériences
3645 4485 18 16 et
3680 4481 159 19 démonstrations).

3405 4523 8 10 ,
3564 4521 5 7 .
3637 4509 73 22 m>&+
3913 4510 9 11 •

3442 4556 59 32 LES
3524 4551 125 35 GREVES
3670 4550 46 32 DE
3738 4546 146 36 MINEURS

3498 4596 88 33 DANS
3603 4594 40 32 LE
3660 4593 67 32 BOR
3728 4590 100 33 INAGE

3446 4669 55 31 950
3518 4667 125 37 gréviste»
3658 4663 116 38 assignés
3791 4661 95 31 devant

3455 4711 25 32 le
3502 4708 102 33 Conseil
3628 4707 33 32 de
3682 4704 194 34 Prud'hommes

3562 4751 33 32 de
3620 4750 144 36 Pâturages

3703 4798 75 22 Mons,
3797 4795 27 21 16
3840 4793 53 21 niai.

3426 4829 33 19 La
3487 4825 113 22 direction
3625 4824 41 20 des
3691 4822 174 21 charbonnages
3889 4816 30 21 da

3399 4853 91 21 Levant
3504 4852 25 20 et
3543 4850 41 20 des
3598 4848 110 21 Produits
3722 4847 31 19 du
3767 4845 73 21 Flénu
3856 4847 16 15 a
3884 4846 26 15 as-

3401 4877 67 24 signé
3487 4876 86 20 devant
3590 4874 23 20 le
3631 4872 92 21 Conseil
3743 4871 28 19 de
3789 4869 120 21 Prud'hom-

3400 4908 50 15 mes
3468 4902 28 19 de
3515 4899 136 24 Pâturages,
3668 4902 30 15 en
3714 4896 96 23 rupture
3826 4894 27 19 de
3868 4895 41 16 con-

3400 4928 50 20 trat
3464 4927 29 20 de
3508 4925 93 23 travail,
3616 4924 33 19 les
3664 4922 40 20 950
3721 4920 104 20 ouvriers
3840 4918 27 19 de
3881 4918 36 17 ses

3401 4951 63 24 puits
3479 4955 22 15 n.
3515 4950 27 20 17
3557 4949 25 19 et
3596 4947 29 21 de
3639 4946 108 21 l'Eribus,
3761 4944 40 24 qui
3816 4949 12 14 s
3835 4942 83 20 étaient

3400 4976 45 21 mis
3465 4980 30 15 en
3514 4972 70 26 grève
3603 4976 57 16 sans
3679 4970 66 21 avoir
3766 4968 70 21 remis
3857 4967 59 19 leurs

3401 5000 98 24 préavis.
3729 5019 21 5 _
3771 5018 7 6 .
3857 5015 9 9 ,
3879 5011 12 13 A
3891 5008 21 11 .t

3426 5025 61 20 Tous
3501 5024 34 19 les
3549 5022 105 19 ouvriers
3668 5020 30 19 fle
3713 5018 102 22 l'Eribus
3829 5016 37 21 ont
3879 5016 34 15 en

3401 5047 146 23 condsmnés,
3581 5046 91 20 chacun
3703 5043 16 20 à
3749 5047 47 16 une
3825 5039 88 22 *■"»•■

3403 5073 144 25 équivalente
3570 5075 32 16 au
3624 5069 85 21 salaire
3731 5068 28 20 de
3782 5067 58 19 deux
3857 5065 49 33 jour-

3401 5097 54 23 nées
3472 5099 23 18 et
3520 5100 33 16 un
3578 5093 130 26 cinquième
3731 5092 28 20 de
3784 5090 87 21 travail,
3890 5090 23 13 m

3401 5128 57 16 ceux
3474 5122 32 20 du
3521 5120 64 25 puits
3601 5124 23 15 n.
3638 5118 27 20 17
3679 5117 17 21 à
3709 5122 47 15 une
3772 5115 94 21 amende
3881 5115 23 14 re-

3401 5146 136 27 présentant
3555 5145 22 19 le
3595 5143 86 20 salaire
3699 5142 68 20 d'une
3784 5140 92 24 journée
3892 5138 22 14 «

3420 5177 12 14 n
3448 5169 130 24 cinquième
3594 5168 28 19 de
3637 5167 93 20 travail.
3829 5187 7 6 ^

3425 5196 33 20 La
3471 5194 71 24 grève
3557 5193 61 20 reste
3631 5192 108 23 toujours
3752 5188 110 25 complète
3872 5188 42 30 aj»

3429 5225 31 15 ux
3476 5220 64 24 puits
3559 5218 31 19 du
3607 5216 91 20 Levant
3715 5216 25 19 et
3756 5214 40 20 des
3813 5209 101 23 Produits

3444 5239 80 27 Flénu,
3539 5242 60 21 mais
3612 5242 22 19 ie
3647 5240 85 21 travail
3746 5244 15 15 a
3773 5238 74 24 repris
3862 5236 53 18 dans

3409 5278 24 13 es
3446 5270 81 19 autres
3539 5266 177 22 charbonnages
3728 5262 31 22 où
3771 5263 34 19 les
3817 5260 100 21 ouvriers

3400 5294 94 21 avaient
3507 5290 79 22 refusé
3600 5291 28 19 de
3643 5288 133 21 descendre.

3423 5319 46 21 Les
3491 5316 113 26 grévistes
3626 5314 31 20 du
3679 5313 64 24 puits
3763 5312 29 19 de
3812 5310 105 20 Cracnet-

3400 5344 115 22 Picquery
3536 5340 41 21 des
3598 5338 182 23 Charbonnages
3802 5334 82 22 Belges
3903 5334 15 16 a

3401 5366 131 22 -•amerles
3559 5364 42 20 ont
3629 5361 97 25 accepté
3753 5361 24 19 la
3804 5358 113 25 promesse

3399 5394 38 23 qu'
3451 5393 50 19 leur
3513 5395 16 15 a
3539 5389 38 21 été
3587 5388 60 20 faite
3659 5385 141 22 d'examiner
3812 5384 59 18 leurs
3882 5383 24 16 re-

3399 5416 159 22 vendications
3574 5412 143 21 concernant
3731 5410 35 19 les
3781 5408 94 20 salaires
3892 5408 23 14 «

3400 5446 58 17 ceux
3476 5441 32 20 du
3527 5439 65 25 puits
3611 5437 29 20 de
3660 5437 147 22 l'Espérance
3825 5437 15 14 a
3855 5430 60 39 «gg

3403 5467 66 20 vraln
3493 5465 40 19 des
3556 5462 182 21 Charbonnages
3762 5458 31 19 du
3815 5453 101 22 Hainaut

3399 5493 42 20 ont
3472 5493 103 17 reconnu
3609 5490 43 21 que
3682 5485 35 19 les
3749 5482 72 25 griefs
3851 5479 64 22 qu*«

3397 5515 95 22 avalent
3509 5511 110 23 articulés
3637 5510 80 20 contre
3736 5512 33 15 un
3784 5507 78 24 porisn
3878 5507 27 13 ré-

3399 5540 112 22 sultaient
3531 5537 53 21 d'un
3602 5532 157 25 malentendu.

3424 5566 35 19 La
3478 5563 115 22 situation
3609 5559 111 23 continue
3736 5563 16 15 a
3771 5555 48 21 être
3836 5555 77 17 caim»

3402 5222 24 19 dt

3401 5247 29 18 du

3400 5272 32 19 les
