4156 5948
1791 137 7 22 !
1805 135 127 23 NATION
1951 135 113 25 BELGE,
2084 135 28 21 28
2130 133 145 25 FEVRIUH
2292 134 58 24 1932

83 223 36 19 rc,
141 217 140 29 rappelant
302 218 16 23 à
338 218 61 29 quel
417 218 78 36 point
516 217 25 24 la
561 215 66 25 littè-
638 219 9 35 J

83 248 89 21 rature
203 247 134 29 française
367 254 16 17 a
412 247 85 29 formé
528 245 100 30 l'esprit

85 276 82 28 belge.
192 276 103 29 Rappel
321 276 100 24 discret
446 278 25 22 et
496 275 72 30 plein
594 275 33 23 de

83 306 62 23 août
168 305 47 24 des
236 305 168 30 souffrances
426 306 33 24 de
481 305 25 24 la
526 310 101 23 guerre,

82 335 140 29 hommage
241 342 52 17 aux
310 337 91 25 morts,
419 342 52 17 aux
487 334 108 24 soldats.

118 365 33 23 M.
175 365 122 26 Bovesse,
320 365 46 30 qui
389 365 51 23 sait
462 370 49 18 son
535 362 93 24 métier

86 394 142 25 d'orateur,
255 393 148 31 développe
428 393 24 24 le
477 393 60 29 plus
563 392 52 23 heu-

84 424 149 22 reusement
257 424 37 23 les
317 425 100 22 thèmes
439 422 152 28 classiques.

117 452 22 23 Il
163 454 38 22 est
226 452 242 24 chaleureusement
492 450 136 30 applaudi.

118 482 32 23 M.
172 482 72 24 René
267 483 155 28 Branquart,
444 480 46 30 qui
512 480 38 23 lui
571 487 46 16 suc-

86 511 73 26 cède,
182 511 44 24 n'a
248 512 57 23 rien
327 512 33 23 de
382 510 138 29 classique.
543 509 23 24 Il
587 511 39 22 est

85 540 172 30 pittoresque,
277 540 168 26 chaleureux,
464 538 72 30 plein
556 538 63 24 d'hu-

87 576 85 17 mour.
197 571 65 23 Mais
288 568 132 31 pourquoi
445 568 88 24 diable
558 568 68 28 faire

86 606 50 16 une
151 599 112 24 allusion
278 599 71 23 aussi
362 598 101 24 directe
477 598 16 23 à
507 604 47 16 nos
569 603 50 22 que-

86 628 78 24 relles
183 629 33 23 de
236 628 107 29 ménage
363 629 25 22 et
407 627 132 29 pourquoi
557 626 63 24 attri-

86 658 66 23 buer
167 658 16 23 à
204 665 8 15 :
222 664 67 17 ceux
304 657 35 23 du
356 657 86 23 Havre
451 664 13 14 »
481 656 99 24 l'échec
597 656 18 23 d
621 663 9 16 :

86 686 100 25 l'union
203 685 144 25 douanière
362 684 187 30 franco-belge.
564 685 65 24 Rien

85 715 67 24 n'est
171 715 87 24 moins
276 716 88 25 exact;
383 715 171 29 l'opposition
573 715 46 27 fon-

86 745 71 24 cière
174 745 71 24 vient
261 745 33 23 de
310 744 143 24 Bruxelles.

119 774 62 24 Puis
201 780 30 18 ce
249 773 40 29 [ut
310 772 151 28 Diederich,
482 773 137 28 bourgmes-

85 804 41 23 tre
139 803 33 23 de
186 803 190 29 Luxembourg,
390 803 25 23 et
428 802 74 28 enfin
515 802 34 23 M.
563 802 57 23 Dou-

87 839 58 17 mer
170 832 141 27 lui-même,
336 831 54 30 qui,
416 832 121 28 rompant
563 838 64 16 avec

89 862 144 23 l'habitude
255 875 33 4 —
312 859 19 26 il
354 868 33 16 ne
408 860 49 28 fait
480 859 93 30 jamais
595 860 33 23 du

87 892 81 22 toasts
186 904 32 4 —
236 897 138 23 prononça
391 897 31 17 en
441 889 140 24 l'honneur
598 890 33 22 de

88 920 25 24 la
130 920 124 30 Belgique
272 927 34 16 un
325 918 65 31 petit
407 918 106 29 speech,
531 919 22 23 le
572 918 59 30 plus

87 950 162 24 chaleureux
267 955 50 23 que
339 948 124 30 possible.

123 979 22 24 H
162 987 17 17 a
198 980 39 25 dit
257 980 173 23 notamment:

114 1026 28 5 —
158 1016 46 20 Les
224 1015 135 25 problèmes
377 1015 41 25 qui
438 1020 62 15 nous
519 1014 104 26 préoccu-

88 1043 60 24 pent
186 1042 155 24 aujourd'hui
382 1042 56 20 sont
476 1040 155 22 assurément

87 1069 80 20 moins
189 1069 125 24 tragiques
336 1073 46 19 que
403 1072 62 16 ceux
484 1067 71 25 posés
576 1073 47 19 pen-

89 1096 60 20 dant
172 1095 25 20 la
221 1100 93 19 «guerre,
337 1094 82 25 quand
444 1092 98 22 l'armée
566 1095 58 19 fran-

88 1122 66 24 çaise
172 1121 146 20 combattait
335 1125 48 15 aux
400 1119 72 23 côtés,
488 1120 29 20 de
536 1119 98 21 l'armée

87 1148 70 24 belge
176 1147 92 25 grossie
287 1147 29 20 de
335 1146 133 21 nombreux
485 1147 149 20 volontaires

90 1175 32 19 du
136 1174 177 24 Luxembourg,
329 1171 95 22 enrôlés
439 1177 62 20 pour
518 1172 116 21 défendre

89 1201 24 20 la
130 1204 73 16 cause
222 1200 32 20 du
273 1199 70 20 droit.
361 1199 70 22 Mais,
450 1199 47 24 j'en
515 1199 51 20 suis
584 1204 41 15 cer-

88 1227 60 23 tain,
171 1227 103 24 quelque
296 1226 49 20 soit
370 1225 21 20 lo
416 1225 112 20 domaine
551 1223 33 22 où
606 1229 28 16 se

91 1253 139 20 dresseront
242 1252 35 20 les
290 1250 142 24 difficultés,
445 1256 44 16 nos
503 1252 60 19 trois
577 1255 48 21 gou-

89 1279 155 20 vernements
266 1277 136 21 réussiront
422 1276 120 22 aisément
563 1275 17 22 à
599 1277 35 20 les

90 1304 121 24 résoudre,
234 1304 155 20 maintenant
412 1304 69 20 entre
511 1308 46 16 eux
586 1306 48 16 une

90 1330 174 22 collaboration
284 1330 110 21 franche,
414 1330 85 24 loyale,
517 1329 109 20 certaine-

89 1358 68 20 ment
174 1357 110 22 efficace,
300 1361 62 20 pour
378 1356 22 20 le
417 1356 54 24 plus
487 1355 79 26 grand
580 1359 45 21 pro-

91 1384 30 20 fit
141 1384 29 20 de
187 1383 64 20 leurs
269 1387 61 20 pays
347 1382 135 25 respectifs.

117 1410 65 20 Cest
206 1410 61 20 dans
290 1409 64 20 cette
378 1408 138 21 conviction
540 1412 46 19 que
610 1405 24 25 je

77 1452 5 6 .
90 1436 52 21 lève
161 1441 59 15 won
238 1440 70 16 verre
327 1434 16 21 à
362 1435 25 20 la
406 1432 135 27 prospérité
562 1433 29 19 de
610 1432 24 19 la

90 1462 117 26 Belgique
224 1462 24 20 et
265 1462 32 19 du
311 1461 171 24 Luxembourg
496 1460 25 20 et
534 1464 32 15 au
581 1463 42 15 suc-

90 1488 41 21 cès
145 1489 29 20 de
187 1488 164 20 l'association
364 1487 42 25 qui
421 1486 128 26 symbolise
564 1483 69 22 notre

91 1519 129 17 commune
238 1514 126 20 affection.

125 1547 36 23 Le
181 1545 127 31 déjeuner
328 1545 63 25 était
411 1545 52 30 fort
485 1542 108 29 élégant.
614 1540 22 25 Il

92 1585 18 22 y
128 1576 70 25 avait
217 1577 136 28 beaucoup
373 1575 32 24 de
423 1574 103 25 monde.
545 1572 90 24 Citons

93 1606 182 25 notamment.:
298 1606 37 24 du
359 1604 58 26 côté
448 1602 73 30 belge
544 1609 10 17 :
586 1600 49 25 MM

93 1636 107 25 Charles
220 1636 137 29 Magnette,
380 1633 134 31 président
535 1632 37 25 du
592 1630 33 24 Sé-

93 1667 57 26 nat;
167 1665 120 27 Bovesse,
306 1664 120 25 ministre
443 1664 46 23 des
506 1662 27 24 P.
550 1661 28 24 T.
596 1660 39 26 T.;

93 1695 37 24 les
144 1694 137 25 sénateurs
296 1694 83 24 Emile
394 1692 121 29 Digneffe
530 1692 24 23 et
568 1691 58 23 Mau-

93 1725 56 24 rice
167 1725 123 29 Despret;
308 1724 38 24 les
363 1722 109 31 députés
489 1721 147 30 Branquurt

94 1758 25 22 et
134 1755 89 23 Victor
239 1753 165 31 Carpcntier;
420 1752 38 24 les
474 1751 109 25 anciens
598 1749 28 25 sé-

93 1786 107 22 nateurs
217 1784 101 24 Peltzer
334 1784 33 24 de
383 1782 132 24 Clermont
532 1784 25 22 et
571 1780 65 24 Jean

95 1814 167 30 Carpeniier;
279 1814 37 24 les
332 1812 108 25 anciens
457 1811 109 29 députés
582 1809 56 24 Fla-

92 1851 50 22 geq
161 1845 25 23 et
206 1844 154 28 Terwagne:
380 1841 205 25 l'ambassadeur
603 1840 33 23 de

93 1873 124 30 Belgique
233 1874 32 23 M.
281 1873 32 24 de
330 1871 111 30 Gaiffier
456 1870 140 35 d'Hestroij
612 1870 25 22 et

95 1902 123 24 l'attaché
244 1901 125 25 militaire
395 1898 229 29 .lieutenant-géné-

94 1932 41 24 ral
146 1933 41 23 Du
200 1933 73 25 Bo.s;
287 1932 57 24 MM.
361 1930 126 28 VIcminx,
501 1929 136 30 président

94 1962 48 24 des
159 1962 109 24 Amitiés
286 1960 146 31 françaises
448 1962 25 22 et
489 1959 74 29 Neef,
580 1958 47 30 pré-

95 1992 89 24 sident
200 1992 34 24 de
251 1993 26 23 la
294 1991 129 24 Chambre
441 1990 32 23 de
490 1994 148 19 commerce

96 2022 73 28 belge
184 2022 34 24 de
232 2020 85 25 Paris.

127 2049 218 31 Représentaient
360 2050 24 23 le
399 2048 190 26 Grand-Duché
604 2049 34 24 de

94 2079 184 29 Luxembourg
305 2087 9 17 :
336 2080 33 24 M.
393 2079 115 25 Leclère,
540 2078 96 27 chargé

95 2109 148 30 d'affaires:
267 2110 32 24 M.
322 2109 98 29 Bastin,
445 2108 93 25 consul
561 2107 66 30 géné-

95 2139 47 29 ral,
166 2140 37 24 les
227 2139 110 30 députés
361 2138 97 24 Marcel
490 2138 89 24 Cahen
612 2139 25 22 et

97 2168 100 28 Thorn;
213 2170 33 23 M.
260 2168 136 28 Diderich,
412 2168 178 29 bourgmestre
605 2168 33 23 de

96 2198 26 25 la
140 2199 60 25 ville
218 2200 33 24 de
268 2198 191 28 Luxembourg.

130 2228 88 24 Parmi
243 2228 37 24 les
303 2226 193 32 personnalités
521 2226 105 31 françai-

95 2265 50 20 ses,
170 2258 86 25 citons
279 2259 34 25 M.
334 2258 89 24 Albert
445 2257 113 28 Lebrun,
581 2257 47 30 pré-

96 2288 89 24 sident
201 2288 36 24 du
253 2288 91 26 Sénat;
362 2288 32 23 M.
410 2287 123 24 Fernand
550 2286 90 24 Bouis-

96 2324 57 21 son,
176 2317 136 30 président
335 2318 33 24 de
392 2317 26 25 la
440 2317 129 24 Chambre
592 2317 46 23 des

96 2347 122 29 députés:
234 2348 33 24 M.
284 2347 122 29 Messiny,
423 2346 130 29 sénateur,
571 2346 69 24 vice-

96 2376 136 30 président
254 2378 36 23 du
311 2376 112 27 Comité;
444 2377 58 24 MM.
524 2376 115 30 Landry,

95 2406 111 28 Leredu,
224 2406 194 24 Marchandeau
437 2407 24 24 et
481 2406 157 30 Bonnefous,

96 2436 110 26 anciens
228 2436 146 27 ministres;
394 2436 95 28 Jossot,
508 2435 130 25 sénateur.

97 2466 59 24 MM.
175 2465 128 29 Candace,
320 2465 122 25 Amidieu
459 2467 36 23 du
514 2466 67 28 Clos,
596 2465 34 26 dé-

97 2495 88 29 putés;
202 2496 58 24 MM.
278 2495 108 25 Camille
403 2496 68 29 Cerf,
490 2493 139 32 vice-prési-

97 2525 64 25 dent
176 2525 36 25 du
230 2525 100 25 Comité
345 2525 294 30 France-Bclgique-Lu-

96 2554 152 30 xembourg,
264 2554 197 29 Klobukowski,
476 2554 96 25 ancien
587 2562 41 16 am-

98 2584 144 25 bassadeur
264 2584 33 25 de
320 2585 101 23 France
451 2586 16 23 à
496 2584 143 27 Bruxelles,

97 2614 105 24 Martial
222 2613 102 27 Merlin,
346 2621 166 22 gouverneur
534 2614 106 30 général

98 2643 48 25 des
165 2643 129 29 Colonies,
315 2644 110 25 Francis
444 2645 94 26 Derau,
559 2643 72 31 prési-

97 2672 64 24 dent
180 2673 47 24 des
247 2672 110 25 Amitiés
384 2673 193 30 franco-belges
604 2673 34 24 de

97 2702 74 28 Lille,
190 2704 57 26 etc.,
264 2704 50 24 etc.

262 2746 35 34 A
321 2746 163 44 l'Elysée

365 2799 78 23 Paris,
466 2798 28 20 27
516 2799 97 21 février.

123 2824 34 20 Le
187 2823 90 21 comité
309 2824 331 26 France-Belgique-Luxem-

94 2849 80 26 hourg
188 2855 16 15 a
218 2849 38 21 été
272 2855 58 21 reçu
344 2850 16 21 à
375 2851 60 20 midi
449 2851 16 20 à
478 2851 103 25 l'Elysée
595 2856 46 21 par

100 2875 22 19 le
135 2874 124 26 président
271 2875 29 21 de
312 2876 25 20 la
349 2875 156 26 République,
516 2875 17 22 à
544 2877 41 25 qui
598 2878 16 19 il
626 2883 16 15 n

96 2901 39 22 été
150 2902 114 25 présenté
280 2908 45 20 par
340 2908 45 16 son
400 2903 131 26 président,
547 2905 33 20 M.
597 2905 35 20 Lu-

96 2930 57 20 cien
169 2929 103 21 Hubert.

123 2955 37 21 La
180 2955 137 25 délégation
334 2955 70 26 belge
423 2957 68 20 avait
509 2956 16 21 à
544 2962 29 15 sa
591 2956 50 21 tête

74 2993 8 6 •
86 2981 44 22 ,M.
149 2981 99 26 Elagey,
268 2982 41 25 qui
330 2981 62 22 était
411 2982 101 21 entouré
533 2983 29 21 de
582 2983 59 20 MM.

87 3007 141 25 :Mi3Îgnette,
249 3007 126 26 président
396 3007 33 22 du
451 3008 76 22 Sénat
551 3014 7 18 ;
594 3009 44 20 Bo-

75 3034 102 22 I.e.râ5e,
194 3033 114 21 ministre
328 3034 42 19 des
389 3034 28 21 P.
428 3033 35 21 ~T.
483 3034 27 20 T.
520 3039 7 19 ;
549 3034 93 25 Seç°rs,

95 3060 114 24 ministre
227 3060 94 25 d'Etat;
341 3061 36 20 les
394 3060 129 21 sénateurs
540 3061 94 25 Dignef-

95 3086 27 20 fe
144 3086 25 20 et
190 3086 110 25 Despret,
320 3087 37 20 les
378 3087 102 25 députés
499 3087 142 25 Branquart

101 3111 27 21 et
153 3111 153 25 Carpentier;
340 3111 133 25 Vlémincx,
506 3112 134 21 Canon-Le-

96 3139 86 24 grand,
197 3139 189 26 Vanderlinden,
402 3140 119 24 Rooman,
536 3140 37 21 De
589 3140 52 23 Bal.

96 3164 102 22 Charles
213 3166 105 24 Bronne,
334 3167 46 20 etc.

122 3191 37 20 La
178 3190 137 27 délégation
334 3191 224 26 luxembourgeoise
577 3197 54 16 com-

96 3217 131 25 prenaient
251 3218 59 20 MM.
334 3218 106 24 Leclère,
465 3217 91 26 chargé
581 3218 51 20 d'af-

96 3244 78 20 faires
198 3249 6 16 :
243 3244 123 24 Diderich,
405 3245 168 25 bourgmestre
612 3244 29 21 de

95 3270 181 26 Luxembourg;
295 3271 94 23 Bastin,
407 3271 84 20 Cahen
510 3272 25 20 et
552 3271 89 20 Thorn.

125 3295 34 21 M.
183 3297 93 24 Flagey
300 3302 17 15 a
340 3296 125 25 prononcé
490 3297 148 20 l'allocution

96 3322 114 21 suivante
214 3328 6 15 :

178 3355 126 21 Monsieur
322 3356 23 20 le
364 3355 136 26 Président,

121 3387 67 22 Vous
203 3393 59 16 avez
276 3387 39 22 été
329 3389 50 21 l'un
393 3390 42 20 des
449 3389 144 21 fondateurs
609 3389 31 21 du

94 3413 90 22 comité
197 3414 228 26 France-Belgique,
439 3416 93 20 devenu
545 3416 87 24 aujour-

96 3440 74 24 d'hui,
211 3441 23 21 le
275 3441 95 22 Comité
410 3441 230 26 France-Belgique-

96 3466 178 26 Luxembourg.

119 3492 71 22 .Vous
208 3492 52 21 êtes
278 3493 71 24 notre
365 3493 126 25 président
508 3494 134 21 d'honneur

97 3518 86 25 depuis
201 3519 138 25 longtemps
359 3521 31 23 et,
410 3525 31 16 en
459 3520 65 21 cette
543 3520 98 25 qualité,

96 3548 62 16 vous
176 3544 83 21 n'avez
275 3546 91 24 jamais
384 3550 106 21 manqaj
507 3552 48 15 une
574 3551 59 17 occa-

94 3570 56 20 sion
165 3570 29 21 de
208 3575 61 17 vous
284 3570 132 22 intéresser
429 3571 16 22 à
458 3572 71 23 notre
541 3572 100 22 activité

96 3597 27 19 et
143 3596 30 21 de
193 3602 62 16 nous
276 3598 69 20 aider
365 3598 17 21 à
402 3598 102 21 réaliser
525 3604 43 15 nos
589 3600 43 19 des-

97 3623 73 24 seins,
188 3629 58 15 sous
263 3624 24 21 le
303 3625 69 24 signe
389 3625 30 20 de
438 3624 104 22 l'étroite
559 3624 85 21 amitié

96 3650 44 24 qui
157 3650 56 21 unit
230 3655 46 16 nos
293 3651 61 20 trois
372 3656 67 20 pays.

122 3675 70 21 Nous
213 3681 60 16 vous
296 3682 89 16 savons
406 3677 44 25 gré
472 3678 93 20 d'avoir
585 3678 56 21 bien

97 3702 74 20 voulu
196 3703 131 24 accueillir,
358 3708 60 16 avec
450 3703 79 21 bonne
561 3704 80 25 grâce,

95 3728 138 21 l'initiative
259 3729 30 20 de
313 3729 27 21 la
364 3729 188 21 manifestation
577 3731 56 20 d'au-

96 3754 123 24 jourd'hui
235 3755 60 20 dont
310 3755 24 21 le
349 3755 46 21 but
410 3756 38 20 est
462 3756 30 21 de
508 3761 60 16 vous
584 3757 58 22 dire,

96 3778 18 22 à
135 3780 129 21 l'occasion
288 3781 29 20 de
341 3783 69 19 votre
433 3783 125 20 accession
581 3782 15 21 à
618 3783 25 20 la

96 3806 56 24 plus
168 3806 75 23 haute
258 3807 91 25 charge
365 3808 29 20 de
410 3808 25 20 la
450 3808 92 25 grande
557 3809 85 20 nation

95 3833 66 20 amie
178 3834 25 19 et
219 3833 76 25 alliée,
312 3834 71 20 notre
399 3834 202 22 reconnaissance
617 3835 25 21 et

97 3859 71 23 notre
188 3859 156 21 admiration.

125 3884 75 25 Soyez
217 3885 92 23 assuré,
326 3886 125 21 Monsieur
467 3886 23 21 le
507 3886 135 25 Président,

96 3915 47 20 que
155 3911 69 21 votre
238 3911 103 21 élection
352 3912 17 21 à
380 3913 24 20 la
417 3911 145 22 Présidence
576 3913 30 24 de
618 3914 25 19 la

95 3935 153 27 République
265 3942 17 15 a
299 3937 38 21 été
355 3937 82 23 saluée
453 3943 60 16 avec
530 3939 49 24 joie
597 3944 45 20 par

96 3963 57 19 tcus
174 3963 36 20 les
230 3964 122 21 membres
374 3964 33 21 du
428 3964 90 21 comité
539 3965 105 21 France-

99 3988 306 27 Belgique-Luxembourg.

123 4014 47 21 Les
190 4016 146 20 sentiments
356 4021 47 20 que
424 4021 62 16 nous
506 4016 136 26 éprouvons

95 4045 63 20 pour
173 4042 69 20 votre
258 4047 127 19 personne,
399 4047 62 16 nous
478 4048 77 16 avons
569 4044 74 20 voulu

95 4067 36 20 les
146 4067 150 21 concrétiser
311 4073 31 16 en
357 4074 34 15 un
406 4069 115 21 souvenir
535 4070 107 20 durable.

97 4092 72 25 Nous
182 4100 64 17 vous
259 4094 93 29 prions
365 4095 150 30 d'accepter
535 4102 32 17 au
581 4102 61 18 nom

94 4122 34 20 <ie
143 4123 26 20 la
184 4124 95 20 seetion
295 4124 69 25 belge
382 4124 33 21 du
432 4125 90 21 comité
538 4125 105 21 France-

95 4148 70 26 Bilgi
167 4149 233 26 que-Luxembourg,
413 4150 65 22 cette
491 4156 83 16 œuvre
587 4151 55 21 d'un

97 4174 88 22 artiste
202 4175 30 24 de
247 4176 59 21 chez
321 4181 69 16 nous.

124 4200 54 24 Elle
196 4201 40 21 n'a
251 4202 54 21 rien
323 4202 115 21 d'officiel
456 4203 26 21 ni
500 4203 30 21 de
547 4203 87 25 spécifi-

96 4227 117 24 quement
233 4228 157 25 symbolique.
410 4229 65 21 C'est
493 4235 48 15 une
560 4235 83 15 œuvre

96 4252 70 25 d'art,
180 4253 55 21 tout
249 4254 77 24 court,
341 4254 83 26 signée
438 4260 46 20 par
497 4255 82 25 Piron,
593 4256 49 21 l'un

97 4278 30 20 d..*
145 4283 45 16 nos
207 4280 123 21 meilleurs
347 4281 108 25 peintres
471 4282 101 21 actuels.

123 4305 34 22 Le
174 4305 77 21 Livre-
262 4306 59 21 d'Or
336 4312 47 19 que
398 4311 63 17 nous
476 4312 77 16 avons
569 4308 65 20 l'hon-

96 4335 63 16 neur
174 4331 30 21 de
219 4337 61 15 vous
295 4332 75 21 offrir
385 4332 119 26 complète
521 4334 22 20 le
559 4333 75 22 témoi-

97 4361 87 21 gnage,
208 4362 48 20 que
278 4363 62 16 nous
363 4363 77 17 avons
462 4360 60 20 tenu
544 4359 18 21 à
582 4365 62 16 vous

97 4382 94 22 donner
212 4383 29 21 de
262 4384 71 24 notre
354 4385 160 25 respectueux
534 4385 101 22 attache-

97 4408 75 24 ment.

124 4433 68 23 Nous
212 4440 61 16 vous
292 4436 91 24 prions,
402 4435 126 23 Monsieur
545 4438 23 21 le
586 4437 49 22 Pré-

97 4460 88 24 sident,
205 4460 30 22 de
255 4461 58 21 bien
331 4463 95 21 vouloir
446 4462 53 22 être
518 4465 70 21 notre
609 4465 25 20 in-

97 4486 109 25 terprète
228 4487 90 25 auprès
340 4488 31 21 de
394 4489 66 22 Mme
482 4490 109 21 Doumer
613 4495 30 16 en

96 4512 35 20 lui
154 4513 178 21 transmettant
353 4514 147 26 l'hommage
522 4515 30 22 de
573 4516 71 21 notre

96 4538 108 24 profond
219 4540 103 24 respect.

125 4563 32 22 M.
176 4564 118 22 Diderich
312 4565 58 22 s'est
387 4565 65 26 joint
470 4571 49 17 aux
555 4568 89 24 Belges

100 4593 63 20 pour
175 4590 186 24 complimenter
372 4591 24 21 le
408 4591 125 26 président
545 4592 26 21 et
583 4593 34 21 lut
629 4598 16 16 a

97 4617 77 20 remis
193 4621 48 17 une
261 4618 94 25 poterie
376 4619 30 21 de
427 4619 25 21 la
471 4620 174 21 manufacture

98 4642 126 22 nationale
245 4643 31 21 de
296 4649 46 16 son
362 4649 68 20 pays,
450 4650 84 16 œuvre
554 4646 91 25 unique

96 4668 64 22 faite
180 4668 16 22 à
215 4670 138 21 l'intention
373 4670 30 23 de
423 4671 32 20 M.
476 4671 115 22 Doumer.
603 4672 5 5 '

124 4694 33 21 Le
174 4694 127 26 président
317 4696 30 21 de
364 4696 26 21 la
406 4696 154 26 République
575 4702 18 16 a
609 4703 23 16 v

100 4718 91 22 merclé
205 4720 233 25 chaleureusement,
450 4727 32 16 en
493 4727 46 16 son
550 4728 59 16 nom
621 4723 25 21 et

97 4751 32 15 en
142 4747 63 21 celui
219 4746 30 22 de
263 4747 66 25 Mme
341 4748 115 26 Doumer,
470 4748 17 22 à
501 4750 42 24 qui
556 4750 36 21 les
605 4749 31 22 dé-

102 4770 122 27 légations
251 4772 43 21 ont
319 4772 114 26 présenté
458 4774 67 21 leurs
551 4780 84 20 respec-

97 4799 76 20 tueux
191 4800 150 25 hommages.
359 4800 69 22 Dans
446 4805 48 17 une
512 4801 132 22 allocution

97 4825 127 25 familiale,
242 4826 33 21 M.
292 4826 110 21 Doumer
417 4832 17 16 a
453 4827 37 21 dit
506 4832 30 16 sa
552 4828 93 25 grande

98 4850 88 22 amitié
201 4856 63 20 pour
282 4852 26 20 la
325 4852 118 26 Belgique
460 4853 26 21 et
503 4854 23 20 le
543 4854 91 21 Luxem-

98 4877 85 26 bourg.
203 4878 22 20 Il
245 4882 17 16 a
283 4878 99 25 rappelé
403 4880 35 20 les
458 4878 128 22 sacrifices
607 4885 29 16 su-

98 4902 40 21 bis
155 4908 32 16 en
203 4908 123 17 commun.
345 4911 12 13 «
375 4904 33 21 Ce
424 4905 58 21 sont
499 4905 44 21 des
559 4905 87 21 choses

98 4929 43 25 qui
154 4934 32 16 ne
200 4929 130 21 s'oublient
342 4935 52 20 pas.
409 4936 13 14 »
434 4930 36 21 Et
483 4930 23 22 le
520 4930 126 26 président

92 4955 23 19 'a
130 4954 113 23 souhaité
260 4960 47 20 que
323 4956 65 24 cette
405 4956 85 22 amitié
507 4957 108 22 s'étende
630 4955 16 23 à

100 4980 107 21 d'autres
229 4982 99 21 nations
350 4987 88 16 encore
459 4987 63 21 pour
542 4983 26 20 la
588 4983 59 25 paix

100 5005 159 26 européenne.

125 5031 40 22 Un
182 5032 60 21 livre
260 5032 52 22 d'or
327 5038 17 16 a
361 5032 39 22 été
416 5034 75 21 remis
508 5034 138 26 également

98 5061 35 17 au
154 5057 127 26 président
302 5059 43 25 qui
366 5059 35 21 lui
423 5060 138 26 rappellera
580 5060 66 22 cetta

100 5084 196 21 manifestation.

129 5109 65 22 C'est
211 5108 18 22 à
246 5111 26 20 la
291 5110 64 22 suite
376 5111 29 21 de
426 5112 64 21 cette
508 5111 138 23 cérémonie

100 5140 48 20 que
163 5135 24 21 le
204 5136 79 25 grand
300 5136 117 25 déjeuner
434 5138 60 21 dont
509 5142 62 17 nous
589 5139 47 21 don-

100 5166 63 17 nons
180 5162 55 25 plus
253 5162 62 22 haut
331 5163 23 21 le
372 5163 97 26 compte
486 5165 78 20 rendu
580 5170 17 16 a
615 5169 31 18 eu

100 5187 57 22 lieu.

656 224 61 70 Au
749 241 106 66 pays
883 222 78 70 des
992 222 210 83 barrages

771 342 80 21 (Sulft»
867 340 30 22 ils
913 341 24 19 la
955 342 39 19 Ire
1010 341 76 24 page)

688 374 48 23 Ces
750 373 132 29 exemples
896 379 50 23 que
961 378 66 18 nous
1040 372 87 25 riions
1142 377 57 20 sont

655 403 100 25 choisis
788 402 86 30 parmi
906 402 138 30 beaucoup
1079 403 122 24 il'iuilres.

656 433 84 27 Aussi,
753 434 59 22 tous
825 438 67 17 ceux
906 431 54 30 qui,
974 432 18 22 il
1006 438 16 23 y
1037 438 14 17 a
1066 433 65 23 trois
1146 440 55 18 ans,

655 462 195 30 s'imaginaient
874 468 51 23 que
951 462 37 22 les
1013 460 187 27 cbarrMistes»

656 492 97 24 étaient
774 492 46 23 des
842 491 175 24 bienfaiteurs
1039 492 33 23 de
1094 491 97 24 l'huma-

657 522 63 27 nité,
745 520 229 25 commencent-ils
999 531 15 14 u
1040 529 28 16 se
1095 522 106 23 mordre

655 552 38 23 les
710 551 94 29 doigts.
822 550 30 23 Rt
869 550 19 23 il
904 556 16 24 y
937 557 64 17 aura
1017 550 115 24 d'autres
1149 551 42 23 vic-

656 581 76 23 times
757 586 105 21 encore,
886 586 47 17 car
957 580 47 24 des
1028 583 115 27 poteaux
1168 585 31 17 en

655 610 78 24 béton
748 610 144 27 attendent,
905 617 45 17 sur
964 612 85 22 toules
1062 611 37 22 les
1113 610 87 23 routes

656 641 32 23 de
703 640 24 23 la
740 638 117 28 contrée,
871 646 50 23 que
936 640 46 23 des
996 640 120 24 ouvriers
1131 637 71 24 vie'i-

658 672 61 21 ncnl
745 669 37 23 les
805 669 113 29 planter.
941 669 56 31 Que
1020 669 33 23 de
1078 665 124 27 mouches

657 699 118 29 captives
820 698 100 25 bientôt
965 700 65 22 dans
1074 698 23 22 la
1139 694 62 24 toile

657 727 187 30 d'araignée!...

948 765 24 27 A
994 759 210 31 Robertville

691 808 39 24 En
753 810 69 26 aulo,
845 815 47 23 par
914 808 46 23 des
982 807 87 23 routes
1091 802 111 25 bordées

659 837 32 25 de
716 838 125 28 sorbiers,
866 844 65 17 nous
955 840 116 26 gagnons
1096 831 106 25 Robert-

659 867 70 26 ville.
748 867 76 25 Voici
844 868 23 23 le
886 869 61 27 trop
968 866 104 22 fameux
1094 862 108 28 barrage

658 897 32 24 de
706 897 25 24 la
746 897 120 24 Warche.
882 897 106 23 Comme
1004 900 34 16 ou
1055 890 145 30 comprend

658 933 51 23 que
728 927 38 23 les
787 926 123 24 touristes
929 924 98 23 fassent
1048 921 24 24 la
1091 926 77 18 moue
1188 920 15 23 à

658 957 25 23 la
698 963 49 18 vue
763 957 32 23 de
810 963 30 17 ce
855 956 59 23 bloc
929 951 113 26 bélonné
1057 950 45 30 qui
1117 955 86 23 coupe

658 987 26 23 la
706 986 92 27 vallée,
820 992 33 17 en
876 984 89 23 amont
988 981 46 23 des
1056 980 90 24 ruines
1170 979 32 23 'le

659 1014 204 27 Rheinardstein
888 1015 6 22 !
917 1013 106 23 Comme
1043 1018 35 16 on
1100 1008 104 31 préfère

659 1046 25 24 le
707 1044 110 31 barrage
839 1044 33 23 de
895 1043 25 23 la
943 1039 122 32 Gileppel
1091 1039 57 27 Lui,
1170 1045 32 16 au

659 1076 95 26 moins,
768 1072 129 26 construit
913 1077 48 23 par
976 1070 46 23 des
1038 1069 99 29 Belges,
1152 1074 41 18 res-

659 1106 59 29 pire
738 1105 23 22 la
781 1104 73 22 force
874 1102 100 23 tenace.
994 1100 19 22 Il
1034 1099 95 25 suinte,
1148 1104 45 17 cer-

660 1137 47 24 tes,
726 1133 66 23 mais
811 1131 19 23 il
850 1130 101 26 résiste,
971 1129 59 23 n'en
1051 1127 118 30 déplaise
1189 1128 15 22 i\

659 1169 66 18 ceux
742 1161 46 30 qui
805 1161 24 23 le
846 1160 82 23 citent
946 1165 31 17 en
998 1158 119 29 exemple
1135 1163 68 23 pour

661 1192 126 24 défendre
803 1189 68 24 celui
888 1189 33 23 de
937 1188 23 24 la
977 1187 120 24 Warche.
1115 1188 19 21 A
1149 1185 43 30 pei-

659 1228 33 17 ne
704 1220 41 28 né,
758 1226 48 23 par
820 1220 23 22 la
858 1218 78 30 grâce
950 1218 45 23 des
1010 1216 192 30 «spécialistes;»

662 1251 113 26 italiens,
807 1248 123 30 polonais
956 1254 35 17 ou
1018 1245 169 25 tchécoslova-

660 1286 71 24 ques,
753 1277 107 25 celui-ci
883 1277 56 24 doit
961 1276 75 34 suÇir
1057 1275 33 23 de
1112 1280 92 23 graves

659 1308 161 31 opérations.

692 1339 39 22 Au
749 1344 58 17 mur
826 1336 53 30 qui,
897 1343 14 16 a
930 1342 47 17 son
997 1335 118 26 sommet,
1133 1334 39 23 est
1190 1333 14 23 4

660 1367 78 30 peine
758 1373 72 17 assez
849 1366 71 29 large
940 1371 68 23 pour
1028 1364 142 29 permettre
1189 1362 15 23 à

661 1398 68 23 deux
749 1398 75 22 autos
844 1396 33 23 de
897 1401 28 17 se
944 1394 102 23 croiser
1065 1399 61 17 sans
1146 1398 48 17 rou-

660 1427 39 23 ler
716 1432 46 18 sur
779 1426 38 23 les
835 1423 127 27 trottoirs,
982 1423 46 24 des
1047 1421 147 25 échafauda-

659 1462 44 23 ges
720 1462 28 17 se
764 1456 59 22 sont
841 1453 131 30 agrippés.
989 1452 40 23 On
1047 1458 14 17 a
1078 1451 66 29 pris,
1161 1457 34 22 pa-

660 1485 90 28 raît-il,
774 1486 84 22 toutes
882 1483 38 23 les
943 1481 171 31 précautions
1136 1486 69 23 pour

659 1514 80 30 qu'un
771 1512 124 25 accident
926 1511 86 30 pareil
1037 1511 14 23 à
1075 1509 69 25 celui
1169 1509 35 23 du

660 1543 31 25 28
706 1542 149 31 septembre
868 1555 34 5 —
916 1547 33 17 on
966 1541 49 23 sait
1031 1547 51 22 que
1098 1539 23 23 le
1136 1545 59 17 com-

661 1573 126 24 mandant
802 1571 94 24 Michel
912 1577 16 23 y
942 1573 94 21 trouva
1051 1569 25 24 la
1091 1570 68 22 mort
1173 1581 27 5 —

660 1609 33 18 ne
712 1602 48 30 put
780 1608 28 17 se
829 1600 166 31 reproduire.
1016 1600 65 23 Jour
1101 1600 25 22 et
1147 1599 58 23 nuit

660 1646 34 5 —
712 1632 26 24 la
758 1632 65 25 nuit,
845 1630 66 24 dans
931 1626 86 27 l'éclat
1038 1629 46 23 des
1105 1627 89 30 projec-

661 1663 70 23 teurs
753 1674 34 5 —
809 1661 46 24 des
878 1659 121 24 ouvriers
1022 1658 112 30 pansent
1159 1656 46 23 des

661 1691 91 30 plaies.
765 1690 39 24 On
820 1697 15 17 a
848 1689 75 24 versé
937 1695 46 17 sur
997 1689 37 23 les
1048 1693 60 18 rocs
1123 1685 72 25 schis-

661 1723 62 21 teux
746 1720 44 30 qui
814 1720 114 23 forment
951 1718 38 24 les
1013 1717 89 29 parois
1125 1715 33 24 de
1182 1715 24 23 la

661 1750 91 28 vallée,
772 1750 47 23 d'ir,
841 1748 61 24 'lots
923 1748 32 23 de
976 1747 98 24 ciment
1096 1745 108 29 l'qUadc.

663 1780 74 26 Mais,
769 1779 67 23 l'eau
870 1778 46 23 des
950 1777 109 29 Fagnes,
1092 1772 113 29 chargée

662 1809 124 27 d'acides,
804 1816 13 17 a
836 1808 81 28 rongé
934 1814 30 18 ce
981 1806 99 25 ciment
1100 1812 7 20 ;
1125 1804 48 24 elle
1192 1809 14 17 a

662 1839 80 29 élargi
759 1839 37 23 les
812 1838 110 23 fissures
937 1837 34 23 du
987 1836 107 25 schiste,
1109 1841 15 16 a
1139 1833 66 29 jailli

662 1876 61 16 sous
743 1868 24 23 le
787 1867 78 24 béton
886 1868 25 22 et
931 1873 14 17 a
964 1865 51 24 fini
1037 1870 48 24 par
1105 1863 101 23 suinter

662 1905 45 17 sur
729 1899 72 22 toute
825 1897 24 24 la
872 1896 105 24 surface
1001 1893 148 24 extérieure
1173 1891 33 24 de

661 1927 140 27 l'ouvrage.

694 1956 39 24 De
755 1956 75 23 l'avis
853 1955 32 23 de
907 1952 166 25 techniciens
1103 1951 46 29 qui
1172 1955 34 18 ne

662 1988 59 22 sont
737 1985 29 24 ni
782 1991 13 14 «
811 1984 159 29 barragistes
985 1990 13 14 »
1015 1981 29 24 ni
1062 1988 13 15 «
1091 1979 116 25 antibir-

663 2015 110 30 ragistes
790 2020 23 23 »,
830 2013 66 24 mais
914 2012 45 30 qui
977 2012 91 22 savent
1086 2009 33 24 de
1137 2008 59 30 quel-

662 2045 38 23 les
724 2043 171 31 précautions
919 2048 34 17 on
980 2040 55 24 doit
1060 2039 146 24 s'entourer

663 2074 66 23 dans
743 2080 31 17 ce
788 2078 79 24 genre
883 2071 33 24 de
932 2073 117 22 travaux,
1065 2069 46 23 des
1127 2067 79 24 fuites

662 2110 62 18 sous
739 2103 24 23 le
779 2102 78 24 béton
873 2102 59 22 sont
948 2100 38 23 les
1001 2099 88 28 signes
1106 2095 90 31 inquié-

663 2135 69 22 tants
749 2133 77 23 d'une
843 2129 176 29 catastrophe.
1036 2127 116 26 Celle-ci,
1169 2126 36 24 tôt

663 2169 34 17 ou
712 2162 69 26 tard,
797 2162 62 28 peut
876 2158 123 25 survenir
1015 2164 62 17 sous
1093 2157 25 23 la
1134 2162 62 23 pres-

663 2192 58 24 sion
737 2189 158 25 formidable
910 2188 46 24 des
970 2193 99 18 masses
1083 2185 124 31 liquides,

663 2222 23 23 si
704 2221 24 23 la
746 2218 98 25 société
862 2225 33 17 ne
912 2225 28 16 se
957 2217 68 24 lasse
1042 2222 49 23 pas
1108 2214 33 25 de
1159 2214 36 24 lut-

664 2253 40 21 ter
715 2251 92 22 contre
818 2249 38 23 les
869 2254 67 17 eaux
949 2247 46 23 des
1007 2246 109 28 Fagnes.
1130 2243 77 24 Faire

665 2281 34 23 du
712 2279 110 28 barrage
834 2284 36 17 un
883 2278 74 29 pont,
969 2282 31 17 ce
1013 2275 80 24 serait
1107 2274 61 23 bien
1182 2272 26 25 là

664 2309 115 29 l'unique
801 2307 103 23 service
925 2305 86 24 rendu
1034 2304 15 24 à
1071 2309 67 18 ceux
1160 2302 45 29 q.ii

664 2338 88 24 vivent
766 2343 34 17 ou
814 2336 45 29 qui
874 2336 106 29 passent
994 2334 71 23 leurs
1077 2337 130 19 vacances

665 2368 65 23 dans
753 2373 30 17 ce
805 2365 61 24 coin
888 2364 139 24 charmant
1050 2363 32 23 de
1104 2362 24 23 la
1151 2361 45 23 Bel-

663 2396 85 29 gique.
1080 2392 28 23 A.
1124 2390 51 24 CH.

883 2423 109 23 -♦■■•-

737 2457 34 38 Un
795 2457 56 46 gala
874 2457 46 37 des
942 2455 102 39 Diables
1070 2453 74 39 Noirs

690 2518 26 37 et
743 2516 31 39 de
802 2515 132 39 l'Amicale
956 2514 46 38 des
1025 2511 161 40 Carabiniers

879 2573 124 47 cyclistes

695 2652 135 21 L'Amicale
846 2651 32 20 du
894 2650 34 20 1"
944 2648 122 26 régiment
1082 2648 41 20 des
1139 2647 73 22 Cara-

668 2678 219 26 binler,s-Cyclistes
906 2676 27 21 et
953 2677 25 19 la
998 2674 150 21 Fraternelle
1170 2673 41 20 des

669 2705 118 21 «Diables
807 2704 73 20 Noirs
900 2702 109 21 1914-18»
1029 2702 44 20 ont
1091 2699 121 26 organisé,

668 2732 94 21 samedi
783 2731 58 24 soir,
863 2729 16 22 à
900 2728 93 24 Patrla,
1021 2734 33 15 au
1077 2727 76 26 profit
1182 2727 29 20 de

669 2760 65 20 leurs
750 2759 91 20 caisses
858 2757 28 20 de
902 2761 106 19 secours,
1025 2760 47 15 une
1088 2753 78 22 soirée
1183 2754 28 20 de

669 2786 57 24 gala
745 2785 17 20 à
783 2784 103 25 laquelle
907 2783 91 21 assista
1018 2787 34 15 un
1072 2780 51 22 très
1145 2785 57 16 nom-

669 2812 77 21 breux
761 2811 88 25 public.

697 2839 84 20 Parmi
807 2837 36 21 les
869 2835 185 27 personnalités,
1080 2834 80 21 citons
1186 2834 24 20 le

668 2867 80 24 major
767 2866 92 23 Albert,
878 2864 125 26 président
1022 2862 30 21 de
1070 2862 26 21 la
1115 2861 88 21 Frater-

668 2894 63 19 nelle
753 2893 42 20 des
817 2891 100 21 Diables
937 2890 84 23 Noirs;
1046 2889 59 20 MM.
1126 2889 86 23 Wage-

667 2925 80 19 mans,
770 2918 131 26 président,
927 2919 24 20 et
975 2916 77 23 Baril,
1074 2915 128 25 vice-prési-

669 2947 58 20 dent
745 2946 29 20 de
790 2946 44 20 l'U.
849 2945 28 21 F.
891 2945 29 20 A.
935 2942 38 26 C;
991 2942 130 22 Leuridan.
1137 2941 64 26 prési-

669 2973 58 21 dent
744 2972 29 22 de
788 2971 136 23 l'Amicale;
942 2970 22 21 le
982 2970 123 25 capitaine
1115 2969 96 23 .Renoz,

667 2998 126 26 président
813 2998 28 21 de
860 2998 25 20 la
903 2997 95 21 section
1016 2996 146 21 bruxelloise
1182 2995 28 20 de

667 3026 26 20 la
711 3025 152 23 fraternelle;
884 3025 25 20 le
926 3023 93 21 colonel
1039 3023 93 23 Deciew
1147 3026 65 22 oojap

668 3052 121 20 mandant
809 3051 23 21 le
852 3051 34 20 1"
908 3049 123 26 régiment
1048 3048 54 21 des*
1113 3048 99 21 Carabir-

666 3078 205 25 niers-Cyclistes;
893 3077 24 20 le
938 3076 81 24 major
1038 3075 115 23 Genotte;
1174 3072 37 22 lefe

668 3105 135 25 capitaines
837 3104 55 20 Van
926 3103 90 25 Espen,
1050 3101 161 23 Fauconnier,

667 3131 99 24 Reréas,
782 3130 76 24 Colin,
874 3130 55 20 Van
947 3128 124 26 Elewyck;
1091 3129 22 20 le
1130 3128 81 24 major

667 3158 118 25 Beaupin,
805 3157 33 20 du
857 3156 77 21 Génie
943 3155 120 26 .cycliste;
1086 3155 59 21 MM.
1165 3155 46 20 De-

667 3185 76 25 greef,
764 3184 139 24 Limbourg,
924 3183 80 23 Neels,
1026 3181 150 25 Vermeylen.

693 3211 40 20 Un
754 3214 155 22 programme
932 3209 70 21 d'une
1023 3209 74 20 haute
1118 3206 92 27 qua.'té

666 3238 118 20 musicale
815 3237 69 20 avait
914 3235 38 21 été
984 3234 113 26 composé
1121 3236 26 19 et
1170 3234 40 21 fut

667 3263 101 21 exécuté
781 3269 46 20 par
841 3264 24 20 la
880 3263 111 25 musique
1007 3263 32 20 du
1052 3262 24 20 8'
1091 3261 29 21 de
1134 3261 76 25 Ligne

667 3295 57 16 sous
743 3291 25 20 la
788 3290 118 21 direction
927 3290 32 20 du
978 3289 136 20 lieutenant
1132 3288 78 25 Spncl*.

694 3317 36 20 La
754 3317 99 20 marche
886 3317 42 19 des
960 3323 12 13 «
980 3316 99 20 Diables
1109 3315 74 20 Noir3
1190 3319 20 18 »,

668 3344 108 20 d'Alfred
798 3344 82 24 Mahy,
910 3343 120 20 recueillit
1057 3342 154 20 notamment

668 3371 61 20 dans
758 3371 25 20 la
811 3370 60 20 salle
903 3370 42 20 des
974 3369 236 25 applaudissements

668 3397 187 20 enthousiastes.

695 3423 104 21 Ensuite
820 3427 47 17 une
889 3423 67 25 pièce
979 3422 28 20 de
1029 3421 115 22 Germain
1166 3422 35 20 lu-

668 3449 79 26 cigny,
765 3456 13 13 c
785 3450 22 20 A
825 3450 62 20 l'Est
905 3450 32 20 du
954 3449 119 20 Nouveau
1080 3454 20 18 »,
1117 3447 94 22 mêlant

668 3481 34 16 un
716 3477 88 20 conflit
817 3476 86 20 intime
917 3476 119 25 poignant
1048 3474 17 22 â
1078 3480 34 15 un
1127 3476 83 19 drame

668 3503 137 24 largement
820 3503 108 23 humain,
942 3503 40 21 fut
998 3501 153 27 représentée
1166 3507 46 20 par

668 3534 48 16 une
737 3530 86 24 troupe
844 3529 169 25 remarquable
1032 3528 127 25 composée
1182 3529 29 20 de

669 3556 58 20 Mlle
751 3556 70 25 Fany
846 3556 71 24 Prils,
949 3556 30 20 de
1009 3556 59 20 MM.
1093 3554 119 25 Savières,

669 3582 130 25 Schouten,
819 3582 38 22 De
877 3583 86 23 Coene,
983 3582 117 24 Lucigny,
1121 3582 91 21 Marcel

669 3609 117 24 Lucigny,
806 3609 92 21 Marcel
918 3609 113 20 Antoine.
1051 3608 52 21 Géo
1123 3608 89 21 Burtin

670 3636 26 20 et
714 3636 30 20 de
762 3635 109 22 l'auteur.

881 3661 109 23 -♦■♦-

325 5215 109 24 -♦■♦-

133 5247 56 37 Pas
214 5245 153 42 d'entente
387 5248 231 40 internationale

167 5297 77 40 dans
263 5297 52 40 rin
316 5298 115 40 dastrie
453 5300 128 38 sncrière

366 5368 91 25 Berlin,
477 5368 29 22 27
525 5367 99 23 février.

134 5394 32 20 Le
178 5394 64 25 -plan
259 5394 160 21 Chadbourne
435 5399 45 17 sur
494 5395 24 21 le
533 5400 70 15 sucra
618 5399 32 17 ne

105 5424 93 21 pourra
211 5420 52 21 être
276 5420 102 22 modifié
391 5425 33 17 au
437 5425 72 17 cours
524 5421 42 22 des
579 5420 64 27 négo-

105 5446 107 22 ciations
235 5446 42 25 qui
301 5447 45 21 ont
366 5446 175 22 actuellement
563 5446 49 22 lieu
633 5446 18 23 à

104 5472 85 22 Berlin
207 5473 69 21 entre
295 5473 36 22 les
349 5471 184 27 représentants
552 5472 29 22 de
598 5473 42 22 l'In-

106 5499 93 21 dustrie
215 5497 109 23 sucrière
340 5498 197 22 Internationale.

133 5523 40 23 En
194 5525 69 24 effet,
283 5525 31 25 si,
334 5525 29 21 de
384 5525 69 22 l'avis
480 5524 101 27 général
608 5524 42 22 des

105 5552 162 25 producteurs
288 5552 114 24 sucriers,
430 5552 37 21 les
495 5551 156 26 contingents

107 5578 178 25 d'exportation
304 5576 64 23 fixés
387 5582 47 22 par
451 5578 24 21 le
494 5578 59 25 plan
572 5578 79 20 Chad-

106 5604 93 20 bourne
213 5605 59 21 sont
284 5604 57 26 trop
354 5603 80 22 élevés
447 5605 27 21 et
487 5604 99 21 doivent
599 5602 52 23 être

107 5630 101 24 réduits,
234 5635 42 17 ces
301 5630 162 26 producteurs
489 5635 32 15 ne
546 5629 107 26 peuvent

107 5656 140 26 cependant
267 5657 54 21 rien
341 5657 65 21 faire
426 5661 32 16 en
479 5656 121 22 l'absence
622 5656 29 21 de

107 5683 137 21 l'industrie
256 5682 109 22 sucrière
378 5682 103 22 cubaine
494 5682 42 26 qui
549 5687 31 16 ne
594 5682 58 22 s'est

106 5714 47 21 pas
170 5709 49 22 fait
236 5708 154 26 représenter
405 5708 18 22 à
438 5709 85 21 Berlin
540 5708 111 22 d'autant

105 5738 80 20 moins
200 5742 48 20 que
263 5737 61 21 c'est
336 5735 19 22 &
367 5735 69 23 Cuba
451 5741 46 21 que
510 5741 28 17 se
554 5736 95 21 dessine

109 5761 174 23 actuellement
304 5761 24 21 le
349 5760 157 23 mouvement
529 5760 30 21 de
582 5759 62 24 résis-

111 5789 71 21 tance
198 5788 22 22 le
235 5787 56 27 plus
305 5787 44 23 net
364 5792 33 16 au
411 5787 58 27 plan
485 5786 167 23 Chadbourne.

718 3694 126 47 L'Etrier
864 3695 85 56 belge
972 3706 19 36 a
1013 3695 143 56 inauguré

800 3772 51 36 ses
870 3761 202 47 installations

695 3840 39 20 1res
743 3840 81 21 Etrier
837 3840 75 25 Belge
920 3846 13 13 >
947 3841 38 19 est
999 3838 152 22 décidément
1164 3844 47 16 une

669 3865 90 22 société
774 3867 42 24 qui
833 3872 16 15 a
865 3866 69 21 brûlé
949 3866 36 20 les
1002 3865 93 26 étapes!
1113 3865 98 22 Fondée

671 3893 17 20 il
704 3897 17 21 y
737 3898 16 16 a
771 3893 63 20 deux
849 3898 46 15 ans
912 3892 17 21 à
945 3893 78 25 peine,
1040 3893 45 20 elle
1102 3898 17 15 a
1136 3892 76 21 réussi

670 3919 22 20 le
708 3920 57 20 tour
782 3920 29 20 ds
827 3920 68 20 force
913 3919 28 21 de
957 3919 97 21 monter
1071 3920 42 20 des
1129 3919 74 21 instal-

668 3945 90 21 lations
777 3945 143 25 s'insplrant
939 3946 42 20 des
1001 3945 156 25 conceptions
1176 3945 35 21 les

669 3972 55 25 plus
738 3972 136 24 modernes,
890 3976 31 17 en
937 3971 67 26 dépit
1019 3972 42 21 des
1077 3972 134 21 difficultés

670 3998 32 21 du
722 4000 115 19 moment.

697 4025 46 20 Ces
776 4025 164 21 installations
971 4024 92 22 situées
1097 4025 61 21 dans
1190 4025 23 21 le

670 4051 74 21 cadre
766 4052 149 24 pittoresque
938 4051 29 22 de
989 4052 24 20 la
1035 4050 80 22 lisière
1139 4052 28 20 de
1188 4052 26 20 la

670 4077 66 21 forêt
755 4078 30 20 de
804 4077 108 26 Soignes,
929 4076 18 22 à
966 4078 108 21 l'avenue
1093 4079 54 20 Van
1167 4078 46 21 clen

669 4103 107 21 Elschen
792 4105 71 21 (Vert
876 4105 143 23 Chasseur),
1033 4105 44 20 ont
1090 4103 39 22 été
1145 4105 58 20 inau-

671 4129 94 26 gurées;
778 4130 95 21 samedi
887 4130 149 26 après-midi,
1051 4136 31 16 en
1098 4130 116 26 présence

672 4156 42 21 des
732 4156 183 25 représentants
934 4157 29 22 de
980 4158 25 20 la
1022 4162 90 20 presse.

691 4183 51 21 *Les
756 4182 89 22 invités
860 4184 85 21 furent
959 4188 70 20 reçus
1044 4189 45 20 par
1104 4184 22 21 le
1141 4183 63 27 géné-

671 4209 37 20 ral
724 4209 77 21 baron
817 4210 32 20 du
864 4210 55 25 Roy
934 4210 29 21 de
978 4210 110 25 Blicquy,
1103 4210 110 24 clceroue

671 4235 66 26 plein
752 4234 148 23 d'amabilité
916 4237 25 20 et
955 4236 30 21 de
999 4236 159 26 prévenance,
1172 4237 41 25 qui

667 4264 34 20 les
715 4263 77 25 pilota
806 4264 110 24 pendant
930 4264 63 21 deux
1007 4265 101 25 longues
1122 4265 88 20 heures

671 4288 62 21 dans
752 4288 35 21 les
806 4288 78 21 riants
903 4288 133 22 bâtiments
1055 4290 30 20 de
1103 4289 107 26 l'Etrier;

671 4315 92 20 ceux-ci
783 4314 119 21 couvrent
920 4319 48 17 une
985 4316 133 25 superficie
1138 4316 74 21 totale

671 4341 29 21 de
715 4341 55 25 plus
787 4340 55 21 d'un
858 4340 106 22 hectare.

697 4367 36 21 La
750 4367 73 21 visite
842 4372 142 21 commença
1009 4373 46 20 par
1078 4368 36 21 les
1139 4368 73 22 boxes

669 4393 43 25 qui
725 4394 107 25 peuvent
846 4393 109 22 recevoir
967 4394 178 27 quatre-vingts
1159 4396 44 20 che-

671 4424 74 20 vaux;
767 4424 33 17 on
819 4424 18 21 y
856 4420 97 21 admira
978 4421 26 20 la
1030 4420 114 27 propreté
1172 4421 41 22 dés

670 4446 99 24 litières,
793 4447 23 20 le
839 4447 67 21 souci
931 4445 130 28 d'hygiène,
1080 4448 42 24 qui
1146 4449 68 20 avait

671 4472 95 26 présidé
787 4472 17 21 à
823 4473 25 21 la
868 4473 168 21 construction
1057 4474 42 21 des
1121 4475 91 24 locaux,

670 4499 54 21 leur
736 4498 112 22 aération
860 4500 115 24 parfaite,
989 4505 33 15 un
1036 4499 106 26 système
1157 4506 47 15 nou-

672 4530 62 16 veau
752 4525 152 22 d'abreuvoir
919 4526 176 25 automatique,
1111 4527 46 21 etc.

697 4551 60 22 Puis
773 4557 28 16 ce
816 4553 41 20 fut
872 4553 25 20 la
910 4553 103 24 sellerie,
1027 4553 26 20 la
1067 4553 71 26 forge
1154 4552 50 23 élec-

671 4578 87 25 trique,
770 4579 36 20 les
817 4579 74 21 salles
903 4579 30 21 de
945 4578 59 22 bain
1014 4578 18 22 à
1043 4579 60 21 trois
1116 4580 88 25 profon-

672 4604 79 25 deurs,
765 4605 23 21 le
802 4605 112 25 magasin
929 4605 30 21 de
973 4606 117 25 fourrage
1103 4610 61 16 avec
1178 4606 35 21 les

670 4635 173 19 concasseuses
863 4631 145 26 électriques
1027 4633 25 20 et
1069 4637 40 16 ses
1128 4637 79 20 appro-

670 4657 192 22 visionnements
876 4663 31 16 en
920 4658 53 21 foin
986 4659 26 21 et
1025 4663 32 16 en
1069 4659 98 20 luzerne
1180 4659 34 21 du

671 4683 67 25 Midi,
753 4684 23 21 le
791 4683 170 26 département
975 4684 147 22 vétérinaire
1137 4685 26 21 et
1177 4685 36 22 les

671 4711 184 24 appartements
874 4711 34 20 du
926 4712 136 24 personnel.

699 4737 45 19 Les
768 4736 164 22 Installations
960 4737 177 26 comprennent
1166 4742 48 17 une

672 4762 106 22 carrière
794 4762 70 22 dotée
880 4763 29 22 de
924 4763 136 26 l'éclairage
1077 4763 137 27 électrique,

674 4789 24 22 et
731 4794 35 15 un
800 4790 78 24 grand
911 4789 104 26 manège
1048 4792 103 20 couvert
1170 4803 4 6 ■
1185 4791 29 21 de

672 4815 81 22 60X22
774 4817 98 24 mètres,
892 4816 103 22 chauffé
1017 4822 33 16 au
1070 4817 99 21 mazout
1189 4819 26 19 et

671 4842 69 20 muni
756 4842 71 20 d'une
840 4841 121 27 éclairage
975 4843 123 21 uniforme
1113 4848 32 16 en
1159 4844 55 20 tous

672 4867 36 22 les
727 4868 108 21 endroits
855 4869 29 21 de
901 4869 26 21 la
944 4869 70 25 piste.
1033 4870 104 24 Celle-ci,
1156 4869 50 22 élas-

672 4894 68 25 tique
754 4894 17 21 à
784 4895 105 24 souhait,
904 4896 38 20 est
955 4896 62 20 faite
1032 4896 57 21 d'un
1102 4895 112 26 mélange

674 4919 29 21 de
720 4925 98 17 mousse
835 4921 30 21 de
882 4922 131 21 Lithuanie
1029 4923 26 20 et
1072 4923 29 20 de
1118 4923 98 25 gravier

674 4945 33 22 du
728 4947 77 25 Rhin;
830 4947 42 21 des
893 4948 75 25 loges,
989 4947 110 22 tribunes
1121 4949 26 21 et
1167 4954 48 16 une

669 4975 91 24 galerie
787 4975 150 25 permettent
962 4976 31 20 de
1014 4981 70 16 caser
1102 4975 17 22 à
1145 4976 68 23 l'aise

674 5003 59 17 onze
747 5000 70 20 cents
832 5004 140 21 personnes.
987 5001 66 20 Avec
1068 5001 36 20 les
1119 5001 87 21 vestiai-

674 5029 46 20 res,
734 5025 23 21 le
772 5026 117 25 spacieux
901 5027 120 21 tea-room
1035 5027 26 21 et
1073 5032 31 16 sa
1118 5028 98 24 galerie,

673 5051 26 21 la
720 5050 163 27 bibliothèque
905 5052 122 26 hippique,
1048 5053 36 21 les
1107 5053 100 26 départe-

674 5078 81 20 ments
775 5078 197 25 administratifs,
991 5079 55 22 tout
1064 5082 118 19 concourt
1200 5079 17 22 à

673 5103 64 22 faire
772 5104 30 21 de
834 5105 169 22 l'Installation
1035 5106 31 21 de
1099 5107 28 19 IV
1134 5107 82 20 Etrier

673 5130 76 25 Belge
756 5135 12 15 »
785 5130 64 22 l'une
867 5131 42 21 des
925 5132 56 25 plus
997 5131 75 22 belles
1090 5132 126 26 d'Europe,

674 5161 47 21 par
742 5162 42 16 ses
808 5156 113 26 facilités,
950 5163 31 17 sa
1011 5157 151 27 disposition,
1193 5158 24 22 la

674 5183 104 21 minutie
793 5188 61 16 avec
869 5182 103 27 laquelle
988 5184 43 21 les-
1039 5184 123 23 moindres
1178 5184 30 22 dé-

673 5209 59 21 tails
750 5209 45 21 ont
813 5208 39 23 été
870 5208 94 23 étudiés
982 5211 25 21 et
1025 5211 26 21 la
1068 5211 149 26 coquetterie

676 5236 30 21 de
730 5235 139 22 l'ensemble
893 5236 43 22 des
959 5236 140 23 bâtiments.

677 5264 9 11 ■
701 5262 24 21 A
741 5262 82 21 l'Issue
842 5262 31 21 de
889 5262 65 22 oette
972 5262 72 22 visite
1061 5263 80 26 pleine
1160 5263 48 22 d'in-

675 5287 65 23 térêt
759 5293 62 20 pour
840 5288 64 25 tous,
923 5288 24 22 le
967 5288 100 26 général
1086 5289 78 22 baron
1185 5290 32 21 du

675 5314 55 26 Roy
745 5314 29 22 de
789 5314 102 25 Blicquy
906 5314 82 23 réunit
1002 5315 35 22 les
1052 5314 89 23 invités
1155 5316 62 24 dans

675 5341 26 21 la
715 5340 61 22 salle
790 5341 33 22 du
836 5340 83 22 buffet
933 5340 32 22 où
979 5346 35 17 un
1027 5342 49 23 vin.
1085 5342 133 21 d'honneur

675 5367 40 22 fut
728 5367 73 22 servi.
816 5367 22 21 Il
855 5367 119 21 remercia
989 5367 35 22 les
1039 5368 179 26 personnalités

675 5392 133 26 présentes,
827 5393 60 22 MM.
905 5393 73 22 Louis
998 5393 95 27 Solvay,
1110 5393 108 27 Georges

675 5419 95 25 Benoît,
789 5420 24 21 le
833 5419 237 23 lieutenant-colonel
1090 5421 81 25 baron;
1189 5421 29 21 de

676 5445 125 27 Trannoy;
823 5445 33 22 M.
876 5445 154 23 Moeremans
1051 5447 123 24 d'Ewans;
1197 5447 21 21 le

676 5472 95 21 colonel
795 5472 28 21 A.
848 5472 152 25 Hacgeman,
1032 5472 122 23 directeur
1187 5473 33 21 du

676 5497 93 26 Cercle;
791 5498 60 22 MM.
870 5499 69 21 Jules
959 5499 27 21 et
1004 5499 109 22 Maurice
1131 5498 88 23 Wauc-

676 5529 68 21 quez,
759 5524 29 22 E.
805 5524 56 22 Van
877 5523 128 26 Hammée,
1021 5526 28 20 A.
1066 5525 151 25 Barbanson,

675 5551 64 21 ainsi
756 5555 47 21 que
817 5551 37 21 les
870 5550 182 26 représentants
1068 5552 30 21 de
1112 5552 26 21 la
1153 5557 66 21 près-
1220 5556 3 9 1

676 5581 37 21 se;
730 5577 18 21 il
762 5582 65 21 paya
842 5576 95 23 ensuite
951 5582 34 16 un
999 5577 78 23 tribut
1092 5577 30 22 de
1135 5582 74 17 recon-

678 5603 130 22 naissance
827 5602 18 22 à
865 5603 32 22 M.
916 5603 75 22 Louis
1012 5602 89 27 Solvay
1120 5604 27 22 et
1168 5609 51 15 -»ou-

678 5629 68 26 llgna
761 5630 37 21 les
813 5628 101 23 mérites
930 5629 30 21 de
976 5630 26 21 la
1016 5630 136 26 figuration
1168 5630 52 25 bip-

678 5656 73 25 pique
771 5655 71 26 belge
862 5660 18 17 a
901 5654 131 27 l'étranger
1058 5655 94 26 malgré
1180 5661 40 16 ses

678 5686 101 21 moyens
794 5682 27 21 et
835 5687 41 16 ses
894 5687 137 16 ressources
1047 5681 100 23 réduits.

705 5708 69 22 Cette
801 5708 133 22 excellente
968 5706 103 24 réunion
1104 5708 52 26 prit
1181 5708 39 22 fin

675 5735 73 27 après
763 5741 46 19 que
824 5736 71 21 notre
909 5734 113 23 confrère
1036 5733 27 24 L.
1079 5736 139 21 Hautekect

680 5762 41 20 eut
738 5759 108 27 exprimé
865 5760 25 21 la
906 5760 124 27 gratitude
1049 5760 29 23 de
1095 5761 25 22 la
1137 5766 84 19 presse

680 5791 33 17 eu
736 5785 83 25 Cercle
840 5786 30 23 l'c
876 5786 84 23 Etrier
981 5786 75 28 Belge
1062 5792 21 18 »,
1203 5798 6 12 ,
1220 5794 3 4 ■

1228 226 159 52 L'affaire
1419 226 42 53 de
1492 225 33 53 la
1556 221 222 56 Commission

1282 308 42 53 de
1348 307 30 53 la
1400 305 199 83 Bourseje
1624 300 100 54 1928

1260 419 150 38 Réquisitoire
1425 418 22 31 et
1471 414 124 41 premières
1610 414 133 39 plaidoiries

1257 479 32 21 M.
1313 476 103 22 l'avocat
1439 473 98 26 général
1560 473 105 21 Huwart
1686 478 16 14 a
1725 477 45 20 pro-

1231 504 82 23 noncé,
1331 502 16 21 à
1364 501 132 21 l'audience
1514 500 30 20 de
1562 499 100 25 samedi,
1680 505 45 15 son
1744 498 26 22 ré-

1231 531 132 25 quisitoire.

1257 564 19 20 Il
1298 561 164 22 n'examinera
1481 565 52 20 pas,
1554 559 150 25 déclare-t-Il,
1725 559 43 21 l'as-

1231 591 54 23 pect
1304 588 77 20 moral
1400 588 30 20 de
1447 588 65 20 cette
1531 587 98 23 affaire,
1647 586 63 20 mais
1728 586 41 19 uni-

1229 616 115 25 quement
1360 620 43 14 son
1422 615 84 24 aspect
1522 613 78 25 pénal.
1617 613 77 25 Après
1710 613 70 20 avoir

1231 643 46 19 fait
1300 641 150 25 l'historique
1473 641 29 20 de
1525 640 182 21 l'Introduction
1737 640 42 19 des

1231 670 71 19 titres
1325 666 100 23 Citroën
1448 666 16 22 à
1488 667 24 21 la
1535 668 55 19 cota
1614 667 123 24 officielle,
1764 666 15 20 il

1229 696 137 19 commente
1390 695 35 20 les
1448 694 98 20 articles
1571 693 40 21 246
1635 694 24 19 et
1682 693 40 21 217
1746 692 32 21 du

1230 722 64 20 Code
1310 721 71 26 pénal
1397 723 24 19 et
1436 721 101 20 l'article
1549 720 42 20 179
1606 721 31 20 de
1651 721 23 20 la
1691 720 31 20 loi
1737 724 43 18 sur

1231 750 33 19 les
1281 748 112 25 sociétés.

1258 786 20 20 Il
1309 786 60 20 n'est
1401 790 44 20 pas
1475 785 113 24 douteux,
1611 784 168 23 continue-t-M,

1230 818 46 20 que
1297 814 55 19 tous
1376 813 33 20 les
1431 812 119 25 prévenus
1571 812 44 20 ont
1634 812 90 20 obtenu
1746 816 32 15 un

1230 839 122 27 avantage
1351 852 7 12 t
1375 838 16 21 à
1407 839 128 21 l'occasion
1553 840 29 19 de
1598 838 181 21 l'introduction

1230 867 42 20 des
1288 867 70 20 titres
1373 865 98 22 Citroën
1486 865 17 21 à
1517 867 24 19 la
1555 865 60 21 Cote
1629 865 122 21 officielle.

1259 901 45 20 Les
1327 900 120 20 membres
1468 900 30 20 de
1522 900 23 20 la
1567 899 161 21 Commission
1749 898 30 20 de

1230 927 23 20 la
1271 927 94 20 Bourse
1388 928 56 19 sont
1467 927 71 24 jugea
1557 927 28 20 de
1604 926 171 25 l'opportunité

1230 953 145 21 d'admettre
1391 957 32 17 un
1441 953 57 20 titre
1515 952 15 21 à
1547 953 23 20 la
1585 953 66 20 Cote.

1259 988 36 20 La
1310 988 100 24 Banque
1425 987 100 24 Lazard,
1542 987 29 21 de
1588 986 78 25 Paris,
1682 985 96 22 réserve

1229 1013 16 21 à
1257 1020 27 14 sa
1298 1014 139 20 succursale
1448 1014 30 20 de
1491 1014 131 23 Bruxelles,
1636 1019 47 15 une
1696 1013 82 25 option

1230 1041 30 20 de
1278 1041 88 23 200,000
1387 1040 70 21 titres
1477 1039 105 22 Citroën.
1601 1040 39 20 Un
1659 1039 119 25 syndicat,

1230 1068 60 20 dans
1305 1068 77 25 lequel
1398 1067 82 21 devait
1495 1067 134 21 Intervenir
1645 1071 47 16 une
1707 1071 62 20 gran-

1230 1095 31 20 de
1280 1095 94 24 banque
1395 1094 30 21 de
1445 1094 23 20 la
1491 1093 74 25 place,
1586 1094 23 20 la
1628 1093 101 25 Banque
1749 1093 30 20 de

1231 1122 132 23 Bruxelles,
1382 1126 28 15 se
1428 1121 123 20 constitua
1591 1126 60 19 pour
1689 1119 90 20 réussir

1230 1150 64 18 cette
1313 1147 172 22 introduction.

1258 1183 21 19 A
1297 1182 94 25 chaque
1411 1181 133 20 admission
1565 1181 57 20 d'un
1643 1181 58 21 titre
1721 1180 16 21 à
1756 1180 23 20 la

1230 1209 60 20 Cote
1305 1209 123 23 officielle,
1444 1208 116 25 s'opérait
1574 1209 13 19 i'
1606 1214 13 14 «
1634 1212 116 21 arrosage
1768 1213 11 14 »

1231 1241 61 19 pour
1311 1236 131 24 reprendre
1461 1240 46 16 une
1526 1235 140 24 expression
1684 1235 33 20 du
1737 1234 33 20 mi-

1232 1264 47 19 lieu
1298 1263 117 20 boursier.
1434 1262 57 21 Ceci
1511 1263 44 22 est,
1575 1262 129 24 d'ailleurs,
1724 1265 46 16 con-

1232 1289 72 21 firmé
1324 1294 45 20 par
1387 1290 34 19 les
1441 1288 164 21 déclarations
1624 1290 80 19 toutes
1726 1293 45 20 sug-

1231 1316 106 25 gestives
1350 1316 30 20 de
1394 1316 109 24 Dar.doy.
1517 1316 45 20 Les
1578 1315 121 21 membres
1713 1316 29 19 de
1756 1315 25 20 la

1232 1343 161 21 Commis-Ion
1418 1343 31 20 de
1472 1342 24 21 la
1522 1342 92 21 Bourse
1638 1342 142 20 obtiennent

1232 1370 42 20 des
1292 1370 186 25 participations
1495 1371 82 19 toutes
1594 1368 124 26 spéciales,
1738 1368 42 21 de3

1233 1397 115 20 cadeaux.
1374 1396 70 21 Cette
1470 1398 120 21 coutume,
1616 1396 65 20 cette
1707 1395 63 21 tradi-

1232 1423 52 21 tion
1301 1424 37 20 est.
1354 1423 45 21 née
1417 1429 31 15 en
1464 1423 60 20 1928.

1259 1451 36 20 La
1318 1451 72 20 lettre
1413 1451 83 24 qu'ont
1522 1448 95 26 rédigée
1640 1449 36 21 les
1698 1450 73 24 préve-

1232 1482 46 15 nus
1296 1478 83 24 Roger
1397 1478 24 19 et
1437 1477 104 24 Dandoy
1559 1482 31 15 ne
1608 1476 108 21 contient
1735 1480 44 20 pas

1232 1509 47 15 une
1296 1505 66 19 offre
1378 1504 85 22 ferme,
1481 1504 62 19 mais
1560 1508 47 15 une
1626 1502 154 25 option-Tout

1232 1531 22 20 le
1271 1536 97 20 prouve.
1386 1531 80 20 L'acte
1482 1530 109 25 syndical
1610 1529 129 24 lui-même,
1758 1528 22 20 le

1231 1556 133 22 démontre.
1381 1557 38 21 On
1436 1562 16 20 y
1470 1557 27 20 lit
1514 1557 61 20 dans
1592 1556 101 20 l'article
1709 1555 22 20 4:
1751 1555 19 20 ti-

1233 1585 49 20 tres
1298 1583 16 21 à
1330 1584 94 20 donner
1430 1589 38 15 -en
1484 1584 84 23 option
1584 1587 61 20 pour
1661 1581 120 21 rétribuer

1234 1611 106 21 certains
1367 1610 87 25 appuis
1481 1609 61 20 dans
1568 1610 22 19 la
1617 1612 91 21 presse.
1734 1608 46 20 Ces

1233 1637 91 21 mêmes
1339 1637 92 25 appuis,
1447 1637 16 19 il
1479 1636 80 20 fallait
1574 1636 34 20 les
1626 1636 98 20 trouver
1739 1640 32 15 au-

1233 1664 56 25 près
1311 1664 43 20 des
1377 1663 120 20 membres
1520 1663 30 20 de
1572 1663 24 20 la
1619 1662 161 21 Commission

1232 1691 30 20 de
1278 1692 24 19 la
1317 1691 101 23 Bourse.

1263 1724 39 20 Au
1327 1728 72 16 cours
1425 1723 29 20 de
1480 1722 169 24 l'Instruction,
1676 1723 104 24 Dandoy

1232 1750 58 21 s'est
1308 1749 110 26 expliqué
1437 1756 43 14 sur
1498 1751 24 19 la
1541 1749 108 21 manière
1668 1753 60 17 aveo
1747 1749 24 21 la-

1231 1778 80 24 quelle
1348 1777 36 21 les
1423 1777 186 25 participations
1630 1775 150 22 nécessaires

1234 1804 93 21 étaient
1351 1803 137 21 sollicitées.
1514 1803 38 20 On
1579 1803 78 20 tenait
1683 1804 97 24 compte

1232 1831 32 20 du
1278 1836 62 19 rang
1354 1830 41 21 des
1410 1829 177 24 bénéficiaires,
1601 1830 29 20 de
1643 1832 53 20 leur
1709 1829 68 26 âpre-

1233 1856 30 25 té,
1283 1858 24 20 et
1326 1857 43 21 de3
1388 1855 154 27 préférences
1563 1857 163 24 personnelles
1747 1856 33 20 du

1233 1885 165 20 distributeur.

1260 1917 191 21 L'introduction
1474 1917 33 21 du
1528 1917 58 21 titre
1608 1917 39 21 fut
1670 1916 100 26 étrange-

1232 1945 68 19 ment
1322 1944 84 24 rapide
1428 1946 24 18 et
1475 1944 22 20 le
1520 1944 104 24 greffier
1646 1944 79 20 Iwens
1746 1949 30 15 ne

1233 1971 107 20 trouvait
1353 1970 17 20 à
1383 1970 52 21 cela
1449 1971 88 24 qu'une
1553 1970 154 24 explication:
1725 1976 12 13 c
1750 1969 30 21 Je

1232 2002 104 20 suppose
1351 2002 47 20 que
1413 1997 59 21 c'est
1488 1997 15 20 à
1517 1998 25 20 la
1557 1998 64 19 suite
1635 1996 136 21 d'interven-

1233 2025 64 20 tions
1314 2024 41 25 qui
1372 2029 28 16 se
1418 2026 56 19 sont
1491 2023 132 26 produites.
1642 2030 13 13 »

1259 2059 20 19 Il
1291 2063 17 20 y
1320 2063 16 15 a
1349 2063 30 16 eu
1391 2060 143 23 avantages.
1549 2059 20 20 Il
1581 2065 16 18 y
1609 2064 15 15 a
1638 2059 60 20 donc
1712 2058 65 21 délit.

1260 2084 82 25 Quant
1365 2084 17 21 à
1407 2085 85 23 Iwens,
1517 2086 22 19 le
1562 2086 110 24 greffier,
1697 2085 24 21 la
1745 2085 32 21 loi

1233 2110 34 21 lui
1287 2116 56 16 sera
1363 2111 127 25 appliquée
1509 2116 94 16 comme
1623 2116 48 16 aux
1690 2112 90 19 autres.

1233 2138 21 20 Il
1270 2143 16 15 a
1303 2137 88 22 touché
1408 2138 74 24 15,000
1500 2138 91 21 francs.
1610 2138 161 20 Fonctionnai-

1234 2170 32 19 re,
1286 2165 17 20 il
1320 2163 59 22 s'est
1396 2164 73 21 laissé
1489 2170 146 20 corrompre.

1260 2199 33 20 Le
1311 2204 42 15 cas
1371 2199 33 21 du
1422 2199 122 21 directeur
1561 2199 43 21 des
1621 2199 111 21 finances
1752 2199 28 20 de

1234 2225 24 21 la
1280 2226 56 20 ville
1359 2226 30 20 de
1411 2226 132 24 Bruxelles,
1566 2226 32 20 M-
1620 2226 101 23 Rutten,
1743 2226 39 20 est

1233 2252 54 25 plus
1301 2257 81 20 grave,
1397 2257 72 20 parce
1485 2258 46 20 que
1545 2253 59 20 c'est
1616 2253 34 20 lui
1665 2253 40 24 qui
1721 2252 61 21 était

1233 2278 91 26 chargé
1339 2279 32 20 du
1387 2280 99 20 rapnort
1501 2278 17 21 à
1533 2280 133 20 soumettre
1682 2284 32 15 au
1729 2279 42 20 Col-

1234 2305 52 26 lège
1308 2306 42 20 des
1371 2306 169 25 bourgmestre
1563 2307 24 20 et
1610 2306 120 21 échevins.
1760 2306 20 21 Il

1234 2333 57 21 s'est
1310 2332 93 22 efforcé
1422 2333 119 20 d'obtenir
1558 2333 33 20 du
1609 2332 96 26 Collège
1725 2333 47 25 l'ap-

1234 2359 126 25 probation
1378 2360 30 20 de
1423 2360 24 20 la
1462 2360 108 20 cotation
1585 2358 127 26 anticipée.

1264 2386 104 25 Dandoy
1391 2387 25 20 et
1440 2387 83 25 Roger
1546 2387 87 20 savent
1658 2391 28 15 ce
1711 2386 70 24 qu'Us

1234 2415 104 22 peuvent
1353 2413 96 20 obtenir
1470 2413 30 20 de
1520 2413 79 21 Iwens
1620 2416 24 18 et
1666 2414 29 20 de
1718 2414 51 20 Rut-

1234 2440 48 19 ten.
1310 2439 100 20 Cslui-ci
1439 2445 26 15 se
1494 2444 72 16 verra
1594 2439 110 22 réserver
1731 2445 48 15 une

1235 2465 172 25 participation
1428 2466 30 21 de
1477 2466 42 20 100
1539 2466 79 24 titres.
1639 2466 70 21 Cette
1728 2470 45 20 par-

1234 2492 134 25 ticipation,
1388 2492 102 25 prétend
1509 2498 28 15 ce
1555 2498 15 19 p
1589 2492 80 25 Ivenu,
1688 2492 94 21 m'était

1235 2518 93 22 donnée
1348 2524 61 20 pour
1428 2520 161 24 l'apurement
1609 2520 56 21 d'un
1686 2521 96 23 compte

1234 2544 15 22 à
1270 2546 65 20 demi
1358 2546 57 25 qu'il
1438 2546 68 21 avait
1528 2552 59 15 avec
1609 2546 110 26 Dandoy,
1749 2551 33 15 au

1234 2572 65 25 sujet
1319 2573 126 21 d'affaires
1464 2573 101 21 traitées
1584 2572 16 22 à
1619 2574 78 20 Paris.
1717 2573 55 20 Dan-

1234 2599 53 25 doy,
1301 2599 129 24 lui-même,
1444 2598 127 23 reconnaît
1584 2604 46 21 que
1645 2605 26 15 ce
1686 2602 96 23 compte

1233 2626 39 21 n'a
1288 2626 90 24 jamais
1395 2626 83 21 existé.
1496 2626 91 21 L'offre
1605 2627 29 20 de
1652 2627 120 24 participa-

1234 2653 51 20 tion
1308 2658 15 15 a
1346 2652 38 22 été
1404 2653 61 20 faite
1485 2652 16 21 à
1521 2654 94 20 Rutten
1635 2655 76 20 avant
1731 2654 41 20 l'In-

1234 2680 146 20 troduction.
1403 2680 94 21 Rutten
1522 2686 27 14 se
1573 2680 87 21 trouve
1683 2685 43 16 sur
1757 2680 24 20 la

1233 2706 56 21 liste
1314 2707 29 20 de
1368 2712 61 15 ceux
1453 2707 57 25 qu'il
1536 2707 82 21 fallait
1641 2711 140 21 corrompre

1234 2733 25 20 et
1275 2733 42 20 des
1333 2738 149 20 corrompus.

1261 2760 89 25 Roger,
1369 2760 41 24 lui,
1431 2766 16 15 a
1465 2761 25 19 la
1509 2759 105 22 frénésie
1635 2760 42 21 des
1698 2759 74 26 opéra-

1234 2787 64 20 tions
1315 2786 144 22 boursières.
1476 2787 213 25 Fonctionnaire.il
1707 2788 65 20 aban-

1234 2813 80 21 donne
1334 2819 39 15 ses
1392 2815 112 24 occupât!
1538 2820 12 14 s
1571 2819 61 20 pour
1651 2820 26 14 se
1698 2819 74 16 consa-

1234 2845 54 16 crer
1303 2841 53 20 tout
1373 2841 77 20 entier
1464 2840 16 21 à
1495 2841 25 20 la
1535 2841 100 25 Bourse,
1642 2840 40 21 -où
1698 2842 17 20 U
1729 2841 43 24 jon-

1233 2867 38 25 gle
1286 2873 59 14 avec
1357 2868 35 20 les
1405 2868 110 24 chiffres,
1527 2867 103 25 spécule,
1644 2868 58 20 etc..

1261 2894 49 20 Son
1332 2893 172 26 prédécesseur
1523 2900 32 15 au
1575 2895 94 20 service
1689 2894 43 22 des
1751 2894 20 21 fi-

1233 2926 92 16 nances
1344 2920 30 22 de
1392 2921 26 21 la
1435 2921 59 20 ville
1513 2921 119 26 l'appelle:
1654 2926 33 16 un
1707 2928 13 13 €
1739 2921 41 21 trl-

1234 2948 86 24 poteur
1335 2954 20 15 ».

1259 2974 104 25 Dandoy
1373 2975 26 21 et
1408 2975 83 25 Roger
1502 2976 56 19 sont
1567 2975 35 21 les
1613 2976 164 25 corrupteurs.

1228 3003 7 5 '
1259 3000 36 21 Le
1316 3000 106 26 premier
1443 3006 15 15 a
1481 3000 100 25 accepté
1603 3005 34 17 un
1658 3002 123 24 avantage

1230 3027 69 22 alors
1311 3027 59 28 qu'il
1381 3027 63 21 était
1457 3027 62 21 dans
1533 3028 125 24 l'exercice
1671 3027 29 22 de
1714 3027 58 21 fonc-

1234 3053 65 21 tions
1319 3053 133 26 publiques.
1470 3054 34 20 Le
1524 3055 89 19 second
1634 3052 37 24 est
1690 3052 82 27 l'Inspi-

1233 3080 85 20 rateur
1336 3080 24 21 et
1376 3080 104 21 l'auteur
1497 3081 30 20 de
1546 3081 24 21 la
1587 3081 72 20 lettre
1677 3081 56 24 qu'a
1749 3081 22 19 si-

1233 3106 62 26 gnée
1312 3107 111 24 Dandoy.

1261 3134 62 20 Sans
1343 3134 79 23 doute,
1442 3134 25 20 la
1486 3133 56 22 date
1562 3134 29 21 de
1610 3134 72 21 l'acte
1700 3134 71 25 syndi-

1233 3160 38 21 cal
1287 3160 42 25 qui
1346 3160 143 21 n'intéresse
1505 3166 48 15 nue
1568 3161 89 25 Roger,
1674 3162 37 20 est
1727 3166 44 20 pos-

1233 3186 105 22 térieure
1354 3186 16 21 à
1384 3188 25 20 la
1425 3187 57 21 date
1499 3188 30 20 de
1544 3188 25 20 la
1583 3188 71 20 lettre
1670 3187 30 22 de
1715 3188 55 20 Dan-

1233 3213 54 25 doy.
1301 3214 64 20 Mais
1382 3213 17 21 à
1414 3215 167 23 l'instruction,
1599 3215 126 20 Guastalla
1741 3215 39 19 n'a

1234 3246 43 19 pas
1296 3240 76 21 caché
1389 3246 46 19 que
1454 3241 43 21 des
1516 3241 147 21 tractations
1681 3241 99 20 avaient

1234 3272 29 16 eu
1281 3268 49 20 lieu
1347 3267 213 21 antérieurement.

1259 3294 34 21 Le
1306 3294 27 21 24
1347 3295 61 20 avril
1422 3294 60 25 1928,
1497 3296 82 24 Roger
1593 3294 118 22 demande
1726 3292 17 23 à
1755 3295 25 20 la

1233 3321 101 25 Banque
1353 3321 30 21 de
1401 3322 125 20 Bruxelles
1544 3321 157 22 d'intervenir
1718 3322 61 20 dans

1233 3347 22 22 le
1271 3348 119 25 syndicat,
1407 3349 26 20 et
1448 3349 25 20 la
1489 3349 72 20 lettre
1578 3349 28 20 de
1623 3348 104 26 Dandoy
1743 3348 37 20 est

1234 3375 33 20 du
1285 3375 34 20 28.
1341 3375 40 24 Or,
1403 3375 61 20 dans
1484 3376 24 19 le
1527 3375 81 25 projet
1627 3374 78 21 d'acte
1726 3379 44 20 syn-

1234 3401 69 25 dical,
1320 3402 82 25 Roger
1417 3401 48 21 cite
1482 3402 35 20 les
1534 3402 103 21 chiffres
1653 3407 46 20 que
1716 3402 55 20 Dan-

1234 3428 47 26 doy
1296 3434 15 15 a
1327 3429 78 24 repris
1421 3428 62 21 dans
1500 3434 28 15 sa
1544 3428 78 22 lettre.
1638 3428 21 21 Il
1675 3433 31 16 ne
1722 3428 59 25 peut

1234 3455 34 20 les
1286 3455 68 21 avoir
1371 3459 93 17 connus
1482 3455 56 25 qu'à
1553 3455 180 22 l'intervention
1750 3455 31 21 de

1234 3482 110 24 Dandoy.

1261 3508 40 21 En
1322 3509 136 24 concluant,
1480 3508 104 22 l'avocat
1606 3508 98 26 général
1727 3514 44 15 sou-

1234 3535 67 20 haite
1317 3540 47 20 que
1380 3535 84 21 l'arrêt
1479 3536 79 21 donne
1574 3535 17 20 à
1606 3536 115 25 l'opinion
1739 3541 32 19 pu-

1233 3561 82 26 blique
1330 3562 161 25 l'impression
1507 3567 46 20 que
1568 3563 25 20 la
1608 3562 88 24 justice
1711 3562 69 26 belge

1235 3588 38 21 est
1294 3588 83 22 armée
1399 3590 86 20 contre
1511 3590 26 21 la
1557 3589 116 25 piraterie
1701 3589 79 20 finan-

1235 3615 71 21 cière.

1260 3642 37 21 Le
1319 3642 109 25 premier
1447 3642 57 26 juge
1527 3648 17 15 a
1566 3641 87 22 estimé
1675 3647 47 20 que
1745 3642 36 22 les

1235 3668 120 26 prévenus
1373 3668 168 26 présentaient
1576 3669 43 21 des
1655 3670 126 24 garanties

1235 3696 146 20 suffisantes
1401 3695 195 22 d'amendement
1630 3700 62 20 pour
1729 3697 53 19 leur

1235 3722 120 21 accorder-
1365 3723 23 20 le
1403 3723 84 20 sursis-
1503 3722 108 22 Illusion.
1626 3722 35 21 Le
1677 3723 94 21 contrai-

1236 3753 26 18 re
1282 3750 38 20 est
1339 3748 126 22 démontré
1486 3755 45 19 par
1550 3748 53 22 leur
1623 3749 106 21 attitude
1749 3754 33 16 au

1236 3780 71 19 cours
1325 3777 25 20 et
1368 3775 72 26 après
1457 3776 26 21 la
1501 3776 140 25 procédure.
1657 3776 34 21 Ils
1710 3776 62 21 s'obs-

1236 3803 80 20 tinent
1338 3802 61 21 dans
1420 3803 65 20 leurs
1507 3803 159 25 égarements.
1688 3800 94 28 Malgré

1236 3829 35 20 les
1289 3833 104 21 preuves
1411 3830 42 24 qui
1472 3830 35 19 les
1528 3830 158 24 accablaient,
1706 3829 29 21 Ils
1755 3834 27 16 se

1236 3856 56 20 sont
1312 3855 112 26 insurgés
1445 3857 84 20 contre
1549 3856 23 21 le
1592 3856 126 26 jugement
1740 3856 42 25 qui

1236 3881 35 22 les
1286 3887 15 16 a
1317 3882 147 21 condamnés
1480 3884 24 19 et
1519 3883 30 20 Us
1565 3885 43 19 ont
1622 3883 160 25 l'Impudence

1237 3908 29 22 de
1284 3908 127 26 présenter
1443 3910 65 20 leurs
1540 3910 69 20 actes
1626 3914 95 16 comme
1738 3910 43 21 des

1236 3935 140 26 opérations
1397 3935 119 21 honnêtes
1539 3938 24 18 et
1585 3936 86 24 licites.
1693 3936 35 21 Ils
1750 3940 32 16 ne

1236 3963 56 20 sont
1307 3967 45 20 pas
1366 3962 30 20 de
1411 3967 61 16 ceux
1486 3963 42 24 qui
1542 3962 116 22 méritent
1672 3964 23 19 le
1710 3961 63 22 béné-

1236 3989 48 20 fice
1326 3989 72 22 d'une
1437 3989 192 22 condamnation
1648 3989 125 22 condition-

1236 4016 70 21 nelle.

1263 4042 39 20 Me
1317 4042 149 23 Beaucarne,
1481 4041 72 26 après
1568 4048 47 15 une
1629 4044 85 20 courte
1728 4048 53 16 sus-»

1236 4068 101 25 pension
1357 4068 149 25 d'audience,
1523 4068 115 26 présente
1656 4069 25 21 la
1700 4068 72 22 défen-

1236 4100 27 15 se
1287 4095 30 20 de
1339 4095 111 25 Dandoy.
1472 4096 37 21 La
1531 4096 73 21 lettre
1627 4096 30 20 de
1679 4095 104 25 Dandoy

1237 4122 195 21 constltue-t-elle
1446 4127 47 16 une
1507 4123 84 21 ontion
1604 4128 32 15 ou
1650 4127 47 16 une
1711 4122 72 21 offre.

1235 4148 63 21 Tout
1312 4149 38 20 est
1361 4147 31 22 là.
1404 4148 35 22 Le
1452 4148 126 22 ministère
1590 4148 81 26 public
1683 4148 40 21 n'a
1737 4153 44 20 pas

1235 4175 49 20 fait
1297 4175 25 21 la
1336 4180 90 20 preuve
1443 4175 32 21 du
1491 4175 49 21 lien
1555 4175 30 22 de
1601 4180 73 17 cause
1689 4175 16 21 à
1720 4175 62 21 effet

1237 4201 69 21 entre
1326 4202 24 20 la
1369 4201 73 21 lettre
1463 4202 32 21 du
1517 4202 27 21 28
1564 4202 61 21 avril
1647 4203 25 20 et
1691 4201 82 22 l'intro-

1237 4228 99 22 duction
1354 4228 42 21 des
1413 4228 72 22 titres
1502 4227 17 22 à
1534 4229 26 21 la
1577 4229 66 21 Cote.
1661 4228 47 22 Les
1725 4228 48 22 libé-

1237 4254 83 22 ralités
1339 4255 31 21 de
1388 4255 109 25 Dandoy,
1514 4254 110 23 vis-à-vis
1640 4255 31 22 de
1688 4255 94 21 Rutten

1237 4281 25 20 et
1280 4281 28 20 do
1327 4280 78 22 Iwens
1423 4281 68 21 n'ont
1507 4286 45 20 pas
1570 4287 29 16 eu
1616 4287 62 20 pour
1694 4282 45 21 but
1755 4283 25 20 la

1238 4308 147 24 corruption.
1408 4308 104 25 Dandoy
1534 4308 108 21 brassait
1665 4308 43 22 des
1730 4308 44 21 mil-

1236 4334 62 21 lions
1313 4335 25 20 et
1350 4335 59 21 s'est
1422 4335 36 21 dit
1471 4333 56 27 qu'à
1540 4335 25 20 la
1580 4335 162 22 Commission
1756 4338 26 17 ee

1237 4360 109 22 trouvait
1366 4365 35 17 un
1420 4361 64 25 petit
1504 4361 102 23 greffier
1627 4361 41 26 qui
1691 4367 31 15 na
1743 4365 32 22 ga-

1237 4387 69 26 gnait
1327 4388 48 25 pas'
1393 4388 76 20 lourd.
1490 4388 34 21 Et
1545 4388 100 21 content
1666 4388 30 20 de
1719 4392 53 16 rece-

1237 4414 53 21 voir
1305 4418 47 17 une
1366 4414 63 21 belle
1443 4413 133 27 opération,
1590 4414 16 21 U
1621 4420 16 15 a
1651 4414 74 22 voulu
1738 4411 36 25 fai-

1237 4444 26 17 re
1279 4445 34 17 un
1328 4440 99 22 cadeau.
1442 4441 66 21 C'est
1520 4441 96 21 normal
1632 4442 26 21 et
1673 4442 109 20 courant.

1264 4466 37 21 M*
1323 4467 143 21 Beaucarne
1489 4467 120 21 demande
1631 4466 18 21 à
1670 4467 26 22 la
1718 4467 65 21 Cour

1237 4492 145 26 d'accorder,
1399 4493 57 26 quoi
1475 4494 57 25 qu'il
1551 4499 30 16 en
1599 4495 54 24 soit,
1670 4494 24 22 le
1712 4493 62 22 béné-

1238 4520 48 20 fice
1304 4520 34 21 du
1355 4520 77 21 sursis
1449 4519 16 22 à
1481 4526 46 16 son
1543 4519 81 23 client.

1248 4554 4 5 -
1264 4546 36 21 M*
1320 4547 94 21 Brunet
1435 4551 52 20 pre-
1496 4548 15 20 d
1533 4547 94 21 ensuite
1647 4547 26 22 la
1693 4547 90 25 parole,

1237 4578 32 16 au
1284 4577 57 17 nom
1356 4573 30 22 de
1401 4574 103 20 Rossen.

1263 4599 144 22 L'audience
1422 4601 38 20 est
1473 4600 137 25 suspendue
1624 4599 17 22 à
1654 4600 28 21 12
1696 4600 24 21 h.
1734 4599 48 24 1/2.

1237 4625 136 24 prochaine
1393 4626 124 26 audience,
1555 4627 66 25 jou.Il
1658 4626 125 26 prochain,

1238 4652 13 20 3
1266 4659 74 15 -îirs.

1470 4676 85 26 ♦M-

1300 4707 76 33 LES
1394 4707 322 35 MERCURIALES

1260 4774 137 23 BATTICE,
1421 4775 26 20 27
1469 4776 91 20 février.
1584 4786 26 7 —
1631 4777 25 20 50
1678 4777 105 24 génisses

1236 4796 27 20 de
1284 4796 13 20 2
1319 4802 51 18 ans,
1393 4799 48 19 1300
1463 4799 15 19 à
1501 4800 57 19 1800-
1582 4801 25 18 50
1628 4800 104 23 génisses
1755 4800 27 20 de

1236 4821 11 18 1
1269 4825 39 17 an,
1330 4821 38 20 700
1389 4822 16 18 à
1426 4822 59 22 1000:
1508 4823 38 19 110
1567 4823 85 19 vaches
1674 4823 108 25 maigres,

1236 4843 49 20 1400
1305 4844 15 19 à
1344 4844 58 22 1800;
1424 4845 26 20 60
1472 4845 85 21 vaches
1581 4846 93 23 plelnos,
1697 4846 50 20 1500
1767 4846 16 19 à

1235 4866 59 23 2230;
1310 4866 25 20 30
1350 4866 105 25 taureau,
1471 4867 21 20 le
1508 4868 30 22 k.,
1553 4868 44 21 3.25
1611 4874 15 14 a
1640 4869 23 23 4;
1679 4869 25 20 70
1719 4869 63 20 bêtea

1234 4889 29 19 do
1282 4889 128 22 boucherie,
1429 4890 20 19 le
1468 4890 31 22 k.,
1518 4891 12 19 3
1548 4891 30 20 fr.

1261 4912 105 23 YPRES,
1392 4912 25 20 27
1440 4912 93 22 flvrler.
1557 4923 28 6 —
1608 4914 117 21 Froment,
1749 4914 35 20 les

1236 4935 37 19 10O
1288 4935 32 22 k.,
1337 4935 27 19 70
1379 4939 15 16 A
1411 4935 35 22 74;
1465 4934 81 25 graine
1563 4936 28 20 de
1608 4936 76 23 trèfle,
1703 4937 49 20 1800
1768 4937 16 20 à

1237 4958 57 22 1700;
1309 4958 78 24 seigle,
1399 4958 25 19 63
1437 4959 15 18 à
1463 4959 36 21 65;
1513 4959 90 23 avoine,
1615 4960 25 19 74
1652 4960 15 19 &
1679 4960 35 22 76;
1729 4964 54 19 orge

1238 4980 139 24 (brasseur),
1395 4981 26 19 82
1438 4982 15 18 à
1471 4982 36 21 85:
1525 4986 56 19 orge
1602 4983 138 23 (fourrage),
1759 4983 25 19 78

1236 5004 15 19 à
1266 5004 36 21 80;
1320 5004 56 25 pois,
1395 5005 36 18 100
1446 5005 14 19 à
1477 5005 46 21 102;
1541 5006 66 19 maïs.
1625 5005 24 20 65
1664 5006 16 19 à
1695 5006 35 23 68;
1749 5006 33 18 fé-

1237 5027 97 24 veroles,
1350 5027 24 20 03
1391 5027 16 20 A
1424 5032 34 18 m;
1478 5032 101 19 pommes
1597 5028 28 19 de
1641 5029 69 20 terre.
1728 5029 24 20 48
1769 5028 15 20 à

1235 5050 35 22 55;
1288 5050 89 21 beurre,
1395 5051 21 18 :«
1432 5050 32 22 k.,
1481 5050 56 20 10.50
1552 5050 15 20 à
1582 5051 67 23 21.50;
1666 5052 70 22 œuf»),
1754 5056 29 18 p.,

1236 5072 45 21 0.38
1299 5073 14 19 i\
1330 5073 56 23 0.40;
1406 5072 120 26 -porcelets,
1545 5073 24 20 la
1586 5073 56 22 tête,
1660 5074 25 22 75
1703 5074 15 20 à
1736 5074 46 22 120;

1237 5096 29 20 id.
1282 5095 21 20 le
1320 5095 30 24 k.,
1368 5097 54 21 4.50;
1440 5095 75 23 caille,
1531 5095 34 20 les
1581 5096 36 20 100
1632 5097 30 23 k.,
1679 5096 24 20 18
1718 5101 15 15 a
1748 5097 34 22 20;

1237 5118 56 23 foin,
1308 5119 25 19 35
1348 5119 14 18 i).
1377 5117 35 24 40;
1428 5119 32 19 lin
1475 5118 61 24 brut,
1552 5118 24 21 30
1591 5118 15 20 à
1620 5119 35 23 50;
1672 5119 112 20 cossettes

1237 5142 28 19 do
1279 5141 111 24 chicorée,
1405 5142 24 19 85
1444 5146 15 15 a
1473 5141 32 21 87.

1263 5164 126 24 DINANT,
1411 5164 24 21 26
1454 5164 94 23 février.
1568 5173 26 7 —
1614 5164 94 21 Beurre.
1729 5165 24 19 21
1777 5168 6 18 ;

1237 5187 69 21 oeufs,
1319 5187 34 21 les
1364 5188 20 21 6,
1398 5188 33 22 12;
1446 5192 102 20 pommes
1560 5187 27 20 de
1600 5187 68 23 terre,
1681 5187 34 23 70;
1731 5191 53 21 pou.

1237 5210 41 22 les,
1296 5210 69 22 18-23;
1383 5209 82 25 lapins,
1482 5211 19 18 9.

1262 5234 159 22 ANDENNE,
1441 5234 24 19 26
1484 5233 93 20 février.
1596 5242 27 6 —
1642 5229 87 29 Beurk)e
1749 5232 34 22 20;

1238 5256 69 22 œufs,
1320 5256 34 20 les
1368 5256 31 22 26,
1413 5256 34 21 15:
1463 5260 109 19 pommes,
1586 5255 78 23 2-2.50;
1678 5259 106 21 oranges,

1238 5279 77 23 3-3.50;
1329 5279 81 22 citron,
1423 5279 55 22 0.T5;
1491 5279 76 20 choux
1580 5283 92 19 Touges,
1686 5278 99 23 3;choux

1239 5302 87 23 blancs,
1343 5302 77 22 2.50-3:
1439 5301 74 21 choux
1529 5301 71 22 verts,
1616 5301 77 22 0.75-1;
1711 5301 75 20 choux

1238 5324 81 23 fleurs,
1335 5325 55 21 3.50:
1408 5329 102 20 pommes
1526 5325 27 19 de
1569 5324 68 21 terre.
1653 5324 130 22 0.85-1-1.40;

1239 5348 86 25 poules,
1341 5348 69 23 14-18;
1427 5348 97 24 poulets.
1540 5348 58 20 8-14;
1615 5347 120 24 poulettes,
1752 5347 35 19 14-

1239 5371 33 21 16;
1293 5371 105 21 canards,
1418 5370 33 22 15;
1471 5371 102 24 pigeons,
1590 5371 46 20 6-8:
1655 5369 75 23 lapins
1746 5370 29 19 do-

1239 5393 133 25 mestiques.
1394 5394 68 19 18-25:
1482 5390 117 28 «Vpeautre.
1620 5393 35 22 76;
1677 5393 108 21 froment,

1238 5416 70 23 64-74;
1327 5420 54 20 orge
1400 5416 141 25 printemps,.
1552 5417 69 22 80-85;
1639 5420 56 20 orge
1712 5415 73 23 hiver,

1239 5446 35 23 SB;
1292 5445 83 21 avoine
1393 5446 37 19 Ire
1448 5445 94 25 qualité,
1560 5446 70 23 85-87;
1649 5446 25 19 2e
1692 5445 93 26 qualité,

1239 5469 32 20 81.

1824 217 57 71 La
1910 217 139 71 bande
2080 218 61 70 De
2173 217 153 71 ïetter

1802 315 110 46 devant
1937 315 45 46 les
2007 315 123 47 Assises
2158 315 38 46 du
2225 315 127 46 Hainaut

1817 409 48 23 (De
1883 409 71 20 notre
1971 409 193 25 correspondant
2181 408 155 25 particulier)

2089 448 78 23 Mons,
2183 447 27 20 27
2227 446 97 22 février.

1833 474 145 21 L'audience
1992 474 29 20 de
2034 474 93 21 samedi
2140 480 16 14 a
2169 472 39 22 été
2221 473 132 21 consacrée

1805 500 16 21 à
1835 500 126 21 l'audition
1977 500 71 21 d'une
2063 501 123 20 trentaine
2202 500 29 20 de
2247 499 104 22 témoins

1805 527 41 24 qui
1866 528 58 20 sont
1943 532 77 16 venus
2040 527 93 20 donner
2153 527 42 20 des
2215 527 127 24 renseigne-

1805 554 80 19 ments
1900 558 32 15 au
1946 554 67 24 sujet
2028 554 70 20 d'une
2111 552 63 22 série
2189 553 30 20 de
2233 554 109 20 cambrio-

1806 580 67 24 lages
1892 579 85 25 opérés
1996 585 45 19 par
2059 580 36 20 De
2114 580 91 20 Vetter.

1832 607 167 24 Auparavant,
2034 607 22 19 le
2089 607 57 24 juge
2182 607 169 19 d'instruction

1806 633 120 23 Malbrun,
1945 633 28 20 do
1991 632 133 25 Charlerol,
2141 632 46 21 mis
2205 633 23 20 le
2245 633 57 25 jury
2319 638 32 15 au

1806 662 104 18 courant
1923 659 42 20 des
1979 660 116 20 relations
2110 660 28 20 de
2152 660 35 20 De
2200 660 86 21 Vetter
2293 664 59 16 avec

1807 687 34 20 les
1868 686 127 20 receleurd.
2022 687 33 19 Le
2081 686 115 24 bijoutier
2221 686 75 25 Ghys,
2323 691 29 15 oe

1805 713 78 23 Gand,
1903 717 77 20 argue
2001 712 29 20 de
2049 718 29 15 sa
2098 713 79 20 bonne
2198 713 35 20 fol
2254 714 25 19 et
2299 712 42 25 pré-

1807 739 57 20 tend
1880 740 94 20 n'avoir
1989 739 86 20 réalisé
2091 744 46 20 que
2155 740 41 19 des
2212 739 140 25 opérations

1806 766 128 20 correctes.

1832 792 33 20 Le
1884 792 131 25 magistrat
2034 792 149 20 instructeur
2202 797 15 15 a
2237 792 113 25 rapporté

1806 823 45 19 que
1866 818 58 20 chez
1938 819 67 24 Ghys
2019 819 17 20 il
2050 825 15 14 a
2079 818 85 21 trouvé
2180 819 60 21 dans
2255 824 32 15 un
2302 820 39 20 ate-

1806 846 44 19 lier
1864 844 97 21 installé
1977 846 61 19 dans
2053 846 35 20 les
2102 846 116 20 sous-sols
2234 846 42 20 des
2291 846 51 21 (mis-

1804 876 41 17 ées
1868 872 91 24 pleines
1982 871 29 21 de
2032 872 83 24 bijoux
2138 872 115 21 dessertis
2276 874 24 19 et
2322 873 29 20 de

1806 899 113 19 couvert-s
1941 904 29 14 en
1993 899 87 24 argent
2101 899 59 19 dont
2181 899 35 20 les
2238 903 113 21 marques

1807 929 31 16 ou
1860 925 34 20 lea
1914 929 197 19 monogrammes
2132 926 99 19 avaient
2253 925 38 21 été
2313 931 29 15 en-

1807 950 71 23 levés,
1898 951 63 20 ainsi
1982 952 87 23 qu'une
2090 952 75 24 petite
2184 953 71 23 forge
2273 952 26 21 et
2318 957 33 15 un

1805 978 109 20 soufflet.
1938 978 54 20 Une
2020 978 112 20 machine
2155 978 17 21 à
2194 979 68 20 laver
2291 977 60 22 était

1807 1005 99 23 remplie
1930 1005 30 19 de
1984 1006 168 19 mouvements
2183 1006 28 19 de
2235 1006 115 19 montrt-s.

1806 1031 67 20 Dans
1891 1032 22 19 le
1930 1031 140 21 coffre-fort
2088 1032 29 20 de
2133 1032 67 25 Ghys
2218 1032 16 20 11
2250 1037 17 20 y
2283 1032 68 20 avait

1806 1062 60 20 pour
1881 1058 52 24 plus
1950 1058 28 20 de
1994 1057 87 23 150,000
2095 1059 30 19 fr.
2141 1058 29 20 de
2185 1059 91 22 valeur,
2292 1059 58 19 dont

1806 1089 46 15 une
1866 1089 94 15 somme
1976 1084 29 21 de
2020 1085 74 22 43,000
2108 1085 30 20 fr.
2153 1090 30 14 en
2199 1084 79 25 pièces
2293 1085 57 20 d'or.

1832 1111 125 19 Plusieurs
1982 1110 104 21 témoins
2110 1112 43 19 ont
2166 1114 118 18 'reconnu
2308 1111 42 21 des

1808 1137 83 24 bijoux
1908 1138 41 23 qui
1969 1138 99 20 avaient
2087 1137 39 20 été
2145 1137 65 21 volée
2229 1138 59 20 chez
2306 1143 46 15 eux

1805 1166 25 18 et
1846 1164 41 20 des
1903 1164 121 24 colloques
2039 1165 133 19 nombreux
2185 1169 27 15 ae
2226 1165 57 20 sont
2298 1170 43 20 pro-

1806 1190 65 20 duite
1889 1195 32 15 au
1939 1195 71 15 cours
2030 1192 29 19 do
2076 1190 134 21 l'audience
2227 1193 69 19 entre
2314 1192 36 20 De

1805 1216 86 21 Vetter
1905 1219 25 19 et
1942 1217 108 20 certains
2066 1218 29 19 de
2108 1222 41 15 ses
2163 1217 140 22 co-accusés
2318 1224 32 15 au

1804 1243 67 24 sujet
1890 1243 42 20 des
1952 1244 113 24 rapports
2084 1244 56 25 qu'il
2160 1245 42 19 eut
2219 1250 60 14 avec
2303 1250 46 15 >ux.

1832 1270 36 20 De
1902 1270 85 20 Vetter
2020 1271 114 19 continue
2165 1269 17 21 à
2214 1270 136 25 prétendre,

1805 1296 83 24 quand
1907 1297 23 19 le
1952 1297 122 20 contraire
2094 1296 82 26 paraît
2196 1296 51 21 être
2268 1297 82 24 établi,

1805 1323 57 24 qu'il
1878 1323 39 20 n'a
1932 1323 89 24 jamais
2037 1324 101 19 commis
2154 1328 39 15 ses
2207 1324 134 21 cambriola-

1805 1354 43 20 ges
1864 1354 47 20 que
1926 1350 60 23 seul,
2002 1355 59 15 sans
2077 1350 152 20 l'assistance
2247 1351 103 20 d'aucun

1806 1377 108 19 membre
1928 1377 28 19 de
1968 1382 29 14 da
2010 1377 100 20 famille.
2124 1377 20 19 Il
2158 1377 103 20 cherche
2275 1378 65 19 mani-

1806 1403 132 21 festement
1958 1403 17 20 à
1997 1404 34 19 les
2052 1408 91 15 sauver
2163 1405 26 19 et
2209 1404 104 21 cherche
2335 1404 16 21 û

1806 1430 112 20 accabler
1939 1430 35 20 les
1996 1430 120 20 receleurs
2137 1430 57 24 qu'il
2215 1436 15 14 a
2251 1430 99 21 amenés

1806 1461 59 15 avec
1883 1457 34 19 lui
1936 1457 90 20 devant
2042 1457 24 19 la
2085 1457 64 19 Cour
2168 1457 125 21 d'Assises.

1834 1482 35 20 La
1894 1483 132 24 prochaine
2058 1483 118 20 audience
2208 1488 62 16 aura
2302 1484 48 20 Heu

1806 1508 66 21 lundi
1888 1510 78 19 matin
1980 1510 25 20 et
2018 1509 48 20 l'on
2080 1514 73 20 pense
2167 1511 101 23 pouvoir
2281 1511 60 20 abor-

1807 1535 43 20 der
1872 1535 117 20 l'examen
2012 1536 32 20 du
2065 1538 108 18 meurtre
2196 1537 32 20 du
2249 1537 101 20 fermier

1806 1561 110 20 Modes;e
1928 1562 81 23 Hélln,
2023 1563 30 19 de
2065 1562 284 27 Strépy-Bracquegn.es,

1806 1588 79 20 mardi
1903 1593 32 15 ou
1952 1589 125 21 mercredi.

2027 1624 107 21 -♦«♦-

1805 1659 69 38 LES
1898 1660 273 38 BROUILLARDS
2195 1661 153 39 D'ENGIS

1890 1741 31 34 Un
1933 1743 93 39 rapport
2041 1741 27 34 du
2084 1742 93 33 docteur
2189 1742 74 34 Firket

1830 1801 37 20 La
1887 1807 12 13 c
1920 1801 92 20 Nation
2031 1801 74 25 Beige
2125 1807 19 18 »,
2167 1807 31 15 on
2220 1802 21 20 le
2261 1802 55 25 sait,
2336 1807 15 14 a

1804 1827 80 25 publié
1906 1828 121 24 plusieurs
2049 1828 98 20 articles
2170 1833 43 15 sur
2237 1828 24 21 la
2283 1834 58 19 ques-

1802 1855 53 19 tion
1876 1854 42 21 des
1940 1855 145 20 brouillards
2108 1856 29 19 de
2159 1855 24 20 la
2205 1855 90 21 Meuse.
2316 1856 33 20 Le

1804 1881 100 20 docteur
1920 1881 90 21 Firked
2028 1887 16 15 a
2062 1880 97 26 profité,
2176 1887 30 15 en
2224 1881 127 22 décembre

1802 1908 103 23 dernier,
1926 1908 33 20 du
1977 1910 102 23 rapport
2098 1909 73 20 remis
2191 1913 33 16 au
2242 1909 108 25 Parquet

1803 1935 29 19 de
1852 1934 73 26 Liège
1945 1940 46 19 par
2010 1935 35 20 les
2066 1936 103 24 experts,
2190 1940 62 20 pour
2273 1937 67 23 expri-

1805 1966 52 15 mer
1876 1966 45 15 son
1940 1962 99 24 opinion
2058 1961 16 21 à
2093 1961 145 22 l'Académie
2259 1963 92 25 Royale

1804 1988 30 20 de
1850 1988 132 21 Médecine.
1997 1989 34 20 Le
2047 1994 13 15 «
2076 1989 107 22 Bulletin
2198 1989 31 20 de
2245 1989 98 21 l'Acadé-

1802 2015 49 20 mie
1868 2021 13 14 »
1900 2015 67 21 vient
1985 2015 30 21 de
2033 2015 139 25 reproduire
2190 2016 64 21 cette
2272 2015 77 22 étude.

1803 2041 39 21 En
1858 2042 62 20 voici
1940 2042 21 20 le
1977 2041 103 22 résumé.

1830 2068 34 21 Le
1883 2068 102 21 docteur
2003 2069 86 21 Firket
2107 2069 86 21 estime
2212 2074 46 19 que
2277 2070 20 20 si
2316 2070 35 20 les

1805 2095 92 20 mêmes
1948 2095 137 22 conditions
2134 2095 217 26 météorologiques

1804 2121 71 24 qu'en
1899 2121 55 20 1930
1976 2127 27 15 se
2027 2122 115 20 trouvent
2164 2121 105 26 réunies,
2292 2128 47 19 pen-

1804 2149 60 20 dant
1877 2148 22 21 le
1913 2148 79 21 même
2005 2150 79 24 temps
2098 2151 24 19 et
2135 2154 30 16 en
2179 2148 96 26 période
2289 2149 53 21 d'ac-

1804 2174 70 22 tivité
1892 2176 43 20 des
1955 2175 89 25 usines,
2063 2177 34 20 les
2117 2175 91 21 mêmes
2227 2177 124 20 accidents

1803 2206 27 16 se
1848 2202 177 25 reproduiront-
2043 2202 182 25 L'atmosphère
2241 2203 33 21 du
2291 2208 60 21 pays

1804 2228 30 21 de
1850 2228 73 26 Liège
1942 2230 38 20 est
1996 2229 105 26 chargée
2119 2229 140 22 d'éléments
2275 2231 67 19 sulfu-

1805 2259 59 16 reux
1878 2256 41 24 qui
1936 2256 44 20 ont
1995 2255 77 21 rendu
2088 2256 22 21 le
2126 2256 133 21 brouillard
2275 2258 73 20 nocif.

1804 2281 45 20 Les
1867 2280 123 22 médecins
2009 2282 30 20 de
2055 2283 24 20 la
2096 2281 84 27 région
2198 2283 43 20 ont
2258 2282 38 22 été
2313 2284 26 20 In-

1804 2306 108 26 terrogés
1927 2308 24 20 et
1968 2308 41 20 des
2023 2309 123 24 autopsies
2160 2309 44 20 ont
2219 2308 39 21 été
2273 2310 64 24 prati-

1803 2333 81 25 quées,
1900 2339 31 15 en
1947 2333 79 21 même
2042 2335 78 26 temps
2136 2339 47 20 que
2199 2335 58 21 MM.
2273 2336 75 20 Batta

1805 2361 24 19 et
1853 2360 71 25 Mage
1950 2359 136 22 étudiaient
2110 2362 23 20 la
2159 2362 88 20 nature
2273 2362 25 20 et
2324 2363 24 19 la

1804 2386 111 25 quantité
1937 2387 42 20 des
2001 2388 111 24 produits
2134 2386 61 22 émis
2216 2393 31 15 en
2269 2389 79 24 vingt-

1804 2414 87 23 quatre
1909 2413 88 21 heures
2013 2419 45 19 par
2074 2414 34 20 les
2126 2415 93 23 usines;
2237 2419 41 16 ces
2295 2420 44 19 pro-

1806 2439 65 20 duits
1903 2439 57 21 sont
1970 2444 6 16 :
2012 2439 149 26 l'anhydride
2193 2440 154 25 carbonique,

1804 2466 92 25 l'oxyde
1915 2466 29 20 de
1961 2463 112 27 carbone,
2090 2467 84 20 l'azote
2193 2466 28 21 de
2238 2467 101 21 combus-

1806 2492 58 23 tion,
1889 2492 151 25 l'anhydride
2066 2493 134 24 sulfureux,
2224 2493 22 20 le
2273 2493 73 24 fluor,

1804 2518 150 25 l'anhydride
1990 2519 143 25 sulfurique,
2169 2519 22 20 le
2227 2520 120 25 peroxyde

1806 2545 91 21 d'azote
1922 2547 25 18 et
1971 2544 35 22 les
2031 2545 137 25 poussières
2195 2545 99 26 d'oxyde
2319 2546 28 20 de

1803 2571 61 21 zinc.

1830 2597 171 21 Constatation
2015 2598 31 20 du
2061 2598 100 21 docteur
2172 2597 92 25 Firket,
2275 2597 71 26 après

1804 2624 69 21 avoir
1892 2624 114 25 comparé
2026 2625 35 20 les
2081 2625 145 20 brouillards
2248 2624 99 26 d'Engis

1804 2655 59 17 avec
1884 2651 35 20 les
1940 2650 145 22 brouillards
2109 2651 28 21 de
2159 2651 108 21 Londres
2278 2656 6 15 :

1830 2682 12 14 «
1850 2676 76 21 Notre
1946 2675 77 23 vallée
2044 2677 150 21 Industrielle
2214 2683 26 15 se
2260 2678 86 20 trouve

1804 2702 60 21 dans
1881 2703 41 20 des
1939 2703 136 21 conditions
2092 2702 192 27 géographiques
2302 2704 36 20 dif-

1804 2728 107 22 férentes
1931 2729 29 21 de
1977 2730 73 20 celles
2071 2729 28 21 de
2119 2730 23 20 la
2161 2730 56 20 ville
2238 2730 29 20 de
2286 2730 51 20 Lon-

1804 2755 61 25 dres,
1885 2754 38 25 où,
1945 2761 32 15 on
1998 2756 22 20 le
2041 2756 55 23 sait,
2118 2755 171 26 l'atmosphère
2309 2757 37 19 est

1804 2781 137 26 également
1965 2781 147 26 surchargée
2136 2782 29 21 de
2190 2782 52 21 S02
2265 2781 17 22 à
2305 2782 42 21 des

1804 2809 98 20 teneurs
1925 2808 94 25 parfois
2041 2809 55 25 plus
2119 2809 77 20 fortes
2217 2813 48 20 que
2287 2809 59 20 celle

1803 2835 41 24 qui
1861 2840 24 18 a,
1902 2840 58 16 sans
1980 2835 80 24 doute,
2078 2833 75 23 existé
2170 2840 31 15 en
2220 2834 126 21 décembre

1805 2861 96 21 dernier
1920 2862 31 21 (si
1972 2866 61 16 nous
2053 2866 29 16 en
2100 2866 102 21 croyons
2222 2862 35 20 les
2276 2860 62 22 diffé-

1804 2889 66 19 rents
1888 2889 113 24 rapports
2017 2887 97 26 publiés
2127 2893 46 20 par
2189 2889 35 19 les
2240 2888 106 20 services

1804 2914 95 25 anglais
1926 2913 108 21 d'études
2060 2914 29 21 de
2114 2914 24 21 la
2163 2914 119 25 pollution
2317 2914 28 20 de

1805 2939 170 26 l'atmosphère
1998 2939 17 21 à
2038 2940 127 24 Londres),
2191 2942 25 20 et
2240 2939 32 22 où
2305 2940 41 20 des

1803 2966 146 22 brouillards
1969 2967 71 23 aussi,
2059 2967 85 20 denses
2158 2967 115 25 .peuvent
2293 2971 44 21 per-

1804 2991 74 23 sister
1894 2992 118 26 .pendant
2025 2987 132 31 'plusl'efldà
2180 2992 77 25 jours.
2282 2993 54 20 Lon-

1804 3019 54 20 dres
1873 3019 63 21 n'est
1948 3024 49 20 pas
2008 3019 114 20 encaissé-
2132 3017 60 22 dans
2207 3023 48 16 une
2268 3017 78 22 vallée

1802 3044 88 22 étroite
1904 3046 31 23 et,
1948 3050 59 15 sans
2022 3045 78 23 doute,
2110 3049 34 17 en
2158 3050 43 15 cas
2216 3045 29 20 de
2257 3044 79 21 brouil-

1803 3071 60 24 lard,
1886 3072 24 19 la
1933 3071 118 20 diffusion
2076 3071 28 21 de
2123 3071 57 21 Valr
2202 3069 90 27 chargé
2317 3071 28 20 de

1802 3098 53 20 S02
1872 3098 153 20 devient-elle
2041 3098 54 24 plus
2112 3096 66 22 aisée
2194 3102 46 20 par
2256 3097 35 20 les
2308 3096 29 21 cô-

1803 3123 44 25 tés,
1869 3124 138 20 diminuant
2027 3120 111 25 d'autant
2158 3124 25 20 la
2201 3123 145 25 production

1804 3150 91 21 d'acide
1914 3151 136 24 sulfurique
2068 3150 17 21 à
2102 3150 185 20 concentration
2305 3155 32 15 no-

1802 3177 61 20 cive.
1869 3182 14 14 »

1829 3202 157 22 L'Académie
2003 3209 15 14 a
2038 3202 38 22 été
2094 3201 119 22 Informée
2232 3202 29 21 de
2280 3202 66 25 l'opf-

1803 3230 58 20 nlon
1882 3230 21 20 si
1924 3229 122 21 autorisée
2070 3230 33 20 du
2125 3230 80 25 grand
2227 3229 110 25 physiolo-

1801 3257 64 23 giste
1888 3257 95 23 anglais
2005 3256 119 21 Haldane,
2147 3256 20 21 Il
2191 3256 86 20 estime
2298 3260 47 20 que

1804 3283 25 20 la
1853 3281 80 22 rareté
1959 3282 42 21 des
2024 3282 125 21 accidents
2174 3282 132 25 analogues
2331 3281 16 21 à

1804 3308 108 21 Londres
1937 3314 28 15 se
1987 3309 140 24 comprend,
2154 3314 31 15 en
2211 3309 77 23 outre,
2314 3308 32 20 du

1802 3335 49 21 fait
1875 3340 47 20 que
1947 3335 24 21 la
1996 3335 101 21 chaleur
2122 3333 105 27 dégagée
2253 3340 46 19 par
2321 3335 25 20 la

1802 3362 56 20 ville
1882 3361 114 25 empêche
2021 3361 24 21 la
2069 3361 145 25 production
2240 3361 32 21 du
2296 3361 40 25 pla-

1802 3387 60 21 fond
1880 3387 206 26 météorologique
2106 3388 55 25 trop
2181 3386 56 26 près
2257 3387 32 21 du
2309 3388 35 20 sol

1803 3413 25 22 et
1840 3414 103 25 qu'ainsi
1957 3415 29 20 de
1999 3415 47 20 tels
2060 3415 125 20 accidents
2198 3414 84 21 seront
2294 3419 43 16 sur-

1804 3441 54 20 tout
1878 3439 17 22 à
1917 3440 119 24 craindre,
2055 3440 61 21 dans
2140 3440 35 21 les
2197 3445 149 21 campagnes

1801 3467 56 25 plus
1880 3467 99 24 froides,
2002 3466 31 21 où
2055 3473 27 15 se
2105 3467 126 21 rabattent
2252 3467 36 20 les
2309 3467 27 20 fu-

1801 3493 94 20 mées.»
1933 3496 9 11 '

1991 3514 3 25 '■
2037 3527 78 22 ♦■♦

1804 3566 148 39 Cilliauxct
1973 3566 92 39 Dubois
2080 3567 70 38 dans-
2160 3567 25 38 le
2199 3565 151 40 Tanezrouft

1831 3653 167 25 L'Inquiétude
2016 3658 47 20 que
2081 3653 46 21 l'on
2146 3658 15 15 a
2179 3652 118 26 éprouvée
2314 3657 33 16 au

1805 3680 65 24 sujet
1889 3680 42 20 des
1950 3680 125 20 aviateurs
2094 3680 81 25 belges
2196 3679 107 21 Gilliaux
2323 3680 25 19 et

1802 3705 99 25 Dubois,
1916 3707 43 24 qui
1975 3706 121 20 tentaient
2111 3707 22 19 le
2149 3705 55 21 raid
2220 3706 125 30 Belgique-

1802 3732 84 25 Congo
1909 3732 76 25 belge,
2007 3733 38 20 est
2067 3732 155 25 aujourd'hui
2245 3732 92 20 entière-

1803 3759 70 20 ment
1896 3757 110 26 dissipée.

1831 3784 38 21 On
1887 3790 26 15 se
1931 3784 113 21 souvient
2062 3789 47 21 que
2126 3784 35 21 lea
2180 3784 63 21 deux
2259 3784 87 25 pilotes

1806 3811 99 20 avalent
1928 3810 79 25 quitté
2030 3811 103 25 Reggan
2159 3811 22 20 le
2206 3810 27 21 21
2256 3810 92 21 février

1804 3841 65 20 ■pour
1893 3836 128 25 s'engager
2044 3837 128 20 au-dessus
2200 3837 32 19 du
2258 3837 80 20 Tanez-

1805 3863 69 21 rouft
1890 3868 31 15 en
1940 3863 119 20 direction
2076 3863 32 21 du
2124 3863 83 25 Nigen,

1830 3889 94 25 Depuis
1938 3894 32 16 on
1985 3888 61 21 était
2060 3894 59 16 sans
2133 3889 123 21 nouvelles
2272 3889 75 21 d'eux.

1804 3915 53 21 Une
1871 3914 105 26 dépêche
1990 3916 29 20 de
2032 3916 101 24 Reggan
2147 3915 48 20 fait
2207 3915 83 21 savoir
2300 3920 47 20 que

1805 3942 36 20 les
1862 3942 63 20 deux
1946 3942 132 24 aviateurs,
2100 3947 32 15 en
2152 3945 81 21 panne
2254 3946 33 16 au
2308 3942 41 20 Bi-

1806 3967 85 25 don-V,
1908 3966 56 27 près
1982 3968 88 25 duquel
2087 3968 31 21 ils
2135 3968 99 20 avaient
2251 3968 88 21 endom-

1803 3992 73 27 magé
1897 3994 53 20 leur
1969 3994 117 25 appareil,
2104 3995 45 20 ont
2169 3993 38 22 été
2228 3995 119 20 recueillis

1803 4021 27 20 et
1846 4019 112 22 ramenés
1976 4019 17 21 à
2010 4020 53 21 Gao
2078 4025 47 20 par
2140 4025 48 16 une
2205 4020 96 21 voiture
2319 4021 29 20 de

1807 4046 25 20 la
1863 4045 150 26 Compagnie
2045 4045 119 22 Générale
2197 4046 142 21 Transsaha-

1805 4072 92 21 rienne,

1830 4098 53 21 Une
1899 4097 86 27 équipe
2000 4098 37 22 est
2052 4099 79 25 partie
2139 4110 5 11 :
2146 4098 16 23 à
2176 4098 25 22 la
2215 4097 132 23 recherche

1804 4124 30 21 de
1855 4125 132 25 l'appareil.

1832 4150 25 21 Si
1875 4152 40 20 cet
1933 4151 110 22 incident
2061 4151 29 22 de
2108 4152 69 20 route
2195 4151 40 20 n'a
2253 4156 45 20 pas
2316 4157 31 15 eu

1807 4177 54 21 tout
1874 4177 23 22 le
1912 4177 112 27 tragique
2040 4177 29 21 de
2084 4178 133 20 l'aventure
2234 4178 28 21 de
2278 4178 62 25 Régi

1805 4203 71 21 nensi
1893 4203 25 21 et
1935 4203 29 21 de
1980 4209 40 15 ses
2037 4209 172 20 compagnons,
2225 4204 59 21 c'est
2302 4203 37 22 évi-

1807 4229 124 21 demment
1949 4229 73 26 grâce
2039 4228 17 22 à
2074 4231 64 20 cette
2156 4230 63 25 piste
2239 4230 29 21 de
2287 4230 53 25 Reg-

1806 4260 48 20 gan
1871 4254 17 22 à
1906 4255 52 21 Gao
1976 4256 42 27 qui
2035 4261 88 17 assure
2141 4257 66 20 ausal
2226 4256 57 21 bien
2300 4261 49 16 aux

1805 4281 116 22 touristes
1945 4282 30 21 de
1999 4281 163 22 l'automobile
2185 4281 87 26 qu'aux
2296 4283 43 20 tou-

1806 4308 74 21 ristes
1901 4308 30 21 de
1955 4308 54 21 l'air
2031 4313 48 17 une
2102 4307 104 22 sécurité
2229 4308 49 25 qui,
2301 4309 39 25 jus-

1807 4334 79 25 qu'ici,
1904 4334 40 21 n'a
1961 4334 90 25 jamais
2069 4334 39 21 été
2125 4340 30 16 en
2175 4333 91 22 défaut.

2039 4367 83 24 ♦■<♦
2280 4369 4 23 1

1806 4406 88 39 Draine
1907 4408 142 45 passionnel
2062 4417 31 30 au
2106 4408 54 38 bois
2173 4409 29 36 de
2212 4408 141 38 Vincennes

2084 4490 71 21 Paris
2181 4490 27 21 27
2227 4490 97 21 fi-vrler.

1833 4515 68 22 Dans
1915 4521 48 16 une
1978 4515 62 22 allée
2055 4516 32 21 du
2100 4516 53 21 bois
2168 4516 29 21 de
2212 4516 137 21 Vincennes

1809 4547 32 16 on
1854 4548 18 16 a
1887 4542 86 21 trouvé
1988 4543 63 20 deux
2064 4542 86 26 jeunes
2164 4547 60 21 gens
2239 4543 112 21 couverts

1809 4568 28 21 de
1853 4573 68 20 eing.

1834 4594 63 22 L'un
1918 4595 76 21 «rait
2015 4600 35 17 un
2070 4594 98 22 nommé
2196 4595 86 21 Pter:-»
2308 4595 42 21 Le-

1808 4620 74 24 bœuf,
1897 4620 27 22 30
1937 4626 53 19 ans,
2004 4621 146 22 demeurant
2161 4620 18 22 à
2193 4621 158 26 Nogent-sur-

1809 4646 92 25 Marnu,
1926 4646 86 22 l'autre
2037 4652 49 16 une
2117 4646 112 22 nommée
2259 4647 92 22 Hélène

1808 4672 75 22 Valle.
2079 4673 9 30 ;
2112 4680 4 5 ■

1834 4699 48 21 Les
1896 4700 178 21 constatations
2089 4700 73 21 faites
2177 4705 43 16 sur
2232 4700 70 26 place
2317 4702 25 20 in-

1810 4725 100 26 diquent
1928 4731 47 19 que
1995 4726 33 21 M.
2046 4727 102 20 Lebœuf
2165 4732 15 15 a
2199 4726 47 24 tiré
2265 4733 44 16 sur
2328 4727 24 21 la

1808 4752 73 24 jeune
1896 4752 90 21 femme
1999 4757 49 16 une
2061 4752 63 22 balle
2139 4752 29 22 de
2182 4753 110 22 revolver
2304 4758 49 21 que

1809 4778 93 21 celle-ci
1914 4783 17 15 a
1944 4783 71 20 reçue
2031 4779 60 21 dans
2104 4779 25 20 la
2142 4778 84 26 régton
2239 4779 32 20 du
2284 4784 68 16 cœur

1811 4804 24 21 et
1847 4804 57 25 qu'il
1916 4804 59 21 s'eet
1987 4805 95 21 ensuite
2096 4805 46 21 tiré
2155 4810 47 17 une
2214 4805 63 21 balle
2291 4806 61 21 dans

1809 4830 25 21 la
1850 4831 82 24 tempe
1951 4831 84 22 droite.

1834 4856 47 21 Les
1906 4857 62 21 deux
1989 4856 91 23 blessés
2100 4858 45 21 ont
2166 4856 39 23 été
2226 4858 116 25 transpor-

1810 4881 37 22 tés
1861 4881 17 22 à
1892 4881 109 27 l'hôpital
2016 4883 61 21 dans
2091 4889 34 15 un
2140 4883 52 23 état
2205 4883 50 22 très
2270 4890 81 19 grave.

1809 4908 67 21 Celui
1893 4908 29 22 de
1937 4908 112 22 l'homme
2064 4915 31 15 ne
2109 4909 82 26 parait
2205 4915 45 20 pas
2265 4911 87 21 laisser

1813 4934 108 25 d'espoir.
2148 4943 11 12 ».

1463 5492 109 24 -♦■•♦-

1268 5523 46 21 Les
1332 5523 60 21 vols.
1408 5532 29 6 —
1454 5523 38 21 Un
1512 5523 106 21 inconnu
1634 5522 59 22 s'est
1710 5522 74 26 glissé

1245 5549 60 20 dans
1319 5549 23 21 le
1356 5549 113 25 magasin
1484 5549 42 21 des
1540 5548 78 26 époux
1632 5549 49 25 G...,
1695 5554 44 16 rue
1754 5548 33 22 du

1243 5573 113 27 Progrès,
1374 5574 16 21 à
1409 5574 258 24 St-Josse-ten-Noode,
1688 5575 25 22 et
1731 5573 56 23 vidé

1244 5600 32 22 de
1283 5604 45 18 son
1341 5601 106 22 contenu
1457 5601 23 21 le
1493 5601 156 21 tiroir-caisse
1661 5601 34 21 du
1705 5605 72 21 comp-

1244 5626 56 22 toir.

1268 5670 29 14 -r
1317 5659 39 22 En
1376 5659 137 26 regagnant
1533 5665 29 16 sa
1584 5660 120 24 demeure,
1724 5660 60 22 Avc-

1242 5686 48 21 hue
1311 5685 30 21 de
1363 5686 25 20 la
1408 5685 127 22 Brasserie
1555 5684 17 23 à
1593 5686 193 21 Rhode-Ste-Ge-

1243 5710 65 26 nèse,
1325 5711 65 22 Mme
1407 5711 154 22 Thlelemans
1577 5717 18 16 a
1612 5711 111 23 constaté
1738 5717 48 20 que

1244 5742 44 16 son
1304 5742 42 16 soc
1360 5737 17 21 à
1390 5737 68 22 main
1473 5736 61 23 était
1547 5738 93 21 ouvert.
1654 5738 39 21 Un
1707 5738 80 25 porte-

1244 5763 81 22 billets
1343 5763 134 22 contenant
1496 5764 28 22 10
1543 5763 81 23 billets
1645 5764 29 21 de
1694 5764 40 22 100
1754 5765 32 21 fr.

1246 5789 67 22 avait
1331 5788 105 29 disparu.

1811 4998 35 40 Un
1868 5000 115 39 incendie
2006 5008 77 32 cause
2105 5009 63 40 pour
2186 5002 121 39 200.000
2322 5002 33 40 fr.

1842 5055 28 33 de
1885 5056 79 40 dégâts
1979 5056 56 34 dans
2049 5064 44 26 une
2108 5057 72 39 église
2195 5058 27 32 de
2236 5058 88 34 Deurne

2070 5117 5 15 i
2105 5108 27 6 ~*~
2141 5125 32 9 ....

1823 5136 50 23 (De
1893 5138 70 23 natre
1983 5138 192 25 correspondum!
2195 5139 145 25 portoulierj

2066 5171 102 24 Anvers,
2185 5170 27 22 27
2230 5170 97 23 février.

1837 5194 40 21 Un
1895 5194 111 24 incendie
2022 5195 58 23 s'est
2096 5195 96 23 déclart
2216 5198 40 20 cot
2273 5196 83 26 après-

1812 5220 67 25 midi,
1893 5221 61 22 dans
1967 5222 25 20 la
2004 5221 113 22 sacristie
2130 5223 30 22 de
2172 5221 91 27 l'église
2276 5222 80 22 Saint-

1811 5246 77 25 Roch,
1910 5246 17 22 &
1947 5247 166 23 Deurne-Sud.
2135 5248 88 26 Quand
2245 5249 22 20 le
2289 5246 65 27 curé,

1814 5272 42 25 qui
1872 5278 27 15 se
1915 5273 108 22 trouvait
2039 5274 62 22 dans
2117 5279 35 16 un
2169 5275 187 24 confessionnal,

1813 5299 26 20 et
1861 5299 117 26 quelques
2002 5300 88 21 fidèles
2113 5301 182 25 s'aperçurent»,
2306 5305 47 21 que

1813 5324 30 22 de
1861 5325 26 21 la
1907 5325 80 21 fumée
2007 5325 151 27 s'échappait
2176 5327 30 21 de
2225 5328 25 19 la
2268 5329 78 19 sacris-

1814 5351 40 24 tie,
1879 5351 35 22 les
1938 5354 141 19 ornements
2103 5353 163 21 sacerdotaux
2289 5353 64 21 ainsi

1812 5381 47 21 que
1877 5378 36 21 les
1931 5378 117 22 boiseries
2068 5378 93 22 étaient
2180 5379 55 24 déjà
2254 5384 32 16 en
2304 5379 49 22 feu.

1811 5403 47 22 Les
1886 5405 122 24 pompiers
2035 5405 31 21 de
2092 5405 99 22 Déurne
2217 5404 139 22 arrivèrent

1812 5428 112 26 aussitôt,
1948 5431 64 20 mais
2035 5435 32 17 ne
2098 5433 91 23 purent
2219 5436 27 16 eu
2276 5431 79 22 servir

1812 5456 112 26 qu'après
1938 5461 48 17 une
2001 5457 149 21 demi-heure
2165 5457 30 22 de
2208 5457 90 21 travail
2313 5457 42 20 deu

1813 5482 78 25 prises
1908 5482 76 26 d'eau,
2000 5483 42 25 qui
2058 5482 94 22 étaient
2168 5482 126 23 obstruées
2310 5488 47 20 par

1814 5509 31 22 de
1861 5510 24 20 la
1901 5509 69 21 boue.
1985 5508 79 27 Après
2080 5514 48 18 une
2145 5510 75 20 heure
2237 5509 120 24 d'efforts,

1814 5535 127 21 l'incendie
1965 5535 42 21 fut
2030 5536 151 20 circonscrit.
2205 5535 22 20 Il
2251 5535 38 21 est
2314 5534 39 24 dû,

1814 5562 110 23 croit-un,
1948 5560 16 21 à
1987 5566 49 17 une
2059 5562 100 20 chaleur
2182 5561 123 22 excessive
2328 5566 27 16 se

1813 5586 138 27 dégageant
1970 5586 43 22 des
2031 5587 123 25 appareils
2174 5587 28 20 de
2222 5586 133 26 chauffage

1815 5618 26 16 se
1860 5613 117 21 trouvant
1996 5617 58 18 sous
2073 5614 26 20 la
2115 5613 120 22 sacristie.
2252 5614 47 20 Les
2318 5613 30 22 dé-

1815 5637 56 27 gâts
1890 5639 58 21 sont
1965 5638 98 22 évalués
2080 5638 17 22 à
2115 5640 88 25 200,000
2221 5639 92 22 francs.

2378 220 261 101 CHRONIQUE
2668 220 251 85 JUDICIAIRE

2419 356 164 24 TRIBUNAL
2609 358 276 23 CORRECTIONNEL

2542 386 44 20 DE
2600 386 159 21 NIVELLES

2496 417 38 21 Un
2552 419 85 21 drame
2654 420 31 20 de
2703 419 104 25 ménage

2406 448 35 20 La
2455 455 12 13 «
2475 449 90 21 Nation
2581 453 74 24 Jiolge
2664 459 11 13 »
2690 459 16 14 a
2719 451 95 27 signalé
2829 452 84 20 l'atten-

2379 474 37 20 tat
2435 476 101 21 commis
2554 477 16 20 ù
2589 479 111 24 Nivelles,
2719 480 23 20 le
2760 480 14 20 8
2792 479 130 20 novembre

2379 500 60 24 1931,
2457 506 46 19 par
2521 502 22 21 lo
2561 505 97 21 nomrnô
2677 506 92 21 Gobert
2786 505 76 23 Jules,
2880 509 43 15 sur

2379 527 24 20 la
2426 529 119 22 personne
2577 530 29 20 da
2634 537 46 15 son
2710 532 89 26 épouse
2829 530 93 22 Devillé

2379 553 118 20 Suzanne.

2407 580 139 24 Rappelons
2569 582 150 24 brièvement
2741 586 35 20 les
2800 585 67 21 faits.
2890 585 33 19 Le

2378 606 104 25 ménage
2502 607 193 24 GoberMJcvillé
2717 611 61 22 était
2798 613 51 19 fort
2871 612 41 19 dés-

2378 633 49 20 uni.
2443 633 33 20 Le
2492 634 62 20 mari
2572 633 60 22 était
2646 642 137 20 courageux
2799 640 25 19 et
2838 639 81 23 sobre;

2377 664 29 15 sa
2430 659 91 21 femme
2547 659 130 27 négligeait
2700 670 44 15 «on
2769 665 103 25 ménage
2897 666 24 19 et

2378 691 45 14 son
2439 687 87 20 enfant
2543 691 61 20 pour
2619 688 125 24 a'amuacr.
2759 692 33 20 Sa
2807 692 115 21 conduite

2379 712 118 24 exaspéra
2520 718 44 14 son
2588 715 61 19 mari
2673 716 48 24 nul,
2743 723 32 15 au
2797 724 72 15 cours
2892 719 30 20 ri?

2376 738 87 22 scènes
2485 739 124 24 violentes,
2630 740 81 23 s'était
2732 743 71 23 laissé
2824 746 62 20 aller
2906 745 16 20 à

2379 765 42 20 des
2440 765 67 20 voluri
2527 767 29 19 de
2576 767 53 21 fait.

2406 792 111 20 Suzanne
2537 792 101 24 Devillé,
2657 794 40 24 qui
2718 796 149 24 fréquentait
2887 799 34 20 les

2380 818 117 25 dancings
2522 819 130 20 bruxellois
2676 821 57 20 finit
2755 823 92 22 bientôt
2877 831 42 19 par

2378 845 159 20 abandonner
2549 851 45 14 Bon
2608 847 62 19 mari
2685 848 25 19 et
2722 853 44 15 son
2780 852 86 20 enfant
2880 853 39 24 qui

2379 872 39 19 fut
2435 871 69 25 placé
2522 872 61 19 dans
2601 878 33 14 un
2652 873 143 24 orphelinat.

2405 898 33 20 Le
2453 898 14 20 8
2483 899 131 19 novembre
2631 899 102 25 dernier,
2749 901 109 23 Suzanne
2875 906 36 19 De-

2379 924 62 24 villé,
2465 925 41 24 qui
2536 924 82 22 s'était
2649 925 64 22 fixée
2744 927 16 20 à
2790 930 131 25 Bruxelles,

2378 951 80 20 revint
2472 951 16 20 à
2495 952 107 20 Nivelles
2617 957 59 15 avec
2692 958 46 15 une
2754 956 69 19 amie.
2831 958 89 21 Gobert

2379 977 35 20 les
2439 979 131 19 rencontra
2596 978 61 21 dans
2682 979 24 20 la
2730 980 62 21 ville.
2817 982 105 23 Voulant

2377 1004 70 20 avoir
2469 1009 47 15 une
2539 1005 85 20 ultime
2645 1006 147 24 explication
2813 1013 59 16 avec
2893 1016 28 15 sa

2377 1031 92 19 femme
2482 1031 16 20 il
2513 1032 35 19 les
2562 1032 77 20 invita
2651 1031 17 21 à
2681 1033 22 19 le
2715 1033 81 20 suivre
2810 1035 57 20 chez
2881 1038 39 19 lui.

2378 1057 90 20 L'amie
2505 1058 83 20 refusa
2624 1058 24 20 et
2683 1059 111 20 Suzanne
2830 1062 91 21 Devillé

2377 1084 76 21 suivit
2473 1085 65 19 seule
2559 1089 46 16 son
2624 1086 71 20 mari.
2715 1086 147 22 L'entretien
2884 1090 37 20 fut

2378 1110 97 21 violent.
2496 1111 107 24 N'ayant
2625 1112 52 19 rien
2698 1111 16 21 à
2735 1112 118 25 répondre
2874 1121 47 15 aux

2377 1137 124 25 multiples
2524 1137 130 25 reproches
2676 1143 47 20 que
2745 1140 33 19 iui
2801 1140 120 22 adressait

2377 1168 45 15 son
2454 1164 70 24 mari,
2555 1164 112 20 Suzanne
2698 1165 93 21 Devillé
2821 1167 35 20 lui
2887 1169 33 19 dit

2378 1190 84 24 qu'elle
2480 1196 28 14 se
2529 1192 109 23 moquait
2657 1192 29 19 de
2712 1192 33 20 lui
2772 1194 25 19 et
2823 1193 29 20 de
2877 1199 44 15 son

2378 1217 93 21 enfant.
2488 1217 52 20 Fou
2557 1218 29 19 de
2602 1217 86 24 colère,
2702 1218 93 21 Gobert
2810 1220 49 24 prit
2877 1226 45 14 une

2378 1243 77 20 hoche
2475 1244 25 20 et
2520 1244 89 24 frappa
2627 1250 30 14 sa
2675 1245 92 20 femme
2786 1245 16 20 à
2822 1246 24 20 la
2867 1246 55 21 tête.

2404 1270 92 21 Gobert
2514 1275 27 15 se
2562 1270 80 21 rendit
2661 1271 65 20 alors
2745 1272 59 20 chez
2823 1277 38 15 ses
2882 1278 29 20 pa-

2378 1297 75 22 rents,
2474 1297 57 24 qu'il
2554 1297 46 20 mit
2621 1302 32 15 au
2675 1299 113 23 courant;
2813 1299 54 24 puis
2890 1305 31 14 au

2378 1323 90 20 bureau
2490 1323 29 20 de
2542 1324 76 24 police
2640 1323 32 21 où
2700 1324 18 21 II
2744 1330 27 15 se
2799 1326 123 20 constitua

2379 1349 143 25 prisonnier.

2404 1376 111 20 Suzanne
2530 1376 93 21 Devillé
2636 1377 40 20 fut
2690 1376 115 26 trépanée
2820 1380 24 19 et
2857 1380 65 20 re^ta

2378 1402 137 25 longtemps
2539 1408 30 15 en
2589 1404 146 20 traitement
2762 1403 16 21 à
2807 1405 115 25 l'hôpital.

2377 1429 53 20 Elle
2447 1434 27 15 se
2491 1428 99 22 rétablit
2606 1431 26 19 et
2649 1429 156 25 récemment,
2822 1436 31 15 au
2871 1437 43 15 car-

2378 1456 79 23 naval,
2469 1456 128 24 quoiqu'en
2612 1456 62 20 deuil
2689 1462 61 19 pour
2761 1463 29 15 sa
2802 1457 66 21 mère
2881 1460 40 23 q.ti

2377 1483 67 20 vient
2466 1483 29 19 de
2517 1483 99 23 mourir,
2637 1488 32 15 on
2690 1484 24 20 la
2734 1484 37 20 vit
2798 1485 61 20 dans
2886 1486 36 20 les

2379 1509 117 24 dancings
2515 1510 28 19 de
2561 1510 25 20 la
2603 1510 63 20 ville.

2404 1536 92 20 Gobert
2513 1542 15 14 a
2545 1541 124 20 comparu,
2687 1537 20 20 le
2725 1538 28 19 25
2769 1537 98 24 février,
2885 1539 28 20 de-

2377 1562 60 20 vant
2450 1563 21 19 le
2487 1561 106 22 tribunal
2607 1564 176 20 correctionnel
2799 1565 29 20 de
2842 1565 70 20 Nivel-

2377 1589 42 22 les,
2437 1588 96 25 présidé
2551 1595 46 19 par
2615 1590 30 20 M.
2665 1591 21 19 le
2704 1591 56 24 juge
2779 1590 93 22 Goffin.
2891 1592 30 20 M.

2377 1615 93 20 Dubois
2489 1616 113 24 occupait
2620 1617 22 19 le
2660 1616 66 25 siège
2745 1617 32 20 du
2796 1617 125 21 ministère

2377 1642 81 24 public
2477 1642 26 21 et
2523 1643 34 19 M'
2577 1643 68 21 Jules
2667 1644 109 20 Mathieu
2797 1644 124 21 défendait

2377 1667 110 22 l'accusé.

2403 1696 78 24 Apres
2502 1695 202 26 l'Interrogatoire
2724 1697 28 20 de
2773 1697 97 25 Gobert,
2890 1704 31 15 on

2377 1722 110 20 entendit
2511 1722 111 21 Suzanne
2645 1722 93 21 Devillé
2760 1724 42 24 qui
2832 1729 89 16 accusa

2377 1753 44 15 son
2443 1748 63 20 mari
2530 1749 91 20 d'avoir
2643 1749 38 20 été
2703 1755 59 15 avec
2784 1751 44 20 elle
2852 1751 69 21 d'une

2377 1775 116 21 brutalité
2509 1775 80 21 inouïe
2605 1777 25 20 et
2646 1775 102 25 prétend
2763 1777 69 20 avoir
2847 1778 36 19 fui
2901 1779 20 19 le

2378 1802 110 21 domicile
2506 1802 114 25 conjugal
2637 1808 61 19 pour
2713 1808 27 15 se
2756 1804 134 21 soustraire
2906 1803 16 21 à

2376 1833 40 15 ses
2432 1829 127 20 violences.

2405 1856 51 19 «MM
2457 1866 13 14 4
2488 1856 22 20 le
2535 1856 58 24 juge
2619 1856 169 20 d'instruction
2813 1857 107 24 Evrard;

2377 1881 68 21 Jules
2461 1881 142 24 Marchand,
2617 1883 167 21 commissaire
2800 1884 29 19 de
2845 1884 76 24 polire

2377 1908 104 25 adjoint;
2519 1909 23 20 le
2577 1909 21 20 D
2600 1911 9 10 r
2643 1909 125 25 Declercq,
2802 1909 120 22 médecin-

2378 1934 92 25 iégiâte,
2486 1936 24 20 et
2526 1936 27 20 28
2568 1936 112 23 témoins,
2696 1941 29 15 en
2741 1936 110 25 majeure
2869 1942 44 20 par-

2378 1962 32 19 tie
2428 1961 15 20 à
2462 1960 126 27 décharge,
2606 1964 56 20 sont
2680 1963 126 21 entendus.

2404 1988 77 25 Après
2501 1989 24 21 la
2544 1990 126 24 plaidoirie
2689 1990 29 20 de
2738 1991 35 19 M"
2791 1991 62 19 Jean
2873 1991 39 19 Du-

2377 2014 59 23 bois,
2456 2021 62 19 pour
2538 2016 24 20 la
2583 2017 79 24 partie
2682 2017 78 22 civile,
2779 2017 23 20 le
2822 2016 90 26 réquisi-

2378 2042 61 20 toire
2460 2042 29 21 de
2510 2043 31 20 M.
2562 2043 22 20 le
2605 2044 118 20 substitut
2744 2044 109 20 Maurice
2874 2045 38 19 Du-

2377 2068 61 22 bois;
2454 2068 24 21 la
2492 2069 125 24 plaidoirie
2632 2070 28 20 de
2674 2070 35 20 M*
2722 2070 68 20 Jules
2806 2071 115 23 Mathiau,

2378 2095 132 20 l'audience
2528 2097 38 19 est
2585 2096 65 21 levée
2667 2095 16 22 à
2700 2096 27 21 19
2745 2097 23 20 h.
2785 2097 34 21 45.

2403 2121 34 20 Le
2455 2121 127 25 jugement
2601 2128 55 16 sera
2676 2124 77 20 rendu
2773 2124 22 20 le
2814 2124 14 20 5
2847 2129 73 15 mars.

2383 2164 6 7 .
2611 2159 80 21 «+>!.*

2376 2195 43 47 Au
2444 2195 113 47 Conseil
2584 2198 161 55 provincial
2773 2198 36 47 de
2837 2198 84 56 Liège

2392 2283 48 22 (De
2457 2285 70 19 notre
2544 2285 191 23 correspondant
2753 2286 153 24 particulier)

2645 2317 79 26 Liège,
2744 2319 27 19 27
2792 2318 98 21 février.

2401 2343 34 20 Le
2457 2343 90 20 conseil
2569 2349 16 14 a
2607 2344 112 23 entendu,
2740 2350 32 15 au
2794 2350 72 15 cours
2889 2345 28 20 de

2374 2374 29 15 sa
2418 2368 95 24 séance,
2530 2369 35 22 lea
2583 2371 112 23 rapports
2713 2371 29 19 de
2753 2376 5 15 :
2778 2371 57 20 MM.
2853 2371 65 20 Yan-

2373 2401 83 17 senne,
2478 2401 44 15 sur
2545 2396 130 25 l'emprunt
2697 2396 16 20 à
2735 2398 71 19 court
2828 2398 88 23 terme;

2374 2422 94 22 Pirard,
2476 2427 50 16 .sur
2539 2423 35 20 les
2589 2422 105 21 arriérés
2710 2422 45 22 dûs
2767 2423 17 21 à
2797 2424 24 20 la
2835 2424 82 21 Caisse

2375 2448 41 20 des
2434 2453 90 16 veuves
2543 2449 25 20 et
2587 2450 123 23 orphelins
2730 2450 29 20 de
2779 2451 130 25 l'enseigne-

2374 2475 74 23 ment,
2470 2475 59 20 dont
2550 2476 22 19 le
2593 2475 78 21 crédit
2692 2476 38 20 est
2750 2476 65 23 voté;
2838 2477 45 20 Del
2885 2477 23 20 vi-

2375 2506 53 20 gne,
2452 2506 44 16 sur
2520 2501 24 21 la
2570 2501 187 25 régularisation
2782 2503 42 20 des
2850 2504 68 20 taxes

2372 2527 173 25 provinciale.-;
2571 2528 102 24 Troclet,
2695 2534 43 15 sur
2763 2529 35 21 les
2823 2530 85 20 modifi-

2374 2554 94 20 cations
2487 2553 16 21 à
2520 2555 117 24 apporter
2655 2560 33 15 au
2706 2555 101 26 budget;
2828 2556 90 24 Potier,

2372 2585 43 15 sur
2436 2581 34 19 les
2490 2580 52 21 bois
2563 2586 165 16 communaux
2747 2583 27 20 et
2794 2583 121 24 hospices;

2373 2606 127 24 Jamoulle,
2515 2612 44 15 sur
2573 2607 22 21 le
2611 2607 180 22 rattachement
2807 2609 29 20 de
2851 2610 67 19 Bois-

2374 2633 138 20 les-Moines
2531 2632 16 21 à
2566 2633 24 20 la
2609 2639 128 16 commune
2757 2635 42 20 des
2819 2636 97 23 Avoirs;

2374 2659 74 25 Bovy,
2471 2665 43 15 sur
2537 2660 25 20 la
2587 2660 147 25 majoration
2760 2662 42 20 des
2827 2661 91 21 crédits

2371 2690 64 20 pour
2454 2685 81 22 l'école
2557 2686 179 26 d'agriculture.

2400 2712 31 20 M.
2452 2712 139 25 Philippart
2613 2718 17 15 a
2651 2714 103 25 critique
2777 2714 131 26 l'organisa-

2373 2737 50 21 tion
2448 2738 113 25 générale
2587 2740 31 19 du
2643 2740 232 26 secours-chômage,
2901 2741 16 21 à

2373 2765 105 25 l'unique
2496 2766 76 24 profit
2592 2766 41 21 des
2651 2767 171 24 «syndicalistes
2840 2768 67 20 socia-

2373 2791 73 21 listes.
2465 2791 21 20 Il
2503 2797 17 15 a
2539 2792 118 21 demandé
2676 2798 46 16 une
2739 2794 124 21 meilleure
2882 2795 25 20 in-

2373 2818 137 20 tervention
2528 2819 156 24 provinciale.

2608 2852 81 24 ♦■♦

2374 2890 50 39 Une
2440 2890 149 40 conférence
2616 2892 41 48 qui
2680 2891 41 41 n'a
2746 2902 45 39 pas
2813 2903 31 30 eu
2870 2895 50 39 lieu

2423 2958 129 40 provoque
2567 2952 45 38 des
2626 2952 125 39 incidents
2766 2952 14 39 à
2797 2953 75 47 Liège

2373 3028 48 20 (De
2444 3030 71 19 notre
2537 3030 193 23 correspondant
2752 3032 160 22 particulier.;

2635 3062 83 26 Liège,
2739 3063 29 20 27
2788 3063 100 20 février.

2402 3090 48 22 Les
2472 3091 107 21 Amitiés
2599 3092 140 25 françaises
2760 3092 102 21 avaient
2882 3093 26 20 in-

2374 3120 51 22 vité
2443 3121 35 21 M.
2496 3121 94 27 Joseph
2608 3121 115 22 Caillaux
2740 3122 16 21 à
2774 3123 70 21 venir
2863 3127 47 22 par-

2372 3150 38 22 ler
2423 3151 17 21 à
2454 3150 54 23 leur
2522 3152 106 25 trioune,
2644 3152 54 22 hier
2712 3152 58 26 soir,
2786 3153 30 21 de
2832 3152 26 22 la
2872 3153 38 21 cri

2373 3186 28 16 se
2418 3182 131 21 mondiale.
2570 3183 138 21 L'annonce
2726 3183 30 21 de
2776 3183 66 22 cette
2862 3188 58 17 con-

2373 3211 100 22 féfence
2488 3213 103 21 -n'avait
2614 3218 46 21 pas
2683 3213 41 21 été
2748 3218 60 17 sans
2831 3218 78 23 provo-

2373 3246 60 22 quer
2450 3242 64 22 dans
2532 3243 23 21 le
2573 3243 82 27 public
2672 3243 103 27 liégeois
2792 3244 44 21 des
2853 3248 56 17 com-

2372 3272 136 22 mentaires
2525 3273 42 26 qui
2585 3273 95 22 étaient
2698 3274 50 21 loin
2767 3274 78 22 d'être
2862 3275 58 21 tous

2372 3303 143 22 favorables
2533 3303 17 22 à
2567 3304 105 22 l'ancien
2690 3304 137 22 condamné
2845 3304 30 22 de
2894 3304 25 22 la

2372 3333 83 22 Haute
2474 3334 73 22 Cour.
2566 3334 102 22 Certain
2687 3335 164 26 groupement
2870 3335 38 22 d'é-

2372 3363 120 25 tudiants,
2511 3369 32 16 en
2561 3364 152 27 particulier,
2751 3371 31 16 ne
2820 3366 100 21 cachait

2372 3399 47 21 pas
2439 3399 41 17 ses
2498 3394 136 23 intentions
2648 3395 165 27 ti'organiser,
2833 3396 86 22 contre

2373 3424 41 26 lui,
2432 3424 17 22 à
2459 3425 138 27 J/occasion
2613 3425 31 22 de
2662 3431 30 16 sa
2708 3430 79 18 venue
2804 3430 17 17 a
2837 3426 82 27 Llî5ge,

2373 3460 48 16 une
2440 3455 123 26 bruyante
2584 3455 197 23 manifestation.
2802 3455 65 23 Cent
2887 3461 33 17 ou

2373 3485 57 21 cent
2443 3486 133 28 cinquantp
2591 3486 30 21 de
2635 3491 43 17 ces
2691 3486 87 26 jeunes
2792 3491 63 22 gens
2868 3487 41 21 n'a-

2374 3515 128 22 vaient-ils
2527 3521 47 21 pas
2598 3516 88 21 retenu
2710 3516 44 21 des
2779 3517 84 26 places
2889 3521 31 17 en

2372 3551 48 16 vue
2442 3546 156 27 d'empêcher
2619 3546 119 22 l'orateur
2759 3547 31 21 de
2813 3547 106 27 prendre

2373 3576 25 22 la
2415 3576 105 27 parole?
2537 3577 77 21 Aussi
2630 3577 37 22 les
2684 3577 189 27 organisateurs
2889 3578 30 21 de

2372 3606 26 22 la
2411 3606 146 22 conférence
2569 3606 163 23 n'étaient-ils
2744 3613 47 21 pas
2803 3613 60 16 sans
2877 3613 32 21 ap-

2373 3637 169 26 préhensions.
2573 3637 37 21 M.
2640 3637 115 22 Caillaux
2778 3638 142 22 devina-t-il

2373 3667 67 21 leurs
2466 3667 127 21 alarmes?
2620 3667 123 27 Toujours
2768 3668 68 21 est-il
2861 3668 59 27 qu'il

2373 3697 37 21 les
2432 3697 51 22 tira
2504 3698 155 21 d'embarras
2681 3703 32 17 en
2735 3698 55 22 leur
2812 3699 114 27 télégra-,

2373 3727 89 27 phiant
2476 3729 55 25 que,
2546 3727 54 22 très
2612 3728 105 27 fatigué,
2733 3729 26 21 et
2773 3728 92 22 devant
2880 3734 30 16 en-

2374 3762 57 17 core
2450 3758 84 26 parler
2553 3758 17 21 à
2589 3758 110 22 Londres
2720 3758 63 22 dans
2803 3759 117 27 quelques

2373 3788 77 26 jours,
2469 3788 19 21 il
2508 3793 27 16 se
2553 3789 112 21 trouvait
2683 3788 62 22 dans
2763 3789 147 27 l'impossibi-

2373 3818 44 21 lité
2433 3818 30 22 de
2477 3818 71 22 venir
2562 3819 17 21 à
2593 3819 83 26 Liège.

2404 3848 35 21 Ce
2460 3848 164 22 dénouement
2645 3850 143 25 n'empêcha
2809 3854 47 23 pas
2883 3849 37 22 les

2375 3877 128 23 étudiants
2525 3879 30 21 de
2578 3879 155 23 manifester.
2757 3880 35 21 Ils
2816 3880 105 21 allèrent

2374 3913 129 22 conspuer,
2523 3909 93 22 devant
2654 3910 68 21 leurs
2759 3909 160 25 habitations,

2374 3938 62 22 MM.
2452 3939 130 22 Buisseret
2597 3940 27 21 et
2640 3939 138 26 Jennissen,
2796 3940 125 21 membres

2374 3969 34 21 du
2427 3969 91 21 comité
2536 3969 45 22 des
2600 3969 99 23 Amitês
2717 3970 147 26 françaises.
2884 3970 37 21 La

2373 3999 81 27 police
2472 3999 45 22 dut
2535 3999 137 22 intervenir
2689 4005 63 22 pour
2769 4000 37 22 les
2826 4001 84 26 disper-

2375 4034 48 16 ser.

2405 4059 43 23 Un
2493 4059 111 22 incident
2649 4060 95 22 violent
2789 4065 28 17 se
2863 4066 46 21 pro-

2374 4089 78 22 duisit
2480 4090 92 22 devant
2601 4091 23 21 le
2653 4091 93 26 temple
2767 4091 153 26 évangéliste

2375 4120 43 26 qui
2434 4124 27 17 se
2477 4120 85 22 dresse
2579 4125 34 17 au
2629 4121 56 21 coin
2703 4121 30 21 de
2750 4120 26 22 la
2792 4125 45 17 rue
2854 4120 67 22 Ran-

2375 4150 89 22 sônnet
2483 4150 26 22 et
2527 4151 34 21 du
2579 4151 58 27 quai
2656 4151 30 21 de
2706 4151 141 22 l'Abattoir.
2865 4151 55 22 Une

2375 4181 147 21 conférence
2542 4185 18 22 y
2581 4181 63 21 était
2664 4181 101 25 donnée,
2786 4181 56 21 hier
2862 4182 58 24 soir,

2375 4215 48 22 par
2432 4210 35 22 M.
2478 4210 71 22 Hans
2559 4210 133 26 Hartman,
2704 4211 30 22 de
2745 4211 91 21 Berlin.
2848 4211 64 21 Lors-

2375 4245 47 22 que
2442 4240 98 22 celui-ci
2559 4240 81 27 sortit,
2662 4242 18 21 U
2699 4241 41 22 fut
2759 4240 96 23 assailli
2875 4246 47 22 par

2376 4271 45 22 des
2436 4270 178 23 minnifestants
2629 4272 42 26 qui
2685 4270 36 23 lui
2734 4270 130 28 portèrent
2878 4272 45 22 des

2376 4305 83 23 coups.
2482 4300 39 22 On
2542 4300 113 28 dégagea
2676 4301 34 22 M.
2730 4301 127 23 Hartman
2879 4302 41 27 qui

2376 4331 40 21 fut
2433 4331 101 21 conduit
2550 4331 17 21 à
2583 4331 111 27 l'hôpital
2710 4331 30 21 de
2758 4331 112 26 Bavière,
2890 4332 32 21 où

2376 4360 49 22 l'on
2438 4361 116 22 constata
2567 4360 59 26 qu'il
2640 4361 95 26 portait
2747 4366 49 17 une
2810 4361 111 22 blessure

2375 4390 17 22 à
2413 4390 108 22 l'arcade
2543 4390 144 23 sourcilière
2709 4392 97 25 gauche
2828 4392 27 21 et
2876 4392 45 22 des

2376 4421 144 22 contusions
2535 4425 51 17 aux
2601 4421 105 26 jambes.

2609 4458 77 22 ♦■*>
2913 4465 4 8 ■

2400 4496 61 33 Un
2479 4495 145 34 drame
2641 4496 260 44 mystérieux

2377 4547 26 33 à
2427 4546 495 36 Marehienne-au-Pont

2029 5672 109 22 -♦■■♦-

1835 5701 32 19 T.f»
1892 5700 78 21 Cercle
1994 5701 97 19 Musical
2116 5702 40 18 dcia
2180 5700 125 21 Amateurs
2330 5702 27 19 de

1810 5723 119 21 Broxcllei
1946 5723 109 22 donnera,
2070 5723 22 20 le
2106 5720 13 24 5
2133 5728 69 16 mura,
2218 5723 15 20 à
2248 5724 25 19 20
2286 5724 23 20 h.
2325 5724 31 22 30,

1810 5751 31 16 au
1861 5746 80 20 Palais
1961 5746 40 19 des
2022 5747 153 20 Beaux-Arts,
2197 5751 41 16 son
2260 5747 24 19 2e
2303 5751 44 15 con-

1811 5769 49 23 cert
1881 5769 27 20 de
1929 5769 23 19 la
1973 5768 85 23 uiiBon,
2080 5774 57 14 avec
2157 5770 20 18 le
2198 5772 111 17 concoure
2329 5770 28 19 de

1811 5792 30 20 M.
1858 5791 116 21 RodolDhn
1991 5792 85 20 Scrion,
2095 5792 169 21 violoncelliste.

2393 4629 48 23 (De
2459 4630 70 20 notre
2545 4630 193 24 correspondant
2754 4631 153 24 particulier)

2597 4662 133 24 Charlerol,
2749 4662 27 21 27
2796 4662 98 22 février.

2405 4694 38 20 Un
2460 4695 83 21 drame
2561 4695 57 20 s'est
2633 4695 99 21 déroulé
2748 4696 62 20 dans
2825 4696 26 21 la
2866 4696 55 21 nuit

2380 4720 28 21 de
2420 4721 121 23 vendredi,
2553 4720 16 22 à
2582 4722 281 24 Marchienne-au-Pont,
2877 4727 42 16 rue

2382 4747 29 21 -Je
2433 4748 25 19 la
2480 4747 156 24 Providence,
2660 4748 62 20 dans
2745 4753 48 16 une
2817 4749 105 22 cantine,

2380 4774 73 21 tenue
2466 4778 46 19 par
2523 4775 21 19 le
2557 4772 104 26 ménage
2674 4774 115 20 Edouard
2801 4775 55 20 Van
2868 4775 55 20 Den

2380 4798 96 23 Booren
2493 4799 46 25 âgé
2556 4799 29 21 de
2601 4800 27 20 37
2645 4805 53 19 ans,
2715 4802 25 19 et
2755 4800 96 22 Jeanne
2867 4801 57 21 Vla-

2380 4826 106 25 rainckx,
2503 4825 59 26 âgée
2579 4826 30 21 de
2625 4826 27 21 36
2667 4831 53 16 ans.
2736 4827 36 21 La
2787 4827 92 21 femme
2892 4832 30 15 se

2381 4852 121 25 plaignait
2518 4853 102 20 souvent
2637 4852 29 22 de
2682 4858 45 15 son
2743 4854 65 20 mari
2824 4853 48 25 qui,
2889 4853 25 20 di-

2381 4879 112 23 sait-elle,
2512 4878 85 21 buvait
2615 4879 133 26 beaucoup.

2408 4905 54 20 Van
2478 4898 54 27 jôen
2547 4906 95 20 Booren
2658 4906 85 20 rentra
2757 4910 56 16 vers
2828 4906 96 20 minuit.

2381 4930 52 22 Peu
2451 4931 73 25 après
2543 4931 17 21 il
2578 4931 122 21 demanda
2718 4931 17 21 &
2753 4932 26 20 la
2795 4933 79 24 police
2893 4932 30 21 de

2381 4957 63 21 faire
2460 4962 48 16 une
2523 4958 114 20 descente
2652 4958 59 20 chez
2725 4958 35 21 lui
2776 4963 74 20 parce
2865 4958 57 25 qu'»l

2380 4984 84 21 venait
2478 4983 75 22 d'être
2565 4984 93 21 assailli
2671 4983 17 22 à
2701 4989 62 21 coup
2777 4985 30 20 de
2821 4985 43 20 feu
2878 4989 44 20 i»ar

2380 5015 29 16 sa
2432 5010 97 24 femme,
2553 5011 40 24 qui
2616 5009 82 25 s'était
2727 5010 69 26 logée
2826 5011 96 21 ensuite

2381 5041 47 16 une
2445 5037 63 22 balle
2525 5037 30 20 de
2571 5037 110 20 revolver
2697 5037 63 21 dans
2775 5038 25 19 la
2817 5037 105 25 poitrine

2383 5064 24 20 et
2419 5063 83 21 devait
2513 5062 51 22 être
2575 5063 86 21 morte.
2673 5063 47 21 Les
2732 5064 88 24 agents
2832 5069 26 15 se
2871 5068 44 16 ren-

2382 5089 81 21 dirent
2478 5094 43 16 sur
2534 5090 68 24 place
2617 5090 26 20 et
2657 5089 143 21 trouvèrent
2814 5090 23 21 le
2852 5090 62 20 cada-

2381 5120 43 17 vre
2446 5116 30 22 de
2496 5115 94 21 Jeanne
2609 5115 149 22 Vlaminckx
2779 5115 91 22 étendu
2890 5120 33 16 au

2382 5142 57 25 pied
2455 5142 33 20 du
2504 5142 36 21 lit.
2555 5141 60 22 Près
2632 5143 32 20 du
2680 5147 71 19 corps
2768 5142 107 25 gisaient
2890 5146 34 16 un

2382 5169 109 23 revolver
2506 5169 25 20 et
2546 5167 63 21 deux
2623 5168 109 22 douilles.
2746 5168 70 21 Dans
2831 5168 26 21 la
2870 5172 43 17 mu-

2382 5194 76 23 raille,
2478 5199 32 15 on
2530 5195 114 19 retrouva
2662 5195 24 19 la
2706 5195 68 21 trace
2793 5194 57 21 d'un
2868 5199 46 19 pro-

2380 5220 90 25 jectile.
2481 5220 34 21 Le
2526 5220 62 20 mari
2601 5221 112 24 expliqua
2725 5225 46 20 que
2783 5221 65 20 cette
2859 5219 64 21 balle

2382 5247 68 21 avait
2470 5246 39 21 été
2528 5246 61 22 tirée
2608 5247 62 21 dans
2690 5252 30 16 sa
2739 5247 120 22 direction
2877 5251 47 20 par

2381 5277 29 17 sa
2425 5273 98 24 femme,
2539 5273 42 24 qui
2595 5273 24 21 le
2634 5278 110 20 manqua
2759 5273 56 25 puis
2831 5278 27 16 se
2874 5272 37 22 sui-

2381 5299 61 22 cida.
2457 5299 21 21 Il
2493 5298 123 26 prétendit
2630 5304 47 20 que
2692 5304 29 16 sa
2736 5299 91 22 femme
2843 5298 78 22 tenait

2380 5325 23 23 le
2420 5326 110 21 revolver
2546 5324 73 22 caché
2636 5330 57 16 sous
2710 5325 113 22 l'oreiller
2839 5323 82 26 quand

2380 5352 17 21 il
2412 5352 91 21 rentra.
2516 5352 55 21 Van
2585 5352 53 20 Den
2651 5352 97 21 Booren
2762 5357 16 15 a
2792 5349 38 23 été
2845 5348 76 23 invité

2384 5377 16 22 à
2413 5383 26 15 se
2452 5378 66 20 tenir
2531 5377 16 22 à
2560 5378 25 20 la
2598 5377 143 26 disposition
2755 5378 29 21 de
2798 5378 26 20 la
2836 5376 88 25 justice

2384 5403 97 26 jusqu'à
2497 5409 28 16 ce
2541 5408 48 22 que
2605 5404 91 22 celle-ci
2712 5409 27 16 se
2756 5403 49 22 soit
2821 5406 94 22 pronon-

2384 5428 42 23 cée
2441 5435 43 17 sur
2500 5431 25 20 la
2541 5434 71 17 cause
2629 5430 29 21 de
2674 5431 25 20 la
2713 5430 73 23 mort.

2613 5463 77 22 «j>a*

2383 5516 8 10 ■
2418 5502 36 39 Un
2476 5503 66 47 parti
2563 5503 107 39 fasciste
2696 5511 31 30 en
2749 5501 148 40 Autriche?

2633 5580 101 24 Vienne,
2751 5580 27 21 27
2796 5580 98 22 février.

2406 5607 40 21 Un
2466 5607 95 21 feuillet
2582 5607 193 21 d'Informations
2797 5607 124 22 viennoise

2384 5635 110 20 annonce
2510 5633 74 26 qu'un
2602 5638 89 21 groupe
2708 5633 30 21 de
2753 5633 126 26 partisans
2896 5633 29 21 de

2382 5659 115 22 fascisme
2516 5660 43 24 qui
2579 5658 65 22 avait
2664 5658 103 22 sollicité
2787 5659 127 21 l'autorisa-

2385 5686 50 21 tion
2449 5686 29 20 de
2493 5685 68 21 créer
2574 5690 34 17 un
2621 5685 63 26 partit
2698 5685 102 21 fasciste
2813 5686 69 21 vient
2896 5685 28 21 de

2383 5712 118 21 l'obtenir.
2523 5711 33 21 C«
2581 5712 160 23 mouvement,
2764 5712 42 24 qui
2833 5712 90 21 semble

2385 5737 51 22 être
2450 5736 188 27 complètement
2650 5736 116 26 étranger
2779 5742 49 16 aux
2843 5738 83 20 Helm-

2381 5764 105 24 wehren,
2499 5763 39 21 n'a
2552 5762 17 22 à
2581 5768 29 16 sa
2623 5762 48 23 tète
2683 5768 95 17 aucune
2791 5769 122 21 personna-

2385 5790 42 21 lité
2447 5794 29 16 en
2494 5789 76 22 relief.

2951 221 174 64 LaVie
3152 240 66 46 en
3235 224 259 65 Province
3521 230 181 53 Bourse
3731 229 59 52 de
3816 227 249 58 Bruxelles

2952 338 47 21 (De
3022 342 44 15 nos
3090 339 206 20 correspondants
3319 341 172 21 particuliers.)

3139 375 96 25 DANS
3257 376 45 24 LE
3322 377 171 25 BRABANT

2962 439 20 19 A
3003 438 146 21 LOUVAIN.
3168 450 27 6 —
3215 446 13 13 «
3248 441 39 19 LA
3307 441 175 21 CKOISlKItE

3059 467 44 19 DK
3121 467 231 24 L'ATLANTiQUE
3368 474 13 14 »

2977 500 33 20 Le
3031 501 78 20 cercle
3130 501 28 20 de
3179 502 157 24 propagande
3357 502 127 20 aéronauti-

2947 532 47 19 que
3019 527 28 20 de
3073 528 64 19 l'Uni
3139 528 89 20 versit-j
3253 530 29 18 de
3307 529 109 20 Louvain
3442 529 54 20 fera

2946 554 113 24 projeter,
3082 554 78 20 mardi
3180 560 28 18 p-
3219 555 27 19 .ri
3255 554 49 22 ain,
3324 556 41 19 1er
3385 560 73 20 imrs,
3480 554 16 21 à

2947 580 26 20 20
2996 581 22 19 h.
3039 580 34 23 30,
3096 580 15 20 à
3135 580 206 25 l'Edon-Th^àtre,
3364 582 22 20 le
3408 582 54 19 film
3488 587 6 14 :

2947 613 12 14 «
2981 608 35 19 La
3035 607 120 20 Croisière
3176 608 30 20 de
3227 608 157 25 l'Atlantique
3404 615 18 17 *,
3443 608 42 21 exé-

2947 633 70 22 cutée
3038 634 94 20 l'annôe
3153 634 110 21 dc-mière
3287 640 44 18 par
3353 636 21 20 le
3395 634 99 25 général

2947 661 84 21 italien
3057 661 83 24 Ealho,
3171 667 60 14 avec
3262 662 120 24 plusieurs
3409 662 77 25 hydra-

2947 689 69 19 vions
3033 688 30 19 de
3080 694 44 14 son
3141 689 99 19 escadre
3257 688 121 22 airienne.

2973 716 33 19 Le
3025 715 53 20 film
3097 720 55 15 pria
3171 716 138 19 commente
3327 720 45 19 par
3390 716 23 20 le
3431 719 53 21 capi-

2946 743 34 20 tal
2984 747 52 15 ne-a
3040 741 50 20 vint
3093 747 28 14 nu
3125 747 10 14 r
3154 741 118 25 Romano,
3291 742 95 24 adjoint
3406 748 31 14 au
3456 742 30 25 gé-

2946 768 68 22 néral
3029 768 88 22 Pieoio,
3132 769 98 19 nttnehô
3245 768 29 21 de
3288 768 14 12 v
3304 768 42 21 Air
3360 769 55 25 près
3430 769 56 20 l'am-

2946 795 103 22 bassade
3065 795 93 20 d'Italie
3174 794 17 21 à
3205 795 79 23 Paris.

3123 828 49 24 AU
3196 828 92 24 PAYS
3311 827 49 25 DE
3383 827 109 26 LIEGE

2944 886 22 20 A
2987 883 172 22 VERVTERR.
3179 894 28 5 —
3229 883 263 23 MANIFESTATION

3036 912 22 20 A
3081 910 136 21 L'HOTEL
3240 911 45 19 DE
3308 911 96 20 VILLE

2971 946 54 21 Une
3044 944 186 21 manifestation
3248 950 15 14 a
3282 949 29 16 eu
3329 944 54 23 lieu,
3404 944 16 20 à
3438 945 46 21 l'hô-

2945 973 32 20 tel
2999 973 30 20 de
3048 972 58 19 ville
3126 971 29 20 de
3175 970 120 24 Vervicrs,
3318 976 29 15 en
3367 971 126 21 l'honneur

2945 999 29 21 de
2992 1000 32 19 M.
3040 999 85 22 Nison,
3141 997 133 20 secrétaire
3290 999 146 23 communal,
3452 999 41 24 qui

2944 1026 76 25 prend
3037 1031 29 15 sa
3084 1024 107 20 retraite.

2971 1054 33 20 Le
3021 1051 128 26 personnel
3168 1051 29 19 de
3216 1051 53 20 tous
3288 1051 33 20 Ie3
3339 1052 105 20 services
3464 1052 22 20 d'

2945 1078 215 21 l'administration
3181 1077 29 20 de
3233 1078 23 20 la
3277 1078 56 20 ville
3353 1084 16 14 a
3392 1080 57 18 tenu

2946 1111 114 20 marquer
3081 1110 45 15 son
3149 1104 86 20 estime
3258 1104 24 20 et
3305 1109 29 15 sa
3355 1104 137 25 sympathie

2945 1136 16 16 a
2981 1138 44 14 son
3048 1133 87 20 ancien
3157 1131 63 22 chef,
3242 1130 16 20 à.
3278 1131 40 24 qui
3344 1135 46 16 une
3411 1136 81 16 œuvre

2944 1159 63 21 d'art
3020 1165 16 15 a
3051 1158 38 22 été
3103 1158 98 21 offerte.
3215 1158 33 19 Le
3262 1156 91 26 conèjrc
3367 1157 124 21 échovinal

2946 1184 58 23 était
3025 1185 98 26 présent
3143 1183 17 22 à
3179 1185 64 19 cette
3263 1184 185 21 manifestation
3470 1191 19 13 t.

2945 1212 34 24 s'y
3001 1214 37 19 est
3060 1211 94 22 associé
3176 1216 46 20 par
3244 1210 197 21 l'intermédiaire
3465 1212 13 18 d

2947 1238 31 20 M.
2998 1239 98 25 Defays,
3115 1238 177 25 bourgmestre,
3310 1237 41 24 qui
3370 1243 17 14 a
3405 1243 79 15 remer-

2947 1264 36 21 cié
3006 1266 31 19 M-
3061 1266 78 20 Nlson
3163 1265 43 20 des
3230 1264 134 20 nombreux
3387 1265 105 19 services

2946 1291 57 24 qu'il
3017 1297 16 15 a
3049 1292 89 21 rendus
3152 1291 17 21 à
3183 1292 24 20 la
3222 1290 56 21 ville
3294 1290 84 25 depuis
3394 1296 45 14 son
3455 1295 28 15 en-

2948 1316 50 22 trée
3013 1323 28 15 en
3058 1319 128 20 fonctions.

3002 1351 21 19 A
3045 1351 170 21 STAVELOT-
3236 1361 29 6 —
3286 1350 151 21 CORTEGE

3079 1377 279 24 CARNAVALESQUE

2973 1409 32 21 Le
3024 1410 14 20 6
3057 1416 71 19 mars,
3149 1412 56 24 jour
3224 1412 29 20 de
3275 1411 24 20 la
3317 1410 102 25 Laetare,
3441 1415 42 15 cor-

2948 1435 56 25 tège
3028 1439 190 24 carnavalesque
3246 1436 113 26 composé
3386 1438 29 18 di
3439 1437 53 21 très

2947 1463 133 20 nombreux
3103 1465 71 20 chars
3199 1467 25 19 et
3248 1469 111 21 groupes,
3384 1469 60 15 av>c
3469 1464 23 19 la

2946 1490 171 24 participation
3139 1492 42 20 des
3203 1493 63 20 deux
3289 1491 107 20 célèbres
3418 1490 65 21 socié-

2947 1515 37 21 tés
3000 1517 127 21 musicales
3142 1519 29 19 de
3188 1518 128 24 Malmédv,
3332 1524 13 12 «
3360 1518 95 20 1,'Echo
3464 1517 29 20 de

2947 1543 24 19 la
2989 1543 103 20 Warche
3112 1550 12 13 »
3145 1546 24 19 et
3187 1546 23 19 la
3230 1552 12 13 «
3261 1544 141 21 Fraternité
3421 1550 20 18 »,
3461 1549 30 15 en

2945 1570 109 19 costume
3068 1570 32 20 du
3114 1573 113 19 carnav.al
3242 1573 30 20 de
3286 1571 117 26 Walmédj
3423 1572 25 20 et
3463 1571 28 19 de

2946 1596 23 19 la
2985 1596 172 21 collaboration
3175 1598 56 20 d'un
3246 1604 92 20 groupe
3355 1598 30 20 de
3393 1591 35 26 "-Î0
3443 1597 49 20 Gil-

3130 1648 48 24 DA
3182 1649 23 23 N
3208 1649 17 24 S
3248 1650 45 24 LE
3316 1649 172 26 HAINAUT

2958 1705 20 20 A
2998 1706 39 19 LA
3058 1705 156 21 CHAMBRE
3233 1707 43 20 DE
3295 1707 182 21 COMMERCE

2974 1732 40 20 ET
3039 1731 204 22 D'INDUSTRIE
3266 1735 43 20 DU
3332 1735 132 20 CENTRE

2972 1765 21 20 A
3017 1770 89 20 propos
3136 1766 42 20 des
3211 1771 106 17 mesures
3342 1767 147 21 financières

2945 1792 141 24 envisagées
3101 1798 44 19 par
3159 1793 22 19 le
3197 1795 188 21 gouvernement
3399 1800 30 15 en
3443 1799 47 16 vue

2945 1819 29 20 de
2999 1818 101 21 rétablir
3124 1818 132 25 l'équilibre
3279 1820 32 20 du
3335 1821 96 22 budert.

2946 1846 120 20 Chambre
3087 1846 30 20 de
3138 1846 139 21 Commerce
3298 1848 24 19 et
3342 1848 147 21 d'Industrie

2947 1873 32 19 du
3004 1873 88 20 Centre
3119 1873 67 20 vient
3211 1873 133 21 d'adresser
3369 1875 24 19 la
3418 1876 71 19 lettre

2945 1900 118 23 suivante,
3079 1899 16 20 à
3112 1899 32 20 M.
3160 1900 22 19 le
3198 1900 109 20 Premier
3324 1901 119 21 Ministn-:

2972 1932 13 13 «
3000 1926 33 21 Le
3049 1925 88 21 comité
3154 1926 29 20 de
3200 1926 24 20 la
3240 1926 119 21 Chambre
3376 1928 28 20 de
3421 1928 76 21 Corn-,

2946 1958 80 15 merce
3044 1953 25 20 et
3089 1952 146 21 d'Industrie
3272 1953 33 20 du
3343 1953 94 24 Centre,
3458 1961 30 14 au

2944 1984 71 16 cours
3035 1979 71 21 d'une
3126 1978 97 22 récente
3245 1980 138 24 assemblée,
3403 1987 16 14 a
3439 1982 42 25 pri'

2945 2006 182 23 connaissance,
3147 2012 59 14 avec
3226 2012 32 15 un
3279 2006 36 20 vif
3334 2006 94 25 intérêt,
3447 2008 42 20 des

2945 2038 108 15 mesures
3067 2032 147 21 financières
3229 2033 140 25 envisagées
3384 2039 32 15 au
3431 2034 48 20 Con-

2946 2061 43 19 seil
3010 2060 43 20 des
3072 2059 132 24 Ministres,
3225 2065 31 15 en
3275 2065 46 15 vue
3341 2060 30 20 de
3391 2059 99 21 rétablir

2946 2086 132 25 l'équilibre
3101 2086 33 21 du
3155 2086 97 25 budget.

2972 2114 76 20 Notre
3085 2113 146 25 organisme,
3268 2112 170 26 représentant
3457 2114 34 19 les

2946 2139 101 21 intérêts
3070 2140 30 20 de
3123 2140 103 24 quelque
3250 2139 40 20 650
3313 2142 172 22 commerçant;

2945 2168 26 20 et
2991 2167 31 20 de
3042 2167 41 20 125
3105 2165 102 22 sociétés
3230 2166 164 21 industrielles
3416 2166 30 21 de
3469 2167 6 19 1

2945 2193 83 26 région
3052 2194 31 19 du
3106 2193 94 23 Centre,
3224 2193 63 20 croit
3309 2192 83 21 devoir
3415 2193 66 24 expri-

2945 2225 59 19 mer,
3023 2219 16 21 à
3058 2225 27 15 ce
3106 2220 71 24 sujet,
3197 2219 114 25 l'opinion
3330 2220 29 20 de
3377 2224 39 15 ses
3436 2218 46 21 affi-

2946 2246 49 21 liés.

2973 2273 125 21 Estimant
3115 2278 45 20 que
3179 2273 92 20 l'effort
3289 2271 136 22 nécessaire
3443 2272 50 20 doit

2946 2299 51 22 être
3017 2299 119 21 demandé
3156 2299 15 20 à
3190 2303 55 18 tous
3266 2300 34 19 les
3319 2299 93 25 Belges,
3434 2303 58 16 sans

2945 2326 148 24 distinction,
3114 2326 61 20 dans
3195 2331 48 15 une
3262 2325 65 25 juste
3346 2330 96 16 mesure
3462 2326 30 19 de

2945 2352 224 26 proportionnalité,
3209 2353 71 20 notre
3318 2352 121 21 Chambre
3466 2357 26 15 se

2944 2381 100 24 permet,
3066 2381 54 19 tout
3140 2379 105 24 d'abord,
3267 2379 112 21 d'attirer
3397 2379 84 20 l'atten-

2944 2407 52 20 tion
3018 2412 43 15 sur
3082 2407 22 19 le
3126 2406 222 20 mécontentement
3369 2404 122 26 provoqué

2944 2434 61 20 dans
3029 2434 36 20 les
3089 2433 99 21 milieux
3213 2432 140 21 industriels
3379 2433 24 20 et
3428 2437 53 15 com-

2945 2460 125 21 merciaux
3092 2465 45 19 par
3156 2460 126 20 l'annoncs
3310 2459 31 20 de
3369 2459 123 20 nouvelles

2945 2487 151 25 Impositions
3114 2487 103 25 grevant
3234 2486 22 20 le
3275 2486 90 25 budget
3383 2486 29 20 de
3429 2487 62 21 tous,

2945 2520 11 14 a
2961 2515 49 19 lors
3032 2519 46 20 que
3102 2513 121 21 certaines
3246 2512 135 26 catégories
3405 2512 30 21 de
3460 2512 22 21 ci-

2944 2541 85 25 toyens
3048 2540 68 21 n'ont
3133 2540 61 24 subi,
3213 2539 96 25 jusqu'à
3326 2538 104 26 présent,
3448 2544 43 15 sur

2946 2568 64 20 leurs
3035 2567 167 23 émoluments,
3225 2571 47 20 que
3295 2566 29 21 de
3347 2565 88 21 faibles
3457 2565 26 21 ré-

2944 2594 111 20 ductions
3091 2599 31 15 ne
3157 2594 104 20 cadrant
3296 2598 44 19 pas
3377 2597 60 16 avec
3455 2592 35 20 les

2944 2621 81 20 lourds
3044 2620 126 21 sacrifices
3189 2620 124 21 consentis
3332 2625 45 19 par
3396 2619 34 21 les
3449 2624 32 15 au-

2946 2648 49 20 tres
3013 2648 89 20 classes
3120 2647 29 20 de
3164 2648 26 20 la
3206 2645 98 22 société.

2970 2675 22 20 A
3016 2674 91 20 l'heure
3131 2674 110 23 actuelle,
3266 2672 35 21 les
3327 2672 88 21 efforts
3441 2671 40 21 doi-

2945 2702 57 19 vent
3019 2701 85 20 tendre
3121 2705 55 15 vers
3195 2699 180 21 l'abaissement
3392 2698 98 26 général

2944 2728 42 20 des
3006 2728 53 24 prix
3078 2727 29 20 de
3128 2727 100 24 revient,
3248 2726 48 25 qui,
3316 2726 51 20 seul
3388 2726 94 24 permet-

2945 2756 40 19 tra
3002 2753 17 22 à
3036 2755 71 19 notre
3127 2753 126 24 Industrie,
3275 2753 30 20 de
3323 2752 76 21 lutter
3417 2752 65 20 victo-

2945 2781 146 20 rieusement
3105 2781 83 20 contre
3202 2780 24 20 la
3240 2784 163 16 concurrence
3411 2778 69 21 étran-

2944 2808 58 25 gère
3019 2809 25 20 et
3060 2807 84 21 contre
3160 2807 35 20 le3
3213 2805 180 21 Innoinbraoles
3411 2806 70 19 entra-

2944 2840 41 15 ves
3005 2833 129 26 apportées
3153 2839 33 15 au
3203 2838 135 15 commerce
3357 2832 124 25 d'exporta-

2944 2862 60 23 tion.

2970 2889 47 19 Les
3053 2886 193 22 considérations
3283 2886 41 25 qui
3360 2885 129 25 précèdent

2945 2914 132 26 suggèrent
3092 2913 16 22 &
3124 2914 24 20 la
3164 2913 121 21 Chambre
3303 2913 29 20 de
3350 2913 140 20 Commerce

2945 2943 25 19 et
2991 2940 146 21 d'Industrie
3158 2940 33 20 du
3211 2939 96 24 Centre,
3329 2939 30 20 de
3381 2938 99 25 préconi-

2943 2972 41 16 ser
3004 2968 36 20 les
3061 2971 109 16 mesures
3192 2966 30 21 de
3243 2965 179 21 redressement
3442 2965 38 20 sui-

2942 2994 87 20 vantes
3033 2999 6 15 :

2969 3020 21 20 1.
3012 3022 36 18 La
3073 3018 126 21 réduction
3223 3016 140 22 Immédiate
3387 3017 42 20 des
3453 3017 25 19 in-

2943 3045 120 21 demnités
3083 3045 199 25 parlementaires
3286 3050 7 17 ;

2970 3073 20 20 2.
3012 3072 36 20 La
3070 3071 174 25 participation
3267 3070 29 20 de
3318 3070 56 19 tous
3397 3068 37 20 les
3458 3073 21 15 c:

2943 3101 86 23 toyens
3042 3099 82 24 belges
3137 3102 49 15 aux
3200 3097 102 24 charges
3315 3095 98 21 fiscales
3428 3094 61 20 dans

2944 3130 48 16 une
3011 3125 65 24 juste
3096 3122 227 27 proportionnalité;

2969 3153 20 20 3.
3008 3153 49 20 Des
3077 3150 138 21 réductions
3236 3148 217 27 proportionnelles
3475 3153 9 13 r

2943 3180 24 19 li
2975 3178 152 21 diminution
3140 3177 33 21 du
3187 3175 57 23 ccût
3257 3176 30 21 de
3300 3176 25 20 la
3337 3176 45 24 vie,
3398 3175 42 20 des
3454 3173 27 22 ré-

2944 3205 130 21 tributions
3091 3203 129 22 accordées
3235 3208 48 16 aux
3298 3201 192 22 fonctionnaires

2944 3235 25 18 et
2988 3232 171 21 bénéficiaires
3179 3231 31 20 de
3229 3229 114 26 pensions
3365 3230 24 19 et
3409 3227 71 21 d'allo-

2943 3259 94 21 cations
3053 3259 30 20 de
3098 3257 118 26 chômage
3231 3257 30 20 de
3277 3256 81 24 l'Etat,
3373 3255 42 21 des
3431 3255 49 20 Pro-

2944 3286 89 24 vinces,
3051 3286 42 20 des
3110 3284 147 21 Communes
3274 3284 24 20 et
3315 3283 83 19 autres
3415 3281 66 20 admi-

2943 3312 143 24 nistrations
3104 3311 136 25 publiques;

2969 3340 21 20 4.
3010 3340 38 20 La
3067 3338 156 25 suppression
3243 3337 30 21 de
3293 3335 80 22 toutes
3394 3335 35 21 les
3450 3334 30 21 dé-

2944 3371 87 20 penses
3049 3366 133 25 publiques,
3201 3365 55 20 tant
3273 3363 17 20 à
3307 3362 77 21 l'Etat
3401 3362 88 24 qu'aux

2945 3393 131 21 Provinces
3090 3393 25 19 et
3128 3397 47 15 aux
3189 3391 152 23 Commîmes,
3356 3389 41 25 qui
3411 3393 31 16 ne
3457 3387 25 21 ré-

2945 3420 107 25 pondent
3065 3424 45 20 pas
3124 3417 16 21 à
3155 3423 47 15 une
3215 3415 119 23 nécessité
3348 3414 142 27 productive

2944 3447 144 24 impérieuse
3107 3448 25 17 et
3151 3443 159 24 Immédiate;.
3326 3454 13 8 -
3395 3456 5 8 ,

2970 3473 20 20 5.
3006 3473 53 20 Une
3075 3471 81 21 action
3173 3470 129 25 énergique
3319 3468 42 21 des
3378 3467 102 21 commis-

2945 3500 65 21 sions
3030 3498 81 22 créées
3130 3503 30 15 en
3177 3503 47 15 vue
3242 3497 32 20 de
3290 3496 145 20 rechercher
3456 3500 20 14 *r

2944 3526 61 21 abus
3022 3526 30 20 de
3068 3526 67 20 toute
3152 3526 88 19 nature
3256 3524 76 24 ayant
3348 3526 59 20 pour
3428 3521 62 21 effet

2945 3553 167 25 d'augmenter
3125 3552 36 20 les
3177 3551 103 25 charges
3295 3549 33 20 du
3342 3548 86 25 peuple
3443 3547 38 20 bel-

2945 3585 29 20 ge
2995 3581 25 20 et
3041 3584 48 15 une
3109 3577 148 26 application
3279 3576 140 25 ïigoureuse
3448 3574 41 20 de"

2944 3610 109 17 mesuivs
3075 3604 150 26 préconisées
3248 3608 46 19 par
3315 3607 41 16 ces
3378 3601 102 20 commis-

2944 3633 66 20 sions
3028 3637 60 20 pour
3104 3636 16 20 y
3136 3631 89 20 mettre
3242 3630 43 20 fin-

2970 3659 84 21 Enfin,
3074 3659 25 20 la
3117 3658 121 20 Chambre
3256 3656 30 20 de
3305 3655 142 21 Commerce
3466 3654 22 20 et

2947 3685 146 22 d'Industrie
3120 3683 32 21 du
3178 3683 89 21 Centre
3293 3682 77 21 attire
3395 3681 86 20 l'atten-

2944 3712 52 21 tion
3015 3712 32 20 du
3065 3711 109 21 Premier
3194 3710 118 23 Ministre,
3331 3713 43 16 sur
3392 3708 22 20 le
3433 3707 57 20 dau-

2944 3745 44 20 ger
3005 3738 56 26 qu'il
3080 3743 17 19 y
3115 3743 16 15 a
3149 3737 29 20 de
3199 3736 108 21 recourir
3325 3734 16 21 à
3360 3734 126 26 1'empruni

2944 3766 92 24 chaque
3053 3764 48 21 fols
3118 3768 47 20 que
3180 3764 104 24 l'argent
3299 3761 120 22 demandé
3436 3760 15 21 à
3468 3760 13 20 h

2944 3792 92 21 Nation
3057 3796 31 15 ne
3110 3791 87 20 trouve
3219 3795 45 20 pas
3285 3794 45 15 son
3354 3788 138 25 équivalent

2944 3819 61 20 dans
3020 3818 42 20 des
3076 3819 105 19 travaux
3194 3816 162 25 augmentant
3368 3815 25 21 la
3406 3814 80 20 valeu.

2945 3845 34 20 du
2993 3839 149 30 patrimoine*
3153 3843 117 20 national.
3285 3848 13 14 >
3405 3857 10 7 „

3181 3869 77 23 ♦■*

2961 3902 49 38 Des
3025 3901 159 39 malfaiteurs
3205 3903 97 37 tentent
3326 3901 32 37 de
3380 3907 92 40 percer

3025 3969 33 31 m
3074 3958 147 41 coffrê-fort
3243 3958 15 41 à
3274 3959 130 39 Charieroi

2960 4033 48 22 (De
3025 4034 70 19 notre
3109 4031 193 25 correspondant
3317 4030 154 26 particulier)

3173 4058 132 24 Charieroi,
3321 4057 28 21 27
3366 4056 99 25 février.

2972 4086 55 22 Une
3048 4086 79 21 bande
3150 4085 30 21 de
3203 4089 114 21 perceurs
3339 4084 31 20 de
3391 4084 102 20 coffres-

2945 4113 63 21 forts
3025 4112 73 26 opère
3114 4112 85 25 depuis
3216 4111 121 26 plusieurs
3352 4111 62 21 mois
3430 4111 61 20 dans

2947 4140 24 20 la
2990 4139 84 25 région
3092 4139 30 21 de
3141 4139 132 24 Charieroi,
3292 4143 59 16 sans
3369 4138 57 25 qu'il
3446 4137 48 20 soit

2945 4166 105 25 possible
3067 4166 54 20 d'en
3138 4165 125 21 identifier
3296 4165 36 21 les
3364 4164 128 20 membres,

2947 4192 93 26 malgré
3062 4193 36 20 les
3120 4197 69 16 rares
3211 4192 147 24 empreintes
3380 4191 113 25 digitales

2948 4219 106 21 relevées
3074 4224 31 16 en
3126 4219 107 21 diverses
3253 4218 187 20 circonstances.
3460 4216 34 20 Le

2948 4246 97 21 dernier
3063 4246 30 20 de
3113 4245 65 21 leurs
3198 4244 104 26 exploits
3322 4246 38 20 est
3378 4244 26 21 la
3422 4243 72 21 visite

2946 4272 69 25 qu'ils
3037 4273 44 20 ont
3099 4272 68 25 faite,
3186 4271 62 21 dans
3267 4272 25 20 la
3311 4271 55 21 nuit
3385 4271 30 21 de
3436 4275 47 15 ven-

2947 4299 74 25 dredi,
3046 4299 62 20 dans
3131 4303 34 16 un
3187 4303 92 20 garage
3301 4297 191 23 d'automobiles,

2947 4325 64 22 situé
3033 4326 68 20 route
3121 4325 30 21 de
3171 4325 79 23 Mons,
3272 4324 17 21 à
3308 4323 132 26 Charieroi,
3468 4323 26 20 et

2946 4352 60 21 dont
3019 4352 37 20 le3
3071 4352 115 24 bureaux,
3201 4351 51 21 très
3268 4351 153 25 importants,
3436 4349 46 21 don-

2946 4379 60 21 nent
3016 4383 51 17 'sur
3083 4383 49 16 une
3151 4383 59 16 cour
3229 4377 138 22 intérieure.
3384 4377 34 21 Ils
3437 4377 55 21 sont

2947 4405 101 22 éclairés
3068 4410 47 20 par
3134 4405 42 20 des
3196 4404 108 21 fenêtres
3324 4403 17 22 à
3360 4403 130 26 guillotine.

2947 4432 37 21 De
3004 4433 40 20 cet
3064 4432 102 24 endroit,
3185 4432 54 20 tout
3259 4433 60 23 peut
3338 4430 52 21 être
3410 4428 72 22 facile-

2947 4460 69 18 ment
3032 4457 120 21 surveillé.

2975 4479 50 26 *I?ar
3047 4485 64 20 deux
3134 4484 55 25 fois,
3212 4484 22 20 le
3257 4483 76 26 garde
3356 4482 45 24 fut,
3417 4479 73 22 attiré

2948 4511 61 21 dans
3026 4512 66 20 cette
3110 4515 59 16 cour
3185 4515 45 20 par
3247 4510 35 20 les
3300 4509 82 26 appels
3399 4507 29 20 de
3444 4511 46 15 son

2947 4538 77 20 chien.
3039 4537 22 21 Il
3076 4542 31 16 ne
3121 4541 131 21 remarqua
3265 4536 53 21 rien
3332 4533 117 23 d'insolite
3464 4533 27 19 et

2947 4564 23 21 le
2993 4564 72 21 chien
3087 4563 34 21 du
3142 4563 126 25 concierge
3291 4566 31 16 ne
3344 4560 80 21 donna
3446 4563 44 21 pas

2948 4590 85 22 l'éveil.

2975 4617 47 20 Les
3038 4615 128 26 employés,
3183 4621 29 15 en
3229 4615 130 25 repriJiant
3373 4612 54 21 leur
3444 4617 40 16 ser-

2946 4643 62 23 vice,
3029 4643 94 21 samedi
3145 4643 85 24 matin,
3252 4641 43 21 ont
3315 4638 131 23 découvert
3468 4639 24 21 la

2947 4671 69 24 porte
3032 4670 33 20 du
3082 4669 145 24 coffre-fort,
3242 4668 67 20 nai.'.'
3317 4674 7 13 j
3340 4665 58 21 d'un
3412 4665 70 26 dispo-

2947 4696 54 21 sitif
3015 4697 71 24 qu'ils
3101 4701 31 16 ne
3148 4696 34 20 lui
3199 4692 179 23 conrfaissaient
3395 4697 52 21 pas,
3464 4697 27 16 ce

2946 4723 79 20 coffre
3046 4722 68 21 étant
3132 4722 56 21 d'un
3205 4719 72 23 ■vieux
3294 4718 94 22 modèle
3409 4718 73 23 défen-

2950 4749 32 20 du
2998 4754 46 20 par
3062 4749 60 20 trois
3139 4751 108 17 serrures
3266 4745 25 21 et
3308 4750 32 16 ne
3357 4747 135 20 contenant

2948 4780 45 20 pas
3012 4775 117 26 d'argent.
3146 4774 67 21 Dans
3230 4772 26 20 la
3274 4772 80 24 partie
3371 4771 114 26 supérieu-

2948 4807 33 19 re,
2991 4802 30 20 de
3037 4802 25 20 la
3079 4801 68 25 porte
3164 4799 60 21 était
3240 4797 71 26 fixée,
3327 4803 47 20 par
3389 4803 49 17 une
3457 4803 25 17 es-

2948 4827 59 27 pèce
3025 4828 102 23 d'écrou,
3145 4831 47 15 une
3209 4829 84 21 grosse
3311 4824 68 26 pièce
3397 4825 96 21 d'acier.

2974 4855 36 21 La
3028 4855 76 25 police
3124 4853 39 21 fut
3180 4853 102 24 req-lc»,
3300 4853 43 24 qui
3361 4852 68 23 n'eut
3448 4855 45 22 pas

2947 4882 30 20 de
2994 4882 71 25 peino
3080 4879 17 22 à
3112 4877 154 23 reconnaître
3282 4877 62 22 dans
3362 4879 65 21 cette
3444 4877 39 26 piè-

2947 4913 28 15 ce
2989 4913 48 15 une
3051 4906 78 26 partie
3143 4905 29 21 de
3186 4905 89 25 l'engin
3289 4905 87 25 appelé
3390 4911 14 15 c
3419 4905 73 25 pont»

2949 4934 24 21 et
2999 4934 58 21 dont
3082 4933 35 20 les
3141 4931 176 21 cambrioleurs
3341 4937 29 15 se
3393 4932 99 20 servent

2948 4965 62 20 pour
3024 4960 62 21 faire
3102 4959 84 20 Bauter
3201 4958 36 21 les
3251 4959 242 20 coffres-forts.Dans

2948 4987 23 21 le
2988 4992 41 16 cas
3047 4984 104 26 présent,
3170 4984 60 21 c'est
3245 4984 27 22 la
3288 4984 111 26 fragilité
3414 4984 79 21 même

2949 5013 33 21 du
3000 5012 79 21 coffre
3098 5011 41 25 qui
3160 5011 43 20 eut
3220 5011 86 21 raison
3327 5012 41 21 des
3388 5012 103 23 voleurs,

2948 5044 44 16 car
3003 5042 63 21 pour
3078 5036 22 21 le
3113 5035 117 23 défendre
3243 5038 86 25 coptre
3342 5037 23 21 le
3377 5037 50 24 feu,
3440 5038 41 20 l'in-

2947 5064 91 22 térieur
3061 5062 29 21 de
3115 5062 143 22 l'armature
3281 5062 141 26 métallique
3446 5063 44 23 est,

2947 5096 30 16 en
2999 5089 68 23 effet,
3089 5089 86 25 garnie
3196 5089 132 21 d'amiante
3349 5090 25 20 et
3394 5089 26 21 la
3440 5088 50 21 tôle

2949 5115 133 23 extérieure
3103 5114 41 22 fut
3165 5114 56 27 trop
3243 5116 80 20 mince
3344 5120 63 20 pour
3426 5114 67 21 tenir

2948 5143 35 20 les
3001 5140 104 26 goujons
3125 5141 30 21 de
3173 5141 114 21 fixation.

3166 5167 113 24 -♦■♦-
3291 5194 5 5 ,

2947 5200 51 39 La
3037 5200 166 38 situation
3235 5199 259 40 hebdomadaire

2985 5250 40 39 de
3050 5250 37 39 la
3110 5252 136 45 Banque
3267 5251 179 39 Nationale

2976 5321 48 21 Les
3046 5322 176 25 engagements
3242 5320 18 23 à
3280 5326 48 16 vue
3347 5322 57 20 sont
3425 5319 16 21 à
3462 5319 31 21 fr.

2949 5347 209 25 19,520,189,316.60,
3183 5352 31 16 en
3245 5347 187 25 augmentation
3462 5346 30 20 de

2947 5374 122 25 49,600,000
3084 5375 31 21 fr.
3128 5380 61 20 pour
3202 5375 36 21 les
3252 5374 81 21 billets
3348 5373 30 22 de
3391 5372 103 25 banque,

2949 5400 30 22 de
2992 5400 123 26 27,800,000
3126 5401 32 21 fr.
3170 5400 64 26 pdur
3244 5400 23 21 le
3280 5400 97 24 compte
3390 5398 104 22 courant

2950 5426 33 21 du
3000 5425 90 24 Trésor
3105 5427 25 21 et
3147 5427 30 21 de
3194 5426 122 24 20.800,000
3332 5426 32 21 fr.
3379 5430 63 21 pour
3458 5426 36 18 les

2949 5454 109 24 comptes
3080 5453 117 21 courants
3218 5452 162 26 particuliers,
3402 5456 34 15 au
3457 5450 26 21 to-

2949 5480 35 20 tal
2997 5479 122 24 98,300,000
3130 5479 38 23 fr„
3181 5477 186 26 augmentation
3380 5478 42 24 qui
3435 5477 50 21 s'ex-

2949 5505 82 26 plique
3058 5510 47 20 par
3132 5505 139 25 l'approche
3299 5504 30 21 de
3356 5502 138 23 «'échéance

2949 5532 140 21 mensuelle.

2976 5557 35 21 Le
3027 5556 154 26 portefeuille
3199 5556 98 22 d'effets
3313 5561 43 16 sur
3373 5556 25 20 la
3414 5555 70 26 Belgi-

2950 5587 47 21 que
3010 5584 26 20 et
3048 5588 42 15 sur
3103 5581 131 27 l'étranger
3247 5584 24 19 et
3283 5582 36 21 les
3332 5586 106 17 avances
3451 5586 43 17 sur

2950 5608 73 22 fonds
3040 5608 95 26 publics
3152 5609 89 24 belges,
3259 5613 30 17 en
3307 5608 186 26 augmentation

2951 5636 29 21 de
2995 5635 122 24 66,300,000
3132 5635 31 21 fr.
3179 5636 25 20 et
3220 5634 14 22 C
3264 5634 123 25 36,500.000
3402 5634 38 25 fr.,
3455 5638 30 16 su-

2950 5661 94 22 bissent
3057 5662 25 20 la
3096 5661 78 21 même
3190 5661 123 21 influence
3328 5661 26 20 et
3367 5660 63 24 sont,
3445 5665 40 16 res-

2950 5687 170 26 pectivement,
3140 5686 16 21 à
3175 5686 32 25 fr.
3225 5686 190 26 4,725,256,905.76
3434 5687 27 22 et
3477 5684 18 23 à

2950 5714 31 21 fr.
3000 5712 176 27 395,984,994.41.

2977 5739 34 21 Le
3033 5739 71 21 stock
3127 5738 52 21 d'or
3200 5738 65 22 reste
3287 5737 15 22 à
3324 5738 170 25 12,635,983,793

2950 5764 31 22 fr.
3011 5764 34 24 70,
3075 5764 110 23 donnant
3214 5769 48 17 une
3290 5765 144 26 proportion
3464 5764 29 22 de

2951 5790 61 22 64.73
3029 5795 24 23 p.
3072 5796 20 16 c.

3730 326 129 25 TERME

3750 367 132 25 Bruxelles,
3900 367 26 19 27
3944 366 97 22 f-»vrler.

3549 393 44 22 Les
3608 394 130 21 directives
3753 394 30 20 fje
3799 394 71 19 I'ariu
3885 396 56 18 saint
3956 395 110 23 toujrjurs

3523 419 143 25 favorables,
3683 422 21 19 le
3720 419 101 22 miiiché
3838 420 109 24 fram;ais
3964 423 38 19 eut
4017 422 50 20 tr';a

3522 446 78 21 ferme
3617 448 25 19 tt
3659 448 34 20 les
3711 448 119 24 premiers
3848 451 72 15 cours
3937 452 43 14 sur
3997 449 68 19 notre

3523 472 68 24 pl-ice
3615 475 153 19 B'inucrivent
3800 479 31 15 en
3863 478 93 15 av.-ince
3980 473 16 20 à
4019 479 47 19 peu

3522 498 161 25 d'exceptions
3697 501 62 24 prés.
3772 501 102 24 Banque
3888 500 29 20 de
3931 500 76 22 Paris,
4021 500 36 20 Tu-

3523 525 50 20 bize
3593 528 56 18 sont
3669 528 110 23 toujours
3799 532 30 15 en
3849 527 103 23 vedette,
3972 527 35 20 les
4026 532 31 14 au-

3522 552 50 19 tres
3586 553 96 19 valeurs
3696 554 31 18 du
3741 559 91 19 groupe
3846 552 141 25 HéiiopoliB,
4001 553 65 21 Elec.

3523 578 29 20 de
3570 578 24 20 la
3611 579 76 23 Reine,
3706 580 63 21 Klec.
3786 582 24 20 et
3827 581 52 20 Gaz
3895 580 75 22 Nord,
3988 578 79 21 Métro

3522 607 57 18 sont
3597 604 137 25 également
3753 608 81 19 actifs.
3853 607 38 20 On
3901 608 68 28 ^note
3988 605 80 24 égaîr-

3523 632 66 19 mi»nt
3608 632 29 19 du
3656 632 59 20 bons
3732 634 87 19 auJi-its
3835 639 29 15 a*n
3883 633 142 23 chimiques,
4043 632 25 19 la

3521 659 97 19 Nitrate
3640 659 54 20 Rail
3715 662 55 21 part
3788 661 30 19 de
3838 662 91 19 i'avant
3949 665 43 15 uur
4011 659 47 20 l'an-

3523 690 77 15 nonce
3615 685 70 22 d'une
3701 685 156 22 distribution
3872 686 135 21 éventuelle
4024 686 42 19 des

3523 709 116 23 réserves.

3549 738 82 19 Parmi
3650 739 34 18 les
3700 738 169 21 Canadiennes
3886 745 30 14 on
3935 739 132 20 recherche

3520 764 24 19 la
3567 763 233 26 Hydro-Securities.

3548 790 68 20 Dans
3632 791 23 19 la
3671 791 70 22 suite,
3758 790 115 21 l'activité
3889 790 85 22 fléchit
3989 793 25 20 et
4030 793 36 19 los

3521 821 72 15 cours
3610 822 26 14 se
3653 817 95 21 tannent
3764 816 16 21 à
3797 818 24 19 la
3837 818 99 24 plupart
3953 818 43 20 dus
4013 823 42 15 cor-

3521 843 89 20 beilles.
3633 842 99 21 Bientôt
3754 844 137 23 cependant
3914 844 42 20 des
3978 845 87 19 achats

3521 870 29 19 de
3563 868 140 27 l'arbitrage
3714 870 66 20 aussi
3794 870 54 20 bien
3862 875 61 20 pour
3935 872 21 18 lu
3969 873 96 22 compte

3520 897 30 20 de
3574 897 106 20 Londres
3703 902 46 20 que
3773 902 61 19 pour
3857 898 61 19 uelui
3943 897 29 21 de
3996 898 72 19 Paris

3520 923 155 24 galvanisent
3692 923 21 19 le
3729 923 99 20 marché
3844 925 23 19 et
3883 929 31 15 on
3931 929 26 15 se
3973 924 93 20 redrea-

3517 948 30 22 *se
3569 950 122 19 vivement
3711 949 16 20 à
3748 951 80 19 toutes
3850 951 34 19 les
3906 950 131 21 corbeilles.

3549 975 35 20 La
3608 975 94 20 clôture
3726 976 128 21 s'effectue
3878 981 48 15 aux
3950 977 116 20 environs

3519 1003 42 20 des
3579 1003 53 24 plus
3651 1003 72 19 hauts
3741 1008 77 15 cours.

3547 1028 106 21 Clôture.
3665 1039 27 4 —
3705 1028 124 24 Aljustrel,
3841 1029 50 23 120;
3908 1030 100 24 Banque
4023 1030 42 20 des

3521 1055 119 23 Colonies.
3664 1055 37 23 82;
3727 1056 101 24 Banque
3853 1056 211 24 Paris-Pays-Bas,

3519 1081 14 20 2
3540 1082 50 24 580;
3631 1082 143 22 Barcelona,
3814 1082 84 24 312.50;
3941 1083 125 20 Brazilian

3521 1108 122 24 Traction,
3668 1109 85 22 457.50;
3787 1108 192 25 Buenos-Ayres,
4004 1115 60 19 cap.,

3520 1135 83 23 120.50;
3618 1135 38 23 id.,
3669 1136 54 23 div.,
3737 1136 84 23 103.50;
3836 1135 144 24 Condordia.
3993 1136 70 24 71.50;

3520 1160 111 25 Crégéeo,
3661 1162 37 23 46;
3731 1161 159 21 Financières
3916 1162 148 23 (Caoutch.),

3520 1187 49 23 107;
3588 1188 50 19 Gaz
3654 1188 75 23 Nord.
3745 1188 71 24 1,180;
3834 1187 141 26 Héliopolis.
3993 1189 69 23 1,570;

3519 1212 135 22 Industries
3675 1215 146 24 Chimiques.
3842 1215 84 24 22250;
3949 1215 114 25 Kaîping,

3521 1240 82 23 173.75;
3637 1241 83 22 Kasaï,
3752 1242 85 23 247.50;
3872 1241 191 26 Métropolitain,

3519 1266 70 23 1,915;
3607 1267 94 21 Mexico
3716 1268 81 22 Tram,
3813 1268 51 24 255;
3882 1269 98 21 Nitrate
3997 1269 68 20 P.ail-

3520 1297 73 19 ways,
3617 1293 83 23 2C6.75;
3726 1294 135 23 Pctrofina,
3892 1295 50 22 670;
3975 1295 88 20 Prince

3519 1319 84 25 Henri,
3616 1319 49 24 975;
3679 1320 169 23 Rand-Mines,
3860 1321 50 23 385;
3926 1321 137 23 Rio-Tinto,

3519 1344 70 24 2.240;
3616 1346 77 24 Royal
3719 1347 89 22 Dutch,
3832 1347 71 23 2.180;
3930 1348 132 20 Securities

3521 1371 41 20 (H.
3593 1372 47 22 E),
3670 1372 83 24 371.25;
3786 1373 71 20 Seine
3891 1373 171 26 (Electricité),

3519 1398 71 24 1,180;
3617 1399 97 20 Sunnah
3740 1400 107 23 Rubber,
3871 1400 84 23 104.50;
3983 1401 77 22 Sidro,

3519 1425 67 23 priv.,
3603 1425 50 23 430;
3673 1426 206 25 Soengei-Lipoet,
3896 1427 84 23 417.50;
4001 1428 63 20 Sv.*e-

3519 1451 68 20 diseh
3608 1451 91 24 Match.
3717 1453 50 22 670;
3788 1453 169 25 Tanganyika,
3978 1454 83 23 130.50;

3519 1477 109 24 Transp.,
3646 1478 82 24 Elect.,
3745 1479 51 20 Gaz
3813 1485 59 20 cap.,
3890 1480 50 22 560;
3960 1480 31 20 id.
4010 1481 52 21 div.,

3520 1504 84 23 447.50;
3631 1504 89 21 Tubize
3747 1506 86 23 (Soie),
3865 1506 85 24 331.25;
3982 1507 82 20 Union

3520 1530 102 20 Minière
3641 1531 66 23 priv.,
3725 1531 70 25 3,750;
3815 1533 31 20 id.
3864 1538 59 20 cap.,
3941 1534 71 24 4,360;
4032 1533 31 21 id.

3520 1556 53 23 div.,
3589 1556 71 24 4.025;
3679 1557 107 25 Wagons
3801 1559 53 20 Lits
3871 1560 57 23 i'd„
3946 1560 47 20 162.

3783 1610 98 21 Anvers.
3901 1611 24 18 27
3944 1611 93 19 février.

3538 1630 111 20 TERME.
3665 1641 25 4 —
3705 1631 116 20 Brazilian
3836 1634 114 21 Traction,
3966 1635 37 18 447
4018 1634 45 21 1/2-

3514 1653 35 19 451
3564 1654 46 21 1/4;
3626 1654 138 23 Hydrofina,
3780 1656 36 18 267
3830 1657 46 20 1/2;
3892 1657 53 18 Kall
3960 1658 102 23 Tengah.

3514 1676 24 19 52
3558 1676 46 22 1/2;
3625 1677 77 19 Kuala
3722 1678 109 24 Lumpur,
3852 1679 35 20 137
3906 1680 47 22 1/2;
3974 1680 78 20 Securi-

3514 1700 45 19 ties
3579 1700 73 24 Corp.,
3674 1701 37 19 357
3730 1702 83 19 1/2-362
3833 1702 44 21 1/2.

3735 1731 107 23 -•»■■•-

3610 1769 154 38 BOURSE
3786 1770 49 37 DE
3857 1771 114 37 PARIS

3813 1827 74 22 Paris;
3905 1827 23 19 27
3946 1827 92 19 février.

3538 1847 193 20 OUVERTURE.
3751 1858 28 5 —
3798 1850 79 19 Fonds
3896 1851 82 19 d'Etat
3998 1852 53 18 fran-

3513 1872 56 21 çais.
3589 1880 26 4 —
3635 1871 130 24 Comptant.
3784 1882 26 4 —
3828 1873 14 19 3
3860 1879 22 18 p.
3903 1879 19 14 c.
3941 1875 120 23 Français,

3512 1894 59 22 7920;
3591 1894 12 18 4
3621 1899 21 18 p.
3661 1899 19 14 c.
3700 1896 54 21 1917,
3773 1896 54 19 96S5.

3537 1917 110 24 Parquet.
3666 1927 26 4 —
3712 1918 87 19 Terme.
3820 1929 24 4 —
3881 1920 13 19 *J
3912 1925 22 18 p.
3953 1925 28 16 c,
4001 1921 60 20 7915;

3511 1940 13 19 5
3542 1945 20 19 p.
3581 1945 20 15 c.
3620 1941 115 22 1S15-1916.
3755 1942 70 21 10070;
3844 1943 13 18 4
3874 1948 20 18 p.
3914 1948 18 13 c.
3952 1944 55 21 131J3,
4026 1944 34 20 95;

3511 1964 13 18 5
3536 1969 20 18 p.
3571 1969 18 13 c.
3604 1964 54 21 1920,
3672 1965 70 21 12475;
3757 1965 96 24 Banque
3866 1966 27 18 de
3906 1967 67 18 Paris
3986 1970 23 16 et
4022 1967 40 19 des

3512 1987 152 23 Pays-BajsW
3679 1988 58 21 1825;
3755 1988 97 23 Banque
3866 1989 29 19 de
3910 1989 91 19 l'Union
4019 1990 33 19 Pa-

3512 2010 107 21 risienne,
3632 2011 48 21 608;
3694 2011 78 19 Crédit
3785 2012 124 21 Lyonnais,
3923 2013 58 20 2375;
3996 2013 66 22 Suez,

3513 2034 69 21 15635;
3602 2034 172 23 Métropolitain
3792 2031 28 22 de
3839 2035 74 21 Paris,
3933 2036 58 20 1374;
4011 2037 40 18 Dis-

3513 2057 111 19 tribution
3643 2057 140 22 Electricité.
3803 2058 59 22 2625;
3884 2059 132 19 Electricité
4036 2060 27 18 de

3513 2080 23 18 la
3551 2081 74 21 Seine,
3641 2081 48 21 845;
3707 2081 100 23 Energie
3823 2082 124 23 électrique
3965 2083 98 18 Littoral

3513 2103 190 22 Méditerranéen,
3721 2105 59 21 1134;
3796 2105 131 20 Rio-Tinto.
3944 2106 58 20 1565;
4020 2106 43 19 Pê-

3514 2127 85 18 trofina
3620 2127 41 19 iCo
3678 2128 51 18 Fin.
3749 2128 71 23 Belge
3838 2128 119 24 pétroles),
3976 2130 44 18 475.

3538 2149 93 19 Marché
3646 2155 27 14 en
3690 2151 103 23 Banque.
3809 2161 26 4 —
3850 2152 88 18 Terme.
3954 2162 26 4 —
3994 2153 58 19 Cam-

3515 2172 71 23 bodge
3610 2174 113 22 'capital).
3745 2174 59 21 7575:
3828 2175 160 19 Caoutchoucs
4013 2176 39 19 (So-

3515 2196 57 18 ciété
3595 2196 154 22 Financière).
3773 2198 59 21 7650;
3857 2199 38 21 id.,
3920 2198 29 19 id.
3975 2199 87 20 (action

3514 2219 38 21 Vj,
3568 2219 47 21 22S;
3632 2219 34 19 De
3681 2220 72 18 Beers
3770 2221 144 21 (ordinaire),
3930 2222 47 20 350;
3995 2222 68 19 Gold-

3514 2242 74 21 fleldjî,
3607 2243 46 21 116;
3672 2243 106 19 Mexican
3796 2244 73 22 Eagle
3890 2245 172 23 (estampillée),

3513 2265 34 20 39;
3565 2265 102 23 Padang,
3684 2266 47 21 312;
3748 2267 162 21 P.and-Mines.
3927 2268 47 21 275;
3992 2268 70 21 Shell,

3515 2288 44 21 214;
3580 2289 82 20 Terres
3680 2289 100 23 Rouges,
3800 2290 47 22 164;
3868 2291 85 18 Tubize
3974 2291 88 23 (priv.),

3514 2310 42 19 235.

3754 2337 76 22 »fl«<>
4060 2345 5 7 .

3565 2372 153 38 BOURSE
3754 2373 50 38 DE
3840 2374 179 39 LONDRES

3774 2430 110 22 Londres,
3902 2432 24 18 27
3944 2432 92 19 février.

3539 2452 191 21 OUVERTURE.
3745 2463 28 5 —
3788 2455 137 22 Angleterre
3942 2455 121 20 Consolidé

3514 2474 12 19 2
3545 2475 37 21 1/2
3602 2477 38 19 (en
3660 2476 88 23 livres),
3768 2477 25 19 58
3812 2478 47 21 1/4;
3880 2478 96 23 Belgian
4009 2479 53 19 loan

3513 2498 13 18 7
3539 2502 22 20 p.
3574 2503 22 14 c.
3613 2500 38 19 (en
3665 2499 87 22 livres),
3767 2501 37 18 104
3818 2501 46 21 1/2;
3880 2502 126 19 Anaconda
4024 2504 38 17 (en

3517 2521 88 22 livres),
3631 2522 12 19 2
3668 2523 45 22 1/2;
3741 2524 43 18 Rio
3811 2524 69 19 Tinto
3908 2526 39 20 (en
3973 2525 89 21 livres),

3514 2545 23 18 17
3553 2545 46 21 1/2;
3615 2546 90 23 Angola
3720 2547 127 19 Diamonds
3866 2549 37 18 (en
3920 2548 81 21 shill.).
4017 2549 44 21 8.9;

3514 2568 33 18 De
3567 2568 70 19 Béera
3657 2569 51 19 Def.
3730 2572 38 17 (en
3787 2570 90 22 livres),
3897 2571 12 19 3
3927 2571 47 22 7/8;
3995 2572 67 18 Rand

3514 2591 73 21 Mines
3613 2593 37 18 (en
3672 2593 79 21 shill.),
3773 2594 35 20 60;
3833 2594 154 23 Tanganyika
4009 2600 42 14 con-

3514 2615 102 18 cessions
3640 2616 38 20 (en
3700 2616 80 22 shill.),
3802 2617 34 22 20;
3861 2617 106 19 Mexican
3989 2618 73 23 Eagla

3514 2638 35 18 Oil
3569 2638 111 23 ordinary
3703 2639 38 20 (en
3761 2640 82 22 shill.),
3865 2641 33 18 7.4
3918 2641 47 21 1/2;
3987 2641 74 23 Royal

3514 2661 77 18 Dutch
3613 2661 130 20 Petroleum
3781 2664 38 18 (en
3854 2663 90 23 livres),
3968 2664 24 19 17
4015 2665 45 20 1/4;

3514 2684 61 19 Shell
3594 2684 128 24 Transport
3741 2687 38 19 (en
3799 2686 89 23 livres),
3908 2687 12 18 2
3940 2687 46 22 1/4;
4007 2688 55 19 Sen-

3513 2707 46 19 nah
3573 2707 95 19 Rubber
3683 2709 38 20 (en
3735 2709 79 22 shill.),
3831 2709 53 22 16.3;
3900 2710 78 19 Kuala
3992 2711 58 18 Lum-

3514 2735 43 18 pur
3579 2731 60 18 Rub*
3647 2735 26 15 er
3697 2732 37 18 (en
3758 2732 80 22 shill.),
3862 2733 54 21 18.9;
3942 2734 120 18 Canadian

3514 2754 87 18 Pacifie
3618 2754 81 19 Railw.
3720 2756 37 18 (en
3774 2756 105 21 dollars).
3897 2756 24 19 22
3937 2757 47 20 3<'4;
4005 2757 46 18 Bar-

3514 2777 78 18 celona
3606 2778 109 19 Traction
3731 2779 38 20 (en
3784 2779 105 22 dollars),
3904 2780 23 18 13
3942 2779 46 22 1/2:
4004 2780 46 19 Bra-

3513 2800 69 19 zilian
3600 2801 108 19 Traction
3728 2803 38 19 (en
3783 2802 104 22 dollars),
3907 2803 23 18 17
3948 2804 46 20 1/4;
4013 2804 49 18 Hv-

3513 2824 41 18 dro
3573 2824 99 19 Electric
3694 2826 38 17 (en
3752 2825 105 21 dollars),
3877 2826 24 18 13
3919 2827 47 21 5/8;
3988 2827 64 18 Inter-

3514 2847 103 19 national
3642 2848 113 23 Holdings
3782 2850 37 19 (en
3844 2848 95 20 dollars!
3978 2850 12 18 1
4013 2849 48 21 3/8;

3513 2871 82 22 Young
3613 2871 63 18 Loan
3694 2872 13 18 5
3724 2871 37 20 1/2
3779 2877 22 18 p.
3819 2877 19 13 c.
3860 2873 38 19 (en
3917 2873 89 21 livrer),
4025 2873 35 21 52;

3513 2894 105 18 Mexican
3640 2895 135 22 Tramways
3797 2895 109 19 Common
3930 2898 36 17 (en
3988 2896 73 19 doll.».

3513 2917 22 19 8:
3555 2917 88 19 Eritlsh
3663 2918 110 19 Celanese
3791 2919 48 20 ord.
3861 2920 37 19 (en
3918 2919 80 21 shill.),
4017 2919 42 20 8.6:

3513 2940 92 19 Nitrate
3627 2940 118 23 Railways
3782 2943 39 19 (en
3855 2942 90 21 livres),
3980 2942 12 19 1
4012 2942 48 21 7/8;

3510 2963 103 23 Kaiping
3627 2963 107 20 (Chinese
3746 2964 166 24 Engineering)
3928 2965 39 19 (en
3979 2965 81 21 shill.),

3511 2986 51 18 27.6.

3534 3008 148 19 CLOTURE.
3724 3018 19 4 —
3774 3009 37 18 An
3813 3009 81 19 ïleter.
3899 3014 13 13 e
3945 3008 116 20 consolide

3510 3031 12 17 2
3535 3031 36 19 1/2
3585 3035 21 18 p.
3620 3036 19 13 c.
3655 3032 38 17 (en
3707 3031 90 19 livre-:).
3811 3032 59 19 5S73;
3885 3031 98 22 Belgian
3997 3031 64 19 I-oan

3510 3053 13 18 7
3538 3057 22 19 p.
3574 3057 21 14 c.
3614 3054 37 17 (en
3666 3053 90 19 livres).
3773 3054 46 20 105;
3837 3054 126 18 Anaconda
3981 3055 38 17 (en
4035 3054 27 18 li-

3513 3080 13 12 v
3566 3076 18 19 ),
3599 3075 11 18 2
3621 3076 47 22 3/4;
3682 3077 44 19 Rio
3738 3077 69 18 Tïnto
3822 3077 38 20 (en
3873 3076 90 22 livres),
3977 3077 24 18 17
4012 3076 48 22 3/4;

3513 3098 90 24 Angola
3634 3099 118 19 "Mamonds
3788 3100 30 18 (ei
3860 3099 80 21 shi'l.).
3961 3100 44 20 8.9;
4027 3099 35 19 De

3513 3122 71 19 Beers
3602 3122 51 19 Def.
3674 3124 38 18 (*n
3730 3122 90 22 livres),
3838 3122 12 19 3
3867 3123 47 20 7/8;
3934 3123 67 19 Rand
4020 3123 14 18 à
4050 3132 12 5 -

3512 3150 43 14 nés
3576 3146 37 19 (en
3634 3145 80 22 shill.),
3734 3146 35 19 60:
3790 3146 153 22 Tanganyika
3964 3146 86 19 Conces-

3513 3169 63 19 sions
3598 3170 36 19 (en
3655 3169 79 19 shill.).
3753 3169 35 21 20;
3809 3170 106 18 Mexican
3933 3169 72 24 Eagle
4026 3169 35 20 Oil

3512 3196 35 14 orc
3544 3192 16 8 ,:
3563 3196 58 18 nary
3637 3192 39 20 (en
3691 3192 71 19 shill.)
3786 3193 32 18 7.4
3834 3192 45 20 1/2:
3895 3192 74 22 Royal
3984 3192 76 19 Dutch

3513 3215 130 19 Petroleum
3679 3216 38 18 (en
3750 3215 90 20 livres).
3874 3216 24 18 17
3930 3211 46 23 Ï/S*
3999 3214 62 20 Shell

3513 3239 126 22 T-j^anspor*-
3655 3240 37 17 (en
3705 3239 89 21 livres),
3808 3239 12 18 2
3832 3239 46 21 1/4;
3893 3239 92 19 Sennah
3999 3238 62 19 Pub-

3513 3262 41 19 ber
3577 3263 37 18 (en
3636 3262 80 20 shill.).
3740 3263 33 18 16'
3797 3262 77 19 Kuala
3895 3263 11 11 T
3908 3267 91 15 iumpur
4023 3263 38 19 (en

3513 3285 80 20 shill.).
3618 3285 44 19 18.9
3698 3285 118 19 Canadian
3842 3285 89 19 Pacific
3955 3285 108 22 T-ailway

3517 3309 37 18 (en
3580 3308 72 22 doll.),
3678 3308 25 19 22
3725 3309 48 19 3/4:
3799 3308 129 19 Barcelona
3953 3308 108 19 Traction

3515 3333 37 17 (en
3569 3331 71 20 dnll.).
3659 3332 23 18 33
3697 3331 47 22 1/2;
3762 3331 116 19 Brazilian
3895 3332 108 18 Traction
4032 3334 28 15 en

3514 3355 73 20 doK.).
3613 3355 25 19 17
3661 3355 47 21 1/4;
3747 3355 67 21 "vdro
3839 3355 66 18 Elect
3938 3355 124 18 Securities

3515 3379 35 20 (e-
3569 3378 72 22 doll.),
3659 3378 23 19 13
3696 3378 48 21 5'8;
3757 3373 174 23 "international
3947 3378 85 18 Hold!*.
4041 3382 19 12 -,

3515 3402 37 19 (en
3571 3401 72 21 doll.),
3661 3402 11 17 1
3688 3401 47 20 3/8:
3752 3400 165 24 Young-Léan.
3936 3401 35 21 53;
3989 3400 61 20 Mexi-

3513 3429 26 14 co
3554 3424 135 23 Tramways
3704 3424 109 19 Common
3831 3425 38 18 (en
3888 3424 69 19 ioll.).
3973 3424 22 21 8;
4011 3423 50 19 Bri-

3513 3449 8 17 t
3525 3448 35 18 irh
3584 3447 110 20 Celanese
3717 3448 109 18 ordinarv
3851 3448 39 20 (en
3914 3447 70 19 shill.)
3989 3460 5 6 .
4018 3447 31 19 8.6
4054 3451 6 16 ;

3513 3471 92 19 Nitrate
3629 3471 119 22 Railways
3771 3471 112 22 ordinary
3909 3472 37 17 'en
3971 3470 90 20 livres),

3513 3495 12 18 1
3547 3494 49 20 7/8:
3621 3494 99 20 Ka^nins
3719 3499 4 4 1
3749 3494 108 19 (Chinese
3894 3493 165 23 Engineering)

3515 3515 28 21 te:
3576 3517 52 19 shill
3638 3521 8 16 )
3670 3517 54 21 27.6;
3760 3517 114 19 Southern
3909 3517 89 18 Pacific
4023 3518 37 18 (en

3512 3540 74 23 doll.),
3600 3540 25 19 37
3638 3540 46 22 3/4;
3700 3540 114 19 Southern
3829 3540 52 19 Rail
3895 3540 110 19 Common
4023 3539 38 19 (en

3513 3564 72 22 doll.),
3597 3564 24 19 14
3633 3564 46 19 1/4:
3692 3564 28 18 U.
3732 3564 23 19 S.
3768 3563 62 19 Steel
3843 3568 104 14 common
3963 3564 37 18 (en
4014 3562 35 19 dol-

3513 3587 67 20 lars).
3602 3587 35 21 68;
3660 3587 106 18 Mexican
3787 3587 72 23 Light
3879 3587 47 18 and
3948 3587 81 18 Power
4049 3585 13 18 7

3513 3615 21 14 n.
3549 3615 22 14 c.
3590 3612 37 18 (en
3644 3610 72 20 doll.),
3733 3610 35 21 30;
3787 3610 67 21 Angl.
3872 3609 95 22 Victory
3983 3609 78 19 Bonds

3512 3632 14 20 4
3541 3638 22 18 p.
3579 3637 20 15 C.
3618 3634 38 19 (en
3673 3633 89 19 livres).
3780 3634 24 18 95
3821 3633 46 21 3/2;
3888 3632 173 19 An^lo-F'-ench

3513 3656 63 19 Loan
3594 3657 14 18 5
3626 3661 20 18 p.
3662 3661 21 14 c.
3705 3657 39 18 (en
3761 3656 91 20 livres),
3871 3656 25 19 28
3914 3656 11 18 3
3931 3656 30 19 '4:
3981 3655 68 19 Brazi-

3513 3679 47 19 lian
3579 3680 47 19 1859
3641 3680 13 18 4
3670 3684 21 18 p.
3709 3684 19 14 c.
3749 3680 38 18 (en
3804 3679 90 21 livres),
3911 3679 24 18 21
3953 3679 45 21 3/2;
4018 3680 33 17 Ar-

3513 3703 56 22 gent
3587 3707 29 14 en
3636 3702 79 19 barres
3737 3704 39 17 t'en
3796 3703 90 23 pence),
3907 3702 24 19 19
3949 3702 48 21 3/4;
4018 3702 32 18 Es-

3512 3726 90 23 compte
3620 3725 70 24 privé,
3707 3726 13 18 4
3735 3726 57 20 3/16.

3752 3755 75 23 *E+

3515 3795 51 39 Une
3592 3796 149 46 peausserie
3770 3795 108 38 détruite
3906 3803 47 38 par
3974 3794 25 39 le
4020 3794 44 38 feu

3715 3853 14 40 à
3752 3855 112 37 Roubaix

3760 3940 119 23 Roubaix,
3895 3939 28 21 27
3937 3938 95 22 février.

3546 3966 97 21 Samedi
3658 3966 86 23 matin,
3759 3965 17 21 à
3790 3967 15 19 4
3820 3966 31 23 h.,
3867 3970 34 16 un
3917 3964 90 21 violent
4023 3964 25 19 in-

3518 3993 84 20 cendie
3617 3998 17 15 a
3648 3992 102 21 détruit.
3754 3993 24 20 le
3792 3991 113 25 magasin
3920 3992 25 19 et
3959 3991 35 19 les
4008 3990 41 19 ate-

3517 4019 58 20 liers
3591 4019 71 20 d'une
3677 4018 140 25 peausserie
3833 4018 29 20 de
3878 4016 117 21 Roubaix.
4011 4015 48 20 Les

3520 4044 86 25 dégâts
3623 4045 57 20 sont
3697 4043 98 22 évalués
3811 4043 17 21 à
3844 4042 107 24 1,300,000
3968 4042 94 20 francs.

3544 4071 36 20 La
3595 4076 73 16 cause
3684 4071 32 20 du
3731 4072 98 20 sinistre
3843 4070 40 20 n'a
3898 4074 45 20 pas
3958 4074 34 20 pu
4007 4069 53 20 être

3517 4096 96 22 établie.

3752 4129 72 22 ♦*•

3519 4169 47 35 La
3592 4170 166 40 fournée
3776 4170 50 32 de
3847 4167 215 36 dimanche

3540 4258 24 6 —
3578 4251 69 18 Musées
3661 4249 72 20 Royaux
3747 4248 52 21 d'Art
3813 4251 18 16 et
3844 4248 99 20 d'Histoire
3959 4249 92 21 (Cinquan-

3518 4273 74 19 tenaire)
3603 4278 7 12 :
3624 4271 96 22 expusitioD
3735 4271 81 19 Stowitts
3825 4277 6 13 :
3848 4272 42 19 Arts
3903 4274 19 16 et
3939 4272 79 20 Métiers,
4028 4274 26 18 .ty-

3519 4299 40 17 pes'
3565 4297 18 16 et
3600 4296 92 16 -coutumes
3708 4292 23 20 de
3749 4294 58 19 l'Inde
3826 4293 93 23 (jusqu'au
3938 4299 22 17 39
3980 4294 81 18 février».

3540 4325 24 5 —
3578 4315 62 19 Musée
3651 4316 52 18 d'Art
3719 4316 92 19 Moderne.
3826 4317 102 21 Exposition
3943 4317 23 18 de
3980 4317 82 20 peinture

3517 4338 117 19 néerlandaise
3649 4339 23 17 du
3689 4339 52 18 siècle
3756 4339 68 19 dernier
3842 4339 93 22 (jusqu'au
3952 4344 8 13 i
3963 4340 19 12 ,r
3997 4339 65 19 man»).

3539 4369 23 6 —
3574 4365 29 16 30.
3625 4366 32 14 rue
3679 4362 125 18 Marché-aux-
3805 4362 72 18 Poulets
3886 4367 6 13 :
3915 4361 99 22 exposition
4018 4367 6 4 -
4036 4362 27 17 du

3514 4388 66 16 groupe
3594 4383 68 19 Nervîa
3678 4383 96 22 {jusqu'au
3791 4390 11 16 3
3818 4383 65 21 mars).

3538 4414 23 4 —
3573 4410 18 16 3.
3612 4411 70 13 avtr.iie
3702 4406 70 22 Louise,
3793 4407 98 22 exposition
3913 4404 45 20 Pari!
3979 4406 83 18 Mathieu

3516 4427 93 22 (jusqu'au
3623 4434 12 16 3
3650 4429 64 20 mars).
4077 4438 5 4 ■
4095 4444 8 8 ,

3537 4458 25 6 —
3574 4454 28 18 IX,
3619 4456 29 13 av.
3664 4451 23 19 de
3703 4452 18 18 la
3733 4451 67 19 Toison
3815 4450 51 21 d'Or,
3882 4450 98 22 exposition
3997 4450 66 19 Robert

3514 4472 138 22 Crommelynck
3677 4474 94 21 (jusqu'au
3793 4479 23 15 39
3839 4473 82 21 février).
3939 4489 5 6 ,

3537 4503 25 5 —
3573 4501 31 17 43.
3624 4496 70 19 boulev.
3714 4496 25 19 du
3760 4496 75 22 Régent,
3855 4496 125 22 rétrospective
3999 4495 26 19 H.
4044 4494 19 23 J.

3514 4517 102 22 Evenepoel
3636 4519 94 22 (jusqu'au
3749 4525 10 12 2
3779 4520 62 18 mars).

3538 4549 24 6 —
3575 4541 59 19 Palais
3647 4542 31 19 dw
3694 4541 108 19 Beaux-Arts
3819 4547 6 12 :
3841 4540 152 23 rftrospectivieill
4008 4540 21 18 F.
4044 4539 19 23 J.

3514 4563 63 19 Navez
3600 4564 93 22 (jusqu'au
3716 4568 21 16 1.1
3756 4564 66 20 mars).

3539 4595 24 5 —
3577 4586 59 19 Palais
3653 4587 32 18 des
3703 4586 60 19 Beaux
3764 4587 49 17 -Arts
3832 4590 10 15 «î
3861 4584 125 24 rétrospective
3996 4584 30 21 .F.
4044 4584 19 23 J.

3515 4608 77 22 Degreel
3616 4609 91 21 (jusqu'au
3729 4609 12 18 6
3763 4608 65 21 mars).

3538 4639 26 6 —
3576 4632 19 20 8,
3614 4637 32 13 me
3664 4630 69 23 Seutîn,
3752 4629 99 24 exposition
3869 4630 42 20 Em.
3929 4629 68 20 Bulcke
4017 4629 38 22 (jus-

3515 4653 56 22 qu'au
3586 4659 22 16 29
3623 4653 82 20 février).

3540 4684 24 6 —
3576 4676 40 18 Rue
3638 4676 25 19 du
3687 4676 70 21 Musée,
3779 4674 99 24 exposition
3901 4673 71 23 Edgard
3995 4673 68 22 Tytgat

3518 4698 94 22 (jusqu'au
3632 4704 12 15 9
3664 4698 64 20 mars).

3540 4729 25 5 —
3578 4726 28 16 13,
3628 4725 70 14 avenue
3718 4721 23 17 de
3764 4720 17 18 la
3802 4719 67 19 Toison
3892 4718 51 23 d'Or,
3964 4717 100 24 exposition

3516 4743 60 19 Pierre
3591 4743 92 18 Thévenet
3700 4742 93 22 (jusqu'au
3810 4747 22 17 29
3849 4742 81 19 février).

3540 4774 24 5 —
3573 4765 70 20 Cercle.
3645 4765 106 25 artistique
3766 4768 19 15 et
3799 4764 95 19 Littéraire
3912 4764 64 20 (Parc)
3988 4769 6 13 :
4011 4768 45 17 expo-

3516 4788 54 19 sition
3584 4788 70 22 Lrpage
3669 4791 18 15 et
3703 4787 79 19 Dekorte
3799 4787 93 22 (jusqu'au
3909 4792 11 15 4
3936 4786 64 20 mars).

3539 4819 25 5 —
3576 4815 29 16 21,
3625 4816 32 13 nie
3677 4810 22 19 de
3718 4810 84 18 Namur:
3817 4808 104 23 -exposition
3941 4810 53 18 Anna
4014 4809 49 19 Boch

3520 4832 91 22 (jusqu'au
3624 4839 12 16 4
3650 4832 65 20 man).

3539 4864 26 6 —
3579 4855 64 19 Musée
3657 4854 86 22 CharHer,
3761 4855 27 20 16,
3803 4859 30 14 av.
3849 4854 31 17 des
3896 4854 50 18 Arts:
3963 4852 100 23 exposition
4079 4853 20 25 0

3517 4877 95 19 Ottevaere
3631 4877 93 22 (jusqu'au
3743 4881 10 17 7
3772 4882 52 15 mars,
3842 4876 41 19 sauf
3902 4876 66 18 mardis
3985 4879 19 15 et
4020 4879 36 14 ven-

3516 4900 67 20 dredis)
3587 4913 6 6 .

3541 4931 24 5 —
3577 4923 29 20 62,
3624 4921 99 19 Boulevard
3740 4921 23 18 de
3780 4920 90 19 Waterloo
3879 4926 6 13 :
3904 4919 99 23 exposition
4022 4919 34 19 Phi-

3516 4944 50 22 lippe
3581 4944 95 19 Hosiassoa
3696 4943 92 21 (jusqu'au
3805 4949 12 15 9
3833 4944 64 20 mars).

3539 4975 25 7 —
3576 4972 29 17 22,
3626 4966 52 18 Place
3696 4966 24 18 de
3740 4966 103 18 l'Industrie
3852 4971 6 13 :
3879 4965 99 22 exposition
3998 4964 66 18 Bertht

3516 4989 23 19 de
3554 4988 79 19 Heneffe
3651 4987 93 23 (jusqu'au
3761 4993 11 17 7
3791 4989 62 18 mars).

3539 5020 26 5 —
3577 5011 69 19 Galerie
3671 5010 78 19 Belliard
3775 5011 70 20 (Palais
3868 5011 32 18 des
3926 5010 118 19 Beaux-Arts)
4054 5013 9 15 r

3516 5033 98 22 exposition
3632 5033 75 21 Saverys
3727 5033 94 22 (jusqu'au
3840 5038 21 16 17
3880 5033 65 20 mars).

3540 5064 24 6 —
3578 5061 22 13 10
3621 5055 25 22 h.,
3669 5055 99 23 U.F.A.C.,
3791 5061 30 17 30.
3843 5056 49 19 boul.
3914 5056 24 18 de
3958 5052 90 21 Waterloo
4056 5058 7 15 :

3516 5078 96 20 assemblée
3631 5078 80 22 générale
3730 5077 24 20 8c
3773 5079 18 19 la
3810 5078 109 19 Fraternelle
3935 5078 33 19 des
3986 5078 78 18 Services

3516 5100 135 20 d'Intendance.

3539 5131 26 6 —
3576 5122 158 23 Cinquantenaire.
3751 5123 80 20 Semaine
3830 5124 6 13 1
3848 5122 82 23 Agricole
3937 5128 8 14 :
3962 5122 74 22 journée
4041 5122 25 20 d«

3517 5145 90 22 l'Elevage
3623 5146 57 21 belge.

3539 5176 26 6 —
3578 5173 22 13 10
3614 5172 19 15 et
3649 5174 20 12 11
3685 5168 27 22 h.,
3725 5168 73 19 Musées
3813 5168 73 21 Royaux
3902 5168 30 17 des
3948 5167 116 21 Beaux-Arts,
4077 5164 6 5 '
4102 5164 8 24 g

3516 5195 19 17 9,
3556 5195 32 15 rue
3607 5190 25 19 du
3653 5190 63 20 Musée
3725 5196 6 14 :
3755 5196 13 12 «
3776 5191 25 18 La
3822 5191 82 21 peinture
3923 5190 24 19 de
3965 5194 55 17 genre
4040 5194 24 14 au

3516 5213 57 19 XIX"
3590 5213 54 19 siècle
3650 5218 18 17 »,
3686 5218 34 17 par
3736 5212 47 20 Mlle
3800 5213 79 18 Ninane.

3539 5243 26 7 —
3577 5240 23 14 ïo
3616 5236 18 18 h.
3651 5240 30 17 io,
3697 5235 59 21 Palais
3771 5236 31 18 des
3817 5235 110 19 Beaux-Arts
3935 5239 7 14 :
3959 5234 106 20 conférence

3516 5257 115 23 scientifique
3651 5263 44 15 avec
3713 5258 107 21 projections
3840 5258 113 19 lumineuses.

3539 5288 26 6 —
3577 5285 22 13 10
3616 5281 19 19 h.
3651 5286 31 17 30,
3699 5280 73 20 Musées
3788 5280 52 20 d'Art
3857 5283 20 17 et
3893 5279 99 19 d'Histoire
4010 5279 45 21 (Cin-

3517 5303 126 21 quantenaire)
3655 5309 5 12 :
3687 5308 12 13 c
3706 5303 27 19 La
3754 5302 121 23 signification
3896 5302 32 20 des
3950 5301 115 20 innovations

3517 5325 106 22 techniques
3638 5326 46 19 dans
3702 5325 18 19 la
3735 5325 92 22 sculpture
3844 5324 87 22 française
3938 5330 18 13 ».

3540 5356 25 6 —
3578 5353 23 13 10
3612 5348 18 19 h.
3642 5353 30 16 30,
3684 5348 63 19 Musée
3759 5348 23 20 de
3793 5347 77 20 l'Armée
3883 5346 181 22 (Cinquantenaire).

3517 5369 103 20 Entretiens
3637 5370 104 23 techniques
3757 5376 33 16 par
3806 5370 18 20 le
3838 5370 68 19 colonel
3922 5369 36 20 Six.

3539 5401 26 6 —
3576 5393 96 19 Extension
3693 5393 23 19 de
3737 5388 114 25 l'Université
3871 5392 23 19 de
3915 5391 98 23 Bruxelles,
4033 5393 34 21 49»'

3517 5420 32 14 rue
3568 5415 64 20 Ernest
3653 5416 61 19 Aîlard
3724 5421 6 14 :
3753 5421 13 13 «
3775 5416 26 19 La
3821 5415 76 21 biologie
3918 5414 13 19 à
3952 5414 19 20 U
3991 5415 66 19 Renais-

3517 5443 52 13 sance
3576 5442 18 17 »,
3612 5443 33 17 par
3662 5438 27 19 M.
3707 5438 45 19 Paul
3771 5439 58 17 lîri.-n.

3540 5467 25 6 —
3578 5465 21 17 14
3619 5460 20 18 h.
3658 5465 30 16 30,
3708 5460 105 22 Aquarium,
3833 5463 42 18 523.
3894 5463 70 15 avenue
3983 5459 65 19 Louiit
4055 5462 8 15 :

3518 5486 13 14 c
3538 5481 28 20 La
3578 5482 97 19 coloration
3690 5483 31 19 des
3735 5483 80 21 poissons
3821 5486 18 16 »,
3855 5486 33 17 par
3902 5481 29 20 M.
3946 5482 80 21 Lestage.

3541 5514 22 4 —
3579 5511 6 11 1
3590 5511 9 14 1
3620 5505 18 19 li.
3658 5509 31 18 45,
3708 5504 60 20 Patrîa
3777 5510 6 14 ;
3805 5509 13 13 «
3825 5504 27 19 La
3871 5503 56 20 Farce
3945 5504 24 20 de
3988 5504 76 20 l'avocat

3517 5526 70 20 Patelin
3595 5532 18 14 ».

3539 5557 21 7 —
3559 5556 6 8 •
3577 5554 22 17 n
3614 5549 26 21 h..
3655 5549 99 20 Fondation
3771 5547 132 23 Universitaire,
3921 5554 29 17 ir,
3964 5554 32 15 me
4010 5548 54 22 d'Eg-

3516 5574 51 17 mont
3577 5576 5 14 :
3602 5577 12 13 c
3621 5571 53 19 Couo
3690 5571 48 19 d'ail
3754 5576 31 14 sur
3800 5570 92 20 l'Histoire
3908 5571 25 19 du
3950 5571 62 23 Jardin
4029 5571 27 19 Bo-

3517 5594 74 22 tanique
3606 5594 22 19 de
3645 5594 56 18 l'Etat
3708 5599 18 17 »,
3742 5599 33 16 par
3791 5593 27 19 M.
3836 5593 29 20 De
3880 5593 108 21 Wildeman.

3539 5624 26 7 —
3578 5621 21 17 15
3616 5617 27 21 h..
3660 5616 59 19 Palais
3732 5616 32 19 des
3780 5616 111 19 Beaux-Arts
3900 5621 6 15 :
3925 5616 137 23 reprrbentition

3517 5639 88 19 théâtrale
3623 5639 22 19 de
3661 5638 127 20 bienfaisance.

3539 5670 26 6 —
3577 5666 22 17 19
3616 5661 19 20 b.
3651 5666 30 17 30.
3697 5660 96 20 Extension
3810 5660 129 21 Universitaire
3955 5661 24 20 de
3995 5661 66 20 Forast,

3517 5688 30 18 33,
3560 5688 32 15 rue
3604 5684 40 19 Van
3658 5682 34 20 Pée
3700 5688 7 14 :
3724 5683 48 19 «Au
3787 5689 45 17 pays
3844 5683 24 20 de
3880 5683 112 21 St-Remacle
3999 5689 18 17 »,
4030 5687 32 19 par

3518 5707 26 18 M.
3560 5706 99 19 Doehaerd.

3539 5737 25 5 —
3576 5733 23 14 20
3616 5728 24 19 h..
3658 5727 52 20 Place
3724 5727 87 22 Jourdan,
3827 5733 29 16 .-,7,
3874 5728 57 23 tirage
3945 5728 23 21 de
3984 5729 18 19 la
4016 5730 37 18 tom-

3515 5751 42 19 bola
3573 5751 24 19 du
3616 5755 12 13 «
3636 5750 73 19 Soutien
3724 5750 115 19 d'Ettcrbeck
3846 5755 19 15 ».

3539 5781 25 6 —
3576 5777 23 14 ao
3614 5772 18 18 h.
3648 5776 31 18 30,
3695 5772 59 20 Palais
3769 5772 31 22 des
3814 5773 111 21 Beaux-Art*
3933 5779 6 15 :
3955 5775 70 19 concert
4039 5771 23 21 de

3516 5794 82 23 musique
3612 5798 56 16 russe.
