4029 5833
908 0 142 33 '-^▼T-ffi
1048 0 8 18 1
1057 0 69 31 ^

2159 0 309 36 mm**wfmmmm.

252 342 4 5 ■

392 260 4 6 ■

368 292 176 52 NOS
598 295 305 53 ECHOS

101 393 205 26 Aujourd'hui
325 393 88 23 lundi
653 397 42 21 La
710 396 243 26 Tempëratura

97 442 97 20 Monnaie,
207 444 10 16 8
230 443 13 17 b
251 455 5 7 ,
270 447 11 13 <
294 443 61 18 Faust
366 447 19 15 ».

98 469 53 18 Pars.
168 478 21 5 —
205 470 77 17 Clôture
297 470 96 17 annuelle.

97 495 93 21 Galeries,
203 496 10 17 8
226 496 26 20 h.,
265 496 70 18 ballets
348 500 69 15 russes,

97 521 84 20 Molière,
195 523 10 16 8
217 522 20 18 h.
251 523 37 20 1/2,
302 527 11 12 «
325 523 27 17 La
365 524 64 17 Revue
441 523 46 18 ches
499 524 79 19 Molière)
591 530 17 13 ».

98 548 110 21 Alhambra,
224 549 11 16 8
249 548 20 18 h.
286 549 36 20 1/J,
339 554 10 12 <
365 550 50 17 New-
420 550 51 18 York
485 551 54 20 Baby
554 556 17 13 ».

98 574 116 21 Vaudeville,
230 575 11 17 8
255 575 20 17 h.
292 575 36 20 1/2,
347 581 9 11 <
371 577 46 16 Mon
432 576 54 21 Curé,
504 581 21 13 sa
541 578 54 17 Sœur
612 579 18 15 et

119 595 37 17 Mo.
174 600 17 12 ».

98 620 65 20 Calté,
177 622 11 16 8
202 621 19 18 h.
237 622 37 20 1/2,
290 628 10 11 s
314 623 98 17 Monsieur
426 623 91 20 Peperbol
531 628 18 13 ».

97 647 84 18 Théâtre
197 648 99 18 Flsmand.
313 658 21 4 —
350 650 83 17 Clôture.

99 674 61 16 Folle.
162 675 95 18 -B-rs/ère.
273 683 24 5 —
311 675 84 19 Clôture.

98 699 65 18 Palais
176 700 61 20 d'Eté,
251 701 10 16 8
275 701 19 20 h.
309 702 37 18 3/4.
362 702 95 20 spectacle
471 701 59 18 varié.

99 744 60 18 Yojes
176 747 120 18 programme
312 746 34 16 dea
362 745 85 17 cinémas
463 746 19 15 et
499 744 24 17 de
539 744 21 17 X.
576 743 20 18 S.

250 769 25 12 en
291 765 70 19 petites
375 768 104 13 annonces.

100 813 257 25 Communiqués
382 814 62 21 des
468 812 164 22 Théâtres

259 847 38 21 •t
312 847 162 21 Concerta

120 911 97 18 Monnaie.
238 921 23 4 —
280 911 127 20 Aujourd'hui
428 911 59 17 lundi.
511 911 19 17 13
551 911 45 19 mal,
618 911 12 16 a

99 931 22 17 20
134 931 27 20 h.,
176 936 11 12 «
200 932 62 17 Faust
276 936 16 16 »,
308 935 46 14 avec
367 933 61 15 Mmes
442 927 75 23 Deulln,
532 930 97 19 Rambert,

99 952 47 16 MM.
162 951 84 20 Alcalde,
263 952 23 16 de
303 951 18 17 la
338 951 57 18 scala
412 951 22 16 de
451 950 66 21 Milan,
534 951 42 16 van
592 950 28 17 Ob-

98 971 66 20 bergh,
180 971 82 18 Mancel.
277 970 84 18 Lefèvre.
376 978 23 6 —
412 970 65 17 Mardi
492 970 26 16 14.
534 969 97 20 spectacle

99 991 24 17 de
140 991 44 20 gala
202 991 12 17 k
232 991 84 17 bureaux
335 990 76 19 fermés,
430 989 88 20 organisé
536 992 49 17 pour
603 988 27 18 les

99 1011 94 17 membres
212 1011 25 17 du
255 1010 83 20 Congrès
356 1010 23 17 de
396 1009 99 17 l'Alliance
513 1009 108 16 Internatio-

98 1031 46 17 nale
157 1031 23 17 de
194 1030 121 17 l'Hôtellerie.
330 1039 20 4 —
363 1029 94 17 Mercredi
472 1029 25 18 15,
513 1028 82 18 relâche.
609 1038 21 5 —

98 1051 58 17 Jeudi
175 1051 25 19 16,
218 1054 13 13 a
249 1051 21 16 20
287 1050 20 17 h.
325 1050 27 19 30,
371 1049 87 19 dernière
476 1048 154 20 représentation

99 1072 25 17 de
139 1075 10 12 «
164 1070 35 17 Les
214 1070 122 20 (-hoephores
352 1073 16 15 ».
386 1072 45 14 avec
447 1069 61 16 Mmes
523 1069 26 15 M.
566 1068 63 17 Vhlta.

98 1091 37 17 Ida
152 1090 121 19 Rublnsteln,
291 1090 47 16 MM.
356 1090 49 16 Jean
424 1088 96 19 Marchât,
537 1087 93 17 Toutenel

99 1112 20 16 et
136 1115 11 12 «
162 1110 91 17 L'Oiseau
271 1110 23 16 de
310 1109 38 17 Feu
366 1114 10 11 >
396 1108 83 18 (ballet).
497 1116 21 4 —
535 1107 95 17 Vendredi

100 1130 26 20 17,
140 1130 12 17 k
166 1130 22 18 20
201 1129 26 20 h:.
242 1130 31 17 Ire
287 1128 153 21 représentation
455 1131 24 13 en
492 1127 70 20 langue
575 1129 56 14 iran-

99 1150 52 19 çalse
163 1150 24 17 de
201 1154 10 11 «
223 1149 89 17 Gludltta
326 1153 16 14 »,
357 1152 45 13 avec
416 1149 60 15 Mmes
488 1147 52 17 Kâte
552 1147 78 19 Walter,

98 1171 20 17 S.
131 1170 104 18 dei3avre,
248 1169 46 17 MM.
307 1168 44 18 José
362 1169 80 18 Janson,
454 1169 73 18 Mayer,
540 1166 90 19 Colonne.

99 1189 98 20 Toutenel,
212 1190 68 16 Boyer.

122 1216 53 16 ra-:.
188 1223 24 5 —
223 1215 26 17 Le
261 1214 72 18 bureau
348 1214 23 18 de
384 1213 85 19 location
483 1213 29 17 est
526 1212 67 18 ouvert
608 1212 23 17 de

99 1235 22 18 14
137 1236 11 15 à
165 1235 20 17 18
199 1235 75 18 heures,
290 1234 63 17 mardi
370 1234 19 17 et
403 1233 59 20 leudi,
479 1236 49 17 pour
544 1232 27 17 les
587 1235 34 17 per-

98 1258 72 15 sonnes
188 1254 107 18 désireuses
314 1254 24 17 de
357 1254 103 17 s'abonner
480 1256 37 13 aux
537 1251 94 19 matinées

99 1275 106 18 littéraires
220 1274 33 18 des
267 1274 79 19 mardis.
360 1273 64 20 Jeudis
439 1273 19 17 et
473 1272 90 18 samedis.

121 1301 92 17 Galeries,
225 1308 24 5 —
261 1300 50 17 Tous
325 1300 28 16 les
367 1300 48 16 soirs
430 1303 10 12 c
454 1299 34 16 Les
501 1298 74 17 Ballets
589 1301 33 13 rus-

99 1324 31 14 ses
149 1326 11 12 »
179 1321 24 17 de
220 1320 55 17 Paris
293 1319 120 21 triomphent
431 1319 72 17 devant
522 1321 27 13 un
567 1317 64 20 publie

99 1340 149 18 enthousiasmé.
264 1340 76 17 Jamais
354 1343 27 13 un
395 1342 57 16 corps
467 1338 24 20 de
504 1337 61 17 ballet
580 1337 52 17 aussi

100 1361 88 20 complet,
203 1364 46 13 avec
263 1360 34 17 des
311 1359 67 18 décors
391 1359 53 17 aussi
458 1357 126 21 majestueux,
599 1357 33 16 n'a

100 1381 31 17 été
147 1384 24 13 vu
187 1380 12 17 à
216 1379 104 18 Bruxelles.
336 1379 52 17 C'est
403 1382 27 15 un
447 1377 97 21 spectacle
560 1376 25 18 de
601 1376 21 17 fa-

99 1401 53 17 mille
166 1404 37 16 Que
217 1401 42 16 tout
273 1400 100 17 Bruxelles
386 1399 74 17 voudra
476 1401 19 15 et
510 1401 60 15 devra
584 1403 47 13 vou.

99 1421 27 18 La
143 1420 95 18 direction
255 1424 12 13 a
284 1419 85 18 diminué
386 1423 25 14 en
428 1419 84 17 location
530 1418 40 18 très
587 1422 35 13 sen-

99 1441 102 17 siblement
214 1441 18 16 le
244 1440 43 20 prix
300 1442 24 15 de
337 1443 30 14 ses
380 1439 71 20 places.
463 1439 27 16 La
504 1438 84 18 location
603 1439 29 16 est

99 1462 80 16 ouverte
184 1465 5 5 '
195 1463 49 17 pour
261 1460 28 16 les
307 1459 140 17 abonnements
476 1459 33 17 des
538 1457 94 18 matinées

100 1481 105 19 classiques
218 1483 48 18 pour
280 1480 20 16 la
313 1480 66 16 saison
393 1479 101 17 1935-1930.

122 1506 63 19 Galté.
198 1514 25 5 —
234 1506 28 16 La
274 1505 54 20 pièce
341 1505 43 20 gale
398 1506 19 16 et
431 1505 58 17 d'une
501 1504 50 18 belle
564 1504 57 17 actua-

101 1528 33 16 lité
147 1530 36 16 que
196 1526 39 18 l'on
247 1526 62 18 revolt
322 1529 47 14 avee
380 1525 74 20 plaisir,
468 1524 31 17 est
511 1529 11 11 <
534 1524 98 17 Monsieur

100 1546 91 21 Peperbol
207 1551 18 14 »,
240 1545 51 21 petit
307 1545 140 17 chef-d'œuvre
461 1544 109 20 d'humour,
587 1547 45 13 aveo

101 1568 18 17 le
134 1568 63 19 grand
213 1566 86 19 comique
314 1565 54 20 belge
383 1565 88 17 Gustave
486 1564 77 17 Llbeau.

123 1593 110 17 Alhambra.
249 1600 23 5 —
287 1592 25 17 Et
328 1591 51 17 voilà
396 1595 11 12 «
423 1590 106 17 New-York
546 1590 52 16 Baby
616 1594 16 14 »,

100 1614 20 16 la
142 1613 111 20 trépidante
274 1612 19 17 et
314 1610 120 26 désopilante
455 1609 92 21 opérette,
569 1609 64 20 partie

100 1637 43 14 vers
156 1637 28 13 un
197 1631 143 19 redoublement
354 1631 24 17 de
391 1630 72 18 succès.

122 1659 85 17 Molière.
221 1666 23 5 —
258 1658 46 17 Plus
319 1657 142 19 divertissants,
476 1656 44 20 plus
535 1655 98 21 spirituels

100 1680 43 17 l'un
162 1683 36 16 que
217 1678 76 19 l'autre,
315 1677 28 18 les
362 1677 105 17 nombreux
487 1675 90 18 sketches
597 1678 36 17 que

101 1699 104 20 comprend
217 1703 10 12 «
238 1698 28 17 La
276 1698 65 16 Revue
352 1697 46 17 ches
409 1695 79 18 Molière
500 1701 9 11 »
522 1695 45 17 sont
579 1695 54 20 Joues

101 1722 48 15 avec
164 1722 28 15 un
208 1718 43 17 brio
269 1717 133 20 remarquable
420 1719 36 17 par
474 1716 58 17 Made
548 1715 84 19 Brenda.

100 1739 49 18 Paul
160 1739 69 20 Merln,
242 1737 80 20 HUette,
335 1737 29 18 les
375 1737 75 17 France
462 1736 72 20 Slsters
546 1735 20 17 et
579 1735 54 17 toute

102 1760 19 16 la
138 1760 74 19 troupe.

123 1785 115 17 Vaudeville.
257 1791 24 6 —
298 1784 26 17 Le
343 1783 96 20 spectacle
457 1782 20 20 1»
494 1781 44 21 plus
556 1781 33 20 rat
608 1781 24 17 ta

101 1807 86 16 moment
203 1809 10 12 s
226 1805 47 16 Mon
287 1803 55 21 Curé,
358 1806 23 14 sa
394 1803 57 17 Sœur
466 1802 20 17 et
500 1801 40 17 Mol
554 1806 17 16 »,
587 1804 47 14 avec

101 1826 94 17 Germain
208 1824 86 19 Lucigny
308 1823 21 18 et
343 1823 46 17 Mlle
403 1823 50 17 Susy
468 1821 93 20 Marquis.
575 1821 49 20 Spec-

101 1846 54 18 tacle
166 1846 24 17 de
202 1844 81 18 famille.

122 1870 159 21 Folies-Bergère.
298 1877 24 6 —
348 1868 113 18 Fermeture
489 1867 91 18 annuelle
607 1867 27 17 du

102 1892 83 17 théâtre.
198 1892 28 16 La
240 1890 94 17 direction
347 1892 24 16 en
385 1888 72 21 profite
461 1891 58 17 .pour
532 1887 51 17 faire
596 1890 39 13 une

102 1912 88 18 nouvelle
204 1910 77 18 toilette
295 1910 25 17 de
335 1909 20 17 la
370 1908 49 21 salle
433 1909 21 16 et
469 1908 24 17 de
508 1907 20 17 la
543 1906 58 18 scène
616 1907 19 17 et

102 1936 22 14 se
133 1935 83 17 propose
227 1931 24 17 de
263 1929 75 18 rouvrir
350 1932 43 14 vers
404 1928 21 18 la
435 1927 32 18 fin
477 1927 71 20 JuUlet.

123 1957 65 18 Palais
210 1956 61 18 d'Eté.
292 1964 22 6 —
335 1954 103 19 Comment
458 1957 69 17 pasaer
549 1954 20 16 la
591 1953 44 20 plus

102 1978 108 18 amusante,
230 1977 21 16 la
271 1976 43 20 plus
334 1975 116 20 palpitante,
471 1974 20 17 la
511 1973 44 20 plus
575 1973 50 18 trépi-

104 1998 61 17 dante
184 1998 33 16 des
235 1996 72 18 soirées
327 1996 10 16 ?
356 1996 29 16 En
404 1994 63 17 allant
486 1993 104 21 applaudir
608 1993 29 17 les

102 2019 11 17 3
126 2019 69 17 Bonos.
208 2016 98 18 Franklyn
320 2015 88 17 d'Amore
420 2015 21 16 et
453 2013 48 18 Jack
514 2014 59 19 Lane,
586 2013 39 17 Tra-

103 2041 34 17 cer
149 2038 21 16 et
181 2037 48 20 Hay,
242 2036 50 20 Ceel,
306 2035 27 17 les
346 2035 11 16 4
368 2034 84 17 Wonder
463 2033 83 19 Athlets,
560 2033 18 17 le
590 2032 45 17 Trio

103 2057 110 21 Hollywood
227 2058 21 16 et
262 2056 18 17 le
295 2055 99 17 ravissant
408 2054 60 17 ballet
483 2052 154 19 Jansen-Jacobs

103 2079 50 17 dans
165 2082 11 12 «
186 2076 110 20 Hollywood
307 2074 79 18 Varlety
398 2079 17 13 ».

745 453 112 16 INSTITUT
871 452 220 17 Uiri-KOROLOOICltm

835 479 33 17 OX
883 480 118 16 UELOIQUÏ

763 530 117 18 BULLETIN
892 530 33 17 DD
938 531 21 16 U
971 530 46 16 MAI
1029 529 43 18 USS

719 557 97 17 Sitnatlon
830 556 155 20 atmosphérlqas
996 555 13 17 à
1023 556 10 17 7
1047 556 69 16 henres

675 583 25 17 Le
718 584 66 16 centre
802 583 46 16 d'un
867 581 120 21 anticyclone
1005 585 21 13 se
1045 581 67 17 trouve
1130 581 54 20 entre

653 603 91 16 l'Islande
758 604 19 16 et
790 603 87 17 l'Ecosse.

674 623 30 16 Un
719 623 82 16 courant
817 622 72 20 polaire
905 621 62 17 direct
981 624 56 17 passe
1053 623 34 14 sur
1102 623 35 14 nos
1153 620 20 17 ré-

653 643 54 19 gions
723 645 33 14 sur
772 641 99 20 lesquelles
887 644 49 14 nous
951 640 108 19 observons,
1077 644 21 13 oe
1115 640 67 19 matin,

654 662 33 17 des
706 663 55 15 vents
779 662 24 19 de
820 661 162 18 Nord-Nord-Est,
1002 660 33 17 des
1054 663 72 16 nuages
1144 660 40 18 bas,

653 685 26 14 un
691 681 36 17 ciel
740 681 39 17 très
792 682 78 16 couvert
882 681 20 17 et
913 681 33 16 des
960 679 140 20 températures
1113 680 23 16 de
1149 680 10 16 6
1172 680 9 16 è

653 702 9 16 9
679 701 71 18 degrés.

825 733 69 19 Temps
908 732 88 20 présumé

675 760 59 17 Vents
750 758 87 18 modérés
853 757 12 18 à
882 758 51 18 forts
950 758 23 16 ds
989 757 60 20 Nord;
1067 761 89 16 nuageux
1172 759 12 15 ft

654 780 84 19 couvert;
755 779 88 20 quelques
858 778 71 17 ondées
943 778 20 17 et
978 777 140 20 températures
1133 781 41 13 com-

654 800 60 20 prises
728 799 22 17 de
765 799 10 16 0
789 800 12 15 a
815 799 21 16 16
850 798 72 19 degrés.

762 832 34 16 Les
808 830 140 20 températures
959 829 13 17 à
984 830 10 17 7
1006 830 69 16 heures

674 859 20 15 5«
710 858 12 16 ft
738 857 51 19 Oslo,
804 856 121 20 Helslngfors
940 856 20 17 et
973 856 57 19 Riga;
1047 856 10 16 8
1073 855 12 17 ft
1101 856 72 18 Reykja-

654 878 30 16 vik
697 878 20 17 et
728 877 88 19 Chlmay;
830 877 10 16 7
851 876 12 16 ft
875 875 47 18 Brée
935 877 19 15 et
965 875 73 19 Berlin;
1052 876 10 15 8
1074 874 12 18 ft
1098 876 55 16 Paris
1165 876 20 17 et

653 897 105 19 Bruxelles;
775 897 9 16 9
801 897 11 16 ft
827 896 92 19 Londres;
938 895 19 17 12
972 895 12 17 ft
999 895 96 19 Varsovie.
1111 895 74 19 Prague

654 920 20 16 et
690 917 102 20 Lisbonne;
811 916 20 18 13
848 916 12 17 ft
877 916 79 19 Vienne;
975 915 21 17 17
1013 914 12 17 ft
1042 915 103 20 Budapest,
1165 915 20 17 18

653 939 12 15 à
678 937 62 20 Alger.

732 968 137 18 Observations
882 968 13 17 ft
909 967 62 20 Uccle,
986 967 13 17 à
1013 967 11 17 7
1037 967 70 17 heures

654 996 111 17 Baromètre
784 995 50 19 (1017
849 994 94 17 millibars
959 994 18 18 9)
1104 993 82 17 782mm5

653 1016 137 20 Température
807 1014 104 17 maximum
1146 1014 40 16 19°1

653 1036 137 20 Température
807 1034 101 17 minimum
1155 1033 31 16 7°5

653 1055 96 17 Humidité
1142 1053 42 16 66-«»

654 1077 39 16 Eau
711 1074 96 18 recueillie
1104 1072 83 18 Gouttes

654 1095 98 18 Direction
772 1094 26 18 du
817 1094 47 17 vent
970 1091 49 19 .'....-
1099 1092 87 17 N.-N.-E.

655 1117 73 16 Vitesse
745 1115 26 17 du
788 1115 46 17 vent
1136 1113 51 16 10m2

654 1136 72 16 Heures
746 1135 24 17 de
789 1133 55 19 soleil
1112 1132 12 17 8
1134 1132 20 17 h.
1165 1132 22 16 45

653 1156 58 18 Soleil
724 1159 6 14 :
743 1155 51 17 lever
806 1155 11 16 4
829 1154 70 17 heures
912 1153 28 20 18;
954 1153 83 17 coucher
1047 1152 22 17 20
1082 1152 69 17 heures
1164 1152 21 16 20

654 1177 52 16 Lune
721 1179 5 14 ;
741 1175 82 17 coucher
835 1174 11 17 2
859 1173 70 18 heures
941 1173 29 20 36;
984 1173 52 17 lever
1050 1172 20 17 15
1083 1172 69 17 heures
1167 1172 20 16 12

654 1195 123 18 Déclinaison
793 1193 123 20 magnétique
1116 1192 10 17 9
1127 1194 9 10 0
1138 1192 50 17 18'O.

859 1227 35 16 Les
908 1225 73 17 marées
995 1229 8 13 t

676 1255 85 18 Ostende
775 1260 6 13 :
795 1253 10 17 8
817 1253 70 17 heures
900 1253 21 16 06
934 1252 20 18 et
966 1252 21 17 21
1000 1251 70 18 henres
1082 1252 27 16 ai.

675 1277 74 16 Anvers
763 1278 5 14 ;
781 1274 20 17 12
813 1273 70 18 heures
894 1272 28 18 52.

653 1337 31 20 Le
696 1335 25 21 13
733 1339 75 21 t-ag-ne

679 1384 45 20 Sur
742 1381 152 22 l'autodrome
913 1380 30 22 de
961 1379 151 25 Brooklandi,
1131 1378 47 21 lors-

654 1414 43 20 que
711 1408 24 21 13
748 1407 102 21 voitures
862 1406 54 21 sont
929 1410 30 16 en
971 1409 87 20 course,
1071 1409 32 17 on
1116 1404 75 21 donne

654 1434 15 21 à
683 1435 24 20 la
722 1432 105 22 dernière
841 1432 30 21 de
886 1431 24 22 la
924 1430 53 22 liste
991 1430 23 21 le
1028 1431 31 20 N-
1076 1429 31 25 14,
1122 1434 69 21 parce

654 1464 43 20 que
711 1459 120 23 beaucoup
846 1457 29 22 de
890 1461 108 17 coureurs
1012 1456 53 21 sont
1080 1454 100 26 supersti-

654 1485 69 21 tieux.

679 1510 55 21 Luis
754 1509 92 23 Pontes,
867 1508 40 25 qui
928 1507 64 22 vient
1013 1506 30 21 de
1063 1510 88 21 gagner
1170 1507 22 18 le

654 1536 82 20 Junior
750 1534 100 25 Trophy,
864 1532 93 26 pilotait
970 1532 25 22 la
1010 1532 34 20 13-
1058 1531 96 24 voiture,
1169 1530 23 21 et

655 1561 86 21 n'avait
755 1564 43 21 pas
813 1559 69 21 voulu
897 1558 90 22 d'autre
1000 1556 98 23 numéro
1113 1561 43 21 que
1170 1556 22 21 le

656 1586 49 21 13...
717 1595 28 6 —
757 1586 23 21 S.

659 1623 49 21 Une
725 1622 104 24 question
845 1620 182 26 d'appréciation

683 1669 26 21 SI
727 1673 57 17 vous
804 1672 55 17 avez
876 1668 23 20 le
917 1667 83 25 temps,
1016 1666 109 22 attendes
1142 1670 32 21 pa-

658 1694 121 21 tiemment
790 1693 35 23 les
837 1692 92 22 clients:
943 1692 30 21 Us
983 1691 125 22 viendront
1118 1690 68 26 peut-

657 1719 55 21 être.
724 1719 62 21 Mais
797 1718 21 21 si
829 1722 57 18 vous
897 1717 88 22 desirez
994 1716 87 22 vendre
1092 1715 54 22 tout
1158 1715 29 21 de

657 1744 67 24 suite,
744 1743 91 21 utilisez
853 1742 34 22 les
906 1742 89 22 Petites
1014 1742 123 22 Annonces
1158 1740 29 21 de

659 1776 9 11 «
683 1769 34 21 La
727 1768 111 21 Dernière
851 1768 77 21 Heure
942 1775 10 11 »
957 1772 7 19 ;
978 1767 34 21 les
1025 1766 83 22 clients
1121 1765 53 21 vien-

658 1794 70 21 dront
743 1792 125 22 sûrement.
1066 1790 121 23 (D4497/38

657 1832 51 20 Une
722 1830 54 22 ville
792 1830 143 20 souterraine

125 2129 148 18 YfiU-m-rondi,
289 2127 99 17 Bruxelles
404 2127 20 17 et
440 2127 117 18 Faubourgs.
573 2133 24 6 —
611 2125 26 17 Le

103 2149 56 19 lundi
172 2147 26 22 13,
213 2148 12 17 ft
238 2149 22 16 20
273 2148 21 18 h.
308 2148 27 18 30,
350 2147 12 16 &
376 2147 21 17 la
409 2146 77 17 Maison
500 2146 35 17 des
547 2145 89 19 Artistes.

103 2171 27 19 19,
143 2168 137 20 Grand'Plftce,
295 2167 104 19 Bruxellea,
414 2166 78 17 concert
506 2166 24 18 de
543 2166 60 16 chant
617 2165 19 17 et

104 2191 25 17 de
143 2189 70 19 violon,
230 2188 63 18 donné
309 2191 36 17 par
360 2188 52 16 Mme
427 2187 75 16 Jeanne
516 2185 81 20 Weyler,
615 2187 21 15 est

103 2210 78 20 l'Opéra
191 2208 95 18 Flamand
298 2208 93 17 d'Anvers
402 2206 20 17 et
433 2206 27 18 M.
472 2205 73 19 Walter
557 2204 79 20 Weyler.

102 2230 88 18 L'entrée
204 2230 31 17 est
248 2228 49 20 libre
312 2228 19 17 et
346 2226 92 21 gratuite.

125 2256 43 17 Une
183 2256 57 18 Jeune
256 2253 84 21 planiste
354 2252 112 18 anversoise
481 2252 25 17 de
520 2251 12 17 B
546 2251 34 19 1/S
595 2254 43 16 ans,

103 2276 20 17 la
140 2275 62 21 petite
218 2275 41 17 Bva
276 2271 98 21 Elnhbrm,
392 2276 21 13 se
430 2272 93 20 produira
541 2271 50 17 dans
609 2273 27 14 un

104 2295 80 19 concert
201 2295 24 18 de
242 2293 134 22 présentation
394 2292 12 17 &
423 2291 105 20 Bruxelles,
546 2290 53 20 leudi
615 2290 22 17 23

103 2316 45 20 mal,
160 2315 45 17 ft-ll
215 2311 58 23 h'7-30,
284 2315 12 15 ft
307 2314 21 16 ln
337 2312 53 19 Salle
400 2312 25 20 de
434 2312 89 19 Musique
534 2311 24 17 de
568 2310 58 17 cham-

103 2337 34 16 bre
150 2338 27 17 du
189 2334 65 19 Palais
268 2334 34 17 des
313 2333 128 17 Beaux-Arts.
454 2331 93 17 Location
561 2334 25 13 au
599 2330 27 16 Pa-

104 2356 47 18 lais-
160 2356 34 18 des
211 2354 127 20 Beaux-Arts,
358 2354 45 16 tous
419 2352 28 17 les
465 2351 60 20 Jours,
543 2350 25 18 de
586 2350 20 18 11
625 2350 12 16 ft

105 2376 22 18 17
138 2374 77 19 heure!.
228 2372 44 22 ttL.
283 2373 78 18 11.13.74
374 2373 20 17 et
408 2371 84 18 11.13.78.

105 2428 22 21 A
143 2428 24 20 la
184 2426 138 21 Fédération
339 2424 95 22 libérale

133 2475 34 22 La
179 2473 140 22 Fédération
331 2471 95 22 libérale
439 2471 29 21 de
481 2469 144 22 l'arrondisse-

107 2500 67 21 ment
185 2500 30 21 de
226 2498 126 23 Bruxelles,
364 2501 25 18 se
401 2495 95 22 réunira
507 2500 32 17 en
551 2498 75 18 assem-

106 2524 50 22 blée
167 2523 114 26 générale,
289 2523 23 21 le
322 2521 123 22 dimanche
457 2521 25 20 19
491 2520 56 23 mal,
557 2520 15 21 k
582 2520 25 20 10
613 2518 24 22 h.

106 2549 38 21 du-
147 2549 77 21 matin
233 2553 31 17 en
272 2551 45 18 son
324 2546 67 25 local,
401 2546 45 25 159,
455 2550 41 16 rue
506 2545 29 21 de
545 2544 91 21 Laeken

108 2574 15 22 à
134 2573 125 22 Bruxelles.

133 2600 22 20 A
167 2595 131 27 l'ordré.du
312 2597 54 25 Jour
383 2600 6 17 :
406 2596 32 22 1')
455 2596 32 20 Le
501 2594 83 21 retrait
598 2594 40 21 des

106 2623 144 21 arrêtés-lois
262 2623 33 21 du
305 2622 27 21 28
343 2620 86 23 février
441 2619 50 22 1935
494 2616 14 28 f
515 2619 32 22 2")
562 2619 62 21 L'em-

106 2648 49 24 ploi
171 2648 42 21 des
229 2648 98 24 langues
344 2651 30 17 en
391 2641 97 29 matièf"}
506 2644 128 31 Jjdiciaire;

106 2674 35 22 s"*)
155 2674 35 21 La
201 2672 106 26 Jonction
319 2670 142 22 Nord-Midi.
471 2680 29 5 —
510 2667 43 23 55>-

102 2705 32 21 Le
146 2704 95 25 congrès
254 2704 29 21 de
294 2704 25 20 la
330 2707 78 21 presse
416 2714 13 12 -,
441 2718 3 9 ,
461 2706 56 20 ,.-,.'
538 2709 46 15 ",,..

415 2729 44 18 .«OT
469 2737 8 11 «
506 2735 13 11 •.
547 2725 11 16 *
571 2729 30 17 «...

127 2753 33 21 Le
179 2752 69 21 XXI»
268 2750 96 25 congrès
384 2750 29 21 de
432 2749 25 21 la
477 2752 78 22 presse
574 2747 65 25 belge

101 2782 60 18 aura
175 2777 49 22 lieu
239 2776 61 22 cette
316 2774 82 26 année,
415 2775 14 20 à
445 2774 150 24 l'Exposition
601 2794 4 4 .
612 2774 27 21 de

102 2803 126 24 Bruxelles,
246 2802 35 21 les
299 2802 21 24 8,
340 2801 12 21 9
372 2802 25 21 et
417 2801 26 20 10
461 2799 59 26 Juin.
539 2800 21 20 A
579 2799 61 21 cette

101 2829 108 21 occasion
224 2832 53 18 sera
293 2826 126 25 organisée,
436 2831 31 16 en
483 2825 109 25 présence
608 2824 32 21 du

102 2853 106 22 ministre
230 2853 29 22 de
279 2851 160 23 l'Instruction
458 2850 115 26 publique,
594 2854 47 17 une

682 1878 56 21 Près
752 1878 85 24 d'Unis,
851 1881 32 17 au
909 1880 69 17 cours
1005 1876 30 21 de
1048 1878 99 18 travaux
1161 1873 29 20 de

657 1903 135 25 propectlon
807 1903 33 21 du
855 1901 36 22 sol
902 1906 59 21 pour
977 1901 25 20 la
1015 1899 124 22 recherche
1162 1898 29 20 de

657 1929 46 20 sels
715 1927 151 26 potassiques,
880 1931 32 16 on
925 1932 16 16 a
955 1924 123 23 découvert
1091 1923 53 22 tout
1157 1927 34 16 un

657 1953 82 22 réseau
754 1954 30 20 de
813 1956 110 20 passages
952 1950 142 22 souterrains
1109 1948 26 22 et
1150 1947 42 20 des

659 1979 99 24 grandes
787 1978 77 21 salles.
893 1976 62 22 C'est
984 1976 25 21 la
1025 1979 45 21 que
1084 1979 25 16 se
1125 1972 53 22 réfu-

658 2003 94 26 giaient,
765 2007 57 18 avec
835 2002 51 22 leur
898 2001 72 22 bétail
983 2001 24 20 et
1021 2000 50 21 leur
1084 1998 60 24 bien,
1158 1997 33 21 les

658 2028 121 22 habitants
793 2028 69 21 d'une
876 2025 92 23 localité
982 2024 95 26 appelée
1091 2022 99 22 PUtsch-

658 2054 67 24 bach,
739 2053 40 26 qui
791 2057 16 16 a
822 2051 37 22 été
873 2050 155 23 entièrement
1041 2047 107 24 détruite,
1160 2051 31 16 en

660 2079 57 24 1600,
730 2077 106 27 pendant
850 2077 24 21 la
888 2080 82 21 guerre
997 2075 29 22 «îe
1040 2073 87 22 Trente
1138 2076 52 16 ans.

658 2105 43 19 Les
717 2103 76 22 sables
809 2101 143 22 souterrains
980 2098 152 23 contiennent
1135 2097 13 14 1
1161 2097 29 20 de

659 2129 127 20 nombreux
800 2127 77 24 objets
897 2125 103 22 meubles
1015 2124 25 21 et
1055 2122 136 23 documents

660 2154 100 21 anciens.
772 2154 44 20 Les
826 2152 92 21 fouilles
929 2148 144 23 continuent.
1084 2159 28 5 —
1123 2148 29 20 B.

659 2192 31 20 Le
702 2191 53 25 plus
768 2191 75 25 grand
855 2188 117 22 orchestre

684 2240 44 20 Les
740 2237 143 22 Américains
894 2234 139 27 prétendent
1046 2233 65 22 avoir
1123 2232 68 21 battu

659 2265 22 20 le
693 2264 81 21 record
785 2263 33 22 du
828 2262 85 21 monde
926 2261 32 21 du
968 2260 53 25 plus
1032 2263 53 21 gros
1097 2258 82 21 orches-

659 2290 43 23 tre,
716 2293 32 16 en
763 2287 89 22 faisant
865 2287 67 25 Jouer
946 2283 191 23 simultanément
1152 2282 40 22 300

659 2314 130 21 musiciens.
903 2318 9 11 •

684 2345 33 21 Ils
735 2349 26 16 se
791 2342 119 26 trompent
940 2339 189 27 singulièrement
1160 2344 32 17 en

659 2370 100 26 pensant
774 2369 65 21 avoir
853 2367 73 22 établi
940 2371 36 17 un
990 2365 87 23 record.
1091 2364 101 22 Oelul-cl

658 2395 73 23 existe
742 2394 82 25 depuis
835 2392 91 23 bientôt
936 2392 56 21 cent
1003 2390 126 26 cinquante
1141 2393 51 18 ans.

685 2427 59 20 Sous
756 2425 25 22 la
794 2424 139 22 Révolution
945 2422 124 25 française,
1081 2426 32 17 en
1125 2421 66 23 effet,

659 2452 93 23 Oossec,
768 2450 22 21 le
806 2450 76 25 grand
894 2448 155 26 compositeur
1065 2447 72 25 belge,
1153 2446 27 21 In-

659 2477 71 21 venta
744 2476 34 21 les
791 2474 129 22 orchestres
934 2473 123 21 monstres.

685 2506 120 23 Certaines
822 2506 30 22 de
869 2509 37 17 ses
923 2503 170 26 compositions,
1110 2502 70 22 relati-

659 2537 39 16 ves
712 2536 47 17 aux
773 2531 61 21 fêtes
848 2530 29 22 de
891 2530 24 21 la
929 2529 145 24 Révolution,
1087 2532 92 21 compre-

658 2558 82 21 naient
758 2556 64 22 mille
852 2554 144 26 exécutants,
1013 2558 58 17 sans
1089 2553 105 25 compter

659 2583 41 21 des
714 2582 94 21 choeurs
821 2581 30 22 de
865 2580 55 26 cinq
933 2580 67 21 cents
1013 2583 128 21 personnes
1168 2578 25 20 et

658 2607 99 21 même...
775 2607 42 21 des
830 2609 88 18 canons
940 2605 47 25 qui,
1002 2604 76 22 tirant
1094 2608 32 17 en
1141 2607 38 17 me-

658 2637 60 19 sure,
733 2631 150 22 soutenaient
902 2631 31 22 (I)
953 2630 35 21 les
1003 2629 73 21 effets
1093 2629 29 21 de
1138 2628 43 22 l'or-

658 2657 97 21 chestre.
767 2666 30 7 —
807 2657 28 21 A.

659 2694 122 22 Comment
798 2694 39 21 fut
853 2693 69 22 lancé
940 2693 145 24 «Tipperary
1110 2700 11 12 »

683 2742 22 21 H
717 2747 16 20 y
746 2747 16 16 a
775 2747 34 16 un
822 2746 47 21 peu
893 2741 54 26 plus
973 2740 30 22 de
1028 2740 68 25 vingt
1110 2744 45 17 ans
1165 2750 29 6 —

658 2767 147 21 exactement
821 2767 22 21 le
861 2767 25 20 13
903 2765 57 22 août
977 2766 52 20 191-4
1044 2775 29 6 —
1088 2764 35 23 les
1138 2769 42 21 pre-

659 2793 69 20 miers
744 2791 149 25 contingents
919 2790 161 25 britanniques
1109 2789 72 22 débar-

657 2817 97 26 quaient
764 2817 16 22 à
790 2817 125 24 Boulogne.
927 2816 22 21 Il
958 2821 16 20 y
984 2815 65 23 avait
1059 2816 59 21 neuf
1128 2815 66 24 Jours

656 2840 48 28 'que
722 2843 25 21 la
767 2841 224 25 Grande-Bretagne
1010 2839 78 23 s'était
1107 2840 86 25 rangée

102 2879 83 22 séance
197 2878 125 22 solennelle
335 2877 102 22 destinée
450 2880 15 18 a
477 2872 177 26 commémorer*
661 2864 16 31 S
691 2867 52 22 coté
759 2868 31 21 de
805 2867 26 21 la
842 2868 97 20 I*ance.

101 2905 24 21 le
147 2905 36 21 50*
205 2903 158 23 anniversaire
386 2903 29 21 de
437 2902 25 22 la
484 2901 105 22 création
605 2901 39 22 de,
662 2905 3 17 i
675 2901 5 18 ',
685 2899 119 24 Boulogne
822 2897 73 22 vivait
912 2898 62 20 dans
991 2897 25 21 la
1034 2897 80 21 fièvre.
1146 2897 48 21 Des

102 2929 161 22 l'Association
276 2928 107 25 générale
398 2928 29 21 de
440 2928 25 22 la
478 2931 78 21 presse
570 2926 71 24 belge,
657 2924 98 27 .milliers
769 2924 29 20 de
810 2923 144 21 Boulonnais
967 2922 89 21 étalent
1069 2921 56 25 déjà
1137 2925 56 21 par-

102 2966 28 6 —
139 2955 31 22 X

108 2985 44 23 Les
167 2984 158 26 négociations
340 2983 259 25 belgo-grand-dneales

133 3033 44 21 Les
191 3032 158 25 négociations
364 3029 275 26 belgo-luxetnbourgeol-

107 3061 38 18 ses
175 3056 188 22 commenceront
380 3055 77 22 mardi
473 3055 115 26 prochain
625 3054 14 22 à

106 3082 126 21 Bruxelles.
250 3082 22 21 Y
290 3081 174 26 participeront,
482 3080 32 21 du
533 3079 51 21 côté
602 3079 24 23 lu-

107 3107 172 25 xembourgeois
302 3111 7 16 :
330 3107 58 20 MM.
407 3106 71 24 Bech,
496 3106 101 25 Dupong
616 3103 23 21 et

106 3132 97 24 Schmit,
238 3131 115 21 membres
383 3131 33 20 du
446 3128 189 27 gouvernement;

105 3157 104 25 Wehrer,
225 3156 130 25 conseiller;
386 3155 79 23 Puetz,
495 3153 102 25 at7taché,
614 3154 24 20 et

106 3182 105 24 Etienne,
227 3181 116 22 directeur
358 3180 29 22 de
404 3180 33 21 la*
441 3178 156 25 CédératlDC
599 3178 26 22 in-

107 3206 126 23 dustrielle.
246 3216 29 6 —
289 3206 79 24 Belga.
421 3199 40 23 "31
519 3199 48 26 JO

103 3238 89 22 Autour
203 3239 29 21 de
244 3237 84 22 Charle
329 3242 12 16 s
352 3237 29 21 de
391 3236 124 33 Lorratne^

128 3286 35 22 La
174 3284 178 24 reconstitution
364 3284 29 21 de
405 3284 25 21 la
441 3282 49 22 fête
501 3272 31 31 le
545 3281 96 22 Charles

104 3311 29 21 de
147 3311 110 21 Lorraine
271 3315 32 16 au
316 3308 205 22 Vieux-Bruxelles
535 3307 94 22 fourmil-

103 3336 43 23 lait
158 3335 217 23 d'anachronismes.

128 3362 48 20 Des
195 3361 119 24 seigneurs
334 3365 32 16 en
385 3359 116 21 costumes
522 3358 119 25 d'époques

103 3387 88 21 variées
212 3385 145 22 voisinaient.
378 3385 62 21 Mais
460 3384 23 21 le
505 3384 52 25 plus
577 3383 64 22 drôle

104 3412 65 21 était-
175 3416 45 21 que
233 3411 104 22 l'escorte
350 3411 32 21 du
395 3410 45 22 duc
453 3410 29 22 de
494 3409 111 21 Lorraine
619 3409 23 20 et

102 3437 37 21 de-
148 3438 49 21 Bar
203 3436 68 22 -était
286 3435 93 22 fournie
395 3440 68 21 par...
480 3435 34 21 les
531 3435 111 21 cavaliers

103 3463 92 22 de-7Van
205 3463 42 21 der
255 3461 99 22 Mersch.
366 3460 114 23 C'étaient
491 3460 40 21 des
542 3460 99 24 dragons

103 3487 167 26 deTongerloo
280 3488 39 24 qui
329 3486 165 23 combattirent
503 3485 105 26 pendant
618 3486 21 20 la

104 3513 129 22 révolution
244 3512 170 25 brabançonne.
425 3521 29 6 —
465 3511 23 22 S.

102 3543 92 21 Vieilles
205 3543 119 22 fontaines

657 2949 33 21 tls
704 2953 59 20 pour
774 2948 22 22 le
811 2948 72 23 front.
897 2948 52 21 Une
963 2947 90 21 affiche
1068 2948 32 20 du
1114 2947 79 23 maire,

655 2973 126 26 «placardée
799 2972 24 22 le
848 2972 83 25 matin,
951 2971 71 22 disait
1037 2976 7 17 :
1068 2980 9 10 «
1091 2972 90 24 Aujour-

661 2994 64 27 d'hui
741 2998 83 25 même,
841 2997 35 22 les
892 2997 124 22 vaillantes
1033 2996 95 24 troupes
1145 2997 36 20 bri-

661 3024 121 24 tanniques
797 3023 104 21 arrivent
915 3023 61 20 dans
989 3022 69 21 notre
1072 3017 60 26 ville.
1146 3023 39 20 Fa

659 3049 80 21 Misez.
753 3048 128 21 Accueillez
908 3047 136 25 dignement
1055 3051 45 17 nos
1114 3046 67 21 héroï-

649 3067 66 32 ques
726 3073 160 22 camarades...
900 3081 21 13 ».

684 3104 31 21 Et
730 3104 35 21 les
780 3104 112 26 premiers
906 3103 89 22 soldats
1010 3103 92 25 anglais
1117 3102 64 22 foulè-

658 3130 54 20 rent
724 3129 23 21 le
759 3132 36 18 soi
808 3130 30 22 de
848 3130 90 20 Franee
952 3133 54 17 sous
1018 3129 35 20 les
1066 3128 82 25 vivats,
1167 3128 26 20 et

659 3154 128 26 gagnèrent
799 3154 26 22 la
838 3154 84 21 colline
935 3154 40 25 qui
987 3153 94 22 domine
1094 3153 25 22 la
1132 3153 61 21 ville.

685 3186 68 21 Cette
762 3185 99 25 Journée
868 3186 41 20 n'a
918 3185 38 21 été
965 3185 89 22 oubliée
1064 3185 28 21 ni
1101 3190 32 17 en
1143 3185 40 20 An-

659 3210 104 26 gleterre,
776 3212 27 20 ni
819 3210 93 22 surtout
928 3210 16 21 à
960 3210 125 28 Boulogne,
1101 3210 32 21 où
1147 3209 46 22 elle

659 3241 30 16 va
701 3236 51 21 être
766 3234 173 25 commémorée,
954 3239 44 21 par
1012 3234 182 25 l'inauguration

659 3261 56 21 d'un
727 3261 119 24 Imposant
859 3259 127 27 mémorial,
1000 3265 31 16 au
1043 3263 69 18 cours
1126 3261 66 20 d'une

659 3285 135 26 cérémonie,
809 3285 63 21 fixée
888 3290 47 17 aux
949 3286 112 25 premiers
1076 3285 66 25 Jours
1164 3285 30 21 de

658 3311 136 25 septembre,
809 3310 17 22 k
837 3310 98 25 laquelle
951 3310 138 21 assisteront
1101 3311 22 21 le
1139 3310 41 25 pré-

659 3336 77 21 sident
752 3336 30 21 de
797 3336 26 21 la
834 3336 143 24 République
992 3336 26 20 et
1033 3335 23 22 le
1071 3335 110 25 représen-

659 3361 54 21 tant
730 3361 30 21 de
789 3361 25 22 la
832 3360 231 25 Grande-Bretagne,
1081 3360 100 21 vraisem-

659 3385 141 22 blablement
811 3387 22 20 le
845 3386 79 25 prince
936 3387 29 21 de
979 3386 86 21 Galles.

659 3424 20 20 A
691 3423 119 25 Boulogne

127 3591 44 21 Les
194 3591 106 23 antiques
322 3589 120 22 fontaines
465 3589 29 21 de
516 3589 123 23 Bruxelles,

102 3621 57 18 sans
179 3616 50 21 être
249 3615 142 23 lumineuses
413 3619 88 17 comme
522 3614 68 21 celles
612 3615 28 20 de

102 3641 155 26 l'Exposition,
268 3642 56 20 n'en
333 3640 89 23 étalent
431 3644 43 21 pas
485 3640 75 21 moins
572 3640 57 21 char-

102 3668 93 21 mantes
204 3671 44 21 par
258 3666 50 21 leur
319 3666 136 23 archaïsme,
465 3670 43 20 par
517 3666 35 20 les
562 3665 67 25 légen-

102 3692 41 22 des
157 3692 85 21 locales
257 3691 93 26 qu'elles
365 3691 137 25 évoquaient
516 3695 31 17 ou
562 3695 43 20 par
619 3692 21 20 le

102 3717 145 25 témoignage
272 3717 137 24 folklorique
435 3716 93 25 qu'elles
553 3715 75 22 consti-

102 3743 98 22 tuaient.

127 3769 66 20 Ainsi
210 3773 30 17 en
256 3767 88 22 était-il
361 3768 28 21 de
404 3768 25 21 la
444 3767 106 21 fontaine
567 3767 72 20 située

102 3793 113 22 autrefois
236 3793 53 25 près
312 3793 28 20 de
362 3792 85 25 l'église
468 3792 173 21 Saint-Nicolas

102 3819 31 22 où
142 3819 67 21 Trois
219 3819 103 20 Pucelles
334 3818 98 24 jetaient
442 3818 60 21 l'eau
512 3822 68 20 par...
590 3825 9 10 «
607 3817 33 21 les

102 3844 71 26 petits
183 3844 69 25 pains
264 3849 31 16 au
306 3844 44 21 lait
362 3852 37 13 ....
413 3848 88 16 comme
513 3843 70 21 disait
593 3847 47 17 une

101 3870 106 21 chanson
229 3869 30 21 de
280 3868 112 26 l'époque;
417 3868 61 21 ainsi
499 3873 30 17 en
552 3867 88 22 était-il

102 3899 82 17 encore
215 3894 68 21 d'une
314 3895 66 20 autre
410 3892 136 23 dénommée
577 3900 10 11 «
612 3893 28 21 de

101 3920 108 22 matante
220 3925 48 16 van
280 3919 164 25 Menneke-pis
457 3927 9 10 »
482 3918 30 22 où
523 3923 46 16 une
583 3923 44 20 opu-

101 3945 65 22 lente
190 3945 143 21 marchande
360 3945 29 20 de
415 3944 80 21 crabes
520 3945 120 24 accroupie

101 3971 67 20 entre
183 3975 37 16 ses
235 3970 95 26 paniers
345 3969 58 22 était
419 3968 104 22 soulevée
538 3974 54 16 sous
607 3969 33 20 les

101 3996 55 21 bras
165 4000 88 21 par.un
264 4003 10 10 «
286 3995 63 25 ketje
361 4003 10 10 •
384 3995 39 25 qui
432 3994 26 22 la
467 3995 88 21 raillait
566 3995 61 21 aima-

101 4021 109 21 blement.

126 4047 108 20 D'autres
250 4050 83 17 encore
349 4045 118 26 portaient
483 4045 41 21 des
540 4044 88 21 statuet-

100 4071 37 22 tes
145 4072 33 21 de
191 4071 124 21 .-laitières
328 4079 18 15 »,
359 4072 28 20 de
399 4071 94 23 moines,
506 4070 60 21 etc...
580 4070 61 20 Tout

101 4098 50 21 cela
163 4097 58 21 était
233 4097 68 21 d'une
313 4095 132 25 originalité
456 4095 119 25 populaire
587 4100 41 16 sou-

100 4123 57 20 vent
175 4122 77 24 naïve,
271 4122 60 20 mais
350 4121 138 25 prenante...
510 4121 61 21 Tout
591 4121 49 20 cela

101 4148 36 21 est
149 4148 78 21 tombé
240 4151 54 17 sous
307 4147 24 21 la
344 4147 82 25 pioche
440 4147 23 20 et
477 4146 55 21 c'est
545 4146 16 21 k
572 4146 68 25 peine

101 4174 20 20 si
138 4173 34 21 les
190 4172 90 22 musées
297 4173 30 20 de
344 4173 24 21 la
385 4172 54 21 ville
457 4176 30 17 en
505 4172 133 21 conservent

101 4197 76 22 même
187 4198 24 21 le
224 4198 114 21 souvenir.
350 4208 28 6 —
388 4197 31 22 X.

101 4230 21 20 A
133 4229 144 25 l'exposition
290 4229 60 21 d'art
363 4228 84 21 ancien

125 4276 33 21 Le
176 4276 75 23 comte
268 4275 91 24 Pellati,
376 4275 40 24 qui
434 4279 155 21 accompagne
606 4275 33 21 les

102 4303 96 19 œuvres'
208 4301 60 22 d'art
283 4299 90 27 prêtées
389 4305 43 20 par
447 4300 83 20 l'Italie
546 4305 58 20 pour
618 4301 22 20 le

102 4326 77 21 Palais
194 4326 28 21 de
237 4326 58 21 l'Art
311 4326 95 23 Ancien,
421 4326 64 21 vient
501 4325 110 23 d'arriver
626 4325 14 22 à

101 4351 125 21 Bruxelles.

127 4377 43 20 Les
183 4381 89 16 œuvres
285 4376 54 25 qu'il
350 4380 60 17 nous
417 4375 96 26 apporte
520 4380 108 21 compren-

101 4403 58 20 nent
180 4402 41 20 des
240 4402 77 24 Roger
336 4402 53 20 Van
410 4401 41 21 der
471 4401 108 24 Weyden,
601 4401 39 21 des

103 4427 52 21 Van
166 4427 70 24 Dyck,
249 4428 40 20 des
299 4427 52 20 Van
362 4427 64 23 Oost,
438 4427 41 21 des
489 4426 101 25 Teniers,
601 4426 40 21 des

101 4451 107 25 Sallaert,
221 4453 40 20 des
273 4452 121 23 Mastaert,
407 4452 40 20 des
459 4452 115 23 Breughel
586 4456 41 21 pro-

101 4479 88 20 venant
205 4478 29 20 de
249 4477 24 21 la
289 4477 84 25 galerie
390 4477 110 21 Sabanda
516 4477 29 21 de
560 4477 79 23 Turin,

101 4502 29 21 de
146 4503 27 21 la
193 4502 84 25 galerie
297 4502 39 21 des
356 4502 88 23 offices,
465 4502 28 21 de
512 4502 24 21 la
555 4502 84 24 galerie

102 4527 105 22 Colonna
228 4529 23 20 et
273 4528 101 21 d'autres
394 4527 132 21 collections
546 4527 81 21 italien-

100 4549 53 25 nes.'

126 4579 26 21 IC
160 4583 16 19 y
189 4584 20 17 a,
224 4583 29 15 en
265 4578 73 23 outre,
351 4578 52 24 sept
416 4578 109 24 superbes
538 4578 101 24 gobelins

101 4603 125 25 flamands,
249 4604 157 24 appartenant
429 4603 16 20 à
467 4603 24 21 la
514 4603 126 21 Collection

101 4629 108 21 Alberoni
231 4629 28 20 ds
281 4629 126 23 Plaisance,
430 4628 59 21 deux
511 4633 30 16 au
562 4628 77 21 Palais

101 4654 68 22 ducal
188 4654 28 21 de
233 4655 112 19 Mantoue
363 4654 23 20 et
403 4654 57 20 trois
478 4653 15 21 k
509 4654 24 20 la
551 4653 76 21 Collec-

100 4680 54 21 tion
162 4680 68 20 Dona
242 4679 66 21 Dalle
320 4680 61 19 Rose
393 4679 29 21 de
433 4679 90 20 Venise.

125 4705 62 21 Tous
206 4709 37 16 ces
262 4704 180 21 chefs-d'œuvre
459 4703 108 26 précieux
583 4704 54 21 sont

100 4730 87 21 arrivés
207 4735 29 16 en
256 4730 89 25 parfait
365 4730 50 21 état
434 4729 15 22 k
468 4729 125 21 Bruxelles.
611 4740 27 4 —

103 4755 194 25 (Communiqué.)

685 3471 96 21 Sait-on
794 3475 45 21 que
852 3476 28 16 oe
893 3471 39 22 fut
945 3476 27 17 ee
987 3471 95 26 Jour-lft,
1096 3476 45 21 que
1155 3472 39 21 fut

658 3496 72 25 créée,
744 3496 16 21 à
774 3496 126 25 Boulogne,
914 3497 24 21 la
951 3497 106 21 chanson
1071 3498 41 24 qui
1127 3497 67 21 allait

659 3522 94 20 devenir
768 3521 118 21 mondiale
895 3526 7 17 :
922 3530 10 11 «
949 3522 36 21 Its
1000 3527 15 16 a
1030 3522 55 26 long
1101 3527 52 20 way
1167 3523 27 20 to

659 3546 153 26 Tipperary»,
827 3546 25 21 la
868 3546 53 25 plus
936 3546 88 23 célèbre
1041 3547 107 21 chanson
1165 3548 29 21 «Tie

658 3571 25 21 la
694 3576 82 20 guerre
788 3576 57 17 avec
858 3580 9 10 «
875 3572 34 21 La
921 3572 111 21 Madelon
1045 3581 19 12 ».

683 3602 40 21 TJn
739 3602 139 25 Journaliste
895 3603 155 25 britannique,
1066 3604 34 21 M.
1118 3604 62 21 Geor-

658 3632 28 20 ge
699 3628 26 21 C.
739 3628 113 25 Curnock,
865 3628 118 24 regardait
994 3633 81 20 passer
1087 3633 39 17 ces
1138 3629 42 21 mil-

658 3652 54 21 liers
740 3653 135 24 d'hommes,
887 3657 38 16 ses
953 3653 171 25 compatriotes,
1153 3653 40 26 qui

658 3677 50 21 s'en
720 3677 98 21 allaient
830 3682 32 17 en
873 3678 117 21 chantant
1003 3683 52 17 vers
1070 3687 9 10 «
1093 3679 35 21 les
1140 3679 41 21 mâ-

660 3702 89 21 choires
760 3703 31 20 de
803 3702 24 22 la
840 3703 63 21 mort
916 3711 19 17 »,
947 3708 90 17 comme
1050 3704 37 21 dit
1098 3705 95 23 Tenny-

659 3731 49 17 son.
722 3727 22 21 H
757 3728 59 21 était
830 3732 40 16 sur
883 3728 35 21 les
931 3729 108 21 marches
1052 3729 57 21 d'un
1122 3729 71 24 hôtel,

659 3751 53 25 près
727 3753 68 20 d'une
809 3753 88 21 femme
911 3758 33 16 en
958 3754 76 24 grand
1050 3753 62 22 deuil
1121 3758 8 18 :
1146 3758 47 17 une

659 3777 40 21 des
714 3777 125 25 premières
854 3782 84 17 veuves
954 3779 28 21 de
995 3778 25 21 la
1036 3783 88 20 guerre.

683 3808 211 25 Silencieusement,
906 3809 54 21 tous
972 3810 61 21 deux
1044 3810 148 25 regardaient

659 3831 177 23 l'Interminable
869 3833 70 22 défilé
970 3835 43 21 des
1030 3835 103 26 Anglais,
1152 3836 42 21 des

658 3858 110 24 Ecossais,
785 3859 41 21 des
855 3858 91 22 Gallois
974 3860 25 21 et
1014 3860 41 21 des
1070 3860 122 21 Irlandais.

658 3883 71 21 Leurs
744 3883 117 21 chansons
889 3883 153 22 consistaient
1071 3886 60 20 dans
1159 3886 34 21 les

659 3907 123 26 classiques
802 3909 107 21 marches
930 3909 121 22 militaires
1071 3910 122 24 anglaises,

658 3937 88 16 comme
758 3941 9 10 «
777 3934 67 20 Good
854 3935 56 24 Bye,
921 3934 68 26 Dolly
1000 3943 19 17 »,
1030 3939 31 17 ou
1073 3943 10 10 «
1091 3935 101 21 Soldiers

660 3959 24 19 of
697 3958 40 20 the
753 3959 82 23 Queen
849 3968 20 12 ».

685 3989 109 24 Soudain,
812 3994 32 16 on
861 3989 107 23 entendit
985 3995 35 17 un
1037 3991 37 21 air
1090 3991 102 25 plaintif,

659 4013 85 21 chanté
759 4018 44 19 par
818 4014 30 22 de
864 4015 103 21 chaudes
981 4016 53 21 voix
1048 4015 137 23 Irlandaises

684 4039 34 21 La
734 4039 86 21 femme
837 4044 32 16 en
884 4040 63 21 deuil
963 4041 71 24 parut
1051 4040 66 22 émue
1127 4046 7 17 :

684 4073 28 6 —
724 4064 39 20 Oh
773 4065 6 20 !
798 4064 66 25 dites,
882 4065 126 26 monsieur,
1026 4066 53 25 quej
1098 4066 38 22 est
1154 4067 38 21 cet

660 4087 55 22 air?

659 4125 52 21 Une
729 4126 105 21 chanson
853 4128 123 20 Irlandaise

682 4183 30 5 —
723 4173 61 21 C'est
796 4178 47 17 une
855 4175 106 21 chanson
972 4175 126 24 Irlandaise
1110 4182 45 21 «"rue
1166 4178 25 25 Je

660 4202 31 16 ne
708 4199 96 20 connais
821 4203 50 21 pas,
889 4201 114 23 madame.
1020 4202 62 21 Mais
1099 4203 24 25 Je
1140 4204 54 24 puis

661 4226 55 17 vous
734 4223 103 22 traduire
868 4224 34 22 les
934 4226 91 24 paroles
1047 4231 6 17 :
1075 4228 67 21 .Elle
1156 4229 37 20 est

659 4246 90 26 longue,
762 4248 54 22 bien
827 4248 91 27 longue,
930 4249 24 23 la
966 4251 66 22 route
1046 4252 39 25 qui
1097 4252 67 22 mène
1177 4253 16 22 à

657 4272 151 25 Tipperary...
826 4282 19 14 ».

685 4313 28 5 —
730 4304 38 20 Ah
777 4305 6 20 I
817 4306 206 25 murmura-t-elle,
1040 4308 97 25 portant
1168 4309 24 21 la

659 4327 65 21 main
735 4328 16 21 à
762 4333 27 17 sa
801 4334 75 21 gorge,
886 4331 62 26 c'est,
959 4336 32 17 en
999 4333 67 24 effet,
1078 4333 54 22 bien
1143 4334 49 21 loin

659 4352 66 25 qu'Us
739 4354 50 20 s'en
807 4355 62 24 vont,
888 4356 21 20 si
927 4356 55 26 loin,
1000 4357 22 21 si
1039 4358 81 22 loin....

686 4377 82 25 Gagné
789 4383 44 20 par
860 4379 123 27 l'émotion,
1005 4382 22 22 le
1049 4383 142 26 Journaliste,

659 4403 78 23 quand
754 4403 18 20 il
790 4404 30 20 fit
838 4409 43 17 son
901 4406 98 25 «papier
1018 4415 18 17 »,
1055 4408 66 24 parla
1138 4414 40 16 sur-

660 4427 51 20 tout
726 4428 28 20 de
768 4428 133 26 Tipperary.
917 4431 48 21 Son
981 4432 80 22 article
1076 4434 38 20 fut
1127 4434 64 21 câblé

658 4452 101 23 partout.
788 4455 31 20 Le
836 4454 139 26 lendemain,
1006 4457 28 21 de
1064 4459 126 21 nombreux

658 4476 116 24 journaux
794 4480 184 23 reproduisaient
999 4482 34 21 les
1054 4483 91 24 paroles
1163 4481 27 25 %t

659 4501 24 20 la
701 4502 110 25 musique.

684 4527 61 20 Tout
776 4527 22 21 le
828 4530 91 23 monde,
950 4531 133 26 désormais,
1102 4533 88 22 chanta

661 4558 9 11 ■
687 4552 127 26 Tipperary
830 4562 18 13 ».
863 4565 29 5 —
906 4556 29 20 R.

658 4587 67 18 Divers

102 4811 288 48 DERNIÈRE
417 4817 219 42 MINUTE

464 5013 3 5 ■
482 5018 6 7 s

98 5162 92 17 Auxerri*.
207 5162 22 16 13
243 5162 45 16 mai.
303 5170 23 4 —
340 5162 28 17 La.
382 5162 68 18 mcdtlé
462 5163 25 17 de
499 5163 22 21 }i
535 5163 46 18 liste

75 5194 88 17 d'union-
169 5193 38 18 *!es
221 5195 86 18 gauches
321 5195 25 17 de
360 5195 26 16 M.
401 5195 110 19 Refiaitour
526 5197 56 16 avait

73 5226 33 18 été
120 5227 44 17 élue
169 5227 32 17 'lui
214 5228 85 19 premier
311 5229 52 15 tour.
376 5224 28 20 Là
417 5229 83 17 seconde
513 5230 68 16 moitié

75 5261 25 17 de
112 5259 53 20 cette
176 5260 46 18 liste
234 5264 13 13 a.
259 5260 32 18 été
303 5261 43 18 élue
359 5261 132 21 aujourd'hui.
504 5271 24 5 —
540 5264 42 16 E-a-

98 5360 127 20 StraSbourg,
241 5359 23 18 12
280 5359 47 18 mat
341 5368 25 7 —-
381 5360 16 17 A
412 5359 126 23 Strasbourg,
553 5362 27 18 \t.

74 5393 85 19 Hueber,
176 5388 135 22 Communiste
331 5392 103 22 dissident,
453 5393 65 18 maire
537 5398 32 14 sor-

75 5426 55 21 tant,
147 5426 22 18 et
184 5425 29 18 M.
230 5425 86 20 Mourer,
333 5424 80 21 député,
429 5426 78 20 gauche
524 5428 46 17 indé-

74 5461 102 20 pendante
187 5459 50 20 sont
248 5459 50 19 élus.
309 5469 25 6 —
345 5459 74 20 Havas.

463 5582 4 4 .
484 5580 6 7 -.
517 5580 2 3 ■
534 5576 2 2 ■

660 4647 9 8 ,
681 4622 87 33 f^w
767 4629 10 14 -
814 4626 12 17 d
833 4630 34 14 lce
868 4631 11 24 ?
880 4628 22 16 rd
903 4628 42 18 *>">.
979 4639 24 6 —
1037 4631 142 20 L'Association

658 4644 80 31 LrAsii
737 4648 11 12 °
749 4646 19 16 rt
770 4649 49 26 /.f
820 4650 16 16 r|
836 4650 17 25 [f
855 4648 41 17 nlse
910 4652 27 13 un
951 4652 12 17 *
964 4650 48 17 rand
1028 4654 93 15 concours
1135 4654 43 16 d'ac-

658 4664 89 20 cordéon,
770 4666 44 16 doté
836 4667 24 17 de
881 4669 104 17 nombreux
1006 4671 48 19 prix,
1077 4675 78 17 coupev
1169 4677 17 13 ei

661 4683 97 20 dplomes,
773 4689 48 15 pour
835 4686 17 17 le
866 4687 21 17 30
900 4689 45 17 mal.
959 4690 35 17 Les
1007 4691 124 20 Inscriptions
1138 4683 50 27 %ont

658 4706 66 16 reçues
738 4704 89 20 Jusqu'au
842 4706 21 17 23
879 4708 45 19 mal,
940 4712 35 16 par
990 4711 26 16 M.
1031 4711 93 20 Bcbmidt,
1141 4713 37 17 Uni-

658 4724 70 16 versité
744 4725 25 16 du
784 4726 84 20 Travail,
884 4727 105 19 Charleroi.

678 4749 26 17 Le
719 4750 21 15 i*o
754 4750 94 20 rérlment
863 4753 24 17 de
901 4754 70 19 Spahis
985 4755 98 20 Algériens
1098 4757 12 17 à
1126 4759 61 16 Char.

658 4768 52 17 leroL
726 4778 23 5 —
762 4771 25 16 Le
803 4772 65 17 Cercle
883 4773 84 20 Liégeois
982 4775 24 17 de
1021 4776 99 18 Charleroi
1136 4782 42 14 rece-

658 4792 33 13 vra
710 4790 51 17 cette
779 4791 91 18 brillante
887 4793 53 17 unité
959 4794 6 16 l
966 4801 11 13 e
994 4797 91 17 vendredi
1104 4798 21 16 17
1141 4802 40 13 n»,

656 4812 12 13 a
684 4809 20 17 la
721 4813 46 16 gare
783 4811 26 17 du
826 4812 45 19 Sud,
888 4816 43 14 vers
948 4815 53 17 midi.
1018 4816 25 16 Le
1061 4816 48 18 mém
1111 4824 10 13 e
1136 4812 51 25 Jour'

657 4832 30 14 ces
704 4830 129 20 magnifiques
850 4832 93 18 cavaliers
960 4834 140 19 s'Installeront
1118 4840 22 14 en
1158 4838 19 16 bi-

659 4852 59 14 vouac
729 4853 34 14 sur
773 4850 19 17 la
803 4852 67 17 Plaine
881 4853 33 16 des
925 4854 127 20 Manœuvres,
1064 4856 21 17 et
1096 4856 17 17 le
1125 4858 62 18 public

657 4872 43 13 sera
719 4870 62 17 admis
799 4870 12 17 k
829 4871 67 19 visiter
913 4872 18 17 le
948 4877 63 16 camp.
1029 4876 30 16 On
1078 4879 71 17 pourra
1167 4882 21 14 se

657 4889 69 17 rendre
741 4891 76 19 compte
832 4891 24 17 de
870 4895 22 14 ce
906 4893 63 19 qu'est
983 4893 20 18 la
1017 4895 30 17 vie
1063 4895 23 17 de
1102 4900 31 14 ces
1149 4898 28 17 sol-

656 4909 43 17 dats
712 4909 49 18 dans
774 4910 18 17 le
803 4911 52 17 Nord
867 4911 93 21 Africain,
974 4915 20 16 et
1006 4915 83 18 prendre
1100 4919 27 14 un
1141 4921 35 13 con-

657 4930 41 16 tact
716 4930 39 16 réel
774 4933 46 14 avec
840 4931 27 17 les
887 4933 98 17 coutumes
1006 4935 136 19 musulmanes.
1162 4938 25 17 Le

655 4950 74 16 samedi
744 4950 20 16 18
777 4950 40 17 mai
831 4952 20 15 et
865 4951 18 17 le
897 4952 102 17 dimanche
1015 4955 25 18 19,
1056 4955 74 19 chaque
1142 4956 45 18 Jour

655 4972 11 13 a
679 4969 21 17 15
712 4969 74 21 heures,
799 4971 74 19 grande
885 4971 40 17 «te
936 4973 92 17 militaire
1041 4975 64 18 arabe.
1118 4977 69 17 Cartes

655 4992 23 13 on
694 4990 57 17 vente
767 4990 46 17 chez
829 4990 18 20 le
862 4991 103 18 secrétaire
980 4993 25 17 du
1021 4994 60 17 cercle
1100 4999 5 5 ■
1121 4997 20 16 m
1163 4997 17 16 O

654 5008 85 21 Plnkers,
753 5010 26 19 63,
793 5014 33 17 r.ue
840 5011 25 17 du
877 5011 68 18 Grand
957 5012 85 21 Central,
1056 5014 11 16 à
1080 5009 105 24 Charleroi'

657 5029 106 20 Téléphone
775 5030 65 18 16.897.

675 5054 25 17 Le
713 5055 65 17 Cercle
792 5060 10 11 «
817 5056 34 16 Les
865 5056 130 20 Bienfaiteur!
1010 5063 10 12 »
1035 5061 89 19 organise
1138 5065 48 16 pou*

654 5074 28 17 les
698 5075 25 20 18,
739 5075 21 17 19
775 5076 20 16 et
808 5076 23 16 20
845 5077 45 19 mal,
906 5077 47 17 trois
968 5078 83 20 grandes
1067 5081 119 18 sortles-coi-

653 5094 65 20 lectes,
734 5098 26 13 au
774 5094 87 19 bénéfice
876 5099 27 16 du
917 5097 74 18 Comité
1006 5099 91 18 National
1113 5101 23 17 de
1152 5102 29 17 Se-

653 5118 61 14 cours.
731 5115 38 17 Des
785 5115 112 19 collecteurs
913 5117 117 18 volontaires
1046 5121 45 16 sont
1106 5120 69 18 deman-

653 5135 39 17 dés.
708 5135 35 17 Les
759 5134 61 19 boites
836 5137 83 18 peuvent
935 5137 41 17 être
992 5138 80 18 retirées
1088 5143 25 14 au
1129 5141 49 17 local

652 5155 16 20 6,
687 5158 35 14 rue
739 5155 23 17 de
779 5156 97 19 Soignies,-
890 5159 12 14 a
919 5155 99 20 Bruxelles
1038 5159 41 18 (tél.
1098 5160 47 17 11.04
1153 5161 29 19 35)

652 5179 12 13 a
677 5175 65 20 partir
755 5175 25 17 du
795 5176 21 16 17
830 5176 88 20 courant,
933 5180 12 13 a
960 5178 63 19 partir
1037 5179 23 17 de
1074 5180 22 16 20
1110 5180 74 18 heures.

673 5201 133 20 L'Exposition
820 5202 154 18 Internationale
987 5204 24 17 de
1026 5205 70 17 Chiens
1110 5205 12 18 k
1136 5207 39 17 Bru-

653 5221 63 18 xelles.
728 5229 23 5 —
763 5222 51 16 C'e3t
827 5222 17 17 le
856 5223 11 16 2
878 5222 49 20 Juin,
941 5223 49 17 dnns
1003 5224 17 17 le
1032 5225 45 17 Hall
1089 5226 33 17 des
1135 5227 50 17 Con-

652 5245 55 13 -;ours
720 5242 132 19 temporaires,
865 5242 12 16 à
889 5242 131 21 l'Exposition,
1031 5248 37 16 que
1080 5245 19 17 la
1111 5246 74 17 Société

651 5261 140 17 Saint-Hubert
810 5262 112 19 orgcnlsera
941 5267 35 13 son
995 5265 113 20 exgodltlon.
1128 5266 56 20 Vingt

652 5281 54 17 clubs
720 5282 19 17 et
753 5281 71 18 cercles
838 5281 111 19 d'élevetlrr
957 5283 20 17 et
991 5285 99 16 amateurs
1105 5286 23 17 de
1142 5287 32 16 Bel-

652 5301 60 20 gique,
727 5302 141 20 participeront
881 5302 146 19 officiellement
1041 5308 24 13 au
1079 5305 59 18 Salon
1152 5306 33 17 des

651 5321 77 18 Chiens.
743 5322 38 17 Des
798 5322 74 17 chenils
888 5323 24 17 de
939 5323 79 19 France,
1047 5325 131 20 d'Angleterre

652 5341 135 21 d'Allemagne,
802 5343 24 16 de
840 5340 101 23 Hollande;
957 5343 76 18 d'Italie
1048 5345 19 16 et
1082 5345 24 17 de
1120 5340 65 23 Snis-è

651 5365 11 15 y
674 5364 65 14 seront
752 5361 119 20 représentés
882 5366 37 17 par
931 5365 33 17 des
975 5363 107 20 spécimens
1095 5365 23 17 de
1130 5369 55 14 races

652 5381 93 20 bergères,
760 5381 119 20 d'agrément
893 5383 20 17 et
927 5383 24 17 de
964 5383 75 19 chasse.
1053 5384 35 18 Les
1103 5386 72 20 inscrip-

653 5402 50 17 tions
717 5402 45 16 sont
777 5405 65 16 reçues
856 5402 90 20 Jusqu'au
962 5403 20 18 14
998 5404 45 19 mal.
1059 5407 25 14 au
1099 5406 74 17 secréta-

653 5421 38 17 riat
708 5421 23 18 de
747 5422 20 16 la
782 5421 74 17 Société
873 5422 146 22 Saint-Hubert,
1036 5424 38 20 391,
1091 5425 93 19 chaussée

652 5441 102 20 St-Plerre,
768 5445 12 13 a
794 5441 107 19 Etterbeek.

673 5466 26 17 Le
720 5465 74 18 Comité
816 5467 26 16 du
865 5469 124 18 groupement
1013 5469 122 19 rationaliste
1158 5473 24 16 du

654 5486 181 19 Grand-Bruxelles,
852 5491 9 11 <
878 5488 26 16 La
920 5488 71 18 Raison
1008 5494 17 15 »,
1042 5491 89 19 organise
1147 5496 37 14 une

653 5506 113 17 conférence
783 5506 89 20 publique
888 5508 20 16 et
924 5509 150 19 contradictoire
1090 5513 33 18 qui
1140 5516 44 13 sera

653 5526 49 17 faite
717 5525 18 18 le
751 5527 93 16 mercredi
861 5527 20 17 15
896 5528 45 19 mai,
957 5527 20 18 à'
984 5529 11 16 8
1011 5529 69 19 heures
1096 5531 25 17 du
1138 5532 39 17 soir

654 5549 24 15 en
691 5549 34 13 son
739 5545 54 21 local,
807 5546 57 19 53-55.
878 5549 34 16 rue
924 5547 25 18 du
962 5545 220 24 Marché-au-Charbon'

653 5570 13 14 a
674 5565 110 20 -Bruxelles,
802 5569 35 17 par
853 5566 94 19 J'cv-abbé
964 5569 84 19 Uoreau.
1064 5580 23 5 —
1102 5572 56 18 sujet
1177 5565 6 17 •'

655 5592 10 11 «
679 5585 49 18 Dieu
741 5586 80 17 n'existe
837 5589 35 17 pas
885 5591 18 15 »,

1205 275 114 49 LA
1360 273 378 53 SEMAINE

1259 345 426 50 MARITIME

1274 441 212 37 L'ASSEMBLÉE
1506 440 165 38 GÉNÉRALE

1300 491 23 31 A
1343 491 134 33 L'HOTEL
1497 493 41 30 DE
1557 491 89 32 VILLE

1269 562 54 32 LES
1343 563 135 32 CERQES
1499 562 183 36 NAUTIQUES

1334 609 84 31 FONT
1439 610 44 31 DU
1504 609 102 31 SPORT

1235 672 140 22 Coïncidant
1391 678 55 16 avec
1462 673 136 21 l'ouverture
1615 672 28 20 de
1658 671 24 21 la
1698 671 29 20 Se-

1209 697 77 21 maine
1299 698 125 24 Maritime,
1439 697 139 22 l'assemblée
1592 695 106 26 générale
1712 695 28 21 de

1208 721 23 21 la
1249 722 70 24 Ligue
1337 724 118 21 Maritime
1473 723 69 24 Belge
1561 727 15 16 a
1594 726 28 17 eu
1641 721 45 21 lieu
1705 720 22 20 di-

1208 747 99 21 manche
1324 748 74 20 matin
1413 748 60 21 dans
1488 748 23 21 la
1527 747 56 21 salle
1599 746 39 21 des
1653 744 87 21 milices

1210 771 28 21 de
1253 772 78 21 l'hôtel
1347 772 27 23 de
1389 773 52 20 ville
1457 772 28 22 de
1499 771 124 22 Bruxelles.

1235 803 37 20 Au
1293 803 87 22 bureau
1401 803 89 26 présidé
1511 807 44 21 par
1574 803 33 20 M.
1627 802 21 20 le
1669 801 73 21 baron

1209 827 68 21 Louis
1288 829 106 24 Empain,
1405 828 118 25 président
1535 828 28 21 de
1574 828 24 20 la
1609 826 77 24 Ligue,
1710 830 31 16 on

1210 853 77 23 voyait
1304 854 32 20 M.
1352 854 108 23 Houtart,
1476 856 143 21 gouverneur
1635 851 32 21 du
1683 851 46 19 Bra-

1210 876 66 25 bant;
1292 879 32 20 M.
1337 879 33 20 De
1383 879 52 23 Vos,
1447 878 114 21 directeur
1573 875 92 26 général
1677 875 29 20 de
1719 874 23 21 la

1210 902 100 25 Marine;
1326 904 32 20 M.
1372 902 182 25 Hervy-Oousln,
1567 900 118 26 président
1699 900 31 19 ho-

1211 927 100 24 noraire;
1325 929 59 19 MM.
1396 929 99 22 Fonson,
1507 928 132 22 Descamps,
1651 924 92 23 Pattou,

1210 950 96 22 échevin
1320 952 27 21 de
1361 952 124 24 Bruxelles,
1497 952 26 20 A.
1536 950 115 23 Rotsaert,
1664 948 79 24 Jacob,

1209 976 123 22 secrétaire
1347 977 28 21 de
1389 977 24 21 la
1427 977 70 24 Ligue
1511 975 123 21 Maritime.

1236 1008 65 21 Dans
1313 1009 23 20 la
1347 1008 57 21 salle
1416 1013 31 16 on
1458 1006 167 22 reconnaissait
1636 1004 106 26 quantité

1210 1032 29 21 de
1255 1033 169 24 personnalités
1443 1038 6 16 :
1467 1033 58 20 MM.
1540 1032 69 23 Zone,
1626 1029 117 24 Jottrand,

1212 1058 120 24 Corbisier,
1360 1057 116 25 Delporte,
1504 1058 33 21 les
1566 1054 177 22 commandants

1211 1082 119 21 Couteaux
1346 1083 25 21 et
1387 1082 121 23 Gonthler,
1524 1081 21 21 le
1561 1080 88 21 colonel
1665 1080 77 23 Merg-

1210 1106 67 25 bach,
1292 1108 128 23 Pauwaert,
1433 1108 35 19 De
1482 1106 84 23 Pierre,
1580 1105 44 21 etc.

1236 1139 32 20 Le
1286 1138 124 25 président,
1429 1138 59 20 dans
1506 1141 46 16 une
1569 1135 68 21 brève
1655 1134 75 22 allocu-

1211 1162 50 21 tion
1278 1168 70 19 passa
1367 1168 30 16 en
1414 1166 69 17 revue
1501 1161 24 21 la
1542 1160 113 21 situation
1673 1159 29 21 de
1720 1159 23 21 la

1211 1188 89 20 marine
1315 1188 71 25 belge.

1236 1219 33 20 M.
1287 1219 79 23 Jacob,
1383 1217 130 23 secrétaire,
1530 1216 31 21 fit
1579 1215 89 21 ensuite
1687 1219 43 21 rap-

1211 1244 52 23 port
1277 1248 41 16 sur
1333 1242 109 23 l'activité
1457 1242 29 21 de
1501 1242 23 20 la
1539 1240 70 25 Ligue
1625 1241 25 20 et
1664 1239 79 22 donna

1212 1269 85 20 lecture
1314 1268 32 22 du
1362 1268 71 21 bilan.

1237 1300 32 21 Le
1281 1299 92 21 Conseil
1385 1297 93 26 général
1489 1297 39 21 fut
1539 1296 90 21 ensuite
1641 1295 63 22 réélu
1729 1295 15 21 ft

1211 1323 152 24 l'unanimité,
1379 1323 52 25 puis
1446 1324 41 20 eut
1502 1321 47 22 lieu
1565 1321 24 20 la
1604 1321 83 20 remise
1704 1320 40 22 des

1211 1348 119 21 médailles
1342 1348 28 21 de
1381 1348 24 21 la
1416 1347 70 24 Ligue
1498 1346 24 21 et
1533 1346 32 21 du
1576 1345 55 21 Prix
1642 1345 28 21 de
1683 1346 48 20 Ger-

1212 1373 74 21 lache.

1237 1405 34 20 La
1282 1404 107 21 médaille
1401 1403 28 21 de
1441 1403 23 21 la
1475 1402 70 24 Ligue
1556 1401 39 21 fut
1605 1401 83 21 remise
1700 1405 31 17 no-

1212 1428 116 22 tamment
1361 1428 16 22 k
1410 1428 58 21 MM.
1502 1426 177 24 Hervy-Cousln
1722 1426 24 21 et

1211 1453 136 23 Alexandre.

1238 1486 34 20 La
1287 1484 88 26 grande
1389 1483 107 22 médaille
1511 1482 29 21 de
1554 1482 85 21 bronze
1654 1482 39 21 fut
1707 1486 25 17 re

1213 1510 56 21 mise
1284 1514 32 17 au
1330 1508 167 22 commandant
1511 1507 126 21 Couteaux.

1238 1541 34 22 M.
1284 1539 176 26 Hervy-Consln
1472 1538 40 22 eut
1524 1538 24 21 la
1559 1538 80 25 parole
1651 1543 60 20 pour
1723 1538 23 21 la

1211 1566 83 21 remise
1313 1565 32 21 du
1364 1565 55 20 Prix
1437 1564 30 21 de
1487 1563 121 22 Gerlache.
1628 1563 21 21 n
1668 1563 36 22 dit
1723 1563 22 21 le

1213 1591 74 23 grand
1303 1589 95 22 nombre
1415 1589 29 21 de
1459 1588 69 21 héros
1542 1588 29 21 de
1587 1588 24 21 la
1626 1593 51 16 mer
1692 1588 54 25 qu'il

1212 1615 53 21 faut
1280 1614 100 21 féliciter
1395 1614 25 21 et
1434 1612 160 26 récompenser
1609 1613 26 21 et
1650 1613 95 25 rappela

1212 1639 34 22 les
1260 1639 72 22 hauts
1346 1638 58 22 faits
1419 1638 41 21 des
1474 1638 135 21 sauveteurs
1625 1638 28 20 de
1668 1638 78 20 l'Ush-

1211 1664 82 24 worth,
1323 1663 22 21 le
1377 1662 167 22 commandant
1575 1663 116 20 Gonthler
1722 1662 23 21 et

1213 1688 125 25 l'équipage
1350 1688 32 21 du
1396 1696 9 10 «
1419 1687 145 22 Jean-Jadot
1576 1695 10 11 »
1600 1687 25 21 et
1637 1691 58 17 ceux
1708 1687 40 21 des

1213 1713 122 25 équipages
1350 1713 41 21 des
1407 1713 57 23 trois
1479 1712 102 21 bateaux
1596 1712 123 21 ostendais.

1237 1745 32 21 Le
1287 1743 119 26 président
1423 1743 71 22 remit
1512 1743 61 21 alors
1591 1743 35 21 les
1644 1743 52 25 prix
1716 1748 31 16 au

1214 1769 167 21 commandant
1392 1768 123 25 Gonthler,
1525 1772 32 17 au
1567 1768 23 21 2*
1601 1768 93 21 officier
1704 1769 31 22 Le-

1213 1794 74 25 blanc,
1301 1798 31 17 au
1346 1794 68 20 cadet
1427 1793 137 24 Schroyens,
1578 1797 47 18 aux
1638 1793 109 21 matelots

1213 1819 148 24 Dobbelaere,
1377 1818 125 24 Spreutels,
1532 1818 35 21 De
1596 1817 90 25 Plecke,
1702 1822 47 17 aux

1214 1843 136 21 chauffeurs
1364 1843 53 21 Van
1430 1843 78 23 Heste,
1522 1842 113 22 Beeldens
1649 1843 25 20 et
1688 1843 53 20 Her-

1214 1872 72 20 mens,
1298 1868 33 21 du
1344 1875 10 11 «
1368 1867 144 21 Jean-Jadot
1525 1875 19 16 »,
1556 1868 25 20 et
1592 1872 47 16 aux
1650 1867 99 25 patrons

1213 1893 184 24 Vandenberghe
1427 1893 25 21 et
1481 1892 122 22 Tratsaert
1622 1892 32 22 du
1673 1899 10 12 «
1702 1893 32 21 Te-

1213 1917 63 22 niers
1289 1926 10 10 »
1315 1918 25 20 et
1353 1918 32 21 du
1401 1924 10 12 «
1425 1917 113 24 Memllng
1553 1925 9 10 »
1578 1917 25 21 et
1617 1921 32 17 au
1662 1917 86 25 patron

1214 1942 144 22 Christlaens
1371 1942 33 21 du
1419 1949 10 11 «
1444 1942 56 21 Roi-
1500 1942 81 21 Albert
1596 1950 19 14 ».

1240 1974 31 19 M.
1292 1973 36 21 De
1349 1973 53 24 Vos,
1422 1972 116 21 directeur
1559 1973 94 23 général
1674 1973 30 22 ds
1724 1973 25 21 la

1213 1998 98 24 Marine,
1328 2001 119 22 prononça
1464 1997 91 22 ensuite
1572 2002 34 17 un
1623 1998 49 22 fort
1688 1998 60 22 beau

1215 2023 108 22 discours.

1239 2053 74 25 Après
1334 2054 64 20 avoir
1419 2053 104 25 souligné
1545 2054 108 20 l'activité
1675 2054 30 22 de
1725 2055 24 20 la

1214 2078 70 25 Ligue
1300 2083 55 17 sous
1371 2078 25 21 là
1413 2078 134 26 présidence
1564 2079 29 22 de
1609 2079 59 22 MM.
1684 2079 65 22 Hen-

1214 2103 82 26 nebicq
1314 2104 25 20 et
1357 2104 183 24 Hervy-Cousln,
1558 2104 19 21 il
1594 2104 105 25 exprima
1717 2105 33 21 les

1214 2129 87 24 espoirs
1313 2129 92 20 ouverts
1418 2133 43 20 par
1474 2129 24 20 la
1510 2129 107 25 jeunesse
1629 2129 24 21 et
1665 2129 71 22 l'éner-

1214 2153 36 24 gie
1265 2154 29 22 de
1308 2154 33 21 M.
1356 2153 70 22 Louis
1440 2155 105 23 Empain.

1243 2192 9 10 «
1264 2184 113 25 L'avenir,
1387 2182 72 28 dit-Il,
1469 2189 52 17 sera
1532 2189 26 17 ce
1568 2189 44 21 que
1623 2190 59 18 nous
1692 2190 50 18 tou.

1214 2208 52 22 Ions
1279 2210 55 24 qu'il
1345 2209 53 22 soit.

1243 2249 10 10 »
1267 2241 66 21 Dans
1344 2241 23 21 le
1380 2241 108 22 domaine
1500 2241 58 23 dont
1569 2246 60 19 nous
1640 2246 59 17 nous
1711 2246 27 17 oc-

1214 2269 94 21 cupons,
1327 2270 60 17 nous
1406 2266 103 25 voulons,
1529 2271 31 17 en
1578 2267 53 21 tout
1650 2268 100 25 premier

1215 2290 53 25 lieu,
1297 2291 23 21 le
1349 2291 116 21 maintien
1481 2292 26 21 et
1522 2291 22 22 le
1561 2291 190 27 développement

1215 2315 68 21 d'une
1302 2315 91 22 marine
1412 2317 161 22 commerciale
1592 2317 39 25 qui
1649 2317 102 25 réponde

1216 2344 46 17 aux
1280 2340 92 22 besoins
1390 2340 161 26 économiques
1568 2341 32 22 du
1617 2347 65 20 pays,
1699 2347 39 16 ma-

1214 2365 51 22 rine
1279 2365 128 23 construite
1418 2371 41 16 sur
1470 2371 44 16 nos
1526 2367 119 21 chantiers
1656 2367 95 23 suivant

1215 2389 40 22 des
1267 2390 136 27 techniques
1414 2391 129 25 modernes,
1554 2392 90 21 marine
1655 2392 94 25 équipée

1215 2419 44 20 par
1275 2415 34 21 les
1326 2416 104 21 officiers
1446 2417 26 21 et
1488 2416 35 21 les
1538 2417 110 21 matelots
1664 2417 86 22 formés

1217 2444 46 17 aux
1280 2440 125 21 traditions
1423 2441 29 21 de
1469 2446 45 17 nos
1543 2442 100 24 grandes
1678 2442 72 21 écoles

1216 2464 111 24 d'Anvers
1340 2466 25 21 et
1379 2466 132 22 d'Ostende.

1243 2496 33 21 Ce
1287 2501 147 21 programme
1446 2498 50 21 doit
1506 2502 25 17 se
1542 2497 96 22 réaliser
1648 2498 60 22 dans
1718 2502 32 18 un

1217 2521 80 21 avenir
1311 2522 121 21 immédiat
1448 2530 20 14 ».

1242 2553 31 21 Et
1283 2553 18 21 il
1312 2553 36 21 dit
1358 2558 37 16 ses
1407 2553 90 22 raisons
1509 2554 114 26 d'espérer
1637 2559 7 17 ;
1657 2554 94 22 l'action

1216 2577 156 22 bienfaisante
1391 2578 29 21 de
1437 2578 25 22 la
1479 2579 79 25 Ligue,
1575 2579 87 25 l'appui
1679 2580 30 21 de
1727 2580 23 20 la

1215 2602 88 26 Presse,
1317 2602 36 23 les
1371 2604 107 24 pouvoirs
1495 2604 90 25 publics
1601 2604 40 25 qui
1658 2604 80 26 s'inspi-

1217 2628 54 20 rent
1300 2628 192 22 insensiblement
1522 2629 55 22 d'un
1606 2634 146 21 programme

1215 2652 125 22 maritime.

1244 2684 31 21 Le
1288 2685 61 23 Pays
1359 2684 99 22 s'éveille
1470 2689 32 17 au
1513 2690 54 17 sens
1579 2685 30 23 de
1619 2686 25 21 la
1656 2687 57 21 Mer.

1239 2709 53 22 TJne
1309 2710 92 21 marine
1415 2711 122 21 nationale
1554 2712 36 21 est
1607 2711 133 26 Indispensa-

1214 2734 37 22 ble
1262 2735 16 21 à
1289 2739 34 17 un
1333 2740 65 21 pays,
1409 2740 59 21 pour
1479 2736 83 25 garder
1573 2738 23 20 le
1606 2736 105 23 bénéfice
1722 2738 31 22 du

1215 2761 84 21 travail
1311 2761 114 22 national.
1433 2779 4 3 .

1239 2792 93 21 Faut-il
1348 2792 108 25 rappeler
1474 2793 60 21 dans
1551 2798 27 17 ce
1595 2793 80 23 milieu
1693 2794 60 22 cette

1214 2816 73 22 vérité
1310 2817 149 22 élémentaire
1467 2819 12 20 ?
1502 2819 51 24 Que
1576 2819 52 22 tout
1650 2820 52 24 prix
1724 2820 29 21 de

1215 2843 119 24 transport
1357 2843 31 21 de
1411 2844 164 22 marchandise
1598 2849 60 22 paye
1681 2845 16 21 k
1720 2850 34 17 un

1215 2868 80 21 navire
1316 2868 66 25 belge
1403 2870 115 20 constitue
1539 2874 47 17 une
1608 2870 145 26 exportation

1214 2893 106 21 invisible
1335 2894 25 21 et
1376 2899 44 20 que
1434 2896 23 20 le
1472 2895 110 21 montant
1597 2896 29 21 de
1642 2900 38 17 ces
1695 2897 58 20 frets

1215 2918 104 25 s'ajoute,
1332 2924 59 20 pour
1404 2919 24 22 la
1441 2924 77 20 grosse
1530 2921 61 25 part,
1604 2926 47 17 aux
1663 2921 90 22 valeurs

1216 2944 40 20 des
1267 2944 106 25 produits
1384 2946 113 24 exportés.

1240 2975 92 23 Faut-il
1351 2975 76 21 redire
1447 2976 55 25 qu'il
1521 2981 32 17 ne
1571 2977 71 22 suffit
1660 2982 44 22 pas
1724 2979 28 21 de

1215 3000 118 22 constater
1347 3002 70 25 qu'on
1431 3006 15 16 a
1461 3002 42 21 des
1517 3002 65 25 ports
1596 3002 48 22 bon
1658 3004 95 22 marché

1214 3029 59 21 pour
1292 3025 163 26 l'exportation
1452 3027 3 5 1
1474 3028 129 24 nationale;
1625 3028 55 26 qu'il
1699 3029 54 22 faut

1215 3051 118 22 examiner
1347 3051 52 21 d'où
1412 3052 107 25 provient
1532 3057 27 17 ce
1572 3053 47 21 bon
1632 3054 96 22 marché
1744 3059 6 16 :

1214 3076 55 24 qu'U
1281 3077 35 21 est
1328 3077 79 25 acquis
1418 3078 25 21 et
1454 3078 50 22 doit
1515 3078 50 21 être
1576 3079 122 22 maintenu
1710 3084 42 21 par

1213 3105 47 17 une
1277 3102 91 20 marine
1384 3103 144 21 marchande
1544 3104 120 21 nationale
1672 3105 11 20 î
1701 3105 51 24 Que

1215 3126 90 22 celle-ci
1320 3127 92 25 défend,
1428 3128 59 21 dans
1501 3129 35 21 les
1549 3129 155 26 conférences,
1719 3131 34 21 les

1214 3152 65 25 ports
1290 3153 136 21 nationaux.

1239 3177 91 22 Faut-Il
1351 3182 100 21 prouver
1470 3183 47 21 que
1537 3179 23 22 le
1581 3180 120 27 transport
1722 3181 30 22 de

1214 3203 175 21 marchandises
1406 3204 102 22 effectué
1526 3209 53 17 sous
1595 3206 35 21 les
1647 3207 105 21 couleurs

1214 3227 69 22 d'une
1311 3228 85 22 société
1424 3230 116 22 vraiment
1567 3231 120 22 nationale
1716 3233 36 20 est

1214 3253 77 21 mieux
1304 3254 94 25 protégé
1412 3256 25 21 et
1450 3255 126 22 maintient
1588 3257 24 21 la
1626 3258 126 24 possibilité

1215 3278 40 21 des
1268 3279 82 22 achats
1362 3280 24 21 et
1399 3280 41 21 des
1452 3281 81 21 ventes
1544 3281 122 22 ultérieurs
1675 3283 11 20 ?

1239 3304 93 24 Dols-je
1349 3305 107 25 rappeler
1472 3306 31 21 ici
1520 3311 34 17 un
1572 3308 123 24 argument
1712 3312 40 22 qui

1214 3328 59 22 n'est
1289 3334 43 21 pas
1349 3330 151 25 uniquement
1517 3332 89 21 d'ordre
1623 3334 116 21 sentimen-

1214 3353 35 22 tal
1265 3355 28 21 ni
1309 3359 47 17 une
1374 3356 82 25 simple
1474 3357 106 24 question
1598 3358 30 22 de
1645 3360 105 26 prestige,

1215 3379 59 22 celui
1288 3381 33 20 du
1334 3381 102 25 pavillon
1444 3382 12 20 ?
1470 3382 32 21 Le
1513 3381 54 23 «Seul
1580 3383 47 21 fait
1641 3384 29 21 de
1684 3389 55 17 mon-

1215 3404 48 22 trer
1277 3410 34 16 un
1324 3406 103 25 pavillon
1442 3407 59 21 dans
1515 3407 34 22 les
1563 3413 58 21 pays
1636 3409 116 25 exotiques

1214 3429 100 22 favorise
1339 3431 234 24 Incontestablement
1598 3434 88 24 l'achat
1712 3435 41 21 des

1215 3456 104 24 produits
1333 3457 115 24 d'origine.

1239 3487 170 25 Devons-nous,
1424 3489 91 21 d'autre
1532 3490 58 26 part,
1605 3491 91 22 revenir
1712 3497 39 16 sur

1214 3511 24 22 la
1249 3511 112 23 nécessité
1373 3514 68 21 d'une
1452 3514 58 22 flote
1523 3520 57 20 pour
1590 3516 23 21 le
1623 3518 115 21 ravitaille-

1214 3537 65 21 ment
1296 3538 31 21 du
1342 3542 64 21 pays,
1421 3543 50 17 non
1486 3541 128 21 seulement
1629 3546 31 17 en
1675 3542 76 26 temps

1215 3561 29 22 de
1256 3567 86 20 guerre,
1354 3564 60 21 mais
1426 3569 30 17 en
1467 3565 66 21 toute
1544 3566 93 25 période
1649 3568 102 21 troublée

1214 3592 31 16 ou
1258 3588 90 24 lorsque
1362 3589 34 20 les
1409 3590 86 24 grands
1507 3595 59 21 pays
1579 3592 172 26 transporteurs

1214 3614 54 21 sont
1280 3613 70 21 mêlés
1362 3614 15 21 ft
1389 3615 40 20 des
1440 3615 128 22 difficultés
1579 3618 159 22 Internationa-

1214 3638 34 21 les
1256 3638 11 20 î
1281 3639 128 25 L'exemple
1422 3641 29 20 de
1464 3641 24 21 la
1501 3642 105 21 dernière
1619 3647 81 21 guerre
1713 3644 37 21 fut

1217 3662 126 22 concluant
1355 3668 54 17 sous
1423 3669 26 17 ce
1461 3667 103 23 rapport.

1240 3694 71 21 Notre
1330 3695 73 26 petite
1422 3696 68 22 flotte
1508 3698 78 22 rendit
1605 3699 146 23 d'Immenses

1214 3720 103 21 services.
1337 3721 61 21 Sans
1417 3722 49 24 elle,
1484 3727 56 17 sans
1557 3728 38 17 ses
1612 3725 95 26 marins,
1727 3726 23 21 la

1214 3745 108 25 Belgique
1334 3746 77 21 aurait
1422 3746 15 21 ft
1448 3748 100 21 certains
1559 3750 115 22 moments
1685 3752 53 20 souf-

1214 3769 47 22 fert
1273 3771 52 25 plus
1336 3771 159 23 terriblement
1506 3778 83 17 encore
1601 3776 28 21 de
1640 3776 24 21 la
1676 3776 62 24 pénu-

1214 3795 34 20 rie
1258 3795 29 21 de
1298 3796 80 21 vivres.

1239 3827 59 21 Non.
1308 3827 21 21 n
1338 3828 60 21 n'est
1408 3833 42 20 pas
1460 3829 98 25 possible
1568 3835 43 21 que
1621 3831 22 21 le
1653 3837 57 21 pays
1721 3838 29 17 ne

1214 3851 85 25 profite
1309 3857 43 20 pas
1363 3853 28 21 de
1401 3853 24 22 la
1435 3854 67 24 leçon
1512 3856 28 21 de
1552 3855 51 21 1914
1614 3858 23 20 et
1647 3863 30 16 ne
1688 3859 62 20 fasse

1214 3881 42 20 pas
1282 3877 52 23 tout
1360 3883 58 20 pour
1443 3879 73 22 éviter
1541 3880 33 22 les
1599 3882 57 21 durs
1681 3883 70 22 éveils

1214 3902 161 24 qu'attendent
1388 3904 103 21 l'Incurie
1506 3905 24 21 et
1543 3907 180 23 l'Inconscience.
1739 3918 9 9 »

1239 3927 118 22 L'orateur
1377 3929 101 23 termina
1499 3935 30 17 en
1549 3931 115 25 évoquant
1683 3934 67 21 notre

1214 3951 95 22 histoire
1331 3954 117 21 maritime
1471 3955 24 21 et
1518 3960 31 17 en
1570 3958 124 24 rappelant
1717 3959 33 20 les

1213 3977 90 24 paroles
1322 3979 28 20 de
1369 3979 103 25 Lyautey
1490 3980 111 23 s'élevnnt
1619 3983 79 21 contre
1716 3985 33 20 les

1214 4003 111 21 maximes
1335 4004 30 21 de
1375 4005 104 21 moindre
1490 4006 72 22 effort
1572 4007 24 21 et
1606 4008 102 25 prônant
1718 4014 31 16 un

1213 4027 62 22 idéal
1287 4030 39 22 qui
1337 4032 90 22 permet
1440 4031 29 20 de
1480 4031 87 22 vivre...

1240 4059 32 20 Ce
1285 4058 101 23 discours
1398 4061 38 22 fut
1447 4062 149 24 longuement
1609 4064 115 25 applaudi

1239 4090 32 20 M.
1287 4090 99 25 Empain
1402 4093 111 21 remercia
1529 4094 90 21 ensuite
1634 4095 24 22 la
1673 4100 76 21 presse

1213 4114 30 21 de
1258 4120 43 16 son
1317 4121 110 17 concours
1442 4118 106 24 toujours
1564 4119 113 25 généreux
1693 4126 57 20 pour

1214 4140 24 22 la
1250 4140 76 25 Ligue,
1340 4142 23 20 et
1375 4142 24 22 la
1411 4142 83 22 séance
1507 4144 38 21 fut
1556 4144 69 22 levée.
1637 4144 60 24 —'S,

1371 4185 59 22 SUR
1443 4186 36 20 LE
1494 4187 96 21 CANAL

1239 4221 48 21 Dès
1307 4222 125 23 dimanche
1452 4224 144 26 après-midi,
1617 4226 35 21 les
1672 4227 76 21 divers

1215 4246 84 21 cercles
1314 4248 124 26 nautiques
1453 4250 40 24 qui
1510 4250 42 21 ont
1565 4251 88 24 pignon
1668 4257 41 16 sur
1725 4252 21 21 le

1214 4271 69 21 canal
1303 4272 164 26 participaient
1487 4274 16 22 &
1523 4275 51 21 leur
1595 4276 70 25 façon
1687 4277 16 21 ft
1723 4278 24 21 la

1213 4296 102 22 semaine
1328 4298 124 26 maritime,
1462 4304 32 16 en
1505 4300 90 22 faisant
1606 4302 33 22 du
1649 4302 72 25 sport.

1238 4329 37 19 Au
1297 4329 287 27 Bruxelles-Yacht-Club,
1606 4332 18 20 11
1644 4338 16 20 y
1683 4334 64 21 avait

1214 4352 40 22 des
1264 4352 91 25 régates
1365 4354 15 21 à
1391 4354 24 21 la
1425 4355 58 22 voile
1495 4356 24 21 et
1530 4357 86 21 devant
1625 4357 22 22 le
1658 4359 89 25 ponton

1214 4378 28 21 de
1257 4377 94 22 l'Union
1366 4379 117 25 Nautique
1499 4385 31 17 on
1545 4382 95 21 mettait
1655 4383 16 21 k
1687 4383 60 21 l'eau

1213 4402 41 21 des
1268 4403 39 21 tas
1324 4404 199 23 d'embarcations.

1238 4434 90 25 Malgré
1343 4436 22 20 le
1380 4436 62 24 vent,
1457 4437 60 21 dans
1532 4437 34 21 les
1581 4438 165 23 éliminatoires

1212 4463 59 20 pour
1283 4460 23 21 la
1320 4464 71 21 coupe
1404 4461 122 26 Rembout,
1538 4462 68 21 notre
1621 4472 9 10 «
1644 4465 76 24 espoir
1734 4474 9 10 .

1211 4484 107 21 national
1331 4485 77 21 Nelles
1423 4487 104 20 couvrait
1540 4487 34 21 les
1589 4489 57 23 1,500
1660 4489 86 21 mètres

1211 4513 32 16 en
1259 4510 13 19 6
1289 4515 31 16 m.
1336 4511 26 19 45
1379 4515 51 20 sec,
1448 4511 95 22 battant
1559 4513 140 23 Becttevoort
1716 4516 29 21 de

1211 4534 13 20 (S
1237 4533 130 25 longueurs.

1237 4565 61 24 Puis,
1313 4566 29 21 G.
1355 4567 100 26 Kessler,
1468 4572 31 16 en
1513 4569 13 20 6
1540 4573 29 18 m.
1586 4570 25 21 59
1625 4575 51 20 sec.,
1690 4571 43 21 bat-

1211 4589 46 22 tait
1274 4591 77 24 Magls
1369 4591 30 21 de
1418 4593 25 20 10
1458 4592 130 26 longueurs.

1237 4622 32 22 Le
1285 4622 78 22 Cercle
1380 4623 41 21 des
1437 4623 100 23 Régates
1554 4626 24 20 et
1594 4626 21 21 le
1632 4627 23 21 S.
1672 4629 28 20 N.
1716 4629 28 21 U.

1211 4647 26 19 B.
1256 4651 25 16 se
1300 4647 147 24 qualifiaient
1465 4654 59 19 pour
1543 4650 25 21 la
1587 4655 71 21 coup»
1676 4653 67 21 Drle-

1211 4671 69 24 pond.

1236 4703 31 20 Le
1285 4704 78 20 Canoë
1379 4704 25 21 et
1420 4705 156 25 Kayak-Club
1590 4708 28 21 de
1635 4709 108 25 Belgique

1210 4728 120 23 orginisait
1347 4729 105 24 pendant
1468 4735 26 16 ce
1511 4731 76 25 temps
1594 4737 45 17 une
1646 4734 96 25 épreuve

1210 4757 59 19 pour
1285 4753 22 20 le
1323 4754 79 21 brevet
1420 4755 110 26 d'Audax,
1546 4762 41 16 sur
1603 4759 26 19 24
1646 4759 84 22 kilomè-

1211 4777 53 23 tres,
1283 4778 25 20 et
1327 4778 40 25 qui
1383 4785 24 16 se
1427 4780 101 22 termina
1548 4786 51 17 vers
1620 4784 25 20 17
1665 4785 17 20 h
1709 4786 27 20 30

1210 4803 38 20 lsv
1265 4803 94 24 plupart
1381 4804 41 21 des
1444 4807 151 21 concurrents
1617 4808 125 22 réussirent

1210 4826 119 25 l'épreuve.

1234 4859 21 20 A
1271 4860 25 20 16
1311 4859 89 25 heures,
1415 4861 34 21 les
1463 4862 114 22 membres
1589 4864 28 21 de
1633 4865 24 21 la
1671 4866 70 24 Ligue

1208 4883 117 22 maritime
1349 4884 109 22 s'étalent
1485 4887 134 25 embarqués
1645 4889 15 22 ft
1685 4891 57 22 bord

1209 4908 55 21 d'un
1274 4914 147 20 remorqueur
1433 4911 44 25 qui,
1489 4912 96 24 précédé
1597 4914 32 22 du
1642 4923 9 10 «
1665 4916 75 21 Jules-

1209 4933 63 21 Zone
1293 4942 17 16 »,
1331 4934 51 21 leur
1398 4935 30 21 fit
1449 4936 79 22 visiter
1548 4937 20 22 le
1589 4940 53 24 port
1663 4940 24 21 et
1707 4941 34 21 les

1207 4958 157 22 installations
1376 4961 129 22 maritimes
1519 4963 28 21 de
1560 4963 119 23 Bruxelles
1698 4976 12 6 -
1717 4967 17 20 S

1792 194 20 23 S
1858 194 44 23 L«
1917 197 156 20 Dernier.
2087 194 109 21 Heure
2244 189 19 23 9

1966 237 15 12 a.

1762 273 83 49 LE
1888 272 230 52 SALON
2169 265 126 52 DES

1814 343 93 49 HU
1914 342 201 52 MORIS
2116 338 117 50 TES

1760 429 86 33 C'EST
1866 430 38 31 LE
1926 425 130 38 SIXIÈME
2081 423 216 42 QU'ORGANISE

1857 469 42 31 LA
1919 471 80 31 MINE
2020 465 181 37 SOURIANTE
2215 486 22 17 ,,

1820 534 29 31 IL
1869 534 54 32 N'A
1944 537 73 31 RIEN
2037 536 23 31 A
2081 531 115 33 ENVIER
2217 529 21 31 A

1892 574 52 32 SES
1962 571 199 36 DEVANCIERS

1802 637 30 20 Et
1845 636 58 21 voici
1918 646 8 9 «
1941 639 32 21 La
1986 639 64 21 Mine
2064 633 122 24 Souriante
2200 640 10 11 •
2225 631 15 22 ft
2253 635 42 17 son

1765 660 94 22 sixième
1875 662 67 22 salon
1958 663 93 21 annuel.
2150 682 9 9 ,
2274 680 6 11 ,

1792 687 29 19 Et
1839 691 42 16 son
1900 692 78 18 œuvre
1995 694 30 15 va
2042 691 30 17 en
2090 683 164 24 s'améliorant;
2273 683 24 18 la

1765 710 110 21 sélection
1886 716 25 18 se
1923 713 44 21 fait
1978 714 29 21 de
2019 713 51 25 plus
2081 715 30 16 en
2121 709 52 25 plus
2184 706 78 22 sévère
2273 706 24 20 et

1766 735 87 21 l'allure
1867 736 105 25 générale
1985 739 28 21 de
2025 736 60 23 cette
2097 732 128 26 exposition
2236 730 61 22 d'art

1766 761 24 20 et
1802 760 28 21 de
1843 760 76 22 bonne
1932 762 99 22 humeur
2042 766 15 20 y
2068 763 74 22 gagne
2154 762 31 16 en
2198 755 99 26 prestige

1765 785 24 20 et
1808 790 31 16 en
1858 785 133 25 réputation
2016 785 118 23 Bruxelles
2153 782 83 21 attend
2254 784 43 17 son

1765 809 67 21 salon
1845 810 41 21 des
1901 812 143 21 Humoristes
2057 811 26 21 et
2096 809 33 21 lui
2143 807 107 21 demeure
2265 805 19 20 fi-

1767 833 55 22 dèle.
1838 835 45 23 Qui
1899 836 59 22 donc
1974 837 76 21 aurait
2064 839 32 22 pu
2110 832 90 26 prévoir
2216 830 49 22 cela
2280 830 17 20 11

1767 863 14 19 y
1795 864 15 16 a
1823 860 40 20 dix
1877 862 56 20 ans?
1947 863 43 21 Les
2003 858 127 27 dirigeants
2143 857 28 21 de
2187 856 23 21 la
2226 863 9 10 «
2251 855 34 21 Mi-

1766 888 28 16 ne
1816 884 123 23 Souriante
1961 896 9 10 »
1992 888 43 20 ont
2054 884 51 23 tout
2125 883 20 21 le
2166 880 81 22 mérite
2268 879 28 21 de

1768 909 59 22 cette
1840 909 127 24 opération.

1220 5038 58 29 LES
1303 5040 142 29 SECONDS
1472 5042 39 28 DU
1539 5043 49 29 ROI
1608 5044 122 31 GEORGE

1235 5108 108 25 Londres,
1360 5110 23 20 11
1400 5110 54 21 mal.
1469 5122 27 5 —
1510 5112 159 27 Aujourd'hui,
1684 5115 57 22 trois

1209 5133 39 20 fils
1267 5133 31 21 du
1316 5135 35 20 roi
1370 5135 156 24 d'Angleterre
1544 5140 42 21 ont
1605 5140 96 24 apporté
1720 5141 20 21 le

1210 5156 62 22 salut
1301 5158 27 21 de
1358 5159 49 21 leur
1436 5160 53 25 père
1518 5166 46 17 aux
1595 5165 146 24 populations

1210 5186 14 16 a
1231 5183 88 24 Ecosse,
1336 5184 115 22 d'Irlande
1470 5186 30 21 du
1517 5188 59 20 nord
1593 5189 23 20 et
1633 5189 31 21 du
1681 5190 60 22 Pavs

1209 5206 28 22 de
1251 5208 85 21 Galles.

1235 5232 66 21 Alors
1313 5237 43 21 que
1369 5234 21 21 le
1403 5236 44 20 duc
1461 5236 23 21 et
1496 5237 23 20 la
1531 5237 111 23 duchesse
1656 5239 84 22 d'York

1209 5260 14 16 a
1239 5257 139 26 Edimbourg
1393 5260 24 20 et
1433 5260 21 21 le
1471 5260 43 22 duc
1531 5262 27 20 ds
1575 5263 135 23 Gloucester
1725 5265 15 21 ft

1208 5282 97 24 Belfast,
1326 5285 131 21 recevaient
1479 5286 136 27 l'hommage
1637 5289 103 24 loyaliste

1209 5306 27 21 de
1248 5307 74 21 foules
1333 5309 177 25 enthousiastes,
1521 5311 20 21 lc
1553 5313 78 23 prince
1643 5313 27 21 de
1682 5315 57 20 Ga'-

1208 5330 39 25 les,
1260 5333 74 20 arrivé
1346 5337 26 17 ce
1385 5335 81 23 matin,
1479 5335 14 21 à
1507 5336 98 24 Cardiff,
1618 5343 107 21 accompa-

1208 5356 44 23 gné
1266 5357 28 21 de
1308 5358 57 21 MM.
1379 5359 70 24 Lloyd
1463 5360 95 25 George,
1572 5366 14 16 a
1600 5363 89 24 présidé
1710 5370 28 16 en

1208 5383 135 23 compagnie
1354 5382 31 22 du
1396 5384 66 21 vieux
1474 5385 77 21 leader
1561 5387 87 24 gallois,
1658 5388 33 21 les
1702 5389 25 21 cé-

1208 5407 114 21 rémonies
1351 5409 130 22 organisées
1510 5410 16 22 4
1555 5411 121 23 l'occasion
1709 5415 29 21 du

1207 5430 77 25 jubilé.

1233 5462 107 23 Acclamé
1358 5469 44 20 par
1419 5465 113 25 plusieurs
1550 5467 94 22 milliers
1675 5472 52 20 d'ou-

1207 5487 72 21 vriers
1293 5490 25 20 et
1332 5489 28 21 de
1376 5489 118 26 bourgeois
1509 5496 72 17 venus
1596 5493 28 21 de
1639 5494 52 21 tous
1707 5495 32 21 les

1207 5512 77 23 points
1306 5513 31 22 du
1358 5519 57 20 pays
1436 5520 58 21 pour
1514 5517 50 22 voir
1584 5518 49 21 leur
1654 5520 85 24 prince,

1207 5540 58 21 pour
1279 5537 73 26 lequel
1365 5539 28 22 ils
1406 5542 42 20 ont
1461 5545 46 18 une
1520 5543 131 25 sympathie
1665 5546 62 23 parti-

1207 5562 91 25 culière,
1313 5563 111 23 l'héritier
1440 5566 28 21 de
1484 5566 24 21 la
1523 5571 115 18 couronne
1655 5573 15 17 a
1685 5573 41 21 pro-

1207 5587 73 22 noncé
1295 5592 45 19 une
1356 5589 131 24 allocution.
1501 5602 27 6 —
1541 5593 78 25 Belga.

1819 1669 59 21 MM.
1890 1670 216 23 VANDERVELDE
2118 1670 25 21 et
2156 1669 98 21 SPAAK

1845 1700 58 22 MM.
1917 1702 126 22 HYMANS
2057 1702 24 22 et
2094 1700 133 22 BOVESSE

1912 1738 43 20 par
1967 1735 52 25 Ray
2031 1734 52 21 Ber.
2095 1742 28 6 —
2135 1732 27 20 A.

1798 1780 94 22 Samedi
1909 1783 52 25 soir,
1977 1784 18 21 il
2010 1788 17 21 y
2042 1782 64 27 avajt
2122 1780 63 22 foule
2203 1784 32 18 au
2251 1786 40 17 ver

1771 1804 98 26 ■"lissage.
1885 1807 63 23 Nous
1962 1813 31 17 ne
2010 1809 77 21 dirons
2103 1811 43 21 pas
2161 1806 56 25 qu'il
2232 1811 15 20 y
2262 1806 41 22 eut

1771 1830 175 26 «smboutelllage
1958 1834 14 21 ft
1983 1834 24 21 la
2017 1833 68 21 Porte
2097 1831 29 22 de
2136 1831 97 24 Namur,
2244 1832 60 20 mais

1770 1855 91 25 malgré
1873 1856 24 21 la
1910 1861 152 19 concurrence
2075 1857 29 21 de
2117 1857 83 20 l'autre
2214 1857 78 24 exposi-

1773 1879 50 22 tion
1846 1881 66 23 (celle
1932 1882 31 22 du
1982 1883 104 25 Heysel),
2105 1882 34 21 les
2159 1881 145 21 Humoristes

1773 1906 42 20 ont
1831 1905 46 22 fait
1893 1908 93 21 recette.
2002 1908 62 21 Tout
2080 1906 46 23 fait
2141 1905 92 26 prévoir
2250 1907 54 24 qu'il

1773 1933 30 17 en
1812 1934 53 17 sera
1875 1931 28 21 de
1914 1932 74 22 même
1999 1932 86 22 durant
2094 1931 35 22 les
2138 1931 116 21 semaines
2265 1932 38 24 qui

1772 1955 58 21 vont
1841 1955 84 22 suivre.
1938 1957 43 22 Les
1994 1957 119 22 occasions
2126 1956 29 21 de
2168 1956 90 21 sourire
2271 1961 33 16 un

1772 1979 53 21 brin
1838 1981 55 21 sont
1905 1981 21 21 si
1938 1984 73 20 rares!

1798 2004 98 21 Faisons
1912 2006 128 23 lentement
2055 2007 23 23 le
2094 2006 54 22 tour
2164 2006 42 21 des
2222 2006 69 21 cimal

1772 2032 47 22 ses;
1834 2030 25 21 la
1871 2033 139 21 promenade
2025 2033 36 21 est
2073 2030 143 26 attrayante,
2228 2031 76 25 pleine

1773 2054 168 26 d'inattendus;
1954 2057 33 22 les
1998 2056 144 24 cocasseries,
2152 2056 34 21 les
2197 2056 107 21 rosseries

1773 2083 25 18 se
1810 2079 136 25 bousculent
1957 2083 25 20 et
1993 2083 54 21 font
2058 2081 104 23 cascade.

1799 2103 66 22 Voici
1878 2105 61 22 Jean
1951 2107 75 21 Ancia
2039 2107 40 25 qui
2091 2110 84 21 expose
2189 2106 116 22 vraiment

1773 2128 54 25 trop
1841 2133 47 21 peu
1903 2130 28 22 de
1947 2132 89 25 choses;
2053 2134 44 19 son
2114 2138 9 11 ■
2141 2130 107 22 vestiaire
2265 2131 40 21 des

1767 2155 102 21 avocats
1879 2163 10 10 »
1902 2159 55 18 vous
1968 2157 119 24 divertira;
2099 2156 89 21 Marcel
2197 2156 109 25 Antoine,

1765 2176 31 25 Te
1806 2179 81 25 prince
1897 2180 41 21 des
1948 2181 145 26 Humoristes
2103 2181 78 24 aligne
2191 2184 47 18 une
2249 2185 45 21 par-

1774 2203 123 25 ticipation
1911 2205 46 22 très
1971 2206 149 26 importante;
2135 2206 19 21 il
2167 2210 16 16 a
2197 2205 80 25 ajouté
2291 2206 14 21 à

1773 2233 44 16 son
1832 2228 84 22 métier
1932 2230 71 22 d'hier
2018 2231 108 26 quelques
2142 2231 163 24 compositions

1773 2253 105 25 stylisées
1889 2254 49 22 fort
1950 2257 123 24 curieuses;
2090 2263 10 11 «
2113 2255 40 21 Un
2163 2255 92 22 maïeur
2267 2256 39 25 qui

1773 2283 16 16 a
1803 2279 34 21 du
1851 2279 70 21 chien
1936 2287 9 11 »
1966 2281 55 22 (une
2036 2280 128 26 quadruple
2179 2280 126 22 transition

1773 2303 124 22 amusante
1916 2304 64 24 entre
1998 2307 25 21 la
2041 2305 47 23 tête
2108 2306 28 21 de
2154 2306 33 21 M.
2205 2306 58 20 Max
2281 2306 24 21 et

1774 2327 57 22 celle
1850 2328 29 21 de
1896 2333 44 17 son
1956 2330 154 26 fox-terrier),
2128 2330 76 26 plaira
2222 2331 50 21 fort
2291 2330 15 21 à

1774 2353 68 21 notre
1855 2353 155 25 bourgmestre
2024 2355 79 26 quand
2115 2355 19 21 il
2146 2355 25 21 la
2184 2359 77 21 verra;
2277 2355 29 22 de

1773 2377 86 22 Denise
1871 2378 64 22 Becli
1946 2390 28 6 —
1985 2381 39 25 qui
2036 2386 15 16 a
2063 2380 55 25 déjà
2129 2380 47 21 fait
2188 2380 79 21 mieux
2279 2391 27 5 —

1774 2407 59 18 nous
1845 2403 145 23 retiendrons
2003 2410 34 16 un
2049 2405 72 25 profil
2134 2405 29 21 de
2177 2405 35 21 M"
2226 2406 80 21 Moro-

1775 2427 111 25 Giafferi;
1904 2429 29 21 de
1948 2430 122 25 Raymond
2085 2430 147 24 Berghmans
2247 2435 59 16 nous

1773 2451 146 26 préférerons
1937 2453 35 22 les
1987 2455 70 21 belles
2074 2454 60 22 têtes
2153 2455 109 25 cubiques
2279 2466 27 5 —

1775 2485 9 10 «
1797 2479 33 20 La
1840 2478 72 21 Force
1923 2487 10 10 »
1946 2480 145 21 notamment
2097 2490 27 5 —
2129 2479 16 21 ft
2151 2484 37 16 ses
2194 2480 112 25 portraits

1773 2502 97 25 charges
1888 2508 63 16 assez
1967 2505 86 24 ternes;
2072 2505 152 21 Jules-Marie
2242 2506 63 20 Can-

1773 2529 53 20 neel
1840 2528 37 21 est
1889 2528 49 21 fort
1951 2529 77 25 inégal
2041 2530 60 21 dans
2114 2534 37 17 ses
2165 2530 67 24 têtes,
2246 2535 59 16 nous

1773 2552 115 21 mettrons
1905 2553 55 21 hors
1976 2556 52 24 pair
2044 2559 44 17 son
2106 2554 75 22 comte
2199 2560 48 16 van
2264 2556 42 21 der

1773 2578 81 24 Burgh
1865 2577 32 25 et,
1910 2578 58 22 dans
1979 2584 34 16 un
2025 2580 66 21 autre
2104 2584 77 22 genre,
2193 2585 44 16 son
2249 2581 57 20 auto

1774 2606 31 17 en
1816 2605 66 20 verre
1894 2607 58 20 pour
1963 2605 104 21 nudistes
2079 2604 158 26 impénitents:
2251 2606 41 20 Vic-

1774 2626 38 22 tor
1830 2628 35 20 De
1885 2628 79 22 Groux
1981 2630 66 24 peint
2066 2630 28 20 de
2113 2630 86 24 petites
2217 2630 88 25 Images

1773 2651 96 22 d'allure
1883 2653 75 25 naïve,
1971 2655 59 20 mais
2042 2654 16 20 à
2063 2655 83 20 double
2153 2659 54 17 sens
2213 2666 28 5 —
2246 2656 60 20 dans

1775 2676 20 22 le
1807 2682 70 19 genre
1888 2677 60 25 léger
1958 2680 54 20 c'est
2023 2679 115 25 distingué
2149 2680 25 21 et
2184 2684 43 21 pas
2237 2680 55 22 Indé-

1775 2702 54 20 cent
1841 2707 59 20 pour
1912 2707 33 17 un
1957 2708 41 17 sou
2009 2715 29 5 —
2039 2709 7 20 ;
2060 2705 25 21 L.
2098 2705 153 24 Henderyckx
2265 2710 29 17 ex-

1774 2730 55 21 pose
1846 2727 28 21 de
1889 2727 50 21 fort
1952 2728 69 22 belles
2037 2729 164 25 compositions
2217 2735 88 17 comme

1774 2755 43 17 son
1831 2759 10 11 «
1855 2751 53 22 rêve
1921 2752 31 22 du
1964 2753 137 22 chemineau
2114 2762 9 11 »
2138 2759 45 20 par
2194 2756 111 24 exemple,

1774 2776 60 22 mais
1847 2777 56 21 c'est
1915 2782 33 17 un
1960 2783 44 20 peu
2017 2779 29 21 de
2058 2779 117 21 l'humour
2188 2780 104 25 chagrin.

1799 2800 44 22 Les
1880 2802 82 22 alertes
1979 2804 89 25 croquis
2085 2804 30 22 de
2132 2805 76 22 Marie
2224 2806 81 21 Dubas

1775 2825 59 22 dans
1849 2831 38 17 ses
1902 2828 120 25 chansons,
2037 2834 44 20 par
2096 2830 91 21 Jeanne
2202 2830 100 25 Hovine;

1773 2851 110 22 Fernand
1899 2852 88 22 Janson
2001 2858 16 16 a
2033 2854 90 25 croqué,
2139 2854 40 24 lui,
2194 2855 34 22 les
2244 2856 60 21 têtes

1773 2875 33 24 les
1823 2876 53 26 plus
1894 2877 197 26 caractéristiques
2108 2879 32 22 du
2157 2880 105 24 barreau,
2280 2881 24 20 et

1775 2904 55 19 avec
1843 2902 118 26 beaucoup
1973 2903 28 21 de
2013 2904 85 25 talent;
2114 2905 73 21 Henri
2199 2905 104 21 Lemaire

1774 2926 60 21 aime
1849 2927 34 21 les
1896 2925 115 28 portraits,
2024 2933 44 16 son
2085 2937 9 9 ■
2109 2929 74 22 Emile
2197 2930 94 21 Vander-

1774 2951 64 21 velde
1854 2959 10 11 »
1880 2951 22 21 le
1915 2951 85 26 patron
2012 2957 70 20 rouge
2096 2954 37 20 est
2147 2958 63 17 assez
2223 2955 67 20 saisis-

1774 2976 63 24 sant;
1862 2976 64 21 Jules
1947 2977 137 25 Lempereur
2105 2983 60 18 nous
2187 2979 61 22 offre
2271 2984 32 16 un

1774 3000 43 21 «•tir
1834 3001 16 21 ft
1867 3001 56 21 l'arc
1941 3009 19 17 »,
1977 3001 47 22 très
2040 3003 67 25 beau,
2124 3002 48 22 très
2190 3004 113 25 puissant,

1775 3025 46 23 «Tes
1831 3026 119 21 lumineux
1961 3027 67 25 aussi,
2038 3028 59 21 mais
2108 3028 39 25 qui
2156 3028 147 26 s'apparente

1774 3053 43 22 peu
1831 3052 15 20 à
1857 3051 122 22 l'humour.
2180 3055 8 9 ■

1798 3075 80 22 Albert
1893 3076 85 21 Lenolr
1992 3076 84 23 réussit
2090 3079 164 24 superbement
2269 3079 33 22 les

1774 3100 59 22 têtes
1847 3106 30 16 en
1891 3101 65 24 beige
1970 3106 31 17 ou
2014 3102 67 21 blanc
2096 3107 40 17 sur
2149 3103 59 22 fond
2222 3104 79 25 jaune:

1774 3124 15 22 11
1804 3130 15 20 y
1833 3126 50 21 met
1897 3130 46 17 une
1957 3126 113 26 précision
2084 3128 39 25 qui
2137 3133 31 17 ne
2182 3129 121 25 pardonne

1773 3150 59 25 rien;
1848 3150 18 21 il
1880 3155 15 17 a
1907 3151 66 25 peint
1986 3155 34 17 un
2032 3152 99 25 Llppens
2145 3154 83 25 auquel
2241 3153 18 22 il
2272 3159 30 16 ne

1773 3179 100 21 manque
1887 3176 116 22 vraiment
2017 3181 43 20 que
2086 3178 23 21 la
2136 3179 86 24 parole.
2249 3179 54 21 Rail

1772 3200 106 22 s'oriente
1897 3201 29 21 de
1945 3201 52 25 plus
2015 3206 31 16 en
2063 3202 51 25 plus
2132 3207 52 17 vers
2202 3203 23 21 le
2243 3204 60 21 beau

1773 3225 78 21 dessin
1862 3226 174 25 d'illustration;
2050 3228 54 21 c'est
2116 3232 34 16 un
2161 3233 70 19 genre
2245 3228 58 22 dans

1772 3249 74 25 lequel
1867 3251 18 20 11
1907 3251 91 25 excelle,
2019 3256 36 16 ses
2076 3253 163 25 compositions
2273 3259 22 16 ei

1773 3275 90 21 ombres
1875 3275 25 22 et
1911 3275 108 24 lumières
2031 3276 29 21 où
2072 3277 63 21 toute
2147 3282 47 17 une
2206 3282 84 21 person-

1772 3299 73 22 nalité
1856 3301 114 21 s'affirme
1981 3301 129 22 nettement
2121 3302 21 22 le
2153 3302 149 23 classeraient

1773 3325 77 20 mieux
1861 3325 59 21 dans
1931 3330 46 16 une
1989 3326 66 21 autre
2066 3326 113 26 catégorie
2191 3332 44 21 que
2247 3328 55 21 celle

1773 3348 40 22 des
1831 3350 149 26 humoristes;
2001 3355 49 17 non
2068 3356 42 20 pas
2129 3353 55 24 qu'il
2202 3357 100 21 manque

1773 3373 122 22 d'humour
1907 3376 60 20 mais
1979 3380 69 20 parce
2060 3381 44 21 que
2116 3377 115 22 l'humour
2243 3379 59 21 n'est

1772 3402 42 21 pas
1827 3404 27 16 sa
1867 3400 87 24 qualité
1967 3401 139 22 dominante.

1798 3424 88 21 Robert
1897 3425 54 21 Van
1962 3426 42 21 der
2016 3425 107 22 Straeten
2135 3432 54 20 pose
2202 3432 33 17 un
2248 3433 42 20 pro-

1772 3447 75 23 blème
1861 3450 101 24 curieux,
1976 3455 43 16 son
2033 3452 220 25 Kupfferschlaeger
2267 3453 35 21 est

1771 3473 123 22 saisissant
1913 3474 28 23 de
1958 3475 73 21 vérité
2048 3476 30 25 et,
2097 3476 15 21 ft
2130 3477 50 21 côté
2199 3478 28 21 de
2246 3478 56 24 cela,

1771 3501 44 18 son
1829 3499 53 21 Van
1897 3499 102 22 Zeeland
2013 3501 120 21 ressemble
2150 3502 14 20 à
2180 3503 122 25 n'importe

1771 3523 46 23 qui,
1831 3524 57 21 sauf
1903 3528 31 17 au
1948 3526 100 23 premier
2061 3526 114 25 ministre;
2193 3527 109 25 ajoutons

1772 3548 115 21 d'ailleurs
1898 3553 43 20 que
1952 3554 36 16 ses
2000 3551 77 20 autres
2088 3556 90 18 œuvres
2188 3554 42 20 ont
2242 3553 47 21 d'in-

1771 3572 118 22 déniables
1907 3574 107 24 qualités;
2035 3576 46 20 Jan
2097 3576 53 21 Van
2181 3577 120 25 Cleemput

1771 3597 114 25 présente,
1896 3603 89 17 comme
1997 3600 28 21 de
2037 3600 105 22 coutume
2154 3601 28 22 de
2193 3601 48 22 très
2252 3603 37 21 bel-

1772 3622 33 22 les
1826 3624 163 23 compositions
2009 3625 136 22 d'ensemble
2167 3637 27 5 —
2213 3631 27 17 sa
2261 3632 40 16 rue

1771 3647 31 20 du
1819 3648 96 21 Renard
1931 3649 66 23 entre
2015 3650 77 21 autres
2107 3661 28 5 —
2150 3651 25 21 et
2192 3656 34 16 un
2242 3652 59 25 petit

1771 3672 94 21 tableau
1874 3673 141 26 symbolique
2024 3674 92 22 intitulé
2128 3683 9 11 «
2147 3676 133 26 Printemps
2291 3686 8 10 »

1771 3696 30 21 où
1810 3697 47 21 l'on
1866 3698 55 23 voit,
1931 3698 51 22 côte
1991 3699 16 21 ft
2017 3699 57 24 côte,
2083 3704 46 17 une
2139 3702 150 21 communian-

1770 3721 49 22 te...
1834 3722 25 21 et
1872 3723 22 20 le
1909 3723 56 21 bain
1979 3723 28 22 de
2022 3724 53 25 pied
2090 3724 31 21 du
2134 3726 72 24 papal
2222 3727 79 20 Victor

1770 3746 71 21 T'Sas
1855 3747 39 24 qui
1908 3753 14 15 a
1934 3748 65 24 signé
2012 3749 25 21 la
2050 3749 47 21 très
2110 3750 118 22 souriante
2243 3752 45 20 affi-

1771 3771 43 21 che
1829 3771 33 22 du
1877 3772 78 25 Salon,
1970 3778 83 19 expose
2068 3779 46 16 une
2128 3774 59 22 série
2203 3775 29 22 de
2248 3776 40 21 des-

1770 3795 49 21 sins
1838 3800 56 18 avec
1913 3796 116 27 légendes;
2051 3799 54 21 c'est
2124 3800 32 20 du
2174 3799 49 22 très
2241 3801 59 21 beau

1771 3820 91 25 travail,
1879 3821 48 23 très
1944 3823 177 25 consciencieux,
2137 3829 56 16 sans
2211 3829 89 18 aucune

1771 3844 161 23 désinvolture:
1953 3847 32 21 les
2004 3848 108 21 tranches
2144 3849 28 21 de
2204 3850 36 21 vie
2272 3851 28 21 de

1770 3869 101 22 Nanreff
1891 3870 109 24 méritent
2021 3873 53 21 bien
2094 3877 33 17 un
2146 3874 52 24 prix
2218 3875 70 21 d'hon-

1769 3898 66 17 neur;
1849 3900 29 16 sa
1891 3903 10 11 «
1914 3896 95 23 fanfare
2023 3906 18 16 »,
2053 3902 43 16 son
2110 3905 9 11 «
2133 3903 69 20 repas
2215 3899 28 21 de
2256 3904 32 17 no

1770 3923 25 17 ce
1808 3919 16 21 à
1835 3919 24 21 la
1872 3924 126 22 campagne
2012 3931 10 10 •
2036 3923 150 22 contiennent
2198 3924 29 21 de
2239 3925 49 21 l'hu-

1770 3948 67 16 mour
1849 3949 30 17 en
1892 3946 141 25 comprimés.

1796 3969 61 21 Mais
1873 3975 30 16 en
1917 3975 94 22 somme,
2025 3972 18 21 il
2058 3972 103 22 faudrait
2175 3973 59 22 citer
2248 3974 52 22 tout

1770 3992 21 23 le
1805 3994 91 21 monde.

1797 4018 85 22 Wllcar
1894 4020 24 22 et
1929 4025 37 17 ses
1980 4029 9 10 «
2002 4022 102 21 sombres
2115 4022 108 22 histoires
2237 4031 9 11 »
2261 4024 38 25 qui

1770 4046 29 17 ne
1810 4044 55 20 sont
1876 4048 42 21 pas
1929 4050 58 20 pour
1998 4047 33 21 les
2041 4047 83 25 petites
2136 4047 70 24 filles;
2221 4048 78 21 Stras-

1772 4068 54 24 •Seny
1860 4068 15 21 ft
1892 4069 24 21 la
1931 4070 103 23 manière
2052 4072 27 21 de
2096 4072 109 22 Permeke
2224 4078 30 18 ou
2272 4074 27 21 de

1771 4092 145 26 Modlaglinl;
1934 4095 109 22 Fernand
2061 4096 126 22 Scouflaire
2206 4098 39 24 qui
2262 4099 38 20 n'a

1771 4120 42 20 pas
1833 4118 100 24 dépensé
1954 4121 60 22 cette
2035 4121 45 21 fois
2114 4121 39 21 des
2195 4123 105 25 prodiges

1772 4141 183 27 d'imagination;
1971 4145 69 22 Louis
2053 4146 48 21 Lou
2116 4147 24 20 et
2153 4151 37 16 ses
2204 4152 84 20 person-

1770 4169 72 21 nages
1859 4170 98 21 souvent
1973 4170 144 22 fantaisistes
2134 4171 25 21 et
2176 4172 53 24 plus
2246 4178 41 16 sou-

1771 4191 54 21 vent
1844 4192 102 26 dévêtus;
1967 4195 60 21 Jean
2044 4196 79 24 Emile,
2140 4196 46 21 Léo
2204 4197 36 25 Jo,
2276 4199 22 20 P.

1770 4215 96 27 Gravez,
1885 4218 68 22 Carlo
1972 4220 123 25 Carldana,
2127 4221 25 21 et
2182 4221 53 22 tous
2267 4223 33 21 les

1771 4240 84 22 autres.

1797 4265 21 21 Il
1832 4271 15 19 y
1861 4271 15 16 a
1890 4267 59 22 deux
1962 4269 89 23 bonnes
2064 4270 83 21 heures
2162 4270 15 21 ft
2191 4275 79 21 passer
2285 4272 14 21 ft

1772 4290 147 25 [Exposition
1942 4293 27 22 de
1993 4295 102 21 l'avenue
2118 4295 29 21 de
2169 4296 24 20 la
2216 4297 84 21 Toison

1772 4320 14 14 a
1792 4315 40 24 Or,
1847 4316 53 24 près
1914 4317 40 22 des
1970 4319 104 22 cimaises
2089 4319 28 23 de
2132 4320 122 25 l'humour,
2269 4322 31 21 du

1773 4340 83 21 sourire
1873 4342 25 21 et
1915 4342 28 21 de
1960 4343 93 26 l'esprit,
2082 4349 55 16 sans
2167 4345 132 25 prétention

1771 4364 91 24 simples
1869 4366 24 20 et
1900 4369 212 23 narquois.comme
2129 4369 33 22 les
2179 4370 81 22 choses
2276 4372 24 21 et

1771 4389 33 22 les
1817 4394 56 20 gens
1887 4391 29 21 de
1930 4392 55 22 chez
1998 4398 65 17 nous.

2019 4424 90 22 Gaston
2121 4425 151 23 CHANDRY.

1835 4487 195 33 DISPARITION
2058 4491 175 30 D'ENFANTS

1863 4551 44 23 (De
1921 4553 67 22 notre
2004 4554 195 25 correspondant.)

1791 4579 72 25 Paris,
1879 4582 26 20 12
1920 4584 55 20 mai.
1989 4595 29 5 —
2034 4586 55 20 (Par
2105 4584 28 21 fil
2148 4585 103 25 spécial.)
2270 4597 27 5 —

1766 4604 38 20 On
1823 4606 124 23 recherche
1967 4609 106 25 toujours
2093 4609 24 21 la
2136 4610 74 25 petite
2231 4611 53 21 Hen-

1766 4629 67 22 riette
1849 4631 122 27 Henlnger,
1988 4634 56 26 âgée
2060 4635 28 20 de
2105 4635 69 20 treize
2191 4640 50 19 ans,
2257 4636 40 24 qui

1765 4654 63 20 avait
1842 4655 51 27 fait,
1908 4658 109 22 vendredi
2030 4659 96 25 dernier,
2141 4659 76 22 l'école
2233 4661 63 21 buis-

1765 4678 112 23 sonnlère.

1791 4704 32 21 Sa
1838 4705 63 22 mère
1918 4706 33 23 lui
1967 4708 38 26 fit,
2022 4709 22 22 le
2061 4709 53 28 soir,
2130 4709 30 21 de
2177 4710 63 21 vives
2258 4711 25 20 ré-

1766 4728 137 25 primandes,
1926 4733 56 21 dont
2001 4734 25 21 la
2048 4735 11 20 f
2059 4732 72 24 mette
2153 4739 26 17 se
2202 4736 93 20 montra

1767 4752 45 22 Jès
1827 4754 106 24 affectée.

1789 4778 32 21 Le
1844 4779 138 30 lendemain,
2007 4785 51 20 M""
2082 4788 71 17 veuve
2177 4785 119 24 Henlnger

1766 4803 71 23 partit
1856 4809 59 20 pour
1932 4811 44 18 son
1996 4808 84 22 travail
2100 4813 88 18 comme
2209 4810 16 21 ft
2242 4809 53 22 l'or-

1767 4828 85 21 TUnaire
1866 4830 16 20 à
1895 4831 13 20 6
1921 4831 90 25 heures.
2026 4835 35 20 En
2075 4833 115 26 rentrant,
2202 4834 15 22 à
2231 4835 58 21 midi

1768 4853 39 20 îlle
1823 4857 29 17 ne
1869 4854 82 24 trouva
1967 4858 67 25 point
2049 4863 28 17 sa
2092 4858 49 23 fille
2158 4859 67 25 mais,
2242 4860 53 21 bien

1767 4881 27 17 jn
1807 4878 107 24 évidence
1927 4886 41 18 sur
1980 4884 24 20 ia
2018 4883 62 22 table
2092 4888 45 17 une
2152 4885 68 20 lettre
2235 4885 60 20 ainsi

1768 4905 81 22 ■Tonçue
1868 4908 6 17 :

1792 4934 9 11 «
1826 4928 85 24 Quand
1934 4935 55 19 vous
2013 4933 55 21 lirez
2092 4933 59 21 cette
2172 4933 75 25 lettre,
2272 4935 22 24 Je

1764 4953 58 19 serai
1840 4953 48 22 loin
1906 4955 52 22 d'Ici
1975 4958 26 21 et
2019 4963 56 16 mon
2093 4962 55 18 nom
2166 4963 53 19 sera
2237 4961 57 24 rayé

1765 4978 25 19 ie
1807 4978 23 20 la
1847 4978 52 22 liste
1916 4981 40 22 des
1972 4983 98 23 vivants.

1789 5008 16 12 »•
1814 5002 193 26 Pardonnez-moi
2026 5008 52 21 tout
2097 5008 22 22 le
2139 5009 49 21 mal
2207 5013 43 21 que
2270 5010 23 24 Je

1762 5027 49 20 vais
1829 5031 56 18 vous
1900 5030 65 22 faire.
1984 5033 62 21 Tous
2063 5034 54 20 sont
2136 5034 80 21 contre
2233 5035 57 24 moi;

1765 5052 47 20 ;out
1822 5053 119 26 m'accuse,
1954 5057 50 21 tout
2016 5058 176 21 m'abandonne.
2205 5060 88 20 Encore

1763 5079 43 18 une
1824 5077 45 20 fols
1887 5081 195 23 pardonnez-moi.
2100 5083 79 26 Adieu,
2196 5088 97 17 maman

1763 5099 24 21 et
1798 5105 56 17 mon
1866 5102 67 25 frère.
1947 5113 9 11 »

1787 5126 39 20 On
1838 5131 26 18 se
1880 5128 112 25 demande
2005 5133 21 20 si
2040 5133 24 22 la
2078 5133 72 25 petite
2165 5133 55 25 fille,
2236 5135 58 21 dont

1762 5150 23 20 la
1804 5150 63 22 trace
1887 5153 39 21 n'a
1941 5159 43 21 pas
2003 5157 37 22 été
2059 5157 125 26 retrouvée,
2205 5164 30 16 ne
2255 5160 38 21 fut

1762 5178 42 20 pas
1827 5176 118 24 entraînée
1968 5185 44 21 par
2035 5183 40 21 des
2099 5182 112 23 relations
2235 5184 44 22 dou-

1761 5200 81 21 teuses.

1761 5248 27 12 n.
1786 5225 32 21 As
1818 5229 23 31 S
1842 5230 13 16 z
1870 5226 11 21 t
1881 5231 14 29 ?
1895 5227 36 22 rie
1932 5245 5 8 -
1953 5232 119 21 mesurant
2089 5233 11 20 1
2115 5237 30 17 m.
2162 5234 33 23 60,
2210 5234 24 21 la
2250 5238 28 21 pe-

1761 5252 41 17 nte
1817 5252 119 22 Henriette
1951 5255 117 26 Henlnger
2082 5258 77 24 parait
2173 5259 120 25 beaucoup

1761 5275 51 22 plus
1822 5280 27 17 oe
1862 5277 67 22 treize
1942 5284 49 20 ans,
1999 5282 25 21 et
2035 5287 27 16 sa
2073 5283 137 24 disparition
2221 5289 58 20 pour-

1761 5300 52 31 rait,
1818 5300 48 21 être
1880 5305 45 19 une
1935 5303 81 27 simple
2031 5308 76 24 fugue.

1771 5340 2 3 ■
1786 5328 20 15 "
1814 5325 66 21 autre
1901 5329 59 23 part,
1980 5331 31 21 M.
2033 5332 99 26 Baudez,
2154 5334 137 22 demeurant

1761 5349 31 23 83,
1805 5349 124 26 boulevard
1942 5354 27 20 de
1982 5356 135 26 Courcelles,
2132 5364 15 16 a
2160 5358 88 25 signalé
2261 5365 30 16 au

1760 5375 168 23 commissariat
1940 5378 29 22 de
1983 5385 43 17 son
2040 5383 102 24 quartier
2157 5384 23 21 la
2192 5385 86 24 dispari-

1760 5398 48 20 tion
1823 5400 27 20 de
1862 5404 28 18 sa
1902 5402 48 21 fille
1964 5405 83 25 Nicole,
2061 5407 55 25 âgée
2130 5408 27 22 de
2171 5413 55 18 onze
2241 5414 49 18 ans.

1760 5438 51 22 ,,.r,
1839 5424 20 36 S
1859 5429 6 16 1
1867 5426 27 20 "'
1913 5427 34 20 est
1944 5452 6 8 ,
1964 5429 29 22 de
2010 5431 64 22 talIle
2092 5433 82 22 ■•■'n'-e-
2189 5435 48 22 Elle
2256 5437 35 19 est

1760 5451 37 37 S»
1815 5473 28 15 h.
1861 5454 31 34 UE
1892 5455 13 16 6
1918 5452 41 21 rob
1959 5468 18 20 tv
1984 5459 59 17 man
2042 5461 18 15 '°
2061 5462 16 15 n
2089 5461 25 18 et
2127 5459 66 25 grise,
2205 5460 73 21 chaus-

1760 5473 37 20 sée
1815 5473 28 21 de
1862 5474 142 26 chaussettes
2021 5481 110 23 blanches
2147 5485 25 20 et
2190 5485 28 21 de
2236 5490 54 16 sou-

1760 5496 25 43 in
1802 5502 12 16 S
1813 5498 88 41 J?v?™
1903 5505 12 15 s
1916 5515 21 24 *.-
1944 5502 48 22 EUe
1983 5529 20 10 ™
2016 5511 15 16 a
2053 5507 74 23 ciultté
2151 5514 43 16 ^
2218 5514 73 21 cours,

1760 5522 31 22 30,
1813 5527 88 18 avenue
1923 5524 40 24 des
1983 5529 93 26 Ternes,
2098 5537 55 17 avec
2176 5534 23 21 la
2221 5535 69 23 jeune

1760 5549 118 37 ™5=T-i?
1877 5554 13 16 e
1892 5574 6 6 '
1903 5550 24 21 la
1933 5576 8 10 .
1940 5552 60 25 Puyc
2002 5568 5 9 '
2021 5559 30 17 en
2065 5556 120 23 déclarant
2198 5561 92 24 qu'elles

1759 5572 106 49 cV&tte"
1933 5576 34 23 to
1982 5578 59 23 deux
2056 5585 31 17 en
2101 5582 108 27 Bae'ïue
2223 5585 15 21 à
2254 5586 35 21 W-

2338 490 16 17 I.
2366 498 23 5 —
2401 488 60 18 POIX
2474 488 33 17 DU
2521 489 73 17 CHIEN
2607 490 64 17 VEUT
2687 492 19 18 (9
2710 492 34 17 COO
2757 493 32 20 fr„
2804 493 48 19 1,D00

2317 510 87 19 mèta-es).
2421 517 23 5 —
2461 509 16 17 I.
2495 509 100 20 «Oa-niaa-s-o,
2613 509 12 18 à
2641 511 26 18 M.
2685 512 24 19 a.
2726 513 125 20 Parmentier,

2319 529 41 21 15/4
2375 529 107 20 (Deci-dx);
2495 529 17 17 a.
2525 529 102 21 Framolet,
2640 532 11 17 k
2664 532 25 17 M.
2702 533 17 18 J.
2732 533 42 18 Van
2785 533 60 18 Btoâle

2318 551 31 18 5/4
2370 551 26 18 (S.
2413 549 54 18 Ellis)
2473 552 5 16 :
2496 551 16 16 3.
2529 550 25 17 At
2570 551 51 21 Laat,
2639 554 12 17 t
2666 552 26 19 M.
2709 553 18 17 R
2748 553 65 19 Visart
2828 555 23 17 de

2317 571 98 17 Booarme.
2433 569 41 19 11/3
2494 570 102 19 (Postula).

2338 590 42 16 Non
2394 589 55 20 place
2465 593 5 14 :
2485 590 66 19 Orlon,
2568 591 41 19 11/4
2627 592 118 21 (Denalgre).

2339 610 31 19 3/4
2387 610 100 19 longueur;
2505 610 10 16 2
2532 610 102 21 longueurs

2339 631 70 19 Pcsnge
2429 633 6 13 :
2453 630 53 19 18.50.
2525 630 16 17 7.
2541 639 23 4 —
2565 635 5 15 ;
2589 632 46 17 8.—.

2339 650 79 16 Pelouse
2436 653 5 13 :
2459 651 55 19 22.50,
2532 652 46 19 8.—;
2597 653 16 16 6.
2613 661 23 4 —
2636 665 6 6 .

2338 671 28 16 De
2384 670 46 17 bout
2447 674 25 13 en
2489 671 52 19 bout.

2339 697 25 17 II.
2387 705 23 5 —
2432 697 59 17 PRIX
2515 698 141 19 GODEFROID
2679 702 31 17 I»
2732 703 119 18 BOUTIXOIS

2320 717 70 20 (10,000
2402 717 19 16 lr
2429 729 5 7 ,
2449 718 49 19 1,000
2510 720 43 18 m.).
2564 728 23 6 —
2600 721 15 17 1.
2628 721 80 21 Dlorlte,
2721 723 12 18 Il
2745 724 26 17 M.
2784 725 18 16 R
2820 725 24 17 Vi-

2318 738 42 16 sart
2378 737 23 17 de
2418 738 98 21 Bocarme,
2535 740 32 18 0/4
2588 741 120 21 (Denulgre);
2726 743 17 18 2.
2761 737 84 24 Pabl'ana

2318 763 12 11 a
2345 757 27 18 M.
2388 757 27 18 W.
2431 758 94 21 Jochems,
2542 760 33 19 9/4
2594 761 28 18 (E.
2637 762 66 21 Bllls);
2719 763 17 18 3.
2752 764 90 18 Britanni-

2317 780 42 17 que,
2377 778 12 17 à
2405 778 27 17 M.
2448 779 99 19 Bauwens.
2565 781 32 18 g/2
2618 782 82 20 (Speer).

2339 798 42 16 Non
2395 797 64 20 placés
2475 802 5 14 :
2494 799 57 17 Billet
2564 801 53 19 Bleu.
2633 801 40 19 13/2
2690 803 31 18 (O.
2734 804 117 20 K-a-ohove);

2317 818 88 19 aaracas,
2420 818 31 19 5/1
2469 819 88 21 (Evans);
2572 821 105 21 Verdenne,
2692 823 42 20 20/1
2751 825 92 18 (Merci*-:)

2339 838 55 19 Tête;
2409 838 9 17 1
2431 838 31 20 1/2
2476 839 98 21 longueuj.

2340 858 72 19 Pesage
2429 861 7 14 :
2454 859 26 17 15.
2481 868 23 4 —
2526 860 46 20 8.—;
2592 862 44 17 7.50.

2339 878 80 18 TPelouse
2440 882 7 14 :
2468 879 54 21 13.B0,
2543 880 47 22 8.—;
2611 882 45 18 7.-4).

2339 898 88 17 Fablana
2450 902 12 13 a
2484 900 55 17 mené
2559 902 77 20 Jusqu'à.
2660 904 137 18 7-ljvte-sootlon
2820 907 33 17 des

2318 918 60 19 pistes
2397 918 24 18 où
2442 919 35 17 elle
2496 920 50 18 était
2565 922 90 20 attaquée
2674 927 35 16 par
2727 926 73 17 Dlortte
2821 927 33 17 oui

2318 938 118 20 l'emportait
2453 940 24 17 de
2494 941 88 21 Justease.

2339 964 36 19 in.
2388 974 23 5 _
2423 966 59 17 PRIX
2495 967 33 17 DU
2541 968 122 19 SOLBOSCH
2679 971 68 20 (10,000
2760 972 32 20 fr.,
2804 973 50 19 2,200

2325 986 81 18 netrea).
2418 993 23 5 —
2453 988 15 16 i.
2480 988 73 19 Kazak,
2566 988 12 17 k
2590 989 26 21 M,
2628 990 24 18 o.
2664 990 27 18 du
2701 992 46 17 Boas
2762 993 38 17 (R.)
2822 993 31 17 8/1

2330 1005 130 21 Bracltoleer);
2479 1007 16 17 2.
2512 1008 101 22 Ronranla.
2629 1010 12 17 à
2657 1011 27 18 M.
2701 1013 21 16 A.
2738 1012 28 17 De
2782 1005 65 25 wéver

2322 1024 27 19 7/1
2367 1025 27 18 (L.
2408 1026 74 20 Pratt);
2497 1029 16 16 3.
2527 1028 64 21 Micky
2603 1030 72 20 Mouse,
2689 1031 12 18 i
2714 1032 51 17 Mme
2778 1033 20 17 P.
2812 1034 42 16 Van

2319 1045 81 20 De-lren,
2419 1046 31 19 6/1
2472 1048 33 17 (M.
2524 1049 115 19 Kerehove).

2340 1065 43 17 Non
2400 1066 64 20 placés
2482 1072 5 13 ;
2506 1069 57 16 Amas
2580 1069 52 21 d'Or,
2650 1071 42 19 20/1
2713 1072 76 19 (Pswés)
2795 1076 5 15 ;
2818 1074 36 16 Roi

2319 1085 62 20 Soleil,
2400 1086 42 20 12/1
2461 1087 94 20 (Shlfner)
2561 1092 6 16 ;
2584 1090 71 20 Otalon,
2673 1091 31 19 7/1
2724 1092 36 18 (w.
2776 1093 77 19 Speer)-

2319 1105 107 21 Plétrange.
2444 1106 31 20 7/2
2495 1108 92 21 (Heapy);
2605 1111 124 19 Oh-eeecejte,
2748 1113 41 20 12/1
2810 1106 43 26 (Di*

2319 1125 76 21 boodt);
2412 1126 76 21 Altona,
2507 1129 31 18 6/1
2558 1130 103 20 IMexcla).

2340 1147 11 16 3
2369 1145 110 21 longueua-s;
2498 1148 11 16 5
2525 1148 103 20 longueurs

2341 1166 72 20 Pesage
2431 1170 6 14 :
2454 1167 55 20 21.50,
2526 1169 47 19 8.50;
2590 1170 46 19 8.50:
2654 1171 45 18 8.64).

2341 1186 79 17 Pelouse
2442 1190 6 15 :
2468 1187 56 21 33.50,
2547 1189 55 20 12.50;
2625 1191 57 20 10.50;
2704 1192 50 17 U.—
2753 1204 6 6 .

2341 1205 102 21 Flétrange
2457 1211 13 13 a
2483 1208 56 17 mené
2551 1209 68 20 Jusque
2633 1211 49 18 dans
2695 1215 21 14 sa
2729 1212 51 19 ligne
2795 1213 60 18 droste

2320 1225 24 17 où
2359 1226 67 17 Kazak
2441 1231 21 13 se
2477 1224 105 23 détachait.

2341 1252 32 18 IV.
2387 1261 24 4 —
2423 1253 60 17 PRIX
2498 1255 31 16 DE
2544 1252 30 20 LA
2588 1256 69 17 VTIiLK
2671 1258 32 17 DE
2717 1258 138 18 BRCXEUJES

2324 1271 68 18 (2OO00
2406 1273 31 20 fr.,
2452 1274 50 19 2,400
2515 1275 44 18 m.).
2571 1284 23 4 —
2608 1276 15 20 1.
2637 1277 26 17 Le
2675 1277 78 21 Vés-uv»,
2767 1280 11 17 »
2792 1280 20 16 M
2831 1281 18 16 H

2321 1292 79 19 CV-ppes,
2417 1293 33 19 4/1
2470 1295 103 19 (MorJBM);
2591 1296 17 18 1.
2624 1296 38 20 cif,
2680 1298 11 16 k
2708 1299 26 16 M.
2752 1300 27 15 Oh
2802 1300 55 16 Klet-

2321 1315 100 16 nennann,
2437 1313 31 19 5/3
2487 1315 121 21 (Denalgre);
2623 1317 17 17 3.
2653 1317 97 19 Dulcinée,
2765 1320 12 16 à
2791 1320 27 16 M.
2832 1320 18 16 O

2320 1331 26 17 du
2362 1332 45 18 Bois
2428 1334 48 20 (R.),
2495 1335 43 18 11/4
2558 1336 137 21 (Bs-ackeleer).

2343 1351 41 18 Non
2397 1353 64 18 placés
2475 1358 6 12 :
2495 1355 152 21 Johannesburg,
2662 1358 41 18 is/1
2720 1359 23 16 fP
2760 1359 84 17 Hoooe--)
2850 1364 5 5 ■

2321 1372 104 30 M-rurçellne
2446 1373 41 19 13/1
2505 1375 26 18 (S.
2545 1375 64 20 Ellis);
2623 1376 63 21 TXvUa,
2700 1378 33 19 8/4
2750 1367 87 31 («35er
2849 1383 6 18 ;

2321 1392 62 16 Muslo
2396 1393 50 19 Hall,
2462 1394 41 18 16/1
2521 1395 27 18 (E.
2562 1396 65 20 DBIs);
2642 1397 64 20 Tlba-a,
2720 1399 32 18 8/1
2769 1400 78 17 (Evans)

2342 1411 33 19 3/4
2392 1412 100 21 longueuo-;
2510 1415 95 19 enoolure.

2342 1432 72 20 Pesage
2431 1436 6 13 ;
2453 1433 28 17 24.
2482 1442 22 4 —
2504 1445 6 9 ,
2526 1435 16 16 7.
2542 1443 23 4 —
2566 1439 6 15 ;
2588 1436 10 17 6
2604 1444 23 5 —
2629 1440 5 6 •
2650 1438 12 17 t

2343 1451 80 18 Pelouse
2438 1457 6 13 :
2459 1453 55 20 24.80,
2530 1454 46 21 7.80;
2591 1457 47 19 6.—;
2653 1449 43 26 s'*e*

2345 1472 62 18 MilsIc
2421 1473 45 18 Hall
2482 1478 12 13 a
2508 1475 56 17 mené
2577 1476 69 20 Jusque
2660 1479 51 17 dans
2724 1479 19 19 le
2758 1480 95 18 tourivant

2323 1492 25 16 où
2364 1493 92 18 Dulcinée
2472 1496 74 18 passait
2561 1500 26 13 en
2602 1497 46 21 tête,
2664 1499 62 18 suivie
2741 1500 25 17 de
2781 1501 26 17 Le
2822 1493 36 25 Vél

2323 1515 47 15 suv»
2386 1514 21 17 et
2424 1514 38 18 Cif.
2479 1515 42 17 Aux
2538 1517 93 22 tribunes,
2648 1520 26 16 Le
2691 1519 73 19 Vésuve
2782 1522 77 19 prenait

2324 1532 18 18 le
2354 1534 93 18 meUIeur.

2343 1560 22 18 V.
2377 1569 23 4 —
2411 1561 60 18 PRIX
2482 1562 31 17 DE
2525 1563 30 17 LA
2568 1564 164 19 SABLONNIERE
2747 1567 69 19 (1O00O
2827 1568 20 17 fr

2323 1580 51 18 2.150
2387 1581 45 18 m.).
2445 1590 23 4 —
2483 1583 15 17 l.
2513 1583 60 18 Clean
2587 1585 59 20 style,
2660 1586 14 17 k
2687 1587 27 16 M.
2729 1587 24 17 O.
2768 1587 26 17 du
2808 1581 51 26 Boul

2324 1600 31 19 7/2
2376 1602 139 21 (Brackeleer);
2533 1604 19 17 3.
2568 1605 54 17 Walk
2639 1606 57 21 Over,
2714 1606 12 18 à
2743 1608 27 17 M.
2787 1608 18 17 R
2827 1608 23 17 Vi-

2324 1621 42 16 sart
2382 1622 23 16 de
2420 1622 99 20 Bocarme,
2536 1624 43 19 11/3
2598 1626 89 20 (Evans);
2704 1627 18 17 S.
2738 1628 29 16 ao
2783 1628 71 19 Strong

2324 1644 25 13 au
2363 1641 61 17 baron
2437 1643 118 20 Brugmann,
2571 1645 42 19 13/2
2630 1647 91 20 (Heapy).

2345 1661 43 18 Non
2400 1662 64 20 placés
2479 1667 5 13 :
2497 1664 85 20 Médlols,
2594 1666 32 19 2/1
2642 1667 105 20 (Shlfner);
2760 1668 100 20 Vaucluse,

2324 1681 43 19 ■O/l
2397 1683 49 18 (Van
2462 1683 128 22 Blnnebeke);
2618 1686 183 22 Royal-st-Hubert,
2828 1689 32 19 4/1

2328 1702 134 20 (Vandfiroost)
2468 1707 5 15 ;
2490 1704 70 21 BUltls,
2576 1706 44 20 30/1
2639 1707 89 19 (JSvans).

2347 1722 32 18 1/2
2392 1723 59 20 long.;
2465 1724 11 16 2
2491 1724 31 19 1/2
2536 1725 50 20 long.

2346 1742 72 20 Pesage
2433 1747 6 13 :
2453 1744 56 20 22.50,
2524 1745 46 18 8.50;
2585 1746 47 20 9.60;
2646 1747 51 18 l»7v—
2697 1759 6 6 .

2345 1763 80 17 Pelouse
2441 1767 6 13 :
2461 1765 56 20 45.50,
2532 1766 58 20 18.80;
2606 1767 57 21 19.80;
2678 1768 52 17 IS.—
2729 1779 6 7 .

2345 1783 31 16 Oo
2394 1784 73 20 Strong
2486 1789 12 13 a
2517 1786 55 17 mené
2590 1786 104 21 Jusqu'aux
2713 1789 104 17 toumsjiu
2837 1791 23 15 oo

2325 1803 60 17 Clean
2399 1805 53 19 style
2464 1806 79 20 prenait
2555 1806 20 18 la
2589 1807 39 18 tftte
2641 1811 49 17 pour
2702 1808 110 21 l'emporter
2826 1814 35 16 par

2324 1826 38 14 une
2376 1824 160 21 demi-longueur.

2347 1850 33 18 VI.
2392 1859 23 5 —
2426 1852 61 17 PRIX
2498 1853 32 17 DE
2542 1853 127 18 BOENDAEX,
2684 1855 69 20 (18,000
2765 1857 32 19 fr.,
2811 1857 50 20 1,700

2326 1871 44 18 m.).
2383 1880 23 5 —
2420 1873 16 16 I.
2449 1873 38 17 Vin
2499 1873 46 20 Par,
2559 1874 13 17 i
2583 1875 30 17 11
2626 1875 23 18 o.
2663 1876 27 17 du
2703 1876 46 18 Bols
2766 1877 47 20 (R.),
2829 1878 31 19 7/4

2330 1892 4 14 I
2338 1892 130 20 Brackeleer);
2489 1894 16 17 3.
2525 1894 121 21 Brabançon,
2667 1895 11 17 à
2698 1897 27 17 M.
2744 1897 19 17 J.
2782 1898 72 18 Queyle

2327 1912 42 19 13/1
2392 1913 86 19 (Haest):
2498 1915 17 17 8.
2534 1916 88 20 Bellalre,
2641 1915 13 18 à
2672 1917 28 17 M.
2719 1917 35 18 Ci.
2772 1918 79 18 Klelner-

2326 1936 66 17 mann,
2408 1934 32 18 B/2
2457 1934 103 21 (Shlfner).

2347 1953 43 18 Non
2408 1954 66 20 placés
2495 1959 5 14 :
2526 1956 132 21 Semblsnesr,
2678 1957 42 20 10/1
2749 1959 110 20 (Wauthy):

2326 1974 96 21 Brlmtull,
2442 1975 32 20 6/1
2495 1976 28 19 (E.
2541 1976 66 21 ElUs);
2627 1978 68 17 Orand
2712 1978 48 21 Duo.
2779 1979 33 18 «/X
2833 1981 28 18 (E.

2325 1994 83 21 Evans);
2424 1995 58 20 Daily
2497 1997 77 20 strong,
2590 1997 44 20 M/1
2653 1999 111 20 (D-*oodt).

2348 2016 71 18 Courte
2434 2016 47 19 tête;
2498 2017 11 17 8
2525 2017 52 19 long.

2347 2036 72 19 Pesage
2437 2039 7 14 :
2461 2037 56 20 15.80,
2533 2038 47 20 9.50;
2598 2039 56 18 17.50.

2348 2056 79 18 Pelouse
2443 2060 6 15 :
2463 2057 56 21 20.80,
2535 2058 27 18 11.
2561 2067 24 4 —
2585 2062 6 15 ;
2607 2060 26 16 16.
2634 2068 24 5 —
2657 2071 6 7 .

2347 2077 91 17 Brlmrull
2455 2081 14 14 k
2486 2078 56 18 mené
2559 2079 77 20 Jusqu'à
2654 2080 89 21 mMlgn*
2759 2081 94 19 «■airtrée

2327 2096 24 17 où
2367 2097 83 19 Bellalre
2465 2099 80 21 passait,
2562 2101 49 17 mats
2627 2101 38 18 Vin
2679 2102 40 16 Pur
2733 2102 67 20 venait
2815 2103 36 17 l'at

2327 2117 68 20 taquer
2408 2119 22 17 et
2443 2118 87 19 résistait
2543 2124 39 14 aux
2595 2121 71 18 efforts
2679 2123 24 17 de
2717 2123 120 19 Brabançon.

2321 259 218 49 RÉSULTATS
2542 263 102 61 J)ES
2668 264 185 40 COURSES

2408 338 362 58 BOITSFORT

2474 436 127 16 DIMANCHE
2616 437 20 17 12
2649 438 46 17 MAI

2347 2175 110 50 BOIS
2487 2176 62 50 DE
2581 2178 261 50 BOULOGNE

2346 2268 16 17 L
2377 2277 24 5 —
2415 2269 59 16 PHIX
2488 2268 33 18 DB
2536 2270 45 16 VAIs
2595 2271 93 16 FLBURY
2708 2272 55 17 (fl.OOO
2780 2273 31 18 ft.,
2827 2273 32 16 900

2326 2288 87 19 mètres).
2424 2296 26 6 —
2463 2289 16 18 1.
2493 2289 58 19 Tord,
2565 2291 13 16 k
2592 2291 27 17 M.
2633 2291 73 17 Marcel
2718 2292 85 17 Bouamo
2821 2293 38 16 (E-

2325 2308 63 21 MoU);
2402 2309 17 20 3.
2432 2310 104 19 Anrt.hu.nlo,
2550 2310 12 16 k
2574 2311 25 17 M.
2612 2311 20 17 L.
2645 2312 20 15 L.
2678 2314 80 14 Gimn&c
2772 2313 85 18 (Ro-sso);

2325 2329 16 18 3.
2354 2329 61 21 Orazy
2425 2329 68 19 Weat.,
2506 2333 25 14 au
2543 2329 62 18 baron
2616 2331 18 17 J.
2645 2330 83 21 BnupaM
2742 2332 117 20 (Teasdale).

2346 2349 43 17 Non
2405 2349 66 25 placés
2489 2353 6 14 :
2510 2349 32 19 Où
2557 2354 36 14 nu
2609 2351 29 17 Ta
2658 2352 75 19 (Lock);
2751 2353 33 17 Jet
2799 2353 60 17 d'ïteu

2328 2369 84 19 (Kaiser)
2417 2373 6 16 ;
2435 2369 88 21 Toirpédo
2536 2371 80 18 (Ka-bbe)
2622 2375 5 16 ;
2638 2369 88 23 Halc>on
2735 2373 53 19 Dayi
2802 2374 53 18 (Rob*

2324 2389 55 20 son);
2401 2389 88 18 KajUntft
2514 2391 104 19 (Roohetftl)
2624 2395 5 15 :
2663 2393 63 18 ouraa
2749 2393 98 19 (.Duforez)
2853 2398 5 14 ;

2324 2409 48 17 Anla
2392 2410 31 18 (R.
2439 2409 101 21 Brethèe);
2559 2412 22 16 2e
2597 2412 77 17 Colonel
2694 2412 89 21 (Hatton)
2789 2417 5 16 ;
2813 2414 47 17 Noël

2328 2429 102 19 (Denfcon);
2449 2430 88 18 Dilemme
2552 2431 22 16 H
2593 2432 100 19 (SeonbOet)
2698 2436 6 15 ;
2723 2433 43 21 Hky
2783 2434 77 18 Market

2328 2449 104 19 (Boulilon)
2436 2454 6 16 |
2459 2450 67 17 Tabou
2545 2452 131 19 (John-stone).

2346 2470 12 15 2
2373 2469 32 18 1/2
2419 2470 110 20 longueurs;
2544 2472 96 19 encolure;
2657 2473 95 18 e-ncoluira.

2346 2490 75 17 Mutuel
2442 2494 6 14 :
2468 2490 56 20 25.50,
2545 2492 57 19 12.—;
2622 2493 57 20 52.—;
2699 2494 27 16 59.
2725 2502 24 4 —
2749 2505 5 6 ,

2346 2517 26 16 n.
2391 2525 23 4 —
2432 2518 60 15 raix
2512 2518 32 16 de
2562 2518 156 18 vaxjcb-esson
2740 2521 69 19 (10,000
2827 2522 20 17 1*

2325 2536 51 19 2.00O
2387 2537 44 18 m.).
2443 2546 25 4 —
2480 2538 16 17 1.
2510 2538 144 20 Cliampvta.llon,
2667 2539 12 17 &
2692 2540 21 16 M
2731 2540 16 17 S
2765 2541 95 19 Martinez

2325 2556 24 17 de
2367 2557 40 16 Hoz
2430 2558 68 17 (Sombl
2502 2560 27 16 a-t,)
2536 2561 5 16 ;
2561 2559 18 18 2.
2598 2559 141 21 Rha-dia-mon-te,
2760 2561 11 16 à
2790 2562 21 16 H
2836 2562 17 16 R

2325 2577 119 19 Oan-twTlgm
2463 2577 93 21 (ElllotA);
2573 2579 18 17 J.
2607 2579 70 18 Mount
2693 2580 53 20 Fugi,
2764 2581 12 18 à
2793 2582 26 17 M.
2836 2582 18 17 D

2325 2596 94 18 Kelekiaw
2438 2597 87 23 (Hervé),

2346 2617 44 16 Non
2404 2617 55 20 placé
2476 2621 6 14 :
2496 2618 25 16 Le
2536 2619 36 15 Roi
2587 2619 50 17 Jean
2655 2620 97 19 fHattoei).

2346 2637 102 20 Encolure;
2468 2638 33 20 1/3
2518 2638 59 20 long.;
2596 2640 11 15 4
2625 2641 51 18 ton».

2346 2657 75 17 Mutuel
2439 2661 6 14 :
2462 2658 45 19 8.—,
2523 2659 46 18 5.50;
2588 2660 44 17 8.—.

2345 2683 36 18 m.
2392 2692 24 4 —
2426 2684 61 17 PRIX
2497 2684 33 17 r>E
2541 2685 204 20 PONTCHARTBAIN
2759 2688 68 20 (1B.O0O
2833 2689 25 19 fr.

2325 2703 11 15 2
2341 2703 35 16 400
2392 2704 43 19 m.).
2449 2712 24 6 —
2489 2704 16 21 1.
2521 2705 17 17 A
2553 2706 68 19 Frior!,
2638 2706 12 17 à
2666 2707 26 19 M.
2709 2708 63 18 MezAs
2787 2709 72 18 Drteau

2328 2723 112 20 (Semblât);
2455 2724 18 17 2.
2487 2724 68 18 Prlmoe
2568 2726 78 20 Achille,
2662 2730 12 14 a
2687 2728 27 17 M.
2729 2728 64 18 Pierre
2806 2730 47 17 We*r

2325 2743 83 19 tiheipueT
2423 2744 133 21 (Johnstone);
2571 2746 16 19 3.
2600 2746 59 19 Dusk,
2672 2748 13 17 k
2697 2748 27 17 M.
2737 2748 72 18 Marcel
2821 2750 28 17 Pu

2324 2763 42 20 pler
2386 2764 108 19 (Duforez).

2345 2783 44 17 Non
2407 2784 64 20 placés
2491 2789 7 14 :
2516 2785 68 18 «Chvmd
2602 2787 51 17 O-ala
2673 2788 98 19 (Dupult);
2791 2789 67 17 Xnso-u-

2323 2803 49 17 mlse
2391 2804 77 20 (Hervé)
2472 2816 6 6 .

2348 2824 11 16 3
2371 2824 60 20 long.;
2445 2825 11 16 4
2467 2825 60 21 long.;
2541 2826 32 19 1/2
2584 2826 52 20 Ions.

2347 2844 76 18 Mutuel
2440 2848 6 15 :
2464 2846 26 16 11.
2490 2854 24 4 —
2513 2857 6 9 ,
2536 2846 45 19 7.50;
2599 2847 17 18 fl.
2616 2856 24 4 —
2640 2859 5 6 .

2346 2871 33 19 W.
2397 2879 25 6 —
2438 2872 62 18 PRIX
2518 2874 131 19 IIOCQUAP.T
2672 2876 68 19 (40,000
2759 2877 32 21 fr,
2811 2878 48 18 3.400

2325 2892 81 28 ^'•a-TT
2419 2892 10 17 l
2430 2904 6 7 '
2449 2893 90 27 i*^«br,
2554 2894 12 17 à
2580 2894 20 18 14
2613 2895 98 20 princesse
2724 2897 25 17 de
2762 2898 96 18 F.-Luoin.

2328 2912 107 21 (Brethès);
2448 2913 18 18 2.
2477 2914 86 20 Mansur,
2575 2914 13 18 i
2599 2916 28 17 M.
2637 2917 58 17 A.-K.
2706 2918 112 17 Macomber
2830 2919 23 17 (C

2325 2933 103 20 Semblât);
2441 2934 17 18 3.
2470 2935 85 20 Crudité,
2568 2939 26 14 au
2605 2936 62 19 baron
2677 2937 21 17 2.
2711 2938 24 18 de
2745 2939 114 17 Rothschild

2328 2953 113 20 (Bouillon).

2346 2973 44 18 Non
2403 2973 66 21 placés
2485 2978 7 13 :
2506 2975 45 17 Hari
2566 2976 22 17 of
2603 2976 128 19 Oumberland
2749 2979 109 19 (Duforez)*

2324 2993 53 17 Skiff
2407 2995 122 20 (John*tone)
2535 2999 5 14 :
2559 2994 110 21 *e*ut-Etrt
2699 2998 87 20 (Hervé);
2805 2999 50 17 Oléo-

2324 3015 63 17 strate
2405 3015 99 20 (Leroux);
2521 3016 92 18 Alclndor
2626 3017 31 17 m
2675 3018 92 20 (Elliott);
2785 3019 69 18 Matas,

2325 3035 30 16 sin
2376 3035 90 19 (Rabbe).

2344 3055 55 19 Tôt*;
2418 3055 48 20 tête;
2485 3056 12 17 3
2516 3056 32 20 1/2
2565 3057 109 20 ton-jj-iieu-ra.

2343 3075 76 16 Mutuel
2439 3080 6 13 :
2464 3075 51 17 21.60
2514 3091 6 6 #
2540 3076 27 17 10.
2567 3085 24 4 —
2591 3082 6 16 ;
2617 3078 17 16 0.
2634 3085 24 5 —
2658 3080 7 17 ;
2686 3078 27 17 11.
2736 3091 5 6 .

2343 3100 23 18 V.
2382 3108 24 5 —
2420 3101 61 17 PRIX
2496 3102 35 16 DH
2548 3103 96 16 CADRAN
2664 3104 80 19 (300,000
2760 3104 32 21 fr.,
2809 3106 50 17 «000

2323 3120 88 20 mètres).
2422 3128 25 6 —
2459 3121 16 18 1.
2488 3121 111 21 BmntOtmie,
2613 3126 26 13 au
2652 3122 62 19 baron
2726 3125 20 17 B.
2760 3124 24 18 de
2797 3125 61 17 Rotb-

2322 3140 63 17 BOhlHd
2401 3140 114 21 (BoudJlon);
2529 3142 17 18 2.
2558 3142 118 21 VUndigème,
2691 3146 12 17 s
2715 3145 52 16 Mme
2780 3145 18 17 B.
2812 3145 47 17 Foc-

2323 3160 84 20 kenberg
2423 3161 84 20 (Baltes);
2522 3162 17 17 3.
2553 3163 89 20 Cadrmus,
2657 3163 12 17 à
2682 3164 27 19 M.
2722 3164 62 17 Henri
2795 3165 65 18 André

2326 3180 98 20 (Du-puit).

2343 3200 43 16 Non
2398 3200 66 20 pCaoée
2478 3204 7 15 :
2498 3201 69 18 Primée
2580 3202 31 18 Ott
2628 3203 122 20 (Johawtone)
2756 3209 5 15 ;
2775 3205 84 17 Rerendl

2325 3219 88 20 -Hervé);
2431 3221 79 17 Boucan
2530 3222 80 19 (EabbeJ
2616 3226 6 13 :
2639 3223 87 18 Adimtiral
2742 3224 65 18 Drake
2827 3226 25 17 (G

2322 3239 123 20 Brldyland).

2347 3260 21 16 15
2382 3260 59 20 long.;
2456 3262 95 17 encolure.

2345 3280 76 18 Mutuel
2437 3284 7 15 :
2460 3282 40 17 8.—
2499 3294 6 9 ,
2521 3282 47 21 B.50;
2584 3283 57 18 37.50.

2345 3307 33 18 VI.
2391 3316 24 4 —
2427 3308 61 17 PRIX
2501 3309 33 17 DE
2547 3310 180 19 LOITVXCZENNK8
2745 3312 69 20 (18,000
2827 3314 32 18 *r.,

2324 3327 51 18 2.200
2388 3332 44 14 m...
2443 3336 25 6 —
2481 3329 16 17 1.
2510 3330 130 21 Magnétique,
2655 3330 12 18 à
2681 3332 46 18 Mlle
2740 3332 23 18 D.
2777 3333 82 18 Bsmond

2328 3348 111 21 (Semblat)j
2453 3349 18 19 3.
2486 3350 79 20 Bpldna,
2580 3351 12 16 à
2607 3352 27 17 M.
2647 3352 22 17 V.
2683 3352 69 20 Smyth
2770 3354 88 20 (Gould);

2324 3368 16 18 3.
2356 3369 75 21 Lingot,
2447 3368 13 19 M
2475 3370 28 18 M.
2518 3371 21 17 P.
2555 3371 97 20 Vigneron
2670 3373 115 20 (Delaurle).

2345 3390 43 17 Non
2403 3390 56 20 placé
2474 3393 7 15 :
2495 3391 60 17 Nocib
2572 3392 100 20 (Hatton).

2345 3410 11 16 5
2371 3410 59 20 long.i
2446 3410 11 18 S
2470 3411 60 20 «long.;
2547 3412 10 16 5
2571 3412 52 19 long.

2345 3430 75 18 Mutuel
2435 3433 7 16 :
2456 3432 44 18 6.50.
2516 3432 44 18 5.50.
2574 3433 45 17 5.50.

2345 3451 42 18 Vn.
2404 3459 25 6 —
2445 3452 61 17 PRIX
2523 3453 129 18 D'AUTECIL
2672 3455 70 20 (30,000
2759 3455 33 21 fr„
2811 3457 48 18 1.800

2323 3472 43 18 m.)«
2380 3480 24 5 —
2417 3472 17 19 1.
2447 3473 111 18 L'Alsacien
2571 3474 25 20 H,
2612 3474 12 17 à
2638 3475 26 17 M.
2678 3476 25 18 H.
2716 3476 80 18 Masson
2813 3477 40 17 (Ro.

2323 3492 80 20 chettl);
2418 3492 19 19 J.
2451 3493 109 20 Imperator
2574 3494 26 21 H,
2616 3499 12 12 a
2642 3496 27 17 M.
2685 3496 18 17 J.
2718 3496 65 18 TIssot
2800 3498 59 18 (Rob.

2322 3513 55 19 son);
2392 3513 19 19 3.
2425 3513 101 19 -Certitude
2540 3514 26 20 H.
2582 3516 12 17 k
2609 3516 52 17 Urne
2675 3517 20 17 E.
2712 3517 78 18 Chacon
2808 3518 40 17 (Sib-

2323 3532 66 20 britt).

2344 3554 43 17 Non
2405 3554 66 20 placés
2493 3558 6 14 :
2525 3555 83 20 Algorad
2638 3557 104 20 (Reinette)
2747 3561 6 17 ;
2780 3558 78 20 Larigot

2326 3574 88 20 (Dupult)
2419 3578 6 15 i
2465 3576 100 19 Hyienville
2608 3578 103 18 (Bouillon)
2716 3582 5 15 ;
2763 3579 95 20 Preciplto

2326 3595 135 19 (Johnatone)ï
2476 3596 53 18 Belle
2545 3601 27 13 au
2587 3598 46 16 Bols
2652 3599 111 19 (Semblât);
2780 3600 78 17 Ottaw:.

2326 3615 91 20 (Rabbe);
2431 3616 49 17 Mon
2492 3617 65 17 Jubilé
2574 3618 84 19 (Galloui
2665 3622 5 16 ;
2686 3619 40 17 San
2740 3620 52 17 Juan
2809 3620 38 19 (Hu-

2323 3635 61 21 bert);
2401 3636 46 18 Mlle
2461 3637 26 17 de
2501 3637 82 19 Fonten.
2603 3639 86 18 (Pavée).

2345 3656 32 19 1/2
2392 3656 61 21 long.!
2470 3659 68 16 encol.;
2558 3659 11 16 3
2587 3659 31 18 1/2
2635 3659 51 19 long.

2343 3677 75 17 Mutuel
2434 3681 6 14 :
2455 3678 56 18 M.—.
2525 3678 58 20 24.—;
2598 3679 58 20 33.50;
2672 3680 50 17 17.M

2338 3727 493 59 GROENENDAEL

2436 3827 63 18 Lmndl
2511 3828 22 19 ls
2546 3829 45 21 mal,
2604 3829 12 17 à
2630 3829 22 18 14
2664 3830 20 18 h,
2697 3831 22 17 10

2337 3887 203 30 PROGRAMME
2572 3891 41 27 ET
2645 3891 203 29 PRONOSTICS

2393 3953 60 17 PRIX
2464 3954 35 17 DIT
2510 3955 84 17 RELAIS
2610 3956 58 19 (S.OOO
2680 3957 26 17 fr.
2719 3958 49 17 1.000
2780 3960 43 17 m.),

2462 3981 24 18 (A
2498 3981 71 18 vendre
2581 3986 38 12 aux
2632 3982 98 22 enchères)

2324 3999 35 18 Les
2371 4000 54 20 eher.
2436 4004 26 14 ne
2473 4002 66 17 seront
2551 4006 36 16 pas
2599 4002 11 18 k
2622 4003 46 17 réel,
2680 4004 60 17 avant
2751 4004 20 17 ls
2784 4008 72 14 course.

2323 4026 22 18 A.
2358 4026 91 19 Lefebvre
2597 4029 10 16 7
2618 4029 57 18 Chlef
2787 4032 28 18 8,0
2827 4032 20 16 84

2597 4049 10 16 5
2618 4049 41 19 Lily
2787 4052 28 19 8,0
2826 4052 21 17 62

2596 4069 12 16 4
2618 4070 56 17 Verts
2692 4070 59 19 Erin..
2787 4073 28 17 6.0
2826 4073 21 16 50

2597 4090 11 16 5
2618 4090 60 17 Orlon
2787 4093 28 18 4,0
2827 4093 20 15 58

2597 4110 11 16 4
2618 4111 100 20 Mafeking
2755 4123 20 6 ...
2787 4113 28 17 5.0
2827 4113 30 18 574

2597 4130 10 16 5
2619 4131 86 20 Chulbag
2787 4133 28 19 4,0
2826 4134 21 15 58

2598 4151 10 16 5
2618 4151 89 20 Phrynéa
2787 4153 28 19 4,0
2827 4153 21 16 56

2598 4170 10 17 3
2619 4171 68 20 Klng's
2700 4172 50 17 Love
2787 4173 28 19 5,0
2827 4174 30 17 471

2597 4191 10 16 3
2619 4191 77 17 Cabane
2786 4193 29 19 4,0
2826 4194 22 16 46

2340 4214 54 17 Nous
2409 4215 103 20 désignons
2531 4219 6 14 :
2554 4217 86 20 Cabane;
2658 4218 62 19 Chlef.

2362 4247 61 18 PRIX
2439 4248 35 17 DTJ
2489 4249 66 17 FOND
2574 4250 69 18 (10.000
2660 4251 32 20 fr.,
2710 4252 49 17 1.000
2775 4253 44 19 m.).

2323 4274 64 17 Baron
2402 4276 112 19 Brugmann
2596 4277 10 16 2
2618 4277 84 19 HorvlUe
2838 4280 20 16 b'j

2322 4294 28 17 M.
2368 4295 94 18 Bauwens
2597 4297 11 16 2
2618 4298 85 18 Bausart

2323 4315 24 17 Q.
2365 4315 25 18 du
2407 4316 46 17 Bols
2473 4316 32 20 (R)
2597 4317 11 15 2
2618 4317 113 19 Théoricien

2323 4334 35 20 Ch.
2377 4335 76 18 Stokvls
2597 4337 10 16 2
2618 4338 108 21 Saragrasp
2837 4340 21 16 55

2323 4354 20 17 P.
2360 4355 55 18 Lorie
2597 4358 11 15 2
2619 4358 45 19 Ysly
2836 4360 22 17 55

2340 4380 53 18 Nous
2405 4382 103 20 désignons
2521 4387 6 14 ;
2539 4385 92 20 Bausart;
2643 4385 88 18 Honrllle.

2377 4414 60 17 PRIX
2451 4415 106 18 VELLBDA
2574 4418 57 18 (0,008
2644 4418 32 20 fr.,
2690 4418 51 19 3,100
2755 4421 43 18 tn.).

2323 4047 23 16 H.
2362 4047 80 20 Lannoy

2323 4067 19 16 J.
2353 4068 43 16 Van
2407 4068 62 17 StaMs

2323 4087 21 16 F.
2358 4087 85 18 Laurent

2324 4107 36 18 Odt
2374 4108 22 16 V.
2410 4108 105 20 Langhend
2543 4121 19 6 ...

2323 4127 21 17 P.
2360 4127 130 19 Schuermans

2323 4148 22 17 A.
2360 4148 110 18 Hendrlckx

2324 4168 20 17 F.
2356 4168 26 16 du
2394 4169 40 19 Roy
2447 4169 23 17 de
2481 4169 80 21 Bllcquy

2323 4188 18 17 J.
2353 4189 43 16 Van
2408 4189 61 17 StaKe

2322 4439 28 17 W.
2370 4440 89 18 Jochems

2322 4459 65 18 Baron
2400 4461 113 19 Brugmann

2322 4480 18 16 J.
2358 4480 29 17 W.
2405 4481 93 18 Shadbolt

2321 4499 22 17 E.
2360 4500 50 17 Hart

2322 4520 45 16 Max
2384 4521 101 19 Dugnlolle

2321 4540 54 18 Edm.
2388 4541 83 17 Boulvin
2498 4554 26 5 ....

2322 4559 18 17 J.
2353 4561 42 16 Van
2409 4561 61 17 Stalle
2497 4574 31 6 .....

2321 4580 22 17 A.
2356 4580 28 17 De
2398 4581 74 17 Winter
2498 4594 26 5 ....

2321 4599 45 16 M"«
2382 4601 18 16 J.
2416 4602 85 17 Ashman

2597 4443 10 16 3
2618 4444 65 16 Urubu
2826 4447 22 17 57

2597 4463 10 16 3
2618 4464 54 17 Good
2686 4465 57 17 Chlef
2825 4468 21 16 50

2596 4483 11 16 3
2618 4483 93 18 Vaucluse
2825 4488 21 16 63

2595 4503 11 17 3
2617 4504 53 17 Gaat
2681 4505 54 17 Haird
2824 4507 21 17 52

2596 4523 10 16 3
2617 4523 88 21 Epernay
2825 4528 22 16 aa

2595 4543 10 15 3
2617 4544 46 19 Roy.
2683 4545 106 19 St-Hubsrt
2807 4559 6 6 .
2825 4547 21 17 52

2596 4563 9 16 3
2616 4564 83 18 «Chaldée
2730 4577 33 7 ...„
2824 4568 31 19 51)

2595 4584 10 15 3
2616 4584 88 18 Boulette
2825 4588 21 17 60

2595 4603 10 16 3
2616 4604 74 18 Xarmn
2721 4617 12 7 ,.
2824 4608 22 17 50

2338 4626 53 17 Nous
2406 4627 103 20 désignons
2528 4631 6 14 :
2552 4629 73 21 Urubu;
2643 4631 95 22 Eperas.y.

2323 4659 59 17 PRIX
2395 4660 32 16 DE
2440 4661 174 18 VERREWIXKEL
2630 4664 68 18 (10.000
2710 4665 32 22 fr.,
2757 4666 49 19 1.800
2819 4669 34 19 m.)

2488 4688 193 22 (Weltcr-bandiicap)

2321 4712 20 17 F.
2358 4712 26 17 du
2400 4713 41 19 Roy
2457 4713 24 17 de
2496 4714 83 20 Bllcquy.

2320 4732 53 17 Edm.
2391 4733 82 17 Boulvin

2321 4752 23 17 O.
2359 4753 25 16 du
2398 4753 46 18 Bols
2461 4753 38 20 (R.)

2320 4772 18 17 J.
2355 4772 43 17 Van
2414 4773 61 17 Stalle

2320 4792 17 17 J.
2355 4792 42 17 Van
2414 4793 62 17 Stalle

2320 4812 52 20 Edm.
2391 4813 82 17 Boulvin

2321 4833 20 16 A.
2358 4833 42 18 Van
2415 4833 93 18 Leeuwen

2321 4853 29 15 M"
2350 4855 5 9 1
2356 4855 10 10 »
2379 4854 28 16 Dc
2421 4853 68 20 Kitnpe

2320 4873 45 16 Max
2382 4873 100 20 Dugnlolle

2320 4893 63 16 Baron
2399 4893 21 18 E,
2435 4894 67 17 Casier
2532 4907 34 6 .....
2574 4906 4 7 ,

2319 4913 21 16 P.
2357 4913 59 17 Brlon

2320 4934 23 16 H.
2360 4934 24 16 du
2401 4934 41 19 Roy
2457 4934 24 18 de
2495 4935 83 21 Bllcquy,

2320 4953 35 17 Cte
2369 4954 72 17 Cornet
2456 4954 23 18 do
2494 4955 28 20 W.

2363 4974 75 20 Coppée

2594 4715 10 16 5
2615 4716 57 17 Gallo
2824 4721 21 17 02

2594 4735 10 16 5
2615 4736 77 18 Fanfan
2712 4738 19 17 la
2751 4740 42 18 Tul.
2823 4743 31 15 eo*

2594 4756 10 16 3
2616 4756 90 19 Codicille
2824 4762 21 17 56

2594 4776 10 15 4
2615 4776 86 19 Olifants
2824 4782 20 16 55

2594 4796 10 16 5
2616 4797 28 17 Eh
2655 4797 19 17 là
2686 4799 38 17 Bas
2824 4802 29 18 541

2594 4816 10 16 4
2615 4817 133 21 Pelargonluni
2824 4822 21 17 54

2594 4836 10 16 5
2615 4837 96 19 Tarascon
2823 4842 31 19 53|

2594 4856 10 16 8
2615 4858 49 16 Jean
2680 4859 81 19 Mouton
2792 4873 19 6 ...
2824 4863 20 16 52

2594 4876 9 16 3
2615 4877 101 19 Réflexion
2823 4883 21 16 51

2594 4897 10 16 7
2614 4898 87 18 Pavillon

2593 4917 9 16 3
2614 4918 49 19 Riga

2593 4937 10 15 3
2615 4938 69 19 Opium

2594 4957 9 16 3
2614 4958 94 19 Tonnelet

2593 4977 11 16 4
2615 4978 37 17 For
2664 4979 49 18 Ever

2824 4904 20 15 5U

2824 4924 20 15 Ml

2808 4955 2 4 ,
2824 4944 20 15 60

2792 4974 20 6 ...
2823 4964 21 16 50

2791 4995 19 5 ...
2823 4983 21 18 SD

2337 4999 52 17 Nous
2405 4999 102 21 désignons
2526 5005 6 14 :
2551 5002 100 22 Tonnelet;
2669 5006 104 20 Tarascon.

2321 5032 104 18 "RIX.DE
2440 5033 179 19 GRIPPENDELLE
2636 5037 68 18 (10.000
2718 5039 31 21 Ir.,
2764 5041 32 17 flOO
2811 5044 39 18 m.).

2593 5061 10 16 2
2614 5062 51 17 Petit
2679 5064 45 18 Gris
2831 5054 19 32 ii

2382 5059 43 17 Vnn
2442 5060 77 17 Deuren

2319 5079 23 17 G.
2356 5079 25 16 du
2394 5079 45 17 Bois
2454 5080 33 19 (R)

2363 5099 93 18 Bauwens

2318 5120 64 16 Baron
2396 5120 23 16 de
2434 5120 90 17 Crawhes

2318 5140 21 16 C.
2357 5139 145 18 Klclnernamm

2358 5160 74 19 Coppez

2318 5180 63 16 Baron
2397 5181 112 19 Brugmann

2317 5199 33 18 Ed.
2369 5200 78 20 Souphy

2318 5219 13 6 "
2355 5220 74 20 Mignot

2592 5081 10 17 2
2613 5082 92 20 Tannant

2592 5101 11 16 3
2614 5103 76 20 Geryon

2592 5122 10 16 2
2614 5123 86 18 Brabant
2716 5126 48 18 Wal.

2592 5142 10 15 2
2613 5142 105 21 Triphasée
2751 5158 19 6 ...

2592 5162 10 16 2
2614 5163 45 17 Yole
2674 5165 62 18 Dorée
2765 5178 6 6 .

2592 5182 10 16 2
2614 5183 22 17 H.
2652 5184 26 17 M.
2693 5185 13 17 S

2591 5203 10 15 2
2613 5203 84 18 Lnvlano

2591 5222 11 16 2
2612 5223 48 17 Sara
2663 5223 32 18 far

2335 5246 52 17 Nous
2400 5246 102 20 désignons
2518 5250 6 14 :
2537 5247 84 21 Geryon;
2636 5249 88 19 Brabant
2737 5252 56 19 Wall.

2319 5278 59 17 PRIX
2394 5279 31 16 DE
2440 5278 152 19 KETELDELLE
2611 5281 69 18 (10.000
2696 5283 30 20 fr..
2744 5284 49 21 2.100
2809 5290 39 15 m...

2522 5306 126 20 (Handicap).

2591 5333 10 18 A.
2611 5335 65 17 Juana
2691 5335 88 21 d'Amore
2795 5350 19 6 ...
2831 5340 20 17 82

2317 5332 25 17 M.
2359 5332 93 18 Bntiwcns

2357 5353 109 17 Hendrlckx

2318 5373 22 17 G.
2354 5373 25 16 du
2392 5373 45 17 Bols
2452 5373 33 19 (R)

2317 5394 34 15 Cte
2367 5394 71 15 Cornet
2453 5393 24 17 de
2491 5394 29 17 W.
2536 5405 18 6 ...

2317 5413 44 19 Eilg.
2379 5413 77 20 Souphy

2316 5433 46 13 "-■■•
2379 5433 36 17 v»
2431 5433 87 20 Fonteyn
2535 5446 18 5 ...

2352 5454 41 16 Van
2411 5453 60 19 SLalle

2353 5473 59 17 Brion

2349 5494 25 17 du
2386 5494 41 19 Roy
2439 5494 23 17 die
2473 5494 78 20 Blicquy

2316 5513 52 17 Edm.
2383 5513 81 18 Boulvin

2347 5533 18 20 J.
2382 5534 52 17 Reed

2316 5553 34 16 Cte
2365 5554 72 17 Cornet
2452 5554 24 20 de
2490 5555 29 19 W.
2535 5567 18 5 ...

2315 5573 35 17 Jhr
2367 5573 88 19 Mlchlels

2314 5593 45 19 Edg.
2377 5594 78 21 Souphy

2594 5354 7 17 1
2612 5354 15 17 A

2595 5374 6 16 1
2612 5375 73 17 Estérel
2792 5370 27 26 ''."
2831 5370 21 27 fiS

2592 5394 9 17 3
2612 5395 58 17 Lotus
2684 5396 51 18 Doré
2831 5401 20 16 5*j

2594 5414 7 17 l
2612 5415 57 17 Amas
2683 5416 46 18 d'Or
2831 5421 21 16 ôS

2592 5435 8 16 *
2611 5435 125 20 Tourangelle
2831 5440 22 18 58

2590 5455 10 16 8
2610 5456 80 17 «Carmin
2831 5461 21 16 8ï

2590 5475 10 16 5
2612 5475 146 21 Indépendance
2791 5490 12 7 ..
2813 5491 5 6 .
2831 5481 21 16 57

2590 5495 9 16 5
2611 5496 56 17 Gallo
2831 5500 20 17 sa

2590 5516 9 16 0
2611 5516 35 19 Roi
2661 5516 58 18 Soleil
2830 5520 21 17 60

2589 5535 11 17 8
2611 5536 70 20 Gossip
2797 5538 54 20 61+4

2590 5556 9 16 4
2611 5556 69 17 Scotch
2697 5557 39 17 Fox
2830 5560 21 17 52

2589 5575 10 16 5
2611 5576 91 17 Ralnbow
2713 5577 61 18 Trout
2798 5590 19 6 ...
2829 5580 22 16 52

2589 5596 9 16 4
2610 5596 100 18 Traderan
2829 5599 22 18 45

2882 268 215 73 LES
3156 252 839 83 FAITS=DIVERS

2906 384 180 22 EMPORTANT
3100 381 220 24 CAMBRIOLAGE
3334 383 20 20 A
3367 382 38 21 ET-

2879 410 147 21 TERBEEK.
3044 419 28 6 —
3088 408 111 21 Pendant
3215 407 25 21 la
3258 407 54 21 nuit
3330 408 28 21 de
3376 412 40 17 aa-

2879 436 62 21 medl
2960 436 17 21 &
2996 434 132 24 dimanche,
3148 433 42 21 des
3210 432 148 22 malfaiteurs
3391 437 26 18 se

2878 462 55 21 sont
2949 459 134 25 Introduits,
3100 463 44 21 par
3161 457 107 22 escalade
3285 458 25 21 et
3327 458 77 21 effrac-

2879 486 56 25 tion,
2953 486 60 22 dans
3030 486 24 21 la
3071 482 117 27 propriété
3205 483 29 20 de
3252 483 26 20 M
3279 485 14 10 m
3295 486 9 10 *
3322 483 94 25 Phlpps,

2880 511 125 22 boulevard
3035 504 176 28 Safnt-Mlchel,
3241 507 16 22 à
3286 508 131 25 Etterbeek,

2879 537 39 24 qui
2935 542 25 16 se
2980 537 80 21 trouve
3079 532 167 23 actuellement
3263 537 31 17 en
3311 533 93 25 villégia-

2880 562 58 22 ture.
2950 563 44 20 Les
3007 560 97 23 voleurs,
3117 562 69 21 après
3199 557 64 22 avoir
3276 558 94 21 franchi
3384 562 33 17 un

2879 592 52 17 mur
2948 588 28 20 de
2994 585 88 22 clôture
3099 584 60 21 haut
3176 583 28 21 de
3222 583 12 20 3
3252 582 93 25 mètres,
3374 583 43 21 ont

2879 612 60 22 brisé
2952 613 34 21 les
2998 613 113 19 carreaux
3123 609 69 20 d'une
3205 607 91 22 fenêtre
3309 607 108 22 donnant

2878 642 41 17 sur
2931 638 21 21 le
2966 636 79 26 Jardin
3058 635 24 21 et
3093 635 55 21 sont
3161 632 88 22 arrivés
3262 632 60 22 ainsi
3336 632 15 22 à
3362 633 41 21 l'In-

2879 662 92 22 térieur.
2989 662 63 21 Tous
3071 661 34 21 les
3124 657 104 23 meubles
3260 657 32 21 du
3323 658 93 21 rez-de-

2879 687 111 22 chaussée
3008 686 24 21 et
3049 685 42 22 des
3107 683 80 25 étages
3204 681 42 22 ont
3263 681 38 22 été
3318 682 99 22 fouillés.

2879 714 51 21 Une
2947 710 108 28 quantité
3072 709 98 25 d'objets
3186 707 92 22 étalent
3294 707 123 26 éparpillés

2878 743 40 17 sur
2939 738 21 22 le
2981 736 105 27 parquet.
3106 734 75 21 Toute
3202 732 154 25 l'argenterie,
3377 733 40 20 des

2878 764 88 24 bijoux,
2981 762 41 22 des
3038 760 77 26 objets
3130 758 62 23 d'art
3206 757 44 22 ont
3266 757 37 21 été
3319 757 98 21 enlevés.

2879 790 31 20 Le
2926 789 37 21 vol
2979 788 51 21 doit
3044 786 50 21 être
3110 782 138 27 Important,
3263 781 61 22 mais
3339 786 32 17 on
3388 787 29 16 ne

2879 818 53 17 sera
2948 812 136 22 réellement
3101 809 48 23 fixé
3167 808 53 26 qu'à
3238 808 23 20 la
3278 806 93 22 rentrée
3389 808 28 20 de

2880 840 51 20 M""
2946 839 88 25 Phlpps
3049 836 39 26 qui
3103 841 15 16 a
3132 834 38 23 été
3184 832 117 27 prévenue
3317 831 100 25 télégra-

2879 863 159 26 phiquement.
3060 862 34 21 La
3116 860 74 27 police
3213 857 99 27 procède
3334 856 17 22 k
3373 861 45 16 une

2880 889 106 25 enquête.
3002 887 96 26 Jusqu'à
3114 884 96 28 présent
3226 888 32 17 on
3274 887 31 17 ne
3322 882 96 26 possède

2881 919 77 17 aucun
2968 914 76 21 indice
3054 918 40 16 sur
3104 913 34 21 les
3148 910 96 23 auteurs
3255 908 28 22 de
3294 906 38 23 cet
3343 907 62 21 auda-

2881 940 65 21 cieux
2958 938 161 25 cambriolage.
3131 938 32 21 Le
3175 934 99 28 parquet
3286 938 15 17 a
3313 933 38 21 été
3362 933 44 24 éga-

2881 964 87 22 lement
2981 966 70 20 avisé.
3063 974 27 5 —
3102 964 28 20 D.

2993 1015 157 18 RECOMPENSE
3165 1014 38 17 FB.
3218 1013 82 19 «,M».—

2897 1037 12 17 k
2926 1038 33 19 qui
2975 1037 105 17 restituera
3097 1036 75 17 voiture
3188 1032 144 19 «7*7H-*VROUT
3349 1036 35 13 con-

2897 1057 54 18 duite
2978 1057 105 17 Intérieure
3108 1056 77 21 grenat,
3213 1055 21 17 16
3253 1055 39 16 Tfrp.
3319 1054 77 16 mowur

2896 1081 20 15 n.
2928 1078 83 19 39ee091,
3023 1077 75 18 chissis
3109 1081 20 14 n.
3141 1076 49 20 SB-"»,
3202 1076 70 20 plstiue
3283 1078 21 13 n.
3317 1074 77 18 180.305,

2898 1102 62 13 année
2981 1098 48 20 1934,
3050 1097 54 18 volée
3123 1097 20 17 le
3164 1097 29 16 1*'
3213 1095 41 18 mal
3275 1095 43 17 1035
3340 1094 56 17 entre

2898 1118 21 17 31
2935 1119 19 17 h.
2970 1119 22 16 30
3006 1119 21 17 et
3041 1119 22 16 24
3077 1118 21 18 b.
3112 1118 29 20 30,
3156 1120 36 15 ru»
3206 1117 25 17 de
3243 1116 22 18 la
3278 1114 89 21 Fls-ncée,
3383 1114 12 17 k

2897 1139 104 19 Bruxelles,
3017 1143 12 13 a
3046 1142 5 14 :

2919 1159 34 17 Cie
2966 1160 138 16 d'Assurances
3117 1159 49 17 THE
3179 1157 85 20 OCZkX,
3279 1157 27 20 81,
3320 1159 35 14 rue
3368 1155 26 18 du

2897 1179 216 20 Marché-aux-Herbes,
3134 1178 106 18 Bruxelles.
3327 1176 68 17 (DJ1M

2333 5618 51 18 Nous
2398 5618 73 22 design.
2487 5623 6 15 :
2508 5619 28 21 éo.
2550 5621 31 18 cte
2595 5622 71 18 Cornet
2680 5622 24 18 da
2717 5623 36 22 W.;
2767 5623 80 22 Esterel.

2908 1223 36 20 LE
2960 1224 65 20 FEU.
3039 1234 29 6 —
3082 1223 95 21 Samedi
3193 1223 54 24 soir,
3262 1226 34 17 un
3311 1222 108 20 Incendie

2882 1251 15 17 a
2919 1247 74 23 éclaté
3014 1249 61 22 dans
3095 1248 140 21 l'Immeuble
3256 1246 98 27 portant
3397 1246 23 21 le

2882 1276 23 18 n.
2921 1273 40 21 407
2977 1273 29 22 de
3023 1274 24 21 la
3063 1278 42 17 rue
3122 1273 85 25 Haute,
3223 1272 31 22 où
3270 1272 38 22 est
3324 1271 95 22 installé

2882 1296 21 22 le
2916 1298 53 21 café
2982 1299 57 22 tenu
3051 1303 45 21 par
3109 1299 33 21 les
3154 1298 76 26 époux
3242 1299 50 20 D...
3304 1298 32 21 Le
3349 1297 42 21 feu
3405 1301 14 17 a

2881 1322 49 24 pris
2940 1323 60 22 dans
3010 1325 22 22 le
3043 1324 91 25 grenier
3145 1329 31 16 on
3186 1328 32 17 ne
3227 1324 48 21 sait
3285 1327 44 22 pas
3334 1327 84 17 encore

2882 1347 16 21 à
2914 1348 24 22 la
2952 1349 61 21 suite
3031 1350 28 22 de
3076 1349 87 26 quelles
3179 1349 179 21 circonstances.
3375 1348 44 21 Les

2882 1374 116 24 pompiers
3013 1374 30 21 de
3059 1374 24 22 la
3099 1379 96 17 caserne
3211 1375 25 20 et
3251 1374 30 21 de
3297 1374 25 21 la
3337 1373 82 25 grand'

2882 1398 71 23 garde
2965 1400 56 20 sont
3032 1404 112 17 accourus
3157 1400 14 21 à
3183 1399 24 22 la
3219 1399 113 26 première
3346 1398 73 22 alerte

2882 1424 24 20 et
2921 1424 68 24 après
3004 1429 46 17 une
3064 1425 148 21 demi-heure
3240 1425 109 21 d'efforts
3376 1424 43 22 ont

2883 1448 104 22 maîtrisé
2998 1450 34 21 les
3044 1450 115 21 flammes.
3170 1460 29 6 —
3208 1452 29 20 D.

2908 1480 38 21 LA
2960 1481 160 22 PRUDENCE
3136 1482 56 21 EST
3207 1482 39 21 LA
3260 1482 85 21 MERE
3376 1481 40 21 DE

2882 1504 37 22 LA
2933 1506 115 21 SURETE
3106 1508 44 20 Les
3162 1506 137 26 ménagères
3311 1506 91 26 pruden-

2882 1529 34 22 tes
2930 1531 25 21 et
2968 1531 87 21 avisées
3067 1532 41 25 qui
3121 1532 42 21 ont
3175 1532 54 21 soin
3240 1532 31 21 de
3283 1532 63 22 leurs
3351 1532 51 22 Inté-

2883 1554 46 22 rêts
2943 1556 25 21 et
2979 1556 30 21 de
3021 1561 58 17 ceux
3091 1557 29 21 de
3132 1558 51 20 leur
3193 1557 98 24 famille,
3303 1562 32 17 ne
3345 1562 58 16 man-

2882 1581 73 23 quent
2966 1586 44 20 pas
3022 1582 29 21 de
3064 1583 117 21 consulter
3192 1582 35 22 les
3242 1590 9 11 ■
3265 1582 88 22 Petites
3366 1584 37 19 An-

2882 1609 86 18 nonces
2980 1614 10 11 •
3003 1607 29 21 de
3046 1615 9 10 «
3067 1608 34 20 La
3112 1607 111 24 Dernière
3234 1608 78 21 Heure
3324 1616 9 11 •
3342 1608 75 21 avant

2883 1630 28 21 de
2923 1631 60 21 faire
2995 1632 62 21 leurs
3069 1633 90 21 achats.
3292 1633 124 23 (D4-197/15

2910 1661 153 22 ACCIDENT
3079 1664 118 21 D'AUTO.
3218 1674 29 6 —
3277 1665 34 21 M.
3340 1664 81 22 Albert

2884 1685 53 22 Van
2948 1687 47 22 G...
3008 1687 43 25 âgé
3063 1688 27 21 de
3102 1689 26 21 48
3140 1694 49 19 ans,
3201 1689 111 26 employé,
3324 1689 83 22 demeu-

2885 1712 55 20 rant
2953 1717 42 16 rue
3007 1713 30 21 de
3050 1713 77 25 Pairie,
3139 1719 32 16 en
3184 1714 134 22 traversant
3330 1715 90 22 samedi

2886 1736 47 21 soir
2956 1737 74 22 l'allée
3055 1739 103 21 centrale
3182 1740 33 21 du
3238 1740 127 22 boulevard
3388 1741 33 21 du

2885 1760 91 26 Régent
2990 1767 15 16 a
3019 1762 37 22 été
3069 1764 109 21 renversé
3191 1769 44 20 par
3249 1769 47 19 une
3311 1765 56 21 auto
3381 1765 39 26 qui

2885 1790 16 16 a
2919 1787 110 22 continué
3045 1793 28 16 sa
3089 1789 74 21 route.
3180 1790 192 25 Heureusement,
3389 1795 31 16 on

2886 1811 95 25 possède
2994 1813 22 21 le
3029 1813 98 22 numéro
3140 1814 30 21 de
3182 1814 24 21 la
3219 1815 90 25 plaque.
3323 1816 35 21 La
3371 1815 36 22 vic-

2886 1835 56 23 time
2956 1842 15 16 a
2984 1837 38 22 été
3035 1838 87 22 blessée
3135 1839 167 23 sérieusement
3315 1841 32 21 et'
3354 1846 15 16 a
3382 1840 38 22 été

2886 1862 109 23 conduite
3007 1862 16 22 k
3034 1863 106 26 l'hôpital
3153 1865 148 22 Saint-Jean.
3313 1876 28 5 —
3352 1866 29 21 D.

2909 1893 160 22 HOLLANDE
3103 1895 122 23 CHAMPS
3245 1897 40 21 DE
3304 1897 115 21 FLEURS

2883 1918 195 26 AMSTERDAM,
3102 1921 11 20 1
3136 1926 74 20 repas,
3233 1926 53 17 cars
3307 1922 30 22 de
3359 1922 54 21 luxe

2884 1943 38 21 109
2935 1944 38 25 lr.,
2986 1945 56 21 dira,
3056 1946 25 21 et
3095 1946 56 25 Jeu.;
3168 1947 77 21 même
3259 1952 87 20 voyage
3361 1947 45 22 cha-

2883 1973 45 20 que
2946 1970 128 25 week-end,
3092 1976 58 18 sam.
3169 1973 26 20 et
3211 1972 55 22 dim.
3285 1973 40 21 218
3343 1973 31 21 fr.
3392 1982 28 7 —

2882 1994 141 23 VOYAGES
3037 1997 115 21 JOSEPH
3165 1998 170 23 DUMOULIN,
3349 1998 34 24 77,
3388 1997 32 22 bd

2882 2019 106 25 Adolphe
2999 2022 64 24 Max,
3076 2023 126 21 BruxeUes.
3322 2023 98 24 (H260/2

2912 2052 213 23 ARRESTATION
3139 2054 72 22 D'UN
3226 2055 195 21 PICKPOCKET

2885 2075 253 25 INTERNATIONAL.
3153 2089 29 7 —
3197 2080 34 21 M.
3246 2080 46 22 T...
3309 2081 112 20 habitant

2885 2100 16 22 à
2914 2099 148 28 Anderlecht,
3074 2108 42 17 rue
3129 2105 70 24 Bara,
3212 2110 26 16 se
3252 2105 104 22 trouvait
3368 2105 53 22 hier

2884 2126 47 21 soir
2949 2132 41 17 sur
3009 2128 24 21 la
3050 2128 153 26 plate-forme
3221 2130 57 21 d'un
3296 2130 64 21 tram
3378 2134 50 18 rue»

2886 2151 96 26 Gallait,
2994 2153 86 25 quand,
3092 2154 16 21 à
3121 2154 101 22 hauteur
3234 2155 30 21 de
3276 2155 25 22 la
3313 2160 42 17 rue
3368 2155 52 21 Van

2886 2175 28 22 de
2927 2177 88 25 Weyer,
3026 2178 19 22 11
3056 2179 39 21 fut
3107 2178 109 22 bousculé
3228 2185 44 20 par
3284 2180 61 21 deux
3357 2180 50 22 Indi-

2885 2201 66 22 vidus
2970 2203 47 25 qui,
3036 2204 99 22 aussitôt
3154 2204 74 26 après,
3248 2205 122 23 sautèrent
3388 2205 32 22 du

2887 2225 60 23 tram
2968 2229 25 20 et
3013 2228 145 22 s'enfuirent.
3191 2230 33 20 M.
3245 2230 45 21 T...
3312 2231 108 20 constata

2886 2252 98 22 aussitôt
2999 2258 44 20 que
3058 2258 44 17 son
3116 2254 147 25 portefeuille
3291 2256 131 21 contenant

2886 2280 47 18 une
2945 2282 88 17 somme
3046 2279 143 25 Importante
3202 2280 34 21 lui
3250 2280 65 23 avait
3328 2280 38 21 été
3380 2280 28 21 dé-

2885 2302 54 21 robé
2955 2303 25 21 et
2996 2304 49 20 cria
3063 2311 9 11 «
3090 2309 32 16 au
3138 2304 80 22 voleur
3234 2313 18 13 •.
3269 2306 39 20 Un
3325 2305 41 21 des
3382 2306 26 20 in-

2886 2326 90 23 dividus
2991 2329 96 23 porteur
3101 2330 34 21 du
3150 2330 146 24 portefeuille
3312 2331 44 24 put
3372 2330 49 21 être

2886 2352 76 22 airêté
2973 2353 66 25 place
3050 2354 85 21 Liedts.
3147 2355 63 21 C'est
3220 2359 34 17 un
3264 2355 64 24 sujet
3338 2355 83 21 italien

2886 2376 32 22 du
2929 2382 56 17 nom
2996 2379 29 20 de
3036 2379 104 24 Eugenio
3150 2381 46 20 B...
3209 2379 31 21 né
3251 2385 31 15 en
3294 2380 59 24 1896,
3365 2385 56 16 sans

2886 2401 106 23 domicile
3003 2404 17 21 à
3030 2405 126 20 Bruxelles.
3167 2405 22 21 H
3200 2410 16 15 a
3227 2404 38 22 été
3277 2404 83 22 écroué
3371 2405 15 21 à
3398 2405 23 21 la

2886 2426 136 25 disposition
3040 2429 31 21 du
3089 2434 132 20 procureur.
3239 2430 34 20 La
3290 2430 74 24 police
3382 2434 26 17 re-

2887 2452 97 23 cherche
2998 2454 141 23 activement
3151 2459 45 16 son
3209 2454 118 25 complice.
3339 2465 29 6 —
3380 2455 29 21 D.

2884 2483 62 22 UNE
2959 2485 111 21 ŒUVRE
3082 2486 178 20 POIGNANTE

2909 2514 33 22 Le
2963 2516 79 21 succès
3062 2516 149 24 d'ACTUAL,
3232 2517 126 25 ex-Select,
3379 2518 29 21 dé-

2884 2544 68 21 passe
2964 2541 78 22 toutes
3054 2541 35 22 les
3101 2541 135 25 prévisions.
3247 2542 65 24 Hier,
3325 2544 95 21 samedi.

2885 2570 31 16 on
2925 2566 82 21 refusa
3018 2566 32 22 du
3060 2566 87 22 monde
3157 2567 42 21 dès
3209 2567 23 21 le
3243 2567 78 22 matin
3332 2569 25 20 et
3369 2568 16 21 à
3397 2568 25 21 la

2883 2590 96 26 plupart
2993 2592 42 21 des
3048 2591 102 22 séances.

2909 2617 22 20 A
2953 2617 102 21 maintes
3077 2617 106 25 reprises,
3205 2617 23 22 le
3251 2618 76 24 grand
3349 2618 54 21 film
3413 2623 6 17 :

2884 2641 53 21 LES
2956 2642 130 21 HOMMES
3106 2642 128 22 OUBLIÉS
3253 2647 116 21 provoque
3383 2644 38 23 .les

2883 2667 226 24 applaudissements
3138 2668 30 21 de
3197 2668 152 22 l'assistance.
3377 2669 46 22 Les

2884 2692 145 24 spectateurs
3047 2692 34 22 les
3100 2692 54 26 plus
3173 2692 77 23 blasés
3269 2698 32 17 ne
3318 2695 103 24 peuvent

2884 2717 84 22 cacher
2980 2718 52 21 leur
3043 2717 110 22 émotion.

2909 2743 35 21 La
2957 2743 121 21 Direction
3092 2743 143 22 d'ACTUAL
3247 2744 40 22 fut
3301 2744 56 22 bien
3370 2739 37 28 îns

2883 2768 65 24 pirée
2969 2773 32 16 en
3023 2768 110 24 mettant,
3156 2768 17 21 à
3195 2774 45 16 son
3272 2774 148 21 programme

2884 2793 152 25 d'ouverture,
3053 2794 62 21 cette
3132 2799 80 18 œuvre
3228 2796 136 24 magistrale
3380 2797 41 24 qui

2883 2818 99 22 attirera
3001 2819 53 21 tout
3071 2820 121 22 Bruxelles
3210 2821 62 21 dans
3289 2822 63 21 cette
3371 2822 36 22 élé-

2883 2844 71 25 gante
2967 2844 58 22 salle
3042 2844 30 26 (4,
3086 2849 36 18 av.
3138 2846 28 21 de
3180 2846 25 21 la
3218 2846 165 23 Toison-d'Or)
3388 2863 5 5 .

3335 2872 84 22 (H4213

2906 2907 91 22 LASSE
3010 2908 41 22 DE
3065 2908 39 21 LA
3117 2909 57 25 VIE,
3189 2911 72 19 ELLE
3277 2911 35 21 SE
3326 2911 92 22 JETTE

2880 2932 79 22 DANS
2975 2933 44 21 UN
3034 2934 96 21 PUITS.
3145 2945 29 6 —
3187 2935 133 22 Dimanche
3334 2937 84 24 matin,

2881 2956 24 21 la
2918 2957 107 21 nommée
3042 2958 61 23 Elise
3120 2960 178 26 Coeckelbergh,
3314 2961 58 25 âgée
3388 2962 29 21 de

2880 2982 26 20 45
2920 2986 50 21 ans,
2984 2983 138 22 demeurant
3134 2985 16 22 à
3162 2986 256 26 Heyst-op-den-Berg,

2882 3010 31 17 au
2928 3007 103 22 hameau
3049 3016 10 11 •
3077 3009 118 25 t'PleintJe
3213 3018 19 17 »,
3247 3016 27 16 se
3290 3011 51 26 Jeta
3358 3012 60 21 dans

2880 3036 34 16 un
2922 3032 65 24 puits
2996 3032 61 22 situé
3067 3033 16 21 à
3092 3034 124 24 proximité
3226 3036 28 20 de
3264 3041 28 16 sa
3302 3037 115 22 demeure.

2881 3056 34 21 La
2932 3057 162 23 malheureuse
3111 3064 33 16 en
3160 3060 40 21 fut
3217 3061 85 21 retirée
3320 3062 16 21 à
3352 3062 66 22 l'état

2882 3081 28 21 de
2924 3082 105 21 cadavre.

2906 3107 89 24 Depuis
3013 3108 138 26 longtemps,
3169 3110 62 21 Elise
3249 3111 170 27 Coeckelbergh

2881 3131 111 22 souffrait
3001 3133 30 21 de
3042 3134 172 22 neurasthénie.
3224 3136 22 21 A
3255 3136 115 25 plusieurs
3380 3143 25 16 re-

2882 3156 80 25 prises,
2980 3157 44 23 elle
3043 3159 64 21 avait
3125 3160 128 23 manifesté
3267 3161 23 22 le
3309 3161 62 22 désir
3389 3164 29 21 de

2881 3181 85 22 mettre
2979 3183 38 21 fin
3028 3183 17 22 à
3055 3188 46 17 son
3112 3185 124 22 existence.

2879 3218 68 21 Exigea
2953 3220 19 16 1.
2978 3219 78 18 BUCBE
3062 3221 103 19 RAFFINE
3170 3223 25 17 de
3202 3224 140 19 TIRLEMONT
3361 3228 57 17 (HJU

2906 3252 159 24 BENVEUSE
3076 3256 61 22 PAR
3149 3257 61 21 UNE
3221 3258 83 23 AUTO
3322 3271 29 5 —
3362 3261 57 21 Hier

2881 3278 53 25 soir,
2951 3278 24 23 le
2991 3280 61 24 petit
3067 3281 63 22 Jean
3147 3282 163 28 Walschaerts,
3327 3286 44 25 âgé
3388 3287 30 21 de

2883 3303 25 20 13
2927 3308 50 21 ans,
2996 3305 140 23 demeurant
3154 3312 57 17 avec
3229 3314 38 17 ses
3285 3311 98 25 parents
3401 3312 16 21 à

2881 3328 85 24 Battel.
2981 3334 32 17 en
3027 3330 133 24 traversant
3172 3333 25 21 la
3212 3338 42 18 rue
3269 3336 148 26 d'Adeghem,

2881 3353 15 21 à
2909 3354 108 26 Malines,
3029 3362 17 16 a
3060 3356 39 22 été
3111 3358 89 25 surpris
3213 3360 25 20 et
3251 3363 108 20 renversé
3373 3367 44 20 par

2881 3383 47 17 une
2943 3380 142 24 automobile
3102 3383 84 25 pilotée
3202 3389 45 21 par
3263 3387 101 24 Tersago
3388 3389 28 20 de

2879 3404 108 22 Malines.
3012 3406 34 23 La
3073 3408 162 23 malheureuse
3257 3411 94 22 victime
3377 3413 39 21 fut

2880 3429 149 23 violemment
3042 3432 105 25 projetée
3161 3435 82 21 contre
3257 3435 35 22 les
3306 3437 72 25 pavés
3390 3438 26 21 et

2880 3455 38 22 fut
2932 3455 90 23 relevée
3029 3457 149 27 .grièvement
3191 3460 87 23 blessée
3292 3461 16 21 à
3322 3462 25 22 la
3361 3463 48 21 tête

2879 3480 74 25 Après
2968 3481 137 32 awkjreçu
3120 3484 35 22 les
3167 3485 112 24 premiers
3295 3487 65 21 soins
3375 3493 40 17 sur

2880 3505 72 26 place,
2974 3505 118 27 lerpiessé
3113 3513 17 17 a
3150 3509 39 23 été
3206 3511 123 23 reconduit
3350 3513 17 21 à
3387 3519 28 16 sa

2880 3531 115 22 demeure.

2900 3569 51 17 Avec
2966 3570 90 21 SAPOLI,
3071 3571 22 17 M
3106 3572 40 17 fols
3160 3573 64 18 moins
3239 3574 24 18 de
3278 3576 58 19 pain*

2900 3589 25 17 Et
2935 3589 18 17 le
2964 3590 82 21 parquet
3057 3591 55 18 brille
3122 3593 55 17 toute
3186 3593 21 17 la
3216 3595 93 19 semaine.
3324 3597 90 21 (H1319/S

2904 3621 140 23 CADAVRE
3058 3624 137 23 REPECHE
3255 3628 40 21 On
3308 3629 65 22 vient
3386 3631 29 21 de

2877 3647 117 25 repêcher,
3005 3649 125 23 dimanche
3139 3651 84 26 matin,
3234 3652 16 23 à
3261 3654 89 25 Duffel,
3361 3656 54 24 près

2878 3672 33 21 du
2927 3677 107 18 nouveau
3052 3675 64 26 pont,
3134 3676 61 21 dans
3212 3676 35 23 les
3264 3683 61 17 eaux
3343 3682 29 20 de
3391 3681 24 20 la

2877 3697 83 26 Nèthe,
2979 3699 23 22 le
3021 3700 100 22 cadavre
3140 3702 34 21 du
3193 3704 96 22 nommé
3308 3705 107 25 Adolphe

2876 3722 194 27 Remouchamps,
3082 3725 131 28 négociant,
3226 3728 44 25 âgé
3283 3729 30 22 de
3323 3731 27 21 45
3364 3735 44 17 ans

2877 3747 138 23 demeurant
3029 3749 16 21 à
3059 3750 84 23 Lierre.

2902 3773 188 26 Remouchamps
3112 3777 66 21 avait
3199 3777 97 26 disparu
3318 3781 30 21 de
3371 3787 43 16 son

2878 3798 111 26 domicile,
3003 3799 18 22 11
3035 3805 16 20 y
3066 3805 15 16 a
3093 3801 55 22 huit
3162 3803 72 24 Jours.
3249 3805 36 21 De
3299 3805 115 26 l'enquête

2877 3823 94 22 ouverte
2987 3824 18 21 il
3019 3825 87 22 résulte
3122 3831 44 21 que
3181 3828 49 21 l'on
3244 3834 26 17 se
3285 3830 82 24 trouve
3383 3836 32 17 en

2877 3848 109 24 présence
3007 3850 57 21 d'un
3084 3851 95 23 suicide.
3201 3854 32 21 Le
3255 3855 153 23 malheureux

2877 3873 68 25 après
2958 3875 64 20 avoir
3035 3876 67 24 passé
3114 3877 24 20 la
3151 3878 73 22 soirée
3237 3880 30 21 de
3279 3881 68 21 lundi
3360 3883 42 20 der-

2877 3898 51 21 nier
2952 3899 60 21 dans
3035 3905 34 16 un
3093 3901 174 24 établissement
3291 3906 16 21 à
3330 3907 78 21 Lierre

2877 3924 78 21 s'était
2970 3925 75 21 rendu
3060 3926 54 25 près
3131 3928 28 20 de
3175 3928 92 23 l'écluse
3284 3931 29 21 de
3326 3931 26 22 la
3367 3933 35 20 Nè-

2878 3949 48 25 the,
2944 3949 15 21 à
2976 3950 84 25 Lierre,
3076 3951 30 21 où
3124 3952 19 21 il
3159 3958 26 16 se
3203 3954 68 25 logea
3288 3961 47 16 une
3354 3958 61 21 balle

2878 3974 29 21 de
2923 3975 103 21 revolver
3045 3976 59 22 dans
3120 3977 25 22 la
3161 3978 56 23 tête.
3235 3980 22 21 Il
3274 3981 80 23 tomba
3371 3986 32 17 en-

2877 3999 61 21 suite
2952 4000 59 21 dans
3025 4001 67 23 l'eau.

2904 4025 39 20 On
2960 4025 81 25 ignore
3058 4027 35 20 les
3111 4032 81 18 causes
3211 4029 40 26 qui
3270 4031 43 21 ont
3331 4033 84 23 poussé

2877 4049 22 21 le
2911 4050 152 22 malheureux
3076 4051 16 21 à
3103 4057 26 16 se
3140 4053 91 22 donner
3243 4055 25 21 la
3280 4057 70 22 mort.

2903 4087 60 21 UNE
2987 4088 189 23 DISTILLERIE
3201 4093 215 24 CLANDESTINE.

2898 4123 7 4 -
2917 4113 22 20 Il
2951 4117 16 20 y
2979 4119 16 16 a
3007 4114 109 25 quelques
3129 4117 72 24 Jours,
3214 4122 47 17 une
3274 4118 69 23 lettre
3355 4125 48 16 ano-

2878 4141 70 20 nyme
2966 4140 124 23 parvenait
3108 4145 32 17 au
3160 4142 89 22 bureau
3267 4144 42 21 des
3329 4146 87 20 accises

2878 4162 96 22 relative
2988 4164 16 21 à
3019 4169 46 17 une
3081 4165 120 23 distillerie
3218 4169 145 22 clandestine
3377 4173 40 23 qui

2878 4188 183 22 fonctionnerait
3078 4191 59 22 dans
3155 4196 33 16 un
3204 4193 125 23 immeuble
3345 4196 29 21 de
3391 4197 25 20 la

2878 4217 41 17 rue
2930 4213 30 21 de
2971 4215 138 26 Tervueren,
3122 4217 15 20 à
3149 4217 105 22 Louvain

2896 4238 159 25 Descriptions
3068 4241 42 20 des
3116 4241 88 26 locaux,
3220 4244 149 25 dispositions
3375 4246 42 22 des

2878 4267 73 20 caves,
2966 4264 54 21 tout
3034 4265 60 21 était
3109 4267 96 25 indiqué
3221 4273 56 18 avec
3292 4269 65 23 foroe
3373 4272 30 21 dé-

2878 4288 55 20 tails
2949 4289 25 20 et
2991 4291 88 23 grande
3097 4291 121 25 précision.

2903 4314 52 20 Une
2969 4315 100 24 enquête
3083 4317 39 21 fut
3137 4319 95 21 ouverte
3246 4320 97 25 samedi,
3355 4322 62 21 mais

2877 4338 34 20 les
2927 4339 140 25 enquêteurs
3083 4341 73 22 firent
3173 4343 96 22 buisson
3284 4349 77 18 creux.
3377 4348 40 21 On

2878 4363 83 22 trouva
2976 4365 55 21 bien
3046 4371 34 16 un
3097 4367 67 22 vieux
3180 4369 122 22 chaudron
3318 4371 59 22 dont
3392 4373 26 21 la

2878 4388 143 23 destination
3040 4392 109 21 semblait
3167 4399 65 16 assez
3252 4394 165 29 énlgmatique,

2878 4414 60 20 mais
2958 4415 16 21 à
2994 4416 55 24 part
3070 4417 57 24 cela,
3148 4423 91 19 aucune
3259 4421 66 22 trace
3347 4423 69 21 d'une

2877 4439 120 22 distillerie
3012 4441 144 23 clandestine
3172 4449 31 16 ne
3218 4446 39 20 fut
3273 4446 136 23 découverte

2903 4465 31 20 Le
2951 4465 53 25 plus
3020 4468 89 24 surpris
3125 4469 39 21 fut
3180 4469 22 21 le
3218 4471 154 25 propriétaire
3387 4474 29 21 de

2877 4490 145 26 limmeuble,
3036 4493 39 24 qui
3089 4498 30 16 ne
3132 4494 139 22 s'attendait
3284 4498 76 21 certes
3372 4502 45 21 pas

2877 4515 16 19 à
2907 4516 96 23 pareille
3020 4518 119 22 aventure.
3155 4520 22 20 H
3192 4521 94 24 pilotait
3302 4523 35 21 les
3353 4525 63 20 acci-

2876 4540 63 22 siens
2955 4541 15 21 à
2989 4541 90 22 travers
3097 4548 28 16 sa
3143 4545 92 22 maison
3253 4547 84 25 Jusque
3355 4551 62 20 dans

2877 4569 33 17 un
2920 4565 78 22 réduit
3010 4567 30 21 où
3051 4568 18 21 il
3080 4571 132 20 conservait
3223 4572 62 22 deux
3295 4573 52 22 fûts
3359 4579 45 17 con-

2877 4590 84 21 tenant
2980 4596 34 16 un
3035 4593 114 26 breuvage
3169 4596 108 25 fabriqué
3298 4603 56 17 avec
3376 4601 40 20 des

2876 4615 85 22 raisins
2975 4617 24 21 et
3013 4618 39 25 qui
3065 4620 128 22 ressembla
3208 4626 64 18 assez
3283 4623 56 22 bien
3353 4625 16 21 k
3384 4626 32 21 du

2876 4640 40 22 vin
2933 4641 159 24 fraîchement
3110 4644 92 23 récolté.

2902 4666 44 21 Les
2963 4672 58 19 gens
3039 4669 32 21 du
3089 4669 45 22 fisc
3152 4671 133 23 tombèrent
3301 4680 33 16 en
3351 4677 66 20 arrêt

2875 4692 88 21 devant
2976 4692 35 22 les
3021 4693 51 22 fûts
3085 4696 25 20 et
3122 4696 68 25 après
3203 4698 65 21 avoir
3281 4699 97 25 dégusté
3392 4702 24 21 la

2875 4716 93 22 boisson
2983 4719 101 21 favorite
3098 4721 33 21 du
3147 4722 153 25 propriétaire
3316 4730 44 21 que
3377 4731 26 16 ce-

2875 4742 68 20 lui-ci
2957 4743 128 26 fabriquait
3100 4750 59 20 pour
3172 4752 45 17 son
3230 4753 73 22 usage
3317 4755 85 21 person-

2875 4767 45 24 nel,
2932 4767 30 21 ils
2974 4770 160 23 constatèrent
3144 4772 22 22 le
3179 4773 58 22 délit
3248 4775 25 21 et
3283 4776 132 23 dressèrent

2875 4792 92 24 procès-
2969 4794 85 22 verbal.

2901 4817 32 21 Le
2954 4818 139 27 délinquant
3112 4821 104 26 Ignorait
3236 4825 56 25 quil
3314 4828 65 21 avait
3400 4829 16 21 k

2875 4846 61 35 ?,^
2934 4848 13 15 r
2950 4844 43 37 Jf.
3004 4849 26 32 "S
3046 4850 12 16 c
3052 4871 44 10 ,™
3113 4852 31 29 F
3140 4853 9 15 1
3148 4853 14 17 *
3177 4847 55 24 taM
3249 4851 28 21 de
3293 4852 26 21 50
3334 4852 38 21 fra
3373 4858 43 16 **cs

2875 4872 31 17 au
2921 4869 73 24 profit
3009 4870 28 21 de
3052 4871 79 22 l'Etat.

2900 4899 37 21 LE
2950 4901 57 22 FEU
3019 4904 21 20 A
3051 4903 85 22 BORD
3150 4906 90 21 D'UNE
3252 4907 124 23 ALLEGE.
3388 4920 28 8 —

2874 4925 32 21 Le
2925 4926 41 21 feu
2983 4927 55 21 s'est
3056 4928 92 23 déclaré
3166 4930 16 22 à
3201 4932 59 22 bord:
3277 4934 31 21 de
3326 4934 89 25 l'allège

2877 4957 9 11 «
2904 4951 54 21 Eisa
2976 4960 19 17 »,
3012 4954 105 22 amarrée
3134 4960 32 17 au
3183 4962 23 17 n.
3223 4958 26 20 29
3266 4957 42 22 des
3324 4959 92 22 bassins

2875 4975 16 21 d
2897 4977 95 22 Anvers.
3003 4978 30 21 Le
3046 4979 41 21 feu
3100 4985 14 16 a
3127 4981 82 21 trouvé
3220 4987 34 16 un
3266 4983 99 22 aliment
3376 4985 26 21 fa-

2874 5002 43 19 cile
2929 5002 61 21 ôans
3005 5003 34 21 les
3054 5004 72 22 balles
3140 5006 29 21 de
3184 5007 76 24 coton,
3275 5008 21 22 le
3312 5010 103 21 chanvre

2874 5027 25 20 et
2919 5026 21 21 le
2960 5027 59 26 liège
3040 5030 39 24 qui
3100 5031 128 22 bondaient
3248 5033 25 21 la
3293 5034 57 21 csde.
3371 5036 44 20 Les

2875 5052 115 24 pompiers
3008 5054 117 27 d'Anvers,
3143 5057 94 21 assistés
3252 5058 29 21 de
3299 5059 61 22 deux
3376 5065 25 15 re-

2873 5080 136 21 morqueurs
3025 5080 78 21 munis
3120 5081 27 22 de
3164 5082 75 21 fortes
3254 5088 102 21 pompes,
3372 5086 43 19 ont

2874 5102 31 20 dû
2919 5102 120 23 travailler
3053 5105 52 24 plus
3119 5106 28 21 de
3161 5107 83 25 quatre
3257 5109 85 22 heures
3355 5114 60 21 pour

2873 5127 104 21 éteindre
2992 5128 33 22 les
3039 5130 116 25 flammes,
3169 5133 40 24 qui
3220 5133 43 21 ont
3275 5135 139 21 occasionné

2874 5151 40 21 des
2930 5153 82 24 dégâts
3028 5156 177 22 considérables.

2898 5183 135 23 PASSAGE
3053 5187 20 20 A
3092 5187 115 23 NIVEAU
3225 5190 188 23 MEURTRIER.

2872 5218 27 5 —
2912 5209 132 22 Dimanche
3058 5213 83 24 matin,
3156 5214 15 21 à
3186 5218 34 16 un
3234 5219 98 21 passage
3345 5216 15 21 à
3375 5219 25 19 ni-

2873 5236 65 21 veau,
2951 5239 89 17 avenue
3053 5237 33 21 du
3098 5237 70 24 Nord,
3181 5238 15 22 à
3208 5240 96 25 Anvers,
3316 5242 53 24 près
3381 5243 32 21 du

2872 5259 121 26 Luchtbal,
3010 5265 47 17 une
3075 5261 136 24 locomotive
3227 5269 32 17 en
3276 5270 136 19 manœuvre

2872 5287 15 16 a
2898 5284 127 24 tamponné
3038 5291 32 16 un
3084 5288 233 23 camlon-automobil
3318 5299 12 15 e
3344 5292 69 21 d'un'

2873 5309 96 21 laiterie.
2986 5310 33 21 Le
3036 5313 93 20 camion
3146 5318 15 16 a
3179 5313 37 22 été
3233 5314 87 23 démoli
3336 5318 26 20 et
3379 5318 34 21 les

2872 5334 60 20 deux
2947 5335 107 22 hommes
3070 5338 39 24 qui
3125 5338 33 24 s'y
3173 5339 134 23 trouvaient
3323 5342 76 24 griève-

2872 5359 65 20 ment
2948 5360 92 22 blessés.
3054 5363 31 20 Ce
3097 5365 55 20 sont
3163 5363 34 22 les
3207 5365 105 22 nommés
3324 5368 82 24 Wuyts

2872 5384 16 20 d
2894 5384 94 22 Anvers,
3006 5387 121 22 souffrant
3144 5389 68 21 d'une
3230 5390 61 22 forte
3308 5396 91 18 commo-

2872 5409 50 20 tion
2934 5409 123 27 cérébrale,
3070 5414 26 20 et
3108 5413 89 25 Lelsen,
3210 5415 29 22 de
3252 5416 86 24 Tessel,
3350 5418 49 22 bles-

2871 5433 25 21 sé
2910 5439 41 16 sur
2966 5435 52 22 tout
3031 5436 21 22 le
3068 5441 73 22 corps.

2896 5471 62 22 UNE
2973 5475 101 21 CHUTE
3089 5476 169 24 MORTELLE.
3271 5491 27 6 _
3311 5482 37 21 En
3360 5483 39 21 tra-

2872 5497 98 22 vaillant
2992 5504 32 17 au
3045 5500 182 26 déchargement
3250 5505 68 22 d'une
3341 5508 58 21 char-

2868 5524 68 22 rette,
2946 5524 16 20 à
2971 5525 305 29 Beaumont-de-Lomagne
3292 5532 109 22 (Prance)

2870 5548 32 20 M.
2915 5549 110 22 Fernand
3031 5551 116 25 -Davasse,
3157 5552 43 26 âgé
3213 5555 28 21 de
3254 5556 26 20 34
3293 5560 50 20 ans.
3355 5563 43 19 pro-

2868 5575 110 22 priétaire
2989 5575 15 21 à
3014 5576 159 26 Maumusson,
3182 5580 38 20 est
3230 5580 78 22 tombé
3325 5582 85 23 Relevé

2870 5597 142 25 grièvement
3025 5600 80 27 blessé,
3117 5602 22 21 le
3152 5603 154 25 malheureux
3317 5608 39 21 n*a
3367 5612 43 19 pas

2869 5623 68 22 tardé
2951 5624 15 21 k
2979 5625 98 25 expirer.
3089 5637 29 6 —
3129 5628 29 22 R.

3465 378 137 22 INCULPE.
3622 385 30 8 —
3673 375 47 21 Bur
3741 369 152 25 •»mirUs-'ston
3914 375 69 24 roga-

3437 405 60 22 tolre
3513 404 29 22 de
3559 404 34 22 M.
3611 402 81 24 Leroy,
3710 398 55 26 Juge
3785 395 166 24 d'instrartlog-,
3967 397 17 24 4

3438 432 91 23 Rouen,
3553 426 88 27 chargé
3666 426 31 22 de
3720 419 174 27 l'information
3918 421 64 26 Jmji-

3437 456 71 21 clalre
3520 455 82 21 contre
3616 453 33 22 M.
3662 449 122 24 Dorgères,
3798 446 84 22 accusé
3896 448 87 21 d'avoir

3438 480 119 27 préconisé
3576 480 23 23 le
3616 478 67 22 refus
3701 473 109 24 concerté
3829 473 42 21 des
3889 473 94 26 lrnoôts,

3437 508 21 20 le
3472 507 75 24 doyen
3558 508 43 20 des
3611 505 68 26 Juges
3690 498 166 27 d'Instruction
3867 499 33 23 du
3911 500 71 22 Mans

3437 538 15 15 a
3465 532 83 22 notifié
3562 531 16 22 à
3590 532 33 21 M.
3636 526 80 25 André
3729 524 101 23 Bouton,
3841 525 140 24 demeurant

3439 558 24 21 12
3487 563 41 16 rue
3547 558 32 21 du
3596 557 37 21 33-
3649 551 107 26 Mobiles,
3772 549 121 27 président
3909 552 30 22 de
3955 552 26 24 la

3438 584 71 24 Ligue
3531 583 42 21 des
3595 577 174 26 contribuables
3792 575 29 22 de
3844 576 25 20 la
3888 577 91 27 Sarthe,

3437 608 162 26 l'Inculpation
3616 608 29 21 de
3660 605 68 22 refus
3744 600 109 24 concerté
3869 601 30 21 de
3915 604 50 22 paie-

3438 635 66 20 ment
3524 635 29 20 de
3573 632 91 26 l'impôt
3683 627 78 25 relevé
3780 625 82 24 contre
3883 625 34 22 lui
3937 632 41 20 pat

3438 660 32 20 M.
3491 660 79 21 Leroy,
3588 659 16 21 à
3624 659 25 20 la
3669 656 63 23 suite
3753 654 29 22 de
3804 652 10 22 1
3819 655 101 17 examen
3941 653 40 21 des

3438 683 77 26 pièces
3533 683 83 23 saisies
3636 688 32 17 au
3687 685 70 19 cours
3776 678 70 23 d'une
3868 677 112 34 I^rquiT-l-

3437 710 52 20 tion
3502 709 117 22 effectuée
3633 710 16 22 à
3663 713 45 17 son
3722 703 109 28 domicile
3846 703 21 22 le
3882 703 27 20 20
3924 703 57 20 avril

3438 734 99 22 dernier.

3464 766 33 20 M.
3514 765 79 22 André
3609 766 94 21 Bouton
3719 769 54 18 sera
3790 761 120 25 convoqué
3927 764 43 21 pro-

3438 790 152 22 chainement
3602 792 88 21 devant
3703 791 22 22 le
3739 788 127 27 magistrat
3879 787 91 21 Instruc-

3439 815 59 25 teur,
3513 815 84 26 auquel
3612 816 17 21 11
3644 821 61 17 aura
3719 815 16 23 à
3747 813 94 24 fournir
3854 815 39 19 ses
3907 811 63 24 expli-

3439 840 97 21 cations.
3555 850 28 6 —
3599 841 29 21 R.

3465 884 92 20 TROIS
3577 884 139 23 VOLEURS
3736 885 131 22 D'AUTOS
3888 883 83 23 ARRE-

3439 909 63 21 TES.
3516 919 29 5 —
3559 909 35 21 La
3609 910 74 24 police
3697 910 120 22 d'Antibes
3837 910 111 22 (Prance)
3968 912 17 18 a

3440 934 78 21 arrêté
3534 934 58 20 trois
3607 934 92 22 voleurs
3714 936 92 22 d'autos
3826 936 72 22 (deux
3913 935 58 22 hom-

3439 964 51 17 mes
3509 958 26 22 et
3553 963 49 17 une
3618 960 107 26 femme),
3745 962 136 24 descendus,
3901 960 84 26 depuis

3440 984 110 26 quelques
3567 984 71 24 Jours,
3655 984 61 22 dans
3730 990 35 16 un
3778 986 65 21 hôtel
3859 988 30 20 de
3905 987 79 22 Juan-

3440 1010 110 24 les-l?lns.
3561 1009 61 21 L'un
3632 1010 69 21 d'eux
3713 1015 16 16 a
3741 1011 74 21 avoué
3826 1013 56 24 qu'il
3896 1016 76 22 appar-

3441 1035 83 25 tenait,
3538 1034 62 22 ainsi
3615 1039 45 20 que
3675 1039 37 16 ses
3725 1039 166 22 compagnons,
3907 1037 15 21 à
3937 1042 48 17 une

3440 1061 78 22 bande
3531 1059 128 27 organisée,
3671 1060 80 24 ayant,
3763 1060 21 20 si
3797 1060 48 21 l'on
3857 1062 58 23 peut
3927 1063 58 24 dire,

3440 1091 44 17 son
3497 1085 63 26 siège
3573 1085 17 22 k
3603 1085 74 24 Paris,
3689 1085 27 21 et
3727 1084 135 25 spécialisée
3877 1086 61 21 dans
3951 1086 35 21 les

3440 1112 51 23 vols
3505 1110 184 24 d'automobiles.

3466 1145 54 21 Une
3534 1143 156 27 perquisition
3705 1143 61 23 dans
3780 1143 25 21 la
3818 1143 112 23 chambre
3946 1144 41 22 des

3440 1171 59 22 trois
3514 1169 151 23 malfaiteurs
3679 1173 16 17 a
3710 1169 84 22 amené
3808 1169 26 21 la
3849 1168 138 22 découverte

3441 1197 30 22 de
3486 1196 79 22 cartes
3580 1195 80 26 grises,
3677 1195 41 26 qui
3734 1194 121 26 portaient
3871 1194 36 22 les
3922 1194 52 22 tam-

3441 1227 60 21 pons
3512 1221 103 22 officiels
3626 1221 43 21 des
3678 1219 147 27 préfectures
3836 1220 30 22 de
3879 1220 25 22 la
3917 1220 70 22 Seine

3440 1248 26 22 et
3477 1248 31 23 de
3520 1246 183 25 Selne-et-Olse,
3714 1246 27 22 et
3753 1247 29 21 de
3795 1245 50 22 très
3857 1246 130 21 nombreux

3441 1273 88 27 permis
3541 1273 31 22 de
3585 1272 118 23 conduire.
3716 1282 29 6 —
3756 1272 30 21 R.

3515 1353 119 31 PIEUSE
3658 1348 191 35 CÉRÉMONIE
3872 1355 41 29 AU

3442 1408 236 31 CHARBONNAGE
3700 1410 40 28 DE
3759 1410 230 32 LAMBRECHIES

3470 1488 77 24 Mons,
3561 1488 25 21 13
3599 1488 55 23 mal.
3667 1499 29 6 —
3708 1489 39 22 On
3760 1495 16 16 a
3790 1490 90 23 célébré
3893 1492 82 23 diman-

3444 1512 50 27 che,
3506 1513 17 22 k
3534 1513 136 26 Pâturages,
3682 1515 71 23 d'une
3764 1516 73 22 façon
3850 1517 66 22 toute
3929 1518 46 22 Inti-

3443 1542 38 17 me
3492 1540 25 21 et
3527 1538 49 23 très
3587 1540 324 25 touchante.J'anniversalre
3922 1544 30 21 de
3964 1544 24 21 la

3443 1562 84 25 double
3549 1564 151 26 catastrophe
3721 1571 116 19 survenue
3859 1568 34 22 les
3917 1569 25 21 15
3963 1569 25 21 et

3444 1589 26 21 17
3482 1591 49 21 mai
3545 1591 58 22 1934.

3469 1629 64 21 C'est
3563 1629 16 22 à
3616 1630 133 24 l'Initiative
3767 1632 41 22 des
3827 1634 161 21 combattants

3443 1653 105 26 français
3564 1655 29 21 de
3609 1656 70 22 Mons
3695 1657 26 22 et
3736 1657 29 22 de
3783 1658 24 21 la
3822 1658 89 25 région,
3927 1663 48 17 aux-

3444 1679 64 24 quels
3520 1680 25 21 la
3556 1681 91 22 famille
3659 1682 30 21 de
3702 1683 102 22 l'ancien
3815 1684 118 22 directeur
3946 1685 42 21 des

3443 1703 101 23 travaux
3574 1706 33 21 du
3639 1706 174 27 charbonnage,
3849 1709 139 25 l'ingénieur

3441 1730 70 20 Louis
3525 1730 89 26 Allard,
3630 1731 78 22 soldat
3723 1733 114 24 frani-als,
3852 1733 86 23 offrait
3953 1738 36 16 un

3443 1754 115 23 étendard
3581 1756 30 21 de
3635 1758 111 21 souvenir
3769 1758 29 23 de
3823 1759 102 25 celui-ci,
3949 1759 40 25 qui

3443 1779 39 23 fut
3496 1780 41 22 des
3551 1781 69 21 leurs.

3469 1818 68 21 Cette
3557 1818 131 22 cérémonie
3707 1821 67 21 avait
3792 1821 73 21 attiré
3883 1821 62 22 dans
3964 1823 25 21 la

3443 1843 89 23 grande
3546 1848 57 16 cour
3615 1844 33 21 du
3661 1844 167 26 charbonnage
3842 1851 48 15 aux
3904 1847 85 22 abords

3441 1867 32 21 du
3485 1867 65 25 puits
3562 1868 41 25 qui
3615 1869 74 23 garde
3700 1874 39 16 ses
3752 1870 26 21 56
3792 1870 82 25 morts,
3886 1870 26 21 la
3922 1871 65 23 foule

3443 1896 82 20 venue,
3538 1893 30 21 de
3583 1893 53 21 tous
3650 1894 34 21 les
3699 1895 109 21 environs
3823 1896 62 20 ainsi
3899 1901 44 20 que
3958 1899 29 21 de

3444 1916 47 21 très
3509 1918 151 21 nombreuses
3679 1919 146 25 délégations
3843 1921 29 21 de
3890 1923 97 23 sociétés

3444 1942 143 25 d'invalides,
3602 1944 161 22 combattants
3777 1945 113 25 français,
3904 1947 83 27 belges,

3443 1966 98 25 anglais,
3554 1967 34 22 les
3601 1969 144 24 sauveteurs,
3758 1970 36 22 les
3807 1970 135 25 ingénieurs
3956 1975 31 22 du

3443 1996 67 21 corps
3522 1992 41 22 des
3575 1993 84 24 Mines,
3672 1994 29 21 de
3713 1995 89 24 grands
3814 1996 95 22 mutilés
3922 1998 29 22 de
3963 2000 24 22 la

3443 2021 89 22 guerre,
3546 2018 34 21 les
3594 2018 145 25 prisonniers
3753 2020 132 26 politiques,
3900 2023 34 22 les
3948 2029 27 17 so-

3443 2042 71 23 ciétés
3533 2043 106 22 chorales
3657 2044 27 22 et
3701 2044 195 25 instrumentales
3914 2049 29 22 de
3963 2051 24 22 la

3443 2067 99 26 localité,
3553 2069 35 21 les
3599 2073 85 18 veuves
3696 2070 25 21 et
3732 2071 121 24 orphelins
3865 2073 41 22 des
3918 2075 55 22 victi-

3443 2097 55 18 mes.
3516 2094 54 21 Aux
3587 2094 114 25 premiers
3719 2100 72 21 rangs
3810 2097 106 26 desquels
3954 2106 33 17 on

3443 2122 122 21 remarque
3594 2119 36 22 les
3659 2120 104 22 familles
3779 2121 89 27 Allard,
3886 2124 93 24 Sottlaa

3444 2143 52 22 Van
3508 2141 78 29 Molle,
3599 2146 45 21 etc.

3468 2182 84 22 Citons
3573 2188 84 18 encore
3678 2184 26 22 la
3724 2185 111 25 présence
3856 2188 42 23 des
3918 2190 54 25 Ingé-

3443 2207 79 22 nieurs
3538 2209 82 28 OjJlez
3635 2210 27 21 et
3677 2211 141 24 Blauwaert,
3835 2212 31 22 du
3883 2216 89 21 conduc-

3444 2231 52 22 teur
3506 2233 42 22 des
3557 2236 103 20 Travaux
3669 2235 109 26 Rolland,
3790 2236 59 22 dont
3860 2243 30 16 on
3903 2245 14 15 a
3929 2245 44 17 con-

3443 2258 65 21 servé
3521 2259 23 22 le
3558 2261 111 20 souvenir
3681 2260 30 22 de
3725 2261 141 27 l'héroïsme,
3880 2264 41 21 des
3937 2270 36 17 em-

3444 2282 78 25 ployés
3538 2285 32 22 du
3586 2285 174 26 charbonnage,
3775 2288 30 21 de
3820 2288 34 22 M.
3870 2289 110 24 Derclaze

3444 2307 116 23 directeur
3574 2310 93 26 gérant;
3684 2312 83 24 Libiez,
3782 2313 55 25 Juge
3853 2314 29 21 de
3895 2316 63 24 paix,
3972 2317 15 22 k

3444 2333 138 26 Pâturages;
3620 2336 21 22 le
3677 2337 237 24 lieutenant-colonel
3936 2342 51 22 Van

3444 2358 147 26 Sasseghem7
3606 2362 33 21 M.
3653 2362 144 26 Blanchard,
3811 2364 122 25 président
3948 2367 40 22 des

3444 2384 159 24 combattants
3622 2387 115 25 français;
3759 2390 120 24 Pranfort,
3912 2392 63 24 prési-

3444 2409 56 22 dent
3511 2411 30 20 de
3553 2411 95 23 l'Union
3658 2413 112 23 Fédérale
3781 2415 130 26 française;
3924 2418 51 21 Har-

3444 2435 110 33 monies,
3563 2436 122 25 président
3695 2439 30 24 de
3736 2440 24 21 la
3772 2441 91 22 Société
3875 2443 29 21 de
3915 2443 59 22 Bien-

3443 2459 105 22 faisance
3573 2462 22 21 le
3614 2462 96 25 général
3726 2465 121 25 Dehaene,
3865 2472 110 18 comman-

3444 2484 59 21 dant
3514 2486 25 20 la
3552 2486 23 34 5;
3587 2488 29 21 D.
3624 2489 30 23 T.,
3666 2490 166 24 représentant
3844 2492 22 21 le
3879 2493 109 23 ministre

3444 2509 17 35 I
3459 2513 13 17 e
3471 2533 7 11 ,
3486 2511 8 20 ]
3493 2514 17 30 ?
3524 2510 40 34 °ii
3560 2511 12 21 f
3570 2517 57 17 ense
3640 2514 132 26 nationale;
3788 2517 128 24 Valentinl.
3930 2524 58 17 con-

3444 2533 68 40 ^Ll
3508 2540 13 15 e
3513 2564 13 9 ,.
3533 2536 31 20 Fr
3561 2561 10 12 .
3565 2541 15 16 a
3574 2562 6 6 .
3580 2541 31 17 nc
3610 2538 34 35 £i
3643 2541 8 18 l
3663 2540 69 21 Mons
3733 2557 6 8 '
3751 2543 25 20 et
3787 2542 23 21 le
3823 2543 95 25 général
3931 2545 57 21 Rie-

3444 2559 88 25 din-*er,
3546 2561 97 23 attaché
3656 2565 15 21 k
3684 2565 155 24 l'ambassade
3854 2569 29 21 de
3897 2570 91 22 Prance

3445 2587 88 36 pi?££
3563 2591 15 32 S
3577 2592 12 15 s
3590 2602 6 9 "
3607 2592 14 20 "
3623 2593 15 16 U
3639 2590 13 33 L
3657 2590 110 24 P^ente
3777 2592 23 23 le
3812 2594 104 25 drapeau
3927 2595 16 22 k
3954 2596 35 22 M.

3439 2634 107 21 ■symbole
3561 2636 41 21 des
3616 2639 80 22 vertus
3710 2642 123 24 militaires
3848 2645 24 21 et
3887 2646 102 23 civiques

3439 2656 283 54 ïanKerîe^^'
3735 2668 85 21 ^
3832 2647 156 47 »"*£*

3444 2721 331 57 an^«œ<t
3785 2732 108 49 Mm
3880 2739 15 16 0
3894 2734 95 49 ^

3443 2774 44 18 son
3498 2777 148 23 compagnon
3656 2777 109 26 d'armes.
3829 2764 114 18 memolre
3958 2764 30 19 ae

3443 2808 93 42 ■ri-ÎSS,
3548 2817 12 16 e
3560 2817 16 33 P
3576 2814 38 21 SUI
3613 2814 13 36 î
3626 2820 13 16 e
3643 2839 12 11 ,
3654 2816 23 21 le
3694 2817 71 22 dérilé
3781 2820 88 23 ^ant
3885 2822 22 22 le
3922 2826 66 23 puits

3443 2834 100 27 sinistre,
3559 2837 21 22 le
3596 2838 96 25 général
3708 2843 127 26 Riedinger
3849 2852 17 20 y
3881 2833 68 38 lancé
3965 2850 23 21 le

3443 2863 106 31 »
3554 2867 213 36 .^"jWnlflQue
3777 2852 127 42 iîrbedf
3906 2874 75 23 fleurs

3443 2885 97 23 Celle-ci
3554 2888 78 23 tombe
3646 2890 158 28 longuement,
3831 2896 150 25 lourdem-nt

3443 2914 90 37 «£w
3537 2917 16 16 n
3571 2913 21 21 5l
3600 2919 58 18 enoe
3677 2921 45 20 ™
3740 2922 111 22 -«--nPent
3868 2904 119 42 «STi-S

3442 2936 104 23 sanglots
3559 2940 40 23 qui
3612 2942 111 22 montent
3737 2944 32 21 du
3783 2950 88 22 groupe
3885 2949 29 23 de
3926 2939 60 32 ve«i-

3441 2964 40 39 df
3491 2962 93 41 v?n^?,
3585 2965 73 24 orphe
3654 2992 10 11 .
3659 2966 16 20 Ii
3669 2992 7 11 ,
3676 2971 29 17 n5
3706 2983 5 8 '
3724 2970 54 23 pais
3791 2976 26 16 «
3830 2974 55 20 sont
3898 2974 34 22 les
3945 2955 42 42 fi

3441 2988 49 37 S?„'
3490 2986 22 21 1J
3511 2992 21 33 ?
3531 2987 28 25 gé
3561 2989 37 36 'ïf
3600 2994 29 18 ur
3631 3015 6 7 .
3648 2992 82 23 Allard
3751 3000 40 20 Q"-
3812 3001 25 17 se
3859 2983 127 42 penchent

3442 3035 94 18 r,é.rny™,
3535 3014 53 21 emb
3587 3015 13 38 i
3597 3015 54 22 ants
3652 3032 6 9 '
3676 3022 15 31 Y
3690 3023 38 17 ers
3747 3020 24 21 la
3790 3022 78 23 tombe
3886 3024 101 23 dekw

3442 3036 109 26 héroïque
3570 3039 63 26 père,
3651 3043 72 22 suivis
3742 3045 104 25 d'autres
3865 3050 121 20 orr-helins

3440 3062 73 40 %£
3512 3063 51 21 leUl
3558 3065 47 37 rt
3621 3067 26 20 *
3663 3069 43 20 des
3720 3069 147 26 délégations
3885 3074 41 22 des
3945 3056 41 41 £

3442 3086 70 23 ciétés
3526 3090 41 24 qui
3579 3091 136 25 s'inclinent
3728 3097 189 25 profondément.

3442 3125 73 39 o-r^*.
3529 3127 20 37 ?
3548 3133 55 17 eurs
3622 3131 114 27 t^-oent,
3756 3134 108 24 tombent
3883 3139 61 22 dans
3963 3141 23 21 le

3442 3152 75 22 grand
3531 3153 54 22 trou
3597 3156 61 22 noir.

3442 3189 57 38 ni?
3512 3196 13 15 c
3520 3216 6 11 ,
3525 3191 74 23 harbo
3599 3198 85 22 -n-*»ge,
3696 3197 40 25 qui
3748 3199 39 20 n'a
3799 3204 44 21 pas
3855 3202 84 25 oublié,
3952 3204 33 22 lui

3441 3219 79 38 rerrr,?
3518 3215 10 23 1
3527 3216 36 41 ^
3577 3223 18 34 W
3606 3219 47 22 tM
3667 3221 80 25 pIacer
3761 3228 46 18 ™e
3822 3228 91 22 grande
3927 3234 58 17 cou-

3435 3241 118 43 SSaon*
3552 3248 9 17 5
3558 3271 7 8 .
3597 3249 41 35 T
3637 3250 13 16 3
3667 3251 24 33 ?
3693 3251 13 16 a
3707 3251 20 33 ï
3724 3252 39 17 Tes
3781 3254 56 18 avec
3854 3253 63 22 œtte
3933 3255 51 21 U«-

3439 3269 52 40 3z£
3507 3268 133 41 Afmiumlf
3650 3295 12 14 4
3655 3271 73 22 charb
3727 3278 93 22 °nnage
3834 3276 16 21 à
3864 3282 46 17 son
3923 3281 61 20 vail-

3439 3291 165 40 Ifr-Zm?
3601 3299 26 17 31
3626 3298 40 21 '*
3683 3301 38 17 **
3738 3299 84 23 braves
3838 3303 112 27 ouvriers,
3968 3305 17 22 &

3440 3319 36 17 ««es
3493 3317 112 23 vaillants
3621 3323 139 22 sauveteurs
3780 3334 18 13 ».

3466 3355 63 22 C'est
3543 3358 46 21 fini
3611 3360 41 33 pn
3665 3362 51 21 s'en
3731 3368 31 16 va
3776 3364 92 23 bientôt
3884 3372 31 17 en
3931 3374 41 16 cor-

3440 3378 51 26 tège
3503 3386 52 17 vers
3566 3383 86 26 l'église
3663 3387 30 21 de
3703 3387 130 27 Pâturages
3845 3391 31 22 où
3888 3397 33 17 un
3932 3399 52 16 ser-

3440 3404 174 53 ^aïpS
3627 3410 269 28 aétéCé:ébréà:am
3898 3399 87 42 ^^

3459 3505 70 42 DE
3548 3507 103 42 NOS
3674 3511 282 48 LECTRICES

3458 3559 69 40 DE
3551 3561 103 41 NOS
3674 3565 281 45 LECTEURS

3438 3684 202 45 ÎSSVréSl?
3653 3694 14 14 "
3668 3696 12 14 a
3692 3692 91 19 dollnaot
3796 3699 14 16 p
3811 3699 23 13 "
3848 3699 105 18 °*««tur,
3968 3700 13 17 à

3460 3727 50 31 «Ja-if
3523 3729 53 18 désir
3589 3732 99 18 contraire
3701 3735 109 18 nettement
3825 3739 86 18 exprimé
3931 3744 50 14 nous

3439 3749 122 19 remplaçons
3571 3754 38 16 par
3619 3753 35 16 des
3664 3753 88 19 Initiales
3763 3756 20 17 la
3794 3744 105 31 sl-matu™
3908 3761 24 16 de
3945 3745 36 33 noî

3438 3770 165 19 correspondants
3616 3774 140 18 occasionnels.
3811 3764 85 13 *-''"'""
3908 3765 24 12 «*«-
3944 3764 37 14 no»

3439 3789 42 31 „.7.
3476 3793 10 13 e
3483 3793 21 27 i
3500 3793 13 13 x
3513 3798 10 22 ';
3523 3794 10 13 c
3534 3790 13 20 '•
3565 3792 51 17 néan
3617 3794 69 20 ii*oins,
3703 3795 79 19 doivent
3799 3802 50 14 nous
3864 3799 52 19 faire
3932 3805 49 14 con-

3438 3809 79 33 S-Vis™.
3517 3810 18 17 Ie
3533 3832 8 10 .
3535 3815 24 13 ur
3556 3833 4 9 ,
3559 3816 10 12 a
3582 3816 46 14 nom
3642 3816 20 15 "
3676 3815 83 21 ■""■""•
3774 3818 49 18 «•'•«
3836 3823 39 14 une
3890 3806 90 34 -niestlîa

3438 3829 14 17 d
3459 3829 125 20 élémentaire
3602 3835 103 18 confiance
3723 3836 12 17 à
3753 3839 58 16 notre
3828 3839 60 20 égard

3460 3850 53 18 Nous
3527 3852 29 17 les
3571 3854 68 19 prions
3654 3856 109 19 également
3777 3859 63 17 d'être
3856 3863 53 16 aussi
3926 3864 54 16 orefa

3439 3874 42 29 ,2K
3489 3875 13 16 P
3498 3875 36 28 ^.
3535 3872 18 31 ?
3554 3873 7 16 l
3562 3877 11 13 °
3587 3876 20 15 "
3621 3879 14 24 ?
3635 3879 36 13 ous
3684 3880 50 14 nous
3748 3878 102 19 réservons
3864 3881 23 18 de
3902 3868 77 33 rédui-i

3439 3890 42 18 leur
3498 3892 55 20 oople
3569 3897 27 14 «u
3613 3895 58 18 strict
3687 3897 115 19 nécessaire.
3902 3890 78 11 «■-«.«"-»

3484 3958 170 25 INDIGaîNAT
3671 3964 38 20 ET
3725 3965 206 25 NATIONALITÉ

3546 4032 121 24 Monsieur
3682 4035 120 28 l'Editeur,

3441 4061 92 39 ,£**?
3550 4068 47 32 ^
3616 4065 15 35 5
3632 4071 12 15 e
3663 4070 15 18 v
3673 4071 31 29 5?
3723 4068 118 23 den-ieres
3873 4071 109 27 éditions,

3440 4089 57 19 vous
3514 4088 84 22 traitez
3615 4090 42 22 des
3674 4091 135 25 bizarreries
3826 4096 30 21 de
3874 4097 108 24 l'indisé-

3441 4112 49 21 nat.
3501 4113 28 21 Je
3540 4115 109 21 voudrais
3660 4121 57 17 vous
3728 4120 106 21 montrer
3844 4122 34 20 les
3889 4123 80 21 chinoi-

3440 4139 71 19 series
3528 4138 29 22 de
3574 4144 38 17 ces
3628 4141 49 22 lois.
3694 4143 75 22 Etant
3784 4145 56 21 chef
3856 4147 30 20 de
3903 4147 79 23 l'état-

3440 4164 54 18 civii
3526 4164 70 22 d'une
3627 4167 144 25 importante
3791 4175 131 21 commune,
3940 4174 43 23 J'ai

3442 4190 167 22 connaissance
3625 4192 68 22 entre
3711 4194 80 21 autres
3807 4196 41 21 des
3865 4197 62 21 deux
3943 4203 41 17 cas

3440 4213 114 25 suivants,
3568 4216 40 24 qui
3622 4221 57 18 vous
3694 4217 127 24 édifieront
3838 4225 6 17 :

3469 4245 11 20 1
3481 4246 19 34 V
3497 4271 13 9 n
3510 4246 26 34 ^
3537 4251 17 16 n
3558 4252 13 28 i
3570 4247 23 21 le
3604 4253 50 16 mes
3665 4251 60 20 aœls
3735 4252 37 20 est
3782 4252 32 21 né
3824 4258 31 17 en
3866 4254 116 23 Hollande

3442 4273 30 17 en
3485 4271 58 24 1905,
3555 4272 17 21 d
3579 4277 33 16 un
3624 4274 55 25 père
3692 4276 25 21 et
3729 4276 69 22 d'une
3811 4278 64 22 mère
3888 4279 82 22 hollan-

3442 4297 57 19 dais.
3513 4297 22 20 Il
3549 4297 81 23 habite
3646 4304 57 17 avec
3717 4306 38 16 ses
3769 4304 98 22 parents
3882 4309 31 17 en
3927 4305 42 22 Bel-

3442 4323 67 22 gique
3525 4321 82 25 depuis
3625 4324 58 22 1908.
3699 4326 49 21 Son
3763 4327 56 25 père
3835 4333 16 16 a
3867 4330 114 21 demandé

3441 4345 24 20 la
3486 4346 183 24 naturalisation
3690 4350 66 25 belge
3777 4355 75 20 avant
3873 4355 55 24 qu'il
3949 4356 33 20 ait

3441 4370 59 24 lage
3512 4372 28 20 de
3552 4373 25 20 21
3590 4378 50 17 ans.
3651 4375 63 22 Mais
3724 4381 46 20 par
3780 4378 61 21 suite
3855 4379 28 21 de
3895 4380 24 21 la
3930 4380 38 21 len-

3442 4397 53 19 teur
3509 4397 195 28 administrative,
3717 4401 24 21 la
3755 4403 184 23 naturalisation
3951 4410 30 16 ne

3441 4423 39 17 lut
3499 4422 111 22 accordée
3629 4425 69 24 qu'en
3719 4427 59 21 1928.
3796 4429 31 20 Et
3845 4430 62 21 voilà
3926 4435 55 16 mon

3442 4447 48 18 ami
3505 4451 31 16 en
3551 4448 64 24 proie
3631 4454 46 16 aux
3694 4451 150 24 chinoiseries
3860 4455 29 20 de
3905 4455 74 21 l'indi-

3443 4472 77 21 genat.
3532 4472 103 23 Retenez
3647 4476 56 23 qu'il
3714 4481 16 16 a
3741 4477 108 25 toujours
3862 4479 37 21 été
3911 4480 68 21 traité

3442 4498 90 19 comme
3542 4498 78 24 Belge,
3631 4504 15 16 a
3657 4505 46 17 une
3714 4503 65 20 carte
3790 4503 120 22 d'identité
3920 4505 58 24 grise

3443 4522 26 18 be
3479 4525 28 20 ge
3545 4524 98 23 portant
3661 4525 24 21 la
3704 4527 108 22 mention
3843 4529 135 21 nationalité
3989 4535 4 5 ■

3442 4547 72 23 belge,
3531 4552 15 16 a
3563 4547 38 22 été
3617 4549 84 23 inscrit
3717 4556 59 20 pour
3792 4553 24 21 la
3832 4554 76 22 milice
3923 4555 24 20 et
3962 4558 15 17 a

3441 4573 69 20 passe
3522 4572 22 21 le
3557 4573 93 24 Conseil
3663 4576 28 21 de
3703 4578 101 21 revision
3816 4589 27 5 —
3855 4584 32 16 un
3899 4579 66 21 étran-

3442 4598 41 20 ger
3495 4597 60 21 n'est
3567 4603 43 20 pas
3623 4601 77 21 admis
3711 4612 27 5 —
3750 4604 24 20 et
3785 4608 16 16 a
3813 4603 37 21 été
3861 4604 66 25 porté
3938 4608 39 17 sur

3441 4621 34 20 les
3492 4621 66 22 listes
3576 4623 141 25 électorales.
3735 4628 21 20 II
3771 4633 26 15 se
3814 4629 88 21 croyait
3919 4629 58 21 donc

3442 4647 77 23 Belge,
3541 4648 25 21 et
3588 4654 15 16 a
3626 4650 115 22 demandé
3763 4653 165 21 confirmation
3949 4653 29 22 de

3442 4671 62 23 cette
3533 4673 115 23 situation
3663 4681 30 16 en
3709 4677 88 20 1928-29
3813 4682 30 16 au
3858 4678 119 21 ministère

3442 4699 29 17 ae
3485 4697 24 20 la
3523 4698 96 26 Justice,
3633 4700 16 22 à
3662 4701 124 24 Bruxelles,
3799 4706 44 20 par
3856 4703 69 20 lettre
3938 4708 25 16 re-

3442 4723 151 22 commandée
3614 4726 24 20 et
3658 4727 37 20 n'a
3713 4726 85 24 jamais
3817 4731 53 19 reçu
3890 4728 29 21 de
3937 4727 26 22 ré-

3442 4748 78 22 ponse.
3531 4748 56 22 Plus
3598 4750 141 23 récemment
3748 4756 30 15 en
3789 4751 57 24 1933,
3856 4751 40 25 j'ai
3907 4756 56 16 cons-

3442 4770 50 22 taté
3515 4773 54 24 qu'il
3591 4776 38 20 est
3651 4775 112 24 étranger.
3785 4776 58 20 Bien
3865 4777 110 24 qu'ayant

3440 4799 56 20 reçu
3529 4802 47 17 une
3609 4800 122 21 éducation
3749 4801 71 24 belge,
3838 4801 72 24 ayant
3927 4806 46 16 une

3441 4824 87 19 'emme
3546 4823 73 26 belge,
3637 4825 134 21 travaillant
3801 4830 30 16 en
3860 4826 115 25 Belgique,

3442 4849 74 21 ayant
3528 4849 76 22 oublié
3616 4850 53 21 tout
3681 4851 28 21 de
3720 4855 43 16 son
3775 4851 113 21 ancienne
3899 4851 76 25 patrie

3440 4870 31 22 où
3488 4872 18 21 il
3524 4874 39 20 n'a
3581 4875 68 23 passé
3667 4880 44 20 que
3728 4876 34 21 les
3777 4876 58 21 trois
3851 4876 124 25 premières

3442 4899 88 19 années
3544 4898 28 21 de
3585 4904 45 16 son
3644 4902 115 20 existence
3772 4903 24 21 et
3809 4906 30 16 ne
3852 4901 124 26 possédant

3440 4924 43 20 pas
3497 4922 30 22 de
3541 4927 59 22 sang
3614 4925 66 25 belge
3694 4926 59 21 dans
3766 4925 33 22 les
3812 4926 85 21 veines,
3910 4926 18 22 il
3940 4926 35 22 est

3440 4946 67 21 exclu
3520 4948 33 21 du
3568 4948 105 23 bénéfice
3688 4951 28 21 de
3730 4951 77 22 toutes
3820 4951 34 21 les
3867 4945 43 27 lois
3923 4955 39 17 suc-

3440 4971 98 21 cessives
3557 4977 41 17 sur
3618 4974 143 26 l'indigénat.
3781 4977 45 22 J'ai
3845 4976 65 21 tenté
3946 4976 26 21 de

3440 4995 60 22 faire
3512 4998 69 23 appel
3592 4997 15 22 à
3618 5000 33 20 M.
3661 5000 22 21 le
3694 5005 126 20 procureur
3832 5001 31 21 du
3874 5000 97 23 tribunal

3440 5020 29 21 de
3490 5022 113 23 première
3624 5024 108 23 instance
3753 5030 59 20 pour
3832 5026 60 22 faire
3911 5026 61 25 jouer

3440 5044 8 20 1
3456 5045 80 23 article
3549 5047 13 20 9
3574 5048 29 21 de
3615 5048 24 21 la
3650 5049 38 21 loi.
3701 5051 33 20 La
3746 5050 97 25 réponse
3855 5056 15 16 a
3881 5050 37 22 été
3930 5054 42 17 une

3440 5070 122 25 déception
3577 5072 14 21 à
3606 5078 25 15 ce
3646 5074 53 24 jour
3713 5077 23 19 et
3751 5076 20 20 le
3785 5076 49 21 seul
3848 5076 25 21 et
3886 5075 88 22 dernier

3439 5096 76 23 espoir
3527 5101 59 20 pour
3598 5097 34 23 lui
3644 5101 61 20 reste
3719 5100 150 22 d'introduire
3881 5106 45 16 une
3934 5100 27 21 de-

3440 5120 85 21 mande
3541 5122 28 20 de
3584 5123 182 23 naturalisation
3780 5126 58 21 dont
3852 5126 53 21 coût
3919 5124 54 23 5.000

3439 5148 30 17 ou
3481 5146 71 21 10.000
3563 5147 86 23 francs.
3661 5150 36 20 Ou
3708 5150 54 21 bien
3773 5150 16 21 il
3799 5151 33 22 lui
3841 5152 61 20 reste
3912 5155 49 17 com-

3439 5174 38 16 me
3490 5171 140 23 alternative
3644 5174 28 21 de
3679 5175 80 20 -rester
3770 5180 56 16 sans
3838 5173 134 24 nationalité

3439 5195 142 23 déterminée
3595 5208 27 5 —
3637 5199 21 21 le
3672 5201 182 23 gouvernement
3868 5201 93 21 néerlan-

3439 5219 50 21 dais
3518 5226 30 16 ne
3570 5222 22 22 le
3615 5226 177 20 recomiTiissant
3821 5224 151 23 évidemment

3439 5244 52 24 plus
3507 5250 89 18 comme
3612 5253 44 16 son
3671 5249 63 25 sujet
3749 5261 27 4 —
3791 5255 26 15 ce
3833 5251 39 23 qui
3888 5249 73 22 consti-

3439 5269 88 23 tuerait
3544 5276 46 18 une
3608 5274 149 25 catastrophe
3774 5279 58 20 pour
3849 5280 55 15 mon
3921 5274 52 22 ami.

3465 5301 29 21 Et
3509 5302 52 22 tout
3575 5304 50 21 cela
3639 5310 44 20 par
3695 5306 61 21 suite
3771 5306 28 20 de
3813 5305 103 21 l'incurie
3931 5306 42 20 ad-

3438 5326 156 25 mlnlstrative
3608 5330 24 21 et
3646 5330 40 21 des
3700 5330 147 21 chinoiseries
3861 5331 28 21 de
3902 5331 24 21 la
3939 5330 22 22 lé-

3438 5350 117 24 gislation.

3463 5381 33 23 2°)
3511 5383 64 22 Voici
3587 5389 32 17 un
3632 5386 66 21 autre
3709 5390 39 17 ras
3762 5390 6 17 :
3780 5390 33 17 un
3824 5386 110 22 habitant
3944 5386 26 21 de

3438 5406 23 21 la
3474 5412 123 18 commune
3610 5414 36 19 est
3658 5410 30 22 né
3700 5416 31 16 en
3743 5411 96 24 France,
3851 5412 56 21 d'un
3920 5410 50 27 père

3437 5431 30 21 né
3481 5433 122 23 lui-même
3616 5441 30 15 en
3659 5437 95 20 France.
3767 5437 43 20 Cet
3822 5437 85 21 enfant
3920 5441 39 21 pos-

3436 5456 55 22 sède
3508 5458 28 22 de
3553 5459 63 24 plein
3633 5461 61 21 droit
3711 5461 23 21 la
3751 5462 138 21 nationalité
3905 5463 52 20 fran-

3436 5482 62 22 çaise
3517 5484 91 24 d'après
3627 5486 33 20 les
3678 5486 43 20 lois
3739 5486 28 21 de
3786 5491 26 17 ce
3830 5492 57 19 pays
3904 5488 25 20 et
3944 5489 24 17 ce

3436 5510 56 17 sans
3507 5508 63 21 droit
3585 5509 28 21 de
3628 5510 168 22 renonciation.
3810 5512 62 20 Mais
3888 5512 16 20 il
3918 5514 39 22 pos-

3435 5531 55 22 sède
3506 5532 132 24 également
3653 5535 23 20 la
3690 5536 140 21 nationalité
3845 5536 88 25 d'après
3947 5535 21 21 la

3436 5556 30 20 :ol
3485 5556 72 25 belge.
3575 5559 31 20 Le
3625 5559 119 22 ministère
3762 5560 29 22 de
3809 5560 24 22 la
3851 5561 85 22 Justice
3953 5563 14 16 a

3436 5580 98 22 tranché
3545 5583 23 20 la
3580 5584 105 23 question
3696 5587 24 20 et
3731 5589 30 17 en
3770 5590 16 16 a
3795 5585 47 22 fait
3852 5590 32 17 un
3894 5586 71 23 Belge.

3462 5605 110 23 Veuilllez
3584 5607 87 26 agréer,
3682 5610 44 21 etc.

3751 5640 26 21 F.
3789 5640 26 22 C.
3825 5641 117 21 Hoboken.
