3964 5673
1802 111 41 21 La
1860 110 153 21 Dernlôro
2030 111 106 21 Houre

66 208 26 16 L*
106 207 44 16 cher
151 208 23 15 ch
176 211 33 12 mu
224 207 30 16 d'o
255 212 9 11 c
267 215 8 5 .

66 227 76 17 ««■Ions
158 226 23 17 lit
197 226 27 17 Im
241 228 33 15 Pe-

65 244 46 20 9*%*»
133 247 98 15 Annonce»
252 246 24 16 de

64 265 28 17 tA
105 265 89 17 Dernière
206 267 68 16 Wearm.

324 218 177 53 NOS
553 220 303 51 ECHOS

909 209 24 16 Le
943 209 70 15 lecteur
1026 208 82 15 d'annon-

911 232 30 12 ce»
954 227 23 18 dt
989 228 26 16 La
1029 227 89 16 Dernière

911 248 61 16 Henre
997 249 66 14 troure
1085 247 35 17 dits

962 267 103 16 oec»»ioni.

474 303 40 8 a*«a.«—
513 303 73 9 -a^aa-aa-a*-.

45 324 204 25 Aujourd'hui
268 323 89 22 lundi

42 373 96 19 Monnaie,
149 373 12 17 8
171 373 27 19 ta.,
210 379 10 11 .
231 373 28 16 La
271 373 45 17 mie
328 373 23 16 de
362 372 89 18 Madame
462 373 62 19 Angot
537 377 16 12 ».

42 399 109 20 Alhambra,
164 399 11 17 8
181 399 21 18 b.
209 399 32 20 1/2
255 399 38 16 <Nu
303 411 10 4 ..
321 399 31 16 35»
370 402 46 13 arev.
424 399 57 17 Conc.
494 399 71 19 Mayoli

43 420 113 24 Vaudeville.
175 426 10 18 Q
192 426 19 18 I,.
220 426 13 17 1,
240 426 16 18 1.
276 425 54 17 .MOD
338 424 49 18 Otlré
395 426 44 15 chr,
446 424 18 18 le
470 425 102 16 Idlruitrea.

43 452 63 18 Gaité,
119 452 11 17 8
142 451 19 18 ta,
176 452 36 18 1/a,
221 454 16 21 |a
249 451 97 18 Monsieur
357 451 91 19 peperbol
460 455 18 13 ».

47 477 63 17 PaUU
127 477 88 19 at'EU,S
231 477 20 18 b.
269 478 38 18 t/i.
325 477 94 20 spectacle
436 476 60 18 varié.

47 521 59 20 Veyta
123 525 118 15 procaaannae
257 521 34 16 des
307 520 84 17 cinémas
407 520 19 16 et
443 520 24 16 de
482 519 22 17 T.
521 520 19 17 S.
557 519 16 17 K

196 544 25 15 an
236 541 70 19 peUtea
320 544 104 13 annonces.

601 323 41 21 La
659 324 239 23 Tomporatur»

46 596 254 23 Communiqués
327 596 62 21 de»
417 596 159 20 Théâtre»

206 629 38 22 at
257 628 163 23 Concerta

65 687 97 19 ■annale.
176 696 24 6 —
214 688 124 19 Aujourd'hui
354 687 60 19 lundi,
430 687 13 17 k
457 687 22 17 30
493 686 27 20 ta-,
536 688 41 16 1ère

44 707 153 22 représentation
216 708 87 20 'reprise!
321 708 24 16 de
361 713 10 10 .
385 708 26 16 L»
428 707 46 17 Pille
489 707 24 17 de
527 707 51 16 Mme

45 730 62 19 Angot
127 734 16 14 >,
164 732 45 14 avec
229 730 59 15 Mmes
308 728 24 17 de
352 728 68 18 Givre.
440 726 72 21 Leudy,
531 727 47 16 MM.

45 749 92 17 Aaidrleia.
150 749 74 17 Maver.
237 749 68 18 Boyer.
321 748 70 18 Parny.
406 751 21 10 *-
443 744 70 22 Mardi,
528 746 50 17 relé-

45 770 41 17 chc.
96 778 25 4 —
131 769 99 19 Mercredi,
242 768 13 17 à
266 769 21 17 20
299 768 26 18 ta..
338 772 12 13 «
359 767 61 17 Pauit
432 773 16 13 ».
461 770 45 13 avec
517 766 61 17 limes

45 790 74 17 Deulln.
132 789 97 17 Bambert.
240 788 46 17 MM.
298 788 54 18 Leni.
364 787 41 17 V»:a
417 786 93 20 Obbergh.
521 785 55 17 Man-

45 810 34 16 cel.
97 817 25 5 —
137 808 62 20 Jeudi,
218 808 88 17 Relàcbe.
323 816 26 4 —
364 807 100 17 Vendredi,
484 805 11 17 à
513 806 22 16 20
551 806 27 18 h.,

46 835 10 11 «
69 830 29 17 La
109 829 47 17 Pille
169 829 24 17 de
206 829 89 17 Madame
308 828 61 19 Angot
384 832 16 15 »,
414 826 60 18 même
487 826 82 18 distribu-

46 849 41 18 tion
99 853 37 16 que
148 849 18 16 le
180 850 29 15 1er
222 848 70 20 JuUlet.

67 874 92 21 Galeries.
173 883 25 5 —
211 875 30 17 Du
258 873 90 18 vendredi
363 874 10 16 5
389 876 25 14 au
429 871 63 19 mardi
507 872 10 17 9
533 871 36 20 Juil-

46 896 32 19 let,
91 896 19 17 le
122 895 84 18 Théâtre
218 895 54 17 d'Art
286 893 93 18 d'Yddich
393 892 124 20 d'Amérique,
532 891 37 17 diri-

46 916 23 21 gé
85 919 36 17 par
137 915 18 18 le
171 914 45 18 ce**'
236 918 7 8 *
260 913 97 18 comédien
373 912 103 18 Scharar*».
493 911 86 17 donnera

47 939 37 14 une
97 935 49 18 sér>
157 934 13 5 "
231 933 127 18 ,ésentatlons
372 932 166 17 extraordinaires.
553 931 25 16 La

46 957 68 18 troupe
219 954 97 17 Scbwarts
334 956 7 13 .
344 953 84 19 emporte
447 951 67 20 depuis
532 950 48 17 trois

46 976 54 19 mols,
113 975 8 18 i
184 985 14 9 -,
209 978 28 13 un
249 973 65 18 succès
325 976 46 14 sans
383 972 108 20 précédent.

67 1000 54 18 Vabd
159 1004 23 14 .e.
193 1008 24 6 —
227 1000 94 19 Toujours
333 1002 44 17 gros
389 998 64 16 succès
466 1000 45 14 avec
524 997 55 16 .Mon

46 1022 51 17 Curé
109 1023 18 16 cl
137 1025 18 13 -s
167 1020 19 18 le
198 1020 91 18 Ministre
302 1024 16 14 ».
333 1022 45 13 avec
392 1017 91 18 Oero.aln
496 1017 83 19 Luclgny

46 1042 51 18 dans
111 1042 22 19 1*.
146 1041 39 17 rôle
200 1040 25 21 .de
235 1039 73 18 Tonde
324 1039 54 18 Paul.
394 1038 49 21 Suxy
459 1037 85 19 Marquis
561 1038 19 15 et

48 1062 20 18 P.
82 1063 96 16 Morenne.

68 1087 111 17 Alhambra.
194 1094 25 7 —
218 1098 5 4 -
233 1086 21 17 31
271 1088 48 14 vous
335 1084 67 17 n'aves
418 1086 36 17 pas
471 1085 68 15 encore
555 1085 25 13 tu

47 1113 11 12 c
73 1108 52 17 Un...
143 1107 57 18 88.-»,
218 1106 21 18 la
256 1105 73 20 grande
346 1107 63 15 revue.
428 1103 68 17 sacl.ez
513 1102 68 20 qu'eue

48 1128 68 16 n'aura
133 1127 43 20 plus
192 1129 36 17 que
245 1126 28 16 six
291 1123 169 22 repréeentatlone.
476 1124 50 15 Pour
542 1121 29 17 col-

48 1148 75 17 laborer
138 1150 72 14 comme
225 1146 15 16 11
254 1145 90 17 convient
359 1144 12 17 à
386 1143 125 18 l'événement
526 1142 45 17 d'Im-

48 1170 93 18 portance
158 1166 95 18 mondiale
270 1166 62 18 qu'est
350 1163 123 21 l'Exposition
492 1162 24 17 de
533 1162 39 16 Bru

48 1188 62 17 «Ues.
125 1187 47 17 MM.
187 1186 42 17 Van
244 1185 60 17 Stalle
318 1185 35 16 ont
368 1184 38 16 fait
421 1183 56 20 ap->el
492 1185 25 13 au
533 1180 39 18 célè-

47 1209 34 17 bre
101 1206 111 21 Imprésario
232 1205 82 18 Antoine
332 1203 80 18 Raslml.
432 1203 33 20 qui
485 1203 66 16 monte
570 1206 12 11 a

49 1229 50 17 cette
112 1226 94 19 occasion,
221 1231 10 11 .
243 1226 26 16 La
282 1225 63 17 Revue
358 1224 23 17 de
394 1222 125 21 l'Exposition
531 1226 19 14 ».

73 1252 62 18 Galté.
152 1261 23 5 .-
192 1256 11 12 «
219 1251 74 18 Jamais
310 1253 38 14 une
364 1249 53 20 pièce
433 1248 54 20 belge
503 1251 25 13 ne
546 1247 38 17 m'a

49 1274 70 17 autant
131 1273 35 20 pin
181 1277 17 14 ».
213 1271 51 18 voilà
277 1270 93 20 l'opinion
385 1269 23 17 de
422 1268 19 18 la
456 1268 78 20 plupart
549 1267 33 17 des

49 1294 119 19 spectateurs
178 1292 41 20 qui-
228 1291 42 18 ont-
276 1290 31 18 été
322 1290 41 18 voir
377 1295 10 11 *
402 1289 97 17 Monsieur
513 1288 60 19 Peper-

48 1314 31 18 bol
90 1319 17 12 ».

72 1338 65 18 Palais
153 1336 60 19 d'Eté.
229 1345 25 6 —
270 1337 49 17 Avee
336 1335 18 18 le
371 1335 17 17 si
406 1333 117 18 Intéressant
540 1333 46 17 Jasa

47 1361 42 16 Fud
107 1359 90 19 Candrix,
216 1361 45 14 avee
279 1357 23 17 Al
320 1356 89 19 Chicago.
428 1355 61 16 Patou
508 1353 74 17 Carica.

50 1383 46 14 avec
117 1378 149 18 l'tnnénarrable
286 1376 56 18 GlU's
362 1374 57 19 Pack,
441 1377 46 14 avec
506 1373 38 16 Exo
565 1373 19 16 et

50 1400 87 19 Partner,
153 1401 43 16 etc..
213 1398 18 17 le
247 1399 119 18 programme
383 1394 63 18 actuel
462 1394 29 16 est
508 1396 26 14 on
551 1393 32 16 des

49 1420 43 21 plus
105 1417 127 20 Intéressants
245 1417 32 21 qui
290 1420 21 14 se
323 1416 86 20 puissent
423 1414 48 17 voir.

54 1479 87 21 Polices
161 1475 124 23 féminines

81 1526 38 20 On
142 1523 106 23 Drésente
270 1521 100 22 souvent
392 1524 87 17 comme
503 1522 81 21 ejtcep-

55 1550 110 22 tionna^lle
181 1547 174 25 l'organisation
371 1545 28 22 de
417 1544 84 26 polices
517 1543 55 22 fémi-

55 1576 73 21 nines.
145 1575 37 21 En
198 1572 88 24 réalité,
304 1572 18 21 il
338 1576 31 16 en
385 1570 73 22 existe
476 1569 60 21 dans
552 1568 33 21 les

54 1600 103 26 grandes-
168 1599 64 21 villes
249 1598 28 21 de
293 1596 126 22 nombreux
435 1594 73 22 Etats.
524 1594 60 20 Leur

52 1626 96 21 mission
163 1624 43 22 est.
221 1628 31 16 en
269 1621 99 24 général,
385 1620 85 22 autant
486 1618 85 26 préven-

52 1651 47 21 tive
117 1654 44 21 que
179 1648 132 26 répressive.
328 1646 63 22 Elles
402 1645 46 21 "ont
466 1648 59 21 pour
542 1643 29 21 ob-

56 1676 32 22 jet
109 1676 114 22 d'assurer
244 1677 46 17 aux
310 1672 104 21 femmes,
436 1674 46 17 aux
504 1669 80 24 jeunes

57 1701 60 21 'illes
134 1701 25 20 et
177 1703 47 17 aux
243 1697 96 22 enfants
357 1696 23 21 la
400 1694 129 26 protection
546 1693 40 22 qui

53 1727 56 20 ■oeut
128 1725 50 21 leur
199 1723 59 22 faire
279 1722 81 21 défaut
381 1725 30 17 en
431 1720 78 21 raison
529 1717 55 22 d'un

56 1751 77 21 milieu
151 1749 99 21 familial
281 1745 146 23 défavorable
445 1749 30 16 ou
499 1743 74 21 Inexis-

55 1774 60 25 tant,
134 1774 66 24 mals,
219 1773 68 23 aussi,
307 1771 55 22 elles
381 1768 152 23 recherchent
552 1768 34 20 les

54 1801 69 21 délits
139 1801 25 20 et
180 1800 34 21 les
229 1797 132 23 dénoncent
378 1800 45 17 aux
442 1793 144 23 iuridlctlons

53 1825 165 26 compétentes.
232 1833 32 7 —
282 1823 26 21 C.

54 1856 157 29 L'ÀIlemacnè
229 1860 76 21 donne
323 1858 116 24 l'exemple

82 1909 33 21 La
139 1907 113 26 première
274 1905 161 25 organisation
458 1903 30 21 de
511 1901 73 27 polie?

54 1934 112 22 féminine
181 1933 39 21 fut
233 1930 65 23 créée
313 1931 16 22 k
343 1929 125 25 Stuttgart,
483 1932 30 17 en
529 1927 50 21 1903

80 1960 22 21 H
112 1964 32 16 en
156 1957 72 22 existe
241 1962 30 16 en
283 1956 140 25 Angleterre,
436 1953 80 25 depuis
530 1952 57 21 1905.

55 1982 102 24 Lonifres
173 1988 32 17 en
223 1981 96 27 possède
350 1980 66 24 vingt
447 1977 139 27 patrouilles.

55 2010 47 21 Dès
122 2009 58 21 1914.
200 2006 142 25 trente-cinq
361 2005 65 21 villes
446 2002 141 23 allemandes

56 2034 93 22 avaient
166 2034 46 20 des-
219 2033 102 20 -femmes
337 2029 125 27 policières.

82 2061 35 20 En
131 2059 73 23 outre,
218 2062 32 17 on
265 2057 56 26 peut
335 2056 59 21 citer
408 2054 65 22 toute
488 2058 46 17 une
549 2052 25 21 sé-

55 2085 34 21 rie
104 2085 28 21 de
146 2088 58 21 pays
217 2083 39 26 qui
270 2082 43 21 ont
327 2085 46 17 une
388 2079 72 26 police
475 2078 111 21 féminine

56 2109 104 25 spéciale,
201 2106 154 23 notamment,
389 2109 46 17 une
470 2103 116 25 vingtaine

56 2135 89 21 d'Etats
177 2133 29 21 de
212 2143 4 5 ■
238 2131 142 25 l'Amérique.
413 2129 132 23 l'Autriche,
563 2127 24 21 la

56 2160 84 23 Suisse,
153 2159 23 21 la
188 2156 212 25 Tchécoslovaquie,
413 2155 21 21 le
448 2153 139 22 Danemark,

57 2186 25 20 la
101 2184 110 25 Norvège,
232 2183 23 21 la
275 2181 120 23 Finlande,
417 2180 23 21 la
462 2178 81 24 Suède,
564 2178 22 21 la

58 2210 107 25 Hongrie,
181 2208 109 24 l'Egypte,
305 2207 25 21 la
345 2205 105 22 Lettonie
466 2204 26 22 et
507 2204 22 20 le
545 2203 30 21 Ja-

56 2239 53 20 pon.
123 2236 37 20 On
175 2235 47 19 voit
236 2233 60 21 donc
309 2236 43 20 que
366 2235 38 17 ces
417 2228 170 26 organisations

56 2263 30 19 ne
105 2260 53 21 sont
175 2263 44 21 pas
235 2256 199 26 exceptionnelles.
451 2264 29 6 —
497 2254 26 21 C.

56 2299 34 20 La
102 2297 60 21 lotte
176 2296 79 21 eontre
270 2294 91 24 l'opium

83 2345 39 20 Un
140 2343 74 25 grand
245 2340 93 27 Journal
368 2338 91 26 anglais
475 2342 27 17 se
520 2337 34 22 dit
572 2340 15 17 a

56 2369 74 22 même
147 2367 104 25 d'établir
266 2365 190 26 prochainement
472 2364 115 20 l'exlsten-

57 2399 33 20 .-e,
104 2394 60 21 dans
176 2397 34 16 un
225 2395 73 21 rayon
313 2391 29 21 de
357 2390 26 20 25
399 2388 132 22 kilomètres
559 2387 28 21 de

58 2418 106 24 Londres,
180 2418 56 21 d'un
251 2415 129 26 Important
397 2414 69 24 dépôt,
481 2413 107 24 d'opium.

57 2444 42 21 Ses
112 2443 97 22 services
222 2442 27 21 de
263 2439 197 27 renseignements
471 2437 55 22 sont
538 2437 49 21 for-

689 379 112 18 INSTrrUT
815 380 219 18 METEOROLOGIQUE

777 406 32 18 DI
826 407 119 17 BELGIQUE

698 458 117 18 BULLETIN
829 458 34 18 DD
877 459 22 16 SO
912 458 55 18 JUIN
982 459 43 16 1035

663 491 96 17 Situation
772 491 160 21 atmosphérlqoe,
946 491 12 17 à
971 492 10 16 1
995 492 68 16 heures

616 518 31 17 Un
659 519 118 18 anticyclone
788 517 32 21 qui
831 518 30 17 est
872 517 66 18 centré
948 521 33 14 sur
991 517 19 18 le
1019 517 109 17 Danemarl

595 538 74 18 S'étend
686 538 23 18 de
725 538 71 17 l'Italie
812 542 26 13 au
854 538 49 18 nord
920 538 24 17 de
960 542 19 12 .a
995 538 127 17 ecandlna.-le

595 558 30 17 Un
638 559 98 16 minimum
749 561 83 14 oraxeux
843 562 21 13 se
877 559 66 16 trouve
956 561 25 14 au
993 558 100 16 sud-ouest
1106 557 21 16 d_

596 578 18 16 la
628 578 74 17 Prance
715 579 19 16 et
748 582 21 13 se
782 578 77 20 déplace
872 581 43 14 vers
929 578 17 17 le
959 577 49 17 nord
1019 578 35 16 est.
1067 577 18 17 n
1098 577 21 16 In-

595 598 98 17 fluencera
713 598 143 20 probablement
886 598 78 17 demain
994 598 79 19 quelque
1092 600 37 17 peu

595 619 56 16 notre
663 621 55 16 par».

617 638 51 16 Nous
683 638 108 20 observons,
806 642 22 13 ee
843 638 68 19 matin,
927 638 34 17 des
975 637 55 17 vents
1044 637 84 17 modéré»

595 657 50 18 d'est
661 658 13 17 A
690 658 94 19 nortl-eat,
812 661 27 14 un
856 658 37 17 del
909 658 69 19 serein,
1006 657 33 17 des
1057 656 61 21 tempé-

597 679 76 16 ratures
686 680 24 15 de
725 678 21 17 17
759 678 12 17 A
786 679 22 16 20
821 678 73 18 degrés.

767 705 68 19 Temps
850 706 85 17 présuma
952 708 5 6 •

617 731 60 17 Vents
691 731 69 17 faibles
774 731 13 17 A
800 730 87 18 modérés
901 730 49 17 d'est
964 729 13 17 A
991 729 94 18 nord-est.
1100 732 20 13 se-

597 751 40 17 rein
652 755 23 12 ou
689 754 94 17 nuageux.
796 750 94 20 Quelques
903 753 67 17 orages
983 748 91 21 possibles
1087 751 33 14 sur-

597 772 42 16 tout
652 775 35 13 sur
701 771 17 17 le
732 771 35 17 sud
781 770 26 18 du
822 774 53 16 pays,
889 770 70 17 chaud.

689 797 34 17 Les
737 797 145 19 températures,
896 796 12 16 A
922 797 11 16 7
946 796 70 17 henres
1031 799 6 12 :

619 824 30 16 11"
664 823 11 17 à
690 823 112 20 Reykjavik,
818 823 20 17 16
852 823 12 16 A
877 822 51 19 Oslo,
942 821 124 19 Helstngfors.
1081 821 49 16 Dor-

597 844 41 36 aat,
652 843 99 19 Lisbonne.
766 843 20 17 17
799 843 12 17 A
825 843 86 19 Cnimay.
924 838 115 22 Stockholm,
1053 840 77 19 Vienne,

613 863 65 19 îartrld,
700 863 20 17 18
740 863 12 17 A
772 862 89 18 Londres.
882 861 131 20 Copenhague,
1034 861 95 17 Varsovie,

598 884 79 20 Prague,
695 883 103 20 Budapest,
817 883 67 18 Berne,
904 882 20 16 19
943 881 12 17 k
972 880 54 20 Brée,
1044 880 86 19 Utrecht,

598 904 70 17 Berlin.
683 903 53 20 Riga.
752 903 97 17 BeH.rndr.
864 902 21 16 20
900 905 10 13 a
924 900 103 19 Bruxelles,
1042 900 88 17 Ostende.

598 924 21 16 21
630 923 13 17 A
653 923 60 17 Paris.
724 923 22 16 25
757 923 11 16 à
779 922 61 20 Alger,
851 922 22 16 20
884 921 11 17 à
906 922 64 16 Rome.

667 943 135 17 Observations
817 942 12 16 A
843 942 63 17 Uccle,
920 940 13 18 A
947 941 10 17 7
972 941 68 17 heurts
1056 945 7 12 :

598 963 110 17 Baromètre
727 962 51 17 11020
793 961 93 18 millibars
900 961 19 18 J)
1044 959 88 18 765mm.3

597 983 136 18 Température
751 982 104 17 maximum

598 1002 135 20 Température
753 1002 99 16 minimum

598 1022 97 17 Humidité

598 1044 40 16 Eau
654 1042 95 17 recueillie

599 1063 96 17 Direction
712 1062 111 17 dominante
838 1062 25 16 du
879 1062 46 15 vent

600 1083 72 16 Vitesse
686 1085 93 16 moyenne
793 1081 25 17 du
832 1082 46 16 vent

600 1102 57 17 SoleU
674 1105 5 14 :
695 1102 51 17 lever
760 1102 11 16 S
786 1101 19 17 h.
820 1101 29 18 22:
865 1100 81 18 coucher
961 1099 21 17 20
996 1099 21 17 h.

599 1123 53 16 Lune
664 1125 5 13 :
680 1122 52 17 lever
741 1122 11 16 3
762 1121 19 17 h.
793 1121 29 19 86;
833 1120 82 18 coucher
925 1120 22 16 20
956 1119 20 17 h.
987 1119 28 16 33.

599 1143 73 16 Heures
686 1142 23 17 de
723 1141 54 17 soleil

794 1168 35 16 Les
844 1168 73 15 marées
933 1176 7 6 .

601 1195 84 17 Ostende
699 1198 5 12 :
717 1194 11 16 0
739 1194 59 16 heure
809 1193 22 17 05
843 1193 19 16 et
875 1192 20 17 12
907 1192 68 17 heuree
986 1190 28 17 26.

602 1216 72 16 Anvers
690 1217 6 14 :
712 1214 11 16 3
738 1214 68 16 heures
821 1213 21 16 22
858 1213 19 16 et
894 1212 20 17 18
929 1212 69 16 heures
1012 1209 27 18 41.

1090 979 42 16 lA»i

1091 998 41 17 13.7

1089 1018 42 16 68%

1065 1038 67 17 On.m.0

1111 1058 21 16 E.

1085 1078 47 16 ■Sic,.*

57 2465 58 28 mel?
129 2467 16 22 à
159 2472 26 17 ce
197 2466 67 24 sujet

82 2493 56 23 plus
151 2493 27 21 de

606 1268 35 20 Au
656 1267 69 24 jeune
741 1266 96 19 barreau
854 1263 28 22 de
897 1263 89 21 Namur

631 1314 31 22 Le
679 1313 92 22 tournoi
788 1312 142 23 d'éloquence
948 1310 31 21 du
996 1309 69 24 Jeune
1081 1308 43 21 bar-

605 1344 56 16 reau
681 1339 28 20 de
728 1339 88 20 Namur
834 1337 55 21 s'est
907 1334 104 23 terminé.
1030 1334 50 21 Ont
1099 1333 36 22 été

606 1363 102 22 déclarés
726 1362 102 22 lauréats
846 1366 28 17 ex
893 1365 73 19 œquo,
985 1360 50 21 MM
1053 1358 83 22 Ernest

606 1389 73 21 Mélot
693 1389 24 21 et
733 1389 26 20 A.
774 1386 171 23 Dautrebande.

606 1421 31 21 Le
653 1420 156 24 bourgmestre
826 1419 28 20 de
873 1417 126 21 Gembloux

631 1468 33 20 M.
683 1467 23 22 le
726 1466 89 21 notaire
836 1465 64 21 Jules
920 1465 75 23 Bruyr
1013 1463 40 23 qui
1073 1462 64 22 vient

606 1493 71 21 d'être
697 1491 94 22 nommé
812 1491 156 22 bourgmestre
989 1489 29 21 de
1040 1488 23 21 la
1084 1487 53 21 ville

607 1517 28 22 de
655 1516 129 22 Gembloux
803 1516 36 20 est
859 1515 94 21 docteur
971 1518 32 17 en
1021 1513 67 22 droit,
1108 1513 17 20 li-

607 1542 77 21 cencié
704 1547 31 16 en
756 1541 101 21 sciences
877 1540 128 25 politiques.
1026 1539 31 20 Le
1077 1541 48 17 nou-

606 1572 58 17 veau
681 1567 156 24 bourgmestre
855 1564 156 26 appartenant
1028 1567 30 18 au
1075 1562 62 25 parti

607 1592 80 21 libéral
707 1592 37 21 fut
764 1591 38 21 élu
820 1589 119 22 conseiller
958 1588 130 22 communal
1108 1592 30 16 en

608 1618 51 21 1932
676 1618 26 21 et
721 1616 96 22 échevin
837 1615 27 21 de
885 1614 158 22 l'Instruction
1061 1612 65 26 publi-

607 1647 43 20 que
666 1647 31 16 en
713 1641 57 22 1934.

607 1675 42 20 Les
660 1673 135 24 tout-petits
808 1676 30 16 en
853 1670 48 22 fête

633 1719 62 20 Tous
705 1717 33 21 les
748 1716 91 26 Jardins
847 1714 119 23 d'enfants
975 1714 29 22 de
1013 1714 25 22 la
1048 1712 52 22 ville
1111 1712 28 22 de

608 1743 118 21 Bruxelles
738 1742 93 21 avalent
843 1739 111 27 organisé,
966 1738 130 25 dimanche,
1108 1742 31 17 au

608 1769 89 24 Cirque,
712 1772 46 17 une
773 1766 87 26 grande
876 1765 48 22 fête
939 1765 28 21 de
983 1764 37 22 fin
1035 1763 103 23 d'année,

608 1798 30 17 en
654 1793 108 25 présence
780 1792 28 21 de
824 1791 58 21 MM.
898 1789 179 22 Huisman-Van
1093 1787 46 22 den

608 1820 63 22 Nest,
691 1817 96 22 échevin
807 1817 28 21 de
854 1815 158 22 l'Instruction
1031 1813 108 26 publique

608 1844 29 21 de
649 1844 24 21 la
687 1843 53 21 ville
753 1843 29 20 de
795 1841 127 23 Bruxelles;
937 1840 57 23 Tits,
1008 1839 130 25 inspecteur

607 1869 41 21 des
664 1868 73 22 écoles
753 1868 28 21 de
797 1867 24 21 la
837 1866 61 24 ville;
917 1865 29 22 de
961 1865 61 20 M»"
1040 1863 97 24 Servais,

609 1894 135 25 Inspectrice
764 1892 41 22 des
823 1891 91 26 Jardins
932 1889 126 23 d'enfants;
1080 1889 58 20 Nee-

609 1919 86 22 rinckx,
719 1917 136 25 inspectrice
877 1916 42 21 des
942 1915 73 21 écoles
1038 1913 99 24 Frœbel;

607 1944 126 23 Bumiaux,
759 1941 136 26 inspectrice
922 1940 29 21 de
972 1939 76 24 l'Etat,
1067 1938 26 21 et
1109 1937 30 21 de

609 1969 76 21 toutes
703 1969 35 20 les
757 1967 131 22 directrices
906 1966 40 21 des
965 1965 90 25 Jardins
1074 1964 53 21 d'en-

609 1994 65 21 fants
687 1994 28 21 de
728 1993 24 21 la
766 1992 59 22 ville.

634 2020 44 20 Les
693 2018 96 22 enfants
804 2018 42 20 des
861 2016 90 25 jardins
966 2014 117 23 d'enfants
1099 2014 40 21 des

609 2045 74 21 écoles
694 2045 11 20 1
717 2044 15 21 à
742 2044 26 20 26
780 2042 152 23 exécutèrent,
943 2046 43 21 par
997 2044 91 21 groupe,
1100 2040 40 20 des

610 2070 60 25 Jeux,
681 2069 42 22 des
733 2068 85 22 chants
829 2068 24 21 et
864 2068 41 20 des
916 2067 84 21 danses
1011 2066 39 25 qui
1061 2064 66 26 repré-

609 2094 116 22 sentaient
740 2092 190 23 successivement
945 2092 34 21 les
994 2091 81 25 quatre
1091 2090 35 20 sai-

610 2124 59 17 sons.

635 2146 38 21 On
700 2144 122 26 applaudit
847 2144 51 21 tout
923 2141 217 26 particulièrement,

607 2170 34 21 les
653 2174 97 20 groupes
762 2169 28 21 de
803 2168 23 21 la
838 2168 37 21 fée
887 2167 136 25 printemps,
1034 2166 42 21 des
1086 2165 41 24 Jon-

608 2195 86 25 quilles,
713 2195 32 21 du
765 2193 94 22 fameux
879 2192 111 22 Méchant
1010 2192 70 23 Loup,
1100 2189 40 21 des

608 2220 70 21 fruits
701 2220 24 21 et
748 2219 92 21 surtout
863 2217 23 21 la
911 2226 10 9 «
945 2215 141 26 Symphonie
1109 2219 31 16 en

607 2246 69 20 blanc
699 2253 10 9 »
733 2244 39 25 qui
790 2242 144 25 symbolisait
955 2241 81 20 l'hiver
1056 2240 25 21 et
1103 2244 37 16 ses

607 2270 59 25 joies
682 2274 6 16 :
704 2270 115 24 patinage,
833 2268 113 21 traîneau,
958 2266 43 24 ski,
1014 2265 113 22 bonshom-

609 2300 49 16 mes
670 2295 28 21 de
710 2294 72 25 neige,
792 2293 45 21 etc.
848 2302 30 16 —,
885 2292 26 21 A.

609 2326 48 21 Elle
674 2326 42 22 est,
734 2324 111 26 parait-il.
864 2323 134 22 délicieuse!

152 2508 27 6 __
192 2492 39 21 dix
242 2491 63 22 mille
316 2490 76 22 boites
404 2489 28 22 de
446 2488 73 21 métal
532 2491 44 17 con-

58 2518 140 22 tiendraient
217 2517 28 21 de
264 2516 24 21 la
306 2514 93 22 terrible
418 2514 92 24 drogue.
527 2512 61 21 Elles

57 2543 107 22 auraient
177 2542 38 23 été
227 2540 97 27 placées,
337 2539 24 22 là
373 2539 31 21 où
416 2538 56 22 elles
485 2542 25 17 se
522 2537 53 21 trou-

59 2570 61 22 vent,
134 2567 18 21 il
166 2572 16 20 y
197 2573 15 16 a
227 2566 81 25 quinze
323 2570 44 16 ans
379 2563 103 24 environ,
497 2567 44 20 par
556 2562 32 21 les

57 2594 65 20 soins
136 2594 33 21 de
188 2590 143 26 trafiquants
347 2589 96 23 chinois,
461 2593 31 16 au
509 2587 67 21 lende-

58 2619 65 21 main
138 2618 29 21 de
183 2617 24 21 la
224 2616 57 21 mise
293 2620 32 16 en
342 2615 94 24 vigueur
453 2613 28 21 de
500 2611 89 22 -l'Acte

57 2641 168 24 international
240 2646 40 17 sur
295 2640 34 21 les
344 2640 104 24 Drogues
461 2638 115 24 dangereu-

57 2674 37 17 ses
110 2676 19 18 .,
141 2668 30 21 de
189 2667 55 20 1921.

83 2692 88 26 Quatre
187 2688 106 28 fcpmmes
309 2690 108 21 auraient
435 2688 110 31 participé
575 2689 14 17 »

56 2717 223 23 l'ensevaïlissement.
298 2715 70 22 Trois,
382 2715 89 20 d'entre
488 2717 56 17 eux.
551 2716 25 18 se-

56 2743 78 22 raient
151 2742 96 21 morts...
266 2740 74 27 quant
356 2745 32 16 au
410 2737 134 26 quatrièine.
572 2736 18 20 11

57 2773 32 16 ne
105 2767 105 26 pourrait
226 2766 54 26 plus
296 2765 116 24 échapper
429 2763 129 24 longtrxmps
575 2761 15 20 à

58 2793 166 27 l'arrestation.,
229 2791 39 26 qui
281 2791 23 20 le
319 2790 86 25 guette.
420 2798 27 6 —
462 2788 22 21 J.

59 2825 35 20 tlt*
115 2825 80 19 faveur
214 2823 43 21 des
276 2821 94 22 oiseaux

87 2872 34 20 La
137 2870 114 25 marquise
268 2869 30 21 de
315 2869 84 23 Pierre,
416 2865 130 27 présidente
564 2864 29 22 de

60 2896 24 22 la
101 2903 9 11 •
127 2895 71 26 Ligue
213 2894 65 25 belge
293 2897 59 22 pour
366 2893 25 20 la
406 2891 130 26 protection
552 2890 40 21 des

60 2921 94 22 oiseaux
164 2929 37 17 ^.
215 2913 88 28 siînale
324 2918 68 24 qu'en
413 2916 133 24 Angleterre
568 2915 24 21 et

60 2951 32 16 en
109 2942 174 25 Hollaïh'de;les
301 2943 60 21 amis
380 2942 48 21 dés'
438 2940 94 23 0t_të_iuX
549 2940 43 21 ont

60 2970 116 26 remporté
192 2970 61 21 deux
269 2969 71 21 belles
354 2967 114 22 victoires.

87 2997 35 21 En
137 2995 120 23 Hollande,
271 2998 32 17 on
317 2999 14 16 a
346 2992 65 27 porté
426 2992 28 21 de
468 2992 14 20 2
496 2990 59 22 mols
569 2990 23 21 et

61 3022 62 22 demi
135 3021 15 20 à
165 3021 24 20 15
200 3020 67 25 Jours
280 3019 24 22 la
318 3018 102 22 tenderie
435 3022 30 16 au
478 3016 59 22 filet.
549 3016 44 20 Les

59 3046 143 22 dimensions
222 3045 40 22 des
281 3044 64 21 filets
365 3043 43 21 ont
428 3042 37 23 été
484 3041 107 21 réduites.

49 3083 13 5 --
86 3072 39 21 En
137 3071 140 25 Angleterre,
292 3069 18 21 11
326 3069 35 21 est
376 3067 127 22 désormais
518 3066 73 21 lntet-

61 3097 35 21 dit
114 3097 29 21 de
163 3095 91 22 détenir
273 3098 30 17 en
323 3097 56 21 cage
399 3091 121 26 n'Importe
540 3090 53 26 quel

61 3122 78 21 oiseau
155 3121 100 22 nichant
270 3120 59 21 dans
344 3119 23 21 le
384 3122 57 20 pays
457 3121 30 17 ou
504 3116 22 22 le
542 3116 38 21 tra-

60 3146 100 25 versant.
172 3146 67 22 Cette
253 3144 94 22 défense
360 3142 87 23 s'étend
460 3141 74 23 même
547 3145 45 17 aux

60 3172 94 21 oiseaux
170 3171 29 22 de
215 3175 39 17 ces
269 3168 92 27 espèces
376 3169 40 24 qui
431 3166 101 23 seraient
547 3166 34 21 im-

60 3197 79 25 portés
153 3196 32 22 dc
202 3195 130 25 l'étranger.
350 3203 28 6 —
394 3194 26 20 L.

61 3229 43 19 Les
121 3227 102 20 maisons
241 3225 39 26 qui
297 3225 100 24 bougent

82 3275 56 23 ■lae-a.
141 3272 163 23 tremblement
325 3271 29 22 de
375 3272 61 20 terre
458 3269 40 26 qui
519 3273 16 17 a
557 3269 36 21 été

64 3299 96 21 ressenti
178 3299 31 20 Ici
228 3296 81 25 même,
328 3300 31 17 en
377 3295 115 25 Belgique,
511 3294 25 21 et
554 3294 40 25 qui

62 3324 85 22 semble
161 3323 63 22 avoir
236 3321 94 23 ébranlé
342 3321 24 21 la
378 3320 95 26 plupart
485 3319 40 22 des
537 3323 57 22 pays

63 3350 33 22 du
114 3349 90 22 inonde,
222 3348 40 21 n'a
281 3351 42 21 pas
341 3351 37 19 eu,
398 3345 32 22 du
449 3345 75 22 moins
543 3344 39 25 jus-

62 3374 53 25 qu'à
132 3373 102 27 préSéJtt,
252 3372 108 23 croit-on,
380 3370 28 22 de
428 3372 166 27 oopséquences

63 3404 87 20 graves.
447 3419 9 8 ,
528 3413 4 3 ■
574 3417 4 10 ,

90 3425 116 21 Plusieurs
222 3423 53 25 fois,
292 3422 34 21 les
344 3420 156 27 phénomènes
518 3420 76 21 sisml-

64 3454 56 18 oues
132 3448 167 27 provoquèrent
313 3447 40 22 des
367 3446 116 22 Incidents
497 3445 98 21 curieux.

89 3475 22 21 H
126 3479 16 21 y
159 3479 15 17 a
190 3474 108 25 quelques
315 3471 92 24 années,
424 3476 43 20 par
485 3470 108 25 exemple.

65 3505 33 17 •u
113 3500 84 24 Japon,
214 3499 20 21 le
254 3497 161 23 tremblement
433 3496 28 22 de
479 3496 60 21 terre
557 3495 39 25 qui

64 3524 77 22 devait
157 3524 96 22 démolir
268 3527 96 21 presque
380 3520 154 23 entièrement
549 3517 45 24 l'Ile

64 3550 34 22 du
118 3550 69 22 Soleil
209 3548 95 24 Levant,
326 3551 121 22 provoqua,
469 3546 60 21 dans
549 3549 46 17 une

64 3574 92 25 contrée
174 3574 101 25 éloignée
294 3574 27 20 de
339 3572 131 25 l'épicentre
488 3571 31 22 du
535 3570 58 25 phé-

38 3612 4 4 -
63 3600 105 24 nomène,
185 3604 27 17 ce
228 3599 88 21 bizarre
333 3596 110 23 incident.

89 3626 47 20 Par
147 3629 37 17 ses
195 3622 159 23 mouvements
365 3621 112 24 latéraux,
488 3620 23 22 le
522 3620 61 22 trem-

64 3650 102 21 blement
183 3649 30 21 de
229 3650 61 20 terre
307 3647 103 25 déplaça,
427 3651 39 17 sur
484 3650 46 17 une
548 3645 37 21 dis-

65 3677 69 20 tance
146 3675 29 21 de
187 3674 53 25 plus
251 3673 29 22 de
293 3672 40 22 dix
345 3671 91 24 mètres,
449 3671 33 21 les
495 3669 101 22 maisons

65 3700 68 21 d'une
153 3704 49 17 rue.

91 3725 40 22 TJn
149 3724 110 22 habitant
278 3724 68 20 dline
365 3723 29 20 de
420 3726 38 17 ces
489 3722 108 21 maisons,

65 3750 109 21 -entrant
189 3749 57 21 chez
261 3748 33 22 lul
311 3746 66 27 après
394 3751 46 16 une
455 3745 83 25 longue
555 3744 30 22 ab-

66 3778 76 21 sence,
166 3773 114 23 constata,
303 3777 32 16 en
359 3776 25 17 se
408 3771 102 21 mettant
534 3769 15 21 à
573 3769 24 20 la

68 3800 96 23 fenêtre,
181 3798 54 26 qUTl
249 3797 89 21 n'avait
355 3796 52 26 plus
422 3796 25 21 la
464 3794 74 23 même
554 3798 44 16 vue

68 3829 40 17 sur
120 3825 35 21 les
167 3823 115 22 environs.
296 3823 39 20 On
350 3822 39 20 eut
404 3821 59 21 beau
478 3820 33 21 lui
525 3819 60 25 expli-

68 3853 57 21 quer
140 3850 22 21 le
180 3846 150 28 phénomène,
347 3846 17 22 11
380 3846 55 21 n'en
452 3845 79 22 voulut
548 3842 50 23 rien

69 3875 78 21 croire.
165 3884 29 5 —
213 3874 26 20 A.

69 3903 87 26 L'éloge
178 3904 40 20 det
239 3902 91 24 espions
351 3900 77 25 belges

95 3951 60 19 Pour
169 3949 63 21 avoir
245 3949 46 20 fait
303 3948 78 24 l'éloge
395 3947 28 21 de
437 3946 59 21 deux
508 3945 91 26 espions

68 3975 77 25 belges
165 3973 88 22 fusillés
273 3978 43 20 par
335 3973 35 20 les
389 3971 133 22 Allemands
542 3975 46 21 pen-

72 4000 57 22 dant
149 3998 158 25 l'occupation,
327 3997 22 22 le
369 3996 54 27 père
442 3995 110 25 Bénigne,
572 3995 28 21 de

70 4025 119 25 Mayence.
200 4029 15 16 a
227 4023 37 22 été
276 4021 129 24 condamné
416 4021 16 22 à
444 4021 60 22 deux
516 4024 44 18 ans
571 4021 29 21 d>

71 4050 84 20 "rison.

97 4074 64 22 Voici
176 4073 38 26 qui
229 4072 58 23 n'est
301 4077 43 21 pas
359 4071 45 22 fait
418 4075 59 22 pour
491 4074 97 21 surpren-

74 4100 38 21 dre
124 4102 57 17 ceux
193 4096 39 27 qui
244 4097 120 21 observent
376 4097 33 20 les
421 4095 119 21 méthodes
551 4095 39 21 hit-

76 4124 116 22 lériennes.
203 4122 120 24 Pourtant,
335 4122 17 21 11
364 4126 15 21 y
392 4126 13 17 a
418 4120 108 26 quelques
537 4119 64 24 mols,

74 4150 33 20 Un
131 4147 101 23 écrivain
258 4144 122 26 allemand,
412 4142 72 24 Henri
510 4144 91 23 Binder,

74 4173 63 21 avait
157 4173 58 21 écrit
237 4176 40 17 sur
297 4171 34 21 les
352 4171 91 25 espions
464 4170 75 24 belges
562 4169 40 21 des

73 4198 97 25 phrases
191 4196 47 22 très
259 4196 123 25 élogleuses
404 4195 59 21 dans
483 4199 43 16 son
546 4194 56 21 livre

74 4227 41 17 sur
137 4230 11 11 •
171 4221 168 25 L'Espionnage
362 4220 15 21 à
399 4219 119 22 Bruxelles
540 4218 62 23 1914-

74 4248 52 21 1918
141 4256 22 12 ».

100 4273 170 23 Extrayons-en
285 4271 60 21 oette
360 4270 94 25 phrase:
473 4277 8 8 »
499 4269 104 20 L'amour

75 4297 29 22 de
118 4299 23 20 la
153 4296 76 26 patrie
241 4298 25 19 et
279 4295 86 25 l'esprit
379 4294 28 22 de
420 4293 105 22 sacrifice
538 4292 54 22 réus-

76 4322 84 21 sissent
173 4321 105 25 toujours
292 4319 24 22 là
328 4319 31 22 où
373 4319 24 22 la
412 4318 115 25 prudence
540 4320 26 19 et
580 4317 24 22 la

77 4347 111 20 bravoure
203 4347 32 20 du
252 4345 83 21 monde
352 4344 93 22 doivent
462 4348 24 16 se
503 4342 101 21 déclarer

77 4371 113 21 vaincues.
206 4371 31 20 Et
251 4370 79 25 quand
346 4374 37 15 ces
398 4368 138 21 sentiments
553 4367 39 21 ani-

78 4397 64 21 ment
154 4400 33 17 un
200 4395 87 26 peuple,
301 4395 20 21 si
333 4394 59 26 petit
404 4393 80 23 soit-il,
498 4393 25 22 et
534 4392 21 21 si
567 4392 37 22 ln-

78 4421 60 46 X
137 4420 75 22 fiante
229 4425 26 17 sa
272 4419 65 26 place
355 4419 59 21 dans
431 4418 21 22 le
471 4416 83 23 monde
572 4417 31 20 cl-

137 4445 13 24 i,
164 4445 17 21 il
195 4444 99 26 reprend
307 4444 30 22 de
353 4447 25 19 ce
394 4442 48 23 seul
459 4442 44 22 fait
518 4442 75 22 l'avan-

77 4470 54 25 tage
146 4470 59 21 dans
220 4475 26 15 sa
262 4470 57 20 lutte
335 4468 78 22 oontre
429 4467 34 22 les
478 4467 74 22 forces
566 4470 27 17 su-

79 4495 115 24 périeures
209 4494 39 25 qui
263 4493 120 22 l'écrasent
399 4493 23 20 et
438 4496 88 17 aucune
543 4491 51 25 puis-

80 4523 69 18 sance
171 4523 36 17 au
225 4517 83 23 monde
331 4522 29 18 ne
383 4516 89 23 saurait
495 4515 112 27 prévaloir

79 4544 80 22 contre
176 4543 52 24 lul...
246 4551 10 11 »

106 4569 64 21 Ecrit
187 4573 43 22 par
247 4572 33 18 un
298 4566 141 24 Allemand-.
455 4576 28 8 —
499 4567 26 20 L.

113 4645 5 23 •
128 4637 101 41 ERN
240 4630 125 44 1ÈRE
393 4634 217 41 MINUTE

635 2373 53 20 Non
706 2372 48 22 loin
771 2372 30 21 de
826 2370 133 25 Soerabaja,
990 2373 46 17 aux
1071 2369 70 21 Indes

610 2397 181 23 Néerlandaises,
814 2401 30 16 on
866 2395 77 22 aurait
965 2394 122 22 découvert
1108 2398 33 17 un

610 2423 84 21 sorcier
715 2421 122 23 cannibale
859 2421 40 25 qui
921 2420 91 22 attirait
1035 2424 36 17 ses
1092 2419 36 21 vic-

611 2449 69 21 times
691 2448 59 21 dans
761 2452 28 17 sa
801 2451 58 20 case,
871 2446 34 21 les
917 2445 61 22 tuait
989 2445 26 21 et
1027 2444 33 23 les
1073 2448 56 17 man-

610 2474 68 24 geait.

636 2499 31 21 Le
683 2498 166 22 cannibalisme
865 2496 112 26 disparaît
993 2496 59 25 petit
1069 2496 15 20 à
1100 2499 28 21 pe-

611 2524 36 21 tit.

638 2558 9 8 -
671 2548 143 26 Cependant,
834 2548 101 22 écrivait,
955 2546 59 21 voici
1034 2548 108 22 quelques

611 2575 92 23 années,
723 2579 32 16 un
773 2572 148 26 explorateur
953 2571 109 25 français,
1088 2570 54 21 tant

611 2604 43 20 que
675 2600 34 20 les
729 2599 106 21 hommes
855 2597 109 24 n'auront
985 2601 43 21 pas
1050 2595 79 21 absolu-

612 2625 65 20 ment
697 2624 62 21 cessé
781 2624 28 21 de
830 2623 80 25 goûter
930 2621 15 21 à
966 2622 23 20 la
1010 2621 67 21 chair
1095 2621 34 20 hu-

612 2650 84 23 maine,
711 2650 18 21 il
744 2653 52 17 sera
810 2647 130 25 Impossible
956 2647 28 21 de
1001 2647 33 21 les
1049 2646 82 21 détour-

613 2679 43 17 ner
673 2675 29 21 de
721 2674 61 22 cette
800 2673 110 22 véritable
929 2672 99 25 passion.
1048 2680 9 9 -

636 2701 31 20 Et
683 2705 26 16 ce
728 2699 73 21 même
820 2698 146 25 explorateur
983 2701 72 17 avoue
1073 2696 70 24 qu'un

613 2725 58 25 Jour,
683 2727 59 19 dans
753 2729 33 16 un
797 2723 82 25 village
890 2723 33 22 du
933 2723 79 21 centre
1024 2721 28 22 de
1059 2721 72 21 l'Amé-

612 2750 63 26 rique
690 2750 31 21 du
735 2750 54 23 Sud,
804 2748 16 22 il
834 2752 105 21 mangea,
952 2752 56 17 sans
1022 2747 48 21 s'en
1084 2747 46 21 dou-

612 2777 37 20 ter
668 2774 100 25 d'abord,
785 2779 34 17 un
838 2778 107 17 morceau
965 2773 27 21 de
1013 2772 65 22 chair
1097 2772 33 21 hu-

613 2801 84 21 maine.

638 2826 33 21 Ce
682 2825 61 21 n'est
754 2824 104 27 qu'après
869 2824 22 21 le
904 2827 68 21 repas
983 2827 50 21 que,
1045 2823 84 20 deman-

613 2851 59 22 dant
696 2858 10 10 «
731 2850 53 25 quel
808 2849 58 22 était
890 2848 103 22 l'animal
1016 2847 40 25 qui
1080 2846 62 22 avait

614 2879 45 19 une
676 2875 65 23 chair
759 2875 62 21 aussi
839 2873 132 23 succulente
990 2882 18 14 »,
1024 2872 18 22 11
1060 2872 71 21 enten-

614 2900 35 22 dit
665 2905 54 16 avec
735 2900 97 21 horreur
845 2899 27 21 et
887 2897 84 26 dégoût
990 2903 6 16 :
1016 2905 9 9 «
1043 2897 62 21 C'est
1120 2897 24 21 la

613 2925 65 22 chair
692 2926 29 21 de
734 2925 125 23 l'homme,.
862 2924 22 21 le
896 2921 94 24 nommé
1003 2923 39 20 Un
1055 2923 42 20 Tel
1112 2930 31 12 ....

614 2951 38 21 Un
663 2950 150 22 malheureux
823 2954 45 21 que
879 2953 38 17 ces
929 2950 111 23 sauvages
1052 2946 92 22 avaient

615 2976 45 22 tué.
676 2975 151 25 uniquement
843 2979 59 20 pour
918 2973 71 22 servir
1005 2973 28 20 de
1049 2972 51 25 plat
1116 2971 28 21 de

614 3001 125 21 résistance
755 3005 31 17 au
802 2999 101 25 banquet
919 2998 72 22 offert
1006 2997 16 23 à
1037 2998 107 21 l'homme

614 3026 68 22 blanc
691 3027 7 20 !
722 3036 28 6 —
772 3026 26 21 A.

613 3057 77 21 Avant
709 3057 29 21 de
757 3055 127 22 construire
904 3060 46 16 une
970 3053 90 22 maison

613 3110 30 16 on
658 3104 61 23 villa,
735 3103 126 22 demandez
875 3107 30 16 au
921 3101 88 22 Phénix
1025 3101 68 24 Belge
1108 3104 37 16 ses

614 3130 130 21 conditions
763 3133 59 20 pour
841 3132 100 16 avances
970 3125 176 25 hypothécaires

613 3153 181 23 remboursables
810 3157 43 21 par
866 3157 46 18 une
928 3156 123 17 assurance
1067 3155 39 16 sur
1121 3150 24 20 la

613 3180 48 22 Vie.
682 3178 207 26 Renseignements
909 3181 57 17 sans
986 3175 158 25 engacement.

1036 3199 108 22 (H3195-2

615 3237 30 21 Le
662 3235 62 22 fakir
738 3235 24 21 et
777 3235 24 20 la
817 3234 59 21 balle
892 3234 29 21 de
936 3234 49 24 golf

640 3283 39 21 Un
696 3281 105 22 confrère
818 3280 102 25 français
936 3279 109 26 rapporte
1062 3283 26 17 ce
1105 3283 28 17 cu-

617 3308 63 21 rieux
699 3307 112 24 accident,
829 3310 101 18 survenu
950 3309 45 18 aux
1014 3304 70 21 Indes
1102 3308 32 17 an-

616 3333 88 25 glaises,
725 3332 58 22 voici
804 3331 108 25 quelques
932 3330 120 21 semaines.

641 3359 47 21 Des
705 3358 104 21 officiers
830 3357 55 21 d'un
917 3355 115 25 régiment
1058 3354 89 25 anglais

616 3383 117 21 stationné
754 3383 15 20 à
791 3382 79 23 Slmla,
892 3385 59 21 pour
972 3385 24 16 se
1040 3380 104 22 délasser,

616 3409 88 21 étaient
724 3407 57 22 allés
802 3408 65 24 Jouer
888 3410 46 18 une
954 3405 75 26 partie
1050 3405 28 20 de
1099 3404 47 25 goll

617 3438 40 17 sur
671 3434 34 20 les
719 3433 62 21 links
796 3432 132 21 avoisinant
943 3430 23 22 la
982 3430 60 21 ville.

643 3467 10 9 ■
665 3459 32 21 Le
708 3459 55 24 long
773 3458 31 21 du
816 3457 74 25 grand
901 3460 115 22 parcours,
1027 3460 25 16 se
1064 3455 82 22 dresse,

617 3484 94 21 raconte
732 3484 22 21 le
775 3483 131 22 narrateur,
927 3485 33 18 un
981 3480 60 25 petit
1062 3480 85 21 auvent

616 3513 53 17 sous
684 3508 74 25 lequel
775 3507 64 22 avait
854 3506 127 22 l'habitude
998 3506 28 21 de
1043 3505 65 21 venir
1122 3509 25 16 se

617 3534 112 21 recueillir
748 3538 33 17 un
800 3532 68 22 fakir.

643 3560 40 23 Or.
698 3559 17 21 11
730 3563 24 17 se
770 3558 30 23 fit
815 3562 50 21 que,
881 3561 44 22 par
939 3555 92 24 hasard,
1046 3560 46 16 une
1109 3555 39 20 des

618 3584 76 23 balles,
710 3583 91 22 lancées
816 3587 43 21 par
875 3587 32 16 un
920 3582 42 20 des
978 3581 108 23 officiers,
1102 3580 46 22 alla

618 3609 115 21 atteindre
756 3613 30 16 en
809 3607 63 26 plein
895 3607 65 21 front
983 3607 22 20 le
1027 3605 121 22 vénérable

617 3634 62 21 fakir
694 3634 46 25 qui,
756 3638 55 17 sans
827 3637 33 17 un
877 3631 167 26 gémissement,
1062 3630 73 21 s'abat-

617 3659 30 21 tit
661 3659 68 22 d'une
744 3658 70 26 pièce.

642 3684 21 21 Il
683 3684 58 21 était
761 3684 59 20 dans
838 3682 22 22 le
880 3687 72 17 coma.
972 3680 141 25 Transporté
1133 3686 14 15 a

618 3709 109 24 l'hôpital,
742 3713 31 17 on
788 3708 107 22 constata
910 3707 54 26 qu'il
978 3706 88 22 n'avait
1080 3706 56 21 abso-

619 3734 89 21 lument
722 3734 57 22 rien,
793 3733 54 26 qu'il
862 3732 58 22 était
935 3731 83 24 tombé,
1033 3736 43 20 par
1091 3731 58 21 suite

619 3759 31 22 du
669 3759 63 24 choc,
752 3758 59 22 dans
830 3762 33 17 un
882 3757 104 22 sommeil
1006 3756 142 25 léthargique

621 3784 57 21 dont
696 3788 33 17 on
751 3788 29 17 ne
803 3782 121 26 parvenait
946 3787 42 20 pas
1009 3783 16 21 à
1046 3781 22 21 le
1091 3781 58 21 faire

620 3809 74 22 sortir.

645 3834 20 21 n
682 3834 69 21 fallut
768 3833 115 23 atteindre
900 3832 35 22 six
952 3832 64 25 Jours
1032 3836 58 22 pour
1096 3831 52 25 qu'U

621 3859 75 21 revint
713 3860 15 21 à
745 3859 40 21 lul.
803 3859 41 21 Ses
862 3857 123 27 premières
1003 3856 90 26 paroles
1111 3856 26 21 fu-

621 3885 53 21 rent
688 3884 34 22 les
738 3884 117 21 suivantes
864 3889 6 15 :
891 3891 10 10 .
917 3882 117 22 L'officier
1049 3881 39 25 qui
1104 3881 45 21 m'a

621 3909 85 22 atteint
719 3913 56 17 avec
788 3913 26 18 sa
828 3908 60 22 balle
902 3912 15 17 a
930 3906 37 23 été
981 3906 46 24 tué,
1041 3906 51 21 hier
1099 3906 51 23 soli,

621 3939 28 16 en
665 3935 82 24 Jouant
763 3939 30 16 au
809 3933 59 27 polo.
884 3942 10 10 •

646 3959 83 21 C'était
745 3959 56 23 vrai,
816 3958 59 22 mais
890 3958 34 21 les
939 3957 115 22 médecins
1068 3961 25 17 se
1109 3956 28 21 de-

621 3984 111 22 mandent
747 3984 116 22 comment
878 3982 90 23 l'ascète
984 3987 15 17 a
1014 3982 53 22 bien
1081 3986 32 21 pu
1128 3981 21 21 le

622 4009 98 22 deviner.
736 4019 28 6 —
781 4010 24 19 A.

621 4040 31 21 le
667 4039 84 22 travail
768 4039 40 22 des
824 4040 97 20 femmes

1154 191 106 52 LE
1292 182 386 60 CONGRÈS

1253 262 327 50 COLONIAL

1177 363 30 32 IL
1226 363 23 31 A
1268 357 141 36 TERMINÉ
1428 362 53 31 SES
1500 360 159 32 TRAVAUX

1272 407 170 32 DIMANCHE
1460 406 104 32 MATIN

1250 479 58 32 DES
1327 478 169 32 RAPPORTS
1515 478 64 31 SUR

1187 524 42 33 LA
1248 523 206 33 PRODUCTION
1474 523 45 31 DU
1535 523 109 32 CONGO

1175 588 31 21 Le
1225 587 96 25 congrès
1340 586 97 21 colonial
1458 586 63 25 belge
1542 587 53 20 s'est
1614 586 66 22 réuni

1151 612 122 22 dimanche
1287 616 58 21 pour
1358 612 24 21 la
1395 611 119 21 deuxième
1528 611 44 21 fols
1587 611 59 21 dans
1658 612 23 20 la

1151 638 55 20 salle
1224 638 39 21 des
1280 636 135 22 assemblées
1431 637 31 20 du
1479 636 79 22 Sénat.

1176 663 33 21 M.
1233 662 100 21 Tibbaut
1357 661 117 21 Drésidalt.

1177 688 33 21 La
1228 687 82 21 séance
1329 686 31 22 du
1378 687 75 21 matin
1472 691 15 17 a
1505 686 37 22 été
1561 686 120 22 consacrée

1151 712 15 21 à
1183 714 24 20 la
1224 712 126 22 discussion
1366 712 41 21 des
1423 712 107 25 rapports
1547 712 28 21 de
1591 712 24 21 la
1630 716 39 16 sec-

1150 738 51 21 tion
1219 736 167 25 d'agriculture.

1177 768 102 24 Celle-ci,
1295 768 39 25 qui
1351 772 14 16 a
1383 767 36 21 été
1436 766 126 22 constituée
1579 772 31 16 en
1625 767 43 25 Juil-

1151 793 33 22 let
1198 794 57 21 1934.
1269 793 54 21 s'est
1337 793 80 20 réunie
1432 793 137 24 vingt-deux
1585 793 51 23 fois,
1652 793 30 20 du

1152 819 26 21 30
1196 819 93 20 octobre
1307 823 31 17 au
1356 818 25 20 21
1400 822 70 17 mars.

1178 849 32 20 M.
1231 848 101 24 Moeller,
1354 848 117 25 président
1494 849 28 20 de
1543 849 24 20 la
1589 848 94 21 section,

1154 880 14 16 a
1182 874 44 21 fait
1240 878 33 17 un
1288 873 82 23 exposé
1385 873 92 24 général
1492 874 28 20 de
1535 878 37 16 ces
1586 874 98 20 travaux

1152 899 38 24 qui
1209 900 42 20 ont
1270 898 65 26 porté
1354 903 39 17 sur
1413 899 33 20 les
1465 898 100 21 cultures
1584 898 99 20 diverses

1152 927 130 17 examinées
1295 928 54 17 sous
1364 925 52 20 tous
1430 924 33 20 les
1479 924 96 24 aspects,
1589 924 81 20 notam-

1153 951 64 19 ment
1229 953 30 17 au
1272 949 66 25 point
1350 949 28 20 de
1390 953 44 17 vue
1447 948 27 22 de
1488 948 23 21 la
1522 947 161 27 perfectibilité

1154 975 23 20 et
1195 974 28 21 de
1242 974 23 21 la
1283 973 139 21 rentabilité.

1180 1006 19 20 Il
1214 1004 54 21 s'est
1284 1007 84 19 occupe
1385 1004 62 21 aussi
1464 1008 55 17 avec
1534 1008 46 17 une
1597 1007 87 21 granaa

1154 1029 111 25 précision
1289 1029 29 21 de
1340 1029 24 21 la
1388 1029 105 25 question
1518 1029 27 20 de
1570 1028 101 25 l'agricul-

1153 1056 52 19 ture
1229 1054 113 25 indigène,
1367 1055 41 21 des
1431 1054 134 21 Institution
1589 1054 95 20 sociales

1154 1079 125 25 indigènes,
1296 1080 29 21 de
1342 1079 188 24 l'enseignement
1548 1078 97 25 agricole
1662 1079 23 20 et

1155 1108 30 18 au
1206 1105 131 24 paysannat
1356 1104 114 24 Indigène.

1180 1135 31 21 M.
1227 1135 128 23 Duchesne,
1370 1135 118 25 président
1503 1134 29 21 de
1546 1133 93 22 l'Union
1646 1134 39 20 des

1155 1160 120 25 planteurs
1292 1160 29 21 de
1340 1164 76 19 cacao,
1434 1160 37 20 est
1489 1159 121 20 intervenu
1629 1162 56 21 pour

1155 1185 95 23 donner,
1267 1185 180 21 contrairement
1464 1184 15 21 à
1495 1188 26 16 ce
1538 1184 68 24 qu'on
1624 1189 14 16 a
1655 1188 30 20 pu

1155 1210 55 24 dire,
1227 1212 23 19 la
1269 1210 118 23 certitude,
1405 1210 15 20 à
1438 1208 146 24 l'assemblée,
1601 1212 45 21 que
1664 1208 22 21 la

1156 1235 131 25 plantation
1306 1236 31 20 du
1356 1239 71 17 cacao
1447 1235 106 20 demeure
1573 1233 100 25 parfaite-

1156 1261 65 20 ment
1237 1260 74 22 viable
1326 1260 25 21 et
1367 1259 111 21 rentable.

1181 1291 33 21 M.
1227 1291 103 21 Gustave
1343 1291 99 20 Tibbaut
1456 1294 82 21 expose
1551 1294 44 20 que
1607 1289 25 21 la
1638 1289 37 21 cul-

1156 1317 52 21 ture
1225 1317 40 20 des
1281 1316 92 25 plantes
1390 1316 154 24 aromatiques
1562 1319 30 17 au
1609 1316 78 23 Congo

1157 1344 55 27 peut
1232 1343 89 20 donner
1340 1342 41 20 des
1401 1345 103 16 essences
1524 1340 68 21 d'une
1611 1339 64 21 excel-

1157 1367 62 21 lente
1235 1366 93 25 qualité.
1344 1366 144 25 Cependant,
1503 1370 33 16 on
1551 1370 31 16 ne
1599 1364 89 21 saurait

1157 1394 52 23 trop
1228 1394 175 18 recommander
1423 1395 46 16 aux
1489 1392 150 23 producteurs
1659 1393 28 17 de

1157 1417 158 21 standardiser
1332 1416 61 21 leurs
1409 1415 111 26 produits,
1538 1415 28 21 de
1584 1414 33 21 les
1636 1414 39 25 pré-

1157 1442 85 23 senter,
1264 1442 110 24 toujours,
1396 1441 60 21 dans
1484 1441 40 20 des
1559 1440 130 21 conditions

1158 1467 128 25 identiques
1308 1469 30 19 de
1362 1465 92 26 qualité.

1183 1498 32 21 M.
1233 1498 52 20 Van
1303 1498 41 20 der
1363 1498 107 20 Straeten
1488 1498 100 22 regrette
1606 1500 43 20 que
1667 1498 22 18 le

1159 1524 94 24 rapport
1271 1522 59 22 n'ait
1347 1521 37 22 été
1402 1526 43 21 que
1465 1521 135 21 faiblement
1619 1521 57 21 docu-

1159 1548 77 21 menté
1254 1552 31 17 au
1303 1547 63 25 sujet
1384 1547 28 21 de
1431 1546 114 25 l'élevage.
1564 1546 20 21 U
1604 1545 85 21 défend

1158 1576 62 19 cette
1236 1573 101 21 branche
1354 1572 28 21 de
1400 1571 153 25 l'agriculture
1570 1571 46 25 qui,
1632 1575 58 21 pour

1158 1598 112 24 l'instant,
1286 1597 88 26 répond
1390 1601 46 17 aux
1451 1596 92 21 besoins
1559 1596 29 21 de
1603 1596 24 21 la
1644 1596 33 21 Co-

1158 1623 67 21 lonie.

1184 1654 32 21 M.
1239 1653 96 22 Gelders
1357 1656 102 22 exprime
1481 1654 25 19 la
1527 1653 53 25 plus
1601 1651 88 22 entière

1158 1679 121 22 confiance
1290 1679 60 21 dans
1361 1678 95 21 l'avenir
1467 1677 33 22 du
1510 1677 92 21 colonat
1608 1677 26 21 et
1639 1676 38 21 mê-

1159 1709 36 16 me
1211 1704 31 21 du
1257 1703 131 26 paysannat
1403 1702 126 26 européens
1543 1707 31 16 en
1589 1702 101 25 Afrique.

1159 1730 43 21 Les
1216 1729 103 26 produits
1334 1726 32 24 du
1380 1728 85 24 Congo,
1479 1732 31 16 en
1525 1726 99 25 général,
1638 1727 53 21 sont

1159 1755 74 23 égaux
1253 1758 30 17 ou
1302 1752 129 26 supérieurs
1450 1757 31 17 en
1501 1753 79 20 valeur
1600 1752 14 21 k
1634 1756 57 16 ceux

1161 1779 101 21 d'autres
1287 1778 105 22 colonies.
1416 1777 35 21 La
1474 1777 136 26 production
1635 1776 56 26 peut

1160 1804 59 22 donc
1233 1804 50 21 être
1296 1802 136 26 augmentée
1447 1807 55 17 avec
1516 1804 76 23 espoir
1606 1802 28 21 de
1648 1803 42 19 de-

1160 1829 100 21 bouchés

1186 1861 31 19 M.
1238 1860 58 21 Paal
1316 1859 112 26 Coppens,
1449 1859 122 21 secrétaire
1593 1857 98 27 général.

1186 1886 38 20 On
1243 1890 15 16 a
1275 1884 110 26 reproché
1404 1885 16 21 à
1439 1885 67 20 notre
1525 1884 92 21 dernier
1635 1887 43 17 con-

1160 1911 52 24 grès
1223 1911 28 21 de
1262 1910 68 22 s'être
1343 1909 85 26 occupé
1440 1909 28 21 de
1480 1908 85 25 régime
1578 1908 114 24 indigène,

1160 1936 62 21 alors
1237 1940 44 21 que
1299 1935 67 21 notre
1383 1935 90 21 maison
1490 1934 129 24 congolaise
1638 1934 42 20 brû-

1160 1961 49 21 lait.
1228 1961 103 21 Va-t-on
1350 1960 61 22 cette
1431 1960 45 21 fois
1495 1963 60 17 nous
1573 1963 119 20 comparer

1160 1989 15 18 a
1191 1986 41 21 des
1247 1985 115 25 pompiers
1377 1985 40 25 qui
1434 1984 123 25 apportent
1573 1984 50 21 leur
1640 1983 51 22 aide

1160 2012 88 24 lorsque
1264 2010 120 22 l'incendie
1398 2010 37 21 est
1450 2008 98 23 terminé
1557 2009 11 21 î

1186 2043 31 20 I«
1235 2042 110 23 reproche
1360 2044 32 18 ne
1410 2045 53 17 sera
1480 2045 42 20 pas
1539 2039 97 24 justifié.

1185 2068 36 21 En
1236 2067 79 21 raison
1330 2067 41 21 des
1386 2065 138 22 sentiments
1539 2064 153 26 d'optimisme

1160 2094 39 23 qui
1216 2097 24 16 se
1256 2091 152 22 manifestent
1425 2096 29 16 en
1471 2095 25 16 ce
1513 2090 104 21 moment
1633 2090 58 21 dans

1161 2118 23 21 la
1197 2117 94 22 colonie,
1305 2117 33 21 les
1352 2116 80 21 études
1446 2115 138 22 d'économie
1598 2115 39 24 qui
1651 2115 41 21 ont

1161 2142 37 22 été
1213 2142 119 26 produites
1346 2142 30 21 ici
1391 2141 61 22 sont,
1468 2145 30 17 au
1514 2140 122 23 contraire,
1652 2145 28 15 ex-

1159 2167 139 22 trêmement
1311 2167 146 25 opportunes.

1187 2199 124 21 L'orateur,
1326 2197 136 22 examinant
1477 2197 33 21 les
1526 2196 107 25 rapports
1640 2196 40 25 pré-

1161 2224 83 23 sentés,
1260 2223 105 22 constate
1381 2227 44 20 que
1440 2222 47 21 s'ils
1502 2221 134 26 présentent
1653 2223 40 18 de_.

1162 2249 91 24 redites,
1268 2253 32 17 on
1315 2249 39 24 n'y
1369 2247 74 22 relève
1459 2252 43 20 pas
1517 2247 28 21 de
1562 2246 118 22 contradic-

1161 2274 69 22 tions.

1187 2306 20 21 U
1227 2309 106 21 compare
1352 2305 24 21 et
1394 2304 86 21 associe
1497 2303 35 21 les
1550 2303 143 21 conclusions

1162 2331 41 21 des
1220 2331 108 25 rapports
1345 2334 42 16 sur
1405 2330 21 20 le
1446 2328 188 25 développement
1654 2328 40 21 des

1162 2357 98 20 travaux
1275 2355 94 21 miniers
1384 2355 24 21 et
1422 2354 58 22 celui
1497 2354 27 20 de
1539 2352 154 26 l'agriculture

1162 2381 113 24 indigène.

1188 2413 57 21 L'un
1258 2417 30 17 ne
1302 2412 55 25 peut
1370 2416 25 16 se
1409 2411 59 21 faire
1482 2414 31 18 au
1527 2410 124 21 détriment
1666 2413 27 17 de

1162 2438 88 21 l'autre.

1188 2469 31 21 Le
1236 2468 188 25 développement
1441 2467 29 22 de
1485 2466 154 25 l'agriculture
1656 2465 24 21 in-

1163 2494 81 25 digène
1265 2494 88 21 facilite
1374 2494 24 20 et
1418 2493 90 25 permet
1527 2491 166 26 l'exploitation

1164 2520 40 21 des
1221 2519 76 22 mines
1313 2519 26 21 et
1356 2519 34 21 les
1409 2518 74 21 mines
1500 2517 142 21 fournissent
1661 2516 33 21 les

1163 2545 109 24 capitaux
1290 2547 146 18 nécessaires.

1189 2576 118 21 L'orateur
1324 2575 160 24 communique
1509 2573 16 22 à
1555 2573 139 21 l'assemblée

1164 2606 36 17 "u"s
1216 2605 132 21 remarques
1364 2603 14 20 à
1396 2604 83 21 propos
1496 2600 40 21 des
1552 2598 143 22 conclusions

1163 2627 41 21 des
1219 2626 123 22 différents
1356 2626 113 24 rapports.

1189 2658 21 21 Il
1231 2658 84 21 défend
1335 2658 24 20 la
1379 2657 65 22 thèse
1465 2656 28 21 de
1513 2656 23 21 la
1556 2656 78 20 fusion
1654 2658 40 17 des

1165 2683 59 21 deux
1245 2682 149 26 patrimoines
1417 2682 28 21 de
1467 2682 22 22 la
1511 2681 88 21 colonie
1621 2680 24 21 et
1666 2680 28 21 de

1166 2709 22 21 la
1210 2709 114 24 Belgique.
1347 2707 107 21 Certains
1476 2707 42 20 ont
1540 2705 65 26 parlé
1628 2706 67 20 d'une

1164 2735 88 21 cession
1264 2733 31 22 du
1307 2734 84 23 Congo.
1404 2733 50 20 J'en
1467 2732 48 21 suis
1527 2731 62 21 aussi
1601 2735 32 16 un
1646 2731 36 20 fer-

1164 2764 37 16 me
1221 2759 112 25 partisan,
1353 2758 59 21 mais
1433 2757 17 21 il
1470 2756 67 24 s'agit
1557 2756 67 20 d'une
1645 2759 37 16 ces-

1165 2784 50 21 sion
1232 2783 72 22 totale
1322 2784 30 20 du
1370 2783 79 23 Congo
1466 2782 14 21 à
1497 2781 23 21 la
1537 2781 115 24 Belgique.

1191 2809 84 24 Quand
1293 2809 23 24 Je
1335 2808 35 20 dis
1387 2808 76 20 fusion
1482 2807 40 20 des
1539 2805 155 25 patrimoines,

1165 2834 23 24 Je
1209 2839 30 15 ne
1263 2833 36 22 dis
1320 2837 42 20 pas
1384 2832 122 21 confusion
1529 2831 40 22 des
1591 2830 91 25 compta-

1165 2859 82 22 bilités.

1189 2891 33 22 M.
1242 2890 105 25 Coppens
1366 2888 105 26 présente
1491 2887 89 22 ensuite
1599 2891 36 17 ses
1654 2891 28 16 ob-

1163 2915 129 22 servations
1306 2919 30 17 au
1349 2914 63 25 sujet
1426 2914 40 21 des
1480 2911 106 26 rapports
1601 2910 82 26 présen-

1167 2940 34 21 tés
1217 2944 40 17 sur
1273 2939 161 25 l'agriculture.

1191 2971 88 25 Malgré
1301 2976 44 16 nos
1367 2970 85 25 grands
1474 2969 91 21 besoins
1588 2968 94 24 d'oléagi-

1164 3001 67 19 neux,
1244 2996 63 23 dit-1.
1320 3000 59 16 nous
1393 3000 30 16 ne
1436 2999 103 20 pouvons
1552 2994 99 22 trouver,
1665 2996 31 17 en

1167 3022 113 25 Belgique,
1299 3020 158 22 l'écoulement
1475 3019 60 21 total
1552 3019 29 21 de
1600 3019 23 20 la
1642 3022 42 21 pro-

1167 3047 93 21 duction
1277 3045 136 25 congolaise.

1191 3078 118 21 L'orateur
1325 3076 92 22 conclut
1436 3081 6 16 :
1460 3075 21 22 le
1499 3075 83 21 monde
1598 3074 97 21 colonial

1166 3104 90 28 compte
1277 3107 42 17 sur
1342 3102 66 21 l'aide
1432 3100 221 26 gouvernementale.
1676 3099 19 21 H

1167 3123 83 26 faudra
1263 3132 44 21 que
1321 3127 58 22 dans
1392 3127 33 21 les
1438 3126 170 25 adjudications
1621 3124 63 25 publi-

1167 3157 61 21 ques,
1245 3157 31 17 au
1293 3154 78 23 Congo
1388 3156 88 17 comme
1493 3151 59 21 dans
1568 3150 24 20 la
1609 3146 75 24 Métro-

1167 3179 57 24 pole,
1248 3179 33 20 les
1304 3177 105 25 produits
1432 3176 76 25 belges
1533 3175 24 21 et
1581 3174 115 25 congolais

1166 3203 75 21 soient
1258 3203 79 24 l'objet
1353 3202 67 21 d'une
1438 3201 132 25 préférence
1589 3200 106 21 certaine.

1192 3229 31 22 Le
1242 3227 179 26 gouvernement
1440 3226 54 23 doit,
1513 3226 21 20 le
1554 3225 51 25 plus
1624 3224 60 25 possi-

1168 3254 41 23 ble,
1226 3254 62 21 tenir
1305 3253 90 24 compte
1413 3252 41 21 des
1471 3251 169 22 circonstances
1658 3254 26 16 ac-

1168 3278 81 22 tuelles
1264 3283 58 20 pour
1337 3277 127 21 amoindrir
1479 3277 34 21 les
1528 3275 79 24 angles
1621 3275 25 21 et
1663 3274 22 21 al-

1169 3304 60 24 léger
1247 3304 33 20 les
1299 3303 96 24 charges
1415 3302 59 21 dites
1492 3301 102 20 sociales.

1193 3336 20 20 H
1233 3335 52 21 faut
1305 3334 71 22 éviter
1396 3333 15 21 à
1430 3332 52 22 tout
1501 3333 51 24 prix
1570 3331 22 21 le
1611 3330 74 22 relève-

1169 3361 64 20 ment
1251 3360 30 21 du
1300 3359 54 21 coût
1371 3359 28 21 de
1416 3358 25 22 la
1457 3358 35 20 vie
1510 3362 29 16 en
1556 3356 94 24 Afrique
1668 3356 30 20 et,

1169 3390 57 20 pour
1243 3386 56 22 cela,
1315 3385 36 20 de-
1363 3382 126 23 maintenir
1507 3382 22 21 le
1547 3382 57 21 taux
1622 3380 75 22 actuel

1168 3411 40 21 des
1228 3410 101 21 salaires.

1194 3443 36 20 Au
1246 3441 66 25 point
1329 3441 28 21 de
1373 3444 44 17 vue
1434 3438 153 25 économique,
1603 3436 24 22 la
1644 3436 42 21 Bel-

1169 3467 65 24 gique
1256 3467 24 20 et
1301 3467 22 21 le
1344 3466 80 23 Congo
1445 3464 94 21 doivent
1559 3463 87 20 former
1665 3465 33 16 un

1170 3493 57 21 tout.
1239 3492 31 21 Le
1283 3491 67 25 pacte
1364 3489 98 22 colonial
1475 3494 15 16 a
1504 3488 45 21 fait
1563 3492 41 17 son
1618 3488 75 23 temps

1194 3524 43 20 Les
1253 3522 116 23 sucreries,
1386 3520 139 23 minoteries,
1541 3519 103 23 tissages,
1660 3522 26 16 sa-

1170 3547 121 22 vonneries
1304 3548 31 21 du
1352 3547 78 24 Congo
1445 3550 30 16 ou
1491 3545 28 21 de
1534 3544 24 21 la
1573 3542 126 25 Métropole

1169 3573 93 21 doivent
1280 3571 95 27 pouvoir
1392 3576 25 17 se
1437 3570 59 22 faire
1515 3572 158 19 concurrence.

1195 3605 32 21 M.
1245 3604 98 19 Tibbaut
1361 3602 86 22 félicite
1463 3605 42 17 son
1521 3599 122 22 secrétaire
1661 3598 26 26 gé-

1170 3629 64 22 néral
1253 3629 28 21 de
1301 3633 42 16 son
1363 3626 94 22 activité
1476 3626 24 21 et
1519 3624 109 22 remercie
1647 3624 52 20 tous

1169 3655 33 20 les
1217 3654 148 25 rapporteurs
1373 3652 35 21 -de
1424 3651 50 21 leur
1488 3648 171 24 collaboration.

1195 3685 32 22 M.
1243 3685 90 21 Gaston
1347 3683 95 23 Perrler,
1458 3686 30 17 au
1502 3685 55 17 nom
1572 3680 28 21 de
1615 3679 73 22 l'assis-

1171 3712 74 22 tance,
1264 3710 46 21 fait
1327 3708 79 24 l'éloge
1425 3708 28 21 de
1472 3707 32 20 M.
1523 3705 106 21 Tibbaut.

1196 3735 42 21 Les
1253 3733 161 26 congressistes
1429 3737 25 17 se
1468 3730 109 27 séparent
1583 3730 16 21 à
1606 3730 10 20 1
1623 3729 71 21 heure

1171 3771 26 6 —
1214 3761 26 21 C.

1703 176 527 72 L'INQUIÉTUDE

1774 260 46 48 A
1851 259 224 48 VALEN
2079 258 80 49 CE

1802 360 41 31 LA
1863 358 267 32 CONCENTRATION

1729 406 57 32 DES
1806 404 196 32 POPULAIRES
2022 403 182 32 AGRARIENS

1740 478 44 31 ON
1804 475 119 33 CRAINT
1942 475 65 37 QUE
2031 475 42 31 LA
2091 468 105 38 GRÈVE

1799 516 163 38 GÉNÉRALE
1981 515 152 37 N'ÉCLATE

1728 588 106 22 Valence,
1851 586 26 20 30
1895 585 57 24 juin.
1970 596 27 5 —
2013 584 67 21 Cette
2097 583 58 23 nuit,
2173 582 60 21 deux

1704 612 93 22 bombes
1806 612 42 21 ont
1859 610 74 22 éclaté
1943 610 59 21 dans
2013 610 22 20 le
2046 608 93 22 chemin
2149 608 84 20 Vieux-

1703 639 32 20 du
1751 638 70 23 Grao,
1838 636 142 26 provoquant
1997 639 45 17 une
2059 634 50 21 vive
2126 633 106 21 émotion.

1730 669 38 21 Un
1781 669 69 24 jeune
1863 671 92 20 garçon,
1967 666 42 24 âgé
2023 666 28 20 de
2066 665 24 21 15
2104 669 49 19 ans,
2166 664 68 24 qu'on

1705 698 80 17 accuse
1804 692 86 22 d'avoir
1908 692 65 23 placé
1991 696 38 16 ces
2046 690 99 23 bombes,
2164 694 15 16 a
2197 688 37 21 été

1704 719 81 21 arrêté.

1730 750 115 20 Plusieurs
1854 747 94 25 villages
1958 748 42 21 ont
2010 747 36 22 été
2056 745 76 27 privés
2142 744 79 23 d'éclai-

1704 780 61 19 rage.

1730 807 20 20 U
1769 806 35 20 est
1822 804 104 25 toujours
1943 804 105 24 question
2065 807 44 20 que
2125 803 24 20 la
2168 800 66 26 grève

1705 831 105 25 générale
1836 829 72 21 éclate
1934 828 146 25 aujourd'hui
2105 826 129 22 dimanche,

1706 855 209 26 particulièrement
1936 855 58 20 dans
2014 852 177 22 l'alimentation
2211 851 24 20 et

1706 882 58 20 dans
1775 882 34 20 les
1821 879 135 25 transports.

1731 913 43 19 Les
1790 910 111 22 autorités
1914 911 43 21 ont
1972 910 47 25 pris
2035 910 39 21 des
2089 907 146 27 précautions

1706 937 155 21 minutieuses.

1732 969 46 20 Des
1787 968 75 21 forces
1872 967 28 21 de
1909 967 24 21 la
1943 966 70 25 garde
2023 965 65 23 civile
2098 965 25 21 et
2132 964 41 22 des
2182 968 41 21 gar-

1707 993 40 21 des
1767 993 102 21 d'assaut
1888 992 139 25 parcourent
2046 995 56 16 sans
2122 994 62 16 cesse
2203 989 33 20 les

1706 1023 53 16 rues
1773 1019 59 20 ainsi
1847 1022 43 20 que
1905 1017 75 20 toutes
1994 1017 33 20 les
2041 1016 78 21 routes
2133 1014 91 21 aboutis-

1707 1045 54 20 sant
1775 1043 15 21 à
1803 1042 106 21 Valence.

1733 1075 38 20 On
1782 1078 70 21 pense
1864 1077 43 21 que
1918 1077 38 17 ces
1967 1072 56 21 faits
2034 1072 52 21 sont
2098 1076 30 16 en
2138 1070 98 21 relation

1708 1104 55 17 avec
1778 1101 23 20 la
1817 1099 86 24 grande
1919 1097 174 22 concentration
2108 1096 40 20 des
2163 1099 61 21 popu-

1707 1126 69 20 laires
1787 1124 118 25 agrariens
1916 1123 38 24 qui
1966 1122 48 22 doit
2020 1122 64 20 avoir
2090 1121 45 21 lieu
2142 1120 83 24 aujour-

1708 1150 63 21 d'hui
1784 1149 15 21 à
1811 1149 105 21 Valence.

1734 1182 20 20 n
1775 1180 107 21 convient
1902 1179 29 21 de
1950 1178 106 25 rappeler
2076 1182 43 21 que
2138 1177 99 20 Valence

1708 1206 95 24 possède
1819 1210 46 16 une
1881 1204 61 21 forte
1957 1203 158 25 organisation
2131 1201 94 25 syndica-

1708 1232 58 20 liste.
1779 1229 157 26 L'inquiétude
1948 1233 130 18 commence
2091 1227 14 22 à
2118 1231 85 21 gagner
2215 1226 23 20 la

1709 1256 141 25 population.
1861 1265 28 5 —
1900 1255 84 21 Havas.

2255 191 216 39 RESULTATS
2496 191 78 39 DES
2600 192 180 40 COURSES

1756 1334 57 28 LES
1844 1331 202 30 HUMORISTES
2078 1329 116 30 DINENT

1735 1405 43 20 Les
1801 1402 139 22 humoristes
1964 1402 28 20 de
2015 1401 22 21 la
2064 1409 8 9 »
2096 1400 66 21 Mine
2185 1403 41 16 sou-

1709 1430 77 21 riante
1800 1438 9 8 ■
1822 1430 43 20 ont
1876 1428 50 25 pris
1937 1425 139 26 l'excej'ente
2087 1424 112 22 habitude
2212 1424 28 20 de

1711 1454 66 24 fêter,
1791 1459 30 16 en
1834 1458 33 17 un
1882 1453 67 21 diner
1962 1451 140 24 champêtre,
2115 1450 25 21 la
2153 1449 87 21 clôture

1709 1480 29 20 de
1761 1480 50 20 leur
1832 1479 66 20 salon
1921 1477 91 22 annuel.
2034 1476 62 22 C'est
2117 1475 54 24 déjà
2193 1479 46 16 une

1712 1504 186 22 deml-tradltlon
1911 1502 15 21 à
1939 1502 98 25 laquelle
2051 1502 29 21 ils
2092 1502 44 20 ont
2149 1499 92 22 sacrifié

1711 1530 16 21 à
1739 1534 105 17 nouveau
1858 1529 50 21 hier
1921 1528 52 21 soir.
1986 1528 65 20 Deux
2065 1526 107 22 autocars
2184 1529 45 16 ven-

1712 1555 123 25 tripotents
1852 1554 24 21 et
1891 1553 108 21 rebondis
2013 1553 42 21 ont
2072 1550 103 26 emporté
2190 1554 51 16 vers

1712 1580 96 22 Genval.
1821 1584 31 17 au
1866 1579 46 21 soir
1925 1577 112 24 tombsTht,
2051 1577 33 21 les
2097 1575 144 22 humoristes,

1711 1606 62 21 leurs
1790 1604 59 22 amis
1866 1604 24 20 et
1907 1603 62 21 leurs
1985 1602 89 22 invités.
2092 1602 33 21 Ce
2141 1600 101 25 bruyant

1712 1630 82 25 départ
1806 1630 31 21 flt
1848 1628 127 24 sensation;
1990 1627 17 23 U
2019 1627 90 22 troubla
2120 1627 23 21 le
2153 1624 88 23 tête-à-

1711 1656 48 20 tête
1774 1656 41 20 des
1829 1658 125 17 amoureux
1970 1652 79 25 égarés
2064 1652 58 21 dans
2137 1651 35 21 les
2186 1654 42 17 ave-

1710 1685 59 17 nues
1779 1681 30 21 de
1820 1680 23 21 la
1855 1679 61 22 forêt
1927 1680 23 19 et
1962 1679 44 20 mit
2011 1682 31 17 en
2049 1676 94 22 déroute
2149 1674 92 23 l'armée

1713 1706 40 21 des
1765 1705 70 26 petits
1846 1704 76 25 lapins
1934 1705 28 20 de
1974 1704 33 21 La
2019 1702 82 25 Hulpe.

1738 1740 21 20 A
1776 1737 96 22 Genval.
1889 1737 21 20 le
1927 1736 87 21 hasard
2031 1738 83 17 amena
2129 1733 101 24 l'impres-

1713 1763 123 22 sionnante
1857 1765 114 18 caravane
1991 1760 59 22 dans
2070 1763 33 17 un
2124 1757 105 22 établisse-

1712 1790 65 20 ment
1798 1787 130 26 qu'avalent
1950 1786 72 21 choisi
2043 1782 152 28 précisément
2217 1792 26 5 —

1713 1819 58 21 pour
1784 1818 43 17 son
1840 1812 74 22 calme
1927 1809 117 28 peut-être
2053 1810 6 20 !
2074 1818 28 6 —
2114 1812 47 18 une
2174 1808 68 24 Jeune

1713 1839 84 22 actrice
1808 1837 135 22 bruxelloise
1955 1837 23 20 et
1989 1840 33 17 un
2034 1834 28 21 de
2073 1838 43 17 nos
2122 1833 51 26 plus
2180 1837 50 20 sym-

1714 1864 122 26 pathiques
1850 1861 111 22 forwards
1973 1862 54 20 unis
2041 1859 107 26 quelques
2161 1858 84 21 heures

1714 1890 52 25 plus
1779 1889 35 21 tôt
1827 1893 43 21 par
1882 1888 35 21 les
1929 1887 59 20 liens
2001 1885 76 22 sacrés
2090 1885 31 21 du
2134 1886 108 20 mariage.

1713 1914 121 22 Peut-être
1845 1916 167 18 saurons-nous
2022 1915 33 17 un
2065 1910 53 24 Jour
2129 1909 114 20 comment

1714 1940 29 21 ils
1756 1941 43 20 ont
1813 1937 106 27 apprécié
1932 1937 24 21 la
1973 1945 9 9 «
1997 1936 96 21 Marche
2107 1933 109 26 Nuptiale
2233 1942 7 8 ■

1714 1965 107 22 exécutée
1835 1969 30 16 en
1877 1964 50 20 leur
1940 1962 105 21 honneur
2058 1965 43 21 par
2113 1959 34 22 les
2160 1959 73 20 humo-

1714 1991 67 20 ristes
1795 1988 149 23 déchaînés...

1740 2022 31 20 Le
1784 2020 102 25 banquet
1899 2018 118 22 lui-même
2031 2017 37 22 fut
2081 2020 126 18 savoureux
2221 2015 22 20 et

1714 2052 87 16 sonore.
1821 2046 31 21 M.
1872 2044 89 23 Gosset,
1980 2043 118 26 président
2116 2040 127 22 d'honneur

1714 2073 28 20 de
1755 2073 25 20 la
1795 2080 9 9 «
1820 2071 65 21 Mine
1898 2070 118 21 souriante
2031 2077 18 15 »,
2062 2066 112 26 présidait
2188 2070 54 16 avec

1712 2098 77 20 bonne
1807 2097 105 21 humeur,
1931 2094 128 21 conviction
2079 2093 47 20 et...
2147 2090 83 25 généro-

1714 2123 49 20 sité.
1777 2123 20 21 Il
1811 2121 63 21 avait
1887 2120 14 21 à
1915 2124 36 16 ses
1964 2119 67 22 côtés,
2044 2119 22 20 le
2079 2116 84 26 député
2176 2116 68 21 Louis

1713 2148 95 20 Piérard
1820 2157 28 5 —
1859 2147 38 23 qui
1911 2145 102 21 exhibait
2025 2144 15 21 à
2053 2143 51 21 tout
2117 2142 87 21 venant
2217 2145 26 16 sa

1715 2173 91 20 montre
1825 2171 66 21 enfin
1908 2169 118 22 retrouvée
2044 2179 27 5 —
2074 2173 6 18 :
2100 2168 32 20 M.
2151 2168 24 19 et
2193 2167 50 20 M"

1714 2198 102 20 Richard
1831 2196 148 25 Dupierreux,
1994 2195 32 20 M.
2042 2195 23 19 et
2080 2194 26 19 M
2107 2195 5 10 1
2111 2195 20 10 ""
2148 2191 96 22 Charles

1715 2223 111 23 Bernard,
1841 2222 22 20 le
1877 2220 209 26 président-prince
2101 2218 41 21 des
2157 2218 75 20 Humo-

1714 2249 68 20 ristes
1797 2249 26 20 et
1839 2248 51 20 M"*
1907 2245 87 21 Marcel
2010 2244 106 23 Antoine,
2133 2243 22 20 le
2172 2241 59 26 prési-

1716 2274 56 20 dent
1788 2273 29 20 de
1834 2273 24 20 la
1877 2279 9 10 ■
1904 2272 104 20 Lucarne
2027 2278 8 9 »
2055 2271 24 20 et
2096 2269 51 20 M"*
2166 2267 78 21 Albert

1714 2299 88 22 Lenoir,
1814 2299 32 19 M.
1858 2297 107 20 Vossaert
1976 2294 96 22 entouré
2082 2295 29 20 de
2122 2293 58 21 trois
2191 2297 40 20 gra-

1715 2325 87 19 cieuses
1814 2321 186 26 représentantes
2013 2320 28 21 de
2055 2320 67 20 notre
2135 2318 67 21 scène
2217 2318 27 20 de

1716 2348 164 25 chorégraphie
1890 2352 6 15 ;
1905 2347 61 20 M""
1978 2346 70 20 Sonia
2060 2344 109 23 Mertens,
2180 2342 64 21 Bella

1714 2375 85 20 Danns
1816 2375 24 20 et
1856 2372 88 21 Josette
1961 2369 184 25 Longuehaleine
2160 2378 29 6 —
2206 2368 38 25 qui

1716 2399 149 21 s'amusaient
1894 2401 88 17 comme
2011 2395 40 21 des
2080 2393 107 22 écolières
2216 2397 29 16 en

1716 2429 101 17 vacance
1827 2434 27 5 —
1857 2428 5 18 ;
1876 2423 24 21 et
1910 2422 53 26 puis
1973 2422 52 20 tous
2035 2421 34 20 les
2080 2419 123 25 exposants
2215 2418 31 21 du

1714 2450 41 20 VI'
1768 2449 77 23 Salon,
1857 2448 61 21 leurs
1929 2450 138 21 compagnes
2077 2445 24 21 et
2113 2449 46 17 une
2171 2444 72 21 demi-

1716 2475 110 21 douzaine
1838 2474 28 21 de
1877 2472 153 26 journalistes.

1742 2506 72 21 Entre
1824 2505 22 21 le
1857 2503 117 26 spaghetti
1985 2502 24 22 et
2019 2503 24 20 la
2054 2500 116 27 poularde,
2182 2500 51 25 quel-

1716 2536 55 20 ques
1780 2531 106 21 orateurs
1895 2528 116 23 tentèrent
2022 2528 28 20 de
2060 2532 25 16 se
2095 2527 59 21 faire
2162 2526 71 22 enten-

1716 2557 49 23 dre;
1781 2561 25 16 ce
1819 2560 29 16 ne
1861 2555 37 21 fut
1910 2559 43 21 pas
1965 2555 21 20 le
1997 2553 76 21 moins
2084 2552 46 21 bon
2143 2551 102 21 moment

1717 2582 28 21 de
1757 2583 24 20 la
1794 2580 79 24 soirée,
1887 2585 25 16 ce
1925 2579 39 26 qui
1977 2582 85 22 prouve
2074 2578 53 21 bien
2141 2577 53 25 qu'il
2208 2577 37 24 n'y

1718 2614 15 15 a
1744 2612 43 20 pas
1798 2607 29 20 de
1839 2605 71 22 vérité
1923 2605 104 24 toujours
2038 2603 69 21 vraie.
2119 2603 32 20 M.
2164 2602 83 20 Gosset

1716 2633 111 20 remercia
1841 2630 164 26 quelques-uns
2020 2629 40 21 des
2073 2627 173 25 représentants

1717 2658 28 20 de
1761 2658 23 20 la
1801 2661 77 21 presse
1894 2657 23 20 et
1933 2660 24 16 se
1973 2654 84 24 réjouit
2073 2653 31 21 du
2120 2652 79 21 succès
2214 2651 31 21 du

1716 2683 77 21 Salon.
1805 2683 31 20 M.
1848 2682 87 20 Marcel
1946 2680 99 21 Antoine
2056 2678 72 25 reprit
2139 2678 21 21 le
2172 2676 74 22 môme

1716 2708 79 21 thème
1817 2712 39 16 sur
1878 2712 33 15 un
1933 2705 66 21 mode
2020 2703 172 25 humoristique
2214 2703 31 20 M.

1716 2733 68 21 Louis
1801 2733 94 21 Piérard
1913 2730 114 22 demanda
2045 2734 45 16 aux
2107 2728 139 21 humoristes

1718 2767 9 9 ••
1744 2759 28 21 de
1787 2763 24 16 se
1826 2758 73 24 liguer
1913 2761 57 21 pour
1985 2755 91 21 vaincre
2091 2755 55 21 d'un
2159 2757 86 20 crayon

1716 2784 97 23 agressif
1827 2784 24 20 la
1865 2781 163 24 congrégation
2044 2780 39 21 des
2097 2778 136 26 pisse-vinai-

1718 2814 40 18 gre
1773 2817 17 12 ».
1804 2808 57 21 MM.
1874 2807 103 21 Richard
1990 2805 148 25 Dupierreux,
2152 2803 95 21 Charles

1716 2834 105 21 Bernard
1833 2834 24 20 et
1869 2832 96 22 Charles
1976 2832 77 23 Peggy
2061 2834 25 16 se
2098 2828 113 22 brisèrent
2222 2827 23 21 la

1717 2859 51 20 voix
1782 2864 31 15 en
1827 2857 108 25 essayant
1949 2857 28 22 de
1991 2856 84 21 clamer
2088 2854 51 21 leur
2152 2857 80 20 sympa-

1719 2885 48 20 thie
1778 2889 59 19 pour
1849 2883 23 21 la
1885 2890 9 10 «
1908 2882 64 20 Mine
1984 2879 116 27 sdVriante
2114 2888 18 12 ».

1742 2916 32 20 Le
1788 2914 88 22 chahut
1892 2912 71 25 ayant
1978 2912 85 21 atteint
2078 2915 41 16 son
2135 2908 111 26 diapason

1717 2940 100 24 suraigu,
1833 2944 31 16 on
1881 2939 73 20 dansa
1970 2941 59 22 pour
2044 2936 60 21 faire
2120 2934 123 23 diversion;

1719 2967 23 20 et
1753 2966 48 21 cela
1813 2965 57 21 dura
1881 2962 89 27 jusqu'à
1980 2962 80 21 l'aube.
2070 2971 28 6 —
2107 2960 29 21 G.

2400 270 125 16 OMA-NCHE
2541 269 21 17 30
2579 270 55 17 JUIN

2343 324 358 53 BOITSFORT

2274 418 16 17 I.
2304 427 22 5 —
2339 419 59 16 PEIX
2412 419 30 16 DE
2457 419 88 17 BRAINE
2562 421 23 19 ffl,
2587 421 31 16 000
2633 421 30 19 fr.,
2680 422 47 19 1,500
2742 425 40 14 m.i.

2253 446 22 5 —
2298 439 15 16 1.
2334 439 66 18 Crisli,
2423 439 11 17 k
2457 440 43 16 Mlle
2523 441 153 20 Widder&hoven,
2699 442 32 19 4/7
2756 443 26 16 IE.

2253 459 70 18 Evins)
2328 463 5 14 ;
2356 459 16 17 2.
2394 459 82 20 Oenaro,
2499 463 25 14 au
2545 461 37 16 Cdt
2603 462 21 16 L.
2645 463 85 18 Clooten,
2752 463 20 17 5/
2776 463 7 15 1

2256 479 128 20 (Treuttens);
2402 479 17 17 3.
2436 479 74 21 Maeva,
2528 480 12 17 à
2557 482 25 16 M.
2600 482 22 16 A.
2638 482 97 19 Lefebvre,
2752 483 31 18 9/1

2256 499 96 19 (Adama).

2274 520 43 16 Non
2332 520 54 19 placé
2404 523 5 13 :
2425 520 41 17 The
2481 521 71 20 Tatler,
2569 522 32 19 9/2
2620 523 32 18 (M.
2669 522 114 19 Kerchove).

2275 541 10 16 5
2299 540 58 19 long.;
2375 541 8 15 1
2400 541 31 17 1/2
2445 540 49 20 long.

2274 560 71 19 Pesage
2362 564 5 13 :
2382 561 44 18 9.—,
2443 561 44 17 5.50;
2504 562 44 16 7.50.

2275 581 78 15 Pelouse
2371 583 6 13 :
2394 581 16 16 8.
2411 588 22 5 —
2433 592 5 8 ,
2456 582 16 16 6.
2472 589 22 5 —
2495 585 6 15 ;
2520 582 15 16 8.
2535 590 24 5 —
2559 593 6 6 .

2275 601 27 15 De
2318 601 46 16 bout
2379 604 24 13 en
2418 601 52 17 bout.

2275 628 25 16 n.
2317 636 23 4 —
2356 628 59 16 PRIX
2433 629 31 16 DE
2482 630 97 16 SAINTES
2600 630 68 18 (10,000
2685 629 32 19 fr.,
2735 629 49 19 l.itm

2254 649 43 16 m.).
2311 655 23 5 —
2348 649 15 16 1.
2378 648 93 17 BéoéroU
2485 650 25 17 n,
2525 651 11 16 à
2551 650 26 16 M.
2592 650 20 17 F.
2627 650 54 18 Rom.
2697 650 40 18 1/11
2756 650 28 17 (E.

2254 668 64 19 Ellls);
2337 668 17 17 2.
2374 669 85 19 Médicis,
2478 670 12 16 à
2508 671 25 16 M.
2553 670 60 17 J.-.M.
2633 670 91 18 Zverver.
2744 669 41 19 15/2

2257 688 97 19 iKuiper);
2374 689 16 16 3.
2408 689 89 20 Loyauté,
2516 690 12 16 k
2546 690 51 17 Mme
2614 690 170 17 Pfcuwels-Remer,

2256 709 18 15 18
2289 709 5 15 :
2317 709 95 18 (Adams).

2276 729 10 16 4
2303 729 31 18 1/2
2349 729 58 19 long.;
2425 730 11 16 9
2449 729 51 20 long.

2276 749 71 19 Pesage
2364 753 5 13 :
2384 749 45 17 5.50.

2275 769 79 16 Pelouse
2375 773 5 13 :
2400 770 16 16 6.
2417 777 22 5 —
2439 781 6 6 .

2275 789 28 16 De
2317 789 47 17 bout
2377 793 24 13 en
2415 790 53 17 bout.

2277 815 35 17 IH.
2327 824 21 4 —
2362 815 58 17 PRIX
2433 816 72 17 D'ATH
2522 817 68 19 (10,000
2603 816 31 20 tr.,
2651 816 48 19 1,200
2713 816 34 18 m.)
2763 823 22 5 —

2259 836 15 16 1.
2289 835 40 16 Bon
2344 835 74 19 Plaisir,
2434 836 11 16 à
2460 837 26 16 M.
2501 837 20 16 F.
2537 837 53 18 Rom,
2605 836 54 18 40/65
2678 836 27 18 (E.
2720 835 63 19 Ellis):

2257 855 16 16 2.
2291 855 88 19 Ovation,
2397 856 11 15 k
2425 856 25 16 M.
2468 857 21 16 R.
2507 857 64 16 Vlsart
2588 856 24 17 d»
2627 855 98 19 Bocarmé,
2744 855 41 18 11/2

2260 875 120 19 (Denalgre);
2397 876 16 17 3.
2429 876 101 19 Mogador,.
2544 876 12 16 à
2571 876 26 17 M.
2613 876 24 16 H.
2654 876 82 18 Lnnnoy,
2753 876 31 18 9/1

2259 894 103 19 (Shifner).

2279 914 41 16 Non
2333 914 65 20 placés
2412 919 5 13 :
2430 915 60 19 Félin.
2503 916 42 18 40/1
2562 915 26 19 (S.
2601 915 64 18 Ellls):
2679 914 50 17 Petit
2741 914 45 18 Gris

2259 933 40 18 10/1
2320 935 33 16 (M.
2369 934 117 20 Kerchove);
2502 935 109 18 Clownerie,
2628 935 42 18 20/1
2689 934 96 19 (Adams);

2258 953 121 19 Hérenthals.
2399 955 41 17 50/1
2463 954 102 19 (Merckx).

2281 974 10 15 5
2309 974 57 19 long.;
2385 974 10 16 2
2415 975 31 16 1/2
2464 975 108 19 longueur*.

2280 993 71 20 Pesage
2370 997 5 13 :
2393 994 44 21 7.50,
2455 995 38 15 fl.—
2495 997 6 15 ;
2519 994 45 16 7.50.

2281 1013 77 17 Pelouse
2376 1017 5 13 :
2398 1013 43 19 7.50.
2458 1014 46 18 fl.50,
2520 1013 45 17 7.—.

2280 1033 28 15 De
2325 1033 46 16 bout
2389 1037 23 13 en
2429 1033 53 17 bout.

2283 1057 32 20 IV.
2327 1066 23 5 —
2362 1059 58 17 PRIX
2434 1059 171 17 SAINT-MICHEL
2621 1059 67 17 (10.000
2702 1059 25 17 fr.
2740 1060 49 17 3.200

2259 1080 43 15 m.).
2317 1087 23 4 —
2357 1080 16 16 1.
2390 1079 53 15 Colin
2461 1078 92 20 Tampon,
2571 1079 11 16 k
2599 1080 26 16 M.
2643 1080 23 16 O.
2684 1080 63 16 Vlsart
2765 1080 23 17 de

2263 1098 43 17 Boc.
2321 1099 31 18 3/1
2372 1099 119 19 (Denalgre):
2508 1099 16 16 2.
2540 1099 36 17 Vin
2591 1099 38 19 Pur
2644 1099 12 17 fc
2671 1100 26 17 M.
2713 1100 19 17 F.
2748 1101 41 17 Van

2260 1118 52 19 Brée,
2326 1119 31 16 3/1
2374 1119 139 19 «Brackeleer);
2527 1119 16 18 3.
2556 1118 64 19 Junla,
2634 1119 12 16 à
2659 1120 26 17 M.
2698 1121 26 16 M.
2737 1120 41 16 Bau-

2263 1141 56 15 wens,
2337 1139 74 18 1B5/100
2430 1139 82 19 (Speer).

2285 1158 41 16 Non
2340 1158 54 20 placé
2410 1162 5 12 :
2430 1159 108 19 Saracarte,
2553 1159 30 19 3/1
2602 1159 93 19 (ShiTnef)

2286 1178 9 16 1
2309 1178 30 18 1/2
2351 1178 57 20 long.,
2422 1180 8 17 1
2443 1179 31 18 1/2
2487 1180 50 18 long.

2285 1198 69 20 Pesage
2369 1202 5 13 :
2389 1199 53 19 17.—.
2455 1199 46 19 9.—;
2515 1199 45 17 9.—.

2285 1218 77 17 Pclov.se
2381 1222 5 13 :
2404 1219 53 19 19.50.
2476 1219 55 19 10.50;
2549 1219 54 17 10.50.

2285 1238 102 18 Saracarte
2403 1243 12 13 a
2430 1239 55 17 mené
2499 1239 71 17 devant
2585 1240 64 19 Junla,
2664 1240 55 17 Colin
2733 1241 47 16 Tam-

2265 1261 37 17 pon
2313 1260 19 16 et
2342 1259 36 16 Vin
2389 1260 43 16 Pur.
2444 1260 52 16 Dana
2506 1259 20 16 la
2536 1259 50 19 ligne
2597 1260 62 17 droite
2669 1260 54 17 Colin
2733 1261 56 17 Tam-

2265 1281 38 16 pno
2315 1280 74 18 passait
2403 1283 24 13 en
2442 1279 38 17 tête
2495 1280 19 16 et
2528 1279 86 17 résistait
2627 1279 12 17 à
2653 1280 13 17 l'
2668 1280 122 17 Intersection

2265 1298 33 18 dea
2309 1299 60 20 plate*
2382 1302 37 13 aux
2432 1299 69 17 efforts
2513 1299 23 17 de
2548 1300 36 17 Vin
2597 1300 37 16 Pur
2646 1301 32 19 qui
2690 1300 17 17 le
2719 1301 72 17 battait

2264 1318 56 18 d'une
2339 1319 92 19 longueur
2451 1319 37 20 1/2.

2283 1346 21 16 V.
2316 1354 24 5 —
2350 1346 58 16 PRIX
2421 1346 31 16 DE
2465 1345 135 18 NOUCELLES
2616 1347 68 18 (10.000
2697 1347 31 19 fr.,
2742 1347 49 19 2,700

2262 1366 33 17 m.)
2315 1373 24 5 —
2357 1366 15 17 1.
2390 1366 101 20 Romanla,
2510 1365 12 17 à
2540 1367 26 16 M.
2583 1367 22 16 A.
2623 1367 28 16 De
2668 1367 71 19 Wever,
2759 1367 31 18 8/1

2266 1386 26 15 ■E.
2306 1385 81 19 Evans);
2401 1386 16 16 2.
2429 1384 51 20 lago,
2495 1386 9 16 à
2518 1386 27 17 M.
2557 1387 26 16 M.
2596 1386 106 20 Dugniolie.
2717 1387 74 18 165/100

2266 1405 102 19 (Morjau);
2387 1405 16 17 3.
2420 1406 68 17 Orand
2506 1406 47 19 Duc,
2571 1406 12 16 fc
2601 1406 26 17 M.
2644 1407 23 16 R.
2685 1406 65 17 Vlsart
2767 1409 23 14 dm

2264 1425 95 19 Bocarmé,
2373 1425 31 17 8/1
2420 1425 85 19 (Haest).

2284 1444 42 17 Non
2340 1444 65 20 placés
2419 1449 5 12 :
2438 1445 80 19 Etolien,
2533 1446 42 18 11/3
2591 1446 28 16 (E.
2633 1446 63 19 Ellls);
2710 1446 80 17 Jaunol*

2265 1464 40 17 14/1
2327 1465 28 16 fF.
2373 1465 94 19 Hopper):
2487 1465 35 16 Roi
2540 1465 64 19 Soleil.
2623 1465 41 18 25/1
2686 1466 104 19 (Shifner);

2264 1484 89 19 Mayette,
2368 1484 31 18 7,'2
2416 1485 86 18 (Adams)
2508 1489 5 15 ;
2528 1485 91 20 Délaissé,
2636 1486 40 18 14/1
2695 1485 91 18 (Delbras-

2263 1503 59 18 slne).

2285 1524 70 17 Courte
2371 1524 97 20 encolure;
2487 1525 10 16 5
2515 1524 107 20 longueur*.

2285 1543 71 19 Pesage
2374 1548 5 12 :
2396 1544 55 20 32.50,
2469 1544 56 19 10.—;
2543 1545 46 18 7.—;
2608 1545 54 17 17.M.

2286 1563 77 17 Pelouse
2380 1567 5 13 :
2401 1564 55 18 44.—.
2474 1564 55 18 11.50;
2547 1564 46 19 7.50;
2611 1565 53 16 14.60.

2285 1582 68 18 Grand
2364 1583 41 17 Duc
2418 1587 11 13 a
2441 1583 60 18 mené.
2513 1584 55 17 Dans
2579 1584 20 16 la
2610 1584 52 18 ligne
2674 1584 67 19 droite,
2754 1585 28 16 Ro-

2265 1602 65 17 manla
2341 1603 76 19 prenait
2428 1603 109 20 l'avantage
2548 1604 20 17 et
2578 1602 86 19 résistait
2674 1607 37 14 aux
2722 1604 70 17 efforts

2264 1622 24 17 de
2303 1622 52 20 lago.

2285 1648 31 17 VI.
2328 1657 23 5 —
2362 1649 59 17 PRIX
2433 1650 31 16 DE
2476 1650 73 16 LEUZE
2565 1650 68 18 (10.000
2645 1650 31 19 fr.,
2689 1650 49 19 2.300
2750 1651 42 17 m.).

2261 1677 22 5 —
2298 1669 14 16 1.
2327 1670 72 18 Kaxak.
2414 1670 12 16 h
2439 1671 26 16 M.
2479 1671 20 16 F.
2514 1671 41 16 Van
2568 1670 54 20 Brée,
2637 1671 75 18 100/100
2728 1672 57 18 (Brac-

2262 1688 79 19 keleer):
2358 1690 16 16 2.
2389 1690 76 16 Fanfan
2480 1690 19 16 la
2514 1690 72 20 Tulipe,
2602 1691 12 16 fc
2629 1691 26 17 M.
2669 1691 53 17 Edm.
2737 1691 47 17 Boul-

2262 1709 38 20 vin,
2315 1710 31 18 6/1
2364 1710 103 20 (Shifner);
2482 1710 16 17 3.
2512 1710 87 19 Faustln,
2606 1711 12 17 fc
2632 1711 27 17 M.
2672 1711 54 18 J.-M.
2733 1711 62 17 Zwer-

2261 1732 39 16 ver.
2316 1730 31 18 3/1
2367 1731 5 14 f
2374 1730 76 18 Haest).

2283 1750 42 16 Non
2340 1749 63 21 placés
2421 1754 4 12 :
2441 1751 84 19 Carmin,
2540 1751 42 19 20/1
2602 1751 101 19 (Morjau):
2719 1751 75 19 Pelllco,

2262 1769 31 20 4/1
2310 1770 27 17 (S.
2350 1770 63 19 Ellls);
2427 1771 72 17 Flower
2511 1770 48 21 Olrl,
2573 1771 31 19 B/l
2621 1771 95 19 (Adama).

2287 1790 69 16 Courte
2369 1790 69 17 encol.;
2454 1790 46 17 tête.

2284 1810 70 20 Pesage
2371 1814 6 13 :
2394 1811 53 19 13.50,
2463 1812 46 18 7.50;
2526 1811 54 17 12.50.

2284 1830 78 17 Pelouse
2377 1833 5 13 :
2398 1830 53 19 12.—.
2464 1831 46 20 8.—;
2526 1832 55 16 11.50.

2284 1850 70 17 Pelllco
2367 1854 13 13 a
2393 1851 54 16 mené
2461 1851 75 19 Jusqu'à
2550 1852 19 16 la
2584 1852 92 17 distance,
2691 1851 24 17 où
2729 1851 66 17 K^zak

2263 1870 77 20 prenait
2352 1870 19 17 le
2384 1871 165 17 commandement
2562 1875 48 16 pour
2623 1872 78 16 résliter
2714 1874 39 14 aux
2767 1870 20 18 ef-

2263 1890 50 17 forts
2327 1890 23 17 de
2364 1891 76 16 Fanfan
2454 1891 20 17 la
2487 1891 67 20 Tulipe
2568 1892 19 16 et
2601 1892 24 17 de
2637 1891 88 17 Faustln.

2412 1924 29 17 LE
2461 1924 57 16 PARI
2539 1923 107 18 COMBINE

2284 1950 94 16 Rom&nla
2396 1953 33 13 sur
2445 1950 66 16 Kazak
2531 1953 5 13 :
2555 1950 59 17 110.50
2631 1954 48 16 pour
2696 1951 10 16 5
2723 1950 73 17 francs.

2286 1998 109 51 BOIS
2426 1998 61 49 DE
2518 1998 259 51 BOULOGNE

2808 198 211 69 LES
3078 196 815 73 FAITS=DIVERS

3053 282 246 12 *»0mmm*m0m0m*m0m0m*m»'m&*m
3299 283 6 4 m
3306 284 15 10 t0
3325 285 11 10 **

2829 307 133 21 PASSANT
2977 306 106 20 BLESSÉ
3099 307 58 20 PAK
3172 306 60 21 UNE
3246 307 87 22 AVTO.

2804 342 26 5 —
2845 331 99 23 Samedi,
2961 335 50 17 vers
3027 336 54 15 onze
3098 331 83 20 heures
3197 331 31 21 du
3244 332 52 23 soir,
3311 332 21 21 le

2804 356 91 21 nommé
2915 356 86 25 Joseph
3021 357 54 22 D...,
3094 356 91 20 ouvrier
3204 357 128 24 menuisier,

2805 381 42 24 âgé
2862 381 30 21 de
2908 382 24 19 45
2949 385 49 19 ans,
3015 381 136 21 demeurant
3167 385 40 16 rue
3224 381 78 25 Morts,
3318 382 14 21 à

2805 405 118 25 St-Gllles,
2937 410 31 17 en
2983 406 131 21 traversant
3130 406 20 20 le
3165 406 122 22 boulevard
3302 407 30 21 du

2805 430 63 24 Midi,
2888 436 14 16 a
2921 430 37 21 été
2976 430 106 21 renversé
3101 435 43 20 par
3162 435 45 17 une
3228 432 93 21 automo-

2805 455 50 21 bile.
2876 456 30 20 Le
2926 456 123 21 chauffeur
3069 456 53 21 s'est
3142 456 74 21 arrêté
3236 457 96 21 aussitôt

2805 482 23 19 et
2844 486 14 15 a
2873 480 65 25 porté
2951 485 91 16 secours
3057 481 15 20 à
3086 481 24 20 la
3125 481 97 21 victime.
3238 482 95 21 Celle-ci

2806 505 57 21 était
2882 505 84 21 blessée
2985 506 15 21 à
3019 507 23 20 la
3061 505 48 22 tête
3128 507 24 19 et
3171 510 39 16 sur
3227 507 21 20 le
3268 511 65 21 corps

2805 530 23 21 et
2849 535 14 15 a
2883 530 37 21 été
2941 531 106 21 conduite
3068 531 15 21 à
3103 531 103 24 l'hôpital
3228 532 98 21 St-Jean

2806 565 25 5 —
2848 555 27 20 D.

3027 604 306 49 ARRACHEZ

3034 686 81 19 Lorsque
3128 690 47 14 voua
3189 686 52 17 «ouït
3243 690 29 13 ru
3280 686 56 18 d'une

3036 708 43 16 tttt
3091 706 23 16 it
3127 706 61 19 dents,
3200 709 27 14 un
3239 706 41 17 seul
3292 709 34 16 pro-

3036 725 40 16 duit
3093 726 81 17 arrache
3188 726 20 17 la
3222 726 79 18 douleur
3316 727 20 16 et

3035 748 89 13 conserve
3142 745 19 17 la
3179 746 52 17 dent.
3249 746 52 17 C'est
3319 745 17 17 le

3039 764 296 18 aDBNTOOENE.

3036 784 48 19 Ayt.
3096 785 86 19 toujours
3194 785 46 17 ches
3252 789 46 13 tous
3309 788 27 14 un

3036 803 64 17 flacon
3123 804 22 17 de
3167 804 114 20 Dentogène,
3304 805 32 20 qui

3036 823 54 17 coûte
3104 824 11 16 6
3129 824 24 17 Ir,
3168 825 63 17 toutes
3245 825 81 19 pharma-

3037 842 43 17 cies.
3290 844 47 17 (Hi*

249 4770 44 18 iulr.

350 4770 29 18 ta
394 4770 61 18 finale
469 4769 26 18 du
509 4770 48 17 dou-

104 4812 114 23 m.esslctars-.
226 4811 26 19 du
270 4811 78 18 tournoi
365 4811 34 18 des
416 4813 80 20 Joueurs
513 4816 46 17 pro-

180 4858 7 4 -
197 4847 141 20 SJdaaii-VInes
364 4848 132 18 .Etats-Unis,
521 4850 37 16 ont

134 4887 76 17 Martin
231 4886 155 17 Plan-Ramlllon
410 4886 90 19 (France)
524 4888 38 18 par

110 4921 43 22 ,/l,
171 4921 38 20 6/é,
227 4921 39 20 7/9,
284 4921 40 20 8/1.
339 4930 24 6 —
378 4922 66 20 Belg».
456 4921 3 4 '
515 4923 5 9 '
558 4923 4 7 '

647 4080 86 22 Depuis
752 4079 108 26 quelques
880 4080 63 24 Jours
962 4089 27 6 —
1009 4083 40 17 sur
1068 4078 82 21 l'ordre

622 4106 31 21 du
665 4105 161 26 départemnst
839 4105 30 22 du
883 4104 84 21 travail
980 4115 27 6 —
1019 4103 34 22 les
1066 4103 84 26 polices

622 4130 156 21 communales
791 4129 140 22 s'attachent
944 4129 15 21 à
973 4128 131 27 poursuivre
1118 4128 33 21 les

623 4155 137 21 Infractions
779 4154 16 21 à
814 4155 23 22 la
857 4154 31 22 loi
908 4159 40 17 sur
967 4154 21 22 le
1008 4153 83 22 travail
1111 4153 40 22 des

622 4181 97 20 femmes
731 4180 25 21 et
770 4184 26 16 ce
809 4179 91 22 surtout
913 4179 59 21 dans
985 4179 34 21 les
1033 4178 105 22 établisse-

623 4205 76 21 ments
713 4204 95 26 publics.

649 4230 67 21 Cette
732 4229 38 24 loi,
787 4229 54 22 delà
858 4231 118 22 ancienne,
993 4228 96 22 interdit
1106 4232 46 17 aux

624 4254 138 25 exploitants
782 4254 137 26 d'employer
938 4254 41 22 des
998 4253 96 22 femmes
1112 4257 28 17 sa-

625 4279 80 21 lariées
724 4278 68 25 après
811 4279 90 22 minuit.

650 4304 164 24 L'appllcstlon
834 4304 28 21 de
881 4305 24 22 la
923 4307 89 19 mesure
1032 4308 14 16 a
1065 4302 47 26 jeté
1130 4302 22 22 le

625 4328 101 22 désarroi
749 4329 58 21 dsns
828 4329 24 21 la
874 4328 145 26 corporation
1042 4328 40 21 des
1104 4332 36 17 ser-

626 4358 85 17 veuses.

651 4379 19 20 A
685 4378 83 22 minuit
783 4379 89 25 tapant,
886 4378 34 22 les
935 4378 94 22 tabliers
1044 4378 53 21 sont
1111 4378 29 20 dé-

626 4403 84 23 posée...
724 4404 26 21 et
764 4404 34 21 les
813 4404 125 25 patronnes
953 4403 24 22 et
992 4403 61 22 leurs
1067 4406 73 22 paren-

627 4428 35 22 tes
682 4428 34 23 les
734 4428 107 23 ceignent
860 4429 52 22 tout
931 4427 104 25 aussitôt,
1055 4432 55 17 sans
1129 4427 24 22 la

627 4452 103 23 moindre
749 4453 133 23 hésitation.
901 4464 28 6 —
949 4453 21 23 J.

632 4482 89 22 Seorets
735 4482 76 23 d'Etat
825 4483 48 21 et...
888 4482 95 25 lingerie
998 4482 49 22 fine

657 4522 159 26 L'Inventaire,
831 4523 101 22 effectué
961 4523 15 23 à
1004 4523 94 24 Odessa,
1115 4523 39 22 des

634 4556 8 8 -
663 4548 102 22 archives
783 4556 9 12 ■
811 4548 120 22 restituées
949 4547 14 23 à
980 4548 23 21 la
1020 4549 133 21 Roumanie,

630 4573 26 21 et
674 4572 146 27 embarquées
839 4572 15 22 à
874 4572 139 22 destination
1032 4573 29 22 de
1081 4574 61 21 Cons-

632 4597 87 24 tant»,
733 4602 16 17 ■
762 4597 77 23 donné
855 4597 45 22 Ueu
915 4597 15 22 à
945 4597 106 27 quelques
1066 4598 75 25 surpri-

631 4625 37 18 ses
691 4626 6 17 :
719 4622 112 26 plusieurs
851 4622 84 21 caisses
956 4621 148 23 contenaient
1124 4626 30 17 au

632 4645 45 24 Ueu
692 4646 30 23 ds
738 4646 134 23 documents
887 4647 83 23 d'Etat,
986 4646 31 23 du
1033 4646 61 26 linge
1126 4646 28 22 de

635 4671 84 24 dames,
733 4671 41 22 des
787 4671 72 24 robes,
873 4671 44 22 etc.

659 4696 61 22 O'est
733 4700 44 21 que
790 4696 34 22 les
838 4696 115 21 ministres
966 4696 25 22 et
1004 4695 71 22 hauts
1088 4695 54 22 fonc-

634 4720 125 22 tionnaires
776 4721 117 21 roumains
911 4720 94 22 avalent
1022 4719 80 23 trouvé
1119 4720 36 22 cet

634 4744 120 22 lnsrénleux
765 4750 82 20 moyen
859 4745 28 21 da
899 4745 82 22 mettre
992 4749 30 17 en
1032 4743 83 25 sûreté,
1125 4749 30 18 en

634 4773 59 18 cette
713 4769 91 30 ptrloie
826 4769 108 26 troublée,
953 4769 34 22 lei
1007 4769 101 22 toilettes
1128 4769 28 22 de

635 4793 60 24 leurs
708 4794 100 25 épouses.

660 4819 35 21 En
712 4820 51 21 tout
779 4823 46 20 cas,
842 4819 59 22 cette
918 4818 134 26 précaution
1068 4819 88 25 permet

635 4847 45 18 aux
700 4843 122 22 historiens
840 4843 30 24 de
888 4843 24 22 la
932 4844 88 21 toilette
1039 4843 116 22 féminine.

636 4867 28 23 de
676 4867 119 27 récupérer
807 4872 45 17 une
864 4868 130 22 abondante
1008 4868 136 22 documenta-

635 4892 51 23 tion
695 4897 41 18 sur
748 4892 23 23 Ix
782 4892 67 23 mode
860 4893 29 23 de
903 4893 59 22 18181
976 4903 27 6 —
1013 4893 29 21 R.

628 4922 66 19 Divers

89 5237 7 12 I
105 5240 28 10 «a,
140 5239 12 10 aa
157 5239 14 11 ai
176 5237 14 12 •
195 5237 16 12 «
211 5238 17 10 »
235 5238 11 10 «

122 5277 124 12 .......

123 5395 46 10 ..."

651 4959 25 16 La
688 4950 81 28 Tournés
784 4958 23 18 ds
822 4958 52 17 lundi
889 4957 12 18 k
917 4957 127 20 l'Exposition.
1059 4966 23 6 —
1094 4958 30 18 Ot
1138 4958 19 18 It

629 4978 12 19 k
656 4978 22 18 11
693 4982 12 14 n
714 4992 3 3 .
733 4978 79 21 sonfrls
827 4978 24 17 ds
866 4978 94 17 médecine
976 4978 19 17 et
1011 4978 23 17 de
1049 4978 109 20 pharmacie

629 4998 98 19 mllltslrs:
742 4998 25 18 ds
783 4998 20 17 10
820 4997 12 17 k
848 4997 21 18 11
884 4998 12 16 h
905 5010 4 4 .
926 4997 78 20 contrés
1019 4997 34 18 des
1067 4997 92 18 Journées

629 5017 109 20 Icsdlealss;
754 5017 24 18 ds
793 5017 11 17 •
820 5016 12 19 k
848 5016 21 18 lt
885 5018 12 16 h
906 5029 3 5 .
927 5017 79 20 co&srts
1021 5017 138 17 International

630 5037 120 18 d'éducation
763 5037 97 19 rhrslnus.

651 5057 82 17 Journée
744 5053 123 24 britannique
881 5059 6 14 :
898 5057 17 17 A
928 5056 21 18 11
961 5056 26 19 b..
1000 5055 73 19 arrivais
1085 5056 25 17 dn
1122 5056 37 17 duc

1192 3832 66 40 DE
1278 3830 99 40 NOS
1402 3826 272 42 LECTRICES

1192 3885 67 39 DE
1283 3883 99 40 NOS
1406 3878 268 42 LECTEU.RS

1196 3960 48 16 Nous
1256 3957 120 19 accueillons,
1387 3959 44 15 sous
1442 3957 51 16 cette
1505 3955 93 19 rubrique,
1611 3957 27 13 aes
1648 3957 41 13 com-

1173 3979 127 18 munication,
1311 3977 114 21 présentant
1441 3979 12 13 a
1465 3976 55 16 notre
1530 3974 47 19 avis,
1588 3977 26 14 un
1625 3974 73 16 certain

1173 3999 70 18 intérêt
1257 3998 77 21 général
1348 3998 20 17 et
1383 4000 24 16 ns
1420 3993 88 20 donnant
1522 3998 35 16 paa
1572 3995 100 16 ouverture
1687 3996 10 14 s

1173 4020 50 17 drolt
1237 4020 23 17 de
1274 4018 79 21 réponse

1195 4040 48 17 Bau!
1257 4038 51 18 désir
1320 4037 97 18 contraire
1430 4036 107 17 nettement
1550 4034 88 20 exprimé,
1652 4037 47 14 nour

1174 4060 118 19 remplaçons
1303 4061 35 16 psr
1350 4058 33 16 des
1395 4058 83 15 initiale»
1491 4058 18 13 la
1520 4056 98 18 signature
1630 4055 23 15 de
1666 4057 32 13 no.

1173 4078 160 21 correspondants
1347 4076 135 19 occasionnels.

1194 4099 85 18 Ceux-ci,
1297 4098 117 18 néanmoins,
1431 4096 78 17 doivent
1526 4098 47 13 nous
1589 4094 49 17 faire
1654 4097 36 14 con-

1174 4119 63 17 naître
1250 4120 51 16 leurs
1315 4121 42 14 nom
1372 4119 20 15 et
1405 4116 82 19 adresse,
1501 4116 47 16 c'est
1562 4118 37 14 une
1613 4114 85 20 question

1174 4139 141 17 d'élémentaire
1333 4137 101 17 confiance
1452 4136 11 16 &
1482 4137 55 15 notre
1554 4135 62 19 égard.

1196 4160 49 16 Nous
1261 4159 27 17 lea
1303 4158 66 20 prions
1384 4157 106 19 également
1504 4155 61 17 d'être
1581 4155 50 17 aussi
1649 4155 50 16 orel.

1174 4183 36 16 qus
1224 4178 81 21 possibls
1318 4180 20 15 et
1353 4180 48 15 nous
1415 4180 48 14 noua
1477 4175 98 18 réservons
1588 4174 24 18 ds
1626 4174 73 18 réduit

1174 4199 41 17 leur
1232 4199 54 19 eopls
1302 4201 25 14 au
1345 4198 56 17 strict
1417 4196 112 17 nécessaire.

1213 4251 82 21 POUR
1309 4249 108 22 ÉVITER
1431 4248 51 21 LES
1498 4246 164 22 ACCIDENTS

1277 4308 118 21 Monsieur
1407 4306 116 23 l'Editeur,

1199 4341 45 20 Pas
1256 4344 45 17 une
1313 4339 102 21 semaine
1427 4342 29 16 ne
1469 4341 23 16 se
1505 4340 66 22 passe
1583 4339 55 17 sans
1649 4334 54 25 qu'il

1176 4366 43 21 soit
1234 4366 15 21 à
1264 4364 136 25 enregistrer
1416 4368 30 16 au
1461 4361 75 21 moins
1551 4366 33 16 un
1599 4361 105 21 accident

1175 4391 28 22 de
1224 4390 135 23 circulation
1381 4394 29 16 au
1431 4387 138 22 croisement
1590 4386 41 21 des
1651 4390 53 17 rues

1176 4417 63 24 Oray
1255 4417 24 20 et
1295 4415 29 22 de
1340 4414 91 23 l'Etans
1448 4413 24 21 et
1487 4412 47 21 l'on
1550 4416 24 16 se
1592 4410 112 21 demande

1175 4445 54 19 avec
1247 4441 79 22 raison
1344 4438 86 26 quelles
1448 4438 53 21 sont
1520 4437 34 21 les
1572 4436 132 26 puissances

1176 4466 50 26 plus
1246 4471 30 17 ou
1296 4465 75 21 moins
1390 4463 100 22 occultes
1510 4462 38 26 qui
1569 4460 135 25 empêchent

1176 4492 69 25 qu'un
1259 4491 70 25 agent
1343 4490 45 21 soit
1400 4488 66 30 placé
1480 4487 15 21 à
1509 4488 36 20 cet
1560 4486 90 22 endroit
1664 4488 40 18 des

1176 4517 50 26 plus
1237 4517 137 23 dangereux,
1385 4514 60 21 alors
1456 4513 53 25 qu'U
1520 4513 35 21 est
1566 4511 84 26 prouvé
1661 4515 43 21 que

1175 4537 45 26 fon
1234 4542 55 26 peut
1302 4541 48 20 s'en
1362 4544 79 21 passer
1455 4538 15 21 à
1483 4538 100 22 d'autres
1596 4536 108 23 endroits,

1176 4558 39 33 j'ai
1227 4566 91 22 nommé
1333 4571 6 15 :
1353 4564 124 22 Carrefour
1488 4563 84 22 Beriot,
1583 4561 30 22 où
1625 4561 80 26 depuis

1177 4592 50 25 plus
1241 4592 67 21 d'une
1322 4589 101 22 semaine
1438 4588 16 22 11
1467 4588 39 25 n'y
1520 4593 14 16 a
1548 4588 52 25 plus
1612 4587 92 21 l'ombre

1177 4616 54 23 d'un
1255 4619 74 21 agent.
1354 4615 95 21 D'autre
1472 4613 60 25 part,
1555 4613 46 20 l'on
1626 4612 79 21 trouve

1177 4641 168 27 indispensable
1359 4641 52 20 d'en
1426 4639 76 25 placer
1515 4637 84 22 DEUX
1614 4637 28 21 de
1656 4641 37 16 ser-

1178 4667 53 23 vice,
1246 4671 41 16 rue
1302 4666 28 21 de
1345 4665 95 24 l'Etang,
1455 4667 68 22 parce
1538 4663 53 25 qu'il
1606 4666 15 20 y
1636 4667 14 16 a
1666 4662 40 20 des

1177 4692 67 21 salles
1260 4692 28 21 de
1304 4691 92 22 danses;
1414 4689 17 23 il
1447 4689 34 21 est
1497 4688 14 22 à
1528 4688 66 21 noter
1609 4691 43 21 que
1669 4691 36 16 ces

1177 4717 59 22 deux
1250 4717 81 24 agents
1344 4720 30 17 ne
1387 4714 130 25 s'occupent
1530 4717 43 22 pas
1585 4712 29 21 de
1628 4716 25 16 ce
1667 4712 38 25 qui

1178 4746 23 16 se
1229 4746 67 19 passe
1323 4745 31 17 au
1382 4738 123 25 carrefour,
1533 4742 15 17 a
1576 4736 129 25 vingt-cinq

1179 4766 83 21 mètres
1274 4766 72 22 d'eux.

1203 4787 98 25 Veuillez
1314 4790 85 26 agréer,
1410 4790 43 21 etc.

1434 4815 27 21 G.
1474 4814 44 21 T.-.
1530 4812 124 22 Bruxelles.

1787 3043 57 29 LES
1875 3038 309 33 EX-SOUS-OFFICIERS

1886 3095 39 28 EN
1950 3086 144 36 CONGRÈS

1745 3173 58 24 Huy,
1816 3172 26 21 30
1854 3171 57 26 Juin.
1923 3181 27 5 —
1961 3170 32 20 Le
2004 3167 170 26 cinquantième
2186 3168 49 21 Con-

1720 3198 50 25 grès
1787 3198 29 21 de
1833 3198 24 20 la
1874 3195 136 22 Fédération
2028 3195 40 20 des
2085 3192 162 22 ex-sous-offl-

1719 3224 57 20 clers
1789 3224 54 19 s'est
1854 3223 63 21 tenu,
1930 3226 25 15 ce
1968 3220 128 23 dimanche,
2110 3218 14 22 à
2137 3219 59 24 Huy.

1745 3253 110 22 Précédés
1865 3254 28 20 de
1903 3254 25 20 la
1936 3251 102 25 musique
2049 3251 31 21 du
2091 3250 34 20 14*
2135 3249 114 24 régiment

1719 3280 28 21 de
1763 3280 68 23 ligne,
1847 3278 33 21 les
1897 3277 160 24 congressistes
2073 3274 128 24 défilèrent,
2218 3278 29 16 en

1720 3310 33 16 un
1773 3304 90 24 cortège
1882 3302 87 21 hérissé
1987 3302 28 21 de
2034 3302 124 24 drapeaux,
2177 3300 29 20 de
2225 3299 22 20 la

1720 3335 53 19 gare
1787 3330 31 21 du
1831 3329 62 21 Nord
1906 3328 15 21 à
1935 3329 86 20 travers
2034 3327 23 20 la
2071 3326 53 21 viUe
2137 3324 110 27 pavoisée,

1720 3360 57 20 pour
1796 3353 91 24 aboutir
1904 3358 31 16 au
1953 3352 135 22 monument
2106 3351 29 20 de
2152 3350 24 21 la
2194 3350 41 20 Vic-

1721 3381 64 23 toire,
1799 3383 81 21 square
1895 3379 89 24 Rogier,
1997 3377 30 22 où
2041 3377 33 21 les
2088 3375 106 25 délégués
2208 3374 28 21 dé-

1722 3405 106 25 posèrent
1840 3404 41 21 des
1892 3403 77 21 fleurs.

1747 3437 51 22 Une
1809 3435 116 26 réception
1937 3434 39 21 eut
1986 3434 47 21 Ueu
2045 3432 88 22 ensuite
2145 3431 15 22 à
2171 3430 78 23 l'hôtel

1721 3462 28 21 de
1760 3461 59 21 ville.

1747 3493 36 20 En
1794 3492 112 22 l'absCTce
1919 3491 31 21 du
1961 3489 161 26 bourgmestre,
2135 3487 113 26 empêché,

1721 3518 116 23 l'échevin,
1855 3517 31 20 M.
1904 3516 90 24 Jadoul,
2012 3515 107 21 souhaita
2137 3512 98 23 cordiale-

1722 3543 65 21 ment
1799 3543 24 21 la
1835 3542 126 21 bienvenue
1974 3545 45 18 aux
2032 3539 167 25 congressistes.

1748 3574 42 20 Les
1808 3572 131 25 dirigeants,
1957 3571 55 22 MM.
2031 3570 129 23 Gueulette,
2178 3569 60 26 prési-

1723 3599 55 20 dent
1792 3598 28 21 de
1833 3598 24 21 la
1869 3597 87 22 section
1969 3596 96 24 hutolse,
2079 3597 23 20 et
2115 3594 135 24 Révelllard,

1723 3624 117 26 président
1853 3622 87 22 fédéral
1953 3622 28 21 de
1994 3622 23 22 la
2029 3621 88 21 section
2129 3620 120 24 française,

1723 3649 89 26 prirent
1825 3648 23 21 la
1863 3648 78 26 parole
1955 3652 57 21 pour
2025 3646 122 22 remercier
2161 3645 77 21 l'admi-

1723 3674 123 21 nistration
1877 3673 143 23 communale
2051 3672 31 21 du
2113 3670 138 21 chaleureux

1723 3699 86 21 accueU
1823 3698 65 26 qu'ils
1901 3698 93 22 avaient
2005 3702 55 20 reçu
2073 3696 15 21 à
2101 3696 59 25 Huy.

1748 3730 78 21 Parmi
1839 3729 34 21 les
1885 3733 124 21 personnes
2022 3727 110 22 assistant
2145 3731 31 17 au
2189 3727 61 21 Oon-

1724 3755 56 25 grès,
1791 3755 17 22 U
1820 3755 51 21 faut
1883 3754 66 21 noter
1960 3754 22 21 le
1993 3752 180 26 général-maior
2183 3751 68 21 Lozet

1723 3781 25 20 et
1772 3780 32 21 M
1830 3779 110 25 Wagelot,
1966 3778 116 26 président
2107 3774 95 27 fédéral,
2228 3777 23 20 et

1724 3806 124 22 Brouwers,
1860 3804 120 21 secrétaire
1992 3804 87 22 fédéral
2091 3803 28 21 de
2129 3803 24 21 la
2165 3801 86 22 section

1724 3830 70 24 belge.

1724 3889 57 29 LES
1806 3889 90 29 CROIX
1921 3889 38 27 DE
1984 3888 59 29 FEU
2066 3888 18 27 A
2100 3885 151 30 VERVIERS

1748 3965 110 23 Verviers,
1873 3965 26 20 30
1914 3964 57 24 juin.
1985 3974 27 6 —
2026 3963 129 22 Dimanche
2170 3962 79 24 matin,

1722 3991 54 20 s'est
1793 3989 111 24 déroulée,
1920 3989 67 21 Place
2003 3990 31 21 du
2050 3989 97 23 Martyr,
2163 3987 16 22 à
2195 3988 45 20 Ver-

1722 4015 66 24 viers,
1811 4019 45 17 une
1879 4014 175 23 manifestation
2076 4013 139 25 patriotique
2237 4013 15 21 à

1723 4040 118 21 l'occasion
1857 4040 28 21 de
1900 4040 23 20 la
1937 4039 81 22 remise
2033 4040 40 21 des
2087 4038 68 22 Croix
2170 4037 28 22 de
2213 4038 38 21 feu

1723 4070 46 17 aux
1780 4065 114 22 membres
1904 4065 29 21 de
1945 4064 23 21 la
1980 4064 140 23 Fraternelle
2133 4063 39 22 des
2185 4063 67 22 Croix

1724 4090 28 22 de
1766 4090 40 22 feu
1820 4090 28 21 de
1863 4089 110 22 Verviers.

1749 4121 77 21 Avant
1841 4121 22 21 la
1878 4120 133 25 cérémonie,
2025 4121 33 20 les
2074 4120 94 21 anciens
2183 4119 58 26 dépo-

1724 4146 78 21 sèrent
1818 4150 46 17 une
1882 4145 67 26 gerbe
1966 4146 28 21 de
2012 4145 72 21 fleurs
2101 4145 15 21 à
2133 4145 23 21 la
2174 4145 78 25 crypte

1724 4171 40 22 des
1784 4171 163 23 combattants,
1969 4175 29 17 au
2020 4169 122 24 cimetière,
2162 4170 25 21 et
2207 4174 45 17 une

1724 4197 66 20 autre
1802 4195 70 25 feerbe
1885 4196 16 21 à
1916 4196 24 20 la
1954 4198 93 19 caserne
2063 4195 28 20 de
2105 4195 24 20 la
2143 4195 65 22 route
2224 4195 28 20 de

1724 4221 121 25 Stembert,
1860 4220 86 22 devant
1961 4221 20 20 le
1995 4220 119 22 mémorial
2129 4220 31 22 du
2176 4220 34 21 13'
2225 4220 27 21 de

1723 4246 78 23 Ligne.

1750 4277 61 21 C'est
1823 4281 31 17 en
1868 4275 107 26 présence
1990 4277 27 22 de
2031 4276 112 26 plusieurs
2157 4280 95 21 person-

1724 4301 84 22 naUtés
1823 4301 120 22 militaires
1957 4302 24 21 et
1994 4301 77 23 civiles
2086 4305 43 21 que
2144 4301 53 21 s'est
2213 4301 28 21 dé-

1724 4326 76 21 roulée
1815 4327 24 20 la
1854 4326 139 25 cérémonie,,
2001 4327 39 25 qui
2055 4327 40 19 eut
2110 4326 46 20 Ueu
2172 4326 69 21 immé-

1725 4351 128 21 diatement
1878 4350 67 25 après
1969 4352 42 20 des
2035 4351 136 21 allocutions
2196 4355 42 20 pro-

1725 4376 98 21 noncées
1842 4381 44 20 par
1905 4377 32 19 M.
1958 4377 109 23 Hauzoul,
2088 4375 117 26 président
2226 4376 28 21 de

1725 4401 23 21 la
1765 4401 141 22 Fraternelle
1923 4402 25 21 et
1965 4402 21 21 le
2004 4402 75 24 major
2096 4401 76 24 Tlllot,
2190 4405 51 18 com-

1725 4426 113 21 mandant
1855 4426 21 21 le
1893 4426 107 25 quartier,
2016 4426 143 25 remplaçant
2176 4425 21 21 le
2214 4430 27 16 co-

1725 4451 60 22 lonel
1806 4451 141 24 Offermans,
1969 4450 115 27 empêché.

1751 4481 202 22 Immédiatement
1983 4482 65 30 après
2079 4482 162 25 l'accomplisse-

1725 4507 64 21 ment
1816 4506 27 21 dc
1870 4507 60 21 cette
1957 4506 133 24 cérémonie,
2116 4507 22 20 le
2164 4506 89 26 cortège

1725 4533 114 23 groupant
1853 4532 52 20 tous
1918 4532 33 21 les
1964 4532 173 26 représentants
2149 4532 42 22 des
2204 4536 37 17 sec-

1726 4557 61 21 tions
1803 4558 25 20 et
1846 4557 40 21 des
1904 4556 94 23 sociétés
2016 4557 149 25 patriotiques
2184 4557 28 21 de
2230 4556 22 22 la

1726 4581 51 22 ville
1792 4582 55 20 s'est
1861 4581 73 22 rendu
1950 4586 30 18 au
1996 4582 118 22 mémoilal
2131 4582 40 21 des
2187 4582 54 21 fusil-

1725 4606 39 24 lés,
1779 4611 30 18 au
1826 4606 117 21 mémorial
1959 4607 40 22 des
2013 4607 120 21 coloniaux
2147 4607 26 21 et
2187 4607 66 21 enfin

1726 4636 30 17 au
1770 4632 135 20 monument
1918 4631 28 22 de
1960 4631 23 22 la
1998 4632 98 23 victoire,
2110 4631 30 21 où
2154 4632 40 21 eut
2208 4631 45 22 Ueu

1725 4656 23 21 la
1763 4656 81 22 remise
1860 4656 54 21 d'un
1929 4657 101 24 drapeau
2046 4657 14 22 à
2075 4657 24 21 la
2113 4656 140 22 Fraternelle

1726 4681 40 21 des
1781 4681 146 21 Grenadiers.

1751 4712 61 21 C'est
1827 4716 30 17 au
1872 4712 77 21 milieu
1963 4713 67 22 d'une
2046 4717 75 21 grosse
2138 4712 114 21 affluence

1725 4741 44 19 que
1782 4737 55 21 s'est
1851 4736 104 22 déroulée
1970 4738 59 21 cette
2045 4736 95 26 journée
2155 4737 31 22 du
2201 4742 41 17 sou-

1726 4762 71 20 venir.

2285 2093 16 17 I.
2319 2102 23 4 —
2365 2093 59 16 PEIX
2449 2092 208 16 D'AEMEXONVILLE
2678 2092 67 19 (15,000
2764 2093 30 17 rr..

2267 2114 47 18 1,400
2329 2114 42 17 m.).
2386 2121 22 4 —
2424 2114 15 16 1.
2454 2113 91 18 Voltaire,
2560 2112 11 17 k
2586 2113 27 16 M.
2627 2113 22 16 H.
2665 2113 68 16 Lenoir
2750 2112 36 18 (Va-

2266 2134 62 19 tard.;
2347 2134 16 16 2.
2381 2134 58 17 Eclla.
2457 2133 12 16 à
2487 2133 50 16 Mme
2554 2133 35 16 Ch.
2607 2133 81 16 Bariller
2708 2132 86 20 (Hervé);

2266 2155 15 16 3.
2299 2155 84 17 Xaniho,
2402 2154 11 17 à
2431 2153 26 18 M.
2475 2154 14 15 T
2498 2154 29 15 -P.
2544 2153 80 17 Cozzlka
2644 2153 130 18 (Johnstone!.

2286 2174 42 17 Non
2355 2173 64 21 placés
2481 2173 56 20 Myrh
2567 2173 91 18 (EUtottl;
2686 2173 110 16 Manaweed

2269 2194 87 19 (Dusty);
2371 2195 49 15 Rose
2433 2194 59 16 Reine
2509 2193 90 19 (Rabbe).
2614 2193 35 16 Toi
2662 2193 20 16 et
2695 2193 39 16 Mol
2750 2193 37 18 (Du-

2266 2215 60 19 pult):
2342 2215 43 16 Albl
2403 2214 107 18 (Duforez);
2527 2214 55 16 a\nne
2597 2213 24 17 de
2637 2214 94 18 Bretagne
2750 2213 37 19 (Vll-

2266 2235 90 17 lecourt).

2288 2256 10 15 2
2314 2255 30 18 1/2
2358 2255 59 19 long.:
2432 2255 32 18 3/4
2479 2254 57 19 long.;
2553 2254 31 18 1/2
2598 2257 50 16 ions.

2288 2276 73 17 Mutuel
2382 2280 5 14 :
2405 2275 56 19 45—,
2480 2275 56 19 1450;
2554 2275 57 17 31.—;
2632 2274 55 17 24.50.

2287 2302 26 17 H.
2333 2310 24 5 —
2376 2302 59 17 PRIX
2457 2301 125 17 D'ISPAHAN
2606 2300 69 18 (50.000
2695 2299 32 20 fr.,
2750 2299 48 20 1.S50

2266 2324 42 17 m.).
2322 2330 25 5 —
2362 2323 16 16 1.
2393 2321 86 19 Rainette,
2497 2322 12 16 à
2523 2321 27 16 M.
2565 2321 18 16 J.
2598 2321 48 16 Prat
2664 2319 99 20 (Dupult);

2266 2343 92 18 Comllon.
2378 2342 12 17 à
2410 2342 26 17 M.
2456 2343 12 15 S
2476 2342 26 15 -J.
2522 2342 65 15 Unzue
2610 2340 107 20 (Slbbrltt);
2737 2340 17 17 3.
2772 2340 26 17 Le

2266 2363 73 19 Garon,
2354 2363 11 16 i
2379 2363 20 16 M
2420 2363 23 16 H.
2458 2362 25 17 M.
2498 2362 80 16 Holdert
2594 2360 87 19 (Hervé).

2289 2383 42 17 Non
2344 2382 65 21 placés
2426 2386 4 13 :
2446 2382 35 17 Jus
2495 2382 23 16 de
2532 2381 67 17 Raisin
2618 2385 3 10 i
2626 2382 37 15 liât
2666 2383 32 13 ton
2702 2384 14 14 i:
2733 2380 64 16 Astro-

2267 2403 44 20 phel
2337 2403 111 20 (Tendero);
2472 2402 105 20 Phlegeton
2603 2401 132 20 (Johnstone);
2758 2400 39 17 Ra-

2268 2424 38 18 rlty
2324 2423 109 19 (Semblât).

2291 2444 9 16 1
2317 2444 30 17 1/2
2364 2443 57 19 long.:
2438 2443 65 17 courte
2518 2442 48 18 tête:
2582 2441 33 20 3/4
2630 2441 51 20 long.

2290 2463 73 17 Mutuel
2381 2467 4 12 :
2401 2463 55 18 33.—.
2473 2462 55 19 16.50;
2545 2462 55 17 23.—.

2291 2490 34 17 III.
2337 2498 23 4 —
2372 2488 58 17 PRIX
2444 2488 111 17 CASTKIES
2572 2488 68 18 (30.000
2653 2487 31 20 fr.,
2698 2487 49 19 2,400
2760 2490 34 15 m.l

2269 2518 23 4 —
2310 2510 16 17 1.
2344 2508 81 19 Rahêre.
2445 2508 12 17 à
2475 2509 25 16 M.
2519 2508 63 17 J.P.H.
2600 2506 99 18 Humarali
2722 2507 65 19 (Bridg-

2270 2530 53 18 land)
2329 2533 5 15 :
2346 2529 17 17 2.
2374 2529 96 19 Analogie,
2482 2528 12 16 à
2505 2529 26 16 M.
2541 2527 65 18 André
2616 2527 78 17 Schwob
2710 2526 75 19 (Pavée)
2791 2530 5 15 ;

2269 2550 16 16 3.
2304 2549 68 17 Prince
2390 2549 94 18 d'Indore,
2503 2548 12 17 k
2533 2548 27 17 M.
2578 2548 84 19 Georges
2679 2546 55 18 Pelât
2755 2547 32 19 (Le-

2269 2569 71 20 pinte).

2291 2589 42 17 Non
2356 2588 65 21 placés
2446 2591 6 14 :
2482 2588 69 17 Lillum
2576 2586 106 20 (Brethès);
2711 2587 86 18 'Jacquet

2272 2609 76 19 (Hart);
2364 2608 94 20 Pourquoi
2473 2608 38 16 Pas
2525 2608 19 16 n
2563 2607 119 18 (Mantelet):
2698 2606 31 16 Da
2743 2606 54 17 Vinci

2273 2629 128 18 'Vlllecourt);
2423 2628 68 16 Prince
2510 2627 74 18 Achille
2606 2628 6 16 (
2614 2627 114 16 Johnstone!
2733 2629 6 16 ;
2760 2626 38 16 Ro-

2269 2648 73 17 bertlco
2367 2648 100 19 (Vatard);
2491 2647 81 20 Duplelx
2597 2647 101 18 (Robson);
2722 2645 66 17 Mondl-

2269 2670 55 15 court
2342 2668 115 18 (Rochettll;
2472 2667 71 17 Tracer
2560 2670 4 12 i
2568 2667 74 17 Pratt):
2657 2665 62 18 Céleri
2736 2665 62 18 (Mon-

2270 2689 59 18 nler);
2349 2687 137 20 Eurythmlque
2507 2686 100 20 (Nyberg);
2627 2685 101 17 Bonlfaclo
2750 2685 39 17 (Mo-

2270 2708 46 19 rel);
2336 2708 69 17 Mount
2424 2707 47 20 Tugl
2493 2706 100 18 iTucken:
2613 2706 53 16 Haut
2686 2705 28 17 les
2733 2705 65 17 Cœurs

2272 2728 108 17 iToumlé):
2395 2728 64 16 Baron
2474 2726 75 19 d'Urgel
2566 2725 97 18 (Hubert!.

2289 2748 69 16 Courte
2371 2747 45 17 tête:
2430 2747 66 18 courte
2508 2745 46 19 tête:
2568 2746 9 16 1
2589 2745 50 19 long.
2652 2744 38 20 1/3.

2289 2768 73 16 Mutuel
2377 2771 5 12 :
2396 2766 54 19 06.30,
2465 2766 57 17 21.50:
2537 2766 55 18 13.50;
2606 2765 28 17 33.
2634 2773 24 5 —
2657 2776 6 6 .

2289 2794 32 18 IV.
2334 2803 24 5 —
2371 2793 82 17 GRAND
2468 2793 58 16 PRIX
2541 2792 31 16 DE
2586 2792 69 16 PARIS
2673 2791 79 18 (600.000
2765 2790 32 18 fr..

2269 2814 49 18 3.000
2329 2815 43 16 m.).
2384 2822 22 4 —
2419 2814 15 16 1.
2447 2812 83 19 Crudité.
2543 2812 12 16 &
2567 2813 26 16 M.
2605 2812 20 16 L.
2637 2811 71 17 Robert
2723 2811 65 19 (Bridg-

2269 2834 53 17 land)
2327 2838 5 16 ;
2344 2834 17 17 2.
2371 2833 82 17 William
2464 2833 22 17 of
2495 2832 82 19 Valenc,
2589 2832 12 16 &
2611 2832 27 17 M.
2649 2831 72 17 Arthur
2731 2831 66 17 Bains,

2268 2855 46 19 bury
2333 2854 129 19 (Donoghue);
2479 2853 17 17 3.
2511 2853 89 20 Louqsor,
2616 2856 12 13 a
2643 2852 51 18 Mme
2707 2851 20 18 la
2743 2851 43 20 prin-

2267 2878 52 14 cesse
2331 2875 23 16 de
2367 2874 95 17 P.-Lucln.
2478 2872 105 19 (Brethès).

2289 2894 41 17 Non
2343 2894 63 21 placés
2420 2898 5 13 :
2439 2894 67 16 Prawn
2519 2894 60 18 Curry
2594 2892 99 19 (Bmlerke)
2699 2896 4 13 :
2717 2892 77 17 Mansut

2270 2914 91 18 (Elliott):
2378 2914 116 19 Pearlaveed-
2501 2913 112 21 (Semblât!;
2629 2912 61 18 Oslrls
2705 2912 19 17 n
2742 2912 54 19 (Car-

2270 2936 59 17 rattl:
2342 2934 91 18 Alclndor
2444 2934 31 17 HI
2490 2933 87 19 (Hervé):
2591 2934 58 16 Votre
2661 2932 74 18 Altesse
2751 2933 47 16 iDu-

2268 2955 59 19 pult);
2344 2955 48 17 Peut
2407 2954 45 17 Etre
2471 2953 98 19 (Vatard);
2586 2953 76 17 Cardon
2681 2953 114 17 iRochettl);

2268 2975 74 17 Purllco
2367 2975 99 18 .Hattonl:
2490 2974 103 17 Puslhama
2618 2972 82 19 (Perré):
2725 2973 71 16 Bokbu.

2270 2995 113 20 .Bouillon!;
2402 2994 88 18 Bouillon
2510 2994 108 18 (Duforez!:
2636 2993 33 20 Ipe
2690 2993 105 17 (Slbbrltt):

2268 3016 53 17 Kent
2344 3016 90 18 (Rabbe);
2456 3015 92 16 Herbrule
2570 3014 115 18 (Delaurie);
2707 3013 51 19 Islay
2778 3013 19 16 rn

2271 3036 101 17 (Robson):
2393 3035 82 18 Péniche
2496 3035 128 18 (Vlllecourt);
2644 3035 67 17 Ssmos
2733 3034 65 20 (Cars-

2269 3056 61 18 lake);
2341 3057 55 16 Mesa
2410 3056 131 17 (Johnstone).

2291 3077 70 16 Courte
2375 3076 46 19 tête:
2438 3077 8 16 1
2461 3076 50 19 long.
2526 3075 38 18 1/2;
2579 3075 32 19 S/4
2625 3075 51 20 long.

2288 3096 74 18 Mutuel
2376 3100 5 14 :
2393 3096 55 20 27.—,
2461 3096 57 19 55.—;
2531 3096 56 18 71.60;
2600 3095 51 18 SJ.—
2651 3107 6 6 .

2290 3123 22 18 V.
2323 3132 23 5 —
2357 3123 58 17 PRIX
2428 3123 33 17 DU
2473 3123 48 17 DUC
2533 3122 98 17 D'AOSTE
2647 3122 68 18 (30,000
2727 3121 71 18 francs,

2269 3144 50 17 2.200
2333 3144 42 17 m.).
2389 3151 24 5 —
2427 3144 16 16 1.
2457 3143 104 19 Chrlsmyr.
2577 3142 12 17 k
2602 3143 27 16 M.
2644 3142 64 17 André
2721 3143 78 16 Masson

2271 3163 115 18 (Rochettll;
2407 3164 17 17 1.
2444 3164 16 16 A
2479 3163 68 19 Priori,
2567 3163 12 16 à
2598 3163 27 17 M.
2645 3163 62 17 Alexis
2726 3162 72 17 Deleau

2274 3184 99 18 'Semblât)
2379 3188 4 15 ;
2405 3184 17 17 3.
2442 3183 108 20 Cêréaliste,
2571 3183 12 17 k
2602 3183 26 17 M.
2647 3183 20 17 S.
2686 3183 113 18 Guthmann

2273 3204 133 20 (Thompson).

2291 3224 41 17 Non
2358 3224 63 20 placés
2448 3226 6 14 :
2480 3224 65 17 Chlste
2574 3224 106 17 (Slbbrltt!;
2707 3223 91 17 Douchka

2282 3245 120 19 Bridgland':
2419 3245 45 16 Mon
2478 3244 49 17 Cher
2544 3244 132 17 (Johnstone).

2290 3265 53 17 Tête;
2360 3265 31 19 1/2
2405 3265 58 20 long.;
2478 3265 11 16 3
2504 3264 31 19 1/2
2549 3265 51 19 long.

2292 3285 72 17 Mutuel
2382 3290 5 13 :
2403 3285 55 19 32.—.
2475 3285 55 17 11.50:
2547 3285 45 17 9.—.

2291 3311 32 19 VI.
2338 3319 24 6 —
2376 3312 60 17 PRIX
2452 3312 81 17 MAJOR
2549 3311 115 18 FRIDOLIN
2683 3311 68 19 (40,000
2769 3311 30 18 fr..

2271 3333 16 16 2.
2290 3332 31 17 1C0
2334 3333 42 16 m.l.
2389 3341 22 4 —
2424 3332 16 17 1.
2453 3332 43 17 Wlll
2509 3332 21 17 of
2544 3332 32 17 the
2589 3332 64 20 Wlsp.,
2667 3331 11 17 à
2691 3332 49 17 Lord
2753 3332 38 17 Der-

2271 3352 24 19 by
2316 3352 121 19 (Johnstone!
2443 3356 4 13 ;
2468 3352 17 17 2.
2503 3353 39 16 Son
2560 3352 22 17 of
2599 3352 56 19 Troy,
2674 3352 12 17 k
2704 3353 26 16 M.
2749 3352 51 17 L.-L.

2270 3373 100 16 Liwrence
2386 3372 102 19 (Robson);
2503 3373 17 16 3.
2534 3373 82 20 Gazettl,
2631 3372 12 17 k
2656 3373 27 18 M-
2696 3373 20 17 E.
2731 3373 69 20 Dermy

2272 3393 98 17 (Vatard).

2293 3413 42 16 Non
2353 3413 64 21 placés
2436 3417 6 13 :
2460 3413 123 20 Magnétique
2603 3413 100 19 (Semblât)
2709 3419 5 14 ;
2734 3413 65 17 Ambré

2275 3433 105 19 (Brethès);
2398 3434 90 17 Aromate
2507 3434 112 18 (Bouillon).

2292 3454 11 16 4
2316 3454 58 19 long.;
2389 3453 11 17 3
2413 3453 58 20 long.;
2487 3453 9 18 1
2510 3454 51 19 long.

2292 3474 73 16 Mutuel
2382 3477 5 13 :
2403 3474 54 18 20.50,
2474 3474 55 17 12.50:
2545 3474 56 18 32.50.

2340 3530 386 58 STOCKEL

2364 3622 62 16 Lundi
2442 3622 31 17 ler
2489 3622 68 19 juillet,
2573 3622 13 17 k
2602 3622 21 18 U
2639 3623 69 16 heures

2289 3669 199 29 PROGRAMME
2522 3670 38 27 ET
2594 3670 201 29 PRONOSTICS

2319 3734 60 18 PRIX
2397 3734 106 18 MOLIERE
2525 3735 56 19 (4,000
2600 3735 31 21 fr.,
2650 3736 49 20 1,850
2717 3737 34 19 m.)

2274 3762 23 17 (A.
2309 3762 71 16 vendre
2394 3765 36 13 aux
2445 3761 104 17 enchères.)
2565 3762 35 17 Les
2613 3762 85 19 chevaux
2711 3763 90 20 pourront

2291 3781 42 19 être
2350 3781 93 19 reclaftinés
2461 3783 60 16 avant
2539 3782 19 17 la
2577 3786 72 15 coun*.

2273 3808 66 16 Comte
2352 3808 148 19 d'Anscmbourg
2516 3807 39 16 ...17
2566 3808 85 18 Pavillon
2736 3808 38 20 12,0
2785 3808 20 17 83

2273 3828 66 15 Comte
2351 3827 149 20 d'Aniembourg
2516 3840 10 3 ..
2537 3823 18 24 |ti
2565 3828 57 19 Daily
2635 3829 39 17 etr.
2701 3840 18 5 ...
2736 3828 38 19 12,0
2784 3828 21 17 89

2273 3848 64 16 Baron
2354 3848 110 19 Brugmann
2537 3847 18 16 15
2566 3848 73 21 Egulllj
2736 3848 38 19 12,0
2785 3848 21 17 83

2545 3868 10 16 8
2565 3868 62 20 Lupin
2736 3868 38 20 12,0
2785 3868 20 17 er

2273 3868 36 15 Jhr
2325 3867 20 17 C.
2362 3867 92 19 R^elaer

2274 3888 63 15 Baron
2353 3887 20 17 E.
2389 3887 66 18 Casier

2273 3907 20 16 E.
2309 3907 50 17 Hart

2273 3927 24 16 H.
2311 3927 70 16 Lenoir

2274 3947 23 16 H.
2310 3947 25 17 du
2347 3947 41 19 Ray
2400 3948 23 16 da
2435 3948 78 20 Blicquy

2273 3967 23 16 R.
2309 3967 64 17 Vlsart
2387 3968 23 16 de
2422 3968 91 17 Bocarmé

2273 3987 18 16 J.
2306 3987 43 17 Van
2364 3987 59 18 Stalle

2274 4006 36 17 Cdt
2323 4007 20 16 L.
2357 4007 79 18 Clooten

2273 4026 18 17 J.
2307 4026 41 18 Van
2363 4027 60 17 Stalle

2274 4047 20 15 P.
2308 4046 128 18 Schuermans

2274 4067 20 15 F.
2307 4067 29 16 Du
2348 4067 40 19 Roy
2400 4067 23 17 de
2435 4067 78 20 Blicquy

2274 4087 17 16 J.
2305 4086 27 17 W.
2345 4087 92 17 Shadbolt

2296 4113 51 17 Nous
2365 4113 101 20 désignons

2544 3888 11 16 4
2565 3888 123 17 Introuvable
2702 3900 18 5 ...
2736 3888 38 19 10,0
2785 3888 21 16 SB

2545 3908 12 16 8
2566 3909 18 16 J.
2600 3909 80 17 Mouton
2699 3920 18 5 ...
2736 3908 38 18 10,0
2785 3908 20 16 59

2545 3929 10 14 i
2566 3929 28 16 w.
2610 3929 62 19 saucy
2689 3940 4 5 .
2703 3940 11 5 ..
2724 3940 4 4 .
2746 3928 27 19 6,0
2785 3928 20 16 55

2544 3949 10 15 5
2566 3948 72 17 Doucet
2746 3948 28 18 8.0
2785 3948 20 16 5.1

2545 3968 10 16 5
2565 3968 79 17 Lurette
2746 3968 27 18 8,0
2785 3967 20 17 sa

2545 3988 10 16 7
2566 3988 109 20 Fougueuse
2746 3987 28 18 8.0
2785 3987 21 18 53

2545 4008 11 17 4
2567 4009 40 19 Kcy
2621 4008 20 17 ol
2655 4008 42 19 Spr.
2713 4019 18 6 ...
2746 4007 28 19 8,0
2785 4007 20 17 83

2545 4029 10 15 3
2566 4028 110 18 Bûchante
2746 4027 28 19 8,0
2785 4027 21 17 40

2545 4049 9 15 3
2566 4048 106 19 Espéranto
2746 4047 28 19 6.0
2785 4047 21 17 47

2545 4069 10 15 3
2566 4068 104 18 Lithuanie
2746 4066 28 21 6,0
2785 4067 21 17 47

2545 4088 10 16 3
2567 4088 93 17 Vaucluse
2747 4087 28 20 6,0
2785 4087 22 18 47

1284 4872 72 21 AIDE
1374 4871 40 21 AU
1431 4868 167 23 COMMERCE

1282 4928 117 22 Monsieur
1411 4928 116 23 l'Eaiteur,
1540 4920 7 6 "

1205 4959 38 22 Du
1257 4959 25 20 21
1298 4959 83 22 lévrier
1396 4962 30 18 au
1442 4957 24 21 17
1482 4956 57 22 avril
1555 4954 96 24 dernier,
1667 4954 39 25 j'ai

1180 4988 58 20 reçu,
1259 4984 31 21 du
1310 4983 85 21 bureau
1416 4982 28 21 de
1464 4980 173 24 contributions,
1657 4984 50 16 mes

1181 5009 89 21 feuilles
1286 5008 28 21 de
1331 5008 87 21 foncier
1434 5012 57 20 pour
1509 5006 50 21 1934
1576 5007 23 19 et
1617 5005 50 20 1935
1683 5005 24 20 et

1179 5033 94 24 d'Impôt
1284 5037 39 17 sur
1333 5033 33 20 les
1375 5036 97 17 revenus
1482 5036 57 20 pour
1551 5030 50 21 1934
1612 5030 14 21 à
1636 5034 70 21 payer

1180 5058 59 21 dans
1253 5059 34 20 les
1302 5058 59 20 deux
1376 5057 64 22 mois,
1455 5057 44 21 soit
1514 5057 31 22 du
1561 5056 26 20 20
1603 5055 57 21 avril
1675 5059 31 16 au

651 5068 81 7 vveasaa^vv
746 5068 76 5 —..,-..,,,
825 5068 16 8 ,^
845 5068 10 4 —
857 5068 8 5 .
882 5068 4 5 .
898 5068 17 6 ..
929 5068 19 6 ,e
962 5068 11 5 ..
976 5069 3 3 .
982 5068 4 5 .
1000 5068 19 6 m.
1023 5068 7 6 .
1034 5068 5 5 •
1043 5068 5 4 -
1053 5068 19 5 -»
1085 5068 25 6 w—
1123 5068 36 5 -.^-
1181 5068 57 11 tAtHalo
1253 5068 34 11 J*àTO
1302 5068 27 10 \A*~
1332 5068 29 9 U_aY
1378 5068 62 9 il*\J*J.
1455 5068 44 10 H\tt\,
1514 5068 31 11 l^U
1561 5068 26 8 *****
1603 5068 14 8 t.
1621 5068 7 7 *
1632 5068 8 6 .
1644 5068 16 8 am
1675 5068 31 7 *>**m

630 5076 299 35 'a\Xl*J^^JSS^
929 5076 20 18 V
942 5076 218 35 S^tS^'^an?\i
1182 5084 25 19 "
1221 5083 57 24 juin.
1292 5083 45 20 Par
1351 5082 59 21 suite
1424 5082 28 20 de
1466 5081 24 21 la
1503 5081 93 20 marche
1611 5079 97 21 actuelle

630 5099 36 18 par
679 5096 28 18 les
721 5097 93 18 rr.uilque»
829 5096 99 16 militaires
942 5095 102 18 tcotstlics
1058 5096 70 16 devant
1143 5095 17 17 le

631 5116 82 21 pavillon
727 5115 23 18 de
764 5115 18 17 la
795 5115 187 18 Grande-Bretagne.
995 5115 26 17 Le
1034 5115 42 18 soir,
1090 5114 33 18 bal
1135 5118 25 14 an

631 5136 82 21 pavillon
732 5135 128 20 britannique,
879 5138 46 14 avee
942 5134 20 19 la
980 5134 90 21 présence
1088 5134 25 18 du
1132 5134 29 17 roi

630 5156 20 18 et
662 5155 24 18 de
697 5155 19 17 la
729 5155 58 19 reine,
798 5155 26 17 du
836 5154 36 18 due
884 5154 20 18 tt
915 5154 24 18 de
950 5154 19 18 1a
981 5154 91 18 duchesse
1084 5154 75 17 d'York.

651 5174 30 19 Aa
695 5174 59 17 .vieux
769 5173 102 18 Braxtllee.
886 5181 24 7 —
923 5173 29 19 Dt
967 5173 20 19 18
1002 5173 12 17 à
1030 5173 21 18 IT
1065 5173 26 20 h-,
1107 5173 53 21 place

632 5195 32 18 des
678 5194 69 18 Bailles
764 5197 5 13 :
784 5194 76 17 conesrt
875 5193 102 21 populaire.

653 5214 105 17 Fondation
771 5212 140 20 énpioioflqut
924 5212 52 18 reine
987 5211 102 19 Elisabeth.
1101 5220 23 6 —
1135 5212 26 17 La

632 5233 68 19 séanoe
713 5233 119 18 d'ouverture
846 5233 23 17 de
881 5229 21 21 la
916 5232 87 17 Semaine
1017 5232 50 19 Egyp
1069 5232 25 16 toi
1096 5232 65 19 ogique

633 5257 47 14 aura
699 5253 42 18 lieu,
761 5256 38 14 aux
817 5252 73 17 Musées
908 5251 55 18 d'Art
981 5252 19 17 tt
1017 5248 109 22 d'Histoire,
1144 5251 18 17 le

633 5273 100 17 ^manche
748 5272 11 18 7
773 5271 68 21 Juillet,
856 5271 12 18 à
884 5271 20 18 16
918 5271 21 17 h.
953 5271 40 18 Bit
1007 5275 42 13 sera
1064 5270 60 18 suivit
1139 5270 23 17 de

632 5291 151 22 l'inauguration
800 5292 56 16 d'une
874 5290 107 21 «position
998 5291 32 16 des
1049 5290 63 17 dessin
1139 5290 24 17 de

634 5313 81 18 BalMni.

654 5333 25 17 Le
697 5330 70 19 Centre
783 5330 115 16 Permanent
915 5329 24 17 de
956 5328 81 18 Défense
1055 5329 23 17 de
1096 5329 67 16 l'Ecole

634 5351 91 20 FubHqnef
738 5350 102 17 (C.P.D.E.)
855 5353 21 14 se
889 5348 78 18 réunira
979 5352 25 14 en
1017 5347 102 19 assemblée
1132 5349 21 18 gé-

634 5372 64 17 nérale
715 5370 94 18 annuelle,
827 5373 24 13 en
867 5372 36 14 son
918 5368 51 20 siège
984 5368 80 18 central,
1081 5368 71 17 Grand'-

634 5392 61 18 Plaee,
713 5390 26 19 19,
766 5389 12 17 à
794 5388 102 18 BruxeUes.
924 5388 100 17 dimanche
1041 5387 10 17 7
1067 5387 67 19 JuUlet,
1152 5387 11 16 à

635 5412 21 17 10
670 5412 19 16 h.
703 5410 27 17 du
745 5408 68 18 matin.
827 5408 76 16 L'ordre
917 5407 26 17 du
957 5407 44 19 Jour
1015 5407 29 17 Mt
1059 5406 105 20 Important

635 5433 18 15 et
673 5428 102 21 comprend
794 5427 119 18 notamment
934 5430 5 13 :
960 5426 19 17 la
997 5426 90 20 question
1103 5426 24 17 de
1145 5426 20 17 la

636 5450 75 17 rentrée
725 5449 25 17 dt
763 5447 105 21 septembre
884 5447 41 17 19»
941 5447 19 17 et
974 5446 27 17 du
1014 5446 46 20 plan
1074 5445 25 18 de
1113 5449 51 14 eam-

624 5463 74 26 IpetffBt
709 5468 13 18 à
735 5469 86 18 ado-pur.
835 5467 28 17 lea
876 5467 84 16 subside*
972 5469 82 17 gourera
1056 5469 39 13 «ne
1097 5467 20 15 a*,
1119 5469 43 14 aux;

635 5486 20 22 k
668 5488 87 21 question
766 5486 81 19 scolaire
858 5486 20 17 et
889 5485 28 18 let
928 5485 111 19 aoclallstos,
1051 5482 38 21 tte.

1182 5108 40 21 des
1233 5108 101 21 affaires,
1345 5106 17 21 il
1373 5111 29 16 ne
1413 5107 46 20 m'a
1469 5106 37 21 été
1517 5105 97 26 possible
1625 5109 43 19 que
1680 5104 28 20 de

1182 5137 70 21 payer
1266 5132 39 22 des
1319 5132 116 24 acomptes
1449 5132 24 19 et
1487 5131 23 25 Je
1524 5131 64 21 viens
1602 5130 28 21 de
1644 5133 51 17 rece-

1182 5160 48 18 voir
1243 5156 148 21 sommation-
1393 5156 135 20 contrainte.

1207 5183 28 20 Je
1250 5181 48 21 suis
1311 5181 59 21 donc
1385 5180 62 22 forcé
1462 5180 28 21 de
1506 5181 91 21 trouver
1611 5179 97 25 l'argent

1182 5206 30 22 où
1227 5207 23 25 je
1266 5207 22 21 le
1303 5205 98 26 pourrai.
1416 5205 86 24 Depuis
1516 5210 33 16 un
1566 5209 37 18 an,
1618 5203 78 22 l'admi-

1183 5231 123 21 nistration
1325 5230 143 21 communale
1487 5230 29 20 de
1535 5230 47 20 X...
1604 5233 36 17 me
1660 5229 49 20 doit

1183 5261 46 17 une
1242 5260 86 17 somme
1342 5255 130 30 vingt-cinq
1485 5255 44 20 fols
1542 5253 130 26 supérieure
1686 5254 23 20 et

1183 5285 30 17 ne
1227 5285 37 16 me
1278 5280 52 25 paie
1345 5284 47 20 pas,
1407 5274 112 31 parait-il,
1535 5283 67 22 parce
1617 5283 43 19 que
1675 5279 34 20 les

1184 5310 98 17 sommes
1294 5305 38 26 qui
1345 5304 32 21 lui
1391 5305 53 20 sont
1457 5304 56 20 dues
1525 5304 15 21 &
1553 5305 54 20 titre
1620 5303 76 21 d'addi-

1185 5330 98 22 tionnels
1293 5333 43 21 par
1346 5329 21 21 le
1378 5329 176 25 gouvernement
1564 5333 31 16 ne
1605 5328 105 20 rentrent

1185 5360 41 20 pas
1242 5354 175 25 régulièrement
1436 5354 42 20 (un
1495 5353 62 21 solde
1575 5354 28 19 de
1619 5352 90 21 subside

1185 5381 28 21 de
1225 5380 50 20 1930
1286 5379 62 21 vient
1359 5379 29 20 de
1398 5378 89 22 rentrer
1498 5377 186 22 dernièrement).

1210 5406 34 20 Ne
1259 5403 98 21 serait-il
1372 5407 43 21 pas
1428 5402 52 26 plus
1493 5403 94 24 logique,
1602 5402 108 23 qu'avant

1185 5430 28 22 de
1224 5433 98 17 sommer
1332 5429 33 20 les
1376 5432 61 20 gens,
1448 5427 200 21 l'administration
1658 5427 52 24 paie

1186 5453 129 23 elle-même
1328 5457 36 17 ses
1378 5453 81 21 dettes.

1430 5477 19 21 1*
1460 5477 46 24 H™,
1516 5476 16 22 fc
1540 5477 21 21 P
1560 5481 15 17 a
1574 5476 34 22 rd
1608 5480 46 17 enn
1653 5480 31 17 ct.

1770 4839 213 30 ARRESTATION
2013 4840 70 29 D'UN
2108 4840 103 29 AGENT

1910 4891 175 30 D'AFFAIRES

1752 4966 106 25 Malines.
1878 4967 26 20 30
1924 4967 57 25 juin.
1997 4978 28 7 —
2044 4968 51 22 Une
2116 4968 136 23 instruction

1727 4992 36 20 est
1775 4993 92 20 ouverte
1878 4991 15 21 à
1905 4992 104 24 Mallnes,
2019 4993 15 21 à
2046 4993 84 24 charge
2143 4993 31 22 du
2187 4996 55 18 nom-

1728 5016 36 21 mé
1779 5016 85 24 Joseph
1879 5016 95 24 Francx,
1989 5018 69 24 agent
2074 5017 124 23 d'affaires,
2213 5018 28 21 de-

1728 5041 107 21 meurent
1850 5041 14 20 à
1879 5040 83 25 Lierre,
1977 5041 251 22 MarcM-au-Foluon.

1754 5072 31 22 Oe
1804 5071 91 22 dernier
1910 5072 37 21 est
1965 5072 99 24 prévenu
2082 5072 86 22 d'avoir
2185 5073 69 22 abusé

1729 5096 27 21 de
1766 5096 22 21 la
1799 5096 120 21 confiance
1928 5096 27 22 de
1967 5096 111 25 plusieurs
2088 5097 28 21 de
2127 5100 36 18 ses
2173 5097 81 22 clients

1728 5123 24 19 et
1765 5120 86 22 d'avoir
1862 5120 107 25 escroqué
1983 5121 40 22 des
2037 5124 98 19 sommes
2146 5121 108 22 s'élevant

1729 5146 14 20 k
1767 5149 33 17 un
1824 5145 58 22 total
1908 5144 27 23 de
1961 5145 50 22 olus
2035 5145 55 22 d'un
2113 5145 89 22 million
2226 5147 27 22 de

1729 5170 84 20 francs.

1754 5201 90 22 Prancx
1861 5199 92 25 parvint
1968 5200 15 22 k
1999 5205 23 17 se
2039 5200 58 22 faire
2114 5201 88 22 oonfler
2217 5206 37 18 ces

1730 5229 97 17 sommes
1848 5228 52 17 sous
1921 5224 102 25 prétexte
2044 5225 28 21 de
2093 5224 33 22 les
2146 5225 77 24 placer
2241 5227 13 21 à

1730 5249 85 25 grands
1828 5247 96 23 Intérêts
1940 5249 58 22 dans
2011 5249 41 21 des
2067 5249 129 23 Industries.
2212 5251 43 21 Les

1730 5274 99 24 plaintes
1846 5273 15 21 k
1879 5273 83 24 charge
1981 5274 27 21 de
2026 5274 90 20 Francx
2133 5279 23 16 se
2176 5274 66 22 multi-

1731 5298 71 25 plient
1813 5298 104 24 toujours
1930 5302 30 16 au
1973 5298 96 24 parquet
2083 5298 27 22 de
2124 5298 105 23 Mallnes.

1755 5323 90 21 Francx
1857 5327 14 16 a
1883 5321 37 21 Mé
1932 5321 89 22 déclaré
2030 5326 31 17 en
2073 5322 82 21 faillite
2164 5323 25 21 et
2201 5327 42 25 pro-

1730 5346 146 21 visoirement
1893 5345 36 22 été
1948 5346 43 22 mis
2008 5350 53 17 sous
2079 5347 96 22 mandat
2194 5347 48 22 d'ar-

1730 5372 42 20 rêt.

1755 5402 38 20 Un
1806 5401 28 21 de
1849 5406 36 16 ses
1900 5401 87 23 clients,
2001 5400 22 22 le
2037 5402 93 20 nommé
2144 5403 51 19 Van
2210 5404 45 20 den

1730 5427 98 23 Brande,
1840 5426 134 21 demeurant
1985 5426 14 21 k
2010 5426 82 24 Lierre,
2102 5430 36 21 qui
2151 5426 32 21 lul
2193 5428 63 21 avait

1730 5450 76 21 confié
1820 5455 46 16 une
1879 5455 88 16 somme
1980 5450 29 22 de
2023 5450 84 24 200,000
2121 5451 86 25 franc*,
2220 5452 36 20 est

1730 5476 62 21 mort
1804 5475 140 21 subitement
1956 5479 31 16 en
1999 5474 132 25 apprenant
2143 5474 22 22 le
2177 5475 78 22 krach.

2510 4114 80 21 EtulUt/;
2609 4115 112 21 Espéranto.

2308 4145 59 19 raix
2383 4146 144 17 roncevaux
2547 4148 56 19 'vooo
2619 4148 31 20 fr.,
2666 4148 50 19 a.soo
2732 4149 34 19 m.)

2283 4173 14 16 A
2309 4173 70 17 vendre
2391 4176 38 13 aux
2441 4173 104 17 enchères.)
2560 4174 35 17 Le,
2607 4174 85 18 ohev.ux
2704 4178 25 15 ns
2741 4176 63 16 ieront

2292 4196 36 13 nas
2343 4193 12 16 à
2370 4192 92 18 réclamer
2477 4194 59 15 aavent
2551 4193 21 17 la
2586 4197 71 14 courir.

2274 4218 17 16 J.
2307 4218 42 17 Van
2364 4217 60 17 Stalle
2546 4219 10 15 3
2568 4220 82 17 Cr-.slitc

2274 4238 17 16 J.
2307 4238 42 16 Van
2364 4237 60 17 Stalle
2546 4239 9 15 1
2567 4239 76 17 Athéna
2654 4240 39 18 Pol.
2705 4253 4 4 .

2275 4257 45 17 Mlle
2335 4258 18 16 J.
2370 4257 84 17 Aahman
2546 4259 10 15 3
2567 4259 68 20 Klnf'a
2648 4259 54 18 Lowe

2275 4277 20 16 F.
2310 4277 41 17 Van
2367 4277 47 17 Brée
2545 4279 10 15 3
2567 4279 65 17 Moukl

2275 4296 47 17 Adh.
2337 4296 89 17 Doulière
2546 4299 10 15 3
2567 4299 69 17 Raaeal
2649 4300 42 16 Tou

2274 4317 22 16 o.
2310 4317 94 16 Lambeau
2546 4319 9 15 3
2567 4319 91 17 Rondelle

2275 4337 20 15 A.
2306 4337 28 15 De
2344 4337 74 16 winter
2545 4339 11 15 s
2567 4339 88 17 Boulette

2275 4357 18 15 J.
2305 4357 28 15 W.
2345 4356 93 17 Shadbolt
2545 4359 10 15 3
2566 4358 94 17 Vaucluae
2736 4359 28 19 6,0
2775 4359 22 17 47

2296 4383 52 16 Nous
2363 4383 101 19 désignons
2480 4387 5 13 :
2500 4384 72 20 Moukl;
2588 4385 70 17 Rascal
2672 4386 48 17 Toil.

2317 4415 59 18 PRIX
2389 4415 33 18 DD
2435 4415 95 18 MANOIR
2547 4417 56 19 (8,000
2616 4417 32 21 fr.,
2663 4418 48 20 1,000

2727 4221 37 19 10.0
2776 4221 29 18 ni

2737 4241 28 18 8,0
2775 4241 21 17 M

2727 4261 38 18 10.0
2776 4261 20 17 M

2737 4279 28 21 6,0
2775 4280 22 17 47

2736 4300 28 19 6,0
2775 4300 22 17 47

2748 4320 27 19 6.0
2786 4320 21 17 47

2737 4340 28 18 6.0
2775 4340 22 16 47

2737 4420 21 18 l.)

2545 4483 11 16 2
2567 4483 60 18 Silver
2643 4484 53 20 Hope

2546 4503 10 17 2
2567 4503 125 21 Tartempion

2545 4523 10 16 3
2567 4524 92 19 Hampole

2769 4518 3 4 .
2786 4506 20 16 55

2787 4524 20 19 M

2275 4522 64 16 Baron
2354 4521 112 20 Brugmann

2275 4541 65 17 Baron
2354 4541 112 20 Brugmann

2546 4543 10 16 3
2567 4544 115 19 He!;e'.ghem

2787 4545 18 16 SI

2545 4562 11 17 2
2567 4563 62 18 Prado

2547 4583 10 15 3
2569 4583 98 20 Saragrlm

2769 4596 4 4 .
2786 4584 20 16 M

2788 4604 19 16 M

2275 4600 21 17 E.
2315 4600 74 20 Mlgnot

2275 4620 22 16 B.
2310 4620 65 16 Vlsart
2388 4619 23 17 de
2423 4619 97 18 Bocarmé.
2523 4633 4 3 -

2788 4624 17 15 M

2788 4663 18 15 51

2787 4683 20 16 M

2545 4681 11 17 1
2567 4682 83 20 Crta.*r»

2275 4717 46 18 Mlle
2336 4718 18 17 J.
2371 4718 85 17 Ashman

2788 4722 19 16 M

2276 4737 44 17 Mlle
2332 4737 23 17 T.
2368 4737 23 17 de
2404 4738 56 17 Czcti

2546 4741 11 17 3
2568 4742 40 17 Sun
2621 4742 88 20 Surprise
2734 4754 19 5 ...

2787 4743 18 16 Bl

2298 4763 51 18 Sous
2365 4764 102 20 désignons
2484 4769 5 14 :
2505 4766 35 17 aih

2546 4770 20 15 er
2581 4768 60 20 Hope:
2658 4768 99 21 Hampole.

2318 4796 58 17 PBIX
2389 4796 44 19 DES
2447 4797 86 19 SERRES

2550 4800 57 20 17,000
2620 4801 30 19 fr..
2665 4801 48 20 1,850
2726 4803 33 19 m.)

2276 4821 22 17 R.
2314 4821 67 20 OUbey
2524 4836 5 5 .

2778 4848 27 15 W

2276 4861 26 18 M.
2314 4861 23 18 de
2348 4861 53 18 Vrlei

2548 4865 9 17 î
2568 4865 57 17 Elaaa

2277 4899 63 18 Frank
2358 4900 55 18 Ofllls

2277 4919 63 18 Baron
2357 4921 110 20 Brugmann
2496 4935 25 5 ....

2547 4924 10 16 5
2568 4925 73 20 Bjull.y
2717 4919 41 24 7.....

2277 4939 65 17 Comte
2356 4940 147 23 d'Ansembourg
2517 4955 11 5 ..

2547 4944 11 17 4
2568 4944 72 18 rlesole

2778 4946 27 17 Ml

2277 4958 65 18 Comte
2356 4959 147 23 d'Ansembourg
2518 4975 10 4 .,

2778 4966 19 15 M

2277 4978 22 17 R.
2312 4978 64 18 Vlsart
2389 4980 23 17 de
2425 4981 90 18 Bocarmé

2547 4986 10 14 il
2568 4984 54 17 Wal»
2637 4985 50 17 Over

2778 4986 19 14 .3

2277 4997 36 18 Jhr
2325 4998 21 17 C.
2358 4999 92 20 Repelaer

2546 5004 10 16 S
2568 5003 107 18 Cavalcade

2277 5017 22 16 R.
2313 5017 63 18 Vlsart
2389 5019 23 18 de
2424 5020 91 19 Boctrmé

2778 5025 19 15 in

2277 5037 50 18 Mme
2339 5038 24 17 H.
2376 5039 84 18 Pauwels

2547 5043 10 17 1
2569 5043 82 19 Loyauté

2777 5045 21 15 i»

2298 5063 52 18 Mous
2367 5064 101 22 désignons
2485 5071 5 14 :
2507 5068 27 18 Ce

2541 5068 82 21 ralcade;
2640 5070 119 17 Oalehardia

2319 5095 59 19 PRIX
2394 5098 129 19 CORNEILLE

2542 5102 57 18 11,000
2613 5101 32 21 fr.,
2660 5102 49 20 1,000
2723 5105 34 17 m.)

2277 5140 17 11 m
2311 5141 18 10 -m
2368 5143 15 8 *.
2395 5143 9 8 t
2482 5126 24 18 (H
2507 5130 12 14 *
2519 5130 21 14 D(

2547 5127 50 21 Icap)

2777 5149 20 15 «-.'

2278 5162 22 17 H.
2315 5162 78 21 Lannoy

2547 5166 10 17 J
2568 5166 73 19 Sarasll

2777 5169 18 15 M

2278 5184 62 15 Baron
2357 5183 110 20 Brugmann

2777 5186 28 21 lll

2278 5201 62 18 Baron
2357 5203 111 20 Brugmann

2777 5207 18 15 M

2278 5221 19 17 E.
2311 5221 73 21 Mlgnot

2548 5225 10 18 4
2568 5225 114 25 Folrphème

2776 5226 21 15 VI

2278 5240 62 19 Baron
2357 5242 111 21 Brugmann

2776 5245 20 15 ,1»

2277 5260 20 17 E.
2311 5261 74 20 Mlgnot

2777 5265 19 14 _n

2277 5280 36 17 Jhr
2325 5281 21 17 u.
2358 5281 93 21 Repelaer

2776 5283 20 15 [3

2278 5299 22 18 H.
2315 5300 79 19 Lannoy

2548 5304 10 16 6
2568 5305 26 16 Le
2606 5304 82 20 Bourget

2775 5302 21 16 «b

2278 5319 51 18 Edm.
2345 5320 81 18 Boulvtn

2548 5324 9 16 «
2568 5323 81 21 Daphn*

2776 5321 20 16 M

2279 5339 62 18 ■Frank
2357 5340 57 18 OUHs

2776 5341 20 15 M

2548 5363 9 17 9
2568 5363 80 17 Juliette

2776 5360 20 15 S3

2776 5379 19 15 51

2279 5378 18 17 P.
2314 5378 91 19 Wnarton

2279 5398 43 16 Max
2337 5398 100 20 Dugniolie

2279 5417 20 17 F.
2310 5417 27 17 du
2348 5418 42 20 Roy
2402 5419 24 17 de
2438 5419 76 20 BUcquy
2525 5433 3 3 .

2548 5422 10 16 S
2568 5420 66 17 A.-atfa

2775 5417 22 15 411

2279 5437 36 17 Cdt
2327 5437 20 17 L.
2360 5438 80 18 Clooten

2548 5441 9 17 !
2568 5441 77 16 G.r_aro

2275 5457 20 17 P.
2309 5457 128 20 Bcnuermana

2548 5460 10 18 1
2568 5460 41 18 Sun
2624 5459 31 20 D»
2681 5467 3 10 i

2775 5455 22 16 44

2834 881 42 20 UN
2892 881 141 21 POCHaaBD
3051 881 146 22 DÉVALISÉ.
3212 892 28 6 —
3255 884 69 20 Same-

2809 906 23 21 di
2848 906 52 23 soir,
2917 906 21 20 le
2954 905 93 21 nommé
3063 907 100 24 Auguste
3180 908 46 23 V...,
3242 908 82 21 demeu-

2809 932 55 20 rant
2880 936 41 16 rue
2940 931 109 23 Moretus,
3066 932 15 21 à
3099 933 145 23 Anderlecht,
3261 932 77 22 s'était

2811 956 91 21 attardé
2920 956 60 21 dans
2996 956 34 21 les
3047 956 62 21 cafés
3127 957 39 22 des
3184 958 108 21 environs
3308 957 29 20 de

2811 981 21 22 la
2852 986 54 20 gare
2926 981 30 21 du
2975 980 69 21 Nord.
3062 981 55 22 Vers
3135 983 59 21 deux
3211 983 84 21 heures
3313 982 24 19 et

2810 1006 80 22 demie,
2904 1005 169 26 passablement
3079 1001 58 30 Ivre,
3150 1008 16 20 11
3180 1008 88 21 échoua
3280 1007 45 20 bou-

2813 1031 77 21 levard
2915 1031 110 21 d'Anvers
3049 1032 24 20 et
3095 1033 121 24 s'assoupit
3240 1036 40 17 sur
3304 1035 34 15 un

2811 1057 65 20 banc.
2893 1055 86 24 Quand
2995 1055 17 21 11
3029 1060 24 16 se
3070 1056 91 22 réveilla
3179 1058 59 20 deux
3256 1057 83 20 heures

2812 1081 50 24 plus
2880 1081 60 23 tard,
2957 1080 17 21 il
2993 1082 103 20 constata
3114 1087 43 20 que
3175 1082 104 26 pendant
3297 1083 42 18 son

2812 1106 102 21 sommeil
2926 1106 16 21 11
2954 1105 64 21 avait
3027 1105 37 22 été
3075 1106 84 22 délesté
3171 1108 28 20 de
3211 1111 43 16 son
3260 1104 66 28 porte-

2812 1131 77 21 feuille
2921 1130 127 22 contenant
3079 1132 94 22 environ
3198 1131 57 21 trois
3274 1129 66 22 cents

2813 1156 84 24 francs,
2913 1156 60 20 ainsi
2989 1160 43 20 que
3046 1156 27 22 de
3089 1162 26 16 sa
3130 1157 98 22 montre.
3243 1166 27 5 —
3285 1155 28 20 D.

2811 1201 66 19 Elises
2890 1201 18 17 le
2923 1201 25 16 SI
2953 1200 44 16 CEt
3005 1200 70 17 rafflnt
3082 1201 23 17 de
3112 1200 140 18 TIRLEMONT
3262 1199 77 17 'HB18/1

2837 1240 43 21 UN
2894 1238 143 22 CYCLISTE
3052 1240 72 22 SOUS
3138 1240 61 21 UNE
3212 1238 89 22 AUTO.
3314 1247 27 8 —

2814 1264 126 22 Dimanche
2953 1263 80 22 matin,
3046 1264 20 21 le
3077 1265 92 24 cycliste
3181 1263 110 25 François
3302 1262 39 24 M,

2812 1289 43 25 âgé
2870 1290 28 21 de
2913 1289 24 20 17
2953 1293 48 18 ans,
3016 1289 134 22 demeurant
3165 1294 40 17 rue
3221 1289 40 21 des
3275 1288 65 23 Qua-

2814 1314 125 23 tre-Vents,
2954 1313 135 23 débouchait
3103 1315 28 21 de
3146 1315 60 21 cette
3220 1318 48 19 rue,
3282 1313 47 21 lors-

2814 1344 42 20 que
2872 1339 65 25 place
2953 1338 28 21 de
2996 1338 23 22 la
3035 1340 120 22 Duchesse,
3172 1341 15 20 il
3205 1346 12 14 a
3235 1338 36 21 été
3286 1341 43 18 ren-

2815 1365 62 21 versé
2896 1369 43 21 par
2958 1368 33 16 un
3009 1367 48 19 taxi
3076 1365 56 22 dont
3150 1369 47 17 une
3216 1364 41 21 des
3274 1367 68 16 roues

2814 1390 32 21 lui
2861 1390 78 20 aicrasa
2955 1389 21 21 le
2990 1388 58 25 pied.
3063 1390 48 20 M...
3127 1395 16 16 a
3157 1389 38 22 été
3209 1387 132 26 transporté

2813 1416 15 20 à
2850 1414 104 24 l'hôpital
2976 1414 139 25 Brugmann.
3137 1425 27 6 —
3185 1415 29 21 D.

2834 1459 42 17 LES
2898 1459 82 16 BIERES
3003 1458 142 18 MOEREMANS
3166 1459 17 17 al
3204 1459 91 19 exquises.

2856 1478 76 18 Livrées
2945 1482 24 13 en
2982 1478 98 17 bouteilles
3092 1479 133 20 magnifique»,

2857 1501 16 16 A
2893 1499 136 18 bouchonnaie
3048 1499 43 17 bien
3111 1499 122 20 hermétique.

2858 1520 36 16 Sur
2914 1519 26 16 les
2960 1519 71 16 bonnes
3050 1519 59 17 tables
3128 1520 44 17 sont
3191 1519 24 17 de
3234 1518 54 18 mise.

2836 1539 37 20 Ht.
2885 1539 92 17 chaussée
2988 1539 23 16 de
3023 1540 58 15 Mons.
3092 1540 39 17 Tél.
3143 1540 83 17 31.19.75.
3241 1538 98 17 ID3141-I7

2840 1579 43 21 UN
2901 1578 153 24 QUARTIER
3074 1579 70 23 SANS
3163 1578 142 22 LUMIERE,
3323 1578 20 19 A

2816 1603 202 21 SCHAERBEEK.
3035 1613 28 6 —
3078 1604 134 24 Dimanche,
3229 1607 52 17 vers
3298 1602 33 21 mi-

2815 1629 52 21 nuit
2884 1630 25 20 et
2926 1628 67 23 demi,
3011 1632 44 21 par
3071 1629 57 21 suite
3146 1629 56 22 d'un
3218 1627 114 23 court-cir-

2815 1654 55 24 cuit,
2884 1653 22 22 le
2921 1654 39 21 feu
2976 1654 53 21 s'est
3044 1653 87 22 déclaré
3146 1654 59 21 dans
3219 1657 48 18 une
3281 1652 62 21 boite

2816 1679 28 21 de
2878 1678 184 22 sectionnement
3090 1679 27 21 de
3154 1677 146 24 l'électricité,
3329 1676 15 22 à

2817 1704 81 25 l'angle
2913 1704 29 21 de
2955 1703 25 21 la
2994 1703 108 21 chaussée
3114 1704 29 21 de
3159 1704 101 20 Louvain
3274 1702 26 22 et
3316 1702 28 21 de

2816 1730 22 20 la
2853 1734 41 17 rue
2908 1728 102 25 Auguste
3025 1728 133 22 Lambiotte.
3172 1729 44 21 Les
3229 1727 116 27 pompiers

2816 1754 28 21 de
2865 1754 23 22 la
2909 1758 128 18 commune,
3058 1758 107 17 accourus
3186 1752 99 24 aussitôt
3305 1756 40 17 sur

2817 1779 32 21 les
2870 1779 68 23 lieux,
2958 1776 42 23 ont
3021 1778 73 22 éteint
3112 1779 33 21 les
3165 1779 113 21 flammes.
3298 1777 47 22 Par

2817 1804 59 22 suite
2887 1804 30 22 de
2927 1804 38 21 cet
2976 1802 111 25 accident,
3097 1804 22 21 le
3130 1804 101 25 quartier
3242 1808 25 16 se
3279 1803 53 21 trou-

2817 1829 49 21 vait
2880 1833 8 17 ;
2914 1830 23 20 ls
2953 1828 102 21 lumière.
3071 1829 132 23 Dimanche,
3220 1828 15 21 à
3251 1828 24 21 la
3291 1832 41 21 pre-

2817 1854 70 21 mière
2908 1856 78 21 heure,
3008 1854 21 21 le
3051 1854 83 21 service
3156 1854 28 22 de
3206 1851 139 24 l'électricité

2817 1884 14 16 a
2848 1879 48 25 pris
2912 1879 34 21 les
2963 1883 101 16 mesures
3080 1878 137 22 nécessaires
3232 1883 59 21 pour
3307 1882 25 16 re-

2817 1902 86 23 médier
2919 1904 16 22 k
2951 1903 127 22 l'accident.
3093 1914 28 5 —
3135 1905 29 20 D.

2843 1949 52 21 LES
2919 1949 76 21 VOLS
3019 1948 79 21 DANS
3121 1947 212 23 L'AGGLOMERA-

2818 1973 79 22 TION.
2919 1983 29 6 —
2970 1972 94 21 Samedi
3087 1972 52 24 soir,
3161 1973 103 28 pendant
3287 1973 46 21 l'ab-

2818 2003 67 17 sence
2902 1999 41 21 des
2959 1998 75 25 époux
3052 1998 60 24 W...,
3129 1998 108 21 habitant
3254 2003 41 17 rue
3314 1998 31 21 du

2818 2025 71 23 Foyer
2905 2023 184 23 Schaerbeekols,
3105 2026 32 18 un
3154 2023 132 21 malfaiteur
3292 2023 54 21 s'est

2819 2049 112 21 introduit
2947 2048 16 21 à
2979 2048 67 21 l'aide
3064 2048 28 21 de
3109 2048 89 21 fausses
3213 2048 56 22 clefs
3287 2048 59 21 dans

2818 2074 49 21 leur
2889 2073 168 26 appartement
3078 2072 39 24 Là,
3138 2073 17 21 11
3176 2078 15 17 a
3212 2073 79 22 fouillé
3312 2073 34 21 les

2819 2098 100 22 meubles
2931 2100 25 19 et
2968 2097 109 23 retourné
3090 2098 23 21 la
3126 2098 80 22 literie.
3219 2099 51 20 Une
3284 2103 49 16 som-

2819 2129 35 16 me
2875 2124 28 21 de
2924 2124 38 21 (00
2984 2124 85 23 francs,
3091 2123 39 21 des
3150 2123 78 24 bijoux
3247 2124 26 20 et
3293 2123 52 28 cinq

2818 2149 89 22 actions
2926 2149 40 21 des
2986 2148 99 26 Régions
3106 2147 122 25 dévastées,
3248 2148 41 21 ont
3309 2147 37 22 été

2818 2174 66 22 volés.
2898 2185 28 5 —
2939 2174 29 22 D.

2842 2216 27 5 —
2882 2205 35 21 En
2932 2205 108 21 rentrant
3056 2204 56 22 chez
3126 2209 50 19 eux,
3192 2205 86 21 samedi
3295 2204 51 24 soir,

2819 2231 32 20 les
2864 2230 73 25 époux
2948 2231 50 23 L...,
3011 2230 137 21 demeurant
3160 2234 41 17 rue
3214 2229 132 22 Hotel-des-

2819 2255 126 24 Monnales,
2961 2256 15 20 à
2991 2255 121 23 St-Gllles,
3127 2255 42 21 ont
3184 2254 104 22 constaté
3303 2259 44 20 que

2820 2280 103 25 pendant
2945 2280 50 21 leur
3018 2280 97 21 absence
3138 2284 33 17 un
3193 2279 79 22 voteur
3294 2280 53 21 s'est

2820 2306 111 21 introduit
2947 2306 56 20 chez
3019 2310 44 16 eux
3078 2306 26 20 et
3120 2310 14 16 a
3151 2305 46 21 fait
3211 2305 63 21 main
3281 2304 65 22 basse

2819 2335 40 17 sur
2879 2335 46 17 une
2946 2335 86 17 somme
3054 2330 28 22 de
3103 2330 53 21 huit
3177 2331 65 20 cents
3263 2330 82 21 francs

2819 2366 26 6 —
2862 2356 29 22 D.

2850 2393 196 21 GRIEVEMENT
3058 2392 107 22 BLESSA
3177 2392 19 21 A
3208 2392 140 21 OSTENDE.

2823 2428 27 5 —
2867 2418 31 22 Le
2917 2418 91 25 cycliste
3027 2418 80 21 Albert
3124 2418 52 21 Van
3194 2418 82 22 Troost
3294 2421 42 17 rou-

2823 2443 44 21 lait
2877 2443 61 22 dans
2949 2443 23 21 la
2984 2447 41 17 rue
3037 2443 130 24 Lefflnghe,
3179 2447 31 16 en
3221 2442 87 21 venant
3320 2442 28 20 de

2823 2473 26 16 ce
2866 2468 82 25 village
2964 2469 25 20 et
3006 2468 87 25 portait
3108 2472 41 16 sur
3165 2472 42 16 son
3225 2467 85 25 guidon
3327 2467 22 21 le

2824 2493 59 24 petit
2894 2492 79 22 André
2985 2493 92 24 Braem,
3090 2493 12 20 8
3116 2497 49 20 ans,
3178 2492 129 26 également
3319 2491 30 22 de

2824 2518 130 25 Lefflnghe.

2850 2550 20 20 A
2886 2549 89 21 certain
2991 2549 110 24 moment,
3115 2549 25 21 la
3155 2548 81 26 pédale
3252 2549 87 21 s'accro-

2825 2574 44 21 cha
2880 2579 15 16 a
2905 2579 46 16 une
2962 2575 74 23 pierre
3046 2575 26 20 et
3081 2574 99 21 l'enfant
3191 2574 38 20 fut
3240 2573 110 25 précipité

2824 2604 54 16 sous
2897 2599 21 21 le
2937 2599 52 21 vélo
3007 2600 26 20 et
3053 2598 139 25 grièvement
3212 2598 73 22 blessé
3305 2603 46 16 aux

2826 2623 70 25 pieds.
2912 2625 38 19 On
2965 2624 42 20 dut
3023 2624 20 20 le
3060 2624 142 24 transporter
3217 2623 15 20 à
3248 2622 104 25 l'hôpital

2827 2648 130 21 d'Ostende.
2974 2649 31 20 Le
3025 2648 91 25 cycliste
3136 2653 14 16 a
3169 2648 129 24 paiement
3316 2647 36 21 été

2825 2674 80 20 blessé.

2851 2711 87 20 NOTÉ.
2956 2722 28 5 —
2999 2711 32 21 Le
3048 2710 93 21 nommé
3159 2710 96 21 Ohar.es
3272 2710 80 23 Roose,

2826 2736 57 21 était
2898 2736 45 21 allé
2956 2740 26 17 se
2996 2736 96 24 baigner
3107 2736 59 21 dans
3180 2735 33 20 les
3227 2734 82 25 étangs
3324 2735 27 20 de

2825 2761 109 20 Declœdt
2946 2761 15 20 à
2973 2760 307 25 Steenbrugge-lez-Bruges.
3292 2759 61 21 Tout

2825 2785 15 20 à
2855 2790 59 20 coup
2928 2786 17 20 il
2961 2785 105 24 disparut
3081 2784 59 21 dans
3155 2784 64 21 l'eau.
3234 2784 86 24 Quand
3334 2784 17 20 il

2825 2811 43 23 put
2879 2809 48 23 être
2938 2809 95 21 ramené
3043 2814 40 17 sur
3094 2810 23 21 la
3128 2809 75 24 berge,
3213 2809 21 21 le
3245 2809 94 20 malheu-

2825 2839 56 17 reux
2896 2835 63 21 avait
2975 2834 62 22 cessé
3052 2835 29 21 de
3097 2835 69 20 vivre.

2845 2870 108 26 Triste
2977 2873 129 20 noyade.
3129 2883 29 6 —
3168 2885 4 10 ,
3182 2873 93 20 samedi
3298 2871 52 25 soir,

2820 2902 32 17 un
2868 2897 85 25 pupille
2967 2898 29 21 de
3012 2897 92 21 l'armée
3121 2897 30 21 de
3164 2896 77 22 l'école
3257 2895 92 25 d'iUost,

2821 2922 86 22 Marcel
2921 2922 123 24 Juchman,
3058 2921 42 25 kgé
3113 2922 28 20 de
3156 2922 25 20 IA
3193 2926 50 19 ans,
3257 2922 81 20 demeu-

2821 2948 54 21 rant
2888 2948 15 22 k
2918 2947 102 23 Mortsel,
3036 2946 58 22 était
3109 2946 46 22 allé
3170 2951 72 20 nager
3257 2946 60 21 dans
3330 2946 20 20 le

2819 2973 79 20 bassin
2914 2973 28 21 de
2958 2971 109 22 natation
3080 2971 32 22 du
3126 2976 56 20 parc
3196 2971 155 24 Boel_enberg,

2821 2998 14 20 à
2849 2998 99 20 Deurne.
2962 2996 107 21 Pendant
3083 3000 43 20 que
3141 2996 22 21 le
3177 2996 69 25 Jeune
3259 2996 92 20 homme

2821 3022 59 22 était
2902 3022 59 21 dans
2983 3022 67 24 l'eau,
3071 3025 44 17 son
3136 3020 62 21 frère
3220 3019 132 23 l'attendait

2821 3047 60 21 dans
2892 3048 23 20 le
2931 3050 62 21 parc.
3009 3047 34 20 Ne
3057 3046 22 21 le
3096 3046 86 24 voyant
3199 3049 43 21 pas
3254 3044 98 23 revenir,

2822 3073 16 20 U
2849 3073 81 20 rentra
2941 3072 56 20 chez
3006 3071 40 23 lul,
3058 3071 97 23 croyant
3166 3069 116 26 qu'.'Ubert
3295 3069 58 21 était

2821 3096 84 21 rentré.
2919 3096 61 21 Mais
2994 3095 63 21 nulle
3071 3095 55 25 part
3139 3099 32 17 on
3186 3094 87 21 n'avait
3288 3098 30 17 vu
3332 3093 21 22 le

2822 3122 92 24 Dupille.
2930 3122 38 20 On
2985 3121 111 21 retourna
3114 3125 30 17 au
3161 3124 55 21 parc
3235 3120 116 20 Boecken-

2822 3148 54 23 berg
2889 3140 58 31 paiur
2960 3146 60 21 faire
3034 3146 40 21 des
3088 3145 113 25 sondages
3213 3144 25 22 et
3251 3149 32 17 on
3296 3143 55 22 finit

2822 3176 42 20 par
2892 3170 111 25 repêcher
3034 3171 22 21 le
3089 3169 98 22 cadavre
3219 3169 32 22 du
3283 3169 68 25 jeune

2822 3197 100 21 homme.

2848 3232 105 21 TOMBÉ
2974 3232 79 22 DANS
3076 3232 53 20 LES
3152 3230 114 22 VITRES.
3285 3240 29 6 —
3334 3230 21 21 A

2823 3257 76 25 Gand,
2912 3258 21 20 le
2946 3257 92 22 nommé
3052 3258 103 20 Gustave
3169 3257 83 23 Savyn,
3265 3256 26 20 38
3304 3259 50 20 ans,

2823 3283 108 23 ébéniste,
2954 3283 138 21 demeurant
3113 3286 41 17 rue
3176 3281 31 22 du
3229 3281 79 24 Foyer,
3329 3284 25 17 se

2823 3309 110 21 trouvant
2945 3312 53 18 sous
3009 3308 132 21 l'influence
3152 3307 29 21 de
3194 3306 23 22 la
3229 3306 91 21 boisson
3332 3310 22 19 a,

2823 3338 30 16 en
2874 3333 88 21 faisant
2983 3338 46 16 une
3050 3333 76 23 chute,
3146 3332 76 22 donné
3243 3331 59 20 dans
3321 3330 34 21 les

2824 3359 70 20 vitres
2913 3359 56 21 d'un
2987 3358 80 21 refuse
3088 3358 41 20 des
3148 3358 129 23 tramways,
3297 3355 45 21 bou-

2824 3384 79 21 levard
2918 3384 30 21 de
2964 3382 178 23 l'Horticulture.

2848 3415 124 24 L'homme,
2987 3414 140 25 grièvement
3140 3412 73 22 blessé
3226 3412 16 21 à
3255 3412 99 21 l'avant-

2824 3441 52 21 bras
2895 3441 61 21 droit
2974 3446 14 16 a
3005 3439 38 23 été
3061 3438 132 24 transporté
3210 3438 16 21 à
3243 3437 111 25 l'hôpital,

2825 3466 67 24 après
2910 3465 64 22 avoir
2990 3469 55 20 reçu
3063 3465 33 21 les
3114 3464 63 21 soins
3194 3467 43 19 aue
3255 3462 88 21 nécessi-

2824 3492 45 20 tait
2884 3495 43 17 son
2943 3490 56 22 état.

2849 3529 40 21 EN
2902 3528 118 22 JOUJ1NT
3033 3528 40 20 AU
3087 3526 122 22 CHEV.AL.
3221 3536 28 5 —
3261 3526 40 20 Un
3314 3530 27 16 ac-

2824 3554 78 22 cident
2917 3554 87 21 bizarre
3021 3553 52 21 s'est
3090 3552 92 25 produit
3199 3551 59 21 dans
3273 3550 24 23 la
3313 3555 41 17 rue

2825 3579 31 23 du
2876 3579 104 23 Mouton,
3000 3579 17 22 &
3038 3577 79 25 Gand;
3142 3577 33 21 les
3196 3576 96 21 enfants
3313 3576 28 21 Al-

2825 3605 87 24 phonse
2931 3605 26 20 et
2977 3603 86 25 Joseph
3083 3603 34 20 De
3138 3602 105 24 Catages,
3263 3605 79 21 respec-

2825 3629 111 21 tivement
2957 3629 28 21 de
3007 3629 25 20 10
3051 3628 25 21 et
3097 3627 29 22 de
3147 3627 12 20 9
3180 3631 49 19 ans,
3250 3625 105 26 Jouaient

2825 3659 30 18 au
2872 3654 79 21 cheval
2970 3653 58 22 dans
3044 3653 24 21 la
3084 3652 47 21 dite
3148 3656 47 20 rue,
3211 3656 31 16 en
3258 3651 52 22 face
3325 3651 29 21 de

2825 3680 22 21 la
2864 3679 89 22 maison
2969 3678 134 26 paternelle.

2850 3705 31 21 Le
2898 3704 81 21 cheval
2996 3703 76 22 s'était
3087 3701 88 27 engagé
3192 3706 40 17 sur
3248 3701 24 21 la
3288 3701 66 21 route

2825 3729 145 23 carrossable,
2985 3733 46 17 une
3046 3728 57 21 auto
3116 3727 109 22 conduite
3240 3731 43 21 par
3297 3726 47 22 Léo-

2825 3755 53 24 pold
2909 3753 149 26 Blanquaert,
3089 3752 114 22 domicilié
3233 3752 15 22 à
3280 3752 74 21 Gent-

2826 3780 90 24 brugge,
2931 3778 96 22 survint.

2851 3805 30 22 Le
2898 3805 59 25 petit
2974 3804 86 30 Joseph
3077 3803 70 22 laissa
3165 3802 65 23 choir
3244 3802 25 21 la
3284 3801 72 22 bride,

2825 3834 45 17 une
2885 3830 83 24 longue
2982 3830 76 23 corde,
3073 3828 60 22 mais
3147 3827 79 32 quand
3241 3828 34 21 les
3289 3831 67 17 roues

2824 3856 72 21 avant
2910 3855 28 22 de
2953 3855 71 21 l'auto
3037 3854 83 21 eurent
3134 3852 96 26 dépassé
3244 3853 23 21 la
3281 3852 75 23 corde,

2825 3881 87 24 Joseph
2927 3880 23 23 la
2968 3880 51 21 tira.
3036 3880 34 21 La
3085 3878 64 22 bride
3164 3878 131 22 s'accrocha
3311 3882 46 16 aux

2824 3910 72 17 roues-
2905 3904 97 23 arrières
3016 3905 31 22 du
3062 3903 109 22 véhicule.

2851 3931 87 25 Joseph
2962 3930 69 22 lâcha
3055 3930 67 24 prise,
3146 3929 59 21 mals
3229 3933 43 17 son
3295 3927 61 23 frire

2826 3956 115 25 Alphonse
2964 3955 39 22 fut
3026 3953 106 23 entraîné
3155 3959 44 21 par
3221 3954 72 22 l'auto
3316 3958 39 17 sur

2825 3985 45 19 une
2888 3982 103 20 distance
3010 3980 68 22 d'une
3097 3979 111 22 douzaine
3226 3979 28 22 de
3272 3977 84 24 mètres

2823 4007 26 22 et
2865 4005 164 23 sérieusement
3044 4004 74 23 blessé
3134 4009 31 20 au
3182 4004 64 23 front
3262 4004 24 22 et
3302 4005 15 21 à
3333 4004 22 22 la

2827 4031 52 24 loue
2894 4031 95 26 gauche.

2851 4057 31 22 Le
2900 4056 126 26 garçonnet
3044 4061 15 17 a
3077 4055 37 23 été
3132 4054 116 23 transféré
3265 4054 16 23 k
3298 4053 47 23 l'hô-

2826 4082 57 24 pital
2902 4081 67 27 après
2987 4081 65 22 avoir
3069 4081 38 23 été
3125 4080 79 27 soigné
3221 4080 123 27 provisoire-

2826 4108 65 22 ment
2906 4112 44 21 par
2964 4112 33 17 un
3013 4106 111 23 médecin.

2853 4145 145 22 CHAMBRE
3028 4145 43 22 DU
3102 4144 133 22 CONSEIL.
3264 4153 29 8 —
3325 4142 34 22 La

2827 4171 108 22 chambre
2952 4171 31 21 du
2999 4170 85 22 conseil
3100 4170 31 22 du
3147 4169 103 24 tribunal
3266 4168 28 21 de
3309 4168 36 22 Na-

2826 4200 52 17 mur
2894 4201 14 17 a
2923 4195 112 23 confirmé
3051 4195 22 21 le
3088 4194 97 23 mandat
3199 4193 86 23 d'arrêt
3300 4192 44 21 déli-

2826 4221 40 22 vré
2879 4221 15 22 à
2909 4221 84 26 charge
3008 4221 28 21 de
3051 4220 89 22 Hubert
3153 4220 77 21 Denot
3243 4218 45 25 qui,
3303 4221 41 18 ren-

2827 4246 80 23 contré
2922 4246 24 22 la
2960 4246 54 21 nuit
3029 4245 14 21 à
3059 4246 31 21 Le
3105 4246 66 20 Roux
3187 4249 43 20 par
3244 4243 39 21 des
3301 4245 42 21 gen-

2827 4272 91 21 darmes
2937 4272 39 21 aui
2995 4269 221 26 l'appréhendèrent,
3235 4267 120 23 s'échar"-.

2827 4297 41 23 des
2887 4297 75 21 mains
2981 4296 29 21 de
3030 4295 97 25 ceux-ci,
3147 4294 59 22 mals
3226 4293 37 21 fut
3282 4290 54 23 arrl
3345 4296 11 14 e

2827 4322 108 25 quelques
2952 4322 64 23 Jours
3032 4320 51 25 pius
3100 4320 60 22 tard.
3177 4318 87 23 Hubert
3281 4316 75 22 Denot

2826 4348 36 19 est
2877 4346 81 20 accusé
2974 4350 55 16 avec
3044 4350 43 16 son
3103 4344 60 22 frère
3180 4343 90 21 Nicolas
3284 4342 24 19 et
3322 4345 33 15 un

2827 4376 116 19 comparse
2962 4370 93 22 nommé
3074 4371 122 22 Deveyver.
3213 4368 29 21 de
3261 4366 47 22 vols
3326 4365 28 22 de

2827 4396 80 26 poules
2920 4397 24 21 et
2959 4396 27 23 de
3001 4395 82 26 lapins,
3097 4395 94 22 commis
3206 4393 16 21 il
3235 4397 15 20 y
3264 4396 14 16 a
3292 4390 51 26 quel-

2826 4426 55 21 ques
2896 4421 58 22 mois
2969 4421 59 22 dans
3042 4420 23 22 la
3080 4420 79 25 région
3174 4419 28 22 de
3216 4418 85 21 Fosses.

2854 4458 95 22 HaaPPÉ
2965 4459 59 22 PAR
3041 4458 60 22 UNE
3117 4457 86 22 AUTO.
3219 4465 27 6 —
3261 4454 21 21 A
3297 4451 59 24 Zèle,

2826 4488 40 18 sur
2883 4484 23 21 la
2926 4484 152 26 grand'route,
3098 4483 20 22 le
3137 4480 92 24 nommé
3246 4479 108 22 François

2826 4510 117 24 Blsschop,
2963 4509 42 24 âgé
3025 4509 27 27 r>
3073 4509 26 21 64
3118 4511 49 19 ans,
3185 4503 136 24 demeurant
3340 4507 14 15 a

2828 4534 105 22 Berlaere
2949 4539 14 17 a
2978 4534 36 21 été
3029 4535 76 24 hapné
3119 4537 42 21 par
3175 4535 45 17 une
3235 4528 54 22 auto
3302 4527 25 22 et
3342 4533 13 16 a

2827 4564 29 17 eu
2871 4564 47 17 une
2932 4559 77 26 Jambe
3025 4558 89 26 broyée.

2853 4591 31 21 Le
2909 4591 150 22 malheureux
3083 4594 15 16 a
3123 4587 37 23 été
3184 4583 131 27 transporté
3339 4582 16 22 à

2827 4616 105 26 l'hôpital
2944 4617 25 21 et
2979 4620 47 18 une
3039 4613 96 25 enquête
3147 4612 35 22 est
3193 4610 92 23 ouverte
3297 4613 58 21 pour

2828 4641 59 23 fixer
2904 4642 34 21 les
2954 4637 191 28 responsabilités.

2852 4673 38 22 LA
2906 4673 86 21 MOTO
3009 4669 123 24 DÉRAPA.
3147 4678 27 5 —
3189 4667 21 21 A
3224 4664 84 22 Deurle
3331 4664 23 21 la

2827 4698 63 21 moto
2911 4696 107 23 conduite
3045 4699 44 22 par
3116 4692 88 22 Gérard
3232 4689 123 26 Degeselle,

2828 4722 128 22 marchand
2973 4722 28 21 de
3019 4721 33 21 lin
3070 4719 16 21 à
3103 4716 153 25 Desselghem.
3273 4715 25 22 et
3317 4719 39 17 sur

2827 4748 96 24 laquelle
2940 4746 63 22 avait
3019 4743 128 27 également
3163 4741 48 33 pris
3227 4741 71 25 place,
3314 4741 28 20 Al-

2828 4773 87 25 phonse
2933 4771 100 22 Behaert
3051 4770 28 21 de
3096 4768 23 21 la
3137 4765 74 23 même
3228 4769 128 18 commune,

2828 4798 84 25 dérapa
2927 4801 31 17 en
2974 4795 94 22 voulant
3083 4792 108 25 dépasser
3204 4795 47 17 une
3268 4791 61 20 auto.

2853 4830 43 21 Les
2920 4828 57 21 deux
3000 4824 126 26 occupants
3149 4822 28 21 de
3200 4822 24 20 la
3248 4821 107 21 machine

2828 4854 79 22 furent
2921 4847 146 27 violemment
3081 4847 77 23 lancés
3170 4851 41 17 sur
3225 4848 21 21 le
3260 4845 58 26 pavé
3332 4847 24 20 et

2828 4877 161 23 sérieusement
3006 4873 89 23 blessés.

2854 4903 75 21 L'état
2954 4901 28 22 de
3005 4899 101 24 Bekaert
3129 4896 78 27 parait
3231 4896 123 22 alarmant.

2827 4929 42 21 Les
2888 4928 58 21 deux
2963 4925 103 22 victimes
3085 4923 41 21 ont
3145 4921 36 22 été
3200 4921 156 25 transportées

2828 4960 14 16 a
2865 4951 103 23 domlnile
2991 4948 66 26 après
3079 4948 63 22 avoir
3162 4951 55 21 reçu
3239 4946 34 22 les
3294 4947 62 22 soins

2828 4977 143 22 nécessaires.

3383 308 125 21 BLESSÉE
3520 308 59 20 PAR
3590 307 60 22 UNE
3663 306 220 22 CAMIONNETTE.

3359 344 25 5 —
3398 334 93 21 Samedi
3505 333 47 21 soir
3565 337 51 17 vers
3630 333 13 20 7
3657 332 24 21 b.
3696 331 33 24 30,
3743 335 34 17 un
3790 332 93 22 terrible

3358 358 105 22 accident
3478 358 28 21 de
3522 357 91 25 roulage
3628 357 55 21 s'est
3698 355 93 26 produit
3803 361 41 18 sur
3859 356 24 21 la

3358 384 64 22 route
3437 384 29 20 de
3481 382 108 21 Dudzelle
3604 382 15 21 à
3634 380 157 26 Westcapelle.

3383 409 33 20 La
3440 407 93 25 cycliste
3557 407 108 21 Godelive
3688 406 118 23 Blesman,
3828 406 56 26 âgée

3357 433 29 22 de
3404 433 24 20 13
3444 436 49 19 ans,
3509 431 39 24 qui
3562 431 85 22 suivait
3663 432 23 20 la
3702 431 59 25 piste
3777 430 107 24 cyclable,

3357 458 37 21 fut
3407 458 51 21 tout
3469 457 15 20 è,
3490 460 60 20 coup
3556 455 59 24 prise
3623 460 43 20 par
3672 460 45 16 une
3725 455 146 22 autocamion-

3358 483 64 20 nette
3440 481 38 25 qui
3497 480 83 20 chassa
3596 484 56 17 sans
3669 480 216 24 endommageaient

3358 507 23 21 la
3399 506 126 24 bicyclette,
3542 504 59 20 mals
3618 505 39 24 qut
3673 504 74 21 blessa
3764 510 15 16 a
3796 505 23 21 la
3837 503 49 23 tète

3359 532 23 21 la
3394 531 159 22 malheureuse
3566 528 90 21 fillette.

3358 563 31 21 Le
3409 560 142 23 conducteur
3570 558 77 22 arrêta
3665 564 28 16 sa
3712 560 88 22 voiture
3819 559 53 27 quel-

3359 592 56 20 ques
3428 585 122 22 moments,
3564 584 59 21 mals
3636 586 86 23 voyant
3734 585 22 21 le
3770 585 116 26 spectacle

3360 612 77 21 atroce
3448 609 54 25 qu'il
3512 608 78 23 venait
3599 609 29 21 de
3639 614 85 20 causer,
3734 610 48 25 prit
3792 610 24 20 la
3826 609 60 21 fuite

3360 641 50 17 vers
3427 635 101 21 l'Ecluse.

3387 661 61 21 C'est
3469 663 33 16 un
3522 660 154 24 commerçant
3695 658 133 23 hollandais
3847 658 40 24 qui

3361 687 45 20 fait
3421 685 41 21 des
3478 683 119 21 livraisons
3612 688 32 17 un
3660 689 45 21 peu
3721 684 95 25 partout
3831 682 16 21 à
3863 685 24 18 la

3360 711 58 21 côte.

3387 736 30 20 Le
3433 734 100 23 Parquet
3547 733 27 21 de
3588 734 87 25 Bruges
3688 734 55 21 s'est
3758 731 74 22 rendu
3846 736 40 17 sur

3361 761 65 25 place
3438 757 121 22 dimanche
3569 758 81 23 matin.

3383 795 150 23 ACCIDENT
3555 797 115 21 D'AUTO.
3692 806 27 6 —
3740 794 33 21 M.
3796 793 90 24 Bustin,

3358 821 136 23 demeurant
3505 820 62 25 place
3578 822 75 24 Verte,
3664 822 16 21 k
3690 819 96 23 Oouvln,
3796 823 26 17 se
3830 823 44 16 ren-

3358 846 50 22 dait
3422 849 31 16 en
3469 845 53 21 auto
3534 846 14 21 à
3563 846 126 23 Charlerol,
3703 843 79 26 o^iand
3795 848 27 16 sa
3836 843 37 21 voi-

3358 872 51 20 ture
3426 869 84 25 dérapa
3524 872 23 20 et
3562 871 46 21 alla
3623 871 67 21 buter
3703 868 80 21 contre
3799 872 32 16 un
3845 872 28 17 ar-

3358 897 40 19 bre
3411 894 29 21 de
3452 894 22 21 la
3486 895 70 22 route.
3568 896 33 21 La
3611 895 89 24 voiture
3711 893 38 21 est
3759 892 127 22 fortement

3357 918 169 26 endommagée,
3554 920 59 20 mais
3645 917 177 23 heureusement
3852 917 33 21 M.

3359 943 84 21 Bustin
3456 944 47 21 s'en
3517 944 35 21 est
3565 944 45 21 tiré
3626 947 56 17 avec
3698 942 41 20 des
3754 941 132 21 contusions

3359 972 55 17 sans
3430 968 91 24 gravité.

3385 1004 42 21 UN
3443 1005 108 21 HOMME
3569 1002 194 23 GRIEVEMENT
3780 1001 108 21 BLESSÉ

3361 1030 76 19 DANS
3449 1030 40 21 UN
3500 1030 125 22 CAMION.
3635 1038 28 6 —
3673 1027 49 21 Elle
3733 1027 74 21 allant
3818 1031 57 21 pren-

3361 1055 41 20 dre
3423 1059 41 18 son
3485 1056 83 21 travail
3590 1055 60 21 dans
3671 1057 47 17 une
3740 1051 98 21 carrière
3859 1051 30 22 de

3362 1081 72 21 pierre
3446 1080 27 21 de
3485 1081 23 21 la
3520 1076 236 25 Cote-Saint-aAndré,
3768 1077 32 20 M.
3812 1076 77 22 André

3361 1105 82 24 Mogay
3456 1105 122 24 découvrit,
3591 1109 39 16 sur
3642 1102 101 23 l'arrière
3755 1102 56 21 d'un
3823 1102 67 20 vieux

3361 1130 96 24 camion,
3469 1136 32 16 un
3512 1131 92 20 homme
3617 1129 85 21 étendu
3714 1132 56 16 sans
3781 1126 96 21 connais-

3362 1159 74 19 sance,
3458 1157 94 24 portant
3574 1159 31 17 au
3628 1154 64 21 front
3714 1153 29 21 de
3765 1150 126 28 profondes

3363 1180 109 21 blessures
3484 1180 52 22 d'où
3549 1181 21 22 le
3583 1183 59 20 sang
3655 1178 91 21 coulait.

3388 1205 30 21 Le
3432 1206 71 21 blessé
3519 1206 35 20 est
3569 1209 33 17 un
3616 1203 94 21 nommé
3724 1202 90 21 Marius
3827 1202 63 24 Dey-

3363 1234 46 19 gas,
3425 1230 41 24 Agé
3483 1231 29 21 de
3528 1230 26 21 35
3571 1233 50 19 ans,
3637 1227 92 22 ouvrier
3745 1226 105 25 agricole,
3866 1225 26 22 et

3364 1255 56 22 dont
3430 1256 24 21 la
3465 1256 85 21 femme
3563 1255 59 20 tient
3635 1253 16 21 à
3663 1251 228 23 Saint-Siméon-de-

3363 1281 124 24 Bressieux,
3496 1280 31 23 où
3538 1280 29 21 ils
3577 1277 114 26 habitent,
3702 1281 34 18 un
3746 1277 106 22 magasin
3862 1276 30 20 de

3363 1305 138 21 rouennerle.

3389 1331 31 20 M.
3433 1331 88 25 Deygas
3534 1329 58 22 était
3604 1328 62 26 parti
3679 1328 29 21 de
3721 1325 171 23 Salnt-Julien-

3364 1355 99 24 Lherms,
3479 1355 30 22 où
3524 1355 17 21 11
3557 1354 64 22 avait
3635 1353 57 22 fané
3707 1352 65 21 toute
3787 1352 24 21 la
3828 1351 52 25 Jour-

3364 1380 42 21 née
3416 1385 56 20 pour
3481 1381 91 21 rentrer
3582 1379 15 21 à
3608 1378 120 23 bicyclette
3738 1376 16 22 k
3763 1381 44 17 son
3817 1375 64 22 domi-

3364 1405 49 22 cile,
3424 1410 31 17 on
3466 1406 108 20 retrouva
3587 1404 21 20 le
3620 1403 51 21 vélo
3684 1403 72 24 ayant
3769 1406 42 16 son
3824 1400 70 21 cadr»

3364 1430 67 22 tordu
3443 1432 23 20 et
3478 1432 21 20 le
3510 1429 102 24 pédalier
3623 1427 67 22 brisé.

3389 1456 31 21 Le
3435 1456 73 21 blessé
3525 1456 38 21 fut
3580 1452 131 26 transporté
3727 1451 15 22 à
3759 1456 43 17 son
3818 1451 62 21 domi-

3366 1481 40 20 cile
3418 1481 31 21 où
3461 1481 112 23 plusieurs
3586 1478 116 22 médecins
3713 1476 183 23 l'examinèrent,

3365 1506 30 21 et.
3408 1505 85 22 devant
3507 1506 24 21 la
3546 1503 87 26 gravité
3648 1503 29 21 de
3691 1507 37 16 ses
3741 1502 114 21 blessures
3867 1510 29 6 —

3365 1530 31 21 M.
3418 1531 90 24 Deygas
3531 1530 70 21 devra
3625 1528 49 21 être
3697 1526 97 26 trépané
3816 1536 28 6 —
3865 1524 31 23 Ul

3364 1556 155 21 ordonnèrent
3533 1559 43 17 son
3591 1553 119 23 transport
3725 1551 15 22 k
3755 1551 96 24 'hôpital
3866 1550 30 22 de

3365 1580 23 22 la
3399 1581 111 21 Tronche.

3392 1606 59 21 Mais
3465 1607 34 20 les
3513 1604 107 23 docteurs
3634 1604 43 21 ont
3691 1602 46 22 fait
3751 1606 35 17 un
3799 1605 98 22 rapport

3366 1631 59 21 dans
3439 1630 74 25 lequel
3527 1630 29 21 Ils
3573 1628 117 22 déclarent
3706 1626 53 26 qu'à
3774 1627 50 21 leur
3840 1627 57 22 avis,

3365 1656 33 21 les
3419 1656 111 21 blessures
3551 1659 31 16 ne
3602 1653 102 26 peuvent
3724 1656 44 21 pas
3789 1651 107 25 provenir

3366 1681 68 21 d'une
3451 1681 70 22 chute
3536 1684 32 17 ou
3585 1680 56 21 d'un
3658 1678 141 24 accrochage
3815 1675 41 23 sut
3872 1676 26 21 la

3366 1707 72 23 route,
3452 1706 59 20 mals
3523 1704 76 26 plutôt
3613 1704 28 22 de
3655 1708 71 19 coups
3740 1701 88 24 donnés
3842 1705 55 18 avec

3366 1731 107 20 violence.

3393 1756 52 20 Une
3457 1754 97 25 enquête
3567 1760 13 16 a
3594 1754 36 21 été
3641 1753 101 22 ouverte.

3394 1781 38 22 On
3446 1784 24 17 se
3484 1779 114 22 demande
3611 1779 20 20 si
3647 1780 30 19 M.
3691 1779 92 23 Deygas
3795 1775 103 23 n'aurait

3368 1811 42 19 pas
3431 1805 37 22 été
3490 1804 92 21 victime
3604 1803 68 21 d'une
3693 1806 136 20 vengeance,
3850 1805 49 20 car,

3367 1831 59 21 voici
3441 1830 108 24 quelques
3564 1828 93 23 années,
3672 1827 18 21 11
3705 1828 38 20 fut
3758 1826 94 24 témoin,
3866 1830 33 17 en

3368 1857 62 21 Cour
3443 1855 110 22 d'assises,
3568 1854 59 21 dans
3640 1857 46 17 une
3700 1852 86 21 affaire
3799 1851 87 22 d'assas-

3367 1882 63 20 sinat
3447 1881 58 21 dont
3522 1880 34 21 les
3573 1879 94 21 auteurs
3683 1876 118 27 présumés
3818 1876 80 22 furent

3368 1905 119 26 acquittés.
3498 1915 28 6 —
3537 1905 28 21 R.

3394 1941 208 23 MYSTÉRIEUSE
3636 1939 202 22 DISPARITION.
3872 1947 25 7 —

3368 1969 38 20 On
3423 1969 36 20 est
3475 1968 114 20 vivement
3606 1965 88 25 inquiet
3710 1970 40 16 sur
3766 1965 22 21 le
3804 1965 48 20 sort
3869 1967 30 18 oe

3367 1994 79 21 Julien
3464 1992 146 23 Courrivaux,
3628 1991 26 20 34
3672 1995 50 20 ans,
3739 1990 126 24 boulanger
3883 1988 15 21 à

3368 2016 279 26 l'Angles-sur-L'Anglin,
3659 2020 60 17 venu
3732 2015 63 25 Jeudi
3808 2014 15 21 à
3835 2014 64 21 Cha-

3369 2043 116 22 tellerault
3499 2043 50 20 voir
3564 2046 42 17 son
3622 2041 71 23 oncle,
3709 2041 24 20 et
3748 2040 94 24 disparu
3858 2039 29 21 de-

3368 2070 58 25 puis,
3437 2073 55 16 sans
3502 2068 68 24 qu'on
3580 2067 75 25 puisse
3665 2066 117 21 retrouver
3792 2069 27 17 sa
3829 2065 71 20 trace.

3395 2094 142 22 Courrivaux
3556 2092 58 21 était
3633 2095 54 16 sans
3707 2090 87 24 argent,
3815 2090 23 21 et
3858 2093 42 17 son

3369 2118 139 22 automobile
3522 2118 62 20 resta
3599 2121 30 16 en
3643 2114 189 25 stationnement,
3846 2113 55 26 quai

3369 2145 31 22 du
3414 2143 112 23 Château,
3540 2142 64 22 toute
3618 2143 24 19 la
3654 2139 102 26 Journée.

3393 2170 43 20 Ses
3457 2168 99 21 affaires
3577 2166 139 26 périclitant,
3739 2170 32 16 on
3793 2164 107 26 présume

3369 2200 44 20 que
3428 2195 22 21 le
3465 2193 127 24 boulanger
3607 2198 15 15 a
3637 2191 44 21 mis
3697 2191 36 22 fin
3748 2190 15 21 à
3778 2194 36 17 ses
3829 2190 71 24 Jours.

3368 2230 26 7 —
3404 2220 28 21 R.

3395 2255 84 22 DEUX
3499 2252 249 24 MOTOCYCLISTES
3769 2251 132 22 BLESSÉS.

3369 2292 27 5 —
3412 2281 66 20 Dans
3494 2285 34 16 un
3545 2279 113 21 tournant
3675 2278 104 24 brusque,
3796 2276 16 21 à
3827 2277 75 20 Yvre-

3369 2306 116 23 Le-Polln,
3503 2309 31 17 au
3551 2308 68 17 cours
3635 2304 29 21 de
3681 2304 24 20 la
3720 2303 53 20 nuit
3790 2301 112 24 dernière,

3369 2336 45 16 une
3437 2330 167 24 motocyclette,
3626 2334 41 16 sur
3688 2328 97 25 laquelle
3808 2328 94 20 avalent

3371 2357 47 25 pris
3428 2357 65 25 place
3504 2355 103 21 Maurice
3618 2353 101 23 Gaudin,
3729 2353 26 20 30
3765 2357 50 19 ans,
3825 2352 24 21 et
3859 2355 44 18 son

3371 2381 128 24 camarade,
3518 2381 88 20 Marcel
3625 2379 103 23 Touviet,
3746 2378 26 20 36
3791 2382 50 19 ans,
3859 2381 31 17 ou-

3371 2407 71 20 vriers
3456 2406 86 21 scieurs
3555 2405 15 21 à
3584 2406 113 23 Mezeray,
3712 2403 35 21 est
3761 2402 57 22 allée
3833 2402 58 21 heur-

3371 2432 36 21 ter
3419 2431 148 22 violemment
3579 2435 33 17 un
3625 2429 99 21 trottoir.

3397 2457 43 20 Les
3454 2457 59 20 deux
3527 2454 169 26 motocyclistes
3709 2453 81 22 furent
3803 2452 100 26 projeté!

3372 2487 55 16 avec
3441 2481 103 21 violence
3557 2485 40 17 sur
3611 2480 22 21 le
3648 2479 40 24 sol,
3702 2478 31 22 où
3747 2478 29 21 ils
3790 2477 114 22 restèrent

3371 2506 120 24 Inanimés,
3515 2506 100 25 perdant
3639 2504 51 22 leur
3713 2508 60 20 sang
3796 2507 44 20 par
3864 2501 41 22 des

3371 2532 112 21 blessures
3494 2531 15 21 à
3520 2531 23 21 la
3556 2530 53 22 tète.

3398 2556 153 26 Transportés
3580 2555 60 21 dans
3668 2559 47 17 une
3745 2553 100 26 clinique
3874 2556 32 18 au

3372 2583 76 23 Mans,
3462 2582 104 21 Maurire
3580 2580 95 22 Gandin
3689 2585 16 20 y
3720 2585 16 16 a
3750 2579 36 21 été
3801 2578 105 25 trépané.

3399 2607 74 22 L'état
3492 2607 28 20 de
3539 2611 42 16 son
3598 2605 131 23 camarade,
3748 2604 39 25 qui
3805 2604 40 21 n'a
3863 2607 43 21 pas

3373 2632 73 24 repris
3465 2632 170 22 connaissance,
3654 2632 35 20 est
3709 2630 130 24 également
3857 2628 49 22 très

3374 2661 74 20 grave.
3461 2667 27 5 —
3500 2657 28 20 R.

3401 2693 150 21 ACCIDENT
3563 2693 78 20 DANS
3653 2692 60 21 UNE
3725 2691 97 21 USINE.
3833 2701 27 5 —
3870 2691 37 20 Bn

3375 2719 131 20 traversant
3524 2718 24 20 la
3566 2722 56 17 cour
3640 2717 28 21 de
3686 2717 81 21 l'usine
3785 2716 29 21 de
3832 2716 74 24 Bray-

3375 2744 126 23 sur-Seine,
3513 2747 44 20 que
3569 2744 101 19 traverse
3682 2747 45 15 une
3739 2742 61 23 ligne
3812 2742 28 21 de
3852 2741 43 21 che-

3375 2768 49 21 min
3438 2768 29 21 de
3481 2768 42 23 fer,
3538 2772 32 16 un
3585 2771 84 20 garçon
3685 2767 28 20 de
3728 2767 93 23 bureau,
3835 2767 32 20 M.
3881 2766 26 20 E.

3374 2793 96 23 Hernot,
3482 2793 25 20 72
3520 2797 49 19 ans,
3582 2797 14 16 a
3609 2792 36 21 été
3657 2791 106 22 renversé
3775 2792 24 20 et
3811 2790 40 22 tué
3863 2795 44 22 pai

3374 2823 33 17 un
3420 2818 86 21 convoi.
3517 2827 28 6 —
3556 2818 28 21 R.

3397 2854 57 22 DES
3482 2854 127 22 ECURIES
3638 2853 166 20 FLAMBENT.
3832 2864 28 5 —
3885 2853 22 21 A

3373 2880 124 22 Wetteren,
3518 2884 34 16 au
3561 2895 4 4 .
3575 2879 101 21 hameau
3703 2887 8 9 «
3738 2879 67 20 Dries
3821 2885 28 18 m,
3872 2878 36 21 les

3374 2904 87 21 écuries
3475 2904 28 21 de
3517 2903 112 25 Matthys,
3643 2904 151 21 camionneur
3806 2903 25 21 et
3844 2907 52 18 mar-

3375 2930 77 21 chand
3472 2930 28 20 de
3517 2929 118 21 charbons
3656 2929 53 20 sont
3729 2928 115 21 devenues
3864 2932 31 18 au-

3375 2948 115 30 jourd'hui
3503 2955 24 20 la
3538 2954 64 22 proie
3616 2955 40 19 des
3669 2953 114 21 flammes.
3796 2954 44 20 Les
3852 2953 43 21 che-

3375 2984 61 16 vaux
3448 2980 84 24 purent
3544 2979 49 21 être
3606 2978 88 22 sauvés.
3706 2979 43 20 Les
3763 2978 79 25 dégâts
3856 2978 52 21 sont

3376 3005 145 25 importants.

3410 3050 175 39 BONNE
3608 3049 214 38 CHANCE
3837 3047 33 39 ..!

3384 3114 10 5 ..
3415 3102 30 16 est
3462 3104 27 13 un
3508 3100 77 17 souhait
3604 3101 32 19 qui
3656 3100 41 17 doit
3717 3100 40 16 être
3778 3099 128 19 aceomptjnê

3376 3122 45 16 d'un
3432 3121 53 17 billet
3496 3121 23 17 de
3529 3121 19 16 la
3558 3121 74 16 Loterie
3642 3119 103 19 Coloniale,
3756 3119 49 17 dont
3815 3119 18 18 le
3845 3119 62 19 tix»ge

3376 3142 23 16 di
3414 3141 18 17 la
3447 3142 31 16 lie
3492 3140 81 17 tranche
3590 3140 71 17 (billets
3674 3139 47 21 gris)
3738 3143 12 12 a
3765 3139 37 16 lieu
3818 3138 12 17 à
3844 3139 62 18 Mons,

3376 3164 24 14 au
3414 3160 82 17 Thé&tre
3509 3159 118 19 Communal,
3642 3159 17 17 le
3674 3159 21 17 12
3707 3158 65 21 Juillet
3785 3158 90 18 courant.

3397 3181 26 17 Ce
3439 3180 74 20 Jour-là
3531 3180 14 17 11
3563 3183 43 14 sera
3623 3179 74 20 réparti
3717 3183 5 12 :
3741 3179 22 16 30
3780 3178 85 18 millions
3883 3182 25 14 cn

3377 3200 69 19 113,305
3462 3200 43 18 lots,
3519 3200 47 16 dont
3581 3199 43 19 cinq
3640 3199 38 18 lots
3692 3199 24 17 de
3731 3198 49 17 deux
3795 3199 45 16 cent
3855 3199 53 16 mille

3376 3220 72 19 francs,
3462 3220 42 19 cinq
3517 3220 37 16 lots
3567 3220 45 16 d'un
3626 3219 74 17 million
3713 3219 20 16 et
3745 3221 27 14 un
3785 3221 45 17 gros
3842 3218 29 18 lot
3883 3218 25 17 de

3376 3240 49 17 deux
3439 3240 83 16 millions
3537 3241 19 15 et
3571 3239 56 17 demi.
3840 3238 67 16 IDÎ095

2300 5482 52 17 Nous
2363 5483 102 20 déslfnou
2477 5489 7 14 :
2495 5485 54 17 Fumi
2551 5487 58 18 terre;
2621 5484 55 17 Beur.
2687 5482 116 19 Bruimana.

2891 5052 59 18 rUZ
2965 5049 84 19 RACINE
3068 5048 57 20 (7,000
3140 5048 31 18 fr..
3188 5048 48 19 1.600
3251 5050 33 17 m.)

2994 5074 191 20 (Welttr-handlcap)

2829 5101 24 17 kt.
2867 5099 23 18 de
2902 5098 54 17 Vries

2829 5121 20 16 H.
2863 5118 81 18 Dumont

2829 5140 18 17 r.
2862 5139 41 16 Van
2917 5137 48 16 Breo

2828 5160 20 16 B.
2866 5156 98 18 Wattlnne

2828 5179 26 16 W.
2868 5176 88 18 Jochems

2827 5198 21 17 O-
2862 5195 93 19 Lambeau

2827 5217 35 17 Jhr
2877 5213 87 20 Michiels

2828 5237 62 16 Baron
2906 5234 111 18 Brupnann
3045 5242 18 6 ...

2828 5256 62 16 Baron
2906 5254 111 16 Bruimann
3045 5262 18 5 ...

2827 5275 16 17 j,
2859 5273 42 17 Van
2916 5271 60 18 Stalle

2828 5293 50 17 Bdm.
2894 5291 80 18 Boulvin

2828 5313 21 17 B.
2861 5311 65 18 Vlsart
2938 5310 23 17 de
2973 5308 92 18 Bocarmé

2827 5334 34 16 Cte
2884 5330 146 18 d'Ansembourg
3053 5339 12 9 •<

2828 5352 19 17 E.
2865 5350 74 19 Mlgnot

2828 5372 19 17 A.
2862 5369 92 18 LefèbTTB

2847 5396 53 17 Noua
2916 5394 101 19 désignons
3036 5398 6 13 :
3060 5395 101 20 riétrange

3097 5094 9 16 j
3117 5093 54 17 Elass

3099 5113 11 16 9
3121 5113 136 21 Spearpolnter

3098 5133 9 16 *
3118 5133 61 17 .3am's
3197 5134 58 21 Apple

3099 5153 7 15 i
3118 5152 52 18 Hrad
3185 5154 74 21 Keeper

3097 5171 11 18 T
3118 5172 119 19 Oalahardla

3097 5192 10 15 «
3118 5192 45 18 Vert
3174 5193 74 19 Oalant

3097 5211 8 16 3
3117 5211 81 20 Elenrod

3097 5232 9 16 I
3117 5232 40 16 Fié'.
3160 5236 58 16 range
3241 5246 18 5 ...

3097 5251 9 17 8
3117 5252 64 19 Maple

3097 5271 9 16 ï
3117 5270 69 19 Venise

3099 5290 7 17 X
3117 5292 82 19 Daphne

3095 5310 11 17 1
3117 5310 115 18 Exhalaison

3096 5331 10 15 s
3117 5330 96 18 «notarié
3240 5340 20 6 ...

3096 5351 10 15 4
3118 5349 110 18 Oanaderl»

3096 5370 10 16 5
3116 5369 81 18 Lectern
3335 5368 23 17 M

3188 5394 116 17 Oanadfrla.

2909 5420 28 16 Ll
2955 5419 95 18 DOUBLE
3069 5421 63 16 POCE
3151 5420 28 16 -CE
3198 5419 74 17 LUNDI

2848 5442 25 16 L«
2891 5439 68 18 double
2977 5442 48 17 pour
3042 5443 23 14 ce
3082 5440 55 17 lundi
3154 5440 76 18 compte
3249 5439 27 16 Im
3294 5440 23 17 6e

2835 5466 14 13 m
2869 5462 82 15 eoursoe.

2848 5480 52 17 Nous
2915 5478 101 19 iésiagcoM
3033 5482 7 15 :
3054 5478 107 18 Tuenltmm
3174 5478 22 17 «t
3209 5477 108 21 nétrsof*.

3394 3290 37 32 LE
3450 3289 222 33 MERVEILLEUX
3683 3288 209 33 TRAITEMENT

3477 3336 45 31 DU
3542 3335 150 32 DOCTEUR
3711 3335 100 32 VIDAL

3388 3400 140 17 Ol'VERTIRE
3545 3399 57 17 D'UN
3617 3399 92 17 CENTRE
3724 3399 17 16 A
3755 3398 139 17 BBUXILLES

3397 3446 26 17 Le
3436 3446 79 17 docteur
3529 3445 61 19 VldBl,
3606 3444 110 21 ipécleliite
3730 3444 26 18 du
3770 3445 68 16 Orand
3853 3445 55 18 Sym-

3377 3465 97 21 pithlque,
3495 3466 47 16 dont
3560 3465 19 17 le
3598 3465 121 17 merveilleux
3739 3464 115 17 traitement
3872 3467 38 17 par

3377 3486 79 16 touchea
3467 3485 77 17 naaalea
3554 3485 80 16 connaît
3645 3488 24 14 en
3678 3485 75 16 France
3763 3484 18 17 le
3792 3484 43 20 plua
3847 3484 62 17 crand

3377 3505 71 19 auccèa.
3469 3505 54 17 vient
3542 3504 25 18 de
3586 3504 54 18 créer
3660 3507 24 15 en
3704 3504 96 20 Belgique,
3821 3507 47 14 avec
3889 3503 20 18 ls

3377 3525 139 17 collaboration
3532 3525 25 16 du
3574 3525 79 17 docteur
3669 3524 69 19 Artnd,
3755 3525 24 16 de
3794 3524 20 16 la
3829 3523 80 18 Faculté

3377 3545 23 18 de
3418 3545 98 18 Médecine
3534 3545 23 16 de
3575 3544 103 20 Bruxelles,
3696 3547 28 14 un
3742 3544 66 17 centre
3826 3544 72 20 d'appli-

3378 3566 64 15 cation
3460 3565 24 17 de
3501 3568 22 13 aa
3540 3563 95 18 méthode.

3399 3585 29 16 On
3443 3584 79 17 connaît
3536 3584 28 17 les
3577 3583 122 18 merveilleux
3714 3583 92 17 résultats
3821 3583 24 17 de
3858 3583 53 18 cette

3377 3604 95 19 méthode,
3491 3604 34 19 qui
3544 3604 69 16 réussit
3633 3607 36 16 par
3688 3603 24 17 de
3732 3604 77 19 simples
3830 3601 81 19 touches

3378 3624 77 17 nasales
3472 3624 12 16 à
3502 3623 106 20 améliorer,
3626 3624 82 16 souvent
3726 3622 34 17 dès
3778 3623 20 16 la
3815 3622 96 20 première

3377 3644 74 19 séance,
3463 3644 33 17 des
3506 3643 94 17 maladies
3611 3642 88 20 réputées
3710 3643 114 18 Incurables,
3835 3645 76 15 eomme

3377 3664 95 18 l'asthme,
3491 3663 16 17 le
3526 3663 132 18 rhumatisme,
3677 3662 17 17 le
3713 3662 54 17 tabès
3786 3663 19 17 et
3823 3662 87 16 certaine

3377 3687 34 13 caa
3427 3683 23 17 de
3466 3682 102 21 paralysie,
3585 3682 125 19 l'hémiplégie
3727 3685 24 14 en
3767 3681 120 21 particulier.

3397 3703 39 17 Son
3449 3703 66 16 action
3526 3702 74 18 s'étend
3612 3702 106 19 également
3732 3705 37 13 aux
3782 3701 85 18 troubles
3879 3701 20 18 di-

3377 3723 68 19 gestifs
3461 3724 65 15 rmaux
3540 3722 111 20 d'estomac,
3665 3721 88 20 entérite,
3767 3721 139 20 constipation)

3377 3744 20 16 et
3410 3743 76 17 surtout
3499 3745 38 14 eux
3549 3742 85 17 troubles
3648 3745 84 14 nerveux
3747 3744 66 16 (maux
3826 3741 24 17 de
3864 3741 44 20 tète,

3378 3763 108 18 insomnies,
3505 3762 87 19 vertiges,
3611 3762 104 20 angoisses,
3733 3762 153 17 neurasthénie..

3399 3782 102 17 L'Instltat
3516 3783 25 15 du
3558 3781 79 17 docteur
3652 3780 56 18 Vidal
3723 3783 30 15 est
3768 3780 50 18 situé
3836 3781 30 16 143
3874 3781 34 17 bis,

3378 3806 73 14 avenue
3466 3802 74 19 Louise,
3556 3801 12 18 k
3583 3801 100 18 Bruxellea
3701 3800 74 20 (entrée
3791 3801 15 19 1,
3822 3804 34 13 rue
3870 3801 38 16 Dc-

3378 3822 73 20 tacqz).
3461 3822 125 18 L'ouverture
3595 3823 30 16 est
3636 3821 50 18 fixée
3697 3824 25 14 au
3733 3821 54 18 lundi
3798 3821 31 18 ler
3838 3820 70 20 JuiUet.

3379 3843 34 17 Les
3432 3842 141 18 consultations
3591 3842 35 17 ont
3644 3841 38 17 lieu
3700 3842 45 16 tous
3762 3841 28 17 lei
3807 3840 59 21 Jours,
3884 3840 25 16 de

3381 3863 19 17 10
3419 3866 11 13 a
3451 3862 20 17 13
3488 3862 19 17 b.
3526 3863 20 15 Il
3563 3862 24 17 dl
3605 3861 10 17 1
3633 3861 21 17 k.
3670 3861 14 16 i
3700 3861 12 17 1
3729 3861 20 16 h.
3767 3860 40 18 Tél.
3825 3860 83 17 37.09.01.

3378 3882 25 18 Le
3417 3882 80 17 docteur
3509 3881 56 17 Vidal
3580 3884 77 15 recevra
3671 3881 138 20 gratuitement
3824 3880 28 17 les
3866 3878 32 21 Per-

3380 3906 69 13 sonnes
3463 3901 88 18 désirant
3564 3901 33 17 dea
3610 3901 163 19 renseignements
3787 3903 33 14 sur
3834 3900 65 19 l'appll-

3380 3923 64 16 cstlon
3462 3922 23 17 de
3501 3925 22 13 sa
3539 3920 89 18 méthode
3644 3924 49 16 pour
3708 3920 73 19 chaque
3798 3924 33 12 cas
3847 3919 52 20 parti-

3379 3942 66 18 culier.
3461 3941 170 19 Renseignements
3645 3939 84 21 gratuits
3744 3943 36 17 par
3796 3942 102 17 correspon-

3380 3962 66 19 dance.
3840 3958 69 19 (HéJta

3447 4035 37 29 LE
3504 4033 136 29 TOURNOI
3668 4032 38 28 DE
3733 4033 114 29 BRIDGE

3409 4104 63 22 Voici
3490 4103 22 21 le
3532 4102 137 21 classement
3687 4102 62 22 final
3767 4102 33 22 du
3818 4102 91 22 tournoi

3383 4127 164 24 international
3565 4126 29 22 de
3612 4127 79 25 bridge
3710 4127 59 22 dont
3786 4128 35 22 les
3838 4127 58 23 diffé-

3384 4155 63 21 rents
3459 4152 103 22 matehes
3575 4152 90 24 prirent
3677 4152 66 26 place
3758 4157 31 18 au
3802 4158 67 17 cours
3881 4152 29 22 de

3384 4179 22 20 la
3417 4178 100 21 semaine
3529 4175 110 22 dernière.
3650 4176 32 22 Us
3692 4177 81 22 furent
3783 4177 127 26 proclamis

3383 4201 187 22 solennellement
3583 4205 31 16 au
3628 4206 67 16 cours
3708 4202 28 21 de
3750 4202 23 21 la
3786 4203 83 21 séance
3881 4202 30 22 de

3383 4228 85 21 clôture
3482 4227 63 21 Ul').

3408 4259 84 20 Dames
3505 4262 6 16 :
3523 4256 135 23 L'Autriche
3668 4258 116 25 remporte
3794 4259 24 22 la
3827 4259 84 26 palme.

3408 4283 108 20 Hommes
3532 4287 7 15 :
3556 4281 144 22 Classement
3714 4282 40 22 des
3768 4283 76 22 teams
3861 4289 7 16 :

3746 4315 22 21 J.
3788 4315 29 21 O.
3837 4316 25 21 P.
3882 4316 29 20 N.

3408 4339 17 19 1.
3438 4339 88 20 France
3741 4340 25 21 11
3794 4341 25 20 10
3860 4341 51 21 10

3406 4364 19 20 2.
3438 4363 151 24 Yougoslavie
3741 4365 25 21 11
3805 4366 14 21 8
3858 4366 13 21 S
3897 4366 14 21 0

3405 4389 19 20 3.
3437 4388 101 25 Hongrie
3741 4390 24 21 11
3805 4391 14 20 8
3858 4391 13 21 3
3897 4391 14 21 0

3406 4413 19 21 4.
3438 4413 110 21 Autriche
3630 4427 13 8 _
3741 4415 25 20 11
3805 4415 15 21 7
3858 4415 15 22 4
3897 4416 15 20 0

3406 4438 19 20 5.
3438 4438 133 23 Angleterre
3741 4440 25 20 11
3805 4441 14 19 6
3858 4441 14 20 5
3897 4441 14 20 0

3406 4463 19 20 6.
3439 4462 73 21 Suède
3741 4465 24 20 11
3805 4465 14 21 6
3857 4465 14 22 6
3896 4466 16 20 O

3407 4487 19 21 7.
3440 4487 113 22 Hollande
3742 4489 25 21 11
3806 4490 14 20 5
3857 4490 15 22 8
3899 4490 13 21 1

3406 4512 13 21 8
3438 4512 108 25 Belgique
3741 4514 25 20 11
3805 4514 15 21 4
3857 4514 15 21 7
3897 4515 15 21 0

3406 4537 19 21 9.
3439 4537 101 25 Norvège
3741 4539 25 20 11
3805 4539 15 20 4
3857 4539 15 22 7
3897 4540 15 21 0

3394 4562 31 20 10.
3439 4562 132 21 Danemark
3741 4564 24 21 11
3805 4564 14 22 S
3857 4564 16 22 7
3900 4565 11 22 1

3396 4587 30 21 11.
3440 4587 191 25 Tr.écos.ovaquie
3742 4588 25 22 U
3806 4589 14 21 3
3859 4590 14 22 8
3898 4591 13 21 0

3395 4612 31 23 12.
3440 4612 77 22 Suisse
3742 4613 25 22 11
3808 4615 12 21 1
3848 4615 25 21 10
3898 4616 14 20 0

3850 4650 27 6 —
3888 4640 21 21 J.

3427 4711 92 27 26.944
3543 4711 139 30 MAISONS
3709 4707 158 35 INONDÉES

3401 4779 78 24 Tokio,
3494 4780 26 21 30
3533 4781 60 30 juin.
3606 4793 28 5 —
3646 4783 111 25 L'agence
3770 4782 82 25 Rengo
3862 4788 33 17 an-

3376 4808 73 18 nonce
3464 4809 50 20 que,
3529 4802 90 29 d'après
3635 4807 34 21 les
3685 4806 107 25 rapports
3808 4808 101 20 officiels

3377 4829 88 24 publiés
3477 4834 42 21 par
3531 4830 23 22 la
3567 4831 72 25 police
3652 4831 56 23 hter,
3719 4835 32 17 on
3761 4832 82 22 estime
3854 4833 56 25 qu'il

3376 4858 15 18 y
3407 4859 16 15 a
3438 4854 26 21 72
3481 4856 81 25 morts,
3577 4857 26 20 68
3618 4854 85 23 blessés
3719 4856 25 21 et
3761 4856 25 21 12
3803 4857 106 25 disparus

3376 4884 14 16 a
3408 4879 23 21 la
3448 4880 59 23 suite
3527 4881 41 22 des
3584 4880 148 22 inondations
3752 4882 95 22 causées
3866 4885 44 23 pax

3377 4904 40 21 des
3438 4904 74 25 pluies
3532 4904 152 23 torrentielles
3704 4905 39 24 qui
3765 4907 42 21 ont
3827 4905 83 26 balayé

3377 4928 22 21 la
3414 4930 75 23 partie
3502 4931 36 20 est
3553 4931 27 19 de
3594 4929 130 21 Kiou-Siou
3738 4930 26 21 et
3779 4930 93 23 dévasté
3887 4931 22 21 le

3376 4952 91 25 district
3485 4955 28 23 de
3528 4953 117 22 Kwansaï.

3402 4986 47 21 Des
3460 4984 101 23 torrents
3571 4984 66 21 d'eau
3649 4984 43 21 ont
3702 4984 86 22 inondé
3799 4986 35 21 les
3844 4987 65 21 villes

3377 5009 28 22 de
3420 5011 82 24 Kyoto.
3517 5008 77 21 Osaka
3608 5009 25 20 et
3646 5009 73 25 Kobe,
3732 5010 25 20 et
3772 5009 33 21 les
3817 5010 78 23 préfec-

3377 5035 63 21 tures
3451 5033 187 22 environnantes.

3403 5067 20 20 A
3439 5064 77 23 Kyoto
3531 5063 60 26 ville,
3609 5064 38 24 qui
3665 5069 16 15 a
3696 5064 22 21 le
3733 5064 52 26 plus
3800 5065 109 26 souffert,

3377 5095 30 15 on
3424 5088 126 24 enregistre
3566 5093 59 20 poux
3642 5089 39 23 220
3699 5089 101 23 millions
3818 5090 28 23 de
3864 5095 46 21 yen

3377 5115 28 21 de
3421 5114 86 23 dégâts.

3402 5142 70 23 Selon
3499 5144 30 21 de
3556 5147 122 19 nouveaux
3705 5147 204 26 renseignements,

3376 5169 71 21 26.944
3467 5168 103 21 maisons
3589 5170 41 21 ont
3658 5169 36 22 été
3721 5169 120 27 inondées;
3871 5172 37 22 191

3376 5193 88 21 d'entre
3476 5193 56 21 elles
3543 5199 25 15 se
3581 5195 53 20 sont
3643 5194 144 27 effondrées;
3801 5197 26 20 82
3840 5196 69 25 ponts

3376 5217 56 21 dont
3445 5218 113 24 plusieurs
3568 5219 159 24 présentaient
3738 5225 34 18 un
3785 5221 73 27 grand
3870 5221 25 22 in-

3376 5241 59 23 térêt
3450 5242 128 28 historique
3594 5244 42 21 ont
3652 5244 38 22 été
3704 5246 123 24 emportés.

3401 5273 34 21 La
3451 5272 53 23 liste
3519 5274 40 22 des
3575 5274 106 22 victimes
3694 5280 60 22 poux
3770 5277 23 22 la
3809 5276 55 23 ville
3878 5277 30 23 de

3376 5297 77 25 Kyoto
3469 5297 82 24 s'élève
3569 5298 15 23 k
3602 5299 13 20 9
3632 5300 74 22 morts
3723 5302 13 21 8
3753 5301 86 22 blesses
3854 5301 26 23 et
3895 5302 13 21 8

3376 5322 147 25 manquants.

3401 5354 21 19 A
3436 5353 85 25 Osaka,
3535 5353 18 23 11
3567 5359 15 20 y
3594 5359 16 17 a
3623 5355 15 21 4
3651 5356 74 22 morts
3737 5356 25 21 et
3777 5356 24 21 10
3816 5356 92 22 blessés.

3377 5378 19 20 A
3411 5378 90 24 Kuoka,
3517 5378 27 22 SO
3555 5379 75 23 morts
3644 5382 26 22 et
3683 5381 26 21 49
3726 5380 93 24 blessais;
3834 5381 17 23 4
3864 5381 42 23 Ni.

3377 5403 108 24 roshlma,
3502 5403 13 21 6
3533 5404 82 26 morts;
3633 5405 17 23 à
3667 5405 77 24 Shiga.
3759 5405 13 20 2
3790 5406 82 25 morts;
3891 5405 16 21 4

3377 5428 146 23 Kamamoto,
3541 5429 14 19 4
3573 5430 83 24 morts;
3675 5429 17 21 à
3708 5430 64 23 Oifu,
3791 5430 13 21 9
3822 5430 82 23 morts;

3377 5451 14 22 k
3406 5452 86 24 Hyogo,
3503 5452 14 21 8
3533 5455 72 21 morts
3619 5456 26 21 et
3658 5454 13 21 1
3685 5454 17 22 à
3713 5453 152 27 YinaçuiaK,
3881 5463 26 8 —

3377 5475 77 27 Belg».
