3792 5389
77 131 125 89 LES
254 128 616 143 ŒUVRE^^

166 281 44 42 LE
231 280 38 38 IX
270 283 15 19 e
307 277 176 46 CONGRÈS
506 287 49 40 DE
578 292 49 38 LA
653 295 111 43 LIGUE
789 302 214 48 NATIONALE

419 345 72 38 DES
513 349 244 47 MUTUALITÉS

225 443 46 38 IL
294 442 128 40 S'EST
443 446 137 42 TENU
603 454 37 38 A
666 457 284 53 BRUXELLES

356 503 276 47 DIMANCHE
656 515 163 44 MATIN

1681 113 14 27 B
1744 112 36 27 La
1807 112 121 26 Demlerr
1953 113 87 27 Heure
2089 113 18 27 3

93 597 115 28 Dimanche
222 594 74 21 matin
310 595 54 21 s'est
379 596 56 23 tenu
450 598 14 21 à
481 600 94 22 Bruxel-

74 632 31 18 Uj,
114 627 19 21 le
143 623 43 21 IXe
196 619 97 24 Congrès
303 619 28 20 de
343 620 23 20 la
378 621 68 24 Ligue
456 624 120 23 Nationale

74 642 32 34 25
121 646 131 24 fédérations
268 644 144 23 mutualistes
427 647 103 24 libérales
548 651 28 20 de

75 676 96 23 Belgique.

94 692 136 30 LWstance
257 697 15 19 y
297 694 36 19 est
357 697 220 24 remarquablement

74 724 123 23 «ombreuse.

94 751 30 20 Au
135 747 79 19 bureau
226 743 112 23 prennent
350 743 63 23 place
429 749 6 16 :
448 746 56 20 MM.
514 748 63 21 Jules

74 773 78 25 pécher,
166 767 119 26 président;
316 767 109 25 Leclercq.
446 772 131 23 vice-prési-

73 799 53 22 fijnt;
142 795 47 19 Van
204 790 134 23 Belleshem,
354 793 126 23 secrétaire,
494 797 81 21 entou-

73 825 30 22 pi,
126 820 25 20 de
178 817 54 20 MM.
260 815 117 24 Vauthier,
406 818 103 22 ministre
536 821 40 21 des

74 848 89 22 Sciences
175 842 23 19 et
210 840 38 20 des
260 840 61 22 Arts;
336 841 33 20 De
383 842 91 24 Lecner,
488 845 88 22 profes-

73 875 42 17 -ur
133 874 13 15 a
164 864 138 22 l'Université
319 865 75 24 Libre;
416 867 55 20 Max
492 869 77 22 Glorle

73 892 99 27 président
187 888 118 22 honoraire
320 889 29 20 de
365 890 23 20 la
404 891 77 23 Ligue;
500 893 70 25 Leroy

73 916 100 28 président
187 914 29 22 du
232 913 89 21 Conseil
337 915 123 22 provincial
474 917 30 21 du
518 919 57 20 Bra-

73 935 54 33 jjnt;
145 938 92 22 Dlerckx
254 938 23 19 et
295 938 119 24 Leurquln,
446 940 127 26 sénateurs;

73 966 121 24 Mundeleer.
207 962 120 23 Petitjean,
341 963 89 21 Amelot
444 967 23 18 et
481 966 95 24 Boeckx.

74 992 88 25 députes;
178 988 26 19 R.
218 987 103 22 Catteau.
336 988 128 22 conseillers
476 995 101 18 cornrnu-

73 1017 40 24 jaj;
126 1015 89 19 Hanses,
229 1011 116 20 conseiller
359 1013 130 22 provincial.

93 1040 27 22 jt
139 1038 19 20 le
176 1035 113 25 président
311 1036 56 20 rend
389 1037 127 26 hommage,
537 1041 40 21 de-

75 1065 47 23 «nt
139 1059 132 24 l'assemblée
291 1060 89 23 debout,
399 1061 15 20 à
434 1062 22 21 la
473 1064 106 21 mémoire

72 1086 111 27 d'Edouard
200 1084 90 22 Pécher,
308 1089 53 16 sous
376 1085 20 21 le
414 1086 63 24 signe
495 1089 81 24 duquel

74 1116 30 22 est
113 1110 58 28 placé
181 1110 20 20 le
213 1109 105 23 Congrès.

94 1138 18 22 U
124 1136 58 20 salue
197 1133 86 20 ensuite
299 1134 31 19 M.
345 1134 117 26 Vauthier,
475 1138 104 22 ministre

73 1166 33 20 des
120 1160 98 21 Sciences
234 1158 24 20 et
274 1157 40 21 des
330 1159 60 22 Arts,
405 1159 45 21 fait
466 1162 112 22 acclamer

72 1189 26 20 u.
112 1184 77 22 Olorle,
209 1182 115 25 président
344 1183 127 25 honoraire,
492 1187 84 22 félicite

72 1215 18 21 je
98 1207 110 25 secrétaire
221 1206 97 24 général.
330 1207 32 20 M.
376 1208 51 21 Van
441 1210 135 25 Belleghem.

72 1238 23 21 de
106 1237 37 18 son
156 1231 118 21 Inlassable
301 1231 92 22 activité
418 1233 24 22 et
469 1237 107 21 remercie

72 1263 43 21 tous
126 1258 30 21 les
169 1255 173 21 collaborateurs
357 1257 23 20 et
394 1258 140 23 animateurs
548 1262 28 20 de

72 1288 19 19 1»
103 1280 112 24 mutualité
228 1279 97 21 libérale.
355 1281 20 20 Il
401 1286 103 19 annonce
534 1290 42 20 que

72 1306 77 25 celle-ci
161 1308 112 21 progresse
288 1305 151 24 rapidement;
455 1312 36 17 ses
505 1309 61 21 effec-

72 1334 35 21 tifs
122 1330 49 21 sont
185 1328 76 25 passés
278 1328 29 20 de
324 1329 70 22 51,000
412 1331 64 23 chefs
494 1334 27 20 de
540 1335 36 21 fa-

73 1357 57 23 ralDe,
145 1358 28 17 en
190 1353 55 22 1927,
264 1353 14 20 à
299 1353 76 24 64.390,
393 1359 30 17 en
444 1357 56 25 1929,
520 1359 24 21 et
563 1361 14 19 k

71 1381 66 23 74,000.
151 1383 27 16 en
193 1377 55 20 1930.
266 1378 84 23 (ApDl.)

93 1405 27 21 M.
130 1404 20 20 le
164 1401 113 25 président
303 1407 80 17 excuse
412 1404 111 24 l'absence
549 1410 28 19 de

71 1430 48 24 MM.
129 1426 86 22 Baelde.
227 1427 65 23 Cocq,
304 1427 92 23 Devèze.
407 1429 34 21 De
453 1430 124 25 Kerchove.

71 1456 52 22 Max,
141 1451 136 22 Duchateau,
297 1451 108 24 Hymans,
426 1454 145 23 Forthomme

72 1476 100 27 Dtgnefle,
187 1475 70 22 Claes,
271 1476 186 23 parlementaires
470 1480 101 21 libéraux

72 1505 21 21 et
113 1502 25 20 de
161 1500 119 21 différents
305 1501 156 22 mandataires
484 1506 80 23 provin-

71 1529 62 22 ciaux.

92 1552 28 21 M.
140 1549 162 21 Tlmmermans
328 1550 104 21 (Anvers)
459 1552 118 26 demande,

73 1577 36 26 par
120 1573 80 22 motion
217 1573 93 23 d'ordre,
326 1578 43 19 que
381 1575 25 20 la
420 1578 103 22 question
539 1570 40 30 deil

73 1599 93 28 pensions
176 1598 43 20 soit
230 1597 56 21 mise
297 1603 16 15 a
323 1598 80 22 l'ordre
415 1600 31 22 du
458 1601 58 24 Jou..

88 1625 22 20 ,U
122 1623 34 20 est
166 1622 97 20 entendu
279 1626 42 17 oue
336 1624 59 20 cette
410 1626 103 22 question
526 1628 51 21 fera

71 1648 67 25 l'Objet
148 1647 51 20 d'un
212 1646 99 24 Congrès
323 1649 117 22 proenain.

104 1691 32 21 LE
150 1690 133 20 RAPPORT
298 1691 41 20 DU
356 1692 180 24 SECRETAIRE

93 1721 27 22 M.
132 1721 47 20 Van
195 1719 134 24 Bcllcghcm,
344 1722 121 23 secrétaire
480 1725 91 24 général

71 1747 39 22 fait
118 1744 87 25 rapport
217 1749 39 15 sur
267 1745 106 22 l'activité
385 1747 24 20 et
418 1753 40 16 sur
469 1749 23 21 la
504 1751 60 20 situa-

72 1772 41 22 tion
126 1768 120 22 financière
262 1769 28 20 de
307 1770 23 20 la
346 1770 74 27 Ligue,
438 1773 19 20 n
474 1776 102 20 constate

72 1800 36 21 que
118 1795 19 20 ie
148 1792 88 25 progrès
249 1792 79 23 réalisé
340 1796 35 19 est
388 1797 153 23 considérable
554 1801 24 19 et

71 1819 61 23 invite
148 1818 30 20 les
197 1818 130 21 mutualités
347 1819 104 23 libérales
470 1823 38 24 qui
525 1828 52 17 sont

72 1847 69 18 encore
160 1841 82 24 Isolées,
263 1842 15 21 à
298 1843 104 22 s'affilier
423 1845 15 21 à
458 1847 24 20 la
500 1848 76 21 Caisse

72 1866 106 24 Nationale
195 1866 146 22 d'Assurance
359 1869 77 21 contre
452 1871 23 20 la
491 1872 74 20 Tuber-

72 1893 69 22 culose,
166 1891 93 24 laquelle
285 1892 71 21 caisse
379 1895 90 24 compte
496 1896 81 24 132,000

71 1916 104 23 membres.

95 1941 27 20 M.
143 1938 119 22 Deffernex
286 1941 118 22 (Tournai)
426 1943 79 22 insiste
524 1950 57 19 pour

71 1969 36 22 que
127 1964 31 20 les
182 1965 100 23 comptes
294 1965 28 22 de
336 1966 86 25 chaque
450 1968 125 22 fédération

74 1989 63 22 soient
148 1989 65 20 remis
226 1988 14 21 à
254 1989 79 25 temps,
346 1991 50 21 afin
409 1997 42 19 que
462 1993 34 23 les
506 1994 61 22 subsi-

72 2014 33 21 des
118 2013 69 21 soient
203 2013 94 24 liquidés
313 2020 55 16 sans
384 2017 84 21 retard.

71 2051 44 24 IES
134 2050 149 22 RAPPORTS
306 2052 96 21 ENTRE
421 2055 155 26 MEDECINS,

93 2081 201 21 PHARMACIENS
310 2083 37 20 ET
360 2084 189 24 MUTUALITES

94 2118 29 20 M.
150 2117 27 20 G.
191 2117 152 25 Vandeginste
378 2121 124 23 (Courtrai)
535 2124 45 21 fait

71 2142 82 24 rapport
165 2146 38 16 sur
215 2141 23 21 la
251 2144 103 21 question
365 2145 31 21 du
409 2147 84 21 service
504 2148 61 21 médi-

72 2167 29 21 cal
118 2166 200 25 pharmaceutique.
336 2169 20 20 Il
374 2171 104 20 constate
494 2176 42 17 oue
555 2174 24 19 la

72 2190 107 23 mutualité
189 2195 15 16 a
214 2190 85 25 l'appui
309 2193 24 20 et
344 2193 23 20 ta
378 2191 162 26 collaboration
551 2198 28 20 de

73 2216 20 21 la
107 2214 78 25 grande
203 2213 107 26 majorité
326 2217 40 21 des
383 2218 120 24 médeems.
522 2226 58 17 mais

74 2239 67 25 qu'elle
153 2240 118 20 rencontre
284 2241 28 20 de
325 2242 22 20 la
360 2244 53 22 part
425 2244 53 21 d'un
492 2247 87 20 certain

73 2263 80 22 nombre
164 2263 27 20 de
203 2265 88 20 ceux-ci
302 2270 45 16 une
358 2267 103 22 hostilité
472 2269 47 21 très
529 2271 49 22 vive

73 2293 25 16 au
108 2288 55 23 sujet
175 2288 28 20 de
214 2288 22 20 ta
249 2290 104 23 question
365 2291 40 21 des
418 2292 74 22 tarifs.
503 2295 20 20 Il
535 2295 31 21 s'é-

74 2312 40 21 lève
123 2312 74 20 contre
209 2312 21 21 le
243 2313 45 21 fait
300 2319 43 19 que
355 2317 99 21 certains
466 2318 114 22 médecins

71 2341 22 16 se
108 2336 47 20 font
170 2341 78 19 passer
266 2342 87 18 comme
372 2340 139 24 spécialistes
527 2344 50 20 afin

72 2361 24 20 de
108 2365 26 16 ne
147 2365 41 20 pas
202 2363 113 23 respecter
328 2364 32 21 les
375 2365 68 23 tarifs
459 2371 113 18 convenus

72 2385 18 21 H
104 2387 92 22 proteste
214 2389 78 18 contre
310 2388 21 20 le
350 2390 73 22 grand
440 2392 94 21 nombre
550 2393 28 20 de

72 2409 113 25 spécialités
213 2411 213 27 pharmaceutiques
456 2417 38 22 qui
526 2419 53 19 sont

72 2434 106 24 prescrites
192 2435 166 23 actuellement,

93 2458 18 20 n
124 2458 77 23 dépose
219 2459 80 22 l'ordre
317 2461 30 22 du
364 2462 52 24 jour
433 2465 92 21 suivant
544 2470 8 16 :

88 2488 24 17 La
124 2489 54 19 Ligue
192 2490 106 20 NaUonale,
314 2493 121 19 considérant
451 2495 54 17 l'état
521 2496 46 18 géné-

71 2509 80 16 ralement
164 2509 82 19 p:écaf-e
261 2511 24 17 de
300 2515 35 14 ne.
349 2514 98 18 mutantes
461 2517 115 15 concernant

70 2529 35 17 kor
118 2530 67 15 service
202 2529 255 24 médico-pharmaceutique-

89 2548 115 17 Considérant
219 2550 18 16 la
254 2550 94 18 dltflcuité
364 2553 23 17 de
403 2555 86 17 conclure
504 2559 27 13 un
546 2559 23 13 ac-

71 2568 38 17 cord
120 2568 73 17 durable
205 2571 60 16 entre-
273 2571 26 16 lea
312 2572 110 18 mutuaUtés
434 2575 18 16 et
464 2579 37 13 une
515 2576 61 18 part',

70 2588 22 17 dl
104 2592 51 15 corps
168 2588 77 18 médical
259 2594 25 13 en
299 2591 80 18 matière
393 2593 135 20 d'appUcatlon
544 2595 33 16 des

51 2608 96 18 ..accords.'
158 2610 10 10 -'
178 2618 5 5 .

89 2627 115 17 Considérant
216 2632 36 16 que
262 2630 97 18 l'Alliance
370 2632 168 21 Pharmaceutique
549 2635 29 16 est

70 2648 97 16 intraitable
186 2648 48 17 dans
253 2650 84 18 certains
357 2651 84 18 districts
461 2655 116 15 concernent

72 2667 17 17 la
101 2667 98 19 fourniture
214 2668 33 17 des
261 2669 134 19 médicaments
409 2672 11 16 à
436 2673 60 17 forme
511 2674 66 19 simple

71 2687 11 16 à
97 2690 23 13 un
137 2687 46 18 tarif
198 2688 105 20 minimum,
321 2693 25 13 en
365 2692 68 16 tenant
451 2694 74 18 compte
544 2693 34 16 des

70 2707 36 19 prix
122 2707 150 20 d'avant-guerre
291 2710 20 16 et
330 2710 33 17 des
383 2711 105 19 conditions
505 2713 24 17 de
545 2713 30 16 vie

71 2727 84 16 actuelles:

88 2746 57 17 Désire
156 2750 36 13 une
205 2747 61 17 bonne
279 2749 76 17 entente
368 2751 54 16 entre
434 2751 27 17 les
474 2752 47 17 trois
531 2756 35 15 pér-

72 2767 30 16 îtes
112 2766 81 19 appelées
206 2766 12 17 à
231 2767 58 17 lutter
303 2769 42 17 côte
359 2769 12 17 à
384 2771 42 16 cote
440 2775 47 15 pour
500 2772 77 16 ameUo-

70 2789 26 13 rar
108 2787 17 16 la
138 2786 52 17 santé
204 2787 87 19 publique
306 2792 24 13 en
346 2789 95 20 Belg:que;

87 2806 59 16 Désire
163 2807 40 15 voir
222 2806 82 18 élucider
323 2809 19 16 la
363 2810 86 18 question
469 2811 33 17 des
520 2811 57 18 tarifs

71 2826 45 16 antre
133 2826 32 16 dea
182 2827 119 18 mutualistes
319 2829 117 19 compétents
456 2831 20 16 et
493 2831 34 18 des
546 2835 31 13 re-

71 2846 107 18 p-esantants
191 2846 26 17 du
232 2850 55 16 corps
303 2847 80 19 médical
399 2851 20 15 et
437 2850 139 18 pharmaceutl-

71 2867 35 17 ow
170 2866 9 21 t

87 2885 57 16 Désire
160 2886 44 18 qu"!!
222 2886 37 17 soit
276 2887 46 16 tenn
337 2889 76 19 compte
429 2889 33 17 des
478 2890 98 17 sacrifices

70 2905 28 16 des
110 2905 121 18 mutualistes,
248 2907 32 19 qui
295 2907 141 21 abandonnent,
451 2909 73 19 chaque
541 2914 25 12 an-

71 2924 33 19 née,
117 2928 35 13 une
166 2926 84 16 semaine
265 2926 24 16 de
304 2926 41 18 leur
360 2928 69 18 salaire
445 2932 47 16 pour
506 2930 60 16 s'assu-

71 2947 26 14 rer
108 2945 62 16 contre
186 2945 19 16 la
220 2945 88 17 maladie;

86 2963 88 18 Demande
191 2968 36 13 aux
244 2966 130 18 mandataires
391 2967 83 17 libéraux
493 2973 7 12 :
518 2969 48 19 dépu-

70 2983 29 19 tés,
112 2984 101 18 sénateurs,
230 2985 108 18 conseillers
354 2987 122 18 provinciaux
492 2989 19 16 et
526 2992 50 13 com-

71 3006 77 15 sronaux.
159 3004 70 19 l'appui
241 3005 23 16 de
277 3005 62 17 toutes
351 3006 51 17 leurs
414 3007 61 17 forces
488 3011 47 16 ponr
547 3012 31 14 ces

71 3024 78 18 premiers
159 3024 68 19 pointa,
239 3025 31 19 qui
282 3026 80 18 peuvent
373 3027 59 16 servir
442 3028 23 16 de
475 3028 45 17 base
531 3031 47 16 peur

71 3042 21 17 les
104 3043 124 19 négociations
244 3044 111 18 ultérieures
370 3047 55 16 entre
440 3046 28 19 les
483 3047 95 17 fractions

70 3062 105 20 lafressées;

86 3083 71 19 Compte
175 3086 33 15 sur
224 3083 56 17 l'aide
299 3084 33 17 des
349 3085 72 19 parties
440 3090 24 13 en
482 3090 57 14 cause
557 3088 19 16 et

71 3102 42 19 exige
127 3106 34 15 que
175 3103 27 16 lea
215 3103 62 17 droits
290 3104 97 17 d'environ
402 3105 87 19 1,200,000
501 3108 66 15 mutua-

71 3121 43 18 lités
130 3123 60 16 soient
208 3126 98 17 reconnus,
324 3126 20 16 et
362 3128 54 17 passe
435 3125 13 17 k
464 3126 69 18 l'ordre
551 3128 26 16 du

74 3170 4 4 ■
89 3155 28 26 St
133 3162 56 19 Sack
209 3162 146 24 {Bruxelles),
372 3163 80 21 estime
467 3165 54 24 qu'il
538 3167 39 23 n'y

72 3188 10 16 i
90 3189 38 19 pas
141 3185 44 21 lieu
196 3186 29 20 de
236 3191 24 15 se
274 3187 128 21 solidariser
414 3192 55 16 avec
482 3189 33 21 les
528 3190 35 20 col-

71 3208 108 22 lectivistes
191 3210 58 20 drins
259 3211 21 20 le
290 3211 83 21 conflit
383 3213 66 20 entre
461 3213 33 21 les
504 3214 60 24 phar-

73 3233 88 21 maciens
172 3234 26 20 et
211 3234 33 21 les
257 3235 138 21 mutualités.

89 3258 20 21 H
120 3258 59 21 émet
191 3259 22 20 le
229 3264 53 16 vœu
297 3260 28 20 de
338 3260 49 21 voir
402 3260 63 22 créer
480 3261 41 22 des
534 3262 30 21 cli-

70 3282 69 23 niques
149 3282 108 21 libérales.

91 3307 28 19 M.
137 3308 75 20 Raout
235 3308 143 24 (Bruxelles),
393 3310 64 24 parle
477 3310 58 22 dans
554 3311 22 20 le

71 3329 63 22 même
145 3336 56 15 sens.

66 3354 7 22 I
91 3354 29 21 M.
144 3356 94 21 Derasse
257 3357 129 25 (Tournai),
400 3359 116 21 considère
533 3364 43 19 que

71 3378 28 21 les
107 3380 88 20 conflits
207 3380 66 21 entre
286 3381 22 21 le
318 3386 66 20 corps
396 3382 97 22 médical
507 3384 24 20 et
544 3383 33 20 les

72 3403 146 23 pharmaciens
227 3405 67 21 d'une
303 3407 54 23 part
367 3407 24 20 et
402 3407 33 20 les
445 3407 132 21 mutualités

72 3427 75 21 d'autre
159 3429 58 23 part,
229 3430 92 20 doivent
333 3430 48 21 être
393 3430 92 24 résolus,
494 3436 30 16 en
536 3432 29 20 de-

73 3451 45 21 hors
131 3453 27 20 de
170 3453 166 22 l'Intervention
353 3455 28 20 de
394 3454 76 25 l'Etat,
482 3460 43 19 par
537 3456 40 20 des

73 3477 80 20 accords
169 3476 13 22 k
200 3478 104 21 conclure
321 3483 54 16 avec
389 3479 33 20 les
436 3479 129 24 praticiens.

92 3499 22 22 L
143 3501 101 25 Leclercq
261 3503 105 20 conseille
386 3503 24 20 la
429 3504 149 20 constitution

72 3523 25 20 de
120 3526 151 20 commissions
286 3527 121 20 naritaires
420 3528 58 20 dans
491 3528 87 23 chaque

75 3549 179 22 arrondissement
268 3551 25 20 et
306 3551 96 23 montre,
418 3557 15 15 a
445 3556 27 16 ce
486 3552 68 23 sujet,
566 3552 16 20 à

73 3573 54 23 quels
141 3574 105 21 résultats
263 3575 47 21 très
325 3575 155 21 satisfaisants
496 3581 31 15 on
543 3576 36 20 est

73 3597 69 23 arrivé,
155 3603 29 16 en
200 3599 134 24 appliquant
347 3604 26 16 oe
388 3599 104 24 système,
520 3600 58 21 dans

73 3620 194 24 l'arrondissement
281 3624 29 21 de
324 3624 123 20 Charleroi.

94 3645 83 22 L'ordre
187 3648 31 20 du
232 3648 51 22 Jour
294 3647 81 25 déporé
387 3652 43 20 par
443 3648 32 20 M.
486 3648 79 21 Vande-

75 3670 63 22 ginste
155 3672 33 20 est
205 3672 81 20 adonté
303 3672 15 20 à
333 3672 141 21 l'unanimité
488 3676 52 16 sous
556 3671 22 21 le

74 3693 90 23 bénéfice
177 3696 40 20 des
235 3696 154 21 observations
403 3696 69 21 faites
486 3701 43 20 par
546 3697 33 20 les

75 3718 90 22 orateurs
177 3720 117 21 ci-dessus.

127 3754 50 22 LES
188 3756 187 27 ASSURANCES
390 3756 138 21 SOCIALES

96 3789 27 19 M.
137 3791 25 18 H.
175 3791 154 24 Dnytschaver
343 3790 114 25 (Anvers),
468 3791 45 21 fait
525 3795 42 20 rap-

76 3814 45 22 port
129 3819 38 15 sur
177 3815 33 20 les
219 3816 86 24 projets
318 3816 28 20 de
356 3816 31 20 loi
398 3816 89 20 relatifs
501 3815 14 21 à
527 3815 52 20 l'as-

74 3840 199 23 «urance-maladie,
300 3839 124 22 invalidité,
451 3839 129 21 maternité,

76 3865 25 16 en
112 3866 24 16 ce
148 3863 38 24 qui
200 3868 110 16 concerne
323 3865 21 20 le
358 3864 84 24 champ
457 3863 110 24 d'applica-

75 3885 48 23 tion,
140 3887 32 20 les
188 3889 136 23 prestations
341 3887 125 25 proposées,
483 3888 34 19 les
531 3892 37 16 res-

76 3913 79 18 sources
172 3912 99 24 prévues,
287 3913 21 20 le
326 3912 84 24 régime
425 3911 114 21 financier
556 3910 25 21 et

75 3932 28 22 ies
114 3936 132 22 organismes
259 3937 143 20 d'assurance
412 3936 25 20 et
447 3936 28 20 de
488 3935 79 20 contrô-

76 3957 24 21 le,
109 3959 17 20 n
137 3960 42 20 fait
189 3965 31 16 un
232 3960 106 24 parallèle
352 3961 65 20 entre
427 3960 22 20 le
462 3959 75 24 projet
550 3959 30 20 du

76 3985 169 22 gouvernement,
259 3985 21 20 le
297 3985 77 24 projet
387 3984 115 21 Jauniaux
518 3983 25 21 et
558 3983 23 20 le

78 4006 67 24 projet
155 4008 103 21 Edouard
267 4008 92 21 Pécher.

86 4030 28 21 M.
123 4032 21 20 le
155 4032 112 24 président
278 4033 92 21 combat
381 4033 21 20 le
411 4032 97 24 système
520 4032 47 20 d'as-

77 4058 95 18 surances
190 4057 104 25 appliqué
314 4062 30 16 en
360 4057 131 23 Allemagne
511 4058 25 18 et
551 4060 29 15 en

76 4079 191 23 Alsace-Iaorralne.
298 4081 22 21 H
350 4080 100 21 dénonce
467 4081 22 20 le
506 4078 75 26 projet

77 4102 102 23 Jauniaux
192 4106 57 20 dont
263 4106 20 21 le
296 4105 52 21 vote
362 4103 160 25 comporterait
535 4107 45 17 une

77 4125 68 23 lourde
159 4129 104 23 Injustice
278 4129 107 21 vis-à-vis
399 4129 39 21 des
450 4127 131 22 mutualités

78 4151 111 23 existantes
199 4154 25 20 et
232 4154 40 24 qui
282 4153 47 21 vise
340 4153 91 20 surtout
442 4152 15 21 k
468 4152 113 20 atteindre

77 4174 34 20 des
123 4176 44 22 fins
178 4177 123 24 politiques,
312 4178 20 20 n
342 4177 90 20 montre
442 4181 43 19 que
495 4176 22 20 le
527 4179 42 20 pro-

77 4198 30 23 jet
117 4200 29 21 du
161 4203 171 21 gouvernement
349 4201 114 21 renferme
478 4200 40 21 des
534 4199 36 20 dis-

78 4224 98 22 positions
192 4225 105 25 opposées
326 4230 46 16 aux
399 4224 114 24 principes
525 4222 45 22 libé-

78 4250 56 18 raux,
148 4250 19 19 n
180 4251 89 20 conclut
282 4254 43 20 que
338 4250 34 20 les
384 4248 112 21 cléricaux
509 4248 26 20 et
550 4247 33 20 les

78 4271 143 23 collectivistes
240 4274 41 21 ont
300 4273 47 25 pris
366 4273 58 20 dans
456 4273 21 19 le
507 4270 76 25 projet

80 4293 76 23 Pécher
167 4302 25 16 ce
204 4298 39 24 qui
256 4298 50 21 leur
319 4297 120 21 convenait
453 4297 26 20 et
492 4295 64 22 qu'ils
570 4300 16 19 y

78 4320 37 20 ont
124 4322 73 22 ajouté
207 4327 26 15 oe
244 4322 38 25 qui
293 4322 88 21 cadrait
394 4325 54 17 avec
460 4320 49 21 leur
521 4319 49 21 Inté-

79 4342 31 21 rêt
119 4346 130 22 particulier.

101 4368 28 19 M-
142 4370 27 19 G.
182 4371 33 20 De
233 4372 89 19 Leener.
337 4370 128 24 professeur
481 4368 16 21 à
510 4368 61 20 l'Uni-

79 4392 72 21 versité
160 4395 108 20 s'attache
276 4395 16 20 à
302 4394 129 21 démontrer
441 4393 59 20 dans
510 4391 73 25 quelle

79 4418 79 19 mesure
171 4419 21 19 le
206 4419 74 23 projet
291 4418 85 21 Pécher
391 4417 35 21 est
440 4415 115 25 supérieur
568 4414 16 20 à

79 4438 52 22 celui
150 4442 29 20 du
199 4443 175 23 gouvernement
394 4442 25 19 et
438 4440 61 21 aussi
522 4443 48 16 com-

79 4462 46 22 bien
139 4465 21 20 le
171 4467 72 23 pro'et
258 4466 85 21 Pécher
356 4466 35 20 est
403 4465 52 24 plus
468 4464 115 21 conforme

80 4485 13 21 k
102 4487 68 23 l'Idéal
179 4490 82 21 libéral.

102 4511 29 21 Le
139 4514 72 23 projet
220 4516 103 23 Heyman
334 4513 104 26 poursuit
450 4517 45 16 une
507 4510 65 26 politi-

82 4538 37 20 que
128 4537 25 20 de
162 4539 86 23 classes,
256 4539 143 20 notamment
407 4542 42 20 par
458 4538 21 19 le
489 4536 44 20 fait
542 4540 43 19 que

82 4558 29 21 les
118 4562 123 22 cotisations
249 4563 130 26 patronales
387 4562 56 20 vont
451 4561 16 20 à
474 4565 33 16 un
517 4558 68 22 fonds

82 4585 93 21 national
186 4587 37 24 qui
233 4587 96 24 repartit
339 4591 35 16 ses
384 4589 125 17 ressources
521 4583 64 21 entre

82 4606 67 23 toutes
161 4611 31 19 les
202 4611 136 22 mutualités,
350 4610 74 20 même
435 4613 45 16 aux
494 4607 79 21 mutua-

82 4630 46 22 lités
146 4635 112 22 primaires
279 4635 39 24 qui
334 4634 99 24 peuvent
452 4632 49 20 être
519 4635 54 19 orga-

82 4655 66 22 nisées
159 4662 54 19 pour
225 4660 58 20 faire
297 4659 25 20 la
334 4662 79 20 guerre
426 4656 15 21 à
455 4661 32 16 un
501 4654 84 24 régime

83 4678 132 28 économique
238 4684 35 21 En
290 4683 72 22 outre.
376 4682 16 20 11
409 4680 66 22 laisse
489 4680 58 20 dans
563 4678 22 20 le

83 4706 64 21 vague
155 4707 108 21 certaines
274 4708 95 22 charges
391 4705 40 24 qui
455 4702 131 25 pourraient

84 4726 41 22 être
137 4730 110 21 mineuses
259 4736 57 19 pour
328 4731 34 20 les
373 4728 123 22 initiatives
506 4726 67 21 indus-

84 4751 81 22 trielles.
179 4755 29 20 Le
222 4756 74 23 projet
308 4755 85 21 Pécher
409 4752 74 21 réduit
496 4755 30 16 au
541 4750 32 20 mi-

85 4774 77 23 nimum
173 4778 162 22 l'Intervention
348 4779 30 20 de
392 4776 74 22 l'Etat,
477 4775 20 20 n
510 4774 75 20 écarte

87 4798 45 21 tout
144 4801 70 24 risque
228 4803 128 20 d'aventure
371 4802 25 20 et
410 4799 64 22 toute
488 4798 88 24 applica-

86 4822 43 22 tion
140 4824 14 21 à
165 4826 40 21 but
215 4827 104 24 politique
333 4831 29 16 ou
374 4823 166 25 démagogique.
552 4822 34 19 En

86 4846 114 25 détendant
213 4850 21 21 le
248 4851 75 24 projet
335 4850 91 22 Pécher,
442 4849 32 19 les
489 4846 85 21 manda-

86 4870 61 22 taires
154 4873 97 21 libéraux
260 4875 111 20 serviront
381 4874 21 20 le
411 4876 56 22 pays
476 4871 28 20 de
513 4869 73 21 même

87 4897 37 20 que
135 4896 32 21 les
177 4898 110 24 principes
302 4899 38 23 qui
352 4898 53 21 sont
419 4896 16 22 &
449 4896 24 20 la
488 4895 54 20 base
558 4893 35 26 de,

87 4917 43 21 leur
139 4920 62 21 Idéal.

109 4942 28 21 M.
159 4945 115 25 Petitjean.
289 4946 81 23 député
385 4946 28 20 de
427 4943 121 22 Bruxelles,
562 4945 24 16 se

87 4964 74 24 basant
175 4974 37 16 sur
224 4970 32 21 les
271 4971 94 20 travaux
380 4967 142 24 d'actuariat,
536 4965 39 21 éta-

88 4988 36 22 blit
135 4996 40 19 que
188 4995 53 20 c'est
271 4999 50 16 vers
335 4994 56 23 l'âge
405 4994 27 20 de
445 4993 26 20 25
487 4995 43 16 ans
545 4993 42 20 que

89 5013 87 24 s'établit
185 5022 31 16 un
226 5017 103 21 éouillbre
341 5018 77 20 relatif
429 5017 65 20 entre
506 5015 33 20 les
548 5017 27 16 co-

90 5036 92 24 tisations
193 5042 85 20 versées
290 5042 23 20 et
326 5042 32 20 les
372 5042 84 22 risques
468 5040 15 21 k
494 5037 94 22 couvrir,

89 5060 19 19 n
122 5065 26 17 en
164 5063 79 22 résulte
259 5070 43 19 que
318 5066 23 21 la
355 5065 89 24 période
458 5061 130 24 transitoire

90 5087 13 16 a
109 5087 127 23 application
251 5089 29 21 de
294 5090 23 19 la
334 5089 30 20 loi
378 5090 34 19 est
427 5085 162 24 extrêmement

90 5108 89 24 délicate.
187 5113 58 19 Pour
252 5113 88 20 couvrir
348 5111 241 24 mathématiquement

91 5131 29 21 les
129 5133 84 25 risques,
222 5136 16 21 U
247 5136 101 20 faudrait
357 5141 28 15 ou
394 5136 52 20 bien
457 5133 132 26 augmenter

92 5155 19 20 ta
123 5158 112 22 cotisation
249 5164 30 17 en
293 5161 23 19 la
328 5160 115 22 majorant
454 5160 28 20 de
496 5159 51 24 plus
560 5156 29 21 de

92 5178 33 21 400
137 5181 71 22 francs
220 5188 41 18 par
272 5188 37 18 an,
319 5188 29 16 ou
361 5183 51 21 bien
423 5188 74 16 verser
507 5183 16 20 à
533 5182 44 20 ren-

93 5202 41 21 trée
143 5205 53 21 dans
205 5207 140 21 l'assurance,
355 5211 30 17 un
398 5207 82 23 capital
490 5205 100 25 pouvant

93 5226 107 25 atteindre,
216 5231 62 21 selon
295 5230 64 23 l'âge,
377 5230 50 24 plus
445 5231 29 20 de
488 5232 13 19 3
507 5231 39 20 "00
561 5229 29 21 fr.

116 5250 19 20 H
150 5252 49 22 faut
212 5255 57 19 donc
286 5254 87 24 prévoir
389 5254 24 21 ta
427 5254 166 23 capitalisation

94 5273 101 26 effective,
211 5278 22 20 la
248 5278 165 20 canltallsatlon
430 5278 76 24 fictive
521 5282 31 17 ou
567 5277 25 22 la

89 5299 67 17 'W*—
159 5300 43 16 *'on
214 5302 106 20 r-.nr.l^e.

602 614 56 39 •lia*
678 612 91 45 ™££?
770 618 11 16 ,
782 615 66 42 £S
865 603 34 54 jtt
915 624 121 26 P**"*"***.
1055 631 58 19 mais

601 739 126 45 séfde™Ls
733 746 12 16 e
740 742 114 42 ^;^
848 752 13 16 s
855 772 13 12 i
874 753 42 21 rap
916 762 8 9 '
925 751 47 21 tau:
968 758 11 9 '
993 754 119 24 ********

601 764 217 49 UaràTe^cf
817 775 13 15 5
840 772 120 25 *'*****
974 776 23 23 "
1012 779 36 22 1/3
1061 780 40 20 mU
1102 790 11 5 -

602 845 29 17 pa
624 818 18 19 L
632 825 122 37 r«Uon^..
750 826 23 16 œ
773 827 16 35 S
787 825 49 21 ntrt
830 841 18 21 ;.
848 831 26 20 (ll
871 833 19 29 l!
900 828 21 23 ,e
931 831 96 25 ******
1036 834 28 20 <"»
1075 835 35 21 *»*

598 890 32 21 les
640 891 80 24 jeunes
730 896 79 22 paient
818 902 56 20 pour-
884 902 33 21 les
926 894 65 30 vieux

601 944 47 18 et™
650 927 14 15 0
659 924 54 38 ™.'!
714 929 27 16 Ur
752 930 54 18 Conc
805 953 7 9 ,
806 928 35 21 lut
851 935 42 19 que
902 933 23 20 Ia
936 934 30 20 lo1
975 940 29 15 ne
1014 936 48 21 dort
1072 942 42 19 pas

602 969 87 20 ttauant
706 954 58 35 iVs?
776 953 66 24 gaIop
843 968 5 8 '
860 956 24 20 et
894 957 15 20 "
922 958 57 21 term
980 960 37 15 '**-
1028 965 29 16 'n
1069 962 43 19 eri-

602 995 74 19 conne
693 996 15 18 i
725 999 39 15 rt~
770 980 42 19 SUe
822 980 73 34 SLF
893 984 15 17 0
906 980 35 25 **
955 983 109 24 H-yms*".
1075 989 39 21 qui

602 999 55 33 rif„,
663 1001 17 31 %
693 997 15 20 à
718 1023 9 9 .
725 999 40 20 des
782 1005 50 16 arre
833 1003 34 20 tes
882 1009 84 19 royaux
983 1008 20 20 le
1018 1010 49 20 soin
1085 1011 28 20 de

602 1017 103 25 résoudre
718 1023 74 22 toutes
804 1026 33 21 les
848 1028 130 24 difficultés.

601 1050 48 38 „,,^
647 1055 16 15 n
672 1052 19 36 f
691 1057 33 16 en
723 1058 15 30 \
732 1054 21 20 ie
753 1059 12 9 *
778 1055 25 20 é0
802 1080 7 8 ,
803 1056 48 21 han
850 1063 27 18 ee
892 1061 28 20 de
933 1066 54 16 vues
998 1067 15 16 a
1026 1064 45 21 lieu
1083 1069 30 16 au

601 1074 60 39 ffi
672 1076 31 21 du
711 1082 20 31 j*
731 1078 8 20 1
740 1079 25 34 ?,*
765 1084 13 15 0
779 1084 31 16 *"*
824 1082 28 20 de
865 1083 141 24 l'assurance.
1018 1089 31 19 Ce
1063 1089 38 23 pla-

602 1097 56 23 fond
669 1105 29 16 ne
710 1103 49 20 doit
770 1108 42 18 pas
822 1105 47 22 être
881 1108 51 23 trop
943 1110 66 24 élevé,
1022 1113 91 23 puisque

601 1150 37 15 OUI
651 1126 41 39 nn\
685 1130 15 15 U
701 1127 22 38 ï
724 1127 18 20 "
743 1127 12 20 é
765 1132 13 15 C
778 1132 14 33 ?
792 1133 15 15 U
804 1153 6 12 .
807 1133 39 18 Vre
855 1135 32 30 *f*
899 1134 41 19 liSC
937 1139 7 18 >
945 1138 39 17 Ues
993 1139 56 21 W
1060 1118 55 39 ceïx

601 1148 37 22 qui
651 1150 42 19 ont
705 1151 40 20 des
755 1153 93 22 salaires
860 1155 78 22 élevés,
949 1158 19 20 n
982 1162 118 22 appartien-

601 1171 41 21 dra
652 1178 45 15 aux
707 1176 154 23 mandataires
872 1181 28 20 de
911 1181 108 23 réclamer
1029 1189 42 19 que
1081 1186 32 19 les

601 1200 138 36 Sm.^
738 1201 64 20 eta
798 1211 15 25 ,'
813 1203 81 23 ptom
895 1210 39 7 "*"
935 1206 35 20 utl
969 1211 54 20 '"**
1041 1210 74 21 soient

601 1222 126 22 également
741 1226 77 22 acquis
832 1232 56 18 pour
903 1234 25 16 ce
941 1231 89 21 dernier
1044 1237 45 17 cas.

764 1262 185 25 RESOLUTION

627 1294 89 25 L'ordre
732 1298 31 21 du
778 1299 50 22 jou.-
843 1302 96 23 suivant,
954 1305 103 23 présenté
1073 1311 42 20 par

618 1344 25 12 t.
662 1325 27 31 ,?
689 1322 58 20 rtsid
744 1348 8 8 ,
748 1327 13 15 e
761 1328 17 28 ?.
778 1324 16 20 t
804 1325 35 20 est
849 1331 11 10 °
863 1327 29 20 do
892 1332 15 7 *~
908 1328 22 20 té
939 1334 15 14 a
964 1329 150 22 l'unanimité:

598 1363 52 13 n....
666 1365 25 11 ,,,.
684 1350 10 15 8
691 1350 39 26 ï",
735 1348 37 16 Nat
770 1348 9 28 i
780 1352 23 12 c>n
805 1353 16 23 ;.
816 1349 19 17 ,e!
832 1369 6 7 .
852 1351 33 17 dM
901 1352 121 19 «aérations
1037 1357 76 14 mutua-

600 1383 17 17 lo
632 1384 20 17 23
666 1389 51 13 mara
806 1368 92 23 **V*0»,
914 1372 65 18 réunie
994 1378 24 13 en
1032 1375 81 20 Congrès

620 1418 95 17 Proclame
728 1424 21 12 sa
764 1422 104 18 sympathie
881 1427 36 13 aux
930 1425 93 20 principes
1035 1426 79 18 énoncés

598 1438 48 16 dans
664 1438 17 17 le
698 1439 62 19 projet
774 1441 70 17 Pécher
861 1446 32 13 sur
911 1444 113 18 l'assurarce
1042 1446 61 19 obliga-

599 1458 49 15 toire
657 1459 66 17 contre
735 1459 18 16 la
764 1460 81 18 maladie
857 1463 28 17 et.
888 1463 117 18 l'invalidité:
1114 1463 5 6 '

599 1502 7 9 ,
619 1483 37 28 ^Si
654 1484 8 16 1
678 1485 99 18 cbnrisnce
793 1490 38 13 aux
846 1488 128 18 mandataires
991 1490 83 18 libéraux
1091 1492 23 16 do

600 1504 18 14 ta
630 1504 92 16 Chambre
734 1506 20 15 et
766 1506 25 16 du
804 1506 59 17 Sénat
874 1512 46 15 pour
933 1509 54 19 qu'ils
999 1510 115 19 s'efforcent,

599 1524 48 16 dans
659 1524 6 16 1
672 1524 115 17 élaboration
801 1526 26 16 du
838 1530 84 14 nouveau
937 1529 61 19 projet
1011 1530 23 16 de
1047 1530 31 18 loi.
1092 1530 23 16 da

599 1542 48 19 faire
663 1544 92 18 prévaloir
771 1546 26 16 les
813 1546 93 20 principes
921 1549 31 18 qui
968 1550 111 16 consacrent
1094 1551 20 15 la

600 1563 43 18 paix
654 1563 68 18 sociale
732 1565 19 16 et
761 1565 19 16 la
790 1565 134 19 collaboration
934 1568 32 16 des
977 1568 76 19 classes.

619 1588 86 19 Exprime
728 1590 75 20 l'espoir
824 1595 36 15 que
882 1593 19 16 la
921 1593 25 16 loi
969 1593 103 18 détermine
1094 1593 20 17 la

600 1609 55 16 Quota
668 1611 44 17 part
726 1610 32 16 des
771 1612 86 17 pouvoirs
869 1613 72 18 publics
954 1613 48 16 dans
1015 1615 18 16 le
1045 1612 70 17 servie

599 1627 245 23 médico-pharmaceutique
862 1635 47 16 pour
929 1633 43 16 tous
993 1633 27 16 les
1039 1633 66 16 mutua-

599 1647 59 18 listes.

629 1679 32 20 M.
671 1679 21 21 le
702 1681 103 20 ministre
817 1682 110 21 Vauthier
938 1683 35 20 dit
984 1684 102 20 combien
1096 1684 22 21 le

601 1703 93 24 congrès
703 1705 44 20 fait
759 1705 104 21 honneur
874 1711 30 15 au
916 1707 61 24 parti
983 1707 85 23 libéral,
1074 1712 42 20 par

600 1732 42 16 son
653 1728 45 20 bon
709 1733 59 18 sens,
777 1734 41 16 son
830 1730 135 23 objectivité,
975 1736 26 16 sa
1011 1732 104 23 défiance

601 1753 40 19 des
653 1752 110 22 chimères
776 1754 25 20 et
814 1759 26 15 sa
854 1754 125 24 générosité
993 1756 97 24 d'esprit.

625 1782 21 20 Il
666 1784 56 20 rend
741 1784 121 24 hommage
881 1785 16 21 &
913 1786 32 20 M.
963 1786 21 20 le
1001 1786 115 24 président

602 1805 63 21 Jules
679 1806 91 22 Pécher.

627 1837 31 19 M.
669 1837 21 20 le
704 1838 115 23 président
832 1840 105 20 remercie
951 1840 33 21 les
997 1841 120 22 assistants

603 1862 24 19 et
637 1861 48 21 lève
695 1862 23 20 la
729 1862 80 22 séance
821 1863 15 20 à
847 1864 10 19 1
868 1864 24 20 h.
902 1865 32 19 30.
943 1875 27 5 —
978 1865 30 20 X.

1135 177 86 63 LA
1237 173 405 75 MÉDECINE
1663 187 128 61 UNE
1832 185 338 64 COLLISION

624 1931 78 32 CHEZ
720 1932 53 31 LES
792 1933 124 31 FEMMES
937 1930 160 37 I1BÉRALES

626 1993 33 21 La
675 1994 87 20 section
781 1994 110 22 férnlnine
921 1996 28 21 de
965 1995 153 23 l'Association

603 2017 91 22 libérale
712 2019 28 20 de
757 2019 116 22 Bruxelles
888 2025 15 16 a
920 2021 62 23 tenu,
1001 2021 120 22 dimanche

603 2042 79 23 matin,
699 2047 43 16 son
758 2044 121 21 assemblée
894 2044 104 25 générale
1013 2046 95 21 statutai-

601 2071 25 16 re
637 2066 16 21 k
665 2067 23 19 la
699 2067 90 21 Maison
800 2068 97 24 libérale,
907 2074 53 16 sous
969 2070 24 20 la
1004 2070 103 24 présiden-

601 2095 26 16 ce
640 2091 28 20 de
679 2092 62 19 Mme
754 2092 139 21 Lemonnier.

626 2122 62 19 Mme
700 2122 111 23 Heyninx,
821 2123 125 25 secrétaire,
959 2129 14 15 a
986 2124 75 21 donné
1073 2125 34 20 lec-

601 2146 52 20 ture
669 2146 30 20 du
716 2147 94 23 rapport
827 2147 79 24 moral,
924 2148 25 21 et
966 2149 62 21 Mme
1045 2149 75 22 Forta.

603 2170 29 20 du
647 2171 95 23 rapport
753 2171 118 21 financier.

627 2200 147 21 L'assemblée
787 2206 15 15 a
815 2201 36 22 élu
861 2202 112 23 membres
985 2204 30 20 du
1029 2204 89 20 comité:

602 2225 73 20 Mmss
708 2226 141 22 Lemonnier.
882 2227 174 21 Huisman-Van
1076 2228 45 20 den

601 2249 61 23 Nest,
675 2249 111 24 Heyninx,
798 2251 29 19 de
839 2250 78 25 Vigne,
930 2252 79 22 Horta,
1021 2253 97 19 Constu-

603 2273 52 22 rier.
669 2274 103 28 ,Mattvs,
795 2275 107 20 Schmitz.
921 2276 107 23 Willems,
1064 2277 51 20 Van

602 2298 114 22 Halteren,
735 2299 126 24 Dedonder,
888 2300 129 21 Guillaume
1034 2301 85 21 Verhe-

602 2326 44 16 ven
660 2323 25 20 et
701 2323 86 20 Sohier.

627 2352 103 21 Aussitôt
749 2353 66 24 après
836 2358 15 15 a
862 2358 30 16 eu
914 2354 45 21 lieu
979 2354 137 22 l'assemblée

602 2376 28 20 de
642 2376 23 21 la
684 2377 133 26 fédération,
835 2382 53 17 sous
903 2379 24 20 la
945 2379 129 23 présidence
1091 2380 28 21 de

602 2401 62 20 Mme
680 2402 110 23 Heyninx.

626 2432 47 20 Elle
690 2436 16 16 a
720 2432 36 20 élu
772 2432 111 21 membres
899 2433 30 21 du
943 2434 88 24 comité,
1046 2435 73 20 Mmes

601 2455 110 24 Cloctens,
723 2456 105 24 Lejeune,
838 2458 52 19 Van
899 2458 120 23 Leynseele
1030 2460 25 19 et
1065 2459 54 21 Mlle

600 2480 151 23 Bedinghons,
768 2485 29 16 en
812 2482 177 23 remplacement
1004 2484 28 19 de
1046 2484 73 19 Mmes

601 2505 90 23 Brants,
711 2505 113 24 Bossaert,
855 2506 116 20 Brunfaut
1004 2508 24 20 et
1046 2508 72 20 Groe-

601 2529 84 20 nlnckx
699 2530 114 23 sortantes
826 2530 25 20 et
865 2530 188 25 non-rééltgtbles.

627 2559 35 20 M*
678 2559 28 20 G.
719 2559 82 22 Ciselet
816 2564 16 16 a
845 2560 87 21 ensuite
945 2561 45 20 fait
1005 2566 45 16 une
1064 2566 45 17 cau-

600 2583 57 20 serie
674 2588 40 16 sur
731 2592 9 8 «
757 2584 33 20 La
804 2584 84 21 femme
904 2585 63 24 belge
983 2586 84 22 devant
1094 2586 25 21 la

601 2607 31 20 loi
649 2615 18 12 ».
682 2617 28 5 —
723 2608 26 19 E.

681 2683 33 27 LA
727 2683 114 28 SOIREE
855 2685 189 31 ARTISTIQUE

706 2729 40 27 DU
760 2729 120 28 CERCLE
896 2729 111 28 BORAIN

626 2791 21 20 H
661 2795 15 19 y
692 2791 61 20 avait
767 2791 60 20 foule
840 2792 87 20 samedi
942 2792 45 20 soir
1003 2792 14 20 à
1030 2792 84 21 Patria.

601 2814 30 21 où
645 2814 23 21 le
685 2815 76 20 Cercle
776 2816 87 21 Boraie
878 2816 28 20 de
920 2816 116 21 Bruxelles
1053 2817 61 20 avait

600 2839 102 24 organisé
712 2840 22 20 la
743 2840 38 19 50e
790 2839 179 24 représentation
978 2840 29 21 de
1017 2848 9 9 «
1038 2841 76 22 Pagne

601 2863 15 20 à
631 2864 54 23 part
698 2871 18 15 »,
728 2863 236 22 comédie-vaudeville
979 2864 135 24 interprétée

601 2892 42 19 par
653 2888 23 20 la
687 2887 102 21 Tournée
799 2888 71 20 Henri
881 2888 125 21 Tournelle.
1016 2890 63 19 Dans
1090 2889 24 20 la

600 2912 63 23 salle,
672 2916 30 16 on
713 2912 75 20 notait
797 2913 21 19 le
829 2912 92 21 docteur
930 2913 101 19 Maurice
1040 2913 61 20 Fran-

601 2936 52 23 çois,
663 2936 115 24 président
788 2936 31 20 du
829 2936 83 23 Cercle,
921 2937 31 19 M.
963 2937 73 22 Finet,
1046 2937 32 20 M.
1086 2937 27 20 O.

597 2961 115 22 Bombled,
721 2961 32 19 M.
761 2961 137 19 Mosselman
906 2961 25 20 et
939 2960 102 21 combler,
1049 2961 51 20 d'au-

601 2985 35 20 tre
648 2985 139 20 animateurs
799 2989 80 16 encore
890 2985 30 20 de
928 2989 26 16 ce
964 2985 51 20 club
1026 2985 81 20 wallon

625 3016 73 19 Mmes
711 3015 24 19 Z.
750 3014 99 22 Mahieu.
861 3015 21 19 J.
895 3014 114 22 Cardinal.
1023 3015 24 19 Z.
1060 3015 53 20 Lal-

600 3039 100 22 lemand;
713 3039 57 20 MM.
781 3039 25 20 E.
818 3038 100 23 Mahieu,
928 3039 24 19 L.
965 3038 113 24 Blanquet
1089 3039 25 20 et

601 3064 25 20 C.
643 3063 63 21 Huin
723 3068 25 16 se
769 3062 142 21 montrèrent
930 3062 62 24 plein
1014 3063 98 20 d'allant.

600 3088 30 20 Et
644 3092 25 15 ce
684 3087 85 22 furent,
781 3091 58 19 pour
851 3086 33 21 les
898 3087 124 20 nombreux
1034 3086 79 21 fidèles

601 3112 30 20 du
646 3111 87 24 terroir,
748 3111 56 21 trois
815 3111 82 20 heures
911 3111 137 20 d'Incessant
1060 3111 52 20 fou-

601 3136 50 21 rire.

626 3161 32 19 La
670 3160 56 20 mise
741 3164 30 16 en
782 3159 66 21 scène
860 3159 63 21 avait
936 3159 36 21 été
986 3158 72 25 réglée
1071 3163 42 20 par

600 3185 31 20 M.
644 3184 40 20 Ed.
696 3183 99 21 Mahieu.

625 3209 35 20 Au
678 3208 75 24 piano,
770 3209 31 19 M.
818 3207 58 21 P.-J.
890 3208 122 22 Rousseau,
1028 3207 28 21 de
1073 3207 39 21 Je-

600 3237 99 19 mappes,
716 3231 98 24 premier
840 3231 51 25 prix
919 3231 144 21 d'excellence
1082 3231 30 21 du

600 3258 57 22 Jury
681 3256 169 24 international,
863 3255 172 25 accompagnait
1058 3259 54 16 avec

600 3281 108 21 maîtrise.

623 3306 61 20 Tous
693 3305 78 21 furent
778 3304 114 22 vivement
901 3304 115 23 acclamés,
1025 3304 29 20 de
1063 3303 38 20 mê-

601 3334 37 16 me
653 3334 42 19 que
708 3328 102 23 l'auteur,
822 3329 31 20 M.
868 3328 125 23 Tournelle,
1005 3332 43 20 que
1059 3327 42 21 l'as-

601 3354 97 20 sistance
708 3352 98 21 réclama
817 3357 54 16 avec
881 3352 109 21 instance.
998 3362 28 5 —
1035 3352 29 20 X.

603 3425 35 27 LA
662 3419 79 33 FÊTE
765 3423 58 28 DES
846 3422 270 29 «COCCINELLES»

627 3466 59 20 Gros
699 3464 77 22 succès
789 3469 58 20 pour
859 3465 22 20 le
895 3464 58 24 gala,
965 3464 86 21 samedi
1065 3463 52 20 soir,

602 3494 29 16 en
646 3489 24 21 la
685 3489 56 21 salle
756 3490 29 20 de
799 3489 103 23 musique
918 3489 29 21 de
962 3488 107 20 chambre
1086 3487 30 20 du

602 3514 75 20 Palais
690 3514 39 20 des
744 3514 78 20 Beaux
836 3513 60 23 Arts,
908 3517 43 19 par
964 3512 34 20 les
1013 3511 92 20 «Cocci-

602 3538 70 21 nelles
692 3546 19 14 »,
729 3537 100 21 Amicale
848 3537 39 20 des
906 3536 121 20 anciennes
1045 3535 73 20 élèves

603 3563 28 21 de
647 3562 80 20 l'Ecole
743 3564 111 20 moyenne
869 3560 29 20 de
913 3559 138 21 Molenbeek.

627 3587 22 19 Y
662 3585 130 21 assistaient
802 3584 149 21 notamment.
965 3584 56 19 MM.
1034 3583 72 19 Mette-

601 3611 48 22 wie,
657 3609 154 25 bourgmestre
820 3609 29 20 de
859 3608 138 21 Molenbeek.
1008 3607 75 20 Smets
1093 3607 24 20 et

603 3635 95 22 Navare,
729 3633 114 22 éehevins;
875 3632 74 22 Blum,
979 3630 93 20 échevin
1090 3630 29 20 de

602 3658 149 23 Schaerbeek;
764 3658 62 20 Mme
835 3656 118 22 Backtant,
964 3655 115 21 directrice
1090 3655 27 20 de

602 3683 81 20 l'Ecole
701 3686 120 20 moyenne;
845 3682 73 19 Mmes
939 3679 107 22 Theunis,
1068 3679 50 20 Van

605 3708 70 22 Meer,
697 3706 106 24 Bingoot,
825 3705 90 22 Lessen,
934 3702 126 23 Delmoltié,
1083 3702 34 19 De

604 3732 85 22 Coster,
708 3730 148 24 professeurs;
880 3728 33 20 les
935 3727 106 21 dévouéss
1063 3726 43 20 diri-

604 3755 76 24 geâtes
697 3755 29 22 de
741 3754 98 23 l'oeuvre,
855 3752 66 21 Mlles
938 3750 140 22 Xembacker
1095 3750 24 19 et

603 3781 35 19 De
650 3779 63 20 Bast.

629 3804 144 22 Programme
787 3802 29 20 de
828 3801 67 21 choix
908 3800 38 24 qui
958 3799 84 25 permit
1055 3799 17 19 d
1076 3802 31 19 ap-

604 3828 90 25 plaudir
705 3827 32 20 M.
748 3826 97 20 Etienne
856 3825 92 20 Vander
958 3824 101 21 Auwera,
1070 3822 37 20 vio-

604 3851 132 22 loncelliste;
755 3850 56 20 Mlle
826 3849 93 20 Simone
936 3847 91 21 Redant
1042 3846 24 21 et
1084 3849 36 16 ses

604 3877 130 20 danseuses;
754 3874 54 20 Mlle
824 3873 82 20 Esther
921 3872 131 22 Vermeyen,
1069 3870 38 24 pia-

604 3900 69 23 niste;
689 3899 40 20 enf
729 3903 38 18 on,
779 3897 55 22 Mlle
847 3896 132 21 Urelemans
992 3895 24 20 et
1029 3895 31 19 M.
1074 3894 45 20 Co-

605 3924 57 21 linet
678 3924 58 19 dans
751 3929 10 10 «
777 3922 34 19 La
824 3920 56 21 Paix
895 3920 55 22 chez
966 3919 39 21 Sol
1021 3926 19 12 ».
1049 3938 5 3 .
1088 3938 4 3 .

629 3948 39 21 Un
685 3947 47 21 bal.
741 3945 98 21 termina
855 3944 60 23 cette
931 3943 47 21 très
995 3942 54 24 jolie
1065 3941 54 20 fête.

604 3982 27 7 —
649 3972 29 20 G.

758 4035 37 27 LA
818 4029 78 33 FÊTE
920 4031 58 29 DES

649 4095 21 18 «
681 4084 194 31 VEREENIGDE
890 4081 154 30 VRIENDEN
1058 4088 21 18 »

1269 271 153 40 DEVANT
1443 275 65 37 LES

1163 317 123 41 ASSUR
1288 324 119 36 ANCES
1431 325 47 36 SO
1480 325 128 37 CIALES

1197 386 61 34 UNE
1276 386 114 37 SÉANCE
1408 394 45 30 AU
1472 394 108 30 PALAIS

1267 434 55 31 DES
1341 432 174 36 ACADÉMIES

1161 493 123 23 Chambrée
1302 497 108 24 complète
1425 503 25 16 ce
1466 499 85 20 samedi
1566 498 76 24 après-

1136 517 53 20 midi
1207 522 29 16 en
1254 520 22 19 la
1295 522 83 26 grande
1396 523 54 21 salle
1466 523 30 20 du
1515 523 73 20 Palais
1603 523 39 19 des

1135 541 135 24 Académies,
1280 548 28 16 ou
1320 545 20 20 le
1352 545 81 24 collège
1444 547 39 20 des
1493 547 112 20 médecins
1614 546 28 20 de

1137 566 112 21 Bruxelles
1262 572 15 15 a
1290 568 69 21 Invité
1376 571 50 19 tous
1439 570 32 20 les
1487 571 112 20 médecins
1612 573 30 17 d.

1135 591 55 20 Pays
1203 590 14 20 k
1230 595 44 16 une
1287 591 79 21 séance
1379 596 114 21 organisée
1504 599 52 16 sous
1567 594 21 20 le
1601 598 29 19 pa-

1136 612 92 25 tronage
1241 615 28 20 de
1283 616 23 19 la
1319 616 131 22 Fédération
1463 619 23 19 et
1500 618 116 20 consacrée
1628 618 14 20 â

1135 636 22 19 la
1173 639 102 21 question
1288 639 102 22 brûlante
1405 642 39 20 des
1460 646 130 16 assurances
1604 647 26 15 so-

1135 660 73 21 ciales.

1160 692 35 20 Au
1206 692 83 22 bureau
1300 696 111 21 prennent
1422 696 62 26 place
1499 701 5 15 :
1518 696 30 20 M.
1560 696 20 20 le
1591 700 40 20 pro-

1135 714 85 22 fesseur
1239 718 135 24 Verhoogen,
1392 719 121 24 président;
1537 721 56 19 MM.
1611 721 31 19 les

1136 739 101 24 délégués
1248 742 39 20 des
1298 743 78 23 quatre
1387 744 95 21 facultés
1493 745 28 20 de
1530 744 113 21 médecine

1135 763 31 20 du
1181 768 55 19 pays
1250 767 24 19 et
1288 766 28 20 de
1331 767 132 21 l'Académie
1477 768 28 20 de
1518 768 122 23 médecine;

1136 787 55 25 MM.
1203 788 32 21 les
1244 790 113 23 président
1369 792 23 19 et
1401 791 118 21 secrétaire
1529 792 28 20 de
1567 793 23 19 la
1601 792 30 20 Fé-

1135 811 102 23 dération
1249 813 116 24 médicale;
1381 816 55 19 MM.
1449 816 32 20 les
1492 816 109 21 membres
1612 816 30 20 du

1135 836 86 21 Comité
1233 838 110 20 directeur
1355 839 30 20 du
1397 839 88 24 collège.

1161 866 75 21 Parmi
1250 868 142 22 l'assistance,
1404 874 30 15 on
1449 870 53 20 note
1515 870 22 20 la
1552 870 79 24 présen-

1136 893 25 16 ce
1171 890 27 20 de
1208 892 55 19 MM.
1274 892 32 21 les
1317 892 92 24 députés
1420 894 135 22 Mundeleer,
1563 894 80 21 Bréart

1137 914 24 19 et
1170 914 81 21 Coelst.

1161 944 32 20 M.
1207 945 21 20 le
1241 947 124 20 professeur
1378 947 136 24 Verhoogen,
1526 947 119 24 président,

1137 971 80 20 expose
1230 970 91 21 d'abord
1335 975 41 19 que
1391 972 22 19 la
1425 971 93 23 réunion
1532 972 38 20 n'a
1581 972 63 23 point

1138 995 56 19 pour
1208 993 62 23 objet
1284 994 27 20 de
1326 995 111 23 s'occuper
1452 996 30 19 du
1497 996 103 19 domaine
1615 996 29 20 du

1137 1015 132 24 législateur,
1282 1018 57 20 mais
1353 1019 135 20 d'examiner
1500 1020 20 19 si
1536 1020 31 20 les
1581 1024 52 16 assu-

1137 1043 79 18 rances
1226 1042 92 20 sociales
1328 1042 137 24 préconisées
1476 1048 28 16 ne
1517 1044 54 20 vont
1582 1044 62 23 point

1137 1065 95 19 asservir
1243 1065 21 20 le
1274 1065 100 21 médecin
1386 1067 23 20 et
1420 1072 93 19 enrayer
1524 1067 20 21 le
1556 1067 89 24 progrès

1137 1087 146 25 scientifique.
1298 1090 94 24 Puisque
1410 1092 31 20 M.
1455 1092 20 20 le
1491 1092 102 20 ministre
1607 1092 37 19 n'a

1139 1112 63 22 point
1216 1113 55 20 tenu
1286 1113 22 20 la
1324 1118 110 19 promesse
1447 1116 128 23 quil-avait
1589 1115 55 20 faite

1139 1135 27 22 de
1182 1140 57 16 nous
1255 1138 108 20 entendre
1379 1148 25 5 —
1420 1139 89 20 conclut
1525 1139 20 21 le
1558 1140 76 23 profes-

1138 1163 52 16 seur
1201 1161 130 23 Verhoogen
1341 1172 27 4 —
1381 1167 57 16 nous
1449 1163 72 21 allons
1535 1163 56 21 faire
1604 1168 30 16 en-

1139 1183 77 21 tendre
1232 1185 65 20 notre
1316 1186 50 19 voix
1383 1186 16 20 &
1416 1187 105 24 l'opinion
1536 1187 109 24 publique.

1164 1213 31 20 M.
1207 1214 20 20 le
1239 1215 92 20 docteur
1342 1216 114 23 Koettlitz,
1468 1218 28 19 de
1508 1218 138 20 l'Université

1139 1236 28 21 de
1179 1238 119 23 Bruxelles,
1310 1244 64 18 passe
1384 1245 29 16 en
1425 1245 67 16 revue
1502 1245 24 16 ce
1538 1242 37 22 qui
1585 1246 15 15 a
1611 1241 35 21 été

1140 1261 44 20 fait
1194 1261 15 20 à
1219 1261 119 25 l'étranger
1347 1264 57 20 dans
1414 1265 21 20 le
1447 1265 103 19 domaine
1560 1265 39 20 des
1609 1270 26 15 as-

1137 1288 106 17 surances
1255 1287 93 20 sociales
1360 1288 23 19 et
1394 1288 89 20 conclut
1494 1292 48 20 que,
1552 1289 52 20 sauf
1617 1290 28 19 eh

1140 1308 72 21 Suède
1221 1310 23 19 et
1254 1315 28 15 en
1292 1310 104 25 Norvège,
1405 1312 29 19 où
1444 1312 68 22 existe
1522 1312 21 21 le
1553 1313 94 23 système

1140 1332 27 20 de
1178 1333 23 19 la
1213 1333 55 21 libre
1281 1339 125 18 assurance,
1421 1336 19 19 le
1451 1336 91 21 malaise
1555 1337 92 20 médical

1139 1356 90 21 devient
1241 1358 28 20 de
1283 1358 49 24 plus
1346 1364 29 15 en
1390 1359 49 23 plus
1454 1364 65 19 grave
1534 1364 30 17 au
1578 1361 57 20 détri-

1140 1381 63 20 ment
1215 1381 28 21 de
1256 1382 23 20 la
1290 1382 80 21 société
1383 1383 91 21 entière.

1164 1410 20 20 Il
1199 1412 91 23 analyse
1305 1412 20 20 le
1338 1413 74 23 projet
1426 1414 102 23 Heyman
1542 1414 53 21 basé
1610 1420 36 15 sur

1139 1433 33 21 les
1187 1435 130 20 mutualités
1337 1436 65 20 (dont
1418 1437 23 19 la
1455 1437 90 24 plupart
1562 1439 40 19 ont
1616 1443 30 15 un

1140 1458 112 20 caractère
1267 1460 115 23 politique)
1399 1461 23 19 et
1438 1461 15 19 il
1470 1466 28 15 en
1514 1461 77 21 déduit
1606 1467 41 19 que

1140 1485 24 16 ce
1174 1482 74 23 projet
1257 1483 84 20 détruit
1350 1484 53 20 d'un
1414 1485 55 20 trait
1477 1486 28 19 de
1516 1485 73 24 plume
1598 1487 50 20 tout

1141 1505 20 20 le
1176 1506 81 20 travail
1271 1507 27 21 de
1313 1507 23 19 la
1350 1508 141 21 commission
1505 1510 106 23 paritaire
1625 1511 23 20 et

1140 1529 74 20 toutes
1231 1530 32 20 les
1278 1531 138 20 concessions
1433 1532 67 21 faites
1514 1533 28 20 de
1559 1534 52 23 part
1625 1536 23 18 et

1140 1553 95 22 d'autre;
1253 1554 16 19 il
1285 1558 28 16 ne
1327 1555 99 23 garantit
1440 1556 25 20 ni
1479 1557 21 19 le
1515 1557 54 20 libre
1584 1558 64 20 choix

1141 1576 31 20 du
1185 1576 108 23 médecin,
1307 1578 58 21 nlie
1377 1580 71 20 secret
1462 1580 103 24 médical;
1580 1582 16 20 11
1608 1587 29 19 op-

1141 1600 70 23 prime
1220 1601 21 20 le
1252 1601 101 22 médecin
1364 1607 30 16 au
1405 1603 121 22 détriment
1536 1605 30 21 du
1576 1607 60 19 mala-

1140 1624 35 20 de.

1165 1654 115 22 L'orateur
1293 1657 48 20 met
1354 1662 29 16 en
1397 1658 64 20 relief
1474 1659 33 20 les
1520 1660 117 21 revendica-

1142 1677 59 21 tions
1215 1679 27 20 de
1256 1680 23 20 la
1291 1680 132 22 Fédération
1437 1682 108 22 Médicale
1556 1685 67 23 Belge
1641 1690 6 15 :

1142 1702 30 20 1°)
1191 1702 55 21 libre
1264 1703 66 21 choix
1348 1705 77 21 absolu
1445 1707 31 19 du
1492 1707 100 21 médecin
1611 1709 36 23 qui

1141 1726 102 23 s'engage
1257 1727 123 22 seulement
1393 1730 15 19 à
1421 1731 103 23 accepter
1537 1732 32 20 les
1583 1737 55 16 sanc-

1141 1749 60 21 tions
1214 1751 28 20 de
1259 1751 23 20 la
1296 1754 140 20 commission
1454 1755 141 25 d'arbitrage;
1614 1757 32 20 2")

1143 1774 113 23 paiement
1274 1780 42 19 par
1331 1778 112 23 vacation;
1464 1778 32 21 3°)
1517 1781 87 22 respect
1620 1781 30 20 du

1142 1799 71 19 secret
1223 1800 170 24 professionnel;
1407 1802 32 20 4")
1453 1803 67 20 droit.
1524 1808 44 16 aux
1578 1804 60 21 hono-

1143 1822 70 20 raires
1232 1827 56 19 pour
1307 1824 50 20 tout
1376 1826 88 21 malade
1481 1827 49 23 quel
1550 1832 41 19 que
1607 1828 44 20 soit

1143 1845 103 22 l'endroit
1258 1847 29 20 où
1302 1848 16 20 il
1332 1853 23 16 se
1368 1849 86 24 trouve;
1470 1851 31 20 5")
1518 1851 78 21 liberté
1610 1853 28 20 ab-

1141 1869 61 23 solue
1220 1870 28 21 de
1266 1873 146 23 prescription
1427 1874 24 20 et
1465 1875 28 20 de
1510 1874 127 25 thérapeuti-

1141 1897 51 19 que;
1203 1894 31 21 6°)
1247 1896 98 21 contrôle
1354 1897 39 20 des
1402 1898 99 20 malades
1510 1903 41 19 par
1559 1900 23 19 la
1592 1900 45 20 cais-

1141 1922 24 16 se
1184 1918 150 25 d'assurance;
1360 1921 97 21 contrôle
1479 1923 39 20 des
1537 1923 112 21 médecins

1142 1945 42 20 par
1198 1941 59 21 leurs
1269 1944 61 22 pairs
1346 1944 41 21 (les
1403 1946 90 24 conflits
1508 1946 64 21 étant
1587 1948 63 23 jugés

1143 1969 41 19 par
1194 1970 44 16 une
1249 1968 141 21 commission
1402 1970 141 24 d'arbitrage)
1550 1975 5 19 ;
1569 1971 31 21 7")
1614 1976 24 16 re-

1142 1988 152 24 présentation
1308 1992 39 20 des
1362 1993 136 23 organismes
1514 1995 123 23 profession-

1142 2013 48 21 nels
1200 2013 57 21 dans
1266 2015 32 20 les
1309 2017 151 20 commissions
1471 2018 129 24 techniques
1611 2020 39 20 des

1143 2041 139 20 assurances;
1298 2039 32 21 8»)
1347 2040 193 22 fonctionnement
1557 2043 39 20 des
1613 2048 26 15 as-

1142 2064 106 18 surances
1265 2067 43 18 par
1324 2068 32 16 un
1373 2065 68 20 office
1458 2066 109 23 national,
1584 2067 29 20 où
1629 2068 21 20 le

1142 2088 64 20 corps
1219 2086 100 23 médical,
1335 2088 126 23 représenté
1477 2094 41 19 par
1533 2095 35 16 ses
1580 2091 58 20 Fédé-

1143 2109 91 23 rations,
1248 2115 57 16 aura
1318 2111 29 20 la'
1355 2112 185 24 prépondérance.

1166 2139 115 21 L'orateur
1292 2141 95 21 termine
1397 2147 29 15 en
1436 2143 121 24 critiquant
1567 2144 21 21 le
1599 2149 40 19 pro-

1142 2162 34 23 jet
1191 2163 113 21 Jauniaux
1324 2173 9 9 «
1353 2166 73 20 fatras
1443 2167 135 22 d'économie
1594 2170 44 23 poli-

1142 2185 69 25 tique»
1217 2188 47 19 mal
1277 2189 87 23 digérée
1381 2198 9 9 ,.
1405 2191 23 20 et
1442 2196 29 15 en
1485 2191 86 21 faisant
1585 2193 66 25 appel

1143 2210 15 20 k
1176 2211 51 20 tous
1245 2217 35 15 ses
1299 2213 113 21 confrères
1431 2219 56 19 pour
1503 2215 106 23 défendre
1628 2218 23 19 la

1142 2234 107 22 tradition
1270 2236 131 25 d'honneur,
1421 2239 188 24 d'indépendance
1627 2242 23 20 et

1141 2258 28 20 de
1187 2259 109 22 libéralité
1314 2261 28 21 de
1359 2262 23 19 la
1399 2263 124 23 profession
1536 2265 113 20 médicale.

1146 2283 92 24 lAppl.).

1166 2313 32 19 M.
1217 2314 21 19 le
1258 2313 113 25 président
1388 2316 74 21 donne
1481 2317 84 22 lecture
1585 2319 65 20 d'une

1141 2336 66 21 lettre
1219 2337 58 21 dans
1290 2339 93 23 laquelle
1397 2341 31 21 M.
1441 2341 21 20 le
1476 2342 101 21 ministre
1591 2343 49 24 Hey-

1142 2364 54 16 man
1212 2366 79 17 excuse
1305 2367 42 16 son
1364 2364 100 21 absence.

1164 2390 32 20 M.
1212 2390 22 21 le
1249 2392 128 22 professeur
1391 2395 121 23 Mercklen,
1526 2396 28 20 de
1569 2396 23 20 la
1608 2397 32 20 Fa-

1144 2414 59 21 culté
1209 2415 28 20 de
1244 2416 140 25 Strasbourg,
1390 2419 110 21 s'attache
1506 2420 144 24 longuement

1139 2441 16 16 a
1174 2438 129 22 démontrer
1319 2445 43 19 que
1380 2442 22 19 le
1419 2442 101 22 médecin
1536 2445 58 20 n'est
1612 2450 41 19 p»s

1139 2462 105 21 l'ennemi
1265 2464 39 20 des
1323 2469 132 17 assurances
1475 2468 99 23 sociales,
1596 2470 57 19 mais

1138 2486 53 23 qu'il
1207 2492 29 15 ne
1251 2488 48 20 doit
1314 2492 41 20 pas
1370 2489 48 21 être
1433 2490 89 22 victime
1538 2492 28 20 de
1578 2492 24 20 la
1616 2493 36 20 toi.

1139 2510 20 20 H
1174 2510 83 22 défend
1272 2513 58 20 cette
1346 2513 49 20 idée
1411 2515 52 23 qu'il
1478 2515 52 21 faut
1543 2516 80 21 tendre
1637 2517 15 20 à

1140 2535 136 23 rapprocher
1293 2536 24 20 la
1332 2537 114 21 médecine
1464 2539 40 20 des
1523 2544 130 17 assurances

1138 2558 28 21 de
1182 2559 25 20 la
1220 2559 114 21 médecine
1351 2562 166 21 traditionnelle
1533 2563 72 21 basée-
1614 2569 38 16 sur

1138 2582 22 20 la
1175 2583 86 20 science
1278 2585 24 19 et
1318 2589 39 15 sur
1373 2585 98 20 l'intérêt
1485 2587 31 20 du
1532 2588 95 20 malade.

1163 2612 21 20 Il
1198 2613 126 20 condamne
1337 2614 33 20 les
1381 2615 108 22 systèmes
1502 2616 113 21 allemand
1629 2618 24 19 et

1140 2635 98 21 nlsacien
1259 2637 39 23 qui
1321 2638 56 19 vont
1399 2638 89 24 juslu'à
1510 2640 78 20 laisser
1609 2645 44 16 aux

1138 2659 178 22 fonctionnaires
1330 2662 22 19 le
1366 2662 50 20 soin
1430 2663 28 19 de
1473 2663 58 20 fixer
1547 2664 23 19 la
1585 2664 67 21 durée

1138 2684 28 19 de
1185 2684 196 25 l'hospitalisation
1398 2686 24 20 et
1438 2687 44 23 qui,
1502 2691 29 16 en
1548 2688 105 20 enrôlant

1138 2707 29 20 de
1178 2707 80 24 Jeunes
1269 2708 114 21 médecins
1395 2709 77 21 créent
1482 2711 171 21 l'automatisme

1138 2736 31 16 au
1184 2732 123 21 détriment
1322 2733 29 20 de
1366 2733 24 20 la
1402 2734 87 21 science
1504 2735 114 21 médicale.
1633 2737 19 19 Il

1137 2760 80 19 expose
1229 2756 22 20 le
1265 2757 81 20 conflit
1360 2758 74 20 actuel
1447 2762 29 16 en
1491 2759 84 23 Alsace,
1588 2760 64 20 entre

1137 2780 33 20 les
1190 2780 83 21 caisses
1292 2781 24 20 et
1335 2781 33 20 les
1387 2782 121 24 praticiens
1527 2784 24 19 et
1567 2783 46 21 fait
1631 2784 21 20 le

1139 2804 77 23 procès
1234 2804 30 21 du
1285 2812 9 9 »
1302 2805 80 20 forfait
1390 2814 17 11 ».
1423 2806 20 19 Il
1461 2806 70 21 invite
1548 2807 51 20 tous
1617 2812 35 16 bes

1138 2828 113 21 confrères
1267 2828 74 24 belges
1355 2829 15 20 â
1385 2829 91 21 résister
1488 2830 136 21 fermement
1637 2830 15 21 à

1137 2853 59 19 cette
1212 2853 110 20 tentative
1338 2853 28 20 de
1382 2854 120 24 spoliation
1516 2855 32 20 du
1564 2855 86 20 travail.

1141 2876 92 24 lAppl.).

1162 2901 32 19 M.
1209 2901 21 20 le
1248 2901 92 20 docteur
1355 2902 87 20 Gravez
1468 2903 39 19 (en
1530 2902 121 24 flamand),

1137 2925 94 23 apporte
1247 2925 15 20 k
1277 2925 25 20 la
1317 2924 133 22 Fédération
1466 2925 107 22 médicale
1589 2927 62 24 belge

1137 2948 84 25 l'appui
1233 2949 28 20 de
1272 2949 135 23 I'Algemeen
1417 2950 123 20 Vlaamsch-
1549 2951 102 20 Verbond

1137 2973 23 20 et
1173 2973 90 20 combat
1278 2973 16 20 à
1308 2978 41 15 son
1362 2974 52 20 tour
1427 2973 22 21 le
1460 2974 76 23 projet
1549 2974 101 25 Heyman

1137 2997 23 20 et
1176 2997 21 20 le
1214 3005 9 9 «
1231 2996 81 21 forfait
1319 3005 18 12 ».

1161 3027 32 20 M.
1198 3027 29 20 -le
1239 3027 128 24 professeur
1378 3027 143 23 Balthozard,
1532 3027 28 21 de
1572 3028 24 20 la
1606 3028 33 20 Fa-

1136 3050 61 21 culté
1213 3051 28 20 de
1258 3051 70 22 Paris,
1343 3051 89 20 montre
1447 3056 42 15 oue
1505 3052 54 19 c'est
1575 3056 39 16 sur
1630 3052 21 20 le

1137 3079 141 19 programme
1289 3075 88 20 élaboré
1387 3080 43 19 par
1438 3075 40 20 les.
1481 3075 113 21 médecins
1604 3076 35 19 bel-

1136 3103 39 19 ges
1189 3104 43 18 que
1246 3099 33 20 les
1293 3099 113 20 médecins
1421 3099 100 23 français
1535 3100 42 20 ont
1591 3104 48 16 rem-

1137 3123 63 24 porté
1217 3123 49 20 leur
1281 3123 110 23 première
1408 3123 98 20 victoire.

1160 3147 21 21 U
1194 3147 79 20 estime
1283 3151 42 20 que
1338 3147 21 20 le
1372 3147 100 20 bénéfice
1485 3147 29 21 de
1524 3147 25 20 la
1560 3147 32 20 loi
1604 3147 46 20 doit

1136 3171 48 21 être
1204 3171 88 21 réservé
1311 3171 146 24 uniquement
1480 3175 46 16 aux
1552 3171 98 24 citoyens

1136 3200 43 20 peu
1197 3195 64 20 aisés.

1161 3219 20 20 H
1199 3220 70 20 Invite
1287 3224 36 16 ses
1337 3219 115 20 confrères
1475 3218 16 21 à
1514 3219 88 20 refuser
1622 3219 27 20 de

1136 3244 122 20 collaborer
1274 3243 15 20 à
1306 3248 44 16 une
1367 3243 31 20 loi
1414 3243 38 24 qui
1468 3243 70 20 serait
1554 3243 23 19 la
1591 3242 59 21 mort

1136 3268 29 20 de
1180 3268 23 20 la
1220 3267 125 24 profession
1359 3267 24 20 et
1399 3267 38 23 qui
1453 3266 138 21 anéantirait
1606 3271 44 16 une

1137 3292 108 20 tradition
1266 3291 66 20 basée
1352 3296 40 15 sur
1410 3291 21 20 le
1453 3290 146 21 dévouement
1620 3291 29 20 du

1136 3316 102 20 médecin
1254 3315 15 20 à
1285 3320 41 15 son
1343 3315 74 20 client.

1160 3340 21 20 H
1209 3344 81 18 expose
1315 3339 24 20 la
1367 3338 144 26 propagande
1536 3338 58 20 faite
1621 3342 28 16 en

1137 3364 85 21 France
1239 3367 43 21 par
1296 3363 34 20 les
1345 3362 114 21 médecins
1475 3367 57 19 pour
1548 3360 49 22 leur
1611 3361 28 21 dé-

1136 3388 65 21 fense
1216 3387 107 21 vis-à-vis
1340 3387 28 20 de
1384 3387 115 24 l'opinion,
1507 3386 104 24 publique
1628 3386 23 20 et

1136 3412 74 20 forme
1224 3412 39 20 des
1278 3415 68 16 vceux
1358 3415 57 20 pour
1428 3411 34 19 les
1474 3410 177 20 revendications

1137 3437 29 20 de
1182 3440 35 16 ses
1232 3434 116 24 confrères
1362 3434 80 23 belges.
1460 3434 92 24 (Appl).

1161 3461 33 20 M.
1211 3460 22 20 le
1251 3458 117 22 Président
1391 3458 75 21 donne
1489 3457 85 21 lecture
1598 3457 52 21 d'un

1138 3489 53 16 vœu
1213 3484 39 24 qui
1275 3490 9 10 "
1292 3482 102 24 s'inspire
1418 3482 39 20 des
1478 3480 175 21 considérations

1139 3508 80 21 émises
1232 3512 42 19 par
1286 3507 33 20 les
1331 3506 101 21 orateurs
1446 3510 29 16 en
1488 3510 43 15 vue
1543 3505 111 20 d'assurer

1138 3537 32 16 un
1187 3532 48 20 sort
1250 3530 105 26 prospère
1371 3530 16 21 à
1402 3530 24 20 la
1441 3529 114 21 médecine
1569 3529 24 20 et
1609 3533 44 16 aux

1138 3556 107 21 malades.
1252 3562 10 12 »

1164 3581 31 20 Ce
1204 3585 51 16 vœu
1266 3580 35 20 est
1310 3578 88 25 adopté,
1407 3577 65 25 après
1481 3576 51 25 quoi
1541 3577 24 20 la
1573 3576 81 21 séance

1139 3605 35 21 est
1187 3603 67 22 levée.
1268 3614 27 5 —
1306 3603 29 20 X.

1792 270 44 49 A
1868 271 128 49 GAN
2001 274 41 46 D

1726 369 42 30 UN
1787 366 85 33 AUTO
1891 368 34 30 SE
1942 369 91 30 JETTE
2051 369 60 31 SUR

1775 411 59 31 SUR
1851 411 36 30 LE
1904 412 162 31 TRAMWAY

1664 482 35 30 LE
1711 480 183 32 CHAUFFEUR
1906 481 38 31 ET
1956 482 43 30 UN
2009 482 163 31 OCCUPANT

1811 524 79 30 SONT
1907 522 121 35 BLESSÉS

1690 594 73 22 Gand,
1773 593 25 20 23
1808 595 66 17 mars.
1883 602 27 6 —
1921 594 62 20 Dans
1995 594 23 20 la
2029 593 50 21 nuit
2091 595 27 19 de
2130 598 25 16 sa-

1664 619 58 19 medi
1738 619 14 19 à
1765 615 123 23 dimanche,
1903 621 43 17 une
1960 618 94 20 violente
2069 618 98 21 collision

1663 643 52 20 s'est
1731 641 100 25 produite
1845 644 39 16 rue
1897 641 88 23 Longue
2002 642 39 20 des
2057 642 111 21 Violettes,

1664 666 13 20 à
1690 667 96 20 hauteur
1798 665 29 20 du
1842 664 97 24 manège,
1952 665 14 20 à
1978 666 73 22 Gand,
2063 666 62 20 entre
2136 670 30 15 un

1665 692 53 18 auto
1732 692 24 19 et
1769 694 43 16 une
1826 688 85 21 voiture
1924 689 38 20 des
1978 690 117 24 tramways
2110 690 46 20 élec-

1665 715 88 24 triques.

1689 745 77 20 L'auto
1781 741 90 22 conduit
1888 746 41 20 par
1945 743 21 21 le
1983 744 89 20 nommé
2100 744 68 20 Tllle-

1664 769 81 22 fcaerts,
1760 766 131 22 demeurant
1905 771 40 16 rue
1957 768 50 20 Van
2022 768 146 23 Caeneghem.

1665 793 14 20 à
1689 793 73 23 Gand,
1773 790 80 22 roulait
1862 789 14 20 à
1886 795 43 16 une
1940 792 69 19 allure
2019 791 149 21 désordonnée

1666 818 49 19 tout
1726 822 29 15 en
1771 815 79 21 tenant
1864 813 22 20 la
1899 816 90 22 gauche,
2004 815 166 24 probablement

1665 846 56 19 pour
1732 841 103 23 dépasser
1846 842 32 15 un
1890 839 58 20 tram
1958 840 24 20 et
1995 840 52 20 c'est
2060 840 57 19 ainsi
2128 843 41 20 que

1666 866 67 20 l'auto
1743 870 24 15 se
1781 865 64 21 lança
1856 866 52 16 avec
1921 867 44 16 une
1975 862 98 21 extrême
2085 863 72 20 violen-

1666 893 24 16 ce
1704 894 38 15 sur
1757 893 32 16 un
1804 889 58 18 tram
1874 888 84 19 venant
1970 888 27 19 de
2011 891 52 16 .rsns
2078 887 92 20 inverse.

1689 920 31 19 Le
1733 919 56 20 choc
1805 917 36 20 fut
1855 916 94 21 terrible.
1965 918 78 19 L'auto
2060 918 35 19 fut
2109 921 49 15 com-

1666 943 121 24 plètement
1807 940 148 21 démantibulé
1972 942 24 19 et
2017 940 20 21 le
2055 941 59 20 tram
2135 940 23 20 sé-

1667 967 132 21 rieusement
1816 963 150 25 endommagé.
1995 965 30 19 Le
2052 964 120 20 chauffeur

1667 992 129 20 TiUekaerts
1813 990 22 19 et
1850 987 32 20 les
1897 988 56 21 deux
1967 990 120 22 occupants
2102 989 28 19 de
2145 993 26 14 sa

1667 1016 84 19 voiture
1760 1013 76 21 furent
1846 1012 96 23 projetés
1950 1017 39 16 sur
2000 1014 20 19 le
2029 1011 62 25 pavé.
2103 1012 55 20 TiUe-

1667 1039 75 20 kaerts
1777 1035 70 23 blessé
1877 1040 42 19 par
1947 1037 49 19 tout
2013 1036 20 20 le
2052 1040 64 19 corps
2135 1036 37 20 fut

1668 1062 125 24 transporté
1810 1061 14 20 à
1843 1064 41 15 son
1904 1060 100 20 domicile
2026 1060 64 24 après
2110 1060 62 20 avoir

1667 1092 52 18 reçu
1731 1087 33 20 les
1779 1083 105 27 premiers
1896 1084 65 20 soins.

1692 1112 37 20 Un
1742 1111 39 20 dss
1794 1108 118 22 occupants
1927 1109 28 20 de
1968 1108 67 20 l'auto
2051 1108 61 20 avait
2126 1108 46 24 pris

1667 1136 22 19 la
1705 1136 63 21 fuite,
1782 1133 56 21 mais
1851 1131 79 21 l'autre
1941 1132 171 23 complètement
2127 1132 45 19 ivre

1668 1160 24 20 et
1705 1157 134 26 grièvement
1850 1156 69 20 blessé
1933 1156 40 20 dut
1985 1156 47 20 être
2047 1155 125 21 transnorté

1669 1184 13 19 \
1693 1183 106 25 l'hôpital.
1812 1182 35 19 On
1860 1179 74 24 ignore
1945 1180 100 24 jusqu'ici
2057 1185 40 15 son
2108 1179 52 21 iden-

1668 1207 48 22 tité.

1705 1245 42 19 UN
1759 1242 77 22 AUTO
1850 1239 100 22 TOMBE
1963 1241 75 20 DANS
2053 1240 80 20 L'EAU

1693 1281 63 20 Dans
1773 1280 24 20 la
1814 1277 49 22 nuit
1878 1276 27 21 de
1923 1277 84 20 samedi
2023 1278 14 19 à
2055 1276 118 21 dimanche

1669 1309 38 16 ves
1724 1305 11 19 1
1748 1305 24 19 h.
1789 1304 31 20 30.
1834 1301 67 20 l'auto
1914 1301 92 20 conduit
2023 1305 41 19 par
2081 1301 93 23 Prosper

1672 1328 82 23 Haeck,
1769 1325 130 23 demeurant
1910 1325 72 20 Petite
1997 1324 102 24 Turquie,
2111 1328 53 16 mon-

1670 1353 25 19 ta
1706 1357 38 15 sur
1753 1352 21 20 le
1786 1348 129 23 terre-plein
1925 1354 29 15 au
1965 1350 58 19 Pont
2033 1349 32 19 du
2076 1348 98 22 Tolhuis,

1669 1376 95 24 défonça
1775 1376 21 19 le
1806 1372 117 22 ***arde-fou
1932 1373 24 20 et
1966 1373 76 20 tomba
2052 1372 14 20 à
2076 1372 64 20 Veau.

1693 1401 31 19 Ls
1737 1399 117 21 chauffeur
1867 1396 38 23 qui
1915 1397 61 20 avait
1989 1396 35 21 été
2037 1396 85 23 trompé
2134 1400 41 19 par

1670 1423 129 23 l'obscurité,
1811 1421 41 25 put
1868 1419 46 21 être
1928 1420 66 20 sauvé
2010 1424 41 20 par
2065 1424 30 16 un
2110 1420 52 20 bate-

1670 1448 47 22 lier.

1703 1513 37 27 LE
1764 1511 47 28 ROI
1834 1508 117 28 ALBERT
1970 1509 18 26 A
2011 1508 137 32 LOUQS0R

2192 187 112 61 LES
2347 175 353 72 DESTINÉES

2303 272 61 46 DE
2393 272 198 47 MONACO

2193 368 37 31 LA
2243 368 164 31 SITUATION
2421 369 20 29 A
2454 363 55 35 ÉTÉ
2521 367 181 31 NETTEMENT

2385 412 125 31 ETABLIE

2269 482 36 30 LE
2323 481 109 31 PRINCE
2449 482 108 30 PIERRE
2575 481 53 31 N'A

2339 526 105 30 AUCUN
2464 526 95 30 DROIT

2241 595 81 31 CEST
2341 594 35 30 LE
2395 595 108 30 PRINCE
2521 594 126 31 RAINIER

2264 639 55 34 QUI
2337 632 176 39 SUCCÉDERA
2529 640 22 28 A
2570 637 58 31 SON

2352 677 191 36 GRAND'PÈRE

2220 744 160 22 Monte-Carlo,
2395 744 24 19 22
2438 747 65 16 mars.
2519 752 27 5 —
2562 743 31 19 La
2611 741 78 23 sépara-

2194 769 47 19 tion
2253 768 27 20 dc
2294 772 64 19 corps
2371 768 23 20 et
2408 767 27 20 de
2449 767 63 19 biens
2525 767 62 19 entre
2602 766 22 19 la
2637 765 51 24 prin-

2195 797 59 15 cesse
2265 792 132 20 héréditaire
2408 791 28 20 de
2446 792 95 19 Monaco
2552 791 23 18 et
2586 794 41 15 son
2638 788 64 22 mari,

2196 817 20 19 le
2238 817 75 23 prince
2336 816 80 22 Pierre,
2434 820 15 15 a
2468 814 73 21 donné
2563 814 44 20 lieu
2628 813 15 20 à
2664 813 39 19 des

2195 840 169 20 commentaires
2381 844 55 19 pour
2452 839 23 19 la
2492 838 90 24 plupart
2597 837 105 20 Inexacts.

2220 864 48 20 Une
2286 864 55 20 mise
2359 869 29 15 au
2408 863 62 24 point
2486 863 101 22 s'impose
2605 866 29 15 au
2653 865 37 15 mo-

2195 889 62 19 ment
2268 888 28 20 où
2309 889 29 18 M.
2351 887 105 20 Poincaré
2467 891 13 15 a
2492 886 70 20 rendu
2574 890 26 15 sa
2610 885 80 19 senten-

2196 916 24 16 ce
2235 912 104 20 arbitrale
2355 910 102 25 acceptée
2474 915 41 19 par
2531 910 32 20 les
2580 909 83 24 parties
2679 909 23 18 et

2196 936 119 20 confirmée
2331 940 42 19 par
2390 940 31 15 un
2439 934 60 21 arrêt
2516 934 27 20 de
2561 934 22 19 la
2602 934 58 19 Cour
2674 932 28 19 de

2196 960 100 20 revision.

2222 984 32 19 La
2268 984 103 19 sentence
2387 983 110 22 arbitrale,
2510 982 21 20 le
2544 981 65 25 pacte
2625 980 27 20 de
2667 980 25 19 fa-

2196 1008 59 19 mille
2267 1009 23 19 et
2301 1008 23 20 ta
2335 1007 127 24 juridiction
2473 1007 40 19 ont
2524 1005 59 24 réglé
2595 1005 32 20 les
2638 1009 53 19 ques-

2197 1032 58 19 tions
2278 1031 102 20 d'Intérêt
2404 1031 86 20 d'ordre
2515 1030 106 20 Intérieur
2645 1029 58 20 ainsi

2197 1060 41 19 que
2251 1055 21 20 la
2285 1056 107 19 situation
2404 1055 39 20 des
2455 1054 97 21 enfants.

2221 1079 77 23 Quant
2309 1079 14 20 à
2335 1080 21 19 la
2366 1079 123 20 succession
2500 1083 29 15 au
2542 1078 62 20 trône
2616 1078 28 19 de
2653 1078 38 19 Mo-

2197 1108 62 17 naco,
2271 1103 23 20 la
2305 1103 109 24 princesse
2428 1102 131 20 héréditaire
2573 1103 23 19 et
2607 1102 21 19 le
2642 1102 50 23 prin-

2198 1132 25 15 ce
2235 1127 97 22 Rainler,
2344 1131 41 15 son
2398 1127 43 22 fils,
2454 1131 14 19 y
2479 1127 41 19 ont
2531 1126 58 20 seuls
2602 1130 31 16 un
2646 1125 59 20 droit

2197 1151 103 20 éventuel
2331 1151 121 24 expectatlf
2487 1151 82 20 durant
2586 1150 22 20 la
2625 1150 34 19 vie
2675 1149 30 20 du

2199 1175 82 24 prince.

2222 1200 19 19 A
2256 1203 73 16 aucun
2344 1199 98 20 moment
2455 1199 20 19 le
2490 1199 75 24 prince
2579 1198 74 20 Pierre
2668 1198 37 19 n'a

2198 1227 28 17 eu
2241 1227 31 16 un
2284 1223 59 20 droit
2357 1223 133 23 quelconque
2504 1227 38 16 sur
2556 1223 58 20 cette
2627 1226 66 16 souve-

2198 1247 86 20 raineté
2300 1247 127 20 éventuelle.

2224 1271 117 20 Comment
2358 1275 43 16 une
2417 1271 126 23 séparation
2559 1271 27 20 de
2603 1275 64 19 corps
2683 1271 23 19 et

2199 1295 27 20 de
2239 1295 63 20 biens
2315 1292 63 23 entre
2393 1295 22 19 la
2431 1295 120 20 détentrice
2564 1295 30 20 du
2610 1295 58 20 droit
2684 1295 22 20 et

2199 1320 57 19 celui
2275 1319 37 24 qui
2329 1319 51 20 n'en
2401 1324 15 14 a
2436 1323 74 16 aucun
2529 1319 126 21 aurait-elle
2676 1323 30 19 pu

2200 1344 60 20 créer
2273 1348 24 15 ce
2308 1343 59 20 droit
2378 1347 30 16 au
2420 1343 68 23 profit
2500 1343 27 20 de
2540 1348 24 15 ce
2575 1343 87 20 dernier
2671 1343 11 19 ?

2225 1368 31 19 La
2275 1368 104 19 sentence
2398 1367 104 19 arbitrale
2520 1367 24 20 et
2558 1367 21 20 le
2598 1368 64 23 pacte
2680 1367 28 20 de

2200 1391 84 20 famille
2301 1392 41 19 ont
2358 1391 125 20 nettement
2497 1391 90 23 marqué
2604 1391 57 20 cette
2676 1391 20 20 si-

2201 1416 87 19 tuation
2299 1420 28 15 en
2339 1415 115 20 déclarant
2464 1419 41 19 que
2517 1415 20 19 le
2547 1415 76 23 prince
2634 1415 74 20 Pierre

2201 1443 28 15 ne
2245 1439 98 23 pourrait
2359 1439 82 20 résider
2454 1439 57 21 dans
2526 1439 23 19 la
2563 1439 145 23 principauté,

2201 1463 24 19 ni
2241 1463 71 20 même
2326 1464 31 21 s'y
2373 1463 85 22 rendre,
2472 1467 53 16 sans
2541 1463 167 20 consentement

2201 1490 29 16 au
2245 1486 110 24 préalable
2370 1487 29 20 du
2414 1487 75 24 prince
2504 1486 100 24 régnant.

2226 1510 41 20 Les
2280 1511 82 23 parties
2375 1516 28 15 en
2417 1516 65 15 cause
2494 1512 40 19 ont
2546 1510 62 24 signé
2621 1511 36 20 cet
2670 1515 26 16 ac-

2202 1534 51 19 cord
2263 1534 75 20 ratifié
2349 1539 40 19 par
2399 1535 22 20 la
2433 1534 85 24 Justice.
2530 1544 26 5 —
2566 1535 81 20 Havas.

631 4155 33 20 La
676 4153 140 21 talentueuse
828 4150 82 21 société
922 4148 141 24 dramatique
1074 4147 34 20 fla-

606 4179 83 20 mande
707 4185 9 10 i
736 4178 34 19 De
788 4175 136 23 Vereenlgde
942 4172 114 22 Vrlenden
1074 4178 10 11 «
1105 4174 15 15 a

607 4202 80 22 donné,
702 4200 86 21 samedi
803 4199 51 23 soir,
869 4203 45 16 une
928 4196 102 22 nouvelle
1043 4195 64 23 repré-

606 4226 115 21 sentation
737 4225 29 20 de
783 4222 114 25 l'opérette
912 4220 120 22 enfantine
1049 4226 10 10 «
1076 4219 43 18 As-

607 4249 153 25 schepoetster
772 4256 10 10 »
798 4246 149 22 (Cendrlllon)
962 4245 38 24 qui
1011 4243 38 20 fut
1059 4242 49 21 enle-

606 4274 41 21 vée
661 4278 54 16 avec
732 4272 49 21 brio
797 4276 43 19 par
856 4275 45 16 une
918 4271 79 22 troupe
1014 4267 39 20 des
1069 4267 50 22 plus

607 4298 130 23 homogène.
751 4297 32 20 Le
798 4293 75 27 public
889 4294 33 20 lui
934 4294 31 20 fit
979 4297 33 16 un
1027 4291 80 19 chaleu-

608 4327 55 16 reux
677 4320 91 22 accuelL

633 4348 20 19 A
670 4345 117 21 l'occasion
805 4343 39 20 des
858 4342 59 20 fêtes
934 4341 30 20 du
980 4339 134 21 Centenaire

608 4372 22 20 le
642 4369 71 22 cercle
723 4367 97 26 procéda
832 4366 16 21 à
859 4370 46 17 une
916 4362 155 27 présentation
1082 4366 26 15 su-

608 4395 68 23 perbe
695 4394 39 19 des
752 4392 56 20 neuf
826 4390 116 25 provinces
960 4387 83 23 belges;
1063 4387 58 18 cette

607 4418 115 22 évocation
734 4415 141 25 patriotique,
885 4413 46 20 très
942 4411 177 22 artistiquement

608 4446 90 21 conçue,
709 4440 92 21 souleva
813 4443 33 16 un
858 4436 107 22 véritable
979 4434 141 22 enthouslas-

608 4472 24 16 m
633 4491 39 20 Dn
692 4488 83 22 enfant
795 4487 28 21 de
843 4486 13 21 9
877 4490 43 16 ans
941 4482 138 26 symbolisait
1099 4482 22 18 le

609 4513 142 23 combattant
764 4512 28 20 de
807 4510 58 23 1830;
880 4510 57 19 dans
951 4513 26 15 ce
990 4506 47 21 rôle
1051 4505 17 20 11
1081 4506 28 18 ob-

609 4540 46 20 tint
670 4543 33 16 un
716 4535 138 25 magnifique
869 4532 77 21 succès
960 4530 127 27 personnel;
1106 4530 15 17 Il

610 4562 112 22 demanda
742 4564 46 16 une
804 4557 87 22 minute
910 4557 29 20 de
958 4554 162 21 recueillement

611 4592 56 20 pour
678 4586 33 20 les
720 4583 86 22 soldats
815 4581 86 22 tombés
912 4581 46 20 lors
968 4580 28 20 de
1006 4578 23 21 ta
1039 4577 83 24 grande

610 4617 178 38 ^Une'collecte
800 4630 38 21 fut
848 4629 58 21 faite
917 4633 31 16 au
958 4625 71 26 profit
1042 4626 39 19 des
1092 4625 19 18 si-

611 4658 82 22 nistrés
709 4657 30 20 du
753 4654 58 22 Midi
824 4654 28 20 de
866 4653 24 20 la
904 4653 95 20 France;
1014 4649 42 21 elle
1070 4652 52 19 rap-

612 4683 65 21 oorta
692 4682 24 19 la
729 4678 102 25 coquette
846 4681 85 17 somme
946 4676 28 19 de
988 4674 38 20 319
1042 4673 75 19 francs

636 4708 61 19 Tous
716 4705 33 20 les
766 4702 90 21 artistes
875 4700 38 24 qui
930 4697 160 26 participèrent
1110 4696 13 17 fi

611 4731 59 21 cette
680 4729 56 20 belle
747 4727 47 20 fête
804 4724 154 22 mériteraient
968 4727 45 16 une
1023 4721 100 19 mention

612 4753 46 23 s'ils
669 4751 109 22 n'étalent
790 4749 60 21 aussi
862 4748 129 20 nombreux.
1003 4745 59 20 Tous
1074 4744 51 18 sont

612 4779 15 20 à
641 4777 96 21 féliciter
748 4778 57 21 pour
816 4773 50 20 leur
877 4771 36 21 bel
927 4770 71 21 effort

637 4803 42 19 Les
695 4797 123 26 dirigeants
832 4797 29 21 de
875 4794 124 23 Vereenigd
1013 4791 112 21 Vrlenden

613 4824 129 23 assistaient
756 4822 15 20 à
785 4821 24 20 ta
823 4819 80 23 soirée;
920 4818 72 20 citons
1007 4814 118 36 _*&__f.

613 4851 62 19 toine
697 4847 69 21 Stofs.
785 4845 22 20 le
829 4844 46 20 très
895 4841 83 21 dévoué
1001 4839 57 39 P***f*
1060 4838 27 19 de
1088 4838 35 20 n*-

611 4876 18 18 p
642 4875 76 18 Doms.
727 4869 111 22 directeur
851 4868 39 20 des
902 4866 66 21 fêtes:
984 4863 83 21 Michel
1080 4863 45 18 De-

611 4898 84 20 lodder,
706 4893 128 22 secrétaire;
848 4891 27 20 B.
886 4890 51 20 Van
949 4888 77 22 Heule,
1043 4885 82 21 "-Van

611 4920 99 22 Holsaet,
726 4916 94 23 Charles
834 4915 118 20 Thomaes.
969 4912 42 21 etc.
1027 4920 28 5 —
1070 4911 29 18 o.

641 4991 38 28 LE
702 4997 20 17 «
739 4986 114 30 DENIER
876 4984 58 28 DES
959 4978 115 33 ÉCOLES
1086 4987 20 18 »

639 5056 91 23 Samedi
747 5054 51 22 soir,
814 5053 21 20 le
850 5051 76 22 Cercle
940 5051 40 20 des
996 5048 129 21 collecteurs

613 5083 32 20 du
659 5090 9 9 «
684 5080 84 21 Denier
780 5078 40 20 des
831 5076 76 20 Ecoles
921 5083 18 14 »,
952 5079 15 15 a
979 5073 71 21 offert
1062 5072 15 19 k
1089 5074 35 17 ses

614 5106 111 21 membres
739 5104 25 20 et
779 5100 172 22 collaborateurs
968 5095 100 24 dévoués,
1082 5098 44 17 une

615 5131 46 21 fête
676 5129 80 20 intime
772 5131 30 16 en
818 5129 42 17 son
875 5123 65 24 lo-pl.
951 5146 7 7 .

639 5155 46 20 Des
700 5151 154 22 récompenses
869 5148 41 20 ont
923 5147 36 20 ete
975 5146 91 21 remises
1082 5147 44 16 aux

614 5180 122 18 nersonnes
751 5175 33 20 les
802 5173 51 24 plus
871 5170 108 22 dévouées
995 5170 14 20 â
1028 5169 96 20 l'oeuvre,

615 5201 65 23 après
690 5205 42 19 que
743 5199 21 20 le
775 5196 119 26 président,
906 5195 30 20 M.
948 5193 136 21 Plaetlnckx,
1092 5192 33 19 les

614 5226 40 22 eût
684 5221 131 24 remerciées
839 5220 31 21 du
894 5218 103 25 précieux
1019 5219 106 18 concours

614 5250 90 24 qu'elles
719 5245 122 26 apportent
857 5248 30 16 au
903 5250 9 10 •
929 5242 84 20 Denier
1030 5249 19 13 ».

640 5274 65 21 Cette
722 5270 71 22 soirée
812 5274 25 15 se
856 5266 124 26 poursuivit
999 5265 60 21 alors
1077 5264 47 20 très

614 5294 160 28 joyeusement.
788 5303 23 6 —
810 5302 7 7 ■
829 5293 29 20 G.

1229 3674 64 27 Mme
1317 3674 16 25 m
1338 3673 36 26 AN
1379 3673 36 25 AU
1442 3666 128 33 RÉSISTE

1170 3723 126 34 JUSQU'A
1319 3717 307 33 L'ÉVANOUISSEMENT

1167 3790 70 24 Paris,
1250 3790 25 20 23
1288 3793 67 17 mars.
1366 3798 28 5 —
1406 3789 35 19 M*
1453 3786 134 23 Dominique
1599 3789 58 16 nous

1143 3813 155 25 communique
1314 3812 16 21 à
1359 3812 24 20 13
1399 3812 80 21 heures
1493 3812 23 20 le
1528 3809 117 25 renseigne-

1142 3839 64 20 ment
1218 3838 92 22 suivant
1326 3841 7 16 :
1341 3855 3 3 .

1166 3863 32 20 Le
1209 3862 128 24 professeur
1347 3860 96 22 Achard,
1455 3858 51 21 aidé
1518 3859 27 19 de
1555 3858 53 23 sept
1619 3858 26 19 in-

1142 3886 98 20 firmiers
1257 3890 15 15 a
1283 3884 100 25 procédé,
1393 3888 25 16 oe
1429 3882 80 23 matin,
1521 3882 15 20 à
1546 3882 98 21 l'alimen-

1142 3910 74 21 tation
1235 3909 74 20 forcée
1327 3909 28 20 de
1372 3909 61 19 Mme
1451 3908 88 19 Hanau.
1557 3904 99 22 Celle-ci,

1141 3938 31 17 en
1183 3938 25 16 se
1227 3932 125 24 débattant,
1368 3936 16 16 a
1402 3931 59 21 brisé
1478 3931 59 20 deux
1554 3929 49 21 bols
1633 3929 24 19 et

1143 3959 58 20 deux
1213 3957 87 21 sondes.

1167 3983 20 19 A
1205 3982 23 20 la
1244 3980 124 25 quatrième
1386 3979 117 23 tentative,
1514 3982 46 17 une
1586 3977 71 20 sonde

1142 4006 66 20 d'une
1227 4004 175 25 exceptionnelle
1432 4002 130 23 dimension,
1582 4004 75 20 grosse

1142 4034 86 16 comme
1240 4033 33 16 un
1287 4027 67 25 doigt,
1369 4032 16 15 a
1399 4026 65 21 enfin
1478 4031 30 20 pu
1521 4026 48 20 être
1584 4025 61 20 Intro-

1143 4054 62 21 duite
1216 4052 75 25 parie
1304 4056 42 16 nez
1360 4052 29 20 de
1399 4051 25 20 la
1436 4051 107 24 patiente.
1557 4050 21 19 Il
1592 4054 15 15 a
1620 4048 36 20 été

1142 4077 59 21 ainsi
1212 4076 95 25 possible
1326 4076 28 20 de
1365 4075 58 21 faire
1440 4074 104 21 absorber
1562 4073 15 21 k
1594 4074 62 19 Mme

1142 4102 83 20 Hanau
1236 4105 45 16 une
1293 4100 60 20 tasse
1364 4100 29 19 de
1403 4098 52 21 café
1465 4103 31 16 au
1507 4097 48 21 lait.

1167 4126 62 20 Mme
1241 4125 82 19 Hanau
1335 4124 54 19 s'est
1401 4122 88 21 ensuite
1494 4121 115 25 .évanouie
1633 4120 24 20 et

1142 4149 132 24 l'opération
1288 4153 16 15 a
1317 4147 38 21 été
1369 4147 134 23 suspendue'.
1519 4156 28 6 —
1562 4146 81 19 Havas.

1696 1580 103 23 Louqsor,
1812 1577 24 20 23
1848 1580 67 15 mars.
1927 1585 27 5 —
1964 1576 30 18 Le
2008 1575 33 19 roi
2054 1574 77 21 Albert
2142 1574 35 20 est

1672 1603 78 24 arrivé,
1761 1607 25 16 ce
1798 1600 77 22 matin,
1887 1604 42 19 par
1942 1600 20 19 le
1974 1599 61 20 train
2048 1598 85 20 venant
2147 1598 31 20 du

1672 1628 71 20 Caire.

1697 1652 20 20 U
1729 1652 52 20 s'est
1792 1649 69 21 rendu
1873 1652 28 16 en
1911 1646 140 22 automobile,
2063 1650 29 16 au
2103 1646 75 19 milieu

1673 1676 39 20 des
1723 1673 157 22 acclamations
1892 1672 28 19 de
1933 1671 24 20 la
1972 1670 66 23 foule,
2050 1670 15 20 â
2078 1669 55 20 bord
2148 1670 30 19 du

1671 1700 69 23 yacht
1749 1698 68 24 royal,
1825 1696 28 21 où
1861 1695 16 20 11
1888 1700 14 14 a
1911 1694 95 23 déjeuné
2015 1698 53 16 avec
2078 1694 23 19 la
2110 1693 68 20 reine.

1697 1720 163 25 Accomoagnés
1872 1719 28 20 de
1912 1719 48 20 leur
1972 1718 64 22 suite,
2047 1718 28 20 Ils
2087 1718 41 19 ont
2140 1723 26 15 as-

1674 1747 54 21 sisté
1742 1747 15 21 à
1771 1747 24 20 la
1811 1748 69 18 messe
1898 1743 57 20 dans
1969 1742 23 20 la
2009 1742 100 23 chapelle
2125 1742 42 19 mis-

1673 1771 113 21 sionnaire
1799 1769 112 22 italienne.

1696 1795 55 20 Hier
1762 1794 79 21 matin,
1853 1792 24 19 la
1889 1791 63 21 reine
1966 1790 61 21 avait
2040 1789 64 21 visité
2117 1790 61 19 Thè-

1673 1818 45 23 bes,
1734 1816 140 23 notamment
1899 1816 33 19 les
1958 1814 142 21 excavations
2122 1818 45 16 nou-

1673 1844 67 19 velles
1760 1843 28 20 de
1811 1839 189 22 Medtne-Thabu;
2026 1837 152 25 l'après-midi,

1674 1867 53 20 c'est
1737 1867 21 19 le
1769 1865 81 23 temple
1860 1864 28 19 de
1899 1864 97 22 Louqsor
2006 1863 38 23 qui
2056 1861 61 21 avait
2128 1866 52 19 reçu

1673 1891 23 20 la
1706 1891 65 20 visite
1780 1891 27 19 de
1817 1889 22 20 la
1850 1888 67 22 reine,
1928 1888 37 23 qui
1975 1887 61 21 avait
2047 1886 79 21 assisté
2138 1890 29 16 en-

1673 1915 57 20 suite
1742 1915 15 20 à
1769 1919 31 15 un
1813 1912 38 21 thé
1863 1911 15 20 à
1890 1912 23 20 la
1924 1912 53 20 villa
1989 1912 28 21 de
2030 1911 83 22 l'agent
2125 1915 42 16 con-

1673 1939 81 20 sulaire
1774 1938 68 23 belge,
1858 1935 29 21 où
1907 1936 39 20 des
1967 1934 127 22 notabilités
2112 1934 55 25 égyp-

1674 1962 87 21 tiennes
1773 1962 32 20 lui
1818 1960 77 21 furent
1908 1959 132 22 présentées.

1698 1987 89 20 Durant
1799 1986 23 19 la
1834 1984 117 23 réception,
1964 1985 58 19 deux
2033 1983 60 21 mille
2107 1984 61 23 Egyp-

1673 2011 59 20 tiens
1742 2008 170 24 manifestèrent
1921 2009 48 20 leur
1979 2008 165 21 enthousiasme
2156 2008 24 20 et

1673 2035 50 22 cinq
1743 2034 111 23 musiques
1870 2032 102 23 jouèrent
1991 2037 53 16 sans
2064 2036 67 19 cesse,
2150 2036 28 16 en

1675 2058 61 23 dépit
1752 2059 66 19 d'une
1833 2056 95 23 tempête
1944 2057 27 21 de
1988 2057 66 20 sable.

1698 2084 37 19 Sir
1749 2082 83 21 Robert
1846 2081 75 21 Mond.
1932 2081 114 23 président
2058 2081 28 21 de
2100 2081 24 20 la
2138 2081 29 20 So-

1674 2106 56 21 ciété
1748 2106 131 24 égyptienne
1897 2105 176 23 d'explorations,
2094 2105 86 20 revient

1674 2132 31 19 du
1721 2131 71 20 Caire,
1808 2129 49 21 afin
1873 2129 27 20 de
1915 2129 103 21 conduire
2035 2130 20 20 le
2069 2129 34 20 roi
2118 2130 24 20 et
2156 2129 24 20 la

1675 2155 61 20 reine
1753 2154 48 20 voir
1814 2154 21 19 le
1850 2152 119 25 Sérapeum
1987 2154 136 19 récemment
2141 2153 27 20 dé-

1674 2179 90 20 couvert
1773 2178 15 20 à
1798 2177 103 22 Armant.
1910 2187 26 5 —
1945 2178 75 23 Belga.

1717 2243 161 33 SÉNATEUR
1902 2242 56 33 ÉLU
1981 2249 18 26 A
2022 2248 117 28 CAH0RS

1701 2316 91 22 Cahors,
1806 2315 25 19 23
1847 2319 65 16 mars.
1925 2325 27 5 —
1966 2316 31 19 M.
2013 2315 116 24 Garrigou.
2144 2315 25 20 ré-

1676 2338 239 25 publicain-socialiste,
1930 2344 15 15 a
1961 2339 36 20 été
2015 2339 36 21 élu
2070 2339 111 21 sénateur,

1676 2368 29 16 en
1718 2363 173 24 remplacement
1906 2363 27 21 de
1948 2364 31 19 M.
1995 2363 28 21 de
2038 2364 94 23 Monzie,
2144 2363 36 20 élu

1675 2387 87 24 député.
1774 2397 28 5 —
1812 2387 82 20 Havas.

1701 2458 150 28 HOMMAGE
1873 2458 18 27 A
1913 2458 97 27 HARRY
2034 2458 128 27 HIRTZEL

1698 2525 30 20 Le
1740 2524 103 21 souvenir
1856 2524 29 20 de
1896 2524 72 24 Harry
1980 2524 90 24 Hirtzel,
2081 2524 28 20 le'
2115 2524 67 24 jeune

1672 2550 82 19 savant
1765 2549 63 23 belge
1841 2548 59 21 mort
1912 2548 195 24 prématurément,
2120 2553 15 15 a
2146 2548 36 20 été

1675 2573 88 24 évoqué,
1778 2573 86 20 samedi
1878 2577 32 16 au
1924 2577 65 18 cours
2005 2573 65 20 d'une
2086 2572 85 21 cérémo-

1673 2597 44 22 nie,
1729 2598 39 23 qui
1778 2597 54 20 s'est
1844 2596 98 21 déroulée
1955 2602 30 16 au
1997 2597 76 20 musée
2085 2597 31 20 du
2127 2597 43 20 Cin-

1675 2621 151 24 quantenaire.

1698 2646 35 19 De
1747 2645 143 21 nombreuses
1900 2645 162 24 personnalités
2077 2644 103 21 s'étaient

1674 2669 105 23 groupées
1794 2669 81 20 autour
1898 2670 28 19 de
1951 2670 62 19 Mme
2026 2673 69 16 veuve
2110 2668 72 23 Harry

1674 2693 71 20 Hirtzl
1762 2694 23 19 et
1803 2693 53 20 l'on'
1886 2692 137 24 remarquait
2041 2694 142 19 notamment

1673 2717 56 20 MM.
1746 2717 110 22 Boinmer,
1873 2718 155 19 conservateur
2059 2717 30 20 du
2107 2717 76 20 Musée

1673 2741 30 20 du
1724 2741 195 24 Cinquantenaire;
1941 2741 88 23 Jalhay,
2047 2741 77 20 consul
2144 2741 26 23 gé-

1674 2765 63 20 néral
1755 2765 27 21 de
1798 2766 119 22 Colombie;
1935 2765 116 22 Minnaert
2067 2766 26 19 et
2110 2765 71 20 Lava-

1673 2790 73 22 chery,
1759 2789 116 22 secrétaire
1888 2790 27 20 de
1927 2790 24 19 la
1962 2789 85 20 Société
2062 2790 38 20 des
2114 2789 67 21 Amé-

1673 2813 124 24 ricanistes;
1815 2814 64 21 Louis
1895 2814 28 20 de
1939 2813 149 22 Casembroot,
2103 2813 67 20 biblio-

1673 2837 98 21 thécaire
1788 2838 28 20 de
1827 2832 23 26 lk
1866 2837 87 21 Société
1986 2838 27 20 de
2020 2837 158 24 "Géographie:

1672 2862 99 20 Mcrtier.
1784 2862 124 24 professeur
1919 2861 15 21 à
1944 2862 111 20 l'Institut
2067 2862 39 21 des
2119 2862 50 20 Hau-

1673 2887 34 20 tes
1719 2886 88 23 Etudes,
1819 2887 41 20 etc.

1696 2911 32 19 M.
1743 2910 66 21 Louis
1818 2911 31 19 -de
1864 2910 149 22 Casembroot,
2027 2915 29 15 au
2072 2915 54 15 nom
2150 2911 30 19 du

1670 2942 12 13 .«
1698 2934 87 21 Comité
1798 2935 30 20 du
1841 2934 107 20 Souvenir
1959 2934 83 20 Hirtzel
2057 2942 9 9 «
2094 2934 30 21 fit
2136 2935 45 20 don

1672 2963 31 16 au
1714 2958 76 21 musée
1801 2959 65 20 d'une
1879 2959 81 20 vitrine
1972 2959 139 20 renfermant
2137 2963 44 16 une

1671 2983 137 24 magnifique
1821 2983 114 20 collection
1952 2983 94 23 d'objets
2059 2982 122 25 péfiiviens.

1672 3011 29 16 en
1711 3007 104 20 souvenir
1827 3007 30 20 du
1868 3007 81 21 savant
1962 3007 96 23 disparu.
2069 3008 31 19 M.
2112 3008 68 19 Bom-

1671 3035 54 19 m-sr,
1738 3032 154 20 conservateur
1904 3032 30 19 du
1946 3031 75 20 musée
2031 3031 105 20 remercia
2148 3031 32 20 les

1674 3056 121 20 donateurs
1814 3055 23 20 et
1858 3055 86 24 év«aqua
1963 3055 23 20 la
2008 3054 106 22 mémoire
2148 3056 27 20 de

1671 3084 43 15 son
1738 3080 81 20 ancien
1830 3079 93 24 adjoint.

1696 3104 31 20 M.
1741 3104 82 20 Mortie
1836 3104 92 21 rapoela
1943 3104 23 19 la
1981 3103 94 21 carrière
2089 3103 80 20 scienti-

1671 3127 61 25 fique
1748 3128 94 23 d'Harry
1859 3128 90 22 Hirtzsl,
1965 3129 25 19 et
2005 3128 31 20 M.
2053 3128 128 23 Lavachery

1671 3152 30 21 fit
1716 3157 33 16 un
1764 3152 134 20 intéressant
1913 3151 81 24 exposé
2009 3156 39 16 sur
2061 3151 32 22 les
2108 3152 72 24 objets

1671 3176 38 25 qui
1720 3177 56 20 vont
1785 3176 97 21 enrichir
1894 3176 21 21 le
1926 3175 82 21 musée.
2020 3186 27 5 —
2057 3176 26 20 T.

1744 3247 38 28 AU
1806 3247 116 28 CERCLE
1946 3247 165 28 D'ESCRIME

1842 3306 20 17 «
1875 3292 107 33 L'ËPÉE
1994 3305 20 17 »

1697 3367 31 20 Le
1749 3365 76 21 Cercle
1846 3364 116 21 d'Escrime
1987 3372 9 9 «
2006 3364 83 24 L'Epée
2112 3371 9 10 «
2126 3378 4 7 ,
2153 3364 27 19 de

1671 3391 95 22 Laeken,
1782 3394 15 16 a
1813 3389 79 22 donné,
1906 3389 85 20 samedi
2004 3388 51 24 soir,
2072 3388 15 20 à
2100 3387 81 22 l'Hôtel

1672 3414 127 21 communal
1813 3414 31 20 du
1859 3414 27 19 2e
1901 3412 92 24 district,
2009 3415 38 18 un*
2058 3412 51 24 gala
2124 3412 45 20 d'es-

1673 3439 68 20 crime
1758 3439 24 20 et
1800 3437 121 24 artistique,
1938 3442 30 16 au
1983 3437 71 24 profit
2070 3437 28 20 de
2112 3436 57 20 l'Œu-

1673 3467 38 16 vre
1726 3463 31 20 du
1767 3462 119 20 Vêtement
1898 3463 23 20 et
1935 3462 38 20 des
1987 3460 102 22 Colonies
2103 3459 68 21 scolai-

1673 3492 42 15 res.

1698 3511 31 20 Le
1741 3510 81 21 comité
1836 3510 30 20 du
1881 3510 75 22 cercle,
1970 3508 102 24 composé
2087 3509 26 20 de
2127 3508 55 19 MM.

1674 3536 114 22 Bauwens,
1807 3534 122 24 président;
1960 3533 84 23 Avella,
2060 3531 124 22 secrétaire,

1675 3559 23 20 et
1719 3558 93 24 Schmit,
1844 3557 97 23 trésorie,
1971 3557 98 21 recevait
2085 3557 33 20 les
2139 3556 45 20 très

1674 3583 123 20 nombreux
1817 3581 80 21 invités
1918 3582 74 23 parmi
2013 3581 93 24 lesquels
2127 3584 57 16 nous

1675 3611 69 17 avons
1761 3610 99 16 reconnu
1877 3606 30 20 M.
1925 3607 34 19 De
1976 3605 80 22 Boeck,
2070 3604 115 21 conseiller

1676 3630 133 22 communal,
1814 3633 24 19 et
1852 3630 33 20 les
1901 3630 122 23 dirigeants
2039 3630 39 21 des
2093 3632 92 17 œuvres.

1700 3656 36 19 Au
1745 3658 146 21 programme,
1901 3654 32 21 les
1944 3653 105 21 numéros
2060 3653 125 23 artistiques

1677 3679 136 22 alternaient
1831 3682 53 16 avec
1902 3678 32 20 les
1952 3678 101 21 combats
2069 3677 117 21 d'escrime.

1702 3703 36 21 On
1751 3699 30 25 fit
1791 3707 32 15 un
1833 3702 57 20 beau
1902 3701 74 22 succès
1988 3701 15 21 à
2012 3702 32 20 M.
2056 3700 79 23 Ovart,
2145 3700 29 20 ba-

1676 3728 76 23 ryton;
1768 3726 55 20 Mlle
1836 3726 101 22 Derville,
1954 3725 132 23 cantatrice;
2104 3724 15 22 à-
2134 3725 41 19 l'ex-

1677 3751 81 22 cellent
1771 3750 121 20 humoriste
1905 3750 84 20 Marcel
2002 3748 103 24 Antoine,
2119 3749 43 20 etc.

1701 3775 43 20 Les
1754 3774 100 21 combats
1866 3773 15 20 à
1891 3773 73 24 I'épée,
1976 3778 29 16 au
2017 3773 82 21 fleuret
2122 3774 24 19 et
2157 3776 29 17 au

1677 3799 65 20 sabre
1753 3798 84 21 mirent
1847 3802 44 15 aux
1902 3797 69 23 prises
1982 3797 141 21 notamment
2133 3797 55 20 MM.

1676 3824 116 21 Paesman,
1808 3822 32 20 M.
1857 3822 28 19 G.
1900 3822 89 22 Michel,
2016 3821 72 23 Frère,
2104 3821 82 23 Hardy,

1676 3846 138 24 De.Maegd,
1828 3845 84 24 Sçhyls,
1927 3846 51 22 etc.;
1996 3845 136 21 l'assistance
2145 3848 29 20 ap-

1677 3870 88 25 plaudit
1784 3870 143 23 longuement
1947 3874 37 15 ces
2013 3869 68 21 belles
2101 3868 75 22 exhibi-

1677 3895 66 21 tions.

1703 3918 70 24 Après
1788 3918 25 20 la
1827 3917 53 23 fête,
1895 3922 45 16 une
1956 3917 93 21 redoute
2065 3917 71 21 retint
2164 3917 23 20 la

1677 3943 101 24 jeunesse
1789 3942 101 24 jusqu'au
1899 3941 58 24 petit
1967 3942 57 23 jour.
2035 3952 27 5 —
2071 3942 29 20 G.

2301 1604 152 28 CURIEUSE
2475 1606 126 27 AFFAIRE

2224 1670 91 22 Namur,
2332 1671 25 19 22
2373 1675 66 16 mars.
2455 1681 26 5 —
2494 1673 35 19 En
2544 1672 55 22 1929,
2615 1671 15 21 à
2646 1672 60 21 Arsi-

2200 1694 69 21 mont,
2285 1695 58 19 deux
2357 1695 97 22 enfants,
2469 1696 98 20 Maurice
2581 1697 89 22 Dubois,
2685 1697 23 19 et

2200 1722 41 15 son
2259 1718 59 19 frère
2335 1719 90 22 Arthur,
2443 1724 24 15 se
2485 1719 120 21 blessèrent
2622 1720 14 20 à
2651 1721 57 19 deux

2201 1742 57 19 mois
2272 1742 144 22 d'intervalle,
2434 1747 29 15 en
2479 1743 80 23 jouant
2576 1743 51 24 près
2644 1744 64 20 d'une

2200 1767 63 22 porte
2279 1765 95 20 d'écurie
2391 1770 29 15 en
2436 1767 100 20 mauvais
2552 1767 55 20 état.

2225 1789 30 19 Le
2269 1789 51 23 père
2335 1789 39 20 des
2387 1789 58 20 deux
2458 1790 97 23 enfants,
2569 1791 79 20 Adelin
2660 1792 37 20 Du-

2201 1813 53 21 bois,
2268 1813 82 21 déposa
2362 1813 84 21 plainte
2460 1818 15 15 a
2486 1814 82 23 charge
2579 1814 28 21 de
2620 1815 77 20 l'entre-

2201 1841 95 20 preneur
2311 1838 126 21 Hanneuze.
2453 1837 143 24 propriétaire
2609 1839 28 19 de
2652 1839 46 20 l'im-

2202 1861 91 22 meuble,
2306 1861 38 23 qui
2356 1861 61 20 vient
2429 1861 27 20 de
2469 1861 147 24 comparaître
2628 1863 83 19 devant

2202 1885 20 20 le
2234 1885 97 20 tribunal
2342 1885 164 20 correctionnel.
2516 1886 36 19 On
2564 1886 31 19 lui
2605 1887 105 23 reproche

2202 1909 83 20 d'avoir
2298 1909 92 20 commis
2402 1914 43 15 une
2458 1909 141 24 imprudence
2612 1914 28 15 en
2652 1911 46 19 n'in-

2203 1934 108 19 terdisant
2325 1937 40 20 pas
2379 1933 77 20 l'accès
2470 1933 30 21 du
2513 1933 87 24 hangar
2614 1938 44 15 aux
2670 1938 30 16 en-

2203 1958 68 19 fants.

2227 1982 105 20 L'affaire
2345 1986 14 16 a
2373 1981 35 21 été
2421 1982 79 20 remise
2513 1986 29 16 au
2557 1982 24 19 12
2594 1981 56 20 avril
2663 1981 49 20 afin

2203 2006 128 21 d'entendre
2350 2006 27 20 de
2396 2009 115 18 nouveaux
2530 2005 101 21 témoins.

2298 2077 178 27 L'ACCIDENT
2500 2077 37 27 DE
2560 2076 58 28 SPY

2229 2138 91 22 Namur,
2339 2137 26 20 22
2381 2141 66 16 mars.
2464 2147 26 5 —
2507 2137 107 20 L'affaire
2632 2137 69 21 d'acci-

2204 2161 54 21 dent
2270 2162 75 20 d'auto
2359 2161 14 20 à
2385 2162 81 23 charge
2479 2162 28 19 de
2520 2162 74 20 Marin
2606 2162 101 23 Lehoucq

2203 2186 27 19 de
2240 2186 51 23 Spy,
2300 2186 62 20 vient
2371 2185 69 21 d'être
2448 2185 118 24 épiloguée.
2575 2186 30 20 Le
2615 2186 98 20 tribunal

2204 2215 14 14 a
2230 2210 123 20 condamné
2365 2210 101 23 Lehoucq
2480 2210 15 20 A
2507 2210 55 22 1,400
2575 2210 77 22 francs
2665 2210 36 20 d'a-

2204 2234 79 20 mende
2297 2238 56 20 pour
2368 2234 106 19 blessures
2489 2234 157 20 involontaires
2661 2234 23 20 et
2699 2233 14 21 à

2203 2258 38 20 700
2255 2258 76 20 francs
2344 2258 31 21 du
2389 2258 52 20 chef
2453 2258 29 20 de
2496 2257 55 21 délit
2564 2258 28 20 de
2604 2258 63 20 fuite.
2680 2258 31 20 La

2204 2282 94 22 victime,
2318 2282 97 22 Piérard,
2435 2282 37 24 qui
2494 2282 75 20 s'était
2590 2282 122 20 constituée

2204 2306 71 24 partie
2289 2306 69 22 civile,
2372 2307 86 19 obtient
2470 2307 57 19 1.500
2542 2306 76 20 francs
2631 2306 14 20 à
2660 2306 52 20 titre

2204 2330 27 21 de
2245 2330 128 24 dommages
2386 2331 23 19 et
2423 2330 98 20 intérêts.

2221 2400 51 30 LES
2292 2399 150 31 MIRACLES
2462 2400 39 29 DE
2519 2400 39 30 LA
2574 2399 122 31 SCIENCE

2227 2462 77 21 Rome,
2318 2461 25 19 22
2357 2465 66 15 mars.
2437 2471 27 5 —
2480 2461 29 20 Le
2526 2460 104 21 sénateur
2646 2461 51 19 Mar-

2204 2486 55 20 coni,
2276 2485 15 20 à
2309 2485 54 20 bord
2382 2485 27 20 de
2424 2489 41 16 son
2482 2485 69 23 yacht
2566 2492 9 10 ■
2593 2485 88 20 Electra
2697 2492 9 9 »

2203 2509 88 21 mouillé
2307 2509 57 20 dans
2376 2509 22 20 le
2414 2509 51 23 port
2481 2509 27 20 de
2524 2509 80 22 Qêr.es,
2620 2513 13 15 a
2646 2508 63 24 parlé

2205 2534 144 20 directement
2377 2533 24 20 et
2429 2533 167 20 distinctement
2612 2537 56 19 pour
2687 2532 23 20 la

2202 2557 108 24 première
2322 2557 45 20 fois
2382 2557 15 20 à
2411 2557 88 23 Sydney
2516 2561 52 15 avec
2585 2557 28 20 de
2628 2556 81 20 hautes

2200 2581 161 24 personnalités
2370 2580 167 20 australiennes,
2547 2580 109 20 obtenant
2663 2584 45 16 une

2202 2605 74 20 bonne
2292 2605 153 20 conversation
2461 2604 57 20 dans
2530 2604 33 20 les
2579 2604 57 19 deux
2652 2608 57 15 sens.

2202 2630 31 19 M.
2246 2629 103 20 Marconi
2362 2633 14 15 a
2390 2627 101 21 annoncé
2507 2632 42 19 que
2565 2628 31 20 du
2612 2627 54 20 bord
2681 2627 27 20 de

2204 2654 14 19 1*
2233 2653 110 20 -.'Electra
2354 2661 9 8 »
2378 2652 15 19 il
2405 2652 74 20 aurait
2490 2656 31 19 pu
2533 2651 145 20 transmettre
2687 2651 21 20 le

2201 2678 94 19 courant
2305 2676 123 20 nécessaire
2439 2681 55 18 pour
2503 2675 92 20 éclairer
2605 2676 21 20 le
2637 2675 71 23 palais

2202 2702 27 19 de
2250 2700 137 24 l'exposition
2409 2699 139 21 d'électricité
2567 2699 27 20 de
2614 2699 93 23 Sydney.

2203 2726 63 20 Crtte
2276 2724 101 21 dernière
2388 2723 128 24 expérience
2528 2728 55 15 aura
2593 2723 44 21 lieu
2648 2727 48 16 mer-

2202 2749 59 21 credi
2275 2749 113 25 prochain.
2401 2758 28 5 —
2443 2748 80 20 Havas.

2204 2825 36 26 LE
2254 2824 113 27 PRINCE
2381 2823 37 27 DE
2431 2822 111 27 GALLES
2555 2823 36 26 AU
2605 2822 104 27 CONGO

2226 2880 140 22 Rhlr-dcamp
2381 2877 137 24 (Ouganda).
2529 2878 25 19 22
2564 2881 66 16 mars.
2640 2887 26 5 —
2673 2877 31 20 Le

2202 2905 75 23 prince
2287 2904 27 20 de
2324 2903 76 20 Galles
2410 2903 35 20 est
2454 2902 61 24 parti
2524 2900 140 24 aujourd'hui
2676 2905 29 16 en

2201 2933 41 16 vue
2259 2928 64 20 d'une
2341 2926 124 25 expédition
2479 2926 27 20 de
2522 2925 77 20 chasse
2615 2929 56 20 pour
2684 2925 21 20 le

2202 2954 75 22 Congo
2286 2952 67 23 belge.
2362 2961 26 5 —
2397 2950 89 21 Reuter.

2200 3023 56 28 LES
2278 3022 111 28 AVALAN
2393 3020 78 28 CHES
2492 3020 42 27 ME
2538 3013 170 34 URTRIÈRES

2226 3076 130 22 Innsbriick,
2369 3076 24 19 22
2407 3079 67 16 mars.
2484 3085 26 4 —
2523 3074 40 20 Six
2574 3074 85 20 skieurs
2672 3073 23 20 al-

2201 3101 101 21 lemands
2312 3100 40 20 ont
2363 3099 35 21 été
2407 3099 45 24 pris
2463 3103 51 16 sous
2524 3102 44 16 une
2578 3097 128 21 avalanche.

2201 3125 63 21 Trois
2283 3125 40 20 ont
2339 3124 36 20 été
2392 3123 50 21 tués
2459 3123 24 20 et
2500 3127 32 15 un
2547 3127 14 15 a
2579 3121 36 21 été
2630 3121 76 21 blessé.

2201 3160 25 4 —
2237 3149 80 23 Havas.

1749 4011 92 31 TROIS
1863 4011 152 31 POMPIERS
2036 4005 77 37 TUÉS

1736 4057 5 4 .
1757 4056 10 4 --
1783 4055 4 4 ■
1834 4056 16 8 .,
1852 4055 13 12 1,1
1869 4055 3 7 1
1920 4056 2 5 i
1964 4055 2 5 .
1987 4056 4 6 .
1990 4056 21 4 —
2038 4058 3 3 .
2059 4059 3 3 .

1700 4073 92 22 Vienne,
1817 4072 26 19 22
1868 4075 67 16 mars.
1950 4081 27 5 —
1993 4072 62 20 Trois
2072 4070 110 25 pompiers

1675 4097 106 22 viennois,
1791 4095 106 21 montant
1912 4100 45 15 une
1974 4095 154 24 motocyclette
2142 4094 41 21 ont

1675 4120 79 21 heurté
1767 4124 46 16 une
1822 4119 87 20 voiture
1921 4119 14 20 &
1946 4119 138 21 Schwechat.

1679 4161 5 3 .
1700 4144 33 21 Ils
1743 4145 43 20 ont
1798 4143 36 21 été
1847 4142 50 21 tués
1908 4148 39 15 sur
1959 4143 22 20 le
1991 4147 63 20 coup.
2059 4153 32 5 —
2101 4143 81 20 Havas.

2229 3204 179 46 MARCHÉS
2429 3210 48 37 DE
2498 3209 183 39 BELGIQUE

2222 3285 103 19 BATTICE,
2340 3285 21 16 22
2378 3288 56 12 mars.
2451 3292 22 4 —
2491 3284 21 15 40
2530 3282 86 20 génlases.
2634 3283 46 17 1.600
2696 3282 11 17 à

2202 3306 54 18 2.100;
2273 3306 20 15 60
2304 3305 67 16 Taches
2384 3304 85 18 maigres,
2483 3303 48 18 2,203
2545 3307 12 12 a
2571 3302 55 18 2,800;
2643 3303 19 15 15
2674 3305 24 13 va-

2202 3325 43 17 ches
2261 3324 75 20 pleines,
2351 3323 48 18 3,1300
2414 3323 11 15 à
2441 3322 55 18 4,500;
2515 3322 24 16 35-
2550 3325 64 14 veaux,
2631 3322 47 18 1,200
2696 3321 11 16 à

2203 3344 53 18 1,400;
2271 3344 11 16 5
2294 3344 90 16 taureaux
2397 3342 22 16 de
2431 3341 102 18 boucherie,
2545 3341 10 16 6
2569 3342 34 16 ii,8
2617 3341 16 15 le
2647 3341 25 17 k.;
2687 3341 20 16 80

2203 3364 49 15 betes
2263 3363 23 16 de
2299 3361 102 18 boucherie,
2416 3362 9 14 5
2438 3362 10 14 à
2461 3361 9 15 7
2485 3361 23 15 ici.

2223 3381 127 23 «TIOSSELIÉS,
2363 3386 21 16 22
2394 3389 57 13 mars.
2462 3393 22 5 —
2496 3386 73 17 Beurre,
2581 3385 27 16 30:
2621 3384 53 19 œufs,
2689 3385 19 15 19

2204 3407 26 17 les
2243 3407 28 16 26;
2286 3409 80 17 pommes
2379 3406 22 15 de
2416 3406 53 16 terre.
2482 3405 44 15 0.65;
2542 3404 120 18 chou-IIeurs,
2675 3404 10 16 S
2697 3403 12 16 à

2205 3427 16 16 6:
2235 3426 59 16 choux
2307 3428 70 15 rouées.
2391 3425 36 15 1.50
2442 3424 10 16 &
2467 3424 17 17 3;
2500 3423 60 17 choux
2574 3423 23 16 de
2610 3423 99 17 Bruxelles,

2205 3445 36 16 6.50
2259 3445 17 16 le
2295 3445 26 18 k.;
2338 3443 93 20 épinards.
2451 3443 37 16 6.50
2504 3443 36 18 id.;.
2553 3443 93 18 poireaux,
2665 3442 11 16 2
2690 3442 20 16 la

2204 3465 57 17 botte;
2279 3463 77 19 céleris,.
2364 3463 38 16 0.75
2418 3461 57 20 p!èce;
2493 3461 75 18 salsifis,
2586 3462 10 15 4
2614 3461 19 16 la
2650 3461 58 16 botte;

2204 3483 80 18 chlcons,
2302 3483 10 15 2
2329 3482 18 17 le
2361 3482 25 16 k.:
2405 3481 57 19 petite
2477 3481 68 18 salade,
2562 3480 19 16 12
2598 3480 32 17 td.;
2646 3480 63 16 salade

2205 3502 80 17 tournée.
2300 3502 37 16 2.25
2355 3501 12 16 à
2382 3501 44 17 2.75:
2445 3501 82 18 oignons,
2546 3500 35 15 1.50
2600 3499 17 16 le
2635 3499 25 17 k.;
2678 3502 22 13 ca-

2205 3522 63 18 rottes,
2282 3521 37 16 1.2S
2331 3521 27 16 les
2368 3520 11 16 2
2391 3520 25 17 k.;
2429 3522 82 17 oranges,
2525 3519 37 16 2.50
2573 3519 11 16 à
2596 3519 47 16 43.50
2655 3518 18 17 le
2684 3518 26 18 k.;

2205 3541 87 17 bananes.
2307 3540 10 16 9
2331 3540 25 16 ld.

2226 3565 87 18 NAMUR,
2322 3565 20 15 22
2352 3567 56 13 mars.
2417 3571 22 5 —
2447 3562 92 18 Froment,
2550 3562 36 16 129:
2596 3561 68 19 métell,
2674 3562 38 16 103;

2206 3584 86 19 épeautre
2312 3584 36 16 108;
2363 3583 60 19 seigle.
2438 3583 27 17 76;
2482 3582 71 18 avoine,
2568 3582 28 16 88;
2610 3584 49 16 orge,
2675 3581 37 16 100;

2206 3604 92 17 féve.-oles,
2313 3603 37 17 130;
2367 3605 81 17 pommes
2462 3602 23 16 de
2499 3602 55 16 terre.
2567 3601 27 16 30:
2611 3600 61 20 paille,
2684 3600 28 16 30;

2206 3624 46 17 to'.n,
2264 3623 27 16 75;
2304 3626 40 14 son,
2356 3622 37 17 103;
2407 3622 70 18 beurre,
2487 3621 21 16 29
2521 3620 12 17 k
2546 3621 27 16 33;
2586 3620 53 18 cnufs,
2649 3620 28 16 les
2687 3619 26 18 25,

2207 3643 20 17 16
2239 3643 12 16 k
2266 3643 20 16 18
2298 3642 69 16 francs.

2226 3667 107 18 NIVELLES
2362 3667 22 15 22
2402 3669 57 13 mars.
2478 3674 22 4 —
2519 3665 91 17 Proment.
2636 3664 77 17 134-138;

2206 3687 61 19 seigle.
2284 3687 58 16 82-86;
2362 3686 70 18 avoine,
2449 3685 58 16 90-92;
2526 3687 48 16 orge,
2591 3685 7 14 1
2602 3685 65 14 10-114:
2687 3687 28 12 es-

2206 3709 96 16 courgeon,
2330 3705 77 17 134-138;
2438 3704 85 19 porcelet.
2552 3703 78 17 350-375;
2651 3702 65 17 beurre

2207 3725 64 20 crème,
2285 3725 58 17 32-33;
2357 3725 25 16 ld.
2399 3724 23 16 de
2434 3724 63 17 ferme.
2511 3723 58 17 32-33;
2584 3722 48 18 œufs
2647 3722 26 17 les
2688 3722 27 18 26,

2208 3746 46 16 16.10
2268 3749 12 12 a
2297 3744 52 17 18.75.

2227 3770 108 18 TOURNAI,
2347 3769 22 16 22
2382 3772 56 13 mars.
2452 3776 22 4 —
2485 3768 83 16 Pommes
2582 3767 23 16 d«
2617 3767 54 18 terre,
2685 3767 31 16 48-

2208 3790 26 16 55:
2254 3790 66 16 beurre
2335 3788 52 18 frais,
2403 3788 111 16 33.50-3-4.50:
2534 3787 48 16 œufs
2600 3787 26 16 les
2643 3786 26 18 26.
2688 3786 26 16 16;

2208 3808 61 21 poules
2295 3808 62 16 20-22:-
2377 3807 76 19 poulets.
2459 3820 3 3 .
2472 3807 58 20 20-30;
2554 3806 61 21 _*p\ns
2633 3805 18 16 le
2672 3805 43 18 kilo.

2209 3828 83 17 10.75-11;
2311 3828 75 18 pigeons
2403 3826 26 16 les
2444 3827 16 17 2,
2478 3826 25 16 15;
2524 3825 94 20 porcelets,
2635 3824 79 17 375-410:

2208 3848 87 17 chevaux,
2300 3846 101 17 ,3100-3500
2418 3846 69 16 francs.

2230 3870 131 19 TURNHOUT,
2372 3871 20 16 22
2403 3874 55 13 mers.
2466 3878 23 5 —
2498 3871 67 15 Beurre
2574 3870 53 17 doux.
2638 3869 77 17 26-26.F0

2209 3892 17 17 le
2238 3891 45 18 kilo;
2293 3890 65 17 beurre
2370 3889 44 18 salé.
2426 3890 79 16 26.50-27
2516 3889 17 17 le
2547 3889 44 17 kilo;
2604 3889 53 17 œufs.
2669 3889 46 16 0.60-

2210 3911 37 16 0.66
2263 3910 18 16 la
2297 3909 57 19 pièc**:
2371 3912 81 16 pommes
2468 3909 22 16 de
2507 3909 53 16 terre,
2576 3908 26 16 les
2620 3908 29 16 100
2664 3908 52 18 kilos,

2209 3929 57 17 80-35;
2287 3928 35 18 blé.
2340 3927 77 18 175-180:
2439 3928 87 17 froment.
2548 3928 77 16 172-175;
2644 3927 70 18 avoine,

2210 3948 76 17 163-170;
2305 3948 45 18 foin.
2370 3948 77 17 100-105;
2467 3947 61 19 paille,
2543 3947 58 16 36-38;
2619 3946 95 19 porcelets,

2209 3967 78 17 250-300;
2304 3970 43 15 gros
2365 3967 85 16 cochons.
2466 3966 17 16 le
2502 3966 36 16 kilo
2557 3965 60 19 (poids
2634 3965 80 18 vivant),

2212 3986 56 18 15-18;
2280 3986 65 19 Jeunes
2355 3987 81 18 p'geon*-..
2447 3985 19 16 la
2477 3984 55 20 pièce.
2543 3984 91 18 6.50-7.50;
2647 3983 69 20 poules,

2207 4005 58 17 20-25;
2285 4005 61 18 It-.plns
2360 4008 95 15 sauvages,
2472 4004 59 16 10-12;
2550 4003 61 19 lapins
2628 4002 76 17 domesti-

2208 4027 49 16 ques.
2278 4024 83 16 17.50-25;
2382 4023 71 17 lièvres.
2471 4023 58 16 27-35;
2548 4022 85 19 Jambons
2649 4021 65 19 fumés,

2207 4044 17 16 le
2237 4043 42 18 kilo.
2290 4042 57 18 22-24;
2362 4042 41 18 lait,
2413 4042 17 17 le
2443 4042 48 18 litre,
2503 4042 90 16 1.80-1.90;
2606 4041 35 16 lait
2653 4041 60 18 battu,

2212 4062 17 17 le
2243 4063 46 16 litr*?,
2305 4062 56 15 0.70-0
2364 4062 30 15 .30.

2227 4086 152 17 WAEREGHEM.
2391 4086 20 15 22
2424 4089 56 13 mars.
2493 4095 26 5 —
2531 4085 83 17 Pommes
2625 4084 23 17 de
2659 4084 55 18 terre,

2206 4107 57 15 24-25;
2280 4106 70 16 beurre.
2364 4106 58 15 27-I9;
2441 4105 54 17 œufs.
2512 4105 11 15 0
2529 4104 75 16 63*0.64;
2620 4104 61 19 gorets
2697 4103 17 16 le

2207 4126 42 18 kilo.
2263 4126 20 15 18
2298 4125 11 16 k
2322 4125 27 15 20;
2366 4124 67 19 lapins,
2448 4125 20 15 10
2474 4124 57 16 50-11;
2547 4122 81 22 pigeons.
2641 4123 46 16 11.50
2702 4122 12 17 k

2207 4145 27 17 12;
2249 4144 74 20 pigeons
2338 4143 79 19 (Jeunes)
2431 4143 50 17 13-14
2494 4144 69 15 francs.

3117 1203 93 27 LENA
3235 1203 188 26 BERNSTE1N

2776 1266 18 16 a
2806 1257 79 29 tenté,
2901 1255 109 30 samedi,
3025 1254 134 28 au-dessus
3172 1255 35 25 de
3221 1254 175 26 l'aérodrome
3411 1254 36 26 du
3463 1255 119 29 Eourget,
3601 1253 35 26 de
3653 1253 84 26 battre

2777 1288 26 27 le
2817 1288 92 27 record
2922 1287 109 26 féminin
3046 1287 34 25 de
3095 1286 26 26 la
3134 1286 89 31 durée,
3238 1286 99 26 détenu
3355 1295 49 21 par
3424 1286 104 30 Maryse
3557 1285 95 31 Bastié,
3672 1294 66 17 avec

3167 1320 37 24 26
3221 1318 92 29 heures
3327 1319 38 24 47
3379 1318 119 26 minute*.

2774 1352 41 26 Le
2831 1351 118 27 mauvais
2969 1350 225 27 fonctionnement
3213 1350 81 26 d'une
3307 1351 108 25 amenée
3429 1350 135 26 d'essence
3574 1358 18 17 a
3605 1349 123 26 interrom-

2981 1392 37 22 pu
3036 1392 29 17 sa
3086 1382 138 31 tentative;
3244 1381 51 27 elle
3311 1389 223 19 recommencera.

2731 1486 80 47 LA
2830 1485 406 48 CONFERENCE

2849 1553 62 47 DE
2940 1543 181 57 GENÈVE

2829 1656 151 31 L'ACCORD
2997 1655 55 31 EST
3069 1655 71 31 FAIT

2835 1727 85 36 POUR
2938 1731 61 30 UNE
3016 1730 114 32 ACTION

2791 1770 200 40 ÉCONOMIQUE
3008 1769 176 36 CONCERTÉE

2756 1861 96 23 Genève,
2869 1861 25 20 22
2911 1865 67 16 mars.
3000 1871 28 5 —
3047 1861 33 20 La
3103 1860 135 21 Conférence

2732 1889 56 19 pour
2805 1889 44 16 une
2867 1885 75 20 action
2960 1885 141 23 économique
3118 1884 120 24 concertée,

2732 1909 63 23 après
2807 1909 64 20 s'être
2886 1908 76 21 réunie
2976 1913 30 16 en
3019 1909 152 19 commissions
3183 1913 55 19 pour

2732 1933 23 20 la
2769 1933 120 19 discussion
2905 1933 39 20 des
2958 1933 98 19 derniers
3071 1933 168 19 amendements

2733 1961 44 16 aux
2794 1957 72 20 textes
2883 1956 40 20 des
2939 1956 143 20 conventions
3099 1956 15 20 à
3131 1956 108 22 conclure,

2733 1981 52 19 s'est
2800 1980 77 20 réunie
2892 1985 29 15 en
2938 1980 79 20 séance
3034 1979 103 25 plénière,
3153 1984 51 15 sous
3218 1980 22 19 la

2735 2004 126 24 présidence
2876 2004 31 21 du
2921 2004 73 20 comte
3006 2004 28 20 de
3048 2004 90 20 Moltke.

2757 2034 70 23 Après
2843 2034 28 20 de
2887 2034 63 23 longs
2967 2033 84 23 débats,
3065 2033 23 19 la
3104 2032 135 21 Conférence

2733 2058 75 20 arrêta
2825 2058 21 20 le
2863 2058 61 20 texte
2939 2057 99 21 définitif
3056 2057 39 20 des
3112 2057 130 20 documents

2736 2082 101 21 suivants
2846 2086 6 16 :

2763 2113 18 20 r
2795 2113 49 20 Une
2872 2111 133 21 convention
3030 2110 151 21 commerciale
3205 2116 38 14 ac-

2735 2141 133 20 compagnie
2881 2136 27 20 de
2920 2141 41 15 son
2972 2135 110 24 protocole
3092 2140 42 18 par
3144 2134 98 23 articles;

2759 2167 22 19 2°
2793 2167 37 20 On
2844 2166 112 24 protocole
2970 2164 76 21 relatif
3061 2170 30 15 au
3106 2169 138 18 programme

2736 2192 39 19 des
2786 2190 152 24 négociations
2950 2189 129 20 ultérieures
3090 2187 68 21 visées
3171 2193 41 19 par
3223 2188 22 19 la

2734 2215 120 20 résolution
2871 2214 31 20 de
2914 2214 24 20 la
2952 2214 31 19 X*
3000 2212 120 21 assemblée
3136 2213 28 19 de
3180 2212 24 20 la
3221 2212 20 20 S.

2734 2240 27 19 D.
2773 2240 28 19 N.
2810 2244 8 18 ;

2760 2270 21 19 3°
2794 2269 37 20 Un
2845 2268 51 21 acte
2912 2268 61 20 final.

2759 2298 70 25 Après
2843 2300 47 22 "que
2912 2298 23 20 la
2955 2297 137 21 Conférence
3113 2296 39 21 eut
3172 2296 71 20 rendu

2736 2323 116 23 hommage
2868 2322 15 20 à
2896 2323 31 19 M.
2943 2322 80 23 Colijn,
3037 2321 39 23 qui
3091 2320 88 24 présida
3193 2324 39 16 ma-

2735 2347 152 24 gistralement
2901 2348 25 19 et
2939 2345 183 21 successivement
3136 2349 45 16 aux
3194 2345 37 19 tra-

2734 2375 57 16 vaux
2805 2371 28 20 de
2846 2375 37 16 ces
2895 2370 57 21 deux
2966 2370 157 21 commissions,
3135 2369 21 20 le
3170 2368 72 20 comte

2733 2395 28 20 de
2779 2395 90 22 Moltke,
2886 2394 113 25 président
3015 2394 28 20 de
3058 2394 24 19 la
3099 2392 141 23 Conférence,

2735 2420 124 23 interrogea
2873 2418 182 21 successivement
3069 2417 74 20 toutes
3156 2417 33 20 les
3203 2416 28 20 dé-

2735 2444 108 23 légations
2858 2447 39 16 sur
2910 2443 60 20 leurs
2985 2441 129 21 intentions.

2758 2474 41 19 Les
2815 2472 137 24 délégations
2968 2472 28 20 de
3011 2471 149 23 l'Allemagne,
3175 2470 28 20 de
3219 2470 22 20 la

2733 2493 117 29 Belgique,'
2859 2497 29 20 de
2902 2496 24 20 la
2941 2495 220 23 Grande-Bretagne,
3176 2494 28 20 de
3219 2494 23 19 ia

2734 2522 84 19 France
2832 2521 24 20 et
2869 2521 31 20 du
2915 2519 157 23 Luxembourg,
3085 2520 41 19 ont
3141 2517 100 21 annoncé

2734 2545 87 24 qu'elles
2835 2544 136 24 signeraient
2983 2543 64 21 lundi
3058 2543 33 20 les
3105 2543 55 20 trois
3174 2542 55 20 docu-

2735 2570 80 19 ments.

2758 2599 71 20 Celles
2842 2598 29 20 de
2885 2598 87 21 l'Italie,
2986 2597 38 20 des
3039 2597 120 23 Pays-Bas,
3175 2596 28 20 de
3219 2595 22 20 ia

2733 2622 123 20 Roumanie
2871 2622 24 20 et
2910 2622 27 20 de
2953 2621 23 20 la
2993 2621 74 20 Suisse
3083 2620 41 20 ont
3140 2619 101 21 annoncé

2733 2646 88 24 qu'elles
2849 2646 33 20 les
2911 2645 136 24 signeraient
3075 2644 166 25 probablement

2732 2670 125 24 également
2872 2670 70 20 lundi.

2756 2700 71 21 Celles
2838 2700 32 20 du
2883 2699 134 22 Danemark,
3032 2698 28 20 de
3072 2698 127 22 rEsthonie,
3213 2697 27 20 de

2731 2725 24 19 la
2768 2724 116 22 Finlande,
2898 2723 28 20 de
2941 2723 24 20 la
2978 2723 109 22 Lettonie,
3103 2722 28 20 de
3146 2722 24 20 la
3182 2722 46 20 Tur-

2730 2749 51 23 quie
2799 2749 24 19 et
2841 2748 29 20 de
2888 2748 24 19 la
2930 2747 144 23 Yougoslavie
3093 2746 42 20 ont
3153 2745 86 21 déclaré

2730 2773 88 23 qu'elles
2839 2772 104 20 devaient
2961 2770 173 25 préalablement
3153 2774 29 16 en
3203 2769 24 20 ré-

2730 2797 60 21 férer
2804 2796 16 20 à
2834 2796 60 20 leurs
2909 2794 189 25 gouvernements.

2752 2827 33 20 La
2800 2826 99 23 Hongrie
2914 2825 88 20 déclara
3024 2829 42 19 que
3087 2824 33 20 les
3140 2822 97 22 réserves

2728 2850 124 21 consenties
2862 2853 42 20 par
2914 2849 24 20 la
2947 2848 136 21 Conférence
3092 2848 16 20 à
3118 2848 119 20 l'Autriche

2728 2879 23 16 et
2762 2875 14 20 à
2786 2875 24 19 la
2821 2873 196 24 Tchécoslovaquie
3029 2871 169 25 l'empêchaient
3209 2872 27 20 de

2728 2900 80 22 signer.

2751 2929 34 20 La
2798 2927 119 21 Lithuanie
2931 2927 88 23 signera
3034 2926 22 21 le
3071 2926 110 24 protocole
3197 2926 40 20 des

2728 2952 151 24 négociations
2893 2951 150 22 maintenant,
3057 2951 59 19 mais
3128 2950 108 20 demande

2728 2982 31 15 un
2770 2976 59 21 délai
2841 2980 57 19 pour
2909 2976 75 23 signer
2995 2975 23 20 la
3030 2974 132 21 convention
3175 2979 49 15 com-

2727 3000 110 21 merciale.
2850 3009 5 4 -

2751 3031 34 19 La
2797 3030 77 21 Grèce,
2888 3029 23 20 la
2925 3028 98 24 Norvège
3038 3028 23 21 et
3073 3028 23 20 la
3110 3027 72 21 Suède
3197 3027 27 21 dé-

2727 3054 87 21 clarent
2829 3058 29 16 ne
2872 3053 92 24 pouvoir
2976 3053 75 23 signer
3063 3052 149 21 maintenant.

2750 3084 137 21 L'Autriche,
2903 3083 23 20 la
2940 3082 96 24 Pologne
3051 3082 24 20 et
3089 3082 23 20 la
3127 3081 97 21 Tchécos-

2727 3108 106 24 lovaquie,
2847 3107 84 20 devant
2944 3106 22 20 le
2979 3106 62 21 refus
3055 3106 34 20 de.
3097 3106 24 20 la
3133 3105 103 24 Hongrie,

2727 3137 29 16 en
2768 3132 125 21 référeront
2905 3131 15 20 à
2933 3131 60 20 leurs
3008 3130 188 23 gouvernements.

2750 3162 31 20 Le
2795 3160 105 24 Portugal
2914 3160 89 23 signera
3015 3160 22 19 le
3050 3159 117 23 protocole,
3179 3159 57 20 mais

2727 3190 41 20 pas
2783 3186 24 19 la
2822 3184 134 21 convention
2972 3181 158 23 commerciale.

2750 3215 77 23 Enfin,
2839 3214 23 20 le
2875 3215 74 23 Japon
2962 3218 24 16 se
2998 3213 75 20 récuse
3085 3216 85 17 comme
3182 3217 54 20 pays

2727 3238 191 24 extra-européen.

2751 3267 82 22 Lundi'
2839 3267 115 24 prochain,
2969 3266 15 21 &
2999 3267 25 20 17
3038 3266 86 22 heures,
3139 3266 23 20 la
3176 3267 48 20 Con-

2726 3293 90 20 férence
2828 3296 24 16 se
2863 3291 91 20 réunira
2967 3295 28 16 en
3009 3290 80 21 séance
3103 3290 96 24 plénière
3213 3291 24 20 ct

2727 3321 56 20 pour
2796 3317 23 19 la
2833 3315 100 21 dernière
2947 3315 50 20 fois.
3009 3316 35 19 Au
3058 3319 64 16 cours
3136 3315 28 20 de
3178 3315 58 20 cette

2727 3340 87 22 séance,
2829 3344 56 16 aura
2900 3339 45 20 lieu
2960 3339 23 20 la
2998 3339 114 23 signature
3129 3339 39 20 des
3182 3343 62 20 con-_

2728 3364 103 21 ventions
2841 3363 24 20 et
2875 3368 50 15 sera
2936 3363 24 20 lu
2972 3363 21 20 le
3006 3363 98 20 discours
3114 3363 29 20 de
3154 3362 84 21 clôture

2728 3389 31 20 du
2773 3387 114 25 président
2900 3387 28 20 de
2941 3387 23 20 la
2978 3386 144 21 Conférence.

3315 1480 163 45 Importé
3503 1480 47 36 de
3577 1479 138 37 Dublin

3260 1537 38 30 et
3309 1533 135 34 soutiré
3458 1543 85 24 sous
3557 1529 36 37 le
3603 1528 167 38 contrôle

3350 1580 47 37 de
3423 1579 37 38 la
3491 1580 186 36 Brasserie

3282 2538 459 79 Guinness

3265 2637 479 59 vousferadubiei

3384 2763 67 22 Gros:
3464 2764 74 21 JOHN
3555 2766 113 21 MARTIN

3325 2805 56 24 105,
3394 2812 36 14 rue
3447 2806 108 22 Ever.ert»
3591 2809 123 21 ANVERS.
3727 2804 3 34 |

3356 2931 27 19 ES
3393 2933 101 18 courses
3505 2927 15 23 i
3529 2930 92 21 travers
3631 2923 25 28 la
3667 2935 67 15 cam-

3343 2982 12 13 j
3389 2971 92 21 pagne,
3499 2962 151 27 excellentes
3669 2972 64 21 pour

3389 2999 23 27 U
3438 3003 81 26 santé,
3551 3006 59 21 sont
3639 3009 87 17 recom-

3291 3036 124 27 mandées
3430 3047 45 21 par
3486 3037 23 27 le
3525 3037 127 27 médecin.
3671 3037 66 26 Paur

3293 3073 24 26 le
3325 3073 52 27 bon
3387 3078 50 22 état
3445 3074 34 27 de
3488 3084 46 17 vos
3543 3074 108 30 affaires,
3659 3075 65 25 l'éco-

3293 3115 106 22 nomiste
3424 3112 121 27 conseille
3569 3112 35 28 de
3628 3112 46 27 lire
3699 3112 36 27 les

3291 3148 100 28 Petites
3409 3149 149 28 Annonce*
3575 3149 35 28 de

3310 3206 38 36 .a
3364 3194 209 49 Dernière
3587 3194 141 51 Heure

3289 3257 66 27 Elles
3363 3267 63 17 vous
3444 3259 136 25 fourniront
3596 3258 137 26 l'occasion

3288 3295 34 26 de
3338 3295 60 27 faire
3413 3295 48 27 des
3476 3305 101 17 courses
3593 3299 142 23 rémunéra*

3289 3335 72 25 trices
3371 3337 14 22 è
3398 3339 92 20 travers
3501 3333 23 27 la
3533 3333 65 27 ville.

1208 5167 20 19 A
1242 5163 118 22 l'occasion
1375 5164 31 19 da
1421 5163 49 22 jour
1486 5162 28 20 dc
1530 5163 49 18 l'An
1595 5165 85 20 persan,
1695 5162 31 19 M.
1742 5161 35 20 Ali
1805 5161 76 19 Akbar
1895 5160 70 20 Khan
1980 5161 102 18 iîahman
2096 5164 15 15 a
2124 5158 80 22 donné,
2213 5158 85 20 samedi
2315 5157 138 25 après-midi,
2468 5163 31 15 on
2514 5156 40 21 thé
2571 5162 29 14 en
2617 5155 61 21 l'hon-

1395 5197 58 16 neur
1466 5192 39 21 des
1518 5192 82 22 dames,
1615 5192 39 22 des
1667 5192 78 22 jeunes
1759 5191 57 20 files
1830 5190 25 21 et
1866 5191 41 20 des
1920 5190 124 20 étudiantes
2059 5190 28 20 de
2101 5189 23 20 la
2141 5188 84 21 colonie
2242 5192 93 20 persane
2352 5188 28 19 de
2399 5187 108 25 Belgique.

1407 5222 59 20 C'est
1481 5221 24 20 la
1519 5220 108 25 première
1642 5221 44 19 fois
1701 5226 42 19 que
1759 5221 27 20 de
1802 5221 77 23 jeunes
1897 5221 107 20 Persanes
2026 5220 52 20 sont
2098 5217 185 26 photographiées
2301 5223 29 16 en
2348 5218 94 24 Europe.

1202 5255 36 21 En
1249 5253 63 24 effet,
1325 5253 24 20 la
1360 5252 31 20 loi
1404 5252 28 21 de
1444 5251 49 20 leur
1502 5255 55 20 pays
1568 5251 22 20 le
1602 5251 50 20 leur
1664 5250 128 21 interdisait
1806 5249 97 25 naguère
1917 5254 84 15 encore.
2016 5250 31 20 Ce
2059 5249 57 20 n'est
2128 5253 42 19 que
2185 5248 80 24 depuis
2279 5247 146 21 l'avènement
2453 5246 31 21 du
2514 5252 98 15 nouveau
2628 5246 59 20 shah

1749 5280 92 20 Panlavi
1854 5279 88 25 qu'elles
1955 5284 15 19 y
1983 5279 52 21 sont
2059 5277 126 22 autorisées.

2857 4477 49 73 le
2929 4479 237 72 célèbre
3197 4473 462 90 me'decin,D~X,

2898 4564 171 78 fume
3088 4577 59 64 et
3161 4566 440 77 recommande

2854 4698 65 111 U
2942 4686 703 125 Super-Nâtural

3158 4870 251 58 GtAttXti

2971 4970 278 71 pareequ
3257 4949 134 68 'elle
3408 4951 102 65 est

2851 5051 317 106 pauvre
3187 5073 78 53 en
3277 5027 418 146 nicotine/
