3942 5790
1709 190 18 23 3
1760 190 41 21 La
1821 188 154 23 Dernière
1993 190 108 24 Heure
2136 192 18 22 3

348 248 787 85 ELECTIONS
1196 252 989 83 COMMUNALES
2210 260 19 47 1
2228 260 107 47 ™
2394 258 51 49 l
2448 260 287 81 .ebrun

340 366 67 61 SE
438 364 157 63 SONT
624 354 347 77 DÉROULÉES
1008 370 287 61 PARTOUT
1336 370 161 63 DANS
1538 372 71 61 LE
1652 370 205 63 CALME

121 510 73 22 rfojw
208 501 66 24 début
288 504 29 16 en
333 503 58 21 p»ge
406 498 30 23 L)

68 552 9 8 .
105 543 68 17 „Hnc-
190 534 96 24 Charles,
307 527 151 26 accompagné
481 527 53 22 d'un

68 552 23 38 f
102 544 111 46 STStM
230 559 19 20 le
267 556 103 26 premier,
385 557 95 20 presque
495 557 35 15 su.

72 576 16 21 1
101 576 57 33 felài
169 589 12 20 8
194 587 83 20 h-ures.
292 581 37 20 On
343 582 78 17 venait
437 583 15 15 a
467 578 67 24 peine

56 598 69 37 VUS.
132 593 29 42 ï
176 593 62 42 pS*
254 608 28 20 ^
300 606 8 20 I
309 606 5 6 '
314 605 25 20 éc
341 609 12 15 °
354 604 20 20 !e
376 618 5 5 '
399 604 19 19 A
436 606 26 18 »
484 607 23 15 m
508 607 26 15 °-

56 625 74 37 ^rîl
146 639 32 21 est
196 632 63 28 passé
279 632 107 22 inaperçu
426 628 20 13 "

53 648 48 25 ■ent,
115 645 185 28 «"JTS™,,
323 654 25 19 28
369 654 19 19 el

426 628 22 19 11
481 628 53 19 s'est

64 558 27 28 if
102 558 30 34 £t
147 561 66 25 arrivé
230 559 19 20 le
267 562 19 20 p:

56 577 66 40 \_\
133 592 25 20 de
169 589 12 20 8
194 586 23 21 te

177 615 39 22 por

142 669 20 9 «
182 662 20 16 t»
219 648 82 30 bârcw
323 654 25 20 28
360 648 33 25 "et
415 653 54 19 s'est
487 652 48 20 très

55 664 80 45 »\_\\
134 671 8 31 f
142 669 21 17 ra
154 694 13 15 D
168 662 44 45 -1«
229 677 95 27 danila
343 678 71 24 petite
435 677 40 21 fUe
496 681 38 20 qu.

53 704 34 22 *"
91 714 73 18 w»là
179 707 81 25 formée
277 704 51 26 près
346 703 27 20 de
389 702 23 20 la
427 703 65 23 porte
510 705 20 16 e-

52 728 20 23 «'*
99 747 34 12 .nii
152 735 90 24 prendre
257 735 41 17 son
317 728 97 21 bulletin
432 727 30 20 de
481 727 53 20 vote

29 750 131 36 J^JS-nt
175 762 14 21 »
204 763 25 17 5°
229 763 15 15 n
258 758 52 18 tour
310 768 6 6 -
334 778 10 8 .

46 774 114 27 fjocem.""
174 785 78 22 n:lture
252 778 93 23 iiement
366 781 102 16 reconnu
491 780 42 20 par

47 802 6 32 I
68 799 15 23 D
96 800 75 34 îmuiel
185 811 28 20 du
227 808 90 19 bur-au.
329 802 60 21 mais
404 801 71 20 avant
490 806 44 19 que

54 827 41 23 ïl*
96 824 17 17 3
113 819 44 36 ^,
180 836 26 19 de
223 837 25 15 sa
266 829 106 25 présence
391 831 24 16 se
437 826 38 20 fut
496 830 37 17 re-

54 847 127 41 »CdsBS
199 859 22 20 la
239 855 61 21 fouie
319 853 40 20 des
375 851 123 25 arrivants,
517 851 17 20 11

54 879 40 26 &".
105 889 42 16 isitt
159 882 68 23 ou'tté
240 881 33 20 les
287 879 67 20 lieux.

54 891 123 41 Pliures
188 910 23 19 et
222 905 77 22 demie,
310 903 21 20 le
343 902 78 24 prince
433 900 100 24 Léopold

69 925 14 21 A
80 949 5 8 ,
107 922 99 35 ^incesse
222 928 82 24 Astrid,
320 925 167 25 accompagnés
502 925 32 19 du

54 951 16 24 *
80 948 16 32 S
105 946 26 34 £
130 962 64 18 .van
207 957 44 21 den
267 952 98 22 HeuveL.
375 952 55 19 sont
447 949 86 21 arrivés

54 977 110 33 ■Km»,
175 985 55 20 dans
242 981 22 20 la
277 978 50 25 plus
343 976 87 24 grande
443 974 88 24 slmpli-

55 1009 11 15 »
74 999 36 34 ^
116 993 90 40 'étaient
217 1009 69 17 venus
300 1002 14 21 à
328 1001 53 25 pied
394 1001 24 19 et
431 999 102 21 seraient

55 1029 90 30 o-'ummt
157 1032 72 27 Passés
244 1030 119 22 inaperçus
376 1027 20 19 si
412 1029 33 15 un
458 1028 74 15 mern-

69 1081 157 64 #fi
250 1109 30 16 »
309 1102 87 20 bureau
409 1099 27 20 31
468 1097 25 21 et
508 1096 24 21 la

57 1123 75 59 AS
145 1134 95 48 SépaT
242 1154 28 21 «s
286 1152 41 20 ont
344 1149 35 22 été
396 1135 76 34 saiués
489 1150 43 21 par

70 1169 104 39 "Sues
188 1182 22 21 dl
221 1179 70 22 "êtes
308 1176 28 20 de
351 1172 136 26 sympathie.

59 1193 117 38 •a^été
190 1209 62 21 reçus
264 1203 57 20 dans
334 1200 24 20 la
370 1203 41 16 rue
427 1201 43 20 par
484 1200 46 16 une

69 1221 21 23 Es
100 1215 113 39 ^rfwie
227 1229 37 25 qui
278 1227 32 20 les
326 1230 13 15 a
354 1222 84 25 obligés
452 1222 29 20 de
493 1224 38 18 te-

53 1243 59 54 jjj;
111 1236 36 49 lfi
146 1241 49 44 ?pa,
194 1234 113 44 TacVléré
322 1250 22 21 la
358 1253 41 18 rue
412 1247 28 21 de
452 1245 78 22 Rolle-

43 1295 50 26 .be*

17 1533 11 47 <

129 1312 24 13 a„
170 1306 79 19 Rahlon
265 1302 28 21 ils
308 1299 40 22 ont
362 1302 32 21 pu
407 1301 25 17 se
448 1299 82 18 sauver

52 1320 90 50 /&e
155 1334 54 22 dans
221 1334 44 17 une
280 1326 55 22 auto
350 1323 39 26 qui
404 1322 34 21 les
451 1320 79 21 atten-

51 1368 37 31 tA
120 1388 31 12 ,..
165 1382 31 18 ..t
212 1376 84 24 arrivée
325 1378 33 17 un
384 1376 45 21 peu
459 1369 71 21 avant

67 1396 23 20 U
90 1391 66 37 v**S
181 1400 145 28 .«moment
347 1398 29 20 où
397 1396 133 21 l'affluence

52 1414 110 50 *.*$?'
179 1408 103 43 San™-
290 1425 24 21 et
341 1420 189 24 l'embouteillage

86 1455 7 33 i
106 1461 41 26 déjà

51 1443 41 36 «*?.
106 1434 49 45 ^
164 1435 118 44 oriTunT
291 1440 80 31 Yorme
386 1440 142 27 "accentuée,

53 1468 40 19 .«it
106 1461 44 26 déjà
164 1461 91 38 P™,^
268 1477 31 20 lul
313 1480 14 15 a
341 1471 87 23 facilité
439 1470 26 24 le,
475 1473 55 21 pas-

161 1493 44 34 Stfi
223 1498 117 27 difficulté.

120 1544 18 10 „
152 1531 105 23 meilleure
272 1525 67 25 grâce
356 1522 30 21 du
402 1519 91 23 monde,
506 1518 23 20 ln

104 1544 104 34 .*ïïfus»"t
223 1551 80 23 f'nrès
319 1549 27 21 de
363 1546 126 26 personnes
505 1548 25 15 se

52 1582 250 49 -RjSfttSli
314 1603 42 21 par
370 1595 108 27 quelques
490 1598 27 16 ac

51 1624 101 42 étions
168 1628 108 26 discrètes.

159 1662 226 37 L'ASSESSEUR,

113 1708 108 34 BONNE
242 1697 195 35 D'ENFANTS

102 1738 4 4 '
117 1752 34 12 ■».,
165 1752 39 12 m<
218 1747 65 17 D3"ce
299 1740 81 24 qu'Une
401 1737 96 19 maman
516 1736 14 16 a

66 1759 22 21 *
102 1756 47 36 ??r
165 1776 30 16 M
211 1768 39 24 to
267 1767 40 23 ftge
327 1762 79 26 qu'elle
426 1764 30 16 ne
475 1758 56 25 peut

52 1789 20 17 D
83 1779 69 39 ?**Eï,
164 1778 45 40 Snl
222 1795 14 20 à
247 1793 23 20 la
282 1789 96 22 maison,
392 1784 80 26 qu'elle
488 1787 42 16 au-

52 1816 9 20 P
62 1813 16 17 a
88 1806 70 35 ?**5ml
183 1822 25 19 de
223 1813 24 27 ie
262 1813 121 24 soustraire
400 1811 15 20 à
432 1813 43 17 son
490 1808 40 19 de-

52 1833 29 23 ^
90 1830 19 35 'S
118 1825 130 40 **??r,venne
278 1839 72 22 Aussi,
373 1836 60 21 cette
457 1834 71 20 brave

51 1845 91 51 SL?«
141 1845 190 51 nSSÏÏS-wÏÏ
349 1867 31 16 au
397 1860 87 20 bureau
502 1856 28 20 de

59 1883 51 21 tome
123 1880 21 17 se
156 1878 30 20 P-*
186 1878 13 14 8
199 1878 54 34 *^
268 1894 39 17 sur
324 1889 20 20 ls
359 1887 60 19 bras.
434 1884 31 20 Le
480 1882 11 19 f
492 1886 38 16 ar-

53 1913 17 15 (0
69 1908 7 19 '*
75 1911 11 16 e
96 1896 183 44 "f^dî*"-""'
293 1908 157 27 encombrant.
464 1907 67 20 Aussi

67 2031 42 20 Sans
117 2023 66 23 doute,
194 2024 23 16 se

229 2012 130 26 llvre-t-ellc
373 2011 16 20 à
400 2013 34 16 un
447 2006 84 22 savant

67 2036 84 29 ""S,.»
157 2036 55 29 "car
231 2038 130 27 l'opération
371 2056 4 3 .
394 2032 75 27 prend
500 2036 31 15 au

53 2051 87 53 CStfS
147 2049 65 49 iébf
211 2067 38 24 qui
273 2061 151 26 s'impatiente
431 2060 99 31 ,man,

51 2105 46 22 feste.
106 2099 42 22 tout
159 2097 13 20 ft

53 2129 80 21 «rieuses
152 2127 26 18 <*

50 2153 50 45 *2
114 2150 184 49 5S£nrïïrr.
312 2154 219 50 pt&^s

49 2186 12 18 l
63 2186 34 14 wc
97 2188 40 21 -..ZZ
154 2196 28 13 ai,
198 2192 126 17 ornvement
340 2192 6 15 L
363 2193 9 9 «
386 2186 21 18 Il
422 2186 109 18 tendrait.

52 2088 192 36 ISTlSlTcoup.
256 2085 165 28 bruyamment,
431 2083 34 20 les
479 2081 52 25 plus

55 2062 49 41 %£
115 2062 84 37 et^bé
211 2067 38 26 qui

106 2102 5 5 '
125 2097 312 48 ""'ols^rtionrà-devënir
458 2106 73 21 ténor

149 2126 150 39 ^assesseur
330 2137 28 18 de
387 2137 93 18 secouer
510 2130 21 21 le

50 2188 90 35 tïïT-'rlfê,
153 2196 31 21 dit
197 2192 127 26 gravement
340 2191 7 17 :
363 2193 9 9 »

433 2207 63 21 Mais
508 2206 22 19 ln

51 2255 71 21 mimanr

88 2270 82 23 "-..ton.
179 2268 58 21 salue
248 2266 13 20 à
265 2255 31 30 'la
309 2261 71 22 rende
395 2259 23 20 et
431 2257 50 20 sort
502 2260 29 15 au

53 2275 117 48 SSfS
181 2298 28 17 on
221 2290 97 25 apporte,
331 2290 39 17 sur
384 2288 46 17 une
447 2282 85 21 chaise,

53 2309 32 37 ?-,.
94 2307 59 38 vSill"
165 2320 77 20 femme
249 2314 100 21 infirme.

27 2338 23 31 1
70 2329 51 42 K™
123 2342 91 25 -dévoué
232 2342 109 20 assrsseur
357 2334 47 22 volt
421 2337 26 16 sa
467 2336 63 16 com-

54 2354 86 48 ,'Sance
156 2371 25 21 de
194 2369 96 20 nouveau
304 2366 56 17 mise
378 2359 15 21 à
412 2356 106 23 contribu-

53 2403 40 20 ai

142 2434 39 28 LE
197 2423 217 37 PHILOSOPHE

55 2605 35 41 ^if
101 2623 44 20 veut
161 2622 92 21 marquer
271 2609 186 27 ostensiblement
481 2606 53 25 qu'il

55 2624 97 48 SteK
162 2644 52 22 tenir
213 2624 4 19 '
225 2641 113 22 .n-ftssu»
351 2637 28 20 de
392 2632 142 48 **£*«

56 2673 85 20 remettre
158 2674 36 17 son
211 2665 87 23 bulletin
316 2663 74 21 blanc.
408 2662 114 18 Gèn.raie

57 2699 49 21 rant
127 2697 14 21 n
159 2695 29 21 est
205 2691 89 22 titulaire
316 2688 68 20 d'une
402 2682 133 24 abondante

56 2722 98 21 chevelure
168 2719 21 21 et
204 2718 57 21 d'une
279 2714 68 21 barbe
364 2711 29 21 de
414 2708 81 22 christ.
515 2707 19 19 I)

67 2754 8 10 n
79 2725 58 42 S
151 2745 50 20 dans
204 2725 28 45 \
239 2741 39 21 lile.
288 2737 83 23 tenant
384 2740 30 15 en
428 2733 63 21 main
502 2735 32 16 un

56 2763 47 29 Fre
120 2769 72 22 ouvert,
209 2752 49 36 &>
271 2765 20 20 la
308 2761 87 24 lecture
414 2757 86 25 duquel
519 2756 15 20 il

55 2804 11 16 f
74 2795 84 22 ateorbe.
167 2773 21 41 S
204 2791 62 21 arrive
281 2788 83 22 devant
391 2786 22 20 le
442 2784 94 20 bureau.

55 2810 54 32 tans
119 2821 50 20 lever
178 2818 27 20 les
214 2820 48 16 veux
270 2815 24 20 de
305 2818 43 16 son
360 2812 62 21 livre,
434 2809 17 20 il
463 2806 70 28 prend

61 2848 55 19 tfune
129 2844 52 21 msin
191 2840 110 25 négligente
316 2839 21 20 le
354 2836 98 21 bulletin
468 2837 30 19 qu
506 2836 29 16 on

62 2872 25 20 lul
95 2869 45 22 tend
149 2868 18 21 et
176 2867 25 20 du
211 2865 65 21 même
288 2863 62 24 geste
363 2859 101 26 legUsse
477 2857 59 21 dan,

57 2896 59 20 l'urne
127 2897 45 17 sans
181 2890 67 22 l'avoir
261 2887 101 26 regardé.
378 2886 21 20 Il
415 2884 56 22 sort,
487 2886 38 16 cer-

55 2920 40 19 tain
108 2917 70 23 d'avoir
190 2914 62 22 causé
266 2919 45 16 une
329 2910 136 26 impression
482 2911 42 21 pro-

56 2942 58 23 fonde.

180 2975 194 32 L'EPERDUE

76 3018 45 22 (Test
131 3022 36 17 une
178 3017 68 21 brave
261 3016 85 19 femme
359 3012 51 21 tout
423 3009 103 22 intim*.**-'

58 3045 29 19 cul
93 3043 36 22 file,
137 3042 37 21 tête
186 3043 72 19 basse,
271 3040 15 20 à
297 3038 73 21 droite
382 3036 115 23 lorsqu'on
509 3035 31 19 lui

59 3070 25 19 dit
93 3068 59 21 d'aller
164 3067 13 21 à
195 3065 94 25 gauche,
307 3063 39 25 qui
364 3061 89 21 revient
467 3060 16 20 à
499 3063 42 16 son

58 3093 77 24 pointée
145 3092 81 22 dinart,
241 3090 38 24 qui
295 3088 70 21 refait
379 3087 22 21 le
416 3085 75 21 même
504 3084 38 24 jeu

58 3121 16 17 f.
83 3122 32 20 que
130 3116 124 22 finalem-nt
273 3119 31 15 on
318 3113 49 20 doit
380 3110 109 22 conduire
501 3113 42 20 par

58 3142 14 20 Le
81 3142 39 21 bras
129 3142 12 20 ft
151 3146 37 16 son
199 3141 86 20 bureau
295 3139 29 20 de
335 3137 59 20 vote.
407 3134 136 25 Lorsqu'elle

58 3167 52 20 srrive
126 3167 73 21 devant
221 3166 79 20 l'urne,
322 3162 44 21 elle
388 3166 30 15 ne
437 3161 106 20 retrouve

56 3192 36 24 plus
100 3197 21 16 sa
132 3191 139 21 convocation
287 3188 80 25 qu'elle
380 3186 64 21 vient
459 3189 84 19 cepen-

50 3213 47 24 'dant
108 3216 23 23 de
142 3220 95 17 montrer
250 3215 15 20 à
278 3214 56 20 trois
347 3217 30 16 ou
393 3211 82 24 quatre
489 3214 53 20 per-

48 3239 3 8 1
57 3245 59 16 sonnes
136 3242 57 19 Dens
207 3241 20 20 le
246 3240 65 20 court
330 3237 104 21 moment
452 3235 31 21 où
501 3235 40 20 eli"

58 3271 10 15 i
79 3266 34 20 fait
125 3266 20 20 la
161 3266 42 22 file,
220 3265 43 20 elle
280 3269 15 16 a
314 3262 80 21 trouvé
413 3265 84 19 moyen
515 3259 27 20 de

58 3290 5 20 L
67 3290 64 25 effarer.
140 3290 42 21 Elle
193 3290 91 20 obstrue
298 3289 51 19 tout
361 3288 21 20 le
393 3286 86 21 service
493 3284 15 21 à
521 3284 23 20 la

58 3316 106 20 rechercher.
180 3316 35 20 On
235 3315 32 20 lui
284 3313 52 20 vide
356 3316 44 16 son
416 3311 70 20 cabas
506 3314 39 19 qui

58 3340 76 21 contient
149 3340 29 21 les
196 3340 78 20 chores
291 3339 34 19 les
344 3337 52 24 plus
414 3335 88 26 variées
521 3336 23 19 et

58 3363 22 22 h
94 3364 41 25 plus
150 3363 209 27 invraiscpjb'.ables,
380 3361 59 21 mais
461 3365 43 20 pas
522 3360 22 20 la

57 3390 121 20 convocation.

70 3413 60 23 Enfin,
142 3414 60 25 après
217 3414 63 21 avoir
296 3413 54 20 tout
378 3410 86 23 fouillé,
494 3410 51 21 tout

47 3432 95 30 ^tourné,
152 3444 28 16 on
193 3441 78 19 trouve
286 3438 24 21 la
322 3436 150 22 convocation
488 3435 58 21 dans

56 3467 30 16 son
95 3464 101 24 parapluie
206 3465 5 20 !

74 3487 102 22 L'étourdie
206 3489 54 24 peut
292 3488 67 21 enfin
390 3486 72 21 voter.
498 3485 48 20 Elle

57 3511 88 22 s'éternise
162 3514 55 21 dans
240 3513 92 21 l'isoloir
351 3512 25 21 et
399 3511 68 21 enfin
491 3514 44 20 rap-

58 3537 44 22 porte
112 3536 165 23 sonSwïletiTi...
293 3536 126 22 l'int'rieur
434 3535 47 21 nlié
496 3539 50 16 vers

59 3560 102 23 Iottérieur.
179 3564 104 20 Fendant
300 3567 27 16 ce
348 3560 119 25 temps-là.
489 3560 58 20 dans

59 3584 96 27 iwoulolr,
168 3588 22 21 la
206 3588 39 21 file
262 3588 63 25 peste
342 3588 80 19 contre
440 3585 95 24 l'organi-

57 3610 61 24 sation.
218 3625 22 9 ,.

158 3650 251 29 L'ETOURNEAU

74 3685 163 28 Naturellement.
254 3689 16 20 11
290 3689 38 23 n'y
348 3693 14 15 a
383 3692 43 20 pas
444 3691 44 20 que
509 3686 38 20 des

59 3708 87 26 tectrices
163 3713 14 20 à
193 3716 38 22 qui
252 3714 23 20 la
297 3713 132 21 conscience
452 3712 28 20 de
499 3711 49 21 leur

59 3735 69 26 nipion
141 3737 41 21 falt
194 3738 58 20 clnsi
268 3738 79 24 perdre
363 3738 23 20 la
400 3737 47 20 tête
462 3737 25 20 et
503 3736 18 20 il
535 3740 13 20 y

60 3762 9 15 •
77 3762 46 19 aussi
133 3766 38 20 pas
183 3763 45 20 mal
237 3763 131 20 d'électeurs
379 3762 39 24 qui
430 3762 118 20 montrent

58 3784 61 22 autant
130 3783 149 26 d'étourde-ie.

76 3808 15 21 D
100 3814 12 19 y
120 3815 13 16 a
144 3811 54 21 celui
211 3813 37 23 qui
259 3817 24 16 se
296 3812 64 24 place
375 3812 58 20 dans
445 3816 46 16 une
502 3811 41 20 file

61 3836 37 17 sans
117 3835 43 21 rien
182 3836 123 21 demander
329 3836 14 21 ft
368 3840 121 21 personne,
511 3837 38 23 qui

60 3860 74 20 Proteste
147 3862 25 19 de
186 3861 21 21 la
223 3862 88 20 lenLeur
327 3862 41 20 des
381 3861 132 24 opérations
527 3862 22 19 et

60 3882 26 22 Ml
98 3884 84 23 prétmd
201 3886 48 21 être
269 3886 46 21 très
336 3886 84 25 pressé.
441 3886 109 24 Lorsqu'il

59 3910 52 18 remet
122 3914 23 15 sa
156 3911 150 23 convocation,
317 3915 30 16 on
358 3911 33 20 lui
405 3911 44 20 fait
462 3915 77 16 remar-

60 3934 38 19 ier
109 3934 46 23 qu'il
168 3940 28 15 ne
212 3936 29 20 l'a
256 3936 73 20 même
344 3940 42 20 pas
402 3935 110 24 regardée
528 3937 20 18 e'

60 3958 29 29 5»e
102 3958 48 21 c'est
165 3960 55 21 dans
236 3966 32 16 un
286 3962 66 20 autre
367 3960 114 21 bûtiment
498 3960 54 24 qu'il

60 3980 34 21 tm
108 3983 49 20 alLer
168 3987 62 19 voter
239 3986 6 20 !

76 4005 156 26 Certainement,
249 4010 170 24 l'organisation
436 4010 59 20 n'est
511 4014 42 20 pas

60 4030 79 23 "UJours
155 4035 139 23 responsable
310 4036 28 20 de
358 4035 194 21 rembouteillnee.

76 4054 40 22 Rue
130 4057 110 25 Véronèse.
255 4060 16 20 à
289 4061 24 19 10
328 4061 24 21 h.
369 4060 32 22 30,
416 4059 73 21 cohue
504 4058 48 22 fié-

60 4080 81 25 lecteurs;
160 4083 111 26 beaucoup
291 4086 94 23 partent
415 4088 56 17 sans
490 4084 64 20 avoir

60 4103 44 33 Joté;
117 4103 24 23 ils
151 4110 131 21 revendront
297 4110 84 20 tantôt,
396 4114 54 16 avec
464 4109 90 24 l'espoir

59 4132 20 16 «
89 4130 73 23 n'avoir
174 4134 48 25 plus
236 4134 15 20 à
264 4131 58 24 faire
337 4135 23 20 la
374 4134 47 21 file.

77 4153 39 22 Rue
128 4156 25 21 de
165 4158 125 24 Graveîlne,
304 4164 33 16 un
350 4160 100 20 électeur
462 4163 25 16 se
501 4158 40 25 pré-

60 4179 47 20 sente
120 4184 121 20 gravement
255 4184 86 21 devant
356 4183 32 21 les
404 4183 113 21 membres
524 4182 31 21 du

61 4202 65 23 Sureau
136 4207 22 19 et
169 4207 107 22 demande
284 4213 30 16 au
330 4207 117 26 président
462 4208 28 20 de
498 4212 45 20 pou-

60 4227 37 36 voir
106 4231 55 20 voter
172 4236 28 17 au
212 4230 43 23 lfeu
267 4237 25 19 et
305 4233 65 25 place
383 4233 28 20 de
425 4237 27 16 sa
464 4233 92 20 femme.

61 4254 21 19 te
96 4254 102 23 président
215 4259 23 19 et
255 4263 37 16 ses
323 4262 133 18 assesseurs,
475 4258 80 23 quatre

60 4279 61 21 **»tnes
139 4280 155 23 reconduisent
314 4281 171 22 aimablement.

78 4301 72 23 lanlis
169 4310 41 19 que
229 4311 27 16 sa
274 4308 84 20 femme
379 4308 36 20 est
437 4306 57 21 allée
515 4306 42 21 dé-

62 4328 50 21 «te«
124 4333 37 18 «on
176 4331 93 21 bulletin
284 4333 58 19 dans
358 4332 79 20 l'urne,
453 4335 33 16 un
503 4331 53 20 bra-

62 4350 20 32 g
94 4355 78 19 nomme
188 4356 48 23 fait,
252 4357 60 22 dans
326 4357 24 21 la
365 4360 48 18 rue.
427 4356 72 21 office
529 4355 28 21 de

62 4372 57 39 îsjne
129 4378 114 23 d'enfants.

81 4404 73 20 •perçu
174 4404 31 21 les
227 4406 128 21 conseillers
377 4406 120 20 Verheven
534 4405 23 20 et

63 4425 203 29 Anspach-Puissant,
281 4431 85 21 calmes
383 4432 23 20 et
423 4431 123 21 souriants.

62 4456 33 31 ^
115 4463 219 32 VA-ET-VIENT
360 4469 29 27 A
417 4468 144 27 LAEKEN

64 4497 126 34 .^.^ftefcen
205 4505 60 20 aussi
280 4505 23 20 la
320 4506 101 20 matinée
436 4506 120 21 électorale

64 4523 10 15 •
82 4524 30 19 «te
123 4526 72 23 caime.

63 4545 55 23 'L'es
126 4551 81 21 artères
217 4553 101 25 toujours
328 4554 108 21 discrètes
448 4555 42 20 ont
500 4559 56 16 con-

65 4572 198 36 ^25,*"-»-«t-»tent
273 4578 97 21 insolite.

82 4597 48 20 Cest
139 4604 51 16 sans
198 4601 66 21 dcuLC
276 4603 20 20 le
306 4604 48 20 seul
365 4604 52 22 jour
427 4603 29 21 de
467 4602 89 22 l'année

66 4622 20 29 °J
95 4623 41 24 r>%
145 4623 20 20 le
177 4626 80 20 monde
269 4630 35 17 est
316 4627 82 21 dehors
409 4638 27 5 —
448 4628 109 20 Hommes

67 4643 15 18 •s
94 4643 89 25 femmes.

83 4672 34 17 «s
130 4675 62 18 autos
219 4675 158 24 transportant
406 4676 33 21 les
456 4675 103 22 malades

67 4691 71 38 ■JW
149 4699 23 18 ct
180 4702 123 20 refassent.

68 4723 36 29 t£
113 4743 7 9 .
117 4720 21 18 t0
138 4724 5 7 '
140 4724 23 17 JS
178 4724 33 19 les
228 4723 158 24 propriétaires
416 4724 90 22 d'autos
524 4725 35 20 al-

69 4744 51 30 **p.
131 4747 58 19 voter
196 4751 30 16 en
238 4748 92 23 voi.ure,
339 4750 49 19 cela
400 4749 69 21 ferait
480 4753 33 17 un
523 4749 36 20 bel

69 4763 150 31 oabou'.eiilase.

85 4788 16 20 A
110 4790 87 26 Laeïen.
206 4796 32 20 les
249 4795 100 22 libéraux
358 4798 40 20 ont
409 4797 45 21 falt
464 4802 33 16 un
509 4801 52 19 grès

69 4816 53 18 "Mr:
133 4816 24 21 de
170 4821 141 23 propagande
322 4823 24 19 ct
359 4821 21 21 le
392 4822 95 21 numéro
499 4822 14 20 7
524 4823 37 19 est

30 4836 17 21 ■
70 4836 77 25 Mrlout.
159 4852 26 6 _
198 4844 23 20 e.

149 4878 94 30 TOUT
260 4882 63 27 EST
342 4883 125 28 CALME

19 4919 176 28 «A
214 4920 232 29 SCHAERBEEK.

33 4947 16 41 I
74 4947 46 41 tJ^
120 4956 25 17 115
155 4954 49 22 t0d3
216 4957 31 21 !e3
261 4958 121 25 laubouigs
394 4960 21 21 le
427 4963 67 20 corps
508 4958 60 21 ëlec-

38 4978 13 32 I
74 4986 44 24 sZa
135 4981 31 18 cst
183 4981 109 22 descendu
311 4983 58 21 dans
387 4984 23 20 la
441 4989 41 16 rue
514 4987 55 17 avec

35 5002 16 15 ■
74 5002 66 19 ««tant
152 5004 144 24 d-unanmité
315 5012 42 19 que
377 5009 29 20 de
421 5009 149 23 résignation.

34 5027 20 31 I
72 5027 58 31 tTr
130 5030 15 16 n
158 5028 24 23 Ju
181 5034 38 19 ser
234 5035 41 20 par
287 5032 24 20 la
323 5033 72 20 cohue
410 5034 39 23 qui
461 5038 25 16 se
501 5033 68 20 bous-

8 5049 49 36 H
72 5049 50 36 Sîi
144 5056 25 29 f
170 5059 11 15 r
196 5054 32 21 te
244 5057 21 18 tr
266 5057 85 21 °tt°lrs.
370 5058 58 20 dans
445 5058 34 20 les
496 5058 74 19 tram-

35 5076 16 33 I
76 5076 69 33 »SL.
162 5100 7 9 ,
210 5082 64 21 por£e
290 5081 39 20 des
344 5081 101 21 bureaux
465 5082 29 20 de
512 5083 59 21 vote,

37 5101 15 33 I
76 5101 57 33 Si,.
170 5106 12 16 e
198 5104 21 20 'e
221 5108 8 15 1
228 5109 8 6 *
234 5109 9 15 1
244 5109 15 19 ?
258 5109 13 15 5
287 5105 171 24 épouvantable,
477 5106 17 21 il
509 5110 62 17 sem-

8 5125 53 31 Hi
77 5134 48 22 txZ..
172 5130 41 20 "lue
226 5129 21 20 le
260 5132 150 22 pourcentage
424 5131 40 20 des
478 5131 94 20 absten-

39 5160 14 21 I
100 5169 10 12 .
130 5152 61 29 c'F*
207 5153 34 20 éti
255 5154 157 22 relativement
426 5155 79 21 faible.

27 5180 27 28 W
78 5183 54 25 atnin
184 5177 36 19 :rb
233 5177 27 20 ck
260 5193 6 7 '
290 5179 22 19 la
333 5179 51 20 nuit
408 5179 125 25 précédant
552 5179 22 21 le

27 5208 31 23 m
67 5198 67 33 .E!!i
133 5200 16 16 n
148 5212 16 19 'i
171 5203 15 16 &
200 5200 35 22 *'*
250 5204 220 23 remarquablement
489 5203 83 23 calme;

25 5233 26 24 ■
80 5223 97 34 »m™?î
177 5227 27 17 ns
215 5226 32 31 de.
254 5227 79 24 jeunes
346 5229 81 23 gardes
439 5229 43 20 ont
491 5228 83 21 circulé

690 1978 33 20 M.
739 1978 67 21 OCT.
819 1977 139 21 DIERCKX

619 2014 110 21 sénateur
753 2014 81 21 libéral
855 2016 28 20 de
907 2014 119 22 Bruxelles

580 2041 95 21 sortant
690 2041 28 20 de
738 2039 76 22 l'école
830 2040 28 20 K.
876 2040 20 23 5,
912 2045 89 16 avenue
1019 2040 43 21 des

622 2081 13 6 ,
664 2065 102 24 Eperons
783 2066 63 22 d'Or,
863 2065 15 21 à
895 2065 89 20 Ixelles.

580 2091 21 19 n
614 2090 65 25 porte
695 2095 81 16 encore
792 2095 31 16 au
838 2090 77 24 visage
931 2090 52 21 les-,
996 2096 55 15 mau-

582 2121 48 15 vais
666 2116 118 21 souvenirs
820 2116 28 20 de
881 2121 43 15 son
959 2116 107 21 accident

772 2139 98 22 d'avion.

558 2189 145 22 Sehaerbeek
719 2194 16 16 a
752 2194 78 17 connu
844 2190 23 20 la
882 2190 65 21 toute
962 2190 59 22 belle
1037 2191 40 21 ani-

559 2215 95 20 mation.

585 2240 65 20 Deux
668 2240 101 21 voitures
803 2240 159 24 automobiles,
995 2240 96 25 pilotées

559 2269 43 19 par
620 2265 59 20 deux
695 2264 115 21 militants
826 2265 109 23 libéraux,
952 2266 58 20 MM.
1026 2266 64 21 René

559 2290 75 23 Ponty
647 2290 24 20 et
686 2290 65 24 Tuts,
766 2290 43 20 ont
824 2294 114 20 parcouru
953 2290 34 21 les
1002 2290 88 21 artères

560 2314 31 21 du
615 2314 121 24 faubourg,
758 2315 194 20 recommandant
972 2316 28 20 de
1025 2315 64 21 toute

558 2339 24 20 la
602 2339 122 24 puissance
746 2339 28 21 de
792 2340 62 20 leurs
872 2340 176 25 haut-parleurs
1068 2341 21 20 le

559 2364 52 20 vote
626 2368 59 20 pour
698 2364 23 20 la
738 2368 52 17 liste
808 2364 100 23 libérale.

584 2389 21 19 A
623 2389 24 20 la
663 2389 92 20 Maison
773 2389 103 21 Libérale
892 2394 60 16 nous
969 2394 72 17 avons
1059 2394 31 20 pu

559 2413 91 24 joindre
666 2414 32 20 M.
712 2414 110 21 Fernand
836 2414 75 23 Blurn,
929 2415 39 24 qui
986 2419 15 16 a
1019 2415 72 25 dirigé

562 2438 65 20 toute
651 2437 25 21 la
698 2442 130 21 campagne
853 2442 57 17 avec
936 2439 85 21 ardeur
1044 2444 30 16 ex-

560 2463 163 24 traordinaire;
741 2464 17 21 11
773 2468 59 16 nous
847 2469 14 15 a
876 2464 36 20 dlt
929 2468 6 16 :
955 2472 10 9 ■*
982 2465 28 20 Je
1026 2465 64 20 viens

560 2487 28 21 de
601 2488 59 20 faire
670 2492 46 16 une
727 2488 80 24 rapide
819 2488 97 21 tournée
926 2489 59 21 dans
995 2489 33 20 les
1042 2489 29 20 bu-

561 2517 71 16 reaux
648 2513 29 22 de
692 2513 53 20 vote
763 2514 24 19 et
802 2513 48 24 j'en
865 2514 108 24 rapporte
993 2514 23 20 la
1033 2518 43 16 con-

560 2537 86 20 viction
663 2538 82 21 intime
758 2542 44 16 oue
818 2538 34 21 les
868 2539 125 21 calomnies
1011 2539 67 20 déver-

560 2562 50 20 sées
621 2562 79 21 contre
712 2562 21 21 le
746 2562 62 26 parti
819 2562 80 21 libéral
910 2567 43 20 par
964 2563 33 21 les
1008 2563 70 21 catho-

561 2587 72 24 liques
650 2592 25 16 se
693 2588 162 20 retourneront
871 2589 79 19 contre
967 2589 98 21 ceux-ci.

587 2612 63 20 Nous
670 2616 85 17 aurons
777 2617 46 16 une
841 2612 111 25 première
971 2612 107 25 apprécia-

562 2636 50 21 tion
630 2637 145 23 d'ensemble,
790 2642 52 16 vers
857 2638 13 20 8
888 2637 23 21 h.
931 2638 38 22 1/2
987 2638 32 21 du
1037 2639 53 23 soir,

562 2662 20 19 si
597 2662 52 20 tout
664 2664 29 18 va
708 2661 60 21 bien.
784 2670 9 10 »

579 2700 46 26 ET
639 2700 28 26 A
681 2700 156 27 ST-JOSSE
853 2701 222 27 EGALEMENT

588 2737 146 21 Saint-Josse
754 2738 36 20 est
820 2743 47 16 une
898 2743 123 17 commune
1053 2741 39 23 qui

563 2762 84 20 n'offre
662 2762 69 24 guère
747 2763 61 24 prise
822 2764 51 20 aux'
881 2763 137 22 excitations
1032 2764 48 21 élec-

563 2787 91 20 torales.
668 2788 34 19 La
717 2788 52 20 nuit
788 2788 27 20 de
832 2788 91 20 samedi
936 2788 15 21 à
969 2789 123 21 dimanche

562 2812 54 20 s'est
631 2812 107 21 déroulée
752 2817 57 16 sans
826 2813 20 20 le
862 2813 105 21 moindre
983 2814 109 21 incident.

588 2837 44 20 Les
650 2837 120 24 bourgeois
790 2838 28 20 de
838 2838 126 25 Ten-Nocy
982 2839 42 20 ont
1040 2839 53 21 voté

564 2861 139 25 dignement,
719 2867 55 16 sans
790 2862 149 22 énervement
954 2864 26 20 ni
994 2865 98 23 passion.

590 2887 43 20 Les
648 2887 115 20 militants
775 2887 103 21 libéraux
890 2892 44 20 que
949 2892 59 18 nous
1023 2894 72 16 avons

565 2916 31 19 pu
612 2912 136 21 rencontrer
763 2916 25 16 se
805 2912 139 24 réjouissent
962 2913 68 21 de^ce
1045 2914 37 20 cal-

565 2940 46 19 me;
629 2936 17 21 il
662 2941 85 19 prouve
762 2941 45 20 que
834 2937 95 21 l'ultime
959 2942 135 18 manœuvre

566 2961 40 20 dea
627 2961 115 20 clérlcadx
768 2964 40 17 (au
830 2962 62 23 sujet
911 2963 28 20 de
946 2961 8 7 *
960 2970 9 9 «
994 2963 101 21 l'affaire

566 2986 124 22 Bourgeois
705 2987 21 20 »)
742 2987 39 19 n'a
792 2990 43 20 pas
850 2986 93 22 entamé
957 2987 25 21 la
996 2987 98 22 sérénité

568 3010 28 20 de
609 3010 122 21 l'électeur.

594 3035 112 20 Dor*nors
716 3040 90 20 encore,
819 3035 15 21 à
848 3036 55 20 titre
917 3036 179 24 documentaire,

569 3058 21 20 le
608 3059 116 23 pronostic
744 3060 40 20 des
803 3060 102 21 liblraux
920 3061 149 21 ten-noodois
1088 3067 6 16 :

570 3083 113 20 maintien
699 3085 27 19 de
739 3084 24 20 la
778 3085 115 23 majorité.
899 3085 128 25 homogène
1042 3091 55 16 avec

571 3107 95 24 quelque
683 3108 58 20 9.500
756 3110 58 19 voix.

597 3133 20 19 A
636 3133 12 19 9
668 3133 82 20 heures
768 3134 33 20 du
822 3134 54 23 soir,
898 3134 24 21 la
944 3139 153 20 permanence

572 3156 105 23 Installée
692 3162 41 16 rue
748 3158 28 20 de
793 3158 23 20 la
828 3158 84 22 Limite
926 3164 52 16 sera
993 3160 16 20 à
1024 3160 74 21 même

572 3182 28 20 de
622 3182 89 22 donner
732 3182 34 21 les
786 3183 111 24 premiers
915 3183 109 23 résultats
1044 3190 42 18 par-

572 3206 58 21 tiels.
645 3217 28 6 —
685 3207 30 20 G.

585 3246 50 27 LA
652 3245 153 28 GUERRE
822 3246 70 28 DES
904 3246 182 29 AFFICHES

736 3285 28 27 A
781 3284 151 29 IXELLES

80 5236 57 20 Com^
254 5236 79 15 jeuuvà
346 5236 81 16 B-.i^-i»
439 5236 43 12 tixtx
491 5236 75 13 tziïtztm

80 5248 70 17 «™r.e
162 5248 26 20 de
199 5252 112 23 coutume;
327 5252 21 21 le
363 5252 86 25 collage
465 5257 40 16 ces
517 5253 50 20 aifi-

81 5271 98 32 ^essest
192 5273 66 23 fait...
272 5281 39 17 sur
323 5281 45 16 une
382 5277 87 24 grande
483 5277 92 23 échelle,

83 5295 38 32 hf»
134 5295 17 32 ?
163 5300 35 17 cas
210 5299 28 21 de
251 5300 21 21 le
286 5301 56 24 dire;
358 5302 100 20 certains
469 5302 106 20 numéros

84 5318 61 19 ■««nt
163 5321 54 22 ainsi
237 5324 115 24 placardés
372 5331 16 16 a
406 5327 41 20 des
466 5326 110 22 hauteurs

83 5341 50 27 W"
150 5346 120 23 vertigineu
276 5354 32 17 C3.

102 5368 80 23 Aucijne
195 5370 90 26 bajarre
301 5379 29 16 nc
347 5375 54 22 s'est
418 5374 114 25 produite:

86 5411 9 16 C
95 5393 56 34 iiVÏ„
148 5395 11 16 t
159 5397 19 19 -'
178 5398 22 16 n:
200 5408 15 7 *-
217 5400 9 16 :
240 5401 38 17 Ku
278 5398 84 21 *«uient
379 5403 33 17 un
426 5401 62 22 geste
504 5401 60 24 part!

86 5416 117 41 HW.SJ,
227 5422 144 22 malhonnête
393 5428 6 16 :
416 5428 31 16 on
479 5428 15 17 a
525 5425 52 24 Jugé

87 5440 84 35 Jgntuel
182 5442 74 24 daller
268 5447 100 21 maculer
383 5447 28 21 de
428 5448 69 27 façon
513 5449 64 24 lgno-

88 5465 87 36 SubSÎm
182 5466 32 35 ^
228 5473 29 28 "î!
258 5474 7 16 1
264 5475 25 16 "
299 5472 25 20 «'
339 5471 100 22 'enètres
452 5471 31 22 du
497 5475 81 20 nouvel

107 5488 51 35 S?i
169 5488 18 21 te
188 5515 8 8 .
201 5492 13 20 a
214 5496 13 27 ?
242 5493 114 24 lAtMnée
374 5496 130 21 communal
516 5498 7 20 I

107 5512 91 23 "adant
212 5515 62 25 toute
292 5519 23 21 la
334 5520 100 22 matinée
455 5521 125 25 électorale.

592 3323 35 20 La
643 3322 104 22 dernière
764 3323 52 20 nuit
834 3323 28 20 de
879 3323 147 24 propagande
1041 3323 47 21 élec-

568 3348 72 21 torale
655 3353 14 16 a
681 3348 37 21 été
732 3352 63 16 assez
806 3348 180 21 mouvementée.
998 3349 43 20 Les
1055 3349 34 20 clé-

568 3374 79 19 ricaux
656 3378 25 15 se
693 3374 54 19 sont
760 3373 103 21 montrés
876 3378 64 16 assez
953 3373 94 23 calmes;
1060 3378 42 20 par

568 3400 85 19 contre,
668 3399 24 19 la
703 3399 58 20 lutte
775 3398 86 20 semble
874 3398 68 21 s'être
957 3399 144 20 circonscrite

569 3425 64 19 entre
649 3424 33 20 les
696 3423 104 21 libéraux
812 3424 24 20 et
849 3424 21 20 le
885 3423 56 20 Bloc
954 3423 40 21 des
1009 3424 81 20 Contri-

569 3448 99 21 buables,
683 3449 71 23 ayant
771 3448 14 20 à
802 3453 27 15 sa
846 3447 47 21 tète
910 3449 32 19 M
955 3448 66 24 Buyl.

594 3474 38 19 On
649 3474 54 19 s'est
720 3473 74 23 battu,
809 3478 30 15 en
856 3473 104 20 dernière
977 3473 97 23 minute,
1088 3473 14 20 à

569 3503 69 19 coups
653 3498 146 21 d'affiches...
804 3498 52 20 .Les
868 3499 66 20 titres
949 3498 39 20 des
1003 3498 99 21 affiches

569 3528 42 15 son
629 3523 124 24 suggestifs
771 3528 7 15 :
800 3530 9 9 •*
829 3523 31 21 Le
879 3527 59 20 coup
957 3523 28 20 de
1001 3523 67 24 grâce
1086 3531 17 15 ».

571 3556 9 9 »
593 3549 31 19 Le
636 3553 58 19 coup
705 3548 28 20 de
746 3552 91 17 massue
852 3556 17 14 «*,
883 3556 9 8 **
906 3548 31 20 Le
948 3552 59 20 coup
1017 3548 60 21 final
1085 3556 16 12 **.

595 3574 51 19 Aux
658 3573 108 20 environs
777 3573 40 20 des
828 3573 102 20 bureaux
944 3573 28 20 de
985 3574 59 21 vote,
1058 3577 45 16 aux

571 3598 121 24 premières
712 3598 32 20 du
761 3598 82 22 matin,
864 3600 31 17 oit
914 3597 128 24 placardait
1060 3602 30 16 en-

570 3627 52 16 core
643 3624 41 20 des
705 3623 100 20 affiches
827 3624 24 19 et
872 3623 23 20 la
914 3624 64 19 toute
999 3622 103 22 dernière

571 3648 38 23 qui
625 3648 38 20 fut
679 3648 98 24 apposée
794 3652 41 16 sur
851 3648 33 20 les
898 3652 64 16 murs
976 3648 64 23 porte
1058 3652 44 16 une

571 3673 141 20 déclaration
729 3669 34 24 "de
786 3673 33 20 M.
844 3673 114 23 Marquet.
981 3672 122 21 affirmant

571 3702 43 20 que
627 3698 32 20 M.
671 3697 103 25 Adolphe
786 3697 66 24 Buyl,
865 3698 180 20 contrairement
1059 3702 45 15 aux

572 3723 157 20 affirmations
748 3723 29 20 de
797 3727 37 16 s:s
853 3722 149 23 adversaires,
1018 3722 86 20 n'avait

572 3748 84 23 Jamais
666 3748 52 20 rien
732 3752 55 19 reçu
801 3747 29 21 de
845 3747 39 21 lui.
898 3747 31 20 Le
942 3747 62 20 texte
1019 3751 24 16 se
1056 3748 36 19 ter-

573 3773 61 20 mine
646 3777 42 20 par
701 3773 60 23 estte
774 3772 85 25 phrase
874 3776 6 16 :
897 3779 9 9 <*
921 3771 61 21 C'est
993 3775 33 16 un
1038 3776 54 16 men-

572 3802 69 20 songe
662 3799 25 19 et
706 3802 45 16 une
770 3796 90 22 lâcheté
880 3796 29 21 de
926 3795 52 26 plus
997 3796 16 20 à
1033 3796 71 21 l'actif

573 3823 39 20 des
627 3822 103 21 libéraux
746 3822 87 21 ixellois
847 3830 19 12 ».

598 3847 65 20 Alors
674 3851 43 20 que
729 3847 101 20 certains
840 3847 103 20 bureaux
956 3845 93 21 avaient
1062 3850 43 20 peu

573 3872 139 23 d'électeurs,
727 3872 59 20 dans
804 3872 101 20 d'autres
922 3871 18 21 11
955 3870 77 21 fallait
1047 3871 58 20 faire

574 3898 51 23 plus
639 3897 68 21 d'une
720 3897 71 20 heure
805 3897 23 20 la
844 3896 47 21 file.

599 3923 65 19 Dans
680 3927 33 15 un
729 3922 94 22 bureau,
837 3922 73 23 ayant
925 3925 33 16 un
972 3921 51 20 tout
1038 3920 67 25 jeune

574 3947 123 24 président,
718 3947 17 21 il
759 3951 15 20 y
798 3947 41 20 eut
860 3951 32 16 un
916 3945 103 21 incident
1044 3950 63 16 assez

575 3973 115 19 amusant.

600 3997 40 22 Ua
654 3997 99 20 électeur
765 4001 24 16 se
805 3995 113 26 présente.

600 4032 26 5 —
640 4022 61 20 Vous
722 4021 48 21 êtes
793 4021 91 21 officier
893 4022 11 19 ?
928 4020 33 22 lul
982 4020 124 21 demandc-

576 4047 60 20 t-on.

601 4082 27 4 —
641 4071 51 22 Oui,
708 4071 87 24 répond
810 4071 122 21 l'électeur.

600 4106 29 6 —
640 4097 35 19 En
694 4095 91 22 activité
803 4096 28 21 de
846 4096 85 21 service
940 4095 13 21 ?

600 4131 29 6 —
641 4121 52 20 Oui.

602 4156 27 5 —
641 4146 65 20 Alors
716 4146 6 20 !
738 4146 60 21 Vous
814 4146 78 21 n'avez
908 4150 43 21 pas
966 4145 22 21 le
1004 4144 60 21 droit
1080 4144 27 21 de

577 4171 71 20 voter.

603 4196 115 20 L'officier
736 4195 57 22 était
816 4200 63 17 assez
900 4194 136 25 Interloqué.

602 4230 28 5 —
641 4221 35 20 De
693 4221 52 23 quel
762 4221 60 20 droit
831 4221 12 20 1
861 4221 71 20 dit-iL
949 4221 28 20 Je
993 4220 51 20 vote
1062 4223 46 16 aux

578 4246 78 20 autres
670 4245 109 21 élections
793 4247 25 19 et
832 4246 23 20 la
873 4250 83 20 preuve
974 4246 36 19 est
1027 4248 43 20 que
1086 4244 22 24 je

577 4271 48 19 suis
639 4270 80 24 appelé
732 4270 16 21 à
761 4272 64 19 voter
839 4269 153 25 aujourd'hui.

603 4295 128 23 Quelqu'un
747 4295 15 20 à
781 4300 25 16 ce
826 4296 104 20 moment
948 4294 112 21 intervint
1079 4297 29 16 au

578 4321 73 22 grand
668 4320 170 21 ébahissement
857 4320 32 21 du
908 4320 87 21 bureau
1014 4320 24 20 et
1055 4318 15 21 à
1087 4318 23 20 la

578 4346 45 23 joie
637 4345 40 20 des
692 4345 125 20 auditeurs.

603 4380 28 5 —
643 4370 60 20 Mais
717 4374 33 16 un
764 4370 91 20 ofiieier
870 4375 14 15 a
898 4370 22 20 le
931 4369 63 21 droit
1005 4369 28 20 de
1046 4368 63 20 voter

579 4399 31 15 au
624 4394 74 21 même
714 4395 53 20 titre
783 4396 69 23 qu'un
865 4394 83 24 prêtre.

604 4419 151 21 Finalement,
771 4420 20 20 le
805 4419 117 25 président
937 4418 128 22 remettant
1078 4421 32 17 un

579 4444 97 21 bulletin
691 4444 16 21 à
720 4444 106 21 l'officier
840 4449 25 16 se
883 4444 121 21 confondit
1022 4448 30 16 en
1069 4447 29 16 ex-

580 4473 65 17 cuses
664 4474 6 15 L

605 4504 28 4 —
645 4494 164 22 Excusez-moi.
834 4494 71 22 dit-il.
925 4494 59 21 mais
1008 4492 56 21 c'est
1088 4492 22 20 la

581 4517 110 25 prr-fnière
708 4519 44 20 fois
763 4524 47 18 .que
824 4520 23 23 je
861 4519 47 20 suis
922 4518 124 25 président.

606 4543 41 21 S'il
664 4548 15 19 y
696 4545 40 19 eut
753 4548 46 16 une
814 4544 87 24 grande
919 4543 130 21 animation
1066 4546 46 16 aux

581 4568 106 20 environs
702 4569 40 20 des
755 4569 109 23 bureaux,
878 4573 31 16 on
924 4573 29 16 ne
964 4567 89 25 signale
1069 4571 30 16 au-

582 4597 45 16 cun
641 4593 109 21 incident.

716 4625 28 26 A
760 4624 217 31 ETTERBEEK,

583 4662 73 27 UNE
676 4662 228 27 INNOVATION
924 4661 190 28 NETTOYEE

724 4701 74 26 PAR
809 4702 50 25 LA
868 4701 104 26 PLUIE

611 4738 44 23 Les
671 4737 130 26 opérations
816 4743 25 16 se
854 4739 55 20 sont
923 4736 118 23 déroulées
1058 4740 55 18 avec

587 4763 118 21 beaucoup
721 4763 87 21 d'ordre
825 4763 16 20 à
857 4763 129 20 Etterbeek.
1003 4763 44 20 Les
1061 4765 43 17 seu-

587 4788 33 21 les
633 4788 186 21 manifestations
831 4790 43 18 ont
884 4787 102 21 consisté
998 4792 31 16 en
1043 4790 58 20 gran-

589 4813 40 20 des
640 4813 63 20 croix
716 4812 78 22 bleues
806 4813 98 20 barrant
915 4812 34 21 les
962 4812 100 20 afflehes
1073 4811 42 20 des

589 4838 141 20 adversaires
750 4838 41 20 des
811 4836 104 21 libéraux
935 4838 26 19 et
980 4841 31 15 en
1029 4835 86 25 grands

589 4862 97 21 chiffres
701 4862 79 21 blancs
795 4863 76 23 peints
886 4865 41 16 sur
942 4861 33 20 les
992 4860 110 20 trottoirs.

615 4887 62 21 Mais
690 4891 25 16 ce
730 4887 91 20 dernier
833 4886 66 21 mode
913 4885 29 21 de
957 4884 109 26 publicité
1077 4884 39 20 n'a

590 4916 43 19 pxs
649 4911 77 22 deuné
743 4911 156 24 grand'chose.
915 4910 69 21 étant
1001 4909 76 22 donné
1095 4908 21 20 le

592 4936 79 24 lavage
702 4936 156 24 automatique
889 4934 106 25 orgahlsé
1025 4939 44 20 par
1084 4934 34 20 les

593 4961 87 21 écluses
693 4960 117 22 célestes...

581 4976 3 29 I
619 4986 39 20 On
673 4987 52 19 vote
744 4990 30 16 en
792 4985 96 21 famine.
916 4984 114 20 L'avenue
1048 4983 70 20 d'Au-

594 5009 108 24 derghem
721 5009 121 22 ressemble
862 5010 14 20 à
896 5013 34 17 un
948 5007 172 23 cheminement

595 5035 28 20 de
637 5035 103 20 fourmis.

620 5059 62 23 Tout
695 5059 22 21 le
733 5059 83 22 monde
828 5058 36 22 est
877 5062 41 17 sur
932 5057 23 21 le
970 5056 75 22 même
1060 5055 47 21 trot-

596 5083 46 21 toir
654 5085 25 20 et
691 5088 112 19 converge
818 5087 50 18 vars
883 5083 25 20 1»
919 5087 41 16 rue
973 5081 62 21 Fétis
1048 5081 73 20 ouest

597 5108 90 22 installé
705 5109 49 20 l'un
771 5109 42 20 des
830 5108 136 25 principaux
984 5107 102 20 bureaux
1093 5105 28 20 dc

598 5133 59 20 vnte.

609 5157 51 21 Une
675 5162 75 20 grosse
765 5157 120 22 limousine
892 5155 83 25 dépose
990 5157 23 21 la
1030 5154 80 26 grand'-

599 5181 68 22 mère.
677 5183 23 20 la
712 5182 69 22 mère,
792 5182 24 20 la
828 5181 55 23 fille,
892 5181 22 21 le
927 5180 67 23 mari,
1005 5180 22 21 le
1039 5178 71 22 chauf-

600 5207 51 20 feur
661 5208 26 20 et
696 5209 52 19 tous
759 5207 56 20 vont
827 5206 90 21 voter...

627 5231 44 22 Les
684 5232 97 21 femmes
795 5230 114 22 semblent
924 5234 30 16 en
970 5228 92 25 général
1079 5232 45 19 P"u

600 5256 118 21 Instruites
733 5257 29 21 dc
779 5260 26 17 ce
822 5255 54 24 qu'il
893 5254 53 21 faut
962 5254 83 20 faire...
1063 5252 61 21 Elles

600 5278 140 27 demandent
754 5281 41 21 d-s
810 5279 97 22 conseils
923 5278 15 22 à
953 5279 61 21 leurs
1029 5278 59 21 amis
1100 5278 24 19 ct

600 5304 16 21 à
628 5304 61 23 leurs
702 5305 120 26 parents...

626 5330 63 21 Nous
710 5330 129 21 entendons
860 5333 67 16 Doser
947 5328 41 21 des
1008 5327 118 25 questions

601 5354 68 21 d'une
684 5354 101 21 candeur
802 5353 161 22 charmante...

626 5379 44 20 Les
687 5379 114 21 cléricaux
818 5378 97 21 laissent
932 5377 131 21 stationner
1079 5379 46 16 une

602 5403 86 23 grande
703 5403 98 24 bagnole
818 5402 151 25 publicitaire,
985 5400 106 22 couverte
1097 5399 29 21 de

603 5431 126 21 promesses
746 5428 24 20 et
787 5427 29 21 ds
833 5427 88 20 bonnes
938 5426 134 21 Intentions.

628 5451 34 21 La
679 5451 71 25 police
769 5456 15 16 a
800 5451 49 21 fort
861 5449 16 22 à
893 5450 59 21 faire
969 5454 59 21 pour
1044 5452 83 21 ranger

603 5476 33 21 les
652 5477 100 20 voitures
767 5476 40 24 qui
821 5475 111 21 viennent
946 5474 107 21 s'arrêter
1068 5473 59 21 dans

604 5500 34 21 les
656 5504 60 19 rues,
734 5500 52 21 face
806 5503 45 17 aux
871 5498 73 22 écoles
964 5496 164 24 transformées

604 5528 30 18 en
649 5524 101 22 bureaux
764 5524 29 21 de
807 5524 88 21 votes...
909 5533 29 7 —
949 5522 25 22 &

1223 502 254 28 L'ANIMATION
1501 503 28 27 A

1143 540 460 29 MOLENBEEK-SAINT-JEAN

1135 579 32 20 La
1180 579 94 24 journée
1287 579 120 21 électorale
1420 583 57 17 aura
1488 579 36 21 été
1537 580 72 21 calme
1622 580 12 20 à

1111 603 133 21 Moienbeek
1246 604 38 19 -St
1286 614 10 4 -
1298 604 41 19 Jea
1341 608 23 16 n.

1135 628 31 20 Le
1177 628 104 20 mauvais
1293 629 74 23 temps
1379 632 57 17 aura
1447 627 73 21 calmé
1532 628 54 21 bien
1596 629 41 20 des

1110 651 175 22 exhubtrances.

1135 677 33 20 La
1179 677 51 20 nuit
1240 681 14 16 a
1264 676 37 22 été
1311 677 56 21 mise
1378 676 14 22 à
1403 677 72 25 profit
1484 681 43 20 par
1538 677 33 20 les
1582 681 41 20 pro-

1111 701 153 24 pagandistes.

1136 726 43 20 Les
1191 726 100 21 affiches
1305 725 158 22 collectivistes
1476 726 42 20 ont
1532 725 35 21 été
1583 730 41 19 pas-

1110 749 49 22 sées
1172 755 31 16 au
1215 751 77 19 caviar
1303 751 25 20 et
1339 750 81 21 ornées
1433 750 28 21 de
1472 750 24 20 la
1507 750 92 21 faucille
1612 751 23 20 et

1110 774 31 21 du
1154 775 106 20 marteau
1273 775 169 20 moscoutaires.

1136 799 113 21 Aailleurs
1265 799 33 21 les
1314 799 100 20 affiches
1428 799 40 20 des
1484 799 73 22 partis
1572 799 28 20 de
1614 799 21 20 la

1111 822 107 25 majorité
1232 826 42 19 ont
1286 824 37 20 été
1338 823 98 21 lacérées
1449 825 24 19 et
1488 824 61 20 leurs
1562 823 75 20 débris

1111 848 112 24 jonchent
1241 848 21 21 le
1281 848 41 20 sol.

1137 873 30 20 Le
1182 872 75 20 matin
1273 872 124 21 dominical
1410 877 16 15 a
1440 876 31 16 vu
1485 876 46 16 une
1547 872 77 20 anima-

1111 897 50 21 tion
1181 897 91 21 Intense
1293 897 59 20 dans
1372 897 32 20 les
1424 901 53 16 rues
1497 896 93 21 étroites
1607 896 30 20 du

1111 922 78 20 centre
1204 921 29 21 de
1248 921 22 20 la
1284 926 129 15 commune.

1136 946 249 20 Molenbeek-St-Jean
1397 946 59 20 n'est
1470 950 41 18 pas
1524 944 70 21 divisé
1609 950 28 15 en

1111 971 100 20 secteurs
1221 970 136 20 électoraux,
1366 971 25 19 et
1401 969 61 22 seuls
1472 969 107 24 quelques
1590 970 36 19 vei-

1112 995 71 20 nards
1198 996 57 19 vont
1271 996 64 19 voter
1350 994 53 25 près
1419 995 29 20 de
1464 994 55 20 chez
1533 998 52 16 eux.

1136 1020 34 19 La
1184 1019 52 21 liste
1250 1019 40 21 des
1302 1019 111 21 électeurs
1426 1019 36 20 est
1475 1018 83 20 divisée
1573 1018 64 20 entre

1112 1043 52 21 tous
1180 1044 33 20 les
1229 1043 103 21 bureaux
1345 1044 120 21 existants,
1479 1043 21 20 si
1516 1043 53 20 bien
1585 1043 53 23 qu'il

1111 1072 14 19 y
1139 1073 14 15 a
1167 1067 41 21 des
1220 1072 56 19 gens
1290 1068 39 24 qui
1342 1068 93 20 doivent
1448 1069 114 19 traverser
1573 1067 64 20 toute

1111 1093 24 20 la
1150 1097 122 16 commune
1298 1093 26 20 et
1351 1092 144 20 s'aventurer
1524 1091 59 20 dans
1599 1091 39 20 des

1111 1117 113 24 quartiers
1234 1117 40 24 qui
1285 1117 50 20 leur
1343 1117 54 19 sont
1410 1116 136 22 totalement
1557 1117 69 19 incon-

1112 1146 44 15 nus
1170 1142 72 20 avant
1257 1141 109 20 d'arriver
1380 1140 16 21 à
1411 1141 80 20 l'urne.

1136 1166 47 20 Des
1202 1165 169 21 camionnettes
1391 1164 151 21 automobiles
1562 1163 77 22 dotées

1111 1190 28 21 de
1153 1190 176 24 haut-parleurs
1344 1190 43 20 ont
1401 1190 46 19 fait
1462 1193 32 16 un
1508 1189 80 20 ultime
1602 1189 24 19 ef-

1111 1215 48 20 fort
1172 1215 28 20 de
1213 1214 148 24 propagande
1374 1218 54 16 sous
1441 1213 22 21 le
1477 1213 43 20 ciel
1533 1217 93 16 maussa-

1112 1239 33 21 de,
1161 1239 60 20 mais
1235 1239 51 20 tout
1299 1239 55 20 s'est
1368 1237 67 25 passé
1449 1242 56 16 sans
1519 1237 119 21 incidents.

1136 1264 43 20 Les
1191 1262 131 25 opérations
1335 1263 43 20 ont
1391 1262 36 21 été
1441 1262 136 20 rondement
1589 1266 37 16 me-

1111 1287 60 25 nées,
1184 1288 25 20 et
1223 1288 55 20 c'est
1291 1286 14 22 à
1319 1287 67 24 peine
1400 1286 20 21 si
1433 1286 59 20 dans
1505 1291 32 15 un
1551 1286 86 20 bureau

1111 1316 40 17 sur
1165 1312 88 25 quatre,
1268 1316 30 16 on
1312 1311 77 21 devait
1404 1310 58 22 faire
1476 1311 23 19 la
1513 1311 47 20 file.
1574 1321 27 4 —
1614 1311 24 20 E.

1181 1350 203 28 L'ACTIVITE
1405 1350 28 26 A
1458 1349 117 27 UCCLE

1135 1388 41 24 Ici,
1191 1394 89 18 encore,
1293 1388 72 24 régna
1381 1392 44 16 une
1442 1388 86 24 grande
1545 1387 99 21 activité.

1110 1415 33 20 La
1159 1413 60 22 lutte
1233 1414 58 20 était
1308 1413 96 21 ardente
1422 1413 65 20 entre
1504 1414 23 19 la
1544 1413 52 20 liste
1613 1413 31 20 du

1111 1440 155 23 bourgmestre
1285 1438 86 23 libéral,
1391 1438 59 20 Jean
1466 1438 51 20 Vân
1533 1438 41 20 der
1589 1437 56 24 Elst,

1111 1465 24 20 et
1147 1469 45 15 une
1207 1464 52 20 liste
1275 1464 27 20 de
1319 1471 9 9 «
1342 1463 126 20 soi-disant
1483 1470 9 10 n
1509 1462 109 21 libéraux.

1136 1489 89 24 Malgré
1242 1488 56 24 cela,
1314 1489 23 20 la
1354 1488 51 24 plus
1422 1487 87 25 grande
1523 1488 120 20 confiance

1110 1514 76 24 règne.

1136 1540 65 19 Dans
1214 1538 34 22 les
1260 1539 109 23 bureaux,
1382 1538 21 21 le
1415 1538 52 25 plus
1478 1538 74 24 grand
1565 1538 77 20 calme.

1110 1565 82 20 Aucun
1208 1564 110 21 incident.

1161 1603 63 27 LES
1246 1602 144 27 ESPOIRS
1408 1602 28 27 A
1457 1602 137 27 FOREST

1135 1642 21 19 A
1170 1641 86 23 Forest,
1269 1645 30 16 on
1312 1640 52 21 vote
1378 1640 58 21 dans
1452 1642 20 19 le
1487 1640 80 21 calme.

1136 1667 35 19 Au
1188 1666 60 20 local
1268 1666 28 20 de
1315 1665 159 21 l'Association
1487 1664 106 24 -libérale,
1614 1669 30 16 on

1110 1691 114 24 escompte
1239 1691 21 20 le
1276 1690 54 25 gain
1344 1691 55 20 d'un
1413 1690 60 24 siège
1489 1691 24 20 et
1527 1689 117 25 peut-être

1110 1715 27 21 de
1153 1715 66 24 deux,
1236 1720 30 16 au
1284 1715 126 21 détriment
1425 1715 40 20 des
1479 1715 165 20 collectivistes.

1136 1741 94 20 D'autre
1245 1741 60 23 part,
1322 1741 16 20 il
1355 1745 15 19 y
1387 1745 15 16 a
1418 1740 143 21 mésentente
1579 1740 65 20 entre

1110 1765 32 21 les
1159 1765 122 21 candidats
1300 1765 114 21 cléricaux
1431 1766 25 20 et
1474 1766 28 20 de
1518 1764 126 21 nombreux

1104 1790 117 24 électeurs
1236 1790 141 24 catholiques
1392 1790 113 21 semblent
1518 1790 77 20 devoir
1607 1794 25 16 re-

1110 1816 77 20 porter
1202 1817 61 20 leurs
1278 1815 52 21 voix
1342 1820 41 16 sur
1397 1816 23 20 la
1436 1815 52 21 liste
1503 1814 100 22 libérale.
1618 1824 26 6 —-

1110 1841 27 21 T.

1285 1879 28 27 A
1330 1879 146 28 ANVERS

1136 1917 95 23 Anvers,
1253 1917 13 20 9
1289 1917 98 21 octobre.
1410 1928 28 5 —
1458 1918 33 20 La
1513 1917 69 24 pluie,
1602 1918 39 24 qui

1113 1941 75 21 tombe
1208 1942 82 24 depuis
1310 1942 58 23 hier,
1389 1947 14 15 a
1421 1942 46 21 fait
1483 1947 44 19 que
1547 1943 23 21 la
1589 1943 52 20 nuit

1112 1970 14 16 a
1139 1965 37 21 été
1189 1966 48 21 fort
1250 1967 80 22 calme.

1138 1992 94 20 Comme
1245 1991 112 22 toujours,
1368 1991 34 21 les
1415 1992 81 23 jeunes
1507 1991 82 25 gardes
1601 1992 40 20 des

1112 2015 74 21 divers
1200 2016 74 24 partis
1288 2020 25 16 se
1326 2017 55 19 sont
1394 2016 115 24 employés
1523 2016 15 20 à
1551 2016 91 20 couvrir

1113 2040 28 21 de
1156 2040 108 21 numéros
1278 2041 33 20 les
1324 2040 100 21 affiches
1439 2041 41 20 des
1495 2041 147 20 adversaires,

1112 2069 26 16 ce
1149 2065 39 24 qui
1200 2069 15 16 a
1225 2064 115 25 provoqué
1352 2065 108 23 quelques
1472 2065 134 21 rencontres
1617 2066 25 19 et

1113 2089 64 21 rixes
1191 2091 61 19 mais
1263 2090 52 20 rien
1327 2090 29 20 de
1368 2090 55 20 bien
1436 2095 76 18 grave.

1139 2115 32 21 Ce
1182 2115 83 20 matin,
1277 2114 23 20 la
1312 2114 62 21 foule
1386 2119 25 15 se
1423 2114 56 21 hâte
1491 2119 51 16 vers
1554 2115 33 20 les
1597 2114 31 21 bu-

1114 2143 71 17 reaux
1200 2139 28 21 de
1244 2139 53 20 vote
1313 2139 86 20 devant
1415 2139 25 20 la
1456 2139 66 23 porte
1539 2138 104 24 desquels

1113 2168 44 17 une
1168 2162 103 22 dernière
1283 2163 113 21 tentative
1406 2164 36 20 est
1451 2163 58 21 faite
1520 2167 30 16 au
1559 2167 83 18 moyen

1114 2188 123 21 d'affiches
1253 2192 59 19 ■pour
1329 2188 137 20 convaincre
1482 2188 33 20 les
1532 2186 111 21 électeurs

1114 2213 28 21 de
1154 2211 65 22 voter
1231 2217 59 20 pour
1302 2212 55 21 telle
1369 2217 32 16 ou
1412 2212 54 21 telle
1478 2212 58 22 liste,
1548 2212 59 20 mais
1620 2211 22 20 là

1115 2238 62 19 aussi
1195 2238 52 20 tout
1260 2242 26 16 se
1302 2241 68 20 passe
1388 2236 59 21 dans
1463 2236 23 20 le
1502 2236 53 23 plus
1570 2236 74 23 grand

1114 2262 81 21 calme.

1173 2299 182 29 AFFICHES
1373 2298 227 28 LITIGIEUSES

1275 2339 28 27 A
1318 2338 175 28 LOUVAIN

1140 2378 108 22 Louvain,
1261 2377 12 21 9
1287 2377 98 21 octobre.
1398 2388 27 5 —
1437 2378 33 19 La
1482 2377 93 21 bataille
1590 2376 46 22 élec-

1116 2403 77 22 torale,
1206 2403 39 24 qui
1257 2407 14 16 a
1285 2402 37 21 été
1333 2403 48 20 fort
1395 2402 80 23 calme,
1490 2407 13 16 a
1518 2402 37 21 été
1569 2402 79 21 menée

1115 2428 90 21 surtout
1217 2432 43 20 par
1274 2427 22 21 la
1309 2432 76 19 presse
1404 2432 5 16 :
1426 2428 73 20 tracts
1511 2428 24 20 et
1550 2427 99 21 affiches

1115 2452 27 21 de
1155 2453 76 20 toutes
1244 2452 104 21 couleurs
1359 2453 54 20 sont
1426 2452 122 21 distribués
1562 2452 23 21 et
1598 2452 38 24 pla-

1115 2477 79 21 cardés
1215 2477 14 21 à
1245 2478 53 20 tour
1318 2477 28 21 de
1362 2478 61 20 bras.
1442 2477 114 24 Quelques
1576 2478 73 20 textes

1116 2503 50 24 trop
1180 2502 132 24 fulgurants
1327 2503 42 20 ont
1385 2502 53 21 valu
1451 2503 14 20 à
1481 2504 61 19 leurs
1556 2503 93 20 auteurs

1116 2527 39 21 des
1172 2527 109 21 citations
1299 2528 86 20 devant
1403 2528 21 20 le
1440 2528 102 20 tribunal
1560 2532 77 16 correc-

1116 2552 93 21 tionnel.
1224 2553 61 20 C'est
1299 2554 21 20 le
1335 2557 39 16 cas
1387 2553 146 20 notamment
1547 2557 59 20 poux
1617 2553 33 20 les

1115 2577 164 24 collectivistes,
1295 2583 55 15 avec
1362 2578 21 21 le
1397 2577 109 21 scandale
1518 2578 32 20 du
1565 2582 48 20 gaz,
1627 2578 23 20 et

1116 2607 56 20 pour
1187 2604 33 20 les
1237 2603 113 20 cléricaux
1365 2603 15 21 à
1397 2607 83 20 prooos
1498 2603 54 21 d'un
1570 2603 79 20 article

1115 2632 39 16 sur
1177 2628 24 20 la
1227 2628 184 21 reconstruction
1435 2628 31 21 du
1493 2628 98 20 théâtre.
1611 2628 39 21 .La

1116 2652 77 22 veillée
1214 2653 121 21 électorale
1355 2654 39 19 n'a
1413 2653 86 21 suscité
1516 2658 75 16 aucun
1612 2654 25 19 in-

1115 2678 84 21 cident.
1217 2679 43 20 Les
1282 2678 128 21 afficheurs
1432 2678 156 21 occasionnels
1610 2678 41 20 ont

1115 2703 45 21 fait
1182 2703 249 21 consciencieusement
1450 2705 51 19 leur
1519 2704 106 20 beso-me.

1140 2729 43 20 Les
1202 2728 131 24 opérations
1351 2729 31 21 du
1396 2729 90 20 scrutin
1504 2729 42 20 ont
1561 2728 89 22 débuté,

1116 2753 123 21 dimanche
1254 2753 80 24 matin,
1346 2754 16 21 à
1375 2754 53 20 huit
1442 2754 89 23 heures,
1545 2754 60 20 dans
1618 2754 32 20 les

1118 2779 123 20 trente-six
1257 2779 104 21 bureaux
1377 2779 28 21 de
1420 2779 52 21 vote
1488 2779 24 21 et
1528 2783 24 17 se
1568 2778 70 22 dérou-

1117 2803 48 22 lent
1183 2803 177 22 normalement.

1279 2843 29 28 A
1325 2842 166 28 MALINES

1141 2881 107 22 "Malines.
1260 2882 13 20 9
1287 2881 99 21 octobre.
1399 2892 28 5 —
1439 2881 47 21 Dès
1500 2886 43 20 que
1553 2881 59 21 s'est
1626 2881 30 20 tu-

1118 2906 71 22 l'écho
1206 2907 32 21 du
1256 2907 92 20 dernier
1369 2907 107 23 meetin?.
1497 2906 100 21 Malines
1618 2906 35 21 est

1118 2931 90 22 rentrée
1229 2932 59 20 dans
1307 2932 22 20 le
1353 2932 74 20 calme
1450 2931 111 23 habituel,
1582 2932 24 20 et
1629 2930 23 21 la

1119 2956 171 22 Taditionnelle
1311 2957 80 21 veillée
1414 2956 120 21 électorale
1556 2957 39 19 n'a
1617 2956 36 20 été

1120 2981 106 24 marquée
1248 2987 43 19 par
1312 2986 78 16 pucun
1407 2982 110 20 incident.
1537 2982 63 19 Tous
1620 2982 33 20 les

1121 3007 71 20 oartis
1208 3007 42 20 ont
1263 3006 86 25 profité
1361 3007 29 20 de
1405 3007 25 20 la
1443 3007 52 20 nuit
1511 3011 58 19 pour
1585 3006 73 20 inon-,

1120 3031 41 21 der
1176 3031 165 21 littéralement
1355 3032 34 20 le*,
1407 3036 64 16 murs
1490 3031 122 21 d'affiches
1630 3032 24 20 et

1121 3057 90 19 surtout
1228 3057 123 20 d'affiches
1369 3056 120 22 illustrées.

1146 3081 125 21 L'électeur
1287 3086 30 16 ne
1333 3082 33 20 s'v
1382 3082 76 20 arrête
1472 3081 74 21 même
1562 3081 59 25 plus.
1633 3082 21 20 Il

1122 3110 65 16 oasse
1203 3110 56 16 sans
1277 3106 33 21 les
1328 3106 55 21 voir.
1402 3107 33 20 La
1453 3108 104 22 musique
1573 3107 69 20 collec-

1123 3130 82 24 tiviste,
1225 3136 54 15 avec
1301 3131 106 21 clairons,
1426 3136 15 16 a
1462 3136 121 20 parcouru,
1605 3132 50 20 hier

1123 3156 51 21 soir,
1188 3156 34 20 les
1234 3161 53 16 rues
1302 3156 34 24 de,
1343 3157 24 20 la
1381 3157 60 28 ville,
1483 3158 6 14 '

1147 3181 136 22 Dimanche,
1297 3181 40 20 dès
1353 3182 13 20 8
1379 3182 83 21 heures
1478 3182 31 21 du
1525 3183 81 20 matin,
1620 3182 34 21 les

1124 3210 97 16 CTounes
1241 3206 148 21 stationnent
1413 3207 87 21 devant
1519 3208 34 20 les
1578 3207 73 21 écoles

1123 3231 155 21 communales
1295 3231 30 21 où
1338 3232 54 21 sont
1408 3232 82 21 établis
1506 3232 33 21 les
1553 3233 102 20 bureaux

1123 3256 27 21 de
1164 3257 51 20 vote
1229 3257 24 20 et
1266 3257 123 21 discutent.
1401 3258 52 20 Une
1466 3257 61 24 p'uie
1542 3258 100 20 diluvien-

1124 3286 28 16 ne
1165 3281 133 21 n'emri'.che
1315 3287 42 19 pas
1370 3283 229 21 l'accomr>';L**sement
1616 3283 39 20 des

1123 3306 88 20 devoirs
1224 3306 136 22 électoraux.
1374 3308 43 20 Les
1430 3307 131 22 onér?tions
1573 3313 26 16 se
1614 3308 28 21 dé-

1124 3332 88 19 roulent
1225 3332 59 20 dans
1295 3336 32 16 un
1340 3333 66 20 ordre
1418 3333 96 24 parfait.

1147 3368 65 27 LES
1230 3376 15 10 «
1257 3368 152 29 JOYEUX
1427 3370 94 27 AMIS
1535 3384 12 11 .
1567 3371 80 28 ONT

1212 3400 86 28 FAIT
1315 3402 49 26 DE
1381 3402 49 28 LA
1448 3403 129 27 BONNE

1141 3432 260 30 PROPAGANDE
1418 3436 27 26 A
1462 3436 178 27 TONGRES

1148 3471 109 23 Tongres,
1275 3472 13 19 9
1307 3473 97 20 octobre.
1422 3484 28 5 —
1466 3474 85 21 Veillée
1570 3475 72 20 électo-

1124 3495 47 21 rale
1191 3496 79 20 calme.
1293 3497 55 20 Hier
1370 3498 52 23 soir,
1445 3498 15 21 à
1482 3499 14 20 8
1515 3499 89 22 heures,
1625 3504 30 16 au

1124 3520 100 24 meetin?
1240 3521 148 22 traditionnel
1403 3528 76 18 rouïe.
1493 3524 162 24 Grand'Place,

1125 3545 31 20 les
1170 3547 104 19 orateurs
1288 3546 87 22 étalent
1391 3549 21 20 le
1428 3548 109 21 sénateur
1554 3550 100 20 Diriken.

1125 3570 20 21 le
1170 3571 119 20 conseiller
1313 3574 131 20 communal
1468 3575 89 20 Duouis
1578 3576 24 19 et
1622 3575 33 20 les

1125 3596 121 20 candidats
1260 3596 135 25 socialistes;
1412 3599 23 20 la
1450 3597 61 26 pluie
1527 3604 16 16 a
1556 3600 99 24 dispersé

1125 3620 32 21 les
1172 3621 124 20 auditeurs.

1150 3645 32 20 La
1199 3646 146 24 propagande
1363 3648 91 21 libérale
1472 3649 13 21 à
1506 3654 69 16 coups
1595 3651 49 20 d'af-

1125 3670 73 20 fiches
1214 3671 24 20 et
1250 3671 28 20 de
1293 3672 129 21 circulaires
1437 3674 59 21 ainsi
1511 3669 45 29 que"
1568 3676 24 19 la
1605 3680 38 16 sor-

1126 3695 30 21 tie
1173 3695 28 21 de
1217 3696 135 21 l'harmonie
1371 3705 9 9 <«
1397 3698 43 21 Les
1456 3699 87 21 Joveux
1556 3700 64 20 Amis
1638 3710 17 12 ..

1126 3720 117 24 composée
1264 3721 28 20 de
1311 3722 80 23 jeunes
1408 3724 123 20 musiciens
1549 3725 27 20 de
1597 3726 23 19 12
1642 3730 14 16 a

1126 3746 25 19 14
1167 3750 49 18 ans,
1232 3745 110 22 arborant
1357 3747 122 22 fièrement
1492 3750 21 20 le
1530 3750 27 20 N.
1572 3750 14 19 2
1599 3750 44 21 libé-

1126 3770 40 22 ral,
1182 3775 14 16 a
1211 3770 86 21 obtenu
1312 3776 32 16 un
1359 3773 74 23 grand
1446 3774 78 20 succès
1539 3775 28 20 de
1580 3775 64 21 curio-

1126 3795 49 21 sité.

1151 3821 32 20 Ce
1201 3821 122 21 dimanche
1341 3822 81 22 matin.
1437 3824 33 20 les
1488 3824 110 22 électeurs
1615 3829 28 17 vo-

1127 3845 50 21 tent
1186 3845 66 23 .dans
1269 3846 22 21 le
1309 3846 72 21 calme
1398 3848 93 23 parfait.

1244 3884 28 26 A
1292 3884 50 26 LA
1359 3885 181 29 LOUVIERE

1151 3920 33 21 L3
1195 3920 116 23 Louviere.
1324 3922 12 19 9
1348 3922 97 21 octobre.
1457 3934 27 5 —
1493 3925 32 19 La
1538 3925 72 22 soirée
1624 3926 27 20 de

1127 3946 86 20 samedi
1225 3950 14 15 a
1251 3946 37 20 été
1297 3946 80 20 calme.
1388 3947 42 20 Les
1441 3948 102 21 libéraux
1554 3951 42 19 ont
1607 3951 44 20 fait

1128 3973 45 16 une
1190 3970 71 22 sortie
1278 3975 31 16 en
1326 3971 111 24 musique.
1454 3972 32 20 Ils
1502 3975 42 18 ont
1560 3979 54 16 reçu
1631 3975 21 20 le

1129 3994 103 20 meilleur
1254 3995 93 20 accueil.
1371 3996 36 19 En
1430 3997 101 20 certains
1551 3999 102 20 endroits

1128 4019 109 23 pourtant
1248 4018 29 22 ils
1288 4020 42 19 ont
1341 4018 36 22 été
1387 4018 59 22 hués
1455 4024 43 19 par
1507 4020 33 22 les
1551 4022 88 21 collecti-

1129 4043 75 21 vités,
1220 4044 59 20 mais
1294 4045 52 20 tout
1362 4045 54 20 s'est
1432 4044 89 22 résumé
1536 4051 31 16 en
1582 4047 71 21 éclats

1127 4067 29 20 de
1166 4068 59 20 voix.

1155 4091 31 21 La
1204 4092 58 23 nuit,
1278 4093 107 24 quelques
1400 4093 73 21 tracts
1488 4095 42 20 ont
1545 4094 37 22 été
1598 4100 43 20 pas-

1127 4115 37 21 sés
1176 4121 54 15 sous
1243 4116 33 21 les
1289 4118 84 23 portes.

1155 4141 31 20 Ce
1203 4141 122 21 dimanche
1342 4142 82 21 matin,
1439 4142 16 20 il
1470 4143 38 20 n'y
1524 4145 62 19 avait
1602 4144 51 24 plus

1130 4168 33 17 un
1175 4165 50 20 seul
1238 4166 28 20 N.
1282 4167 11 19 1
1311 4166 122 21 (libéraux)
1450 4171 40 16 sur
1503 4167 32 21 les
1547 4173 64 17 murs
1625 4169 29 21 de

1128 4189 23 20 la
1161 4189 60 21 ville.

1150 4214 43 20 Les
1206 4214 110 22 électeurs
1329 4216 54 20 sont
1398 4215 56 21 allés
1469 4220 45 16 aux
1526 4222 70 17 urnes
1609 4218 48 21 fort

1129 4238 144 21 calmement.
1287 4240 21 20 Il
1320 4240 85 20 semble
1419 4244 42 20 que
1476 4241 61 20 leurs
1550 4242 105 24 opinions

1130 4263 77 20 soient
1224 4263 69 22 faites
1310 4269 31 16 en
1360 4265 164 21 connaissance
1539 4266 28 20 de
1586 4267 71 21 caisse

1132 4288 23 19 et
1168 4288 113 23 qu'aucun
1299 4289 94 24 battage
1413 4290 27 20 de
1448 4289 103 22 dernière
1568 4292 89 20 minute

1130 4316 29 16 ne
1169 4312 33 20 les
1212 4312 50 21 fera
1271 4313 102 25 changer
1383 4313 77 21 d'avis.

1195 4349 76 28 UNE
1288 4351 103 27 DURE
1408 4351 180 29 BAGARRE

1314 4390 28 27 A
1359 4390 108 27 LIEGE
1648 4396 18 16 •

1156 4424 73 25 Liège.
1238 4426 13 20 9
1261 4427 97 21 ectotre.
1367 4438 28 5 —
1405 4429 32 19 La
1447 4427 78 22 veillée
1535 4429 119 22 électorale

1132 4454 14 16 a
1163 4449 36 21 été
1216 4452 209 22 particulièrement
1439 4453 90 22 animée
1547 4453 15 20 à
1579 4454 74 23 Liège;

1133 4474 58 20 mais
1204 4474 24 20 la
1242 4475 60 24 pluie
1316 4476 40 24 qui
1369 4481 25 15 se
1410 4477 43 20 mit
1466 4476 14 20 â
1496 4477 88 20 tomber
1596 4479 60 19 dans

1132 4499 22 19 la
1167 4498 79 22 soirée,
1258 4500 92 20 refréna
1363 4501 99 21 l'ardeur
1473 4501 40 20 des
1526 4506 129 19 pro.zagan-

1132 4523 78 20 distes.
1230 4524 50 20 Une
1297 4525 77 20 courte
1407 4526 60 19 mais
1486 4526 56 20 dure
1561 4526 95 23 bagarre

1132 4547 76 20 éclata
1226 4551 40 18 rue
1284 4548 28 20 de
1331 4549 64 23 Selys
1415 4551 66 19 entre
1501 4550 114 20 cléricaux
1632 4554 25 17 et

1133 4572 157 20 collectivistes
1304 4573 40 24 qui
1357 4578 26 16 se
1397 4574 107 20 livraient
1519 4574 15 20 à
1550 4579 32 16 un
1599 4575 56 20 affi-

1133 4596 71 23 cLaase
1220 4596 99 21 forcené.

1158 4620 43 20 Les
1212 4621 102 20 nommés
1325 4622 86 20 Joseoh
1422 4623 85 21 Coune.
1518 4623 25 20 19
1554 4627 49 17 ans.
1614 4624 30 20 do-

1132 4644 84 20 micilié
1228 4649 40 16 rue
1281 4645 28 20 de
1320 4642 99 28 Joie,*52,
1430 4650 24 17 et
1466 4647 115 23 Alphonse
1594 4648 50 20 Pon-

1133 4668 65 23 celet.
1207 4673 42 16 rue
1260 4669 40 20 des
1310 4670 108 23 Wallons.
1429 4671 32 23 23.
1473 4671 32 20 du
1517 4672 61 23 parti
1589 4672 55 20 cléri-

1133 4693 43 23 cal,
1188 4695 43 18 ont
1244 4692 37 21 été
1294 4694 146 22 violemment
1453 4695 94 20 fraooés
1559 4695 15 20 à
1587 4700 69 19 coups

1134 4718 28 21 de
1173 4716 97 25 gourdin
1278 4718 25 19 et
1313 4720 41 18 ont
1366 4718 31 21 dû
1406 4720 100 20 recevoir
1517 4720 41 21 des
1568 4721 63 20 soins
1642 4721 14 19 à

1134 4741 111 24 l'hôpital.

1160 4765 85 24 Quand
1259 4765 23 21 la
1296 4766 71 24 police
1382 4768 81 22 arriva,
1475 4768 34 21 les
1522 4767 123 22 collectivis-

1137 4791 34 19 tes
1186 4790 93 20 avaient
1297 4790 45 24 pris
1358 4791 22 20 la
1396 4792 58 20 fuite
1467 4797 31 16 en
1513 4793 62 20 auto.

1162 4815 91 19 Durant
1268 4814 23 20 la
1303 4815 52 20 nuit
1368 4817 25 19 et
1405 4816 59 21 dans
1479 4817 22 19 la
1516 4817 100 20 matinée
1630 4817 28 20 de

1137 4839 128 20 dimanche,
1286 4838 94 21 l'ultime
1412 4840 111 21 offensive
1543 4841 40 20 des
1602 4841 45 20 affi-

1137 4864 82 19 cheurs
1237 4867 15 15 a
1266 4861 38 21 été
1321 4863 79 20 menée
1431 4868 54 16 avec
1515 4865 90 20 ardeur.
1622 4866 37 19 On

1139 4887 76 24 voyait
1230 4887 41 20 des
1285 4887 107 20 numéros
1407 4888 80 24 Jusque
1501 4893 41 16 sur
1558 4889 32 20 les
1604 4890 57 23 piles

1139 4912 40 20 des
1192 4912 76 23 ponts.
1281 4911 33 20 La
1327 4911 108 23 publicité
1448 4912 120 21 électorale
1584 4917 35 16 est
1632 4914 28 20 de

1138 4936 51 24 plus
1198 4940 31 15 en
1237 4935 53 24 plus
1298 4935 80 21 menée
1386 4935 15 20 à
1411 4936 151 21 l'américaine
1575 4942 6 15 ;
1593 4938 68 20 hem-

1140 4959 195 21 mes-sandwichs.
1350 4960 110 20 fanfares,
1476 4962 50 19 rien
1541 4962 37 19 n'a
1594 4966 56 15 man-

1140 4983 49 25 qué,
1200 4984 61 20 mals
1273 4983 33 20 les
1318 4983 101 24 Liégeois
1429 4986 54 19 sont
1496 4985 63 21 allés.
1564 4990 45 16 aux
1622 4990 28 16 ur-

1142 5013 41 16 nes
1194 5012 55 16 avec
1261 5007 81 20 calme.

1167 5032 117 21 Excellent
1296 5032 86 20 service
1398 5032 87 21 d'ordre
1500 5033 59 21 dans
1573 5034 34 20 les
1620 5034 32 20 bu-

1142 5061 71 16 reaux
1224 5056 28 20 de
1263 5056 53 20 vote
1326 5055 31 21 où
1369 5056 46 20 l'on
1426 5058 54 22 peut
1492 5058 48 20 dire
1551 5062 44 19 que
1607 5058 8 19 1
1621 5063 31 15 en-

1143 5081 155 20 combrement
1310 5079 38 21 fut
1357 5081 48 19 nuL
1416 5081 20 19 A
1447 5082 62 21 midi,
1521 5082 34 20 les
1566 5082 64 20 cafés
1640 5084 25 18 et

1144 5105 142 20 res'aurants
1298 5105 44 19 ont
1352 5104 38 21 été
1402 5105 105 23 envahis;
1521 5107 52 22 puis
1586 5106 34 20 les
1632 5106 33 20 ci-

1146 5128 76 22 taâms
1239 5130 55 19 sont
1311 5128 57 20 allés
1385 5128 64 21 faire-
1462 5129 49 20 leur
1528 5130 138 23 promenade

1144 5153 110 24 classique
1266 5157 31 16 en
1308 5152 124 21 attendant
1443 5154 32 19 les
1487 5153 114 22 résultats,
1612 5155 41 19 tan-

1145 5178 35 20 dis
1193 5181 43 20 que
1251 5177 21 20 le
1285 5178 55 19 vent
1354 5177 129 20 d'autemne
1497 5178 124 23 emportait
1634 5182 32 16 un

1145 5202 35 21 vol
1191 5201 141 21 multicolore
1342 5200 28 20 de
1380 5204 140 20 rarospectus.

1223 5232 54 28 ON
1293 5231 164 28 PREVOIT
1473 5233 28 26 A
1517 5232 83 28 HUY

1202 5270 51 28 DE
1268 5270 213 28 NOMBREUX
1497 5271 124 27 VOTES

1259 5309 49 27 DE
1324 5308 239 29 PREFERENCE

1171 5347 60 24 Huy.
1250 5347 14 19 9
1281 5346 97 21 octobre.
1398 5356 28 5 —
1443 5347 174 23 Copieusement
1635 5352 26 15 ar-

1148 5372 61 21 rosée
1229 5376 42 20 par
1292 5376 46 16 une
1360 5370 61 25 pluie
1441 5372 87 21 tenace.
1551 5372 23 20 13
1581 5371 5 6 '
1595 5372 78 20 veillée

1148 5396 118 21 électorale
1287 5396 15 20 à
1319 5396 52 24 Huy
1390 5396 54 20 s'est
1464 5396 78 24 passée
1563 5397 59 20 dans
1643 5401 31 16 un

1148 5421 71 21 calme
1236 5421 85 20 absolu.

1173 5446 48 20 Peu
1239 5445 121 21 d'affiches
1375 5446 42 20 ont
1435 5444 80 21 résisté
1533 5446 31 22 et.
1579 5450 25 16 ce
1623 5450 38 16 ma-

1149 5470 42 23 tin,
1202 5471 33 20 les
1248 5470 131 24 opérations
1390 5475 25 16 se
1425 5471 53 19 sont
1492 5470 115 21 déroulées
1620 5475 42 15 nor-

1150 5495 123 21 malement
1290 5495 24 20 et
1329 5499 55 16 avec
1401 5494 97 21 célérité.

1174 5520 22 20 A
1212 5520 67 20 noter
1294 5523 43 20 que
1355 5519 24 21 la
1396 5519 146 25 propagande
1557 5524 44 20 par
1618 5530 45 22 «jy,

1662 504 52 20 ches
1728 509 13 16 a
1756 504 54 21 cédé
1821 505 21 20 le
1855 508 41 20 pas
1910 502 15 21 à
1937 503 23 20 la
1973 505 81 20 remise
2066 505 40 21 des
2118 506 71 21 tracts

1662 529 13 20 à
1691 529 104 21 domicile
1809 531 24 19 et
1849 533 45 16 aux
1910 527 133 22 démarches
2057 532 131 22 personnel-

1663 554 37 19 'es.
1719 554 20 20 Il
1759 558 15 20 y
1791 558 56 16 aura
1867 557 54 16 sans
1939 553 68 21 doute
2024 554 118 26 beaucoup
2161 556 28 21 de

1667 579 56 19 .'otes
1742 579 27 20 de
1789 579 137 24 préférence.

1688 616 77 28 UNE
1782 616 132 28 FEMME
1931 615 67 33 QUI
2016 617 148 28 DEFEND

1710 656 74 27 SON
1802 656 96 27 MARI
1914 656 27 26 A
1963 656 185 29 VERVIERS

1687 694 109 24 Verviers,
1819 696 13 19 9
1855 694 98 21 octobre.
1974 705 24 5 —
2020 695 43 21 Les
2083 696 107 21 élections

1666 724 18 16 îe
1706 723 54 18 sont
1779 719 121 22 déroulées,
1920 719 16 20 à
1957 720 110 24 Verviers,
2089 721 59 21 dans
2169 722 21 20 le

1662 742 71 23 calme
1749 746 21 20 le
1786 745 51 24 plus
1853 744 86 21 absolu.

1687 770 45 20 .Dès
1746 771 12 19 8
1776 771 82 20 heures
1873 770 30 20 du
1921 770 81 23 matin,
2019 770 32 20 les
2068 771 122 20 différents

1662 795 100 20 bureaux
1775 796 27 20 de
1816 796 50 19 vote
1877 794 87 20 étaient
1976 795 96 20 assaillis
2085 800 43 19 par
2140 797 51 19 tous

1662 824 55 16 ieux
1730 821 39 23 qui
1783 819 135 21 semblaient
1931 820 62 20 avoir
2008 820 55 20 hâte
2078 820 51 21 d'en
2145 821 35 20 ter-

1664 845 72 20 miner
1753 849 55 17 avec
1825 845 49 20 leur
1891 844 77 20 devoir
1983 844 128 22 d'électeur.

1688 870 64 20 Dans
1769 871 23 19 la
1811 869 73 21 soirée
1904 869 29 20 de
1949 870 94 23 samedi,
2062 871 22 19 la
2104 871 87 20 section

1663 895 130 20 verviétoise
1810 895 40 20 des
1867 894 162 21 communistes
2046 895 63 20 avait
2125 900 55 19 orga-

1663 919 48 21 nisé
1726 924 33 16 un
1776 919 101 24 meeting
1892 923 29 16 en
1940 919 61 24 plein
2017 920 41 23 air,
2076 920 67 21 Place
2152 914 40 27 "du

1667 945 90 23 Martyr.
1774 944 128 21 Différents
1919 945 104 19 orateurs
2037 949 14 20 y
2065 945 88 24 prirent
2169 946 23 20 la

1665 969 74 21 oarole
1753 971 24 19 et
1787 970 23 20 la
1823 969 96 21 réunion
1932 973 25 16 se
1970 970 99 20 termina
2082 975 55 16 sans
2150 975 43 20 que

1664 994 21 21 'a
1704 995 78 24 police,
1799 999 42 19 que
1861 994 44 20 l'on
1922 994 63 20 avait
2002 995 118 21 renforcée
2136 1000 57 20 peur

1665 1019 20 20 ia
1701 1020 162 21 circonstance,
1876 1019 39 20 eut
1928 1018 15 21 à
1957 1019 132 21 intervenir.
2103 1021 38 19 Un
2157 1021 24 20 in-

1663 1044 78 21 cident
1756 1045 108 20 amusant
1880 1044 34 20 est
1930 1044 129 21 cenendant
2074 1045 15 21 à
2101 1046 93 22 retenir,

1664 1070 15 20 U
1701 1069 76 21 s'était
1794 1068 98 23 déroulé,
1913 1068 107 25 quelques
2039 1070 83 20 heures
2143 1070 51 24 plus

1667 1094 37 24 Lot,
1718 1095 59 20 dans
1793 1099 46 16 une
1855 1095 40 19 des
1910 1094 138 23 princioales
2065 1095 86 21 artères
2165 1096 27 20 de

1668 1119 22 20 la
1709 1119 53 21 ville
1790 1124 6 15 l
1819 1119 80 21 deouls
1923 1119 108 24 quelques
2056 1120 69 24 jours,
2151 1121 40 20 des

1664 1144 148 24 exemplaires
1836 1144 67 21 d'une
1928 1144 88 21 affiche
2037 1145 156 23 stigmatisant

1666 1169 182 24 '.'incompétence
1867 1168 54 21 d'un
1936 1168 95 22 échevin
2050 1170 92 20 avaient
2158 1170 35 20 été

1666 1194 130 20 Placardées
1813 1199 39 15 sur
1870 1193 122 21 différents
2009 1199 129 19 panneaux.
2157 1195 37 23 Or,

1665 1219 87 20 ■;amedl
1767 1219 81 22 matin,
1865 1223 45 16 une
1928 1218 28 21 de
1973 1224 37 16 ces
2025 1220 105 23 affiches,
2148 1220 46 20 col-

1673 1244 36 20 ées
1721 1249 39 15 sur
1773 1249 32 15 un
1820 1248 107 20 panneau
1941 1243 62 22 hissé
2014 1249 40 16 sur
2068 1249 45 16 une
2126 1244 56 21 char-

1666 1269 56 20 rette
1738 1269 15 20 à
1767 1269 59 23 bras,
1841 1269 37 20 fut
1893 1269 109 21 arrachée
2016 1274 44 18 par
2074 1270 23 20 la
2109 1270 85 20 femme

1665 1296 27 18 «le
1715 1294 110 21 l'échevin
1846 1292 53 23 visé,
1922 1293 52 26 d'oi^
1993 1294 155 21 intervention
2167 1295 27 20 de

1666 1319 22 20 ia
1703 1319 72 24 police
1790 1319 23 20 et
1829 1318 169 25 procès-verbal
2014 1319 14 21 à
2042 1320 23 20 la
2079 1319 116 25 coupable.

1750 1356 54 27 ON
1822 1356 212 28 S'ARRACHE
2052 1357 65 27 LES

1709 1388 216 28 ELECTEURS
1941 1388 28 28 A
1986 1389 174 28 TOURNAI

1690 1425 108 24 Tournai,
1814 1426 12 20 8
1844 1425 98 21 octobre.
1958 1437 28 5 —
2001 1427 99 23 Samedi,
2118 1426 78 21 veillée

1665 1451 40 21 des
1723 1455 74 16 armes
1808 1451 5 19 !
1830 1451 33 20 La
1879 1450 72 21 soirée
1969 1452 35 20 est
2017 1452 179 23 mouvementée,

1666 1476 86 23 malgré
1770 1476 23 20 la
1809 1476 68 23 pluie.
1894 1476 43 20 Les
1955 1477 189 24 propagandistes
2159 1477 26 20 af-

1666 1501 70 20 fairés
1760 1501 52 20 font
1833 1501 60 20 leurs
1918 1500 114 22 dernières
2056 1502 141 23 démarches,

1666 1526 76 20 tandis
1756 1530 43 19 que
1815 1526 33 20 les
1864 1525 127 22 afficheurs
2004 1527 63 23 vont,
2080 1527 117 24 viennent,

1666 1555 23 16 se
1707 1550 137 25 précipitent
1862 1555 58 19 pour
1934 1550 25 21 se
1977 1551 103 25 disputer
2094 1553 33 20 les
2145 1552 39 24 pla-

1666 1576 72 20 cards.
1760 1576 42 20 Les
1824 1575 98 21 affiches
1944 1576 112 21 illustrées
2079 1575 49 23 des'
2140 1577 45 21 libé-

1666 1605 56 16 raux
1740 1601 135 20 obtiennent
1895 1601 73 23 grand
1984 1601 85 21 succès.

1691 1626 135 22 Dlmanche,
1843 1625 39 21 dès
1896 1625 13 20 7
1926 1626 81 21 heures
2021 1627 31 20 du
2069 1627 81 23 matin,
2164 1627 32 21 les

1666 1650 80 24 jeunes
1760 1650 81 24 gardes
1854 1651 66 23 sont.
1922 1655 29 16 en
1965 1651 65 21 route
2044 1656 42 20 par
2099 1653 24 20 la
2136 1652 60 25 pluie

1666 1676 114 20 battante.
1800 1676 43 20 Les
1863 1676 66 20 autos
1946 1676 126 21 sillonnent
2094 1678 33 20 les
2145 1682 52 16 rues

1665 1705 29 15 en
1709 1700 73 24 grand
1799 1701 94 20 nombre
1910 1701 24 19 et
1950 1701 28 20 de
1995 1701 52 21 tous
2060 1702 69 20 côtés.

1692 1725 42 21 Les
1755 1726 126 20 nombreux
1905 1725 111 25 hospices,
2041 1726 111 25 hôpitaux
2173 1727 25 21 et

1666 1751 101 20 malsons
1791 1750 28 21 de
1843 1750 79 24 refuge
1943 1753 54 19 sont
2020 1752 48 23 pris
2089 1752 108 21 d'assaut.

1667 1775 59 21 C'est
1741 1776 15 20 à
1773 1777 39 23 qui
1829 1776 135 23 emportera,
1980 1781 51 16 vers
2045 1778 34 19 les
2095 1777 102 21 bureaux

1667 1800 26 21 de
1713 1801 59 23 vote,
1797 1800 114 21 vieillards
1933 1801 24 20 et
1981 1801 125 24 impotents
2130 1803 67 24 qu'on

1667 1825 53 20 veut
1735 1830 85 19 gagner
1835 1825 14 20 à
1862 1825 47 21 l'un
1924 1830 30 16 ou
1966 1826 81 21 l'autre
2062 1827 41 21 des
2117 1828 80 24 partis.

1690 1850 43 21 Les
1751 1850 114 21 cléricaux
1880 1850 111 21 excellent
2008 1851 58 21 dans
2084 1857 26 16 ce
2128 1857 68 19 genre

1667 1875 27 21 de
1710 1877 72 22 sport.
1802 1876 31 20 Ils
1853 1876 42 20 ont
1911 1875 62 21 leurs
1993 1876 97 24 grandes
2108 1877 89 21 entrées

1667 1900 57 21 dans
1741 1901 76 20 toutes
1832 1901 34 20 les
1879 1900 101 21 maisons
1997 1901 96 25 dirigées
2106 1907 43 20 par
2164 1903 33 20 les

1667 1925 135 24 religieuses.

1691 1951 43 20 Les
1758 1950 109 21 électeurs
1887 1955 25 16 se
1934 1950 100 22 rendent
2057 1956 45 17 aux
2122 1956 75 19 urnes,

1667 1975 141 24 Impassioles
1822 1976 25 20 et
1859 1975 101 23 discrets,
1975 1980 53 17 sous
2040 1977 100 21 l'averse.
2155 1978 43 20 Les

1667 2001 126 23 pronostics
1812 2001 55 20 sont
1883 2000 116 23 difficiles.
2019 2001 82 21 L'urne
2118 2007 30 16 ne
2169 2003 16 20 li-

1667 2030 64 16 vrera
1748 2030 42 15 son
1806 2025 77 21 secret
1896 2030 44 19 que
1954 2026 21 20 le
1991 2027 53 22 soir,
2061 2031 63 16 assez
2138 2027 60 20 tard.

1691 2050 21 20 Il
1726 2055 15 19 y
1755 2055 14 15 a
1781 2051 76 20 trente
1871 2050 102 21 bureaux
1985 2051 27 20 de
2025 2052 59 23 vote,
2098 2051 15 21 à
2124 2052 61 20 Tour-

1667 2075 45 23 nai,
1728 2075 39 24 qui
1780 2076 90 20 comote
1886 2074 51 21 dus
1951 2074 28 21 de
1995 2076 70 20 24.000
2081 2076 117 22 électeurs.

1804 2107 54 26 AU
1878 2107 181 27 LITTORAL

1694 2143 109 23 Ostende,
1821 2144 13 19 9
1851 2144 99 22 octobre.
1967 2154 28 5 —
2012 2145 42 20 Les
2072 2145 124 21 Ostendals

1667 2169 55 19 vont
1734 2172 45 16 aux
1790 2172 70 16 urnes
1871 2172 55 16 sous
1938 2172 45 16 une
1996 2169 84 21 drache
2094 2170 39 23 qui
2145 2170 36 20 cal-

1669 2197 36 16 me
1726 2192 95 24 quelque
1843 2197 45 19 peu
1908 2192 98 22 l'ardeur
2028 2193 40 21 des
2089 2194 107 24 journées

1667 2216 109 21 écoulées.

1694 2242 44 20 Les
1752 2246 64 17 murs
1828 2242 54 20 sont
1894 2238 98 25 bariolés
2006 2242 28 21 de
2048 2242 109 21 numéros
2172 2243 25 20 et

1669 2266 122 21 d'affiches
1806 2266 160 21 multicolores.
1982 2266 113 21 Libéraux
2109 2268 25 20 et
2149 2266 35 21 clé-

1671 2291 77 20 ricaux
1767 2291 53 20 font
1839 2295 33 16 un
1888 2290 73 21 effort
1977 2290 106 25 suprême
2102 2291 24 21 et
2145 2291 52 21 font

1670 2315 122 22 distribuer
1810 2316 40 20 des
1868 2315 95 21 milliers
1980 2315 28 21 de
2026 2316 78 22 tracts,
2119 2316 78 20 tandis

1670 2344 42 19 que
1730 2340 40 21 des
1790 2339 100 21 affiches
1910 2339 125 22 soi-disant
2053 2339 144 21 révélatrices

1685 2365 115 20 arnissent
1813 2365 32 20 les
1857 2368 71 16 murs.

1695 2389 38 20 On
1747 2394 29 15 ne
1788 2388 88 25 signale
1886 2393 44 19 *pas
1941 2387 22 22 le
1973 2388 105 22 moindre
2092 2389 105 20 accident

1669 2418 40 17 sur
1722 2415 52 19 tout
1786 2414 21 20 le
1818 2413 96 21 littoral.

1695 2439 77 19 Avant
1784 2442 86 20 guerre,
1881 2437 101 21 Ostende
1993 2437 58 21 était
2063 2437 14 21 à
2087 2437 60 21 cette
2158 2442 26 16 oc-

1670 2463 79 20 casion
1766 2464 22 19 le
1807 2462 92 21 théâtre
1920 2462 29 22 de
1967 2462 104 21 combats
2091 2462 107 24 quelques

1672 2487 43 21 fois
1730 2487 103 23 mortels;
1850 2487 33 20 les
1900 2486 75 24 temps
1983 2487 49 20 -ont
2047 2486 96 24 changé.

1696 2513 39 19 On
1747 2512 64 24 parle
1823 2516 31 16 en
1867 2511 53 20 ville
1934 2511 67 20 d'une
2014 2511 72 20 union
2100 2510 97 24 possible

1670 2538 66 19 entre
1753 2536 114 20 cléricaux
1882 2537 25 18 et
1923 2535 164 21 collectivistes,
2104 2535 59 20 dans
2177 2535 21 20 le

1671 2561 42 21 but
1733 2561 28 20 de
1781 2560 91 24 déloger
1892 2559 33 21 les
1943 2559 104 21 libéraux
2064 2559 32 21 du
2114 2559 84 24 collège

1671 2585 125 21 échevinal.

1697 2611 33 20 La
1750 2609 105 25 question
1872 2608 108 25 épineuse
1997 2608 107 21 resterait
2122 2608 63 20 toute-

1671 2635 45 21 fois
1724 2635 22 20 le
1757 2634 91 21 subside
1859 2634 28 20 de
1898 2633 70 23 82,000
1979 2633 80 20 francs
2070 2637 45 16 aux
2125 2631 73 22 écoles

1672 2664 42 20 que
1730 2660 34 20 les
1779 2658 113 21 cléricaux
1906 2658 138 20 voudraiont
2057 2657 50 21 voir
2122 2657 64 24 majo-

1671 2689 44 16 rer.

1849 2713 27 29 A
1888 2714 141 27 BRUGES

1688 2754 104 23 "Bruges,
1806 2753 12 20 9
1830 2751 92 21 octobre
1939 2761 25 5 —
1976 2751 32 20 La
2021 2750 61 23 pluie
2094 2749 54 22 s'est
2159 2749 32 21 mi-

1673 2783 24 16 se
1719 2778 15 21 à
1754 2777 96 22 tomber,
1869 2781 56 16 sans
1942 2775 161 24 interruption,
2124 2775 80 24 depuis

1673 2804 57 22 hier,
1745 2803 54 24 cinq
1813 2803 83 19 heures
1909 2800 30 22 dé
1952 2800 159 24 l'après-midi.
2126 2800 48 21 Bile
2190 2805 15 15 a

1674 2828 75 21 calmé
1769 2827 100 21 l'ardeur
1892 2826 28 21 de
1941 2826 25 21 la
1989 2825 103 21 dernière
2109 2825 96 21 minute.

1675 2854 50 19 Une
1739 2853 60 20 lutte
1818 2852 28 20 de
1861 2851 106 26 placards
1985 2851 24 20 et
2028 2850 28 21 de
2074 2850 79 22 tracts,
2170 2849 35 21 s'il

1674 2879 54 20 faut
1748 2882 30 16 en
1801 2877 67 24 juger
1881 2878 51 22 'par
1952 2875 87 21 l'effort
2062 2874 95 25 déployé
2175 2879 30 16 au

1674 2903 98 21 courant
1785 2902 28 21 de
1827 2902 23 20 la
1863 2901 109 22 semaine,
1983 2900 147 23 s'annonçait
2142 2904 51 16 com-

1675 2933 36 15 me
1729 2927 88 21 devant
1845 2926 48 20 être
1923 2924 211 25 particulièrement
2151 2924 55 24 âpre

1675 2954 65 19 entre
1759 2952 33 20 les
1810 2955 97 21 groupes
1921 2951 40 20 des
1979 2950 115 21 cléricaux
2108 2949 98 21 officiels

1675 2979 24 20 et
1713 2977 34 22 les
1761 2977 114 21 cléricaux
1889 2976 130 20 dissidents.

1701 3004 48 19 Des
1765 3002 60 20 deux
1845 3001 70 22 côtés,
1931 3001 98 23 l'argent
2048 3000 40 21 n'a
2108 3004 43 21 pas
2170 2999 37 21 été

1677 3028 103 24 ménagé.

1701 3053 34 20 La
1754 3052 100 25 position
1873 3051 27 21 de
1916 3051 79 20 l'hôtel
2013 3050 28 21 de
2056 3050 60 23 ville,
2133 3049 73 21 vieille

1676 3078 28 20 de
1718 3077 51 25 plus
1784 3077 28 21 de
1825 3076 124 24 cinquante
1964 3080 50 18 ans,
2027 3075 63 21 subit
2103 3079 33 16 un
2150 3074 56 20 rude

1676 3104 86 21 assaut,
1773 3101 83 25 auquel
1865 3101 46 21 ont'
1917 3101 47 24 pris
1974 3102 59 23 part,
2044 3104 55 16 avec
2110 3099 98 24 énergie,

1676 3128 33 20 les
1725 3127 160 21 collectivistes
1899 3128 25 18 et
1936 3130 43 16 nos
1996 3126 59 20 amis
2069 3124 109 22 libéraux.

1702 3153 44 20 Les
1762 3152 133 24 opérations
1910 3151 29 20 de
1956 3151 52 20 vote
2024 3155 26 15 se
2066 3150 55 20 sont
2137 3153 58 20 pour-

1676 3178 83 20 suivies
1773 3182 56 15 sans
1844 3176 131 23 encombre;
1993 3176 33 20 les
2039 3175 111 21 électeurs
2166 3177 40 18 ont

1677 3203 55 21 hâte
1746 3201 146 22 d'accorrro'ir
1907 3201 51 20 leur
1973 3200 78 20 devoir
2065 3200 28 20 de
2111 3199 96 24 citoyen.

1809 3234 28 26 A
1850 3232 229 28 AUDENARDE

1703 3271 144 22 Audenarde.
1861 3271 12 19 9
1887 3269 98 22 octobre.
1997 3280 27 4 —
2034 3269 33 20 La
2081 3272 126 21 campagne

1678 3297 122 20 d'affiches
1819 3299 25 17 et
1865 3295 28 21 de
1913 3294 131 25 pamphlets
2061 3298 15 16 a
2096 3293 44 24 été,
2158 3293 38 24 jus-

1677 3322 68 24 qu'au
1760 3321 91 21 dernier
1879 3322 109 21 moment,
2003 3319 68 20 d'une
2099 3318 109 22 intensité

1677 3346 188 21 extraordinaire.
1877 3345 61 20 C'est
1964 3344 24 20 la
2008 3343 60 21 lutte
2089 3343 118 21 fratricide

1678 3373 65 19 entre
1757 3371 33 21 les
1801 3371 60 20 deux
1872 3370 64 21 listes
1950 3368 148 24 catholiques.
2112 3369 34 20 De
2158 3368 37 21 mé-

1678 3397 70 20 moire
1763 3396 86 20 d'Aude
1851 3399 43 17 nar
1895 3394 56 25 dais,
1961 3394 85 24 jamais
2060 3393 24 21 la
2098 3393 58 21 lutte
2170 3393 37 21 fut

1678 3422 20 20 si
1714 3422 97 20 intense.

1703 3447 51 19 Une
1772 3446 40 21 des
1829 3444 115 22 dernières
1960 3443 100 22 affiches
2074 3443 40 21 des
2130 3443 66 21 natio-

1677 3471 95 21 nalistes
1790 3471 99 20 (Patria)
1901 3469 121 22 «.dénonce
2050 3468 158 21 ouvertement

1678 3496 33 21 les
1723 3496 146 24 corrupteurs
1884 3494 28 21 de
1926 3494 23 21 la
1961 3494 52 21 liste
2029 3493 32 21 du
2075 3494 121 23 bourgmes-

1679 3522 42 20 tre.

1704 3547 65 19 Dans
1786 3545 33 21 les
1837 3545 103 21 bureaux
1957 3544 28 21 de
2004 3544 70 23 votes,
2091 3547 42 21 pas
2148 3543 47 21 d'in-

1678 3570 84 21 cident.

1704 3596 37 20 On
1767 3601 59 15 nous
1852 3594 87 24 signale
1964 3594 70 24 qu'un
2060 3593 47 22 très
2123 3611 4 3 .
2134 3593 73 24 grand

1677 3620 94 21 nombre
1799 3620 132 21 d'électeurs
1959 3618 133 21 n'habitant
2119 3618 52 24 plus
2185 3618 22 20 la

1678 3645 52 20 ville
1743 3646 65 20 n'ont
1821 3649 43 20 pas
1876 3644 37 21 été
1926 3643 95 21 touenés
2033 3648 43 20 par
2089 3643 49 20 leur
2152 3647 43 16 con-

1678 3670 112 20 vocation.
1809 3670 68 23 Mais,
1892 3673 26 16 ce
1937 3669 39 23 qui
1993 3669 36 20 est
2044 3668 119 24 singulier,
2182 3672 25 16 ce

1678 3695 53 20 sont
1741 3695 133 23 justement,
1885 3695 24 19 et
1920 3697 95 20 presque
2027 3694 58 23 tous,
2097 3693 39 20 des
2148 3693 47 21 élec-

1678 3721 63 19 teurs
1755 3719 171 21 anticléricaux.

1849 3751 30 27 A
1899 3750 137 27 RENADC

1703 3788 96 23 Renaix,
1812 3788 13 20 9
1838 3787 98 21 octobre.
1948 3797 28 5 —
1988 3789 20 18 A
2018 3786 97 24 Renaix,
2127 3786 80 25 depuis

1678 3812 52 25 cinq
1744 3813 70 24 jours,
1827 3813 53 24 plus
1892 3816 45 16 une
1948 3812 66 24 place
2028 3811 126 25 disponible
2168 3815 40 16 sur

1677 3841 33 16 un
1723 3842 61 19 mur;
1801 3838 29 20 ils
1843 3838 53 19 sont
1907 3837 52 20 tous
1973 3837 93 24 remplis
2080 3831 22 26 df
2102 3836 105 21 affiches.

1703 3862 40 20 Ici.
1750 3863 55 20 c'est
1817 3863 23 19 la
1852 3862 58 20 lutte
1921 3865 64 16 entre
1999 3862 21 20 le
2035 3870 9 8 -
2052 3860 157 24 Volksbond*,

1678 3889 151 22 groupement
1843 3886 163 24 Vindevcghel,
2020 3887 24 20 et
2059 3886 33 21 les
2107 3885 89 21 collecti-

1679 3911 75 21 vistes.
1765 3912 93 20 Samedi
1870 3911 57 23 soir,"
1936 3915 44 21 un.
1981 3911 74 24 grand
2061 3912 96 22 -cortsge
2170 3914 27 16 so-

1678 3936 88 21 cialiste
1780 3941 14 16 a
1811 3940 120 21 p?j-couru.
1946 3932 89 28 malgré
2051 3936 23 20 la
2090 3936 69 24 pluie,
2175 3935 33 20 les

1678 3961 91 21 rues.de
1781 3962 23 20 la
1817 3962 60 20 ville,
1887 3961 23 20 n
1919 3961 58 20 était
1991 3961 46 20 très
2049 3961 134 20 nombreux.

1777 3992 130 28 ARLON
1928 3992 185 27 S'ATTEND

1676 4024 28 28 A
1721 4024 77 28 UNE
1816 4024 166 28 POUSSEE
1999 4025 28 27 A
2049 4024 160 28 GAUCHE

1702 4062 77 23 Arlon,
1798 4063 13 19 9
1833 4062 98 21 octobre.
1950 4072 28 5 —
1995 4063 67 20 Cette
2083 4061 81 24 année,
2185 4061 23 21 la

1678 4087 57 21 lutte
1753 4087 120 21 électorale
1890 4092 15 15 a
1925 4086 36 21 été
1978 4088 67 20 d'une
2065 4087 84 21 ardeur
2168 4091 28 16 ex-

1678 4112 150 24 ceptionnelle
1852 4117 30 16 en
1904 4112 79 20 raison
2003 4112 40 20 des
2066 4112 142 24 prétentions

1678 4138 39 19 des
1735 4137 113 20 cléricaux
1866 4136 23 22 et
1906 4136 28 21 de
1951 4137 61 20 leurs
2026 4132 157 29 agiissments.
2197 4154 13 5 _

1703 4162 94 20 Samedi
1816 4162 54 23 soir,
1890 4162 17 19 il
1923 4161 92 23 régnait
2035 4166 30 16 au
2086 4163 77 19 centre
2181 4161 28 20 de

1679 4186 23 20 la
1726 4186 53 22 ville
1800 4191 46 16 une
1869 4186 128 21 animation
2022 4186 187 22 extraordinaire,

1679 4211 32 20 les
1729 4212 56 19 trois
1806 4209 73 26 parîis
1900 4211 86 20 devant
2003 4212 61 20 tenir
2086 4211 40 21 des
2147 4215 49 16 mee-

1680 4236 60 23 tings
1755 4236 16 20 â
1786 4237 74 24 partir
1873 4236 31 20 de
1916 4235 14 20 7
1946 4235 89 21 heures.

1704 4260 112 21 Libéraux
1829 4266 24 15 et
1864 4260 158 22 co!2^ctivis;es
2035 4261 42 20 ont
2090 4260 76 21 donne
2177 4260 33 21 les

1680 4286 59 20 leurs
1758 4290 41 16 rae
1819 4286 28 20 de
1864 4286 23 20 la
1906 4285 53 20 Port
1963 4290 10 15 b
1992 4286 84 22 Neuve,
2092 4285 75 25 parmi
2186 4284 23 21 la

1684 4310 81 21 n-ande
1780 4311 62 20 foule
1857 4311 32 20 du
1904 4310 109 23 quartier;
2029 4312 52 19 tous
2094 4311 60 20 deux
2169 4310 41 20 ont

1680 4335 93 20 obtenu-
1783 4340 33 15 un
1838 4336 69 19 franc
1927 4335 85 22 succès,
2031 4335 106 21 d'autant
2159 4335 51 24 plus

1684 4360 49 22 yu'il
1749 4360 85 20 souffle
1849 4364 33 16 un
1898 4363 55 16 venï
1970 4360 141 20 anticlérical
2126 4360 24 20 et
2166 4364 42 19 qut

1680 4384 102 22 libéraux
1807 4389 24 16 et
1855 4384 158 21 collectivistes
2033 4383 114 22 semblent
2169 4384 28 21 dé-

1680 4409 60 20 cidés
1754 4410 15 20 à
1780 4410 131 19 s'entendre
1924 4413 57 19 pour
1994 4410 86 19 former
2091 4410 50 19 bloc
2155 4414 43 15 con-

1680 4436 34 18 tre
1737 4434 61 20 leurs
1817 4433 140 21 adversaires
1980 4435 47 20 mzï
2047 4433 162 21 intentionnés.

1705 4460 21 18 A
1744 4460 75 19 l'issue
1840 4459 28 20 de
1884 4459 50 20 leur
1953 4459 108 24 meeting,
2078 4460 33 19 l^s
2128 4458 81 22 coHec-

1681 4483 94 23 *ïvistrs,
1790 4484 103 23 musique
1910 4487 30 16 en
1955 4482 48 22 tète
2016 4486 24 19 et
2056 4484 70 20 suivis
2142 4484 67 20 d'une

1681 4508 60 20 toule
1757 4509 117 22 immense,
1889 4508 54 20 sont
1956 4508 56 20 allés
2027 4513 43 19 par
2082 4509 23 19 la
2120 4509 53 20 ville
2186 4509 23 20 et

1681 4534 144 19 aotamment
1841 4532 91 28 devant^
1943 4532 22 20 le
1980 4533 71 24 cerc}e
2069 4533 98 20 clérical.

1705 4558 20 19 Il
1741 4558 49 19 s'en
1807 4558 35 20 est
1855 4557 59 20 fallu
1920 4556 38 21 -tie
1974 4561 45 20 peu
2035 4558 68 24 qu'on
2117 4562 30 16 ne
2164 4557 45 25 prit

1682 4581 99 21 d'assaut
1795 4583 24 20 la
1836 4582 56 20 saile
1907 4581 28 20 de
1953 4582 23 20 la
1993 4582 92 20 Maison
2101 4582 41 21 des
2159 4587 38 15 œu-

1680 4610 50 17 vres
1746 4607 65 21 mais,
1820 4611 45 16 'sur
1879 4606 80 20 l'ordre
1970 4607 46 20 .des
2032 4608 102 23 citoyens
2151 4607 47 20 Gof-

1682 4631 54 20 faux
1752 4633 24 19 et
1791 4633 34 19 De
1838 4631 99 21 Hulster,
1953 4635 30 16 on
1997 4636 26 16 se
2038 4632 73 20 bema
2126 4631 20 20 à-
2157 4631 51 20 exé-

1681 4658 64 18 -uter
1762 4655 198 21 l'Internationale
1976 4657 24 20 et
2018 4656 16 21 à
2048 4657 90 20 rentrer
2156 4656 15 21 à
2187 4656 23 20 la

1684 4681 87 20 -Vlaïson
1787 4681 32 20 du
1833 4680 92 24 Peuple.

1686 4714 4 3 ■
1706 4705 37 20 Dn
1761 4705 51 21 côté
1829 4703 87 24 libéral,
1930 4704 58 20 MM.
2006 4705 87 21 Reuter
2111 4706 23 20 et
2149 4706 60 19 Len-

1682 4733 38 19 ger
1735 4728 81 22 eurent
1828 4730 73 23 grand
1915 4729 84 22 succès,
2011 4730 87 24 malgré
2113 4731 23 20 la
2149 4730 61 24 pluie

1688 4754 31 24 iui
1734 4758 30 16 ne
1779 4755 83 19 cessait
1874 4754 29 20 de
1917 4754 96 20 tomber.

1707 4779 31 20 Ce
1751 4778 122 22 dimanche
1885 4779 75 20 matin
1972 4781 34 18 est
2018 4779 46 21 très
2074 4780 80 20 calme.
2165 4779 46 21 Dès

1684 4803 49 20 huit
1747 4803 89 22 heurts,
1851 4804 25 19 la
1888 4803 62 20 fouie
1966 4804 95 20 arrivait
2077 4809 46 15 aux
2136 4809 82 15 urnes.*

1707 4829 31 19 Ije
1755 4828 76 24 public
1846 4828 129 20 commenta
1992 4830 85 18 surto'-
2074 4830 6 9 1
2079 4834 4 12 :
2097 4829 102 23 ironique-

1687 4853 60 19 ment
1770 4852 103 21 l'arrivée
1896 4852 54 20 d'un
1975 4856 83 22 groupe
2082 4853 28 20 de
2133 4854 79 19 Sœurs

1685 4876 114 24 Claristes,
1819 4881 97 20 pauvres
1931 4876 100 22 recluses
2050 4879 39 23 qui
2106 4883 29 15 ne
2156 4882 44 19 peu-

1687 4902 53 19 vent
1758 4906 43 19 pas
1816 4906 25 16 se
1861 4901 82 20 rendre
1960 4906 31 16 au
2007 4902 82 21 chevet
2108 4903 27 20 de
2153 4903 60 20 leurs

1692 4927 87 19 îarents
1793 4926 14 20 à
1821 4927 23 19 la
1857 4926 61 20 mort
1932 4926 25 20 et
1969 4927 39 24 qui
2021 4928 89 20 sortent
2124 4927 28 21 de
2164 4927 49 20 leur

1686 4950 79 21 •:lcitre
1777 4955 58 19 pour
1844 4951 71 20 voter.

1712 4976 32 19 Ce
1765 4975 60 20 n'est
1842 4980 44 19 que
1908 4979 50 16 vers
1977 4975 14 20 7
2012 4976 83 21 heures
2116 4976 32 20 du
2169 4976 45 20 soir

1688 5000 65 20 Tu'on
1770 5004 70 15 saura
1855 5000 34 20 les
1903 4999 116 21 résultats.
2035 5002 38 19 On
2086 5000 101 21 s'attend
2201 5000 14 20 à

1693 5029 39 16 me
1747 5024 60 21 forte
1820 5024 94 24 poussée
1928 5028 51 16 vers
1990 5026 33 19 î-s
2038 5026 59 20 deux
2110 5026 105 24 gauches.

1877 5055 29 25 A
1922 5054 107 27 CINEY

1717 5091 94 23 Namur,
1824 5091 13 20 9
1848 5091 99 20 octobre.
1957 5101 27 5 —
1997 5093 20 19 A
2029 5093 78 23 Clney,
2120 5093 34 21 Itîs
2166 5093 35 20 col-

1691 5115 122 21 lectivistes
1824 5115 128 23 ontrflonné
1966 5120 32 16 un
2011 5117 91 20 dernier
2114 5117 100 22 meeting

1692 5143 40 16 sur
1745 5140 23 19 la
1782 5139 161 20 Grand'Place.
1957 5140 87 20 samedi
2057 5141 56 22 soir;
2130 5141 86 20 malgré

1693 5163 22 20 la
1730 5163 61 24 pluie
1806 5163 144 25 persistante,
1964 5164 17 21 il
1996 5168 15 19 y
2023 5165 63 20 avait
2099 5165 69 20 foule.
2182 5165 33 20 La

1693 5187 95 21 réunion
1799 5188 38 19 fut
1848 5188 171 21 mouvementée
2034 5193 6 15 :

1716 5211 72 23 Après
1802 5211 111 24 plusieurs
1926 5212 80 22 appels
2020 5212 14 20 à
2047 5212 24 20 la
2085 5212 118 21 contradic-

1693 5235 56 23 tion,
1766 5235 193 24 l'ex-peraiansîit
1975 5236 41 20 des
2034 5236 182 24 métallurgistes.

1695 5259 97 23 Roland,
1809 5260 65 20 exclu
1895 5259 31 19 du
1946 5260 59 19 -arti
2024 5260 154 22 collectiviste,
2192 5264 24 16 se

1696 5283 106 24 présenta
1818 5283 16 20 à
1850 5284 25 19 la.
1890 5282 98 23 tribune,
2004 5284 59 21 mais
2080 5289 30 15 ns
2124 5284 93 24 parvint

1695 5312 41 17 pas
1747 5308 15 20 à
1773 5312 25 16 se
1811 5307 59 20 faire
1883 5307 118 20 cnrer.dre.
2011 5308 30 21 Le
2053 5308 77 22 public
2141 5309 33 20 lui
2186 5308 30 20 fit

1695 5336 45 17 une
1754 5331 106 21 conduite
1874 5331 29 19 de
1916 5330 114 22 Grenoble
2041 5333 26 20 et
2080 5333 54 19 c'est
2146 5336 58 16 enca-

1695 5355 40 21 dré
1746 5360 44 19 par
1801 5355 33 20 les
1844 5353 135 25 gendarmes
1989 5356 54 23 qu'il
2052 5361 25 15 se
2088 5356 89 23 réfugia
2186 5360 31 15 au

1695 5379 56 20 Iceal
1761 5380 40 19 dzs
1811 5378 199 24 démo-chrétiens,
2016 5384 40 15 rue
2063 5380 40 20 d:s
2110 5380 108 21 Chauves.

1720 5404 32 19 La
1774 5403 52 21 nuit
1845 5403 56 20 s'est
1920 5402 79 23 passée
2020 5408 57 16 sans
2097 5404 120 20 incidents,

1693 5427 69 20 sinon
1771 5427 24 20 la
1805 5425 170 22 traditionnelle
1985 5426 93 21 ba'aille
2090 5427 127 20 d'affiehes.

1720 5451 31 20 Le
1762 5451 81 22 matin,
1854 5454 27 17 ce
1891 5449 38 20 fut
1940 5449 21 20 le
1972 5451 140 21 va-et-vient
2123 5451 40 20 des
2173 5455 31 16 au-

1695 5475 35 20 tos
1741 5475 160 23 transportant
1911 5477 45 16 aux
1967 5473 101 21 bureaux
2078 5474 28 20 de
2116 5476 51 19 vote
2178 5475 25 20 in-

1695 5498 80 21 firmes
1794 5499 24 19 et
1835 5498 125 23 impotents
1979 5497 28 21 de
2025 5498 113 24 l'hospice,
2158 5498 59 21 ainsi

1695 5526 42 21 que
1747 5522 34 20 les
1790 5525 75 17 sœurs
1875 5521 41 21 des
1925 5522 115 20 couvents.

2293 399 81 39 EN
2399 399 253 38 ALSACE

2254 485 38 31 LE
2310 478 174 38 PRÉSIDENT
2504 485 45 31 DU
2568 485 129 31 CONSEIL

2233 531 73 30 FAIT
2326 532 101 30 APPEL
2445 531 22 30 A
2487 531 39 30 LA
2547 530 170 32 CONCORDE

2370 577 59 31 DES
2449 576 135 31 PEUPLES

2764 262 81 47 EN
2881 259 405 49 ATTENDANT

2834 329 111 49 LES
2977 329 240 47 ASSISES

2828 429 64 31 GUY
2916 428 111 31 DAVIN.
3049 427 172 32 L'ASSASSIN

2866 474 43 30 DE
2928 473 144 31 RICHARD
3091 473 90 30 WALL

2790 519 96 31 PASSE
2906 519 39 30 EN
2966 517 296 32 CORRECTIONNELLE

2212 650 15 12 «
2238 647 82 31 NOUS
2340 649 145 31 VOULONS
2499 649 58 31 DES
2571 649 169 34 ENTENTES,

2212 692 77 31 MAIS
2308 687 157 40 SINCÈRES,
2481 694 78 31 MAIS
2578 694 139 31 LOYALES
2728 702 10 12 •

2236 754 92 25 Kembs,
2338 757 12 19 9
2361 757 96 20 octobre.
2468 768 27 5 —
2504 758 38 20 Un
2552 758 73 24 grand
2635 757 100 24 banquet

2215 782 13 16 a
2242 778 72 21 réuni,
2329 780 14 20 à
2358 781 91 21 Kembs.
2465 783 31 19 M.
2511 782 96 23 Lebrun,
2621 782 116 24 président

2214 803 28 22 de
2258 803 23 19 la
2295 804 149 26 République;
2461 807 31 19 M.
2507 807 98 23 Herriot,
2621 806 116 24 président

2214 827 30 20 du
2258 828 96 24 Conseil,
2369 830 23 20 et
2407 830 27 20 de
2450 831 146 20 nombreuses
2611 836 113 19 personna-

2215 851 50 21 ges
2280 856 71 17 venus
2363 854 78 20 visiter
2455 855 79 21 l'usine
2549 856 28 20 de
2592 856 93 20 Kembs.

2239 875 89 22 L'usine
2342 877 206 27 hydro-électrique
2563 880 27 21 de
2603 880 87 21 Kembs
2702 882 36 19 est

2215 899 22 20 la
2254 901 109 23 première
2382 903 40 20 des
2440 903 52 21 huit
2511 905 98 20 stations
2628 905 28 20 de
2676 905 61 20 force

2215 925 80 20 motric
2314 927 38 23 qui
2372 927 146 23 jalonneront
2537 929 21 20 le
2579 929 73 23 grand
2671 929 67 20 canal

2216 948 107 25 d'Alsace,
2342 950 82 22 latéral
2444 956 31 17 au
2493 953 69 20 Rhin.
2578 953 39 21 Un
2636 953 102 24 barrage,

2214 974 59 20 situe
2283 974 15 20 à
2307 975 13 19 6
2330 974 137 25 kilomètres,
2477 982 30 15 en
2517 982 81 16 amant
2608 978 27 20 de
2645 978 93 21 Kembs.

2215 1002 39 15 sur
2266 999 21 19 le
2300 998 70 23 Rhin,
2382 1004 14 15 a
2409 1000 72 21 relevé
2494 1002 20 20 le
2526 1002 83 21 niveau
2619 1002 32 21 du
2662 1003 75 20 fleuve

2216 1023 116 20 d'environ
2347 1025 51 22 sept
2411 1024 91 21 mètres.

2242 1047 64 20 Dans
2320 1052 33 15 un
2367 1048 101 21 discours
2481 1050 53 23 qu'il
2547 1054 14 17 a
2573 1051 121 24 prononcé,
2708 1052 30 19 M.

2217 1071 97 26 Herriot,
2332 1072 116 24 président
2467 1074 32 20 du
2517 1074 97 23 Conseil,
2634 1080 14 15 a
2667 1076 72 20 rendu

2217 1095 120 24 hommage
2357 1100 45 16 aux
2420 1097 115 21 laborieux
2552 1099 39 21 fils
2605 1100 25 20 et
2645 1101 95 19 savants

2216 1120 28 21 de
2259 1120 101 23 l'Alsace,
2373 1120 65 24 grâce
2451 1121 14 20 à
2477 1121 23 21 la
2513 1123 160 22 persévérance
2688 1124 39 21 des-

2217 1144 62 23 quels
2294 1145 23 19 la
2330 1145 87 20 France
2432 1145 48 21 doit
2494 1147 145 22 aujourd'hui
2653 1148 21 21 le
2686 1151 42 19 suc-

2217 1165 36 25 cès
2266 1169 26 20 de
2304 1169 94 21 Kembs.

2239 1198 9 10 «
2260 1194 65 17 Q-cIic
2336 1194 95 16 meilleure
2444 1195 87 17 occasion
2544 1199 47 16 pour
2603 1200 47 14 noua
2663 1197 76 20 réjouir,

2218 1218 55 16 a-t-U
2289 1218 33 18 dit,
2340 1219 72 16 d'avoir
2428 1222 25 16 pu
2470 1219 67 17 rendra
2552 1220 12 16 à
2578 1220 20 18 l»
2613 1221 78 19 F.-ancc.
2709 1223 31 18 qut

2219 1243 52 16 avait
2287 1243 33 16 des
2335 1243 60 16 droits
2409 1246 32 14 sur
2456 1243 41 19 elle,
2513 1247 21 14 ce
2548 1245 116 19 matmlfiqu*
2679 1246 61 17 tr*«or

2217 1267 87 18 spirituel
2318 1268 61 18 qu'est
2391 1267 87 17 l'Alsace!
2495 1273 9 10 ■

2239 1292 26 16 Le
2283 1291 95 20 président
2396 1292 25 16 du
2439 1291 74 18 Conseil
2530 1297 11 13 a
2559 1293 51 17 alors
2625 1294 37 17 tait
2676 1294 65 20 l'éloge

2219 1315 22 17 de
2253 1316 20 17 la
2285 1316 111 19 population
2408 1316 85 17 ouvrière
2506 1316 113 21 alsacienne,
2632 1323 9 11 <
2654 1318 87 20 sérlnuse,

2219 1340 144 18 profondément
2376 1340 88 18 attachée
2478 1340 12 17 à
2500 1344 31 14 ses
2542 1342 74 17 devoirs
2627 1343 114 17 -oroftaslon-

2220 1365 45 18 nels.
2283 1364 73 18 animée
2375 1368 66 14 envers
2458 1365 17 17 le
2493 1368 47 14 Days
2557 1366 45 16 d'un
2620 1366 122 18 dévouement

2220 1390 31 16 nul
2266 1389 56 17 l'unit
2336 1390 12 16 k
2364 1389 19 17 la
2397 1390 73 16 Franco
2485 1389 56 17 d'une
2556 1390 93 17 affection
2662 1391 70 17 indisso-

2218 1413 50 17 luble
2281 1418 17 12 B.

2238 1438 59 18 Après
2311 1438 53 17 avoir
2377 1438 60 17 décrit
2451 1439 63 16 toutea
2528 1438 27 17 les
2569 1438 78 18 beautés
2661 1439 23 17 de
2697 1440 45 16 l'Ai,

2219 1466 49 14 sace,
2285 1462 60 17 limite
2361 1462 82 17 extrême
2459 1463 23 16 de
2497 1463 19 16 la
2532 1463 78 18 France.
2626 1464 26 16 M.
2667 1464 76 17 Herriot

2219 1491 12 12 a
2244 1487 97 18 poursuivi
2354 1490 5 12 :

2306 1524 83 17 LIMITE
2403 1524 33 17 OU
2448 1524 72 17 TRAIT
2533 1525 98 16 D'UNION
2645 1526 11 16 T

2240 1563 22 5 —
2274 1555 69 17 Limite
2358 1555 89 18 ortréme.
2463 1556 38 17 oui,
2515 1556 49 16 mais
2579 1557 78 18 France,
2673 1557 69 17 certes!

2220 1580 30 17 Oa
2264 1580 89 17 voudrait
2369 1583 48 13 nous
2431 1583 25 13 en
2472 1580 49 17 faire
2535 1580 67 17 douter
2619 1584 34 15 par
2669 1581 20 17 la
2703 1582 31 16 vio-

2219 1604 52 17 lence
2287 1604 22 17 de
2324 1605 95 16 certaines
2435 1604 119 19 polémiques,
2570 1605 46 17 dont
2631 1605 18 16 la
2664 1605 71 19 grossiè-

2220 1628 45 20 reté,
2277 1628 20 17 la
2308 1629 94 18 vulsarit;
2414 1628 60 17 même
2487 1629 105 16 trahissent
2605 1629 17 16 le
2637 1629 38 17 fait
2687 1630 48 19 qu'el-

2220 1653 27 16 les
2261 1654 56 16 n'ont
2330 1654 42 16 rien
2388 1653 22 17 de
2426 1653 92 17 français.
2534 1653 47 19 Non,
2597 1657 44 14 non.
2657 1657 47 14 nous
2720 1658 24 13 ne

2220 1681 47 13 nous
2286 1678 103 16 laisserons
2409 1682 34 15 pas
2461 1677 83 17 troubler
2565 1681 35 16 par
2620 1682 38 13 une
2676 1682 59 16 propa-

2219 1703 61 18 gande
2290 1703 47 16 dont
2346 1706 48 13 nous
2402 1703 125 16 connaissons
2538 1702 28 16 les
2575 1703 83 18 origines
2668 1703 19 16 et
2698 1703 46 16 dont

2220 1730 48 14 nous
2285 1730 98 14 mesurons
2403 1730 44 13 avec
2465 1726 111 19 sang-froid
2594 1727 27 16 les
2637 1726 64 17 effets.
2720 1728 25 16 Ce

2220 1755 46 16 pays
2279 1753 29 15 est
2319 1752 115 18 pleinement
2446 1752 93 18 français,
2552 1755 23 13 ne
2589 1751 61 17 fut-ce
2662 1755 35 15 que
2709 1755 35 16 par

2219 1780 26 13 un
2258 1776 45 19 goût
2315 1776 24 18 de
2350 1775 67 18 liberté
2429 1776 37 19 qui,
2480 1779 25 14 ea
2517 1776 51 19 plein
2579 1779 69 16 moyen
2659 1776 41 20 âge,
2714 1776 20 17 in-

2219 1804 56 16 surge
2285 1801 27 17 les
2324 1801 99 16 habitants
2435 1801 23 16 de
2468 1801 76 16 Colmar
2555 1801 66 16 contre
2633 1800 50 17 leurs
2693 1800 41 17 maî-

2221 1827 39 15 tres
2281 1826 110 18 apparents.
2411 1825 102 19 Lorsqu'en
2532 1825 47 19 17B8,
2599 1825 99 16 Mulhouse
2716 1825 30 16 fut

2229 1849 55 17 éunie
2298 1852 11 15 à
2322 1849 20 18 la
2355 1850 78 19 France,
2444 1850 48 16 c'est
2506 1853 35 16 par
2552 1850 98 16 centaines
2665 1849 22 17 de
2701 1850 43 16 voix

2220 1877 19 15 et
2252 1875 67 16 contre
2334 1874 88 20 quelques
2437 1873 63 17 uniWs
2514 1874 12 16 &
2540 1875 55 18 peine
2609 1877 35 16 que
2657 1873 18 17 le
2689 1877 55 16 corps

2220 1900 61 16 entier
2293 1899 22 17 de
2327 1899 19 16 la
2357 1899 38 17 cité
2405 1902 20 13 se
2436 1898 91 17 rattacha
2537 1898 11 16 à
2558 1899 56 16 notre
2625 1901 46 17 pays
2684 1898 6 16 I

2368 1936 107 16 L'ŒUVRE
2494 1935 32 16 DE
2542 1935 59 16 PAIX

2243 1968 26 16 M.
2282 1967 78 17 Herriot
2375 1971 12 12 a
2402 1966 77 21 rappelé
2494 1966 46 20 qu'il
2554 1967 53 17 avait
2623 1966 30 19 été
2668 1967 30 17 dit
2712 1970 35 17 que

2222 1992 17 18 le
2255 1992 148 19 gouvernement
2417 1992 87 18 français
2522 1995 24 13 ne
2562 1991 99 17 tolérerait
2677 1992 71 20 jamais

2222 2018 70 18 qu'une
2312 2017 88 18 atteinte,
2416 2017 18 17 sl
2454 2016 61 20 légère
2535 2016 67 19 qu'elle
2621 2017 43 18 soit,
2685 2018 63 18 puisse

2222 2041 41 17 fltre
2281 2041 52 18 ortée
2351 2042 12 16 à
2378 2041 68 17 l'unité
2463 2042 20 17 et
2500 2041 12 17 à
2529 2041 144 17 l'Indivisibilité
2688 2042 24 16 de
2729 2042 19 16 la

2223 2066 117 18 République
2355 2067 20 16 et
2394 2066 23 17 de
2434 2066 19 17 la
2470 2067 80 16 France.
2569 2071 10 11 <
2598 2066 45 17 Plus
2663 2070 35 16 que
2717 2067 21 18 Ja-

2222 2091 55 18 mais,
2294 2091 55 17 a-t-U
2368 2091 71 18 ajouta,
2459 2095 47 13 nous
2522 2094 48 14 nous
2588 2091 70 17 tenons
2676 2091 59 17 ferme-

2223 2117 53 15 ment
2293 2119 33 14 sur
2343 2119 20 13 es
2381 2116 91 17 prlnlces.
2492 2122 9 9 »

2245 2141 20 16 M
2284 2141 77 16 Herriot
2378 2145 12 12 a
2403 2141 68 16 conclu
2486 2144 25 13 en
2527 2144 31 13 ces
2571 2141 70 17 termes
2658 2144 7 14 :

2244 2166 55 16 Celte
2315 2166 79 16 France,
2413 2166 47 16 dont
2478 2169 46 13 vous
2542 2165 41 17 êtes
2601 2166 28 17 les
2648 2166 33 17 flls
2699 2166 49 19 unis,

2223 2193 24 13 ne
2263 2190 93 17 demande
2372 2190 44 17 au'à
2430 2191 52 16 vivre
2498 2194 25 13 en
2540 2191 45 17 paix
2600 2194 45 13 avec
2662 2194 30 14 ses
2708 2194 31 14 voi-

2224 2215 40 16 sins
2277 2218 71 13 comme
2365 2218 46 13 avec
2423 2215 43 17 tous
2482 2215 28 17 les
2526 2215 82 19 peuples.
2623 2216 17 16 H
2656 2219 48 14 nous
2719 2220 20 13 se-

2224 2240 39 16 rait
2281 2239 93 20 aeréable,
2390 2243 48 14 nous
2455 2240 74 17 l'avons
2547 2240 83 20 affirmé,
2646 2241 49 16 dans
2712 2244 37 13 une

2225 2266 44 15 note
2287 2265 82 18 récente,
2384 2265 102 16 d'assrcler
2501 2269 36 12 nos
2552 2266 70 16 efforts
2638 2266 23 16 de
2679 2265 71 17 travail

2224 2290 20 16 et
2264 2289 23 18 de
2308 2289 116 18 civilisation
2443 2290 12 16 à
2472 2293 47 13 ceux
2539 2290 45 17 d'un
2601 2290 61 19 grand
2683 2290 67 20 peuple

2225 2314 97 17 laborieux
2341 2314 33 20 qui
2396 2318 17 16 a,
2436 2318 72 13 comme
2527 2318 54 15 nous,
2605 2315 70 17 intérêt
2697 2315 13 16 A
2730 2314 20 18 la

2225 2339 130 17 restauration
2368 2339 24 17 de
2405 2339 110 17 l'économie
2528 2339 118 20 européenne
2662 2340 19 17 et
2696 2344 45 13 mon-

2225 2364 56 17 diale.

2246 2389 52 17 Nous
2320 2388 79 18 voulons
2421 2389 33 17 des
2473 2389 94 19 ententes,
2590 2389 49 17 mals
2663 2389 88 19 sincères,

2225 2414 49 16 mais
2290 2414 77 19 loyales.
2386 2414 58 17 Notre
2462 2414 92 20 politique
2569 2415 33 16 n'a
2622 2418 34 16 pas
2675 2415 75 16 d'autre

2226 2438 39 21 loi..
2279 2439 60 18 Ainsi,
2363 2439 106 19 messieurs,
2493 2439 17 16 si
2532 2439 40 17 l'on
2591 2440 112 16 rencontrât
2726 2443 25 13 en

2226 2464 43 16 tous
2281 2463 50 17 lieux
2345 2467 37 13 une
2398 2463 61 17 bonne
2472 2463 75 17 volonté
2562 2464 52 19 égale
2629 2464 12 16 &
2656 2464 19 17 la
2689 2464 61 19 nôtre,

2226 2492 36 13 une
2278 2492 63 13 œuvre
2357 2492 71 13 comme
2445 2488 73 17 celle-ci
2532 2489 118 19 marquerait
2667 2489 75 19 l'Impor-

2226 2513 55 17 tante
2294 2513 130 17 contribution
2440 2517 25 13 au
2481 2513 159 20 rapprochement
2656 2514 33 16 des
2705 2517 35 16 peu-

2227 2538 39 20 ples
2281 2538 49 16 dans
2346 2538 27 16 les
2389 2538 82 16 travaux
2487 2538 23 17 de
2523 2538 20 16 la
2558 2539 51 19 paix,
2624 2546 23 5 —
2658 2539 68 16 Havas,

3309 259 187 46 CONTRE
3524 259 81 46 LES
3630 256 207 49 PROJETS

3341 328 66 46 DU
3425 326 391 48 GOUVERNEMENT

2852 596 56 30 DIX
2927 596 61 31 ANS
3007 596 42 30 DE
3068 594 113 32 PRISON

2859 660 43 21 (De
2918 660 67 19 notre
2999 660 193 23 correspondant.)

2791 690 71 22 Paris.
2879 690 13 20 8
2911 690 98 21 octobre.
3027 700 28 6 —
3075 691 54 20 (Par
3148 689 131 25 téléphone!
3284 705 5 5 .

2765 725 26 5 —
2803 715 125 21 L'assassin
2941 715 53 24 Guy
3007 715 81 23 Davln,
3101 720 24 16 ce
3140 715 67 24 jeune
3221 716 55 19 hom-

2763 744 35 16 me
2816 740 45 24 qui,
2879 739 135 21 demeurant
3032 739 14 21 à
3063 739 228 24 Neuilly-sur-Seinc,

2765 765 115 20 assassina
2899 765 59 20 dans
2973 766 33 20 les
3025 764 50 21 bois
3094 764 28 21 de
3140 765 149 19 Vaucresson.

2767 790 79 20 l'hiver
2867 790 97 20 dernier,
2985 793 58 20 pour
3063 790 32 20 lui
3116 789 95 21 dérober
3232 789 58 20 7.000

2768 815 85 21 francs.
2878 814 145 20 l'Américain
3046 814 102 20 Richard
3173 813 67 21 Wall,
3264 815 24 18 et

2764 844 51 16 sera
2832 838 53 25 jugé
2901 844 42 19 par
2958 839 23 21 la
2998 839 60 20 Cour
3072 839 105 20 d'assises
3193 838 28 21 de
3238 838 50 20 Sei-

2768 864 140 21 ne-et-Oise,
2927 868 31 16 en
2982 863 122 21 novembre
3129 862 120 25 prochain,
3274 867 14 15 a

2767 893 108 21 comparu
2894 888 37 21 cet
2950 887 133 26 après-midi
3103 888 85 20 devant
3206 888 22 20 le
3247 887 32 21 tri-

2767 914 70 21 bunal
2854 913 165 21 correctionnel
3034 913 29 21 de
3080 912 127 21 "Versailles.

2792 939 20 20 Il
2831 938 58 21 était
2906 937 90 25 Inculpé
3015 938 28 21 de
3061 937 123 21 différents
3201 937 49 22 vols
3267 936 23 20 et

2766 963 158 24 escroqueries.

2792 989 37 20 Du
2849 988 57 20 mois
2927 988 28 20 de
2976 987 76 24 juillet
3071 987 49 20 1931
3141 986 105 24 jusqu'au
3267 986 24 20 17

2766 1013 118 21 décembre
2903 1013 28 20 de
2950 1012 24 21 la
2992 1012 74 21 même
3084 1011 81 22 année,
3183 1012 76 19 Davin
3277 1015 14 15 a

2767 1038 94 21 commis
2879 1037 15 20 à
2913 1037 65 20 Paris
2996 1042 33 15 un
3047 1036 88 21 certain
3150 1035 95 21 nombre
3263 1035 28 20 de

2767 1064 48 20 vols
2833 1063 91 20 d'autos
2941 1062 54 24 qu'il
3014 1061 138 21 abandonna
3171 1060 46 21 soit
3236 1060 15 20 à
3269 1060 22 20 la

2767 1089 59 20 suite
2844 1087 29 21 de
2892 1091 77 20 panne
2989 1086 45 21 soit
3053 1090 42 20 par
3115 1089 99 20 manque
3234 1084 46 21 d'es-

2766 1117 68 17 sence
2846 1113 59 20 dans
2915 1112 21 20 le
2948 1110 117 22 réservoir.

2793 1139 59 19 Avec
2871 1141 38 17 ces
2928 1136 99 21 voitures
3046 1134 80 24 volées,
3145 1134 17 21 il
3181 1133 112 23 abordait,

2768 1167 45 16 aux
2830 1162 83 21 abords
2929 1161 40 20 des
2987 1160 116 24 magasins
3119 1160 28 20 de
3164 1159 72 23 Paris,
3253 1159 39 20 des

2768 1188 79 23 jeunes
2868 1187 97 20 femmes
2987 1185 130 23 auxquelles
3139 1183 16 22 il
3177 1183 115 25 propesait

2769 1212 27 21 de
2815 1212 58 20 faire
2888 1215 45 17 une
2951 1209 139 26 promenade
3109 1213 29 17 en
3156 1209 95 22 voiture.

2794 1237 115 20 Plusieurs
2927 1239 125 21 personnes
3073 1232 150 26 acceptèrent.

2794 1262 32 20 Us
2840 1262 49 20 s'en
2903 1260 97 22 allèrent
3015 1263 46 18 aux
3075 1258 107 22 environs
3196 1258 31 20 du
3241 1258 53 20 Bois

2769 1287 27 20 de
2813 1286 122 24 Boulogne.

2795 1311 82 21 Davin.
2890 1310 112 21 simulant
3016 1313 46 17 une
3077 1311 84 22 panne,
3174 1306 121 22 s'arrêtait,

2771 1336 78 20 faisait
2864 1335 123 21 descendre
3002 1339 27 15 sa
3043 1336 134 21 compagne,
3193 1331 51 25 puis
3258 1336 25 16 re-

2770 1363 99 22 prenant
2887 1359 127 24 possession
3029 1359 32 20 du
3078 1357 86 22 volant,
3182 1357 17 20 il
3217 1356 66 24 dispa-

2771 1385 91 20 raissait
2883 1384 14 20 à
2919 1384 63 21 toute
3005 1383 72 21 allure
3099 1387 31 16 en
3152 1381 71 24 ayant
3245 1381 50 20 soin

2771 1410 136 24 d'emporter
2924 1409 20 20 le
2959 1414 40 15 sac
3014 1408 14 20 à
3046 1407 63 20 main
3124 1405 68 22 laissé
3207 1410 41 16 sur
3263 1409 32 16 un

2770 1435 39 20 des
2824 1434 101 21 coussins
2940 1434 28 20 de
2982 1432 77 22 l'auto.

2796 1459 51 20 Une
2866 1459 88 20 dizaine
2971 1458 28 21 de
3018 1457 49 21 vols
3085 1456 28 21 de
3132 1461 25 16 ce
3175 1459 69 21 genre
3263 1454 32 21 lul

2772 1483 86 21 étaient
2876 1482 128 25 reprochés.

2797 1509 35 20 Au
2848 1512 67 17 cours
2928 1508 28 20 de
2974 1506 124 21 l'audience
3116 1504 28 23 de
3163 1504 37 21 cet
3217 1503 78 26 après-

2769 1531 61 24 midi,
2857 1532 141 28 l'assassi-|at
3028 1531 28 21 de
3085 1528 146 23 l'Américain
3260 1529 37 20 n'a

2773 1562 41 20 pas
2824 1557 36 23 été
2873 1556 91 25 évoqué.

2796 1582 75 20 Davln
2893 1587 14 15 a
2930 1581 36 21 été
2987 1579 127 23 condamné
3135 1584 58 21 pour
3210 1578 49 21 vols
3281 1577 14 20 à

2774 1606 23 20 10
2811 1611 43 16 ans
2867 1607 28 20 de
2909 1607 86 24 prison.

2771 1671 80 28 CHEZ
2875 1671 57 28 LES
2957 1670 134 28 ANCIENS
3114 1670 38 27 DE
3170 1662 129 35 L'ÉCOLE

2787 1722 226 28 INDUSTRIELLE
3039 1722 39 28 DE
3095 1719 205 30 SCHAERBEEK

2315 2604 34 29 H.
2376 2604 142 27 MAZARYK
2541 2604 124 27 RENTRE

2252 2667 95 24 Prague,
2365 2667 13 20 8
2394 2667 98 20 octobre.
2521 2677 28 5 —
2578 2667 32 20 M.
2637 2666 115 25 Mazaryk,

2227 2692 125 24 abrégeant
2386 2696 43 16 son
2460 2691 77 24 séjour
2555 2691 15 21 à
2588 2695 26 16 sa
2636 2691 116 23 résidence

2228 2717 58 20 d'été
2305 2717 28 21 de
2355 2715 195 26 Topoltchianky,-
2565 2716 105 20 rentrera
2692 2721 49 16 mer-

2228 2742 62 20 credi
2305 2741 15 21 à
2337 2741 96 24 Prague,
2449 2745 59 20 pour
2524 2741 98 24 prendre
2637 2741 53 24 part
2707 2745 45 16 aux

2228 2767 151 24 importantes
2400 2766 155 23 négociations
2575 2766 120 24 politiques
2715 2767 37 22 qui

2228 2796 24 16 se
2268 2791 146 21 dérouleront
2427 2791 58 20 dans
2498 2791 23 20 la
2534 2790 109 22 semaine.
2658 2801 28 4 —
2700 2790 42 21 Bel-

2229 2821 36 20 ga.

2412 2876 36 27 LA
2473 2875 101 28 REVUE

2296 2928 39 28 DE
2359 2927 38 28 LA
2421 2936 20 16 «
2455 2926 194 29 PROTECTION

2255 2986 62 20 C'est
2321 2988 46 19 'un
2384 2983 135 23 événement
2536 2983 115 21 vraiment
2664 2982 79 21 bruxel-

2229 3011 44 20 lois
2292 3015 43 19 que
2354 3002 23 32 1^
2395 3013 68 16 revue
2483 3008 107 21 annuelle
2609 3008 29 20 de
2658 3007 97 20 l'Œuvre

2231 3044 9 8 «
2249 3036 33 19 La
2300 3034 158 21 Protection**.

2256 3060 32 20 La
2301 3064 69 16 revue
2384 3064 31 16 en
2426 3058 56 21 trois
2496 3058 63 20 actes
2572 3058 24 21 et
2610 3056 146 23 trente-trois

2227 3084 108 21 tableaux
2353 3084 23 20 et
2397 3084 39 24 qui
2455 3084 65 23 porte
2537 3083 21 20 le
2577 3087 55 15 nom
2650 3082 108 20 amusant

2230 3111 24 20 et
2265 3109 135 25 d'à-propos
2414 3109 28 20 de
2459 3115 10 11 ■
2478 3108 63 20 Crise
2557 3112 30 16 en
2600 3106 87 21 Thème
2695 3115 9 8 »
2722 3106 33 20 est

2230 3136 31 20 du
2281 3134 106 25 spirituel
2407 3133 103 21 Gustave
2530 3132 95 23 Libeau;
2644 3131 56 20 c'est
2721 3135 25 16 as-

2229 3164 38 16 sez
2280 3160 52 20 dire
2350 3163 43 21 que
2411 3159 21 21 le
2447 3157 79 23 succès
2544 3157 66 21 allait
2627 3156 48 21 être
2693 3160 51 17 com-

2230 3185 55 25 plet.

2256 3209 78 21 Parmi
2350 3209 34 21 les
2404 3208 128 21 meilleures
2550 3206 80 22 scènes
2651 3206 74 21 citons
2748 3210 7 16 :

2232 3241 9 12 ■
2249 3235 55 20 Prix
2325 3234 28 21 de
2376 3232 88 22 Beauté
2472 3241 18 14 »,
2512 3240 9 9 «
2530 3232 42 20 Les
2593 3232 75 23 joutes
2691 3229 52 25 lyon-

2230 3260 102 22 naises",
2351 3257 229 25 "Chrysanthème-,
2599 3257 51 19 "La
2667 3257 89 21 Crise»,

2232 3285 60 19 «Les
2319 3283 71 25 petits
2417 3283 104 22 colons»,
2550 3282 60 19 .Les
2636 3284 120 17 nouveaux

2228 3309 67 20 dieux
2314 3316 18 15 »,
2351 3316 10 9 **
2380 3307 78 21 Réveil
2473 3308 40 19 des
2531 3306 112 21 Carillons
2659 3314 19 15 »,
2696 3312 11 11 •
2725 3305 33 20 M.

2230 3334 127 21 Tschoffen
2377 3338 31 16 au
2424 3334 105 22 Congo»,
2550 3331 131 28 "Camping
2700 3330 14 20 à
2734 3330 22 20 la

2230 3364 76 18 mer»,
2331 3359 60 20 «Les
2413 3358 80 20 dames
2514 3356 16 21 à
2553 3356 120 24 journée»,
2697 3355 59 20 «Les

2227 3384 128 20 soubrettes
2376 3382 120 21 modernes
2516 3390 18 15 »,
2556 3389 10 9 <*
2588 3381 42 20 Les
2649 3383 109 17 concours

2231 3409 121 24 hippiques
2359 3416 18 13 ».

2256 3435 85 19 Toutes
2356 3438 38 16 ces
2408 3432 65 25 jolies
2484 3431 80 22 scènes
2578 3430 87 21 étaient
2680 3429 76 25 jouées

2231 3464 42 20 par
2289 3460 33 20 les
2337 3458 113 21 membres
2465 3457 31 20 du
2512 3456 79 21 cercle.

2254 3484 66 21 Gros,
2344 3482 46 21 très
2411 3486 51 19 gros
2486 3480 77 21 succès
2587 3480 29 23 et,
2638 3484 31 16 au
2692 3478 66 24 final,

2230 3509 99 20 l'auteur
2346 3507 103 21 Gustave
2463 3506 86 21 Libeau
2566 3506 38 20 fut
2621 3504 123 22 chaleureu-

2228 3535 90 20 sement
2333 3532 108 21 acclamé.
2452 3541 28 5 —
2494 3531 26 21 T.

2355 3597 260 45 PREMIÈRE

2259 3651 162 43 REPRÉ
2423 3656 162 38 SENTA
2585 3655 123 38 TION

2229 3729 137 21 THEATRE
2380 3729 40 19 DE
2434 3729 38 19 LA
2487 3728 144 21 MONNAIE.
2646 3738 28 4 —
2689 3727 56 24 Spec-

2254 3754 59 20 tacle
2326 3753 77 23 coupé.
2413 3753 113 20 Première
2538 3753 32 20 du
2582 3752 70 21 ballet
2664 3760 10 11 «
2686 3753 72 19 Ruses

2253 3779 104 20 d'amour
2376 3786 11 11 »
2410 3778 149 21 d'Alexandre
2581 3777 152 21 Glazounord.

2253 3805 33 19 La
2306 3803 117 21 mauvaise
2441 3803 97 20 humeur
2559 3803 139 23 persistance
2719 3802 39 20 des

2229 3829 110 20 choristes
2357 3829 28 20 de
2402 3830 65 18 notre
2487 3827 110 25 première
2615 3827 67 20 scène
2701 3831 57 16 nous

2230 3856 54 18 vaut
2303 3858 25 16 ce
2348 3853 84 21 second
2454 3852 113 25 spectacle
2590 3852 77 24 coupé,
2686 3853 40 23 qui
2745 3856 14 16 a

2229 3879 78 24 offert,
2321 3879 50 20 hier
2385 3878 54 23 soir,
2453 3878 21 20 le
2490 3878 51 26 njus
2555 3877 34 20 vif
2601 3877 92 21 intérêt.

2257 3904 31 20 Ce
2303 3904 38 19 fut
2356 3902 93 21 d'abord
2464 3902 135 20 l'cuvcrture
2616 3902 40 20 d:s
2673 3910 8 8 ««
2698 3901 49 22 Maî-

2232 3930 45 18 tres
2293 3929 131 20 Chanteurs
2440 3936 17 14 »,
2472 3927 47 20 fort
2534 3927 53 19 bien
2602 3926 92 20 enlevée
2706 3931 53 16 sous

2232 3953 19 20 ie
2267 3953 70 20 bâton
2353 3952 27 20 de
2395 3953 32 19 M.
2442 3951 76 23 Molle,
2529 3951 40 24 qui
2583 3951 44 20 mit
2640 3955 30 16 en
2682 3951 77 20 valeur

2232 3978 22 20 la
2282 3977 104 21 radieuse
2415 3976 137 24 polyphonie
2583 3976 27 20 de
2626 3977 60 19 cette
2701 3980 58 20 page

2231 4002 153 21 éblouissante
2401 4001 28 20 de
2443 4001 99 24 rtyhme,
2559 4001 28 20 de
2605 4001 115 24 grandeur
2736 4002 22 19 et

2231 4027 158 21 d'émouvante
2401 4026 121 20 solennité.

2256 4052 56 20 Très
2326 4051 129 24 applaudie,
2468 4051 43 20 elle
2525 4051 86 21 servait
2625 4050 28 21 de
2667 4051 79 24 préam-

2232 4077 52 20 bule
2297 4081 30 16 au
2340 4077 37 19 ler
2388 4076 92 21 tableau
2491 4076 31 19 du
2534 4076 26 19 3e
2572 4076 51 20 acte
2633 4072 40 24 des
2681 4083 9 9 «
2698 4076 49 20 Maî-

2231 4103 46 18 tres
2298 4101 130 21 Chanteurs
2449 4109 18 11 ».
2483 4101 74 19 Mmes
2576 4100 85 20 Deulin
2683 4101 76 21 (Eva),

2232 4126 94 20 3al!ard
2343 4125 150 24 (Magdelen),
2510 4126 57 20 MM.
2583 4125 67 22 Lens.
2665 4125 94 21 brillant

2232 4151 92 22 Walter,
2353 4151 51 19 Van
2430 4150 114 23 Obbergh,
2571 4150 96 23 superbe
2695 4151 64 19 Kans

2231 4176 79 22 Sachs,
2324 4175 24 20 et
2375 4176 107 23 Bogaers,
2497 4179 32 15 un
2556 4174 147 21 Beckmesser
2731 4175 27 20 de

2232 4201 51 19 tout
2304 4199 99 25 premier
2416 4199 63 25 plan,
2501 4199 132 20 enlevèrent
2648 4201 38 19 cet
2702 4201 57 20 acte,

2224 4226 32 19 'et
2272 4226 92 19 surtout
2380 4224 22 21 le
2429 4224 96 24 superbe
2553 4224 115 24 quintette
2685 4225 39 23 qui
2739 4224 19 20 le

2233 4250 104 23 termine,
2349 4253 55 17 avec
2417 4249 136 23 conviction,
2564 4249 55 21 élan
2632 4252 24 19 c-t
2668 4253 79 16 ensem-

2233 4274 42 21 ble.

2257 4300 33 19 La
2305 4299 67 20 scène
2392 4298 29 21 ds
2439 4298 171 24 Salnt-Sulpice
2626 4298 29 21 de
2676 4306 10 9 **
2706 4299 41 20 Ma-

2232 4328 47 16 non
2293 4332 8 9 »
2316 4324 91 21 suivait.
2419 4324 63 20 Mme
2494 4324 132 22 Marsanne,
2639 4323 108 20 débarras-

2232 4349 37 20 sée
2285 4349 31 20 du
2331 4349 51 20 trac
2397 4348 39 26 qt;i
2453 4348 23 20 la
2493 4348 126 24 paralysait
2636 4352 32 16 un
2684 4352 44 20 peu
2744 4348 14 20 à

2232 4378 36 16 ses
2286 4372 88 25 débuts,
2392 4367 38 27 lut
2447 4377 46 16 une
2508 4371 119 26 pétillante
2645 4373 35 22 et.
2686 4373 61 20 senti-

2232 4398 100 20 mentale
2357 4399 95 22 Manon,
2478 4398 52 19 voix
2557 4398 68 23 juste,
2652 4397 106 24 conduite

2232 4427 55 16 avec
2299 4423 131 23 expression
2442 4423 25 19 et
2478 4426 45 16 une
2535 4423 75 19 bsnne
2623 4417 92 25 dîîîlon.
2727 4423 31 19 M.

2232 4448 109 20 GriLn-rd
2357 4447 69 23 ét:«'.a.
2435 4452 42 15 son
2492 4451 85 19 organe
2593 4447 166 23 sympathique,

2231 4476 53 17 sous
2299 4472 34 20 les
2348 4472 68 21 traits
2428 4472 31 20 du
2476 4471 114 21 chevalier
2605 4472 46 19 Des
2667 4471 91 20 Grieux.

2232 4498 61 20 C'est
2313 4501 55 16 avec
2390 4497 93 20 charme
2505 4497 53 23 qu'il
2576 4495 94 21 détailla
2691 4496 51 20 l'air
2751 4501 6 14 :

2234 4529 9 8 ■
2257 4521 38 23 ah,
2308 4522 73 23 fuyez,
2394 4521 71 20 douce
2479 4521 75 23 image
2569 4521 61 24 ».qui
2643 4520 33 20 lul
2688 4520 70 23 valut,

2233 4547 51 19 tout
2298 4550 88 16 comme
2401 4546 21 19 le
2437 4546 46 19 duo
2495 4546 14 20 à
2524 4545 32 20 lui
2571 4546 26 20 eé
2612 4545 15 21 à
2641 4549 27 16 sa
2680 4546 65 23 parte-

2233 4571 71 23 naire,
2320 4571 40 20 des
2376 4570 74 20 salves
2466 4570 28 20 de
2511 4570 88 20 bravos.

2257 4596 31 20 Le
2303 4595 84 21 second
2402 4596 50 19 acte
2467 4595 28 19 de
2511 4603 9 8 «
2533 4595 100 19 Boccace
2649 4602 10 10 •
2680 4598 7 6 *

2232 4620 14 20 i
2260 4620 55 20 Mlle
2329 4620 85 23 Lyvine
2426 4621 109 21 Mertens,
2549 4619 83 20 enfant
2646 4618 99 24 légitime-

2233 4647 63 19 ment
2310 4645 66 23 gâtée
2390 4645 31 19 du
2433 4644 82 24 public,
2530 4644 28 20 de
2572 4643 59 20 faire
2645 4647 45 16 une
2704 4647 42 15 ren-

2232 4669 47 21 trée
2293 4673 54 16 sous
2361 4669 59 20 deux
2435 4668 106 20 travestis
2553 4668 62 20 aussi
2628 4667 129 23 attrayanî-

2232 4698 43 19 que
2295 4694 184 20 dc-lic'eusement
2499 4692 82 24 pdrtés.
2602 4693 59 21 Gros
2680 4691 77 20 succès

2248 4723 42 16 our
2307 4718 23 20 la
2345 4718 135 21 charmante
2500 4717 86 22 artiste,
2603 4716 95 24 partagé
2716 4720 42 19 par

2232 4744 74 20 Mmes
2322 4743 130 23 Deleampe,
2481 4741 78 23 Dénié.
2587 4740 100 22 Ballard.
2701 4741 51 19 MM

2232 4768 121 22 Marcotty.
2366 4768 86 22 Mayer.
2466 4766 108 22 Colonne.
2585 4766 80 22 Boyer.
2676 4765 81 23 Pamy.

2258 4792 32 20 La
2303 4792 71 20 soirée
2388 4796 24 15 se
2426 4790 119 22 terminait
2558 4793 43 22 par
2608 4797 9 9 •
2625 4789 73 20 Hures
2705 4789 52 20 d'A-

2233 4821 66 16 meur
2313 4825 18 12 ..
2345 4816 32 21 tin
2391 4815 71 21 ballet
2475 4815 53 23 déji
2542 4814 81 20 r>nci"n
2637 4813 109 21 d'Alexan-

2234 4841 39 21 dre
2284 4837 145 24 Glazo'unow.
2442 4840 74 20 p.ctuel
2528 4839 113 20 directeur
2653 4838 33 20 du
2697 4839 49 19 Con-

2234 4866 124 21 servatoire
2371 4865 28 20 d^
2410 4863 132 21 Pétro^rad.

2260 4890 104 20 Musique
2389 4889 54 20 bien
2467 4888 122 22 dansante,
2615 4887 133 22 souveraine-

2235 4916 65 19 ment
2311 4914 133 21 mélodioue,
2456 4917 46 16 aux
2513 4912 102 22 rythmes
2628 4912 53 20 bien
2693 4916 55 16 accu-

2236 4940 42 20 sés,
2290 4938 129 21 orchestrée
2431 4942 54 15 avec
2496 4938 63 23 cette,
2567 4936 89 22 scifncj
2666 4939 24 19 et
2702 4937 59 19 cette

2237 4964 92 20 reuleur
2346 4963 39 23 qui
2402 4963 54 20 s"nt
2474 4962 32 19 les
2523 4960 197 25 caractéristiques
2735 4961 27 20 de

2238 4988 75 21 l'école
2327 4991 65 17 russe
2407 4986 94 21 d'avant
2515 4990 87 19 guerre.
2612 4992 5 4 -

2264 5013 113 22 Menuets,
2394 5015 96 20 pavane,
2505 5010 80 20 motifs
2601 5009 29 21 de
2643 5010 62 20 valse
2722 5014 29 17 en-

2238 5037 124 20 traînante,
2375 5035 108 21 mazurka
2510 5034 54 20 bien
2591 5034 119 23 c?dencée.
2722 5036 37 19 etc

2239 5061 103 21 animent
2356 5060 40 20 des
2423 5063 154 20 personnages
2604 5059 160 20 dix-huitiènle

2240 5085 73 24 siècle,
2331 5084 42 21 daa
2388 5088 33 16 un
2440 5083 67 21 décor
2524 5083 28 20 de
2569 5083 78 25 jardin
2664 5084 16 21 à
2697 5083 67 22 char-

2363 5108 58 20 st-'e
2432 5108 68 20 Louis
2513 5108 49 20 XV.

2266 5133 119 21 Costumes
2399 5132 58 20 imis
2469 5134 24 18 et
2507 5133 169 24 coquettement
2690 5133 76 24 portés

2241 5163 44 16 nar
2314 5158 74 20 Mmes
2419 5157 28 20 D*
2454 5157 7 7 "
2468 5158 55 20 stra.
2555 5157 72 21 Sonia
2658 5158 108 20 M°rtens.

2242 5182 93 21 CoecVe.
2349 5181 72 21 Bella.
2432 5181 190 21 I^rmeha^ine.
2636 5182 35 21 De
2684 5182 83 20 Roeck.

2242 5208 24 19 P.
2278 5207 117 19 H-nsâ^m
2404 5206 24 19 et
2438 5206 32 21 M.
2481 5207 34 19 De
2527 5206 130 23 Ghistelles.
2668 5207 38 19 nui
2716 5207 50 19 tou-

2242 5231 123 20 dan*-èr:nt
2376 5234 54 16 avec
2441 5230 66 21 cr.*tc?
2517 5232 25 19 et
2553 5231 96 21 l*i*e*reté
2658 5235 41 16 sur
2708 5232 58 20 cette

2243 5255 102 25 musique
2363 5254 115 26 graclcust
2495 5256 25 20 et
2535 5256 122 20 nnitsuse.

2485 5281 18 10 •"
2525 5280 76 21 Kerre
2615 5281 22 21 d'
2638 5280 104 21 ANGLE.

2799 1790 33 20 La
2846 1790 69 24 Jeune
2929 1790 137 20 association
3081 1789 40 20 des
3135 1788 74 21 élèves
3223 1787 62 25 diplô-

2775 1815 48 21 més
2838 1815 27 21 de
2881 1815 80 22 l'Ecole
2976 1814 144 20 Industrielle
3151 1814 25 20 et
3206 1813 80 20 Profes-

2775 1839 110 21 sionnelle
2907 1839 27 21 de
2952 1838 142 21 Sehaerbeek
3113 1843 15 15 a
3149 1837 76 21 donné
3247 1837 52 23 déjà

2775 1864 28 21 de
2824 1863 147 22 nombreuses
2988 1867 95 21 preuves
3103 1863 28 21 de
3151 1867 26 16 sa
3199 1861 98 23 vitalité;

2775 1893 53 16 sous
2846 1888 135 24 l'énergique
3000 1888 121 24 impulsion
3139 1888 28 20 de
3185 1891 37 16 ses
3241 1887 57 20 deux

2776 1913 135 25 principaux
2941 1913 133 24 dirigeants,
3105 1912 59 20 MM.
3195 1911 103 21 Léonard

2777 1939 86 21 Moens,
2886 1937 123 25 président,
3034 1938 24 21 et
3078 1937 52 20 Van
3149 1937 65 22 Laer,
3238 1936 60 19 vice-

2776 1963 123 24 président,
2918 1962 113 21 directeur
3049 1962 40 20 des
3107 1961 65 24 fêtes,
3188 1961 21 21 le
3227 1960 72 21 cercle

2777 1988 105 24 parvient
2897 1987 13 21 à
2926 1987 64 20 aider
3002 1986 186 24 généreusement
3203 1986 32 20 les
3249 1985 39 24 jeu-

2779 2017 42 16 nes
2841 2016 56 20 gens
2916 2011 30 21 de
2966 2011 118 21 condition
3108 2015 44 20 peu
3173 2009 60 22 aisée
3256 2010 39 23 qui

2778 2037 118 24 fréquente
2917 2036 76 21 l'école
3013 2035 148 21 industrielle.

2802 2062 33 20 La
2848 2062 48 20 fête
2910 2061 27 21 de
2951 2061 88 20 charité
3052 2060 89 21 donnée
3154 2060 88 20 samedi
3254 2059 46 20 soir

2777 2091 43 20 par
2838 2086 153 21 l'association
3010 2090 30 16 au
3059 2085 100 20 Théâtre
3175 2084 95 24 Lyrique
3286 2088 15 15 a

2778 2110 113 25 remporté
2908 2111 22 20 le
2948 2110 48 20 très
3013 2114 53 20 gros
3082 2109 87 23 succès;
3192 2109 24 20 la
3236 2109 64 19 vaste

2777 2136 56 21 salle
2852 2136 57 20 était
2927 2134 96 23 comble;
3043 2135 74 24 quant
3135 2138 30 16 au
3182 2137 107 20 program-

2779 2166 36 15 me
2836 2160 17 21 11
2871 2160 59 21 était
2951 2160 29 22 de
2996 2159 84 20 nature
3098 2164 14 15 a
3133 2158 115 20 satisfaire
3270 2158 32 20 les

2778 2186 51 24 plus
2852 2185 118 23 exigeants
2997 2189 5 15 :
3024 2188 31 16 on
3075 2182 119 26 applaudit
3214 2187 87 16 comme

2779 2211 28 20 ils
2822 2211 21 20 le
2861 2209 133 22 méritaient
3012 2209 33 20 les
3063 2208 57 21 bons
3138 2208 92 20 artistes
3247 2208 55 19 Mlle

2778 2235 28 21 de
2826 2234 146 22 Lantsheere.
2993 2233 106 25 pianiste,
3116 2233 62 20 Mme
3194 2233 60 19 Jane
3275 2232 27 20 de

2778 2259 63 24 Real,
2862 2258 134 23 cantatrice,
3018 2258 82 21 Picolo,
3120 2257 75 20 diseur
3214 2256 76 20 fantai-

2778 2285 61 22 siste,
2855 2284 127 21 l'excellent
3002 2282 127 21 humoriste
3148 2281 86 21 Marcel
3254 2282 37 19 An-

2779 2309 68 22 toine,
2864 2309 39 24 qui
2919 2308 96 21 détailla
3032 2307 176 25 quelques-unes
3226 2306 27 20 de
3267 2310 36 16 ses

2779 2334 125 20 œuvrettes
2926 2333 32 20 les
2978 2333 52 23 plus
3051 2331 178 21 divertissantes,
3253 2331 50 23 puis

2781 2358 127 24 interprêta
2933 2362 55 16 avec
3009 2357 32 20 M.
3061 2357 52 23 Ray
3137 2355 109 21 Doehard
3267 2360 33 15 un

2780 2383 82 24 Joyeux
2880 2382 81 21 sketch
2981 2382 27 20 de
3028 2386 25 16 sa
3070 2380 150 24 composition
3237 2384 9 12 «
3267 2380 36 20 On

2781 2407 111 21 demande
2912 2411 33 17 un
2965 2406 96 24 speaker
3082 2414 9 9 »
3097 2410 6 18 ;
3126 2406 32 19 M.
3176 2405 50 23 Ray
3243 2405 47 20 Doe-

2780 2433 59 20 hard
2854 2432 34 21 dit
2902 2436 30 16 en
2946 2433 65 19 outre
3023 2430 107 25 quelques
3142 2429 73 21 fables
3231 2429 26 21 de
3272 2430 32 19 La

2780 2457 119 21 Fontaine.

2805 2482 71 20 Enfin
2893 2482 21 20 le
2932 2480 47 21 très
2996 2480 46 21 bon
3060 2484 84 21 groupe
3163 2479 141 24 dramatique

2780 2506 29 23 de
2829 2514 9 10 «
2859 2505 135 21 L'Etincelle
3018 2513 18 17 »,
3058 2505 150 23 comprenant
3231 2504 74 20 Mmes

2780 2532 26 20 T.
2821 2530 120 23 Gerlache,
2954 2530 66 20 Philo
3032 2529 105 24 Régnier,
3151 2529 78 23 Janny
3243 2528 50 21 Clai-

2780 2560 34 19 re;
2832 2556 56 21 MM.
2907 2555 28 20 G.
2953 2554 112 21 Gerlache
3084 2554 23 20 et
3124 2554 27 20 R.
3168 2553 83 22 Picolo,
3267 2553 25 20 in-

2780 2580 102 25 terprêta
2895 2579 29 22 de
2939 2579 132 23 magistrale
3087 2579 69 23 façon
3169 2578 136 20 l'amusante

2780 2605 101 21 comédie
2896 2605 29 20 de
2941 2604 96 20 Bilhaut
3056 2604 24 20 et
3095 2602 145 25 Hennequin,
3258 2609 9 11 «
3275 2603 30 19 Le

2782 2630 71 20 Gant.
2870 2638 9 9 »

2806 2653 139 21 Assistèrent
2960 2653 14 21 à
2987 2653 60 21 cette
3060 2652 57 21 belle
3133 2652 47 21 fête
3199 2657 6 16 :
3219 2652 32 20 Le
3267 2651 26 25 gé-

2780 2679 65 20 néral
2866 2678 90 24 Meiser,
2979 2677 155 23 bourgmestre
3156 2677 27 20 de
3207 2676 87 21 Sehaer-

2782 2703 63 23 beek,
2870 2703 75 23 Blum,
2969 2702 98 21 échevin
3093 2702 28 20 de
3146 2702 158 20 l'Instruction

2779 2729 113 28 publique,
2910 2729 119 23 Huysmnn
3047 2730 24 20 et
3085 2726 107 25 Soupart,
3208 2726 84 21 conseil-

2781 2754 44 19 lers
2846 2756 160 21 communaux,
3030 2752 32 20 M.
3086 2752 87 24 Leplat,
3192 2751 114 21 directeur

2780 2778 29 20 de
2826 2777 77 21 l'école
2923 2776 141 22 industrielle
3086 2777 25 20 et
3129 2775 176 25 vice-président

2782 2802 128 20 d'honneur
2932 2802 30 20 du
2983 2801 79 24 cercle,
3085 2802 21 19 le
3128 2805 66 20 corps
3216 2801 89 24 profes-

2781 2828 61 21 coral
2855 2827 28 21 de
2897 2822 82 27 l'école,
2993 2827 44 20 etc.
3048 2837 28 6 —
3087 2827 28 20 T.

2847 2886 37 28 LA
2909 2885 108 28 FIESTA
3043 2885 38 28 DE
3106 2885 37 27 LA
3167 2885 76 27 RAZA

2807 2954 65 21 Ainsi
2885 2959 43 19 que
2944 2953 87 25 chaque
3047 2952 81 22 année,
3142 2953 21 21 le
3176 2952 78 21 Cercle
3270 2956 24 17 es-

2782 2979 83 25 pagnol
2890 2979 28 21 de
2941 2978 118 21 Bruxelles
3083 2982 15 16 a
3121 2977 76 21 donné
3218 2978 88 20 samedi

2780 3005 47 19 soir
2842 3009 31 17 un
2887 3004 38 20 bal
2940 3003 28 21 de
2982 3004 53 23 gala
3048 3003 15 20 à
3077 3003 120 20 l'occasion
3211 3002 28 20 de
3256 3011 8 8 ««
3274 3003 31 19 La

2781 3029 77 20 Piesta
2871 3029 28 20 de
2914 3028 23 21 la
2951 3029 89 19 Raza».

2807 3054 32 20 Ce
2853 3054 39 20 fut
2904 3058 33 15 un
2952 3053 38 20 bal
3005 3052 48 23 très
3066 3051 77 22 animé
3158 3052 23 21 et
3196 3051 48 22 très
3259 3051 35 21 élé-

2781 3079 58 23 gant
2859 3079 25 19 et
2906 3078 74 23 parmi
3004 3077 140 21 l'assistance
3167 3081 30 16 on
3218 3081 77 15 remar-

2780 3103 66 24 quait
2869 3107 5 15 :
2898 3103 31 19 M.
2951 3101 111 21 Salvador
3084 3101 85 24 Albert,
3187 3101 105 20 ambassa-

2781 3128 57 20 deur
2856 3127 126 24 d'Espagne
3001 3126 15 21 à
3033 3126 117 20 Bruxelles
3167 3127 25 20 et
3210 3126 33 20 les
3261 3126 32 20 mi-

2781 3153 84 20 nistres
2878 3152 39 21 des
2930 3152 93 20 nations
3035 3152 29 20 de
3078 3150 135 24 l'Amérique
3227 3150 78 20 latine.

2806 3178 35 19 De
2864 3176 115 25 multiples
3000 3178 25 19 et
3043 3176 104 23 joyeuses
3169 3175 136 20 attractions

2781 3200 130 25 animèrent
2926 3201 60 21 cette
3002 3201 58 20 belle
3074 3200 54 21 fête.
3143 3210 28 5 —
3184 3200 28 22 T.

2779 3266 39 28 LE
2842 3266 76 28 GALA
2936 3265 39 28 DU
2993 3265 120 28 CERCLE
3138 3259 17 13 "
3174 3265 102 28 PHILIA
3290 3286 17 14 „

2808 3321 93 22 Samedi
2919 3322 48 20 soir
2985 3326 14 16 a
3018 3326 29 17 eu
3066 3322 46 20 lieu
3131 3322 20 20 le
3172 3321 53 24 gala
3243 3322 51 20 d'ou-

2781 3349 90 19 verture
2889 3346 29 21 de
2936 3346 127 21 l'excellent
3078 3346 71 21 cercle
3167 3346 139 20 d'amateurs

2783 3372 119 22 "Phllia».
2921 3371 76 20 donné
3018 3375 30 16 au
3070 3371 103 21 bénéfice
3195 3372 40 20 des
3256 3375 38 16 œu-

2781 3401 51 16 vres
2847 3404 9 9 «
2864 3397 31 20 Le
2908 3396 45 20 Nid
2961 3404 9 9 »
2985 3398 25 20 et
3025 3404 9 8 »
3043 3396 30 20 Le
3089 3396 101 20 Berceau
3198 3404 9 9 »
3223 3396 71 20 d'Ixel-

2781 3421 39 21 les.

2806 3445 130 21 Assistance
2954 3445 141 21 nombreuse.
3111 3445 36 21 Au
3163 3449 143 20 programme

2783 3471 107 23 "Papa»,
2908 3470 24 21 la
2947 3470 127 24 spirituelle
3092 3469 100 22 comédie
3212 3470 28 21 de
3259 3471 37 19 Ro-

2782 3495 50 21 bert
2850 3495 29 21 de
2898 3495 64 20 Fiers
2982 3495 24 21 et
3026 3495 29 20 G.
3075 3495 119 22 Caillavet,
3210 3495 39 24 qui
3269 3495 38 20 fut

2781 3518 137 26 interprêtée
2935 3524 55 16 avec
3006 3519 117 24 beauccup
3138 3519 28 21 de
3182 3519 85 21 finesse
3283 3521 24 19 et

2781 3545 28 20 de
2824 3545 74 20 talent
2911 3548 43 25 par
2967 3544 34 20 les
3014 3544 58 20 bons
3084 3544 92 20 artistes
3190 3545 27 20 de
3234 3551 8 11 ■
3251 3544 55 20 Phi-

2782 3570 32 20 lia
2821 3577 9 9 »
2850 3570 75 24 parmi
2946 3569 97 24 lesquels
3063 3569 75 20 Mmes
3158 3569 88 24 Vonny,
3267 3569 30 20 Gi-

2781 3595 64 19 nette
2860 3594 83 23 Audry,
2958 3594 98 20 Denosa.
3073 3594 58 23 Suzy
3146 3594 47 21 Ixe,
3208 3593 23 20 S.
3247 3594 60 23 Rosy

2782 3620 25 20 et
2830 3619 58 20 MM.
2912 3619 75 20 Raoul
3011 3618 77 24 Joslie,
3111 3618 87 21 Marcel
3223 3618 81 23 Herry.

2782 3644 60 20 Jean
2856 3644 91 22 Dremy,
2963 3643 27 19 G.
3004 3643 81 23 Turcy,
3100 3643 21 20 J.
3135 3643 83 23 Jonen,
3233 3643 73 20 Char-

2782 3668 74 23 neille,
2866 3668 22 20 J.
2900 3667 94 24 Demjos
3007 3668 25 20 et
3042 3669 26 19 A.
3081 3667 98 21 Génaul.

2807 3693 62 20 Mme
2885 3693 91 23 Maryse
2991 3692 58 20 dahs
3066 3692 20 21 le
3103 3692 46 20 rôle
3166 3692 28 22 de
3211 3692 95 24 Georgi-

2782 3722 32 16 na
2832 3718 25 20 et
2876 3717 31 20 M.
2927 3717 59 20 Fred
3006 3716 95 21 Frébert
3121 3717 59 20 dans
3200 3717 58 20 celui
3279 3717 27 20 de

2782 3742 73 21 l'abbé
2870 3742 68 22 Jocas
2952 3742 72 20 firent
3038 3746 45 17 une
3099 3741 90 21 rentrée
3201 3742 48 20 fort
3265 3747 29 19 ap-

2782 3767 98 25 plaudie.

2807 3792 38 19 Un
2859 3792 38 20 bal
2912 3790 47 22 très
2972 3791 76 21 animé
3062 3790 88 22 clôtura
3163 3791 61 21 cette
3235 3790 70 22 soirée

2783 3816 47 22 très
2844 3816 92 21 réussie.
2950 3826 26 5 —
2989 3816 27 21 T.

3396 425 40 31 EN
3456 425 39 30 CE
3515 426 55 34 QUI
3590 424 165 32 CONCERNE

3329 471 53 31 LES
3403 470 209 48 PENS10NS_DE
3631 471 41 29 LA
3692 469 128 32 GUERRE

3423 536 54 31 LES
3502 535 167 31 INVALIDES
3688 535 39 30 ET

3425 582 41 30 EX
3473 579 257 33 -COMBATTANTS

3368 619 159 39 DÉCIDENT
3547 624 239 32 DEMOBILISER

3340 692 32 20 La
3391 690 137 21 Fédération
3551 688 118 21 nationale
3688 689 40 20 des
3750 688 94 21 mutilés

3316 718 23 18 et
3357 715 112 21 invalides
3484 715 28 20 de
3531 718 80 20 guerre
3630 718 14 15 a
3663 713 73 23 réuni,
3754 714 88 20 samedi

3316 740 142 25 rtprès-midi,
3476 739 14 21 à
3506 739 83 20 l'Hôtel
3605 739 40 20 des
3662 738 122 24 Invalidés,
3801 743 41 15 rue

3315 765 86 21 Joseoh
3421 765 31 22 II,
3470 765 33 19 les
3523 763 105 24 délégués
3645 763 41 20 des
3706 762 137 21 différentes

3315 791 99 20 sections
3428 789 83 21 locales
3527 790 23 18 et
3566 788 33 20 les
3615 787 173 25 représentants
3804 788 40 20 des

3318 815 149 20 associations
3489 814 28 20 de
3538 813 163 22 combattants,
3725 812 16 20 à
3765 812 76 21 l'effet

3317 840 139 20 d'examiner
3473 838 115 21 l'attitude
3606 838 14 20 à
3636 837 98 24 prendre
3753 836 15 21 à
3786 837 45 20 l'en-

3318 865 59 20 droit
3392 864 40 20 des
3448 867 102 17 mesures
3565 867 44 19 que
3626 862 21 20 le
3664 863 179 23 gouvernement

3317 889 153 24 envisagerait
3494 887 113 21 touchant
3630 888 40 20 les,
3687 886 108 25 pensions
3816 886 28 21 de

3317 916 23 18 la
3353 918 87 19 guerre.

3343 945 150 20 L'assistance
3514 944 35 21 est
3572 942 47 21 très
3643 943 142 20 nombreuse.
3808 943 37 20 Au

3318 971 86 19 bureau
3424 971 116 23 prennent
3560 968 73 24 place,
3651 972 54 16 sous
3726 967 23 21 la
3771 966 61 26 prési-

3319 995 70 20 dence
3402 995 29 20 de
3445 995 31 19 M.
3493 994 28 19 H.
3538 993 30 20 Le
3582 993 86 24 Clercq,
3684 992 33 20 les
3731 992 114 21 membres

3319 1019 30 21 du
3367 1019 85 20 conseil
3471 1017 94 23 fédéral.

3344 1051 32 19 M.
3398 1050 22 21 le
3439 1049 117 25 président
3578 1048 45 21 fait
3643 1048 142 24 l'historique
3805 1048 42 21 des

3319 1076 162 23 engagements
3501 1074 47 24 pris
3564 1077 43 20 par
3626 1074 22 20 le
3667 1073 180 24 gouvernement

3320 1101 22 19 et
3359 1104 82 19 expose
3459 1100 33 19 les
3512 1098 101 21 craintes
3630 1098 40 20 des
3690 1097 113 21 invalides
3822 1098 26 20 et

3319 1124 156 20 combattants
3509 1124 75 23 quant
3618 1127 31 16 au
3683 1123 91 23 respect
3806 1122 43 21 detf

3320 1149 71 20 droits
3404 1149 83 23 acquis.
3498 1148 21 20 Il
3533 1148 82 23 dépose
3627 1152 33 16 un
3672 1147 67 21 ordre
3753 1147 31 21 du
3795 1146 53 25 jour

3320 1174 38 24 qui
3376 1174 37 20 est
3431 1173 21 20 le
3470 1173 70 20 reflet
3555 1173 28 20 de
3600 1177 44 15 son
3660 1172 101 21 discours
3776 1172 25 21 et
3816 1172 29 20 de

3319 1203 37 16 ses
3374 1198 150 21 conclusions.

3347 1229 33 21 AL
3404 1229 176 22 Timmermans,
3600 1228 123 22 secrétaire
3746 1227 101 25 général,

3321 1254 44 21 fait
3383 1259 32 16 un
3430 1254 84 24 exposé
3530 1254 113 23 analogue
3663 1258 30 16 en
3709 1253 112 21 flamand.

3346 1286 43 20 Les
3408 1286 58 20 deux
3485 1286 105 19 orateurs
3608 1285 53 20 sont
3679 1284 171 24 fréquemment

3321 1310 127 24 applaudis.
3465 1310 32 20 Ils
3514 1310 53 20 font
3580 1313 113 20 conspuer
3709 1309 22 22 le
3748 1313 56 16 nom
3820 1309 29 20 de

3322 1335 31 20 M.
3375 1335 116 23 Petitjean
3512 1335 25 19 et
3561 1334 113 20 acclamer
3694 1338 57 16 ceux
3775 1333 29 21 de
3824 1333 26 21 la

3322 1360 93 23 plupart
3426 1359 41 21 des
3480 1359 189 24 parlementaires
3683 1360 40 23 qui
3736 1358 54 21 sont
3804 1362 33 17 an-

3322 1385 62 20 ciens
3400 1384 163 21 combattants.

3348 1415 195 20 Successivement
3555 1415 32 20 M.
3600 1415 51 20 Van
3663 1415 29 20 de
3705 1414 77 24 Wiele,
3795 1413 41 26 pré-

3322 1440 76 20 sident
3412 1440 29 20 de
3454 1440 23 20 la
3491 1440 25 20 F.
3531 1440 27 20 N.
3574 1440 31 22 C,
3619 1440 31 19 M.
3664 1439 109 25 Delvaux,
3785 1438 50 22 délé-

3323 1465 42 23 gué
3389 1465 39 20 des
3448 1465 95 20 anciens
3566 1464 158 21 combattants
3746 1463 92 21 socialis-

3324 1491 41 21 tes,
3388 1489 33 20 M.
3445 1488 69 23 Baril,
3535 1488 120 21 secrétaire
3694 1488 93 24 général
3821 1489 30 21 de

3323 1514 90 20 l'Union
3435 1514 39 20 des
3491 1513 162 23 Fraternelles;
3673 1514 33 20 M.
3726 1514 125 22 Debacker,

3323 1538 116 25 président
3461 1539 28 19 de
3511 1538 92 20 l'Union
3625 1538 39 20 des
3683 1537 112 22 Invalides
3816 1538 22 21 ci-

3323 1563 42 21 vils
3384 1564 27 20 de
3430 1563 23 20 la
3468 1567 90 20 guerre;
3579 1564 21 19 le
3615 1562 129 21 lieutenant
3746 1562 104 23 -général

3323 1588 86 24 Tollen,
3432 1592 31 16 au
3481 1592 55 15 nom
3572 1587 40 20 des
3647 1587 141 24 prisonniers
3821 1588 30 20 de

3323 1617 87 20 guerre,
3428 1613 60 19 ainsi
3504 1616 43 20 que
3567 1612 40 20 des
3627 1611 105 23 délégués
3749 1612 101 21 d'autres

3323 1638 141 23 organismes
3487 1637 27 20 de
3538 1641 87 19 guerre,
3649 1637 124 24 apportent
3792 1637 46 25 l'ap-

3324 1662 40 23 pui
3380 1663 58 19 total
3451 1662 29 20 de
3497 1662 60 20 leurs
3573 1661 150 21 associations
3738 1661 14 21 à
3767 1661 24 21 la
3806 1662 31 20 Fé-

3324 1687 111 22 dération.

3350 1717 32 21 Bf.
3396 1718 48 20 Cox
3461 1717 136 20 (Bruxelles)
3614 1718 24 19 et
3651 1718 73 20 l'abbé
3737 1718 115 22 Heyvaert

3328 1743 106 20 (Anvers»
3451 1742 145 24 préconisent
3611 1747 30 15 en
3657 1742 85 21 termes
3754 1742 99 21 violenta

3327 1772 20 15 ia
3368 1767 103 20 création
3492 1767 28 20 de
3537 1766 87 21 milices
3645 1767 28 20 de
3695 1766 103 25 défense;
3820 1768 33 20 M.
3864 1784 4 4 .

3326 1792 76 22 Dcloz,
3423 1791 163 24 représentant
3624 1791 40 21 des
3702 1793 82 22 agents
3817 1792 29 21 de

3325 1817 78 22 l'Etat;
3423 1817 32 20 M.
3471 1817 97 20 Jeanne,
3588 1817 82 19 ancien
3688 1817 117 24 président
3824 1818 30 20 de

3325 1842 23 19 la
3366 1842 25 19 F.
3406 1842 27 19 N.
3452 1842 34 22 C;
3507 1840 31 23 91
3558 1841 116 20 Whittock
3697 1841 154 25 (Limbourg);

3325 1865 32 22 M.
3373 1866 104 19 Léonard
3501 1865 96 24 (Liège),
3617 1866 21 20 le
3655 1865 93 25 général
3768 1866 87 24 Cornil»

3326 1890 93 24 délégué
3438 1891 40 19 des
3495 1890 103 21 officiers
3617 1890 28 20 de
3664 1895 87 19 guerre,
3770 1891 85 21 ancien

3326 1916 113 19 directeur
3455 1915 92 23 général
3565 1915 31 20 du
3617 1916 121 23 personnel
3757 1916 32 21 du
3807 1916 33 21 mi-

3329 1939 86 21 nistère
3439 1939 31 20 île
3491 1940 24 19 la
3538 1940 103 21 (Défense
3665 1940 128 24 nationale,
3814 1941 33 20 M.

3326 1965 120 20 Moerman
3468 1964 42 20 (Fl.
3528 1965 74 22 ceci.),
3617 1965 33 19 M.
3667 1965 106 20 Kerkhof
3793 1966 47 20 (sec-

3327 1990 48 19 tion
3395 1989 64 24 belge
3475 1989 15 20 à
3509 1989 85 24 Paris),
3612 1989 53 20 font
3683 1989 22 21 le
3725 1989 80 25 procès
3822 1990 32 21 du

3327 2014 178 23 gouvernement
3524 2015 23 19 et
3566 2013 146 25 préconisent
3733 2014 25 21 la
3779 2014 62 21 mobi-

3326 2039 99 20 lisation.
3447 2038 75 24 (Appl.
3544 2038 138 21 unanimes.)

3352 2064 45 19 Sur
3411 2063 139 20 l'invitation
3564 2063 30 20 du
3610 2063 124 24 président,
3746 2063 23 23 le
3784 2063 57 25 géné-

3326 2088 36 21 ral
3375 2088 78 20 Cornil
3465 2088 36 20 est
3515 2088 91 23 adjoint
3617 2093 30 16 au
3662 2089 85 20 conseil
3761 2088 93 25 général

3327 2117 57 20 pour
3401 2117 110 20 préparer
3529 2114 23 19 la
3567 2113 162 20 mobilisation.

3446 2150 127 21 L'ORDRE
3591 2150 43 20 DU
3656 2150 78 21 JOUR

3353 2187 148 22 L'assemblée
3521 2187 83 24 adopte
3621 2192 82 16 encore
3722 2187 15 21 à
3754 2188 88 20 l'unani-

3328 2213 56 20 mité
3401 2212 80 21 Tordre
3499 2213 31 20 du
3547 2212 52 24 Jour
3616 2212 31 20 du
3662 2213 85 20 conseil
3761 2212 94 24 général

3329 2239 56 19 dont
3399 2238 33 20 les
3447 2237 143 20 conclusions
3604 2237 54 20 sont
3671 2237 34 20 les
3719 2237 118 21 suivantes
3848 2243 5 15 :

3349 2263 27 16 ■La
3391 2263 16 16 p
3422 2261 22 20 K.
3460 2261 15 18 L

3350 2288 62 16 Alerte
3428 2288 44 15 tous
3485 2287 28 16 les
3531 2287 90 16 invalides
3636 2288 20 15 et
3672 2287 78 17 anciens
3765 2288 90 16 combat,

3329 2312 59 18 tacts,
3404 2313 41 15 leur
3460 2312 75 17 déclare
3551 2311 56 20 qu'ils
3625 2315 20 13 se
3663 2312 90 16 trouvent
3771 2315 25 13 en
3812 2312 44 17 itat

3330 2337 22 16 de
3370 2337 83 18 légitime
3471 2337 23 16 de
3512 2336 77 17 défense
3608 2338 19 14 et
3646 2336 54 19 qu'Us
3719 2337 34 16 ont
3770 2337 17 17 le
3803 2337 53 17 droit

3330 2363 19 15 et
3364 2362 17 16 le
3395 2362 63 15 devoir
3474 2362 23 15 de
3511 2361 77 16 résister
3605 2364 45 13 avec
3664 2361 19 16 la
3699 2361 87 17 dernière
3799 2361 47 17 éner-

3330 2387 29 17 gie
3375 2390 37 13 aux
3427 2390 83 12 mesuras
3527 2386 23 16 de
3568 2386 102 18 spoliation
3689 2386 80 17 dirigées
3788 2386 67 17 contre

3330 2414 42 17 eux,

3351 2436 69 16 Dâcide
3435 2436 45 19 qu'il
3497 2439 24 13 ne
3535 2436 45 19 peut
3597 2435 40 18 être
3655 2436 87 17 Question
3758 2437 24 15 de
3797 2437 59 17 neco-

3331 2461 81 16 clatlons
3425 2464 25 13 ou
3464 2461 23 16 de
3501 2460 151 18 marchandages
3669 2461 19 15 et
3704 2461 57 18 qu'on
3777 2463 25 14 ne
3816 2461 30 16 dis-

3331 2486 43 16 cute
3391 2489 34 16 pas
3442 2488 45 14 avec
3501 2485 113 19 l'agresseur
3631 2485 46 16 d'un
3693 2485 114 17 patrimoine
3824 2489 21 13 sa-

3331 2511 37 19 cré.

3353 2535 79 17 Affirme
3448 2539 35 15 que
3498 2535 63 16 toutes
3576 2534 27 17 les
3621 2534 105 20 catégories
3743 2535 113 17 d'invalides

3332 2560 44 16 sont
3390 2560 98 17 solidaires
3502 2561 19 15 et
3536 2563 34 14 que
3586 2560 27 16 les
3627 2559 36 17 lois
3677 2559 83 17 forment
3775 2562 27 14 un
3813 2559 43 17 bloc

3333 2586 108 17 intangible,

3353 2609 96 17 Résistera
3464 2609 11 17 à
3489 2609 64 17 toutes
3568 2609 103 17 tentatlres
3689 2612 35 15 que
3741 2608 39 18 l'on
3797 2609 60 17 ferait

3331 2638 48 16 pour
3395 2637 49 14 nous
3460 2634 76 17 diviser;

3353 2659 62 17 Invite
3437 2660 63 16 toutes
3522 2663 30 13 ses
3572 2659 82 17 sections
3676 2658 12 17 à
3710 2658 90 21 préparer
3823 2658 34 17 dès

3333 2684 122 18 aujourd'hui
3475 2684 41 16 leur
3536 2684 128 16 mobilisation
3684 2683 21 16 «t
3725 2683 12 16 4
3761 2687 21 12 se
3805 2683 51 17 tenir

3332 2709 64 20 prêtes
3414 2709 11 16 k
3441 2708 92 20 répondre
3552 2712 24 13 au
3594 2708 80 19 premier
3693 2708 55 19 appel
3766 2708 26 17 du
3810 2711 46 14 con-

3332 2734 35 16 seU
3383 2733 80 18 fédéral;

3353 2759 80 16 Adresse
3451 2759 11 16 &
3480 2758 63 17 toutes
3563 2758 28 17 les
3612 2758 129 17 Associations
3762 2757 23 18 de
3805 2761 41 14 com-

3332 2783 88 17 battants
3440 2786 27 14 un
3484 2783 71 17 cordial
3575 2782 52 18 salut
3643 2783 19 16 et
3678 2782 27 17 les
3725 2782 90 17 remercie
3833 2782 24 17 de

3333 2808 40 17 leur
3390 2809 58 19 appui
3465 2808 101 18 fraternel;

3354 2833 91 16 Constate
3465 2836 45 13 avec
3525 2834 38 18 Joie
3580 2836 35 16 que
3632 2832 19 17 le
3670 2832 53 17 front
3738 2832 71 19 unique
3824 2832 35 17 des

3334 2858 80 17 Anciens
3438 2857 135 17 Combattants
3593 2857 30 17 est
3647 2856 95 17 constitué
3767 2860 47 16 pour
3838 2857 21 17 ls

3333 2883 77 16 défense
3425 2883 22 16 de
3462 2886 36 13 nos
3513 2883 61 16 droits
3587 2881 95 18 menacés;
3746 2882 4 11 '

3354 2908 71 18 Adjure
3443 2907 19 17 le
3480 2908 146 18 gouvernement
3643 2908 22 16 de
3682 2906 89 17 réfléchir
3790 2910 69 14 encore

3334 2934 59 15 avant
3411 2933 23 16 de
3453 2932 85 16 déclarer
3556 2931 20 17 la
3591 2934 67 16 guerre
3677 2934 37 13 aux
3729 2931 95 17 Invalides
3839 2932 20 16 ct

3333 2958 81 15 Anciens
3434 2956 134 17 Combattants
3588 2957 21 16 et
3627 2956 59 16 attire
3707 2959 34 13 son
3762 2956 97 16 attention

3332 2985 34 13 sur
3379 2984 42 14 leur
3436 2982 41 15 état
3489 2981 24 17 de
3526 2981 137 16 surexcitation
3678 2980 102 17 découlant
3807 2980 40 17 d'at-

3333 3008 67 17 taques
3418 3008 46 18 trop
3486 3006 101 17 haineuses
3608 3006 20 16 et
3651 3006 85 19 pouvant
3760 3005 98 17 entraîner

3332 3032 28 15 les
3379 3032 50 19 pires
3447 3032 61 17 excès;

3353 3057 44 15 Fais
3411 3056 55 19 appel
3481 3059 38 13 aux
3535 3055 157 20 parlementaires
3708 3055 93 20 patriotes
3818 3056 40 15 les-

3332 3081 52 16 cvels
3404 3081 83 16 forment
3504 3080 105 17 l'immenre
3627 3080 90 19 majorité
3732 3080 20 16 et
3770 3079 28 17 les
3817 3080 41 19 prie

3333 3106 123 16 insiammcnt
3474 3106 23 15 de
3518 3108 99 16 repousser
3638 3108 46 13 avec
3703 3104 80 17 horreur
3804 3104 55 17 toute

3333 3130 116 19 proposition
3471 3130 64 16 lésant
3556 3133 36 13 nos
3615 3129 61 17 droits
3696 3130 20 16 et
3739 3128 109 18 méconnais-

3332 3158 45 13 sant
3391 3155 28 16 les
3433 3155 74 16 devoirs
3524 3154 23 17 de
3562 3154 20 17 la
3596 3155 76 17 nation:

3354 3180 24 16 Kt
3391 3183 48 15 pour
3454 3179 18 18 le
3487 3182 34 13 cas
3533 3179 35 16 où.
3573 3182 36 16 par
3623 3178 107 20 impossible
3745 3178 19 17 le
3779 3182 69 16 gouver-

3332 3205 78 15 nement
3430 3204 102 16 donnerait
3553 3204 50 17 suite
3625 3207 38 13 aux
3681 3203 72 20 projets
3775 3203 83 17 Infâmes

3335 3229 89 19 préparés
3445 3229 49 17 dans
3517 3229 78 16 l'ombre
3620 3232 35 15 par
3676 3229 135 18 quelques-uns
3833 3231 24 14 oe

3333 3257 30 13 ses
3382 3254 152 16 fonctionnaires
3556 3257 6 12 :

3353 3279 91 16 Donnent
3458 3278 80 17 mandat
3551 3281 25 13 au
3591 3278 70 16 conseil
3675 3277 73 17 fédéral
3762 3278 97 20 d'appeler

3332 3304 12 15 &
3361 3304 97 16 Bruxelles
3473 3307 47 16 pour
3540 3307 37 12 ur.»
3595 3303 146 16 manifestation
3757 3304 102 17 grandiose

3333 3329 19 15 et
3368 3328 102 19 énergique
3488 3328 24 16 de
3531 3328 128 19 protestation
3674 3330 19 14 et
3713 3327 148 17 d'écœurement

3333 3354 43 15 tous
3389 3352 27 18 les
3431 3352 92 17 lnralldes
3537 3353 25 16 du
3576 3356 54 15 pays;

3354 3378 97 15 Remercie
3474 3378 33 15 des
3532 3377 11 16 &
3564 3377 77 17 présent
3672 3377 28 16 les
3734 3377 124 17 Fédérations

3333 3402 99 16 d'Anciens
3450 3402 135 17 Combattants
3616 3402 23 17 de
3670 3401 45 17 bien
3744 3402 74 17 vouloir
3838 3406 22 13 ss

3333 3427 74 19 Joindre
3424 3430 26 13 au
3466 3427 127 16 mouvement.

3358 3451 33 20 La
3403 3452 82 20 séance
3501 3453 35 19 est
3551 3451 61 21 levée
3625 3451 14 21 à
3655 3451 13 21 5
3680 3451 24 21 h.
3719 3452 32 20 45.
3764 3461 27 6 —
3802 3452 30 20 X.

2782 3882 37 28 LE
2845 3881 172 28 DESESPOIR
3032 3881 94 27 D'UNE
3149 3881 158 28 AVIATRICE

2878 3938 42 22 (De
2935 3938 65 19 notre
3016 3937 194 24 correspondant.)

2808 3967 71 24 Parts,
2899 3968 13 20 8
2932 3967 98 21 octobre.
3047 3977 27 5 —
3096 3968 55 20 (Par
3167 3966 139 26 téléphone).

2783 4003 25 5 —
2822 3992 55 21 Mlle
2891 3992 84 21 Denise
2990 3991 81 23 Collin,
3086 3991 115 24 aviatrice,
3215 3997 14 15 a
3243 3992 63 21 tenté

2782 4018 28 20 de
2825 4022 25 16 se
2864 4017 99 21 suicider
2976 4017 81 21 l'autre
3072 4016 52 22 nuit
3139 4021 29 16 en
3183 4017 123 20 absorbant

2783 4043 30 20 du
2829 4041 100 21 véronal.

2808 4066 187 22 Heureusement;
3013 4070 47 17 une
3078 4066 29 20 de
3125 4070 37 17 ses
3179 4066 73 20 amies
3269 4066 37 24 qui

2782 4092 77 22 devait
2879 4091 33 20 lui
2932 4091 82 20 rendre
3023 4090 76 21 svisite
3119 4090 15 20 à
3155 4091 56 20 midi
3231 4091 74 19 arriva

2783 4121 29 15 en
2831 4120 93 18 avance,
2942 4119 51 16 vers
3012 4115 24 19 10
3053 4115 89 21 heures,
3159 4116 25 19 et
3199 4115 107 20 trouvant

2782 4141 54 20 Mlle
2854 4140 75 21 Collin
2946 4139 124 22 endormie,
3087 4139 73 20 alerta
3178 4143 33 18 un
3229 4139 64 21 méde-

2782 4166 37 19 cin
2838 4165 38 23 qui
2894 4164 30 20 fit
2943 4164 142 24 transporter
3103 4164 23 20 la
3144 4163 130 25 désespérée
3291 4164 15 20 à

2783 4189 109 25 l'hôpital.

2809 4212 138 25 Interrogée,
2978 4213 56 20 Mlle
3065 4212 76 21 Collin
3170 4217 15 16 a
3215 4212 90 23 déclaré

2781 4239 80 24 qu'elle
2879 4238 63 21 avait
2960 4237 40 21 des
3017 4237 127 21 difficultés
3163 4237 143 21 matérielles.

2782 4264 48 20 Elle
2837 4264 74 20 -avait
2930 4266 35 18 eu,
2984 4261 146 24 récemment,
3149 4266 33 16 un
3202 4262 104 20 accident

2782 4288 98 21 d'avion,
2897 4288 24 19 et
2941 4291 24 16 se
2982 4287 102 19 trouvait
3103 4291 29 15 en
3152 4286 153 20 contestation

2782 4317 54 16 avec
2851 4312 22 20 la
2888 4311 133 24 compagnie
3036 4311 164 20 d'assurances.

2807 4338 20 18 A
2847 4334 110 31 l'hôpital,
2976 4340 30 16 on
3028 4340 78 15 assure
3127 4340 44 19 que
3193 4335 64 21 l'état
3269 4336 36 20 "de

2781 4361 55 21 Mlle
2854 4361 75 20 Collin
2942 4363 36 19 est
2993 4360 41 20 des
3050 4360 51 24 plus
3113 4359 152 22 satisfaisant.

2808 4401 31 47 Do
2858 4401 152 54 iBwmiï
3029 4402 14 44 i
3064 4401 21 45 la
3108 4403 70 43 riace
3196 4404 84 51 lojae

2801 4464 51 15 C'est
2864 4463 18 16 le
2895 4462 72 17 samedi
2981 4462 10 16 8
3003 4461 76 16 octobre
3093 4464 36 16 que
3142 4462 97 16 Monsieur
3252 4463 53 16 René

2779 4484 94 18 Rucii-oiS
2895 4483 18 17 le
2924 4487 17 12 si
2954 4481 114 17 «cueillant
3083 4482 94 15 directeur
3192 4482 26 16 du
3234 4487 9 10 •
3257 4483 36 16 Lae-

2779 4504 45 15 titia
2835 4503 72 16 Bour»
2920 4506 16 15 >,
2949 4501 103 20 reprtndra
3063 4501 19 16 la
3093 4502 93 15 direction
3198 4502 24 15 du
3236 4508 9 9 ■
3258 4503 46 17 Clo-

2780 4523 22 16 bs
2817 4527 16 14 >,
2845 4522 20 16 la
2876 4521 62 17 vieille
2952 4522 74 15 maison
3040 4521 23 16 de
3075 4521 19 16 la
3106 4521 53 18 place
3173 4521 77 19 Royale.

2800 4542 15 16 A
2833 4542 50 16 cette
2900 4541 94 18 occasion,
3011 4543 25 13 on
3054 4543 93 14 renouera
3164 4541 11 15 k
3190 4540 20 18 la
3226 4542 78 17 taverne

2779 4561 20 17 la
2811 4561 93 17 tradition
2918 4561 23 16 de
2955 4561 19 16 la
2988 4559 121 20 dégustation
3121 4560 22 18 de
3155 4561 51 16 bière
3219 4562 85 19 anglaise

2779 4585 24 12 au
2820 4582 91 14 tonneau.

2801 4600 64 18 Quant
2882 4603 24 13 au
2923 4600 116 17 restaurant,
3057 4600 47 16 dont
3120 4600 66 19 l'éloge
3199 4602 51 15 n'est
3263 4601 42 20 plus

2780 4620 11 16 è.
2809 4620 55 16 faire.
2883 4620 13 15 11
2915 4619 81 19 gardera
3013 4622 30 13 ses
3061 4619 114 19 spécialités.
3191 4621 30 16 On
3236 4624 13 16 y
3265 4625 30 12 ser-

2780 4639 42 15 vi-»
2846 4639 56 16 ent-e
2924 4639 72 16 autres,
3017 4641 26 13 un
3069 4640 80 16 rnmard
3170 4641 62 16 entier
3254 4641 48 16 frais

2778 4659 124 19 mayonnaise
2920 4661 47 16 pour
2985 4658 67 19 quinze
3070 4658 72 20 francs,
3159 4663 38 13 une
3213 4660 91 17 douzaine

2780 4684 21 12 .e
2817 4679 92 15 .L-L-unie;
2927 4681 48 16 ^ojt
2995 4679 18 15 ll
3033 4679 71 17 franc*,
3123 4682 47 13 sans
3190 4680 63 18 parler
3271 4681 33 16 des

2792 4698 87 18 é.'eur.e-s
2890 4698 17 15 si
2918 4697 106 16 r:nommés
3038 4697 12 16 i
3063 4698 20 16 15
3095 4699 65 16 francs
3174 4699 20 17 et
3206 4700 33 16 des
3252 4699 39 17 célè-

2778 4717 43 16 bres
2845 4720 67 13 menus
2939 4719 54 15 (avec
3016 4717 81 17 homard
3121 4719 20 16 et
3165 4719 99 19 poularde)
3291 4719 12 17 à

2778 4738 21 14 25
2811 4737 72 16 francs.

2777 4776 96 16 merveille
2886 4776 49 16 dans
2949 4776 50 16 eette
3013 4777 74 17 maison
3100 4777 18 17 sl
3130 4781 80 14 connue.
3225 4778 79 16 'HÎ3137

2290 5345 434 49 MONITEUR

2406 5406 25 16 du
2442 5406 11 15 fi
2465 5406 76 17 octobre
2552 5406 50 17 1632.

2420 5462 166 16 AGUICrLTURE

2264 5488 34 16 Bst
2315 5486 71 18 Insérée
2403 5485 20 18 la
2440 5485 43 17 liste
2499 5486 23 17 de
2539 5487 120 16 nombreuses
2676 5488 76 16 nomina-

2244 5507 51 16 tions
2310 5506 49 17 dans
2374 5506 28 17 les
2418 5505 102 17 direction*
2537 5506 22 16 dt
2576 5506 82 17 diverses
2674 5508 88 16 watsrln-

2243 5528 51 17 g-ats.

2844 4822 70 42 Le
2939 4823 196 50 matin,
3159 4821 95 44 dès

2800 4890 49 44 fie
2871 4891 168 51 lever,
3064 4900 225 47 mangez

2800 4961 92 43 des
2931 4959 167 44 fruits
3111 4989 14 15 .
3139 4989 13 14 .
3167 4990 13 14 .
3197 4961 91 42 des

2801 5039 248 47 pommes
3084 5027 205 45 mûres

2798 5127 100 16 ....
2926 5099 107 41 des
3075 5099 213 53 poires

2801 5170 355 47 juteuses....
3194 5166 92 42 des

2800 5237 240 42 bananes
3057 5233 229 54 Fyffss,

2847 5301 403 52 sélectionnées,

2800 5371 185 43 mûres
3039 5374 246 51 toujours

2799 5440 233 43 fraîciies
3048 5468 102 15 ....

2867 5530 27 11 -
2893 5530 70 9 —
2962 5530 55 10 —
3016 5522 54 24 ►*••
3069 5529 54 9 —
3122 5528 4 12 *
3125 5529 50 9 —
3174 5530 68 19 =_.
3285 5543 6 5 .

3331 3527 69 60 LE
3417 3526 114 61 BAS
3548 3526 315 60 ACADEMIC

3707 3617 82 44 sans

3644 3670 202 50 caoutchouc

3701 3734 84 44 avec

3699 3786 87 50 talon

3667 3845 154 49 renforce

3680 3899 126 39 (breveté)

3691 3941 107 51 efface

3718 4000 52 50 IGS

3674 4059 137 49 uarices

3738 4129 121 23 (21/D1363

3357 4196 30 20 Lq
3404 4195 40 20 bas
3460 4197 154 21 ACADEMIC
3631 4198 55 20 EST
3702 4199 157 25 INVISIBLE,

3330 4220 85 24 souple,
3429 4221 88 21 lavable
3533 4223 24 20 et
3573 4216 65 27 muni
3654 4223 54 20 d'un
3723 4223 65 22 talon
3803 4225 41 24 spé-

3331 4245 50 19 cial.
3393 4245 20 19 Il
3425 4247 37 18 est
3473 4247 161 21 recommandé
3645 4252 43 19 par
3697 4248 21 20 le
3730 4253 66 20 corps
3807 4249 37 21 mé-

3331 4269 66 20 dical.
3413 4269 31 21 Le
3461 4270 42 21 bis
3519 4271 156 21 ACADEMIC
3691 4274 36 20 est
3743 4278 30 16 en
3789 4275 69 19 vente

3331 4294 100 23 partout,
3445 4296 23 18 ct
3480 4294 15 21 à
3508 4295 117 22 Bruxelles
3643 4301 6 15 :
3664 4297 56 21 Phle
3732 4297 79 24 PAIX,
3825 4299 33 24 88,

3331 4318 77 20 chaus.
3420 4318 28 21 de
3459 4319 90 23 Wavre;
3564 4321 62 19 BON
3637 4321 125 21 MARCHÉ
3775 4333 24 5 —
3811 4324 33 20 IN-

3331 4342 163 23 NOVATION:
3512 4344 101 21 maisons
3623 4349 6 15 :
3648 4346 152 21 SEYFFERT
3821 4352 38 18 av.

3330 4367 90 23 Louise;
3439 4368 140 23 JACQUET,
3596 4374 41 17 rue
3654 4371 93 24 Royale.
3761 4381 26 6 —
3803 4373 41 19 AN-

3330 4392 76 20 VERS
3416 4396 6 16 :
3444 4393 57 22 Phie
3522 4394 110 23 BRABO,
3646 4400 41 16 rue
3708 4395 98 23 Pélican,
3826 4396 32 22 où

3330 4421 56 16 vous
3398 4421 102 16 recevrez
3512 4419 165 22 gratuitement
3688 4420 23 20 la
3721 4420 137 24 littérature.

3360 4469 179 65 Rhume
3550 4471 63 63 de
3631 4473 200 66 Cerveau

3385 4543 130 26 Soulage:-lc
3537 4545 42 21 vite
3601 4552 26 15 en
3650 4547 90 25 aspirant
3762 4548 62 21 Vicks

3357 4573 109 27 VapoRub
3480 4576 81 21 dissous
3575 4577 52 21 dans
3641 4578 26 20 de
3682 4578 53 21 l'eau
3749 4578 65 22 bouill-

3572 4613 54 16 ante*
3653 4608 117 23 Mettez-en
3794 4615 30 16 un

3572 4644 41 20 peu
3675 4640 53 20 dans
3794 4640 30 21 les

3571 4670 88 21 narines.

3559 4716 252 73 VICKS

3575 4771 40 31 ▼
3627 4774 181 29 VapoRub

3363 4850 34 28 U
3418 4850 142 28 PREMIERE
3580 4849 108 29 AQENCE
3709 4849 89 29 BELGE

3361 4886 22 15 do
3402 4885 211 17 BENSEIG.NEMENTS
3632 4886 176 16 COMMERCIAUX

3399 4911 96 31 MPi-l'l
3518 4910 124 32 BETS
3662 4911 32 31 &
3715 4910 58 32 C»

3421 4949 28 15 SZ.
3466 4952 34 13 rue
3517 4951 68 14 Neuve.
3601 4949 28 17 02,
3648 4949 95 16 Br-jxr-Tie*

3440 4968 25 16 Sa
3479 4968 153 16 documentation
3648 4969 70 16 cr-clst

3467 4987 33 15 t*»***
3511 4988 42 16 nrix
3565 4989 119 15 Hvantareux
3778 4988 68 16 'H224S

3339 5025 35 29 Ile
3389 5025 148 37 Exposition
3549 5026 33 29 de
3594 5026 24 29 fa
3634 5025 194 38 Photographie

3343 5099 15 16 A
3373 5099 101 17 l'oceaiion
3491 5099 24 16 de
3530 5099 19 16 1»
3565 5099 56 17 rUlte
3637 5099 100 20 prolont*e
3753 5100 49 19 qu'U
3817 5100 28 17 fit

3321 5121 24 14 au
3362 5119 57 16 sttnd
3435 5118 112 18 F0T03EL.
3564 5119 65 17 S.A.R.
3646 5120 18 16 le
3679 5120 67 16 Prince
3762 5120 82 18 Léopold

3320 5142 12 12 a
3347 5138 43 16 bien
3406 5138 55 16 voulu
3477 5138 24 16 Se
3515 5138 50 16 faire
3580 5139 73 16 ilonner
3668 5140 34 15 de»
3716 5139 128 19 explication*

3319 5157 97 17 dîtsilîêss
3432 5160 34 13 sur
3481 5157 27 16 >s
3524 5159 87 16 produit*
3626 5158 97 17 te+*T'.r>nm*
3739 5162 36 13 nar
3791 5160 52 16 cette

3316 5178 56 16 .'inné
3387 5179 20 15 et
3422 5177 47 17 dont
3484 5177 28 23 le^
3527 5178 69 16 hautes
3608 5177 83 20 qualités
3704 5178 139 20 photographe

3317 5201 45 15 qurs
3380 5198 99 16 L'avalent
3495 5198 154 17 manifestement
3665 5198 98 19 intéressé.

3340 5217 78 18 Notons,
3430 5220 24 13 en
3466 5217 54 18 effet,
3533 5221 36 16 que
3581 5218 27 16 les
3620 5219 110 18 &7randiue
3732 5219 62 17 ments
3806 5223 37 17 que

3318 5236 38 16 Son
3373 5236 72 16 Aif-s-re
3461 5236 71 17 Bo~a>
3549 5241 12 12 a
3577 5237 69 18 da!<n«
3663 5241 79 17 exposer
3758 5239 50 17 din*
3823 5239 19 17 le

3317 5255 57 17 stand
3389 5256 105 17 d'hoinîur
3507 5257 35 16 oct
3555 5256 30 18 été
3598 5257 80 17 obtenus
3691 5261 35 14 sur
3738 5259 104 16 BROMOR

3317 5275 23 16 tie
3354 5275 113 18 FOTOBEL.
3739 5278 101 20 (B22M3/2

3339 5313 38 17 Son
3389 5313 72 18 Altosse
3473 5314 76 19 Royale,
3562 5315 18 16 le
3591 5315 67 17 Prince
3670 5315 90 21 Léops'Af
3770 5321 12 13 a
3793 5317 49 19 ter.p

3317 5334 174 18 partic-'iUrem-nt
3505 5334 11 16 k
3531 5334 67 18 visiter
3610 5335 18 17 le
3641 5336 59 17 stand
3712 5336 25 17 de
3750 5336 20 17 la
3784 5337 57 18 firme

3317 5352 115 18 OZYA5T.T.
3448 5354 19 16 8.
3484 5354 21 16 A.
3520 5354 13 15 A
3548 5354 123 18 VIeux-Dfeu.
3687 5356 25 16 Le
3726 5356 67 17 Prince
3809 5357 33 18 fut

3316 5375 45 15 reçu
3374 5376 36 15 par
3421 5373 47 16 MM.
3482 5373 92 19 Laovers,
3588 5375 62 18 A*-nt
3662 5374 83 18 Général
3758 5378 50 16 poiir
3820 5376 22 17 la,

3316 5391 96 19 B:'e'.nue;
3433 5392 90 19 Lécn-rd,
3545 5394 96 16 direr'eur
3660 5394 34 17 des
3714 5396 81 16 serricef
3815 5396 26 17 de

3315 5412 127 18 propagande,
3456 5413 20 15 et
3488 5412 81 18 B-rard.
3584 5413 153 18 démonstrateur
3750 5418 24 13 en
3788 5415 51 17 chef.

3335 5430 35 18 Les
3387 5431 86 19 produit*
3489 5432 111 17 OBVAERT
3614 5434 45 15 sont
3674 5433 130 17 un!»eir****»—
3805 5435 35 17 *nt

3313 5450 103 20 »pprte"j.
3428 5452 55 16 Crt'e
3495 5452 57 16 fr-rre
3563 5452 75 19 fournit
3650 5453 43 17 tout
3703 5456 23 14 ee
3738 5454 46 19 qtrjî
3795 5453 46 19 tant

3311 5473 47 17 pour
3379 5469 18 19 le
3415 5471 145 20 professionnel,
3589 5472 107 21 l'amateur,
3717 5472 121 20 l'Industriel,

3315 5490 105 19 l'aviation,
3434 5493 42 17 etc.,
3490 5493 20 15 et
3521 5492 38 17 lait
3571 5494 141 16 constamment
3723 5494 33 16 6ei
3769 5498 7 12 i
3799 5496 42 16 oru

3315 5512 48 17 poux
3377 5513 21 14 m
3411 5511 105 17 maintenir
3529 5510 12 18 à
3556 5511 72 17 l'avant
3643 5512 58 20 garde
3715 5512 24 18 dv
3756 5513 82 18 r'—-**.

3759 5530 79 23 POKH
