4050 5845
142 254 63 60 La
216 252 216 62 Dernière
445 255 149 60 Heure

147 332 92 24 refuse
250 331 35 24 de
295 331 145 29 présenter
452 334 71 24 dans
535 340 43 17 ses

147 366 131 23 colonnes
304 371 110 19 comme
441 367 123 24 informa-

147 399 60 24 tion
240 399 137 28 objective
410 405 37 19 ou
480 401 98 23 article

147 432 183 25 désintéressé
345 433 138 25 émanant
498 434 34 24 de
547 440 32 17 sa

147 466 152 28 rédaction,
327 466 50 24 des
406 467 81 24 notes
515 467 49 23 ten-

146 499 164 25 dancieuses
325 500 30 23 et
370 500 49 24 des
436 500 90 24 textes
543 500 34 24 de

145 533 133 30 publicité
313 534 195 24 commerciale
541 539 37 19 ou

146 566 155 25 financière
337 566 85 29 payés
458 566 105 25 directe-

144 600 80 24 ment
240 605 36 19 ou
293 600 217 24 indirectement
525 607 52 23 par

147 634 48 24 des
210 633 76 24 tiers.

900 204 289 265 La
1272 208 1045 265 Dernière
2400 208 717 265 Heure

1091 496 77 44 LE
1198 496 163 46 PLUS
1391 500 225 45 GRAND
1647 502 304 44 JOURNAL
1979 502 231 50 BELGE,
2229 502 78 43 LE
2334 501 210 44 MIEUX
2572 487 365 56 RENSEIGNÉ

1619 564 241 32 BRUXELLES
1873 575 26 10 -
1912 564 64 39 52,
1986 563 87 32 RUE
2091 564 63 32 DU
2173 564 237 32 PONT-NEUF

3206 28 43 131 J

716 658 73 30 39""
813 653 143 38 ANNÉE
979 680 35 6 —
1037 661 51 31 N-
1097 662 139 30 334-335

1566 665 162 32 SAMEDI
1750 667 20 30 2
1792 666 53 31 ET
1867 665 228 32 DIMANCHE
2117 667 21 29 3
2160 659 230 38 DÉCEMBRE
2415 666 80 30 1944

2769 662 52 32 LE
2842 656 184 38 NUMÉRO
3050 671 9 21 :
3083 660 58 32 UN
3164 656 142 34 FRANC

3432 253 58 15 Etude
3504 253 23 16 de
3541 251 95 16 l'huissier
3650 250 138 17 BIF.SEMANS.
3804 249 85 16 Vlli-ord-

3443 280 435 57 -Mùes&nteliwllifc

3433 340 67 20 ton.
3517 338 92 17 cauvess.
3627 338 9 15 t
3639 341 24 12 m
3680 338 42 15 nui.
3739 337 17 16 T.
3774 336 75 16 1-.--.M
3858 337 33 17 se.

3427 353 42 28 40
3480 366 72 15 LUNDI
3569 365 11 16 <
3598 363 133 17 DECEMBRE,
3749 363 11 15 à
3779 362 20 16 U
3817 362 22 18 H.
3850 353 43 24 40

3428 398 81 32 RICHE
3519 398 84 32 VENIE
3614 396 138 33 PUBLIQUE
3763 394 130 33 SPECIALE

3432 439 93 20 Superbes
3538 439 88 18 BIJOUX
3641 446 8 6 •
3663 438 69 17 TAPIS
3745 438 17 16 D
3768 437 18 17 O
3786 437 73 16 RIENT
3871 436 20 16 et

3431 459 122 17 D'EUROPE.
3572 467 9 5 -
3599 458 130 17 MOBILIERS
3745 458 20 16 et
3782 456 110 17 MEUBLES

3432 479 13 17 d
3452 479 53 17 ART.
3527 487 9 5 -
3557 478 126 18 TABLEAUX
3704 477 24 17 de
3750 476 110 17 MAITRES-
3882 483 10 5 -

3433 498 161 18 PORCELAINES
3609 506 9 5 -
3633 497 89 17 OBJETS
3736 497 39 16 PA
3776 497 32 16 RT
3826 497 5 15 (
3833 495 58 17 bron-

3431 522 31 13 aes
3489 519 20 16 et
3536 518 93 18 marbres)
3633 529 5 5 .
3702 516 157 17 ARGENTERIE.
3882 522 9 5 -

3432 538 132 17 MANTEAUX
3589 538 23 17 de
3637 536 144 18 FOURRURES
3807 543 8 5 -
3841 536 49 16 etc..

3431 557 146 19 EXPOSITION
3585 561 6 14 :
3608 556 102 18 dimanche
3726 556 11 16 3
3753 555 98 17 décambre
3867 553 24 18 de

3433 578 21 16 10
3469 578 19 17 h.
3504 577 13 17 fc
3534 577 19 17 13
3568 577 20 18 h.
3603 577 20 17 et
3638 576 24 18 de
3679 576 21 17 14
3714 575 20 18 h.
3750 575 12 17 fc
3779 575 21 18 17
3814 574 76 18 beures.

3432 597 63 17 Lundi
3509 597 12 17 4
3536 597 102 18 décembre,
3655 596 25 17 de
3695 596 11 17 9
3722 594 31 20 1/1
3768 595 20 17 h.
3805 594 13 17 à
3834 594 21 17 11
3870 593 20 17 h.

3527 623 104 19 Catalogue
3650 626 34 13 sur
3692 620 104 21 .-demande

3431 646 168 20 Renseignements
3614 649 6 15 :
3634 645 70 21 téléph.
3718 645 27 17 n.
3747 644 49 17 19.90
3811 642 79 20 U/D335
3912 651 4 6 .

94 808 341 99 Nouvelle
450 812 339 117 politique
804 828 371 103 étrangère

94 1194 111 111 DÎH

216 1194 43 20 Les
270 1192 112 25 dépêche*
394 1194 185 25 communiquée-
592 1199 31 16 au

230 1217 76 25 public
325 1222 44 20 par
389 1218 40 22 des
450 1224 96 19 agences
565 1219 46 21 offi-

230 1242 130 21 ciellement
386 1254 28 5 —
442 1245 58 18 mats
526 1243 97 21 souvent

230 1267 204 25 Incomplètement
447 1279 28 5 —
490 1267 130 23 Informées,

228 1293 43 21 ont
283 1292 81 25 appelé
376 1293 132 22 l'attention
521 1293 31 21 du
564 1297 45 21 peu-

87 1318 39 27 ple
138 1317 63 25 belge
213 1322 41 17 sur
266 1316 156 22 l'orientation
435 1317 105 22 nouvelle
553 1316 29 22 de
595 1322 27 16 sa

86 1342 110 27 politique
209 1341 126 25 étrangère.

112 1368 39 20 On
163 1371 17 17 a
192 1370 31 17 vu
235 1371 48 17 non
297 1371 56 16 sans
365 1367 100 24 surprise
480 1366 34 21 les
526 1367 94 19 anciens

88 1391 167 27 protagonistes
271 1391 28 20 de
315 1390 24 22 la
354 1391 110 25 politique
480 1391 141 20 d'isolement

88 1417 25 20 et
125 1416 29 20 de
167 1415 125 21 neutralité
305 1415 33 21 tel
351 1416 32 19 M.
397 1415 78 25 Spaak
489 1418 90 20 essayer
592 1414 30 20 de

88 1446 24 16 te
122 1439 84 21 revêtir
216 1440 148 21 maintenant
374 1440 29 20 de
413 1440 25 21 la
448 1439 70 25 gloire
529 1439 28 20 de
568 1438 41 25 pré-

88 1464 88 22 coniser
192 1469 44 16 une
252 1464 95 22 entente
363 1464 147 20 occidentale.
526 1463 97 21 Comme

87 1489 53 21 tous
154 1488 33 22 les
202 1489 115 20 convertis
331 1488 90 21 enclins
435 1488 16 20 à
465 1488 90 20 donner
569 1487 53 25 plus

87 1514 29 20 de
126 1517 68 20 gages
206 1513 70 24 qu'un
287 1513 83 22 ancien
382 1512 69 21 fidèle
463 1512 96 24 n'ayant
571 1512 49 21 rien

86 1537 16 22 i
126 1542 26 17 se
178 1538 58 21 îaire
263 1537 138 25 pardonner,
427 1537 32 19 M.
480 1536 77 25 Spaak
585 1537 37 20 est

87 1561 145 25 aujourd'hui
259 1556 52 30 prêt
338 1565 44 16 aux
404 1562 165 23 engagements
589 1561 33 21 les

87 1586 51 26 plus
156 1591 87 20 graves,
260 1587 25 20 et
301 1586 18 20 11
336 1590 16 20 y
370 1590 15 17 a
403 1585 46 21 lieu
468 1585 28 22 de
515 1586 106 20 craindre

88 1615 42 42 3ue
142 1615 27 16 ce
182 1615 142 20 personnage
337 1609 32 22 du
383 1610 73 25 passé,
470 1615 26 16 ce
510 1612 112 20 revenant

103 1641 12 16 e
136 1635 121 22 1940-1942,
278 1640 31 16 ne
328 1635 73 21 mette
422 1640 36 16 ses
479 1640 142 18 successeurs

87 1660 85 22 devant
188 1660 42 20 des
249 1659 57 21 faits
323 1660 124 24 accomplis
467 1664 39 16 sur
525 1660 96 25 lesquels

87 1685 17 22 11
116 1689 53 17 sera
182 1684 96 23 difficile
293 1688 30 17 ou
337 1684 132 25 impossible
482 1685 29 20 de
526 1684 96 22 revenir.

110 1710 37 20 En
158 1713 58 21 gros,
231 1708 23 21 la
267 1709 110 24 politique
390 1709 117 21 d'entente
520 1714 54 16 avec
588 1710 33 20 les

86 1734 77 21 autres
181 1733 71 25 petits
278 1734 67 21 Etats
371 1734 157 22 occidentaux,
547 1734 25 21 et
592 1733 29 22 de

87 1758 89 21 ceux-ci
196 1762 56 17 avec
273 1758 25 21 la
318 1758 89 21 France
428 1759 24 20 et
472 1758 149 24 l'Angleterre

87 1783 34 22 est
132 1787 46 19 une
189 1782 113 21 nécessité
315 1782 98 25 imposée
425 1787 45 20 par
480 1783 25 21 la
515 1782 106 22 sécurité.

87 1807 58 23 Mais
163 1811 44 26 que
227 1807 29 21 de
276 1807 99 21 variétés
393 1808 55 22 sont
468 1807 110 25 possibles
597 1808 23 20 et

88 1832 66 22 d'une
169 1830 143 26 Importance
327 1831 107 25 capitale,
448 1832 61 21 dans
524 1831 85 22 l'exécu-

87 1856 47 22 tion
161 1857 29 20 de
216 1856 61 22 cette
303 1855 97 22 entente
426 1856 101 23 d'abord,
548 1858 24 20 et
592 1857 29 20 de

87 1881 155 24 l'ajustement
255 1879 29 23 de
297 1880 91 21 celle-ci
401 1885 47 16 aux
462 1880 116 24 relations,
593 1881 28 21 de

87 1904 94 23 -écurl'é
199 1904 56 22 elles
272 1905 69 23 aussi,
360 1909 55 17 avec
432 1905 34 21 les
483 1905 137 22 Etats-Unis

88 1932 21 19 et
123 1933 54 18 avec
192 1929 128 22 ÎTT.'R.S.S.!

667 1195 30 20 Et
720 1195 55 21 c'est
797 1194 30 21 Ici
851 1199 44 21 que
917 1200 60 17 nous
999 1197 110 21 estimons
1133 1199 42 22 que

642 1220 31 20 M.
683 1219 85 24 Spaak,
777 1223 30 17 en
817 1220 78 20 raison
905 1221 30 20 de
943 1225 43 17 son
996 1221 66 25 passé
1070 1222 104 20 d'avant-

642 1247 86 21 guerre,
744 1243 31 22 de
790 1248 44 17 son
852 1244 101 22 attitude
970 1246 30 21 de
1017 1246 51 21 1940
1084 1246 16 20 à
1119 1246 56 23 1942,

642 1268 24 20 et
681 1267 29 22 de
723 1272 45 17 son
782 1267 117 23 évolution
915 1269 128 24 ultérieure,
1059 1271 59 20 n'est
1133 1274 42 20 pas

642 1291 94 25 qualifié
747 1293 215 24 personnellement,
974 1295 23 20 et
1008 1294 75 22 moins
1093 1298 82 18 encore

641 1320 89 17 comme
747 1317 102 22 membre
867 1318 54 21 d'un
940 1320 178 23 gouvernement
1136 1319 38 23 qui

642 1341 38 20 n'a
692 1345 43 21 pas
746 1341 23 21 la
781 1342 121 22 confiance
913 1343 33 20 du
958 1347 63 20 pays,
1032 1347 58 21 pour
1103 1346 59 20 enga-

642 1370 40 20 ger
705 1366 24 22 la
753 1366 109 26 Belgique
886 1369 59 20 dans
970 1372 46 17 une
1038 1368 50 21 voie
1113 1368 61 20 aussi

642 1395 70 20 grave
722 1392 26 21 et
759 1392 70 21 d'une
840 1393 62 21 aussi
914 1393 84 24 longue
1008 1393 85 24 portée,
1106 1392 22 21 n
1138 1394 37 20 est

642 1420 46 21 peu
701 1418 128 22 rassurant,
843 1422 31 16 au
887 1418 99 24 surplus,
1000 1423 58 19 pour
1071 1418 34 20 les
1118 1422 56 21 pays

642 1446 56 16 avec
710 1442 41 25 qui
763 1443 68 21 notre
843 1447 57 20 pays
913 1443 113 25 s'apprête
1041 1443 14 21 à
1069 1443 105 20 conclure

641 1467 42 21 des
704 1467 112 24 ententes,
837 1468 29 20 de
888 1468 117 21 constater
1024 1468 107 21 l'adresse
1151 1469 23 19 et

642 1492 24 21 la
679 1492 156 22 désinvolture
849 1493 30 21 de
892 1492 89 25 Frégoli
995 1493 110 26 politique
1119 1497 56 16 avec

642 1517 119 26 lesquelles
774 1519 33 20 M.
820 1518 80 25 Spaak
912 1519 109 20 retourne
1034 1523 26 16 sa
1073 1517 64 22 veste
1149 1519 26 21 et

642 1543 40 24 qui
693 1547 31 16 ne
733 1544 55 20 sont
800 1542 69 26 guère
880 1544 145 20 rassurantes
1036 1547 58 21 pour
1104 1543 58 21 l'ave-

643 1568 44 22 nir.

669 1600 41 21 S'il
737 1605 16 17 a
783 1605 38 20 pu,
850 1600 88 25 malgré
968 1601 57 23 tout,
1055 1605 119 16 conserver

640 1625 86 25 l'appui
745 1625 29 21 de
794 1630 36 17 ses
850 1626 58 21 amis
927 1626 127 24 politiques,
1073 1627 52 21 tout
1145 1632 30 16 au

641 1650 75 21 moins
727 1655 31 16 en
769 1655 135 20 apparence,
916 1650 50 21 cela
977 1655 31 16 ne
1017 1650 94 25 signifie
1121 1651 41 21 nul-

641 1674 88 21 lement
741 1675 56 25 qu'il
812 1675 59 24 Jouit
885 1675 69 21 d'une
969 1674 99 22 autorité
1082 1677 25 21 et
1121 1675 54 22 d'un

641 1700 101 24 prestige
752 1699 125 22 suffisants
890 1704 58 20 pour
961 1704 79 16 mener
1052 1700 15 20 à
1079 1699 60 24 bien,
1153 1700 23 21 et

640 1723 41 22 sûr
690 1723 29 22 de
730 1724 98 21 l'accord
838 1723 31 22 du
880 1723 81 25 peuple
972 1723 70 25 belge,
1053 1725 40 20 des
1103 1724 60 25 négo-

641 1748 98 21 ciations
755 1749 29 21 de
799 1749 24 20 la
838 1749 52 24 plus
905 1749 71 20 haute
992 1749 143 24 importance
1152 1749 23 21 et

641 1772 60 24 dans
714 1777 47 17 une
774 1773 111 21 direction
900 1773 165 21 radicalement
1079 1772 97 25 opposée

642 1797 14 21 à
671 1797 52 22 tout
738 1802 42 17 son
795 1797 73 26 passé.

667 1829 20 20 H
710 1834 31 16 ne
764 1829 68 21 suffit
855 1834 42 19 pas
919 1833 44 21 que
986 1830 32 19 M.
1040 1828 79 25 Spaak
1142 1828 33 21 ait

641 1853 119 24 reconquis
775 1853 24 21 la
814 1853 122 21 confiance
949 1853 34 21 du
997 1853 179 25 gouvernement

641 1877 96 25 anglais.

666 1904 21 22 H
704 1905 159 21 conviendrait
879 1905 94 21 d'abord
989 1904 54 27 qu'il
1059 1904 40 22 eût
1114 1905 61 21 aussi

640 1929 56 21 celle
711 1930 32 21 du
757 1930 83 25 peuple
852 1929 71 26 belge.

214 2012 104 49 LES
346 2011 266 48 ARRETES
641 2010 403 49 MONETAIRES

216 2122 208 54 Quelques
452 2121 267 45 observations
738 2130 40 34 et
797 2120 249 53 explications

113 2235 22 25 f
149 2236 58 21 D'Ici
222 2236 22 20 le
259 2236 12 20 6
286 2235 127 23 décembre,
430 2234 52 21 tout
497 2234 22 21 le
535 2233 86 22 monde

87 2262 48 21 doit
165 2261 103 21 déclarer
300 2265 36 16 ses
368 2260 77 21 avoirs
474 2259 121 23 étrangers
612 2263 5 15 :

87 2292 31 19 or,
138 2286 83 24 billets,
244 2285 109 22 créances
374 2289 32 17 en
426 2285 90 20 devises
537 2284 70 21 étran-

87 2312 69 26 gères,
184 2311 136 21 immeubles
349 2315 32 16 ou
409 2310 103 21 meubles
543 2310 32 20 sis
605 2308 15 22 &

87 2337 127 24 l'étranger,
229 2337 26 20 et
269 2336 74 23 enfin,
359 2336 34 20 les
410 2336 67 20 titres
491 2334 127 24 étrangers.

87 2363 95 21 Ceux-ci
198 2363 44 20 ont
257 2361 55 26 déjà
329 2361 38 21 été
383 2360 103 22 déclarés
502 2364 46 16 une
567 2359 51 23 fois,

86 2393 29 16 en
128 2387 74 22 même
217 2388 75 24 temps
306 2391 44 20 que
363 2386 34 21 les
409 2386 69 21 titres
491 2384 82 26 belges,
587 2388 31 17 en

87 2417 41 17 vue
146 2412 32 21 du
196 2412 159 21 recensement
373 2410 101 26 général.
495 2411 123 23 Beaucoup

87 2438 27 21 de
124 2442 57 21 gens
191 2438 109 24 ignorent
312 2437 67 25 qu'ils
389 2436 96 24 doivent
494 2435 34 21 les
539 2434 66 21 décla-

87 2468 35 17 rer
139 2467 47 17 une
201 2462 99 21 seconde
317 2461 51 24 fols,
385 2461 34 21 du
435 2461 47 21 fait
497 2460 30 21 de
544 2460 26 21 la
587 2459 31 21 loi

86 2493 38 16 sur
140 2488 22 21 le
178 2487 104 21 contrôle
298 2487 40 21 des
355 2486 107 25 changes.

112 2514 58 20 Cont
172 2518 10 15 r
184 2514 47 19 aire
234 2518 12 14 r.
272 2513 25 21 -at
312 2511 16 22 à
343 2516 27 17 ce
386 2512 38 24 qui
441 2516 16 16 a
471 2510 38 22 été
525 2510 47 22 fait
587 2514 31 17 en

88 2538 132 25 Angleterre
239 2537 82 25 depuis
344 2537 57 24 1939,
422 2535 135 23 l'intention
577 2534 42 21 des

88 2563 108 22 autorités
212 2562 77 25 belges
307 2567 30 15 ne
352 2562 74 20 serait
442 2561 130 21 nullement
589 2560 30 21 de

88 2588 103 21 racheter
206 2592 30 17 ou
251 2588 30 21 de
295 2587 180 25 réquisitionner
490 2590 38 17 ces
544 2585 74 21 titres.

88 2614 29 20 La
138 2613 144 21 déclaration
305 2617 15 16 a
341 2611 196 21 essentiellement
559 2614 60 21 pour

87 2639 45 23 but,
147 2639 25 20 et
186 2638 48 21 ceci
248 2641 121 17 rassurera
384 2637 119 24 beaucoup
518 2636 30 20 de
563 2639 42 21 por-

88 2664 66 23 teurs,
171 2663 31 21 de
217 2663 107 25 garantir
342 2667 46 16 aux
406 2661 114 22 autorités
536 2660 70 21 étran-

87 2688 68 25 gères,
176 2688 148 22 notamment
345 2687 115 25 anglaises
481 2691 31 16 ou
532 2685 74 22 améri-

87 2714 82 22 caines,
183 2718 45 20 que
241 2717 38 16 ces
294 2713 66 20 titres
374 2717 32 15 ne
419 2712 54 21 sont
486 2716 43 20 pas
544 2714 63 22 «pro-

88 2738 69 26 priété
173 2738 133 22 ennemie»,
323 2738 60 21 mais
398 2737 67 25 qu'ils
482 2736 123 26 appartien-

87 2764 56 21 nent
160 2764 54 20 bien
233 2763 15 21 à
266 2763 41 21 des
326 2763 87 24 Belges,
433 2762 50 21 afin
503 2762 115 20 d'obtenir

87 2789 47 20 leur
150 2788 122 25 déblocage
286 2788 26 21 et
327 2787 22 22 le
365 2788 126 24 payement
505 2786 41 21 des
562 2790 44 17 cou-

88 2818 61 20 pons.
167 2814 38 21 On
223 2818 30 16 ne
271 2813 118 24 songerait
406 2817 43 20 pas
467 2816 49 16 non
534 2811 52 25 plus
603 2815 16 16 a

88 2839 103 21 racheter
208 2839 33 20 les
259 2838 75 21 avoirs
350 2842 32 17 en
397 2837 123 21 monnaies
536 2837 70 21 étran-

87 2864 72 25 gères;
184 2863 117 24 toutefois,
325 2863 120 25 lorsqu'un
466 2862 153 25 propriétaire

88 2889 26 21 de
126 2894 38 16 ces
178 2889 75 21 avoirs
265 2888 145 21 demandera
422 2888 15 20 à
450 2887 115 21 l'Institut
578 2887 41 21 des

89 2914 104 25 Changes
206 2914 30 20 de
250 2914 34 21 lui
299 2913 68 22 céder
380 2913 43 20 des
435 2913 96 23 devises,
546 2912 72 22 celui-

87 2940 19 18 ci
119 2940 76 22 paiera,
207 2940 21 17 le
240 2939 144 19 .'emftiwieur
398 2938 111 20 -Uutàlis-r
522 2938 96 20 d'abord

87 2962 65 22 celles
164 2963 53 25 qu'il
231 2963 96 21 détient.

178 3001 162 25 Etonnante
355 3001 168 29 permission

112 3044 19 21 A
143 3048 84 21 propos
240 3044 41 20 des
295 3043 155 22 déclarations
464 3043 30 21 de
508 3043 66 21 titres
588 3047 31 16 en

88 3073 40 17 vue
140 3067 29 22 de
180 3068 50 21 leur
242 3070 165 22 recensement,
420 3073 32 16 on
464 3069 57 24 peut
532 3068 74 21 s'éton-

88 3097 39 17 ner
139 3098 44 20 que
194 3094 23 21 le
228 3093 119 22 ministère
360 3094 35 20 ait
406 3094 87 24 permis
504 3094 25 20 la
541 3093 66 21 décla-

88 3119 75 20 ration
179 3124 116 19 anonyme
310 3119 40 20 des
365 3119 99 20 dossiers
479 3118 16 21 à
511 3118 107 20 numéros

88 3144 155 24 appartenant
268 3149 45 15 aux
338 3143 128 25 étrangers.
491 3144 62 21 C'est
571 3144 49 20 fort

88 3169 50 20 bien
184 3169 101 25 lorsqu'il
330 3169 69 24 s'agit
443 3169 175 20 effectivement

88 3194 146 24 d'étrangers,
255 3194 66 24 mais,
343 3194 95 25 parfois,
460 3194 22 20 le
504 3193 115 25 prétendu

87 3218 106 26 étranger
210 3223 82 16 couvre
309 3219 30 21 de
356 3224 53 20 gros
425 3218 100 22 intérêts
542 3219 76 23 belges

88 3248 28 17 ou
128 3245 40 20 des
179 3245 145 20 institutions
336 3243 194 22 internationales
543 3243 62 22 chan-

87 3270 69 23 geant
170 3269 30 21 de
215 3269 138 21 nationalité
368 3269 64 21 selon
447 3269 171 25 l'opportunité.

89 3295 17 19 Il
121 3300 14 18 y
151 3300 13 15 a
180 3294 22 21 là
218 3299 47 16 une
278 3294 127 26 possibilité
419 3294 30 21 de
463 3294 95 22 fraudes
572 3295 34 20 im-

88 3320 124 24 portantes.
231 3320 45 24 Qui
294 3320 50 20 cela
362 3319 153 21 favorise-t-il
523 3320 12 20 ?

113 3345 22 21 2"
147 3346 35 20 En
193 3344 126 22 attendant
332 3344 22 22 le
365 3344 124 24 déblocage
500 3344 41 21 des
553 3345 26 20 40
588 3345 30 24 %,

88 3369 116 25 beaucoup
217 3369 30 21 de
260 3374 57 19 gens
329 3370 55 20 sont
389 3369 86 25 obligés
481 3369 30 21 de
517 3369 102 21 recourir

89 3399 29 16 au
129 3395 73 20 crédit
214 3396 26 20 et
251 3395 158 24 d'emprunter
422 3399 40 15 sur
474 3394 50 21 leur
536 3398 85 20 propre

89 3420 86 24 argent.
192 3420 144 25 Cependant,
351 3420 18 21 il
383 3420 74 23 s'agit,
473 3424 32 16 en
519 3418 101 25 général,

88 3444 29 21 de
127 3445 70 24 petits
206 3445 121 21 montants
339 3444 102 22 destines
452 3444 15 21 à
478 3444 41 21 des
529 3445 92 20 besoins

89 3471 113 22 courants,
215 3474 46 16 une
273 3471 63 20 sorte
345 3470 30 20 de
386 3469 64 25 prêts
462 3469 159 21 alimentaires

89 3499 29 16 ou
133 3495 29 21 de
175 3495 191 21 consommation.
383 3495 42 20 Les
441 3494 123 21 véritables
579 3493 29 22 de-

89 3520 95 20 mandes
206 3520 29 20 de
257 3519 86 22 crédits
365 3524 58 21 pour
446 3519 98 23 affaires
567 3519 55 20 sont

90 3549 68 19 rares,
175 3549 27 16 ce
218 3545 38 25 qui
273 3545 121 21 corrobore
409 3544 166 22 l'affirmation
591 3543 31 22 de

641 2234 31 20 M.
695 2234 61 20 Gutt
776 2238 45 20 que
840 2237 26 16 ce
887 2233 61 20 n'est
968 2237 43 20 pas
1031 2232 22 21 le
1073 2236 102 20 manque

641 2258 107 25 d'argent
759 2258 39 25 qui
810 2257 76 22 arrête
899 2257 33 21 les
944 2258 104 20 affaires.
1060 2258 36 20 En
1107 2256 66 24 effet,

640 2284 36 20 s'il
687 2288 15 20 y
714 2284 65 20 avait
790 2282 42 22 des
842 2283 92 21 besoins
944 2282 108 24 d'argent
1062 2286 59 21 pour
1133 2282 41 20 des

641 2309 98 20 affaires
763 2307 124 22 véritables
915 2307 35 24 (et
975 2307 130 25 «légales»,
1130 2310 44 21 par

640 2333 118 24 surcroît),
770 2333 31 21 ils
813 2337 26 17 se
852 2332 156 22 traduiraient
1021 2337 43 20 par
1078 2332 40 21 des
1131 2332 30 20 de-

640 2359 98 21 mandes
748 2358 30 21 de
790 2358 79 21 crédit.

769 2390 38 25 Le
823 2390 71 25 taux
909 2389 133 26 d'intérêt

666 2426 21 21 Il
712 2431 60 17 nous
796 2427 91 20 revient
911 2425 53 26 qu'à
990 2425 124 24 Bruxelles,
1140 2425 33 20 les

639 2451 101 25 grandes
758 2451 103 25 banques
881 2451 95 25 prêtent
994 2455 40 17 sur
1054 2449 34 22 les
1108 2450 26 21 40
1143 2450 30 23 %,

639 2481 56 16 sans
709 2477 72 21 doute
795 2481 41 16 sur
852 2482 13 13 «
872 2476 103 25 comptes
989 2475 93 26 bloqués
1090 2482 12 12 »
1117 2475 56 21 chez

639 2502 62 24 elles,
715 2501 16 22 à
744 2502 13 21 2
765 2502 38 21 1/2
811 2502 31 21 %.

665 2527 62 21 Pour
742 2526 35 22 les
792 2526 64 25 prêts
872 2531 40 16 sur
927 2526 84 24 billets,
1027 2526 22 21 le
1064 2526 57 21 taux
1137 2526 36 20 est

638 2552 54 25 plus
706 2551 63 22 élevé
787 2552 108 23 (environ
908 2552 14 20 4
936 2550 16 23 à
967 2552 12 21 5
988 2552 43 23 %),
1045 2555 69 21 parce
1129 2555 44 20 que

639 2577 34 21 les
683 2577 77 21 billets
769 2577 69 21 n'ont
846 2581 44 20 pas
899 2576 31 21 de
939 2576 170 24 contre-partie
1118 2579 43 22 pro-

640 2602 93 21 ductive
746 2602 61 21 dans
821 2602 34 21 les
871 2601 71 22 actifs
956 2601 42 21 des
1013 2601 113 25 banques;
1144 2600 30 21 de

639 2626 59 25 plus,
711 2627 26 21 la
747 2627 108 25 garantie
869 2626 79 25 parait
961 2630 64 18 assez
1037 2626 90 24 fragile,
1141 2626 33 20 du

639 2652 68 25 point
716 2652 31 21 de
757 2656 45 16 vue
812 2651 121 26 juridique.

665 2677 33 21 Le
712 2677 47 21 fait
773 2677 159 24 d'emprunter
947 2680 41 17 sur
1002 2676 62 21 leurs
1078 2679 95 22 propres

640 2702 70 21 fonds
728 2702 61 21 n'est
809 2706 43 21 pas
872 2701 134 25 particulier
1026 2706 46 16 aux
1091 2700 70 21 indus-

640 2726 65 22 triels
720 2727 26 21 et
760 2727 175 21 commerçants.
952 2727 35 20 De
1001 2726 51 21 leur
1067 2726 56 21 côté,
1140 2725 33 21 les

640 2752 103 25 banques
758 2752 43 21 ont
814 2756 32 16 vu
860 2752 63 20 leurs
937 2751 129 21 certificats
1080 2751 29 21 de
1125 2750 35 22 tré-

640 2777 85 21 sorerie
738 2786 29 5 —
780 2776 63 21 leurs
857 2776 116 25 liquidités
988 2781 43 20 par
1045 2775 128 21 excellence

640 2812 27 5 —
683 2801 94 26 bloqués
794 2806 44 20 par
854 2801 33 21 les
906 2800 94 24 arrêtés,
1017 2802 26 20 et
1059 2800 17 21 il
1094 2800 79 25 parait

640 2831 44 21 que
697 2826 30 21 de
738 2831 26 17 ce
775 2826 53 25 fait,
841 2827 119 24 beaucoup
973 2826 90 21 d'entre
1074 2826 62 23 elles,
1148 2826 25 20 et

640 2857 48 15 non
702 2852 42 20 des
759 2852 124 23 moindres,
897 2851 96 21 doivent
1007 2851 135 24 emprunter
1159 2850 14 21 à

640 2877 23 21 la
676 2878 97 24 Banque
784 2876 131 24 Nationale,
929 2876 130 24 également
1071 2880 40 16 sur
1124 2875 50 21 leur

639 2906 85 21 propre
735 2902 89 24 argent.

707 2935 35 22 Le
763 2935 151 28 payement
934 2934 48 23 des
1001 2933 103 29 impôts
1153 2947 5 4 -

666 2971 23 20 3"
701 2970 33 20 M.
749 2970 61 21 Gutt
824 2975 15 15 a
852 2969 87 25 promis
952 2973 43 21 que
1008 2969 47 20 l'on
1069 2969 104 24 pourrait

640 2999 71 21 payer
731 2994 33 21 les
782 2995 87 24 impots
890 2999 31 16 au
940 2998 84 20 moyen
1043 2993 41 21 des
1104 2993 69 21 fonds

639 3019 100 26 bloqués.
754 3020 39 21 Un
807 3019 87 22 lecteur
908 3023 59 17 nous
981 3019 46 21 fait
1040 3022 133 20 remarquer

639 3055 28 5 —
677 3045 25 21 et
712 3049 55 17 avec
777 3045 85 22 raison,
874 3048 59 17 nous
942 3043 139 22 semble-t-il
1092 3053 28 5 —
1130 3047 43 20 que

640 3070 33 21 les
689 3073 127 22 personnes
830 3069 59 21 dont
904 3068 90 25 l'impôt
1009 3069 36 20 est
1059 3068 84 21 retenu
1159 3068 15 20 à

640 3095 24 21 la
677 3099 87 19 source,
779 3094 80 21 seront
872 3093 182 25 désavantagées
1068 3098 47 16 une
1129 3093 45 20 fois

640 3120 29 20 de
683 3120 58 25 plus,
757 3124 40 16 car
811 3119 56 20 elles
882 3123 31 16 ne
926 3118 113 25 pourront
1052 3118 109 25 probable-

640 3145 66 21 ment
717 3149 43 20 pas
770 3149 31 16 en
813 3143 132 24 bénéficier,
958 3143 15 21 à
984 3144 76 20 moins
1072 3143 29 21 de
1113 3143 48 20 met-

641 3170 35 20 tre
687 3174 40 16 sur
738 3169 54 25 pied
802 3173 33 17 un
846 3168 140 22 mécanisme
997 3168 67 21 lourd
1075 3169 24 19 et
1110 3172 51 17 com-

640 3194 83 26 pliqué.

666 3221 43 19 Les
732 3219 122 25 appointés
875 3219 55 20 sont
951 3218 56 26 déjà
1028 3218 146 21 lourdement

640 3245 73 24 taxés,
734 3245 33 20 du
787 3244 47 21 fait
853 3243 66 26 qu'ils
939 3244 89 25 payent
1047 3242 114 25 intégrale-

640 3270 66 21 ment
719 3269 91 25 l'impôt
824 3269 60 21 dont
897 3269 24 21 le
936 3267 57 23 taux
1008 3268 60 22 tient
1083 3268 91 24 compte

643 3297 42 21 (on
698 3295 32 21 l'a
742 3294 37 21 dit
793 3294 16 21 à
821 3294 25 21 la
859 3294 126 22 Chambre)
1002 3293 28 21 de
1045 3293 25 21 la
1083 3293 90 21 fraude.

640 3321 34 20 De
700 3320 59 24 plus,
784 3319 30 21 ils
839 3319 88 24 payent
951 3318 222 25 antlcipatlvement,

641 3345 61 21 alors
717 3349 44 20 que
777 3349 58 17 ceux
849 3344 40 25 qui
904 3344 44 20 ont
963 3343 23 21 la
1002 3343 126 25 possibilité
1145 3343 29 20 de

640 3370 97 22 frauder
756 3369 88 26 payent
863 3369 76 21 moins
958 3370 24 20 et
1002 3368 67 26 après
1089 3372 33 17 un
1142 3371 33 18 an

641 3395 134 27 seulement.

667 3420 62 20 Tout
751 3419 121 21 contribue
895 3419 60 21 ainsi
979 3418 14 21 à
1015 3418 159 21 l'écrasement

641 3444 70 22 d'une
723 3444 73 21 classe
809 3443 130 23 essentielle
953 3443 29 21 de
994 3443 23 21 la
1031 3442 90 22 société.

668 3470 31 20 Le
711 3468 93 22 remède
818 3468 15 22 à
845 3469 61 21 cette
917 3468 114 21 situation
1043 3467 132 25 déplorable

641 3494 39 21 est
702 3493 156 21 évidemment
882 3493 25 21 la
930 3493 141 20 diminution
1096 3493 29 20 de
1150 3492 25 21 la

643 3519 83 21 fraude
745 3519 25 20 et
790 3519 24 20 la
833 3518 62 25 Juste
914 3518 134 24 perception
1068 3517 41 21 des
1129 3518 33 20 im-

643 3544 58 26 pôts.

121 3634 50 37 Le
181 3634 203 43 problème
398 3634 74 36 des

252 3686 223 44 CENTRES
505 3684 409 44 D'INTERNEMENT

254 3752 123 44 DOIT
408 3743 115 52 ÊTRE
555 3743 197 53 RÉSOLU
783 3751 136 44 SANS
947 3751 194 43 TARDER

113 3861 42 23 Les
170 3861 90 21 récents
276 3861 23 20 et
315 3860 46 21 très
378 3864 80 20 graves
474 3858 147 22 événements

89 3884 87 22 d'Alost
192 3885 105 20 donnent
313 3884 23 21 la
352 3887 86 21 preuve
454 3887 43 20 que
514 3882 25 21 la
555 3886 58 21 ques-

90 3907 49 21 tion
156 3908 42 20 des
215 3908 91 19 centres
324 3906 179 21 d'internement
519 3906 37 20 est
575 3905 48 21 loin

90 3930 69 22 d'être
172 3934 31 17 au
215 3930 72 24 point

114 3954 38 20 On
169 3954 120 23 acceptera
305 3952 163 21 difficilement
483 3952 71 24 qu'un
569 3952 40 20 éta-

89 3975 132 22 blissement
233 3975 140 24 hébergeant
384 3975 96 24 quelque
492 3974 53 25 cinq
557 3976 65 19 cents

89 4003 124 21 personnes
221 4003 31 16 ne
260 4003 27 16 se
296 3998 102 21 trouvait
405 4002 43 20 pas
459 4001 88 19 encore,
557 3997 67 25 après

90 4022 50 24 près
157 4023 29 21 de
201 4022 57 21 trois
274 4021 65 23 mois,
353 4025 54 17 sous
424 4020 114 21 l'autorité
554 4020 69 21 réelle

90 4044 28 22 de
132 4044 181 22 fonctionnaires
327 4044 72 24 ayant
412 4043 24 21 la
449 4042 174 26 responsabilité

90 4067 71 25 légale
175 4068 68 21 d'une
256 4067 94 25 pareille
365 4067 101 21 mission.

114 4091 31 21 Le
159 4090 116 28 problème
288 4090 29 20 de
329 4089 173 24 l'organisation
513 4089 42 21 des
568 4093 43 17 cen-

90 4113 47 23 tres
153 4113 178 23 d'internement
348 4113 48 20 doit
412 4112 50 21 être
477 4112 76 21 résolu
569 4116 55 16 sans

91 4137 83 24 tarder,
189 4140 69 21 parce
273 4136 66 25 qu'ils
353 4136 54 20 sont
422 4135 145 21 absolument
582 4134 29 22 né-

91 4160 114 21 cessaire*.

91 4192 221 26 L'internement
325 4192 60 26 doit
399 4192 60 24 être
473 4192 150 24 maintenu

116 4229 46 21 Dès
175 4234 43 21 que
233 4230 32 21 les
279 4229 133 25 opérations
426 4229 28 20 de
468 4230 23 18 la
506 4232 80 20 guerre
600 4232 25 16 se

91 4252 79 21 furent
187 4252 116 24 reportées
321 4256 40 17 sur
380 4252 68 21 notre
465 4251 124 23 territoire,
607 4250 17 21 il

91 4274 57 22 était
160 4275 127 21 nécessaire
299 4275 113 21 d'écarter
424 4274 201 21 immédiatement

90 4298 30 21 de
131 4299 100 21 l'arrière
243 4298 41 21 des
296 4299 73 24 lignes
380 4298 31 21 de
422 4298 93 20 combat
527 4298 52 19 tous
592 4297 33 20 les

91 4321 111 21 éléments
213 4322 108 24 suspects.

117 4344 89 24 C'était,
218 4349 30 16 en
259 4348 93 20 somme,
365 4344 22 21 la
398 4344 64 21 seule
474 4344 53 21 aide
539 4343 86 21 directe

92 4370 44 21 que
147 4372 61 16 nous
220 4367 116 24 pouvions,
349 4371 16 16 a
376 4372 28 16 ce
416 4367 110 23 moment,
540 4370 72 21 appor-

92 4391 36 20 ter
141 4395 46 16 aux
201 4389 89 22 armées
304 4390 175 21 combattantes.

118 4414 33 20 En
167 4414 78 20 raison
259 4413 42 20 des
314 4413 170 21 circonstances
498 4414 29 21 de
541 4413 71 21 l'occu-

92 4436 87 24 pation,
193 4436 24 21 la
232 4436 99 24 besogne
344 4435 59 21 était
417 4436 68 21 d'une
498 4440 127 20 envergure

92 4458 186 26 exceptionnelle.

118 4482 42 21 Les
175 4482 75 21 seules
267 4482 74 20 forces
358 4481 120 21 officielles
495 4482 130 21 n'auraient

92 4507 32 22 pu
137 4509 16 20 y
167 4505 89 21 suffire.
273 4504 74 21 Celles
360 4504 30 20 de
405 4504 24 21 la
443 4504 126 21 résistance
583 4505 43 20 ont

92 4528 69 21 sauvé
174 4529 23 20 la
210 4527 119 22 situation.
341 4527 21 20 H
375 4527 52 21 faut
440 4527 22 21 le
475 4528 149 20 reconnaître.

94 4550 60 21 Elles
165 4552 42 19 ont
219 4551 45 21 fait
277 4550 22 21 le
311 4555 52 19 gros
376 4550 31 21 du
421 4550 88 20 travail.

119 4574 148 20 Maintenant
285 4573 54 24 qu'il
357 4574 36 19 est
411 4573 111 24 accompli
539 4573 16 20 il
573 4573 53 21 faut

94 4600 42 19 que
160 4597 82 21 l'ordre
258 4597 25 20 et
307 4596 23 20 la
354 4594 109 22 méthode
486 4597 140 22 reprennent

93 4617 62 23 leurs
165 4619 73 21 droits
250 4620 25 20 et
288 4623 43 20 que
344 4617 203 22 l'administration
559 4618 55 25 péni-

95 4643 106 20 tentiaire
215 4648 31 16 ne
260 4642 70 28 perde
345 4646 42 20 pas
403 4642 22 20 la
441 4641 75 21 bonne
531 4641 82 25 réputa-

94 4664 49 21 tion
157 4665 81 25 qu'elle
250 4670 12 16 s
270 4667 34 19 est
318 4661 59 24 faite
391 4664 56 21 chez
461 4665 52 20 tous
527 4664 33 21 les
573 4664 40 25 spé-

95 4688 98 21 cialistes
204 4689 40 21 des
256 4689 80 20 autres
347 4692 63 24 pays.

119 4711 33 21 Sa
167 4711 84 25 charge
275 4711 55 21 s'est
347 4710 92 21 trouvée
463 4710 164 24 brusquement

94 4734 187 24 singulièrement
297 4733 110 22 alourdie.
423 4734 43 20 Les
481 4737 95 20 moyens
591 4733 37 25 d'y

95 4757 105 23 pourvoir
213 4758 94 20 doivent
319 4757 33 21 lui
365 4756 50 22 être
426 4755 89 22 donnés
526 4760 44 21 par
581 4760 47 17 une

94 4780 119 21 extension
226 4780 28 22 de
267 4785 36 16 ses
315 4780 99 21 services
426 4779 59 21 dans
498 4779 24 21 la
533 4783 83 20 propor-

95 4802 50 23 tion
165 4802 133 24 nécessaire.
320 4802 184 23 L'Internement
524 4802 59 21 n'est
603 4802 26 21 ni

95 4830 46 17 une
152 4826 74 25 peine,
238 4826 26 21 ni
275 4831 47 16 une
334 4825 133 23 mesure-<le
478 4825 142 25 représailles

95 4849 61 21 C'est
166 4853 47 17 une
223 4849 135 24 précaution
369 4849 62 25 prise
441 4853 58 19 pour
510 4848 25 21 la
546 4852 79 17 sauve-

95 4873 71 23 garde
183 4872 29 21 de
228 4872 88 25 l'esprit
331 4872 77 26 public
424 4868 26 24 el
466 4871 30 22 de
511 4872 24 21 la
552 4871 76 21 sûreté

121 4919 40 21 S'il
186 4919 37 20 est
247 4918 96 25 Justifié,
363 4919 15 20 i!
406 4918 50 21 doit
475 4917 50 21 être
551 4918 65 20 main-

96 4941 56 21 tenu
164 4942 90 25 jusqu'à
267 4942 24 21 la
304 4942 35 20 fin
349 4942 44 21 des
407 4940 120 22 hostilités.
542 4940 19 21 Il
576 4940 53 21 faut

95 4964 60 21 donc
170 4965 100 25 prendre
284 4965 41 20 des
339 4964 149 25 dispositions
502 4968 31 16 en
548 4963 70 21 consé-

95 4992 93 21 quence.

154 5021 24 24 D
194 5022 62 23 faut
270 5021 113 29 séparer
398 5022 40 23 les
452 5020 119 24 détenus

122 5056 33 21 La
169 5057 112 24 première
295 5058 24 19 et
335 5056 23 21 la
372 5057 53 24 plus
439 5056 98 24 urgente
550 5055 36 20 est
601 5055 30 20 de

96 5079 93 25 séparer
211 5079 33 21 les
267 5080 97 21 détenus
386 5084 44 20 par
452 5078 126 24 catégories
601 5077 30 20 de

96 5106 54 17 sexe
160 5102 159 24 évidemment,
331 5103 60 21 mais
402 5103 62 20 aussi
476 5102 70 24 d'âge,
558 5100 73 21 d'état

96 5125 31 21 de
140 5125 67 21 santé
221 5125 25 21 et
259 5127 92 20 surtout
365 5126 28 21 de
408 5124 113 22 moralité.

123 5149 43 20 Les
180 5148 115 21 individus
308 5149 38 28 qui
361 5153 31 16 ne
405 5149 53 20 font
472 5148 79 24 l'objet
564 5146 53 21 d'au-

98 5176 59 16 cune
167 5171 117 25 poursuite
297 5172 88 24 pénale,
396 5172 100 23 peuvent
508 5169 110 22 immédia-

98 5194 89 21 tement
214 5194 50 21 être
283 5194 76 24 places
386 5193 59 23 dans
472 5194 41 21 des
540 5194 91 19 centres

97 5217 114 25 spéciaux,
227 5217 38 25 qui
280 5221 30 16 ne
325 5217 92 21 doivent
432 5222 42 20 pas
490 5216 129 21 nécessaire-

99 5242 66 20 ment
181 5245 25 17 se
225 5241 91 20 trouver
333 5240 15 20 à
366 5240 121 24 proximité
506 5240 40 20 des
564 5238 67 22 audi-

99 5264 79 21 torats.

126 5287 60 21 Pour
216 5286 32 20 les
278 5286 84 22 autres,
392 5286 23 20 la
444 5285 188 21 différenciation

100 5311 105 23 pourrait
217 5309 50 21 être
280 5309 59 20 faite
352 5309 92 20 suivant
457 5309 24 20 la
494 5309 84 20 nature
591 5307 41 21 des

85 5346 7 6 .
100 5332 56 22 faits
169 5334 94 19 retenus
277 5332 14 20 à
306 5331 49 20 leur
369 5331 90 24 charge.

127 5355 166 21 Actuellement
307 5357 26 18 se
346 5354 113 21 trouvent,
473 5354 121 24 pêle-mêle
609 5354 24 20 et

101 5378 62 25 logés
178 5382 29 17 en
223 5381 115 18 commun,
353 5376 41 21 des
409 5377 93 20 traîtres
517 5377 115 20 militants

100 5402 25 20 et
145 5400 163 22 Irréductibles,
329 5396 43 24 tels
392 5403 44 21 que
456 5399 40 20 des
516 5399 117 21 individus

101 5425 39 24 qui
158 5424 42 21 ont
217 5423 65 26 prêté
300 5422 103 20 serment
420 5421 14 21 à
452 5422 82 23 Hitler,
551 5422 16 21 à
584 5422 35 21 De-

102 5447 70 24 grelle
187 5451 31 16 ou
233 5448 14 20 à
263 5445 55 22 Staf
333 5444 114 24 Declercq.
462 5448 26 17 ce
504 5445 37 24 qui
558 5445 35 20 est
609 5444 23 21 la

102 5469 74 22 même
199 5469 75 23 chose,
297 5467 40 21 des
362 5467 142 20 aventuriers
527 5467 57 20 bons
608 5468 25 20 et

102 5492 63 44 §rêts
181 5493 15 20 à
211 5492 56 21 tout,
285 5491 41 20 des
342 5490 112 21 assassins
470 5489 15 21 à
501 5494 74 20 gages,
592 5490 40 19 des

119 5515 98 21 ôlateurs
232 5512 178 28 professionnels
425 5512 26 20 et
465 5512 100 20 d'autres
579 5517 41 16 seu-

103 5537 86 22 lement
207 5535 162 27 occasionnels,
387 5534 41 21 des
447 5534 152 21 fournisseurs
618 5535 15 20 à

104 5559 104 22 l'ennemi
225 5559 30 21 de
271 5559 76 20 toutes
363 5554 33 23 les
413 5556 124 25 catégories
553 5557 80 24 depuis

641 3858 30 21 de
691 3858 122 21 véritables
835 3858 95 20 forbans
950 3857 89 25 jusqu'à
1061 3857 29 20 de
1111 3857 54 20 beso-

644 3886 76 20 gneux
734 3881 215 25 gagne-pourboire,
964 3880 41 21 des
1019 3880 146 21 fonctionnai-

641 3909 37 16 res
693 3909 31 16 en
739 3904 88 21 révolte
842 3905 80 20 contre
938 3904 82 20 l'ordre
1037 3903 126 21 démocrati-

640 3932 45 20 que
699 3928 26 20 et
740 3928 102 20 d'autres
859 3927 159 20 humblement
1034 3926 96 21 étonnés
1146 3926 30 21 de

644 3955 25 16 se
681 3951 50 20 voir
744 3950 86 21 déchus
842 3950 31 21 de
885 3950 50 21 leur
948 3949 101 22 autorité
1062 3949 47 21 mal
1123 3949 42 20 fon-

641 3974 48 20 dée.
700 3974 78 23 Enfin,
789 3974 77 24 parmi
875 3977 52 18 eux,
938 3977 25 16 se
975 3973 108 20 trouvent
1093 3976 83 17 encore

641 3997 41 20 des
695 3992 120 28 étrangers
829 3996 158 25 appartenant
1000 3996 15 20 à
1029 3995 40 21 des
1082 3996 93 20 nations

641 4019 124 21 ennemies.

693 4050 61 24 Une
772 4050 227 25 contamination
1016 4049 108 23 morale

671 4086 65 21 Dans
753 4086 60 20 cette
831 4085 62 21 foule
910 4084 105 26 bigarrée
1030 4084 25 20 et
1073 4083 92 21 considé-

645 4108 66 21 rable
719 4119 27 5 —
756 4109 71 20 60.000
838 4112 124 21 personnes
972 4107 91 25 d'après
1073 4107 33 21 les
1116 4106 50 21 chif-

646 4132 48 20 fres
708 4131 57 21 cités
779 4136 43 20 par
836 4131 32 21 M.
883 4130 86 22 Pierlot
981 4142 28 4 —
1023 4130 34 21 les
1071 4133 107 17 meneurs

646 4159 31 16 ne
688 4154 129 25 manquent
828 4159 43 19 pas
883 4154 25 21 et
920 4154 28 20 ils
961 4154 33 23 s'y
1006 4153 85 21 livrent
1104 4153 15 21 à
1131 4156 46 17 une

646 4177 149 25 propagande
808 4177 40 20 des
860 4177 52 24 plus
925 4176 148 26 pernicieuse.

672 4201 19 21 C
698 4204 36 17 est
746 4200 117 25 pourquoi,
876 4200 34 20 les
922 4199 145 25 séparations
1080 4203 43 20 par
1137 4203 29 16 ca-

647 4223 103 25 tégories,
764 4224 39 24 qui
816 4223 55 21 sont
884 4223 116 20 d'ailleurs
1013 4223 15 20 à
1042 4223 24 20 la
1079 4222 55 21 base
1149 4222 29 20 de

647 4246 64 21 toute
731 4246 78 21 bonne
829 4245 158 25 organisation
1007 4245 170 25 pénitentiaire,

646 4270 60 23 sont,
721 4269 36 24 ici,
772 4269 30 21 de
817 4269 25 21 la
855 4269 53 24 plus
923 4269 95 24 urgente
1033 4267 118 22 nécessité.

672 4292 21 21 H
706 4297 31 16 ne
750 4292 54 21 faut
816 4296 43 19 pas
872 4296 45 21 que
930 4292 33 20 les
976 4292 91 20 centres
1081 4291 84 21 d'Inter-

646 4315 96 21 nement
770 4315 140 21 deviennent
943 4315 62 20 aussi
1025 4315 41 20 des
1087 4315 91 20 centres

647 4338 133 28 d'épidémie
800 4338 25 21 et
843 4338 29 20 de
892 4338 131 24 perversion
1042 4338 29 20 de
1090 4337 87 25 l'esprit

646 4357 95 29 civique.

661 4392 39 24 Us
716 4391 114 25 doivent
844 4397 86 23 payer
944 4391 60 24 leur
1018 4391 141 24 entretien

673 4428 46 23 Qui
735 4427 50 20 doit
800 4427 61 20 faire
876 4426 34 21 les
925 4426 58 21 frais
999 4426 69 21 d'une
1083 4426 95 26 pareille

647 4450 159 25 organisation
815 4450 11 19 î

672 4474 44 20 Les
732 4472 104 21 internés
852 4472 149 23 eux-mêmes,
1017 4472 160 21 évidemment.

646 4498 33 20 Le
696 4496 55 21 coût
769 4496 28 20 de
816 4496 23 20 la
857 4495 97 25 Journée
972 4495 137 21 d'entretien
1128 4496 50 20 doit

647 4520 50 21 être
709 4520 44 20 mis
766 4518 15 21 à
793 4519 50 20 leur
856 4518 91 24 charge.

672 4544 44 19 Les
736 4542 117 23 indigents
886 4541 95 20 doivent
1013 4542 95 24 pouvoir
1128 4542 50 21 être

647 4566 75 21 admis
741 4569 32 17 au
791 4564 85 21 travail
894 4564 116 20 ordinaire
1028 4564 39 21 des
1086 4565 79 25 prison-

647 4590 69 20 niers.

673 4613 100 23 Lorsque
787 4611 32 20 les
833 4609 133 21 Allemands
979 4614 58 16 nous
1050 4611 115 24 emprison-

647 4635 88 23 naient,
755 4634 60 21 dans
835 4637 47 16 une
902 4633 134 24 proportion
1056 4633 122 23 d'ailleurs,

647 4658 16 21 à
675 4662 46 20 peu
733 4657 60 25 près,
806 4656 62 21 aussi
881 4659 105 19 massive,
999 4656 55 20 c'est
1066 4661 59 16 nous
1138 4657 39 25 qui

648 4681 96 24 payions
758 4681 34 20 les
806 4680 65 22 frais,
884 4678 145 21 c'est-à-dire
1043 4684 43 19 que
1100 4679 77 22 c'était

648 4699 23 25 le
690 4703 74 21 trésor
784 4702 84 26 public.
890 4702 32 20 Ce
943 4701 83 21 n'était
1046 4706 43 20 que
1110 4703 68 24 juste,

648 4727 96 26 puisque
762 4730 57 16 ceux
852 4725 39 25 qui
910 4724 90 21 étaient
1031 4729 30 16 en
1093 4726 84 24 prison,

649 4746 108 26 l'étaient,
770 4754 31 15 en
813 4752 94 18 somme,
920 4751 58 21 pour
990 4748 52 20 tout
1054 4748 21 20 le
1088 4748 89 21 monde.

675 4772 157 24 Aujourd'hui,
848 4772 33 20 les
897 4770 124 25 inciviques
1036 4771 53 20 sont
1105 4772 60 19 inter-

649 4795 42 21 nés
704 4799 58 20 pour
777 4795 40 21 des
831 4795 90 20 raisons
936 4793 57 21 dont
1007 4793 29 20 ils
1050 4794 54 20 sont
1117 4794 60 21 seuls

649 4815 163 28 responsables.
828 4818 62 21 C'est
904 4817 25 21 la
943 4816 88 24 logique
1045 4816 75 21 même
1135 4821 43 21 que

649 4841 34 20 les
700 4841 58 21 frais
775 4840 29 22 de
823 4841 48 21 leur
890 4840 164 24 hébergement
1071 4840 75 20 soient
1164 4841 14 19 à

650 4864 49 20 leur
714 4864 90 24 charge.
819 4874 27 6 —
860 4863 25 21 C.
1091 4866 21 17 r

707 4938 145 44 Plus
878 4937 75 45 de
976 4937 148 56 gaz!

709 5036 27 5 —
747 5027 46 20 Zut
803 5027 24 19 et
839 5028 63 18 rezut
914 5028 5 18 !
932 5027 20 19 n
963 5031 16 20 y
991 5031 15 16 a
1017 5030 82 16 encore
1112 5026 29 20 de

683 5052 60 20 l'eau
757 5051 61 21 dans
832 5051 22 21 le
867 5056 43 20 gaz
920 5052 5 20 !

711 5084 64 20 Ainsi
787 5083 120 21 s'exclame
918 5083 25 21 la
954 5083 121 24 ménagère
1086 5083 43 20 bru-

685 5108 98 23 xelloise,
808 5112 26 16 ce
857 5108 82 21 matin.
964 5108 71 21 Hélas
1045 5108 6 20 !
1076 5108 66 20 Trois

685 5134 45 20 fois
743 5133 64 20 hélas
818 5134 6 19 !
839 5133 20 20 Il
871 5134 39 23 n'y
922 5138 16 15 a
950 5133 51 25 plus
1014 5133 28 20 de
1055 5137 42 20 gaz
1109 5132 33 21 du

686 5160 57 21 tout,
758 5162 27 16 ce
797 5158 39 25 qui
850 5159 36 19 est
900 5159 56 24 pire.

712 5190 213 21 L'administration
958 5194 58 21 pour
1048 5189 82 24 l'agglo-

686 5214 114 22 mération
821 5214 141 24 bruxelloise,
985 5215 16 20 à
1023 5215 38 25 qui
1084 5218 59 16 nous

685 5244 59 16 nous
758 5240 128 23 adressons,
900 5244 31 17 ne
944 5244 58 16 nous
1016 5240 69 21 laisse
1099 5243 30 17 au-

686 5269 46 16 cun
742 5264 75 25 espoir
828 5269 6 16 :
848 5264 17 21 il
877 5265 38 24 n'y
928 5269 58 16 aura
997 5269 43 20 pas
1053 5265 28 20 de
1093 5265 36 20 dis-

686 5290 112 20 tribution
810 5294 30 16 en
852 5294 27 16 ce
891 5290 108 20 moment

712 5331 27 5 —
762 5321 29 21 Et
815 5321 79 25 quand
917 5321 177 25 prévoyez-vous
1118 5321 24 21 la

685 5346 87 25 reprise
781 5346 11 21 ?

712 5383 27 5 —
750 5374 63 20 Nous
824 5378 31 16 ne
867 5378 102 20 pouvons
982 5374 59 21 faire
1053 5378 90 17 aucune

686 5398 119 26 prévision,
820 5399 25 20 ni
858 5403 58 20 pour
929 5399 21 20 le
963 5399 180 21 ravitaillement

687 5424 28 21 de
731 5423 24 21 la
771 5423 88 21 cokerle
873 5428 31 15 en
919 5423 109 24 charbon,
1045 5424 25 20 ni
1085 5427 58 22 pour

684 5449 25 21 la
723 5448 147 21 distribution
885 5448 32 20 du
930 5453 48 20 gaz.

713 5476 63 22 Voici
791 5475 60 21 donc
866 5480 34 16 un
915 5476 116 25 problème
1047 5477 29 20 de
1091 5477 52 24 plus

686 5502 15 20 à
713 5500 109 22 résoudre
832 5504 43 21 par
887 5501 66 20 notre
964 5502 179 23 gouvernement

685 5527 49 20 et...
748 5529 43 22 par
804 5529 43 16 nos
859 5524 139 26 ménagères.
1011 5535 28 5 —
1050 5526 28 21 N.

1198 772 69 76 Le
1305 788 189 63 comte
1532 775 192 76 Sforza

1348 896 55 38 se
1434 882 137 53 retire

1240 960 54 56 de
1320 961 39 55 la
1384 970 68 48 vie
1477 964 199 67 politique

1267 1068 53 37 M.
1335 1069 185 44 Anthony
1533 1070 110 37 Eden

1246 1117 217 44 s'explique
1477 1120 29 36 à
1516 1131 49 25 ce
1578 1120 99 41 sujet

1220 1198 38 21 On
1277 1203 106 18 annonce
1402 1205 44 20 que
1465 1200 22 21 le
1505 1200 76 21 comte
1599 1201 80 20 Sforza
1699 1203 24 17 se

1195 1223 114 22 retirerait
1323 1225 29 21 de
1365 1225 23 21 la
1402 1225 36 21 vie
1451 1225 115 26 politique.

1220 1255 52 21 Issu
1295 1256 68 21 d'une
1384 1256 89 21 illustre
1495 1257 88 21 famille
1606 1257 53 20 nobl
1662 1264 10 12 -■
1696 1257 28 20 de

1195 1280 81 21 l'Italie
1292 1281 32 21 du
1338 1281 69 24 Nord,
1422 1282 22 21 le
1457 1282 76 21 comte
1546 1282 82 21 Sforza
1642 1281 82 26 naquit

1194 1304 16 21 à
1222 1306 103 24 Lucques
1336 1311 31 16 en
1382 1307 56 21 1872.
1452 1308 19 19 Il
1485 1307 66 21 entra
1563 1307 60 21 dans
1635 1306 24 21 la
1671 1311 40 16 car-

1194 1330 59 21 rière
1265 1331 164 24 diplomatique
1441 1337 30 16 en
1485 1332 50 21 1896
1547 1332 26 21 et
1583 1331 39 22 fut
1632 1335 79 18 succes-

1193 1355 114 22 sivement
1319 1356 163 21 ambassadeur
1495 1361 30 16 au
1539 1357 73 23 Caire,
1625 1357 15 20 à
1653 1356 70 23 Paris,

1195 1380 15 21 à
1223 1381 197 25 Constantlnople,
1433 1382 15 21 à
1461 1381 78 24 Pékin,
1551 1382 15 21 à
1579 1381 117 24 Bucarest,
1709 1381 15 22 à

1195 1406 98 23 Madrid,
1307 1406 15 21 à
1334 1407 102 20 Londres
1449 1407 24 20 et
1487 1411 29 16 en
1527 1408 106 23 Turquie.

1221 1437 20 21 H
1257 1437 79 22 devint
1351 1438 106 21 ministre
1471 1438 40 20 des
1527 1438 101 21 Affaires
1644 1438 66 21 étran-

1195 1461 65 26 gères
1272 1467 30 16 en
1313 1462 52 25 juin
1379 1462 57 22 1920.
1449 1464 61 20 C'est
1521 1467 31 16 en
1565 1463 61 21 cette
1638 1462 86 26 qualité

1194 1487 55 24 qu'il
1263 1487 68 24 signa
1346 1487 23 21 le
1385 1487 70 22 traité
1470 1487 28 22 de
1515 1487 97 26 Rapallo
1630 1492 55 17 avec
1700 1488 24 21 la

1195 1512 156 24 Yougoslavie.

1220 2240 21 20 A
1256 2239 153 22 l'avènement
1423 2241 29 20 de
1467 2239 127 24 Mussolini,
1609 2240 17 20 il
1640 2240 85 21 s'exila,

1194 2264 139 25 partageant
1342 2269 43 16 son
1396 2264 78 25 séjour
1485 2265 66 20 entre
1562 2264 23 21 la
1595 2265 95 22 Prance,
1701 2264 24 21 la

1195 2290 108 25 Belgique
1316 2290 25 21 et
1355 2290 99 22 Genève.
1469 2290 21 21 Il
1503 2295 25 15 se
1543 2289 49 21 fixa
1605 2289 90 22 ensuite
1710 2289 15 22 à

1194 2315 153 24 Washington
1374 2320 88 16 comme
1489 2314 54 21 chef
1569 2318 101 17 reconnu
1695 2313 30 22 de

1194 2340 174 21 l'antifascisme
1381 2341 26 20 et
1421 2340 40 20 des
1475 2340 97 24 émigrés
1587 2339 98 21 italiens.

1219 2364 73 25 Après
1306 2365 24 21 la
1345 2365 70 21 chute
1428 2365 30 21 de
1472 2365 120 23 Mussolini
1606 2370 30 16 en
1649 2365 76 25 juillet

1195 2391 57 22 1943,
1272 2395 32 16 on
1324 2390 59 21 revit
1403 2390 22 21 le
1445 2389 75 22 comte
1540 2390 82 21 Sforza
1642 2394 39 17 sur
1701 2389 23 21 la

1193 2414 67 23 scène
1278 2415 110 31 politique
1405 2416 24 21 et
1445 2416 16 20 11
1479 2415 106 22 travailla
1603 2415 15 21 à
1634 2415 23 21 la
1675 2416 37 19 for-

1192 2440 91 21 mation
1294 2445 31 16 en
1336 2440 69 21 Italie
1417 2440 54 21 d'un
1483 2440 87 24 régime
1582 2440 87 22 libéral.
1682 2442 43 20 Les

1193 2465 169 22 circonstances
1382 2465 92 22 n'étant
1494 2470 43 21 pas
1559 2465 129 22 favorables
1710 2464 15 22 à

1193 2495 44 17 son
1254 2490 47 26 gré,
1319 2491 18 20 11
1354 2491 79 21 refusa
1450 2496 44 16 son
1512 2495 110 17 concours
1641 2494 31 17 au
1690 2491 34 20 roi

1194 2516 226 21 Victor-Emmanuel
1432 2516 25 21 et
1471 2520 30 17 au
1515 2515 119 22 maréchal
1647 2515 77 21 Bado-

1195 2540 46 25 gllo
1262 2541 46 25 qui,
1329 2541 15 21 à
1364 2541 25 21 la
1410 2541 36 21 fin
1467 2541 30 21 de
1516 2541 130 25 septembre
1668 2541 57 21 1943,

1196 2566 72 21 firent
1280 2566 68 25 appel
1361 2566 15 21 à
1390 2566 40 22 lui.
1443 2578 26 3 —
1482 2567 24 20 L.
1514 2567 25 23 Q.

1195 2627 27 41 Â
1238 2627 30 41 la
1284 2626 154 43 Chambre
1458 2627 57 41 des
1535 2626 191 42 Communes

1221 2706 107 24 Londres,
1344 2707 30 21 1"
1389 2706 125 22 décembre.
1527 2716 28 5 —
1567 2707 21 20 A
1600 2706 25 21 la
1637 2705 76 22 Cham-

1194 2732 40 20 bre
1252 2732 41 21 des
1312 2732 146 23 Communes,
1477 2732 32 20 M.
1530 2731 70 23 Eden,
1619 2731 106 20 ministre

1194 2757 40 20 des
1249 2757 102 21 Affaires
1366 2755 138 26 étrangères,
1520 2761 15 16 a
1550 2756 89 20 c'.jc'axê
1652 2760 5 16 :

1221 2782 113 20 «L'Italie
1346 2782 36 21 est
1395 2786 33 16 un
1441 2786 58 20 pays
1512 2785 54 17 avec
1580 2780 74 25 lequel
1667 2784 59 17 nous

1194 2807 75 20 étions
1281 2806 142 21 récemment
1434 2811 31 16 en
1478 2810 88 21 guerre,
1579 2806 39 24 qui
1632 2810 15 16 a
1661 2806 51 23 capi-

1195 2831 47 21 tulé
1255 2835 55 17 sans
1323 2831 130 21 conditions
1464 2832 26 20 et
1500 2831 60 21 dont
1571 2831 23 21 le
1605 2831 55 22 rôle,
1673 2835 53 16 sous

1194 2857 24 20 la
1231 2857 108 20 conduite
1351 2856 30 21 de
1394 2856 128 23 Mussolini,
1535 2856 59 20 dans
1608 2855 24 21 la
1644 2859 82 21 guerre

1195 2881 103 24 actuelle,
1317 2886 16 16 a
1351 2881 37 21 été
1406 2881 41 21 des
1465 2881 52 25 plus
1534 2881 110 21 honteux.
1663 2881 62 20 Nous

1194 2911 72 16 avons
1282 2905 93 27 accepté
1389 2906 85 21 l'Italie
1488 2911 89 16 comme
1592 2905 133 24 co-beliigé-

1192 2932 85 22 rantsv
1282 2931 60 20 mais
1354 2935 27 16 ce
1389 2935 63 20 pays
1465 2932 59 18 n'est
1537 2936 42 18 pas
1592 2936 32 14 un
1638 2930 61 21 allié.
1713 2941 6 9 .

1220 2956 63 21 Nous
1300 2955 120 26 préférons
1439 2960 29 16 ne
1487 2960 43 20 pas
1548 2956 69 22 avoir,
1637 2958 88 17 comme

1195 2981 105 20 ministre
1314 2981 40 20 des
1368 2981 103 21 Affaires
1484 2979 133 25 étrangères
1631 2985 31 15 en
1676 2980 37 21 Ita-

1194 3006 36 23 lie,
1247 3005 32 21 M.
1296 3006 88 21 Sforza.
1402 3005 58 21 dont
1476 3005 110 22 l'activité
1603 3010 15 16 a
1633 3004 38 22 été
1688 3005 24 21 ré-

1194 3030 117 21 cemment
1326 3030 85 21 hostile
1425 3030 16 21 à
1456 3035 33 16 un
1505 3030 100 24 premier
1620 3029 106 21 ministre

1195 3055 39 29 qui
1256 3060 15 16 a
1292 3054 37 22 été
1351 3055 167 25 parfaitement
1539 3055 61 24 loyal
1622 3054 15 22 à
1659 3055 68 20 notre

1194 3079 77 25 égard.

1218 3104 141 25 Répondant
1370 3104 14 22 à
1395 3109 46 17 une
1452 3104 163 25 Interruption,
1622 3105 32 20 M.
1662 3104 64 21 Eden

1195 3135 15 15 a
1223 3128 36 22 dit
1272 3129 55 25 qull
1341 3130 38 24 n'y
1393 3134 15 16 a
1419 3134 44 20 pas
1476 3129 24 21 la
1513 3129 105 21 moindre
1632 3132 83 21 compa-

1194 3155 79 20 raison
1288 3154 15 21 à
1319 3155 59 20 faire
1394 3155 59 20 dans
1468 3155 22 20 le
1505 3159 39 17 cas
1559 3154 30 21 de
1603 3154 85 21 l'Italie
1702 3154 25 21 et

1193 3180 60 20 celui
1267 3179 30 21 de
1311 3180 24 20 la
1350 3180 114 24 Belgique.
1480 3180 34 20 La
1528 3180 114 24 Belgique,
1659 3179 68 21 a-t-11

1195 3205 41 23 dit,
1251 3209 16 16 a
1280 3204 38 21 été
1331 3205 68 21 notre
1414 3204 66 22 alliée
1495 3204 60 22 dans
1569 3204 24 21 la
1607 3209 82 20 guerre
1702 3205 25 19 et

1195 3230 51 20 l'est
1263 3234 90 16 encore.
1372 3230 94 20 L'Italie
1485 3230 38 20 n'a
1542 3234 42 20 pas
1603 3229 38 21 été
1659 3230 68 19 notre

1195 3254 67 20 aillée
1276 3254 107 25 pendant
1397 3253 25 22 la
1435 3258 88 21 guerre.

1255 3286 37 24 M.
1305 3287 78 24 Eden
1396 3286 104 25 défend
1513 3287 37 24 M.
1562 3287 104 24 Pierlot

1221 3323 32 20 M.
1267 3322 64 21 Eden
1344 3327 15 16 a
1372 3322 61 21 alors
1447 3322 79 25 ajouté
1537 3327 6 15 ;

1221 3348 38 20 On
1279 3347 55 21 s'est
1355 3347 118 25 beaucoup
1493 3347 95 24 indigné
1608 3347 15 20 à
1644 3351 84 21 propos

1195 3372 29 20 de
1248 3372 24 20 la
1297 3372 115 25 Belgique.
1437 3372 32 21 Le
1493 3373 181 24 gouvernement
1699 3372 29 21 de

1195 3398 32 21 M.
1247 3396 87 22 Pierlot
1353 3402 16 16 a
1387 3396 38 22 été
1444 3391 139 31 légalement
1602 3397 75 21 formé
1697 3401 30 16 en

1196 3422 50 22 1940
1263 3422 25 20 et
1305 3422 131 25 s'appuyait
1452 3427 40 16 sur
1509 3422 24 21 la
1550 3421 115 25 majorité.
1682 3422 32 20 Ac-

1196 3447 140 23 tuellement
1355 3447 18 21 il
1392 3447 60 24 jouit
1470 3447 105 25 toujours
1593 3447 29 20 de
1641 3446 86 25 l'appui

1195 3472 29 21 de
1236 3472 52 21 tous
1300 3472 33 21 les
1344 3466 80 31 paras,
1436 3471 15 21 à
1462 3472 137 25 l'exception
1611 3472 40 21 des
1663 3476 51 17 com-

1196 3497 118 23 munistes,
1348 3498 25 19 et
1402 3496 133 25 représente
1565 3496 24 22 la
1619 3496 109 26 majorité

1195 3521 122 21 écrasante
1329 3522 31 20 de
1373 3521 25 22 la
1411 3522 143 24 population.

1221 3546 32 21 M.
1268 3547 80 22 Bevan
1365 3547 73 24 ayant
1453 3546 35 22 dit
1504 3551 45 21 que
1563 3546 23 21 le
1601 3551 114 20 gouverne-

1196 3571 65 20 ment
1272 3571 87 21 Pierlot
1371 3572 36 21 est
1418 3572 159 25 Impopulaire,
1590 3573 32 19 M.
1635 3571 64 21 Eden
1713 3577 14 16 a

1196 3595 104 25 répondu
1310 3601 6 15 :
1330 3592 63 25 "Tout
1408 3601 26 16 ce
1448 3601 44 20 que
1506 3597 25 25 je
1545 3596 53 24 sais,
1613 3597 56 20 c'est
1684 3601 43 20 que

1196 3625 26 15 ce
1245 3622 180 22 gouvernement
1448 3622 37 20 est
1507 3621 165 25 représentatif
1696 3622 32 21 du

1196 3645 88 24 peuple.

1222 3671 31 20 M.
1267 3671 85 21 Bevan.
1364 3680 27 5 —
1403 3671 25 20 SI
1440 3675 25 17 ce
1477 3672 180 23 gouvernement
1669 3671 59 21 était

1196 3694 125 25 populaire,
1334 3695 18 21 II
1365 3695 102 21 n'aurait
1480 3700 42 20 pas
1533 3696 80 21 besoin
1627 3695 28 22 de
1668 3696 47 24 l'ap-

1196 3720 39 24 pui
1251 3720 148 25 britannique
1414 3724 58 20 pour
1486 3725 25 16 se
1524 3721 134 21 maintenir.

1222 3745 32 20 M.
1275 3745 71 21 Eden.
1366 3755 27 4 —
1412 3745 31 21 Le
1463 3747 181 23 gouvernement
1663 3746 65 24 belge

1196 3769 36 20 est
1250 3769 79 21 rentré
1348 3769 60 22 dans
1428 3774 43 17 son
1490 3775 57 20 pays
1567 3774 55 18 sans
1640 3771 88 25 l'appui

1197 3794 112 21 d'aucune
1328 3795 64 20 force
1409 3796 84 20 armée.

1221 3819 64 21 Nous
1306 3819 139 25 appuierons
1466 3820 115 21 l'autorité
1602 3821 39 25 qui
1662 3821 66 25 Jouit,

1196 3848 174 20 croyons-nous,
1391 3844 29 21 de
1440 3844 87 25 l'appui
1548 3845 32 20 du
1600 3845 82 25 peuple
1703 3845 25 21 et

1196 3873 58 16 nous
1272 3873 31 16 ne
1321 3873 103 20 pouvons
1441 3874 31 15 en
1490 3870 66 24 juger
1574 3874 45 20 que
1636 3870 91 25 d'après

1196 3898 46 16 une
1256 3895 116 20 Chambre
1384 3893 51 22 élue
1447 3895 26 20 et
1484 3894 91 25 d'après
1588 3895 23 21 la
1624 3896 103 21 manière

1197 3919 57 20 dont
1269 3918 44 21 elle
1327 3919 127 25 s'exprime.

1221 3944 32 20 M.
1270 3944 65 20 Eden
1350 3948 16 17 a
1381 3944 91 22 ensuite
1489 3944 67 25 passé
1571 3949 31 16 en
1618 3950 68 16 revue
1703 3945 24 21 la

1196 3969 113 20 situation
1323 3968 30 22 de
1365 3968 25 22 la
1403 3969 158 25 Yougoslavie,
1575 3969 23 21 le
1611 3969 116 25 problème

1197 3993 122 24 allemand,
1336 3993 24 21 la
1377 3993 74 22 Grèce
1467 3995 25 20 et
1508 3994 23 21 la
1547 3994 136 21 Roumanie.
1701 4004 26 5 —

1196 4018 93 21 Reuter.

1221 4095 39 42 Le
1275 4101 66 45 prix
1356 4095 42 42 de
1411 4096 83 42 l'eau
1505 4102 19 36 à
1541 4096 162 42 Bruxelles

1257 4176 42 20 Les
1318 4175 199 22 administrateurs
1537 4181 153 16 communaux

1231 4200 29 21 de
1272 4201 118 20 Bruxelles
1403 4201 25 21 et
1441 4201 41 21 des
1497 4201 124 25 faubourgs
1634 4202 57 20 vont

1228 4230 26 16 se
1274 4230 128 20 prononcer
1420 4230 41 17 sur
1482 4231 47 16 une
1548 4227 141 25 proposition

1233 4250 100 22 (étudiée
1343 4255 43 20 par
1396 4255 46 17 une
1453 4251 152 22 Commission
1616 4252 61 21 inter-

1230 4276 154 20 communale)
1400 4276 100 21 tendant
1511 4276 15 21 à
1537 4276 83 22 établir
1632 4282 58 20 pour

1229 4301 66 21 toute
1315 4300 195 25 l'agglomération
1531 4306 33 17 un
1583 4307 106 16 nouveau

1230 4326 58 20 tarif
1303 4330 58 21 pour
1378 4326 23 21 la
1419 4327 181 21 consommation
1618 4328 71 20 d'eau.

1230 4352 32 20 Ce
1282 4351 56 21 tarif
1357 4351 72 21 serait
1448 4351 106 25 appliqué
1573 4357 46 16 aux
1637 4353 51 20 dix-

1229 4376 57 21 neuf
1300 4381 139 17 communes.

1255 4401 181 22 L'abonnement
1463 4402 86 21 annuel
1578 4402 112 21 coûterait

1230 4426 38 20 180
1281 4427 80 20 francs
1371 4427 25 20 et
1407 4427 124 21 donnerait
1542 4428 62 20 droit
1616 4428 15 21 à
1642 4432 48 16 une

1230 4452 182 21 consommation
1438 4452 29 21 de
1492 4452 40 21 600
1557 4452 132 22 hectolitres

1229 4477 73 21 d'eau.

1254 4503 66 20 Dans
1331 4507 27 16 ce
1369 4502 51 25 prix
1431 4502 178 22 d'abonnement
1619 4503 70 21 serait

1229 4527 112 24 comprise
1358 4527 23 21 la
1399 4527 100 21 location
1517 4528 30 20 du
1564 4528 125 25 compteur.

1255 4553 61 19 Pour
1334 4552 22 21 la
1376 4552 181 21 consommation
1574 4553 66 21 d'eau
1658 4558 30 16 au

1230 4577 51 21 delà
1307 4577 29 21 de
1362 4577 38 21 600
1427 4577 138 24 hectolitres,
1591 4577 22 22 le
1638 4579 51 24 prix

1229 4602 71 21 serait
1316 4607 6 16 :

1254 4627 27 21 40
1300 4628 112 20 centimes
1432 4627 135 21 l'hectolitre
1587 4633 57 19 pour
1665 4628 23 21 la

1229 4652 182 21 consommation
1429 4653 28 20 de
1472 4653 37 20 601
1526 4653 132 21 hectolitres
1674 4653 15 21 à

1230 4678 57 20 1500
1301 4677 138 21 hectolitres.

1231 4703 26 20 50
1283 4702 111 21 centimes
1420 4702 136 22 l'hectolitre
1582 4708 58 20 pour
1667 4703 23 21 la

1230 4727 182 21 consommation
1437 4728 67 21 d'eau
1529 4732 30 17 au
1584 4729 52 21 delà
1662 4729 28 21 de

1232 4753 57 24 1,500
1302 4753 138 21 hectolitres.
1452 4764 27 5 —
1493 4753 29 21 G.

1285 4818 102 50 Après
1407 4817 47 41 les
1474 4817 166 42 désordres

1224 4904 43 20 Les
1284 4902 150 22 Fédérations
1452 4902 41 21 des
1512 4902 94 22 anciens
1625 4904 92 20 combat-

1198 4927 65 19 tants
1277 4926 29 21 de
1321 4926 116 21 1914-1918
1451 4926 25 20 et
1492 4926 50 20 1940
1556 4926 102 24 ci-après
1668 4932 5 15 :

1224 4950 102 20 Amicale
1339 4949 40 20 des
1393 4949 110 20 Officiers
1517 4948 28 21 de
1559 4949 22 21 la
1596 4951 133 23 Campagne

1200 4973 121 22 1914-1918.
1339 4971 181 22 Confédération
1538 4972 40 20 des
1597 4973 119 20 Fraternel-

1199 4995 32 20 les
1260 4995 94 28 d'Après
1384 4996 89 19 Guerre
1499 4995 173 22 (Combattants
1700 4996 30 21 de

1200 5018 69 23 1940),
1281 5018 138 21 Fédération
1431 5018 122 20 Nationale
1566 5018 39 21 des
1617 5019 69 21 Croix
1698 5019 32 21 du

1198 5041 54 23 Feu,
1266 5041 139 21 Fédération
1421 5041 123 21 Nationale
1560 5041 40 21 des
1616 5042 68 21 Croix
1700 5042 30 21 de

1197 5063 78 25 l'Yser,
1289 5060 138 25 Fédération
1442 5064 123 21 Nationale
1579 5064 42 21 des
1635 5065 82 20 Prison-

1198 5091 62 16 niers
1279 5088 30 20 de
1330 5088 95 23 Guerre,
1447 5087 138 21 Fédération
1605 5088 124 21 Nationale

1198 5109 39 20 des
1258 5110 144 21 Volontaires
1423 5110 30 21 de
1473 5110 95 22 Guerre.
1589 5110 78 22 Union
1687 5111 41 21 des

1199 5132 151 22 Fraternelles
1373 5133 28 21 de
1424 5132 97 22 l'Armée
1543 5133 29 21 de
1595 5134 133 24 Campagne

1199 5155 121 23 1914-1918.
1333 5156 79 21 Union
1427 5155 123 22 Nationale
1564 5156 40 21 des
1619 5149 108 28 Officiers

1198 5177 28 21 de
1241 5179 105 23 Réserve,
1368 5180 42 20 ont
1437 5179 52 21 voté
1511 5179 82 21 lordre
1622 5180 32 20 du
1675 5181 53 24 jour

1200 5202 91 20 suivant
1302 5207 6 15 :

1218 5230 181 18 Douloureusement
1438 5232 157 19 impressionnées
1634 5236 36 16 psx
1709 5235 19 15 la

1198 5250 92 17 situation
1310 5251 50 17 dans
1379 5251 80 19 laquelle
1479 5254 20 13 se
1519 5251 58 17 débat
1597 5252 17 16 le
1634 5255 58 17 pays.,
1708 5255 20 15 et

1198 5271 59 17 ayant
1278 5272 85 17 toujours
1382 5271 30 17 été
1431 5271 102 16 au-dessus
1552 5271 34 17 des
1605 5272 58 17 luttes
1682 5276 36 16 par-

1199 5289 71 17 tisanes
1286 5292 20 14 et
1321 5291 34 16 des
1371 5291 91 19 factions;

1221 5308 120 20 Réprouvent
1366 5311 27 16 les
1417 5310 85 17 troubles
1526 5312 19 15 et
1569 5310 99 18 désordres
1693 5313 31 19 qui

1198 5328 92 17 sévissent
1309 5330 139 17 actuellement,
1470 5329 51 17 alors
1540 5333 36 16 que
1595 5331 23 16 de
1637 5331 92 17 vaillants

1199 5348 55 16 Aines
1276 5350 20 15 et
1317 5350 33 16 des
1372 5350 136 19 compatriotes
1529 5350 86 17 tombent
1637 5352 43 15 tous
1700 5351 28 16 les

1198 5367 53 18 Jours
1268 5371 47 16 pour
1331 5370 55 16 notre
1403 5369 74 19 liberté;

1220 5387 117 17 Demandent
1370 5389 162 17 immédiatement
1562 5389 19 17 la
1612 5390 52 16 trêve
1695 5391 32 16 des

1198 5407 69 18 partis;

1220 5426 90 17 Assurent
1325 5428 23 16 de
1363 5428 41 16 leur
1419 5428 107 20 sympathie
1541 5429 20 16 et
1576 5429 22 16 de
1613 5429 42 16 leur
1669 5430 58 19 appui

1199 5446 48 15 total
1265 5449 33 13 sur
1315 5447 18 16 le
1351 5448 73 16 terrain
1442 5447 88 17 national
1548 5447 28 17 les
1594 5448 93 16 membres
1704 5449 23 16 de

1199 5465 18 15 la
1233 5465 109 18 Résistance
1358 5467 32 19 qui
1406 5468 34 15 ont
1455 5466 54 17 mené
1525 5467 18 17 la
1559 5467 49 17 lutte
1623 5471 44 13 sous
1682 5468 36 16 l'oc-

1200 5486 71 18 cupant
1285 5486 20 15 et
1320 5487 104 17 combattu;

1221 5503 111 19 Rappellent
1352 5505 78 19 qu'elles
1449 5507 44 15 sont
1513 5507 86 18 toujours
1619 5506 12 17 à
1650 5506 20 17 la
1689 5507 31 16 dis-

1201 5521 81 20 position
1299 5524 25 16 du
1338 5528 57 20 pays;

1221 5542 22 15 Et
1263 5543 116 17 demandent
1398 5544 19 16 la
1438 5545 128 16 mobilisation
1586 5545 60 17 totale
1665 5545 24 17 de
1709 5546 19 16 la

1200 5562 66 16 nation
1285 5566 24 12 en
1328 5566 36 13 vue
1383 5563 23 17 de
1425 5563 73 17 l'effort
1517 5564 87 19 suprême
1624 5565 102 16 Immédiat.

1751 781 129 63 Le
1938 778 402 83 général
2399 780 425 62 Brskine

1747 1023 191 37 nous

1745 1102 370 38 annonce

2209 934 58 27 que
2281 923 42 32 les
2341 922 141 33 relations
2500 922 220 38 téléphoniques
2734 926 30 26 et

2252 966 232 37 télégraphiques
2506 970 69 26 sont
2598 975 41 21 ou
2664 969 99 26 seront

2251 1008 190 37 améliorées;
2462 1019 58 27 que
2539 1007 30 32 la
2578 1006 186 39 population

2251 1062 75 20 aura
2347 1050 41 32 du
2409 1050 149 37 charbon;
2578 1049 92 39 qu'un
2694 1057 69 29 gros

2250 1093 89 31 effort
2351 1098 46 26 est
2410 1092 57 32 fait
2480 1092 79 32 dans
2577 1092 28 31 le
2622 1091 142 32 domaine

2250 1134 54 32 des
2318 1140 165 32 transports
2497 1139 29 26 et
2540 1134 78 31 dans
2632 1133 77 32 celui
2722 1132 41 33 du

2251 1177 227 31 ravitaillement
2486 1182 30 26 et
2526 1176 90 38 qu'on
2626 1175 138 38 s'occupe

2250 1220 42 31 du
2315 1222 103 35 papier
2441 1226 75 31 pour
2541 1218 42 32 les
2608 1221 154 35 journaux.

1768 1330 53 20 Tels
1833 1332 53 20 sont
1898 1331 163 25 quelques-uns
2073 1329 42 22 des
2126 1329 58 22 faits
2195 1333 67 17 essen-

1743 1354 52 20 tiels
1823 1354 118 22 annoncés
1962 1358 42 20 par
2033 1353 21 21 le
2076 1354 76 24 major
2181 1351 92 26 général

1743 1377 96 20 Erskine
1854 1377 46 21 lors
1916 1377 68 21 d'une
2000 1376 137 21 conférence
2153 1376 29 20 de
2197 1379 78 21 presse

1742 1400 71 20 tenue
1828 1401 14 20 à
1857 1400 124 21 Bruxelles.

1769 1423 31 20 Le
1817 1423 93 25 général
1928 1428 15 16 a
1959 1423 36 21 dit
2012 1426 43 21 que
2072 1427 59 16 nous
2148 1423 80 20 avions
2244 1426 30 16 en

1744 1447 107 24 Belgique
1874 1447 70 21 10.000
1967 1445 142 24 Hollandais,
2133 1446 58 20 5.000
2213 1445 52 20 Alle-

1743 1469 84 21 mands
1843 1470 25 21 et
1883 1470 59 20 6.000
1958 1470 91 22 Russes,
2065 1469 59 21 dont
2140 1468 22 21 le
2177 1472 85 21 gouver-

1744 1493 95 21 nement
1854 1497 15 17 a
1883 1497 16 16 a
1913 1493 121 23 s'occuper.

1769 1516 43 20 Les
1827 1516 206 20 communications
2048 1515 169 20 interurbaines
2233 1517 43 20 par

1744 1539 122 24 téléphone
1883 1539 43 20 ont
1943 1537 36 23 été
1997 1537 133 22 améliorées
2146 1537 16 22 à
2179 1537 24 21 la
2220 1536 55 21 date

1743 1562 32 20 du
1796 1562 26 20 27
1842 1562 123 21 novembre
1986 1561 31 23 et
2039 1560 95 25 bientôt,
2155 1560 41 21 des
2217 1559 45 21 télé-

1744 1589 114 20 grammes
1875 1585 113 25 pourront
2004 1581 49 24 être
2070 1583 105 25 envoyés,
2193 1587 41 17 car
2251 1583 24 20 la

1743 1609 97 20 Mission
1868 1608 109 21 militaire
2006 1606 118 22 considère
2153 1610 45 21 que
2225 1605 50 21 cela

1744 1631 79 21 aidera
1854 1630 153 26 grandement
2039 1630 127 21 l'industrie
2199 1630 24 19 et
2254 1629 22 19 le

1746 1658 132 17 commerce.

1938 1678 39 24 La
1992 1678 88 30 pèche

1770 1716 38 20 Un
1820 1715 82 21 accord
1915 1720 15 16 a
1942 1715 37 21 été
1992 1713 81 22 réalisé
2085 1714 67 20 entre
2164 1713 112 25 pêcheurs

1744 1739 81 23 belges,
1841 1738 131 21 hollandais
1987 1738 25 22 et
2027 1737 104 24 français
2146 1741 58 20 pour
2220 1736 55 20 l'ex-

1744 1761 123 44 Rloitation
1895 1766 30 16 en
1947 1765 108 17 commun
2084 1759 41 22 des
2146 1757 72 24 bancs
2246 1758 30 21 de

1761 1789 83 20 arengs
1860 1789 31 16 au
1906 1780 65 28 large
1985 1783 29 22 de
2031 1783 60 21 leurs
2107 1783 62 21 côtes
2184 1786 79 20 respec-

1744 1808 63 21 tives.

1921 1833 36 23 Le
1973 1831 125 25 charbon

1770 1869 32 20 La
1822 1868 106 26 question
1947 1868 41 21 des
2007 1867 50 20 bols
2077 1867 28 20 de
2126 1867 62 20 mine
2209 1865 67 21 étant

1744 1896 96 20 presque
1852 1890 95 25 résolue,
1961 1890 24 21 la
1998 1889 136 27 production
2147 1889 31 20 de
2190 1888 86 22 houille

1744 1915 86 20 atteint
1842 1919 31 17 en
1886 1919 26 16 ce
1924 1914 103 21 moment
2040 1913 84 21 900.000
2138 1913 82 20 tonnes
2233 1915 43 21 par

1744 1938 63 21 mois,
1824 1938 79 20 contre
1919 1938 13 19 2
1947 1935 100 23 millions
2062 1936 73 21 avant
2149 1935 24 21 la
2188 1937 87 22 guerre.

1744 1961 107 20 Pendant
1862 1959 157 26 l'occupation,
2032 1963 30 17 on
2074 1963 31 16 en
2116 1957 116 25 extrayait
2243 1961 32 16 un

1744 1988 44 20 peu
1805 1984 75 20 moins
1896 1983 29 21 de
1941 1984 13 20 2
1970 1982 107 24 millions,
2093 1981 68 25 grâce
2178 1985 30 16 au
2226 1980 38 20 tra-

1744 2007 47 21 vail
1817 2006 63 21 forcé
1900 2006 29 21 de
1956 2006 85 21 Russes
2061 2005 25 20 et
2112 2003 30 22 de
2162 2003 113 21 Polonais.

1745 2030 130 24 Cinquante
1894 2033 59 21 pour
1973 2028 53 21 cent
2046 2028 30 21 de
2095 2028 24 20 la
2139 2026 136 26 production

1744 2053 56 20 vont
1814 2057 46 16 aux
1874 2052 91 21 besoins
1979 2051 126 21 militaires,
2120 2050 23 21 le
2156 2049 61 21 reste
2231 2053 45 17 aux

1744 2076 91 20 besoins
1849 2075 83 25 belges,
1948 2080 16 19 y
1978 2073 99 25 compris
2094 2073 83 21 130.000
2194 2073 82 20 tonnes

1745 2099 113 20 réservées
1881 2102 45 17 aux
1948 2101 82 21 usages
2051 2096 160 24 domestiques.
2234 2096 43 19 Les

1744 2122 102 20 mineurs
1862 2121 134 21 travaillent
2011 2119 163 22 actuellement
2189 2119 29 20 de
2234 2119 12 19 4
2261 2117 15 21 à

1744 2146 13 19 6
1770 2145 64 24 Jours
1848 2148 44 21 par
1906 2144 107 21 semaine.

1859 2176 190 28 L'électricité,
2066 2177 27 24 le
2111 2181 50 24 gaz

1770 2214 32 20 Le
1823 2213 93 27 général
1938 2213 89 24 prévolt
2048 2216 46 17 une
2116 2211 161 22 amélioration

1744 2237 60 21 dans
1831 2239 25 19 la
1883 2236 148 22 distribution
2058 2245 28 5 —
2114 2234 162 22 actuellement

1745 2260 63 21 nulle
1825 2271 27 4 —
1876 2260 30 21 de
1922 2264 48 20 gaz.
1996 2260 35 20 En
2049 2263 28 16 ce
2100 2258 39 25 qui
2165 2261 111 17 concerne

1745 2283 144 23 l'électricité,
1916 2284 34 19 les
1970 2282 113 21 centrales
2109 2281 31 21 de
2159 2280 118 21 Bruxelles

1744 2307 48 23 ont,
1809 2311 30 16 en
1855 2309 160 22 permanence,
2032 2309 32 16 un
2081 2304 65 21 stock
2162 2304 28 20 de
2207 2304 57 20 char-

1745 2330 46 21 bon
1803 2334 61 22 pour
1879 2330 58 20 trois
1950 2329 16 21 à
1981 2329 83 24 quatre
2078 2328 70 24 jours.
2164 2327 20 21 Il
2200 2326 77 21 donne

1745 2353 33 20 les
1791 2353 97 21 chiffres
1902 2351 150 26 comparatifs
2066 2350 104 21 suivants
2183 2354 59 21 pour
2255 2349 22 21 le

1744 2380 58 20 pays
1811 2381 5 15 :
1837 2377 49 20 1941
1907 2375 85 22 (stocks
2008 2378 58 20 pour
2083 2374 32 21 les
2132 2373 123 21 centrales)
2270 2377 4 14 :

1745 2400 83 20 510.000
1838 2400 36 21 T.:
1888 2400 51 20 1942
1949 2404 5 15 :
1968 2398 84 21 228.000
2062 2398 36 23 T.;
2112 2397 51 21 1943
2173 2401 6 16 :
2193 2396 84 21 128.000

1744 2423 25 20 T.
1783 2423 26 20 et
1823 2422 50 21 1944
1883 2427 6 15 :
1906 2423 70 20 53.000
1989 2420 26 23 T.

1770 2446 21 21 n
1809 2445 89 25 prévolt
1917 2449 43 22 que
1979 2448 59 17 nous
2056 2447 112 22 pourrons
2187 2442 90 22 bientôt

1745 2469 64 21 avoir
1833 2468 32 21 du
1888 2473 43 20 gaz
1954 2468 104 24 pendant
2081 2471 47 16 une
2151 2466 71 20 heure
2246 2469 32 16 au

1744 2492 79 20 milieu
1834 2491 29 21 de
1874 2492 24 20 la
1909 2490 97 26 journée
2015 2490 25 21 et
2050 2494 46 17 une
2107 2489 72 21 heure
2191 2489 22 20 le
2223 2488 53 20 soir.

1770 2516 43 19 Les
1825 2515 79 24 grèves
1915 2514 102 21 récent-s
2030 2513 42 20 ont
2082 2517 30 16 eu
2123 2511 154 22 évidemment

1744 2538 50 21 leur
1807 2538 60 20 effet
1881 2542 39 16 sur
1934 2537 25 20 la
1972 2536 136 25 production
2123 2535 30 20 de
2166 2535 109 20 charbon.

1744 2562 39 24 qui
1800 2560 119 21 descendit
1936 2560 30 21 de
1983 2559 72 21 42.000
2073 2559 82 21 tonnes
2174 2559 13 20 à
2206 2557 71 21 34.000

1745 2586 82 19 tonnes
1842 2588 44 20 par
1899 2584 59 25 jour.

1858 2618 50 24 Les
1925 2616 128 25 chemins
2067 2616 35 24 de
2118 2616 44 24 fer

1770 2654 31 20 Le
1815 2653 94 26 général
1924 2652 94 21 Erskine
2033 2651 87 21 félicite
2133 2650 25 21 la
2172 2650 105 23 nouvelle

1744 2677 113 20 direction
1878 2676 41 21 des
1940 2675 104 21 chemins
2065 2674 30 21 de
2116 2673 36 21 fer
2174 2677 58 21 pour
2255 2672 22 21 le

1744 2704 53 20 gros
1811 2699 74 21 effort
1901 2699 80 25 qu'elle
1998 2703 15 16 a
2029 2698 84 20 fourni.
2130 2697 38 20 500
2184 2700 93 20 wagons

1745 2724 54 19 sont
1819 2722 92 27 réparés
1931 2727 43 20 par
1995 2721 108 21 semaine,
2124 2725 46 16 une
2191 2719 87 25 grande

1746 2746 74 24 partie
1836 2741 29 25 de
1881 2745 68 27 voies,
1964 2749 32 16 un
2003 2741 105 23 'nombre
2124 2744 29 20 de
2167 2743 70 29 ponts
2254 2743 24 20 et

1745 2769 95 21 viaducs
1855 2769 42 20 ont
1911 2768 38 21 été
1965 2767 69 21 remis
2049 2771 31 18 en
2095 2766 56 21 état.
2167 2766 35 20 De
2218 2770 46 16 nou-

1746 2792 68 20 velles
1832 2791 145 21 locomotives
1996 2790 157 24 britanniques
2172 2789 23 21 e"
2214 2788 51 21 amé-

1746 2815 98 21 ricaines
1855 2815 54 20 sont
1923 2813 161 22 actuellement
2096 2817 30 17 en
2141 2812 85 20 service
2238 2816 40 16 sur

1746 2839 68 19 notre
1830 2837 81 21 réseau
1928 2838 25 19 et
1972 2837 31 20 les
2022 2836 105 21 vicinaux
2146 2835 133 21 travaillent

1746 2861 28 21 de
1789 2861 69 24 façon
1871 2860 166 21 satisfaisante.

1923 2895 51 23 Les
1990 2899 109 18 canaux

1770 2931 36 19 La
1816 2929 106 24 majorité
1931 2929 30 20 de
1971 2932 44 18 -w
2023 2933 91 16 canaux
2125 2927 40 22 ont
2175 2928 39 20 été
2219 2932 47 16 Ten-

1746 2953 42 20 dus
1800 2952 14 20 à
1826 2952 24 21 la
1861 2952 140 24 navigation.
2011 2952 39 20 Un
2062 2951 95 21 nombre
2170 2952 27 20 de
2209 2951 70 25 ponts

1746 2977 41 19 ont
1797 2975 38 21 été
1845 2975 70 20 remis
1926 2980 29 16 en
1967 2975 51 20 état
2027 2975 25 20 et
2063 2974 100 21 d'autres
2175 2975 51 19 sont
2240 2979 39 16 sur

1746 2999 22 20 le
1779 2999 65 24 point
1856 2998 27 21 de
1895 2998 69 20 l'être.
1977 2998 31 20 Le
2018 2998 103 20 charbon
2132 2997 29 21 de
2172 2997 23 20 la
2207 2998 58 19 Cam-

1746 3022 53 24 pine
1823 3021 80 23 arrive,
1925 3026 48 15 non
1995 3025 42 20 pas
2059 3025 42 20 par
2124 3020 60 20 voies
2207 3020 72 23 d'eau,

1746 3045 59 20 mais
1819 3049 42 20 par
1876 3044 92 21 chemin
1983 3045 29 20 de
2026 3043 41 22 fer.

1928 3079 37 23 Le
1984 3077 111 25 cinéma

1771 3115 35 19 De
1817 3114 126 21 nombreux
1956 3114 63 20 films
2032 3113 144 29 américains,
2189 3113 89 24 anglais

1745 3138 25 20 et
1786 3141 76 16 russes
1879 3137 54 20 sont
1949 3136 100 25 projetés
2066 3141 30 16 en
2114 3133 113 28 Belgique.
2246 3136 32 21 La

2291 1329 80 21 moitié
2389 1328 31 21 de
2439 1329 68 19 notre
2526 1327 136 28 population
2683 1331 15 16 a
2717 1330 32 20 pu
2769 1324 56 25 voir,

2293 1352 153 23 notamment,
2462 1352 38 20 700
2515 1351 63 21 films
2593 1349 140 22 d'actualité.

2344 1386 232 25 Reconstruction
2593 1384 182 28 économique

2319 1425 43 20 Les
2379 1422 111 22 autorités
2509 1422 124 20 militaires,
2651 1420 130 20 soucieuses
2797 1418 29 20 de

2297 1447 105 20 résoudre
2413 1450 26 16 ce
2450 1449 68 21 grave
2529 1443 121 26 problème,
2661 1444 43 19 ont
2713 1440 115 23 constitué

2295 1475 33 16 un
2355 1469 107 21 .Comité
2486 1468 17 20 à
2528 1468 99 24 quatre,
2656 1464 104 28 composé
2787 1464 40 20 dea

2296 1492 145 21 ambassades
2455 1491 146 23 britannique
2613 1491 25 19 et
2652 1488 138 21 américaine
2803 1488 25 20 et

2295 1516 28 21 de
2334 1517 50 20 leur
2393 1514 122 26 personnel
2526 1512 152 22 commercial,
2688 1512 32 20 du
2732 1514 83 20 gouver-

2295 1541 94 18 nement
2405 1538 62 23 belge
2482 1538 25 20 et
2520 1537 30 21 de
2565 1536 23 20 la
2602 1536 96 19 Mission
2713 1534 114 20 militaire.

2296 1563 32 20 Ce
2341 1561 83 21 comité
2436 1561 54 20 s'est
2503 1559 63 21 tracé
2579 1564 33 16 un
2627 1568 8 7 ■
2644 1558 56 24 plan
2712 1557 30 20 de
2755 1557 53 19 base
2817 1562 9 15 <

2296 1584 88 21 destiné
2400 1584 14 19 à
2431 1583 120 22 améliorer
2566 1583 68 19 notre
2650 1579 179 22 ravitaillement

2296 1612 42 18 par
2353 1606 165 24 l'importation
2534 1604 136 22 d'aliments.
2686 1604 31 20 Le
2733 1602 95 21 nombre

2296 1632 41 20 des
2355 1630 95 21 calories
2468 1633 52 17 sera
2539 1627 66 26 porté
2624 1628 29 20 de
2673 1627 51 20 1400
2743 1625 16 22 à
2776 1625 53 21 2400

2295 1655 24 19 et
2333 1654 41 21 des
2387 1653 88 21 rations
2489 1651 205 25 supplémentaires
2709 1648 120 22 accordées

2295 1682 45 15 aux
2353 1677 84 24 ayants
2448 1676 68 20 droit.
2530 1675 20 20 Il
2562 1675 103 26 s'occupe
2677 1673 29 20 de
2718 1672 111 21 remettre

2296 1705 30 16 en
2338 1699 94 22 activité
2446 1699 40 21 des
2500 1698 124 21 industries
2637 1693 76 28 belges
2727 1695 102 26 pouvant

2296 1723 117 21 travailler
2432 1722 17 21 à
2469 1722 40 21 des
2530 1721 48 21 fins
2599 1719 126 22 militaires.
2752 1718 20 21 Il
2792 1718 37 20 est

2296 1746 106 21 essentiel
2419 1750 45 20 que
2480 1747 22 20 le
2519 1745 178 23 gouvernement
2713 1742 65 23 belge
2795 1741 34 21 ait

2295 1770 15 20 à
2323 1770 100 20 Londres
2436 1769 25 20 et
2475 1768 14 20 à
2503 1767 152 24 Washington
2668 1766 42 20 des
2722 1764 106 21 missions

2296 1793 158 23 économiques
2467 1795 57 21 pour
2537 1790 86 21 l'achat
2634 1789 29 21 de
2677 1789 73 20 vivres
2763 1788 25 20 et
2800 1787 29 20 de

2296 1816 106 20 matières
2422 1814 129 25 premières.
2571 1812 178 22 Parallèlement
2768 1810 15 21 à
2802 1814 26 17 ce

2295 1838 83 22 comité
2393 1837 133 23 travaillent
2540 1837 34 20 les
2588 1835 59 22 Civil
2662 1834 94 23 Affatrs,
2770 1834 57 20 s'oc-

2295 1862 88 24 cupant
2406 1860 180 22 exclusivement
2609 1859 31 21 de
2665 1857 164 25 l'importation

2296 1886 28 21 de
2342 1885 80 20 vivres.
2440 1884 61 20 Pour
2520 1887 94 17 amener
2631 1886 31 16 en
2680 1879 109 25 Belgique
2807 1879 21 21 le

2296 1908 35 21 blé
2349 1906 136 22 commandé
2502 1911 31 16 au
2550 1905 97 21 Canada
2665 1905 24 20 et
2705 1904 34 20 les
2756 1903 73 21 vivres

2296 1931 31 20 du
2343 1931 85 23 Congo,
2445 1929 23 21 le
2483 1928 179 25 gouvernement
2679 1926 63 25 belge
2759 1926 70 21 devra

2295 1954 64 20 avoir
2373 1957 92 17 recours
2481 1957 31 16 au
2530 1960 8 8 -
2548 1951 108 25 shipping
2671 1951 52 23 pool
2731 1958 9 9 »
2761 1948 68 22 (mise

2295 1981 30 16 en
2347 1979 109 18 commun
2479 1975 40 21 des
2541 1975 101 20 navires)
2669 1972 41 21 des
2732 1972 97 21 Nations

2296 2000 77 21 Unies.

2336 2033 45 24 Du
2394 2032 98 30 papier
2506 2036 70 25 pour
2591 2031 41 24 les
2646 2030 141 29 journaux

2321 2068 140 26 Répondant
2478 2067 16 21 à
2511 2072 48 17 une
2577 2066 105 25 question
2698 2064 70 26 posée
2786 2068 43 21 par

2297 2097 31 16 un
2340 2091 142 25 Journaliste,
2493 2091 23 20 le
2527 2089 93 26 général
2632 2089 95 20 Erskine
2739 2087 35 22 dit
2786 2091 43 21 que

2296 2115 22 21 le
2335 2123 9 9 •
2352 2113 90 23 Comité
2457 2113 16 22 à
2487 2116 82 22 quatre
2577 2121 9 9 >
2603 2112 103 24 s'occupe
2722 2110 62 22 aussi
2801 2110 28 21 de

2296 2138 23 21 la
2341 2137 130 21 fourniture
2493 2136 29 20 de
2544 2136 81 25 papier
2646 2139 47 16 aux
2714 2134 115 24 journaux

2297 2162 81 23 belges.

2439 2190 37 24 Le
2491 2188 117 25 marché
2623 2188 61 23 noir

2321 2228 31 20 Le
2364 2226 93 25 général
2467 2225 106 21 constate
2583 2229 45 20 que
2639 2224 22 21 le
2672 2222 94 23 marché
2777 2225 52 18 noir

2296 2251 37 20 est
2345 2254 31 16 en
2390 2249 134 24 régression,
2538 2248 61 20 mais
2612 2247 18 21 il
2644 2252 31 15 ne
2688 2245 141 25 disparaîtra

2297 2277 41 20 pas
2357 2272 177 23 complètement
2552 2272 72 20 avant
2642 2274 44 19 que
2704 2269 35 21 les
2757 2268 73 21 vivr-es

2296 2296 126 21 n'arrivent
2437 2300 30 16 en
2483 2293 118 26 quantités
2615 2293 144 21 suffisantes.

2360 2330 51 24 Les
2426 2329 124 24 troubles
2566 2334 36 18 en
2618 2327 130 28 Belgique

2321 2367 32 20 Le
2367 2365 92 25 général
2473 2364 36 21 est
2521 2363 92 21 ensuite
2626 2362 86 22 assailli
2726 2362 30 20 de
2769 2360 48 22 mul-

2297 2388 68 26 tiples
2386 2383 116 30 questions
2522 2387 107 21 relatives
2650 2390 46 17 aux
2717 2385 114 20 incidents

2296 2413 25 20 et
2339 2416 46 17 aux
2405 2410 78 26 grèves
2502 2410 40 25 qui
2560 2410 43 21 ont
2620 2414 30 16 eu
2669 2409 46 21 Heu
2734 2407 16 21 à
2769 2408 48 20 Bru-

2295 2435 76 21 xelles.
2383 2433 97 23 Parlant
2490 2433 30 21 de
2530 2432 171 22 l'intervention
2712 2431 41 21 des
2765 2431 52 20 trou-

2297 2462 40 21 pes
2350 2457 164 24 britanniques,
2528 2456 18 22 il
2560 2456 35 21 dit
2605 2460 6 16 :
2629 2463 9 10 «
2647 2455 62 21 Nous
2723 2459 31 16 ne
2766 2457 51 18 som-

2297 2485 50 17 mes
2366 2485 42 21 pas
2428 2480 34 21 les
2481 2479 152 21 Instruments
2652 2478 32 21 du
2704 2481 113 21 gouverne-

2297 2505 65 20 ment
2376 2504 73 25 belge;
2466 2507 59 17 nous
2539 2502 102 24 agissons
2656 2505 58 20 pour
2727 2500 41 21 des
2783 2500 35 20 rai-

2297 2532 53 16 sons
2368 2525 145 23 militaires..
2531 2526 36 20 En
2584 2528 95 20 somme,
2696 2523 121 21 l'interven-

2297 2550 50 21 tion
2366 2549 109 21 militaire
2491 2560 28 5 —
2538 2549 23 20 et
2579 2548 44 20 elle
2640 2552 26 16 se
2684 2546 113 26 produisit
2815 2545 15 21 à

2298 2574 99 20 diverses
2416 2572 103 24 reprises,
2539 2571 89 24 chaque
2648 2570 44 21 fois
2710 2569 17 21 à
2746 2570 24 21 la
2789 2569 29 20 de-

2297 2596 84 21 mande
2395 2596 30 20 du
2440 2595 178 24 gouvernement
2632 2593 64 24 belge
2708 2604 28 4 —
2748 2593 39 20 n'a
2801 2596 30 17 eu

2297 2623 58 21 pour
2366 2618 43 21 but
2420 2622 44 22 que
2477 2618 29 20 de
2517 2617 79 21 veiller
2608 2616 15 21 à
2634 2621 27 16 ce
2674 2620 43 20 que
2729 2616 34 20 les
2775 2614 43 25 opé-

2295 2642 89 20 rations
2400 2638 121 24 militaires
2536 2639 79 22 alliées
2630 2643 31 17 en
2676 2639 108 24 Belgique
2800 2642 31 16 ne

2297 2665 75 21 soient
2387 2669 43 20 pas
2444 2663 127 22 entravées.

2322 2694 139 24 Répondant
2477 2692 15 21 à
2508 2697 46 17 une
2571 2692 111 25 question,
2700 2691 21 21 le
2737 2690 93 25 général

2298 2718 35 20 dit
2348 2721 44 23 que
2408 2721 42 20 pas
2466 2720 45 17 une
2526 2715 64 21 seule
2606 2714 113 21 demande
2735 2712 84 22 d'inter-

2298 2739 93 23 vention
2405 2740 57 20 faite
2476 2743 43 21 par
2532 2740 33 20 les
2579 2738 111 21 autorités
2704 2737 76 24 belges
2792 2737 39 20 n'a

2297 2763 36 21 été
2352 2762 115 22 accueillie
2485 2767 42 20 par
2544 2766 47 16 une
2607 2761 36 20 fin
2660 2761 30 20 de
2707 2764 123 17 non-rece-

2297 2787 55 20 voir.
2372 2787 19 19 A
2411 2790 46 16 une
2478 2785 66 21 autre
2564 2784 112 25 question,
2695 2784 23 20 le
2738 2782 92 27 général

2297 2809 87 24 répond
2396 2813 43 20 que
2452 2808 22 21 le
2486 2808 179 24 gouvernement
2678 2812 13 16 a
2705 2806 44 21 fait
2763 2806 67 24 appel

2297 2837 45 16 aux
2358 2832 98 23 troupes,
2470 2835 70 21 parce
2555 2831 54 28 qu'il
2622 2829 122 22 s'estimait
2757 2827 73 22 nêh-e

2298 2860 40 20 pas
2351 2853 94 26 capable
2458 2854 28 21 de
2498 2854 126 20 maintenir
2636 2853 87 20 l'ordre.
2736 2853 95 20 Aucune

2297 2878 139 21 arrestation
2450 2878 38 20 n'a
2503 2876 38 22 été
2556 2877 59 20 faite
2629 2880 42 21 par
2687 2876 33 20 les
2734 2875 84 21 Britan-

2298 2902 85 23 niques.

2324 2939 10 7 •
2342 2930 71 20 Notre
2431 2929 54 23 rôle,
2504 2929 33 21 dit
2556 2929 21 20 le
2595 2928 99 25 général,
2711 2929 60 19 n'est
2788 2932 44 20 pas

2299 2953 142 24 d'empêcher
2459 2952 147 25 l'expression
2625 2951 129 25 d'opinions
2772 2951 46 24 poli-

2299 2976 79 24 tiques,
2397 2976 59 20 mats
2473 2980 33 19 ce.
2524 2979 58 20 pour
2601 2975 84 21 autant
2702 2974 82 29 qu'elle
2801 2978 32 16 ne

2299 2999 65 20 nuise
2377 3003 42 20 pas
2432 2998 16 21 à
2462 2998 23 21 la
2499 2998 108 21 conduite
2620 2998 41 20 des
2675 2996 137 26 opérations.
2821 3006 8 8 »

2324 3022 20 20 Il
2367 3021 112 21 confirme
2501 3025 45 20 que
2567 3021 41 20 des
2630 3024 98 21 groupes
2750 3019 83 24 armés,

2299 3044 73 25 partis
2388 3045 30 20 de
2436 3045 74 21 Mons,
2528 3044 94 21 avaient
2641 3043 63 21 tenté
2722 3044 28 21 de
2769 3048 50 15 mar-

2299 3068 54 19 cher
2369 3071 40 17 sur
2425 3063 118 25 Bruxelles
2566 3067 56 21 Cela
2639 3067 35 20 est
2690 3066 76 21 établi,
2784 3070 49 17 non

2299 3090 127 20 seulement
2447 3094 43 20 par
2510 3090 41 20 des
2573 3091 107 23 rapports
2701 3089 29 21 de
2751 3093 81 17 source

2299 3113 109 21 officielle
2420 3109 70 28 belge,
2503 3113 59 21 mais
2575 3113 62 20 aussi
2648 3117 44 20 par
2705 3112 40 22 des
2758 3112 62 21 infor-

2299 3137 100 20 mations
2411 3136 28 21 de
2449 3140 80 17 source
2541 3136 107 21 militaire
2660 3135 72 21 alliée.
2743 3146 28 5 —
2780 3135 53 24 L.Q.

1777 3225 38 41 La
1838 3231 144 36 iaxaiion
2006 3225 58 41 des
2089 3224 163 42 bénéfices

1795 3281 41 42 de
1855 3298 111 33 guerre
1982 3298 8 24 :
2011 3281 84 41 deux
2116 3286 117 44 projets

1775 3363 42 20 Les
1836 3362 116 20 ministres
1972 3362 42 20 ont
2034 3360 137 23 commencé,
2191 3363 89 18 comme

1749 3392 30 15 on
1796 3387 52 23 sait,
1864 3387 112 20 l'examen
1991 3386 40 22 des
2046 3386 87 25 projets
2150 3385 98 21 tendant
2265 3384 14 21 à

1748 3412 23 21 la
1783 3412 105 21 taxation
1900 3412 40 21 des
1951 3411 114 21 bénéfices
2077 3411 28 20 de
2116 3414 86 22 guerre.
2214 3409 65 26 Déjà,

1749 3437 29 21 ils
1798 3439 43 20 ont
1861 3436 107 22 consacré
1988 3437 59 20 deux
2068 3435 93 22 séances
2183 3435 15 22 à
2219 3436 60 19 cette

1749 3463 69 21 étude
1828 3462 45 30 qui,
1883 3461 90 25 d'après
1983 3466 26 16 ce
2020 3465 43 21 que
2074 3465 58 18 nous
2143 3464 136 21 apprenons,

1748 3487 158 21 nécessiterait
1921 3491 83 17 encore
2018 3487 40 20 des
2073 3486 137 21 discussions
2226 3489 41 21 pro-

1749 3513 98 24 longées.

1775 3538 35 20 En
1826 3542 93 18 somme,
1933 3537 16 21 il
1961 3542 15 18 y
1990 3542 15 16 a
2018 3537 59 20 deux
2091 3537 76 21 thèses
2180 3541 31 16 en
2225 3539 41 21 pré-

1748 3568 74 16 sence.

1775 3589 31 20 Le
1826 3589 76 24 projet
1924 3588 28 20 de
1972 3588 33 21 M.
2025 3588 67 22 Gutt,
2112 3586 105 21 ministre
2238 3586 41 20 des

1748 3614 120 22 Finances,
1882 3614 36 20 est
1932 3612 47 21 très
1992 3612 82 24 simple
2088 3614 24 19 et
2124 3610 49 23 très
2185 3610 94 24 r-.dical,

1749 3639 53 23 trop
1812 3638 87 20 radical
1910 3637 137 25 prétendent
2057 3637 107 22 certains.
2171 3636 38 20 Cu
2215 3635 64 26 prête

1749 3663 15 21 à
1779 3665 32 19 M.
1826 3664 60 20 Gutt
1901 3663 130 21 l'intention
2045 3662 30 21 de
2090 3663 65 20 taxer
2170 3666 26 16 ce
2211 3662 68 23 qu'on

1749 3689 56 24 peut
1815 3689 93 21 estimer
1919 3687 72 21 n'être
2002 3692 45 20 que
2057 3688 39 20 des
2108 3687 115 21 bénéfices
2235 3686 31 21 fic-

1749 3714 48 22 tifs,
1814 3713 147 22 notamment
1978 3713 34 21 les
2029 3712 143 25 plus-values
2189 3716 40 17 sur
2246 3711 33 21 les

1749 3739 91 20 valeurs
1852 3732 128 27 mobilières
1995 3738 24 21 et
2033 3737 167 21 immobilières.

1775 3764 21 20 n
1811 3761 36 24 es't
1862 3763 98 24 évident,
1975 3767 59 17 nous
2048 3763 35 21 dit
2098 3763 15 21 à
2129 3767 26 17 ce
2170 3762 62 25 sujet
2246 3766 33 16 un

1747 3788 116 24 sénateur,
1875 3793 44 20 que
1929 3787 122 26 quelqu'un
2063 3789 38 24 qui
2113 3793 21 18 a,
2146 3792 43 20 par
2200 3790 66 18 exem-

1748 3814 44 25 ple,
1804 3819 31 15 un
1846 3813 144 25 portefeuille
1999 3813 57 21 dont
2067 3813 113 21 certaines
2190 3811 91 22 valeurs

1748 3840 43 20 ont
1809 3839 126 21 fortement
1953 3837 84 22 haussé
2056 3843 30 16 ne
2105 3839 57 24 peut
2180 3838 52 20 tout
2251 3838 28 20 de

1748 3864 77 21 même
1841 3869 43 20 pas
1901 3864 49 21 être
1967 3863 99 22 assimilé
2085 3863 14 22 à
2117 3868 32 16 un
2167 3862 112 26 profiteur

1749 3889 29 21 de
1796 3893 89 21 guerre;
1905 3889 17 21 il
1938 3893 32 16 ne
1987 3889 103 24 pourrait
2107 3888 50 21 être
2174 3887 105 26 question

1748 3915 30 20 de
1789 3914 104 21 bénéfice
1905 3914 47 20 réel
1963 3918 44 20 que
2018 3913 21 21 le
2051 3914 53 24 Jour
2116 3913 30 22 où
2158 3913 16 21 il
2184 3912 82 22 réalise-

1748 3940 48 20 rait
1804 3944 38 16 ses
1851 3940 73 21 titres.
1936 3939 39 22 Or,
1985 3939 32 20 M.
2028 3939 60 21 Gutt
2097 3938 106 21 voudrait
2214 3938 66 21 taxer

1749 3964 197 21 immédiatement
1962 3968 38 16 ces
2015 3962 148 26 plus-values.
2179 3963 33 21 Sa
2227 3967 38 16 ma-

1748 3989 64 21 nière
1823 3990 30 20 de
1862 3989 50 21 voir
1922 3994 15 16 a
1949 3989 45 20 fait
2006 3988 78 25 l'objet
2095 3989 30 21 de
2135 3988 108 24 critiques
2254 3989 25 20 et

1748 4019 31 16 on
1790 4015 33 20 lui
1834 4019 15 16 a
1858 4015 47 20 fait
1915 4014 104 21 observer
2029 4014 54 24 qu'il
2093 4013 115 25 s'agissait
2218 4013 62 21 alors

1748 4033 118 31 beaucoup
1884 4038 52 26 plus
1954 4039 54 20 d'un
2027 4038 155 25 prélèvement
2198 4043 41 16 sur
2257 4038 22 20 le

1748 4064 87 25 capital
1854 4069 45 20 que
1917 4064 29 21 de
1964 4063 115 22 bénéfices
2098 4064 30 21 de
2148 4068 86 20 guerre.
2254 4064 25 20 Si

1749 4090 55 20 c'est
1815 4089 49 21 cela
1876 4089 54 25 qu'il
1943 4089 60 23 veut,
2016 4089 17 20 il
2046 4089 158 21 conviendrait
2217 4089 29 21 de
2258 4089 22 21 le

1749 4114 49 21 dire
1811 4114 169 21 franchement.

1773 4140 33 20 M.
1828 4139 61 22 Gutt
1910 4139 101 21 n'aurait
2033 4143 42 21 pas
2097 4139 37 21 été
2156 4139 123 21 Insensible

1749 4169 45 16 aux
1809 4164 108 25 critiques
1930 4163 136 27 présentées.

1780 4203 36 23 Le
1833 4203 93 29 projet
1941 4203 35 23 de
1993 4202 252 25 l'Administration

1775 4239 73 21 Outre
1858 4243 26 17 ce
1895 4239 76 25 projet
1982 4238 28 21 de
2021 4239 32 20 M.
2064 4239 67 23 Gutt,
2142 4239 17 21 il
2168 4243 15 20 y
2194 4243 15 16 a
2221 4238 58 21 celui

1747 4268 45 21 que
1808 4263 46 21 l'on
1869 4263 104 25 pourrait
1989 4263 106 25 qualifier
2111 4264 31 21 de
2157 4264 77 25 projet
2250 4264 28 20 de

1748 4289 207 21 l'Administration
1972 4306 6 3 .
1987 4289 40 20 des
2057 4289 169 21 contributions
2256 4288 23 22 et

1747 4315 68 24 qu'en
1833 4313 99 25 langage
1950 4313 167 22 administratif
2136 4319 31 16 on
2187 4317 92 18 nomme

1747 4340 77 25 projet
1837 4340 142 21 Puttemans,
1994 4339 31 21 du
2038 4343 56 17 nom
2107 4339 30 21 du
2153 4339 125 21 directeur-

1747 4364 94 25 général
1854 4364 41 22 des
1910 4364 172 21 contributions.

1773 4397 33 20 Ce
1818 4396 77 24 projet
1906 4396 37 21 est
1955 4395 118 25 beaucoup
2087 4395 52 25 plus
2152 4395 127 25 compliqué

1747 4421 25 21 et
1789 4421 70 21 ferait
1875 4421 118 24 beaucoup
2010 4421 77 20 mieux
2103 4421 24 21 la
2144 4420 134 22 distinction

1746 4446 68 21 entre
1838 4446 35 21 les
1896 4445 116 22 bénéfices
2036 4445 30 21 de
2090 4450 82 21 guerre
2197 4446 24 21 et
2246 4445 33 21 les

1747 4471 84 21 autres.
1843 4471 21 21 Il
1876 4470 71 22 serait
1959 4470 63 21 aussi
2033 4471 118 24 beaucoup
2163 4471 53 25 plus
2228 4472 48 19 tra-

1747 4496 85 21 cassier
1856 4501 59 20 pour
1939 4495 34 22 les
1997 4496 175 23 contribuables,
2197 4501 40 16 car
2262 4496 17 21 il

1747 4521 158 22 nécessiterait
1921 4522 41 20 des
1977 4521 114 21 contrôles
2106 4522 126 20 nombreux
2248 4521 30 23 et,

1748 4546 58 21 dans
1829 4546 100 21 certains
1952 4549 62 19 cas,-
2021 4545 40 22 des
2082 4546 109 25 enquêtes
2215 4551 64 16 assez

1748 4571 100 25 longues.

1773 4603 58 20 L'un
1847 4604 25 19 et
1890 4603 82 20 l'autre
1990 4603 88 24 projets
2096 4603 118 24 prévoient
2233 4605 46 18 une

1748 4628 102 21 certaine
1875 4626 148 23 exonération
2048 4626 15 22 à
2087 4628 23 21 la
2135 4628 61 23 base,
2221 4631 58 22 pour

1747 4653 116 20 atteindre
1880 4653 14 21 à
1912 4653 74 25 partir
2003 4652 54 21 d'un
2074 4653 89 21 certain
2181 4654 56 20 taux
2254 4653 24 21 la

1747 4678 87 24 reprise
1849 4677 71 22 totale
1935 4677 40 21 des
1991 4677 114 22 bénéfices
2121 4678 29 21 de
2165 4682 87 21 guerre.

1774 4709 31 20 M.
1820 4709 60 21 Gutt
1894 4714 31 16 ne
1937 4713 25 17 se
1976 4709 120 21 montrant
2110 4714 42 20 pas
2166 4710 99 21 intransi-

1748 4734 76 24 geant,
1836 4734 16 20 il
1864 4735 36 20 est
1911 4733 172 22 vraisemblable
2096 4735 67 25 qu'on
2176 4739 30 17 en
2218 4739 47 17 arri-

1747 4763 55 16 vera
1818 4758 16 22 à
1851 4764 47 16 une
1913 4759 62 21 sorte
1992 4759 30 20 de
2036 4759 110 24 synthèse
2162 4760 40 21 des
2217 4760 60 21 deux

1748 4784 87 24 projets
1849 4784 135 25 principaux
1999 4795 26 5 —
2039 4784 22 21 le
2072 4784 51 22 sien
2137 4785 25 21 et
2176 4784 58 22 celui
2250 4785 29 21 de

1748 4809 206 21 l'Administration
1967 4820 26 4 —
2007 4809 163 22 actuellement
2183 4815 29 16 en
2224 4810 42 25 pré-

1747 4838 74 17 sence.
1831 4836 35 20 De
1876 4835 65 21 toute
1950 4833 108 25 manière,
2068 4835 21 20 le
2100 4837 179 23 gouvernement

1748 4859 71 21 serait
1834 4859 104 22 désireux
1955 4859 29 21 de
2000 4859 95 25 déposer
2110 4860 23 22 le
2147 4860 51 25 plus
2214 4861 51 25 rapi-

1749 4885 93 21 dement
1856 4885 98 25 possible
1967 4889 41 17 son
2023 4885 77 25 projet
2114 4886 29 21 de
2157 4886 31 21 loi
2201 4891 41 16 sur
2257 4887 22 20 le

1748 4909 88 22 bureau
1852 4911 28 21 de
1897 4910 23 21 la
1936 4909 121 22 Chambre.
2073 4910 20 22 H
2108 4911 94 22 laissera
2218 4912 61 20 alors

1748 4939 31 16 au
1789 4935 133 21 Parlement
1932 4935 22 21 le
1965 4935 50 21 soin
2026 4935 28 21 de
2065 4941 26 16 se
2101 4940 128 21 prononcer
2239 4941 40 17 sur

1749 4960 21 20 le
1784 4959 85 25 régime
1881 4960 16 21 à
1910 4960 123 25 appliquer.
2047 4972 27 5 —
2085 4962 26 21 F.

1776 5026 56 43 Les
1853 5028 189 40 humoristes
2063 5037 188 42 exposent...

1773 5114 35 19 Au
1819 5113 72 24 profit
1903 5113 40 21 des
1955 5114 141 23 prisonniers
2107 5115 30 20 de
2147 5119 88 20 guerre,
2247 5116 33 21 les

1747 5136 137 20 humoristes
1897 5136 32 20 du
1941 5140 86 20 groupe
2039 5137 28 20 de
2080 5137 86 22 Marcel
2180 5139 99 20 Antoine

1747 5160 116 23 exposent,
1890 5159 80 25 depuis
1991 5160 56 23 nier,
2074 5161 61 20 leurs
2155 5162 125 20 œuvrettes

1747 5186 30 16 en
1791 5183 63 24 plein
1867 5184 79 19 centre
1960 5182 29 21 de
2003 5183 123 24 Bruxelles,
2141 5189 41 16 rue
2195 5185 85 24 Neuve,

1747 5209 31 17 au
1792 5205 97 22 numéro
1903 5207 26 20 82
1942 5207 151 20 exactement

1773 5235 29 20 Et
1813 5235 23 21 la
1849 5235 62 21 foule
1923 5235 29 21 de
1963 5235 125 21 s'esbaudir
2100 5238 23 19 et
2136 5237 28 21 de
2177 5238 91 20 s'esclaf-

1747 5257 37 21 fer
1800 5258 86 21 devant
1902 5254 34 25 les
1950 5259 106 20 cimaises
2071 5259 37 24 où,
2124 5260 51 21 côte
2191 5262 15 21 à
2222 5260 57 24 côte,

1746 5281 123 24 s'alignent
1886 5282 32 20 les
1933 5282 130 23 signatures
2078 5283 25 20 et
2119 5283 32 21 les
2168 5284 99 21 trouvail-

1747 5302 33 22 les
1791 5304 29 21 de
1831 5308 42 17 nos
1884 5304 116 21 meilleurs
2011 5304 117 25 Jongleurs
2139 5306 32 21 du
2183 5310 95 21 crayon:

1747 5326 87 23 Marcel
1850 5328 105 22 Antoine,
1972 5327 79 21 Albert
2066 5329 87 23 Lenoir,
2170 5330 110 22 Lemalre,

1747 5349 50 21 Geo
1816 5351 121 22 Vermeire,
1957 5351 124 23 Jean-Leo,
2101 5352 48 21 Bob
2170 5353 109 22 Boudart,

1747 5373 108 20 Fernand
1867 5374 96 21 Janson,
1976 5374 74 20 Raoul
2062 5375 106 24 Janssen,
2182 5376 97 24 Servais,

1748 5396 132 20 Chri3tiane
1894 5396 84 23 Laude,
1993 5397 43 20 etc.
2052 5397 30 21 Et
2095 5393 128 26 n'oublions
2238 5403 42 20 pas

1748 5418 33 21 les
1795 5419 98 20 «têtes»
1908 5419 29 21 de
1951 5419 68 20 Louis
2034 5420 51 20 Van
2100 5421 94 21 Cutsem
2208 5423 24 20 et
2247 5422 33 21 les

1747 5441 99 24 poupées
1863 5442 154 24 magnifiques
2033 5442 28 20 de
2078 5444 176 21 Broodcoorens.

1774 5471 99 24 Presque
1891 5472 52 19 tous
1962 5471 34 20 les
2014 5472 94 21 artistes
2126 5472 29 21 de
2174 5474 25 20 la
2217 5475 64 20 mine

1748 5494 49 20 s'en
1814 5494 118 28 prennent
1953 5497 55 17 avec
2029 5498 33 16 un
2083 5495 72 24 esprit
2176 5497 103 24 agressif,

1749 5520 45 16 aux
1812 5516 117 21 fantômes
1946 5516 29 20 de
1992 5520 42 16 nos
2051 5518 143 23 protecteurs
2210 5520 25 20 et
2251 5519 30 21 de

1749 5538 61 21 leurs
1828 5540 60 19 amis
1897 5540 6 20 !
1924 5539 26 21 Si
1968 5538 24 21 la
2011 5539 102 25 Gestapo
2131 5542 88 23 passait
2238 5547 43 19 par

1748 5560 48 22 là...
1811 5572 28 5 —
1853 5562 29 21 Q.

2370 3225 55 41 Les
2442 3230 148 45 pouvoirs
2609 3230 153 44 spéciaux

2425 3288 33 35 et
2474 3281 48 42 les
2540 3287 167 36 sénateurs

2327 3368 33 21 La
2389 3369 146 20 commission
2564 3368 99 25 spéciale
2691 3368 32 20 du
2752 3367 79 24 Sénat,

2301 3393 98 25 chargée
2416 3393 142 21 d'examiner
2576 3393 22 21 le
2614 3393 77 25 projet
2708 3393 30 20 de
2754 3393 31 21 loi
2803 3393 30 20 de

2301 3419 106 23 pouvoirs
2432 3418 198 21 extraordinaires,
2658 3423 14 16 a
2700 3418 90 25 adopté,
2817 3418 15 21 à

2301 3444 151 22 l'unanimité,
2469 3444 21 21 le
2506 3445 97 24 rapport
2619 3444 29 21 de
2665 3445 32 20 M.
2712 3445 119 20 Temmer-

2301 3474 56 16 man
2370 3470 124 21 concluant
2504 3474 32 17 en
2548 3470 82 20 faveur
2640 3469 34 21 du
2685 3469 82 25 projet.

2327 3501 203 24 Successivement,
2555 3502 41 20 des
2619 3502 114 21 membres
2758 3501 61 20 socia-

2301 3526 70 22 listes,
2383 3526 104 22 libéraux
2499 3527 26 21 et
2536 3526 142 26 catholiques
2692 3527 29 20 de
2733 3526 23 21 la
2769 3530 51 17 com-

2301 3551 96 21 mission
2409 3552 43 20 ont
2463 3551 91 22 déclaré
2566 3551 66 25 qu'ils
2645 3551 133 21 n'auraient
2790 3555 42 20 pas

2301 3575 52 22 voté
2366 3576 22 21 le
2402 3577 83 24 projet,
2499 3577 20 20 si
2533 3576 33 21 les
2580 3576 147 21 événements
2740 3575 92 22 récents

2300 3601 25 21 et
2341 3601 23 22 la
2379 3601 112 22 situation
2507 3601 99 21 actuelle
2621 3606 30 16 ne
2667 3602 50 20 leur
2732 3601 87 21 interdi-

2301 3626 77 21 saient
2390 3626 128 21 d'affaiblir
2531 3631 30 15 en
2575 3631 25 16 ce
2613 3627 105 20 moment
2731 3626 23 21 le
2766 3626 53 24 prin-

2301 3651 51 25 cipe
2371 3650 129 23 d'autorité.
2520 3651 77 21 Même
2615 3651 61 21 dans
2695 3655 37 17 ces
2752 3650 68 22 condi-

2301 3676 67 24 tions,
2385 3675 113 26 plusieurs
2513 3676 113 21 membres
2641 3676 30 21 de
2685 3676 24 21 la
2725 3676 94 20 commis-

2301 3701 51 21 sion
2365 3701 42 21 ont
2419 3700 107 22 annoncé
2538 3701 66 25 qu'ils
2617 3706 25 16 se
2655 3701 149 21 borneraient
2817 3701 15 21 à

2302 3726 153 21 transformer
2467 3730 31 17 en
2510 3726 53 21 vote
2576 3726 156 21 d'abstention
2745 3726 23 21 le
2779 3726 53 21 vote

2301 3750 91 25 négatif
2409 3746 66 30 qu'ils
2494 3755 25 17 se
2538 3751 148 25 proposaient
2705 3751 126 21 d'émettre.

2301 3777 46 19 Des
2365 3776 113 21 membres
2496 3777 45 24 qui,
2560 3776 15 21 à
2592 3779 79 18 raison
2689 3777 42 20 des
2749 3776 71 21 événe-

2301 3801 77 20 ments
2394 3800 93 24 actuels,
2504 3800 127 22 émettront
2645 3806 33 16 un
2694 3802 53 21 vote
2763 3801 69 22 affir-

2301 3825 75 23 matlf.
2389 3826 42 21 ont
2442 3826 57 21 tenu
2510 3825 15 22 à
2536 3825 99 26 préciser
2647 3826 66 25 qu'ils
2725 3827 95 21 n'enten-

2300 3850 81 21 daient
2399 3856 42 19 pas
2458 3850 81 22 laisser
2556 3852 139 25 interpréter
2712 3851 51 22 leur
2779 3852 53 20 vote

2300 3880 89 16 comme
2403 3880 33 17 un
2448 3877 54 20 vote
2514 3876 29 21 de
2556 3877 123 20 confiance
2692 3881 30 17 au
2736 3880 84 22 gouver-

2300 3901 102 20 nement.

2327 3933 38 20 On
2378 3933 56 24 peut
2446 3933 57 20 tirer
2517 3933 29 21 de
2557 3938 27 16 ce
2596 3933 70 21 débat
2679 3938 47 16 une
2739 3934 81 20 conclu-

2299 3958 53 20 sion
2362 3962 6 16 :
2385 3962 26 17 ce
2426 3959 79 19 seront
2519 3957 33 22 les
2567 3958 150 25 agissements
2731 3958 32 21 du
2778 3958 41 25 pré-

2300 3982 74 21 tendu
2398 3983 92 20 «Front
2513 3982 30 22 de
2567 3983 25 21 la
2614 3983 155 21 Résistance»
2793 3983 38 25 qui

2300 4008 87 20 auront
2408 4017 28 5 —
2457 4008 190 24 provisoirement
2668 4018 28 4 —
2718 4008 70 21 sauvé
2811 4008 22 20 le

2300 4032 94 21 cabinet
2413 4032 92 24 Pierlot,
2525 4033 80 20 contre
2623 4032 74 25 lequel
2717 4037 26 17 se
2761 4033 71 20 serait

2300 4057 136 24 prononcée,
2452 4057 74 24 sinon,
2542 4057 24 21 la
2582 4058 108 25 majorité
2705 4058 31 20 du
2752 4058 67 21 Parle-

2300 4083 71 19 ment.

2327 4114 96 20 D'autre
2444 4114 59 24 part,
2525 4114 22 20 le
2567 4118 180 20 gouvernement
2770 4117 61 22 peut,

2301 4138 32 21 lui
2350 4139 68 22 aussi,
2435 4133 56 26 tirer
2506 4138 29 21 de
2551 4143 26 17 ce
2592 4138 70 22 débat
2677 4144 46 16 une
2738 4139 81 21 conclu-

2301 4163 50 21 sion
2367 4163 104 21 certaine
2481 4167 6 16 :
2505 4164 56 21 c'est
2575 4163 54 26 qu'il
2644 4169 30 15 ne
2690 4164 60 25 jouit
2766 4164 53 21 d'au-

2301 4193 58 15 cune
2374 4187 11 21 f
2385 4189 58 20 Bi-on
2456 4188 28 21 de
2496 4188 24 21 la
2532 4189 121 21 confiance
2666 4189 32 21 de'
2705 4190 63 20 cette
2780 4193 40 18 ma-

2300 4213 75 25 jorité.
2397 4214 95 21 Comme
2511 4213 32 21 l'a
2561 4214 37 21 dit
2616 4219 33 16 un
2670 4214 108 24 membre,
2799 4214 33 20 les

2299 4238 65 21 votes
2385 4238 138 21 afflrmatifs
2543 4239 39 25 qui
2602 4239 80 21 seront
2701 4239 57 21 émis
2779 4240 53 20 sont

2301 4263 58 21 «des
2382 4263 63 21 votes
2467 4263 30 21 de
2517 4263 143 25 résignation
2681 4264 150 25 provisoire».

2319 4337 50 42 Au
2385 4337 89 43 Front
2488 4338 42 42 de
2547 4338 267 49 l'Indépendance

2326 4425 46 20 Des
2384 4425 111 24 délégués,
2507 4426 39 24 qui
2557 4425 160 25 représentent
2729 4427 58 20 dans
2799 4428 33 20 les

2300 4450 141 24 organismes
2455 4450 125 22 directeurs
2597 4451 31 21 du
2642 4452 74 20 Front
2732 4452 29 21 dé
2776 4452 41 20 l'In-

2300 4475 153 23 dépendance,
2471 4476 34 20 les
2521 4475 125 22 différents
2662 4470 74 31 partis
2753 4477 66 25 politi-

2299 4504 56 20 ques
2398 4500 118 22 (libéraux,
2555 4501 276 24 démocrates-chrétiens,

2299 4526 165 24 syndicalistes,
2481 4527 54 21 etc.)
2558 4527 42 20 ont
2617 4531 30 17 eu
2667 4527 40 21 des
2727 4528 104 20 contacts

2299 4555 58 20 pour
2371 4551 118 21 examiner
2501 4551 23 21 la
2538 4551 111 21 situation
2663 4552 115 22 résultant
2791 4553 40 21 des

2300 4575 102 22 derniers
2429 4576 114 21 Incidents
2568 4576 58 21 dont
2651 4577 118 22 Bruxelles
2794 4578 38 21 fut

2299 4601 94 21 témoin.

2326 4633 43 20 Ces
2394 4632 105 24 délégués
2523 4634 109 20 estiment
2655 4634 54 25 qu'il
2734 4635 98 24 importe

2300 4657 94 21 d'éviter
2410 4657 15 22 à
2443 4658 52 21 tout
2513 4658 51 25 prix
2581 4663 44 20 que
2643 4659 21 21 le
2682 4659 100 26 prestige
2800 4659 30 21 du

2298 4683 26 20 F.
2343 4684 18 20 I.
2379 4683 169 22 s'amoindrisse
2567 4688 30 16 ou
2616 4684 138 25 disparaisse
2773 4685 58 21 dans

2299 4709 41 20 des
2354 4707 118 22 désordres
2486 4708 57 22 dont
2558 4709 15 21 11
2587 4709 39 21 n'a
2640 4714 42 20 pas
2696 4710 24 21 la
2735 4714 82 20 respon-

2299 4733 97 22 sabilité.
2408 4734 32 21 Le
2449 4735 26 20 F.
2487 4734 18 21 I.
2518 4739 15 16 a
2544 4739 32 16 un
2590 4735 52 24 trop
2654 4735 59 21 beau
2724 4735 66 25 passé
2803 4736 27 20 de

2299 4758 146 22 réalisations
2456 4759 59 21 dans
2527 4759 24 21 la
2562 4759 161 23 clandestinité
2736 4761 24 21 et
2772 4762 59 20 dans

2299 4783 23 21 la
2337 4783 143 24 Résistance;
2497 4785 16 20 il
2528 4785 52 21 faut
2594 4785 145 22 absolument
2753 4786 65 24 empê-

2300 4809 55 20 cher
2368 4814 44 20 que
2427 4809 52 22 tout
2492 4809 50 22 cela
2555 4810 91 22 sombre
2662 4811 59 21 dans
2735 4812 23 20 la
2774 4815 43 17 con-

2300 4834 78 21 fusion
2400 4839 30 17 ou
2450 4839 66 17 serve
2538 4835 15 22 à
2576 4836 40 21 des
2639 4836 48 21 fins
2709 4838 121 23 purement

2299 4860 127 24 politiques,
2444 4864 89 17 comme
2550 4865 26 17 ce
2593 4861 38 21 fut
2648 4861 21 21 le
2686 4866 40 16 cas
2743 4861 75 21 récem-

2299 4885 71 21 ment.

2325 4917 63 22 Telle
2403 4918 39 21 fut
2457 4918 153 21 l'orientation
2627 4919 106 24 générale
2749 4919 28 21 de
2793 4924 38 17 ces

2300 4943 170 21 conversations
2484 4944 67 20 entre
2566 4943 105 22 délé-raés
2685 4945 39 23 qui
2740 4945 78 20 décidè-

2299 4968 53 21 rent
2370 4973 30 16 en
2420 4968 104 26 principe
2543 4969 29 21 de
2589 4968 122 22 s'abstenir
2732 4969 85 22 doréna-

2298 4994 57 20 vant
2372 4994 30 20 de
2415 4994 125 24 participer
2555 4999 89 16 comme
2658 4995 173 24 représentants

2298 5018 30 21 de
2342 5018 62 22 leurs
2418 5018 141 25 organismes
2573 5020 127 23 respectifs,
2714 5025 46 17 aux
2774 5025 44 17 con-

2298 5044 54 20 seils
2365 5044 29 21 de
2407 5044 112 21 direction
2533 5045 32 21 du
2575 5045 26 21 F.
2615 5045 19 21 I_

2326 5076 67 21 Cette
2413 5075 107 24 décision,
2540 5076 116 21 toutefois,
2677 5082 14 15 a
2712 5077 38 21 été
2771 5077 60 24 prise

2299 5100 251 24 conditlonnellement:
2572 5101 44 22 elle
2631 5102 60 21 n'est
2709 5107 42 20 pas
2770 5102 47 22 défi-

2298 5126 74 21 nitive
2387 5131 88 18 encore,
2492 5126 97 22 attendu
2605 5131 46 21 que
2665 5127 23 21 la
2706 5128 125 23 prochaine

2300 5152 150 20 constitution
2472 5151 31 22 du
2525 5151 85 22 conseil
2630 5152 105 21 national
2758 5153 28 21 de
2806 5153 24 21 la

2299 5176 134 21 Résistance
2444 5177 125 24 permettra
2581 5177 117 25 peut-être
2711 5178 27 21 de
2750 5177 68 22 néces-

2298 5202 73 20 saires
2384 5202 68 21 mises
2465 5206 31 17 au
2509 5202 72 25 point.
2594 5213 26 5 —
2631 5202 30 22 G.

2347 5268 45 42 De
2412 5268 31 41 la
2463 5268 85 42 laine
2567 5275 33 36 et
2623 5269 43 42 du
2690 5276 94 35 coton

2328 5355 52 20 Une
2404 5354 132 25 délégation
2559 5354 30 21 de
2613 5354 130 22 l'Industrie
2768 5356 63 25 belge

2301 5377 40 20 des
2361 5377 91 21 textiles
2471 5377 77 21 s'était
2567 5378 88 21 rendue
2674 5382 30 17 en
2725 5379 107 21 Grande-

2301 5401 121 23 Bretagne,
2441 5400 51 21 afin
2510 5400 141 22 d'examiner
2668 5401 33 21 les
2719 5402 101 24 possibili-

2302 5422 34 21 tés
2350 5423 93 20 d'achat
2456 5423 30 21 de
2499 5423 110 21 matières
2622 5424 129 23 premières.
2766 5425 68 21 Cette

2301 5445 130 23 délégation
2443 5451 16 15 a
2470 5450 54 20 reçu
2536 5447 95 23 partout
2642 5447 22 21 le
2676 5447 104 21 meilleur
2792 5452 28 16 ac-

2301 5468 65 21 cueil.

2328 5497 48 21 Elle
2390 5502 15 16 a
2420 5498 79 20 abouti
2513 5499 15 20 à
2542 5502 34 17 un
2589 5498 83 21 accord
2686 5499 81 21 relatif
2780 5500 14 20 à
2809 5501 25 19 la

2302 5521 136 21 fourniture,
2457 5525 43 19 par
2519 5521 24 20 la
2562 5521 224 25 Grande-Bretagne
2804 5522 30 21 de

2302 5543 58 20 6.000
2374 5544 84 19 tonnes
2473 5543 29 20 de
2517 5543 63 21 laine
2593 5544 25 20 et
2632 5544 29 20 de
2676 5545 58 20 6.000
2750 5545 83 21 tonnes

2302 5566 29 19 de
2344 5566 69 20 coton
2431 5575 27 5 —
2470 5566 25 20 F.

2993 827 9 20 ,
3051 773 101 75 Les
3162 782 224 65 armées
3398 770 201 75 alliées
3611 768 270 77 réalisent

2895 871 104 76 des
3013 880 229 82 progrès
3259 869 148 76 lents
3424 878 146 65 mais
3584 878 297 65 constants

2895 969 146 83 dans
3077 969 53 75 la
3166 967 220 77 SARRE
3421 979 59 63 et
3514 996 72 46 en
3622 964 259 78 ALSACE

3048 1091 50 38 En
3114 1090 165 47 Hongrie,
3296 1089 55 38 les
3368 1094 142 42 troupes
3526 1099 120 28 tusses
3662 1099 41 28 se
3721 1092 164 34 trouvent

3047 1148 22 37 à
3083 1148 146 37 environ
3243 1149 47 35 60
3301 1145 205 38 kilomètres
3519 1156 46 27 au
3583 1145 80 38 delà
3678 1144 47 39 du
3737 1144 146 38 Danube

2893 1926 46 19 Des
2953 1924 111 21 éléments
3079 1924 99 21 avancés
3192 1925 29 19 de
3235 1924 25 20 la
3273 1922 116 22 troisième
3401 1922 79 21 armée
3499 1922 139 21 américaine
3657 1922 124 25 pénétrant
3799 1922 59 20 dans
3876 1921 34 20 les

3170 1949 166 21 fortifications
3350 1948 138 20 extérieures
3503 1948 29 21 de
3546 1948 68 20 Mets.

2872 2005 34 20 La
2919 2005 26 20 B.
2959 2001 26 24 13.
3000 2005 24 20 C.
3038 2004 89 24 signale
3142 2003 41 21 des
3196 2003 104 21 combats
3315 2003 66 24 âpres

2851 2028 26 20 et
2886 2027 48 21 très
2944 2027 56 21 durs
3009 2031 40 17 sur
3059 2031 96 21 presque
3166 2027 65 20 toute
3241 2026 24 21 la
3275 2026 111 24 longueur

2849 2051 33 20 du
2895 2051 66 20 front
2973 2051 73 22 ouest,
3059 2050 60 21 mais
3131 2054 32 16 ne
3176 2049 126 25 dépassant
3315 2048 69 25 guère

2849 2074 23 20 le
2888 2074 67 20 stade
2972 2074 29 20 de
3018 2069 105 25 combats
3139 2073 89 21 locaux.
3245 2073 39 20 On
3300 2076 25 16 se
3342 2072 42 20 bat

2850 2101 55 16 avec
2917 2097 23 20 le
2951 2097 53 24 plus
3016 2096 191 21 d'acharnement
3220 2096 14 20 à
3248 2095 95 21 l'entrée
3355 2095 29 20 de

2850 2120 24 20 la
2888 2115 78 29 plaine
2981 2120 30 20 de
3025 2119 108 25 Cologne,
3147 2119 31 21 où
3192 2119 34 21 les
3240 2119 104 20 combats
3359 2122 24 17 se

2849 2143 89 20 situent
2950 2138 105 29 toujours
3066 2138 16 25 à
3093 2142 82 21 l'ouest
3186 2142 30 21 de
3228 2141 78 21 Julien
3318 2142 25 20 et
3355 2141 29 21 de

2851 2166 86 23 Duren,
2951 2166 61 21 ainsi
3025 2170 44 21 que
3081 2166 22 20 le
3116 2166 54 24 long
3184 2165 29 21 de
3226 2165 24 21 la
3264 2165 67 23 Roer,
3346 2169 38 15 sur

2850 2193 33 16 un
2898 2189 65 21 front
2978 2189 70 20 d'une
3062 2188 123 26 quinzaine
3201 2188 29 21 de
3245 2187 139 22 kilomètres.

2877 2223 42 20 Les
2937 2222 135 21 Allemands
3101 2221 88 24 Jettent
3220 2221 105 24 toujours
3356 2220 29 21 de

2851 2245 117 20 nouvelles
2981 2245 102 20 réserves
3098 2245 60 20 dans
3172 2244 24 22 la
3210 2244 102 22 bataille,
3325 2243 61 22 mais

2851 2273 55 16 sans
2921 2268 109 24 parvenir
3045 2269 15 21 à
3074 2272 113 20 regagner
3201 2267 33 21 du
3249 2267 96 21 terrain.

2878 2299 46 19 Des
2941 2299 111 22 combats,
3069 2298 133 23 également
3217 2297 48 21 très
3281 2297 63 23 durs,
3361 2300 26 16 se

2850 2321 122 21 déroulent
2982 2321 22 21 le
3015 2321 54 24 long
3080 2321 30 21 de
3121 2321 24 21 la
3157 2322 76 22 Sarre,
3245 2320 60 22 ainsi
3317 2320 68 24 qu'en

2851 2344 87 21 Alsace.
2956 2345 67 22 Mais,
3041 2349 32 16 en
3090 2344 52 24 fait,
3160 2340 18 25 il
3196 2344 39 24 n'y
3253 2348 16 16 a
3286 2343 52 20 rien
3356 2342 29 21 de

2851 2367 96 21 saillant
2960 2368 15 21 à
2988 2367 107 25 signaler.

2876 2399 53 20 Une
2947 2398 89 25 grande
3055 2399 97 23 attaque
3171 2397 138 22 concentrée
3328 2400 44 16 noc-

2851 2422 70 20 turne
2937 2422 28 20 de
2982 2422 24 20 la
3022 2422 79 20 R.A.F.
3118 2426 15 16 a
3149 2425 30 17 eu
3195 2421 47 20 lieu
3257 2424 40 17 sur
3314 2419 58 21 Duis-

2850 2445 79 23 bourg,
2948 2445 22 20 le
2987 2445 52 24 plus
3057 2444 75 25 grand
3150 2444 54 25 port
3222 2443 113 21 Intérieur
3353 2442 32 21 du

2851 2467 91 21 monde.
2960 2468 43 20 Les
3021 2467 117 25 fabriques
3156 2467 115 20 d'essence
3290 2466 95 21 d'Ober-

2852 2491 90 21 hausen
2964 2491 25 21 et
3011 2491 97 24 Bottrop
3131 2490 43 21 ont
3196 2489 131 26 également
3349 2488 37 21 été

2853 2513 127 25 attaquées.
2994 2524 28 5 —
3035 2513 26 22 F.

2893 2573 43 31 La
2947 2576 143 29 situation
3104 2572 118 32 samedi
3236 2574 20 30 à
3270 2571 75 32 midi

2877 2648 21 20 n
2908 2648 56 20 s'est
2975 2647 67 25 passé
3055 2646 161 21 relativement
3228 2650 44 21 peu
3285 2646 31 20 de
3328 2647 44 19 cho-

2850 2677 37 17 ses
2898 2677 41 17 sur
2949 2673 23 21 le
2985 2672 64 21 front
3061 2672 30 21 de
3103 2671 120 23 Hollande.
3235 2670 89 26 Malgré
3337 2675 46 16 une

2852 2698 49 21 vive
2912 2697 135 26 opposition,
3058 2702 47 16 une
3115 2697 79 21 action
3204 2696 72 21 locale
3288 2701 15 16 a
3312 2696 72 21 réussi

2852 2724 108 24 quelques
2984 2722 94 25 progrès
3102 2726 51 17 vers
3179 2722 23 21 la
3227 2720 87 24 Meuse,
3339 2725 46 17 aux

2852 2748 107 22 environs
2989 2749 28 20 de
3045 2748 130 21 Wanssum.
3205 2747 42 21 Les
3276 2746 110 22 batteries

2851 2774 118 21 ennemies
2979 2774 40 24 qui
3029 2774 96 20 tiraient
3135 2773 29 21 de
3174 2773 24 20 la
3208 2773 49 20 rive
3267 2772 75 21 droite
3353 2773 31 20 du

2852 2800 76 20 fleuve
2952 2799 53 21 sont
3029 2799 147 20 intervenues
3199 2802 55 16 avec
3277 2797 108 21 violence.

2852 2825 46 20 Des
2915 2824 64 21 duels
2996 2824 132 21 d'artillerie
3143 2823 42 21 ont
3202 2827 28 17 eu
3246 2823 45 21 lieu
3307 2822 66 24 égale-

2851 2850 65 20 ment
2927 2850 60 20 dans
2998 2849 21 21 le
3030 2849 91 21 secteur
3133 2849 29 21 de
3173 2848 185 21 Geilenklrchen.

2878 2882 32 20 La
2932 2882 80 20 Meuse
3033 2881 26 21 et
3080 2881 22 20 le
3126 2881 61 20 Rhin
3211 2880 138 21 continuent
3370 2880 15 20 à

2850 2907 92 20 monter
2956 2911 43 20 par
3013 2906 61 21 suite
3086 2906 41 21 des
3140 2906 73 25 pluies
3227 2905 157 21 continuelles.

2851 2932 66 21 Dans
2925 2932 36 20 -le-
2968 2932 49 23 sect
3018 2936 13 15 e
3032 2936 22 16 ui
3073 2931 30 21 de
3115 2931 32 21 la-
3155 2931 75 22 Sarre,
3244 2930 35 21 les
3293 2929 77 22 Améri-

2852 2956 64 21 cains
2927 2957 42 20 ont
2981 2956 108 21 continué
3101 2956 14 21 à
3127 2960 100 17 avancer
3238 2955 146 24 légèrement,

2851 2981 78 22 tandis
2938 2982 68 25 qu'en
3018 2981 86 23 Alsace,
3114 2981 33 21 les
3157 2981 111 24 Français
3278 2984 92 21 progres-

2852 3007 54 21 sent
2919 3011 81 17 encore
3013 3011 52 16 vers
3078 3006 99 22 Colmar.

3083 3038 107 25 Philippe
3202 3038 104 23 Qucrsin,

3034 3070 181 24 correspondant
3229 3070 30 21 de
3273 3074 87 20 guerre.

2879 3130 119 22 Défense
3012 3128 163 29 désespérée
3189 3128 35 25 de
3239 3129 29 24 la
3282 3128 80 24 Ruhr

2877 3165 159 23 Washington,
3051 3165 30 20 1"
3095 3164 126 21 décembre.
3234 3174 27 5 —
3274 3165 32 20 M.
3313 3164 73 21 Stim-

2850 3193 49 18 son.
2911 3186 122 23 secrétaire
3045 3189 14 21 à
3070 3188 25 21 la
3106 3188 96 23 Guerre,
3213 3192 15 16 a
3239 3186 92 23 déclaré
3342 3192 44 20 que

2851 3211 23 21 la
2889 3207 137 29 production
3041 3211 40 21 des
3096 3211 128 20 munitions
3239 3211 50 20 doit
3303 3214 83 17 encore

2851 3235 50 21 être
2917 3234 121 24 accélérée,
3054 3234 127 21 l'artillerie
3197 3233 68 22 alliée
3280 3238 94 17 consom-

2849 3258 69 21 mant
2931 3253 39 26 dix
2983 3258 45 20 fois
3041 3258 53 24 plus
3108 3257 30 21 de
3150 3257 131 25 projectiles
3295 3261 43 21 que
3352 3257 34 20 les

2850 3281 139 21 Allemands.

2876 3311 20 20 n
2909 3316 15 16 a
2935 3311 79 22 ajouté
3026 3315 44 21 que
3082 3310 33 20 les
3128 3311 92 23 troupes
3233 3310 116 24 anglaises
3360 3315 24 15 se

2850 3335 116 23 heurtent,
2989 3339 46 16 aux
3055 3334 85 21 abords
3161 3333 29 22 de
3212 3334 92 22 Venloo,
3327 3333 14 20 à
3362 3333 23 21 la

2851 3357 126 21 résistance
3005 3357 24 21 la
3050 3357 52 24 plus
3130 3355 117 23 acharnée
3267 3356 33 21 du
3322 3357 64 20 front

2851 3381 120 24 européen.
2987 3380 118 21 L'ennemi
3119 3385 15 16 a
3148 3384 55 20 reçu
3217 3379 82 21 l'ordre
3313 3379 30 20 de
3356 3383 31 17 ne

2850 3408 43 20 pas
2909 3404 73 21 céder,
2999 3404 85 24 quelles
3101 3407 43 21 que
3160 3403 76 21 soient
3252 3403 33 20 les
3302 3403 82 23 pertes.

2851 3428 43 19 Les
2909 3427 134 21 Allemands
3057 3427 55 20 sont
3126 3431 32 16 en
3173 3426 63 21 train
3252 3426 30 20 de
3296 3430 25 16 se
3337 3425 35 21 sai-

2850 3455 57 20 gner
2919 3450 15 21 à
2947 3450 68 21 blanc
3027 3454 58 20 pour
3098 3449 111 21 défendre
3223 3449 24 20 la
3260 3449 73 23 Ruhr,
3346 3448 39 25 qui

2852 3474 115 20 constitue
2989 3473 24 21 la
3034 3473 52 21 vole
3106 3473 24 20 la
3152 3473 52 24 plus
3227 3472 86 21 directe
3336 3475 51 16 vers

2852 3492 85 25 Berlin.
2950 3506 28 4 —
2991 3496 93 21 Reuter.

2947 3534 54 24 Des
3016 3534 115 23 bombes
3147 3538 47 19 sur
3209 3532 78 24 Paris

2882 3570 72 23 Paris,
2977 3570 30 20 1"
3029 3568 126 22 décembre.
3188 3579 27 5 —
3248 3568 38 21 Un
3320 3568 70 21 avion

2858 3602 8 8 «
2876 3592 123 21 marauder
3008 3600 8 11 n
3035 3592 126 21 américain
3177 3590 120 22 survolant
3312 3591 24 21 la
3350 3590 38 21 ré¬

3406 2002 54 25 gion
3476 2002 139 25 parisienne,
3632 2000 110 22 vendredi
3758 2001 83 23 matin,
3858 2005 20 16 a.
3896 2004 44 21 par

3406 2025 61 21 suite
3485 2024 56 22 d'un
3558 2024 82 21 défaut
3658 2024 141 24 mécanique,
3817 2021 67 23 lâché
3903 2027 37 17 ses

3406 2048 93 21 bombes
3510 2048 39 25 qui
3560 2049 54 19 sont
3624 2047 102 21 tombées
3737 2047 15 21 à
3764 2046 163 30 Issy-les-Mou-

3405 2071 101 21 lineaux.
3526 2071 51 20 Une
3596 2070 63 21 seule
3679 2070 88 21 d'entre
3787 2069 55 21 elles
3863 2074 15 17 a
3897 2073 29 17 ex-

3406 2094 69 25 plosé.
3491 2104 27 5 —
3534 2094 75 21 A.F.P.

3437 2131 87 29 Après
3538 2132 26 23 le
3579 2130 153 29 sabordage
3747 2130 34 25 de
3796 2130 109 25 Toulon

3430 2177 72 21 Paris.
3519 2176 30 19 1"
3564 2175 126 20 décembre.
3704 2184 28 5 —
3745 2174 31 21 Le
3791 2174 88 21 bureau
3892 2173 34 21 mi-

3403 2199 78 21 litaire
3494 2198 175 21 d'information
3684 2197 160 25 communique
3858 2200 45 26 que
3916 2197 23 20 le

3403 2222 128 24 sabordage
3557 2221 30 21 de
3609 2222 22 19 la
3660 2221 91 21 marine
3779 2220 117 24 française
3923 2219 16 20 à

3402 2245 91 21 Toulon
3510 2250 16 16 a
3542 2244 66 25 porté
3626 2248 39 17 sur
3683 2244 84 21 240.000
3785 2244 89 22 tonnes,
3893 2242 45 21 soit

3403 2269 24 20 la
3445 2268 79 21 moitié
3542 2267 29 22 de
3588 2268 24 20 la
3629 2268 75 20 flotte.
3722 2267 39 21 Un
3778 2267 70 25 quart
3863 2265 64 22 seule-

3403 2292 66 20 ment
3487 2292 40 20 des
3546 2291 127 21 bâtiments
3691 2290 76 21 coulés
3786 2294 86 20 pourra
3890 2288 50 22 être

3403 2315 108 25 récupéré
3525 2315 59 20 dans
3597 2318 32 17 un
3642 2314 61 21 délai
3715 2313 29 22 de
3757 2313 59 21 deux
3829 2312 15 21 à
3856 2313 83 24 quatre

3404 2343 50 17 ans.
3469 2348 28 6 —
3512 2338 76 22 A.P.P.

3448 2402 84 32 SUR
3547 2401 50 31 LE
3613 2387 142 46 FRONT
3770 2398 133 33 RUSSE

3433 2472 34 21 La
3482 2472 26 20 B.
3523 2471 26 21 B.
3565 2471 25 21 C.
3606 2469 89 25 signale
3711 2469 62 21 aussi
3788 2472 44 21 que
3847 2467 94 22 l'armée

3407 2499 65 16 russe
3487 2498 86 17 avance
3588 2498 31 15 en
3633 2491 212 26 Tchécoslovaquie.

3434 2518 65 21 Dans
3512 2517 22 21 le
3546 2516 43 21 sud
3601 2516 30 21 de
3644 2516 23 21 la
3680 2514 108 25 Hongrie,
3802 2515 33 20 les
3848 2515 93 24 troupes

3407 2545 78 16 russes
3499 2545 24 16 se
3540 2540 108 21 trouvent
3663 2539 14 21 à
3693 2539 26 21 60
3734 2537 46 22 km.
3795 2542 31 17 au
3841 2537 53 21 delà
3909 2537 32 21 du

3407 2564 105 21 Danube.

3432 2594 31 20 Le
3491 2592 159 25 communiqué
3676 2592 124 24 soviétique
3827 2594 111 18 annonce,

3406 2619 89 21 d'autre
3507 2618 60 25 part,
3578 2621 50 22 que,
3640 2622 31 16 au
3683 2617 107 21 nord-est
3802 2617 23 20 et
3837 2619 31 18 au
3880 2615 59 21 nord

3406 2645 30 20 de
3451 2645 63 22 Pecs,
3530 2643 34 22 les
3581 2644 93 24 troupes
3689 2646 83 19 russes,
3789 2640 150 26 poursuivant

3406 2670 50 20 leur
3475 2669 121 22 offensive,
3616 2668 42 21 ont
3677 2666 92 26 occupé,
3789 2666 68 25 après
3876 2670 50 17 com-

3407 2695 59 23 bats,
3478 2695 52 25 plus
3542 2694 29 21 de
3583 2694 27 21 60
3623 2692 109 23 localités.

3432 2785 55 41 Les
3503 2788 192 37 restrictions
3711 2781 205 42 d'électricité

3466 2864 63 21 Nous
3544 2867 71 18 avons
3630 2863 36 20 dit
3679 2863 55 25 qu'il
3749 2862 72 21 serait
3835 2865 55 21 ques-

3441 2888 50 20 tion
3524 2887 142 24 d'envisager
3699 2886 24 21 la
3756 2885 147 28 suppression

3440 2911 112 27 complète
3585 2910 32 20 du
3650 2909 99 21 courant
3781 2908 123 24 électrique

3439 2934 113 24 plusieurs
3576 2933 65 25 Jours
3656 2935 45 26 par
3724 2932 109 21 semaine,
3851 2929 51 23 afin

3440 2958 28 19 de
3484 2961 68 21 parer
3568 2957 15 20 à
3597 2956 24 21 la
3637 2955 96 25 pénurie
3748 2955 29 20 de
3792 2954 109 21 charbon.

3466 2981 36 19 Au
3522 2979 119 21 ministère
3664 2978 40 21 des
3726 2978 102 21 Affaires
3850 2976 40 22 éco-

3439 3004 119 25 nomiques
3569 3006 31 17 on
3611 3002 94 20 dément
3716 3002 60 20 cette
3788 3001 102 20 informa-

3440 3027 50 20 tion
3505 3025 28 22 de
3549 3026 70 24 façon
3634 3024 111 22 formelle.
3761 3024 86 23 Certes,
3863 3023 40 21 des

3440 3049 128 21 économies
3586 3047 147 22 d'électricité
3752 3047 55 21 sont
3824 3046 67 21 néces-

3440 3073 78 22 saires,
3531 3071 60 22 mais
3603 3075 47 16 une
3662 3075 89 17 mesure
3764 3070 62 21 aussi
3839 3069 51 22 radi-

3439 3095 51 21 cale
3515 3099 44 21 que
3578 3094 56 21 celle
3661 3094 58 20 dont
3737 3093 105 24 question
3869 3093 33 20 ci-

3439 3119 80 20 dessus
3544 3119 62 19 c'est
3634 3122 43 20 pas
3705 3116 127 25 envisagée.
3861 3116 43 20 Les

3440 3136 124 26 centrale™
3569 3142 42 20 ont
3626 3141 105 23 toujours
3746 3139 32 21 du
3793 3139 110 22 charbon,

3439 3165 60 21 mais
3523 3164 56 21 elles
3597 3164 54 20 sont
3669 3167 15 17 a
3710 3163 24 21 la
3751 3163 72 21 merci
3848 3162 55 21 d'un

3439 3192 53 20 gros
3517 3191 79 17 accroc
3621 3187 61 20 dans
3708 3186 32 21 les
3766 3186 137 23 transports.

3440 3212 61 20 C'est
3515 3211 111 24 pourquoi
3642 3210 33 20 les
3690 3214 102 16 mesures
3808 3212 82 18 suivan-

3440 3236 35 19 tes
3490 3234 79 21 seront
3585 3233 73 25 prises
3668 3237 5 16 :

3467 3258 21 21 1*
3503 3257 47 21 Dès
3565 3257 24 21 la
3604 3256 104 21 semaine
3724 3255 131 24 prochaine,
3872 3258 30 18 au

3439 3282 53 24 jour
3505 3281 39 24 qui
3556 3281 35 19 est
3603 3284 84 17 encore
3699 3279 15 21 à
3726 3279 66 22 fixer,
3805 3279 52 20 tous
3868 3278 35 20 ies

3440 3304 118 24 magasins
3575 3303 97 21 devront
3689 3302 86 21 fermer
3792 3302 14 21 à
3825 3302 24 20 17
3867 3301 33 23 h.;

3466 3328 23 20 2"
3509 3328 33 20 La
3562 3327 126 20 fermeture
3708 3325 40 21 des
3767 3324 64 21 cafés
3851 3328 52 17 sera

3439 3350 61 21 fixée
3517 3350 15 21 à
3549 3350 26 20 22
3592 3349 92 23 heures;

3466 3374 23 20 3°
3506 3374 42 20 Les
3564 3373 98 21 services
3678 3372 30 20 de
3725 3373 124 22 tramways
3865 3375 25 16 se-

3439 3398 55 19 ront
3515 3396 130 25 également
3665 3395 121 21 restreints
3808 3394 22 21 le
3850 3394 52 22 soir,

3439 3424 31 16 en
3482 3424 26 16 ce
3521 3423 53 16 sens
3586 3419 52 24 qu'à
3651 3418 75 25 partir
3739 3418 30 20 de
3780 3418 26 20 22
3820 3417 83 21 heures

3439 3443 53 44 ?'lus
3514 3447 77 16 aucun
3612 3442 83 24 départ
3717 3445 31 16 ne
3770 3445 86 20 pourra
3879 3444 24 16 se

3453 3466 47 21 aire
3513 3470 31 16 en
3558 3466 47 20 tête
3620 3465 28 21 de
3663 3465 67 24 ligne.

3466 3490 44 20 Ces
3536 3489 144 20 restrictions
3704 3487 133 21 donneront
3862 3486 41 21 des

3439 3512 111 21 résultats
3568 3510 157 26 appréciables
3743 3514 56 17 sans
3817 3509 74 22 déran-

3440 3540 40 20 ger
3499 3536 118 23 beaucoup
3636 3535 33 20 les
3689 3534 124 21 habitudes
3832 3533 29 21 de
3880 3533 24 21 la

3439 3558 143 26 population.
3597 3568 26 5 —
3637 3558 25 20 F.

2881 3672 202 46 200.000
3115 3669 359 47 PERSONNES
3505 3667 408 48 ASSASSINEES

2853 3736 129 45 dans
3003 3735 76 45 les
3099 3734 269 46 chambres
3388 3734 30 44 à
3439 3745 95 45 gaz
3554 3733 70 45 de
3650 3732 291 45 Maidanck!

2880 3846 100 22 Moscou,
2997 3846 31 19 1"
3044 3844 125 21 décembre.
3185 3853 27 5 —
3226 3844 34 21 La
3275 3843 66 21 radio
3357 3843 29 21 de

2854 3875 94 20 Moscou
2965 3878 15 17 a
2997 3872 74 22 révélé
3089 3877 44 20 que
3151 3872 40 21 des
3207 3870 103 25 enfants,
3328 3869 58 21 dont

2853 3903 102 21 certains
2971 3906 31 17 en
3020 3901 47 22 très
3084 3902 41 20 bas
3143 3901 49 25 âge,
3210 3904 25 17 se
3253 3899 133 21 trouvaient

2852 3932 77 24 parmi
2948 3930 34 21 les
3000 3930 103 21 dizaines
3121 3929 30 21 de
3169 3929 96 21 milliers
3283 3928 29 20 de
3331 3931 41 21 per-

2853 3964 85 16 sonnes
2951 3958 65 22 tuées
3028 3963 43 20 par
3085 3958 33 21 les
3131 3957 134 21 Allemands
3279 3956 60 21 dans
3352 3955 33 21 les

2852 3988 122 21 chambres
2990 3987 15 21 à
3020 3992 42 20 gaz
3079 3986 29 21 de
3123 3985 133 24 Maidanck,
3273 3988 67 22 camp
3356 3983 28 21 de

2853 4017 62 22 mort
2928 4016 41 21 des
2982 4018 109 18 environs
3104 4015 31 20 de
3149 4014 88 21 Lublin.

2879 4044 149 25 Rapportant
3038 4044 23 20 le
3072 4042 80 26 procès
3164 4042 30 21 de
3205 4042 35 21 six
3251 4040 134 22 Allemands

2853 4070 39 25 qui
2907 4069 89 21 étaient
3012 4068 96 25 chargés
3122 4068 30 21 de
3167 4067 101 21 torturer
3283 4067 25 20 et
3323 4065 49 21 d'as-

2853 4094 100 21 sassiner
2966 4093 60 22 dans
3038 4098 26 16 ce
3077 4097 74 21 camp,
3164 4093 24 20 la
3200 4092 67 21 radio
3279 4091 29 21 de
3321 4090 51 20 Mos-

2852 4124 44 16 cou
2906 4124 16 16 a
2930 4119 36 21 dit
2975 4123 44 21 que
3029 4119 49 20 l'un
3087 4118 41 21 des
3139 4116 99 25 accusés,
3249 4121 33 16 un
3292 4115 93 22 nommé

2853 4145 96 24 Oppeld,
2969 4144 74 21 décrit
3062 4142 213 25 méthodiquement
3294 4141 21 21 le
3335 4144 38 21 sys-

2854 4169 60 21 tème
2936 4168 107 26 appliqué
3063 4168 16 21 à
3098 4167 126 22 Maidanck
3246 4171 57 20 pour
3326 4165 59 22 faire

2853 4194 86 21 mourir
2956 4194 33 21 les
3004 4193 148 25 prisonniers.

2880 4219 43 21 Cet
2940 4218 122 22 Allemand
3079 4223 16 17 a
3110 4217 90 22 déclaré
3217 4216 55 26 qu'il
3289 4221 14 21 y
3322 4218 64 19 avait

2853 4249 30 16 vu
2900 4244 41 21 des
2958 4244 96 21 enfants
3071 4243 29 21 de
3118 4243 51 21 tout
3187 4242 49 25 âge,
3253 4246 15 21 y
3285 4241 100 25 compris

2852 4269 41 21 des
2906 4268 151 22 nourrissons.
3070 4269 33 20 Ils
3114 4267 90 22 étaient
3215 4266 107 22 conduits
3333 4270 53 17 vers

2852 4294 33 21 les
2904 4293 120 25 chambres
3044 4293 15 21 à
3077 4298 43 20 gaz
3138 4293 60 21 dans
3215 4292 41 21 des
3274 4293 110 20 camions.

2852 4319 51 21 Pris
2923 4319 57 21 d'un
3000 4318 186 25 pressentiment,
3206 4317 29 21 ils
3256 4316 129 22 refusaient

2852 4344 88 24 parfois
2955 4344 102 21 d'entrer
3071 4343 60 21 dans
3143 4343 26 21 la
3182 4342 70 25 pièce,
3267 4342 25 21 et
3305 4342 18 21 11
3338 4341 35 21 fal-

2851 4369 44 21 lait
2910 4369 34 21 les
2959 4369 86 24 cajoler
3060 4373 31 16 en
3105 4368 50 21 leur
3169 4368 80 20 disant
3264 4366 67 26 qu'ils
3347 4371 25 16 se-

2852 4394 77 21 raient
2952 4394 77 21 mieu::
3050 4393 16 21 à
3087 4393 134 21 l'intérieur,
3244 4392 20 21 n
3287 4391 97 21 arrivait

3407 3843 98 21 souvent
3526 3847 44 21 que
3590 3842 41 21 des
3651 3842 111 24 victimes,
3784 3842 94 21 retirées
3900 3841 40 21 des

3407 3872 121 21 chambres
3550 3871 91 23 fatales,
3664 3871 91 20 fussent
3776 3870 164 25 transportées,

3407 3904 83 17 encore
3518 3900 111 23 vivantes,
3658 3904 31 16 au
3716 3899 53 21 four
3796 3898 143 22 crématoire.

3408 3929 120 21 Certaines
3547 3932 126 21 personnes
3691 3932 15 20 y
3724 3926 90 22 étalent
3832 3927 107 21 amenées

3407 3953 146 24 enchaînées,
3572 3958 15 16 a
3604 3953 35 21 dit
3657 3952 96 26 Oppeld.
3772 3952 60 21 Elles
3850 3952 88 21 étalent

3406 3978 91 26 placées
3513 3978 60 21 dans
3589 3982 33 16 un
3638 3978 84 23 enclos,
3739 3977 97 21 entouré
3853 3977 29 21 de
3899 3976 39 21 fils

3406 4004 30 21 de
3449 4004 36 21 fer
3500 4003 109 23 barbelés,
3625 4003 14 21 à
3654 4002 122 25 proximité
3792 4002 31 21 du
3840 4002 58 23 four,
3914 4002 24 21 et

3406 4028 107 25 poussées
3534 4028 59 21 dans
3614 4027 22 21 le
3657 4028 88 20 brasier
3766 4031 43 21 par
3831 4027 107 20 fournées

3406 4054 29 20 de
3449 4055 30 19 50.
3493 4053 79 21 Parmi
3584 4053 55 21 elles
3653 4056 24 17 se
3691 4052 131 21 trouvaient
3836 4052 40 21 des
3889 4052 36 25 pri-

3406 4079 106 20 sonniers
3527 4078 29 21 de
3572 4082 81 20 guerre
3668 4077 142 25 soviétiques.

3432 4111 39 20 Un
3488 4111 68 20 autre
3572 4109 87 24 accusé,
3677 4114 33 16 un
3728 4109 89 21 certain
3835 4110 102 19 Herzen-

3406 4140 83 20 meyer,
3510 4140 15 16 a
3543 4135 37 21 dit
3598 4134 53 26 qu'à
3670 4139 43 16 son
3732 4133 89 22 arrivée
3841 4134 15 21 à
3875 4134 49 21 Mai-

3406 4160 83 23 danck,
3502 4159 52 26 près
3566 4161 30 20 de
3608 4160 85 23 200,000
3705 4163 126 22 personnes
3844 4159 95 21 avaient

3406 4185 54 26 déjà
3469 4185 39 22 été
3518 4184 133 22 incinérées.
3662 4184 39 21 Un
3712 4183 116 22 troisième
3839 4183 98 26 inculpé,

3406 4210 93 21 nommé
3518 4210 93 24 Ternet,
3631 4214 15 17 a
3665 4209 95 21 affirmé
3780 4213 50 21 que,
3851 4209 87 21 durant

3406 4240 27 17 sa
3453 4235 94 26 période
3565 4235 30 21 de
3614 4235 85 21 service
3720 4239 30 16 au
3771 4239 74 20 camp,
3866 4234 72 24 60,000

3407 4261 104 21 victimes
3528 4260 90 21 étaient
3635 4258 92 27 passées
3744 4264 43 21 par
3805 4259 33 21 les
3857 4259 69 21 cham-

3406 4286 52 20 bres
3473 4285 15 22 à
3501 4290 48 20 gaz.

3432 4317 34 21 La
3482 4317 66 21 radio
3565 4317 30 21 de
3612 4317 94 20 Moscou
3724 4321 14 16 a
3756 4316 80 25 ajouté
3853 4321 44 20 que
3915 4316 23 21 la

3407 4342 76 25 partie
3498 4341 136 26 plaignante
3650 4346 14 17 a
3680 4341 94 25 produit
3792 4342 25 21 12
3832 4342 106 22 témoins,

3406 4367 95 21 anciens
3521 4366 104 22 internés
3646 4366 32 21 du
3697 4370 75 21 camp,
3792 4366 82 21 sauvés
3894 4370 44 21 par

3407 4393 128 20 l'offensive
3551 4396 71 17 russe.
3637 4400 27 6 —
3678 4392 94 21 Reuter.

2916 4476 257 64 Nouvelles
3206 4500 62 38 en
3300 4474 101 64 bref
3429 4475 64 63 du
3526 4477 55 59 1*'
3610 4474 256 64 décembre

3057 4581 30 16 LA
3105 4581 95 16 GUERRE

2906 4603 146 16 ALLEMAGNE.
3066 4611 23 4 —
3101 4603 60 16 Toatc
3174 4603 20 16 U
3207 4602 21 17 9*
3241 4600 67 18 Armée
3323 4600 42 17 -amé-

2883 4622 72 16 ricaine
2972 4626 12 12 a
3000 4622 71 16 atteint
3086 4622 20 15 la
3122 4622 54 16 Roer,
3194 4624 25 13 an
3236 4619 47 17 nord
3300 4619 23 17 de
3339 4620 24 15 Ju-

2884 4641 22 15 lie
2909 4645 24 11 r*.

2905 4658 93 17 ALSACE.
3018 4666 24 5 —
3062 4658 34 16 Les
3117 4658 57 19 pont*
3195 4661 34 12 tar
3249 4657 18 16 le
3289 4656 50 16 Rhin
3362 4660 11 12 a

2883 4677 91 16 Brelsach
2995 4677 19 16 et
3036 4677 12 16 à
3070 4676 86 17 Kheinan
3178 4677 34 15 ont
3235 4676 29 15 été.
3286 4674 87 17 détroit-.,

2884 4695 98 16 réduisant
2998 4695 12 17 k
3027 4695 48 17 deux
3090 4695 27 16 let
3133 4695 57 19 ponts
3205 4694 116 19 permettant
3337 4697 36 11 aux

2883 4714 108 16 Allemands
3008 4714 23 16 de
3048 4713 96 19 rejoindre
3160 4713 41 16 lenr
3217 4716 54 17 pays.
3288 4712 26 16 La
3331 4711 43 16 ville

2883 4732 23 16 de
2920 4733 30 15 Sa.
2947 4737 29 10 ir-
2979 4733 27 15 l'n
3009 4732 30 15 ion
3054 4736 12 13 a
3079 4732 30 16 été
3123 4731 87 17 délivrée.
3224 4732 24 15 Le
3262 4729 101 18 bombarde-

2883 4751 53 16 ment
2954 4751 23 16 de
2996 4750 103 17 BarrHouli
3118 4754 35 15 par
3170 4749 106 17 l'artillerie
3294 4753 12 12 a
3323 4752 41 12 com-

2883 4769 71 16 mencé.
2967 4769 34 17 Les
3014 4768 116 17 Américains
3141 4769 45 16 -«ont
3197 4768 12 17 à
3220 4769 11 16 S
3243 4768 38 16 km.
3292 4768 20 15 et
3324 4766 49 17 demi

2883 4787 23 17 de
2921 4787 20 17 la
2956 4787 43 17 ville
3016 4787 92 16 frontière
3123 4787 23 16 de
3162 4787 97 19 Hagenao.
3275 4786 34 16 Lei
3325 4785 39 17 Alle-

2883 4806 68 16 mand!
2965 4806 90 16 eitlment
3067 4806 12 16 à
3091 4806 71 17 850,000
3176 4806 84 15 hommes
3274 4804 27 17 I»
3314 4803 50 18 effec-

2883 4824 35 16 tif!!
2934 4824 88 18 auxquels
3038 4824 22 16 ils
3076 4825 35 16 ont
3125 4829 12 12 a
3152 4823 49 17 faire
3215 4823 50 17 face.

2904 4842 131 17 HOLLANDE.
3046 4850 23 5 —
3080 4843 52 15 Dcnx
3144 4844 75 17 rampes
3232 4841 23 17 de
3266 4841 108 17 lancement

2883 4861 23 16 de
2920 4861 16 16 V
2951 4861 11 16 t
2978 4861 34 16 ont
3027 4860 30 17 été
3073 4861 118 15 vin'emmenl
3208 4859 129 17 bombardées.

2906 4880 112 14 HONGRIE.
3045 4887 23 5 —
3094 4879 35 16 Les
3157 4878 115 19 importants
3299 4878 75 16 centres

2883 4897 67 19 d'Erer
2960 4899 20 15 et
2992 4897 75 17 Kxlklxo
3079 4899 34 15 ent
3124 4897 30 17 été
3165 4897 84 18 occupé*.
3261 4897 34 16 Les
3307 4896 55 17 défen-

2883 4919 53 13 seur!
2954 4916 78 16 avalent
3052 4920 42 12 teu
3114 4916 69 16 l'ordre
3203 4915 23 17 de

2883 4934 74 19 Jusqu'à
2974 4935 17 15 li
3007 4935 55 14 mort.

3244 4920 20 11 se
3283 4915 90 16 défendre

2905 4953 231 18 TCHECOSLOVAQUIE.
3157 4960 23 5 —
3199 4952 70 17 Trente
3288 4951 86 18 localités

2883 4972 33 15 ont
2933 4971 31 17 été
2979 4971 90 18 occupées
3085 4975 36 15 par
3137 4971 27 16 les
3181 4971 75 16 Russe-*.

2905 4990 173 16 YOUGOSLAVIE.
3094 4997 24 5 —
3134 4990 27 16 La
3178 4989 44 17 ville
3240 4989 23 17 de
3280 4989 94 19 Kraejevo

2883 5012 14 13 a
2910 5007 31 18 éti
2955 5008 85 15 délivrée.

2905 5026 60 17 DANS
2985 5027 27 16 LE
3031 5025 132 19 PACIFIQUE.
3180 5034 24 5 —
3221 5026 29 17 Cn
3268 5025 21 17 7*
3306 5025 67 17 eenvol

2883 5044 88 19 Japonais
2985 5050 10 11 a
3008 5044 30 17 été
3052 5044 84 20 attaqué.
3149 5044 47 19 Cinq
3209 5044 76 16 navires
3297 5045 34 15 ont
3343 5043 30 17 été

2883 5063 88 16 détruits.
2982 5064 50 16 .'..OOO
3044 5064 84 15 hommes
3139 5064 34 15 ont
3185 5063 48 19 péri;
3245 5067 21 13 ce
3277 5063 30 16 nui
3320 5063 53 18 porte

2884 5083 10 15 à
2906 5081 61 19 2R.0O0
2979 5082 16 16 le
3007 5081 77 17 nombre
3096 5082 33 16 des
3141 5082 85 18 Nippons
3238 5080 57 20 noyés
3307 5081 66 18 dépôts

2883 5100 17 16 le
2916 5100 58 16 débat
2989 5101 23 16 de
3029 5100 92 19 t'atlaqne
3138 5100 23 16 de
3177 5100 61 16 Levle.

3045 5122 31 16 EX
3092 5121 119 20 BELGIQUE

2886 5147 14 14 •
2914 5143 34 16 Les
2970 5143 97 16 ministres
3088 5144 34 15 ont
3144 5143 69 18 adopté
3234 5147 26 13 on
3283 5143 45 19 plan
3350 5143 24 16 de

2884 5161 113 19 répartition
3009 5162 24 15 du
3046 5161 83 17 charbon
3141 5162 55 16 entre
3208 5164 41 13 tons
3260 5161 27 17 les
3299 5161 75 16 besoins

2883 5180 61 17 be'.rrs
2962 5181 20 15 et
2997 5179 60 17 alliés.
3075 5180 25 16 Us
3118 5181 34 15 ont
3168 5179 44 17 voté
3228 5184 27 12 on
3271 5179 60 17 crédit
3350 5180 23 16 de

2883 5198 21 15 40
2921 5198 83 16 millions
3021 5202 49 19 poor
3086 5199 84 15 secourir
3187 5198 54 20 Liège
3257 5199 20 16 et
3296 5198 76 16 Anvers.

2884 5216 24 15 Il*
2929 5218 33 14 ont
2983 5213 64 20 étudié
3067 5217 17 16 le
3105 5216 62 20 projet
3187 5217 23 16 de
3230 5216 89 17 taxation
3340 5217 33 16 des

2883 5234 94 16 bénéfice*
2992 5235 23 16 de
3032 5240 22 11 ru
3057 5239 45 11 erre.

2885 5256 15 14 •
2913 5254 14 15 A
2940 5252 110 18 l'Initiative
3064 5254 24 15 du
3102 5254 168 16 Commandement
3284 5253 89 19 Suprême

2883 5271 103 17 Interaillr*,
3000 5276 37 11 une
3051 5272 79 15 réunion
3143 5276 12 12 a
3168 5276 22 12 eu
3205 5272 36 16 Heu
3254 5275 24 13 au
3293 5272 80 16 Cabinet

2883 5290 23 16 de
2921 5290 26 16 M.
2963 5289 75 19 Pierlot,
3053 5291 20 16 ot
3087 5290 36 17 elle
3137 5294 12 12 a
3164 5290 36 16 mis
3215 5293 25 13 ao
3254 5290 54 19 point
3323 5290 40 16 l'im-

2883 5308 96 19 portation
2993 5308 23 17 de
3029 5308 61 17 vivres
3103 5308 20 17 et
3134 5309 23 16 de
3170 5308 89 17 matières
3271 5308 101 19 premières

2882 5329 24 13 en
2923 5326 94 19 Belgique.

2886 5348 14 15 •
2914 5345 29 16 Un
2959 5345 64 17 arrêté
3039 5349 23 12 va
3078 5345 91 19 paraître,
3185 5345 32 19 qni
3234 5345 105 19 permettra
3354 5346 20 16 la

2883 5363 121 17 réouverture
3026 5363 85 17 normale
3132 5363 33 17 des
3187 5363 121 17 restaurants
3316 5368 6 12 :
3347 5364 26 15 les

2883 5380 78 17 viandes
2977 5381 109 17 rationnées
3103 5386 24 12 ne
3143 5382 112 19 pourraient
3270 5386 35 15 pas
3322 5382 41 20 figu-

2883 5403 31 13 rer
2927 5403 24 13 au
2965 5403 63 13 menu.

2885 5421 14 15 •
2912 5418 34 16 Les
2980 5418 99 17 sénateurs
3115 5419 117 18 catholiques
3267 5418 105 17 flétrissent

2883 5441 9 8 <•
2900 5436 89 16 l'odieuse
3011 5439 105 16 campagne
3139 5436 23 17 de
3185 5436 98 18 désordres
3306 5438 20 16 et
3349 5437 24 17 de

2883 5454 81 16 trouble*
2973 5460 16 12 »,
3008 5455 19 16 et
3045 5454 43 17 font
3107 5454 100 18 confiance
3225 5459 24 13 au
3269 5459 93 16 gouverne-

2883 5473 52 15 ment
2952 5473 75 17 Pierlot.

2885 5494 14 14 •
2913 5491 60 16 Frans
2991 5490 71 19 Steurs,
3081 5492 30 18 qui
3131 5491 88 19 dirigeait
3238 5492 19 16 la
3276 5497 9 9 ■
3292 5492 80 16 Gasette

2883 5509 23 16 de
2917 5509 96 16 Charleroi
3022 5515 9 8 >
3043 5509 71 16 durant
3124 5509 19 16 la
3154 5513 72 16 guerre,
3238 5514 11 12 a
3261 5510 30 17 été
3303 5510 69 16 arrêté.

2904 5527 81 16 CONGO
3010 5528 82 16 BELGE.
3116 5535 24 5 —
3163 5528 95 17 Plusieurs
3282 5532 90 16 passages

2882 5545 98 16 d'e*salms
3002 5546 23 16 de
3047 5545 115 20 sauterelles,
3185 5546 47 17 dont
3254 5547 40 17 l'an
3315 5547 57 16 d'une

3572 4627 16 17 A
3603 4627 146 16 L'ETRANGER

3438 4652 105 17 OTTAWA.
3558 4660 23 5 —
3595 4652 30 16 On
3642 4652 48 16 croit
3705 4655 36 16 que
3756 4652 25 16 M.
3799 4652 107 16 Mackenxle

3417 4670 55 18 Kinr.
3492 4671 81 19 premier
3592 4671 94 18 ministre,
3705 4674 12 13 a
3737 4670 77 16 franchi
3833 4670 17 16 le
3870 4673 37 16 cap

3417 4688 80 17 difficile
3517 4689 49 17 dans
3585 4689 19 16 la
3624 4689 86 19 question
3729 4688 33 17 des
3784 4688 83 17 renforts
3887 4689 20 16 et

3416 4708 23 17 de
3454 4708 20 16 la
3489 4707 134 20 conscription.

3437 4732 130 17 HOLLANDE.
3590 4740 23 5 —
3636 4733 24 16 Le
3685 4733 119 15 mouvement
3828 4731 77 19 pronaxl

3416 4751 71 17 suscité
3503 4755 36 17 par
3555 4752 82 17 Husserl
3654 4751 29 17 est
3699 4754 24 14 eo
3740 4750 61 20 pleine
3818 4750 79 19 désagré-

3416 4770 72 19 gation.

3438 4794 155 18 HOLLYWOOD.
3608 4803 22 5 —
3644 4795 24 16 Le
3681 4794 72 16 colonel
3768 4794 54 19 Ellifll
3836 4794 60 16 Roose-

3416 4814 45 18 velt,
3476 4813 96 18 deuxième
3588 4814 32 16 fils
3635 4813 25 17 do
3677 4813 95 19 président
3787 4812 32 17 des
3836 4812 70 18 U.S.A.,

3416 4832 90 17 épousera
3535 4832 156 19 prochainement
3718 4835 38 13 une
3783 4831 71 16 actrice
3883 4830 24 17 de

3416 4851 80 18 cinéma,
3516 4851 49 18 Faye
3586 4851 95 16 Emerson.
3701 4850 15 16 Il
3736 4854 11 12 a
3767 4849 44 20 déjà
3830 4849 77 16 divorcé

3416 4869 48 17 deux
3478 4869 44 17 fols,

3437 4893 70 19 LYON.
3521 4902 23 5 —
3557 4893 116 19 L'ex-préret
3688 4892 84 20 régional
3787 4892 71 20 Angell,
3873 4892 32 19 qui

3416 4912 25 17 fit
3453 4913 86 16 Interner
3550 4912 86 16 Edouard
3649 4912 74 16 llerrlot
3734 4915 24 13 en
3772 4912 46 16 11**0.
3830 4915 12 12 a
3854 4915 42 12 com-

3416 4934 48 15 paru
3479 4931 70 16 devant
3563 4930 19 17 la
3595 4931 50 16 Conr
3658 4930 24 17 de
3696 4930 69 19 Justice
3778 4930 24 16 do
3816 4930 57 19 Lyon.

3438 4956 73 17 ROME.
3529 4964 23 5 —
3568 4956 24 17 Le
3610 4956 65 20 prince
3693 4955 89 19 Umbgrto
3800 4960 11 11 a
3829 4954 77 17 conféré

3416 4974 12 17 à
3449 4976 24 14 M.
3492 4975 79 17 BonomI
3590 4976 18 15 la
3628 4974 77 17 mission
3724 4974 23 17 de
3765 4974 107 17 constituée,
3889 4974 16 15 le

3417 4996 85 13 nouveau
3522 4994 151 16 rouvernemenL
3694 4992 52 17 Suite
3767 4996 24 12 an
3812 4992 51 16 refus
3882 4991 23 16 de

3416 5010 137 18 collaboration
3579 5013 32 14 dc»
3637 5011 112 19 socialistes,
3776 5011 24 16 M.
3826 5010 79 16 BonomI

3416 5030 65 16 aurait
3497 5030 71 16 décHIné
3583 5030 50 17 cette
3649 5030 56 16 offre.

3438 5055 112 17 ATHENES.
3570 5063 22 5 —
3612 5055 24 17 Le
3656 5055 58 16 Front
3736 5054 86 17 national
3842 5054 24 16 de
3887 5054 19 16 la

3416 5073 115 18 Libération,
3547 5080 9 8 ■
3564 5074 44 15 Eam
3617 5079 9 8 >
3647 5073 32 20 qui
3693 5074 29 16 est
3736 5073 23 17 de
3774 5073 93 16 tendance
3882 5073 23 16 dc

3416 5093 79 17 gauche,
3510 5093 63 15 refuse
3587 5092 23 16 de
3625 5092 64 19 signer
3704 5092 80 16 l'accord
3801 5091 104 20 prétoysnt

3416 5110 19 16 la
3452 5110 150 17 démobilisation
3620 5110 23 16 de
3660 5110 20 16 la
3698 5109 109 18 résistance.
3824 5110 26 16 M.
3869 5110 35 16 Pa-

3416 5129 104 18 pandr-i-au,
3543 5129 80 19 premier
3644 5128 93 19 ministre,
3760 5132 12 12 a
3793 5128 112 17 néanmoins

3416 5147 75 16 -ièelnré
3504 5151 35 16 que
3550 5148 50 16 cette
3612 5146 151 17 démobilisation
3777 5150 23 12 ne
3814 5150 43 13 sera
3870 5150 35 16 pas

3416 5166 97 17 ajournée.

3438 5187 113 17 LONDRES.
3567 5195 23 5 —
3607 5187 24 15 M.
3650 5187 126 17 Arelssewskl.
3793 5187 64 16 leader
3874 5191 21 12 so-

3416 5205 79 17 cialiste,
3515 5210 12 12 a
3544 5204 60 18 formé
3621 5205 17 16 le
3656 5209 84 12 nouveau
3759 5209 21 12 ea
3783 5205 52 16 binet
3852 5205 44 18 polo-

3416 5223 49 17 nais,
3488 5224 38 19 qui,
3548 5224 52 16 selon
3624 5224 32 16 des
3678 5224 131 15 observateurs
3834 5224 61 17 Impar-

3416 5242 59 16 tiaux,
3493 5238 110 23 n'apparaît
3620 5246 35 14 pas
3672 5246 71 12 comme
3761 5242 78 19 qualifié
3857 5246 48 19 pour

3416 5260 83 17 faciliter
3519 5265 37 12 une
3575 5260 82 16 solution
3679 5260 65 19 rapide
3765 5260 24 16 du
3810 5260 95 20 problême

3416 5282 63 12 russo-
3481 5278 91 20 polonais.

3438 5300 101 17 MOSCOU.
3561 5308 22 5 —
3602 5300 25 17 Le
3648 5300 75 19 général
3745 5300 22 17 de
3788 5300 67 16 Gaulle
3875 5299 30 16 est

3416 5319 62 16 arrivé
3494 5323 23 13 en
3534 5319 84 17 U.RS.S.
3635 5319 15 16 H
3666 5323 13 12 a
3694 5318 66 18 offert,
3777 5322 86 13 sojnom
3879 5318 24 15 du

3415 5337 66 19 peuple
3498 5337 91 19 français,
3605 5341 38 12 une
3657 5337 68 19 plaque
3740 5336 165 17 commémorative

3415 5361 12 12 a
3443 5356 116 19 Stalingrad.

3438 5378 157 15 Washington
3619 5385 22 4 —
3657 5377 25 16 Le
3698 5376 56 17 sénat
3771 5376 103 17 américain
3892 5379 12 13 a

3415 5395 93 17 confirmé
3521 5396 19 16 la
3553 5395 119 16 nomination
3686 5395 23 17 de
3722 5395 26 16 M.
3763 5395 101 17 Stettlnlos
3879 5398 24 12 au

3415 5414 54 18 poste
3483 5414 23 16 de
3520 5413 101 18 secrétaire
3635 5413 70 17 d'Etat.

3436 5434 148 18 ALLEMAGNE.
3596 5443 23 5 —
3632 5435 24 16 Le
3671 5435 64 16 leader
3748 5434 95 17 socialiste
3857 5434 36 15 alle-

3415 5454 57 15 mand
3488 5453 66 18 Nosbe,
3569 5453 67 16 ancien
3652 5453 86 16 mini-.tre
3752 5453 23 16 de
3789 5453 18 16 la
3821 5451 71 20 républi-

3415 5476 35 14 que
3464 5472 23 16 de
3502 5472 87 18 Welmar,
3603 5475 11 12 a
3628 5471 30 17 été
3672 5471 77 16 exécuté
3764 5474 35 16 par
3813 5470 32 17 des
3859 5470 32 16 SS.

3436 5493 164 16 WASHINGTON.
3621 5500 22 5 —
3663 5493 26 16 La
3709 5492 87 20 capacité
3815 5492 23 16 de
3859 5495 34 15 pro-

3415 5511 77 16 duction
3507 5511 59 16 totale
3581 5511 32 16 des
3629 5511 111 16 Etats-Unis
3755 5510 70 17 atteint
3840 5509 52 17 main-

3415 5530 68 16 tenant
3501 5529 42 19 près
3560 5529 23 16 de
3601 5530 7 16 1
3627 5529 37 17 fols
3680 5530 20 16 et
3717 5530 48 15 demi
3782 5529 19 16 la
3817 5528 86 19 capacité

3415 5548 94 22 mondiale
3524 5548 66 16 totale.
