3878 5514
1705 142 17 21 S
1751 142 39 20 La
1807 139 148 23 Dernière
1972 139 101 24 Heure
2101 141 18 23 S

220 292 64 27 £»*
378 300 97 25 .....i--»
474 298 14 13 0
488 304 6 8 '

87 391 209 49 *^J__7tit***

96 457 84 28 us*---"
179 459 7 13 1
186 457 13 13 "
199 455 11 13 0
216 451 18 14 "
253 461 66 22 s'*».

97 471 46 38 S».
154 482 60 18 "'"*'
229 485 94 27 risoo-**

105 519 19 14 <*'
141 513 12 17 0
154 508 30 33 '°?
190 517 81 24 ««-P*»
270 511 23 18 60
302 507 24 16 *«

113 563 28 12 —
141 547 103 37 «>-"«*«
271 560 31 18 M-
301 553 11 18 4
308 555 25 14 **

191 578 24 13 <-"
237 577 59 20 ,\~*c
303 576 33 18 au*

120 606 54 20 ble™'

125 632 45 17 cs;*'
172 630 3 11 ;

129 653 50 20 0»<a>-

173 601 38 15 -■7-
211 601 4 10 ;
218 605 10 5 -
236 590 4 8 ;
245 614 16 8 ,,

207 623 12 12 s
238 613 24 18 do

283 598 56 23 llcort

442 579 76 41 W

149 623 70 23 =cncc3
238 614 24 17 d°
291 628 4 8 ,
296 623 39 18 mc5
336 629 6 8 .
478 611 28 22 J*

147 644 87 27 «Ort»"*
290 652 19 15 [3
309 645 36 18 ,C3.
380 638 38 29 •©.
457 636 35 22 >*

147 681 9 14 0
158 668 76 25 ùtaus-5
433 667 30 14 J*

243 697 77 14 _-„»/e*-
361 692 16 12 **
376 699 25 7 —
400 690 35 14 --^

248 697 72 17 -'nvS*-

170 712 154 51 ÏS.***

586 208 131 45 AUX
756 210 343 51 FLORALIES

672 275 345 49 GANTOISES

587 369 37 29 LA
634 370 99 30 VISITE
743 372 41 29 DU
798 372 53 30 ROI
862 373 37 30 ET
913 374 40 29 DE
965 374 38 30 LA
1015 375 87 30 REINE

636 440 73 29 ELLE
731 441 59 29 EUT
809 442 68 29 LIEU
896 443 158 31 VENDREDI

139 1135 357 32 i»KHrVa*ri*LJRs..rc

68 1195 52 18 earalei

68 1214 42 19 Mal,

126 1238 88 32 C.-^
224 1237 112 32 -CCI
342 1238 69 29 SES
418 1238 95 31 ISO

68 1278 11 17 fc
93 1277 42 16 base
152 1277 22 14 de
190 1276 49 14 latc\
256 1275 22 15 de
294 1279 32 11 cao

68 1297 42 17 trois
123 1295 34 16 fols
170 1295 40 18 pins
222 1294 102 19 longtemps

71 1317 33 15 Elle
115 1317 26 13 est
154 1314 38 15 fi.ic
204 1316 18 13 et
234 1313 92 16 brillante.

337 1275 76 16 itcJhoue.
431 1276 38 15 Elle
486 1276 86 15 résistera

338 1295 66 18 qu'une
417 1297 53 13 autre
483 1295 90 19 peinture.

468 1314 107 18 (135/D3003

142 1364 117 20 GAGNEZ
279 1365 54 19 DES
350 1365 139 19 MILLIONS

104 1393 21 12 en
138 1388 93 18 achetant,
245 1391 34 15 par
292 1389 57 18 petits
362 1392 113 12 versements
487 1393 42 12 men-

104 1408 45 16 suels
167 1414 10 8 ..
198 1407 60 18 partir
276 1408 20 15 d.
316 1408 11 14 1»
345 1408 70 17 francs,
434 1408 32 15 des
485 1410 54 14 titres

106 1429 10 14 i
135 1426 34 16 lots
191 1426 84 18 garantis
296 1430 34 15 par
350 1426 57 17 l'Etat
427 1427 60 19 Belge.

144 1445 91 15 Plusieurs
255 1445 69 19 tirages
344 1447 42 14 tous
405 1446 27 15 les
452 1447 46 15 roofs

107 1465 97 16 Sombrrux
217 1468 41 14 gros
270 1465 36 14 lot*,
319 1465 22 15 de
353 1466 16 17 3.
380 1466 10 14 2
402 1467 18 13 et
433 1466 7 14 1
454 1466 85 16 millions,

107 1485 19 15 de
135 1484 23 14 fr.
169 1483 102 18 .100,000.—,
283 1483 101 19 230,000.—,
397 1484 95 18 100.0M.—
492 1495 5 7 ,
505 1487 34 13 etc.

125 1503 101 15 D-**nand»?r
238 1504 42 13 tou*;
291 1502 26 15 ler,
330 1503 155 18 renselrtnement*'
502 1508 4 3 *
523 1503 17 17 la

105 1522 93 21 CAISSE
216 1522 129 19 VRBA1NE
361 1523 35 18 ET
414 1523 114 19 RURALE

106 1547 24 14 -J«.
151 1546 71 17 Langue
244 1550 32 12 rue
296 1547 23 14 de
338 1546 94 19 lllùpital,
453 1546 87 17 ANVERS

108 1563 75 20 (Société
203 1565 94 17 Anonyme
318 1565 66 16 fondée
404 1569 23 12 en
449 1566 45 17 1923,
516 1569 24 12 au

165 1584 70 18 capital
256 1584 22 16 de
299 1584 24 16 fr.
346 1585 120 16 10.000.COO.—
469 1587 6 15 )

229 1606 24 12 ou
271 1606 11 13 a
301 1607 29 12 ses
347 1604 66 18 agents

105 1622 21 16 B»
134 1621 127 18 Immobilière.
277 1623 24 15 IG.
310 1623 23 15 bd
341 1622 90 20 Anspach,
448 1623 92 15 Bruxelles

106 1642 18 15 A.
141 1640 64 18 Fritte,
223 1641 36 17 179.
277 1645 33 12 rue
327 1641 58 19 Mac}",
403 1642 79 15 Jambes.

106 1659 20 17 0.
138 1661 23 14 du
174 1660 48 16 Bois.
236 1661 25 16 G9.
274 1664 29 12 av.
316 1660 120 20 Dttcpétlaux,
448 1660 92 16 Bruxelles

106 1679 58 16 Office
178 1680 22 14 de
214 1679 95 18 Publicité,
323 1680 25 17 73.
363 1683 32 12 rue
408 1680 22 15 rie
444 1680 97 15 Belle-Vue

455 1699 7 13 I
475 1703 14 9 ,l;

511 1701 29 12 cre

106 1718 22 15 M.
143 1717 73 17 NlsoIIe,
230 1718 26 18 76,
272 1721 32 12 rue
318 1718 32 15 des
364 1718 58 16 Croix,
438 1717 102 17 Jemappes.

105 1737 43 16 Max
168 1736 79 19 Gehain,
266 1738 16 17 6,
302 1737 78 15 Chemin
399 1737 21 15 de
441 1736 55 15 Thieu

453 1753 85 18 Soicnles.

125 1776 49 15 Vous
184 1778 68 15 pouvez
263 1775 72 16 obtenir
346 1778 29 12 ces
386 1773 154 17 renseUtncmenls

105 1798 24 12 en
144 1794 104 19 découpant
262 1796 49 13 cette
326 1796 82 13 annonce
423 1794 19 13 ct
457 1795 23 11 en
494 1790 36 16 l'en-

104 1814 68 18 voyant
194 1813 11 15 k
226 1813 88 16 l'adresse
333 1812 90 16 ci-dessus
442 1813 44 12 avec
507 1812 32 12 vos

106 1837 42 11 nom
164 1834 20 14 et
200 1833 81 16 adresse.

106 1884 76 15 Adressa
545 1880 3 16 i

106 1909 99 14 Cimmun"
376 1914 30 4 —
545 1909 3 8 '

402 2041 128 16 DEMANDEZ

266 2063 85 18 ALBUMS
362 2066 26 14 ET
395 2062 165 19 ECHANTILLONS

77 2084 485 42 jCCMPTClRtEsTCiLESDECClRTRAi

77 2114 6 29 I
91 2126 37 18 Rue
140 2126 63 17 Henri
214 2124 152 20 CONSCIENCE,
371 2121 175 20 bÔ.-COURTRAI
551 2130 10 5 -

317 2519 105 15 d'aliments
441 2519 65 15 attach-

104 2540 23 14 as
138 2540 23 14 de
171 2543 32 11 vos
214 2539 106 15 casserole-*.
331 2538 124 18 Dépositaire*,
467 2538 46 15 dem.
525 2538 58 18 grand

75 2558 97 15 Bruxelles.
188 2559 55 16 Repr.
259 2558 29 16 ch.
304 2561 51 14 prov.
372 2557 47 15 dem.
435 2564 22 5 —
472 2557 110 15 S'adrr-»ser:

73 2577 25 17 11.
114 2582 32 11 rue
163 2577 24 15 du
205 2576 125 18 Monténégro.
348 2575 99 17 Bruxelles.
510 2577 71 17 jD31GS

18 4049 4 3 .
32 4034 18 17 51

22 4068 4 4 .
36 4052 23 18 Ml

37 4073 15 16 55

23 4107 4 4 .
37 4092 16 17 SS

37 4111 24 18 Ml

24 4146 4 4 .
38 4131 23 17 S3I

39 4150 23 17 S»

25 4185 4 4 .
39 4170 16 17 a

18 4205 10 4 ..
38 4190 24 18 sa

26 4224 5 4 .
40 4209 17 17 53

27 4243 4 4 .
41 4229 17 16 51

38 4247 24 19 5«

42 4267 24 17 5-tt

119 3288 20 16 34.
148 3289 67 15 Nicolas
228 3289 86 16 Arleaga,
327 3286 105 19 spécialiste
445 3285 99 15 herniaire.

135 3308 18 15 Je
166 3310 37 13 suis
220 3308 81 15 heureux
319 3307 22 14 de
358 3306 77 18 pouvoir
452 3307 45 12 vous
515 3306 19 12 re-

119 3327 64 15 mercier
195 3326 124 16 sincèrement
332 3328 47 15 pour
391 3324 19 16 la
424 3323 85 18 gu£r:;on
523 3322 22 15 rie

146 3346 52 15 îernle
210 3346 23 15 de
244 3349 30 12 ma
286 3345 74 15 femme.
371 3344 22 15 Je
403 3343 42 18 puis
456 3345 45 12 vous
513 3340 31 16 dé-

103 3362 2 18 I
118 3365 48 15 elarer
181 3368 34 16 que
232 3368 43 12 mon
292 3363 67 19 épouse
376 3366 11 11 a
404 3361 141 18 complètement

118 3383 23 16 été
149 3384 59 18 guéri*;
220 3387 22 12 en
254 3384 11 15 4
277 3383 47 15 mois
335 3382 22 15 de
368 3385 22 12 sa
403 3380 64 16 double
474 3380 70 16 hernie,

117 3402 43 20 irler*
175 3403 12 15 à
203 3404 52 14 votre
271 3400 84 20 procédé.
374 3398 71 20 (Signé)
452 3398 20 17 J.
477 3397 66 18 MEES»

161 3422 25 17 37.
199 3426 33 12 rue
243 3422 24 15 du
280 3420 90 16 Loutrler.
383 3419 11 15 â
407 3417 116 17 Watermael.

131 3442 44 15 Uous
186 3441 116 15 fournissons
314 3439 102 18 également
428 3438 26 14 les
465 3437 80 15 attesta-

101 3456 3 19 I
115 3459 41 17 tiens
173 3460 82 17 ci-après
276 3463 6 11 :
301 3459 25 15 M.
346 3458 51 15 Picot
416 3456 51 16 Paul.
487 3455 57 16 Wlen

116 3479 108 17 tPénwelzr-.
238 3479 20 15 M
278 3477 71 16 Debain
363 3477 21 16 I*.
399 3476 25 15 14.
439 3477 34 14 rue
478 3474 66 16 Neuve.

100 3494 3 19 I
114 3498 68 16 Blnche.
200 3499 24 15 M.
243 3497 55 16 Frère
316 3495 83 19 Léopold.
418 3495 36 17 278.
473 3497 32 12 rue
523 3493 22 15 de

112 3517 44 19 Gilly
174 3521 12 12 a
198 3516 85 17 Coultiet.
295 3516 25 15 M.
333 3514 71 16 Roland
416 3514 26 17 F.,
456 3516 32 12 rue
494 3512 51 16 Jules

113 3536 75 18 Destrée.
202 3536 27 17 48.
244 3535 12 16 k
269 3534 68 16 Jumet.
352 3534 24 15 M.
391 3532 70 19 RlgaU
475 3532 29 17 H..
519 3531 26 17 73.

112 3558 30 13 rae
153 3556 25 15 du
191 3555 107 16 Petit-Bois,
312 3554 11 14 à
337 3552 135 16 Bois-d'IIaine.
480 3551 25 15 M.
512 3550 33 15 Le-

112 3576 27 14 rat
155 3575 15 15 F
200 3574 26 17 27.
245 3577 33 12 rue
296 3573 23 15 de
335 3571 83 17 l'Arbiat.
437 3570 107 16 Anderïues.

112 3593 23 16 IL
145 3594 70 16 Lebrun
227 3593 28 18 F.,
267 3592 26 18 14,
306 3595 32 12 rue
351 3594 36 12 aux
399 3590 65 18 Loups.
477 3589 66 15 Havre.

141 3628 128 30 Hernieux,
284 3623 127 31 n'hésitez
428 3623 59 36 plus
500 3622 9 29 !

135 3668 19 16 St
164 3672 42 12 vous
217 3668 63 15 voulez
293 3668 58 14 éviter
363 3666 19 16 la
395 3665 45 19 gêne
453 3668 35 15 que
501 3667 34 16 pro-

120 3685 40 20 duit,
177 3689 70 14 surtout
267 3686 48 17 l'été,
336 3689 36 12 aux
393 3687 100 16 personnes
513 3684 32 17 qui

121 3704 36 17 Ion:
170 3707 20 15 tle
206 3707 46 15 torts
268 3707 85 15 travaux,
371 3705 17 15 le
404 3703 109 16 BANDAGE
530 3703 14 14 A

122 3723 87 18 RESSORT
220 3725 89 16 DORSAL
319 3728 23 12 on
354 3724 12 15 â
378 3722 165 17 SOVS-CUISSrS.

124 3744 38 14 'oas
175 3747 43 13 serez
231 3744 72 18 obligés,
319 3746 70 13 comme
404 3742 43 15 tant
462 3741 83 16 d'autres

124 3760 72 18 TicUme-,
212 3763 21 16 de
250 3764 39 15 leur
307 3762 134 18 Inexpérience,
460 3760 12 16 k
492 3760 52 15 avoir

125 3782 66 14 recours
203 3785 11 12 t*.
227 3786 28 12 ma
270 3782 91 17 méthode,
376 3781 32 18 qui
424 3781 41 15 fera
481 3779 52 18 dispa-

126 3798 53 16 raître
192 3802 45 15 votre
252 3802 67 18 hernie,
336 3804 24 13 en
377 3800 73 17 évitant
468 3799 66 15 l'étran-

126 3817 26 18 gle
154 3819 50 15 méat.

149 3842 83 17 Monsieur
252 3845 92 16 NICOLAS
369 3844 115 17 ARTEACA,
508 3847 32 11 ex-

129 3866 83 17 dimttar
222 3869 20 15 de
251 3870 113 17 l'LNSTITLT
376 3869 126 17 HERNIAIRE
514 3869 30 15 DE

131 3891 67 18 PARIS,
212 3897 67 13 recevra
293 3897 38 15 tous
346 3896 28 16 les
390 3896 58 19 Jours.
465 3895 24 17 C;
504 3894 12 16 0
533 3893 11 16 k

131 3916 10 16 1
151 3917 18 15 h.
180 3919 17 14 et
207 3918 24 16 les
241 3920 101 20 dimanche*,
354 3922 23 15 dc
390 3922 10 15 9
413 3925 12 12 a
439 3921 20 15 12
471 3920 73 16 heures.

124 3945 423 36 Iirax5i'-s,i33,ci'-a!-î'3s;-ri:rr8

190 3988 47 16 (Coin
254 3990 66 17 Avenue
339 3990 141 20 *FA**t**krghenii

151 4011 45 15 Dans
211 4012 23 16 les
249 4014 46 16 filles
310 4017 99 16 suivantes.
427 4016 25 15 M.
471 4015 73 16 Nicolas

134 4033 37 11 sera
183 4031 19 15 de
212 4035 67 16 passage
290 4036 17 14 et
318 4039 73 12 recevra
404 4036 22 14 de
438 4036 11 14 n
461 4034 11 16 â
486 4035 19 14 II
518 4034 27 15 h.:

135 4048 120 21 CI!\Eï,EROI.
265 4053 24 15 les
301 4055 7 15 i
309 4058 20 12 er
340 4057 19 14 et
371 4056 22 15 3e
405 4054 109 16 dinn-.nehes
520 4053 25 15 du

130 4069 47 16 mois.
187 4069 46 17 Hôtel
238 4071 20 16 de
264 4071 5 15 I
276 4072 102 19 Espérance,
385 4073 25 20 pl.
418 4073 19 15 E.
444 4073 79 15 Bulsset.
529 4072 11 14 2

134 4087 61 17 mon*,,
206 4089 17 16 ze
232 4092 16 14 et
257 4091 19 16 -îe
285 4092 103 17 dimanches
399 4093 25 15 du
435 4093 52 16 moi.-:.
499 4091 47 16 Café

133 4107 29 14 BW
172 4107 70 20 Archers,
251 4110 14 17 6.
274 4114 30 13 rue
313 4113 76 18 L-opold
402 4112 52 15 tche:
464 4111 80 15 Simon*.

133 4124 95 21 TOlEVAi,
243 4129 18 15 2e
276 4133 17 12 e:
309 4132 20 14 4e
346 4132 86 16 samedis.
450 4130 55 16 Hôtel
522 4129 23 15 de

134 4144 51 17 P*»r*s.
195 4146 21 17 p!.
225 4148 82 17 Croaibtz.
319 4151 23 14 Le
352 4151 21 15 30
385 4150 53 16 avril.
450 4148 95 19 BOUSSU.

132 4163 42 16 Ce»
183 4164 45 17 Hôtel
238 4167 19 15 ie
268 4168 73 18 l-Dnlon.
352 4170 24 15 L-e
388 4170 30 15 1er
429 4169 42 16 mal.
485 4169 17 14 M
509 4169 35 13 *■■:-

134 4181 111 29 £ÏÏ-h™?"5
264 4187 113 18 St-taurent.
421 4189 25 15 Le
468 4188 11 15 2
502 4187 43 17 mai,

134 4201 85 28 |?.9Sy
218 4205 51 16 s!fES
269 4217 5 6 -
288 4208 51 16 Hôtel
352 4209 23 15 de
388 4209 52 15 Midi.
453 4207 24 16 Le
484 4207 10 15 3
501 4206 43 16 mai.

135 4220 93 19 EM.HI-.N.
245 4225 48 16 Hôtel
311 4227 24 15 du
355 4228 46 15 Parc
427 4228 24 14 Lc
471 4226 11 15 4
502 4225 43 16 mai.

131 4240 46 17 AT.I.
194 4242 45 16 Hô-rl
258 4244 118 18 Desraaieaux
400 4247 67 17 (garel.
487 4245 25 15 Le
532 4244 11 15 5

133 4261 37 14 ma:.
183 4260 79 20 DINant.
275 4264 50 17 Hôtel
338 4266 92 16 Moderne,
444 4268 33 12 rue
491 4264 23 15 de
526 4263 19 15 la

133 4277 48 19 Gare.
198 4280 5 5 '
208 4281 5 4 '

132 4296 19 15 de

274 4296 7 3 -
298 4285 42 16 mai.
359 4285 62 15 NIVEI
428 4285 46 15 LES.
492 4282 54 16 Hôte!

156 4298 60 23 „**-*
227 4301 43 16 Noir.
283 4303 22 15 Le
318 4304 9 15 7
340 4305 43 16 mai,
397 4301 81 18 MlTNIN.
490 4301 55 18 Hôtel

132 4317 39 14 Ci.e
184 4318 93 21 S:r-c.:c*.!e,
290 4322 50 18 place
354 4323 26 15 du
394 4324 45 14 Gaz.
453 4323 24 15 Le
484 4322 11 15 8
501 4321 44 16 mai.

132 4333 129 25 QDAREGlfON,
284 4341 44 16 Calé
351 4343 23 15 de
399 4342 17 15 la
442 4342 56 15 Gare.
523 4340 23 15 Le

131 4355 11 14 9
155 4355 38 20 Mai,
207 4358 129 20 ANDLRLl'ES,
352 4361 46 16 Café
415 4361 23 16 de
454 4361 19 15 la
489 4361 57 14 Jonc-

131 4373 40 16 H'?--
481 4379 65 16 (D3513

120 4409 73 21 rl-1.
201 4414 20 19 ,»
222 4414 33 22 m
256 4416 97 23 wttA_____m
359 4406 229 31 ^ww-j.^-PvWJUtiS

682 516 41 19 (De
737 516 64 29 potre
816 517 83 23 envoyé
913 518 97 23 spccial.)

615 545 74 21 Gand.
705 546 25 19 28
747 546 63 20 avril.
825 557 26 5 —
866 548 30 19 Le
912 549 34 19 roi
963 550 23 19 ct
1002 549 22 19 la
1042 549 60 20 reine

589 572 39 16 ont
643 571 60 19 tenu,
716 573 69 17 avant
798 575 42 19 que
853 576 24 16 se
891 573 94 19 termine
999 573 21 20 la
1035 573 67 21 féerie

590 593 86 20 florale,
692 595 14 19 â
721 595 57 19 faire
796 600 43 16 une
856 596 63 20 visite
937 597 104 21 officielle
1059 603 44 15 aux

590 617 112 22 Floralies.

614 649 49 20 Une
683 650 60 20 foule
761 650 151 22 considérable
929 652 74 21 s'était
1021 653 81 24 portée,

590 673 39 19 dej
641 673 13 19 7
667 674 81 20 heures
761 675 30 19 du
804 675 52 22 soir,
870 677 19 19 le
903 677 52 22 long
969 677 30 20 du
1013 682 53 17 parc
1079 680 22 17 et

590 697 82 20 d?vant
688 697 90 22 l'entrée
793 699 124 21 d'honneur
931 701 30 20 du
975 701 74 20 Palais
1064 702 38 20 des

590 721 72 21 Fêtes.

615 754 30 18 Lc
659 753 87 23 cortèse
759 754 68 24 royal,
840 756 102 23 composé
954 756 28 20 de
995 756 54 21 trols
1062 760 29 15 au-

592 777 122 23 tomobiles,
738 780 62 19 avait
824 780 71 24 quille
918 781 114 20 Bruxelles
1055 785 49 16 vers

591 801 12 19 7
618 802 87 20 heures.

616 834 20 18 A
653 833 90 20 l'entrée
761 834 27 20 de
806 834 22 20 la
846 835 50 20 ville
915 836 26 19 de
960 835 74 23 Gand,
1051 835 14 21 à
1081 834 22 20 la

592 859 63 20 porte
674 858 27 19 de
719 858 121 21 Bruxelles,
858 860 31 19 M.
908 860 84 23 Weyer,
1011 864 81 18 gouver-

593 885 56 15 neur
661 882 27 20 de
702 882 21 19 la
735 882 96 21 Flandre
844 883 122 22 Orientale,
977 884 22 19 et
1013 885 29 19 M.
1055 884 49 19 Van

593 905 26 20 de
634 906 89 23 Ste-ïcn,
735 907 151 23 boiwfîmcslre
900 908 27 20 do
941 908 75 21 Gand.
1029 908 64 19 atten-

593 930 77 20 daient
689 931 20 19 le
729 932 32 19 roi
781 934 22 18 et
822 932 22 20 la
863 932 61 19 reine
942 934 30 20 et.
992 932 64 24 après
1073 932 32 19 les

593 955 71 19 saluts
678 955 96 25 d'Usage,
787 956 27 19 ils
829 957 135 19 escorteront
979 957 19 19 le
1013 956 92 22 cortège.

595 979 59 20 C'est
668 983 52 16 sous
736 981 31 19 les
784 981 71 19 vivats
872 980 26 22 de
914 981 21 19 la
953 981 59 20 foule
1028 985 42 17 que
1085 979 20 20 le

594 1003 33 19 roi
644 1004 23 19 et
684 1004 22 20 la
725 1005 60 19 reine
804 1005 98 20 arrivent
919 1005 86 19 bientôt
1024 1004 82 20 devant

595 1026 89 22 l'entrée
702 1029 121 24 principale
839 1029 30 20 du
884 1029 74 20 Palais
974 1029 38 20 dos
1029 1028 64 19 Flora-

596 1051 45 22 lies,
657 1052 28 20 où
699 1052 32 20 les
748 1053 118 20 attendent
882 1054 20 20 îe
917 1054 73 19 comte
1006 1053 26 19 dc
1050 1053 45 18 Ker-

595 1077 68 19 chove
679 1077 27 20 dc
722 1077 157 25 Denterghem,
895 1078 101 19 ministre
1013 1077 26 19 de
1055 1075 39 20 Bel-

596 1101 63 22 gique
678 1101 14 19 à
709 1101 82 22 Berlin,
809 1101 111 21 président
939 1101 38 19 des
995 1100 112 20 Floralies,

595 1126 22 17 et
632 1124 32 20 les
678 1125 109 19 membres
802 1129 30 15 nu
848 1125 80 19 comité
942 1124 27 20 de
984 1124 21 19 la
1021 1122 85 20 Société

595 1148 155 25 d'agriculture
768 1150 23 19 et
805 1149 119 23 botanique
941 1148 27 19 de
986 1147 73 21 Gand,
1076 1147 30 18 M.

595 1173 52 23 Sap,
663 1173 101 21 ministre
792 1174 27 19 de
848 1167 153 29 l'Agriculture
1026 1174 23 17 et
1076 1171 32 19 M.

595 1198 102 23 Lippens,
712 1197 101 21 ministre
827 1197 27 20 de
869 1196 150 20 l'Instruction
1034 1194 61 24 publi-

595 1226 48 19 que.
660 1223 30 19 M.
708 1222 138 23 Carpentier,
862 1221 111 19 sénateur.

620 1253 32 18 La
670 1253 107 19 comtesse
795 1252 27 19 dc
836 1251 115 19 Kerchove
968 1249 27 20 de
1012 1248 84 19 Denter-

597 1276 65 24 ghem
681 1277 59 19 offre
759 1276 13 19 i\
789 1276 21 19 la
830 1275 60 20 reine
909 1278 43 15 une
971 1272 136 23 magnifique

597 1301 64 23 gerbe
673 1301 27 19 de
712 1305 66 15 roses.

623 1333 30 18 Le
671 1332 33 19 roi
720 1332 24 19 et
762 1332 22 19 la
802 1330 61 19 reine
880 1329 51 19 sont
951 1324 158 26 accompagnés

600 1356 29 20 du
641 1358 71 17 comte
725 1356 27 18 dc
764 1356 98 20 Lannoy.
875 1352 70 25 grand
958 1351 112 20 maréchal
1083 1351 27 18 de

600 1381 21 19 la
638 1380 66 21 Cour:
722 1380 27 19 rie
765 1379 20 19 la
802 1377 106 21 comtesse
924 1376 57 19 délia
998 1375 68 19 Faille
1083 1374 26 18 do

600 1404 140 23 Ltcvcrgivom.
768 1401 83 25 grande
881 1399 123 23 maîtresse;
1034 1398 26 19 de
1089 1398 20 18 la

600 1429 106 20 comtesse
735 1427 26 19 de
790 1423 227 23 Caraman-Ohimay,
1046 1422 64 19 dame

601 1452 123 21 d'honneur
738 1451 26 19 do
779 1450 21 19 la
816 1449 70 20 reine;
902 1449 21 19 le
938 1448 71 18 comte
1025 1446 26 19 do
1066 1445 44 21 Pa-

602 1476 52 20 toul.
670 1473 112 23 maréchal
797 1473 26 19 de
838 1472 23 20 la
877 1473 67 20 Cour;
960 1471 20 19 lc
997 1471 71 18 comte
1084 1469 27 19 de

601 1499 139 21 Hemricourt
763 1498 27 19 rie
814 1496 100 21 Orunne,
937 1494 70 24 grand
1031 1493 80 20 maitre

601 1525 27 19 de
642 1525 21 19 la
678 1523 85 20 maison
777 1521 27 19 do
818 1521 21 19 la
854 1519 69 21 roine;
940 1520 20 19 le
974 1517 122 21 lieutenant
1101 1526 9 5 -

602 1547 88 21 cénéral
712 1545 117 20 Biebuvck.
850 1547 13 16 a
864 1543 36 20 ide
901 1542 39 21 -d?
941 1546 83 26 -camp,
1046 1543 24 18 et
1091 1540 20 20 le

601 1571 83 21 colonel
701 1571 50 18 Van
768 1568 164 20 Overstraeten,
949 1566 87 21 officier
1053 1566 46 19 d'or-

602 1596 115 19 donnance
733 1593 29 20 du
778 1592 39 20 roi.

626 1626 41 19 Les
684 1621 129 26 dignitaires
830 1623 27 19 de
873 1621 23 20 lr*
913 1622 60 19 Cour
989 1621 23 19 et
1027 1621 33 19 les
1076 1619 23 20 of-

603 1650 72 18 ficiers
688 1648 52 20 sont
753 1650 50 16 tous
815 1651 29 15 en
859 1646 71 22 grand
945 1645 120 22 uniforme;
1080 1644 33 20 les

601 1674 75 19 dames
693 1677 27 14 en
737 1670 85 20 toilette
839 1670 27 19 de
881 1670 76 19 soirée.

624 1702 30 18 Le
669 1701 33 19 roi
719 1701 32 18 est
767 1704 28 15 cn
812 1698 112 20 uniforme
940 1698 52 19 kaki
1010 1697 27 20 de
1054 1697 44 20 lieu-

603 1724 190 24 tenant-général;
811 1725 22 19 la
849 1723 61 20 reine
926 1725 62 22 porte
1004 1727 44 16 une
1064 1728 37 15 ma-

600 1750 97 22 gnifique
712 1748 85 19 toilette
812 1752 28 14 en
854 1747 65 23 crêpe
931 1747 28 19 de
974 1747 71 20 Chine
1061 1747 50 19 bleu

600 1774 49 22 pâle
664 1776 23 16 et
701 1777 32 15 un
748 1772 107 19 manteau
868 1771 81 20 broché
964 1775 25 15 or
1004 1771 65 23 garni
1084 1771 27 19 de

600 1798 107 18 fourrure.

627 1828 69 24 Après
714 1828 32 20 les
765 1827 120 25 premières
903 1826 172 25 présentations,
1093 1826 21 19 le

602 1854 32 18 roi
653 1854 23 18 et
694 1853 21 19 la
735 1852 61 20 reine
814 1857 24 15 se
857 1849 96 23 rendent
972 1855 29 16 au
1019 1850 96 24 premier

600 1877 69 22 étage,
679 1876 28 20 où
718 1876 19 20 le
748 1876 33 19 roi
790 1876 68 22 reçoit
869 1875 20 20 le
900 1874 108 24 jonkhecr
1018 1873 93 23 Quarles

602 1902 49 19 Van
668 1902 89 21 Ufford,
774 1904 138 20 gouverneur
928 1900 27 20 de
972 1903 22 17 la
1011 1903 104 20 province

601 1926 27 20 de
647 1925 104 22 Zélande.
769 1926 36 23 qui
824 1925 34 20 est
875 1929 58 16 venu
950 1924 75 20 saluer
1043 1923 20 19 le
1080 1923 32 19 roi

600 1951 24 18 et
638 1950 23 20 la
676 1950 61 19 reine
752 1954 29 15 au
796 1954 54 15 nom
865 1949 26 20 de
907 1949 22 20 la
944 1948 61 20 reine
1020 1947 92 21 Wllhel-

603 1975 59 19 mine
676 1975 39 19 des
728 1974 122 23 Pays-Ba>.

626 2005 30 20 Lc
678 2006 32 19 roi
732 2005 23 19 et
776 2005 23 19 la
821 2004 61 20 reine
902 2003 90 25 signent
1014 2003 58 20 alors
1093 2005 20 18 le

602 2029 54 20 livre
674 2030 46 20 d'or
736 2030 27 20 de
778 2029 23 20 la
817 2028 89 21 société.

625 2059 63 19 Dans
700 2059 32 19 les
743 2059 76 19 salons
831 2062 30 15 on
872 2058 54 19 note
936 2061 78 16 encore
1027 2056 23 20 la
1062 2055 39 25 pré-

601 2088 64 15 sence
684 2084 28 19 de
730 2084 31 19 M.
780 2083 92 19 Charles
891 2082 88 20 Corbin.
998 2081 102 20 ambassa-

602 2109 54 19 deur
679 2108 27 19 de
728 2108 92 20 France,
843 2107 20 19 le
883 2107 72 18 comte
978 2105 135 21 Vannutelli,

602 2132 159 20 ambassadeur
774 2131 87 20 d'Italie
875 2131 24 19 et
911 2131 31 19 M.
956 2129 27 20 de
997 2130 116 19 Fourmes-

603 2158 71 22 traux,
684 2156 78 20 consul
775 2156 27 19 de
815 2156 85 18 France
912 2154 15 20 à
940 2153 73 21 Gand.

629 2189 34 20 Au
674 2187 98 20 moment
783 2186 28 21 où
823 2186 26 20 Ils
861 2185 154 24 apparaissent
1027 2189 28 16 au
1066 2183 37 21 bal-

605 2218 41 15 con
661 2211 93 21 central,
768 2211 23 19 la
806 2210 100 24 musique
922 2210 30 20 du
967 2210 24 19 2e
1007 2208 109 24 régiment

605 2237 27 20 de
651 2237 68 22 Ligne
738 2237 51 22 joue
807 2236 22 19 la
851 2242 8 9 -
879 2234 162 23 Brabançonne
1062 2241 18 11 **.

629 2267 30 20 Lo
670 2270 56 17 coup
737 2265 59 20 d'ceil
807 2266 39 19 dos
855 2264 106 20 Floralies
971 2268 39 16 sur
1020 2263 32 20 les
1063 2267 41 19 par-

605 2292 69 19 terres
692 2289 106 22 d'azalées
817 2294 44 15 aux
878 2289 82 19 teintes
977 2287 126 21 merveilleu-

603 2320 35 14 ses
658 2314 41 21 est.
719 2313 56 22 d'ici,
797 2312 111 20 vraiment
929 2311 105 23 féerique;
1055 2310 65 20 aussi,

605 2340 21 19 ïe
642 2339 33 20 roi
692 2339 23 20 ct
733 2339 22 20 la
772 2338 61 20 reine
850 2342 28 15 ne
896 2336 163 20 mannuent-ils
1076 2339 40 20 pas

606 2364 27 19 de
654 2363 95 20 féliciter
768 2362 21 20 le
811 2362 72 19 comte
904 2362 27 19 de
953 2361 115 19 Kerchove
1089 2360 27 19 de

606 2388 151 23 Denterghem
772 2391 56 19 pour
844 2386 20 19 le
879 2384 76 22 succès
972 2385 26 20 dc
1015 2384 89 20 l'exposi-

608 2413 53 19 tion.

631 2442 30 19 L-
675 2441 38 21 roi.
726 2441 22 20 la
763 2440 60 21 reine
836 2440 24 20 et
872 2440 49 20 leur
932 2439 58 20 suite
1004 2442 101 17 commen-

607 2467 51 19 cent
676 2466 58 19 alors
750 2465 23 20 la
790 2465 65 19 visite
872 2464 27 20 de
917 2464 144 23 l'exposition.

632 2496 59 20 C'est
703 2495 89 21 d'abord
804 2496 21 19 la
836 2495 84 19 section
932 2493 145 21 hollandaise,
1089 2491 28 20 où

605 2519 27 20 ils
645 2520 51 19 sont
710 2523 63 18 reçus
787 2523 40 18 pa:*
841 2518 20 18 le
874 2517 109 23 jonkheer
994 2517 49 18 Van
1055 2516 60 21 Têts,

607 2543 172 23 vice-président
796 2543 30 19 du
845 2543 48 21 lun*
910 2542 39 19 des
965 2541 112 20 Floralies,
1094 2545 23 14 ps

606 2569 55 19 MM.
674 2566 115 24 Mensings
802 2567 23 19 et
838 2566 64 20 Smis.
916 2565 69 23 Après
1000 2565 61 20 avoir
1076 2564 28 21 ad-

606 2592 55 20 miré
678 2593 31 19 les
725 2591 104 23 superbes
847 2590 127 19 collections
991 2590 27 20 de
1035 2589 81 24 tulipes

607 2617 22 20 et
646 2616 32 20 les
695 2619 60 15 roses
772 2614 31 19 1rs
820 2613 50 24 plus
886 2614 142 20 lumineuses.
1045 2617 21 16 le
1084 2617 32 16 roi

606 2640 22 20 et
640 2640 22 19 la
674 2639 60 19 reine
745 2638 90 19 visitent
848 2636 58 21 alors
917 2638 23 19 la
950 2637 85 20 section
1048 2637 56 19 d'An-

605 2668 53 15 vers,
676 2662 28 20 où
723 2661 27 19 ils
767 2661 53 19 sont
844 2664 63 18 reçus
932 2664 41 19 par
996 2661 31 18 M.
1045 2660 69 19 Emile

606 2689 78 20 Draps,
699 2685 112 25 président
827 2685 27 20 de
870 2685 21 20 la
908 2684 86 21 Société
1009 2684 106 21 horticole

606 2712 112 18 d'Anvers.

631 2739 58 22 Puis,
702 2740 52 20 c'est
768 2739 21 19 la
804 2739 64 20 visite
882 2739 30 19 du
926 2739 70 23 grand
1011 2738 47 21 hall
1073 2742 44 16 aux

605 2764 91 19 azalées,
709 2763 37 19 nui
761 2764 98 19 forment
873 2763 39 19 des
925 2763 111 24 parterres
1050 2763 65 19 d'une

603 2789 141 21 somptueuse
759 2787 103 19 richesse.
876 2788 41 18 Les
930 2787 131 23 principaux
1075 2791 28 15 ex-

602 2813 91 21 posants
711 2811 52 19 sont
779 2810 114 24 présentés
912 2814 31 16 au
962 2810 34 19 roi
1015 2811 23 18 et
1057 2809 15 20 à
1091 2810 22 19 la

605 2836 61 20 reine

627 2867 30 19 Le
671 2865 87 23 cortège
772 2865 92 25 pénètre
877 2865 58 20 alors
949 2865 57 20 dans
1021 2865 32 20 les
1066 2869 37 15 ser-

603 2895 35 15 res
650 2891 103 19 chaudes.
765 2891 19 19 A
796 2889 90 21 l'entrée
898 2890 27 19 de
937 2890 23 19 la
971 2889 85 20 section
1069 2889 31 19 ita-

605 2915 79 19 lienne,
704 2914 21 20 le
746 2915 33 19 roi
800 2915 23 19 et
844 2914 22 19 la
887 2914 60 19 reine
968 2914 53 19 sont
1041 2912 74 21 salués

604 2943 41 15 nar
660 2939 31 19 M.
709 2938 130 21 Mcrcatelll.
857 2938 149 19 commissaire
1026 2936 89 24 général

604 2963 30 20 du
647 2963 173 22 gouvernement
833 2962 84 20 italien.
930 2962 39 21 Ici.
981 2967 25 15 ce
1018 2963 53 19 sont
1084 2962 32 19 les

604 2987 49 21 plus
668 2987 68 19 belles
752 2986 69 20 fleurs
835 2987 27 19 de
877 2986 113 21 Florence,
1004 2986 21 20 le
1040 2985 75 23 jardin

604 3011 27 20 de
647 3011 86 21 l'Italie,
749 3011 39 20 dos
803 3010 80 20 œillets
899 3011 65 19 d'une
979 3010 137 24 magnifique

605 3036 110 19 diversité.
734 3036 69 23 Apres
821 3035 62 19 avoir
901 3034 83 20 félicita
1001 3035 21 19 le
1041 3034 63 24 repré-

603 3060 93 19 sentant
711 3059 31 20 du
758 3060 173 22 gouvernement
946 3058 85 22 italien,
1046 3059 21 20 le
1083 3058 32 20 roi

605 3085 23 18 et
642 3084 22 20 la
678 3084 61 19 reine
752 3088 24 14 se
791 3083 94 20 rendent
900 3083 58 20 alors
973 3084 57 19 dans
1044 3083 20 19 le
1078 3087 25 16 sa-

606 3108 37 19 lon
665 3107 39 20 des
724 3107 121 21 orchidées,
865 3107 29 20 où
915 3107 28 20 ils
963 3107 112 22 reçoivent
1096 3107 21 19 lc

605 3132 72 20 comte
692 3132 83 23 Joseph
790 3131 27 20 de
833 3131 136 23 Hemptinne
983 3133 25 18 et
1022 3132 30 19 M.
1067 3132 49 19 Fir-

606 3156 47 20 min
674 3156 119 21 Lambeau,
813 3155 114 24 président
947 3156 118 19 honoraire
1087 3156 29 19 du

607 3180 98 20 tribunal
724 3180 27 19 de
770 3184 121 16 commerce
910 3179 27 20 de
956 3180 120 20 Bruxelles,
1094 3181 23 18 et

606 3204 37 19 nui
666 3204 129 23 présentent
817 3203 139 21 eux-mêmes
979 3204 13 20 à
1016 3204 100 23 l'exposl-

606 3230 7 17 t
617 3229 5 10 ;
625 3233 29 16 on
667 3228 39 20 dos
718 3227 105 20 Floralies
837 3228 38 19 des
888 3228 127 20 collections
1028 3228 88 24 magni-

606 3253 71 19 fioues
692 3251 135 21 d'orchidées
841 3252 63 24 qu'ils
918 3252 108 20 cultivent
1038 3257 30 15 en
1082 3252 23 21 di-

606 3277 113 20 lettantes.

631 3306 71 21 Après
721 3306 62 20 avoir
800 3306 123 20 retraversé
941 3305 21 20 le
982 3306 71 24 grand
1070 3306 47 20 haTi

606 3331 39 19 d?.'*;
663 3329 92 24 azalées,
772 3330 21 20 le
811 3331 33 19 roi
862 3331 23 19 et
902 3330 23 20 la
943 3330 61 20 roine
1022 3335 24 15 se
1064 3334 40 16 ren-

606 3355 54 19 dent
673 3355 15 19 à
700 3355 23 20 la
735 3354 86 20 section
835 3354 105 24 anglaise,
952 3354 28 21 où
994 3355 31 19 M.
1037 3356 80 18 Monro

607 3379 43 19 fait
661 3378 32 20 les
704 3379 120 19 honneurs.

631 3409 59 21 Puis,
707 3409 27 19 lis
750 3410 55 19 vont
821 3409 75 20 visiter
912 3409 23 21 la
950 3408 85 22 section
1052 3409 52 20 fran-

607 3433 65 21 çaise,
689 3432 29 21 où
737 3433 27 20 ils
781 3434 53 19 sont
852 3437 63 16 reçus
932 3438 42 20 par
991 3434 32 20 les
1042 3432 75 21 renré-

606 3458 103 19 rontanîs
730 3458 39 19 des
788 3457 146 20 cultivateurs
960 3458 27 19 de
1014 3457 22 19 la
1064 3457 54 20 C.'ite

607 3481 85 20 d'Azur,
709 3481 28 20 de
755 3481 22 20 la
797 3481 75 21 région
892 3481 126 24 parisienne
1036 3482 24 19 et
1079 3481 39 19 des

607 3505 149 20 floricuKcurs
774 3505 27 20 de
819 3505 129 21 Tourralne.
966 3505 39 21 Ici.
1023 3510 25 15 ce
1066 3505 52 20 sont

607 3529 39 20 des
663 3529 81 21 œillets
763 3534 45 15 aux
827 3529 81 20 teintes
927 3528 32 22 les
979 3529 49 25 plus
1047 3529 59 20 ravis-

607 3554 76 19 santes
696 3555 22 18 et
731 3554 39 19 des
782 3557 61 18 roses
855 3553 28 20 de
895 3554 62 20 toute
969 3554 87 20 beauté.

631 3584 32 19 La
678 3583 64 21 visite
757 3588 14 15 a
785 3583 55 20 duré
853 3583 93 20 environ
961 3583 57 21 deux
1032 3583 86 20 heures.

632 3614 29 19 Le
677 3614 32 19 roi
725 3614 23 20 et
762 3613 23 20 la
798 3613 62 20 reine
874 3618 25 16 se
914 3613 95 20 rendent
1024 3613 57 20 dans
1096 3612 22 20 la

604 3637 54 20 stIIc
673 3637 108 20 Fechiari.
795 3637 29 19 où
840 3637 27 19 ils
881 3638 92 18 ouvrent
990 3641 31 16 un
1036 3637 80 19 buffet.

606 3662 57 21 Sous
679 3663 33 19 les
730 3661 104 21 lumières
852 3660 153 23 étlnceîantes.
1023 3665 20 17 ie
1062 3666 56 16 coud

606 3686 59 20 d'en.!
676 3687 35 19 est
723 3686 111 20 vraiment
844 3685 122 21 snlendidc.
978 3686 42 19 Les
1032 3684 87 22 invités,

606 3711 50 19 tous
671 3715 29 14 en
714 3710 112 20 uniforme
841 3710 29 20 où
885 3715 28 15 en
929 3710 86 20 toilette
1031 3710 27 19 de
1073 3709 33 19 .soi-

605 3734 44 21 rée,
660 3739 25 15 se
697 3734 133 24 promènent
842 3735 14 19 à
869 3735 86 19 travers
967 3735 32 19 les
1011 3733 107 24 magnifi-

606 3763 53 16 nues
674 3759 119 23 parterres,
807 3758 101 24 pendant
923 3763 42 18 que
980 3758 23 20 la
1019 3758 100 20 musioue

606 3783 45 20 fait
662 3782 110 20 entendre
785 3783 28 20 de
827 3782 45 20 très
885 3781 124 21 mélodieux
1023 3782 96 22 accords.

630 3814 30 18 Le
673 3813 33 19 roi
719 3813 23 19 et
754 3812 22 19 la
790 3812 60 20 reine
862 3817 25 15 se
900 3812 50 20 font
963 3811 115 25 présenter
1091 3812 27 19 de

606 3837 122 20 nombreux
737 3836 130 25 exposants:
881 3836 49 20 nuis
940 3836 27 19 ils
977 3836 141 20 s'entret'en-

606 3862 55 19 nent
673 3860 45 21 très
729 3860 159 21 aimablement
900 3864 53 17 avec
964 3860 32 20 les
1008 3859 87 22 invités.

630 3892 31 19 Le
672 3891 87 22 cortr*:e
771 3891 61 19 roval
844 3891 42 19 fait
897 3894 80 16 encore
988 3894 44 16 une
1043 3891 76 19 courte

607 3915 135 20 promenade
759 3916 58 19 dans
834 3915 21 19 le
872 3914 73 25 palais
960 3914 39 20 des
1017 3914 90 20 merveil-

606 3939 38 23 les,
658 3940 51 23 puis
722 3944 25 15 se
763 3939 55 19 rend
834 3938 57 20 dans
905 3943 45 16 une
965 3938 84 23 grande
1063 3937 55 21 salle

607 3964 28 20 où
651 3964 37 20 est
703 3963 59 20 servi
779 3967 31 16 un
828 3967 81 19 souper
926 3967 42 18 par
985 3963 81 24 petites
1082 3963 24 19 ta-

605 3988 54 20 bles.
677 3988 37 20 TJn
733 3988 89 20 concert
840 3987 28 20 dc
886 3987 93 19 carillon
997 3987 74 20 donné
1090 3991 29 15 au

607 4012 86 20 Beffroi
705 4012 28 20 de
746 4012 68 20 Gand
825 4012 35 19 est
873 4011 106 21 transmis
990 4015 42 21 par
1043 4011 65 20 radio-

607 4037 116 19 diffusion.

630 4066 20 20 H
665 4066 34 20 est
712 4065 51 24 près
776 4066 28 20 de
818 4065 82 21 minuit
914 4066 87 23 lorsque
1015 4065 20 21 le
1050 4066 33 19 roi
1096 4065 23 20 et

607 4090 22 20 la
645 4091 61 19 reine
722 4090 113 20 prennent
851 4090 69 23 congé
936 4090 28 20 de
980 4090 59 19 leurs
1055 4090 64 19 hôtes

607 4119 28 15 en
647 4115 49 20 leur
707 4113 108 22 réitérant
826 4118 80 16 encore
916 4114 60 20 leurs
988 4113 119 22 chaleureu-

606 4143 36 15 ses
659 4139 152 20 félicitations.

631 4169 30 19 Lc
680 4173 138 17 gouverneur
834 4170 23 19 et
874 4168 21 20 le
912 4168 152 23 bourgmestre
1082 4173 24 15 re-

607 4193 132 19 conduisent
754 4192 21 20 le
790 4192 40 21 roi.
845 4193 23 19 la
882 4193 61 20 reine
959 4193 24 20 et
998 4193 48 20 leur
1060 4193 59 20 suite

610 4217 115 23 jusqu'aux
741 4216 89 20 confins
847 4217 27 19 de
891 4217 23 20 la
930 4217 30 20 \*i*
962 4217 6 13 1
971 4222 18 15 -\
1005 4218 24 19 ot
1046 4218 28 20 de
1090 4217 30 20 la.

606 4241 21 19 îe
640 4240 87 24 cortège
739 4240 62 23 royal
813 4245 98 19 regagna
924 4241 121 21 Bruxelles.
1055 4252 26 5 —
1093 4242 26 20 T.

1123 214 115 46 DES
1269 206 362 59 DÉSORDRES

1211 278 44 43 A
1287 277 172 48 ANVE
1465 281 70 45 RS

1227 360 44 29 ILS
1291 361 78 30 SONT
1388 356 139 36 SUSCITÉS

1187 397 62 29 PAR
1269 398 54 30 DFS
1342 399 223 30 GROUPEMENTS

1220 436 313 31 ANTINATIONALISTES

1141 496 39 30 LA
1193 498 105 30 POLICE
1311 499 125 30 CHARGE
1453 499 163 30 PLUSIEURS

1178 536 67 29 FOIS
1265 538 22 28 A
1306 537 97 29 COUPS
1423 538 39 28 DE
1481 537 100 29 SABRE

1150 596 90 23 Anvers,
1257 598 25 18 28
1301 597 62 20 avril.
1378 607 27 5 —
1421 597 110 20 Vendredi
1545 596 51 22 soir,
1610 596 22 18 la

1125 620 123 20 fédération
1261 621 39 20 des
1314 621 139 20 fraternelles
1467 619 166 24 regimentaires

1125 644 105 20 d'Anvers
1250 646 61 18 avait
1332 645 101 23 organisé
1454 649 44 15 une
1518 647 103 19 représen-

1125 669 83 18 tations
1221 673 30 15 au
1263 663 101 25 Théâtre'
1373 668 116 20 Flamand.

1150 693 18 19 A
1178 692 116 20 l'annonce
1306 693 27 19 de
1345 694 57 18 cette
1413 691 77 21 soirée,
1500 691 31 19 les
1542 694 92 20 groupes

1124 715 138 21 extrémistes
1278 721 5 15 :
1299 716 164 20 communistes,
1476 714 158 22 collectivistes,

1125 740 121 22 frontlstes,
1257 738 242 22 frontistes-hitlériens
1509 740 23 17 et
1542 738 79 19 antimi-

1126 763 106 20 litaristes
1244 765 89 19 avaient
1350 763 76 20 décidé
1441 763 27 19 dc
1484 761 150 20 contremani-

1126 787 69 24 fest/îr
1211 788 49 19 afin
1277 788 109 22 d'essayer
1403 786 138 23 d'empêcher
1557 785 25 19 la
1598 788 24 15 re-

1127 812 159 24 présentation.

1152 837 58 18 Mais
1228 836 21 18 la
1269 833 175 26 représentation
1464 833 60 19 avait
1541 832 34 20 été
1595 832 39 19 dé-

1125 859 142 21 commandéc
1279 858 151 23 l'après-midi,
1439 862 25 15 ce
1474 856 161 24 qu'ignoraient

1128 884 30 19 les
1171 884 165 19 manifestants.

1152 908 70 19 Aussi,
1233 911 48 15 vers
1291 908 50 21 sept
1351 907 79 19 heures
1441 906 30 19 du
1480 905 51 19 soir,
1538 904 27 19 de
1572 908 52 15 nom-

1127 931 68 19 breux
1207 934 93 19 groupes
1311 935 24 13 se
1348 927 161 21 formèrent-ils
1522 928 81 18 devant
1616 928 19 19 le

1129 954 92 22 théâtre,
1232 955 56 18 dans
1301 953 18 20 Le
1331 953 39 18 but
1381 951 139 23 d'empêcher
1531 951 31 18 les
1572 955 63 18 spec-

1129 979 83 19 tatours
1227 978 34 22 d'y
1276 976 108 24 pénétrer.
1396 976 40 19 Le.s
1452 974 183 19 contremanifes-

1129 1005 61 16 tants
1208 1001 108 20 restèrent
1334 999 126 23 cependant
1479 998 14 19 à
1512 998 124 19 stationner

1129 1030 43 15 aux
1186 1025 118 19 alentours,
1319 1023 82 21 malgré
1414 1024 22 18 la
1450 1021 68 24 police
1531 1022 37 23 qui
1581 1022 44 18 don-

1130 1054 48 16 nait
1189 1048 63 20 ordre
1262 1048 26 19 de
1302 1047 97 20 circuler.

1155 1073 54 19 Vers
1227 1073 53 18 neuf
1297 1071 79 19 heures
1393 1070 30 19 du
1439 1069 51 24 spir.
1507 1073 32 15 un
1556 1073 81 19 groupe

1129 1097 27 19 de
1184 1105 8 7 -
1201 1096 117 19 Jeunesses
1344 1093 164 21 Communistes
1521 1101 9 8 ->
1559 1093 79 23 arriva,

1130 1121 97 21 drapeau
1238 1123 65 17 rouge
1314 1122 28 14 en
1352 1117 50 19 tète.
1413 1116 130 23 L'emblème
1552 1116 74 19 révolu-

1132 1143 108 19 tionnaire
1257 1143 34 19 fut
1305 1141 120 21 confisqué,
1440 1145 23 14 ce
1478 1141 37 22 qui
1528 1144 110 18 provoqua

1132 1172 29 14 un
1173 1166 191 20 commencement
1378 1166 26 18 de
1420 1164 119 19 désordres.
1553 1165 32 18 La
1599 1168 29 18 po-

1132 1191 39 18 lie
1182 1191 42 18 dut
1233 1189 92 25 charger
1337 1188 14 20 à
1361 1187 108 25 plusieurs
1480 1188 93 22 reprises
1585 1191 54 19 pour

1132 1214 102 22 déblayer
1245 1214 23 19 la
1278 1213 69 23 place.

1156 1238 58 19 Tout
1233 1237 14 19 à
1264 1240 56 19 coup
1339 1240 31 15 un
1388 1235 91 23 policier
1494 1235 36 20 fut
1548 1235 92 19 entouré

1132 1265 41 20 par
1183 1261 38 19 des
1234 1259 159 20 manifestants
1404 1260 24 18 et
1442 1260 128 22 gravement
1583 1258 45 20 mal-

1132 1289 70 15 mené.
1219 1285 102 18 D'autres
1337 1283 79 23 agents
1433 1282 122 20 arrivèrent
1570 1282 14 19 à
1600 1286 40 15 son

1132 1312 88 15 secours
1233 1309 24 17 cl
1268 1312 55 18 pour
1337 1307 91 23 pouvoir
1440 1311 80 14 sauver
1531 1307 20 19 le
1566 1310 62 16 cama-

1132 1332 59 22 rade,
1205 1332 82 18 durent,
1302 1331 55 19 tirer
1370 1331 39 19 des
1424 1334 67 18 coups
1503 1331 26 20 de
1544 1330 97 19 revolver

1134 1360 26 15 cn
1181 1355 54 20 l'air.
1254 1355 70 22 Après
1343 1356 57 18 cette
1421 1354 85 19 chaude
1527 1354 76 22 alerte,
1621 1354 20 19 le

1133 1379 70 19 calme
1216 1379 35 19 fut
1264 1383 30 14 un
1305 1379 98 19 moment
1416 1378 86 20 rétabli,
1512 1378 57 19 mais
1579 1378 50 19 bien-

1133 1403 34 19 tôt
1178 1403 27 19 de
1218 1406 116 15 nouveaux
1346 1406 93 19 groupes
1450 1406 24 14 se
1486 1401 121 21 formèrent
1618 1402 24 20 et

1134 1426 21 20 la
1174 1426 69 24 police
1262 1426 40 19 dut
1319 1430 80 15 encore
1417 1425 102 20 exécuter
1534 1425 107 23 plusieurs

1133 1451 92 22 charges
1239 1454 29 15 au
1282 1450 64 19 sabre
1357 1450 24 19 et
1395 1450 14 19 sa
1423 1449 22 20 la
1460 1450 114 22 matraque
1587 1454 55 19 pour

1134 1474 108 23 disperser
1256 1474 31 18 les
1302 1472 165 24 manifestants.

1158 1497 93 20 Ceux-ci
1265 1496 174 24 s'éparpillèrent
1452 1497 58 20 alors
1524 1498 56 19 dans
1591 1497 39 20 tou-

1135 1522 33 19 tes
1184 1521 32 19 les
1233 1525 50 16 rues
1301 1521 126 20 avoisinant
1440 1522 21 19 le
1478 1521 96 20 Théâtre
1590 1521 40 20 Fla-

1135 1546 69 19 mand
1217 1546 22 18 ct
1250 1545 21 19 la
1286 1545 64 19 Place
1363 1545 28 20 de
1406 1545 22 19 la
1441 1545 102 20 Victoire.

1159 1570 47 19 Rue
1217 1574 44 14 van
1270 1569 102 21 Ertborn,
1381 1570 21 18 la
1413 1569 108 20 direction
1530 1571 30 19 du
1569 1569 62 20 Théâ-

1136 1594 32 18 tre
1182 1593 26 20 dc
1222 1593 21 19 Ja
1257 1593 65 19 Scala
1335 1593 60 19 avait
1409 1593 64 20 laissé
1487 1594 26 19 de
1526 1594 65 19 vieux
1602 1593 29 20 dé-

1135 1622 48 14 cors
1193 1618 23 19 ct
1226 1617 131 20 accessoires
1369 1617 26 20 de
1406 1617 87 20 théâtre
1505 1621 39 15 sur
1554 1617 20 19 le
1586 1618 45 19 trot-

1137 1642 48 19 toir.
1203 1642 41 18 Les
1262 1641 159 20 manifestants
1438 1642 47 18 s'en
1504 1641 140 23 emparèrent

1136 1667 23 17 et
1180 1664 115 20 tentèrent
1315 1664 92 24 d'ériger
1428 1669 44 15 une
1494 1665 114 20 barricade
1630 1664 14 20 à

1137 1689 85 20 travers
1234 1689 21 19 la
1268 1693 46 16 rue.

1161 1714 33 18 La
1210 1713 70 23 police
1297 1713 109 23 prévenue
1424 1713 74 20 arriva
1515 1717 29 16 au
1561 1718 40 19 pas
1617 1713 27 20 de

1137 1737 81 23 charge
1234 1738 23 19 et
1272 1737 41 19 dut
1329 1742 79 15 encore
1421 1742 44 14 une
1480 1737 43 20 fois
1538 1737 55 19 tirer
1606 1737 38 19 des

1138 1765 67 20 coups
1216 1761 27 19 dc
1253 1761 98 19 revolver
1360 1766 29 14 en
1399 1761 54 20 l'air.
1463 1761 140 20 Finalement
1613 1761 32 19 les

1137 1785 78 23 agents
1227 1784 149 24 dispersèrent
1387 1785 22 20 là
1423 1785 59 19 aussi
1493 1785 31 19 les
1536 1785 96 19 manifes-

1138 1810 62 19 tants
1208 1808 15 20 à
1230 1813 68 19 coups
1309 1809 26 19 de
1345 1809 64 19 sabre
1420 1810 24 18 et
1453 1809 27 19 de
1490 1809 123 22 matraque.

1162 1833 54 19 Vers
1233 1834 23 18 10
1270 1834 22 18 h.
1308 1834 31 20 30,
1354 1833 32 19 les
1399 1833 157 19 communistes
1570 1837 24 14 se
1609 1836 23 15 re-

1139 1857 92 19 tirèrent
1251 1857 56 19 dans
1325 1857 48 20 leur
1391 1857 56 19 local
1466 1857 29 19 de
1514 1856 23 19 la
1556 1861 39 14 rue
1615 1856 29 19 du

1138 1881 105 21 Couvent,
1254 1881 124 23 cependant
1389 1885 42 19 que
1444 1880 97 19 d'autres
1554 1884 92 19 groupes

1137 1905 92 19 allaient
1241 1905 132 20 manifester
1387 1905 84 19 devant
1486 1904 20 19 le
1521 1904 56 20 local
1593 1903 51 19 d'un

1138 1929 145 23 groupement
1296 1928 151 20 nationaliste.

1162 1953 45 19 Peu
1217 1952 65 24 après
1292 1953 50 18 tout
1351 1952 104 21 semblait
1464 1951 126 24 cependant
1600 1951 45 20 être

1138 1976 74 20 rentré
1225 1976 178 20 définitivement
1419 1977 57 18 dans
1490 1976 20 20 le
1527 1975 78 20 calme.

1163 2002 34 18 En
1212 2001 56 20 tout,
1286 2004 43 15 une
1348 2000 179 19 demi-douzaine
1546 1998 100 23 d'agents

1138 2025 40 19 ont
1191 2024 37 20 été
1243 2024 50 23 plus
1307 2028 28 15 ou
1350 2024 72 20 moins
1438 2023 135 23 grièvement
1588 2023 46 19 bles-

1138 2048 35 20 sés
1182 2053 41 19 par
1232 2048 39 20 des
1282 2052 67 19 coups
1358 2047 27 20 de
1396 2047 93 23 gourdin
1496 2048 24 18 et
1531 2047 38 19 des
1580 2049 67 19 coups

1138 2073 27 19 de
1177 2072 74 24 poing.
1261 2073 63 18 Deux
1336 2071 111 20 individus
1459 2071 40 19 ont
1509 2070 37 20 été
1557 2069 90 20 arrêtés.

1138 2097 19 20 Il
1170 2102 14 18 y
1195 2101 14 14 a
1222 2096 162 20 certainement
1395 2095 27 19 de
1433 2094 121 19 nombreux
1566 2093 81 19 blessés

1139 2120 71 24 parmi
1232 2119 31 20 los
1284 2123 68 18 rangs
1371 2119 39 19 des
1429 2118 166 19 manifestants.
1613 2118 32 18 Dc

1140 2144 120 20 nombreux
1271 2143 104 24 gourdins
1387 2142 38 20 ont
1436 2142 36 20 été
1480 2141 72 20 saisis.

1792 220 429 77 VENTES
2302 228 205 69 PAR
2592 226 545 71 NOTAIRES

3287 235 163 32 PETITES
3470 233 218 30 ANNONCES

1672 326 58 15 Etude
1745 328 25 13 au
1785 326 72 15 notaire
1872 324 124 18 DELPORTE,
2011 324 11 15 à
2037 325 97 20 Bruxelles,

1760 344 25 16 30.
1799 344 53 15 Place
1865 344 25 14 du
1903 341 147 19 Grand-Sablon.

1673 383 23 15 Le
1714 383 71 15 notaire
1803 380 118 17 DELPORTE
1938 379 68 16 vendra
2023 381 134 18 publiquement

1653 405 24 12 en
1694 401 18 15 la
1731 401 45 15 salle
1793 401 33 15 des
1844 401 63 14 ventes
1925 401 34 15 par
1976 399 86 19 notaires.
2080 401 26 16 23.
2125 404 31 12 rue

1653 421 24 15 du
1690 420 54 16 Noid.
1759 423 11 11 a
1784 419 98 16 Bruxelles.

1674 439 90 16 Mercredi
1777 440 10 14 3
1800 439 37 15 mal
1851 438 45 16 1933.
1910 436 11 15 à
1934 436 10 15 3
1957 436 64 16 heures
2033 437 20 16 20
2066 441 6 13 :

1815 463 46 15 Ville
1874 463 21 14 de
1909 461 92 16 Bru-telle»

1654 491 38 29 Lot
1710 491 22 29 1.
1748 507 32 6 -
1797 489 50 30 UNE
1864 486 96 32 MAISON
1976 485 32 31 DE
2024 487 137 31 COMMERCE

1805 530 31 30 ET
1849 529 32 30 DE
1894 526 118 32 RAPPORT

1655 570 58 17 rltuée
1728 575 32 12 rue
1774 572 32 15 des
1818 570 62 17 Radis,
1894 568 26 18 21,
1935 568 11 15 à
1961 568 46 16 deux
2022 569 66 19 t5tnges,
2103 572 56 17 ayant

1655 594 36 12 une
1707 591 63 15 façade
1786 591 22 15 de
1823 591 11 15 9
1846 591 67 14 nuircs
1929 588 19 15 10
1962 589 115 16 centimètres
2091 593 18 13 et
2124 594 35 11 une

1655 611 113 14 contenance
1779 610 22 15 dc
1815 611 6 14 1
1834 613 31 11 arc
1877 609 20 14 20
1908 606 91 17 centiares
2009 608 20 16 *)5
2040 609 119 17 dlximliliars.

1656 629 43 17 Eau,
1711 632 39 15 gaz.
1763 628 105 16 elcclrlcité.

1953 645 64 17 Portfe
2033 647 11 15 k
2062 648 56 16 60.000
2137 649 22 15 fr.

1669 674 39 30 lot
1723 675 23 29 2.
1760 692 33 5 -
1807 674 50 30 UNE
1869 671 95 31 MAISON
1981 671 32 30 DE
2026 673 119 29 RAPPORT

1656 716 57 15 située
1725 719 32 12 rue
1767 716 32 15 des
1809 716 72 14 Navet:-,
1893 713 25 15 -6.
1929 716 11 10 u
1951 714 64 14 f-uatre
2026 713 66 19 Étages,
2104 717 55 15 ayant

1657 738 36 11 une
1704 735 63 17 façade
1778 735 22 15 du
1812 735 10 14 5
1832 736 66 13 metres
1910 733 18 14 21
1941 732 115 16 cintimetrcs
2066 736 18 13 et
2095 736 53 13 conte-

1657 755 46 14 nant
1717 753 73 19 d'après
1803 755 94 15 nu--,uragc
1910 751 20 15 88
1944 751 91 16 centiares
2054 752 38 17 Eau
2106 753 22 16 de
2142 753 18 16 la

1657 773 40 15 ville
1711 775 18 13 et
1743 777 39 15 gaz.

1959 789 63 17 Portée
2038 791 11 15 k
2065 792 57 16 50.000
2138 793 22 15 fr.

1677 812 39 15 Une
1733 812 60 18 paille
1810 812 24 14 du
1851 809 158 17 rez-de-enaussée
2024 810 24 16 du
2065 811 26 15 lot
2108 812 8 15 I
2132 814 28 13 est

1657 830 45 16 libre
1717 831 133 18 d'occupation,
1868 830 16 15 'e
1903 829 70 15 restant
1989 830 28 14 est
2034 830 66 18 occupé
2117 834 44 12 sans

1657 850 37 15 bail
1710 853 34 15 par
1759 851 60 14 divers
1835 852 18 13 ct
1869 853 11 11 a
1895 848 19 16 la
1928 847 86 16 semaine.
2029 849 82 19 Rapport
2126 853 25 12 an-

1657 869 44 15 nuel
1715 872 5 12 :
1736 869 57 17 15.7Û5
1808 870 68 14 francs.

1679 888 23 15 Lo
1715 889 65 15 second
1793 889 24 14 lot
1831 889 27 15 est
1872 889 66 15 occupe
1950 889 44 12 sans
2006 886 37 16 bail
2055 891 34 15 par
2102 889 59 15 divers

1658 908 18 14 et
1691 910 23 12 au
1728 909 50 15 mois.
1794 908 80 17 Ilar.port
1889 905 66 16 annuel
1971 908 5 12 :
1991 906 55 16 11.700
2060 907 68 18 frajics.

1679 927 66 15 Visites
1763 930 6 13 :
1784 927 74 17 Lundi--,
1874 925 60 20 Jeudis
1950 926 20 14 et
1985 926 84 19 samedis,
2085 927 22 16 de
2124 929 9 14 2
2151 928 10 15 à

1658 946 10 14 4
1682 945 71 17 heures.

1678 984 59 16 Lundi
1749 985 9 14 8
1771 985 37 15 mal
1821 985 45 15 1933.

1781 1010 99 15 Commune
1890 1008 21 15 de
1923 1006 118 18 Falnt-Gllles

1745 1035 50 29 UNE
1808 1034 95 30 MAISON
1915 1032 31 29 DE
1959 1031 118 33 RAPPORT

1660 1075 58 16 située
1734 1079 31 12 rue
1781 1076 57 15 Henri
1854 1074 113 16 Wafelaerls.
1984 1073 20 16 48
2019 1076 18 14 et
2053 1075 37 18 48a.
2107 1076 56 18 ayant

1661 1098 35 12 une
1709 1095 65 17 façade
1787 1095 21 15 de
1821 1096 10 14 6
1844 1094 66 16 mètres
1921 1094 18 13 et
1951 1093 99 16 contenant
2063 1095 20 15 B2
2094 1096 60 14 centia-

1660 1117 29 11 res
1702 1114 20 15 05
1734 1114 133 16 dlx-milliares,
1880 1116 11 12 a
1904 1112 44 15 trois
1961 1110 66 20 étages,
2040 1116 66 16 garage
2119 1118 45 15 pour

1661 1133 47 14 deux
1728 1133 84 17 voitures,
1833 1133 16 15 le
1870 1135 37 12 rc7.-
1909 1130 118 16 de-chaussée
2046 1135 43 15 peut
2108 1134 57 15 servir

1661 1152 22 15 de
1697 1152 84 17 magasin
1794 1152 22 15 de
1829 1155 47 15 gros.
1890 1151 42 15 Eau.
1947 1152 38 15 gaz.
1998 1150 104 18 électricité.

1682 1171 113 18 Occupation
1817 1174 5 13 :
1842 1169 164 17 Iîez-de-chausséc
2025 1172 19 14 ct
2065 1172 28 15 1er
2113 1172 51 18 étage

1661 1190 55 15 libres

1683 1209 20 15 2e
1717 1209 51 18 étage
1782 1209 67 19 occupé
1862 1213 43 12 sans
1917 1207 36 16 bail
1968 1210 6 13 :
1987 1208 30 16 400
2031 1209 22 15 fr.
2066 1213 34 15 par
2113 1211 51 15 mois.

1683 1228 20 15 3o
1717 1228 52 18 étage
1783 1229 66 18 occupé
1862 1232 43 12 sans
1918 1226 36 16 bail
1970 1229 5 13 :
1989 1227 31 16 400
2031 1228 23 16 fr.
2068 1232 34 15 par
2112 1230 52 15 mois.

1683 1247 67 15 Visites
1768 1251 5 12 :
1790 1248 74 19 Mardis,
1881 1246 59 20 Jeudis
1956 1246 19 15 et
1991 1247 83 19 samedis,
2090 1249 22 15 dc
2129 1250 9 14 2
2155 1252 11 12 a

1664 1266 9 15 5
1689 1266 72 16 heures.

2217 330 57 16 Etude
2290 330 24 15 du
2329 330 71 15 notaire
2417 330 98 16 Dl'PONT,
2533 330 11 15 k
2558 328 93 17 Bruxelles

2291 352 34 13 rue
2342 348 175 18 Fossé-aux-Loups,
2534 349 22 15 45

2205 386 15 16 I.
2235 395 22 5 —
2272 387 23 16 L-;
2308 389 28 13 mt
2351 387 72 16 notaire
2440 386 87 19 adjugera
2541 386 66 16 définit
2609 387 80 15 ivemene

2184 406 16 15 le
2216 406 50 16 lundi
2281 407 10 14 8
2306 407 36 14 mal
2359 407 46 16 l'J3»l.
2418 407 11 14 i
2444 406 10 15 3
2470 406 65 15 heures
2547 406 23 16 dc
2584 406 68 15 relevée
2666 409 23 12 au

2184 425 41 16 café
2242 430 9 9 «
2272 426 15 15 A
2307 425 66 16 l'Arrêt
2389 425 25 15 du
2433 425 56 16 Tram
2510 430 16 14 »,
2544 425 11 15 à
2573 424 116 17 Anderlecht.

2184 444 87 16 chaussée
2285 445 22 16 de
2324 445 58 16 Mons,
2399 445 37 15 829.

2205 470 98 15 Commune
2319 470 22 15 dc
2357 469 167 19 Lembecq-lei-IIal
2542 469 121 16 'Hondzochtl

2181 499 60 47 Une
2263 500 82 46 celle
2367 499 30 47 et
2414 499 91 47 uasie
2527 498 162 52 propriété

2245 558 15 15 A
2283 557 73 17 D8AGE
2378 558 30 15 DE
2426 558 124 15 BRASSERIE
2572 557 58 16 AVEC

2321 583 87 15 MAISON
2424 583 29 15 DE
2467 583 87 15 MAITRE

2186 608 35 15 sise
2239 607 22 17 rh
2263 611 42 13 ■nm
2306 607 19 18 (m
2344 608 105 18 d'Engh.en,
2469 611 18 13 n,
2508 608 36 17 238.
2564 608 102 16 contenant
2683 609 7 14 I

2187 628 27 14 lia
2228 628 19 14 44
2261 632 9 11 a
2289 627 20 15 55
2321 631 21 12 ca
2350 639 5 5 .
2368 627 66 16 dlv.se>*
2446 631 22 11 en
2484 628 18 15 18
2514 627 37 15 lo*-s
2561 627 45 15 dant
2619 627 26 15 les
2655 627 36 16 lots

2188 649 7 14 I
2209 647 11 14 i
2234 647 15 17 5,
2264 647 18 15 12
2295 650 10 11 a
2319 647 18 15 18
2348 650 11 11 a
2373 650 75 15 paumer
2459 646 90 16 ensemble
2563 647 10 14 à
2588 646 67 16 205.000
2667 646 23 15 lr.

2186 668 19 12 ct
2220 666 27 15 les
2261 665 35 16 lois
2310 666 10 15 C
2335 666 10 14 fi
2362 666 17 14 11
2394 665 74 19 paumés
2484 666 11 15 à
2511 666 57 15 17.300
2581 665 23 16 fr.

2200 685 120 18 L'acquéreur
2334 685 22 14 de
2371 685 19 15 la
2404 685 89 14 brasserie
2518 688 46 12 aura
2588 684 18 16 la
2622 684 69 14 faculté

2187 704 22 15 de
2223 704 96 18 reprrr.drc
2331 706 17 13 t.
2352 706 19 13 ut
2385 704 17 16 le
2415 704 83 15 matériel
2511 704 95 16 industriel
2620 705 31 17 qui
2664 705 27 17 s'y

2187 724 69 14 trouve.

2207 743 137 15 JOUISSANCE
2358 743 136 15 IMMBDLATE.

2206 762 67 15 Visites
2288 762 26 15 le.-,
2333 761 66 19 lundis,
2415 762 98 16 mercredis
2529 763 19 15 et
2565 762 84 18 samedis,
2668 762 22 15 dc

2188 781 18 15 10
2223 780 63 18 heures
2303 784 11 12 a
2331 781 50 15 midi.

2208 800 161 16 Renselirncmeuts
2390 800 19 16 et
2428 800 79 16 affiches
2528 803 45 13 avec
2595 800 43 18 plan
2668 804 23 12 en

2186 819 73 17 li-.rlc.

2207 857 16 15 î.
2236 866 20 3 —
2270 857 24 15 Le
2308 857 27 16 dit
2349 857 72 16 notaire
2435 857 93 15 DUPONT
2541 857 87 18 r.djuffera
2644 857 37 16 défi-

2188 877 106 14 nitivement
2309 880 22 11 en
2347 877 18 15 la
2380 876 45 15 salle
2442 876 31 16 des
2486 877 63 14 ventes
2565 880 33 14 par
2611 878 81 14 notaires

2187 896 11 14 à
2214 895 98 17 Bruxelles,
2327 899 31 12 rue
2373 896 25 15 du
2414 895 53 17 Nord.
2482 896 26 18 23,
2523 895 17 16 lc
2556 896 59 15 mardi
2631 897 10 15 9
2655 897 36 14 mal

2189 915 45 16 1933,
2247 915 11 15 à
2273 915 9 15 4
2295 914 65 16 heures
2375 915 22 15 dc
2412 914 74 16 relevée.

2347 941 99 14 Commune
2462 940 71 15 d'Uccle

2274 969 41 47 un
2334 968 122 47 terrain
2479 968 18 47 à
2518 969 82 46 Pâtir

2386 1026 147 18 Paepenkaiteel,
2547 1027 65 18 façade
2625 1028 19 15 10
2655 1026 37 17 mè-

2384 1049 40 12 ares
2438 1046 21 15 94
2472 1046 91 16 centiares
2576 1047 21 15 40
2610 1046 48 15 dma.

2491 1064 67 16 Paumî
2573 1069 10 11 a
2598 1065 57 16 30.OC0
2670 1066 23 15 fr.

2209 1084 68 15 LTBRE
2293 1084 172 15 D'OCCUPATION.

2210 1103 161 18 Renseignements
2394 1104 19 15 et
2435 1103 79 17 affiches
2537 1106 44 13 avec
2604 1103 45 18 plan
2671 1107 23 12 en

2190 1122 72 16 l'étude.

149 4442 193 24 ■52^-fc^*~!*2I^
343 4447 8 8 ,
350 4447 14 19 L
360 4447 7 10 :
366 4447 60 19 IjfflI£

356 4518 193 50 L'enTIGGRS

375 4581 160 49 LEFEBIM

373 5060 93 14 amateurs
477 5060 17 12 et
508 5058 74 15 artistes

361 5080 75 15 AVANT
452 5079 127 16 D'ACHETER

341 5102 77 17 demand
435 5105 38 12 mes
484 5101 104 17 cataloguer

342 5127 124 16 BATTERIES
482 5126 29 15 DE

453 5145 54 16 JAZZ
518 5145 61 15 BAND

365 5170 90 16 nickelées
469 5170 29 14 1er
509 5169 59 15 choix,

300 5200 45 12 enne
359 5197 18 14 et
389 5195 19 16 la
423 5193 72 17 MOINS
508 5193 75 15 CHERE

313 5221 105 16 VOLONTE
432 5219 32 16 DU
477 5218 79 15 CLIENT

334 5247 49 14 r;-7l
401 5249 32 11 rue
445 5244 81 15 Gustave
540 5244 48 17 BoÉl,

334 5266 28 14 LA
372 5263 114 17 LOUVIERE
500 5263 89 18 (.Station*

192 5284 148 21 •EXPEDITIONS
352 5286 108 19 PARTOUT
527 5286 64 19 (D1345

800 4322 36 25 LE
860 4321 74 27 GALA

574 4364 25 34 Il
607 4370 57 29 DES
690 4371 155 27 INVALIDES
876 4372 36 25 DE
941 4372 35 26 LA
1000 4372 120 27 GUERRE

595 4434 4 30 |
633 4436 121 23 Organisée
770 4441 29 15 en
815 4437 49 22 gala
879 4441 42 19 par
936 4446 3 7 «
952 4437 41 20 Les
1007 4438 113 19 Invalides

595 4468 3 13 ;
609 4462 136 22 Prévoyants
757 4470 4 6 •
779 4462 23 18 et
820 4465 41 18 par
896 4462 104 19 L'Œuvre
1018 4463 39 19 des
1073 4462 46 19 Au-

595 4480 4 26 !
609 4485 115 21 tomobi'es
739 4489 55 19 pour
808 4484 112 20 Invalides
932 4485 27 20 dc
974 4486 85 19 Guerre
1068 4495 17 14 »,
1097 4486 22 19 la

609 4510 82 23 reprise
710 4509 27 19 de
756 4515 9 10 ■
773 4508 123 22 Véronique
909 4517 4 7 •
933 4513 13 14 a
963 4509 82 19 obtenu
1065 4514 42 15 ven-

610 4534 62 20 dredi
683 4533 47 20 soir
742 4536 30 16 au
783 4532 97 19 Théâtre
893 4532 27 19 dc
933 4532 144 22 l'Alhambra.
1089 4538 30 15 un

609 4558 40 24 joli
658 4556 83 21 succès.

634 4586 203 24 L'opéra-comique
851 4585 26 20 de
889 4586 49 19 Van
949 4586 46 19 Loo
1006 4588 22 18 et
1041 4586 78 23 Duval.

608 4612 101 22 musique
721 4611 27 19 de
760 4609 74 20 André
846 4610 118 21 Messager,
975 4610 35 19 fut
1019 4615 31 14 cn
1061 4610 58 21 effet

610 4634 122 24 interprété
755 4638 52 15 avec
831 4634 113 22 beaucoup
963 4633 94 20 d'allant
1079 4638 42 19 par

610 4664 44 16 une
667 4661 79 20 troupe
761 4656 122 23 homogène
899 4661 41 18 que
957 4657 110 19 corsaient
1082 4657 39 19 des

611 4693 7 8 ■
628 4684 94 19 Flowers
736 4681 60 20 Girls
808 4689 4 7 ■
829 4681 123 23 gracieuses
961 4684 24 17 et
996 4680 82 23 stylées

634 4715 49 19 Une
700 4712 121 20 assistance
836 4710 101 22 élégante
954 4710 22 18 ct
989 4710 130 19 nombreuse

609 4743 28 15 ne
654 4736 107 24 ménagea
777 4735 63 24 point
854 4738 36 15 ses
905 4733 214 23 applaudissements

610 4767 44 15 aux
669 4761 90 19 artistes
774 4761 23 17 ct
810 4762 43 16 aux
868 4757 124 20 ballerines.

636 4787 63 18 Dans
712 4785 22 19 la
745 4783 55 20 salle
811 4787 29 15 on
853 4781 72 20 notait
940 4785 6 15 :

635 4817 31 19 M.
682 4815 21 20 le
720 4812 150 24 bourgmestre
886 4811 62 20 Max;
967 4811 60 19 Mme
1043 4810 21 20 la
1079 4811 28 20 ba-

610 4844 69 16 ronne
698 4837 138 21 Lemonnier.
854 4834 125 24 présidente
997 4834 123 21 d'honneur

611 4865 38 20 d"s
665 4862 113 21 Invalides
794 4859 144 22 Prévoyants;
957 4859 60 18 Mme
1033 4859 85 19 Meeus;

611 4890 60 19 Mme
691 4887 23 19 la
738 4883 102 26 générale
865 4882 98 23 Collyns;
986 4881 20 19 le
1029 4880 90 24 général

611 4913 96 19 Deisser*
733 4910 60 19 Mme
816 4905 103 22 Bruneel.
943 4904 125 24 présidente
1093 4904 27 20 dc

611 4936 89 20 l'Union
713 4935 39 19 des
764 4932 73 20 Mères
848 4932 25 18 ot
885 4930 85 19 Veuves
983 4929 27 19 de
1024 4929 94 22 Guerre;

611 4961 49 19 MM
678 4958 84 23 Bettig:
776 4957 15 19 't
803 4956 134 19 Scrstcvcns.
951 4952 85 21 Villers,
1048 4951 60 20 secré-

612 4975 56 29 taire
684 4983 38 19 des
740 4977 93 24 "Œuvres
852 4978 27 20 de
897 4977 22 19 la
939 4975 75 22 Reine,
1034 4974 86 24 Solvay,

611 5010 141 17 Cnoremans.
772 5002 117 22 Louwette.
909 5000 99 21 Courtin.
1027 5000 93 21 Mcstag.

611 5032 83 20 Marcel
708 5029 102 22 Antoine,
824 5027 20 19 le
859 5025 84 21 colonel
957 5023 110 22 Gilliams,
1079 5023 41 19 etc.

636 5061 41 22 Ues
687 5059 91 22 comités
789 5059 38 19 des
839 5057 57 19 deux
909 5058 85 16 ceuvres
1005 5052 101 23 organisa-

612 5088 65 19 trices
699 5084 87 21 étaient
809 5077 138 27 représentés
966 5081 41 19 par
1034 5081 5 15 :
1064 5076 55 19 MM.

612 5109 118 22 Corthacls
752 5108 24 18 et
799 5104 89 22 Michel.
913 5107 38 19 P™
951 5106 19 15 51
972 5100 53 36 ^"}
1025 5104 11 15 8
1039 5115 4 6 '
1067 5099 52 20 MUc

611 5135 107 19 Janssens
740 5132 56 19 MM.
811 5127 102 23 Cathala,
929 5125 104 21 Moussct,
1047 5124 73 19 Stern.

612 5156 152 23 Coeckelberg,
787 5155 118 19 Damman.
927 5148 86 21 Bâillon
1039 5148 80 18 Provis,

612 5181 102 23 Dricghc,
737 5177 124 22 Commun!.
884 5174 110 22 Bnchart,
1012 5170 108 23 Lcgeaite,

613 5206 113 22 Hartjcns.
738 5203 109 20 Materne,
860 5199 76 20 Pcten.

637 5234 125 21 Excellente
777 5230 69 22 soirée
862 5228 114 22 artistique
992 5225 22 20 et
1031 5223 77 24 philan-

614 5258 115 23 thropique
741 5257 14 19 à
768 5255 70 20 l'actif
853 5254 26 19 de
891 5252 88 19 l'œuvre
993 5249 20 20 si
1027 5247 81 21 intéres-

613 5282 64 20 sante
689 5281 38 20 des
736 5279 112 21 Invalides
858 5277 27 20 de
896 5276 23 21 la
929 5276 84 23 guerre.
1022 5281 26 6 —
1057 5275 30 16 -a»

1195 2209 152 37 CONSEIL
1370 2207 213 38 COMMUNAL

1320 2285 148 16 SCHAERBEEK

1160 2312 69 16 Séance
1243 2311 24 16 du
1282 2311 20 15 28
1317 2310 53 16 avril.

1160 2332 25 15 La
1198 2331 65 17 séance
1276 2332 27 13 est
1317 2330 74 15 ouverte
1403 2329 11 15 k
1428 2329 10 16 9
1450 2328 19 16 h.
1482 2332 34 15 par
1529 2329 25 15 M.
1567 2328 80 16 Fischer,

1138 2351 82 17 CChcrin.
1232 2350 114 18 remplaçant
1357 2349 17 15 le
1383 2349 125 18 bourgmestre
1518 2347 75 19 jénêral
1603 2347 46 15 Mci-

1138 2374 36 13 scr,
1188 2370 92 18 empêché.

1159 2390 24 15 Le
1200 2389 72 16 Conseil
1287 2388 48 16 émet
1351 2391 26 12 un
1394 2388 39 15 avis
1450 2387 92 16 favorable
1559 2390 23 12 au
1599 2386 49 18 sujet

1139 2409 24 16 du
1180 2408 138 19 prolongement
1337 2408 86 18 jusqu'au
1442 2406 96 16 carrefour
1556 2406 32 15 des
1607 2408 42 12 rues

1139 2429 15 14 J.
1172 2427 83 17 Wauters
1270 2430 17 12 et
1303 2427 24 15 dn
1343 2427 65 15 Tilleul
1422 2426 23 16 de
1461 2426 18 16 la
1492 2426 48 17 Hune
1555 2425 52 18 place
1622 2425 24 14 du

1139 2446 211 19 Bcguinase-Clmetiérc
1365 2446 23 15 de
1403 2445 114 16 Schaerbeek
1533 2446 18 14 ct
1568 2444 48 15 émet
1633 2444 16 15 le

1139 2470 40 12 vœu
1197 2470 34 14 que
1248 2466 16 15 le
1282 2466 145 15 rebroussement
1444 2464 57 19 prévu
1517 2467 24 13 au
1558 2463 90 16 terminus

1139 2487 35 14 soit
1190 2485 91 18 remplacé
1296 2488 34 15 par
1344 2488 37 11 une
1395 2484 69 15 boucle.

1160 2505 25 15 La
1200 2505 89 15 demande
1305 2504 24 15 du
1343 2504 21 15 T.
1378 2503 20 16 B.
1413 2503 114 18 d'organiser
1541 2506 25 12 un
1581 2502 68 16 service

1139 2524 97 16 d'autobus
1248 2526 52 13 entr,-
1311 2523 93 15 Bruxelles
1415 2525 20 13 et
1446 2523 84 15 Vilvorde
1541 2522 61 15 donne
1613 2521 36 16 lieu

1139 2544 9 15 û
1164 2546 92 13 certaines
1269 2542 126 17 observations
1408 2542 23 15 de
1444 2541 61 16 divers
1518 2541 110 16 conseillers.

1160 2563 24 15 M.
1196 2562 74 16 Fitelier
1281 2562 72 15 déclare
1364 2565 34 15 que
1408 2565 30 11 ces
1449 2561 126 15 observations
1587 2561 62 15 seront

1140 2581 107 17 transmlsM
1263 2583 11 15 â
1289 2581 18 16 la
1322 2581 68 16 société
1405 2581 24 15 du
1444 2581 21 15 T.
1479 2581 20 14 B.

1160 2602 23 14 Le
1205 2601 72 15 Conseil
1298 2600 75 18 expédie
1394 2600 72 15 ensuite
1487 2600 81 15 certains
1590 2599 59 18 objets

1139 2620 71 16 d'ordre
1225 2619 141 17 -administratif.

1159 2640 29 15 On
1203 2642 53 16 passe
1270 2639 10 16 k
1296 2639 17 15 la
1328 2638 102 16 discussion
1444 2638 25 16 du
1482 2638 101 18 règlement
1597 2638 52 15 taxes

1139 2662 32 12 sur
1188 2659 27 15 les
1232 2653 84 22 bÂ-tlsses.
1334 2658 85 16 clôtures,
1438 2657 103 19 tranchées,
1559 2657 90 18 trottoirs,

1139 2678 87 15 bordures
1240 2677 23 15 de
1278 2678 85 14 trottoirs
1376 2679 18 13 et
1409 2677 76 18 loggias.

1159 2696 24 17 Ce
1199 2699 82 14 nouveau
1297 2696 98 18 ressèment
1411 2700 11 11 a
1437 2699 46 15 pour
1497 2696 50 18 objet
1560 2696 22 15 de
1597 2696 52 15 taxer

1138 2716 130 18 spécialement
1285 2715 26 16 les
1328 2714 106 17 immeubles
1450 2715 11 14 à
1478 2716 63 16 ctas«v»
1557 2715 92 18 multiples

1138 2737 20 14 et
1174 2735 74 15 suivant
1266 2738 37 12 une
1318 2735 108 17 proportion
1442 2729 113 23 progressive
1573 2737 43 12 avec
1633 2734 16 15 le

1139 2755 74 15 nombre
1227 2753 87 19 d'étages.

1159 2773 16 15 Il
1186 2776 41 14 sera
1239 2772 101 19 applicable
1352 2772 11 15 à
1374 2773 60 18 partir
1444 2773 25 15 du
1481 2773 29 15 ler
1519 2772 73 19 janvier
1604 2772 45 16 1933.

1158 2793 25 15 Le
1199 2792 72 17 Conseil
1288 2794 42 13 vote
1346 2793 72 14 ensuite
1435 2792 18 15 la
1469 2792 119 18 prorogation
1604 2795 46 15 pour

1138 2812 10 16 3
1165 2815 35 12 ans
1216 2812 25 15 du
1255 2812 37 15 bail
1309 2812 22 14 de
1348 2811 81 15 location
1444 2811 24 15 du
1485 2811 61 15 chalet
1563 2812 24 14 du
1603 2814 44 14 parc

1138 2831 96 19 Josaphat,
1250 2831 48 15 ainM
1313 2834 34 14 que
1362 2830 136 16 l'autorisation
1512 2831 23 15 dc
1548 2830 63 18 placer
1624 2834 25 11 un

1138 2850 83 19 appareil
1239 2850 23 15 de
1279 2850 88 19 publicité
1385 2850 11 16 â
1413 2850 103 16 l'in'.cricur
1533 2850 32 15 des
1583 2850 67 15 fiacres

1139 2870 125 16 automobiles.

1159 2890 26 15 La»
1197 2889 84 16 création
1296 2889 22 16 de
1332 2889 54 15 bains
1401 2889 67 16 mixtes
1482 2889 28 16 est
1525 2889 77 18 adoptée
1615 2892 34 15 par

1140 2909 19 15 18
1171 2909 41 15 voix*
1223 2911 64 13 contre
1300 2909 18 15 12
1330 2910 18 14 et
1360 2909 10 15 2
1382 2909 121 15 abstentions.

1159 2929 23 15 Le
1198 2928 72 16 Con.-*cil
1285 2930 41 13 vote
1341 2927 71 17 enstUlc
1428 2931 36 12 une
1478 2930 42 14 taxe
1536 2931 32 13 sur
1582 2928 67 15 l'occu-

1138 2949 65 17 pa'ion
1215 2948 111 18 temporaire
1337 2948 22 14 de
1371 2948 17 15 la
1399 2947 62 16 voirie.

1160 2968 52 15 Cette
1232 2970 43 12 taxe
1292 2969 27 13 est
1340 2966 52 17 votée
1411 2967 70 18 cauche
1500 2965 64 21 cfrtre
1582 2967 65 16 droite.

1159 2987 24 15 Le
1197 2986 154 16 renouvellement
1364 2986 22 15 de
1399 2986 19 16 la
1432 2988 42 13 taxe
1488 2990 32 12 sur
1532 2986 27 16 les
1572 2986 67 18 généra-

1140 3007 50 14 teurs
1207 3006 23 15 de
1246 3009 69 15 vapeur
1333 3007 18 14 ct
1370 3007 64 14 autres
1452 3008 81 14 moteurs
1551 3008 28 14 est
1597 3006 51 16 votée

1139 3026 47 15 dans
1200 3025 26 15 les
1239 3024 69 17 mêmes
1321 3025 110 16 conditions.

1159 3045 25 15 31.
1198 3044 40 17 Van
1251 3045 58 17 Camp
1326 3045 57 15 «.clcr.-
1400 3044 83 17 s'étonne
1495 3045 22 16 de
1530 3044 54 16 l'avis
1597 3045 43 16 défa-

1139 3064 73 16 vorable
1225 3064 45 16 émis
1282 3067 36 15 par
1329 3064 16 15 le
1357 3064 71 18 Collège
1441 3068 24 12 au
1477 3065 49 17 sujet
1539 3065 22 15 de
1573 3065 18 15 la
1604 3068 34 12 con-

1140 3084 90 15 struction
1253 3084 56 15 d'une
1333 3083 82 16 nouvelle
1440 3084 81 18 paroisse
1545 3084 104 15 succursale

1139 3103 47 16 dans
1198 3103 17 16 le
1226 3104 83 17 quartier
1319 3103 25 15 du
1355 3103 32 15 Tir
1399 3103 92 16 National.

1160 3122 29 17 Un
1203 3122 80 17 échange
1298 3122 22 15 de
1335 3126 33 11 vue
1382 3123 71 17 parfois
1465 3123 109 18 aigre-doux
1588 3127 11 11 a
1613 3123 35 15 Heu

1139 3141 10 15 â
1161 3145 20 12 ce
1192 3142 48 17 sujet
1251 3143 52 14 entre
1314 3142 25 15 .M.
1350 3142 103 15 Stcvclinek
1467 3142 46 17 -lib.)
1527 3144 18 14 et
1555 3142 25 16 BL
1590 3142 59 16 Ficul-

1140 3161 36 15 llen
1191 3160 67 19 (clér.).

1160 3181 60 15 L'avis
1240 3180 117 17 défavorable
1378 3181 27 16 est
1424 3180 41 17 voté
1485 3180 80 18 cauches
1584 3182 64 15 contra

1139 3200 65 16 droite.

1161 3219 24 16 M.
1206 3219 62 16 Souris
1290 3220 46 15 illb..
1358 3220 97 19 développe
1473 3220 72 16 ensuite
1563 3224 26 12 un
1608 3224 40 12 vœu

1140 3239 76 15 tendant
1233 3243 11 11 .a
1260 3239 39 16 voir
1314 3239 77 16 rétablir
1404 3239 19 16 la
1436 3240 110 20 circulation
1560 3240 48 16 dans
1622 3240 26 16 les

1139 3258 47 16 deux
1200 3262 43 12 sens
1258 3262 32 12 rue
1305 3259 22 15 de
1341 3259 89 15 Brabant.

1161 3278 15 15 II
1191 3278 63 18 rrpi-ie
1270 3282 34 14 que
1321 3278 17 15 la
1356 3278 153 16 transformation
1525 3278 23 16 de
1563 3279 19 16 la
1596 3278 52 19 place

1140 3297 60 16 Liedts
1214 3301 41 11 sera
1269 3297 76 16 réalisée
1359 3301 42 12 sous
1415 3301 41 15 peu.

1161 3317 24 14 M.
1203 3316 73 15 risehrr
1294 3317 84 16 (échevin
1393 3318 33 14 des
1441 3318 86 15 travaux)
1545 3317 27 16 lui
1585 3321 65 15 expose

1140 3335 26 16 les
1177 3336 65 15 motifs
1253 3336 31 18 qui
1296 3337 33 15 ont
1341 3336 36 16 fait
1388 3337 102 16 maintenir
1500 3337 17 16 le
1528 3340 43 13 sens
1582 3338 67 16 uniaue

1140 3355 53 19 après
1208 3355 91 18 plusieurs
1313 3357 91 17 rapports.

1161 3374 24 16 IL
1198 3374 68 16 Wllliat
1282 3374 56 19 illb.),
1351 3379 35 14 p:ir
1399 3376 70 15 motion
1482 3376 78 17 d'ordre,
1574 3376 75 16 deman.

1139 3393 23 16 de
1173 3397 24 12 au
1208 3394 124 18 bourgmestre
1342 3395 22 15 de
1376 3395 66 15 retirer
1452 3395 17 16 le
1480 3395 42 19 plus
1533 3395 27 16 tôt
1572 3396 78 18 possible

1140 3417 33 12 ron
1187 3413 118 16 ordonnance
1320 3414 93 18 imposant
1428 3414 17 15 lc
1460 3416 41 17 port
1517 3415 23 15 de
1554 3415 19 15 la
1588 3418 51 12 muse-

1140 3432 43 16 lière
1201 3435 6 13 :
1223 3432 99 17 Bruxelles.
1336 3433 83 16 St-Josse
1435 3436 18 13 et
1470 3434 110 16 Anderlecht
1596 3435 52 15 n'ont

1140 3455 33 15 pas
1188 3452 40 24 pris
1243 3452 81 15 d'arrêté
1339 3453 98 15 semblable
1453 3455 19 14 ct
1488 3454 56 18 Jette.
1561 3454 53 15 Uccle
1630 3455 18 14 et

1141 3471 104 16 Molenbcel:
1262 3473 32 14 ont
1312 3472 56 15 retiré
1384 3472 17 15 le
1417 3472 45 16 leur.

1161 3490 25 16 M.
1198 3490 74 16 Fischer
1283 3490 83 20 explique
1379 3492 44 18 qu'il
1435 3495 11 13 a
1457 3492 47 16 écrit
1515 3496 25 12 au
1551 3496 99 15 procureur

1140 3509 25 16 du
1182 3510 27 15 roi
1226 3511 19 14 ct
1262 3514 18 12 a.
1297 3508 73 18 d'autre
1386 3512 48 16 part,
1452 3511 58 16 invité
1526 3511 19 16 la
1561 3512 59 18 police
1637 3516 11 12 a

1141 3529 67 16 fermer
1219 3529 27 15 les
1258 3532 51 14 -feux
1322 3530 24 15 Le
1358 3530 125 18 bourgmestre
1494 3532 31 14 n'a
1538 3531 35 16 fait
1586 3532 55 18 qu'ap-

1141 3548 71 19 pliquer
1224 3548 18 16 la
1255 3548 24 16 loi
1291 3550 19 14 et
1323 3553 13 11 a
1348 3548 36 17 fait
1398 3550 40 15 tout
1450 3554 20 12 ce
1483 3550 45 19 qu'il
1541 3554 12 12 a
1565 3554 25 15 pu
1602 3554 46 16 pour

1141 3567 54 17 hdter
1205 3568 17 15 le
1233 3568 66 15 rrtralt
1308 3568 23 15 dc
1342 3572 34 12 son
1386 3568 67 16 arrêté.

1162 3587 24 15 M.
1203 3587 64 15 Itrrms
1285 3588 56 16 icoll.)
1360 3591 20 12 se
1394 3589 59 17 plaint
1469 3589 25 15 du
1510 3590 84 15 mauvais
1609 3590 40 16 état

1140 3606 25 16 du
1177 3609 70 16 pavane
1259 3608 53 14 entre
1324 3607 27 16 les
1363 3608 49 15 voies
1425 3608 24 15 du
1463 3609 49 15 tram
1525 3612 42 13 rues
1579 3609 71 15 Eenens

1153 3627 52 5 ....
1231 3630 8 3 ..

1162 3645 24 14 M.
1204 3646 77 17 Crnmp-f
1301 3646 46 17 ilib)
1367 3649 19 12 se
1403 3646 60 19 plaint
1481 3647 22 15 de
1520 3647 19 16 la
1556 3649 93 15 mauvaise

1141 3664 109 19 disposition
1266 3665 33 15 des
1315 3665 67 16 abords
1397 3666 23 15 de
1437 3666 18 15 la
1471 3670 44 14 gare
1531 3667 23 15 de
1570 3668 70 15 Schaer-

1141 3683 49 17 beek,
1205 3684 129 16 actuellement
1349 3685 117 16 inaccessible
1480 3689 35 14 par
1527 3686 26 16 les
1567 3688 74 15 automo-

1141 3703 75 15 bilistes.

1162 3722 25 15 M.
1204 3722 74 16 Fischer
1292 3724 70 18 promet
1380 3724 118 18 d'examiner,
1514 3726 19 15 et
1549 3725 18 16 la
1584 3726 65 16 séance

1141 3743 29 14 est
1181 3741 49 16 levée
1242 3742 11 15 â
1268 3743 19 15 10
1300 3743 18 15 h.
1332 3742 36 18 1/3.

1684 1304 61 16 Mardi
1757 1306 3 13 !

1185 3802 422 50 MONITEUR

1298 3859 25 17 du
1339 3860 22 15 29
1378 3861 47 15 avril
1442 3861 46 16 1333.

1337 3910 112 16 FINANCES

1161 3935 29 16 ITn
1208 3934 61 17 arrêté
1286 3935 52 18 royal
1355 3939 76 14 proroge
1449 3935 17 16 la
1484 3936 25 16 loi
1527 3936 25 17 du
1569 3937 20 16 10
1606 3938 42 18 Juin

1142 3955 45 15 1928.
1200 3956 136 16 encourageant
1350 3954 18 16 la
1381 3955 127 16 construction
1520 3956 23 15 de
1556 3957 93 15 nouvelles

1141 3974 114 15 habitations
1275 3977 35 15 par
1330 3974 18 15 la
1368 3974 66 15 remise
1455 3975 110 16 temporaire
1586 3976 23 15 de
1629 3976 19 16 la

1142 3994 123 15 -*on:ribu:ion
1277 3993 87 16 foncière.

1258 4018 109 16 AFFAIRES
1381 4018 148 16 ETRANGERES

1161 4043 57 17 Corps
1232 4043 102 15 consulaire
1347 4043 23 15 de
1382 4042 86 16 carrière.
1483 4051 20 4 —
1515 4044 25 15 M.
1552 4044 58 16 Genls
1622 4045 26 18 L.,

1140 4065 28 13 est
1186 4063 72 16 adjoint
1276 4063 160 17 temporairement
1455 4062 11 15 à
1484 4062 165 18 l'administration

1140 4082 82 16 centrale
1237 4082 33 15 des
1283 4082 81 15 Af!..ires
1379 4081 106 17 clran/ières

1161 4101 98 15 Consulats
1275 4100 113 16 honoraires.
1402 4108 23 4 —
1439 4101 25 14 La
1479 4100 98 17 dêmis^'on
1593 4105 11 12 a
1619 4102 29 16 été

1141 4123 87 14 accorde*:
1244 4124 10 11 a
1270 4121 25 15 M.
1310 4119 69 17 Wllson
1394 4120 32 18 W.,
1443 4120 44 15 vice*
1491 4120 63 16 consul
1570 4121 22 15 de
1607 4121 32 15 Bel-

1140 4143 54 14 gique
1209 4140 11 15 â
1236 4139 160 17 O:>laiioma-City.

1162 4159 24 15 M.
1201 4159 81 15 Arnould
1296 4159 25 16 P..
1336 4162 12 12 a
1362 4158 30 16 été
1405 4158 73 16 nommé
1492 4159 65 15 consul
1570 4158 22 16 de
1607 4159 32 16 Bel-

1141 4178 52 19 gique
1207 4182 11 11 a
1232 4178 100 15 Alexina'.z.

1162 4197 98 16 Consulats
1271 4196 96 19 étrangers
1378 4201 22 11 en
1412 4196 91 19 Bel-jiqne.
1514 4204 23 4 —
1547 4197 24 15 M.
1583 4198 66 15 Dresse

1141 4217 25 17 E..
1183 4220 12 12 a
1211 4218 35 16 et?,
1263 4216 90 19 déchargé
1369 4216 23 15 de
1406 4219 30 12 ses
1453 4216 92 15 fonctions
1562 4216 22 16 de
1601 4217 47 15 vice-

1142 4236 62 15 -.onsul
1219 4236 23 16 de
1256 4235 105 16 Danemark
1376 4235 11 15 à
1402 4235 58 15 Lléze.

1162 4255 24 16 M.
1200 4254 108 16 Hernandez
1320 4255 31 16 M.,
1364 4257 12 12 n
1388 4257 42 14 reçu
1443 4254 114 18 l'exequatur
1569 4254 22 15 de
1604 4258 35 12 con-

1141 4274 28 16 sul
1182 4274 22 16 de
1217 4274 18 15 la
1247 4274 111 18 n>publ:qi<e
1371 4273 122 16 dominicaine
1506 4273 11 15 â
1531 4274 74 15 Anvers.

1162 4294 25 15 M.
1202 4293 79 16 Bilinski
1297 4293 40 16 Tll..
1353 4296 11 12 a
1380 4292 50 16 cessé
1446 4293 92 15 d'exercer
1553 4292 27 16 les
1596 4293 43 15 fonc-

1142 4313 49 15 tions
1206 4313 23 15 de
1244 4312 64 16 consul
1323 4312 74 17 j-cnéral
1413 4312 23 15 de
1452 4311 78 18 Pologne
1546 4311 12 15 â
1573 4312 75 15 Anvers.

1162 4332 24 16 Le
1199 4331 84 16 consulat
1296 4331 22 17 de
1332 4331 58 16 Grèce
1402 4330 12 16 â
1426 4331 70 15 Anvers
1509 4334 11 11 a
1534 4330 29 16 été
1576 4331 63 18 suppri-

1141 4354 34 13 me.

1162 4370 98 15 Consulats
1277 4369 96 18 étrangers
1389 4373 24 11 au
1431 4369 61 17 Congo
1508 4369 60 17 Belge.
1584 4376 24 5 —
1623 4370 25 15 M.

1141 4389 54 16 Stvan
1210 4390 27 16 H.,
1252 4393 11 11 a
1277 4392 43 14 reçu
1334 4389 113 17 l'cxequatur
1461 4388 22 15 de
1498 4388 63 15 consul
1575 4388 74 18 général

1141 4409 23 15 do
1177 4408 177 17 Grande-Bretagne
1367 4410 24 13 au
1405 4408 61 17 Congo
1479 4407 57 18 belge.

1163 4429 24 14 M.
1200 4428 60 15 llaart
1272 4428 27 18 N.,
1312 4431 10 11 a
1335 4427 50 15 rc-ré
1396 4427 22 14 de
1430 4426 75 17 remplir
1517 4426 26 15 les
1555 4426 94 16 fonctions

1142 4447 24 15 du
1183 4446 67 17 Consul
1268 4446 22 16 de
1306 4445 19 18 la
1342 4446 105 18 république
1464 4445 156 18 Tchécoslovaque
1637 4449 11 12 a

1142 4466 77 18 T.eopold
1221 4466 46 15 ville.

1349 4490 93 15 JUSTICE

1162 4517 58 15 Ordre
1234 4517 22 15 de
1270 4516 17 16 la
1302 4516 102 15 Couronne.
1417 4522 22 5 —
1450 4515 25 15 M.
1489 4514 160 18 Dubolsdenghlen

1141 4537 26 17 A.,
1183 4539 29 13 es*,
1226 4535 73 17 nommé
1313 4534 97 17 chevalier.

1163 4556 57 14 Ordre
1232 4553 102 19 judiciaire.
1348 4562 20 3 —
1379 4554 46 15 Sont
1437 4552 94 20 acceptées
1543 4553 26 15 les
1582 4553 57 16 démis-

1142 4577 50 13 sions
1206 4578 5 11 :

1163 4595 26 14 De
1205 4594 23 15 M.
1245 4593 61 16 Ncven
1320 4593 26 16 A.,
1362 4592 95 16 cotselller
1473 4591 11 16 à
1499 4591 19 16 la
1534 4592 47 15 Cour
1596 4591 43 19 d'ap-

1142 4613 29 18 pel
1183 4613 23 15 de
1216 4612 59 18 Liège.

1163 4632 26 15 De
1202 4632 24 15 M.
1240 4632 78 17 Sneyers
1331 4631 24 16 E.,
1369 4631 43 18 Juge
1425 4629 104 20 suppléant.

1163 4651 26 15 Ile
1205 4651 24 15 M.
1245 4650 160 18 Duboisdenghien
1421 4650 26 17 A,
1464 4650 42 18 juge
1522 4648 98 20 suppléant
1637 4648 11 16 à

1142 4669 80 16 Seneffe.

1163 4689 26 15 De
1206 4689 24 15 M.
1248 4688 91 16 Teirlinck
1357 4688 25 18 P.,
1400 4688 43 18 Juge
1460 4687 98 19 suppléant
1575 4687 11 15 â
1603 4687 45 16 Loo-

1142 4707 76 18 chnsty.

1162 4726 47 16 Sant
1226 4726 86 16 institués
1329 4730 24 12 au
1370 4726 82 16 tribunal
1469 4726 22 16 de
1509 4729 100 13 commerce
1627 4726 22 15 de

1142 4745 69 16 Namur
1227 4748 6 12 :

1163 4764 50 17 Juge.
1228 4764 24 15 M.
1265 4764 65 16 Fallon
1343 4764 28 18 G.,
1385 4764 43 19 juge
1441 4764 97 19 suppléant
1551 4765 25 15 M.
1591 4764 58 16 Grafé

1142 4782 28 17 H.,
1190 4783 55 18 iflls.».

1164 4802 57 15 Listes
1233 4802 32 16 des
1278 4801 93 19 présentât
1374 4803 39 15 ion.*;
1426 4803 31 15 des
1470 4803 97 15 candidats
1580 4802 10 15 à
1603 4805 35 15 qua-

1143 4822 28 13 tre
1190 4820 61 19 places
1270 4822 23 14 de
1312 4821 96 16 conseiller
1426 4823 88 14 vacantes
1532 4821 12 16 à
1563 4821 18 16 la
1601 4822 48 15 Cour

1142 4839 72 18 d'appel
1227 4840 23 15 de
1264 4839 98 17 Bruxell-».

1164 4859 29 14 Ire
1209 4858 56 18 place.
1281 4866 22 4 —
1317 4859 102 15 Candidats
1434 4859 22 16 dc
1472 4859 18 15 la
1507 4860 48 14 Cour
1571 4859 77 18 d'appel.

1142 4884 21 5 —
1175 4877 80 16 Premier
1269 4881 4 11 :
1287 4878 23 15 M.
1324 4877 93 20 DelvaulX,
1430 4878 22 15 de
1465 4878 85 17 Malines;
1563 4878 70 15 Second
1642 4881 6 13 :

1143 4896 23 16 M.
1183 4896 26 15 De
1226 4896 53 16 Coek.
1296 4896 93 17 d'Anvers,
1406 4905 21 3 —
1443 4897 102 15 Candidats
1563 4897 24 15 du
1604 4900 35 12 con-

1143 4914 32 16 seil
1188 4915 101 18 provincial
1304 4918 5 12 :
1323 4915 26 15 'e-,
1361 4916 72 15 m'-mes.

1163 4933 21 15 2o
1199 4933 56 18 place.
1270 4942 21 3 —
1305 4934 101 15 Cindida;s
1421 4935 22 14 dc
1456 4934 19 15 la
1490 4934 48 15 Cour
1553 4934 71 19 d'appel
1642 4937 6 12 :

1143 4951 80 17 Premier
1243 4955 5 12 :
1268 4952 24 17 Bf.
1312 4952 39 16 Van
1370 4954 32 14 der
1420 4953 66 18 Hcydc,
1506 4953 22 15 de
1547 4953 100 17 Bruxelles;

1142 4971 70 15 Second
1233 4973 5 13 :
1256 4971 25 15 M.
1300 4970 39 17 Van
1358 4971 92 17 Laethem.
1469 4972 23 15 de
1510 4972 98 16 Bruxelles.
1627 4980 22 4 —

1142 4990 102 15 Candidat-,
1258 4990 24 15 du
1295 4989 67 17 conseil
1377 4990 101 18 provincial
1494 4993 5 12 :
1514 4990 26 15 les
1554 4991 73 15 mêmes.

1163 5009 20 15 3e
1198 5008 56 18 place.
1269 5016 22 4 —
1304 5009 102 15 Candidats
1420 5009 22 15 de
1457 5009 17 15 la
1489 5010 49 14 Cour
1552 5009 72 18 d'appel
1642 5012 5 12 :

1143 5028 79 15 Premier
1244 5030 5 12 :
1270 5027 23 15 M.
1315 5027 91 17 Marcoux,
1427 5028 22 14 de
1469 5028 60 16 Mons:
1549 5028 70 15 Scco*hd
1642 5032 5 11 :

1143 5046 23 15 M.
1187 5046 89 15 Vandam.
1297 5046 22 16 de
1340 5046 100 16 Charlcrai.
1459 5054 22 4 —
1501 5047 102 15 Candidats
1623 5047 24 15 du

1142 5065 68 15 conseil
1230 5064 100 19 provincial
1353 5068 4 12 :
1379 5065 79 15 Premier
1479 5068 6 12 :
1506 5065 24 15 M.
1551 5066 52 17 Save,
1625 5066 23 15 de

1143 5084 59 16 Mons;
1217 5084 69 15 Second
1303 5087 3 11 :
1322 5083 23 16 U.
1361 5084 88 15 Vandam.

1163 5103 20 15 te
1198 5102 57 19 place.
1269 5109 21 4 —
1304 5102 102 15 Candidats
1420 5102 22 15 de
1456 5102 18 15 la
1490 5102 48 15 Cour
1552 5103 72 18 d'appel
1641 5106 6 12 :

1143 5122 79 16 Premier
1239 5124 4 12 :
1261 5121 23 15 M.
1300 5121 80 16 Lacroix,
1397 5121 23 14 de
1435 5121 100 16 Bruxelles;
1553 5122 69 15 Second
1641 5125 5 12 :

1143 5141 23 16 M.
1180 5141 26 15 De
1219 5140 111 16 Froidmont.
1344 5139 22 15 dc
1379 5139 82 15 Nivelles.
1475 5147 21 3 —
1508 5140 102 15 Candidats
1623 5140 24 15 du

1142 5159 71 17 Conseil
1226 5158 100 19 provincial
1341 5161 4 11 ;
1359 5158 79 15 Premier
1452 5161 5 12 :
1468 5158 25 15 M.
1505 5158 107 18 Daubrcsse,
1625 5159 22 15 de

1142 5177 99 18 Bruxelles;
1257 5178 23 14 M.
1295 5177 26 15 De
1333 5177 100 14 Froimont.

1163 5196 90 17 Notariat.
1266 5203 21 4 —
1298 5196 46 15 Sont
1356 5195 81 15 nommés
1449 5195 81 15 notaires
1545 5198 5 12 :
1563 5196 15 14 A
1590 5196 56 15 Garn*

1143 5219 86 15 merages,
1246 5215 24 15 M.
1287 5214 72 16 Peeters
1375 5214 25 16 A.,
1418 5214 21 15 de
1455 5214 86 15 Louvain.
1558 5214 14 15 A
1588 5214 59 15 Lessi-

1143 5238 31 13 nea
1197 5235 24 15 M.
1239 5234 78 18 LeJeune
1333 5233 31 15 M.,
1382 5232 22 15 de
1421 5232 107 15 Frameries.
1546 5232 15 15 A
1578 5232 68 15 Herck-

1143 5253 78 17 ln-VUle,
1236 5253 24 15 M.
1275 5252 25 17 Tp-
1315 5250 77 17 Booseré
1405 5250 23 16 J..
1443 5250 22 15 de
1479 5250 90 15 Stevoort.
1583 5251 15 15 A
1612 5251 25 15 Ar-

1143 5273 35 17 ien,
1194 5272 23 16 M.
1232 5271 76 16 Lambin
1322 5270 14 16 F
1337 5280 10 9 u
1361 5269 22 17 dt
1397 5268 45 18 Sûre
1459 5268 77 18 iNlves).

1779 1305 37 16 mal
1830 1305 45 15 19J3.

1823 1330 46 16 Ville
1881 1330 22 15 de
1916 1328 92 17 BruxeUes

1679 1356 44 30 Une
1739 1357 45 29 très
1798 1356 69 30 bonne
1883 1354 108 34 Propriété
2004 1354 148 31 Commerciale

1846 1408 26 19 ou
1885 1397 25 30 de
1921 1401 87 29 rapport

1665 1437 57 16 située
1735 1441 31 12 rue
1777 1438 75 15 Marché
1866 1439 22 14 au
1901 1435 90 17 Charbon.
2004 1437 25 17 62,
2042 1439 126 16 comprenant:

1665 1456 71 16 maison
1747 1457 11 15 à
1769 1458 9 14 2
1790 1458 61 17 étages
1863 1458 9 15 ^
1885 1455 48 17 front
1945 1455 22 15 dc
1977 1458 32 13 rue
2019 1457 18 14 et
2047 1457 91 16 bfttlment
2147 1457 22 16 de

1666 1476 42 15 fond
1720 1476 11 15 .à
1744 1476 10 15 2
1766 1476 68 18 étages,
1847 1475 64 18 ln-.iidc
1924 1474 9 15 b
1945 1473 67 17 mètres
2022 1475 20 16 50
2054 1477 116 15 centimètres

1665 1496 82 16 environ,
1759 1497 101 14 contenant
1872 1496 8 15 1
1893 1497 31 12 r.rc
1935 1493 20 15 32
1967 1494 95 17 centiares.
2075 1496 43 18 Eau,
2130 1499 38 15 gaz,

1665 1514 105 16 électricité.

1685 1534 53 15 Libre
1748 1534 133 19 d'occupation.

1686 1553 67 15 Visites
1771 1557 5 12 :
1790 1554 73 16 Lundis,
1879 1551 97 17 mercredis
1991 1553 19 15 et
2025 1554 83 17 tamedls.
2123 1555 22 15 de
2161 1556 10 14 2

1666 1571 11 16 à
1691 1573 11 14 4
1715 1573 71 15 heures.
2116 1575 55 15 IHG20

1754 1622 58 14 Etude
1825 1622 25 14 du
1864 1620 71 15 notaire
1948 1619 134 19 JACQMOTTE

1708 1640 36 17 308,
1768 1643 69 12 avenue
1859 1638 138 19 d'Auderghem,
2018 1639 102 17 Etterbeek.

1687 1690 23 15 Le
1726 1690 27 15 dit
1769 1690 72 15 notaire
1854 1688 140 18 JACQMOTTE.
2010 1688 10 15 ,\
2035 1689 137 17 l'Intervention

1667 1708 22 16 de
1707 1712 33 12 son
1756 1709 83 15 confrère
1856 1708 66 16 maître
1940 1708 105 17 GEORGES
2062 1709 109 18 FOCQUET.

1667 1728 71 15 •ïotaire
1749 1729 11 15 à
1771 1728 121 15 Romedennt.
1902 1726 88 18 adjugera
2000 1726 146 19 définitivement
2156 1729 16 16 le

1668 1748 59 14 mardi
1743 1747 10 15 9
1769 1748 37 15 mai
1823 1747 45 16 1933.
1883 1750 22 12 en
1921 1746 18 15 ia
1954 1745 45 16 salle
2014 1746 32 16 des
2061 1749 62 14 ventes
2139 1751 34 16 par

1668 1767 86 17 notaires,
1767 1770 32 12 rue
1811 1767 24 15 du
1846 1766 53 16 Nord,
1911 1765 25 15 23.
1949 1765 11 15 à
1972 1766 97 19 Bruxelles,
2081 1767 11 15 k
2104 1768 69 16 l'heure

1668 1786 31 17 qui
1712 1789 41 12 sera
1767 1785 84 18 Indiquée
1865 1788 23 13 au
1902 1784 77 16 bulletin
1990 1785 75 17 officiel.

1808 1811 98 15 Commune
1919 1809 114 16 d'Ettcrbeck

1757 1836 51 30 UNE
1821 1835 96 30 MAISON
1930 1834 33 29 DE
1977 1834 106 32 RENTIER

1669 1876 11 16 à
1692 1877 46 15 deux
1750 1876 61 19 étages
1823 1880 43 12 avec
1879 1875 57 19 grnnd
1948 1875 67 19 jardin,
2028 1877 57 16 située
2096 1881 32 13 rue
2140 1878 32 16 des

1670 1896 78 17 Erables,
1770 1897 25 17 17.
1816 1896 22 15 où
1859 1896 33 15 elle
1912 1894 83 19 présente
2014 1899 35 13 une
2069 1897 63 17 façade
2152 1897 22 15 de

1669 1916 9 14 6
1691 1915 67 16 mètres
1771 1916 20 14 25
1803 1914 116 16 centimètres
1932 1915 19 14 ct
1962 1915 99 16 contenant
2074 1920 23 11 cn
2110 1919 54 16 super-

1669 1935 41 15 ficie
1725 1935 9 15 3
1749 1938 41 11 ares
1803 1935 19 14 22
1837 1934 91 15 centiares
1942 1933 20 16 59
1975 1933 133 18 dlx-mllllarcs.

1690 1953 51 16 Libre
1756 1953 133 19 d'occupation.

1973 1972 64 17 Portée
2048 1973 12 16 à
2073 1973 66 18 130,000
2150 1973 24 18 fr.

1689 1992 67 16 Visites
1769 1995 6 13 :
1785 1993 60 15 Mardi
1857 1991 18 17 et
1886 1991 55 19 jeudi,
1953 1991 22 15 de
1987 1992 19 15 14
2018 1992 11 15 k
2041 1993 19 15 16
2070 1993 71 15 heures.

1689 2011 55 16 Plans
1757 2013 19 14 et
1792 2012 154 17 renseignements
1960 2014 24 12 en
1999 2010 72 18 l'étude.
2110 2012 64 17 (H2-S56

2728 330 67 15 Etudes
2807 330 32 15 des
2851 330 84 16 Notaires
2947 331 139 18 ENGLEBERT.
3097 333 11 14 à
3121 333 14 15 B

2728 352 32 12 rue
2777 349 73 18 Royale.
2871 350 34 17 141.
2924 352 18 13 et
2961 350 64 16 WALR
3026 351 76 17 AVENS,
3121 354 11 13 a

2728 368 50 15 Josse
2780 369 116 18 -ten-Noode.
2915 373 32 12 rue
2966 370 153 17 Verbocekhaven,

3143 378 16 8 .,

3599 301 114 42 1.25

3266 304 115 41 -àmicÙ
3423 323 148 23 LALIGNE

3275 363 107 19 Dix-neuf
3397 362 14 19 à
3426 363 61 21 vinst
3502 362 75 19 lettres
3589 365 28 16 on
3630 361 72 22 signes

2820 413 169 16 ADJUDICATION
3002 414 131 16 DEFINITIVE

2850 432 17 15 le
2882 433 58 14 mardi
2953 434 11 13 'J
2980 433 36 15 mai
3033 434 40 14 1933

2708 460 23 12 en
2742 457 19 15 la
2773 457 44 15 salle
2829 457 31 16 des
2873 457 63 17 ventes
2948 461 33 14 par
2994 459 86 16 notaires,
3094 459 10 15 k
3117 459 91 16 Bruxelles

2709 480 31 12 rue
2757 477 24 15 du
2795 477 54 16 Nord,
2867 477 25 18 23,
2911 480 11 12 a
2939 477 69 15 l'heure
3025 478 32 17 qui
3074 481 40 12 sera
3134 479 79 17 ^.d.qut'-

2709 499 24 12 au
2744 496 80 16 Bulletin
2838 496 70 16 officiel
2921 496 21 16 de
2956 496 18 16 la
2988 497 38 15 dite
3040 496 43 16 salle
3097 497 23 15 de
3135 501 6 12 ;

2863 521 45 15 Ville
2921 522 22 14 de
2956 521 93 15 Bruxelles

2710 569 31 14 Lo*.
2756 569 8 15 I

2787 548 49 28 UNE
2849 547 96 29 MAISON
2960 547 31 29 DE
3005 546 138 30 COMMERCE

2710 588 56 16 située
2779 592 33 12 rue
2824 589 32 15 des
2866 589 109 16 Chartreux,
2989 592 17 11 n.
3021 588 55 17 73-77.
3090 591 11 12 a
3114 589 7 15 i
3129 589 51 17 ar.gle
3195 589 20 16 dc

2709 608 17 15 la
2742 611 32 12 rue
2789 608 123 15 Natrc-Damc
2927 608 24 15 du
2966 608 90 17 Somme;!,
3070 611 23 12 ou
3109 608 33 15 elle
3158 612 11 11 a
3185 609 31 14 des

2710 627 73 17 façades
2803 629 68 15 resoeci
2875 627 37 16 Ives
2931 627 22 15 de
2971 628 10 15 9
3000 631 23 11 m.
3043 627 20 15 60
3083 629 18 13 et
3120 627 10 15 3
3148 631 24 11 m.
3190 628 26 17 80.

2709 649 99 13 contenant
2822 647 18 15 bl
2855 650 28 11 ca.
2897 647 20 15 23
2932 647 30 14 dm
2970 658 5 5 ,
2990 646 50 15 louée
3055 647 84 17 Jusqu'au
3151 647 19 15 31
3185 647 22 15 dé-

2709 666 70 15 cembre
2799 666 40 15 1936
2857 669 23 12 ou
2901 665 45 19 ISS9,
2965 666 11 15 à
2995 666 63 15 raison
3076 666 22 15 dc
3119 666 56 15 15.000
3194 666 16 15 lr

2710 685 37 15 l'an
2763 686 52 15 outre
2831 685 26 15 les
2873 686 73 17 impôts.

2907 705 15 15 A
2937 708 76 15 paumer
3032 704 11 15 à
3064 705 34 16 10*).
3100 705 30 14 000
3150 704 67 16 francs.

2710 753 31 15 Lot
2759 752 9 9 ,
2778 730 51 30 UNE
2848 730 97 29 MAISON
2965 730 33 29 DE
3017 729 138 30 COMMERCE

2711 775 31 12 rue
2757 772 31 15 des
2801 772 126 17 Eperonniers.
2943 771 25 17 53.
2984 772 54 14 d'une
3054 771 64 18 façade
3133 771 21 15 dc
3169 771 10 15 3
3194 775 23 12 m.

2709 791 21 15 45
2746 795 21 12 c.
2784 793 101 13 co.-urnant
2898 791 20 17 2l
2933 794 29 12 ca.
2977 791 21 15 90
3014 791 36 15 dm.
3067 790 50 16 louée
3134 790 83 18 jusqu'au

2715 811 19 14 31
2747 810 59 18 Juillet
2819 811 45 16 1937,
2878 811 11 14 à
2903 810 62 16 raison
2976 810 22 15 tle
3013 810 56 15 12.000
3081 810 23 15 fr.
3117 809 19 16 1'.
3144 813 11 11 n
3170 809 50 16 autre

2710 829 25 17 les
2753 830 73 17 Impôts:
2842 829 16 16 le
2875 829 89 16 locataire
2981 829 38 16 seul
3038 831 42 13 --eut
3098 832 88 13 renoncer
3201 829 17 15 ie

2711 850 18 14 31
2743 849 59 17 Juillet
2815 849 45 16 1934.
2962 849 15 15 A
2991 851 74 15 paumer
3079 848 11 16 k
3104 848 57 17 75,000
3174 848 24 15 lr.

2868 874 99 14 Commune
2980 873 82 15 d'Irtcllea

2711 922 32 15 Lot
2760 922 15 15 3.

2800 900 50 29 UNE
2867 899 96 29 MAISON
2982 899 32 29 DE
3032 898 105 29 P.ENT!EK

3121 939 55 19 açade

2808 944 12 13 3
2837 940 132 18 Dautzenbcrg,
2989 940 27 16 45.
3037 940 54 15 d'une

2712 961 8 14 4
2738 964 24 12 m.
2780 961 20 15 80
2817 964 22 14 c,
2857 960 53 15 d'une
2924 962 113 13 contenance
3055 960 21 15 de
3095 960 7 14 1
3121 963 16 12 a.
3155 960 20 14 42
3192 962 27 14 ea.

2712 979 104 17 Inoccupée.
2965 979 15 15 A
2994 982 76 15 paumer
3085 979 12 15 à
3114 978 28 16 100
3149 979 31 15 000
3196 978 23 16 fr.

2733 999 56 15 Visite
2806 999 26 15 les
2847 999 69 15 mardis
2932 999 19 15 et
2967 998 101 16 vendredis,
3085 998 22 15 de
3123 998 10 15 2
3149 998 11 15 à
3175 999 10 14 4
3201 998 12 15 h

2733 1018 82 16 Affiches
2832 1022 44 11 avec
2892 1018 44 18 plan
2953 1018 43 15 chez
3009 1017 27 15 les
3052 1017 37 16 dits
3104 1017 81 15 notaires
3202 1019 18 13 et

2713 1040 22 13 en
2749 1037 66 16 l'étude
2827 1038 22 15 de
2863 1038 28 15 Me
2906 1037 71 16 Vander
2992 1036 43 18 Est,
3050 1037 72 15 notaire
3136 1039 11 13 a
3161 1036 58 16 Uccle.

2713 1060 68 12 avenue
2794 1057 111 18 Brugmann,
2921 1057 36 15 591.
3167 1056 53 15 'HG83

2211 1160 15 15 3.
2243 1168 21 3 —
2278 1160 23 15 Le
2316 1159 28 16 dit
2359 1159 72 15 notaire
2448 1159 87 18 adjugera
2550 1159 127 16 déf'niiiverr.e:

2191 1179 17 15 le
2220 1179 88 16 mercredi
2323 1179 19 16 10
2355 1178 38 16 mal
2407 1178 45 19 1933,
2466 1179 11 15 à
2491 1180 10 15 3
2514 1178 66 17 heures
2591 1179 22 16 de
2627 1179 69 16 relevée

2192 1202 23 11 en
2228 1198 18 16 la
2260 1198 37 15 dite
2313 1197 44 16 sallï

2247 1224 99 15 Commune
2364 1223 21 15 de
2404 1223 221 16 Saint-Gllles-Bruxcllcs

2235 1253 41 47 un
2305 1251 100 53 grand
2436 1252 220 51 appartement

2194 1312 80 17 pouvant
2291 1310 38 16 être
2348 1310 112 16 transformé
2477 1313 23 12 en
2518 1311 11 14 2
2546 1314 24 12 ou
2585 1311 9 14 3
2611 1312 77 17 apparte-

2194 1332 59 14 ments
2264 1331 19 14 et
2297 1330 51 16 étant
2360 1330 16 15 le
2388 1331 20 14 2e
2422 1329 52 18 étage
2488 1329 22 15 dc
2524 1329 18 16 la
2556 1330 70 15 maison
2638 1330 36 15 else
2687 1330 11 15 à

2193 1350 66 17 l'angle
2270 1350 22 15 de
2305 1349 17 15 la
2335 1352 32 12 rue
2379 1349 79 18 Bosquet
2470 1350 19 14 et
2501 1349 22 14 dc
2535 1349 18 15 la
2565 1352 31 12 rue
2609 1349 22 15 de
2643 1349 12 15 J
2666 1353 32 11 nc-

2194 1369 36 17 ker.
2244 1369 26 16 61.
2283 1371 45 12 avec
2337 1369 10 14 3
2358 1371 58 14 caves,
2431 1371 66 14 frarnge
2508 1368 64 15 double
2584 1369 19 14 et
2618 1368 29 15 185
2660 1369 38 14 1000

2194 1389 23 15 du
2228 1388 70 15 terrain
2310 1389 100 14 contenant
2422 1391 23 13 en
2458 1387 97 17 superficie
2567 1388 9 14 4
2588 1390 42 13 tires
2641 1388 20 14 87
2671 1391 27 11 ca.

2488 1406 68 15 Paumé
2570 1406 11 15 à
2593 1406 68 15 300.000
2675 1406 24 15 fr.

2208 1426 137 16 JOUISSANCE
2359 1425 136 16 IMMEDIATE.

2215 1446 66 15 Visites
2297 1446 26 15 les
2338 1445 66 17 lundis,
2421 1444 68 16 mardis
2504 1446 19 14 et
2538 1444 101 18 vendredis,
2654 1445 20 15 dc
2690 1445 10 15 2

2195 1465 10 16 à
2218 1466 10 14 4
2244 1465 65 15 heures
2324 1464 22 16 de
2362 1464 74 15 relevée.

2217 1484 161 18 IU-ruselsnements
2399 1484 19 15 ct
2438 1483 79 17 affiches
2538 1486 43 12 avec
2602 1482 45 19 plan
2679 1486 23 12 en

2195 1503 74 16 l'étude.

1669 2053 57 15 Etude
1738 2053 22 16 de
1771 2053 29 15 Me
1813 2051 153 17 GROENSTEEN,
1978 2051 57 15 notai*
2039 2055 9 13 e
2061 2056 11 13 a
2082 2052 93 17 Bruxelles

1777 2075 34 12 rue
1823 2072 24 15 du
1860 2070 173 20 Fossé-aux-Loups,
2045 2071 20 16 56

1799 2110 46 15 PAR
1857 2108 67 17 SUITE
1935 2108 31 15 DE
1977 2108 71 16 DECES

1731 2130 31 15 ET
1779 2130 64 15 POUB
1861 2128 85 16 SORTIR
1965 2128 150 17 D'Dt."T>IVISION

1690 2149 24 15 Le
1731 2149 72 15 notaire
1820 2147 149 16 GROFN'STEEN
1986 2147 69 16 vendra
2071 2147 95 17 définitive-

1670 2169 52 15 ment
1735 2168 11 15 ft
1759 2169 38 14 Bru
1799 2167 59 16 -'elles.
1872 2167 25 16 23.
1912 2169 31 12 rue
1957 2166 24 15 du
1994 2166 53 18 Nord,
2062 2171 23 12 en
2099 2167 18 16 la
2130 2168 45 15 salit

1669 2188 33 14 des
1715 2188 69 16 venter,
1800 2187 16 15 le
1831 2185 88 17 mercredi
1934 2186 20 16 10
1968 2186 37 15 mai
2021 2186 44 18 1933,
2081 2188 11 14 k
2107 2187 68 16 l'heure

1669 2207 31 17 qui
1711 2210 41 11 sera
1766 2206 84 18 indiquée
1862 2209 24 12 au
1898 2204 77 17 bulletin
1986 2205 69 17 officiel
2066 2207 22 15 dc
2100 2207 18 15 la
2131 2206 44 16 salle

1670 2226 32 15 des
1714 2227 63 14 ventes
1791 2229 6 12 :

1794 2250 45 16 Ville
1850 2251 21 14 de
1882 2249 81 16 Bruxelle
1965 2253 16 10 s-
1983 2249 70 17 Lac**-.en

1735 2277 50 29 UNE
1804 2276 96 30 MAISON
1920 2274 65 30 AVEC
2004 2275 104 31 ATELIER

1670 2317 36 16 sise
1721 2320 33 12 rue
1768 2317 22 15 dc
1803 2316 19 16 la
1836 2317 92 15 Comtesse
1942 2315 23 15 de
1979 2315 86 18 Frandre.
2080 2317 15 17 9,
2111 2316 64 19 façade

1670 2337 11 15 9
1693 2336 73 18 mètres,
1780 2336 98 19 superficie
1893 2337 7 14 I
1915 2338 16 12 a.
1946 2335 19 15 63
1977 2338 28 12 ca.
2019 2335 20 15 32
2052 2335 48 16 dma.

1691 2356 24 15 Le
1727 2356 43 15 bien
1783 2357 28 14 est
1824 2354 67 19 occupé
1903 2357 23 12 au
1940 2354 46 16 mois
1997 2355 19 15 et
2029 2356 85 17 rapporte
2129 2356 46 16 1.025

1670 2375 64 16 francs
1747 2378 34 15 par
1794 2375 52 15 mois.

1690 2394 67 16 Visites
1775 2397 6 12 :
1797 2394 33 15 Les
1847 2393 65 17 lundis,
1928 2393 98 16 mercredis
2040 2395 18 14 et
2075 2393 100 18 vendredis,

1670 2414 23 15 dc
1707 2414 19 15 10
1739 2415 12 15 à
1764 2414 19 15 12
1796 2414 20 15 ct
1828 2413 22 16 dc
1863 2413 10 15 2
1885 2413 12 15 à
1908 2413 9 15 5
1929 2412 72 16 heures.

1967 2432 16 16 A
1994 2435 76 15 paumer
2083 2432 58 17 50,000
2153 2432 23 16 fr.

1691 2452 46 15 Plan
1757 2452 19 15 et
1797 2451 154 19 renseignements
1972 2455 24 12 cn
2015 2451 67 16 l'étude
2103 2452 23 15 de
2147 2452 29 14 Me

1671 2472 154 16 OROENSTEEN,
1840 2472 25 17 56,
1879 2474 30 12 tue
1922 2470 53 16 Fossé
1977 2474 44 12 -aux
2023 2471 72 18 -Loups.
2123 2471 54 15 (H655

1717 2512 58 15 Etude

1761 2532 25 17 60.

1793 2512 23 15 du
1833 2512 70 15 notaire
1919 2511 102 15 MAIRICE
2039 2512 92 15 GERARD

1801 2535 32 12 rue
1848 2531 22 16 dc
1883 2531 82 17 Flennes.
1979 2531 111 15 Anderlecht

1691 2570 24 15 Le
1729 2570 72 15 notaire
1816 2570 93 15 GERARD
1923 2569 68 15 vendra
2005 2568 135 19 publiquement
2155 2573 23 12 en

1672 2589 18 16 la
1702 2589 45 15 salle
1757 2589 33 15 des
1800 2590 64 14 ventes
1874 2592 34 13 D^.r
1918 2588 86 18 notaires,
2015 2592 32 12 rue
2057 2589 24 15 du
2092 2589 48 16 Nord
2152 2588 26 19 23.

1672 2610 11 15 â
1696 2608 98 17 BruxeUes.
1809 2609 16 15 le
1838 2608 50 18 Jeudi
1903 2608 17 15 11
1934 2608 37 15 mai
1985 2608 39 16 1933
2041 2612 5 11 :

1806 2634 98 15 Commune
1915 2633 67 15 d'onde
1984 2633 58 15 ilecht

1737 2659 51 31 UNE
1807 2659 96 30 MAISON
1923 2658 32 30 DE
1975 2658 138 31 COMMERCE

1672 2699 11 15 à
1697 2699 10 16 3
1720 2699 62 19 éta-jes
1797 2703 5 11 :
1816 2699 45 16 Café
1875 2705 9 8 •
1897 2700 26 15 Au
1936 2699 37 15 Duc
1987 2699 21 15 de
2022 2699 82 16 Brabant
2117 2704 15 12 ».
2146 2702 32 12 rue

1672 2719 32 15 des
1718 2718 129 18 Vétérinaires,
1862 2719 15 16 3,
1892 2720 99 14 contenant
2006 2719 19 14 93
2039 2719 96 14 centiares.

1693 2738 68 15 Visible
1778 2738 57 17 lundi,
1853 2738 88 15 mercreui
1956 2740 18 13 et
1992 2738 92 18 vendredi,
2101 2738 23 15 de
2140 2738 10 15 2
2168 2737 11 16 à

1672 2757 10 13 5
1696 2756 66 16 heures

1692 2794 24 16 Le
1731 2795 72 15 m-tafre
1818 2795 94 16 GERARD
1926 2796 66 15 vendra
2006 2795 136 19 publiquement
2157 2798 23 13 en

1672 2813 19 15 la
1703 2813 44 16 salle
1757 2814 32 15 des
1800 2817 63 12 vent"?
1875 2817 34 15 par
1919 2815 85 15 notaire...
2017 2818 31 12 rue
2059 2815 24 15 du
2094 2815 48 15 Nord
2154 2815 25 17 23.

1672 2833 12 15 â
1698 2833 99 17 Bruxelle..-,
1812 2833 17 16 le
1843 2833 51 18 jeudi
1910 2834 18 16 !1
1943 2835 37 14 niai
1995 2834 39 16 1933
2052 2837 6 13 :

1807 2859 99 15 Commune
1917 2858 127 17 d'Anderlecht

1670 2884 39 30 Lot
1725 2884 22 30 1.
1759 2902 33 5 —
1804 2884 45 30 Une
1863 2884 67 30 bonne
1945 2884 81 31 Maison
2042 2884 136 31 d'habitation

1673 2927 11 15 à
1697 2926 10 15 2
1720 2927 68 17 ctaics,
1804 2929 32 12 ruj
1851 2926 57 16 Oclcn.
1923 2926 25 17 23,
1962 2929 72 13 conton.
2049 2926 20 16 G4
2083 2927 96 15 centiares.

1754 2951 38 30 Lot
1809 2952 23 28 2.
1851 2969 33 5 -
1902 2951 53 30 BON
1972 2951 129 31 IMMEUBLE

1672 3037 38 30 Lot
1728 3038 24 29 3.
1769 3055 34 5 —
1820 3037 73 30 Bonne
1911 3037 82 30 Maison
2013 3037 26 30 de
2058 3037 123 29 Commerce

1673 3078 11 15 â
1702 3078 11 15 2
1729 3078 63 18 étages
1809 3081 44 12 t.vec
1871 3078 64 15 niolicr
1953 3081 32 12 rue
2003 3078 24 16 du
2045 3078 91 19 Drapeau.
2155 3077 23 19 15,

1673 3099 72 14 conten.
1760 3098 8 14 1
1782 3101 32 12 are
1827 3098 20 14 4»
1860 3098 90 14 centiares

1693 3117 35 15 Ces
1744 3117 81 15 maisons
1844 3117 60 15 louées
1921 3120 45 12 sans
1984 3117 43 17 bail,
2046 3118 43 15 sont
2107 3117 73 16 visibles

1672 3136 90 15 mercridl
1777 3137 18 14 ct
1810 3136 92 17 vendredi,
1915 3136 22 15 de
1952 3136 10 15 2
1977 3136 12 15 à
2003 3137 10 15 â
2028 3136 72 16 heures.

1693 3174 24 16 Le
1739 3175 72 15 notaire
1833 3175 94 15 GERARD
1947 3174 69 16 vendra
2038 3174 142 19 publiquement,

1672 3197 24 12 en
1707 3194 17 15 la
1736 3194 45 15 salle
1791 3194 32 15 des
1833 3196 63 13 ventes
1905 3197 34 15 pir
1949 3195 87 15 notaires,
2047 3197 33 13 rue
2091 3194 24 16 du
2126 3194 54 18 Nord,

1673 3214 26 17 23.
1713 3218 11 11 o.
1737 3213 99 17 Bruxelles,
1848 3213 17 15 le
1876 3213 49 18 jeudi
1939 3213 9 15 4
1961 3216 37 12 mai
2012 3213 39 16 1933
2067 3217 5 12 :

1809 3239 99 15 Commune
1918 3238 127 16 d'Anderlecht

1718 3264 39 30 Lot
1777 3263 22 31 1.
1815 3281 34 5 -
1863 3263 49 30 UNE
1930 3262 85 31 BONNE
2034 3263 97 31 MAISON

1719 3304 33 30 DE
1768 3304 138 31 COMMERCE
1921 3304 30 30 ET
1966 3304 33 30 DE
2015 3304 121 31 RAPPORT

1673 3345 11 16 ft
1700 3346 9 15 2
1725 3346 68 17 étages,
1809 3349 70 12 avenue
1894 3345 85 17 François
1994 3345 99 17 Malherbe,
2110 3345 25 17 74,
2150 3345 21 15 fa-

1673 3365 45 15 çade
1733 3366 10 14 S
1756 3365 73 17 mètres,
1844 3366 72 14 conten.
1931 3364 20 15 89
1966 3367 27 12 ca.
2008 3364 58 16 Louée
2080 3368 44 12 sans
2137 3365 37 15 bail

1674 3385 57 16 14.700
1746 3384 24 15 fr.
1784 3384 44 15 l'an.
1843 3383 67 16 Visible
1924 3383 56 17 lundi,
1996 3384 94 19 mercredi,
2105 3384 75 17 samedi,

1672 3404 23 15 dc
1708 3403 10 15 2
1732 3403 12 15 ft
1756 3404 10 15 5
1779 3403 72 16 heures.

1686 3428 38 30 Lot
1744 3429 24 29 2.

1673 3472 33 12 rue
1723 3469 33 15 des
1772 3469 99 15 Orchidées

1672 3489 53 14 Libre
1737 3489 134 17 d'occupation.

1838 3427 67 31 BEAU
1923 3427 109 30 TERRAIN
2050 3428 18 30 A
2087 3427 76 30 BATIR

1894 3468 36 18 fac
1947 3468 11 15 5
1974 3472 31 14 ci-,
2023 3469 73 15 conten.
2114 3469 20 15 71
2151 3471 21 13 ca

1673 3523 58 15 Etude
1751 3526 25 12 ju
1796 3523 73 15 notaire
1890 3522 90 16 ROBERT
1999 3522 80 18 LAGAE,
2100 3523 11 14 â
2131 3522 50 16 Jette

1738 3542 101 18 (Bruxelles
1842 3545 13 14 i,
1873 3545 32 12 rue
1921 3541 48 16 Léon
1985 3541 89 18 Théodor,
2092 3542 26 15 43.

1692 3581 24 15 Le
1726 3580 73 16 notaire
1809 3580 80 17 LAGAE,
1899 3580 10 15 â
1920 3583 19 12 ce
1949 3579 81 17 commis,
2041 3579 69 16 vendra
2121 3579 60 20 publl_

1673 3602 84 16 quement
1772 3603 24 12 en
1799 3599 29 16 "lu
1843 3599 44 15 salle
1900 3599 32 15 des
1944 3601 63 13 ventes
2021 3602 34 15 par
2067 3599 87 18 notaires,
2169 3600 11 14 it

1673 3619 98 16 Bruxelles,
1787 3622 32 12 rue
1831 3619 25 15 du
1870 3618 53 16 Nord.
1937 3618 26 17 23.
1977 3618 17 15 le
2009 3618 86 16 vendredi
2111 3619 18 15 12
2143 3619 36 15 mal

1676 3639 44 15 'S33.
1736 3642 12 11 s.
1763 3638 10 15 3
1789 3638 66 15 heures
1868 3638 22 15 de
1905 3636 67 17 relevée
1988 3647 7 6 .

1672 3664 38 30 Lot
1723 3664 22 29 1.
1754 3681 33 6 —
1796 3664 44 29 Une
1851 3663 68 30 bonne
1929 3663 81 29 Maison
2021 3662 25 31 de
2058 3662 121 32 Commerce

1673 3707 11 14 ê
1699 3709 56 14 usage
1770 3705 22 15 de
1808 3704 47 18 café,
1871 3704 84 18 enseigné
1971 3708 9 10 €
1995 3704 28 15 Au
2036 3703 37 19 Coq
2088 3704 60 16 Corné
2163 3709 16 12 >.

1673 3724 11 15 ft
1700 3724 120 16 Schaerbeek.
1837 3727 69 12 avenue
1921 3723 71 17 Rogier.
2008 3723 26 17 79.
2050 3727 11 11 a
2075 3723 67 19 l'angle
2157 3725 22 14 de

1672 3743 18 16 la
1701 3747 33 12 rue
1744 3744 97 18 Josaphat.
1852 3744 10 14 2
1870 3743 68 18 étages,
1947 3743 100 14 contenant
2060 3743 7 14 1
2079 3746 31 12 arc
2122 3744 21 14 10
2151 3746 29 13 ca.

1693 3763 57 18 Loyer
1764 3763 68 15 annuel
1847 3763 47 16 8,500
1908 3762 29 16 fr.,
1950 3764 41 15 p.us
2004 3762 141 16 contributions.

1671 3789 38 29 Lot
1720 3789 24 30 2.
1752 3806 33 5 —
1795 3788 44 30 Une
1850 3788 68 30 bonne
1928 3787 81 30 Maison
2020 3786 26 30 de
2057 3786 122 31 Commerce

1844 3835 22 24 et
1880 3829 25 30 de
1917 3833 86 30 rapport

1672 3870 36 15 sise
1723 3869 11 15 è
1750 3870 119 16 Schaerbeek.
1884 3873 33 12 rue
1931 3869 39 15 Van
1984 3867 93 18 Hammée,
2093 3867 25 18 34,
2134 3867 45 15 trols

1672 3889 68 18 éi?ges.
1755 3891 101 14 contenant
1872 3889 21 15 90
1907 3892 27 12 ca.

1693 3908 24 15 Lc
1731 3909 30 15 1er
1775 3908 53 19 étage
1842 3909 29 14 est
1886 3908 49 16 libre.
1950 3907 16 15 Ic
1981 3907 73 15 restant
2068 3907 29 15 est
2111 3905 67 19 occupé

1672 3930 35 16 par
1720 3928 61 15 divers
1794 3931 25 12 au
1833 3928 50 18 loyer
1895 3926 66 16 annuel
1974 3926 21 15 de
2011 3926 57 16 13.200
2081 3926 22 15 fr.

1686 3953 38 30 Lot
1743 3954 23 29 3.
1784 3970 32 7 —
1834 3953 31 31 Un
1883 3957 60 26 vaste
1960 3951 95 35 Magasin
2071 3952 13 28 à
2104 3950 58 29 bière

1672 3995 13 15 A
1699 3995 11 14 2
1722 3994 68 18 étages,
1806 3995 26 15 sis
1846 3994 12 16 â
1873 3994 54 16 Jette,
1941 3996 32 12 rue
1988 3991 76 19 Léopold
2079 3991 15 16 I.
2109 3994 18 12 n.
2141 3991 36 16 482.

1672 4013 66 16 façade
1752 4014 10 15 9
1775 4012 24 17 ni*.
1814 4014 25 16 70.
1853 4014 100 15 contenant
1965 4012 9 14 2
1988 4014 42 12 ares
2043 4010 21 15 65
2076 4013 29 13 ca.

1692 4033 58 15 Lover
1765 4033 68 15 annuel
1850 4033 57 15 12.000
1922 4032 23 15 Ir.
1961 4030 40 19 plus
2017 4029 140 16 contributions.

1692 4052 33 15 Les
1743 4052 106 15 Immeubles
1867 4051 89 16 ci-dessus
1971 4050 41 14 sont
2031 4048 96 16 raccordés
2142 4051 36 12 aux

1672 4071 133 16 canalisations
1816 4072 59 16 d'eau,
1887 4071 23 15 de
1920 4073 33 15 gaz
1962 4071 19 13 et
1992 4067 123 17 d'électricité.

1693 4090 67 16 Visites
1779 4094 5 11 :
1801 4091 74 18 Lundis,
1892 4088 101 18 mercredi-;,
2011 4087 101 17 vendredis,
2129 4087 23 16 de
2167 4087 11 15 2

1671 4109 12 15 à
1699 4110 10 15 5
1724 4110 72 15 heures.

1693 4129 55 15 Plans
1762 4132 19 13 et
1796 4130 101 18 renseigne.
1897 4130 42 15 nent
1941 4132 9 11 s
1963 4131 22 12 ei*
2001 4126 72 16 l'étude.
2123 4125 55 16 <HG35

1671 4170 58 15 Elude
1741 4170 25 16 du
1778 4171 72 14 notaire
1862 4169 46 17 VAU
1919 4167 123 17 HALTEREN,
2055 4166 11 15 ft
2079 4166 98 17 Bruxelles,

1780 4190 27 17 39.
1820 4193 33 12 rue
1863 4190 24 15 de
1899 4187 130 17 l'Asscciation.

1691 4227 24 15 L-
1726 4227 73 15 notaire
1809 4226 138 17 ENGLEBERT.
1958 4224 12 15 »à
1979 4223 98 17 Bruxelles,
2089 4223 89 18 adjugera

1671 4247 151 18 provi.viiremcnt
1837 4246 59 16 mardi
1911 4245 19 15 IS
1942 4243 37 17 mal
1994 4243 46 17 ISS**
2054 4243 11 15 ft
2080 4243 18 15 11
2112 4243 66 15 heures

1672 4266 25 15 du
1707 4266 65 15 matin,
1784 4266 67 15 dcva-it
1863 4266 24 15 M.
1900 4265 17 15 le
1927 4264 45 17 ."uge
1983 4263 22 15 de
2017 4262 44 15 Poix
2072 4262 25 15 du
2108 4263 69 15 canton

1671 4285 23 15 de
1710 4285 24 15 Sn
1736 4285 27 15 int
1765 4285 69 15 -Josse-
1836 4284 105 16 ten-Noode.
1957 4285 23 13 en
1995 4285 34 12 son
2044 4281 85 18 prétoire.
2145 4285 33 12 lue

1672 4304 22 15 de
1706 4304 146 18 Saxe-Coboui-,-,
1866 4305 25 16 14,
1904 4303 19 16 la
1934 4301 91 20 propriété
2036 4301 82 18 c;-aprês
2130 4301 48 15 desl-

1672 4323 45 19 pnéc
1732 4327 5 12 ;

1844 4343 46 15 -tilt?
1906 4340 96 17 d'Osten-le

1739 4368 51 30 UNE
1808 4368 76 30 BELLE
1906 4365 70 33 VILLA
1997 4364 115 31 MEUBLÉE

1672 4409 105 16 dénommée
1789 4414 10 10 «
1810 4409 47 17 Villa
1867 4409 67 16 Ecnlta
1945 4412 15 11 ».
1970 4406 69 17 Rampe
2050 4405 22 16 de
2082 4405 59 16 l'Yser
2151 4405 26 18 26.

1672 4428 12 16 à
1698 4429 10 15 3
1722 4428 62 19 ét-tses
1798 4432 43 12 avec
1856 4429 40 15 tout
1909 4427 17 16 le
1939 4425 81 17 mobilier
2033 4425 19 15 la
2065 4425 112 17 garnissant,

1672 4449 58 17 cyr.nt
1744 4448 66 18 façade
1821 4448 23 15 de
1858 4448 10 15 5
1879 4451 23 12 m.
1917 4447 18 15 et
1947 4445 101 15 contenant
2061 4447 24 12 cn
2098 4444 70 18 superfi-

1672 4468 27 15 cie
1716 4468 7 14 I
1739 4471 31 12 are
1785 4468 10 14 5
1809 4468 96 15 centiare:-,
1920 4463 105 20 disponible.

1693 4487 55 15 Plans
1760 4488 17 14 i-t
1791 4490 58 12 relise.
1852 4487 93 16 «tncn.cnts
1955 4486 23 12 en
1989 4483 27 14 les
2027 4482 63 16 études
2101 4483 32 15 de.s
2145 4486 23 12 no-

1672 4506 57 16 taires
1740 4506 45 15 VAN
1796 4505 125 17 HALTEREN.
1936 4503 26 17 30.
1974 4505 32 12 rue
2016 4502 23 15 de
2050 4502 128 16 l'Association

1671 4526 19 15 ct
1702 4526 139 17 ENGLEBERT,
1855 4525 29 15 Ht
1895 4527 31 13 rue
1936 4521 72 19 Royale.
2021 4521 98 17 Bruxelles.
2124 4521 54 17 -H590

1672 4569 58 16 Etude
1741 4570 25 15 du
1779 4569 71 15 notaire
1862 4568 45 15 VAN
1919 4564 123 18 HALTEREN.
2055 4563 11 16 à
2079 4564 98 18 Bruxelles.

1779 4589 28 18 30.
1820 4591 32 13 rue
1864 4588 22 15 dc
1898 4584 131 18 l'Association.

1692 4628 24 15 Le
1729 4627 72 16 notaire
1814 4626 46 16 V.iN
1872 4622 130 19 KALETERE**:
2015 4621 88 18 adjugera
2116 4622 52 18 provi-

1671 4647 97 15 soirement
1787 4645 59 16 mardi
1862 4645 20 15 IG
1898 4643 36 16 mai
1949 4642 46 15 1933.
2011 4645 11 10 a
2037 4641 19 15 11
2073 4641 65 15 heures
2152 4642 24 15 du

1672 4666 65 16 matin,
1750 4666 68 15 devant
1830 4665 25 15 ML
1867 4664 17 15 le
1894 4664 41 17 juge
1947 4662 22 14 de
1982 4660 43 15 Paix
2037 4660 25 15 du
2074 4662 69 14 canton
2155 4661 22 15 de

1672 4683 232 18 Saint-Josse-tEn-Nocdc.
1920 4685 23 12 en
1957 4683 34 12 sor.
2006 4679 85 18 prétoire,
2106 4683 33 12 rue
2155 4680 22 15 de

1672 4704 144 18 Saxc-Cobourg.
1834 4704 24 16 14.
1875 4699 107 18 l'Immeuble
1998 4698 81 18 ci-après
2095 4698 58 17 décrit
2171 4702 5 12 :

1813 4729 98 15 C-T-mmune
1924 4723 113 18 d'EUerbeek

1851 4753 49 30 UNE
1912 4749 95 32 MAISON

1672 4798 35 15 stse
1724 4799 33 13 rue
1773 4796 32 15 des
1819 4794 88 16 TrJvires.
1924 4792 10 15 4
1952 4790 48 19 'pris
2016 4789 23 16 de
2055 4789 82 16 l'avenue
2154 4790 22 15 de

1672 4817 118 15 Tervueren..
1804 4818 10 12 ■
1828 4814 47 15 deux
1887 4814 60 15 eieges
1960 4812 42 13 avec
2016 4811 39 13 ires
2066 4810 58 17 grand
2137 4810 30 17 jar-

1672 4836 31 14 din
1723 4835 56 17 ayant
1793 4834 64 14 facad"
1870 4832 22 15 dc
1904 4832 10 14 &
1925 4834 24 12 m.
1961 4829 25 15 -10.
1998 4830 101 13 contenant
2111 4832 23 12 en
2146 4832 20 12 su-

1672 4854 75 19 perficie
1763 4853 10 15 3
1788 4856 41 12 ares
1844 4852 20 15 37
1878 4854 28 12 ca.
1921 4850 20 15 50
1956 4848 42 17 dm.,
2012 4848 102 17 disponible
2128 4848 47 15 deux

1671 4873 46 16 mois
1729 4876 54 15 nprts
1797 4870 122 19 idJtMication

1693 4892 98 18 Renseigne
1794 4894 41 12 men
1837 4893 2 6 1

1671 4911 51 16 deur.

1671 4949 57 16 Etude
1740 4949 24 16 du
1777 4948 72 16 notaire
1861 4946 44 16 VAN
1918 4942 122 19 HALTEREN,
2054 4943 10 15 ft
2077 4942 98 19 Brur.clies,

1779 4967 26 18 30.
1818 4970 32 12 rue
1862 4966 22 16 de
1897 4965 11 16 l'
1910 4962 118 18 Association.

1691 5006 23 15 Le
1724 5006 72 15 notaire
1807 5001 138 20 SNGLEEERT.
1955 5001 11 15 k
1978 4999 98 19 Braxelles,
2088 5000 87 18 adjugera

1670 5025 150 16 trovlsolremcnt
1835 5023 58 16 mardi
1908 5021 20 15 16
1940 5020 36 15 mai
1995 5019 42 16 '9**,*,.
2052 5023 11 11 a
2078 5020 18 15 U
2110 5020 65 15 heures

1671 5045 24 15 du
1706 5044 65 16 matin,
1783 5044 67 14 devant
1862 5043 24 14 M.
1899 5041 16 15 le
1926 5040 45 17 Juge
1982 5038 22 15 de
2016 5038 44 15 Paix
2072 5039 23 14 du
2107 5039 68 15 canton

1670 5064 22 15 de
1708 5060 232 19 Seint-Joisc-ten-Noode,
1954 5061 24 12 en
1992 5061 33 12 son
2042 5059 83 16 prétoire,
2143 5061 32 12 rue

1670 5084 22 14 de
1704 5082 144 17 Saxc-Cobouig,
1863 5080 23 17 14.
1900 5080 24 14 les
1937 5076 103 16 i-nmeutles
2051 5077 83 15 suivants
2148 5079 5 13 :

1744 5101 107 15 Comnnne:,
1865 5099 22 15 de
1900 5096 93 18 >Taet-l>*a
2014 5095 85 18 Dieghem

1826 5125 18 15 et
1855 5123 58 17 Ned-tt
1924 5120 94 17 Ockeizcel

1714 5152 15 28 5
1743 5149 127 31 HECTARES
1881 5149 30 29 90
1925 5151 55 25 cent.
1993 5146 31 28 47
2038 5145 91 30 dix-mill.

1669 5192 86 16 Terrains
1766 5193 18 13 ct
1796 5189 87 20 parcelles
1895 5189 21 15 de
1928 5189 48 14 tsrre
1988 5185 65 16 divisés
2065 5189 24 12 cn
2101 5186 19 15 14
2132 5185 41 18 lots,

1669 5211 50 16 loués
1731 5212 11 15 k
1754 5210 65 15 divers.

1689 5229 55 16 Plan?
1756 5230 18 14 et
1786 5226 153 19 renseignements
1951 5228 23 12 en
1985 5223 25 16 les
2022 5223 63 16 études
2097 5223 31 15 des
2140 5226 33 12 ro-

1669 5248 57 15 taires
1736 5247 45 15 VAN
1793 5245 129 16 HALTEREN..
1933 5244 25 16 30.
1970 5246 32 12 rue
2013 5242 22 15 de
2047 5242 6 15 1
2060 5242 113 15 Association

1669 5267 18 15 et
1698 5265 139 19 E-N'GLEBEP.T,
1851 5265 28 16 144
1890 5267 32 13 rue
1933 5262 72 19 Royale.
2017 5260 97 18 Bruxelles,
2119 5260 54 17 -H590

2217 1541 16 16 4.
2251 1550 22 4 —
2290 1541 23 15 Le
2332 1541 27 15 dit
2374 1540 72 16 noLalre
2465 1539 68 16 vendra
2567 1539 135 19 publiquement

2197 1561 16 15 le
2225 1561 58 15 mardi
2298 1561 19 14 lfl
2327 1561 37 14 mal
2376 1560 40 14 1933
2428 1563 23 11 en
2461 1559 18 16 la
2493 1559 44 15 salle
2550 1559 32 15 des
2594 1561 63 13 ventes
2670 1562 32 15 par

2198 1581 85 15 notaires,
2296 1579 11 15 ft
2319 1578 98 17 Bruxelles,
2427 1581 32 12 rue
2471 1578 24 15 du
2507 1578 54 16 Nord,
2572 1578 26 17 23.
2610 1578 11 15 à
2633 1578 69 15 l'heure

2198 1599 30 17 qut
2242 1602 41 12 sera
2298 1598 84 19 indiquée
2392 1601 26 12 au
2430 1597 77 16 bulletin
2519 1597 69 16 officiel
2600 1597 22 16 de
2636 1597 18 16 la
2665 1597 38 15 dite

2198 1617 51 18 salle.

2356 1636 98 16 Commune
2471 1635 71 16 d'Uccle

2231 1664 50 29 Une
2296 1663 68 29 belle
2381 1665 26 26 et
2420 1663 97 35 grande
2537 1661 128 37 propriété

2366 1699 158 37 d'agrément

2199 1744 41 15 bien
2255 1742 74 17 arborée
2340 1743 35 15 sise
2388 1741 88 17 chiussée
2489 1741 22 16 de
2524 1740 96 19 Waterloo.
2633 1741 46 17 1450.
2692 1740 12 16 à

2198 1763 66 18 l'angle
2285 1762 22 16 de
2328 1761 83 16 l'avenue
2434 1761 24 15 du
2478 1760 83 18 Caporal,
2584 1762 119 16 comprenant

2199 1782 68 17 grande
2279 1781 44 16 villa
2336 1784 44 12 avec
2394 1783 72 15 garage,
2479 1779 68 18 jardin,
2561 1782 64 15 verger
2638 1780 19 14 et
2672 1782 22 15 po-

2199 1803 57 16 tager,
2274 1799 68 17 div.sée»
2357 1803 25 13 en
2395 1800 11 15 2
2422 1799 42 18 lots,
2481 1800 112 14 contenance
2609 1798 57 16 totale
2683 1798 20 16 48

2200 1824 46 13 ares,
2261 1820 19 16 62
2294 1823 29 12 ca.

2219 1840 68 14 LIBRE
2301 1837 172 17 D'Oorxjp.vnoN.

2220 1859 67 15 Visites
2302 1858 27 15 les
2343 1857 66 17 lundis,
2423 1856 98 16 mercredis
2536 1857 18 15 et
2566 1855 102 18 vendredis,
2684 1855 21 16 de

2201 1878 19 16 10
2232 1878 11 15 ft
2259 1878 18 14 12
2290 1877 67 15 heures
2369 1878 19 14 et
2399 1876 23 16 de
2437 1876 19 15 14
2470 1876 10 15 à
2494 1876 19 15 16
2526 1875 71 15 heures.

2220 1896 162 18 Renseignements
2408 1896 20 15 et
2457 1894 81 17 affiches
2554 1897 44 13 avec
2618 1893 43 19 plan
2681 1896 23 13 en

2201 1916 73 16 l'étude.

2724 1106 56 16 Etude
2798 1107 24 15 du
2839 1106 71 16 notaire
2928 1106 139 19 ENGLEBERT,
3084 1105 12 17 à
3112 1105 98 19 BruxeUes,

2880 1129 32 12 rue
2931 1126 73 18 Royale,
3023 1126 35 15 144.

2735 1170 15 15 A
2768 1169 67 17 vendre
2856 1169 11 15 k
2887 1170 58 16 80.000
2964 1169 68 17 francs,
3054 1169 105 16 habitation
3179 1173 42 12 avec

2715 1189 67 18 Jardin,
2798 1192 32 12 rue
2847 1189 168 16 Vanderstlchelen.
3036 1189 23 16 15.
3078 1189 11 15 ft
3107 1189 115 16 Molcnbeek-

2715 1208 83 17 St-Jean,
2813 1208 65 17 façade
2892 1209 10 14 6
2914 1212 22 13 m.
2951 1208 25 18 50,
2991 1209 111 15 contenance
3118 1209 8 15 1
3141 1212 17 12 a.
3172 1208 20 16 43
3206 1212 16 11 c.

2717 1228 49 15 Libre
2780 1227 17 16 le
2812 1228 19 15 15
2845 1227 37 15 mal
2897 1228 46 18 1933.

2736 1247 57 15 Visite
2808 1247 60 15 mardi
2884 1249 19 14 et
2915 1247 56 18 Jeudi,
2988 1248 112 17 moyennant
3115 1247 67 19 permis
3198 1247 24 15 du

2717 1266 77 15 notaire.
3169 1267 54 16 (H683

3415 415 168 30 1INEMAS

3287 476 22 17 l'i
3310 481 16 11 u
3334 480 90 15 .r.unm-'
3436 474 29 19 da
3476 474 24 18 28
3511 473 54 19 avril
3577 478 29 13 an
3617 473 12 18 4
3638 473 45 18 mai

3323 504 77 16 AGORA
3490 507 2 14 ;
3511 501 223 17 MONNAIE-VICTOEÏA

3296 524 23 15 Le
3335 524 92 15 Revenant
3497 522 43 15 Huit
3554 522 63 18 Jeunes
3631 521 48 16 filles

3277 543 87 15 (Enfants
3380 543 66 16 admis)

3271 570 16 3 -
3457 570 27 3 —
3490 553 3 18 I
3511 560 21 15 (E

3290 578 149 15 AMBASSADOB
3490 575 3 6 '

3421 617 65 15 frnme
3497 614 5 11 '

3326 655 77 14 CAMEO

3327 674 75 18 Captive

3254 692 86 17 (Enfants
3350 696 36 12 non
3398 693 65 15 admis)

3309 727 110 16 CAPITOLE

3330 747 69 18 Topaie

3309 788 113 16 COLISELM

3256 807 23 15 Le
3293 808 53 16 Sijne
3361 808 21 14 de
3395 807 17 16 la
3428 808 52 15 Croix

3316 842 78 16 FORU31

3263 861 104 15 Almri-mni
3389 865 20 11 ce
3431 861 37 15 soir

3281 881 86 16 lEnfants
3384 881 65 16 admis)

3307 925 120 15 MARIVAUX

3279 945 57 15 L'Ane
3351 945 22 15 de
3388 944 80 15 nuridan

3255 964 86 16 'Enfants
3354 967 37 12 non
3404 964 66 15 admis)

3562 635 27 14 LA
3603 634 79 15 PETITE

3507 655 28 15 BE
3557 653 178 16 MONTPARNASSE

3498 673 78 16 Enfan's
3588 676 37 12 non
3636 671 110 16 artmls'4083

3541 703 168 17 -FATHE-PALACS

3536 725 21 14 Je
3569 724 38 15 suis
3621 728 23 10 un
3657 722 59 16 Evadé

3512 744 87 15 «Enfants
3615 746 36 12 non
3670 741 66 16 admis)

3590 774 69 15 PLA2A

3558 794 59 15 Haute
3634 792 56 18 Ferre

3541 825 93 18 QUEENS
3653 824 58 16 HALL

3527 846 23 14 Sa
3567 844 91 16 Meilleure
3672 843 70 15 Cliente

3517 864 86 16 lEnfants
3620 866 36 13 non
3672 862 65 16 admis)

3302 999 135 15 MrTROrOLB

3254 1019 88 15 Ramenez
3356 1018 26 15 les
3400 1018 27 14 VI*.
3432 1018 41 13 ..nts

3286 1037 86 16 -Enfants
3390 1038 65 15 adm:ai

3593 894 63 16 BOXT

3504 916 43 14 Sous
3562 914 17 15 le
3594 918 65 14 casque
3675 914 21 16 de
3710 912 39 16 cuir

3543 933 87 16 lEnfants
3644 933 66 16 admis)

3592 964 69 16 SCALA

3515 985 23 15 Le
3549 983 64 19 béf-uin
3627 984 21 15 de

3622 1003 18 15 ls
3654 1002 86 19 farnlson

3321 1087 95 15 MODEEN

3279 1107 23 15 Lc
3319 1106 26 16 roi
3362 1106 24 16 du
3403 1107 60 17 Conco

3287 1125 86 17 (Enfants
3391 1125 65 17 admis)

3588 1035 80 15 SELECT

3504 1055 92 15 L'Homme
3621 1054 12 16 à
3657 1054 93 17 l'IIlspano

3529 1078 26 4 ~~
3569 1085 100 16 TRIANON

3569 1105 120 17 Mandragore

3517 1124 86 17 (Enfants
3620 1127 36 12 non
3673 1122 66 18 admis)

3428 1177 35 30 T.
3485 1176 31 30 S.
3538 1176 32 29 F.

2200 1954 58 16 Etude
2268 1953 23 16 de
2301 1952 80 17 Maîtres
2392 1952 99 16 Dl'PONT.
2503 1951 72 16 notaire
2588 1950 11 16 à
2612 1950 93 16 Bruxelles

2221 1976 32 12 rue
2265 1973 24 15 du
2302 1971 173 18 Fossé-aux-Loups,
2488 1971 26 16 45.
2524 1972 19 14 et
2556 1970 105 17 CANTONI,
2672 1972 24 12 no-

2221 1992 53 16 taire,
2288 1992 11 15 ft
2314 1991 98 17 Bruxelles,
2426 1994 32 11 rue
2473 1990 79 16 d'Arlon.
2567 1990 26 15 86.

2223 2011 16 15 5.
2251 2019 22 3 —
2284 2011 33 15 Les
2328 2010 38 16 dlt-s
2378 2010 82 15 notaires
2471 2009 90 15 vendront
2572 2008 136 18 publiquement

2200 2031 17 15 le
2229 2030 50 18 Jeudi
2291 2030 18 15 11
2323 2030 37 14 mal
2371 2030 47 16 1932.
2430 2032 24 12 en
2466 2028 18 15 la
2495 2028 45 16 salle
2553 2028 31 16 des
2595 2028 64 14 ventes
2671 2030 35 15 par

2201 2050 86 16 n'tatres,
2299 2048 11 16 ft
2321 2048 99 17 Bruxelles,
2432 2051 33 12 rue
2475 2047 25 15 du
2511 2047 54 16 Nord.
2577 2046 26 17 23.
2616 2046 11 15 à
2637 2046 70 15 l'heure

2203 2068 31 19 qut
2244 2071 42 13 £era
2298 2067 83 19 indiquée
2394 2070 24 12 au
2430 2066 76 16 bulletin
2515 2065 71 17 officiel
2598 2066 22 15 de
2631 2065 70 16 celle-ci

2347 2092 99 15 Commune
2461 2091 83 16 d'IseUes

2196 2119 30 37 a)
2240 2120 50 29 Une
2304 2120 81 28 bonne
2400 2120 98 27 maison
2512 2118 31 29 de
2557 2125 141 21 commerce

2361 2164 25 27 et
2400 2163 31 28 de
2445 2163 102 35 rapport

2203 2209 43 13 avec
2257 2205 88 16 ENTREE
2355 2204 105 17 COCHERE
2472 2207 32 13 me
2514 2203 115 17 Souveraine.
2643 2203 64 16 28-28A

2236 2232 26 34 b)
2277 2233 50 28 Une
2342 2232 68 28 belle
2424 2231 99 28 maison
2535 2231 31 28 de
2577 2230 93 29 rentier

2205 2279 31 12 rue
2253 2274 116 18 Souveraine,
2384 2273 26 16 32.

2235 2301 26 36 c)
2276 2309 32 21 un
2325 2301 95 29 terrain
2438 2299 105 30 enclavé
2560 2298 110 30 derrière

2204 2346 48 14 cette
2268 2342 82 17 dernière
2366 2342 76 17 maison,
2456 2343 19 14 et
2489 2341 18 16 le
2521 2346 19 12 n.
2553 2341 27 17 3-4.

2347 2373 109 16 Watermael
2458 2373 97 15 -Boitsfort

2272 2401 28 36 d)
2314 2402 51 28 Une
2384 2402 98 27 maison
2496 2400 32 28 de
2541 2400 94 28 rentier

2205 2448 42 12 avec
2260 2444 80 15 GRAND
2350 2442 87 18 JARDIN,
2449 2445 70 12 avenue
2531 2442 40 15 Van
2582 2441 95 16 Becelaere
2689 2441 20 15 «4

2222 2464 66 15 Visites
2305 2466 4 12 :
2326 2462 27 16 lot
2367 2462 14 18 1.
2397 2462 27 15 les
2436 2461 66 18 lundis,
2518 2461 98 15 mercredis
2629 2462 19 14 et
2664 2463 34 13 ven-

2204 2482 60 16 dredis
2277 2482 23 16 de
2315 2482 9 15 2
2339 2482 12 14 à
2366 2482 10 14 4
2391 2481 70 15 heures.

2223 2502 43 14 Lots
2279 2501 10 15 2
2301 2502 18 14 et
2333 2500 15 16 3.
2360 2500 26 16 les
2400 2500 69 15 mardis
2480 2500 18 15 et
2512 2499 59 18 jeudis
2583 2499 22 15 de
2618 2499 12 15 2
2641 2499 10 15 à
2666 2499 9 15 4
2688 2498 13 16 h

2224 2521 35 15 Lot
2270 2521 16 16 4.
2298 2520 18 15 le
2329 2519 96 16 dimanche
2436 2519 22 15 de
2469 2520 11 15 2
2492 2519 18 16 h.
2522 2519 21 14 30
2554 2518 11 15 à
2576 2518 11 15 4
2599 2518 18 15 h.
2628 2518 27 15 30.

2223 2540 48 15 Pour
2283 2539 154 17 renseignements
2450 2537 74 16 locatifs
2535 2540 23 13 ou
2573 2538 62 15 autres
2648 2538 17 14 et
2678 2537 29 15 af-

2206 2559 59 15 lichM
2278 2561 45 13 avec
2336 2558 49 18 plan,
2400 2557 99 16 s'adresser
2511 2560 23 13 en
2548 2556 67 16 l'étude
2629 2556 32 16 des
2674 2557 37 15 dits

2204 2578 87 15 notaires.
2654 2579 9 21 L
2662 2576 7 14 1
2668 2575 41 25 !^

2200 2606 56 16 Etude
2271 2607 22 14 de
2307 2606 67 15 Maitre
2388 2605 76 16 Charles
2478 2605 129 17 COUVREUR,
2622 2604 82 16 Huissier

2301 2628 39 15 Bue
2361 2628 91 17 d'Argent,
2473 2627 26 17 53,
2521 2626 82 18 Enghien

2339 2665 65 15 VILLE
2416 2665 31 15 DE
2459 2664 107 16 SOIGNIES

2220 2687 101 16 L'Huissier
2340 2687 33 15 Ch.
2393 2686 98 16 Couvreur,
2512 2684 65 16 assisté
2597 2685 23 16 de
2639 2685 26 16 M.
2685 2685 20 15 E.

2200 2706 87 17 Richelct,
2301 2708 68 17 expert,
2384 2705 69 15 vendra
2466 2704 135 18 publiquement
2616 2704 16 15 le
2646 2704 60 15 mardi

2201 2726 9 15 2
2225 2726 37 15 mal
2279 2725 44 16 1933.
2339 2725 11 15 à
2367 2725 8 14 1
2391 2725 18 15 h.
2424 2724 21 15 30
2460 2724 22 15 de
2498 2723 74 16 relevée,
2589 2726 22 12 en
2627 2723 18 15 îa
2661 2722 45 16 salle

2201 2744 31 15 des
2245 2744 47 15 fêtes
2304 2744 22 15 de
2337 2744 19 15 la
2367 2743 73 16 Maison
2452 2742 87 18 Libérale,
2552 2742 130 17 Grand'Place,
2695 2741 7 15 i

2201 2764 87 17 Soignles.
2303 2763 33 16 des

2228 2785 104 19 RICHES
2349 2783 132 20 MEUBLES
2497 2783 38 19 DE
2549 2782 133 20 CHATEAU

2220 2811 98 16 Tableaux,
2332 2810 80 16 meubles
2425 2809 80 17 anciens,
2519 2808 105 19 antiquités,
2637 2808 63 18 bijoux

2201 2830 70 18 pianos,
2289 2830 76 18 superbe
2383 2829 86 16 chambre
2486 2828 12 15 à
2516 2828 83 16 coucher,
2618 2827 53 18 loupe
2687 2829 15 13 el

2200 2849 78 15 zebrano
2292 2848 11 15 à
2317 2849 32 15 iits
2362 2848 92 18 Jumeaux,
2469 2848 56 18 piano
2538 2847 91 17 Gunther,
2644 2846 59 19 splen-

2200 2868 42 15 dide
2261 2867 53 16 salon
2333 2868 54 15 Louis
2405 2867 47 16 XIV.
2472 2866 44 19 Jolie
2534 2866 45 15 salle
2599 2866 11 14 à
2630 2868 76 15 manger

2200 2887 53 16 Louis
2266 2887 46 17 XVI.
2324 2886 71 18 acajou,
2410 2888 120 16 marquetesse
2543 2887 19 13 et
2573 2885 73 15 bronze:
2661 2884 45 15 salle

2201 2907 10 14 â
2230 2909 76 15 manger
2323 2906 54 15 Louis
2394 2906 41 15 XIV
2453 2904 73 19 liégeois
2544 2907 24 12 en
2585 2907 64 14 noyer;
2667 2903 38 15 très

2200 2925 46 15 belle
2260 2924 86 16 chambre
2363 2924 11 15 à
2389 2924 78 15 coucher
2482 2927 22 11 en
2521 2926 56 15 noyer
2593 2922 49 17 frisé,
2658 2922 47 18 style

2201 2945 52 14 Louis
2265 2944 32 15 XV
2308 2943 81 17 rocaille;
2402 2943 55 18 piano
2470 2944 49 14 auto.
2530 2942 21 15 88
2563 2942 57 17 notes,
2633 2941 71 18 acajou,

2200 2963 46 18 style
2259 2963 77 18 Empire.
2351 2962 117 15 Installation
2481 2962 22 15 de
2516 2961 70 15 bureau
2599 2960 47 19 style
2652 2960 53 16 Louis

2201 2982 40 15 XVI
2256 2985 24 12 en
2295 2981 63 16 chêne,
2375 2984 43 12 avec
2434 2981 47 15 deux
2496 2979 137 19 bibliothèques.

2220 3001 81 15 Meubles
2312 3003 17 12 et
2340 3000 60 18 objets
2411 3003 80 13 anciens,
2502 2999 80 16 bronzes,
2595 2998 21 16 lit
2628 2998 76 16 chinois.

2201 3020 58 18 grand
2276 3019 70 16 meuble
2363 3019 56 16 Boule
2438 3019 81 15 formant
2537 3018 67 15 vitrine
2622 3017 46 16 écall
2686 3019 19 13 et

2201 3039 70 15 bronze.
2288 3039 7 14 I
2310 3038 74 16 scriban
2398 3038 132 15 incrustations
2544 3037 75 15 d'étain.
2635 3037 70 15 Vitrine

2201 3058 53 15 Louis
2265 3058 41 15 XIV
2316 3057 11 15 k
2339 3058 45 14 trois
2395 3059 80 13 ventaux
2486 3056 55 15 ornée
2551 3056 22 15 de
2584 3056 121 17 marqueterie

2201 3079 17 13 et
2231 3077 71 15 bronze.
2315 3077 51 15 Deux
2379 3077 66 17 petites
2458 3075 76 16 vitrines
2547 3075 121 18 marqueterie
2675 3076 30 13 art

2202 3096 86 18 français.
2312 3095 64 16 Grand
2399 3095 68 15 bureau
2491 3094 84 15 tambour
2598 3094 65 16 acatou
2686 3096 19 13 et

2201 3115 65 15 bronze
2277 3114 46 18 style
2336 3114 77 18 Empire.
2425 3114 71 15 Vitrine
2508 3113 66 17 acajou
2585 3114 18 14 et
2616 3112 89 16 chimères

2201 3134 71 17 bronze,
2291 3133 46 18 style
2356 3133 77 18 Empire.
2452 3132 10 15 2
2480 3132 86 18 superbes
2584 3131 80 16 meubles
2683 3131 22 15 de

2202 3152 52 16 salon
2268 3156 23 12 cn
2305 3153 55 14 ebene
2373 3151 54 16 ornés
2441 3151 22 15 de
2477 3151 76 15 bronzes
2567 3152 18 13 et
2600 3150 63 15 décors
2678 3150 17 15 oi-

2202 3175 55 12 seaux
2277 3170 66 19 (pièces
2358 3171 92 17 uniques».
2467 3170 64 15 Grand
2547 3169 70 16 meuble
2633 3169 72 18 étagère

2201 3191 53 15 Louis
2267 3191 41 15 XVI
2322 3190 45 15 orné
2381 3190 22 15 de
2418 3190 66 14 bronze
2498 3191 17 13 et
2531 3188 70 16 camées
2617 3188 87 18 français.

2201 3210 71 15 Bureau
2285 3209 22 16 de
2319 3209 52 16 dame
2383 3208 126 18 marqueterie,
2521 3207 95 18 garniture
2628 3207 22 15 dc
2661 3207 34 15 che-

2201 3228 59 16 minée
2270 3228 53 15 Louis
2333 3228 32 15 XV
2375 3227 103 18 argenterie
2488 3227 108 15 Wlskeman.
2607 3226 50 15 Beau
2663 3229 33 12 car-

2203 3248 24 15 tel
2239 3245 52 18 bouTe
2304 3250 43 12 avee
2361 3246 52 16 socle.
2427 3245 79 19 Superbe
2519 3245 94 18 garniture
2627 3245 22 15 de
2662 3244 34 16 che-

2202 3266 59 17 minée
2273 3266 68 18 époque
2352 3266 77 17 Empire.
2440 3265 70 15 Bronze
2521 3264 54 15 Louis
2586 3264 41 15 XIV
2639 3264 11 14 â
2663 3264 33 14 che-

2202 3285 29 15 val
2247 3285 23 15 de
2285 3284 126 19 Bouchardon,
2427 3283 79 16 hauteur
2522 3283 9 15 1
2547 3286 24 12 m.
2588 3283 25 15 10.
2629 3283 75 15 Bronze,

2203 3304 17 15 la
2232 3304 48 18 prise
2292 3304 21 15 do
2326 3304 17 15 la
2355 3303 64 16 sirène,
2432 3306 34 15 par
2477 3303 80 14 Moreau.
2569 3302 56 14 Vases
2635 3301 70 17 Sèvres.

2202 3323 101 15 Nombreux
2315 3322 88 15 fauteuils
2415 3323 19 14 et
2445 3321 71 15 chaises
2527 3324 23 12 en
2563 3320 96 19 tapisserie
2672 3323 24 12 an-

2201 3342 69 15 cienne.
2285 3341 101 16 Nombreux
2401 3340 75 15 bronzes
2489 3341 18 15 et
2521 3339 60 18 objets
2595 3339 54 15 d'art.
2664 3339 31 15 Ma-

2201 3361 91 18 gnifiques
2310 3360 63 18 bijoux
2392 3359 54 15 sertis
2464 3358 22 16 de
2505 3358 91 17 brillants,
2617 3357 34 16 tels
2670 3360 35 15 que

2201 3373 78 24 Barette,
2296 3379 77 16 colliers,
2392 3378 72 18 bagues,
2482 3377 132 16 chronomètre,
2632 3377 35 15 etc.

2222 3398 92 15 Tabloaux
2326 3398 32 14 des
2369 3397 52 15 XVIè
2434 3400 23 12 au
2469 3396 45 16 XXe
2527 3395 63 16 siècles
2602 3395 32 15 des
2647 3395 58 15 écoles

2202 3417 106 16 allemande,
2323 3416 101 18 espagnole,
2438 3415 86 18 anglaise,
2538 3414 99 18 flamande,
2652 3414 43 15 fran-

2202 3436 54 18 çaise.
2272 3435 94 16 Italienne.

2223 3455 75 15 Œuvres
2316 3457 23 13 ou
2358 3453 100 16 attribuées
2476 3452 11 16 ft
2507 3455 6 13 :
2531 3452 89 18 Breughel
2639 3452 66 16 Pierre.

2201 3474 62 15 Oellée
2278 3473 71 16 chaude
2364 3473 27 15 dit
2406 3472 16 16 le
2437 3471 81 17 Lorrain,
2534 3472 89 14 Janssens
2638 3471 66 16 Pierre,

2201 3492 130 18 Théotocapuli
2351 3491 109 16 Dominicos.
2481 3491 28 15 dit
2528 3490 65 17 Greco.
2619 3490 27 15 De
2665 3490 40 15 Wet

2201 3511 68 16 Gerrlt.
2290 3511 45 15 Otto
2354 3511 65 16 Venus,
2441 3509 156 16 Vandekerchove,
2619 3510 35 14 etc.

2222 3530 24 15 Le
2263 3531 40 14 tout
2322 3530 11 15 â
2352 3529 39 15 voir
2408 3529 11 15 à
2438 3528 114 18 l'exposition
2571 3527 84 18 publique
2674 3527 31 15 des

2201 3548 97 16 dimanche
2307 3549 21 14 .10
2337 3548 47 15 avril
2394 3549 18 14 et
2422 3547 51 16 lundi
2484 3548 28 14 1er
2523 3546 42 16 mal.
2576 3547 23 14 de
2610 3547 19 14 10
2639 3547 66 15 beures

2202 3568 10 15 â
2227 3568 48 17 ir.iili,
2290 3567 23 15 de
2325 3569 9 12 "-■
2348 3567 65 15 beures
2425 3566 12 15 â
2451 3567 10 14 fl
2474 3566 70 15 heures.
2559 3566 23 14 Le
2595 3566 42 17 jour
2651 3566 22 14 de
2686 3566 18 14 la

2202 3588 60 15 vente,
2280 3587 22 14 de
2319 3587 20 14 10
2358 3586 64 14 heures
2440 3585 11 15 à
2469 3584 50 16 midi.
2536 3585 45 14 Jour
2599 3584 67 18 unlqoe
2684 3584 22 15 de

2202 3606 59 16 vente,
2280 3605 58 15 mardi
2357 3605 10 14 2
2385 3604 43 17 mal.
2447 3604 11 15 à
2478 3604 8 15 I
2505 3604 19 15 b.
2543 3604 20 14 30
2580 3603 76 18 précise.

2222 3623 108 18 Catalogues
2344 3623 146 15 documentaires
2505 3624 18 13 et
2539 3622 61 18 places
2615 3622 91 15 réservées

2201 3642 78 16 délivrés
2295 3642 131 18 gratuitement
2442 3644 32 12 sur
2488 3641 90 15 demande
2593 3644 25 12 en
2635 3641 71 15 l'Etude

2201 3661 23 16 dc
2240 3661 95 16 l'Huissier
2350 3661 80 14 vendeur
2445 3661 17 13 et
2479 3663 23 12 en
2519 3659 17 16 la
2553 3659 49 16 Salle
2618 3659 86 17 Libérale,

2201 3680 11 15 â
2230 3680 88 16 Soi£*ntes.
2335 3679 27 15 les
2378 3679 51 18 Jours
2446 3679 126 17 d'exposition.
2641 3679 64 15 ID2791

2200 3709 56 16 Etude
2268 3708 25 15 du
2307 3708 71 15 notaire
2392 3707 67 15 Robert
2473 3707 29 15 DE
2517 3707 189 18 KEERSMAECKER,

2220 3728 26 17 77,
2265 3731 68 13 avenue
2352 3727 112 18 Brug-mann,
2483 3726 11 16 à
2513 3726 172 16 Forest-Bruxe-He*».

2219 3766 24 15 Le
2255 3765 72 16 notaire
2341 3765 31 15 DE
2385 3765 183 15 KEERSMAECKER
2582 3765 65 17 susdit,
2661 3768 36 12 ven-

2200 3785 33 16 dra
2251 3784 140 19 publiquement,
2410 3784 12 15 ft
2438 3784 18 15 la
2475 3783 45 16 salle
2538 3784 33 15 des
2590 3785 63 14 ventes
2673 3788 30 14 pai

2200 3805 85 15 notaires.
2298 3803 26 17 23.
2337 3807 31 12 rue
2380 3804 24 15 du
2416 3803 54 16 Nerd.
2482 3804 12 14 â
2506 3803 98 16 Bruxelles,
2617 3803 17 15 le
2646 3803 59 16 mardi

2198 3825 10 14 9
2224 3824 37 15 mal
2279 3823 39 16 1933
2342 3823 11 15 ft
2369 3823 69 15 l'heure
2452 3822 31 19 qui
2500 3826 41 12 sera
2559 3822 84 18 Indiquée
2659 3823 47 15 dans

2198 3843 17 16 le
2232 3843 79 15 Bulletin
2325 3842 70 16 officiel
2412 3843 22 15 de
2450 3842 19 15 la
2486 3842 38 16 dite
2541 3842 46 16 salle
2603 3842 23 16 de
2642 3845 9 12 t

2199 3866 33 15 par
2248 3863 86 15 notaires,
2349 3862 17 15 le
2382 3862 42 15 bien
2440 3862 74 15 suivant
2531 3865 6 13 ;

2333 3887 97 15 Commune
2444 3887 23 15 de
2481 3887 90 14 Waterloo

2274 3920 81 29 UNE
2374 3919 124 30 BELLE
2513 3920 122 29 VILLA

2199 3955 103 17 dénommée
2319 3961 8 8 c
2344 3956 33 15 Les
2391 3955 116 16 Charmettes
2525 3961 14 11 ■.
2554 3956 58 15 située
2629 3959 24 12 au
2669 3956 37 16 lieu

2198 3976 27 15 dit
2242 3981 9 9 t
2269 3975 48 16 Petit
2334 3975 52 15 Paris
2404 3980 8 9 ■
2429 3975 12 15 à
2458 3975 51 15 front
2525 3975 23 15 de
2565 3975 18 16 la
2600 3975 58 16 Drève
2674 3976 23 15 Rl-

2197 3995 63 17 chelle.
2277 3998 19 12 n.
2313 3995 16 15 9.
2347 3996 56 16 ayant
2420 3997 37 13 une
2475 3994 65 18 façade
2554 3994 12 15 û
2583 3995 52 15 front
2648 3995 23 15 de
2687 3995 19 16 la

2198 4014 63 18 Drève,
2277 4014 23 15 de
2316 4014 20 15 25
2352 4014 67 15 mètres
2435 4014 21 15 77
2471 4013 124 18 centimètres.
2611 4014 95 16 cadas*réc

2197 4034 70 15 section
2280 4034 21 16 D.
2315 4034 60 17 partie
2388 4033 32 15 des
2433 4037 18 11 n.
2465 4034 20 14 16
2498 4034 23 14 F2
2532 4035 18 13 et
2566 4034 19 15 16
2595 4034 33 17 K2.
2642 4036 54 13 conte-

2197 4055 47 14 nant
2259 4053 72 17 d'après
2345 4056 95 14 mesurage
2455 4053 19 15 15
2489 4056 41 12 ares
2544 4052 19 16 et
2577 4055 127 16 comprenant:

2218 4072 92 15 Sous-sols
2330 4075 5 12 :
2355 4072 10 15 3
2383 4075 59 14 caves,
2461 4072 98 16 chaudière
2578 4075 47 16 pour
2639 4073 57 15 chauf-

2198 4091 41 17 fage
2252 4091 77 16 central.

2218 4110 165 16 Rez-de-chaussée
2399 4114 6 12 :
2422 4111 10 14 4
2448 4111 66 18 places,
2529 4114 54 15 w.-c.
2599 4111 58 18 grand
2673 4115 32 15 ga-

2197 4134 44 14 raft**-
2258 4132 19 14 et
2291 4132 80 14 terrasse
2388 4132 91 15 couverte,
2496 4130 69 19 grande
2582 4134 44 12 cour
2643 4131 61 18 pavée.

2218 4150 56 17 Etage
2291 4154 5 11 :
2313 4150 10 15 3
2338 4150 96 15 chambres
2450 4151 18 14 et
2483 4150 45 16 salle
2543 4150 23 16 de
2578 4150 59 16 bains.

2217 4169 82 16 Combles
2316 4173 5 12 :
2338 4169 44 15 faux
2397 4169 78 18 grenier.

2217 4189 44 16 Eau.
2275 4192 38 15 gaz.
2327 4188 106 17 électricité.

2218 4208 52 16 Libre
2283 4207 133 19 d'occupation.

2217 4227 67 17 Visites
2304 4231 4 11 :
2326 4227 57 18 Jeudi,
2401 4228 70 16 samedi
2489 4229 18 14 et
2525 4228 102 17 dimanche,
2645 4228 22 16 de
2685 4228 19 16 14

2197 4247 11 16 ft
2223 4247 20 15 15
2256 4247 72 16 heures.

2217 4267 56 15 Plans
2290 4268 19 14 et
2328 4267 160 17 renseignements,
2506 4270 23 12 en
2546 4267 67 15 l'étude
2628 4267 25 15 du
2670 4270 25 12 no-

2197 4286 47 15 taire
2259 4286 85 15 vendeur.
2358 4286 103 16 Tétéshone
2476 4286 79 15 44.37.23.
2650 4287 54 14 tD265

2597 4314 52 15 Uccle
2655 4309 12 2 "

2219 4372 24 15 Le
2260 4372 72 15 notaire
2349 4372 135 17 SMEESTERS,
2502 4372 11 14 i
2530 4372 136 15 l'intervention
2683 4372 22 14 de

2199 4395 34 12 son
2249 4391 83 16 confrère
2349 4391 66 15 maitre
2429 4391 45 15 VAN
2491 4391 78 17 BEVER,
2586 4391 69 15 vendra
2672 4393 24 15 pu-

2198 4410 112 18 bliquement
2323 4414 23 12 en
2360 4410 18 15 la
2392 4410 44 15 salle
2449 4410 32 15 des
2494 4412 64 13 ventes
2571 4413 34 15 par
2618 4410 86 16 notaires,

2199 4433 32 12 rue
2241 4430 25 15 du
2275 4430 49 15 Nord
2334 4430 26 17 23,
2371 4429 11 15 à
2393 4429 65 15 Brune!
2460 4430 14 15 le
2477 4433 14 13 s,
2503 4430 16 14 le
2526 4429 59 16 mardi
2592 4430 10 14 2
2611 4430 37 15 mal
2660 4429 39 15 1933

2243 4455 45 15 Ville
2300 4455 22 15 de
2335 4454 92 15 Bruxelles
2442 4454 95 18 (Quartier
2549 4454 24 15 du
2586 4455 75 15 Centre)

2242 4480 43 30 Une
2298 4481 45 29 très
2357 4479 54 30 belle
2425 4479 81 30 Maison
2521 4479 140 30 d'Habitation

2294 4527 21 24 et
2334 4522 26 29 de
2377 4531 119 20 commerce
2514 4520 26 30 de
2559 4531 52 25 gros

2199 4563 36 16 sis©
2247 4566 31 13 rue
2290 4562 133 17 d'Anderlecht.
2437 4562 34 16 148.
2484 4563 56 16 ayr.nt
2551 4562 10 15 8
2573 4563 66 14 metres

2199 4582 69 18 façade,
2288 4581 62 16 entrée
2369 4581 75 16 cochère

2683 4561 22 16 de

2502 4582 51 14 vaste
2573 4580 90 16 bâtiment
2682 4581 22 14 de

2200 4602 44 15 fond
2259 4601 11 15 à
2286 4601 45 15 trols
2345 4600 62 17 étages
2422 4601 19 14 et
2455 4600 144 17 monte-charge,
2614 4600 23 15 de
2652 4603 43 12 cons-

2200 4621 81 15 truction
2291 4620 77 17 récente,
2380 4619 16 16 le
2409 4620 40 15 lout
2460 4620 101 15 contenant
2572 4620 10 14 4
2593 4622 41 12 ares
2647 4620 18 14 13
2677 4622 22 12 ca

2199 4640 21 17 50
2235 4640 36 15 dm.

2220 4665 51 14 Libre
2282 4664 45 16 trois
2339 4663 45 16 mois
2396 4663 53 19 après
2460 4663 18 15 la
2489 4663 59 15 venir.

2220 4690 67 15 Visites
2305 4692 6 13 :
2327 4689 48 15 Tous
2392 4689 27 15 les
2436 4689 51 18 Jours
2505 4687 100 17 ouvrables,
2624 4687 22 16 de
2663 4688 11 15 2
2691 4687 11 16 ft

2199 4709 9 15 5
2223 4709 71 15 heures.

2219 4728 162 17 Renseignements
2400 4728 18 14 ct
2437 4726 54 19 plan»
2508 4726 44 15 cher
2569 4725 27 16 les
2614 4725 37 16 dits
2671 4729 33 11 nn-

2199 4748 61 14 taire:*.
2639 4744 63 16 UÎ3821

2229 4775 57 15 Etude:
2305 4776 24 14 du
2350 4776 71 14 notaire
2440 4774 64 18 REUL.
2525 4777 11 11 a
2555 4774 115 15 Morlanwelz

2280 4813 15 15 A
2314 4812 91 15 VENDRE
2424 4811 29 15 D~
2472 4811 47 15 GRE
2538 4811 14 14 A
2571 4811 48 15 GRE

2361 4829 69 17 BELLE
2450 4830 86 15 MAISON

2197 4850 62 17 Jardin
2274 4850 18 15 et
2307 4849 51 15 vaste
2373 4848 70 17 atelier,
2457 4849 31 14 COT
2503 4849 34 15 m'i.
2552 4848 26 15 sis
2592 4847 10 15 ft
2618 4847 72 16 Morlan-

2197 4869 47 17 welz.
2263 4872 33 12 rue
2313 4868 24 15 du
2355 4867 105 18 Polychène.
2480 4867 48 15 Belle
2547 4867 89 15 situation
2654 4869 45 15 pour

2197 4891 66 15 Caraco
2282 4890 22 12 ou
2325 4888 40 14 tous
2384 4889 114 12 commerces.

2217 4907 47 14 Pnur
2280 4906 53 15 visite
2349 4906 19 14 ct
2385 4905 159 17 renseignements,
2560 4904 99 15 s'adresser
2676 4906 22 12 en

2198 4925 72 16 l'étude.
2636 4922 63 15 -D2233

2276 4956 56 15 Etude
2349 4955 23 15 du
2389 4954 73 16 Notaire
2478 4953 138 17 engi.ubert.

2295 4975 11 15 ft
2321 4973 98 17 Bruxelles,
2437 4976 32 11 rue
2486 4972 72 17 R:yale,
2576 4970 35 18 144.

2219 5013 23 15 Le
2258 5012 26 15 dit
2298 5011 70 16 notaire
2383 5010 68 15 vendra
2465 5009 134 18 publiquement
2611 5008 17 15 le
2643 5008 58 15 mardi

2199 5033 10 14 2
2223 5031 36 16 mal
2275 5031 45 16 191*1,
2334 5033 22 12 en
2368 5029 17 15 la
2399 5028 43 16 ralle
2456 5028 31 15 d-s
2500 5029 63 14 ventes
2577 5031 33 14 par
2621 5029 80 13 notaires

2199 5051 10 15 à
2227 5049 97 16 Bruxelles,
2343 5051 31 12 rue
2391 5047 23 15 du
2429 5047 53 18 Nord.
2498 5046 26 18 23.
2542 5049 34 12 une
2590 5046 111 18 magnifique

2245 5074 159 31 MAISON
2425 5073 52 28 DE
2498 5072 156 29 MAITRE

2199 5115 42 12 avec
2258 5110 27 15 bel
2300 5110 57 15 éta*-e.
2374 5108 80 18 Jardinet
2470 5107 67 15 devant
2552 5108 18 14 et
2585 5107 60 17 Jardin
2660 5107 32 15 der-

2198 5129 51 17 rière,
2268 5129 100 15 richement
2386 5126 78 16 décorée,
2484 5127 10 14 à
2510 5125 65 18 l'angle
2593 5126 24 15 du
2632 5125 68 18 Square

2198 5148 95 16 Amblorlx.
2307 5148 19 14 50
2340 5148 17 13 e*
2373 5146 22 15 de
2410 5145 16 15 la
2440 5148 31 12 rue
2484 5145 31 15 des
2528 5145 86 15 Eburons,
2629 5144 22 16 où
2667 5144 32 15 elle

2197 5172 11 12 a
2220 5167 31 16 des
2265 5165 76 18 façades
2352 5164 107 18 respactlve-s
2472 5163 22 15 dc
2507 5163 19 15 10
2539 5166 23 12 m.
2576 5165 18 13 et
2608 5163 21 15 de
2643 5164 18 14 31
2675 5167 24 11 m.

2197 5186 20 16 48
2229 5187 47 14 cent,
2290 5184 53 15 d'une
2354 5184 111 14 contenance
2480 5182 21 15 de
2515 5182 9 15 3
2538 5185 45 15 ares,
2595 5182 20 16 C5
2628 5185 27 12 ca.

2216 5204 51 16 Libre
2282 5203 10 15 6
2305 5203 45 15 mois
2365 5201 53 18 après
2429 5200 19 16 la
2461 5202 58 14 vente.

2217 5222 56 16 Visite
2289 5221 27 16 les
2331 5220 65 20 lundis,
2410 5219 87 16 mercredi
2513 5220 18 15 et
2547 5219 90 18 vendredi,
2654 5219 21 16 de
2689 5220 10 15 2

2196 5241 11 16 ft
2220 5241 10 15 5
2243 5240 70 16 heures.

2219 5259 80 15 Affiches
2316 5261 44 13 avee
2378 5257 44 20 plan
2435 5261 24 14 en
2475 5256 72 17 l'étude.
2647 5257 53 18 (EC'3

2833 1307 93 15 SOCIETE
2944 1307 163 15 INDUSTRIELLE

2719 1326 41 15 DES
2776 1325 162 16 APPLICATIONS
2955 1326 126 18 CHIMIQUES
3099 1331 10 10 «
3126 1327 68 16 INDAC
3213 1332 7 9 >

2880 1345 70 15 Société
2969 1346 93 14 Annnvmc

2793 1364 26 17 21,
2833 1367 32 11 rue
2879 1364 24 15 du
2918 1364 84 18 Congrès,
3017 1365 130 15 BRUXELLES

2740 1414 43 15 MM.
2800 1413 26 16 les
2842 1413 124 16 actionnaires
2981 1415 41 14 son*,
3039 1414 48 19 priés
3103 1414 94 16 d'assister
3213 1414 10 16 ft

2720 1432 111 16 l'assemblée
2846 1432 83 18 générale
2945 1433 144 16 extraordinaire
3104 1434 31 17 qui
3150 1437 19 12 se
3176 1434 38 15 tien-

2721 1451 33 15 dra
2775 1451 17 15 le
2814 1451 88 16 mercredi
2925 1452 19 15 17
2966 1452 43 17 mal,
3031 1452 11 15 ft
3066 1453 18 15 11
3107 1453 70 17 heures,
3200 1456 23 12 au

2721 1470 98 15 Résidence
2835 1470 70 18 Palace,
2923 1471 34 17 149,
2975 1474 32 12 rue
3023 1471 22 16 de
3062 1471 18 16 la
3096 1472 36 17 Loi,
3150 1472 11 15 ft
3178 1472 36 15 Bru-

2722 1488 60 16 xelles.

2867 1509 79 15 ORDRE
2957 1509 32 16 DU
3001 1510 59 15 JOUR
3073 1512 6 13 :

2723 1533 13 15 1.
2748 1533 102 16 Réduction
2863 1534 24 15 du
2900 1533 69 19 capital
2982 1534 21 15 dc
3016 1534 95 17 20.000,000
3124 1534 10 15 ft
3149 1535 45 16 1.000
3202 1535 22 15 fr.

2752 1555 35 15 par
2797 1552 18 15 la
2827 1553 116 17 suppression
2955 1553 22 15 de
2988 1553 18 15 la
3017 1553 64 16 valeur
3091 1554 92 15 nominale
3195 1555 31 14 des

2753 1572 71 14 actions
2834 1571 23 15 de
2868 1572 74 17 capital,
2955 1571 17 16 la
2984 1575 67 12 somme
3063 1572 22 15 de
3097 1573 22 15 lr.
3133 1573 93 16 19.999.000

2754 1591 48 15 ainsi
2817 1590 153 19 comptablement
2987 1591 17 15 di
3007 1591 80 15 '«omble
3103 1592 68 15 devant
3188 1592 38 15 étre

2753 1609 80 15 affectéo
2847 1609 11 15 à
2873 1610 32 15 des
2919 1610 76 15 amorti';
3000 1612 80 13 »e:nc:its.

2723 1628 15 15 2.
2749 1628 120 18 Suppression
2885 1629 32 15 des
2933 1629 71 15 actions
3019 1629 22 15 de
3057 1629 74 19 capital,
3148 1630 31 15 des
3196 1633 21 12 ac-

2754 1648 49 14 tions
2817 1647 22 15 de
2853 1647 96 16 dividende
2961 1650 20 13 e:
2995 1648 31 15 des
3041 1649 71 14 actions
3126 1649 101 15 ordinaires

2753 1668 20 13 et
2786 1666 88 17 création,
2887 1669 46 15 pour
2946 1666 26 16 les
2987 1667 99 18 remplacer
3099 1667 22 15 dc
3135 1668 47 15 6.000
3196 1671 21 12 ac-

2754 1685 49 15 tions
2817 1685 22 15 de
2854 1686 108 17 jouissance.
2977 1686 146 16 Détermination
3139 1686 31 16 des
3184 1690 34 12 con-

2754 1704 68 15 ditions
2838 1704 22 15 de
2874 1704 94 19 l'échange
2983 1705 32 15 des
3030 1705 58 16 titres.
3105 1705 86 16 Création
3205 1706 22 15 dc

2754 1726 94 15 coupures.

2724 1741 15 15 3.
2750 1742 142 17 Augmentation
2907 1742 25 16 du
2948 1742 69 19 capital
3032 1746 46 16 pour
3094 1743 17 16 le
3127 1744 63 18 porter
3206 1744 22 15 dc

2757 1761 46 16 1.000
2822 1761 23 15 fr.
2866 1761 11 15 à
2898 1762 93 17 16.001,000
3011 1762 23 16 fr.
3054 1765 35 15 par
3108 1762 18 15 la
3146 1763 82 15 création

2756 1780 21 15 de
2796 1780 57 16 32.000
2873 1781 71 15 actions
2961 1780 113 19 privilégiées
3093 1781 54 16 d'une
3167 1781 61 17 valeur

2755 1799 92 15 nominale
2860 1799 22 15 de
2895 1799 30 15 500
2938 1799 23 16 fr.
2974 1800 82 15 chacune
3069 1800 10 15 ft
3092 1800 65 16 libérer
3169 1801 60 18 partie

2756 1821 23 12 cn
2789 1818 103 15 numéraire
2902 1821 17 12 et
2930 1819 60 17 partie
3000 1822 34 15 par
3044 1819 78 18 l'apport
3133 1819 22 16 de
3164 1820 55 15 créan-

2755 1840 31 11 ces
2803 1837 11 14 ft
2832 1837 67 17 chargo
2917 1837 22 15 do
2955 1837 19 15 la
2992 1838 72 17 société.
3083 1838 145 16 Détermination

2755 1856 32 14 des
2802 1856 57 15 droits
2873 1856 85 15 accordés
2974 1860 35 11 aux
3025 1857 70 15 actions
3111 1857 117 19 privilégiées.

2725 1874 15 15 4.
2752 1875 77 15 Pouvoir
2840 1875 10 14 à
2862 1875 70 15 donner
2942 1879 23 11 au
2976 1876 71 15 Conseil
3059 1876 170 16 d'Administration

2757 1896 46 15 pour
2824 1895 94 14 constater
2940 1894 152 18 l'augmentation
3115 1896 25 15 du
3161 1896 69 17 capital

2755 1912 37 15 soit
2808 1912 12 15 à
2837 1912 18 16 la
2870 1913 49 15 suite
2935 1913 55 16 d'une
3007 1914 121 18 souscription
3145 1915 84 18 publique

2756 1931 96 18 d'actions,
2869 1932 36 15 soit
2922 1932 53 18 après
2991 1933 51 15 avoir
3057 1933 52 16 réuni
3126 1935 103 14 autrement

2756 1949 18 16 le
2788 1953 83 12 nouveau
2885 1951 74 17 capital.

2727 1969 15 14 5.
2753 1969 128 16 Modification
2893 1973 35 12 aux
2940 1969 73 16 articles
3026 1970 204 17 1-5-17-28-38

2728 1994 8 4 -
2749 1988 20 15 42
2782 1990 19 13 et
2814 1989 20 14 44
2846 1988 33 15 des
2892 1990 70 14 statuts
2974 1992 47 15 pour
3033 1989 26 16 les
3072 1992 66 13 mettre
3151 1994 23 12 en
3187 1994 34 12 con-

2757 2006 90 16 cordance
2862 2010 43 12 avec
2920 2007 27 15 les
2962 2007 109 16 résolutions
3085 2009 58 18 prises
3158 2013 32 12 sur
3205 2009 26 16 les

2757 2025 60 18 objets
2837 2026 31 18 qui
2887 2026 98 18 précèdent
3005 2029 19 14 ei
3043 2030 46 16 pour
3108 2028 85 16 modifier
3212 2028 18 16 la

2758 2044 137 16 dénomination
2907 2045 72 15 sociale.
2989 2046 146 16 Détermination
3147 2047 22 16 de
3176 2047 46 19 l'épo-

2758 2066 35 15 que
2805 2063 21 16 de
2836 2064 46 15 mise
2894 2067 23 12 cn
2929 2064 75 17 vigueur
3015 2065 22 15 de
3048 2068 30 12 ces
3089 2066 142 16 modifications.

2748 2082 48 15 Pour
2815 2082 76 16 assister
2910 2084 11 13 a
2941 2085 48 14 cette
3010 2084 103 17 assemblée,
3132 2084 27 16 les
3179 2086 53 15 titres

2728 2100 76 16 devront
2824 2101 39 17 être
2882 2101 80 19 déposés,
2983 2102 47 16 dans
3048 2103 27 16 les
3094 2103 59 16 délais
3171 2106 51 14 statu-

2728 2120 57 15 taires
2801 2123 6 11 :

2748 2140 15 14 A
2773 2139 93 15 Bruxelles
2879 2142 6 12 :
2896 2139 11 15 ft
2917 2139 19 16 la
2947 2140 63 16 Caisse
3020 2140 90 17 Générale
3122 2141 22 16 de
3154 2142 78 19 Reports

2770 2159 18 14 et
2805 2158 22 15 de
2844 2158 73 18 Dépôts,
2935 2162 32 12 rue
2984 2159 32 16 des
3032 2160 88 18 Colonies.
3140 2161 26 17 11;
3185 2161 11 16 k
3214 2161 5 4 '

2769 2177 75 17 Banque
2863 2177 18 15 L.
2900 2178 27 15 W.
2946 2178 40 16 Van
3004 2179 132 18 Campenhout.
3154 2180 26 17 21.
3200 2184 20 12 ru

2769 2195 24 16 du
2807 2195 88 19 Congrès;

2748 2214 16 16 A
2777 2215 69 15 Anvers
2863 2218 4 12 :
2883 2215 11 15 ft
2908 2215 19 15 la
2941 2216 75 18 Banque
3030 2217 89 16 Générale
3133 2218 24 16 de
3171 2218 61 16 Crédit

2770 2235 19 14 et
2803 2234 118 18 d'Escompte,
2939 2235 24 16 18.
2979 2238 32 13 rue
3025 2236 84 17 Oudaen:

2748 2252 15 16 A
2778 2253 55 15 Gand
2851 2256 5 12 :
2873 2254 11 14 â
2900 2253 19 15 la
2934 2254 75 18 Banque
3025 2255 90 16 Générale
3132 2256 22 15 de
3170 2256 62 16 Crédit

2769 2274 19 13 et
2803 2272 113 18 d'Escompte
2931 2273 32 15 des
2978 2273 92 20 Flandres,
3088 2275 25 17 16,
3128 2278 32 13 rue
3175 2276 58 18 Digue

2770 2291 22 15 do
2807 2291 88 15 Brabant.

2729 2309 64 15 D3144)
2911 2311 23 15 Le
2949 2311 71 16 Conseil
3036 2312 174 17 d'Administration,

2769 2338 108 16 LUTERMA
2895 2339 73 16 BELGE
2986 2348 8 4 -
3011 2341 70 15 Société
3099 2342 92 17 Anonyme

2789 2358 26 16 50,
2827 2361 32 11 rue
2869 2358 24 15 du
2905 2358 106 20 Transraal,
3022 2360 149 16 ANDERLECHT

2749 2394 43 17 IBC
2807 2395 28 15 les
2850 2396 126 15 Actionnaires
2992 2398 41 14 sont
3049 2397 49 19 priés
3113 2398 94 17 d'assister
3222 2410 10 5 ..

2729 2413 113 16 l'Assemblée
2860 2415 90 16 Générale
2969 2416 31 18 qui
3019 2419 46 13 aura
3084 2417 35 16 lieu
3139 2421 23 12 au
3181 2418 51 18 Siège

2728 2432 65 18 Social,
2807 2433 17 15 le
2839 2433 51 16 lundi
2905 2434 19 15 15
2938 2435 38 15 mai
2990 2435 94 18 prochain,
3100 2436 11 15 ft
3127 2437 19 15 14
3161 2437 65 16 heures

2874 2453 78 16 ORDRE
2964 2454 31 16 DU
3007 2455 60 15 JOUR
3081 2458 4 12 :

2750 2471 14 15 1.
2776 2471 81 18 Rapport
2871 2472 24 15 du
2908 2472 72 16 Conseil
2993 2473 171 18 d'Administration
3177 2476 18 15 et
3209 2476 23 15 du

2790 2490 134 18 Commissaire;

2749 2508 16 15 2.
2777 2510 123 17 Approbation
2920 2510 23 16 du
2964 2511 51 16 bilan
3034 2513 18 14 et
3072 2512 24 16 du
3116 2513 75 19 Compte
3211 2514 22 15 dc

2791 2528 68 16 Profits
2878 2531 18 13 et
2915 2530 67 15 Pertes.
3002 2531 83 15 Exercice
3105 2532 46 15 1932:

2749 2546 15 16 3.
2776 2547 93 18 Décharge
2883 2548 11 14 â
2910 2548 70 17 donner
2994 2553 36 12 aux
3045 2550 163 17 Administrateurs

2791 2566 134 17 Commissaire;

2750 2585 16 14 4.
2776 2585 23 17 m
2800 2588 46 12 vers.
3170 2590 62 15 *D4*"83

2759 2613 143 17 COMMISSION
2918 2616 155 16 D'ASSISTANCE
3090 2618 110 18 PUBLIQUI.

2897 2634 17 14 d'
2916 2635 149 16 ANDERLECHT

2832 2671 169 17 ADJUDICATION
3017 2674 113 18 PUBLIQUE

2795 2715 75 18 llôpltal
2886 2715 47 18 civil,
2950 2720 32 11 rue
2997 2717 22 15 de
3033 2717 97 19 Neerpede.
3146 2719 19 15 81

2752 2740 85 15 Travaux
2848 2740 22 15 de
2881 2742 52 13 con.-.t
2935 2744 31 12 rue
2968 2741 38 16 tion
3018 2742 24 15 du
3055 2745 41 15 gros
3108 2744 60 15 œil/rc
3181 2746 17 13 et
3211 2744 24 16 du

2731 2758 152 18 parachèvement
2901 2760 32 14 des
2952 2761 171 18 agrandissements,
3144 2763 82 16 transfor-

2731 2778 79 15 mations
2829 2780 17 13 et
2866 2778 153 19 aménagements.

2751 2796 161 18 Renseignements
2929 2802 5 10 :
2950 2801 32 12 rue
2997 2799 40 15 Van
3051 2799 47 17 Lint,
3114 2800 10 15 4
3143 2801 54 18 (siège
3213 2801 21 15 de

2731 2815 168 16 ''adminis-.ration'
2920 2820 23 12 ou
2961 2817 11 15 ft
2988 2817 113 17 l'architecte
3119 2819 30 16 DE
3167 2820 66 15 PRAE-

2731 2834 63 16 TER5.
2807 2838 29 11 av.
2847 2835 96 18 Hippolyte
2955 2836 100 19 Limbourg.
3067 2838 15 16 4.
3096 2838 11 15 à
3119 2839 104 15 Anderlech

2755 2853 74 16 iCahier
2846 2854 32 15 des
2895 2855 77 18 charges
2989 2857 18 14 et
3025 2856 53 18 pians
3098 2860 5 12 :
3122 2858 30 14 200
3170 2858 31 15 fr.)

2750 2872 119 15 Soumissions
2891 2877 5 10 :
2915 2875 146 15 recommandées
3080 2875 11 16 à
3110 2876 17 15 la
3146 2878 51 17 poste
3215 2877 17 16 le

2729 2890 21 15 27
2764 2892 37 14 mai
2818 2892 45 16 1933.
2880 2895 23 12 au
2919 2892 40 19 plus
2975 2894 41 15 tard
3033 2898 22 12 ou
3072 2896 74 14 remises
3161 2899 24 13 au
3200 2896 22 15 Se-

2729 2909 93 18 crétariat,
2841 2914 31 12 rue
2889 2911 40 16 Van
2946 2912 47 18 Lint,
3011 2914 16 17 4.
3045 2916 56 13 avant
3119 2914 16 16 le
3152 2915 20 15 29
3189 2916 42 16 mai.

2729 2933 10 10 a
2758 2929 18 15 11
2793 2929 71 16 heures.

2753 2947 101 16 Ouverture
2868 2949 32 15 des
2914 2950 117 16 soumissions
3048 2954 5 12 :
3068 2951 17 16 le
3100 2952 20 16 29
3136 2953 36 15 mal
3190 2953 43 17 1933,

2728 2966 11 15 â
2758 2967 18 15 15
2792 2967 56 16 heure
2848 2971 16 12 s.
3033 2971 7 6 *
3167 2972 65 15 -D2998

2799 3029 125 30 CHACUN
2943 3031 78 29 PEUT
3040 3033 130 29 DEVENIR

2764 3075 442 50 MILLIONNAIRE

2771 3146 22 12 en
2811 3144 88 16 achetant
2915 3145 11 15 ft
2943 3146 59 16 crédit
3018 3147 32 15 des
3067 3147 110 19 obligations
3193 3149 10 15 à

2770 3162 35 16 lots
2823 3164 93 16 garanties
2932 3168 35 14 par
2984 3165 55 16 l'Etat
3057 3167 54 18 Belge
3130 3170 6 12 :

2812 3182 127 17 DEVASTEES
2957 3184 39 15 1921
3013 3192 9 5 -
3040 3185 40 16 1922
3097 3195 9 4 _
3123 3186 41 16 1323
3189 3189 10 10 •

2770 3200 88 18 Emprunt
2875 3201 54 18 Belge
2945 3203 41 15 1932
3002 3211 9 5 .
3027 3204 42 15 Lots
3086 3205 60 18 Congo
3164 3206 40 15 1888

2845 3227 84 16 CREDIT
2944 3228 129 17 COMMUNAL
3088 3230 40 16 1932

2769 3251 86 18 payables
2870 3255 34 15 par
2918 3253 57 18 petits
2989 3256 111 15 versements
3114 3256 91 16 mensuels

2770 3270 11 15 ft
2798 3271 60 17 partir
2874 3271 23 16 de

2789 3305 18 33 9
2827 3304 145 37 FRANCS
2993 3306 75 36 PAR
3089 3308 92 36 MOIS

2790 3351 15 15 H
2821 3354 12 15 y
2847 3355 12 12 a
2874 3352 20 15 54
2911 3353 68 18 tirages
2995 3358 34 15 par
3044 3358 24 13 an
3084 3359 119 15 comprenant

2761 3370 46 17 1.060
2818 3374 41 15 gros
2871 3371 35 16 lots
2917 3375 46 15 pour
2974 3376 25 13 un
3012 3376 86 15 montant
3109 3376 47 15 total
3167 3376 23 16 de
3199 3379 5 12 :

2898 3391 95 17 69.650,000
3012 3393 63 16 franei

2790 3420 33 16 Les
2838 3422 100 18 prochains
2954 3424 69 18 tirages
3038 3427 67 14 auront
3122 3426 35 16 lieu

2813 3452 19 16 10
2846 3453 39 16 mal
2960 3455 8 15 i
2980 3454 26 17 lot
3027 3456 22 15 de
3060 3457 68 16 250.000
3139 3457 23 16 fr.

2958 3474 8 15 1
2978 3474 26 16 lot
3025 3475 23 15 de
3060 3476 66 15 100.000
3137 3477 24 15 fr.

2813 3491 20 15 20
2853 3491 38 16 mal
2960 3493 11 15 2
2982 3493 35 16 lots
3028 3494 22 15 de
3062 3495 66 16 100.000
3140 3496 23 15 fr.

2960 3512 10 15 3
2981 3512 36 16 lots
3027 3513 23 15 de
3071 3514 57 16 50.000
3139 3515 23 15 fr.

2950 3531 20 15 15
2981 3531 35 15 lots
3027 3532 23 15 de
3072 3533 56 16 10.000
3139 3534 23 15 fr.

2832 3548 21 15 25
2869 3549 38 15 mal
2961 3550 7 15 1
2980 3550 27 16 lot
3027 3551 23 15 de
3060 3552 68 16 500.000
3139 3553 23 15 fr.

2949 3569 20 15 33
2981 3569 35 16 lots
3027 3570 22 15 de
3070 3571 57 16 25.000
3138 3572 23 15 fr.

2772 3592 20 15 10
2808 3592 22 15 de
2846 3596 33 12 nos
2895 3593 65 15 clients
2977 3594 98 18 possédant
3092 3596 70 15 chacun
3179 3601 25 11 un

2772 3611 45 17 titre
2833 3612 23 14 de
2872 3612 98 18 l'emprunt
2988 3613 40 17 US
3044 3614 46 15 série
3107 3619 18 11 n.
3143 3617 61 15 28*)fl»;

2770 3630 56 15 sortie
2839 3634 23 11 au
2877 3632 58 16 tirace
2949 3633 23 14 du
2986 3633 21 15 2.1
3020 3634 46 14 avril
3079 3635 18 13 et
3111 3635 83 15 rembour-

2770 3649 50 15 sable
2842 3653 34 14 par
2897 3651 58 18 2.-,jpn
2977 3652 17 14 fr
3002 3663 5 4 .
3030 3654 79 16 gagnent
3132 3654 69 15 rhaïuu

2925 3671 48 15 •.'..-■OO
2989 3671 62 16 francs

2795 3697 47 15 Pour
2865 3698 42 15 tous
2931 3699 160 19 renseignements,
3116 3700 88 20 découper

2770 3717 49 14 cette
2833 3719 83 13 annonce
2931 3718 19 14 et
2965 3718 115 16 renvovez-la
3095 3722 43 14 avec
3154 3723 51 14 votre

2771 3735 73 16 adresse
2855 3735 57 16 écrite
2924 3736 108 17 lisiblement
3043 3737 12 16 à
3066 3737 13 17 1*

2800 3772 130 29 UNION
2958 3773 211 31 CENTRALE

2834 3815 53 29 DE
2907 3816 52 29 LA
2979 3817 160 30 BOURSE

2805 3860 24 17 10.
2848 3864 32 12 rue
2896 3861 22 16 de
2935 3861 18 15 la
2971 3862 73 17 Bourse,
3062 3863 92 16 Bruxelles

2780 4180 29 14 On
2824 4182 46 12 nous
2885 4180 38 17 prie
2939 4180 111 15 d'annoncer
3065 4179 16 16 le
3096 4179 53 16 décès
3164 4180 22 15 de

2766 4206 154 28 Monsieur
2938 4205 114 29 Adrien
3072 4205 120 29 LEROI

2823 4248 83 18 Employé
2919 4249 32 14 des
2964 4249 83 14 Douanes
3061 4248 76 15 retraité

2800 4274 61 17 Epoux
2878 4274 21 15 de
2917 4274 56 15 Dame
2990 4274 58 15 Marie
3065 4274 94 15 HUGUET

2758 4298 24 16 né
2797 4299 11 15 ft
2824 4299 24 15 La
2850 4299 77 15 cuisine-
2929 4299 50 15 Flore
2981 4303 12 11 n
2995 4299 46 15 ville.
3057 4299 21 16 30
3094 4299 44 15 août
3155 4299 44 17 1851.

2759 4319 18 14 et
2790 4321 12 15 y
2814 4317 66 16 décédé
2892 4318 17 15 le
2922 4318 20 15 27
2955 4318 46 15 avril
3016 4318 44 15 1933.

2779 4337 32 15 Les
2826 4337 106 21 funéra.yies
2945 4339 68 14 auront
3025 4337 37 16 lieu
3075 4337 11 16 à
3100 4337 100 18 Lacuislne.

2759 4356 16 15 le
2790 4357 97 15 dimanche
2903 4357 21 14 30
2939 4356 47 16 avril
3003 4357 45 16 1933.
3065 4357 11 15 à
3094 4357 20 15 15
3129 4357 71 16 heures.

2778 4375 33 15 Les
2834 4376 46 15 amis
2903 4377 18 14 et
2943 4376 142 15 connaissances
3107 4377 36 17 qui.
3166 4380 34 15 par

2758 4395 54 16 oubli,
2829 4395 52 15 n'ont
2897 4398 33 15 pas
2947 4398 42 15 reçu
3005 4395 23 15 de
3044 4395 54 16 lettre
3114 4396 22 15 de
3153 4396 47 15 faire

2757 4415 48 17 part,
2821 4416 42 13 sont
2877 4413 49 20 priés
2940 4414 22 15 de
2977 4414 104 16 considérer
3095 4414 17 16 le
3126 4415 73 18 présent

2758 4433 40 14 avis
2811 4436 68 12 comme
2892 4436 23 12 en
2930 4435 64 13 tenant
3008 4433 42 15 lieu.
3135 4434 66 15 «DS037

2779 4474 29 15 On
2825 4477 83 12 annonce
2923 4474 17 15 le
2956 4474 53 15 décès
3025 4474 22 15 de

2805 4498 93 15 Monsieur
2914 4499 84 15 Fernand
3015 4499 137 16 MOSSELMAN

2945 4525 67 14 Avocat

2891 4543 68 15 Ancien
2980 4543 86 16 sénateur

2757 4568 66 15 décédé
2840 4568 130 18 Inopinément,
2988 4568 16 15 le
3022 4569 20 15 26
3060 4569 45 15 avril
3124 4569 45 17 1933.
3187 4569 11 15 ft

2757 4587 199 18 St-Josse-ten-Noode,
2977 4588 47 15 dans
3043 4591 20 12 sa
3084 4589 30 14 80e
3135 4590 64 14 année.

2778 4607 32 14 Les
2832 4606 106 15 funérailles
2958 4606 62 16 civiles
3041 4608 67 14 auront
3130 4607 35 15 Heu
3187 4607 11 15 à

2757 4625 105 18 Pâturages,
2877 4625 16 15 le
2907 4626 97 15 dimanche
3018 4625 20 15 30
3052 4626 52 16 avril,
3119 4626 23 15 où
3157 4626 32 16 l'In-

2758 4645 96 15 humation
2869 4648 19 12 se
2904 4644 40 15 fera
2961 4646 47 14 dans
3023 4645 17 15 le
3056 4648 68 12 caveau
3141 4645 22 16 de
3180 4646 19 14 la

2757 4663 75 15 famille.

2777 4682 83 16 Réunion
2876 4685 24 13 au
2916 4682 92 16 cimetière
3024 4683 23 15 de
3064 4683 104 18 Pâturages,
3186 4683 11 15 ft

2758 4701 18 15 Il
2790 4701 70 15 heures.

2776 4720 98 17 Bruxelles,
2891 4720 23 17 14.
2930 4724 31 11 rue
2975 4720 127 18 Hydraulique.
3165 4721 29 16 (A)

3318 1235 35 18 I»
3355 1235 40 18 -R,
3397 1234 34 19 O
3433 1233 168 20 CUt-A-lVI
3603 1232 45 19 »Œ
3650 1233 33 18 JEI

3361 1265 23 15 du
3397 1264 95 16 dfmanchc
3504 1264 20 15 30
3535 1263 46 17 avril
3593 1264 40 15 1933

3435 1308 130 16 BRUXELLES

3300 1340 88 16 Emission
3403 1339 92 17 française
3504 1342 5 12 :
3524 1338 48 17 COS.C
3586 1342 30 13 m..
3630 1339 21 15 15
3665 1339 34 14 kw.

3272 1378 14 13 :,:
3306 1373 20 15 10
3340 1372 18 16 h.
3376 1375 5 12 :
3398 1371 97 16 Orchestre
3510 1370 89 16 direction
3613 1370 19 15 P.
3648 1369 87 16 Leemans
3743 1371 6 13 :

3250 1391 72 17 Marche
3335 1390 108 19 triomphale
3455 1390 22 15 de
3488 1389 65 19 Slgurd
3565 1389 91 15 Jorsalfar
3670 1388 80 17 iGrieci;

3247 1411 55 16 Notre
3317 1411 80 17 Strauss,
3414 1409 47 16 fant.
3480 1408 29 19 (H.
3526 1408 69 16 Webcn
3601 1411 4 14 ;
3622 1407 90 17 Sérénade
3728 1407 23 15 de

3247 1430 80 15 MllenSta
3350 1429 23 17 (J.
3395 1428 84 17 Blockx";
3501 1427 92 16 Fantaisie
3614 1430 31 12 sur
3664 1427 33 15 Les
3717 1426 33 15 Pc-

3259 1449 54 15 heurs
3325 1448 22 16 de
3360 1448 60 16 Perles
3435 1448 75 16 iBizeu;
3524 1447 90 15 Romance
3628 1449 44 15 pour
3686 1445 65 18 violon,

3248 1468 69 15 soliste:
3340 1467 19 16 F.
3384 1467 50 18 Wlgy
3460 1466 116 16 iSvcndseni;
3601 1464 150 16 Divertissement

3248 1487 107 18 rapsodlquc
3377 1489 32 12 sur
3430 1485 31 16 des
3483 1485 92 16 chunsons
3596 1484 103 18 populaires
3724 1483 27 17 tP.

3248 1505 103 17 Leemans);
3371 1505 107 15 Mascarade
3500 1503 105 16 -Sullivan*.
3629 1504 15 16 *
3668 1503 19 15 11
3706 1502 18 15 h.
3745 1505 6 12 :

3248 1525 78 15 Concert
3343 1527 5 13 :
3365 1524 23 16 Le
3405 1526 53 16 quart
3474 1523 75 16 d'heure
3565 1523 24 15 du
3604 1522 55 17 plane-
3678 1525 5 12 ;
3700 1522 52 15 Mcn-

3249 1543 85 16 d'-lssohn
3352 1546 5 11 :
3374 1545 19 14 a)
3412 1543 30 15 3Gc
3459 1545 90 15 romance,
3566 1541 94 18 sérénade;
3678 1540 75 16 scherzo

3339 1562 76 15 Fileuse:
3434 1562 24 14 La
3475 1561 71 17 chasse;
3565 1564 17 12 ci
3601 1560 63 15 Rondo
3681 1560 71 16 caprlc-

3250 1578 54 20 cîoso;
3319 1581 17 15 2)
3353 1581 96 16 Carnaval,
3464 1583 48 14 ouv.;
3527 1580 18 15 3»
3562 1580 119 18 Impressions
3696 1579 57 15 d'Ita-

3298 1600 128 19 Charpentlcr)
3432 1603 4 12 :
3454 1602 19 13 ai
3492 1599 97 16 Sérénade:
3606 1598 19 16 bi
3644 1599 13 14 A
3675 1597 17 16 la
3710 1598 32 14 fon-

3251 1619 56 18 taine;
3321 1621 17 13 ci
3353 1619 15 15 A
3381 1619 63 15 mule.-.;
3458 1618 20 15 d>
3493 1618 35 15 Sur
3540 1618 26 15 les
3579 1618 62 16 cimes;
3655 1619 17 15 e)
3688 1616 65 19 Ncpoll

3310 1637 139 19 Charpenticn:
3467 1638 18 16 4|
3504 1637 25 15 La
3547 1637 27 15 vie
3591 1636 53 16 brève
3664 1639 4 12 :
3686 1636 66 15 danses

3300 1657 67 16 chœur,
3390 1657 89 15 direction
3500 1656 65 15 Bastln
3590 1655 29 16 ide
3641 1654 58 17 Fallai
3704 1658 6 13 ;
3732 1655 18 17 5)

3249 1676 75 18 Joyeuse
3340 1675 80 19 marche,
3435 1675 89 15 direction
3540 1674 73 16 Gauber
3615 1676 7 13 t
3641 1674 110 15 -Chabrlen.

3289 1695 19 15 12
3320 1695 18 15 h.
3353 1698 5 12 :
3372 1695 97 15 Orchestre
3482 1694 89 15 direction
3585 1693 75 16 Charles
3673 1693 79 18 Walpot:

3250 1713 32 15 Les
3295 1714 37 15 airs
3345 1714 24 15 du
3382 1713 55 16 Poilu,
3451 1713 87 15 sélection
3554 1712 108 17 'Salaberti;
3676 1711 77 16 L'Etaile

3251 1732 73 17 polaire,
3341 1732 48 15 valse
3407 1731 133 18 (Waldteufeli:
3556 1732 101 15 Ouverture
3672 1731 25 15 La
3712 1731 42 15 Ser-

3263 1751 147 16 amc-Maltresse
3428 1751 85 19 -Suppêi;
3529 1751 61 15 Chant
3606 1750 41 15 club
3662 1750 43 15 Jazz
3720 1750 23 15 At-

3252 1770 84 16 traction,
3352 1770 96 16 direction:
3464 1770 18 15 L.
3498 1768 88 20 LanglolS.
3603 1769 59 15 Chant
3679 1772 34 15 par
3728 1769 25 15 M.

3251 1789 82 16 Rubcau:
3348 1789 18 16 5i
3383 1789 53 15 Fant.
3451 1789 37 15 Der
3501 1788 129 16 Tcule'sreiter
3648 1788 105 16 -Kalman»;

3252 1808 80 15 Extraits
3348 1808 140 19 symphonlques
3504 1808 22 14 de
3543 1807 92 16 Phllémon
3653 1809 18 13 et
3688 1807 66 15 Baucls

3255 1827 100 16 (Gounod).
3376 1828 14 17 t
3412 1827 19 15 13
3445 1827 19 16 h.
3481 1830 5 12 :
3502 1826 84 16 Bulletin.
3613 1830 9 12 .:
3643 1826 20 15 13
3678 1826 17 15 h.
3712 1827 19 13 10
3748 1829 6 11 :

3252 1847 83 15 Concert.
3357 1847 15 16 *
3394 1846 20 15 13
3431 1846 17 15 b.
3465 1846 21 15 30
3505 1849 4 11 :
3528 1846 23 15 La
3569 1845 65 16 Cloche
3652 1845 22 15 de
3691 1844 63 17 vérité,

3253 1865 62 16 sketch
3329 1864 84 18 Lauviiîe.
3427 1864 100 19 interprété
3540 1867 33 16 par
3586 1864 42 15 Mlle
3641 1864 55 16 Korb.
3710 1864 45 15 MM.

3253 1884 58 16 Léane
3327 1885 19 14 ct
3360 1883 83 16 Génlcot.
3464 1885 15 16 *
3501 1884 20 15 13
3536 1884 19 15 h.
3573 1883 18 15 10
3609 1886 5 12 :
3631 1884 83 14 Concert.
3735 1884 15 16 «

3255 1903 18 15 lfi
3292 1903 18 15 h.
3357 1903 76 15 Concert
3453 1902 59 17 donné
3532 1905 23 12 au
3575 1902 138 16 Conservatoire
3733 1902 22 15 de

3253 1922 57 17 Mons,
3322 1924 35 16 par
3368 1921 106 16 l'orchestre
3485 1923 19 14 ct
3518 1921 26 15 les
3556 1921 72 15 chœurs
3641 1921 24 16 du
3678 1921 68 15 Conser-

3253 1941 75 17 vatoire,
3342 1940 90 16 direction
3446 1940 49 16 Alex.
3510 1941 26 15 De
3550 1941 54 17 Taye.
3619 1940 34 15 dlr.
3669 1940 24 16 du
3708 1940 38 15 Con-

3253 1960 99 15 servatoire
3368 1959 22 15 de
3406 1960 53 15 Mons
3475 1961 19 13 ot
3509 1959 23 15 de
3547 1959 62 16 Gand:
3627 1959 42 15 Mlle
3685 1959 71 15 Jeanne

3252 1979 54 17 Thys,
3320 1978 107 17 cantatrice,
3440 1978 76 18 profess.
3530 1981 35 12 aux
3577 1975 89 19 ConservT
3675 1978 22 15 de
3709 1978 37 15 Bru-

3253 1997 55 16 xelles
3324 1999 20 14 ct
3362 1997 22 16 dc
3402 1998 59 17 Mons;
3480 1997 42 15 Mlle
3541 1997 70 15 Nadine
3628 1997 127 18 Cauf-cnberg.

3254 2017 107 16 cantatrice,
3375 2016 29 16 ler
3416 2017 41 18 prix
3469 2016 118 16 d'excellence
3600 2016 24 16 du
3637 2016 84 16 Conscrv.
3734 2016 23 15 de

3253 2036 53 15 Mons
3327 2038 4 12 :
3351 2035 75 15 Prélude
3444 2035 22 15 do
3483 2035 75 15 Tristan
3576 2036 18 15 et
3613 2035 62 16 Yseult
3698 2035 58 15 «Rich.

3254 2054 93 18 Wagner';
3361 2054 105 15 Variations
3478 2054 132 18 symphonique
3623 2054 62 19 -piano
3697 2055 18 16 et
3727 2057 21 12 or-

3254 2073 79 16 chestre*
3347 2073 62 16 soliste
3423 2076 4 12 :
3438 2073 43 16 Mlle
3491 2073 39 15 Van
3541 2073 54 15 Neste
3609 2073 46 16 iCés.
3666 2073 90 17 Franck);

3254 2092 27 16 Ah
3296 2092 73 16 Pcrfldo
3386 2092 26 15 iL.
3427 2095 36 12 van
3478 2092 120 17 Beethoven);
3614 2092 86 15 Chanson
3715 2095 32 12 rou-

3254 2111 61 15 maine
3330 2111 74 18 Uoscph
3417 2111 87 18 Jongen).
3517 2112 15 14 A
3545 2111 102 15 l'entr'acte
3662 2114 4 12 :
3680 2111 78 15 bulletin

3254 2132 18 14 et
3286 2130 99 16 Intermède
3397 2130 22 15 de
3431 2130 78 19 disques.
3522 2130 91 15 Romance
3626 2133 22 12 en
3661 2130 20 15 fa
3697 2131 61 16 (Bcet-

3255 2151 74 15 noven).
3347 2156 22 5 —
3387 2148 56 19 Après
3463 2152 5 12 :
3488 2150 68 18 reprise
3573 2149 24 15 du
3615 2150 74 15 concert
3709 2152 6 12 :
3733 2149 25 16 La

3254 2168 59 17 Songe
3329 2168 54 16 d'une
3400 2168 42 15 Nuit
3459 2168 56 17 d'Eté,
3533 2171 45 16 pour
3595 2168 38 16 soil.
3651 2168 72 15 chœurs
3739 2168 20 15 et

3254 2187 93 17 orchestre
3373 2187 142 15 (Mcndelssohni
3521 2190 4 14 ;
3549 2187 106 17 Ouverture,
3678 2187 79 17 scherzo,

3254 2206 83 15 chanson
3351 2207 19 14 et
3386 2206 72 15 chœurs
3474 2206 31 15 des
3521 2206 38 15 fées
3574 2208 94 14 nocturne,
3685 2206 74 16 marche

3255 2225 87 19 nuptiale,
3357 2225 57 15 finale
3427 2227 18 14 et
3459 2225 70 15 chœur:
3546 2225 29 15 Ire
3589 2225 28 15 fée
3634 2228 5 12 :
3653 2225 43 16 Mlle
3710 2226 38 15 Cau-

3255 2243 89 19 wenberg;
3357 2244 20 15 2e
3390 2244 28 16 fée
3432 2247 4 12 :
3449 2244 43 15 Mlle
3502 2244 56 17 Thys;
3572 2244 17 15 5)
3603 2244 93 16 Fantaisie
3707 2247 52 13 «oour

3255 2263 60 17 piano,
3327 2263 64 15 chœur
3402 2263 56 15 mixte
3470 2265 18 13 et
3500 2263 100 16 orchestre)
3619 2264 25 14 -L.
3657 2267 36 12 van
3706 2264 44 15 Beet-

3256 2282 65 15 hoven!
3338 2282 62 16 soliste
3416 2285 4 12 :
3434 2282 43 16 Mlle
3490 2283 39 15 Van
3543 2283 58 15 Neste.
3619 2283 15 17 *
3653 2283 20 15 18
3686 2283 18 15 h.
3718 2282 20 17 Il
3752 2286 7 12 :

3255 2301 89 18 Quelques
3358 2301 72 18 disques
3444 2301 22 15 de
3480 2301 87 18 Kelelbey
3581 2303 18 13 et
3615 2302 31 15 des
3660 2301 98 16 Revcllers:

3255 2320 140 18 Cockney-suitc
3414 2320 111 18 iKctelbeyi;
3542 2321 95 18 Kentuclty
3653 2320 45 16 babe
3717 2321 43 16 iRe-

3256 2339 70 16 vellcrsi
3340 2339 81 17 Gclbclj;
3432 2339 66 18 Jungle
3509 2339 63 16 drums
3586 2339 111 19 iKctclbeyi;
3709 2340 50 19 Sing,

3256 2361 44 13 vour
3315 2358 73 16 slnners
3407 2361 4 11 i
3415 2358 97 16 Revcllers»
3535 2358 183 19 iCoslow-Harding).
3740 2361 15 13 :"-■

3256 2377 19 15 lu
3294 2377 17 15 h.
3331 2378 20 14 1.1
3371 2381 5 12 :
3394 2377 89 16 Histoires
3501 2381 46 14 pour
3565 2377 81 18 enfants,
3665 2378 95 16 racontées

3256 2399 33 15 par
3302 2396 24 16 M.
3339 2396 54 16 Carlo
3405 2397 73 17 Spedcr.
3496 2398 16 16 *
3530 2397 19 14 19
3562 2397 17 15 b.
3594 2401 5 11 :
3612 2397 76 18 Disques
3703 2400 4 12 :
3721 2398 39 15 Me-

3255 2415 67 18 phtsto,
3338 2415 55 17 valse,
3410 2416 34 15 dir.
3448 2419 4 12 :
3469 2416 34 15 Def
3505 2419 35 12 aux
3559 2419 4 10 <
3567 2416 46 15 Liszt
3618 2421 3 7 «
3627 2420 5 14 ;
3650 2417 60 18 Agr.us
3727 2416 33 16 Del

3259 2434 73 15 ■Bizeti.
3354 2436 15 13 :*-.
3391 2435 19 14 19
3427 2435 18 15 h.
3463 2434 20 16 IS
3501 2439 5 11 :
3524 2435 58 16 Culte.
3604 2436 15 17 *
3642 2436 20 14 19
3678 2436 19 15 h.
3714 2436 21 14 30
3753 2439 6 12 :

3256 2453 84 16 Bulletin,
3358 2455 14 16 -fc
3388 2454 21 14 2U
3421 2454 17 15 h.
3454 2458 4 11 :
3472 2454 97 16 Orchestre
3582 2455 131 18 symphonique
3725 2455 34 15 dir.

3254 2472 17 16 .1.
3292 2472 70 17 Kumps
3408 2473 101 17 Ouverture
3528 2473 24 16 du
3572 2474 33 15 Roi
3625 2474 44 15 d'Ys
3691 2474 67 15 iLalot:

3256 2491 62 16 Poème
3332 2492 22 15 dc
3369 2491 76 16 l'amour
3458 2494 19 13 et
3490 2492 23 16 de
3526 2492 18 15 la
3558 2496 38 12 mer
3614 2493 26 15 tE.
3655 2493 103 16 Chausson)

3255 2510 57 15 .-han;
3330 2513 18 12 et
3365 2511 98 17 orchestre,
3482 2511 62 15 soliste
3563 2515 4 11 :
3586 2512 48 15 Mme
3652 2512 65 15 Ervan.
3740 2513 16 16 *

3255 2530 21 14 *:«
3294 2530 19 15 h.
3333 2530 20 15 L"*-
3375 2533 4 11 :
3400 2530 97 18 Rompons,
3518 2530 85 17 comédie,
3624 2534 23 12 en
3667 2534 26 12 un
3713 2531 46 17 acte,

3256 2548 21 15 de
3293 2549 94 17 Antigcon,
3405 2548 110 18 interprétée
3530 2553 34 15 par
3579 2549 43 16 Mlle
3639 2550 55 15 Etelle
3711 2550 49 15 Korb

3256 2570 18 13 ct
3289 2568 25 15 M.
3329 2567 63 16 Gohir.
3412 2569 15 16 :^
3446 2568 20 15 21
3481 2568 19 16 h.
3517 2572 6 11 :
3538 2569 78 15 Concert
3633 2572 5 12 :
3654 2569 24 15 Le
3693 2569 66 18 Cygne.

3516 2588 46 16 cello
3577 2588 20 16 et
3615 2588 93 16 orchestre
3726 2588 38 16 <St-

3516 2608 75 16 Sai-ns-:
3625 2607 53 16 VaUe
3711 2608 53 15 triste

3529 2627 92 16 (Slbellus)
3626 2631 4 11 :
3666 2627 88 15 Concerto

3518 2649 45 15 pour
3574 2647 55 17 piano
3641 2647 18 15 et
3672 2646 92 16 orchestre

3520 2665 69 19 iCrasi.
3603 2666 29 15 Ire
3645 2666 84 15 audition
3740 2669 24 14 en

3518 2685 90 18 Belgique,
3622 2685 61 15 soliste
3699 2690 4 12 :
3717 2686 48 15 Mme

3519 2705 115 16 Tambuyser.
3650 2706 15 16 *
3680 2705 19 16 21
3711 2705 18 15 h.
3736 2705 28 15 30*

3519 2724 77 16 Concert
3608 2728 5 11 :
3625 2724 50 15 Suite
3685 2724 22 15 dc
3718 2724 37 15 dan-

3518 2746 36 13 ses,
3575 2747 22 12 en
3617 2746 11 14 4
3648 2743 69 18 parties
3738 2743 27 16 iP.

3527 2763 111 17 Brumagne)
3643 2768 6 13 ;
3666 2762 91 16 Sérénade

3519 2785 46 16 pour
3587 2782 103 16 trompette,
3713 2782 43 18 quin-

3521 2803 46 14 tette
3580 2801 11 14 ft
3604 2801 63 15 cordes
3680 2803 19 15 et
3712 2802 54 15 olano

3522 2821 28 15 (A,
3567 2819 123 19 Durer**-********),
3708 2823 34 16 par
3760 2824 5 12 :

3520 2838 42 17 Mlle
3573 2840 72 15 Simone
3656 2840 59 17 Culot,
3726 2840 31 18 pia-

3521 2862 29 15 no,
3568 2859 43 15 MM.
3629 2859 81 15 Maurice
3728 2859 38 15 Du-

3519 2878 61 16 raénil.
3601 2880 104 17 trompette;
3726 2879 31 15 Vic-

3520 2899 29 14 tor
3563 2898 99 19 Derudder.
3682 2898 28 15 1er
3728 2898 29 15 vio-

3519 2916 38 17 lon;
3588 2917 44 17 Aug.
3664 2916 102 17 Andelholf.

3518 2939 17 11 s:
3538 2936 46 16 cond
3599 2936 68 18 violon;
3682 2936 84 16 Edouard

3520 2955 43 16 Plel.
3587 2955 45 16 alto:
3656 2955 51 16 ."mies
3730 2956 35 15 Lu-

3519 2976 64 16 tastor,
3605 2975 111 17 violoncelle:
3736 2975 29 15 Pr.

3519 2994 102 18 Falgnaert.
3645 2994 121 16 contrebasse.

3517 3021 22 5 —
3553 3014 87 17 Bulletin.
3654 3014 74 17 Reprise
3741 3014 25 15 du

3519 3036 73 13 concert
3608 3037 5 12 :
3627 3034 32 14 Air
3671 3032 47 17 dans
3731 3033 35 15 Hé-

3519 3053 75 15 rodlade
3625 3056 4 12 i
3633 3053 100 16 Massenet)
3759 3055 6 13 :

3519 3073 24 15 M.
3560 3073 53 15 Louis
3630 3072 88 18 Richard;
3734 3071 32 16 I***»-

3288 3088 68 15 LOLIS
3368 3087 103 15 RICHARD
3513 3092 104 15 traduction
3637 3095 24 11 au
3680 3093 20 14 4e
3719 3092 41 15 acte

3266 3113 66 17 ll.N.R.
3346 3113 64 18 Franc.
3424 3115 19 15 21
3454 3113 18 15 h.
3480 3111 28 16 30»
3516 3112 24 14 du
3553 3112 46 14 Tsar
3614 3111 65 15 Saltan
3696 3110 67 17 iRims-

3518 3132 23 17 ky
3551 3131 110 15 Korsakov-.
3678 3131 15 13 s*:
3710 3130 21 15 Ï3
3738 3129 26 15 h.*

3259 3151 60 16 Danse
3334 3159 21 4 —
3367 3151 72 16 discues
3455 3154 5 12 :
3472 3150 118 17 Manhattan,
3606 3149 30 16 fox
3654 3148 110 17 |A:ioucnei*

3258 3170 23 16 Lc
3297 3170 92 19 capitaine
3405 3169 100 17 Craddock.
3522 3171 31 16 pot
3566 3172 18 15 p.
3603 3169 120 17 -Hcymanni:
3740 3168 25 14 La

3258 3190 118 18 cumparstta.
3392 3192 56 14 tango
3463 3188 125 17 iRodriguczi;
3601 3188 42 17 Bye.
3657 3188 38 17 bye,
3709 3187 55 16 blues,

3258 3209 31 15 fox
3307 3209 73 15 iHamm
3390 3208 78 15 Bennett
3473 3210 13 13 i:
3504 3208 88 14 Hawaian
3607 3207 96 15 sandman.
3717 3206 47 15 vais.-

3261 3228 28 15 iO.
3301 3227 76 18 Flynm;
3389 3227 81 15 Farolito
3482 3227 21 15 de
3516 3227 24 15 m!
3553 3226 70 17 Barrlo.
3634 3227 56 16 tango
3705 3225 58 16 «XX);

3258 3247 64 15 Howcs
3339 3249 46 16 your
3404 3246 58 17 uncle,
3482 3246 31 15 Io=
3532 3245 71 17 .Fiîldsi
3609 3250 4 14 ;
3633 3246 14 14 I'
3666 3245 12 16 Il
3698 3245 67 17 olways

3258 3265 22 16 be
3299 3265 22 17 I).
3345 3265 49 16 valse
3419 3265 77 18 -Stepti:
3522 3265 82 16 Reviens,
3628 3265 56 15 tanzo
3706 3264 59 14 'Lom-

3258 3286 66 14 maert'
3330 3289 5 13 :
3357 3284 104 18 Boukhara.
3483 3285 31 15 fox
3538 3284 89 17 (Avignon
3629 3287 15 14 j;
3664 3283 46 14 Love
3731 3285 33 12 me.

3260 3303 48 16 valse
3326 3306 4 11 i
3334 3303 59 16 Morse
3396 3306 14 14 l:
3426 3304 48 18 Song
3488 3304 19 15 of
3521 3303 59 17 Indla,
3595 3304 31 15 fox
3644 3303 82 17 -Grofe<;
3741 3303 24 15 Ce

3259 3323 47 15 n'est
3320 3323 56 18 qu'un
3394 3322 73 18 mirage,
3486 3323 31 15 fox
3537 3322 85 18 iMj-crs»:
3641 3323 53 18 Rosa,
3710 3323 56 16 tango

3261 3341 127 16 'Lommacrti:
3408 3341 46 16 Love
3471 3341 66 18 bound,
3556 3341 31 16 fox
3609 3341 75 17 'Kerni-,
3703 3342 62 16 Doud-

3259 3360 65 16 loudou
3346 3360 64 16 iTabet
3430 3362 17 15 et
3466 3360 88 16 Delettre-
3560 3365 5 14 ;
3584 3361 60 18 River,
3662 3362 45 14 staw
3726 3363 38 15 way
3773 3375 4 3 .

3259 3380 47 15 from
3326 3383 30 15 my
3372 3379 49 18 door,
3442 3380 31 15 fox
3496 3383 4 3 *
3504 3379 64 16 Woods
3571 3382 14 13 i:
3606 3380 26 15 Ta
3652 3379 69 17 bouche
3737 3380 27 15 dit

3259 3404 8 8 ■
3284 3398 40 16 Non
3342 3403 8 11 ■
3367 3399 46 15 mals
3427 3399 28 15 tes
3470 3402 46 15 yeux
3530 3399 61 15 disent
3606 3405 8 9 •
3631 3400 35 15 Oui
3683 3405 8 9 ■
3709 3401 55 15 tango

3261 3417 84 16 iRoseni:
3368 3418 9 15 I
3384 3422 18 11 m
3419 3417 85 19 bringlnc
3525 3421 11 13 a
3557 3417 38 21 red,
3616 3419 32 16 red
3669 3422 46 15 rose,
3733 3419 31 15 fox

3260 3436 129 17 (Donaldsonl.

3303 3467 89 16 Emission
3408 3468 93 15 flamande
3517 3472 6 12 :
3539 3469 47 16 33S.2
3601 3473 30 14 m.,
3646 3470 21 15 20
3681 3471 34 14 kw.

3284 3499 15 17 -•J-.
3317 3499 19 15 10
3349 3499 17 15 b.
3381 3502 5 12 :
3399 3499 76 19 Disques
3490 3502 4 13 :
3507 3500 48 15 Four
3567 3503 53 14 wavs.
3633 3501 47 15 suite
3695 3504 5 12 :
3713 3505 40 12 mar-

3258 3517 38 17 che,
3313 3517 54 17 valse,
3382 3519 105 16 castwards.
3503 3520 103 15 westwards
3624 3520 90 17 iCoates);
3730 3521 33 18 I^es

3259 3536 67 17 cigales
3349 3537 112 16 iChabrlcr*;
3483 3538 79 16 Gavotte
3586 3542 4 11 i
3593 3539 98 17 Rameau);
3713 3539 40 19 Rap-

3259 3555 49 16 sodie
3319 3556 95 18 hongroise
3424 3560 18 12 n.
3455 3557 18 15 14
3487 3557 159 19 iLiszt-Dopplen.
3661 3557 100 19 *^Uk.*M:

3258 3574 83 16 Concert,
3359 3577 15 13 j*:
3393 3575 19 16 12
3426 3575 18 15 h.
3460 3579 5 12 :
3479 3576 83 15 Concert.
3581 3578 15 16 •£
3615 3577 20 15 i:t
3647 3577 18 16 h.
3681 3581 5 12 :
3701 3578 61 15 Bulle-

3259 3594 32 15 Un.
3312 3595 15 16 -fc
3347 3594 19 15 13
3380 3594 19 15 h.
3415 3595 19 14 Kl
3450 3598 5 11 :
3470 3595 98 16 Orchestre
3582 3596 90 16 direction
3685 3597 77 15 Charles

3259 3612 75 19 Walpot.
3350 3616 43 12 avec
3407 3614 25 15 M.
3447 3614 80 17 Rubcau.
3543 3614 52 16 ténor
3611 3618 5 12 :
3632 3616 129 15 Unle-marcha

3261 3631 62 15 'Karel
3342 3632 88 19 Walpot);
3450 3633 30 17 Vie
3499 3633 92 19 d'Artiste,
3610 3634 49 16 valse
3680 3638 5 11 t
3687 3635 74 16 Johann

3257 3650 92 17 Straussi:
3363 3651 53 15 Troi.-,
3427 3652 109 16 miniatures
3548 3653 99 16 orientales
3662 3657 5 11 (
3669 3653 74 16 Fischer
3746 3657 14 14 i;

3258 3669 111 18 Contrastes,
3388 3671 103 18 pot-pourri
3513 3672 115 16 iRobrechti:
3647 3673 61 15 Chant
3727 3676 34 15 par

3259 3688 23 15 M.
3300 3689 92 17 Rubcau';
3409 3690 21 15 2c
3445 3689 59 19 B.*f.et
3521 3690 85 19 égyptien
3625 3692 95 16 iLuiglni).
3741 3694 15 15 *

3260 3707 17 15 I"
3295 3708 19 15 h.
3335 3712 4 11 :
3359 3709 74 15 Danses.
3457 3711 15 15 ;;-
3496 3710 17 14 lï
3533 3710 18 15 fa.
3569 3711 21 13 so
3609 3714 5 11 :
3631 3711 86 16 Bulletin.
3740 3713 15 16 *

3260 3727 18 14 IK
3288 3727 18 15 fa.
3320 3731 5 11 :
3337 3728 75 18 Disques
3425 3731 4 12 :
3440 3728 90 16 Sr.ccllon
3542 3729 38 15 The
3590 3729 38 16 dew
3638 3730 51 15 Moos
3698 3730 62 16 iRom-

3257 3745 60 19 berg);
3333 3746 38 16 The
3386 3746 29 16 old
3432 3747 69 16 refrain
3519 3748 104 18 «Krcisler);
3640 3749 120 16 Waldteufeld

3258 3765 99 16 memorics.
3376 3766 46 15 fant.
3444 3766 111 19 iKetclbeyt;
3572 3767 103 18 Sanctuary
3692 3768 19 16 ol
3729 3769 32 15 the

3259 3785 52 14 tieart
3332 3784 109 19 -Kelelbey'.
3464 3787 15 16 *
3501 3786 20 14 I»
3538 3786 18 16 h.
3575 3787 20 14 30
3614 3790 6 12 :
3637 3787 83 18 Quatuor
3737 3790 23 13 en

3258 3803 24 15 mi
3303 3803 57 15 bi-no!
3385 3807 4 10 i
3393 3804 68 15 Mozart
3466 3808 3 9 -
3475 3808 4 12 :
3501 3805 83 17 Quatuor
3607 3806 107 16 (Harsanr).
3740 3808 16 14 -*c

3259 3822 18 13 l.*
3294 3822 18 15 fa.
3330 3823 19 14 15
3366 3826 5 11 :
3387 3822 58 16 Culte.
3466 3825 16 13 :*;
3503 3824 20 15 19
3538 3824 18 15 h.
3573 3825 21 14 30
3610 3828 6 11 :
3632 3825 86 16 Bulletin.
3740 3827 15 16 *

3256 3840 21 15 to
3296 3841 18 15 b.
3336 3845 5 11 :
3361 3842 99 15 Orchestre
3479 3843 89 15 direction
3587 3843 76 16 Charles
3682 3844 76 17 WalnoL

3257 3862 43 13 avec
3314 3860 20 15 A.
3348 3860 69 19 Rcmes.
3433 3861 105 18 humt*,ri-;te.
3553 3863 18 14 et
3586 3862 17 15 le
3616 3864 78 17 quatuor
3708 3863 51 16 vocal

3256 3879 24 14 du
3301 3879 160 18 radio-orchestre.
3502 3881 43 15 MM.
3566 3881 94 17 Lombard.
3681 3883 77 17 Durant,

3256 3897 49 15 Gras
3322 3900 20 13 et
3361 3898 75 16 Clokers
3456 3902 5 12 :
3482 3900 74 15 Marche
3576 3901 31 14 des
3627 3901 133 16 Marionnettes

3260 3916 25 16 ■K.
3299 3916 136 18 Hullebroerki;
3451 3918 20 15 3e
3485 3920 103 17 pot-pourri
3602 3919 23 16 de
3639 3920 59 16 valses
3715 3921 44 16 iRn-

3256 3934 81 19 brecht":
3360 3936 101 21 Ouverture
3483 3938 22 15 de
3527 3938 121 18 Pique-Dame
3673 3940 84 18 iSuppéi;

3257 3954 84 16 Audition
3354 3958 34 15 par
3401 3956 20 15 A.
3435 3956 71 17 Reme;;
3520 3957 70 19 Poupée
3603 3959 19 14 et
3635 3959 67 17 pantin
3718 3960 41 14 tAr-

3257 3973 91 17 mandola)
3354 3978 4 13 ;
3380 3974 111 16 Intermezzo
3511 3979 34 15 par
3565 3976 17 15 le
3602 3979 80 16 quatuor
3701 3978 58 16 vocal.

3260 3994 14 12 .'-
3292 3993 20 14 2n
3326 3993 17 15 h.
3358 3994 20 14 L".
3392 3997 5 12 :
3412 3994 103 16 Récitation
3528 3998 34 15 par
3575 3996 48 15 Mme
3636 3996 19 15 L.
3669 3997 40 16 Van
3723 3997 36 16 den

3257 4011 71 18 Durpel.
3348 4013 15 17 #
3382 4013 20 15 21
3417 4013 19 15 h.
3452 4017 6 11 :
3472 4014 78 15 Concert
3567 4017 5 12 :
3588 4015 114 18 Dividendes,
3717 4018 42 16 pot-

3255 4031 61 15 Dourrl
3334 4031 99 16 (Morenai:
3449 4032 53 16 F.-.nL
3517 4036 32 12 sur
3562 4033 24 16 Le
3599 4034 90 16 Trouvère
3707 4036 42 15 (Ver-

3255 4049 36 17 dit;
3307 4050 86 16 Audition
3408 4054 33 15 par
3455 4052 19 15 M
3493 4051 73 18 Renies;
3582 4053 57 15 Merle
3652 4055 19 14 et
3686 4054 71 19 pinson,

3255 4071 45 13 pour
3315 4069 10 15 2
3340 4071 108 14 tromocttes
3465 4071 111 18 (Reynaud).
3591 4072 45 15 MM.
3651 4073 73 16 Durant
3739 4076 19 14 et

3255 4087 108 18 Laboureur;
3384 4089 110 16 In'ermezzo
3513 4093 35 15 par
3565 4090 17 16 le
3600 4092 79 17 quatuor
3697 4092 59 17 vocal;

3257 4105 27 17 On
3303 4107 78 15 cocktail
3403 4108 47 15 dans
3471 4112 25 12 un
3516 4109 34 16 bar
3570 4110 110 18 mystérieux
3704 4112 54 15 (Kat-

3254 4125 68 17 r.eher».
3339 4126 16 15 _k
3372 4127 21 14 22
3405 4127 19 16 b.
3440 4130 4 12 :
3458 4127 86 17 Bulletin.
3562 4130 15 16 *
3593 4128 22 17 SS
3628 4130 19 15 fa.
3661 4131 20 14 IO
3696 4134 5 11 :
3716 4131 32 15 Dis-

3254 4147 43 13 ques
3310 4147 5 12 :
3328 4144 90 17 Sélection
3430 4146 22 15 de
3464 4147 75 18 Mignon
3554 4151 4 10 i
3561 4148 79 16 Thomas
3643 4151 14 15 i;
3670 4149 23 16 Le
3705 4150 42 18 prin-

3255 4165 57 15 temps
3322 4163 42 18 près
3373 4165 24 14 du
3408 4165 69 16 moulin
3490 4166 102 19 -Zlmmeri;
3603 4167 52 16 Suite
3665 4168 23 15 de
3697 4168 60 16 valses

3255 4182 23 15 *'u
3290 4182 63 16 Comte
3364 4183 22 15 dc
3398 4184 123 19 Luxembourg
3536 4186 73 18 (Lehar;
3612 4198 5 4 .
3634 4188 16 16 *
3666 4188 21 15 22
3699 4187 18 16 h.
3729 4187 29 16 3»:

3255 4201 97 16 Orchestre
3366 4203 43 15 Max
3423 4203 71 19 Ale-ys.

3348 4233 117 16 BUDAPEST
3483 4236 39 14 (350
3539 4239 29 13 m..
3584 4237 21 15 20
3621 4238 43 14 kw.»

3278 4265 15 16 *
3310 4264 20 15 18
3343 4264 18 16 b.
3373 4265 21 15 -IS
3407 4269 6 12 :
3425 4266 103 17 Orchestre,
3541 4267 33 15 dir.
3588 4268 21 15 N.
3619 4268 49 16 Szolt
3682 4272 6 12 :
3702 4269 46 16 Véro-

3252 4283 60 18 nique,
3326 4283 31 16 sél.
3373 4285 116 19 -Messajeri:
3502 4286 80 19 Destlny.
3595 4287 50 16 valse
3660 4288 96 18 iBaynesi;

3254 4303 26 15 lr.
3299 4303 48 16 suite
3366 4304 86 16 Italienne
3473 4305 80 17 -Beccei;
3583 4306 58 17 Natla.
3670 4308 47 15 suite
3734 4301 23 24 dé

3252 4322 55 15 ballet
3327 4323 96 17 (Del.be-.i;
3438 4323 66 17 Scènes
3521 4325 23 15 de
3561 4325 56 16 ballet
3637 4327 118 17 (Rousseau)*

3252 4342 37 15 Chx
3304 4345 46 13 ncus
3365 4343 11 15 A
3392 4343 51 15 Buda
3461 4344 142 18 "Eclurarzlcoa.'i
3609 4349 4 11 :
3631 4346 70 16 Danses
3716 4350 41 13 rus-

3253 4364 27 11 ...•.s
3298 4362 129 18 (Hcldclbergt.
3449 4363 18 16 -*e
3490 4364 19 14 19
3527 4364 18 15 fa.
3563 4365 21 14 30
3604 4368 5 11 :
3628 4365 85 16 Bulletin,
3736 4367 17 18 -fc

3253 4380 21 14 ■M
3290 4380 18 16 h.
3327 4381 18 15 1.1
3363 4385 5 11 :
3386 4382 66 15 Radio-
3454 4382 77 16 théâtre.
3552 4384 15 17 *
3588 4384 20 15 22
3625 4384 18 15 h.
3660 4385 20 15 15
3697 4388 6 12 :
3720 4386 26 15 Or-

3253 4399 69 16 chestre
3338 4400 77 18 tzigane.

3337 4432 121 16 DAVENTRV
3472 4433 54 15 (1331.
3530 4433 7 16 1
3550 4438 2 11 ;

3592 4435 20 15 35
3624 4435 42 16 kw.)

2776 4761 29 15 On
2819 4764 83 12 annonce
2915 4760 16 15 lc
2945 4760 52 16 décès
3011 4760 22 15 de

2776 4785 92 15 Monsieur
2885 4786 67 17 Joseph
2972 4786 44 14 VAN
3036 4786 45 14 DER
3100 4786 74 14 VUKEN

2793 4810 105 18 Inspecteur
2915 4810 22 15 de
2954 4809 88 16 direction
3060 4810 97 15 honoralrr

2788 4830 31 14 des
2832 4829 85 15 Chemins
2930 4829 22 15 dc
2965 4829 29 15 fer
3007 4829 22 14 de
3041 4829 57 14 l'Etal
3111 4828 50 19 belge

2754 4857 78 12 survenu
2849 4853 11 15 ft
2877 4852 118 20 Schaerbeek,
3013 4853 17 15 le
3047 4853 20 15 25
3084 4853 46 15 avril
3149 4853 44 17 1933,

2754 4875 47 13 dans
2816 4876 21 11 sa
2853 4873 30 14 £0e
2901 4875 36 13 ann
2950 4875 14 13 B.

2775 4892 32 15 Les
2819 4891 105 16 funérailles
2936 4891 66 16 civiles,
3014 4891 67 15 suivies
3092 4891 22 15 de
3126 4890 57 16 l'Inhu-

2754 4911 75 17 mation,
2844 4914 23 11 au
2883 4910 92 17 cimetière
2990 4910 22 15 de
3026 4909 118 19 Schaerbeek.
3160 4911 32 14 ont

2754 4933 21 11 eu
2791 4929 35 15 lien
2842 4929 47 15 dan**»
2904 4929 17 15 la
2937 4929 41 18 plus
2993 4929 63 15 stricte
3071 4928 84 16 Intimité.

2775 4948 24 17 12,
2814 4948 51 18 place
2879 4948 66 15 Lehon.
3161 4947 28 15 (Al

2774 4990 28 13 Un
2819 4991 82 12 annonce
2918 4987 18 15 la
2952 4989 47 14 mort
3015 4988 23 14 de

2780 5013 92 15 Monsieur
2889 5012 142 15 Antolnc-Hrnrl
3050 5012 24 15 DI
3082 5012 81 15 JARDIN

2799 5038 61 15 Epoux
2878 5038 21 14 de
2918 5037 52 15 dame
2988 5036 59 16 Aimée
3065 5037 77 15 Risselln

2920 5056 102 15 ArchMect»

2770 5075 66 15 -Inclen
2856 5074 74 16 échevln
2950 5075 30 14 dei
3000 5075 83 15 Travaux
3103 5075 69 18 public-,

2852 5094 22 16 de
2894 5094 18 15 U
2931 5094 41 15 ville
2992 5094 97 14 d'Ostende

2752 5120 23 14 n*
2785 5120 10 14 ft
2806 5119 52 18 Liège
2869 5120 18 14 et
2898 5118 64 16 décédé
2973 5118 11 15 à
2995 5118 84 19 Ostende,
3091 5118 16 16 le
3118 5119 20 15 26
3145 5120 45 15 avril

2752 5138 45 17 1933.
2817 5138 52 18 après
2889 5141 35 12 une
2944 5137 64 17 longue
3028 5138 83 15 maladie.

2771 5157 33 15 Les
2822 5157 106 15 funérailles
2946 5156 62 16 civiles
3026 5158 33 14 ont
3077 5160 22 12 cu
3119 5157 36 16 Heu
3174 5158 17 15 le

2750 5176 68 15 samedi
2830 5176 20 15 29
2863 5175 52 16 avril.

2769 5194 84 18 Ostende.
2869 5195 34 18 119,
2918 5195 23 16 bd
2955 5196 39 15 Van
3008 5195 87 19 Iseghem.
3157 5196 29 17 (A)

3286 4464 7 13 'c
3313 4463 11 14 0
3339 4463 19 15 b.
3374 4463 20 15 :-0
3411 4467 6 12 :
3434 4464 106 16 Orchestres
3556 4465 95 16 militaires
3668 4468 6 13 :
3690 4466 63 19 Largo.

3252 4481 73 18 Svmph.
3341 4485 18 12 n.
3373 4482 10 15 5
3396 4486 23 12 cn
3433 4484 24 14 ml
3470 4484 71 15 mineur
3557 4484 31 15 Idu
3602 4484 85 16 Nouveau
3701 4486 52 15 Mon-

3252 4500 38 16 dei.
3306 4501 96 17 iDvodki;
3416 4501 70 19 Allegro
3497 4506 34 11 con
3544 4503 66 17 grazla.
3623 4504 70 18 symph.
3705 4508 18 12 n.
3735 4505 16 14 6:

3253 4519 107 19 Pathétique
3401 4521 149 17 iTchalkowskii;
3590 4522 23 16 Le
3651 4523 102 19 Printemps

3256 4538 79 18 rO.-lcgi;
3347 4539 72 16 Service
3431 4540 90 18 religieux.
3539 4551 14 7 ...
3571 4541 19 15 12
3602 4542 18 15 h.
3631 4542 21 14 30
3665 4546 5 11 :
3683 4542 69 15 Reliai

3252 4557 22 15 de
3291 4557 103 16 violoncelle
3410 4561 34 16 par
3458 4560 21 14 A.
3494 4559 41 16 Plnl
3553 4563 5 12 :
3574 4560 79 15 Toccata
3672 4561 80 15 iFresco-

3251 4575 67 18 baldl);
3331 4576 62 16 Vieille
3404 4577 82 16 chanson
3497 4578 82 16 d'amour
3591 4579 87 15 Italienne
3693 4580 59 15 iSam-

3252 4595 92 17 martlnli;
3366 4596 83 15 Rondino
3472 4597 117 16 (Beethoven)
3595 4601 5 13 ;
3621 4597 80 17 Léttende
3724 4599 27 15 (C.

3252 4614 109 18 R.iybou'rii:
3378 4615 91 15 Sérénade
3488 4616 94 17 iHassani.
3602 4617 85 16 iDellusi:
3704 4617 47 16 Alle-

3251 4635 31 14 uro
3296 4633 89 18 Splrltoso
3403 4634 101 17 -Senalllei.
3523 4636 16 13 >*-
3558 4635 20 15 is
3591 4635 18 16 h.
3627 4639 5 12 :
3647 4636 102 18 Orchestre,

3297 4652 19 16 F.
3329 4652 79 17 CantcII;
3421 4652 22 16 G.
3456 4653 55 15 Joncs
3526 4654 105 17 icontralto)
3649 4657 5 12 :
3667 4655 45 15 Ouv.
3725 4655 25 16 La

3251 4670 92 16 Princesse
3357 4671 60 15 Jaune
3436 4671 133 16 iSalnt-Saènsi
3575 4677 4 14 ;
3596 4673 24 15 Lc
3636 4673 68 16 Moulin
3720 4674 30 17 gai

3260 4689 55 15 Glllet
3318 4692 15 14 i;
3349 4690 21 15 Je
3386 4693 44 12 vous
3447 4691 76 15 entends
3542 4691 112 17 (Morshallj:
3672 4691 68 17 Séréna-

3249 4707 22 15 de
3288 4708 101 17 iGounod);
3404 4709 113 16 Subitement
3531 4709 16 15 le
3561 4712 42 13 vent
3617 4711 72 15 devient
3702 4711 48 15 doux

3251 4727 27 15 iA.
3293 4727 63 16 Burrt:
3371 4727 24 15 Ce
3409 4728 65 17 Joyeux
3488 4728 68 18 P-iques
3573 4731 44 13 (orr.
3631 4729 118 16 Somerwellt.

3253 4747 15 16 *
3287 4745 19 16 lt
3318 4745 19 16 b.
3352 4749 5 12 :
3371 4745 81 19 Disques.
3470 4748 15 16 :;.
3504 4747 19 15 13
3535 4747 19 15 b.
3568 4751 6 11 :
3586 4747 95 18 Quintette
3694 4749 22 15 de
3730 4749 18 15 T..

3249 4763 121 20 Brldgewaler
3385 4768 4 11 :
3405 4764 93 17 Pastoral*
3509 4768 11 13 e
3533 4766 99 16 Caprlcclo:
3648 4767 31 15 Air
3691 4770 47 15 popu-

3248 4783 45 15 laire
3311 4785 18 13 et
3347 4784 60 15 Dan-;e
3425 4784 23 15 do
3466 4784 59 16 violon
3546 4785 26 15 (P.
3590 4785 90 17 Fleehter)
3685 4789 5 14 ;
3709 4787 39 14 Aux

3248 4801 41 15 B.-.I.S
3304 4802 22 15 de
3340 4802 105 16 Staîfhurst
3463 4803 110 17 (Sieevensi;
3590 4803 25 15 La
3631 4804 44 15 Fille
3691 4804 22 16 de
3730 4805 17 15 la

3247 4820 53 16 Forêt
3316 4821 76 17 iKelIy);
3407 4821 25 15 La
3445 4821 115 18 Capricieuse
3576 4822 78 18 (Etgar);
3669 4823 40 15 Alr.s
3723 4823 23 15 du

3247 4838 104 17 Professeur
3365 4840 22 15 de
3402 4839 60 17 Danse
3481 4841 44 15 (arr.
3541 4840 129 17 Brlduewateri
3674 4844 5 14 :
3696 4842 50 15 Dan-

3328 4858 56 18 tlQUCJ
3408 4859 102 15 ica.lc-tlon
3531 4859 22 15 de
3573 4860 48 15 John
3643 4860 102 18 Playford*:

3317 4876 20 17 ils
3350 4880 15 12 d
3379 4878 93 17 Cnprir._\o
3486 4877 112 17 iScarlattli:
3610 4879 60 15 Danse
3682 4882 64 12 norv--.

3245 4896 65 17 glrnne
3327 4896 79 17 (Grieg-;
3422 4896 91 15 Romança
3529 4899 4 13 :
3548 4897 28 15 Un
3591 4898 60 16 lardin
3666 4898 70 15 d'autre-

3245 4914 36 15 fois
3300 4913 92 17 (tableaux
3410 4915 105 19 ruatlques),
3535 4916 26 15 (P.
3578 4916 90 16 Fletciiert
3673 4922 5 13 ;
3696 4917 49 15 Dan-

3244 4936 29 12 .*es
3285 4933 21 15 de
3319 4932 38 16 Noll
3369 4934 55 17 Guyn
3439 4934 26 15 (E.
3477 4934 98 16 G»rm-in);
3589 4935 32 15 Les
3633 4936 113 16 Coquelicots

3247 4952 83 15 (Anselh.
3353 4953 15 17 -J*
3391 4952 19 15 13
3427 4952 18 16 b.
3462 4953 21 14 5*.
3501 4956 5 12 :
3525 4953 59 16 Heure
3601 4954 101 16 enfantine.
3726 4957 14 13 :'.

3246 4971 19 14 10
3278 4971 18 15 h.
3312 4971 18 15 I".
3346 4975 5 10 :
3365 4971 20 16 B.
3401 4972 20 14 B.
3435 4972 19 14 C.
3469 4971 97 16 Orchestre
3581 4972 22 16 de
3618 4973 77 17 théfttrr.
3711 4974 33 15 dlr.

3245 4989 16 17 3.
3277 4990 98 16 Robinson:
3392 4990 21 17 N.
3429 4990 65 15 Oruhn
3513 4993 93 15 (soprano)
3627 4995 5 12 :
3649 4993 38 15 Une
3703 4993 42 16 Nuit

3245 5012 9 11 ;i
3265 5009 69 15 Venise,
3346 5012 39 13 ouv.
3400 5009 23 15 ij.
3434 5009 92 17 Strauss»:
3538 5009 112 18 T«>e-ft-ti»te
3664 5012 80 17 (Prlml):

3244 5027 56 15 Oif-ue
3329 5028 113 15 iWormseri:
3471 5028 113 17 Hirondelles
3610 5030 32 16 des
3669 5031 77 16 Vlllauc-,

3243 5046 104 16 d'Autriche
3366 5047 58 16 iJosef
3438 5047 92 19 Straussi;
3548 5049 32 15 Pot
3596 5050 63 18 pourri
3678 5050 59 16 (Wald-

3243 5065 71 17 teufeli,
3333 5069 36 12 orr.
3387 5066 72 19 KMngi:
3482 5068 15 13 -*:
3504 5067 18 16 17
3540 5067 17 16 h.
3575 5068 21 15 30
3614 5072 5 12 :
3637 5069 71 16 Récital
3724 5070 23 16 de

3243 5084 55 17 piano
3315 5087 34 15 par
3366 5085 19 15 E.
3404 5085 73 16 Fischer
3497 5089 4 12 :
3520 5086 74 18 Sonate,
3611 5090 29 14 od.
3659 5088 19 15 13
3698 5092 5 5 ■
3721 5089 26 16 La

3243 5103 107 19 Pathétique
3366 5104 126 17 (Beethoven».
3510 5107 14 13 :'-
3541 5107 21 14 20
3575 5106 18 16 h.
3606 5108 21 14 50
3642 5111 4 11 :
3661 5107 86 17 Bulletin.

3248 5123 12 17 *
3277 5123 20 17 21
3312 5123 18 15 h.
3345 5124 21 15 03
3382 5128 4 11 :
3402 5124 43 16 Tom
3462 5125 55 15 Jones
3531 5128 19 13 ci
3565 5126 49 16 orch.
3630 5126 22 16 D.
3668 5128 79 16 Bennett

3251 5146 86 14 soprano»
3357 5147 4 12 :
3377 5144 50 16 Suits
3445 5147 4 12 :
3466 5144 66 16 Scènes
3544 5145 77 18 Sylvans
3638 5146 108 18 iFletcher);

3240 5162 36 16 J'ai
3294 5163 80 16 entendu
3393 5166 35 13 une
3447 5164 56 19 petite
3522 5165 40 16 voix
3583 5165 31 16 (Le
3633 5166 75 16 Barbier
3726 5167 22 17 de

3241 5181 71 18 MTtatte)
3341 5183 97 17 iRor-sln!.;
3463 5183 53 17 Fant.
3569 5185 52 16 Boris
3643 5186 105 17 Godounow

3251 5202 134 19 Mussorgslty»;
3415 5202 80 20 Légende
3524 5203 135 18 (Wlenlavskli:
3688 5206 61 17 Danse

3241 5221 95 19 espagnole
3354 5222 112 19 -Sarasate);
3484 5223 97 17 Sicilienne
3608 5225 19 16 et
3652 5225 97 19 Rigaudon

3397 5253 51 19 (Voix
3459 5253 48 17 suite
3521 5257 46 17 page
3580 5255 19 18 -f)
